{"id": "battle-gen9randombattle-1439", "formatid": "gen9randombattle", "format": "[Gen 9] Random Battle", "players": ["p0x14396746", "p0y143910ff"], "log": "|init|battle\n|title|p0x14396746 vs. p0y143910ff\n|j|\u2606p0x14396746\n|j|\u2606p0y143910ff\n|t:|1783555839\n|gametype|singles\n|player|p1|p0x14396746|266|\n|player|p2|p0y143910ff|169|\n|gen|9\n|tier|[Gen 9] Random Battle\n|rule|Species Clause: Limit one of each Pok\u00e9mon\n|rule|HP Percentage Mod: HP is shown in percentages\n|rule|Sleep Clause Mod: Limit one foe put to sleep\n|rule|Illusion Level Mod: Illusion disguises the Pok\u00e9mon's true level\n|\n|t:|1783555839\n|teamsize|p1|6\n|teamsize|p2|6\n|start\n|switch|p1a: Slither Wing|Slither Wing, L81|100/100\n|switch|p2a: Hatterene|Hatterene, L85, F|236/236\n|turn|1\n|inactive|Battle timer is ON: inactive players will automatically lose when time's up. (requested by p0x14396746)\n|inactive|Time left: 300 sec this turn | 300 sec total | 60 sec grace\n|\n|t:|1783555841\n|move|p1a: Slither Wing|U-turn|p2a: Hatterene\n|-damage|p2a: Hatterene|135/236\n|-damage|p1a: Slither Wing|90/100|[from] item: Life Orb\n|inactive|p0y143910ff also wants the timer to be on.\n|\n|t:|1783555842\n|-end|p1a: Slither Wing|Protosynthesis|[silent]\n|switch|p1a: Ogerpon|Ogerpon-Hearthflame, L74, F|100/100|[from] U-turn\n|-ability|p1a: Ogerpon|Mold Breaker\n|move|p2a: Hatterene|Mystical Fire|p1a: Ogerpon\n|-damage|p1a: Ogerpon|66/100\n|-unboost|p1a: Ogerpon|spa|1\n|\n|-heal|p2a: Hatterene|149/236|[from] item: Leftovers\n|upkeep\n|turn|2\n|inactive|Time left: 300 sec this turn | 300 sec total\n|\n|t:|1783555844\n|move|p1a: Ogerpon|Ivy Cudgel|p2a: Hatterene|[anim] Ivy Cudgel Fire\n|-damage|p2a: Hatterene|41/236\n|move|p2a: Hatterene|Psychic|p1a: Ogerpon\n|-damage|p1a: Ogerpon|5/100\n|-unboost|p1a: Ogerpon|spd|1\n|\n|-heal|p2a: Hatterene|55/236|[from] item: Leftovers\n|upkeep\n|turn|3\n|inactive|Time left: 300 sec this turn | 300 sec total\n|\n|t:|1783555845\n|switch|p2a: Overqwil|Overqwil, L82, F|274/274\n|-ability|p2a: Overqwil|Intimidate|boost\n|-unboost|p1a: Ogerpon|atk|1\n|move|p1a: Ogerpon|Ivy Cudgel|p2a: Overqwil|[anim] Ivy Cudgel Fire\n|-damage|p2a: Overqwil|204/274\n|\n|upkeep\n|turn|4\n|inactive|Time left: 300 sec this turn | 300 sec total\n|\n|t:|1783555846\n|move|p1a: Ogerpon|Ivy Cudgel|p2a: Overqwil|[anim] Ivy Cudgel Fire\n|-damage|p2a: Overqwil|129/274\n|move|p2a: Overqwil|Swords Dance|p2a: Overqwil\n|-boost|p2a: Overqwil|atk|2\n|\n|upkeep\n|turn|5\n|inactive|Time left: 300 sec this turn | 300 sec total\n|\n|t:|1783555847\n|move|p1a: Ogerpon|Ivy Cudgel|p2a: Overqwil|[anim] Ivy Cudgel Fire\n|-damage|p2a: Overqwil|50/274\n|move|p2a: Overqwil|Swords Dance|p2a: Overqwil\n|-boost|p2a: Overqwil|atk|2\n|\n|upkeep\n|turn|6\n|inactive|Time left: 300 sec this turn | 300 sec total\n|\n|t:|1783555849\n|move|p1a: Ogerpon|Ivy Cudgel|p2a: Overqwil|[anim] Ivy Cudgel Fire\n|-damage|p2a: Overqwil|0 fnt\n|faint|p2a: Overqwil\n|\n|upkeep\n|inactive|Time left: 300 sec this turn | 300 sec total | 5 sec grace\n|\n|t:|1783555850\n|switch|p2a: Espathra|Espathra, L80, F|283/283\n|turn|7\n|inactive|Time left: 300 sec this turn | 300 sec total\n|\n|t:|1783555851\n|move|p2a: Espathra|Calm Mind|p2a: Espathra\n|-boost|p2a: Espathra|spa|1\n|-boost|p2a: Espathra|spd|1\n|move|p1a: Ogerpon|Swords Dance|p1a: Ogerpon\n|-boost|p1a: Ogerpon|atk|2\n|\n|-ability|p2a: Espathra|Speed Boost|boost\n|-boost|p2a: Espathra|spe|1\n|upkeep\n|turn|8\n|inactive|Time left: 300 sec this turn | 300 sec total\n|\n|t:|1783555852\n|switch|p1a: Bruxish|Bruxish, L85, F|100/100\n|move|p2a: Espathra|Stored Power|p1a: Bruxish\n|-resisted|p1a: Bruxish\n|-damage|p1a: Bruxish|74/100\n|\n|-ability|p2a: Espathra|Speed Boost|boost\n|-boost|p2a: Espathra|spe|1\n|upkeep\n|turn|9\n|inactive|Time left: 300 sec this turn | 300 sec total\n|\n|t:|1783555853\n|move|p2a: Espathra|Substitute|p2a: Espathra\n|-start|p2a: Espathra|Substitute\n|-damage|p2a: Espathra|213/283\n|move|p1a: Bruxish|Psychic Fangs|p2a: Espathra\n|-resisted|p2a: Espathra\n|-end|p2a: Espathra|Substitute\n|-damage|p1a: Bruxish|64/100|[from] item: Life Orb\n|\n|-heal|p2a: Espathra|230/283|[from] item: Leftovers\n|-ability|p2a: Espathra|Speed Boost|boost\n|-boost|p2a: Espathra|spe|1\n|upkeep\n|turn|10\n|inactive|Time left: 300 sec this turn | 300 sec total\n|\n|t:|1783555855\n|move|p2a: Espathra|Substitute|p2a: Espathra\n|-start|p2a: Espathra|Substitute\n|-damage|p2a: Espathra|160/283\n|move|p1a: Bruxish|Wave Crash|p2a: Espathra\n|-end|p2a: Espathra|Substitute\n|-damage|p1a: Bruxish|55/100|[from] Recoil|[of] p2a: Espathra\n|-damage|p1a: Bruxish|45/100|[from] item: Life Orb\n|\n|-heal|p2a: Espathra|177/283|[from] item: Leftovers\n|-ability|p2a: Espathra|Speed Boost|boost\n|-boost|p2a: Espathra|spe|1\n|upkeep\n|turn|11\n|inactive|Time left: 300 sec this turn | 300 sec total\n|\n|t:|1783555856\n|-terastallize|p2a: Espathra|Fairy\n|move|p2a: Espathra|Dazzling Gleam|p1a: Bruxish\n|-damage|p1a: Bruxish|0 fnt\n|faint|p1a: Bruxish\n|\n|-heal|p2a: Espathra|194/283|[from] item: Leftovers\n|-ability|p2a: Espathra|Speed Boost|boost\n|-boost|p2a: Espathra|spe|1\n|upkeep\n|\n|t:|1783555856\n|switch|p1a: Scrafty|Scrafty, L83, F|100/100\n|-ability|p1a: Scrafty|Intimidate|boost\n|-unboost|p2a: Espathra|atk|1\n|turn|12\n|inactive|Time left: 300 sec this turn | 300 sec total\n|\n|t:|1783555858\n|-terastallize|p1a: Scrafty|Poison\n|move|p2a: Espathra|Stored Power|p1a: Scrafty\n|-supereffective|p1a: Scrafty\n|-damage|p1a: Scrafty|0 fnt\n|faint|p1a: Scrafty\n|\n|-heal|p2a: Espathra|211/283|[from] item: Leftovers\n|-ability|p2a: Espathra|Speed Boost|boost\n|-boost|p2a: Espathra|spe|1\n|upkeep\n|\n|t:|1783555859\n|switch|p1a: Mesprit|Mesprit, L85|100/100\n|turn|13\n|inactive|Time left: 300 sec this turn | 300 sec total\n|\n|t:|1783555860\n|move|p2a: Espathra|Calm Mind|p2a: Espathra\n|-boost|p2a: Espathra|spa|1\n|-boost|p2a: Espathra|spd|1\n|move|p1a: Mesprit|Psychic Noise|p2a: Espathra\n|-damage|p2a: Espathra|151/283\n|-start|p2a: Espathra|move: Heal Block\n|\n|upkeep\n|turn|14\n|inactive|Time left: 300 sec this turn | 300 sec total\n|\n|t:|1783555861\n|move|p2a: Espathra|Stored Power|p1a: Mesprit\n|-resisted|p1a: Mesprit\n|-damage|p1a: Mesprit|35/100\n|move|p1a: Mesprit|Knock Off|p2a: Espathra\n|-resisted|p2a: Espathra\n|-damage|p2a: Espathra|96/283\n|-enditem|p2a: Espathra|Leftovers|[from] move: Knock Off|[of] p1a: Mesprit\n|\n|-heal|p1a: Mesprit|41/100|[from] item: Leftovers\n|-end|p2a: Espathra|move: Heal Block\n|upkeep\n|turn|15\n|inactive|Time left: 300 sec this turn | 300 sec total\n|\n|t:|1783555862\n|move|p2a: Espathra|Calm Mind|p2a: Espathra\n|-boost|p2a: Espathra|spa|1\n|-boost|p2a: Espathra|spd|1\n|move|p1a: Mesprit|Psychic Noise|p2a: Espathra\n|-damage|p2a: Espathra|47/283\n|-start|p2a: Espathra|move: Heal Block\n|\n|-heal|p1a: Mesprit|47/100|[from] item: Leftovers\n|upkeep\n|turn|16\n|inactive|Time left: 300 sec this turn | 300 sec total\n|\n|t:|1783555863\n|move|p2a: Espathra|Stored Power|p1a: Mesprit\n|-resisted|p1a: Mesprit\n|-crit|p1a: Mesprit\n|-damage|p1a: Mesprit|0 fnt\n|faint|p1a: Mesprit\n|\n|-end|p2a: Espathra|move: Heal Block\n|upkeep\n|\n|t:|1783555864\n|switch|p1a: Slither Wing|Slither Wing, L81|90/100\n|turn|17\n|inactive|Time left: 300 sec this turn | 300 sec total\n|\n|t:|1783555864\n|move|p1a: Slither Wing|First Impression|p2a: Espathra\n|-resisted|p2a: Espathra\n|-damage|p2a: Espathra|0 fnt\n|faint|p2a: Espathra\n|-damage|p1a: Slither Wing|80/100|[from] item: Life Orb\n|\n|upkeep\n|inactive|Time left: 300 sec this turn | 300 sec total | 5 sec grace\n|\n|t:|1783555865\n|switch|p2a: Hippowdon|Hippowdon, L82, M|311/311\n|-weather|Sandstorm|[from] ability: Sand Stream|[of] p2a: Hippowdon\n|turn|18\n|inactive|Time left: 300 sec this turn | 300 sec total\n|\n|t:|1783555866\n|move|p1a: Slither Wing|U-turn|p2a: Hippowdon\n|-damage|p2a: Hippowdon|224/311\n|-damage|p1a: Slither Wing|70/100|[from] item: Life Orb\n|\n|t:|1783555866\n|-end|p1a: Slither Wing|Protosynthesis|[silent]\n|switch|p1a: Ogerpon|Ogerpon-Hearthflame, L74, F|5/100|[from] U-turn\n|-ability|p1a: Ogerpon|Mold Breaker\n|move|p2a: Hippowdon|Slack Off|p2a: Hippowdon\n|-heal|p2a: Hippowdon|311/311\n|\n|-weather|Sandstorm|[upkeep]\n|-damage|p1a: Ogerpon|0 fnt|[from] Sandstorm\n|faint|p1a: Ogerpon\n|upkeep\n|\n|t:|1783555867\n|switch|p1a: Tatsugiri|Tatsugiri, L87, F|100/100\n|turn|19\n|inactive|Time left: 300 sec this turn | 300 sec total\n|\n|t:|1783555868\n|move|p1a: Tatsugiri|Hydro Pump|p2a: Hippowdon\n|-supereffective|p2a: Hippowdon\n|-damage|p2a: Hippowdon|0 fnt\n|faint|p2a: Hippowdon\n|\n|-weather|Sandstorm|[upkeep]\n|-damage|p1a: Tatsugiri|94/100|[from] Sandstorm\n|upkeep\n|inactive|Time left: 300 sec this turn | 300 sec total | 5 sec grace\n|\n|t:|1783555869\n|switch|p2a: Clawitzer|Clawitzer, L87, M|265/265\n|turn|20\n|inactive|Time left: 300 sec this turn | 300 sec total\n|\n|t:|1783555870\n|switch|p1a: Slither Wing|Slither Wing, L81|70/100\n|move|p2a: Clawitzer|Dragon Pulse|p1a: Slither Wing\n|-damage|p1a: Slither Wing|18/100\n|\n|-weather|Sandstorm|[upkeep]\n|-damage|p1a: Slither Wing|12/100|[from] Sandstorm\n|-damage|p2a: Clawitzer|249/265|[from] Sandstorm\n|upkeep\n|turn|21\n|inactive|Time left: 300 sec this turn | 300 sec total\n|\n|t:|1783555871\n|-end|p1a: Slither Wing|Protosynthesis|[silent]\n|switch|p1a: Tatsugiri|Tatsugiri, L87, F|94/100\n|switch|p2a: Hatterene|Hatterene, L85, F|55/236\n|\n|-weather|Sandstorm|[upkeep]\n|-damage|p1a: Tatsugiri|88/100|[from] Sandstorm\n|-damage|p2a: Hatterene|41/236|[from] Sandstorm\n|-heal|p2a: Hatterene|55/236|[from] item: Leftovers\n|upkeep\n|turn|22\n|inactive|Time left: 300 sec this turn | 300 sec total\n|\n|t:|1783555872\n|move|p1a: Tatsugiri|Hydro Pump|p2a: Hatterene\n|-damage|p2a: Hatterene|0 fnt\n|faint|p2a: Hatterene\n|\n|-weather|none\n|upkeep\n|inactive|Time left: 300 sec this turn | 300 sec total | 5 sec grace\n|\n|t:|1783555872\n|switch|p2a: Clawitzer|Clawitzer, L87, M|249/265\n|turn|23\n|inactive|Time left: 300 sec this turn | 300 sec total\n|\n|t:|1783555873\n|move|p1a: Tatsugiri|Draco Meteor|p2a: Clawitzer\n|-damage|p2a: Clawitzer|72/265\n|-unboost|p1a: Tatsugiri|spa|2\n|move|p2a: Clawitzer|Dragon Pulse|p1a: Tatsugiri\n|-supereffective|p1a: Tatsugiri\n|-crit|p1a: Tatsugiri\n|-damage|p1a: Tatsugiri|0 fnt\n|faint|p1a: Tatsugiri\n|\n|upkeep\n|\n|t:|1783555874\n|switch|p1a: Slither Wing|Slither Wing, L81|12/100\n|turn|24\n|inactive|Time left: 300 sec this turn | 300 sec total\n|\n|t:|1783555875\n|move|p1a: Slither Wing|First Impression|p2a: Clawitzer\n|-crit|p2a: Clawitzer\n|-damage|p2a: Clawitzer|0 fnt\n|faint|p2a: Clawitzer\n|-damage|p1a: Slither Wing|2/100|[from] item: Life Orb\n|\n|upkeep\n|inactive|Time left: 300 sec this turn | 300 sec total | 5 sec grace\n|\n|t:|1783555876\n|switch|p2a: Plusle|Plusle, L95, F|268/268\n|turn|25\n|inactive|Time left: 300 sec this turn | 300 sec total\n|\n|t:|1783555877\n|move|p2a: Plusle|Grass Knot|p1a: Slither Wing\n|-resisted|p1a: Slither Wing\n|-damage|p1a: Slither Wing|0 fnt\n|faint|p1a: Slither Wing\n|-end|p1a: Slither Wing|Protosynthesis|[silent]\n|-damage|p2a: Plusle|242/268|[from] item: Life Orb\n|\n|win|p0y143910ff", "uploadtime": 1783555877, "views": 0, "rating": 0, "private": 0, "password": null, "_winner": "p0y143910ff", "_our_name": "p0y143910ff"}