{"id": "battle-gen9randombattle-109", "formatid": "gen9randombattle", "format": "[Gen 9] Random Battle", "players": ["p0x109a8c9", "p0y1094b6d"], "log": "|init|battle\n|title|p0x109a8c9 vs. p0y1094b6d\n|j|\u2606p0x109a8c9\n|j|\u2606p0y1094b6d\n|t:|1783534534\n|gametype|singles\n|player|p1|p0x109a8c9|2|\n|player|p2|p0y1094b6d|2|\n|gen|9\n|tier|[Gen 9] Random Battle\n|rule|Species Clause: Limit one of each Pok\u00e9mon\n|rule|HP Percentage Mod: HP is shown in percentages\n|rule|Sleep Clause Mod: Limit one foe put to sleep\n|rule|Illusion Level Mod: Illusion disguises the Pok\u00e9mon's true level\n|\n|t:|1783534534\n|teamsize|p1|6\n|teamsize|p2|6\n|start\n|switch|p1a: Corviknight|Corviknight, L80, M|288/288\n|switch|p2a: Toxicroak|Toxicroak, L84, F|100/100\n|-ability|p1a: Corviknight|Pressure\n|turn|1\n|inactive|Battle timer is ON: inactive players will automatically lose when time's up. (requested by p0y1094b6d)\n|inactive|Time left: 300 sec this turn | 300 sec total | 60 sec grace\n|\n|t:|1783534536\n|switch|p2a: Porygon-Z|Porygon-Z, L83|100/100\n|-ability|p2a: Porygon-Z|Download|boost\n|-boost|p2a: Porygon-Z|spa|1\n|move|p1a: Corviknight|Brave Bird|p2a: Porygon-Z\n|-damage|p2a: Porygon-Z|52/100\n|-damage|p1a: Corviknight|243/288|[from] Recoil\n|\n|-heal|p1a: Corviknight|261/288|[from] item: Leftovers\n|upkeep\n|turn|2\n|inactive|Time left: 300 sec this turn | 300 sec total\n|inactive|p0x109a8c9 also wants the timer to be on.\n|\n|t:|1783534537\n|move|p2a: Porygon-Z|Ice Beam|p1a: Corviknight\n|-damage|p1a: Corviknight|79/288\n|-damage|p2a: Porygon-Z|42/100|[from] item: Life Orb\n|move|p1a: Corviknight|Body Press|p2a: Porygon-Z\n|-supereffective|p2a: Porygon-Z\n|-damage|p2a: Porygon-Z|0 fnt\n|faint|p2a: Porygon-Z\n|\n|-heal|p1a: Corviknight|97/288|[from] item: Leftovers\n|upkeep\n|\n|t:|1783534538\n|switch|p2a: Azumarill|Azumarill, L82, F|100/100\n|turn|3\n|inactive|Time left: 300 sec this turn | 300 sec total\n|\n|t:|1783534539\n|move|p1a: Corviknight|Roost|p1a: Corviknight\n|-heal|p1a: Corviknight|241/288\n|-singleturn|p1a: Corviknight|move: Roost\n|move|p2a: Azumarill|Liquidation|p1a: Corviknight\n|-damage|p1a: Corviknight|91/288\n|-unboost|p1a: Corviknight|def|1\n|\n|-heal|p1a: Corviknight|109/288|[from] item: Leftovers\n|upkeep\n|turn|4\n|inactive|Time left: 300 sec this turn | 300 sec total\n|\n|t:|1783534540\n|switch|p1a: Brambleghast|Brambleghast, L88, F|240/240\n|move|p2a: Azumarill|Liquidation|p1a: Brambleghast\n|-resisted|p1a: Brambleghast\n|-damage|p1a: Brambleghast|145/240\n|\n|-heal|p1a: Brambleghast|160/240|[from] item: Leftovers\n|upkeep\n|turn|5\n|inactive|Time left: 300 sec this turn | 300 sec total\n|\n|t:|1783534542\n|move|p1a: Brambleghast|Power Whip|p2a: Azumarill\n|-supereffective|p2a: Azumarill\n|-damage|p2a: Azumarill|0 fnt\n|faint|p2a: Azumarill\n|\n|-heal|p1a: Brambleghast|175/240|[from] item: Leftovers\n|upkeep\n|\n|t:|1783534543\n|switch|p2a: Toxicroak|Toxicroak, L84, F|100/100\n|turn|6\n|inactive|Time left: 300 sec this turn | 300 sec total\n|\n|t:|1783534544\n|move|p1a: Brambleghast|Poltergeist|p2a: Toxicroak\n|-activate|p2a: Toxicroak|move: Poltergeist|Life Orb\n|-damage|p2a: Toxicroak|38/100\n|move|p2a: Toxicroak|Knock Off|p1a: Brambleghast\n|-supereffective|p1a: Brambleghast\n|-damage|p1a: Brambleghast|0 fnt\n|-enditem|p1a: Brambleghast|Leftovers|[from] move: Knock Off|[of] p2a: Toxicroak\n|faint|p1a: Brambleghast\n|-damage|p2a: Toxicroak|29/100|[from] item: Life Orb\n|\n|upkeep\n|inactive|Time left: 300 sec this turn | 300 sec total | 5 sec grace\n|\n|t:|1783534545\n|switch|p1a: Charizard|Charizard, L85, M|271/271\n|turn|7\n|inactive|Time left: 300 sec this turn | 300 sec total\n|\n|t:|1783534546\n|switch|p2a: Latias|Latias, L79, F|100/100\n|move|p1a: Charizard|Flamethrower|p2a: Latias\n|-resisted|p2a: Latias\n|-damage|p2a: Latias|85/100\n|\n|upkeep\n|turn|8\n|inactive|Time left: 300 sec this turn | 300 sec total\n|\n|t:|1783534547\n|move|p1a: Charizard|Flamethrower|p2a: Latias\n|-resisted|p2a: Latias\n|-damage|p2a: Latias|67/100\n|move|p2a: Latias|Calm Mind|p2a: Latias\n|-boost|p2a: Latias|spa|1\n|-boost|p2a: Latias|spd|1\n|\n|upkeep\n|turn|9\n|inactive|Time left: 300 sec this turn | 300 sec total\n|\n|t:|1783534549\n|switch|p1a: Corviknight|Corviknight, L80, M|109/288\n|-ability|p1a: Corviknight|Pressure\n|move|p2a: Latias|Psyshock|p1a: Corviknight\n|-resisted|p1a: Corviknight\n|-damage|p1a: Corviknight|38/288\n|\n|-heal|p1a: Corviknight|56/288|[from] item: Leftovers\n|upkeep\n|turn|10\n|inactive|Time left: 300 sec this turn | 300 sec total\n|\n|t:|1783534550\n|move|p2a: Latias|Psyshock|p1a: Corviknight\n|-resisted|p1a: Corviknight\n|-damage|p1a: Corviknight|0 fnt\n|faint|p1a: Corviknight\n|\n|upkeep\n|inactive|Time left: 300 sec this turn | 300 sec total | 5 sec grace\n|\n|t:|1783534551\n|switch|p1a: Regieleki|Regieleki, L79|256/256\n|turn|11\n|inactive|Time left: 300 sec this turn | 300 sec total\n|\n|t:|1783534552\n|move|p1a: Regieleki|Thunderbolt|p2a: Latias\n|-resisted|p2a: Latias\n|-damage|p2a: Latias|53/100\n|move|p2a: Latias|Psyshock|p1a: Regieleki\n|-damage|p1a: Regieleki|25/256\n|\n|upkeep\n|turn|12\n|inactive|Time left: 300 sec this turn | 300 sec total\n|\n|t:|1783534553\n|-terastallize|p2a: Latias|Steel\n|move|p1a: Regieleki|Explosion|p2a: Latias\n|-resisted|p2a: Latias\n|-damage|p2a: Latias|20/100\n|faint|p1a: Regieleki\n|move|p2a: Latias|Recover|p2a: Latias\n|-heal|p2a: Latias|70/100\n|\n|upkeep\n|inactive|Time left: 300 sec this turn | 300 sec total | 5 sec grace\n|\n|t:|1783534554\n|switch|p1a: Keldeo|Keldeo-Resolute, L79|273/273\n|turn|13\n|inactive|Time left: 300 sec this turn | 300 sec total\n|\n|t:|1783534555\n|-terastallize|p1a: Keldeo|Water\n|move|p2a: Latias|Draco Meteor|p1a: Keldeo\n|-damage|p1a: Keldeo|30/273\n|-unboost|p2a: Latias|spa|2\n|move|p1a: Keldeo|Secret Sword|p2a: Latias\n|-supereffective|p2a: Latias\n|-damage|p2a: Latias|0 fnt\n|faint|p2a: Latias\n|-damage|p1a: Keldeo|3/273|[from] item: Life Orb\n|\n|upkeep\n|\n|t:|1783534557\n|switch|p2a: Tauros|Tauros, L82, M|100/100\n|turn|14\n|inactive|Time left: 300 sec this turn | 300 sec total\n|\n|t:|1783534557\n|move|p2a: Tauros|Body Slam|p1a: Keldeo\n|-damage|p1a: Keldeo|0 fnt\n|faint|p1a: Keldeo\n|\n|upkeep\n|inactive|Time left: 300 sec this turn | 300 sec total | 5 sec grace\n|\n|t:|1783534559\n|switch|p1a: Charizard|Charizard, L85, M|271/271\n|turn|15\n|inactive|Time left: 300 sec this turn | 300 sec total\n|\n|t:|1783534560\n|move|p2a: Tauros|Body Slam|p1a: Charizard\n|-damage|p1a: Charizard|123/271\n|move|p1a: Charizard|Will-O-Wisp|p2a: Tauros\n|-status|p2a: Tauros|brn\n|\n|-damage|p2a: Tauros|94/100 brn|[from] brn\n|upkeep\n|turn|16\n|inactive|Time left: 300 sec this turn | 300 sec total\n|\n|t:|1783534561\n|move|p2a: Tauros|Body Slam|p1a: Charizard\n|-damage|p1a: Charizard|48/271\n|move|p1a: Charizard|Hurricane|p2a: Tauros\n|-damage|p2a: Tauros|34/100 brn\n|\n|-damage|p2a: Tauros|27/100 brn|[from] brn\n|upkeep\n|turn|17\n|inactive|Time left: 300 sec this turn | 300 sec total\n|\n|t:|1783534562\n|switch|p1a: Palkia|Palkia-Origin, L72|249/249\n|-ability|p1a: Palkia|Pressure\n|move|p2a: Tauros|Body Slam|p1a: Palkia\n|-damage|p1a: Palkia|176/249\n|\n|-damage|p2a: Tauros|21/100 brn|[from] brn\n|upkeep\n|turn|18\n|inactive|Time left: 300 sec this turn | 300 sec total\n|\n|t:|1783534563\n|move|p2a: Tauros|Body Slam|p1a: Palkia\n|-damage|p1a: Palkia|93/249\n|move|p1a: Palkia|Fire Blast|p2a: Tauros|[miss]\n|-miss|p1a: Palkia|p2a: Tauros\n|\n|-damage|p2a: Tauros|15/100 brn|[from] brn\n|upkeep\n|turn|19\n|inactive|Time left: 300 sec this turn | 300 sec total\n|\n|t:|1783534564\n|move|p2a: Tauros|Body Slam|p1a: Palkia\n|-damage|p1a: Palkia|23/249\n|move|p1a: Palkia|Thunder Wave||[still]\n|-fail|p1a: Palkia\n|\n|-damage|p2a: Tauros|9/100 brn|[from] brn\n|upkeep\n|turn|20\n|inactive|Time left: 300 sec this turn | 300 sec total\n|\n|t:|1783534565\n|move|p2a: Tauros|Body Slam|p1a: Palkia\n|-damage|p1a: Palkia|0 fnt\n|faint|p1a: Palkia\n|\n|-damage|p2a: Tauros|2/100 brn|[from] brn\n|upkeep\n|inactive|Time left: 300 sec this turn | 300 sec total | 5 sec grace\n|\n|t:|1783534566\n|switch|p1a: Charizard|Charizard, L85, M|48/271\n|turn|21\n|inactive|Time left: 300 sec this turn | 300 sec total\n|\n|t:|1783534567\n|move|p2a: Tauros|Body Slam|p1a: Charizard\n|-damage|p1a: Charizard|0 fnt\n|faint|p1a: Charizard\n|\n|win|p0y1094b6d", "uploadtime": 1783534567, "views": 0, "rating": 0, "private": 0, "password": null, "_winner": "p0y1094b6d", "_our_name": "p0x109a8c9"}