{"id": "battle-gen9randombattle-556", "formatid": "gen9randombattle", "format": "[Gen 9] Random Battle", "players": ["p0x5563fc0", "p0y556ea64"], "log": "|init|battle\n|title|p0x5563fc0 vs. p0y556ea64\n|j|\u2606p0x5563fc0\n|j|\u2606p0y556ea64\n|t:|1783546233\n|gametype|singles\n|player|p1|p0x5563fc0|102|\n|player|p2|p0y556ea64|169|\n|gen|9\n|tier|[Gen 9] Random Battle\n|rule|Species Clause: Limit one of each Pok\u00e9mon\n|rule|HP Percentage Mod: HP is shown in percentages\n|rule|Sleep Clause Mod: Limit one foe put to sleep\n|rule|Illusion Level Mod: Illusion disguises the Pok\u00e9mon's true level\n|\n|t:|1783546233\n|teamsize|p1|6\n|teamsize|p2|6\n|start\n|switch|p1a: Araquanid|Araquanid, L82, M|246/246\n|switch|p2a: Meloetta|Meloetta, L82|100/100\n|turn|1\n|inactive|Battle timer is ON: inactive players will automatically lose when time's up. (requested by p0x5563fc0)\n|inactive|p0y556ea64 also wants the timer to be on.\n|\n|t:|1783546235\n|move|p2a: Meloetta|Relic Song|p1a: Araquanid\n|-crit|p1a: Araquanid\n|-damage|p1a: Araquanid|113/246\n|-status|p1a: Araquanid|slp|[from] move: Relic Song\n|-formechange|p2a: Meloetta|Meloetta-Pirouette|[msg]\n|-damage|p2a: Meloetta|91/100|[from] item: Life Orb\n|cant|p1a: Araquanid|slp\n|\n|upkeep\n|turn|2\n|inactive|Time left: 300 sec this turn | 300 sec total\n|\n|t:|1783546236\n|move|p2a: Meloetta|Knock Off|p1a: Araquanid\n|-damage|p1a: Araquanid|13/246 slp\n|-enditem|p1a: Araquanid|Heavy-Duty Boots|[from] move: Knock Off|[of] p2a: Meloetta\n|-damage|p2a: Meloetta|81/100|[from] item: Life Orb\n|cant|p1a: Araquanid|slp\n|\n|upkeep\n|turn|3\n|inactive|Time left: 300 sec this turn | 300 sec total\n|\n|t:|1783546238\n|move|p2a: Meloetta|Knock Off|p1a: Araquanid\n|-damage|p1a: Araquanid|0 fnt\n|faint|p1a: Araquanid\n|-damage|p2a: Meloetta|71/100|[from] item: Life Orb\n|\n|upkeep\n|inactive|Time left: 300 sec this turn | 300 sec total | 5 sec grace\n|\n|t:|1783546238\n|switch|p1a: Skarmory|Skarmory, L80, F|235/235\n|turn|4\n|inactive|Time left: 300 sec this turn | 300 sec total\n|\n|t:|1783546240\n|move|p2a: Meloetta|Close Combat|p1a: Skarmory\n|-damage|p1a: Skarmory|95/235\n|-unboost|p2a: Meloetta|def|1\n|-unboost|p2a: Meloetta|spd|1\n|-damage|p2a: Meloetta|62/100|[from] item: Life Orb\n|move|p1a: Skarmory|Body Press|p2a: Meloetta\n|-supereffective|p2a: Meloetta\n|-damage|p2a: Meloetta|0 fnt\n|faint|p2a: Meloetta\n|\n|-heal|p1a: Skarmory|109/235|[from] item: Leftovers\n|upkeep\n|\n|t:|1783546241\n|switch|p2a: Heracross|Heracross, L80, F|100/100\n|turn|5\n|inactive|Time left: 300 sec this turn | 300 sec total\n|\n|t:|1783546242\n|move|p2a: Heracross|Close Combat|p1a: Skarmory\n|-damage|p1a: Skarmory|0 fnt\n|-unboost|p2a: Heracross|def|1\n|-unboost|p2a: Heracross|spd|1\n|faint|p1a: Skarmory\n|-ability|p2a: Heracross|Moxie|boost\n|-boost|p2a: Heracross|atk|1\n|\n|upkeep\n|inactive|Time left: 300 sec this turn | 300 sec total | 5 sec grace\n|\n|t:|1783546243\n|switch|p1a: Lokix|Lokix, L82, M|251/251\n|turn|6\n|inactive|Time left: 300 sec this turn | 300 sec total\n|\n|t:|1783546244\n|-terastallize|p1a: Lokix|Bug\n|move|p1a: Lokix|First Impression|p2a: Heracross\n|-resisted|p2a: Heracross\n|-damage|p2a: Heracross|0 fnt\n|faint|p2a: Heracross\n|-damage|p1a: Lokix|226/251|[from] item: Life Orb\n|\n|upkeep\n|\n|t:|1783546245\n|switch|p2a: Azumarill|Azumarill, L82, M|100/100\n|turn|7\n|inactive|Time left: 300 sec this turn | 300 sec total\n|\n|t:|1783546246\n|move|p1a: Lokix|Knock Off|p2a: Azumarill\n|-resisted|p2a: Azumarill\n|-damage|p2a: Azumarill|51/100\n|-enditem|p2a: Azumarill|Sitrus Berry|[from] move: Knock Off|[of] p1a: Lokix\n|-damage|p1a: Lokix|201/251|[from] item: Life Orb\n|move|p2a: Azumarill|Liquidation|p1a: Lokix\n|-damage|p1a: Lokix|74/251\n|-unboost|p1a: Lokix|def|1\n|\n|upkeep\n|turn|8\n|inactive|Time left: 300 sec this turn | 300 sec total\n|\n|t:|1783546247\n|switch|p1a: Stantler|Stantler, L92, M|284/284\n|-ability|p1a: Stantler|Intimidate|boost\n|-unboost|p2a: Azumarill|atk|1\n|move|p2a: Azumarill|Aqua Jet|p1a: Stantler\n|-damage|p1a: Stantler|256/284\n|\n|upkeep\n|turn|9\n|inactive|Time left: 300 sec this turn | 300 sec total\n|\n|t:|1783546247\n|move|p1a: Stantler|Body Slam|p2a: Azumarill\n|-damage|p2a: Azumarill|15/100\n|move|p2a: Azumarill|Play Rough|p1a: Stantler\n|-damage|p1a: Stantler|193/284\n|\n|upkeep\n|turn|10\n|inactive|Time left: 300 sec this turn | 300 sec total\n|\n|t:|1783546248\n|move|p1a: Stantler|Body Slam|p2a: Azumarill\n|-damage|p2a: Azumarill|0 fnt\n|faint|p2a: Azumarill\n|\n|upkeep\n|\n|t:|1783546249\n|switch|p2a: Excadrill|Excadrill, L79, M|100/100\n|-ability|p2a: Excadrill|Mold Breaker\n|turn|11\n|inactive|Time left: 300 sec this turn | 300 sec total\n|\n|t:|1783546250\n|move|p1a: Stantler|Earthquake|p2a: Excadrill\n|-supereffective|p2a: Excadrill\n|-damage|p2a: Excadrill|30/100\n|move|p2a: Excadrill|Swords Dance|p2a: Excadrill\n|-boost|p2a: Excadrill|atk|2\n|\n|-heal|p2a: Excadrill|36/100|[from] item: Leftovers\n|upkeep\n|turn|12\n|inactive|Time left: 300 sec this turn | 300 sec total\n|\n|t:|1783546250\n|switch|p2a: Cacturne|Cacturne, L92, F|100/100\n|move|p1a: Stantler|Earthquake|p2a: Cacturne\n|-resisted|p2a: Cacturne\n|-damage|p2a: Cacturne|84/100\n|\n|upkeep\n|turn|13\n|inactive|Time left: 300 sec this turn | 300 sec total\n|\n|t:|1783546251\n|move|p1a: Stantler|Body Slam|p2a: Cacturne\n|-damage|p2a: Cacturne|36/100\n|-status|p2a: Cacturne|par\n|move|p2a: Cacturne|Knock Off|p1a: Stantler\n|-damage|p1a: Stantler|53/284\n|-enditem|p1a: Stantler|Eviolite|[from] move: Knock Off|[of] p2a: Cacturne\n|-damage|p2a: Cacturne|27/100 par|[from] item: Life Orb\n|\n|upkeep\n|turn|14\n|inactive|Time left: 300 sec this turn | 300 sec total\n|\n|t:|1783546252\n|cant|p2a: Cacturne|par\n|move|p1a: Stantler|Body Slam|p2a: Cacturne\n|-damage|p2a: Cacturne|0 fnt\n|faint|p2a: Cacturne\n|\n|upkeep\n|\n|t:|1783546253\n|switch|p2a: Ludicolo|Ludicolo, L90, F|100/100\n|turn|15\n|inactive|Time left: 300 sec this turn | 300 sec total\n|\n|t:|1783546254\n|move|p1a: Stantler|Body Slam|p2a: Ludicolo\n|-damage|p2a: Ludicolo|60/100\n|move|p2a: Ludicolo|Rain Dance|p2a: Ludicolo\n|-weather|RainDance\n|\n|-weather|RainDance|[upkeep]\n|upkeep\n|turn|16\n|inactive|Time left: 300 sec this turn | 300 sec total\n|\n|t:|1783546255\n|move|p2a: Ludicolo|Giga Drain|p1a: Stantler\n|-damage|p1a: Stantler|0 fnt\n|-heal|p2a: Ludicolo|69/100|[from] drain|[of] p1a: Stantler\n|faint|p1a: Stantler\n|-damage|p2a: Ludicolo|59/100|[from] item: Life Orb\n|\n|-weather|RainDance|[upkeep]\n|upkeep\n|inactive|Time left: 300 sec this turn | 300 sec total | 5 sec grace\n|\n|t:|1783546255\n|switch|p1a: Lokix|Lokix, L82, M, tera:Bug|74/251\n|turn|17\n|inactive|Time left: 300 sec this turn | 300 sec total\n|\n|t:|1783546256\n|switch|p2a: Excadrill|Excadrill, L79, M|36/100\n|-ability|p2a: Excadrill|Mold Breaker\n|move|p1a: Lokix|First Impression|p2a: Excadrill\n|-resisted|p2a: Excadrill\n|-damage|p2a: Excadrill|0 fnt\n|faint|p2a: Excadrill\n|-damage|p1a: Lokix|49/251|[from] item: Life Orb\n|\n|-weather|RainDance|[upkeep]\n|upkeep\n|\n|t:|1783546257\n|switch|p2a: Ludicolo|Ludicolo, L90, F|59/100\n|turn|18\n|inactive|Time left: 300 sec this turn | 300 sec total\n|\n|t:|1783546258\n|-terastallize|p2a: Ludicolo|Water\n|move|p1a: Lokix|Sucker Punch||[still]\n|-fail|p1a: Lokix\n|move|p2a: Ludicolo|Rain Dance||[still]\n|-fail|p2a: Ludicolo\n|\n|-weather|RainDance|[upkeep]\n|upkeep\n|turn|19\n|inactive|Time left: 300 sec this turn | 300 sec total\n|\n|t:|1783546259\n|move|p1a: Lokix|Sucker Punch|p2a: Ludicolo\n|-damage|p2a: Ludicolo|20/100\n|-damage|p1a: Lokix|24/251|[from] item: Life Orb\n|move|p2a: Ludicolo|Giga Drain|p1a: Lokix\n|-resisted|p1a: Lokix\n|-damage|p1a: Lokix|0 fnt\n|-heal|p2a: Ludicolo|24/100|[from] drain|[of] p1a: Lokix\n|faint|p1a: Lokix\n|-damage|p2a: Ludicolo|14/100|[from] item: Life Orb\n|\n|-weather|none\n|upkeep\n|inactive|Time left: 300 sec this turn | 300 sec total | 5 sec grace\n|\n|t:|1783546260\n|switch|p1a: Rayquaza|Rayquaza, L72|270/270\n|-ability|p1a: Rayquaza|Air Lock\n|turn|20\n|inactive|Time left: 300 sec this turn | 300 sec total\n|\n|t:|1783546261\n|move|p1a: Rayquaza|Earthquake|p2a: Ludicolo\n|-damage|p2a: Ludicolo|0 fnt\n|faint|p2a: Ludicolo\n|\n|win|p0x5563fc0", "uploadtime": 1783546261, "views": 0, "rating": 0, "private": 0, "password": null, "_winner": "p0x5563fc0", "_our_name": "p0x5563fc0"}