{"id": "battle-gen9randombattle-2363", "formatid": "gen9randombattle", "format": "[Gen 9] Random Battle", "players": ["p0x23636c9b", "p0y23634694"], "log": "|init|battle\n|title|p0x23636c9b vs. p0y23634694\n|j|\u2606p0x23636c9b\n|j|\u2606p0y23634694\n|t:|1783566408\n|gametype|singles\n|player|p1|p0x23636c9b|169|\n|player|p2|p0y23634694|101|\n|gen|9\n|tier|[Gen 9] Random Battle\n|rule|Species Clause: Limit one of each Pok\u00e9mon\n|rule|HP Percentage Mod: HP is shown in percentages\n|rule|Sleep Clause Mod: Limit one foe put to sleep\n|rule|Illusion Level Mod: Illusion disguises the Pok\u00e9mon's true level\n|\n|t:|1783566408\n|teamsize|p1|6\n|teamsize|p2|6\n|start\n|switch|p1a: Spiritomb|Spiritomb, L89, F|100/100\n|switch|p2a: Zebstrika|Zebstrika, L87, M|272/272\n|turn|1\n|inactive|Battle timer is ON: inactive players will automatically lose when time's up. (requested by p0x23636c9b)\n|inactive|Time left: 300 sec this turn | 300 sec total | 60 sec grace\n|inactive|p0y23634694 also wants the timer to be on.\n|\n|t:|1783566409\n|switch|p2a: Pincurchin|Pincurchin, F|258/258\n|-fieldstart|move: Electric Terrain|[from] ability: Electric Surge|[of] p2a: Pincurchin\n|move|p1a: Spiritomb|Foul Play|p2a: Pincurchin\n|-damage|p2a: Pincurchin|176/258\n|\n|-heal|p2a: Pincurchin|192/258|[from] item: Leftovers\n|upkeep\n|turn|2\n|inactive|Time left: 300 sec this turn | 300 sec total\n|\n|t:|1783566410\n|switch|p1a: Porygon2|Porygon2, L81|100/100\n|-ability|p1a: Porygon2|Download|boost\n|-boost|p1a: Porygon2|spa|1\n|move|p2a: Pincurchin|Thunderbolt|p1a: Porygon2\n|-damage|p1a: Porygon2|58/100\n|\n|-heal|p2a: Pincurchin|208/258|[from] item: Leftovers\n|upkeep\n|turn|3\n|inactive|Time left: 300 sec this turn | 300 sec total\n|\n|t:|1783566412\n|move|p1a: Porygon2|Recover|p1a: Porygon2\n|-heal|p1a: Porygon2|100/100\n|move|p2a: Pincurchin|Thunderbolt|p1a: Porygon2\n|-crit|p1a: Porygon2\n|-damage|p1a: Porygon2|43/100\n|\n|-heal|p2a: Pincurchin|224/258|[from] item: Leftovers\n|upkeep\n|turn|4\n|inactive|Time left: 300 sec this turn | 300 sec total\n|\n|t:|1783566412\n|move|p1a: Porygon2|Recover|p1a: Porygon2\n|-heal|p1a: Porygon2|93/100\n|move|p2a: Pincurchin|Thunderbolt|p1a: Porygon2\n|-damage|p1a: Porygon2|50/100\n|\n|-heal|p2a: Pincurchin|240/258|[from] item: Leftovers\n|upkeep\n|turn|5\n|inactive|Time left: 300 sec this turn | 300 sec total\n|\n|t:|1783566413\n|move|p1a: Porygon2|Recover|p1a: Porygon2\n|-heal|p1a: Porygon2|99/100\n|move|p2a: Pincurchin|Thunderbolt|p1a: Porygon2\n|-damage|p1a: Porygon2|60/100\n|\n|-heal|p2a: Pincurchin|256/258|[from] item: Leftovers\n|-fieldend|move: Electric Terrain\n|upkeep\n|turn|6\n|inactive|Time left: 300 sec this turn | 300 sec total\n|\n|t:|1783566414\n|move|p1a: Porygon2|Recover|p1a: Porygon2\n|-heal|p1a: Porygon2|100/100\n|move|p2a: Pincurchin|Thunderbolt|p1a: Porygon2\n|-damage|p1a: Porygon2|70/100\n|-status|p1a: Porygon2|par\n|\n|-heal|p2a: Pincurchin|258/258|[from] item: Leftovers\n|upkeep\n|turn|7\n|inactive|Time left: 300 sec this turn | 300 sec total\n|\n|t:|1783566415\n|move|p2a: Pincurchin|Spikes|p1a: Porygon2\n|-sidestart|p1: p0x23636c9b|Spikes\n|move|p1a: Porygon2|Tri Attack|p2a: Pincurchin\n|-damage|p2a: Pincurchin|155/258\n|\n|-heal|p2a: Pincurchin|171/258|[from] item: Leftovers\n|upkeep\n|turn|8\n|inactive|Time left: 300 sec this turn | 300 sec total\n|\n|t:|1783566416\n|move|p2a: Pincurchin|Spikes|p1a: Porygon2\n|-sidestart|p1: p0x23636c9b|Spikes\n|move|p1a: Porygon2|Tri Attack|p2a: Pincurchin\n|-damage|p2a: Pincurchin|65/258\n|\n|-heal|p2a: Pincurchin|81/258|[from] item: Leftovers\n|upkeep\n|turn|9\n|inactive|Time left: 300 sec this turn | 300 sec total\n|\n|t:|1783566417\n|move|p2a: Pincurchin|Recover|p2a: Pincurchin\n|-heal|p2a: Pincurchin|210/258\n|move|p1a: Porygon2|Tri Attack|p2a: Pincurchin\n|-damage|p2a: Pincurchin|102/258\n|-status|p2a: Pincurchin|brn\n|\n|-heal|p2a: Pincurchin|118/258 brn|[from] item: Leftovers\n|-damage|p2a: Pincurchin|102/258 brn|[from] brn\n|upkeep\n|turn|10\n|inactive|Time left: 300 sec this turn | 300 sec total\n|\n|t:|1783566419\n|move|p2a: Pincurchin|Recover|p2a: Pincurchin\n|-heal|p2a: Pincurchin|231/258 brn\n|move|p1a: Porygon2|Tri Attack|p2a: Pincurchin\n|-damage|p2a: Pincurchin|114/258 brn\n|\n|-heal|p2a: Pincurchin|130/258 brn|[from] item: Leftovers\n|-damage|p2a: Pincurchin|114/258 brn|[from] brn\n|upkeep\n|turn|11\n|inactive|Time left: 300 sec this turn | 300 sec total\n|\n|t:|1783566420\n|move|p2a: Pincurchin|Recover|p2a: Pincurchin\n|-heal|p2a: Pincurchin|243/258 brn\n|move|p1a: Porygon2|Tri Attack|p2a: Pincurchin\n|-damage|p2a: Pincurchin|131/258 brn\n|\n|-heal|p2a: Pincurchin|147/258 brn|[from] item: Leftovers\n|-damage|p2a: Pincurchin|131/258 brn|[from] brn\n|upkeep\n|turn|12\n|inactive|Time left: 300 sec this turn | 300 sec total\n|\n|t:|1783566421\n|move|p2a: Pincurchin|Recover|p2a: Pincurchin\n|-heal|p2a: Pincurchin|258/258 brn\n|move|p1a: Porygon2|Tri Attack|p2a: Pincurchin\n|-damage|p2a: Pincurchin|153/258 brn\n|\n|-heal|p2a: Pincurchin|169/258 brn|[from] item: Leftovers\n|-damage|p2a: Pincurchin|153/258 brn|[from] brn\n|upkeep\n|turn|13\n|inactive|Time left: 300 sec this turn | 300 sec total\n|\n|t:|1783566422\n|move|p2a: Pincurchin|Spikes|p1a: Porygon2\n|-sidestart|p1: p0x23636c9b|Spikes\n|cant|p1a: Porygon2|par\n|\n|-heal|p2a: Pincurchin|169/258 brn|[from] item: Leftovers\n|-damage|p2a: Pincurchin|153/258 brn|[from] brn\n|upkeep\n|turn|14\n|inactive|Time left: 300 sec this turn | 300 sec total\n|\n|t:|1783566423\n|move|p2a: Pincurchin|Recover|p2a: Pincurchin\n|-heal|p2a: Pincurchin|258/258 brn\n|cant|p1a: Porygon2|par\n|\n|-damage|p2a: Pincurchin|242/258 brn|[from] brn\n|upkeep\n|turn|15\n|inactive|Time left: 300 sec this turn | 300 sec total\n|\n|t:|1783566424\n|move|p2a: Pincurchin|Thunderbolt|p1a: Porygon2\n|-damage|p1a: Porygon2|39/100 par\n|move|p1a: Porygon2|Ice Beam|p2a: Pincurchin\n|-damage|p2a: Pincurchin|157/258 brn\n|\n|-heal|p2a: Pincurchin|173/258 brn|[from] item: Leftovers\n|-damage|p2a: Pincurchin|157/258 brn|[from] brn\n|upkeep\n|turn|16\n|inactive|Time left: 300 sec this turn | 300 sec total\n|\n|t:|1783566425\n|move|p2a: Pincurchin|Recover|p2a: Pincurchin\n|-heal|p2a: Pincurchin|258/258 brn\n|move|p1a: Porygon2|Recover|p1a: Porygon2\n|-heal|p1a: Porygon2|89/100 par\n|\n|-damage|p2a: Pincurchin|242/258 brn|[from] brn\n|upkeep\n|turn|17\n|inactive|Time left: 300 sec this turn | 300 sec total\n|\n|t:|1783566426\n|move|p2a: Pincurchin|Thunderbolt|p1a: Porygon2\n|-damage|p1a: Porygon2|56/100 par\n|move|p1a: Porygon2|Ice Beam|p2a: Pincurchin\n|-damage|p2a: Pincurchin|158/258 brn\n|\n|-heal|p2a: Pincurchin|174/258 brn|[from] item: Leftovers\n|-damage|p2a: Pincurchin|158/258 brn|[from] brn\n|upkeep\n|turn|18\n|inactive|Time left: 300 sec this turn | 300 sec total\n|\n|t:|1783566427\n|move|p2a: Pincurchin|Thunderbolt|p1a: Porygon2\n|-damage|p1a: Porygon2|25/100 par\n|move|p1a: Porygon2|Recover|p1a: Porygon2\n|-heal|p1a: Porygon2|75/100 par\n|\n|-heal|p2a: Pincurchin|174/258 brn|[from] item: Leftovers\n|-damage|p2a: Pincurchin|158/258 brn|[from] brn\n|upkeep\n|turn|19\n|inactive|Time left: 300 sec this turn | 300 sec total\n|\n|t:|1783566428\n|move|p2a: Pincurchin|Thunderbolt|p1a: Porygon2\n|-damage|p1a: Porygon2|43/100 par\n|move|p1a: Porygon2|Tri Attack|p2a: Pincurchin\n|-damage|p2a: Pincurchin|40/258 brn\n|\n|-heal|p2a: Pincurchin|56/258 brn|[from] item: Leftovers\n|-damage|p2a: Pincurchin|40/258 brn|[from] brn\n|upkeep\n|turn|20\n|inactive|Time left: 300 sec this turn | 300 sec total\n|\n|t:|1783566429\n|move|p2a: Pincurchin|Recover|p2a: Pincurchin\n|-heal|p2a: Pincurchin|169/258 brn\n|move|p1a: Porygon2|Ice Beam|p2a: Pincurchin\n|-damage|p2a: Pincurchin|89/258 brn\n|\n|-heal|p2a: Pincurchin|105/258 brn|[from] item: Leftovers\n|-damage|p2a: Pincurchin|89/258 brn|[from] brn\n|upkeep\n|turn|21\n|inactive|Time left: 300 sec this turn | 300 sec total\n|\n|t:|1783566430\n|move|p2a: Pincurchin|Recover|p2a: Pincurchin\n|-heal|p2a: Pincurchin|218/258 brn\n|move|p1a: Porygon2|Tri Attack|p2a: Pincurchin\n|-crit|p2a: Pincurchin\n|-damage|p2a: Pincurchin|56/258 brn\n|\n|-heal|p2a: Pincurchin|72/258 brn|[from] item: Leftovers\n|-damage|p2a: Pincurchin|56/258 brn|[from] brn\n|upkeep\n|turn|22\n|inactive|Time left: 300 sec this turn | 300 sec total\n|\n|t:|1783566431\n|move|p2a: Pincurchin|Thunderbolt|p1a: Porygon2\n|-damage|p1a: Porygon2|14/100 par\n|move|p1a: Porygon2|Tri Attack|p2a: Pincurchin\n|-damage|p2a: Pincurchin|0 fnt\n|faint|p2a: Pincurchin\n|\n|upkeep\n|inactive|Time left: 300 sec this turn | 300 sec total | 5 sec grace\n|\n|t:|1783566432\n|switch|p2a: Scovillain|Scovillain, L91, M|266/266\n|turn|23\n|inactive|Time left: 300 sec this turn | 300 sec total\n|\n|t:|1783566433\n|move|p2a: Scovillain|Flamethrower|p1a: Porygon2\n|-damage|p1a: Porygon2|0 fnt\n|faint|p1a: Porygon2\n|\n|upkeep\n|\n|t:|1783566434\n|switch|p1a: Quaquaval|Quaquaval, L79, F|100/100\n|-damage|p1a: Quaquaval|75/100|[from] Spikes\n|turn|24\n|inactive|Time left: 300 sec this turn | 300 sec total\n|\n|t:|1783566435\n|move|p2a: Scovillain|Flamethrower|p1a: Quaquaval\n|-resisted|p1a: Quaquaval\n|-damage|p1a: Quaquaval|37/100\n|move|p1a: Quaquaval|Rapid Spin|p2a: Scovillain\n|-damage|p2a: Scovillain|221/266\n|-boost|p1a: Quaquaval|spe|1\n|-sideend|p1: p0x23636c9b|Spikes|[from] move: Rapid Spin|[of] p1a: Quaquaval\n|\n|-heal|p1a: Quaquaval|43/100|[from] item: Leftovers\n|upkeep\n|turn|25\n|inactive|Time left: 300 sec this turn | 300 sec total\n|\n|t:|1783566436\n|move|p1a: Quaquaval|Roost|p1a: Quaquaval\n|-heal|p1a: Quaquaval|93/100\n|-singleturn|p1a: Quaquaval|move: Roost\n|move|p2a: Scovillain|Flamethrower|p1a: Quaquaval\n|-resisted|p1a: Quaquaval\n|-damage|p1a: Quaquaval|56/100\n|\n|-heal|p1a: Quaquaval|62/100|[from] item: Leftovers\n|upkeep\n|turn|26\n|inactive|Time left: 300 sec this turn | 300 sec total\n|\n|t:|1783566437\n|move|p1a: Quaquaval|Aqua Step|p2a: Scovillain\n|-damage|p2a: Scovillain|119/266\n|-boost|p1a: Quaquaval|spe|1\n|move|p2a: Scovillain|Flamethrower|p1a: Quaquaval\n|-resisted|p1a: Quaquaval\n|-damage|p1a: Quaquaval|20/100\n|\n|-heal|p1a: Quaquaval|26/100|[from] item: Leftovers\n|upkeep\n|turn|27\n|inactive|Time left: 300 sec this turn | 300 sec total\n|\n|t:|1783566438\n|move|p1a: Quaquaval|Close Combat|p2a: Scovillain\n|-damage|p2a: Scovillain|0 fnt\n|-unboost|p1a: Quaquaval|def|1\n|-unboost|p1a: Quaquaval|spd|1\n|faint|p2a: Scovillain\n|-ability|p1a: Quaquaval|Moxie|boost\n|-boost|p1a: Quaquaval|atk|1\n|\n|-heal|p1a: Quaquaval|32/100|[from] item: Leftovers\n|upkeep\n|inactive|Time left: 300 sec this turn | 300 sec total | 5 sec grace\n|\n|t:|1783566439\n|switch|p2a: Uxie|Uxie, L83|260/260\n|turn|28\n|inactive|Time left: 300 sec this turn | 300 sec total\n|\n|t:|1783566440\n|-terastallize|p1a: Quaquaval|Steel\n|move|p1a: Quaquaval|Roost|p1a: Quaquaval\n|-heal|p1a: Quaquaval|82/100\n|move|p2a: Uxie|Psychic Noise|p1a: Quaquaval\n|-resisted|p1a: Quaquaval\n|-damage|p1a: Quaquaval|58/100\n|-start|p1a: Quaquaval|move: Heal Block\n|\n|upkeep\n|turn|29\n|inactive|Time left: 300 sec this turn | 300 sec total\n|\n|t:|1783566441\n|move|p1a: Quaquaval|Aqua Step|p2a: Uxie\n|-damage|p2a: Uxie|152/260\n|-boost|p1a: Quaquaval|spe|1\n|move|p2a: Uxie|Knock Off|p1a: Quaquaval\n|-damage|p1a: Quaquaval|21/100\n|-enditem|p1a: Quaquaval|Leftovers|[from] move: Knock Off|[of] p2a: Uxie\n|\n|-heal|p2a: Uxie|168/260|[from] item: Leftovers\n|-end|p1a: Quaquaval|move: Heal Block\n|upkeep\n|turn|30\n|inactive|Time left: 300 sec this turn | 300 sec total\n|\n|t:|1783566442\n|move|p1a: Quaquaval|Roost|p1a: Quaquaval\n|-heal|p1a: Quaquaval|71/100\n|move|p2a: Uxie|U-turn|p1a: Quaquaval\n|-resisted|p1a: Quaquaval\n|-damage|p1a: Quaquaval|58/100\n|inactive|Time left: 300 sec this turn | 300 sec total | 5 sec grace\n|\n|t:|1783566443\n|switch|p2a: Krookodile|Krookodile, L79, M|280/280|[from] U-turn\n|-ability|p2a: Krookodile|Intimidate|boost\n|-unboost|p1a: Quaquaval|atk|1\n|\n|upkeep\n|turn|31\n|inactive|Time left: 300 sec this turn | 300 sec total\n|\n|t:|1783566444\n|-terastallize|p2a: Krookodile|Poison\n|move|p1a: Quaquaval|Close Combat|p2a: Krookodile\n|-resisted|p2a: Krookodile\n|-damage|p2a: Krookodile|203/280\n|-unboost|p1a: Quaquaval|def|1\n|-unboost|p1a: Quaquaval|spd|1\n|move|p2a: Krookodile|Earthquake|p1a: Quaquaval\n|-supereffective|p1a: Quaquaval\n|-damage|p1a: Quaquaval|0 fnt\n|faint|p1a: Quaquaval\n|-damage|p2a: Krookodile|175/280|[from] item: Life Orb\n|\n|upkeep\n|\n|t:|1783566445\n|switch|p1a: Piloswine|Piloswine, L85, M|100/100\n|turn|32\n|inactive|Time left: 300 sec this turn | 300 sec total\n|\n|t:|1783566446\n|switch|p2a: Kyogre|Kyogre, L71|259/259\n|-weather|RainDance|[from] ability: Drizzle|[of] p2a: Kyogre\n|move|p1a: Piloswine|Earthquake|p2a: Kyogre\n|-damage|p2a: Kyogre|133/259\n|\n|-weather|RainDance|[upkeep]\n|-heal|p2a: Kyogre|149/259|[from] item: Leftovers\n|upkeep\n|turn|33\n|inactive|Time left: 300 sec this turn | 300 sec total\n|\n|t:|1783566447\n|move|p2a: Kyogre|Origin Pulse|p1a: Piloswine\n|-supereffective|p1a: Piloswine\n|-damage|p1a: Piloswine|0 fnt\n|faint|p1a: Piloswine\n|\n|-weather|RainDance|[upkeep]\n|-heal|p2a: Kyogre|165/259|[from] item: Leftovers\n|upkeep\n|\n|t:|1783566448\n|switch|p1a: Spiritomb|Spiritomb, L89, F|100/100\n|turn|34\n|inactive|Time left: 300 sec this turn | 300 sec total\n|\n|t:|1783566449\n|move|p2a: Kyogre|Origin Pulse|p1a: Spiritomb|[miss]\n|-miss|p2a: Kyogre|p1a: Spiritomb\n|move|p1a: Spiritomb|Poltergeist|p2a: Kyogre\n|-activate|p2a: Kyogre|move: Poltergeist|Leftovers\n|-damage|p2a: Kyogre|11/259\n|\n|-weather|RainDance|[upkeep]\n|-heal|p2a: Kyogre|27/259|[from] item: Leftovers\n|upkeep\n|turn|35\n|inactive|Time left: 300 sec this turn | 300 sec total\n|\n|t:|1783566450\n|move|p2a: Kyogre|Origin Pulse|p1a: Spiritomb\n|-damage|p1a: Spiritomb|44/100\n|move|p1a: Spiritomb|Foul Play|p2a: Kyogre\n|-damage|p2a: Kyogre|0 fnt\n|faint|p2a: Kyogre\n|\n|-weather|RainDance|[upkeep]\n|-heal|p1a: Spiritomb|50/100|[from] item: Leftovers\n|upkeep\n|inactive|Time left: 300 sec this turn | 300 sec total | 5 sec grace\n|\n|t:|1783566451\n|switch|p2a: Krookodile|Krookodile, L79, M, tera:Poison|175/280\n|-ability|p2a: Krookodile|Intimidate|boost\n|-unboost|p1a: Spiritomb|atk|1\n|turn|36\n|inactive|Time left: 300 sec this turn | 300 sec total\n|\n|t:|1783566452\n|switch|p1a: Great Tusk|Great Tusk, L77|100/100\n|move|p2a: Krookodile|Earthquake|p1a: Great Tusk\n|-damage|p1a: Great Tusk|65/100\n|-damage|p2a: Krookodile|147/280|[from] item: Life Orb\n|\n|-weather|none\n|-heal|p1a: Great Tusk|71/100|[from] item: Leftovers\n|upkeep\n|turn|37\n|inactive|Time left: 300 sec this turn | 300 sec total\n|\n|t:|1783566452\n|switch|p2a: Uxie|Uxie, L83|168/260\n|move|p1a: Great Tusk|Earthquake|p2a: Uxie\n|-immune|p2a: Uxie|[from] ability: Levitate\n|\n|-heal|p2a: Uxie|184/260|[from] item: Leftovers\n|-heal|p1a: Great Tusk|77/100|[from] item: Leftovers\n|upkeep\n|turn|38\n|inactive|Time left: 300 sec this turn | 300 sec total\n|\n|t:|1783566453\n|-end|p1a: Great Tusk|Protosynthesis|[silent]\n|switch|p1a: Spiritomb|Spiritomb, L89, F|50/100\n|move|p2a: Uxie|Knock Off|p1a: Spiritomb\n|-damage|p1a: Spiritomb|29/100\n|-enditem|p1a: Spiritomb|Leftovers|[from] move: Knock Off|[of] p2a: Uxie\n|\n|-heal|p2a: Uxie|200/260|[from] item: Leftovers\n|upkeep\n|turn|39\n|inactive|Time left: 300 sec this turn | 300 sec total\n|\n|t:|1783566454\n|move|p2a: Uxie|U-turn|p1a: Spiritomb\n|-damage|p1a: Spiritomb|14/100\n|inactive|Time left: 300 sec this turn | 300 sec total | 5 sec grace\n|\n|t:|1783566455\n|switch|p2a: Krookodile|Krookodile, L79, M, tera:Poison|147/280|[from] U-turn\n|-ability|p2a: Krookodile|Intimidate|boost\n|-unboost|p1a: Spiritomb|atk|1\n|move|p1a: Spiritomb|Foul Play|p2a: Krookodile\n|-damage|p2a: Krookodile|12/280\n|\n|upkeep\n|turn|40\n|inactive|Time left: 300 sec this turn | 300 sec total\n|\n|t:|1783566456\n|move|p2a: Krookodile|Knock Off|p1a: Spiritomb\n|-damage|p1a: Spiritomb|0 fnt\n|faint|p1a: Spiritomb\n|-damage|p2a: Krookodile|0 fnt|[from] item: Life Orb\n|faint|p2a: Krookodile\n|\n|upkeep\n|inactive|Time left: 300 sec this turn | 300 sec total | 5 sec grace\n|\n|t:|1783566457\n|switch|p2a: Uxie|Uxie, L83|200/260\n|switch|p1a: Klefki|Klefki, L84, F|100/100\n|turn|41\n|inactive|Time left: 300 sec this turn | 300 sec total\n|\n|t:|1783566458\n|move|p2a: Uxie|Thunder Wave|p1a: Klefki\n|-status|p1a: Klefki|par\n|move|p1a: Klefki|Foul Play|p2a: Uxie\n|-supereffective|p2a: Uxie\n|-damage|p2a: Uxie|114/260\n|\n|-heal|p2a: Uxie|130/260|[from] item: Leftovers\n|upkeep\n|turn|42\n|inactive|Time left: 300 sec this turn | 300 sec total\n|\n|t:|1783566459\n|move|p2a: Uxie|Knock Off|p1a: Klefki\n|-resisted|p1a: Klefki\n|-damage|p1a: Klefki|88/100 par\n|-enditem|p1a: Klefki|Leftovers|[from] move: Knock Off|[of] p2a: Uxie\n|move|p1a: Klefki|Foul Play|p2a: Uxie\n|-supereffective|p2a: Uxie\n|-damage|p2a: Uxie|50/260\n|\n|-heal|p2a: Uxie|66/260|[from] item: Leftovers\n|upkeep\n|turn|43\n|inactive|Time left: 300 sec this turn | 300 sec total\n|\n|t:|1783566460\n|switch|p2a: Zebstrika|Zebstrika, L87, M|272/272\n|move|p1a: Klefki|Foul Play|p2a: Zebstrika\n|-damage|p2a: Zebstrika|191/272\n|\n|upkeep\n|turn|44\n|inactive|Time left: 300 sec this turn | 300 sec total\n|\n|t:|1783566461\n|switch|p1a: Great Tusk|Great Tusk, L77|77/100\n|move|p2a: Zebstrika|High Horsepower|p1a: Great Tusk|[miss]\n|-miss|p2a: Zebstrika|p1a: Great Tusk\n|\n|-heal|p1a: Great Tusk|83/100|[from] item: Leftovers\n|upkeep\n|turn|45\n|inactive|Time left: 300 sec this turn | 300 sec total\n|\n|t:|1783566461\n|switch|p2a: Uxie|Uxie, L83|66/260\n|move|p1a: Great Tusk|Stone Edge|p2a: Uxie\n|-damage|p2a: Uxie|15/260\n|\n|-heal|p2a: Uxie|31/260|[from] item: Leftovers\n|-heal|p1a: Great Tusk|90/100|[from] item: Leftovers\n|upkeep\n|turn|46\n|inactive|Time left: 300 sec this turn | 300 sec total\n|\n|t:|1783566463\n|move|p2a: Uxie|Psychic Noise|p1a: Great Tusk\n|-supereffective|p1a: Great Tusk\n|-damage|p1a: Great Tusk|21/100\n|-start|p1a: Great Tusk|move: Heal Block\n|move|p1a: Great Tusk|Stone Edge|p2a: Uxie|[miss]\n|-miss|p1a: Great Tusk|p2a: Uxie\n|\n|-heal|p2a: Uxie|47/260|[from] item: Leftovers\n|upkeep\n|turn|47\n|inactive|Time left: 300 sec this turn | 300 sec total\n|\n|t:|1783566464\n|-end|p1a: Great Tusk|Protosynthesis|[silent]\n|switch|p1a: Klefki|Klefki, L84, F|88/100 par\n|move|p2a: Uxie|Psychic Noise|p1a: Klefki\n|-resisted|p1a: Klefki\n|-damage|p1a: Klefki|74/100 par\n|-start|p1a: Klefki|move: Heal Block\n|\n|-heal|p2a: Uxie|63/260|[from] item: Leftovers\n|upkeep\n|turn|48\n|inactive|Time left: 300 sec this turn | 300 sec total\n|\n|t:|1783566465\n|move|p2a: Uxie|U-turn|p1a: Klefki\n|-resisted|p1a: Klefki\n|-damage|p1a: Klefki|70/100 par\n|inactive|Time left: 300 sec this turn | 300 sec total | 5 sec grace\n|\n|t:|1783566466\n|switch|p2a: Zebstrika|Zebstrika, L87, M|191/272|[from] U-turn\n|move|p1a: Klefki|Dazzling Gleam|p2a: Zebstrika\n|-damage|p2a: Zebstrika|106/272\n|\n|-end|p1a: Klefki|move: Heal Block\n|upkeep\n|turn|49\n|inactive|Time left: 300 sec this turn | 300 sec total\n|\n|t:|1783566467\n|move|p1a: Klefki|Thunder Wave|p2a: Zebstrika\n|-immune|p2a: Zebstrika\n|move|p2a: Zebstrika|High Horsepower|p1a: Klefki\n|-supereffective|p1a: Klefki\n|-damage|p1a: Klefki|0 fnt\n|faint|p1a: Klefki\n|-damage|p2a: Zebstrika|79/272|[from] item: Life Orb\n|\n|upkeep\n|\n|t:|1783566468\n|switch|p1a: Great Tusk|Great Tusk, L77|21/100\n|turn|50\n|inactive|Time left: 300 sec this turn | 300 sec total\n|\n|t:|1783566469\n|move|p2a: Zebstrika|High Horsepower|p1a: Great Tusk\n|-damage|p1a: Great Tusk|0 fnt\n|faint|p1a: Great Tusk\n|-end|p1a: Great Tusk|Protosynthesis|[silent]\n|-damage|p2a: Zebstrika|52/272|[from] item: Life Orb\n|\n|win|p0y23634694", "uploadtime": 1783566469, "views": 0, "rating": 0, "private": 0, "password": null, "_winner": "p0y23634694", "_our_name": "p0y23634694"}