{"id": "battle-gen9randombattle-208", "formatid": "gen9randombattle", "format": "[Gen 9] Random Battle", "players": ["p0x2087167", "p0y20858f5"], "log": "|init|battle\n|title|p0x2087167 vs. p0y20858f5\n|j|\u2606p0x2087167\n|j|\u2606p0y20858f5\n|t:|1783541511\n|gametype|singles\n|player|p1|p0x2087167|265|\n|player|p2|p0y20858f5|1|\n|gen|9\n|tier|[Gen 9] Random Battle\n|rule|Species Clause: Limit one of each Pok\u00e9mon\n|rule|HP Percentage Mod: HP is shown in percentages\n|rule|Sleep Clause Mod: Limit one foe put to sleep\n|rule|Illusion Level Mod: Illusion disguises the Pok\u00e9mon's true level\n|\n|t:|1783541511\n|teamsize|p1|6\n|teamsize|p2|6\n|start\n|switch|p1a: Rhyperior|Rhyperior, L82, M|323/323\n|switch|p2a: Chimecho|Chimecho, L93, M|100/100\n|turn|1\n|inactive|Battle timer is ON: inactive players will automatically lose when time's up. (requested by p0y20858f5)\n|inactive|Time left: 300 sec this turn | 300 sec total | 60 sec grace\n|inactive|p0x2087167 also wants the timer to be on.\n|\n|t:|1783541513\n|move|p2a: Chimecho|Dazzling Gleam|p1a: Rhyperior\n|-damage|p1a: Rhyperior|226/323\n|move|p1a: Rhyperior|Stone Edge|p2a: Chimecho\n|-damage|p2a: Chimecho|55/100\n|\n|-heal|p2a: Chimecho|61/100|[from] item: Leftovers\n|upkeep\n|turn|2\n|inactive|Time left: 300 sec this turn | 300 sec total\n|\n|t:|1783541515\n|move|p2a: Chimecho|Recover|p2a: Chimecho\n|-heal|p2a: Chimecho|100/100\n|move|p1a: Rhyperior|Rock Polish|p1a: Rhyperior\n|-boost|p1a: Rhyperior|spe|2\n|\n|upkeep\n|turn|3\n|inactive|Time left: 300 sec this turn | 300 sec total\n|\n|t:|1783541516\n|move|p1a: Rhyperior|Stone Edge|p2a: Chimecho\n|-damage|p2a: Chimecho|54/100\n|move|p2a: Chimecho|Calm Mind|p2a: Chimecho\n|-boost|p2a: Chimecho|spa|1\n|-boost|p2a: Chimecho|spd|1\n|\n|-heal|p2a: Chimecho|60/100|[from] item: Leftovers\n|upkeep\n|turn|4\n|inactive|Time left: 300 sec this turn | 300 sec total\n|\n|t:|1783541517\n|-terastallize|p1a: Rhyperior|Rock\n|-terastallize|p2a: Chimecho|Poison\n|move|p1a: Rhyperior|Stone Edge|p2a: Chimecho\n|-damage|p2a: Chimecho|4/100\n|move|p2a: Chimecho|Dazzling Gleam|p1a: Rhyperior\n|-damage|p1a: Rhyperior|67/323\n|\n|-heal|p2a: Chimecho|10/100|[from] item: Leftovers\n|upkeep\n|turn|5\n|inactive|Time left: 300 sec this turn | 300 sec total\n|\n|t:|1783541518\n|switch|p2a: Gastrodon|Gastrodon, L86, M|100/100\n|move|p1a: Rhyperior|Ice Punch|p2a: Gastrodon\n|-damage|p2a: Gastrodon|75/100\n|-status|p2a: Gastrodon|frz\n|\n|-heal|p2a: Gastrodon|81/100 frz|[from] item: Leftovers\n|upkeep\n|turn|6\n|inactive|Time left: 300 sec this turn | 300 sec total\n|\n|t:|1783541519\n|switch|p2a: Chimecho|Chimecho, L93, M, tera:Poison|10/100\n|move|p1a: Rhyperior|Stone Edge|p2a: Chimecho|[miss]\n|-miss|p1a: Rhyperior|p2a: Chimecho\n|\n|-heal|p2a: Chimecho|17/100|[from] item: Leftovers\n|upkeep\n|turn|7\n|inactive|Time left: 300 sec this turn | 300 sec total\n|\n|t:|1783541520\n|switch|p2a: Registeel|Registeel, L81|100/100\n|move|p1a: Rhyperior|Ice Punch|p2a: Registeel\n|-resisted|p2a: Registeel\n|-damage|p2a: Registeel|91/100\n|\n|-heal|p2a: Registeel|97/100|[from] item: Leftovers\n|upkeep\n|turn|8\n|inactive|Time left: 300 sec this turn | 300 sec total\n|\n|t:|1783541521\n|move|p1a: Rhyperior|Earthquake|p2a: Registeel\n|-supereffective|p2a: Registeel\n|-damage|p2a: Registeel|24/100\n|move|p2a: Registeel|Iron Head|p1a: Rhyperior\n|-supereffective|p1a: Rhyperior\n|-damage|p1a: Rhyperior|0 fnt\n|faint|p1a: Rhyperior\n|\n|-heal|p2a: Registeel|30/100|[from] item: Leftovers\n|upkeep\n|inactive|Time left: 300 sec this turn | 300 sec total | 5 sec grace\n|\n|t:|1783541522\n|switch|p1a: Slaking|Slaking, L84, M|389/389\n|turn|9\n|inactive|Time left: 300 sec this turn | 300 sec total\n|\n|t:|1783541524\n|move|p1a: Slaking|Giga Impact|p2a: Registeel|[miss]\n|-miss|p1a: Slaking|p2a: Registeel\n|move|p2a: Registeel|Thunder Wave|p1a: Slaking|[miss]\n|-miss|p2a: Registeel|p1a: Slaking\n|\n|-heal|p2a: Registeel|36/100|[from] item: Leftovers\n|upkeep\n|turn|10\n|inactive|Time left: 300 sec this turn | 300 sec total\n|\n|t:|1783541525\n|cant|p1a: Slaking|ability: Truant\n|move|p2a: Registeel|Thunder Wave|p1a: Slaking\n|-status|p1a: Slaking|par\n|\n|-heal|p2a: Registeel|42/100|[from] item: Leftovers\n|upkeep\n|turn|11\n|inactive|Time left: 300 sec this turn | 300 sec total\n|\n|t:|1783541526\n|move|p2a: Registeel|Iron Defense|p2a: Registeel\n|-boost|p2a: Registeel|def|2\n|cant|p1a: Slaking|par\n|\n|-heal|p2a: Registeel|48/100|[from] item: Leftovers\n|upkeep\n|turn|12\n|inactive|Time left: 300 sec this turn | 300 sec total\n|\n|t:|1783541527\n|switch|p1a: Reshiram|Reshiram, L76|277/277\n|-ability|p1a: Reshiram|Turboblaze\n|move|p2a: Registeel|Body Press|p1a: Reshiram\n|-damage|p1a: Reshiram|135/277\n|\n|-heal|p2a: Registeel|54/100|[from] item: Leftovers\n|upkeep\n|turn|13\n|inactive|Time left: 300 sec this turn | 300 sec total\n|\n|t:|1783541528\n|move|p1a: Reshiram|Blue Flare|p2a: Registeel\n|-supereffective|p2a: Registeel\n|-damage|p2a: Registeel|0 fnt\n|faint|p2a: Registeel\n|\n|upkeep\n|\n|t:|1783541529\n|switch|p2a: Greedent|Greedent, L86, M|100/100\n|turn|14\n|inactive|Time left: 300 sec this turn | 300 sec total\n|\n|t:|1783541530\n|move|p1a: Reshiram|Will-O-Wisp|p2a: Greedent\n|-status|p2a: Greedent|brn\n|move|p2a: Greedent|Swords Dance|p2a: Greedent\n|-boost|p2a: Greedent|atk|2\n|\n|-damage|p2a: Greedent|94/100 brn|[from] brn\n|upkeep\n|turn|15\n|inactive|Time left: 300 sec this turn | 300 sec total\n|\n|t:|1783541531\n|switch|p1a: Tauros|Tauros-Paldea-Combat, L82, M|257/257\n|-ability|p1a: Tauros|Intimidate|boost\n|-unboost|p2a: Greedent|atk|1\n|move|p2a: Greedent|Swords Dance|p2a: Greedent\n|-boost|p2a: Greedent|atk|2\n|\n|-damage|p2a: Greedent|88/100 brn|[from] brn\n|upkeep\n|turn|16\n|inactive|Time left: 300 sec this turn | 300 sec total\n|\n|t:|1783541532\n|move|p1a: Tauros|Close Combat|p2a: Greedent\n|-supereffective|p2a: Greedent\n|-damage|p2a: Greedent|0 fnt\n|-unboost|p1a: Tauros|def|1\n|-unboost|p1a: Tauros|spd|1\n|faint|p2a: Greedent\n|\n|upkeep\n|\n|t:|1783541532\n|switch|p2a: Hitmontop|Hitmontop, L88, M|100/100\n|turn|17\n|inactive|Time left: 300 sec this turn | 300 sec total\n|\n|t:|1783541533\n|move|p1a: Tauros|Close Combat|p2a: Hitmontop\n|-damage|p2a: Hitmontop|24/100\n|-unboost|p1a: Tauros|def|1\n|-unboost|p1a: Tauros|spd|1\n|move|p2a: Hitmontop|Rapid Spin|p1a: Tauros\n|-damage|p1a: Tauros|159/257\n|-boost|p2a: Hitmontop|spe|1\n|\n|-heal|p2a: Hitmontop|30/100|[from] item: Leftovers\n|upkeep\n|turn|18\n|inactive|Time left: 300 sec this turn | 300 sec total\n|\n|t:|1783541534\n|switch|p1a: Slaking|Slaking, L84, M|389/389 par\n|move|p2a: Hitmontop|Triple Axel|p1a: Slaking\n|-damage|p1a: Slaking|367/389 par\n|-damage|p1a: Slaking|321/389 par\n|-damage|p1a: Slaking|263/389 par\n|-hitcount|p1a: Slaking|3\n|\n|-heal|p2a: Hitmontop|36/100|[from] item: Leftovers\n|upkeep\n|turn|19\n|inactive|Time left: 300 sec this turn | 300 sec total\n|\n|t:|1783541535\n|move|p2a: Hitmontop|Close Combat|p1a: Slaking\n|-supereffective|p1a: Slaking\n|-damage|p1a: Slaking|9/389 par\n|-unboost|p2a: Hitmontop|def|1\n|-unboost|p2a: Hitmontop|spd|1\n|cant|p1a: Slaking|par\n|\n|-heal|p2a: Hitmontop|42/100|[from] item: Leftovers\n|upkeep\n|turn|20\n|inactive|Time left: 300 sec this turn | 300 sec total\n|\n|t:|1783541536\n|move|p2a: Hitmontop|Triple Axel|p1a: Slaking\n|-damage|p1a: Slaking|0 fnt\n|faint|p1a: Slaking\n|-hitcount|p1: Slaking|1\n|\n|-heal|p2a: Hitmontop|48/100|[from] item: Leftovers\n|upkeep\n|inactive|Time left: 300 sec this turn | 300 sec total | 5 sec grace\n|\n|t:|1783541537\n|switch|p1a: Rillaboom|Rillaboom, L79, F|288/288\n|-fieldstart|move: Grassy Terrain|[from] ability: Grassy Surge|[of] p1a: Rillaboom\n|turn|21\n|inactive|Time left: 300 sec this turn | 300 sec total\n|\n|t:|1783541538\n|move|p1a: Rillaboom|Grassy Glide|p2a: Hitmontop\n|-damage|p2a: Hitmontop|0 fnt\n|faint|p2a: Hitmontop\n|\n|upkeep\n|\n|t:|1783541538\n|switch|p2a: Suicune|Suicune, L82|100/100\n|-ability|p2a: Suicune|Pressure\n|turn|22\n|inactive|Time left: 300 sec this turn | 300 sec total\n|\n|t:|1783541539\n|move|p1a: Rillaboom|Grassy Glide|p2a: Suicune\n|-supereffective|p2a: Suicune\n|-damage|p2a: Suicune|26/100\n|move|p2a: Suicune|Scald|p1a: Rillaboom\n|-resisted|p1a: Rillaboom\n|-damage|p1a: Rillaboom|244/288\n|\n|-heal|p2a: Suicune|32/100|[from] Grassy Terrain\n|-heal|p2a: Suicune|38/100|[from] item: Leftovers\n|-heal|p1a: Rillaboom|262/288|[from] Grassy Terrain\n|upkeep\n|turn|23\n|inactive|Time left: 300 sec this turn | 300 sec total\n|\n|t:|1783541540\n|switch|p2a: Chimecho|Chimecho, L93, M, tera:Poison|17/100\n|move|p1a: Rillaboom|Grassy Glide|p2a: Chimecho\n|-resisted|p2a: Chimecho\n|-damage|p2a: Chimecho|0 fnt\n|faint|p2a: Chimecho\n|\n|-heal|p1a: Rillaboom|280/288|[from] Grassy Terrain\n|upkeep\n|\n|t:|1783541541\n|switch|p2a: Gastrodon|Gastrodon, L86, M|81/100 frz\n|turn|24\n|inactive|Time left: 300 sec this turn | 300 sec total\n|\n|t:|1783541542\n|switch|p2a: Suicune|Suicune, L82|38/100\n|-ability|p2a: Suicune|Pressure\n|move|p1a: Rillaboom|Grassy Glide|p2a: Suicune\n|-supereffective|p2a: Suicune\n|-damage|p2a: Suicune|0 fnt\n|faint|p2a: Suicune\n|\n|-heal|p1a: Rillaboom|288/288|[from] Grassy Terrain\n|upkeep\n|\n|t:|1783541544\n|switch|p2a: Gastrodon|Gastrodon, L86, M|81/100 frz\n|turn|25\n|inactive|Time left: 300 sec this turn | 300 sec total\n|\n|t:|1783541545\n|move|p1a: Rillaboom|Grassy Glide|p2a: Gastrodon\n|-supereffective|p2a: Gastrodon\n|-damage|p2a: Gastrodon|0 fnt\n|faint|p2a: Gastrodon\n|\n|win|p0x2087167", "uploadtime": 1783541545, "views": 0, "rating": 0, "private": 0, "password": null, "_winner": "p0x2087167", "_our_name": "p0x2087167"}