{"id": "battle-gen9randombattle-1663", "formatid": "gen9randombattle", "format": "[Gen 9] Random Battle", "players": ["p0x16639291", "p0y1663bb1b"], "log": "|init|battle\n|title|p0x16639291 vs. p0y1663bb1b\n|j|\u2606p0x16639291\n|j|\u2606p0y1663bb1b\n|t:|1783558517\n|gametype|singles\n|player|p1|p0x16639291|266|\n|player|p2|p0y1663bb1b|266|\n|gen|9\n|tier|[Gen 9] Random Battle\n|rule|Species Clause: Limit one of each Pok\u00e9mon\n|rule|HP Percentage Mod: HP is shown in percentages\n|rule|Sleep Clause Mod: Limit one foe put to sleep\n|rule|Illusion Level Mod: Illusion disguises the Pok\u00e9mon's true level\n|\n|t:|1783558517\n|teamsize|p1|6\n|teamsize|p2|6\n|start\n|switch|p1a: Rillaboom|Rillaboom, L79, M|288/288\n|switch|p2a: Swanna|Swanna, L89, M|100/100\n|-fieldstart|move: Grassy Terrain|[from] ability: Grassy Surge|[of] p1a: Rillaboom\n|turn|1\n|inactive|Battle timer is ON: inactive players will automatically lose when time's up. (requested by p0y1663bb1b)\n|inactive|Time left: 300 sec this turn | 300 sec total | 60 sec grace\n|inactive|p0x16639291 also wants the timer to be on.\n|\n|t:|1783558518\n|move|p2a: Swanna|Brave Bird|p1a: Rillaboom\n|-supereffective|p1a: Rillaboom\n|-damage|p1a: Rillaboom|12/288\n|-damage|p2a: Swanna|68/100|[from] Recoil\n|move|p1a: Rillaboom|Wood Hammer|p2a: Swanna\n|-damage|p2a: Swanna|0 fnt\n|faint|p2a: Swanna\n|-damage|p1a: Rillaboom|0 fnt|[from] Recoil\n|faint|p1a: Rillaboom\n|\n|upkeep\n|inactive|Time left: 300 sec this turn | 300 sec total | 65 sec grace\n|\n|t:|1783558519\n|switch|p2a: Raikou|Raikou, L81|100/100\n|switch|p1a: Gumshoos|Gumshoos, L95, F|321/321\n|-ability|p2a: Raikou|Pressure\n|turn|2\n|inactive|Time left: 300 sec this turn | 300 sec total\n|\n|t:|1783558520\n|move|p2a: Raikou|Scald|p1a: Gumshoos\n|-damage|p1a: Gumshoos|244/321\n|move|p1a: Gumshoos|Double-Edge|p2a: Raikou\n|-damage|p2a: Raikou|0 fnt\n|faint|p2a: Raikou\n|-damage|p1a: Gumshoos|152/321|[from] Recoil\n|\n|-heal|p1a: Gumshoos|172/321|[from] Grassy Terrain\n|upkeep\n|\n|t:|1783558521\n|switch|p2a: Bisharp|Bisharp, L79, F|100/100\n|turn|3\n|inactive|Time left: 300 sec this turn | 300 sec total\n|\n|t:|1783558522\n|move|p2a: Bisharp|Swords Dance|p2a: Bisharp\n|-boost|p2a: Bisharp|atk|2\n|move|p1a: Gumshoos|Double-Edge|p2a: Bisharp\n|-resisted|p2a: Bisharp\n|-damage|p2a: Bisharp|53/100\n|-damage|p1a: Gumshoos|136/321|[from] Recoil\n|\n|-heal|p2a: Bisharp|59/100|[from] Grassy Terrain\n|-heal|p1a: Gumshoos|156/321|[from] Grassy Terrain\n|upkeep\n|turn|4\n|inactive|Time left: 300 sec this turn | 300 sec total\n|\n|t:|1783558522\n|switch|p1a: Rhydon|Rhydon, L85, F|317/317\n|move|p2a: Bisharp|Iron Head|p1a: Rhydon\n|-supereffective|p1a: Rhydon\n|-damage|p1a: Rhydon|137/317\n|\n|-heal|p2a: Bisharp|65/100|[from] Grassy Terrain\n|-heal|p1a: Rhydon|156/317|[from] Grassy Terrain\n|upkeep\n|turn|5\n|inactive|Time left: 300 sec this turn | 300 sec total\n|\n|t:|1783558523\n|switch|p1a: Excadrill|Excadrill, L79, M|303/303\n|-ability|p1a: Excadrill|Mold Breaker\n|move|p2a: Bisharp|Iron Head|p1a: Excadrill\n|-resisted|p1a: Excadrill\n|-crit|p1a: Excadrill\n|-damage|p1a: Excadrill|108/303\n|\n|-heal|p1a: Excadrill|126/303|[from] Grassy Terrain\n|-heal|p1a: Excadrill|144/303|[from] item: Leftovers\n|-heal|p2a: Bisharp|71/100|[from] Grassy Terrain\n|-fieldend|move: Grassy Terrain\n|upkeep\n|turn|6\n|inactive|Time left: 300 sec this turn | 300 sec total\n|\n|t:|1783558524\n|move|p2a: Bisharp|Sucker Punch|p1a: Excadrill\n|-damage|p1a: Excadrill|0 fnt\n|faint|p1a: Excadrill\n|\n|upkeep\n|inactive|Time left: 300 sec this turn | 300 sec total | 5 sec grace\n|\n|t:|1783558525\n|switch|p1a: Tatsugiri|Tatsugiri, L87, F|260/260\n|turn|7\n|inactive|Time left: 300 sec this turn | 300 sec total\n|\n|t:|1783558526\n|-terastallize|p1a: Tatsugiri|Water\n|move|p1a: Tatsugiri|Hydro Pump|p2a: Bisharp|[miss]\n|-miss|p1a: Tatsugiri|p2a: Bisharp\n|move|p2a: Bisharp|Throat Chop|p1a: Tatsugiri\n|-damage|p1a: Tatsugiri|26/260\n|-start|p1a: Tatsugiri|Throat Chop|[silent]\n|\n|upkeep\n|turn|8\n|inactive|Time left: 300 sec this turn | 300 sec total\n|\n|t:|1783558527\n|move|p2a: Bisharp|Sucker Punch|p1a: Tatsugiri\n|-damage|p1a: Tatsugiri|0 fnt\n|faint|p1a: Tatsugiri\n|\n|upkeep\n|inactive|Time left: 300 sec this turn | 300 sec total | 5 sec grace\n|\n|t:|1783558528\n|switch|p1a: Munkidori|Munkidori, L79, M|269/269\n|turn|9\n|inactive|Time left: 300 sec this turn | 300 sec total\n|\n|t:|1783558529\n|move|p1a: Munkidori|Fake Out|p2a: Bisharp\n|-resisted|p2a: Bisharp\n|-damage|p2a: Bisharp|68/100\n|cant|p2a: Bisharp|flinch\n|\n|upkeep\n|turn|10\n|inactive|Time left: 300 sec this turn | 300 sec total\n|\n|t:|1783558530\n|switch|p1a: Rhydon|Rhydon, L85, F|156/317\n|move|p2a: Bisharp|Iron Head|p1a: Rhydon\n|-supereffective|p1a: Rhydon\n|-damage|p1a: Rhydon|0 fnt\n|faint|p1a: Rhydon\n|\n|upkeep\n|inactive|Time left: 300 sec this turn | 300 sec total | 5 sec grace\n|\n|t:|1783558530\n|switch|p1a: Munkidori|Munkidori, L79, M|269/269\n|turn|11\n|inactive|Time left: 300 sec this turn | 300 sec total\n|\n|t:|1783558531\n|move|p1a: Munkidori|Fake Out|p2a: Bisharp\n|-resisted|p2a: Bisharp\n|-damage|p2a: Bisharp|66/100\n|cant|p2a: Bisharp|flinch\n|\n|upkeep\n|turn|12\n|inactive|Time left: 300 sec this turn | 300 sec total\n|\n|t:|1783558532\n|switch|p1a: Gumshoos|Gumshoos, L95, F|156/321\n|move|p2a: Bisharp|Throat Chop|p1a: Gumshoos\n|-damage|p1a: Gumshoos|0 fnt\n|faint|p1a: Gumshoos\n|\n|upkeep\n|inactive|Time left: 300 sec this turn | 300 sec total | 5 sec grace\n|\n|t:|1783558533\n|switch|p1a: Munkidori|Munkidori, L79, M|269/269\n|turn|13\n|inactive|Time left: 300 sec this turn | 300 sec total\n|\n|t:|1783558534\n|move|p1a: Munkidori|Fake Out|p2a: Bisharp\n|-resisted|p2a: Bisharp\n|-damage|p2a: Bisharp|63/100\n|cant|p2a: Bisharp|flinch\n|\n|upkeep\n|turn|14\n|inactive|Time left: 300 sec this turn | 300 sec total\n|\n|t:|1783558535\n|move|p1a: Munkidori|Fake Out||[still]\n|-hint|Fake Out only works on your first turn out.\n|-fail|p1a: Munkidori\n|move|p2a: Bisharp|Throat Chop|p1a: Munkidori\n|-supereffective|p1a: Munkidori\n|-damage|p1a: Munkidori|0 fnt\n|faint|p1a: Munkidori\n|\n|win|p0y1663bb1b", "uploadtime": 1783558535, "views": 0, "rating": 0, "private": 0, "password": null, "_winner": "p0y1663bb1b", "_our_name": "p0x16639291"}