{"id": "battle-gen9randombattle-2351", "formatid": "gen9randombattle", "format": "[Gen 9] Random Battle", "players": ["p0x2352388b", "p0y235218db"], "log": "|init|battle\n|title|p0x2352388b vs. p0y235218db\n|j|\u2606p0x2352388b\n|j|\u2606p0y235218db\n|t:|1783567337\n|gametype|singles\n|player|p1|p0x2352388b|101|\n|player|p2|p0y235218db|265|\n|gen|9\n|tier|[Gen 9] Random Battle\n|rule|Species Clause: Limit one of each Pok\u00e9mon\n|rule|HP Percentage Mod: HP is shown in percentages\n|rule|Sleep Clause Mod: Limit one foe put to sleep\n|rule|Illusion Level Mod: Illusion disguises the Pok\u00e9mon's true level\n|\n|t:|1783567337\n|teamsize|p1|6\n|teamsize|p2|6\n|start\n|switch|p1a: Houndoom|Houndoom, L87, F|272/272\n|switch|p2a: Piloswine|Piloswine, L85, M|100/100\n|turn|1\n|inactive|Battle timer is ON: inactive players will automatically lose when time's up. (requested by p0y235218db)\n|inactive|Time left: 300 sec this turn | 300 sec total | 60 sec grace\n|inactive|p0x2352388b also wants the timer to be on.\n|\n|t:|1783567339\n|switch|p1a: Lugia|Lugia, L73|275/275\n|move|p2a: Piloswine|Earthquake|p1a: Lugia\n|-immune|p1a: Lugia\n|\n|upkeep\n|turn|2\n|inactive|Time left: 300 sec this turn | 300 sec total\n|\n|t:|1783567340\n|move|p1a: Lugia|Calm Mind|p1a: Lugia\n|-boost|p1a: Lugia|spa|1\n|-boost|p1a: Lugia|spd|1\n|move|p2a: Piloswine|Icicle Crash|p1a: Lugia\n|-supereffective|p1a: Lugia\n|-damage|p1a: Lugia|190/275\n|\n|upkeep\n|turn|3\n|inactive|Time left: 300 sec this turn | 300 sec total\n|\n|t:|1783567341\n|move|p1a: Lugia|Recover|p1a: Lugia\n|-heal|p1a: Lugia|275/275\n|move|p2a: Piloswine|Icicle Crash|p1a: Lugia\n|-supereffective|p1a: Lugia\n|-crit|p1a: Lugia\n|-damage|p1a: Lugia|155/275\n|\n|upkeep\n|turn|4\n|inactive|Time left: 300 sec this turn | 300 sec total\n|\n|t:|1783567342\n|move|p1a: Lugia|Recover|p1a: Lugia\n|-heal|p1a: Lugia|275/275\n|move|p2a: Piloswine|Icicle Crash|p1a: Lugia\n|-supereffective|p1a: Lugia\n|-damage|p1a: Lugia|196/275\n|\n|upkeep\n|turn|5\n|inactive|Time left: 300 sec this turn | 300 sec total\n|\n|t:|1783567343\n|move|p1a: Lugia|Recover|p1a: Lugia\n|-heal|p1a: Lugia|275/275\n|move|p2a: Piloswine|Icicle Crash|p1a: Lugia\n|-supereffective|p1a: Lugia\n|-damage|p1a: Lugia|197/275\n|\n|upkeep\n|turn|6\n|inactive|Time left: 300 sec this turn | 300 sec total\n|\n|t:|1783567344\n|move|p1a: Lugia|Recover|p1a: Lugia\n|-heal|p1a: Lugia|275/275\n|move|p2a: Piloswine|Icicle Crash|p1a: Lugia\n|-supereffective|p1a: Lugia\n|-damage|p1a: Lugia|191/275\n|\n|upkeep\n|turn|7\n|inactive|Time left: 300 sec this turn | 300 sec total\n|\n|t:|1783567345\n|move|p1a: Lugia|Recover|p1a: Lugia\n|-heal|p1a: Lugia|275/275\n|move|p2a: Piloswine|Icicle Crash|p1a: Lugia\n|-supereffective|p1a: Lugia\n|-damage|p1a: Lugia|196/275\n|\n|upkeep\n|turn|8\n|inactive|Time left: 300 sec this turn | 300 sec total\n|\n|t:|1783567346\n|move|p1a: Lugia|Recover|p1a: Lugia\n|-heal|p1a: Lugia|275/275\n|move|p2a: Piloswine|Icicle Crash|p1a: Lugia\n|-supereffective|p1a: Lugia\n|-damage|p1a: Lugia|194/275\n|\n|upkeep\n|turn|9\n|inactive|Time left: 300 sec this turn | 300 sec total\n|\n|t:|1783567347\n|move|p1a: Lugia|Recover|p1a: Lugia\n|-heal|p1a: Lugia|275/275\n|move|p2a: Piloswine|Icicle Crash|p1a: Lugia\n|-supereffective|p1a: Lugia\n|-damage|p1a: Lugia|194/275\n|\n|upkeep\n|turn|10\n|inactive|Time left: 300 sec this turn | 300 sec total\n|\n|t:|1783567348\n|move|p1a: Lugia|Recover|p1a: Lugia\n|-heal|p1a: Lugia|275/275\n|move|p2a: Piloswine|Icicle Crash|p1a: Lugia|[miss]\n|-miss|p2a: Piloswine|p1a: Lugia\n|\n|upkeep\n|turn|11\n|inactive|Time left: 300 sec this turn | 300 sec total\n|\n|t:|1783567349\n|move|p1a: Lugia|Aeroblast|p2a: Piloswine\n|-damage|p2a: Piloswine|70/100\n|move|p2a: Piloswine|Icicle Crash|p1a: Lugia\n|-supereffective|p1a: Lugia\n|-damage|p1a: Lugia|196/275\n|\n|upkeep\n|turn|12\n|inactive|Time left: 300 sec this turn | 300 sec total\n|\n|t:|1783567350\n|move|p1a: Lugia|Aeroblast|p2a: Piloswine\n|-damage|p2a: Piloswine|39/100\n|move|p2a: Piloswine|Icicle Crash|p1a: Lugia\n|-supereffective|p1a: Lugia\n|-damage|p1a: Lugia|38/275\n|\n|upkeep\n|turn|13\n|inactive|Time left: 300 sec this turn | 300 sec total\n|\n|t:|1783567351\n|move|p2a: Piloswine|Ice Shard|p1a: Lugia\n|-supereffective|p1a: Lugia\n|-damage|p1a: Lugia|0 fnt\n|faint|p1a: Lugia\n|\n|upkeep\n|inactive|Time left: 300 sec this turn | 300 sec total | 5 sec grace\n|\n|t:|1783567351\n|switch|p1a: Gumshoos|Gumshoos, L95, M|321/321\n|turn|14\n|inactive|Time left: 300 sec this turn | 300 sec total\n|\n|t:|1783567352\n|move|p1a: Gumshoos|Double-Edge|p2a: Piloswine\n|-damage|p2a: Piloswine|0 fnt\n|faint|p2a: Piloswine\n|-damage|p1a: Gumshoos|282/321|[from] Recoil\n|\n|upkeep\n|\n|t:|1783567353\n|switch|p2a: Coalossal|Coalossal, L89, F|100/100\n|turn|15\n|inactive|Time left: 300 sec this turn | 300 sec total\n|\n|t:|1783567355\n|move|p1a: Gumshoos|Double-Edge|p2a: Coalossal\n|-resisted|p2a: Coalossal\n|-damage|p2a: Coalossal|71/100\n|-status|p1a: Gumshoos|brn|[from] ability: Flame Body|[of] p2a: Coalossal\n|-damage|p1a: Gumshoos|249/321 brn|[from] Recoil\n|move|p2a: Coalossal|Stone Edge|p1a: Gumshoos|[miss]\n|-miss|p2a: Coalossal|p1a: Gumshoos\n|\n|-damage|p1a: Gumshoos|229/321 brn|[from] brn\n|upkeep\n|turn|16\n|inactive|Time left: 300 sec this turn | 300 sec total\n|\n|t:|1783567356\n|move|p1a: Gumshoos|Double-Edge|p2a: Coalossal\n|-resisted|p2a: Coalossal\n|-damage|p2a: Coalossal|56/100\n|-damage|p1a: Gumshoos|212/321 brn|[from] Recoil\n|move|p2a: Coalossal|Spikes|p1a: Gumshoos\n|-sidestart|p1: p0x2352388b|Spikes\n|\n|-damage|p1a: Gumshoos|192/321 brn|[from] brn\n|upkeep\n|turn|17\n|inactive|Time left: 300 sec this turn | 300 sec total\n|\n|t:|1783567357\n|move|p1a: Gumshoos|Double-Edge|p2a: Coalossal\n|-resisted|p2a: Coalossal\n|-damage|p2a: Coalossal|42/100\n|-damage|p1a: Gumshoos|176/321 brn|[from] Recoil\n|move|p2a: Coalossal|Spikes|p1a: Gumshoos\n|-sidestart|p1: p0x2352388b|Spikes\n|\n|-damage|p1a: Gumshoos|156/321 brn|[from] brn\n|upkeep\n|turn|18\n|inactive|Time left: 300 sec this turn | 300 sec total\n|\n|t:|1783567358\n|move|p1a: Gumshoos|Double-Edge|p2a: Coalossal\n|-resisted|p2a: Coalossal\n|-damage|p2a: Coalossal|27/100\n|-damage|p1a: Gumshoos|140/321 brn|[from] Recoil\n|move|p2a: Coalossal|Stone Edge|p1a: Gumshoos\n|-damage|p1a: Gumshoos|19/321 brn\n|\n|-damage|p1a: Gumshoos|0 fnt|[from] brn\n|faint|p1a: Gumshoos\n|upkeep\n|inactive|Time left: 300 sec this turn | 300 sec total | 5 sec grace\n|\n|t:|1783567359\n|switch|p1a: Regirock|Regirock, L83|268/268\n|-damage|p1a: Regirock|224/268|[from] Spikes\n|turn|19\n|inactive|Time left: 300 sec this turn | 300 sec total\n|\n|t:|1783567360\n|switch|p2a: Lurantis|Lurantis, L87, M|100/100\n|move|p1a: Regirock|Stone Edge|p2a: Lurantis|[miss]\n|-miss|p1a: Regirock|p2a: Lurantis\n|\n|-heal|p1a: Regirock|240/268|[from] item: Leftovers\n|upkeep\n|turn|20\n|inactive|Time left: 300 sec this turn | 300 sec total\n|\n|t:|1783567361\n|-terastallize|p1a: Regirock|Fighting\n|move|p1a: Regirock|Body Press|p2a: Lurantis\n|-damage|p2a: Lurantis|41/100\n|move|p2a: Lurantis|Leaf Storm|p1a: Regirock\n|-damage|p1a: Regirock|123/268\n|-boost|p2a: Lurantis|spa|2\n|\n|-heal|p1a: Regirock|139/268|[from] item: Leftovers\n|-heal|p2a: Lurantis|47/100|[from] item: Leftovers\n|upkeep\n|turn|21\n|inactive|Time left: 300 sec this turn | 300 sec total\n|\n|t:|1783567363\n|switch|p2a: Alomomola|Alomomola, L87, M|100/100\n|move|p1a: Regirock|Body Press|p2a: Alomomola\n|-damage|p2a: Alomomola|66/100\n|\n|-heal|p1a: Regirock|155/268|[from] item: Leftovers\n|upkeep\n|turn|22\n|inactive|Time left: 300 sec this turn | 300 sec total\n|\n|t:|1783567364\n|move|p2a: Alomomola|Flip Turn|p1a: Regirock\n|-crit|p1a: Regirock\n|-damage|p1a: Regirock|110/268\n|\n|t:|1783567365\n|switch|p2a: Klefki|Klefki, L84, M|100/100|[from] Flip Turn\n|move|p1a: Regirock|Body Press|p2a: Klefki\n|-damage|p2a: Klefki|37/100\n|\n|-heal|p2a: Klefki|43/100|[from] item: Leftovers\n|-heal|p1a: Regirock|126/268|[from] item: Leftovers\n|upkeep\n|turn|23\n|inactive|Time left: 300 sec this turn | 300 sec total\n|\n|t:|1783567366\n|move|p2a: Klefki|Dazzling Gleam|p1a: Regirock\n|-supereffective|p1a: Regirock\n|-damage|p1a: Regirock|0 fnt\n|faint|p1a: Regirock\n|\n|-heal|p2a: Klefki|49/100|[from] item: Leftovers\n|upkeep\n|inactive|Time left: 300 sec this turn | 300 sec total | 5 sec grace\n|\n|t:|1783567367\n|switch|p1a: Houndoom|Houndoom, L87, F|272/272\n|turn|24\n|inactive|Time left: 300 sec this turn | 300 sec total\n|\n|t:|1783567368\n|switch|p2a: Alomomola|Alomomola, L87, M|99/100\n|move|p1a: Houndoom|Nasty Plot|p1a: Houndoom\n|-boost|p1a: Houndoom|spa|2\n|\n|upkeep\n|turn|25\n|inactive|Time left: 300 sec this turn | 300 sec total\n|\n|t:|1783567369\n|move|p1a: Houndoom|Dark Pulse|p2a: Alomomola\n|-damage|p2a: Alomomola|28/100\n|move|p2a: Alomomola|Flip Turn|p1a: Houndoom\n|-supereffective|p1a: Houndoom\n|-damage|p1a: Houndoom|116/272\n|\n|t:|1783567370\n|switch|p2a: Swanna|Swanna, L89, M|100/100|[from] Flip Turn\n|\n|upkeep\n|turn|26\n|inactive|Time left: 300 sec this turn | 300 sec total\n|\n|t:|1783567371\n|move|p1a: Houndoom|Sucker Punch|p2a: Swanna\n|-damage|p2a: Swanna|69/100\n|move|p2a: Swanna|Brave Bird|p1a: Houndoom\n|-damage|p1a: Houndoom|0 fnt\n|faint|p1a: Houndoom\n|-damage|p2a: Swanna|56/100|[from] Recoil\n|\n|upkeep\n|inactive|Time left: 300 sec this turn | 300 sec total | 5 sec grace\n|\n|t:|1783567372\n|switch|p1a: Grimmsnarl|Grimmsnarl, L83, M|293/293\n|-damage|p1a: Grimmsnarl|245/293|[from] Spikes\n|turn|27\n|inactive|Time left: 300 sec this turn | 300 sec total\n|\n|t:|1783567373\n|move|p2a: Swanna|Brave Bird|p1a: Grimmsnarl\n|-damage|p1a: Grimmsnarl|80/293\n|-damage|p2a: Swanna|36/100|[from] Recoil\n|move|p1a: Grimmsnarl|Spirit Break|p2a: Swanna\n|-damage|p2a: Swanna|0 fnt\n|faint|p2a: Swanna\n|\n|upkeep\n|\n|t:|1783567374\n|switch|p2a: Lurantis|Lurantis, L87, M|47/100\n|turn|28\n|inactive|Time left: 300 sec this turn | 300 sec total\n|\n|t:|1783567375\n|move|p1a: Grimmsnarl|Spirit Break|p2a: Lurantis\n|-damage|p2a: Lurantis|12/100\n|-boost|p2a: Lurantis|spa|1\n|move|p2a: Lurantis|Superpower|p1a: Grimmsnarl\n|-damage|p1a: Grimmsnarl|0 fnt\n|-boost|p2a: Lurantis|atk|1\n|-boost|p2a: Lurantis|def|1\n|faint|p1a: Grimmsnarl\n|\n|-heal|p2a: Lurantis|18/100|[from] item: Leftovers\n|upkeep\n|inactive|Time left: 300 sec this turn | 300 sec total | 5 sec grace\n|\n|t:|1783567375\n|switch|p1a: Flamigo|Flamigo, L82, M|269/269\n|turn|29\n|inactive|Time left: 300 sec this turn | 300 sec total\n|\n|t:|1783567376\n|-terastallize|p2a: Lurantis|Fighting\n|move|p1a: Flamigo|Brave Bird|p2a: Lurantis\n|-supereffective|p2a: Lurantis\n|-damage|p2a: Lurantis|0 fnt\n|faint|p2a: Lurantis\n|-damage|p1a: Flamigo|254/269|[from] Recoil\n|\n|upkeep\n|\n|t:|1783567377\n|switch|p2a: Klefki|Klefki, L84, M|49/100\n|turn|30\n|inactive|Time left: 300 sec this turn | 300 sec total\n|\n|t:|1783567378\n|move|p1a: Flamigo|Brave Bird|p2a: Klefki\n|-resisted|p2a: Klefki\n|-damage|p2a: Klefki|4/100\n|-damage|p1a: Flamigo|220/269|[from] Recoil\n|move|p2a: Klefki|Dazzling Gleam|p1a: Flamigo\n|-supereffective|p1a: Flamigo\n|-damage|p1a: Flamigo|22/269\n|\n|-heal|p2a: Klefki|10/100|[from] item: Leftovers\n|upkeep\n|turn|31\n|inactive|Time left: 300 sec this turn | 300 sec total\n|\n|t:|1783567379\n|switch|p2a: Alomomola|Alomomola, L87, M|61/100\n|move|p1a: Flamigo|Brave Bird|p2a: Alomomola\n|-damage|p2a: Alomomola|9/100\n|-damage|p1a: Flamigo|0 fnt|[from] Recoil\n|faint|p1a: Flamigo\n|\n|win|p0y235218db", "uploadtime": 1783567379, "views": 0, "rating": 0, "private": 0, "password": null, "_winner": "p0y235218db", "_our_name": "p0x2352388b"}