{"id": "battle-gen9randombattle-2307", "formatid": "gen9randombattle", "format": "[Gen 9] Random Battle", "players": ["p0x2307f9a9", "p0y23078d3e"], "log": "|init|battle\n|title|p0x2307f9a9 vs. p0y23078d3e\n|j|\u2606p0x2307f9a9\n|j|\u2606p0y23078d3e\n|t:|1783566807\n|gametype|singles\n|player|p1|p0x2307f9a9|102|\n|player|p2|p0y23078d3e|169|\n|gen|9\n|tier|[Gen 9] Random Battle\n|rule|Species Clause: Limit one of each Pok\u00e9mon\n|rule|HP Percentage Mod: HP is shown in percentages\n|rule|Sleep Clause Mod: Limit one foe put to sleep\n|rule|Illusion Level Mod: Illusion disguises the Pok\u00e9mon's true level\n|\n|t:|1783566807\n|teamsize|p1|6\n|teamsize|p2|6\n|start\n|switch|p1a: Meowstic|Meowstic-F, L89, F|100/100\n|switch|p2a: Grumpig|Grumpig, L92, M|297/297\n|turn|1\n|inactive|Battle timer is ON: inactive players will automatically lose when time's up. (requested by p0x2307f9a9)\n|inactive|Time left: 300 sec this turn | 300 sec total | 60 sec grace\n|inactive|p0y23078d3e also wants the timer to be on.\n|\n|t:|1783566808\n|move|p1a: Meowstic|Nasty Plot|p1a: Meowstic\n|-boost|p1a: Meowstic|spa|2\n|move|p2a: Grumpig|Nasty Plot|p2a: Grumpig\n|-boost|p2a: Grumpig|spa|2\n|\n|upkeep\n|turn|2\n|inactive|Time left: 300 sec this turn | 300 sec total\n|\n|t:|1783566809\n|-terastallize|p1a: Meowstic|Dark\n|move|p1a: Meowstic|Dark Pulse|p2a: Grumpig\n|-supereffective|p2a: Grumpig\n|-damage|p2a: Grumpig|0 fnt\n|faint|p2a: Grumpig\n|-damage|p1a: Meowstic|91/100|[from] item: Life Orb\n|\n|upkeep\n|inactive|Time left: 300 sec this turn | 300 sec total | 5 sec grace\n|\n|t:|1783566810\n|switch|p2a: Gallade|Gallade, L80, M|240/240\n|turn|3\n|inactive|Time left: 300 sec this turn | 300 sec total\n|\n|t:|1783566811\n|-terastallize|p2a: Gallade|Dark\n|move|p1a: Meowstic|Psyshock|p2a: Gallade\n|-immune|p2a: Gallade\n|move|p2a: Gallade|Sacred Sword|p1a: Meowstic\n|-supereffective|p1a: Meowstic\n|-damage|p1a: Meowstic|0 fnt\n|faint|p1a: Meowstic\n|\n|upkeep\n|\n|t:|1783566812\n|switch|p1a: Quaquaval|Quaquaval, L79, F|100/100\n|turn|4\n|inactive|Time left: 300 sec this turn | 300 sec total\n|\n|t:|1783566813\n|switch|p2a: Thundurus|Thundurus-Therian, L80, M|258/258\n|move|p1a: Quaquaval|Close Combat|p2a: Thundurus\n|-resisted|p2a: Thundurus\n|-damage|p2a: Thundurus|136/258\n|-unboost|p1a: Quaquaval|def|1\n|-unboost|p1a: Quaquaval|spd|1\n|\n|upkeep\n|turn|5\n|inactive|Time left: 300 sec this turn | 300 sec total\n|\n|t:|1783566815\n|switch|p1a: Mudsdale|Mudsdale, L83, F|100/100\n|move|p2a: Thundurus|Thunderbolt|p1a: Mudsdale\n|-immune|p1a: Mudsdale\n|\n|upkeep\n|turn|6\n|inactive|Time left: 300 sec this turn | 300 sec total\n|\n|t:|1783566816\n|move|p2a: Thundurus|Focus Blast|p1a: Mudsdale|[miss]\n|-miss|p2a: Thundurus|p1a: Mudsdale\n|move|p1a: Mudsdale|Stone Edge|p2a: Thundurus\n|-supereffective|p2a: Thundurus\n|-damage|p2a: Thundurus|0 fnt\n|faint|p2a: Thundurus\n|\n|upkeep\n|inactive|Time left: 300 sec this turn | 300 sec total | 5 sec grace\n|\n|t:|1783566817\n|switch|p2a: Gallade|Gallade, L80, M, tera:Dark|240/240\n|turn|7\n|inactive|Time left: 300 sec this turn | 300 sec total\n|\n|t:|1783566818\n|move|p2a: Gallade|Leaf Blade|p1a: Mudsdale\n|-supereffective|p1a: Mudsdale\n|-damage|p1a: Mudsdale|1/100\n|-ability|p1a: Mudsdale|Stamina|boost\n|-boost|p1a: Mudsdale|def|1\n|move|p1a: Mudsdale|Earthquake|p2a: Gallade\n|-damage|p2a: Gallade|83/240\n|\n|-heal|p1a: Mudsdale|7/100|[from] item: Leftovers\n|upkeep\n|turn|8\n|inactive|Time left: 300 sec this turn | 300 sec total\n|\n|t:|1783566819\n|switch|p1a: Altaria|Altaria, L89, F|100/100\n|move|p2a: Gallade|Leaf Blade|p1a: Altaria\n|-resisted|p1a: Altaria\n|-damage|p1a: Altaria|88/100\n|\n|upkeep\n|turn|9\n|inactive|Time left: 300 sec this turn | 300 sec total\n|\n|t:|1783566819\n|switch|p2a: Pawmot|Pawmot, L80, M|243/243\n|move|p1a: Altaria|Brave Bird|p2a: Pawmot\n|-damage|p2a: Pawmot|107/243\n|-damage|p1a: Altaria|72/100|[from] Recoil\n|\n|upkeep\n|turn|10\n|inactive|Time left: 300 sec this turn | 300 sec total\n|\n|t:|1783566820\n|switch|p1a: Pincurchin|Pincurchin, M|100/100\n|-fieldstart|move: Electric Terrain|[from] ability: Electric Surge|[of] p1a: Pincurchin\n|move|p2a: Pawmot|Ice Punch|p1a: Pincurchin\n|-damage|p1a: Pincurchin|71/100\n|-damage|p2a: Pawmot|83/243|[from] item: Life Orb\n|\n|-heal|p1a: Pincurchin|78/100|[from] item: Leftovers\n|upkeep\n|turn|11\n|inactive|Time left: 300 sec this turn | 300 sec total\n|\n|t:|1783566821\n|move|p2a: Pawmot|Close Combat|p1a: Pincurchin\n|-damage|p1a: Pincurchin|26/100\n|-unboost|p2a: Pawmot|def|1\n|-unboost|p2a: Pawmot|spd|1\n|-damage|p2a: Pawmot|59/243|[from] item: Life Orb\n|move|p1a: Pincurchin|Recover|p1a: Pincurchin\n|-heal|p1a: Pincurchin|76/100\n|\n|-heal|p1a: Pincurchin|82/100|[from] item: Leftovers\n|upkeep\n|turn|12\n|inactive|Time left: 300 sec this turn | 300 sec total\n|\n|t:|1783566822\n|move|p2a: Pawmot|Close Combat|p1a: Pincurchin\n|-damage|p1a: Pincurchin|25/100\n|-unboost|p2a: Pawmot|def|1\n|-unboost|p2a: Pawmot|spd|1\n|-damage|p2a: Pawmot|35/243|[from] item: Life Orb\n|move|p1a: Pincurchin|Recover|p1a: Pincurchin\n|-heal|p1a: Pincurchin|75/100\n|\n|-heal|p1a: Pincurchin|81/100|[from] item: Leftovers\n|upkeep\n|turn|13\n|inactive|Time left: 300 sec this turn | 300 sec total\n|\n|t:|1783566823\n|move|p2a: Pawmot|Close Combat|p1a: Pincurchin\n|-crit|p1a: Pincurchin\n|-damage|p1a: Pincurchin|0 fnt\n|-unboost|p2a: Pawmot|def|1\n|-unboost|p2a: Pawmot|spd|1\n|faint|p1a: Pincurchin\n|-damage|p2a: Pawmot|11/243|[from] item: Life Orb\n|\n|upkeep\n|\n|t:|1783566825\n|switch|p1a: Tornadus|Tornadus, L82, M|100/100\n|turn|14\n|inactive|Time left: 300 sec this turn | 300 sec total\n|\n|t:|1783566826\n|move|p1a: Tornadus|Heat Wave|p2a: Pawmot\n|-damage|p2a: Pawmot|0 fnt\n|faint|p2a: Pawmot\n|\n|-fieldend|move: Electric Terrain\n|upkeep\n|inactive|Time left: 300 sec this turn | 300 sec total | 5 sec grace\n|\n|t:|1783566827\n|switch|p2a: Spectrier|Spectrier, L75|274/274\n|turn|15\n|inactive|Time left: 300 sec this turn | 300 sec total\n|\n|t:|1783566828\n|move|p2a: Spectrier|Nasty Plot|p2a: Spectrier\n|-boost|p2a: Spectrier|spa|2\n|move|p1a: Tornadus|Heat Wave|p2a: Spectrier\n|-damage|p2a: Spectrier|135/274\n|\n|upkeep\n|turn|16\n|inactive|Time left: 300 sec this turn | 300 sec total\n|\n|t:|1783566829\n|move|p2a: Spectrier|Shadow Ball|p1a: Tornadus\n|-damage|p1a: Tornadus|0 fnt\n|faint|p1a: Tornadus\n|-ability|p2a: Spectrier|Grim Neigh|boost\n|-boost|p2a: Spectrier|spa|1\n|-damage|p2a: Spectrier|108/274|[from] item: Life Orb\n|\n|upkeep\n|\n|t:|1783566830\n|switch|p1a: Mudsdale|Mudsdale, L83, F|7/100\n|turn|17\n|inactive|Time left: 300 sec this turn | 300 sec total\n|\n|t:|1783566831\n|move|p2a: Spectrier|Shadow Ball|p1a: Mudsdale\n|-crit|p1a: Mudsdale\n|-damage|p1a: Mudsdale|0 fnt\n|faint|p1a: Mudsdale\n|-ability|p2a: Spectrier|Grim Neigh|boost\n|-boost|p2a: Spectrier|spa|1\n|-damage|p2a: Spectrier|81/274|[from] item: Life Orb\n|\n|upkeep\n|\n|t:|1783566832\n|switch|p1a: Altaria|Altaria, L89, F|72/100\n|turn|18\n|inactive|Time left: 300 sec this turn | 300 sec total\n|\n|t:|1783566833\n|move|p2a: Spectrier|Shadow Ball|p1a: Altaria\n|-damage|p1a: Altaria|0 fnt\n|faint|p1a: Altaria\n|-ability|p2a: Spectrier|Grim Neigh|boost\n|-boost|p2a: Spectrier|spa|1\n|-damage|p2a: Spectrier|54/274|[from] item: Life Orb\n|\n|upkeep\n|\n|t:|1783566834\n|switch|p1a: Quaquaval|Quaquaval, L79, F|100/100\n|turn|19\n|inactive|Time left: 300 sec this turn | 300 sec total\n|\n|t:|1783566834\n|move|p2a: Spectrier|Shadow Ball|p1a: Quaquaval\n|-damage|p1a: Quaquaval|0 fnt\n|faint|p1a: Quaquaval\n|-damage|p2a: Spectrier|27/274|[from] item: Life Orb\n|\n|win|p0y23078d3e", "uploadtime": 1783566834, "views": 0, "rating": 0, "private": 0, "password": null, "_winner": "p0y23078d3e", "_our_name": "p0y23078d3e"}