{"id": "battle-gen9randombattle-1788", "formatid": "gen9randombattle", "format": "[Gen 9] Random Battle", "players": ["p0x1788c724", "p0y178814b9"], "log": "|init|battle\n|title|p0x1788c724 vs. p0y178814b9\n|j|\u2606p0x1788c724\n|j|\u2606p0y178814b9\n|t:|1783559962\n|gametype|singles\n|player|p1|p0x1788c724|265|\n|player|p2|p0y178814b9|101|\n|gen|9\n|tier|[Gen 9] Random Battle\n|rule|Species Clause: Limit one of each Pok\u00e9mon\n|rule|HP Percentage Mod: HP is shown in percentages\n|rule|Sleep Clause Mod: Limit one foe put to sleep\n|rule|Illusion Level Mod: Illusion disguises the Pok\u00e9mon's true level\n|\n|t:|1783559962\n|teamsize|p1|6\n|teamsize|p2|6\n|start\n|switch|p1a: Heracross|Heracross, L80, F|100/100\n|switch|p2a: Hatterene|Hatterene, L85, F|236/236\n|turn|1\n|inactive|Battle timer is ON: inactive players will automatically lose when time's up. (requested by p0y178814b9)\n|inactive|p0x1788c724 also wants the timer to be on.\n|\n|t:|1783559963\n|switch|p1a: Ursaluna|Ursaluna, L79, F|100/100\n|move|p2a: Hatterene|Psyshock|p1a: Ursaluna\n|-damage|p1a: Ursaluna|68/100\n|\n|-status|p1a: Ursaluna|brn|[from] item: Flame Orb\n|upkeep\n|turn|2\n|inactive|Time left: 300 sec this turn | 300 sec total\n|\n|t:|1783559964\n|switch|p2a: Avalugg|Avalugg, L88, F|310/310\n|move|p1a: Ursaluna|Facade|p2a: Avalugg\n|-damage|p2a: Avalugg|160/310\n|\n|-damage|p1a: Ursaluna|62/100 brn|[from] brn\n|upkeep\n|turn|3\n|inactive|Time left: 300 sec this turn | 300 sec total\n|\n|t:|1783559965\n|-terastallize|p1a: Ursaluna|Normal\n|move|p1a: Ursaluna|Facade|p2a: Avalugg\n|-damage|p2a: Avalugg|0 fnt\n|faint|p2a: Avalugg\n|\n|-damage|p1a: Ursaluna|56/100 brn|[from] brn\n|upkeep\n|inactive|Time left: 300 sec this turn | 300 sec total | 5 sec grace\n|\n|t:|1783559966\n|switch|p2a: Pelipper|Pelipper, L86, F|243/243\n|-weather|RainDance|[from] ability: Drizzle|[of] p2a: Pelipper\n|turn|4\n|inactive|Time left: 300 sec this turn | 300 sec total\n|\n|t:|1783559967\n|switch|p1a: Walking Wake|Walking Wake, L79|100/100\n|move|p2a: Pelipper|Hurricane|p1a: Walking Wake\n|-damage|p1a: Walking Wake|37/100\n|-start|p1a: Walking Wake|confusion\n|\n|-weather|RainDance|[upkeep]\n|upkeep\n|turn|5\n|inactive|Time left: 300 sec this turn | 300 sec total\n|\n|t:|1783559968\n|-activate|p1a: Walking Wake|confusion\n|move|p1a: Walking Wake|Draco Meteor|p2a: Pelipper\n|-damage|p2a: Pelipper|0 fnt\n|-unboost|p1a: Walking Wake|spa|2\n|faint|p2a: Pelipper\n|\n|-weather|RainDance|[upkeep]\n|upkeep\n|inactive|Time left: 300 sec this turn | 300 sec total | 5 sec grace\n|\n|t:|1783559969\n|switch|p2a: Porygon-Z|Porygon-Z, L83|277/277\n|turn|6\n|inactive|Time left: 300 sec this turn | 300 sec total\n|\n|t:|1783559970\n|-end|p1a: Walking Wake|Protosynthesis|[silent]\n|switch|p1a: Heracross|Heracross, L80, F|100/100\n|move|p2a: Porygon-Z|Tri Attack|p1a: Heracross\n|-damage|p1a: Heracross|23/100\n|\n|-weather|RainDance|[upkeep]\n|-status|p1a: Heracross|brn|[from] item: Flame Orb\n|upkeep\n|turn|7\n|inactive|Time left: 300 sec this turn | 300 sec total\n|\n|t:|1783559971\n|switch|p1a: Dewgong|Dewgong, L94, F|100/100\n|move|p2a: Porygon-Z|Tri Attack|p1a: Dewgong\n|-damage|p1a: Dewgong|46/100\n|\n|-weather|RainDance|[upkeep]\n|upkeep\n|turn|8\n|inactive|Time left: 300 sec this turn | 300 sec total\n|\n|t:|1783559972\n|move|p2a: Porygon-Z|Tri Attack|p1a: Dewgong\n|-damage|p1a: Dewgong|0 fnt\n|faint|p1a: Dewgong\n|\n|-weather|none\n|upkeep\n|\n|t:|1783559973\n|switch|p1a: Ursaluna|Ursaluna, L79, F, tera:Normal|56/100 brn\n|turn|9\n|inactive|Time left: 300 sec this turn | 300 sec total\n|\n|t:|1783559975\n|move|p2a: Porygon-Z|Tri Attack|p1a: Ursaluna\n|-damage|p1a: Ursaluna|0 fnt\n|faint|p1a: Ursaluna\n|\n|upkeep\n|\n|t:|1783559976\n|switch|p1a: Ariados|Ariados, L95, M|100/100\n|turn|10\n|inactive|Time left: 300 sec this turn | 300 sec total\n|\n|t:|1783559977\n|move|p2a: Porygon-Z|Tri Attack|p1a: Ariados\n|-damage|p1a: Ariados|21/100\n|move|p1a: Ariados|Poison Jab|p2a: Porygon-Z\n|-damage|p2a: Porygon-Z|154/277\n|\n|upkeep\n|turn|11\n|inactive|Time left: 300 sec this turn | 300 sec total\n|\n|t:|1783559978\n|move|p2a: Porygon-Z|Tri Attack|p1a: Ariados\n|-damage|p1a: Ariados|0 fnt\n|faint|p1a: Ariados\n|\n|upkeep\n|\n|t:|1783559979\n|switch|p1a: Falinks|Falinks, L84|100/100\n|turn|12\n|inactive|Time left: 300 sec this turn | 300 sec total\n|\n|t:|1783559980\n|move|p2a: Porygon-Z|Tri Attack|p1a: Falinks\n|-damage|p1a: Falinks|0 fnt\n|faint|p1a: Falinks\n|\n|upkeep\n|\n|t:|1783559981\n|switch|p1a: Walking Wake|Walking Wake, L79|37/100\n|turn|13\n|inactive|Time left: 300 sec this turn | 300 sec total\n|\n|t:|1783559982\n|move|p1a: Walking Wake|Flip Turn|p2a: Porygon-Z\n|-damage|p2a: Porygon-Z|96/277\n|\n|t:|1783559983\n|-end|p1a: Walking Wake|Protosynthesis|[silent]\n|switch|p1a: Heracross|Heracross, L80, F|23/100 brn|[from] Flip Turn\n|move|p2a: Porygon-Z|Tri Attack|p1a: Heracross\n|-damage|p1a: Heracross|0 fnt\n|faint|p1a: Heracross\n|\n|upkeep\n|\n|t:|1783559983\n|switch|p1a: Walking Wake|Walking Wake, L79|37/100\n|turn|14\n|inactive|Time left: 300 sec this turn | 300 sec total\n|\n|t:|1783559984\n|move|p1a: Walking Wake|Draco Meteor|p2a: Porygon-Z\n|-damage|p2a: Porygon-Z|0 fnt\n|-unboost|p1a: Walking Wake|spa|2\n|faint|p2a: Porygon-Z\n|\n|upkeep\n|inactive|Time left: 300 sec this turn | 300 sec total | 5 sec grace\n|\n|t:|1783559985\n|switch|p2a: Hatterene|Hatterene, L85, F|236/236\n|turn|15\n|inactive|Time left: 300 sec this turn | 300 sec total\n|\n|t:|1783559986\n|-terastallize|p2a: Hatterene|Steel\n|move|p1a: Walking Wake|Draco Meteor|p2a: Hatterene\n|-resisted|p2a: Hatterene\n|-damage|p2a: Hatterene|189/236\n|-unboost|p1a: Walking Wake|spa|2\n|move|p2a: Hatterene|Draining Kiss|p1a: Walking Wake\n|-supereffective|p1a: Walking Wake\n|-damage|p1a: Walking Wake|0 fnt\n|-heal|p2a: Hatterene|236/236|[from] drain|[of] p1a: Walking Wake\n|faint|p1a: Walking Wake\n|-end|p1a: Walking Wake|Protosynthesis|[silent]\n|\n|win|p0y178814b9", "uploadtime": 1783559986, "views": 0, "rating": 0, "private": 0, "password": null, "_winner": "p0y178814b9", "_our_name": "p0y178814b9"}