{"id": "battle-gen9randombattle-1944", "formatid": "gen9randombattle", "format": "[Gen 9] Random Battle", "players": ["p0x194402d2", "p0y1944c887"], "log": "|init|battle\n|title|p0x194402d2 vs. p0y1944c887\n|j|\u2606p0x194402d2\n|j|\u2606p0y1944c887\n|t:|1783562487\n|gametype|singles\n|player|p1|p0x194402d2|265|\n|player|p2|p0y1944c887|266|\n|gen|9\n|tier|[Gen 9] Random Battle\n|rule|Species Clause: Limit one of each Pok\u00e9mon\n|rule|HP Percentage Mod: HP is shown in percentages\n|rule|Sleep Clause Mod: Limit one foe put to sleep\n|rule|Illusion Level Mod: Illusion disguises the Pok\u00e9mon's true level\n|\n|t:|1783562487\n|teamsize|p1|6\n|teamsize|p2|6\n|start\n|switch|p1a: Luvdisc|Luvdisc, M|100/100\n|switch|p2a: Electivire|Electivire, L84, F|263/263\n|turn|1\n|inactive|Battle timer is ON: inactive players will automatically lose when time's up. (requested by p0x194402d2)\n|inactive|Time left: 300 sec this turn | 300 sec total | 60 sec grace\n|inactive|p0y1944c887 also wants the timer to be on.\n|\n|t:|1783562489\n|move|p1a: Luvdisc|Substitute|p1a: Luvdisc\n|-start|p1a: Luvdisc|Substitute\n|-damage|p1a: Luvdisc|76/100\n|move|p2a: Electivire|Supercell Slam|p1a: Luvdisc\n|-supereffective|p1a: Luvdisc\n|-end|p1a: Luvdisc|Substitute\n|-damage|p2a: Electivire|237/263|[from] item: Life Orb\n|\n|upkeep\n|turn|2\n|inactive|Time left: 300 sec this turn | 300 sec total\n|\n|t:|1783562490\n|move|p1a: Luvdisc|Substitute|p1a: Luvdisc\n|-start|p1a: Luvdisc|Substitute\n|-damage|p1a: Luvdisc|51/100\n|move|p2a: Electivire|Earthquake|p1a: Luvdisc\n|-end|p1a: Luvdisc|Substitute\n|-damage|p2a: Electivire|211/263|[from] item: Life Orb\n|\n|upkeep\n|turn|3\n|inactive|Time left: 300 sec this turn | 300 sec total\n|\n|t:|1783562491\n|move|p1a: Luvdisc|Endeavor|p2a: Electivire\n|-damage|p2a: Electivire|125/263\n|move|p2a: Electivire|Supercell Slam|p1a: Luvdisc\n|-supereffective|p1a: Luvdisc\n|-damage|p1a: Luvdisc|0 fnt\n|faint|p1a: Luvdisc\n|-damage|p2a: Electivire|99/263|[from] item: Life Orb\n|\n|upkeep\n|\n|t:|1783562492\n|switch|p1a: Ludicolo|Ludicolo, L90, F|100/100\n|turn|4\n|inactive|Time left: 300 sec this turn | 300 sec total\n|\n|t:|1783562493\n|move|p2a: Electivire|Supercell Slam|p1a: Ludicolo\n|-damage|p1a: Ludicolo|32/100\n|-damage|p2a: Electivire|73/263|[from] item: Life Orb\n|move|p1a: Ludicolo|Giga Drain|p2a: Electivire\n|-damage|p2a: Electivire|0 fnt\n|-heal|p1a: Ludicolo|45/100|[from] drain|[of] p2a: Electivire\n|faint|p2a: Electivire\n|\n|upkeep\n|inactive|Time left: 300 sec this turn | 300 sec total | 5 sec grace\n|\n|t:|1783562493\n|switch|p2a: Indeedee|Indeedee, L84, M|238/238\n|-fieldstart|move: Psychic Terrain|[from] ability: Psychic Surge|[of] p2a: Indeedee\n|turn|5\n|inactive|Time left: 300 sec this turn | 300 sec total\n|\n|t:|1783562495\n|switch|p1a: Heatran|Heatran, L79, F|100/100\n|-item|p1a: Heatran|Air Balloon\n|move|p2a: Indeedee|Expanding Force|p1a: Heatran\n|-resisted|p1a: Heatran\n|-damage|p1a: Heatran|56/100\n|-enditem|p1a: Heatran|Air Balloon\n|\n|upkeep\n|turn|6\n|inactive|Time left: 300 sec this turn | 300 sec total\n|\n|t:|1783562496\n|move|p2a: Indeedee|Expanding Force|p1a: Heatran\n|-resisted|p1a: Heatran\n|-damage|p1a: Heatran|14/100\n|move|p1a: Heatran|Stealth Rock|p2a: Indeedee\n|-sidestart|p2: p0y1944c887|move: Stealth Rock\n|\n|upkeep\n|turn|7\n|inactive|Time left: 300 sec this turn | 300 sec total\n|\n|t:|1783562497\n|switch|p1a: Gholdengo|Gholdengo, L77|100/100\n|move|p2a: Indeedee|Expanding Force|p1a: Gholdengo\n|-resisted|p1a: Gholdengo\n|-damage|p1a: Gholdengo|49/100\n|\n|-heal|p1a: Gholdengo|55/100|[from] item: Leftovers\n|upkeep\n|turn|8\n|inactive|Time left: 300 sec this turn | 300 sec total\n|\n|t:|1783562498\n|move|p2a: Indeedee|Expanding Force|p1a: Gholdengo\n|-resisted|p1a: Gholdengo\n|-damage|p1a: Gholdengo|2/100\n|move|p1a: Gholdengo|Make It Rain|p2a: Indeedee\n|-damage|p2a: Indeedee|120/238\n|-unboost|p1a: Gholdengo|spa|1\n|\n|-heal|p1a: Gholdengo|8/100|[from] item: Leftovers\n|upkeep\n|turn|9\n|inactive|Time left: 300 sec this turn | 300 sec total\n|\n|t:|1783562499\n|switch|p1a: Heatran|Heatran, L79, F|14/100\n|move|p2a: Indeedee|Expanding Force|p1a: Heatran\n|-resisted|p1a: Heatran\n|-crit|p1a: Heatran\n|-damage|p1a: Heatran|0 fnt\n|faint|p1a: Heatran\n|\n|-fieldend|move: Psychic Terrain\n|upkeep\n|\n|t:|1783562500\n|switch|p1a: Ludicolo|Ludicolo, L90, F|45/100\n|turn|10\n|inactive|Time left: 300 sec this turn | 300 sec total\n|\n|t:|1783562501\n|-terastallize|p2a: Indeedee|Psychic\n|move|p2a: Indeedee|Expanding Force|p1a: Ludicolo\n|-damage|p1a: Ludicolo|0 fnt\n|faint|p1a: Ludicolo\n|\n|upkeep\n|\n|t:|1783562502\n|switch|p1a: Zangoose|Zangoose, L85, M|100/100\n|turn|11\n|inactive|Time left: 300 sec this turn | 300 sec total\n|\n|t:|1783562503\n|move|p2a: Indeedee|Expanding Force|p1a: Zangoose\n|-damage|p1a: Zangoose|6/100\n|move|p1a: Zangoose|Knock Off|p2a: Indeedee\n|-supereffective|p2a: Indeedee\n|-damage|p2a: Indeedee|0 fnt\n|-enditem|p2a: Indeedee|Choice Specs|[from] move: Knock Off|[of] p1a: Zangoose\n|faint|p2a: Indeedee\n|\n|-status|p1a: Zangoose|tox|[from] item: Toxic Orb\n|upkeep\n|inactive|Time left: 300 sec this turn | 300 sec total | 5 sec grace\n|\n|t:|1783562504\n|switch|p2a: Meowscarada|Meowscarada, L78, M|247/247\n|-damage|p2a: Meowscarada|217/247|[from] Stealth Rock\n|turn|12\n|inactive|Time left: 300 sec this turn | 300 sec total\n|\n|t:|1783562505\n|move|p1a: Zangoose|Quick Attack|p2a: Meowscarada\n|-damage|p2a: Meowscarada|123/247\n|move|p2a: Meowscarada|Triple Axel|p1a: Zangoose\n|-start|p2a: Meowscarada|typechange|Ice|[from] ability: Protean\n|-damage|p1a: Zangoose|0 fnt\n|faint|p1a: Zangoose\n|-hitcount|p1: Zangoose|1\n|\n|upkeep\n|\n|t:|1783562506\n|switch|p1a: Iron Valiant|Iron Valiant, L78|100/100\n|turn|13\n|inactive|Time left: 300 sec this turn | 300 sec total\n|\n|t:|1783562507\n|move|p2a: Meowscarada|Triple Axel|p1a: Iron Valiant\n|-damage|p1a: Iron Valiant|87/100\n|-damage|p1a: Iron Valiant|62/100\n|-damage|p1a: Iron Valiant|21/100\n|-hitcount|p1a: Iron Valiant|3\n|move|p1a: Iron Valiant|Knock Off|p2a: Meowscarada\n|-damage|p2a: Meowscarada|0 fnt\n|-enditem|p2a: Meowscarada|Choice Band|[from] move: Knock Off|[of] p1a: Iron Valiant\n|faint|p2a: Meowscarada\n|-damage|p1a: Iron Valiant|12/100|[from] item: Life Orb\n|\n|upkeep\n|inactive|Time left: 300 sec this turn | 300 sec total | 5 sec grace\n|\n|t:|1783562508\n|switch|p2a: Toxapex|Toxapex, L82, M|216/216\n|-damage|p2a: Toxapex|189/216|[from] Stealth Rock\n|turn|14\n|inactive|Time left: 300 sec this turn | 300 sec total\n|\n|t:|1783562509\n|move|p1a: Iron Valiant|Moonblast|p2a: Toxapex\n|-resisted|p2a: Toxapex\n|-damage|p2a: Toxapex|145/216\n|-unboost|p2a: Toxapex|spa|1\n|-damage|p1a: Iron Valiant|2/100|[from] item: Life Orb\n|move|p2a: Toxapex|Liquidation|p1a: Iron Valiant\n|-damage|p1a: Iron Valiant|0 fnt\n|faint|p1a: Iron Valiant\n|-end|p1a: Iron Valiant|Quark Drive|[silent]\n|\n|upkeep\n|\n|t:|1783562510\n|switch|p1a: Gholdengo|Gholdengo, L77|8/100\n|turn|15\n|inactive|Time left: 300 sec this turn | 300 sec total\n|\n|t:|1783562511\n|-terastallize|p1a: Gholdengo|Steel\n|move|p1a: Gholdengo|Nasty Plot|p1a: Gholdengo\n|-boost|p1a: Gholdengo|spa|2\n|move|p2a: Toxapex|Liquidation|p1a: Gholdengo\n|-damage|p1a: Gholdengo|0 fnt\n|faint|p1a: Gholdengo\n|\n|win|p0y1944c887", "uploadtime": 1783562511, "views": 0, "rating": 0, "private": 0, "password": null, "_winner": "p0y1944c887", "_our_name": "p0y1944c887"}