{"id": "battle-gen9randombattle-1993", "formatid": "gen9randombattle", "format": "[Gen 9] Random Battle", "players": ["p0x19930391", "p0y19934d1f"], "log": "|init|battle\n|title|p0x19930391 vs. p0y19934d1f\n|j|\u2606p0x19930391\n|j|\u2606p0y19934d1f\n|t:|1783563048\n|gametype|singles\n|player|p1|p0x19930391|101|\n|player|p2|p0y19934d1f|101|\n|gen|9\n|tier|[Gen 9] Random Battle\n|rule|Species Clause: Limit one of each Pok\u00e9mon\n|rule|HP Percentage Mod: HP is shown in percentages\n|rule|Sleep Clause Mod: Limit one foe put to sleep\n|rule|Illusion Level Mod: Illusion disguises the Pok\u00e9mon's true level\n|\n|t:|1783563048\n|teamsize|p1|6\n|teamsize|p2|6\n|start\n|switch|p1a: Latios|Latios, L78, M|100/100\n|switch|p2a: Donphan|Donphan, L84, F|288/288\n|turn|1\n|inactive|Battle timer is ON: inactive players will automatically lose when time's up. (requested by p0y19934d1f)\n|inactive|p0x19930391 also wants the timer to be on.\n|\n|t:|1783563050\n|move|p1a: Latios|Draco Meteor|p2a: Donphan\n|-damage|p2a: Donphan|117/288\n|-unboost|p1a: Latios|spa|2\n|move|p2a: Donphan|Rapid Spin|p1a: Latios\n|-damage|p1a: Latios|82/100\n|-boost|p2a: Donphan|spe|1\n|\n|upkeep\n|turn|2\n|inactive|Time left: 300 sec this turn | 300 sec total\n|\n|t:|1783563051\n|switch|p1a: Sawsbuck|Sawsbuck-Winter, L88, F|100/100\n|move|p2a: Donphan|Ice Spinner|p1a: Sawsbuck\n|-supereffective|p1a: Sawsbuck\n|-damage|p1a: Sawsbuck|50/100\n|\n|upkeep\n|turn|3\n|inactive|Time left: 300 sec this turn | 300 sec total\n|\n|t:|1783563052\n|move|p1a: Sawsbuck|Horn Leech|p2a: Donphan\n|-supereffective|p2a: Donphan\n|-damage|p2a: Donphan|0 fnt\n|-heal|p1a: Sawsbuck|71/100|[from] drain|[of] p2a: Donphan\n|faint|p2a: Donphan\n|-damage|p1a: Sawsbuck|61/100|[from] item: Life Orb\n|\n|upkeep\n|inactive|Time left: 300 sec this turn | 300 sec total | 5 sec grace\n|\n|t:|1783563053\n|switch|p2a: Avalugg|Avalugg-Hisui, L90, F|317/317\n|turn|4\n|inactive|Time left: 300 sec this turn | 300 sec total\n|\n|t:|1783563055\n|switch|p1a: Okidogi|Okidogi, L77, M|100/100\n|move|p2a: Avalugg|Body Press|p1a: Okidogi\n|-resisted|p1a: Okidogi\n|-damage|p1a: Okidogi|81/100\n|\n|-heal|p1a: Okidogi|88/100|[from] item: Leftovers\n|upkeep\n|turn|5\n|inactive|Time left: 300 sec this turn | 300 sec total\n|\n|t:|1783563056\n|move|p1a: Okidogi|Bulk Up|p1a: Okidogi\n|-boost|p1a: Okidogi|atk|1\n|-boost|p1a: Okidogi|def|1\n|move|p2a: Avalugg|Avalanche|p1a: Okidogi\n|-damage|p1a: Okidogi|66/100\n|\n|-heal|p1a: Okidogi|72/100|[from] item: Leftovers\n|upkeep\n|turn|6\n|inactive|Time left: 300 sec this turn | 300 sec total\n|\n|t:|1783563057\n|switch|p2a: Slowbro|Slowbro-Galar, L87, F|307/307\n|move|p1a: Okidogi|Drain Punch|p2a: Slowbro\n|-resisted|p2a: Slowbro\n|-damage|p2a: Slowbro|279/307\n|-heal|p1a: Okidogi|77/100|[from] drain|[of] p2a: Slowbro\n|\n|-heal|p1a: Okidogi|83/100|[from] item: Leftovers\n|-heal|p2a: Slowbro|298/307|[from] item: Leftovers\n|upkeep\n|turn|7\n|inactive|Time left: 300 sec this turn | 300 sec total\n|\n|t:|1783563058\n|-terastallize|p1a: Okidogi|Dark\n|move|p1a: Okidogi|Knock Off|p2a: Slowbro\n|-supereffective|p2a: Slowbro\n|-damage|p2a: Slowbro|2/307\n|-enditem|p2a: Slowbro|Leftovers|[from] move: Knock Off|[of] p1a: Okidogi\n|move|p2a: Slowbro|Psychic|p1a: Okidogi\n|-immune|p1a: Okidogi\n|\n|-heal|p1a: Okidogi|89/100|[from] item: Leftovers\n|upkeep\n|turn|8\n|inactive|Time left: 300 sec this turn | 300 sec total\n|\n|t:|1783563060\n|move|p1a: Okidogi|Drain Punch|p2a: Slowbro\n|-resisted|p2a: Slowbro\n|-damage|p2a: Slowbro|0 fnt\n|-heal|p1a: Okidogi|90/100|[from] drain|[of] p2a: Slowbro\n|faint|p2a: Slowbro\n|\n|-heal|p1a: Okidogi|96/100|[from] item: Leftovers\n|upkeep\n|inactive|Time left: 300 sec this turn | 300 sec total | 5 sec grace\n|\n|t:|1783563061\n|switch|p2a: Avalugg|Avalugg-Hisui, L90, F|317/317\n|turn|9\n|inactive|Time left: 300 sec this turn | 300 sec total\n|\n|t:|1783563062\n|move|p1a: Okidogi|Bulk Up|p1a: Okidogi\n|-boost|p1a: Okidogi|atk|1\n|-boost|p1a: Okidogi|def|1\n|move|p2a: Avalugg|Stone Edge|p1a: Okidogi\n|-damage|p1a: Okidogi|70/100\n|\n|-heal|p1a: Okidogi|76/100|[from] item: Leftovers\n|upkeep\n|turn|10\n|inactive|Time left: 300 sec this turn | 300 sec total\n|\n|t:|1783563063\n|-terastallize|p2a: Avalugg|Flying\n|move|p1a: Okidogi|Drain Punch|p2a: Avalugg\n|-resisted|p2a: Avalugg\n|-damage|p2a: Avalugg|277/317\n|-heal|p1a: Okidogi|83/100|[from] drain|[of] p2a: Avalugg\n|move|p2a: Avalugg|Body Press|p1a: Okidogi\n|-supereffective|p1a: Okidogi\n|-damage|p1a: Okidogi|44/100\n|\n|-heal|p1a: Okidogi|50/100|[from] item: Leftovers\n|upkeep\n|turn|11\n|inactive|Time left: 300 sec this turn | 300 sec total\n|\n|t:|1783563064\n|move|p1a: Okidogi|Gunk Shot|p2a: Avalugg|[miss]\n|-miss|p1a: Okidogi|p2a: Avalugg\n|move|p2a: Avalugg|Body Press|p1a: Okidogi\n|-supereffective|p1a: Okidogi\n|-damage|p1a: Okidogi|12/100\n|\n|-heal|p1a: Okidogi|18/100|[from] item: Leftovers\n|upkeep\n|turn|12\n|inactive|Time left: 300 sec this turn | 300 sec total\n|\n|t:|1783563065\n|move|p1a: Okidogi|Gunk Shot|p2a: Avalugg\n|-damage|p2a: Avalugg|141/317\n|-status|p2a: Avalugg|tox|[from] ability: Toxic Chain|[of] p1a: Okidogi\n|move|p2a: Avalugg|Body Press|p1a: Okidogi\n|-supereffective|p1a: Okidogi\n|-damage|p1a: Okidogi|0 fnt\n|faint|p1a: Okidogi\n|\n|-damage|p2a: Avalugg|122/317 tox|[from] psn\n|upkeep\n|\n|t:|1783563066\n|switch|p1a: Eelektross|Eelektross, L87, F|100/100\n|turn|13\n|inactive|Time left: 300 sec this turn | 300 sec total\n|\n|t:|1783563067\n|move|p1a: Eelektross|Discharge|p2a: Avalugg\n|-supereffective|p2a: Avalugg\n|-damage|p2a: Avalugg|0 fnt\n|faint|p2a: Avalugg\n|\n|upkeep\n|inactive|Time left: 300 sec this turn | 300 sec total | 5 sec grace\n|\n|t:|1783563069\n|switch|p2a: Dunsparce|Dunsparce, L86, F|312/312\n|turn|14\n|inactive|Time left: 300 sec this turn | 300 sec total\n|\n|t:|1783563070\n|move|p2a: Dunsparce|Coil|p2a: Dunsparce\n|-boost|p2a: Dunsparce|atk|1\n|-boost|p2a: Dunsparce|def|1\n|-boost|p2a: Dunsparce|accuracy|1\n|move|p1a: Eelektross|Dragon Tail|p2a: Dunsparce\n|-damage|p2a: Dunsparce|285/312\n|drag|p2a: Gothitelle|Gothitelle, L90, F|272/272\n|\n|upkeep\n|turn|15\n|inactive|Time left: 300 sec this turn | 300 sec total\n|\n|t:|1783563071\n|switch|p2a: Dunsparce|Dunsparce, L86, F|285/312\n|move|p1a: Eelektross|U-turn|p2a: Dunsparce\n|-damage|p2a: Dunsparce|242/312\n|\n|t:|1783563071\n|switch|p1a: Sawsbuck|Sawsbuck-Winter, L88, F|61/100|[from] U-turn\n|\n|upkeep\n|turn|16\n|inactive|Time left: 300 sec this turn | 300 sec total\n|\n|t:|1783563072\n|move|p1a: Sawsbuck|Swords Dance|p1a: Sawsbuck\n|-boost|p1a: Sawsbuck|atk|2\n|move|p2a: Dunsparce|Coil|p2a: Dunsparce\n|-boost|p2a: Dunsparce|atk|1\n|-boost|p2a: Dunsparce|def|1\n|-boost|p2a: Dunsparce|accuracy|1\n|\n|upkeep\n|turn|17\n|inactive|Time left: 300 sec this turn | 300 sec total\n|\n|t:|1783563073\n|move|p1a: Sawsbuck|Headbutt|p2a: Dunsparce\n|-damage|p2a: Dunsparce|121/312\n|-damage|p1a: Sawsbuck|51/100|[from] item: Life Orb\n|cant|p2a: Dunsparce|flinch\n|\n|upkeep\n|turn|18\n|inactive|Time left: 300 sec this turn | 300 sec total\n|\n|t:|1783563074\n|move|p1a: Sawsbuck|Horn Leech|p2a: Dunsparce\n|-damage|p2a: Dunsparce|0 fnt\n|-heal|p1a: Sawsbuck|72/100|[from] drain|[of] p2a: Dunsparce\n|faint|p2a: Dunsparce\n|-damage|p1a: Sawsbuck|62/100|[from] item: Life Orb\n|\n|upkeep\n|inactive|Time left: 300 sec this turn | 300 sec total | 5 sec grace\n|\n|t:|1783563075\n|switch|p2a: Gothitelle|Gothitelle, L90, F|272/272\n|turn|19\n|inactive|Time left: 300 sec this turn | 300 sec total\n|\n|t:|1783563076\n|move|p1a: Sawsbuck|Horn Leech|p2a: Gothitelle\n|-damage|p2a: Gothitelle|58/272\n|-heal|p1a: Sawsbuck|99/100|[from] drain|[of] p2a: Gothitelle\n|-damage|p1a: Sawsbuck|90/100|[from] item: Life Orb\n|move|p2a: Gothitelle|Psychic Noise|p1a: Sawsbuck\n|-damage|p1a: Sawsbuck|56/100\n|-start|p1a: Sawsbuck|move: Heal Block\n|\n|-heal|p2a: Gothitelle|75/272|[from] item: Leftovers\n|upkeep\n|turn|20\n|inactive|Time left: 300 sec this turn | 300 sec total\n|\n|t:|1783563077\n|move|p1a: Sawsbuck|Headbutt|p2a: Gothitelle\n|-damage|p2a: Gothitelle|0 fnt\n|faint|p2a: Gothitelle\n|-damage|p1a: Sawsbuck|47/100|[from] item: Life Orb\n|\n|-end|p1a: Sawsbuck|move: Heal Block\n|upkeep\n|inactive|Time left: 300 sec this turn | 300 sec total | 5 sec grace\n|\n|t:|1783563078\n|switch|p2a: Vaporeon|Vaporeon, L86, M|364/364\n|turn|21\n|inactive|Time left: 300 sec this turn | 300 sec total\n|\n|t:|1783563078\n|move|p2a: Vaporeon|Protect|p2a: Vaporeon\n|-singleturn|p2a: Vaporeon|Protect\n|move|p1a: Sawsbuck|Horn Leech|p2a: Vaporeon\n|-activate|p2a: Vaporeon|move: Protect\n|\n|upkeep\n|turn|22\n|inactive|Time left: 300 sec this turn | 300 sec total\n|\n|t:|1783563079\n|move|p2a: Vaporeon|Protect||[still]\n|-fail|p2a: Vaporeon\n|move|p1a: Sawsbuck|Horn Leech|p2a: Vaporeon\n|-supereffective|p2a: Vaporeon\n|-damage|p2a: Vaporeon|0 fnt\n|-heal|p1a: Sawsbuck|100/100|[from] drain|[of] p2a: Vaporeon\n|faint|p2a: Vaporeon\n|-damage|p1a: Sawsbuck|91/100|[from] item: Life Orb\n|\n|win|p0x19930391", "uploadtime": 1783563079, "views": 0, "rating": 0, "private": 0, "password": null, "_winner": "p0x19930391", "_our_name": "p0y19934d1f"}