{"id": "battle-gen9randombattle-1953", "formatid": "gen9randombattle", "format": "[Gen 9] Random Battle", "players": ["p0x19537228", "p0y1953ce51"], "log": "|init|battle\n|title|p0x19537228 vs. p0y1953ce51\n|j|\u2606p0x19537228\n|j|\u2606p0y1953ce51\n|t:|1783562596\n|gametype|singles\n|player|p1|p0x19537228|101|\n|player|p2|p0y1953ce51|101|\n|gen|9\n|tier|[Gen 9] Random Battle\n|rule|Species Clause: Limit one of each Pok\u00e9mon\n|rule|HP Percentage Mod: HP is shown in percentages\n|rule|Sleep Clause Mod: Limit one foe put to sleep\n|rule|Illusion Level Mod: Illusion disguises the Pok\u00e9mon's true level\n|\n|t:|1783562596\n|teamsize|p1|6\n|teamsize|p2|6\n|start\n|switch|p1a: Kilowattrel|Kilowattrel, L83, M|100/100\n|switch|p2a: Shaymin|Shaymin-Sky, L73|266/266\n|turn|1\n|inactive|Battle timer is ON: inactive players will automatically lose when time's up. (requested by p0y1953ce51)\n|inactive|p0x19537228 also wants the timer to be on.\n|\n|t:|1783562597\n|switch|p2a: Golurk|Golurk, L87|297/297\n|move|p1a: Kilowattrel|Hurricane|p2a: Golurk\n|-damage|p2a: Golurk|164/297\n|\n|upkeep\n|turn|2\n|inactive|Time left: 300 sec this turn | 300 sec total\n|\n|t:|1783562598\n|move|p1a: Kilowattrel|Hurricane|p2a: Golurk\n|-damage|p2a: Golurk|38/297\n|move|p2a: Golurk|Poltergeist|p1a: Kilowattrel\n|-activate|p1a: Kilowattrel|move: Poltergeist|Heavy-Duty Boots\n|-damage|p1a: Kilowattrel|0 fnt\n|faint|p1a: Kilowattrel\n|\n|upkeep\n|\n|t:|1783562599\n|switch|p1a: Swampert|Swampert, L83, F|100/100\n|turn|3\n|inactive|Time left: 300 sec this turn | 300 sec total\n|\n|t:|1783562600\n|switch|p2a: Kricketune|Kricketune, L99, M|312/312\n|move|p1a: Swampert|Ice Beam|p2a: Kricketune\n|-damage|p2a: Kricketune|240/312\n|\n|upkeep\n|turn|4\n|inactive|Time left: 300 sec this turn | 300 sec total\n|\n|t:|1783562602\n|move|p2a: Kricketune|Sticky Web|p1a: Swampert\n|-sidestart|p1: p0x19537228|move: Sticky Web\n|move|p1a: Swampert|Flip Turn|p2a: Kricketune\n|-damage|p2a: Kricketune|152/312\n|\n|t:|1783562602\n|switch|p1a: Mandibuzz|Mandibuzz, L85, F|100/100|[from] Flip Turn\n|\n|upkeep\n|turn|5\n|inactive|Time left: 300 sec this turn | 300 sec total\n|\n|t:|1783562603\n|move|p2a: Kricketune|Pounce|p1a: Mandibuzz\n|-damage|p1a: Mandibuzz|75/100\n|-unboost|p1a: Mandibuzz|spe|1\n|move|p1a: Mandibuzz|Defog|p2a: Kricketune\n|-unboost|p2a: Kricketune|evasion|1\n|-sideend|p1: p0x19537228|Sticky Web|[from] move: Defog|[of] p1a: Mandibuzz\n|\n|upkeep\n|turn|6\n|inactive|Time left: 300 sec this turn | 300 sec total\n|\n|t:|1783562604\n|move|p2a: Kricketune|Sticky Web|p1a: Mandibuzz\n|-sidestart|p1: p0x19537228|move: Sticky Web\n|move|p1a: Mandibuzz|Foul Play|p2a: Kricketune\n|-crit|p2a: Kricketune\n|-damage|p2a: Kricketune|0 fnt\n|faint|p2a: Kricketune\n|\n|upkeep\n|inactive|Time left: 300 sec this turn | 300 sec total | 5 sec grace\n|\n|t:|1783562605\n|switch|p2a: Golurk|Golurk, L87|38/297\n|turn|7\n|inactive|Time left: 300 sec this turn | 300 sec total\n|\n|t:|1783562606\n|move|p2a: Golurk|Dynamic Punch|p1a: Mandibuzz\n|-damage|p1a: Mandibuzz|41/100\n|-start|p1a: Mandibuzz|confusion\n|-activate|p1a: Mandibuzz|confusion\n|-damage|p1a: Mandibuzz|36/100|[from] confusion\n|\n|upkeep\n|turn|8\n|inactive|Time left: 300 sec this turn | 300 sec total\n|\n|t:|1783562607\n|switch|p1a: Spectrier|Spectrier, L75|100/100\n|-activate|p1a: Spectrier|move: Sticky Web\n|-unboost|p1a: Spectrier|spe|1\n|move|p2a: Golurk|Dynamic Punch|p1a: Spectrier\n|-immune|p1a: Spectrier\n|\n|upkeep\n|turn|9\n|inactive|Time left: 300 sec this turn | 300 sec total\n|\n|t:|1783562608\n|switch|p2a: Shaymin|Shaymin-Sky, L73|266/266\n|move|p1a: Spectrier|Nasty Plot|p1a: Spectrier\n|-boost|p1a: Spectrier|spa|2\n|\n|upkeep\n|turn|10\n|inactive|Time left: 300 sec this turn | 300 sec total\n|\n|t:|1783562609\n|move|p2a: Shaymin|Air Slash|p1a: Spectrier\n|-damage|p1a: Spectrier|69/100\n|cant|p1a: Spectrier|flinch\n|\n|upkeep\n|turn|11\n|inactive|Time left: 300 sec this turn | 300 sec total\n|\n|t:|1783562610\n|move|p2a: Shaymin|Air Slash|p1a: Spectrier\n|-damage|p1a: Spectrier|37/100\n|move|p1a: Spectrier|Shadow Ball|p2a: Shaymin\n|-damage|p2a: Shaymin|0 fnt\n|faint|p2a: Shaymin\n|-ability|p1a: Spectrier|Grim Neigh|boost\n|-boost|p1a: Spectrier|spa|1\n|-damage|p1a: Spectrier|27/100|[from] item: Life Orb\n|\n|upkeep\n|inactive|Time left: 300 sec this turn | 300 sec total | 5 sec grace\n|\n|t:|1783562611\n|switch|p2a: Rotom|Rotom, L88|231/231\n|turn|12\n|inactive|Time left: 300 sec this turn | 300 sec total\n|\n|t:|1783562612\n|move|p2a: Rotom|Thunderbolt|p1a: Spectrier\n|-damage|p1a: Spectrier|0 fnt\n|faint|p1a: Spectrier\n|-damage|p2a: Rotom|208/231|[from] item: Life Orb\n|\n|upkeep\n|\n|t:|1783562613\n|switch|p1a: Alcremie|Alcremie-Ruby-Swirl, L90, F|100/100\n|-activate|p1a: Alcremie|move: Sticky Web\n|-unboost|p1a: Alcremie|spe|1\n|turn|13\n|inactive|Time left: 300 sec this turn | 300 sec total\n|\n|t:|1783562614\n|move|p2a: Rotom|Volt Switch|p1a: Alcremie\n|-damage|p1a: Alcremie|71/100\n|-damage|p2a: Rotom|185/231|[from] item: Life Orb\n|inactive|Time left: 300 sec this turn | 300 sec total | 5 sec grace\n|\n|t:|1783562615\n|switch|p2a: Cryogonal|Cryogonal, L89|287/287|[from] Volt Switch\n|move|p1a: Alcremie|Alluring Voice|p2a: Cryogonal\n|-damage|p2a: Cryogonal|209/287\n|\n|-heal|p1a: Alcremie|77/100|[from] item: Leftovers\n|upkeep\n|turn|14\n|inactive|Time left: 300 sec this turn | 300 sec total\n|\n|t:|1783562616\n|move|p2a: Cryogonal|Freeze-Dry|p1a: Alcremie\n|-damage|p1a: Alcremie|55/100\n|move|p1a: Alcremie|Calm Mind|p1a: Alcremie\n|-boost|p1a: Alcremie|spa|1\n|-boost|p1a: Alcremie|spd|1\n|\n|-heal|p1a: Alcremie|61/100|[from] item: Leftovers\n|upkeep\n|turn|15\n|inactive|Time left: 300 sec this turn | 300 sec total\n|\n|t:|1783562617\n|switch|p2a: Golurk|Golurk, L87|38/297\n|move|p1a: Alcremie|Alluring Voice|p2a: Golurk\n|-damage|p2a: Golurk|0 fnt\n|faint|p2a: Golurk\n|\n|-heal|p1a: Alcremie|67/100|[from] item: Leftovers\n|upkeep\n|inactive|Time left: 300 sec this turn | 300 sec total | 5 sec grace\n|\n|t:|1783562618\n|switch|p2a: Cryogonal|Cryogonal, L89|209/287\n|turn|16\n|inactive|Time left: 300 sec this turn | 300 sec total\n|\n|t:|1783562619\n|move|p2a: Cryogonal|Freeze-Dry|p1a: Alcremie\n|-damage|p1a: Alcremie|51/100\n|move|p1a: Alcremie|Calm Mind|p1a: Alcremie\n|-boost|p1a: Alcremie|spa|1\n|-boost|p1a: Alcremie|spd|1\n|\n|-heal|p1a: Alcremie|57/100|[from] item: Leftovers\n|upkeep\n|turn|17\n|inactive|Time left: 300 sec this turn | 300 sec total\n|\n|t:|1783562620\n|move|p2a: Cryogonal|Recover|p2a: Cryogonal\n|-heal|p2a: Cryogonal|287/287\n|move|p1a: Alcremie|Calm Mind|p1a: Alcremie\n|-boost|p1a: Alcremie|spa|1\n|-boost|p1a: Alcremie|spd|1\n|\n|-heal|p1a: Alcremie|63/100|[from] item: Leftovers\n|upkeep\n|turn|18\n|inactive|Time left: 300 sec this turn | 300 sec total\n|\n|t:|1783562621\n|move|p2a: Cryogonal|Freeze-Dry|p1a: Alcremie\n|-damage|p1a: Alcremie|55/100\n|move|p1a: Alcremie|Alluring Voice|p2a: Cryogonal\n|-damage|p2a: Cryogonal|95/287\n|\n|-heal|p1a: Alcremie|61/100|[from] item: Leftovers\n|upkeep\n|turn|19\n|inactive|Time left: 300 sec this turn | 300 sec total\n|\n|t:|1783562623\n|-terastallize|p2a: Cryogonal|Steel\n|move|p2a: Cryogonal|Recover|p2a: Cryogonal\n|-heal|p2a: Cryogonal|239/287\n|move|p1a: Alcremie|Alluring Voice|p2a: Cryogonal\n|-resisted|p2a: Cryogonal\n|-damage|p2a: Cryogonal|155/287\n|\n|-heal|p1a: Alcremie|67/100|[from] item: Leftovers\n|upkeep\n|turn|20\n|inactive|Time left: 300 sec this turn | 300 sec total\n|\n|t:|1783562624\n|move|p2a: Cryogonal|Recover|p2a: Cryogonal\n|-heal|p2a: Cryogonal|287/287\n|move|p1a: Alcremie|Calm Mind|p1a: Alcremie\n|-boost|p1a: Alcremie|spa|1\n|-boost|p1a: Alcremie|spd|1\n|\n|-heal|p1a: Alcremie|73/100|[from] item: Leftovers\n|upkeep\n|turn|21\n|inactive|Time left: 300 sec this turn | 300 sec total\n|\n|t:|1783562625\n|move|p2a: Cryogonal|Rapid Spin|p1a: Alcremie\n|-damage|p1a: Alcremie|62/100\n|-boost|p2a: Cryogonal|spe|1\n|move|p1a: Alcremie|Alluring Voice|p2a: Cryogonal\n|-resisted|p2a: Cryogonal\n|-crit|p2a: Cryogonal\n|-damage|p2a: Cryogonal|131/287\n|-start|p2a: Cryogonal|confusion\n|\n|-heal|p1a: Alcremie|69/100|[from] item: Leftovers\n|upkeep\n|turn|22\n|inactive|Time left: 300 sec this turn | 300 sec total\n|\n|t:|1783562626\n|-activate|p2a: Cryogonal|confusion\n|-damage|p2a: Cryogonal|105/287|[from] confusion\n|move|p1a: Alcremie|Alluring Voice|p2a: Cryogonal\n|-resisted|p2a: Cryogonal\n|-damage|p2a: Cryogonal|3/287\n|\n|-heal|p1a: Alcremie|75/100|[from] item: Leftovers\n|upkeep\n|turn|23\n|inactive|Time left: 300 sec this turn | 300 sec total\n|\n|t:|1783562627\n|-activate|p2a: Cryogonal|confusion\n|move|p2a: Cryogonal|Recover|p2a: Cryogonal\n|-heal|p2a: Cryogonal|147/287\n|move|p1a: Alcremie|Alluring Voice|p2a: Cryogonal\n|-resisted|p2a: Cryogonal\n|-damage|p2a: Cryogonal|39/287\n|\n|-heal|p1a: Alcremie|81/100|[from] item: Leftovers\n|upkeep\n|turn|24\n|inactive|Time left: 300 sec this turn | 300 sec total\n|\n|t:|1783562628\n|-end|p2a: Cryogonal|confusion\n|move|p2a: Cryogonal|Recover|p2a: Cryogonal\n|-heal|p2a: Cryogonal|183/287\n|move|p1a: Alcremie|Alluring Voice|p2a: Cryogonal\n|-resisted|p2a: Cryogonal\n|-damage|p2a: Cryogonal|70/287\n|\n|-heal|p1a: Alcremie|87/100|[from] item: Leftovers\n|upkeep\n|turn|25\n|inactive|Time left: 300 sec this turn | 300 sec total\n|\n|t:|1783562629\n|move|p2a: Cryogonal|Recover|p2a: Cryogonal\n|-heal|p2a: Cryogonal|214/287\n|move|p1a: Alcremie|Alluring Voice|p2a: Cryogonal\n|-resisted|p2a: Cryogonal\n|-crit|p2a: Cryogonal\n|-damage|p2a: Cryogonal|57/287\n|\n|-heal|p1a: Alcremie|93/100|[from] item: Leftovers\n|upkeep\n|turn|26\n|inactive|Time left: 300 sec this turn | 300 sec total\n|\n|t:|1783562630\n|move|p2a: Cryogonal|Recover|p2a: Cryogonal\n|-heal|p2a: Cryogonal|201/287\n|move|p1a: Alcremie|Alluring Voice|p2a: Cryogonal\n|-resisted|p2a: Cryogonal\n|-crit|p2a: Cryogonal\n|-damage|p2a: Cryogonal|49/287\n|\n|-heal|p1a: Alcremie|99/100|[from] item: Leftovers\n|upkeep\n|turn|27\n|inactive|Time left: 300 sec this turn | 300 sec total\n|\n|t:|1783562631\n|move|p2a: Cryogonal|Recover|p2a: Cryogonal\n|-heal|p2a: Cryogonal|193/287\n|move|p1a: Alcremie|Alluring Voice|p2a: Cryogonal\n|-resisted|p2a: Cryogonal\n|-damage|p2a: Cryogonal|85/287\n|\n|-heal|p1a: Alcremie|100/100|[from] item: Leftovers\n|upkeep\n|turn|28\n|inactive|Time left: 300 sec this turn | 300 sec total\n|\n|t:|1783562632\n|move|p2a: Cryogonal|Freeze-Dry|p1a: Alcremie\n|-damage|p1a: Alcremie|92/100\n|move|p1a: Alcremie|Alluring Voice|p2a: Cryogonal\n|-resisted|p2a: Cryogonal\n|-damage|p2a: Cryogonal|0 fnt\n|faint|p2a: Cryogonal\n|\n|-heal|p1a: Alcremie|98/100|[from] item: Leftovers\n|upkeep\n|inactive|Time left: 300 sec this turn | 300 sec total | 5 sec grace\n|\n|t:|1783562633\n|switch|p2a: Carbink|Carbink, L90|236/236\n|turn|29\n|inactive|Time left: 300 sec this turn | 300 sec total\n|\n|t:|1783562634\n|move|p2a: Carbink|Iron Defense|p2a: Carbink\n|-boost|p2a: Carbink|def|2\n|move|p1a: Alcremie|Alluring Voice|p2a: Carbink\n|-damage|p2a: Carbink|25/236\n|-start|p2a: Carbink|confusion\n|\n|-heal|p1a: Alcremie|100/100|[from] item: Leftovers\n|upkeep\n|turn|30\n|inactive|Time left: 300 sec this turn | 300 sec total\n|\n|t:|1783562635\n|-activate|p2a: Carbink|confusion\n|-damage|p2a: Carbink|20/236|[from] confusion\n|move|p1a: Alcremie|Alluring Voice|p2a: Carbink\n|-damage|p2a: Carbink|0 fnt\n|faint|p2a: Carbink\n|\n|upkeep\n|inactive|Time left: 300 sec this turn | 300 sec total | 5 sec grace\n|\n|t:|1783562636\n|switch|p2a: Rotom|Rotom, L88|185/231\n|turn|31\n|inactive|Time left: 300 sec this turn | 300 sec total\n|\n|t:|1783562636\n|-terastallize|p1a: Alcremie|Ground\n|move|p2a: Rotom|Thunderbolt|p1a: Alcremie\n|-immune|p1a: Alcremie\n|move|p1a: Alcremie|Alluring Voice|p2a: Rotom\n|-damage|p2a: Rotom|0 fnt\n|faint|p2a: Rotom\n|\n|win|p0x19537228", "uploadtime": 1783562636, "views": 0, "rating": 0, "private": 0, "password": null, "_winner": "p0x19537228", "_our_name": "p0y1953ce51"}