{"id": "battle-gen9randombattle-2057", "formatid": "gen9randombattle", "format": "[Gen 9] Random Battle", "players": ["p0x20574f43", "p0y205746c9"], "log": "|init|battle\n|title|p0x20574f43 vs. p0y205746c9\n|j|\u2606p0x20574f43\n|j|\u2606p0y205746c9\n|t:|1783563050\n|gametype|singles\n|player|p1|p0x20574f43|266|\n|player|p2|p0y205746c9|169|\n|gen|9\n|tier|[Gen 9] Random Battle\n|rule|Species Clause: Limit one of each Pok\u00e9mon\n|rule|HP Percentage Mod: HP is shown in percentages\n|rule|Sleep Clause Mod: Limit one foe put to sleep\n|rule|Illusion Level Mod: Illusion disguises the Pok\u00e9mon's true level\n|\n|t:|1783563050\n|teamsize|p1|6\n|teamsize|p2|6\n|start\n|switch|p1a: Iron Valiant|Iron Valiant, L78|100/100\n|switch|p2a: Wyrdeer|Wyrdeer, L87, F|321/321\n|-ability|p2a: Wyrdeer|Intimidate|boost\n|-unboost|p1a: Iron Valiant|atk|1\n|turn|1\n|inactive|Battle timer is ON: inactive players will automatically lose when time's up. (requested by p0y205746c9)\n|inactive|p0x20574f43 also wants the timer to be on.\n|\n|t:|1783563051\n|-end|p1a: Iron Valiant|Quark Drive|[silent]\n|switch|p1a: Iron Jugulis|Iron Jugulis, L77|100/100\n|move|p2a: Wyrdeer|Psychic Noise|p1a: Iron Jugulis\n|-immune|p1a: Iron Jugulis\n|\n|upkeep\n|turn|2\n|inactive|Time left: 300 sec this turn | 300 sec total\n|\n|t:|1783563052\n|switch|p2a: Slaking|Slaking, L84, F|389/389\n|move|p1a: Iron Jugulis|Dark Pulse|p2a: Slaking\n|-damage|p2a: Slaking|221/389\n|\n|upkeep\n|turn|3\n|inactive|Time left: 300 sec this turn | 300 sec total\n|\n|t:|1783563053\n|-end|p1a: Iron Jugulis|Quark Drive|[silent]\n|switch|p1a: Sandaconda|Sandaconda, L84, M|100/100\n|move|p2a: Slaking|Giga Impact|p1a: Sandaconda|[miss]\n|-miss|p2a: Slaking|p1a: Sandaconda\n|\n|upkeep\n|turn|4\n|inactive|Time left: 300 sec this turn | 300 sec total\n|\n|t:|1783563054\n|cant|p2a: Slaking|ability: Truant\n|move|p1a: Sandaconda|Coil|p1a: Sandaconda\n|-boost|p1a: Sandaconda|atk|1\n|-boost|p1a: Sandaconda|def|1\n|-boost|p1a: Sandaconda|accuracy|1\n|\n|upkeep\n|turn|5\n|inactive|Time left: 300 sec this turn | 300 sec total\n|\n|t:|1783563055\n|move|p2a: Slaking|Giga Impact|p1a: Sandaconda\n|-damage|p1a: Sandaconda|28/100\n|-mustrecharge|p2a: Slaking\n|move|p1a: Sandaconda|Coil|p1a: Sandaconda\n|-boost|p1a: Sandaconda|atk|1\n|-boost|p1a: Sandaconda|def|1\n|-boost|p1a: Sandaconda|accuracy|1\n|\n|upkeep\n|turn|6\n|inactive|Time left: 300 sec this turn | 300 sec total\n|\n|t:|1783563056\n|cant|p2a: Slaking|recharge\n|move|p1a: Sandaconda|Scale Shot|p2a: Slaking\n|-damage|p2a: Slaking|188/389\n|-damage|p2a: Slaking|154/389\n|-damage|p2a: Slaking|121/389\n|-damage|p2a: Slaking|87/389\n|-damage|p2a: Slaking|51/389\n|-hitcount|p2a: Slaking|5\n|-unboost|p1a: Sandaconda|def|1\n|-boost|p1a: Sandaconda|spe|1\n|\n|upkeep\n|turn|7\n|inactive|Time left: 300 sec this turn | 300 sec total\n|\n|t:|1783563057\n|move|p1a: Sandaconda|Earthquake|p2a: Slaking\n|-damage|p2a: Slaking|0 fnt\n|faint|p2a: Slaking\n|\n|upkeep\n|inactive|Time left: 300 sec this turn | 300 sec total | 5 sec grace\n|\n|t:|1783563059\n|switch|p2a: Chimecho|Chimecho, L93, M|290/290\n|turn|8\n|inactive|Time left: 300 sec this turn | 300 sec total\n|\n|t:|1783563060\n|move|p1a: Sandaconda|Scale Shot|p2a: Chimecho\n|-damage|p2a: Chimecho|249/290\n|-damage|p2a: Chimecho|210/290\n|-damage|p2a: Chimecho|172/290\n|-damage|p2a: Chimecho|135/290\n|-damage|p2a: Chimecho|99/290\n|-hitcount|p2a: Chimecho|5\n|-unboost|p1a: Sandaconda|def|1\n|-boost|p1a: Sandaconda|spe|1\n|move|p2a: Chimecho|Dazzling Gleam|p1a: Sandaconda\n|-damage|p1a: Sandaconda|0 fnt\n|faint|p1a: Sandaconda\n|\n|-heal|p2a: Chimecho|117/290|[from] item: Leftovers\n|upkeep\n|\n|t:|1783563061\n|switch|p1a: Iron Jugulis|Iron Jugulis, L77|100/100\n|turn|9\n|inactive|Time left: 300 sec this turn | 300 sec total\n|\n|t:|1783563062\n|switch|p2a: Raikou|Raikou, L81|278/278\n|-ability|p2a: Raikou|Pressure\n|move|p1a: Iron Jugulis|Dark Pulse|p2a: Raikou\n|-damage|p2a: Raikou|160/278\n|\n|-heal|p2a: Raikou|177/278|[from] item: Leftovers\n|upkeep\n|turn|10\n|inactive|Time left: 300 sec this turn | 300 sec total\n|\n|t:|1783563063\n|move|p2a: Raikou|Thunderbolt|p1a: Iron Jugulis\n|-supereffective|p1a: Iron Jugulis\n|-damage|p1a: Iron Jugulis|10/100\n|-status|p1a: Iron Jugulis|par\n|move|p1a: Iron Jugulis|Dark Pulse|p2a: Raikou\n|-damage|p2a: Raikou|50/278\n|\n|-heal|p2a: Raikou|67/278|[from] item: Leftovers\n|upkeep\n|turn|11\n|inactive|Time left: 300 sec this turn | 300 sec total\n|\n|t:|1783563064\n|move|p2a: Raikou|Thunderbolt|p1a: Iron Jugulis\n|-supereffective|p1a: Iron Jugulis\n|-damage|p1a: Iron Jugulis|0 fnt\n|faint|p1a: Iron Jugulis\n|-end|p1a: Iron Jugulis|Quark Drive|[silent]\n|\n|-heal|p2a: Raikou|84/278|[from] item: Leftovers\n|upkeep\n|\n|t:|1783563064\n|switch|p1a: Magmortar|Magmortar, L88, M|100/100\n|turn|12\n|inactive|Time left: 300 sec this turn | 300 sec total\n|\n|t:|1783563065\n|move|p2a: Raikou|Scald|p1a: Magmortar\n|-supereffective|p1a: Magmortar\n|-damage|p1a: Magmortar|63/100\n|move|p1a: Magmortar|Fire Blast|p2a: Raikou\n|-damage|p2a: Raikou|0 fnt\n|faint|p2a: Raikou\n|\n|upkeep\n|inactive|Time left: 300 sec this turn | 300 sec total | 5 sec grace\n|\n|t:|1783563066\n|switch|p2a: Wyrdeer|Wyrdeer, L87, F|321/321\n|-ability|p2a: Wyrdeer|Intimidate|boost\n|-unboost|p1a: Magmortar|atk|1\n|turn|13\n|inactive|Time left: 300 sec this turn | 300 sec total\n|\n|t:|1783563067\n|move|p1a: Magmortar|Will-O-Wisp|p2a: Wyrdeer\n|-status|p2a: Wyrdeer|brn\n|move|p2a: Wyrdeer|Earthquake|p1a: Magmortar\n|-supereffective|p1a: Magmortar\n|-damage|p1a: Magmortar|30/100\n|\n|-damage|p2a: Wyrdeer|301/321 brn|[from] brn\n|upkeep\n|turn|14\n|inactive|Time left: 300 sec this turn | 300 sec total\n|\n|t:|1783563069\n|switch|p1a: Tatsugiri|Tatsugiri, L87, F|100/100\n|move|p2a: Wyrdeer|Psychic Noise|p1a: Tatsugiri\n|-damage|p1a: Tatsugiri|69/100\n|-start|p1a: Tatsugiri|move: Heal Block\n|\n|-heal|p2a: Wyrdeer|321/321 brn|[from] item: Leftovers\n|-damage|p2a: Wyrdeer|301/321 brn|[from] brn\n|upkeep\n|turn|15\n|inactive|Time left: 300 sec this turn | 300 sec total\n|\n|t:|1783563070\n|move|p1a: Tatsugiri|Nasty Plot|p1a: Tatsugiri\n|-boost|p1a: Tatsugiri|spa|2\n|move|p2a: Wyrdeer|Psychic Noise|p1a: Tatsugiri\n|-damage|p1a: Tatsugiri|34/100\n|\n|-heal|p2a: Wyrdeer|321/321 brn|[from] item: Leftovers\n|-damage|p2a: Wyrdeer|301/321 brn|[from] brn\n|-end|p1a: Tatsugiri|move: Heal Block\n|upkeep\n|turn|16\n|inactive|Time left: 300 sec this turn | 300 sec total\n|\n|t:|1783563071\n|-terastallize|p1a: Tatsugiri|Water\n|move|p1a: Tatsugiri|Surf|p2a: Wyrdeer\n|-damage|p2a: Wyrdeer|0 fnt\n|faint|p2a: Wyrdeer\n|\n|upkeep\n|inactive|Time left: 300 sec this turn | 300 sec total | 5 sec grace\n|\n|t:|1783563072\n|switch|p2a: Darkrai|Darkrai, L77|234/234\n|turn|17\n|inactive|Time left: 300 sec this turn | 300 sec total\n|\n|t:|1783563073\n|-terastallize|p2a: Darkrai|Poison\n|move|p2a: Darkrai|Sludge Bomb|p1a: Tatsugiri\n|-damage|p1a: Tatsugiri|1/100\n|move|p1a: Tatsugiri|Draco Meteor|p2a: Darkrai\n|-damage|p2a: Darkrai|0 fnt\n|-unboost|p1a: Tatsugiri|spa|2\n|faint|p2a: Darkrai\n|\n|upkeep\n|inactive|Time left: 300 sec this turn | 300 sec total | 5 sec grace\n|\n|t:|1783563073\n|switch|p2a: Drifblim|Drifblim, L86, F|396/396\n|turn|18\n|inactive|Time left: 300 sec this turn | 300 sec total\n|\n|t:|1783563074\n|move|p1a: Tatsugiri|Surf|p2a: Drifblim\n|-damage|p2a: Drifblim|176/396\n|-enditem|p2a: Drifblim|Sitrus Berry|[eat]\n|-heal|p2a: Drifblim|275/396|[from] item: Sitrus Berry\n|move|p2a: Drifblim|Calm Mind|p2a: Drifblim\n|-boost|p2a: Drifblim|spa|1\n|-boost|p2a: Drifblim|spd|1\n|\n|upkeep\n|turn|19\n|inactive|Time left: 300 sec this turn | 300 sec total\n|\n|t:|1783563075\n|move|p2a: Drifblim|Shadow Ball|p1a: Tatsugiri\n|-damage|p1a: Tatsugiri|0 fnt\n|faint|p1a: Tatsugiri\n|\n|upkeep\n|\n|t:|1783563076\n|switch|p1a: Magmortar|Magmortar, L88, M|30/100\n|turn|20\n|inactive|Time left: 300 sec this turn | 300 sec total\n|\n|t:|1783563077\n|move|p2a: Drifblim|Shadow Ball|p1a: Magmortar\n|-damage|p1a: Magmortar|0 fnt\n|faint|p1a: Magmortar\n|\n|upkeep\n|\n|t:|1783563078\n|switch|p1a: Deoxys|Deoxys-Speed, L82|100/100\n|-ability|p1a: Deoxys|Pressure\n|turn|21\n|inactive|Time left: 300 sec this turn | 300 sec total\n|\n|t:|1783563079\n|switch|p1a: Iron Valiant|Iron Valiant, L78|100/100\n|move|p2a: Drifblim|Shadow Ball|p1a: Iron Valiant\n|-damage|p1a: Iron Valiant|29/100\n|-unboost|p1a: Iron Valiant|spd|1\n|\n|upkeep\n|turn|22\n|inactive|Time left: 300 sec this turn | 300 sec total\n|\n|t:|1783563080\n|-end|p1a: Iron Valiant|Quark Drive|[silent]\n|switch|p1a: Deoxys|Deoxys-Speed, L82|100/100\n|-ability|p1a: Deoxys|Pressure\n|move|p2a: Drifblim|Shadow Ball|p1a: Deoxys\n|-supereffective|p1a: Deoxys\n|-damage|p1a: Deoxys|0 fnt\n|faint|p1a: Deoxys\n|\n|upkeep\n|\n|t:|1783563081\n|switch|p1a: Iron Valiant|Iron Valiant, L78|29/100\n|turn|23\n|inactive|Time left: 300 sec this turn | 300 sec total\n|\n|t:|1783563082\n|move|p2a: Drifblim|Shadow Ball|p1a: Iron Valiant\n|-damage|p1a: Iron Valiant|0 fnt\n|faint|p1a: Iron Valiant\n|-end|p1a: Iron Valiant|Quark Drive|[silent]\n|\n|win|p0y205746c9", "uploadtime": 1783563082, "views": 0, "rating": 0, "private": 0, "password": null, "_winner": "p0y205746c9", "_our_name": "p0y205746c9"}