{"id": "battle-gen9randombattle-1141", "formatid": "gen9randombattle", "format": "[Gen 9] Random Battle", "players": ["p0x114131e1", "p0y1141637c"], "log": "|init|battle\n|title|p0x114131e1 vs. p0y1141637c\n|j|\u2606p0x114131e1\n|j|\u2606p0y1141637c\n|t:|1783553217\n|gametype|singles\n|player|p1|p0x114131e1|2|\n|player|p2|p0y1141637c|102|\n|gen|9\n|tier|[Gen 9] Random Battle\n|rule|Species Clause: Limit one of each Pok\u00e9mon\n|rule|HP Percentage Mod: HP is shown in percentages\n|rule|Sleep Clause Mod: Limit one foe put to sleep\n|rule|Illusion Level Mod: Illusion disguises the Pok\u00e9mon's true level\n|\n|t:|1783553217\n|teamsize|p1|6\n|teamsize|p2|6\n|start\n|switch|p1a: Deoxys|Deoxys-Defense, L84|100/100\n|switch|p2a: Oricorio|Oricorio-Sensu, L85, F|266/266\n|-ability|p1a: Deoxys|Pressure\n|turn|1\n|inactive|Battle timer is ON: inactive players will automatically lose when time's up. (requested by p0y1141637c)\n|inactive|p0x114131e1 also wants the timer to be on.\n|\n|t:|1783553219\n|move|p2a: Oricorio|Quiver Dance|p2a: Oricorio\n|-boost|p2a: Oricorio|spa|1\n|-boost|p2a: Oricorio|spd|1\n|-boost|p2a: Oricorio|spe|1\n|move|p1a: Deoxys|Stealth Rock|p2a: Oricorio\n|-sidestart|p2: p0y1141637c|move: Stealth Rock\n|\n|upkeep\n|turn|2\n|inactive|Time left: 300 sec this turn | 300 sec total\n|\n|t:|1783553220\n|switch|p1a: Swampert|Swampert, L83, M|100/100\n|move|p2a: Oricorio|Quiver Dance|p2a: Oricorio\n|-boost|p2a: Oricorio|spa|1\n|-boost|p2a: Oricorio|spd|1\n|-boost|p2a: Oricorio|spe|1\n|\n|upkeep\n|turn|3\n|inactive|Time left: 300 sec this turn | 300 sec total\n|\n|t:|1783553221\n|move|p2a: Oricorio|Revelation Dance|p1a: Swampert\n|-damage|p1a: Swampert|40/100\n|move|p1a: Swampert|Roar|p2a: Oricorio\n|drag|p2a: Arboliva|Arboliva, L91, M|290/290\n|-damage|p2a: Arboliva|254/290|[from] Stealth Rock\n|\n|-heal|p1a: Swampert|46/100|[from] item: Leftovers\n|-heal|p2a: Arboliva|272/290|[from] item: Leftovers\n|upkeep\n|turn|4\n|inactive|Time left: 300 sec this turn | 300 sec total\n|\n|t:|1783553223\n|move|p1a: Swampert|Knock Off|p2a: Arboliva\n|-damage|p2a: Arboliva|205/290\n|-fieldstart|move: Grassy Terrain|[from] ability: Seed Sower|[of] p2a: Arboliva\n|-enditem|p2a: Arboliva|Leftovers|[from] move: Knock Off|[of] p1a: Swampert\n|move|p2a: Arboliva|Energy Ball|p1a: Swampert\n|-supereffective|p1a: Swampert\n|-damage|p1a: Swampert|0 fnt\n|faint|p1a: Swampert\n|\n|-heal|p2a: Arboliva|223/290|[from] Grassy Terrain\n|upkeep\n|\n|t:|1783553224\n|switch|p1a: Koraidon|Koraidon, L64|100/100\n|-weather|SunnyDay|[from] ability: Orichalcum Pulse|[of] p1a: Koraidon\n|-activate|p1a: Koraidon|Orichalcum Pulse|[source]\n|turn|5\n|inactive|Time left: 300 sec this turn | 300 sec total\n|\n|t:|1783553225\n|move|p1a: Koraidon|Flare Blitz|p2a: Arboliva\n|-supereffective|p2a: Arboliva\n|-damage|p2a: Arboliva|3/290\n|-damage|p1a: Koraidon|69/100|[from] Recoil\n|move|p2a: Arboliva|Hyper Voice|p1a: Koraidon\n|-damage|p1a: Koraidon|0 fnt\n|faint|p1a: Koraidon\n|\n|-weather|SunnyDay|[upkeep]\n|-heal|p2a: Arboliva|21/290|[from] Grassy Terrain\n|upkeep\n|\n|t:|1783553227\n|switch|p1a: Kilowattrel|Kilowattrel, L83, F|100/100\n|turn|6\n|inactive|Time left: 300 sec this turn | 300 sec total\n|\n|t:|1783553228\n|switch|p2a: Krookodile|Krookodile, L79, M|280/280\n|-damage|p2a: Krookodile|263/280|[from] Stealth Rock\n|-ability|p2a: Krookodile|Intimidate|boost\n|-unboost|p1a: Kilowattrel|atk|1\n|move|p1a: Kilowattrel|Thunderbolt|p2a: Krookodile\n|-immune|p2a: Krookodile\n|\n|-weather|SunnyDay|[upkeep]\n|-heal|p2a: Krookodile|280/280|[from] Grassy Terrain\n|upkeep\n|turn|7\n|inactive|Time left: 300 sec this turn | 300 sec total\n|\n|t:|1783553229\n|switch|p1a: Glalie|Glalie, L96, F|100/100\n|move|p2a: Krookodile|Knock Off|p1a: Glalie\n|-damage|p1a: Glalie|66/100\n|-enditem|p1a: Glalie|Heavy-Duty Boots|[from] move: Knock Off|[of] p2a: Krookodile\n|\n|-weather|SunnyDay|[upkeep]\n|-heal|p1a: Glalie|72/100|[from] Grassy Terrain\n|upkeep\n|turn|8\n|inactive|Time left: 300 sec this turn | 300 sec total\n|\n|t:|1783553230\n|switch|p2a: Cryogonal|Cryogonal, L89|287/287\n|move|p1a: Glalie|Freeze-Dry|p2a: Cryogonal\n|-resisted|p2a: Cryogonal\n|-damage|p2a: Cryogonal|258/287\n|\n|-weather|SunnyDay|[upkeep]\n|-heal|p1a: Glalie|78/100|[from] Grassy Terrain\n|-fieldend|move: Grassy Terrain\n|upkeep\n|turn|9\n|inactive|Time left: 300 sec this turn | 300 sec total\n|\n|t:|1783553231\n|move|p2a: Cryogonal|Rapid Spin|p1a: Glalie\n|-damage|p1a: Glalie|71/100\n|-boost|p2a: Cryogonal|spe|1\n|-sideend|p2: p0y1141637c|Stealth Rock|[from] move: Rapid Spin|[of] p2a: Cryogonal\n|move|p1a: Glalie|Spikes|p2a: Cryogonal\n|-sidestart|p2: p0y1141637c|Spikes\n|\n|-weather|none\n|upkeep\n|turn|10\n|inactive|Time left: 300 sec this turn | 300 sec total\n|\n|t:|1783553232\n|switch|p1a: Scream Tail|Scream Tail, L84|100/100\n|move|p2a: Cryogonal|Ice Beam|p1a: Scream Tail\n|-damage|p1a: Scream Tail|75/100\n|\n|-heal|p1a: Scream Tail|81/100|[from] item: Leftovers\n|upkeep\n|turn|11\n|inactive|Time left: 300 sec this turn | 300 sec total\n|\n|t:|1783553233\n|move|p2a: Cryogonal|Rapid Spin|p1a: Scream Tail\n|-damage|p1a: Scream Tail|74/100\n|-boost|p2a: Cryogonal|spe|1\n|-sideend|p2: p0y1141637c|Spikes|[from] move: Rapid Spin|[of] p2a: Cryogonal\n|move|p1a: Scream Tail|Play Rough|p2a: Cryogonal\n|-damage|p2a: Cryogonal|165/287\n|\n|-heal|p1a: Scream Tail|80/100|[from] item: Leftovers\n|upkeep\n|turn|12\n|inactive|Time left: 300 sec this turn | 300 sec total\n|\n|t:|1783553233\n|move|p2a: Cryogonal|Recover|p2a: Cryogonal\n|-heal|p2a: Cryogonal|287/287\n|move|p1a: Scream Tail|Play Rough|p2a: Cryogonal\n|-damage|p2a: Cryogonal|179/287\n|-unboost|p2a: Cryogonal|atk|1\n|\n|-heal|p1a: Scream Tail|86/100|[from] item: Leftovers\n|upkeep\n|turn|13\n|inactive|Time left: 300 sec this turn | 300 sec total\n|\n|t:|1783553234\n|move|p2a: Cryogonal|Recover|p2a: Cryogonal\n|-heal|p2a: Cryogonal|287/287\n|move|p1a: Scream Tail|Play Rough|p2a: Cryogonal\n|-damage|p2a: Cryogonal|191/287\n|\n|-heal|p1a: Scream Tail|92/100|[from] item: Leftovers\n|upkeep\n|turn|14\n|inactive|Time left: 300 sec this turn | 300 sec total\n|\n|t:|1783553235\n|move|p2a: Cryogonal|Recover|p2a: Cryogonal\n|-heal|p2a: Cryogonal|287/287\n|move|p1a: Scream Tail|Play Rough|p2a: Cryogonal\n|-damage|p2a: Cryogonal|181/287\n|-unboost|p2a: Cryogonal|atk|1\n|\n|-heal|p1a: Scream Tail|98/100|[from] item: Leftovers\n|upkeep\n|turn|15\n|inactive|Time left: 300 sec this turn | 300 sec total\n|\n|t:|1783553236\n|move|p2a: Cryogonal|Recover|p2a: Cryogonal\n|-heal|p2a: Cryogonal|287/287\n|move|p1a: Scream Tail|Play Rough|p2a: Cryogonal\n|-damage|p2a: Cryogonal|188/287\n|\n|-heal|p1a: Scream Tail|100/100|[from] item: Leftovers\n|upkeep\n|turn|16\n|inactive|Time left: 300 sec this turn | 300 sec total\n|\n|t:|1783553237\n|switch|p2a: Krookodile|Krookodile, L79, M|280/280\n|-ability|p2a: Krookodile|Intimidate|boost\n|-unboost|p1a: Scream Tail|atk|1\n|move|p1a: Scream Tail|Play Rough|p2a: Krookodile\n|-supereffective|p2a: Krookodile\n|-damage|p2a: Krookodile|166/280\n|\n|-heal|p2a: Krookodile|183/280|[from] item: Leftovers\n|upkeep\n|turn|17\n|inactive|Time left: 300 sec this turn | 300 sec total\n|\n|t:|1783553238\n|-end|p1a: Scream Tail|Protosynthesis|[silent]\n|switch|p1a: Glalie|Glalie, L96, F|71/100\n|move|p2a: Krookodile|Bulk Up|p2a: Krookodile\n|-boost|p2a: Krookodile|atk|1\n|-boost|p2a: Krookodile|def|1\n|\n|-heal|p2a: Krookodile|200/280|[from] item: Leftovers\n|upkeep\n|turn|18\n|inactive|Time left: 300 sec this turn | 300 sec total\n|\n|t:|1783553239\n|switch|p2a: Cryogonal|Cryogonal, L89|188/287\n|move|p1a: Glalie|Freeze-Dry|p2a: Cryogonal\n|-resisted|p2a: Cryogonal\n|-damage|p2a: Cryogonal|161/287\n|\n|upkeep\n|turn|19\n|inactive|Time left: 300 sec this turn | 300 sec total\n|\n|t:|1783553240\n|move|p2a: Cryogonal|Recover|p2a: Cryogonal\n|-heal|p2a: Cryogonal|287/287\n|move|p1a: Glalie|Spikes|p2a: Cryogonal\n|-sidestart|p2: p0y1141637c|Spikes\n|\n|upkeep\n|turn|20\n|inactive|Time left: 300 sec this turn | 300 sec total\n|\n|t:|1783553241\n|move|p2a: Cryogonal|Rapid Spin|p1a: Glalie\n|-damage|p1a: Glalie|63/100\n|-boost|p2a: Cryogonal|spe|1\n|-sideend|p2: p0y1141637c|Spikes|[from] move: Rapid Spin|[of] p2a: Cryogonal\n|move|p1a: Glalie|Spikes|p2a: Cryogonal\n|-sidestart|p2: p0y1141637c|Spikes\n|\n|upkeep\n|turn|21\n|inactive|Time left: 300 sec this turn | 300 sec total\n|\n|t:|1783553242\n|switch|p1a: Scream Tail|Scream Tail, L84|100/100\n|move|p2a: Cryogonal|Rapid Spin|p1a: Scream Tail\n|-damage|p1a: Scream Tail|94/100\n|-boost|p2a: Cryogonal|spe|1\n|-sideend|p2: p0y1141637c|Spikes|[from] move: Rapid Spin|[of] p2a: Cryogonal\n|\n|-heal|p1a: Scream Tail|99/100|[from] item: Leftovers\n|upkeep\n|turn|22\n|inactive|Time left: 300 sec this turn | 300 sec total\n|\n|t:|1783553243\n|move|p2a: Cryogonal|Ice Beam|p1a: Scream Tail\n|-damage|p1a: Scream Tail|74/100\n|move|p1a: Scream Tail|Play Rough|p2a: Cryogonal\n|-damage|p2a: Cryogonal|187/287\n|\n|-heal|p1a: Scream Tail|80/100|[from] item: Leftovers\n|upkeep\n|turn|23\n|inactive|Time left: 300 sec this turn | 300 sec total\n|\n|t:|1783553244\n|move|p2a: Cryogonal|Recover|p2a: Cryogonal\n|-heal|p2a: Cryogonal|287/287\n|move|p1a: Scream Tail|Play Rough|p2a: Cryogonal\n|-damage|p2a: Cryogonal|181/287\n|\n|-heal|p1a: Scream Tail|86/100|[from] item: Leftovers\n|upkeep\n|turn|24\n|inactive|Time left: 300 sec this turn | 300 sec total\n|\n|t:|1783553245\n|move|p2a: Cryogonal|Recover|p2a: Cryogonal\n|-heal|p2a: Cryogonal|287/287\n|move|p1a: Scream Tail|Play Rough|p2a: Cryogonal\n|-damage|p2a: Cryogonal|188/287\n|\n|-heal|p1a: Scream Tail|92/100|[from] item: Leftovers\n|upkeep\n|turn|25\n|inactive|Time left: 300 sec this turn | 300 sec total\n|\n|t:|1783553247\n|move|p2a: Cryogonal|Recover|p2a: Cryogonal\n|-heal|p2a: Cryogonal|287/287\n|move|p1a: Scream Tail|Play Rough|p2a: Cryogonal\n|-damage|p2a: Cryogonal|181/287\n|\n|-heal|p1a: Scream Tail|98/100|[from] item: Leftovers\n|upkeep\n|turn|26\n|inactive|Time left: 300 sec this turn | 300 sec total\n|\n|t:|1783553248\n|move|p2a: Cryogonal|Ice Beam|p1a: Scream Tail\n|-damage|p1a: Scream Tail|71/100\n|move|p1a: Scream Tail|Play Rough|p2a: Cryogonal\n|-damage|p2a: Cryogonal|90/287\n|\n|-heal|p1a: Scream Tail|77/100|[from] item: Leftovers\n|upkeep\n|turn|27\n|inactive|Time left: 300 sec this turn | 300 sec total\n|\n|t:|1783553249\n|move|p2a: Cryogonal|Ice Beam|p1a: Scream Tail\n|-damage|p1a: Scream Tail|53/100\n|move|p1a: Scream Tail|Play Rough|p2a: Cryogonal\n|-damage|p2a: Cryogonal|0 fnt\n|faint|p2a: Cryogonal\n|\n|-heal|p1a: Scream Tail|59/100|[from] item: Leftovers\n|upkeep\n|inactive|Time left: 300 sec this turn | 300 sec total | 5 sec grace\n|\n|t:|1783553250\n|switch|p2a: Krookodile|Krookodile, L79, M|200/280\n|-ability|p2a: Krookodile|Intimidate|boost\n|-unboost|p1a: Scream Tail|atk|1\n|turn|28\n|inactive|Time left: 300 sec this turn | 300 sec total\n|\n|t:|1783553251\n|-end|p1a: Scream Tail|Protosynthesis|[silent]\n|switch|p1a: Glalie|Glalie, L96, F|63/100\n|move|p2a: Krookodile|Bulk Up|p2a: Krookodile\n|-boost|p2a: Krookodile|atk|1\n|-boost|p2a: Krookodile|def|1\n|\n|-heal|p2a: Krookodile|217/280|[from] item: Leftovers\n|upkeep\n|turn|29\n|inactive|Time left: 300 sec this turn | 300 sec total\n|\n|t:|1783553252\n|move|p1a: Glalie|Freeze-Dry|p2a: Krookodile\n|-supereffective|p2a: Krookodile\n|-crit|p2a: Krookodile\n|-damage|p2a: Krookodile|0 fnt\n|faint|p2a: Krookodile\n|\n|upkeep\n|inactive|Time left: 300 sec this turn | 300 sec total | 5 sec grace\n|\n|t:|1783553253\n|switch|p2a: Ribombee|Ribombee, L83, M|235/235\n|turn|30\n|inactive|Time left: 300 sec this turn | 300 sec total\n|\n|t:|1783553254\n|move|p2a: Ribombee|Sticky Web|p1a: Glalie\n|-sidestart|p1: p0x114131e1|move: Sticky Web\n|move|p1a: Glalie|Freeze-Dry|p2a: Ribombee\n|-damage|p2a: Ribombee|138/235\n|\n|upkeep\n|turn|31\n|inactive|Time left: 300 sec this turn | 300 sec total\n|\n|t:|1783553255\n|switch|p2a: Cresselia|Cresselia, L80, F|323/323\n|move|p1a: Glalie|Freeze-Dry|p2a: Cresselia\n|-damage|p2a: Cresselia|259/323\n|\n|-heal|p2a: Cresselia|279/323|[from] item: Leftovers\n|upkeep\n|turn|32\n|inactive|Time left: 300 sec this turn | 300 sec total\n|\n|t:|1783553256\n|move|p1a: Glalie|Taunt|p2a: Cresselia\n|-start|p2a: Cresselia|move: Taunt\n|cant|p2a: Cresselia|move: Taunt|Calm Mind\n|\n|-heal|p2a: Cresselia|299/323|[from] item: Leftovers\n|upkeep\n|turn|33\n|inactive|Time left: 300 sec this turn | 300 sec total\n|\n|t:|1783553257\n|move|p1a: Glalie|Freeze-Dry|p2a: Cresselia\n|-damage|p2a: Cresselia|227/323\n|move|p2a: Cresselia|Moonblast|p1a: Glalie\n|-damage|p1a: Glalie|48/100\n|\n|-heal|p2a: Cresselia|247/323|[from] item: Leftovers\n|upkeep\n|turn|34\n|inactive|Time left: 300 sec this turn | 300 sec total\n|\n|t:|1783553259\n|move|p1a: Glalie|Freeze-Dry|p2a: Cresselia\n|-damage|p2a: Cresselia|178/323\n|move|p2a: Cresselia|Moonblast|p1a: Glalie\n|-damage|p1a: Glalie|32/100\n|\n|-heal|p2a: Cresselia|198/323|[from] item: Leftovers\n|-end|p2a: Cresselia|move: Taunt\n|upkeep\n|turn|35\n|inactive|Time left: 300 sec this turn | 300 sec total\n|\n|t:|1783553260\n|move|p1a: Glalie|Taunt|p2a: Cresselia\n|-start|p2a: Cresselia|move: Taunt\n|cant|p2a: Cresselia|move: Taunt|Calm Mind\n|\n|-heal|p2a: Cresselia|218/323|[from] item: Leftovers\n|upkeep\n|turn|36\n|inactive|Time left: 300 sec this turn | 300 sec total\n|\n|t:|1783553261\n|move|p1a: Glalie|Freeze-Dry|p2a: Cresselia\n|-damage|p2a: Cresselia|154/323\n|move|p2a: Cresselia|Moonblast|p1a: Glalie\n|-damage|p1a: Glalie|15/100\n|-unboost|p1a: Glalie|spa|1\n|\n|-heal|p2a: Cresselia|174/323|[from] item: Leftovers\n|upkeep\n|turn|37\n|inactive|Time left: 300 sec this turn | 300 sec total\n|\n|t:|1783553262\n|move|p1a: Glalie|Freeze-Dry|p2a: Cresselia\n|-damage|p2a: Cresselia|128/323\n|move|p2a: Cresselia|Moonblast|p1a: Glalie\n|-damage|p1a: Glalie|0 fnt\n|faint|p1a: Glalie\n|\n|-heal|p2a: Cresselia|148/323|[from] item: Leftovers\n|-end|p2a: Cresselia|move: Taunt\n|upkeep\n|\n|t:|1783553263\n|switch|p1a: Kilowattrel|Kilowattrel, L83, F|100/100\n|turn|38\n|inactive|Time left: 300 sec this turn | 300 sec total\n|\n|t:|1783553264\n|move|p1a: Kilowattrel|Hurricane|p2a: Cresselia\n|-damage|p2a: Cresselia|55/323\n|-start|p2a: Cresselia|confusion\n|-activate|p2a: Cresselia|confusion\n|move|p2a: Cresselia|Moonlight|p2a: Cresselia\n|-heal|p2a: Cresselia|216/323\n|\n|-heal|p2a: Cresselia|236/323|[from] item: Leftovers\n|upkeep\n|turn|39\n|inactive|Time left: 300 sec this turn | 300 sec total\n|\n|t:|1783553265\n|move|p1a: Kilowattrel|Thunderbolt|p2a: Cresselia\n|-damage|p2a: Cresselia|155/323\n|-activate|p2a: Cresselia|confusion\n|move|p2a: Cresselia|Calm Mind|p2a: Cresselia\n|-boost|p2a: Cresselia|spa|1\n|-boost|p2a: Cresselia|spd|1\n|\n|-heal|p2a: Cresselia|175/323|[from] item: Leftovers\n|upkeep\n|turn|40\n|inactive|Time left: 300 sec this turn | 300 sec total\n|\n|t:|1783553266\n|move|p1a: Kilowattrel|Hurricane|p2a: Cresselia|[miss]\n|-miss|p1a: Kilowattrel|p2a: Cresselia\n|-end|p2a: Cresselia|confusion\n|move|p2a: Cresselia|Moonlight|p2a: Cresselia\n|-heal|p2a: Cresselia|323/323\n|\n|upkeep\n|turn|41\n|inactive|Time left: 300 sec this turn | 300 sec total\n|\n|t:|1783553267\n|switch|p1a: Scream Tail|Scream Tail, L84|59/100\n|-activate|p1a: Scream Tail|move: Sticky Web\n|-unboost|p1a: Scream Tail|spe|1\n|move|p2a: Cresselia|Calm Mind|p2a: Cresselia\n|-boost|p2a: Cresselia|spa|1\n|-boost|p2a: Cresselia|spd|1\n|\n|-heal|p1a: Scream Tail|65/100|[from] item: Leftovers\n|upkeep\n|turn|42\n|inactive|Time left: 300 sec this turn | 300 sec total\n|\n|t:|1783553268\n|move|p2a: Cresselia|Psyshock|p1a: Scream Tail\n|-resisted|p1a: Scream Tail\n|-damage|p1a: Scream Tail|47/100\n|move|p1a: Scream Tail|Encore|p2a: Cresselia\n|-start|p2a: Cresselia|Encore\n|\n|-heal|p1a: Scream Tail|53/100|[from] item: Leftovers\n|upkeep\n|turn|43\n|inactive|Time left: 300 sec this turn | 300 sec total\n|\n|t:|1783553269\n|move|p2a: Cresselia|Psyshock|p1a: Scream Tail\n|-resisted|p1a: Scream Tail\n|-damage|p1a: Scream Tail|36/100\n|move|p1a: Scream Tail|Wish|p1a: Scream Tail\n|\n|-heal|p1a: Scream Tail|42/100|[from] item: Leftovers\n|upkeep\n|turn|44\n|inactive|Time left: 300 sec this turn | 300 sec total\n|\n|t:|1783553271\n|move|p2a: Cresselia|Psyshock|p1a: Scream Tail\n|-resisted|p1a: Scream Tail\n|-damage|p1a: Scream Tail|24/100\n|move|p1a: Scream Tail|Wish||[still]\n|-fail|p1a: Scream Tail\n|\n|-heal|p1a: Scream Tail|74/100|[from] move: Wish|[wisher] Scream Tail\n|-heal|p1a: Scream Tail|80/100|[from] item: Leftovers\n|upkeep\n|turn|45\n|inactive|Time left: 300 sec this turn | 300 sec total\n|\n|t:|1783553272\n|move|p2a: Cresselia|Psyshock|p1a: Scream Tail\n|-resisted|p1a: Scream Tail\n|-damage|p1a: Scream Tail|63/100\n|move|p1a: Scream Tail|Encore||[still]\n|-fail|p1a: Scream Tail\n|\n|-heal|p1a: Scream Tail|69/100|[from] item: Leftovers\n|-end|p2a: Cresselia|Encore\n|upkeep\n|turn|46\n|inactive|Time left: 300 sec this turn | 300 sec total\n|\n|t:|1783553272\n|move|p2a: Cresselia|Moonblast|p1a: Scream Tail\n|-damage|p1a: Scream Tail|42/100\n|move|p1a: Scream Tail|Encore|p2a: Cresselia\n|-start|p2a: Cresselia|Encore\n|\n|-heal|p1a: Scream Tail|48/100|[from] item: Leftovers\n|upkeep\n|turn|47\n|inactive|Time left: 300 sec this turn | 300 sec total\n|\n|t:|1783553274\n|move|p2a: Cresselia|Moonblast|p1a: Scream Tail\n|-damage|p1a: Scream Tail|24/100\n|-unboost|p1a: Scream Tail|spa|1\n|move|p1a: Scream Tail|Wish|p1a: Scream Tail\n|\n|-heal|p1a: Scream Tail|30/100|[from] item: Leftovers\n|upkeep\n|turn|48\n|inactive|Time left: 300 sec this turn | 300 sec total\n|\n|t:|1783553275\n|move|p1a: Scream Tail|Protect|p1a: Scream Tail\n|-singleturn|p1a: Scream Tail|Protect\n|move|p2a: Cresselia|Moonblast|p1a: Scream Tail\n|-activate|p1a: Scream Tail|move: Protect\n|\n|-heal|p1a: Scream Tail|80/100|[from] move: Wish|[wisher] Scream Tail\n|-heal|p1a: Scream Tail|86/100|[from] item: Leftovers\n|upkeep\n|turn|49\n|inactive|Time left: 300 sec this turn | 300 sec total\n|\n|t:|1783553276\n|move|p2a: Cresselia|Moonblast|p1a: Scream Tail\n|-damage|p1a: Scream Tail|59/100\n|move|p1a: Scream Tail|Encore||[still]\n|-fail|p1a: Scream Tail\n|\n|-heal|p1a: Scream Tail|65/100|[from] item: Leftovers\n|-end|p2a: Cresselia|Encore\n|upkeep\n|turn|50\n|inactive|Time left: 300 sec this turn | 300 sec total\n|\n|t:|1783553277\n|move|p2a: Cresselia|Moonblast|p1a: Scream Tail\n|-damage|p1a: Scream Tail|41/100\n|move|p1a: Scream Tail|Encore|p2a: Cresselia\n|-start|p2a: Cresselia|Encore\n|\n|-heal|p1a: Scream Tail|47/100|[from] item: Leftovers\n|upkeep\n|turn|51\n|inactive|Time left: 300 sec this turn | 300 sec total\n|\n|t:|1783553278\n|move|p1a: Scream Tail|Protect|p1a: Scream Tail\n|-singleturn|p1a: Scream Tail|Protect\n|move|p2a: Cresselia|Moonblast|p1a: Scream Tail\n|-activate|p1a: Scream Tail|move: Protect\n|\n|-heal|p1a: Scream Tail|53/100|[from] item: Leftovers\n|upkeep\n|turn|52\n|inactive|Time left: 300 sec this turn | 300 sec total\n|\n|t:|1783553279\n|move|p2a: Cresselia|Moonblast|p1a: Scream Tail\n|-damage|p1a: Scream Tail|28/100\n|move|p1a: Scream Tail|Wish|p1a: Scream Tail\n|\n|-heal|p1a: Scream Tail|34/100|[from] item: Leftovers\n|upkeep\n|turn|53\n|inactive|Time left: 300 sec this turn | 300 sec total\n|\n|t:|1783553280\n|move|p1a: Scream Tail|Protect|p1a: Scream Tail\n|-singleturn|p1a: Scream Tail|Protect\n|move|p2a: Cresselia|Moonblast|p1a: Scream Tail\n|-activate|p1a: Scream Tail|move: Protect\n|\n|-heal|p1a: Scream Tail|84/100|[from] move: Wish|[wisher] Scream Tail\n|-heal|p1a: Scream Tail|90/100|[from] item: Leftovers\n|-end|p2a: Cresselia|Encore\n|upkeep\n|turn|54\n|inactive|Time left: 300 sec this turn | 300 sec total\n|\n|t:|1783553281\n|move|p2a: Cresselia|Moonblast|p1a: Scream Tail\n|-damage|p1a: Scream Tail|65/100\n|move|p1a: Scream Tail|Encore|p2a: Cresselia\n|-start|p2a: Cresselia|Encore\n|\n|-heal|p1a: Scream Tail|71/100|[from] item: Leftovers\n|upkeep\n|turn|55\n|inactive|Time left: 300 sec this turn | 300 sec total\n|\n|t:|1783553282\n|move|p2a: Cresselia|Moonblast|p1a: Scream Tail\n|-damage|p1a: Scream Tail|44/100\n|move|p1a: Scream Tail|Wish|p1a: Scream Tail\n|\n|-heal|p1a: Scream Tail|50/100|[from] item: Leftovers\n|upkeep\n|turn|56\n|inactive|Time left: 300 sec this turn | 300 sec total\n|\n|t:|1783553283\n|move|p2a: Cresselia|Moonblast|p1a: Scream Tail\n|-damage|p1a: Scream Tail|27/100\n|move|p1a: Scream Tail|Play Rough|p2a: Cresselia\n|-damage|p2a: Cresselia|262/323\n|\n|-heal|p1a: Scream Tail|77/100|[from] move: Wish|[wisher] Scream Tail\n|-heal|p2a: Cresselia|282/323|[from] item: Leftovers\n|-heal|p1a: Scream Tail|83/100|[from] item: Leftovers\n|upkeep\n|turn|57\n|inactive|Time left: 300 sec this turn | 300 sec total\n|\n|t:|1783553284\n|move|p1a: Scream Tail|Protect|p1a: Scream Tail\n|-singleturn|p1a: Scream Tail|Protect\n|move|p2a: Cresselia|Moonblast|p1a: Scream Tail\n|-activate|p1a: Scream Tail|move: Protect\n|\n|-heal|p2a: Cresselia|302/323|[from] item: Leftovers\n|-heal|p1a: Scream Tail|89/100|[from] item: Leftovers\n|-end|p2a: Cresselia|Encore\n|upkeep\n|turn|58\n|inactive|Time left: 300 sec this turn | 300 sec total\n|\n|t:|1783553285\n|move|p2a: Cresselia|Moonblast|p1a: Scream Tail\n|-damage|p1a: Scream Tail|63/100\n|-unboost|p1a: Scream Tail|spa|1\n|move|p1a: Scream Tail|Encore|p2a: Cresselia\n|-start|p2a: Cresselia|Encore\n|\n|-heal|p2a: Cresselia|322/323|[from] item: Leftovers\n|-heal|p1a: Scream Tail|69/100|[from] item: Leftovers\n|upkeep\n|turn|59\n|inactive|Time left: 300 sec this turn | 300 sec total\n|\n|t:|1783553286\n|move|p2a: Cresselia|Moonblast|p1a: Scream Tail\n|-crit|p1a: Scream Tail\n|-damage|p1a: Scream Tail|32/100\n|-unboost|p1a: Scream Tail|spa|1\n|move|p1a: Scream Tail|Wish|p1a: Scream Tail\n|\n|-heal|p2a: Cresselia|323/323|[from] item: Leftovers\n|-heal|p1a: Scream Tail|38/100|[from] item: Leftovers\n|upkeep\n|turn|60\n|inactive|Time left: 300 sec this turn | 300 sec total\n|\n|t:|1783553288\n|move|p1a: Scream Tail|Protect|p1a: Scream Tail\n|-singleturn|p1a: Scream Tail|Protect\n|move|p2a: Cresselia|Moonblast|p1a: Scream Tail\n|-activate|p1a: Scream Tail|move: Protect\n|\n|-heal|p1a: Scream Tail|88/100|[from] move: Wish|[wisher] Scream Tail\n|-heal|p1a: Scream Tail|94/100|[from] item: Leftovers\n|upkeep\n|turn|61\n|inactive|Time left: 300 sec this turn | 300 sec total\n|\n|t:|1783553289\n|move|p2a: Cresselia|Moonblast|p1a: Scream Tail\n|-damage|p1a: Scream Tail|67/100\n|move|p1a: Scream Tail|Encore||[still]\n|-fail|p1a: Scream Tail\n|\n|-heal|p1a: Scream Tail|73/100|[from] item: Leftovers\n|-end|p2a: Cresselia|Encore\n|upkeep\n|turn|62\n|inactive|Time left: 300 sec this turn | 300 sec total\n|\n|t:|1783553290\n|-end|p1a: Scream Tail|Protosynthesis|[silent]\n|switch|p1a: Kilowattrel|Kilowattrel, L83, F|100/100\n|move|p2a: Cresselia|Calm Mind|p2a: Cresselia\n|-boost|p2a: Cresselia|spa|1\n|-boost|p2a: Cresselia|spd|1\n|\n|upkeep\n|turn|63\n|inactive|Time left: 300 sec this turn | 300 sec total\n|\n|t:|1783553291\n|move|p1a: Kilowattrel|U-turn|p2a: Cresselia\n|-supereffective|p2a: Cresselia\n|-damage|p2a: Cresselia|259/323\n|\n|t:|1783553292\n|switch|p1a: Scream Tail|Scream Tail, L84|73/100|[from] U-turn\n|-activate|p1a: Scream Tail|move: Sticky Web\n|-unboost|p1a: Scream Tail|spe|1\n|move|p2a: Cresselia|Moonblast|p1a: Scream Tail\n|-damage|p1a: Scream Tail|43/100\n|-unboost|p1a: Scream Tail|spa|1\n|\n|-heal|p2a: Cresselia|279/323|[from] item: Leftovers\n|-heal|p1a: Scream Tail|49/100|[from] item: Leftovers\n|upkeep\n|turn|64\n|inactive|Time left: 300 sec this turn | 300 sec total\n|\n|t:|1783553293\n|move|p2a: Cresselia|Psyshock|p1a: Scream Tail\n|-resisted|p1a: Scream Tail\n|-damage|p1a: Scream Tail|26/100\n|move|p1a: Scream Tail|Wish|p1a: Scream Tail\n|\n|-heal|p2a: Cresselia|299/323|[from] item: Leftovers\n|-heal|p1a: Scream Tail|32/100|[from] item: Leftovers\n|upkeep\n|turn|65\n|inactive|Time left: 300 sec this turn | 300 sec total\n|\n|t:|1783553294\n|move|p1a: Scream Tail|Protect|p1a: Scream Tail\n|-singleturn|p1a: Scream Tail|Protect\n|move|p2a: Cresselia|Calm Mind|p2a: Cresselia\n|-boost|p2a: Cresselia|spa|1\n|-boost|p2a: Cresselia|spd|1\n|\n|-heal|p1a: Scream Tail|82/100|[from] move: Wish|[wisher] Scream Tail\n|-heal|p2a: Cresselia|319/323|[from] item: Leftovers\n|-heal|p1a: Scream Tail|88/100|[from] item: Leftovers\n|upkeep\n|turn|66\n|inactive|Time left: 300 sec this turn | 300 sec total\n|\n|t:|1783553295\n|move|p2a: Cresselia|Moonblast|p1a: Scream Tail\n|-damage|p1a: Scream Tail|50/100\n|-unboost|p1a: Scream Tail|spa|1\n|move|p1a: Scream Tail|Wish|p1a: Scream Tail\n|\n|-heal|p2a: Cresselia|323/323|[from] item: Leftovers\n|-heal|p1a: Scream Tail|56/100|[from] item: Leftovers\n|upkeep\n|turn|67\n|inactive|Time left: 300 sec this turn | 300 sec total\n|\n|t:|1783553296\n|move|p2a: Cresselia|Psyshock|p1a: Scream Tail\n|-resisted|p1a: Scream Tail\n|-damage|p1a: Scream Tail|27/100\n|move|p1a: Scream Tail|Play Rough|p2a: Cresselia\n|-damage|p2a: Cresselia|263/323\n|\n|-heal|p1a: Scream Tail|77/100|[from] move: Wish|[wisher] Scream Tail\n|-heal|p2a: Cresselia|283/323|[from] item: Leftovers\n|-heal|p1a: Scream Tail|84/100|[from] item: Leftovers\n|upkeep\n|turn|68\n|inactive|Time left: 300 sec this turn | 300 sec total\n|\n|t:|1783553297\n|move|p2a: Cresselia|Moonblast|p1a: Scream Tail\n|-damage|p1a: Scream Tail|48/100\n|move|p1a: Scream Tail|Wish|p1a: Scream Tail\n|\n|-heal|p2a: Cresselia|303/323|[from] item: Leftovers\n|-heal|p1a: Scream Tail|54/100|[from] item: Leftovers\n|upkeep\n|turn|69\n|inactive|Time left: 300 sec this turn | 300 sec total\n|\n|t:|1783553299\n|move|p2a: Cresselia|Calm Mind|p2a: Cresselia\n|-boost|p2a: Cresselia|spa|1\n|-boost|p2a: Cresselia|spd|1\n|move|p1a: Scream Tail|Play Rough|p2a: Cresselia\n|-damage|p2a: Cresselia|236/323\n|\n|-heal|p1a: Scream Tail|100/100|[from] move: Wish|[wisher] Scream Tail\n|-heal|p2a: Cresselia|256/323|[from] item: Leftovers\n|upkeep\n|turn|70\n|inactive|Time left: 300 sec this turn | 300 sec total\n|\n|t:|1783553300\n|-end|p1a: Scream Tail|Protosynthesis|[silent]\n|switch|p1a: Deoxys|Deoxys-Defense, L84|100/100\n|-activate|p1a: Deoxys|move: Sticky Web\n|-unboost|p1a: Deoxys|spe|1\n|-ability|p1a: Deoxys|Pressure\n|move|p2a: Cresselia|Psyshock|p1a: Deoxys\n|-resisted|p1a: Deoxys\n|-damage|p1a: Deoxys|70/100\n|\n|-heal|p2a: Cresselia|276/323|[from] item: Leftovers\n|upkeep\n|turn|71\n|inactive|Time left: 300 sec this turn | 300 sec total\n|\n|t:|1783553301\n|move|p2a: Cresselia|Moonblast|p1a: Deoxys\n|-damage|p1a: Deoxys|17/100\n|move|p1a: Deoxys|Recover|p1a: Deoxys\n|-heal|p1a: Deoxys|67/100\n|\n|-heal|p2a: Cresselia|296/323|[from] item: Leftovers\n|upkeep\n|turn|72\n|inactive|Time left: 300 sec this turn | 300 sec total\n|\n|t:|1783553302\n|move|p2a: Cresselia|Psyshock|p1a: Deoxys\n|-resisted|p1a: Deoxys\n|-damage|p1a: Deoxys|34/100\n|move|p1a: Deoxys|Recover|p1a: Deoxys\n|-heal|p1a: Deoxys|84/100\n|\n|-heal|p2a: Cresselia|316/323|[from] item: Leftovers\n|upkeep\n|turn|73\n|inactive|Time left: 300 sec this turn | 300 sec total\n|\n|t:|1783553303\n|move|p2a: Cresselia|Psyshock|p1a: Deoxys\n|-resisted|p1a: Deoxys\n|-damage|p1a: Deoxys|53/100\n|move|p1a: Deoxys|Recover|p1a: Deoxys\n|-heal|p1a: Deoxys|100/100\n|\n|-heal|p2a: Cresselia|323/323|[from] item: Leftovers\n|upkeep\n|turn|74\n|inactive|Time left: 300 sec this turn | 300 sec total\n|\n|t:|1783553304\n|move|p2a: Cresselia|Psyshock|p1a: Deoxys\n|-resisted|p1a: Deoxys\n|-damage|p1a: Deoxys|71/100\n|move|p1a: Deoxys|Stealth Rock|p2a: Cresselia\n|-sidestart|p2: p0y1141637c|move: Stealth Rock\n|\n|upkeep\n|turn|75\n|inactive|Time left: 300 sec this turn | 300 sec total\n|\n|t:|1783553305\n|move|p2a: Cresselia|Calm Mind|p2a: Cresselia\n|-boost|p2a: Cresselia|spa|1\n|-boost|p2a: Cresselia|spd|1\n|move|p1a: Deoxys|Recover|p1a: Deoxys\n|-heal|p1a: Deoxys|100/100\n|\n|upkeep\n|turn|76\n|inactive|Time left: 300 sec this turn | 300 sec total\n|\n|t:|1783553306\n|move|p2a: Cresselia|Moonlight|p2a: Cresselia\n|-fail|p2a: Cresselia|heal\n|move|p1a: Deoxys|Spikes|p2a: Cresselia\n|-sidestart|p2: p0y1141637c|Spikes\n|\n|upkeep\n|turn|77\n|inactive|Time left: 300 sec this turn | 300 sec total\n|\n|t:|1783553307\n|move|p2a: Cresselia|Moonlight|p2a: Cresselia\n|-fail|p2a: Cresselia|heal\n|move|p1a: Deoxys|Recover||[still]\n|-fail|p1a: Deoxys|heal\n|\n|upkeep\n|turn|78\n|inactive|Time left: 300 sec this turn | 300 sec total\n|\n|t:|1783553309\n|move|p2a: Cresselia|Moonlight|p2a: Cresselia\n|-fail|p2a: Cresselia|heal\n|move|p1a: Deoxys|Recover||[still]\n|-fail|p1a: Deoxys|heal\n|\n|upkeep\n|turn|79\n|inactive|Time left: 300 sec this turn | 300 sec total\n|\n|t:|1783553310\n|move|p2a: Cresselia|Moonlight|p2a: Cresselia\n|-fail|p2a: Cresselia|heal\n|move|p1a: Deoxys|Recover||[still]\n|-fail|p1a: Deoxys|heal\n|\n|upkeep\n|turn|80\n|inactive|Time left: 300 sec this turn | 300 sec total\n|\n|t:|1783553311\n|move|p2a: Cresselia|Moonlight|p2a: Cresselia\n|-fail|p2a: Cresselia|heal\n|move|p1a: Deoxys|Spikes|p2a: Cresselia\n|-sidestart|p2: p0y1141637c|Spikes\n|\n|upkeep\n|turn|81\n|inactive|Time left: 300 sec this turn | 300 sec total\n|\n|t:|1783553312\n|move|p2a: Cresselia|Calm Mind|p2a: Cresselia\n|-boost|p2a: Cresselia|spa|0\n|-boost|p2a: Cresselia|spd|0\n|move|p1a: Deoxys|Recover||[still]\n|-fail|p1a: Deoxys|heal\n|\n|upkeep\n|turn|82\n|inactive|Time left: 300 sec this turn | 300 sec total\n|\n|t:|1783553313\n|move|p2a: Cresselia|Psyshock|p1a: Deoxys\n|-resisted|p1a: Deoxys\n|-damage|p1a: Deoxys|66/100\n|move|p1a: Deoxys|Spikes|p2a: Cresselia\n|-sidestart|p2: p0y1141637c|Spikes\n|\n|upkeep\n|turn|83\n|inactive|Time left: 300 sec this turn | 300 sec total\n|\n|t:|1783553314\n|switch|p1a: Scream Tail|Scream Tail, L84|100/100\n|-activate|p1a: Scream Tail|move: Sticky Web\n|-unboost|p1a: Scream Tail|spe|1\n|move|p2a: Cresselia|Calm Mind|p2a: Cresselia\n|-boost|p2a: Cresselia|spa|0\n|-boost|p2a: Cresselia|spd|0\n|\n|upkeep\n|turn|84\n|inactive|Time left: 300 sec this turn | 300 sec total\n|\n|t:|1783553315\n|move|p2a: Cresselia|Calm Mind|p2a: Cresselia\n|-boost|p2a: Cresselia|spa|0\n|-boost|p2a: Cresselia|spd|0\n|move|p1a: Scream Tail|Wish|p1a: Scream Tail\n|\n|upkeep\n|turn|85\n|inactive|Time left: 300 sec this turn | 300 sec total\n|\n|t:|1783553316\n|-end|p1a: Scream Tail|Protosynthesis|[silent]\n|switch|p1a: Deoxys|Deoxys-Defense, L84|66/100\n|-activate|p1a: Deoxys|move: Sticky Web\n|-unboost|p1a: Deoxys|spe|1\n|-ability|p1a: Deoxys|Pressure\n|move|p2a: Cresselia|Calm Mind|p2a: Cresselia\n|-boost|p2a: Cresselia|spa|0\n|-boost|p2a: Cresselia|spd|0\n|\n|-heal|p1a: Deoxys|100/100|[from] move: Wish|[wisher] Scream Tail\n|upkeep\n|turn|86\n|inactive|Time left: 300 sec this turn | 300 sec total\n|\n|t:|1783553317\n|switch|p1a: Scream Tail|Scream Tail, L84|100/100\n|-activate|p1a: Scream Tail|move: Sticky Web\n|-unboost|p1a: Scream Tail|spe|1\n|move|p2a: Cresselia|Calm Mind|p2a: Cresselia\n|-boost|p2a: Cresselia|spa|0\n|-boost|p2a: Cresselia|spd|0\n|\n|upkeep\n|turn|87\n|inactive|Time left: 300 sec this turn | 300 sec total\n|\n|t:|1783553317\n|move|p2a: Cresselia|Calm Mind|p2a: Cresselia\n|-boost|p2a: Cresselia|spa|0\n|-boost|p2a: Cresselia|spd|0\n|move|p1a: Scream Tail|Play Rough|p2a: Cresselia|[miss]\n|-miss|p1a: Scream Tail|p2a: Cresselia\n|\n|upkeep\n|turn|88\n|inactive|Time left: 300 sec this turn | 300 sec total\n|\n|t:|1783553318\n|-end|p1a: Scream Tail|Protosynthesis|[silent]\n|switch|p1a: Kilowattrel|Kilowattrel, L83, F|100/100\n|move|p2a: Cresselia|Calm Mind|p2a: Cresselia\n|-boost|p2a: Cresselia|spa|0\n|-boost|p2a: Cresselia|spd|0\n|\n|upkeep\n|turn|89\n|inactive|Time left: 300 sec this turn | 300 sec total\n|\n|t:|1783553319\n|switch|p1a: Scream Tail|Scream Tail, L84|100/100\n|-activate|p1a: Scream Tail|move: Sticky Web\n|-unboost|p1a: Scream Tail|spe|1\n|move|p2a: Cresselia|Calm Mind|p2a: Cresselia\n|-boost|p2a: Cresselia|spa|0\n|-boost|p2a: Cresselia|spd|0\n|\n|upkeep\n|turn|90\n|inactive|Time left: 300 sec this turn | 300 sec total\n|\n|t:|1783553320\n|move|p1a: Scream Tail|Protect|p1a: Scream Tail\n|-singleturn|p1a: Scream Tail|Protect\n|move|p2a: Cresselia|Calm Mind|p2a: Cresselia\n|-boost|p2a: Cresselia|spa|0\n|-boost|p2a: Cresselia|spd|0\n|\n|upkeep\n|turn|91\n|inactive|Time left: 300 sec this turn | 300 sec total\n|\n|t:|1783553321\n|move|p2a: Cresselia|Calm Mind|p2a: Cresselia\n|-boost|p2a: Cresselia|spa|0\n|-boost|p2a: Cresselia|spd|0\n|move|p1a: Scream Tail|Wish|p1a: Scream Tail\n|\n|upkeep\n|turn|92\n|inactive|Time left: 300 sec this turn | 300 sec total\n|\n|t:|1783553322\n|move|p2a: Cresselia|Calm Mind|p2a: Cresselia\n|-boost|p2a: Cresselia|spa|0\n|-boost|p2a: Cresselia|spd|0\n|move|p1a: Scream Tail|Wish||[still]\n|-fail|p1a: Scream Tail\n|\n|upkeep\n|turn|93\n|inactive|Time left: 300 sec this turn | 300 sec total\n|\n|t:|1783553323\n|move|p2a: Cresselia|Calm Mind|p2a: Cresselia\n|-boost|p2a: Cresselia|spa|0\n|-boost|p2a: Cresselia|spd|0\n|move|p1a: Scream Tail|Wish|p1a: Scream Tail\n|\n|upkeep\n|turn|94\n|inactive|Time left: 300 sec this turn | 300 sec total\n|\n|t:|1783553324\n|-end|p1a: Scream Tail|Protosynthesis|[silent]\n|switch|p1a: Kilowattrel|Kilowattrel, L83, F|100/100\n|move|p2a: Cresselia|Calm Mind|p2a: Cresselia\n|-boost|p2a: Cresselia|spa|0\n|-boost|p2a: Cresselia|spd|0\n|\n|upkeep\n|turn|95\n|inactive|Time left: 300 sec this turn | 300 sec total\n|\n|t:|1783553325\n|switch|p1a: Scream Tail|Scream Tail, L84|100/100\n|-activate|p1a: Scream Tail|move: Sticky Web\n|-unboost|p1a: Scream Tail|spe|1\n|move|p2a: Cresselia|Calm Mind|p2a: Cresselia\n|-boost|p2a: Cresselia|spa|0\n|-boost|p2a: Cresselia|spd|0\n|\n|upkeep\n|turn|96\n|inactive|Time left: 300 sec this turn | 300 sec total\n|\n|t:|1783553326\n|-end|p1a: Scream Tail|Protosynthesis|[silent]\n|switch|p1a: Kilowattrel|Kilowattrel, L83, F|100/100\n|move|p2a: Cresselia|Calm Mind|p2a: Cresselia\n|-boost|p2a: Cresselia|spa|0\n|-boost|p2a: Cresselia|spd|0\n|\n|upkeep\n|turn|97\n|inactive|Time left: 300 sec this turn | 300 sec total\n|\n|t:|1783553327\n|switch|p1a: Scream Tail|Scream Tail, L84|100/100\n|-activate|p1a: Scream Tail|move: Sticky Web\n|-unboost|p1a: Scream Tail|spe|1\n|move|p2a: Cresselia|Calm Mind|p2a: Cresselia\n|-boost|p2a: Cresselia|spa|0\n|-boost|p2a: Cresselia|spd|0\n|\n|upkeep\n|turn|98\n|inactive|Time left: 300 sec this turn | 300 sec total\n|\n|t:|1783553328\n|-end|p1a: Scream Tail|Protosynthesis|[silent]\n|switch|p1a: Kilowattrel|Kilowattrel, L83, F|100/100\n|move|p2a: Cresselia|Calm Mind|p2a: Cresselia\n|-boost|p2a: Cresselia|spa|0\n|-boost|p2a: Cresselia|spd|0\n|\n|upkeep\n|turn|99\n|inactive|Time left: 300 sec this turn | 300 sec total\n|\n|t:|1783553329\n|switch|p1a: Scream Tail|Scream Tail, L84|100/100\n|-activate|p1a: Scream Tail|move: Sticky Web\n|-unboost|p1a: Scream Tail|spe|1\n|move|p2a: Cresselia|Calm Mind|p2a: Cresselia\n|-boost|p2a: Cresselia|spa|0\n|-boost|p2a: Cresselia|spd|0\n|\n|upkeep\n|turn|100\n|inactive|Time left: 300 sec this turn | 300 sec total\n|\n|t:|1783553330\n|-end|p1a: Scream Tail|Protosynthesis|[silent]\n|switch|p1a: Kilowattrel|Kilowattrel, L83, F|100/100\n|move|p2a: Cresselia|Calm Mind|p2a: Cresselia\n|-boost|p2a: Cresselia|spa|0\n|-boost|p2a: Cresselia|spd|0\n|\n|upkeep\n|turn|101\n|inactive|Time left: 300 sec this turn | 300 sec total\n|\n|t:|1783553331\n|move|p1a: Kilowattrel|U-turn|p2a: Cresselia\n|-supereffective|p2a: Cresselia\n|-damage|p2a: Cresselia|257/323\n|\n|t:|1783553332\n|switch|p1a: Scream Tail|Scream Tail, L84|100/100|[from] U-turn\n|-activate|p1a: Scream Tail|move: Sticky Web\n|-unboost|p1a: Scream Tail|spe|1\n|move|p2a: Cresselia|Calm Mind|p2a: Cresselia\n|-boost|p2a: Cresselia|spa|0\n|-boost|p2a: Cresselia|spd|0\n|\n|-heal|p2a: Cresselia|277/323|[from] item: Leftovers\n|upkeep\n|turn|102\n|inactive|Time left: 300 sec this turn | 300 sec total\n|\n|t:|1783553333\n|-end|p1a: Scream Tail|Protosynthesis|[silent]\n|switch|p1a: Kilowattrel|Kilowattrel, L83, F|100/100\n|move|p2a: Cresselia|Calm Mind|p2a: Cresselia\n|-boost|p2a: Cresselia|spa|0\n|-boost|p2a: Cresselia|spd|0\n|\n|-heal|p2a: Cresselia|297/323|[from] item: Leftovers\n|upkeep\n|turn|103\n|inactive|Time left: 300 sec this turn | 300 sec total\n|\n|t:|1783553334\n|move|p1a: Kilowattrel|Thunderbolt|p2a: Cresselia\n|-damage|p2a: Cresselia|276/323\n|move|p2a: Cresselia|Calm Mind|p2a: Cresselia\n|-boost|p2a: Cresselia|spa|0\n|-boost|p2a: Cresselia|spd|0\n|\n|-heal|p2a: Cresselia|296/323|[from] item: Leftovers\n|upkeep\n|turn|104\n|inactive|Time left: 300 sec this turn | 300 sec total\n|\n|t:|1783553335\n|move|p1a: Kilowattrel|Thunderbolt|p2a: Cresselia\n|-damage|p2a: Cresselia|277/323\n|move|p2a: Cresselia|Calm Mind|p2a: Cresselia\n|-boost|p2a: Cresselia|spa|0\n|-boost|p2a: Cresselia|spd|0\n|\n|-heal|p2a: Cresselia|297/323|[from] item: Leftovers\n|upkeep\n|turn|105\n|inactive|Time left: 300 sec this turn | 300 sec total\n|\n|t:|1783553336\n|move|p1a: Kilowattrel|Thunderbolt|p2a: Cresselia\n|-damage|p2a: Cresselia|273/323\n|move|p2a: Cresselia|Calm Mind|p2a: Cresselia\n|-boost|p2a: Cresselia|spa|0\n|-boost|p2a: Cresselia|spd|0\n|\n|-heal|p2a: Cresselia|293/323|[from] item: Leftovers\n|upkeep\n|turn|106\n|inactive|Time left: 300 sec this turn | 300 sec total\n|\n|t:|1783553337\n|move|p1a: Kilowattrel|Thunderbolt|p2a: Cresselia\n|-damage|p2a: Cresselia|271/323\n|move|p2a: Cresselia|Calm Mind|p2a: Cresselia\n|-boost|p2a: Cresselia|spa|0\n|-boost|p2a: Cresselia|spd|0\n|\n|-heal|p2a: Cresselia|291/323|[from] item: Leftovers\n|upkeep\n|turn|107\n|inactive|Time left: 300 sec this turn | 300 sec total\n|\n|t:|1783553338\n|move|p1a: Kilowattrel|Hurricane|p2a: Cresselia\n|-damage|p2a: Cresselia|264/323\n|move|p2a: Cresselia|Moonlight|p2a: Cresselia\n|-heal|p2a: Cresselia|323/323\n|\n|upkeep\n|turn|108\n|inactive|Time left: 300 sec this turn | 300 sec total\n|\n|t:|1783553339\n|switch|p2a: Arboliva|Arboliva, L91, M|21/290\n|-damage|p2a: Arboliva|0 fnt|[from] Stealth Rock\n|faint|p2a: Arboliva\n|move|p1a: Kilowattrel|Thunderbolt|p2: Arboliva|[notarget]\n|-fail|p1a: Kilowattrel\n|\n|upkeep\n|inactive|Time left: 300 sec this turn | 300 sec total | 5 sec grace\n|\n|t:|1783553340\n|switch|p2a: Oricorio|Oricorio-Sensu, L85, F|266/266\n|turn|109\n|inactive|Time left: 300 sec this turn | 300 sec total\n|\n|t:|1783553341\n|move|p1a: Kilowattrel|Thunderbolt|p2a: Oricorio\n|-supereffective|p2a: Oricorio\n|-damage|p2a: Oricorio|50/266\n|move|p2a: Oricorio|Quiver Dance|p2a: Oricorio\n|-boost|p2a: Oricorio|spa|1\n|-boost|p2a: Oricorio|spd|1\n|-boost|p2a: Oricorio|spe|1\n|\n|upkeep\n|turn|110\n|inactive|Time left: 300 sec this turn | 300 sec total\n|\n|t:|1783553342\n|move|p2a: Oricorio|Roost|p2a: Oricorio\n|-heal|p2a: Oricorio|183/266\n|-singleturn|p2a: Oricorio|move: Roost\n|move|p1a: Kilowattrel|Hurricane|p2a: Oricorio|[miss]\n|-miss|p1a: Kilowattrel|p2a: Oricorio\n|\n|upkeep\n|turn|111\n|inactive|Time left: 300 sec this turn | 300 sec total\n|\n|t:|1783553343\n|move|p2a: Oricorio|Quiver Dance|p2a: Oricorio\n|-boost|p2a: Oricorio|spa|1\n|-boost|p2a: Oricorio|spd|1\n|-boost|p2a: Oricorio|spe|1\n|move|p1a: Kilowattrel|Thunderbolt|p2a: Oricorio\n|-supereffective|p2a: Oricorio\n|-damage|p2a: Oricorio|75/266\n|\n|upkeep\n|turn|112\n|inactive|Time left: 300 sec this turn | 300 sec total\n|\n|t:|1783553344\n|move|p2a: Oricorio|Revelation Dance|p1a: Kilowattrel\n|-damage|p1a: Kilowattrel|0 fnt\n|faint|p1a: Kilowattrel\n|\n|upkeep\n|\n|t:|1783553345\n|switch|p1a: Scream Tail|Scream Tail, L84|100/100\n|-activate|p1a: Scream Tail|move: Sticky Web\n|-unboost|p1a: Scream Tail|spe|1\n|turn|113\n|inactive|Time left: 300 sec this turn | 300 sec total\n|\n|t:|1783553346\n|move|p1a: Scream Tail|Protect|p1a: Scream Tail\n|-singleturn|p1a: Scream Tail|Protect\n|move|p2a: Oricorio|Revelation Dance|p1a: Scream Tail\n|-activate|p1a: Scream Tail|move: Protect\n|\n|upkeep\n|turn|114\n|inactive|Time left: 300 sec this turn | 300 sec total\n|\n|t:|1783553347\n|move|p1a: Scream Tail|Protect|p1a: Scream Tail\n|-singleturn|p1a: Scream Tail|Protect\n|move|p2a: Oricorio|Revelation Dance|p1a: Scream Tail\n|-activate|p1a: Scream Tail|move: Protect\n|\n|upkeep\n|turn|115\n|inactive|Time left: 300 sec this turn | 300 sec total\n|\n|t:|1783553349\n|move|p2a: Oricorio|Revelation Dance|p1a: Scream Tail\n|-supereffective|p1a: Scream Tail\n|-damage|p1a: Scream Tail|0 fnt\n|faint|p1a: Scream Tail\n|-end|p1a: Scream Tail|Protosynthesis|[silent]\n|\n|upkeep\n|\n|t:|1783553350\n|switch|p1a: Deoxys|Deoxys-Defense, L84|100/100\n|-activate|p1a: Deoxys|move: Sticky Web\n|-unboost|p1a: Deoxys|spe|1\n|-ability|p1a: Deoxys|Pressure\n|turn|116\n|inactive|Time left: 300 sec this turn | 300 sec total\n|\n|t:|1783553351\n|-terastallize|p1a: Deoxys|Dark\n|move|p2a: Oricorio|Revelation Dance|p1a: Deoxys\n|-resisted|p1a: Deoxys\n|-damage|p1a: Deoxys|73/100\n|move|p1a: Deoxys|Psychic Noise|p2a: Oricorio\n|-damage|p2a: Oricorio|38/266\n|-start|p2a: Oricorio|move: Heal Block\n|\n|upkeep\n|turn|117\n|inactive|Time left: 300 sec this turn | 300 sec total\n|\n|t:|1783553352\n|-terastallize|p2a: Oricorio|Fighting\n|move|p2a: Oricorio|Revelation Dance|p1a: Deoxys\n|-supereffective|p1a: Deoxys\n|-damage|p1a: Deoxys|0 fnt\n|faint|p1a: Deoxys\n|\n|win|p0y1141637c", "uploadtime": 1783553352, "views": 0, "rating": 0, "private": 0, "password": null, "_winner": "p0y1141637c", "_our_name": "p0y1141637c"}