{"id": "battle-gen9randombattle-2941", "formatid": "gen9randombattle", "format": "[Gen 9] Random Battle", "players": ["p0x2941a36d", "p0y294197b6"], "log": "|init|battle\n|title|p0x2941a36d vs. p0y294197b6\n|j|\u2606p0x2941a36d\n|j|\u2606p0y294197b6\n|t:|1783573865\n|gametype|singles\n|player|p1|p0x2941a36d|2|\n|player|p2|p0y294197b6|169|\n|gen|9\n|tier|[Gen 9] Random Battle\n|rule|Species Clause: Limit one of each Pok\u00e9mon\n|rule|HP Percentage Mod: HP is shown in percentages\n|rule|Sleep Clause Mod: Limit one foe put to sleep\n|rule|Illusion Level Mod: Illusion disguises the Pok\u00e9mon's true level\n|\n|t:|1783573865\n|teamsize|p1|6\n|teamsize|p2|6\n|start\n|switch|p1a: Enamorus|Enamorus-Therian, L83, F|259/259\n|switch|p2a: Empoleon|Empoleon, L84, M|100/100\n|turn|1\n|inactive|Battle timer is ON: inactive players will automatically lose when time's up. (requested by p0y294197b6)\n|inactive|Time left: 300 sec this turn | 300 sec total | 60 sec grace\n|inactive|p0x2941a36d also wants the timer to be on.\n|\n|t:|1783573866\n|move|p2a: Empoleon|Stealth Rock|p1a: Enamorus\n|-sidestart|p1: p0x2941a36d|move: Stealth Rock\n|move|p1a: Enamorus|Earth Power|p2a: Empoleon\n|-supereffective|p2a: Empoleon\n|-damage|p2a: Empoleon|28/100\n|-unboost|p2a: Empoleon|spd|1\n|-ability|p2a: Empoleon|Competitive|boost\n|-boost|p2a: Empoleon|spa|2\n|\n|-heal|p2a: Empoleon|34/100|[from] item: Leftovers\n|upkeep\n|turn|2\n|inactive|Time left: 300 sec this turn | 300 sec total\n|\n|t:|1783573867\n|move|p2a: Empoleon|Surf|p1a: Enamorus\n|-damage|p1a: Enamorus|75/259\n|move|p1a: Enamorus|Earth Power|p2a: Empoleon\n|-supereffective|p2a: Empoleon\n|-damage|p2a: Empoleon|0 fnt\n|faint|p2a: Empoleon\n|\n|upkeep\n|\n|t:|1783573868\n|switch|p2a: Mesprit|Mesprit, L85|100/100\n|turn|3\n|inactive|Time left: 300 sec this turn | 300 sec total\n|\n|t:|1783573869\n|switch|p1a: Carbink|Carbink, L90|236/236\n|-damage|p1a: Carbink|207/236|[from] Stealth Rock\n|move|p2a: Mesprit|Psychic Noise|p1a: Carbink\n|-damage|p1a: Carbink|153/236\n|-start|p1a: Carbink|move: Heal Block\n|\n|upkeep\n|turn|4\n|inactive|Time left: 300 sec this turn | 300 sec total\n|\n|t:|1783573870\n|move|p2a: Mesprit|Knock Off|p1a: Carbink\n|-resisted|p1a: Carbink\n|-damage|p1a: Carbink|129/236\n|-enditem|p1a: Carbink|Chesto Berry|[from] move: Knock Off|[of] p2a: Mesprit\n|move|p1a: Carbink|Moonblast|p2a: Mesprit\n|-damage|p2a: Mesprit|76/100\n|-unboost|p2a: Mesprit|spa|1\n|\n|-heal|p2a: Mesprit|83/100|[from] item: Leftovers\n|-end|p1a: Carbink|move: Heal Block\n|upkeep\n|turn|5\n|inactive|Time left: 300 sec this turn | 300 sec total\n|\n|t:|1783573871\n|switch|p2a: Cresselia|Cresselia, L80, F|100/100\n|move|p1a: Carbink|Iron Defense|p1a: Carbink\n|-boost|p1a: Carbink|def|2\n|\n|upkeep\n|turn|6\n|inactive|Time left: 300 sec this turn | 300 sec total\n|\n|t:|1783573872\n|move|p2a: Cresselia|Calm Mind|p2a: Cresselia\n|-boost|p2a: Cresselia|spa|1\n|-boost|p2a: Cresselia|spd|1\n|move|p1a: Carbink|Body Press|p2a: Cresselia\n|-resisted|p2a: Cresselia\n|-damage|p2a: Cresselia|75/100\n|\n|-heal|p2a: Cresselia|82/100|[from] item: Leftovers\n|upkeep\n|turn|7\n|inactive|Time left: 300 sec this turn | 300 sec total\n|\n|t:|1783573873\n|move|p2a: Cresselia|Calm Mind|p2a: Cresselia\n|-boost|p2a: Cresselia|spa|1\n|-boost|p2a: Cresselia|spd|1\n|move|p1a: Carbink|Moonblast|p2a: Cresselia\n|-damage|p2a: Cresselia|72/100\n|\n|-heal|p2a: Cresselia|79/100|[from] item: Leftovers\n|upkeep\n|turn|8\n|inactive|Time left: 300 sec this turn | 300 sec total\n|\n|t:|1783573874\n|move|p2a: Cresselia|Psyshock|p1a: Carbink\n|-damage|p1a: Carbink|86/236\n|move|p1a: Carbink|Moonblast|p2a: Cresselia\n|-damage|p2a: Cresselia|69/100\n|\n|-heal|p2a: Cresselia|75/100|[from] item: Leftovers\n|upkeep\n|turn|9\n|inactive|Time left: 300 sec this turn | 300 sec total\n|\n|t:|1783573875\n|move|p2a: Cresselia|Thunderbolt|p1a: Carbink\n|-damage|p1a: Carbink|21/236\n|move|p1a: Carbink|Rest|p1a: Carbink\n|-status|p1a: Carbink|slp|[from] move: Rest\n|-heal|p1a: Carbink|236/236 slp|[silent]\n|\n|-heal|p2a: Cresselia|82/100|[from] item: Leftovers\n|upkeep\n|turn|10\n|inactive|Time left: 300 sec this turn | 300 sec total\n|\n|t:|1783573876\n|switch|p1a: Skeledirge|Skeledirge, L79, F|294/294\n|move|p2a: Cresselia|Thunderbolt|p1a: Skeledirge\n|-damage|p1a: Skeledirge|240/294\n|\n|-heal|p2a: Cresselia|88/100|[from] item: Leftovers\n|upkeep\n|turn|11\n|inactive|Time left: 300 sec this turn | 300 sec total\n|\n|t:|1783573878\n|move|p2a: Cresselia|Psyshock|p1a: Skeledirge\n|-damage|p1a: Skeledirge|182/294\n|move|p1a: Skeledirge|Torch Song|p2a: Cresselia\n|-damage|p2a: Cresselia|66/100\n|-boost|p1a: Skeledirge|spa|1\n|\n|-heal|p2a: Cresselia|72/100|[from] item: Leftovers\n|upkeep\n|turn|12\n|inactive|Time left: 300 sec this turn | 300 sec total\n|\n|t:|1783573879\n|move|p2a: Cresselia|Moonlight|p2a: Cresselia\n|-heal|p2a: Cresselia|100/100\n|move|p1a: Skeledirge|Torch Song|p2a: Cresselia\n|-damage|p2a: Cresselia|68/100\n|-boost|p1a: Skeledirge|spa|1\n|\n|-heal|p2a: Cresselia|74/100|[from] item: Leftovers\n|upkeep\n|turn|13\n|inactive|Time left: 300 sec this turn | 300 sec total\n|\n|t:|1783573880\n|-terastallize|p2a: Cresselia|Electric\n|move|p2a: Cresselia|Thunderbolt|p1a: Skeledirge\n|-damage|p1a: Skeledirge|98/294\n|-status|p1a: Skeledirge|par\n|move|p1a: Skeledirge|Shadow Ball|p2a: Cresselia\n|-damage|p2a: Cresselia|33/100\n|\n|-heal|p2a: Cresselia|39/100|[from] item: Leftovers\n|upkeep\n|turn|14\n|inactive|Time left: 300 sec this turn | 300 sec total\n|\n|t:|1783573881\n|move|p2a: Cresselia|Moonlight|p2a: Cresselia\n|-heal|p2a: Cresselia|89/100\n|move|p1a: Skeledirge|Torch Song|p2a: Cresselia\n|-damage|p2a: Cresselia|46/100\n|-boost|p1a: Skeledirge|spa|1\n|\n|-heal|p2a: Cresselia|52/100|[from] item: Leftovers\n|upkeep\n|turn|15\n|inactive|Time left: 300 sec this turn | 300 sec total\n|\n|t:|1783573882\n|move|p2a: Cresselia|Moonlight|p2a: Cresselia\n|-heal|p2a: Cresselia|100/100\n|move|p1a: Skeledirge|Shadow Ball|p2a: Cresselia\n|-damage|p2a: Cresselia|48/100\n|\n|-heal|p2a: Cresselia|54/100|[from] item: Leftovers\n|upkeep\n|turn|16\n|inactive|Time left: 300 sec this turn | 300 sec total\n|\n|t:|1783573883\n|move|p2a: Cresselia|Thunderbolt|p1a: Skeledirge\n|-damage|p1a: Skeledirge|14/294 par\n|move|p1a: Skeledirge|Torch Song|p2a: Cresselia\n|-crit|p2a: Cresselia\n|-damage|p2a: Cresselia|0 fnt\n|-boost|p1a: Skeledirge|spa|1\n|faint|p2a: Cresselia\n|\n|upkeep\n|\n|t:|1783573884\n|switch|p2a: Roaring Moon|Roaring Moon, L72|100/100\n|turn|17\n|inactive|Time left: 300 sec this turn | 300 sec total\n|\n|t:|1783573885\n|move|p2a: Roaring Moon|Knock Off|p1a: Skeledirge\n|-supereffective|p1a: Skeledirge\n|-damage|p1a: Skeledirge|0 fnt\n|-enditem|p1a: Skeledirge|Heavy-Duty Boots|[from] move: Knock Off|[of] p2a: Roaring Moon\n|faint|p1a: Skeledirge\n|\n|upkeep\n|inactive|Time left: 300 sec this turn | 300 sec total | 5 sec grace\n|\n|t:|1783573886\n|switch|p1a: Barraskewda|Barraskewda, L81, M|231/231\n|-damage|p1a: Barraskewda|203/231|[from] Stealth Rock\n|turn|18\n|inactive|Time left: 300 sec this turn | 300 sec total\n|\n|t:|1783573887\n|-end|p2a: Roaring Moon|Protosynthesis|[silent]\n|switch|p2a: Mesprit|Mesprit, L85|83/100\n|move|p1a: Barraskewda|Close Combat|p2a: Mesprit\n|-resisted|p2a: Mesprit\n|-damage|p2a: Mesprit|59/100\n|-unboost|p1a: Barraskewda|def|1\n|-unboost|p1a: Barraskewda|spd|1\n|\n|-heal|p2a: Mesprit|65/100|[from] item: Leftovers\n|upkeep\n|turn|19\n|inactive|Time left: 300 sec this turn | 300 sec total\n|\n|t:|1783573888\n|switch|p1a: Feraligatr|Feraligatr, L79, F|264/264\n|-damage|p1a: Feraligatr|231/264|[from] Stealth Rock\n|move|p2a: Mesprit|Psychic Noise|p1a: Feraligatr\n|-damage|p1a: Feraligatr|138/264\n|-start|p1a: Feraligatr|move: Heal Block\n|\n|-heal|p2a: Mesprit|71/100|[from] item: Leftovers\n|upkeep\n|turn|20\n|inactive|Time left: 300 sec this turn | 300 sec total\n|\n|t:|1783573889\n|move|p2a: Mesprit|Psychic Noise|p1a: Feraligatr\n|-damage|p1a: Feraligatr|36/264\n|move|p1a: Feraligatr|Dragon Dance|p1a: Feraligatr\n|-boost|p1a: Feraligatr|atk|1\n|-boost|p1a: Feraligatr|spe|1\n|\n|-heal|p2a: Mesprit|77/100|[from] item: Leftovers\n|-end|p1a: Feraligatr|move: Heal Block\n|upkeep\n|turn|21\n|inactive|Time left: 300 sec this turn | 300 sec total\n|\n|t:|1783573890\n|-terastallize|p1a: Feraligatr|Water\n|move|p1a: Feraligatr|Liquidation|p2a: Mesprit\n|-damage|p2a: Mesprit|0 fnt\n|faint|p2a: Mesprit\n|\n|upkeep\n|\n|t:|1783573891\n|switch|p2a: Slither Wing|Slither Wing, L81|100/100\n|turn|22\n|inactive|Time left: 300 sec this turn | 300 sec total\n|\n|t:|1783573892\n|move|p2a: Slither Wing|U-turn|p1a: Feraligatr\n|-damage|p1a: Feraligatr|0 fnt\n|faint|p1a: Feraligatr\n|\n|t:|1783573893\n|-end|p2a: Slither Wing|Protosynthesis|[silent]\n|switch|p2a: Roaring Moon|Roaring Moon, L72|100/100|[from] U-turn\n|\n|upkeep\n|inactive|Time left: 300 sec this turn | 300 sec total | 10 sec grace\n|\n|t:|1783573894\n|switch|p1a: Barraskewda|Barraskewda, L81, M|203/231\n|-damage|p1a: Barraskewda|175/231|[from] Stealth Rock\n|turn|23\n|inactive|Time left: 300 sec this turn | 300 sec total\n|\n|t:|1783573895\n|-end|p2a: Roaring Moon|Protosynthesis|[silent]\n|switch|p2a: Slither Wing|Slither Wing, L81|100/100\n|move|p1a: Barraskewda|Close Combat|p2a: Slither Wing\n|-resisted|p2a: Slither Wing\n|-damage|p2a: Slither Wing|71/100\n|-unboost|p1a: Barraskewda|def|1\n|-unboost|p1a: Barraskewda|spd|1\n|\n|upkeep\n|turn|24\n|inactive|Time left: 300 sec this turn | 300 sec total\n|\n|t:|1783573897\n|switch|p1a: Carbink|Carbink, L90|236/236 slp\n|-damage|p1a: Carbink|207/236 slp|[from] Stealth Rock\n|move|p2a: Slither Wing|Close Combat|p1a: Carbink\n|-damage|p1a: Carbink|110/236 slp\n|-unboost|p2a: Slither Wing|def|1\n|-unboost|p2a: Slither Wing|spd|1\n|\n|upkeep\n|turn|25\n|inactive|Time left: 300 sec this turn | 300 sec total\n|\n|t:|1783573898\n|switch|p1a: Exeggutor|Exeggutor, L89, M|312/312\n|-damage|p1a: Exeggutor|273/312|[from] Stealth Rock\n|move|p2a: Slither Wing|Close Combat|p1a: Exeggutor\n|-resisted|p1a: Exeggutor\n|-damage|p1a: Exeggutor|199/312\n|-unboost|p2a: Slither Wing|def|1\n|-unboost|p2a: Slither Wing|spd|1\n|\n|upkeep\n|turn|26\n|inactive|Time left: 300 sec this turn | 300 sec total\n|\n|t:|1783573899\n|-end|p2a: Slither Wing|Protosynthesis|[silent]\n|switch|p2a: Roaring Moon|Roaring Moon, L72|100/100\n|move|p1a: Exeggutor|Leech Seed|p2a: Roaring Moon\n|-start|p2a: Roaring Moon|move: Leech Seed\n|\n|-damage|p2a: Roaring Moon|88/100|[from] Leech Seed|[of] p1a: Exeggutor\n|-heal|p1a: Exeggutor|232/312|[silent]\n|upkeep\n|turn|27\n|inactive|Time left: 300 sec this turn | 300 sec total\n|\n|t:|1783573900\n|move|p1a: Exeggutor|Protect|p1a: Exeggutor\n|-singleturn|p1a: Exeggutor|Protect\n|move|p2a: Roaring Moon|Knock Off|p1a: Exeggutor\n|-activate|p1a: Exeggutor|move: Protect\n|\n|-damage|p2a: Roaring Moon|76/100|[from] Leech Seed|[of] p1a: Exeggutor\n|-heal|p1a: Exeggutor|265/312|[silent]\n|upkeep\n|turn|28\n|inactive|Time left: 300 sec this turn | 300 sec total\n|\n|t:|1783573901\n|switch|p1a: Carbink|Carbink, L90|110/236 slp\n|-damage|p1a: Carbink|81/236 slp|[from] Stealth Rock\n|move|p2a: Roaring Moon|Knock Off|p1a: Carbink\n|-resisted|p1a: Carbink\n|-crit|p1a: Carbink\n|-damage|p1a: Carbink|51/236 slp\n|\n|-damage|p2a: Roaring Moon|64/100|[from] Leech Seed|[of] p1a: Carbink\n|-heal|p1a: Carbink|84/236 slp|[silent]\n|upkeep\n|turn|29\n|inactive|Time left: 300 sec this turn | 300 sec total\n|\n|t:|1783573902\n|move|p2a: Roaring Moon|Iron Head|p1a: Carbink\n|-supereffective|p1a: Carbink\n|-damage|p1a: Carbink|0 fnt\n|faint|p1a: Carbink\n|\n|upkeep\n|inactive|Time left: 300 sec this turn | 300 sec total | 5 sec grace\n|\n|t:|1783573902\n|switch|p1a: Barraskewda|Barraskewda, L81, M|175/231\n|-damage|p1a: Barraskewda|147/231|[from] Stealth Rock\n|turn|30\n|inactive|Time left: 300 sec this turn | 300 sec total\n|\n|t:|1783573903\n|-end|p2a: Roaring Moon|Protosynthesis|[silent]\n|switch|p2a: Slither Wing|Slither Wing, L81|71/100\n|move|p1a: Barraskewda|Waterfall|p2a: Slither Wing\n|-damage|p2a: Slither Wing|16/100\n|\n|upkeep\n|turn|31\n|inactive|Time left: 300 sec this turn | 300 sec total\n|\n|t:|1783573904\n|move|p1a: Barraskewda|Waterfall|p2a: Slither Wing\n|-damage|p2a: Slither Wing|0 fnt\n|faint|p2a: Slither Wing\n|-end|p2a: Slither Wing|Protosynthesis|[silent]\n|\n|upkeep\n|\n|t:|1783573905\n|switch|p2a: Roaring Moon|Roaring Moon, L72|64/100\n|turn|32\n|inactive|Time left: 300 sec this turn | 300 sec total\n|\n|t:|1783573906\n|move|p1a: Barraskewda|Waterfall|p2a: Roaring Moon\n|-resisted|p2a: Roaring Moon\n|-damage|p2a: Roaring Moon|27/100\n|move|p2a: Roaring Moon|Dragon Dance|p2a: Roaring Moon\n|-boost|p2a: Roaring Moon|atk|1\n|-boost|p2a: Roaring Moon|spe|1\n|\n|upkeep\n|turn|33\n|inactive|Time left: 300 sec this turn | 300 sec total\n|\n|t:|1783573907\n|move|p2a: Roaring Moon|Knock Off|p1a: Barraskewda\n|-damage|p1a: Barraskewda|0 fnt\n|-enditem|p1a: Barraskewda|Choice Band|[from] move: Knock Off|[of] p2a: Roaring Moon\n|faint|p1a: Barraskewda\n|\n|upkeep\n|inactive|Time left: 300 sec this turn | 300 sec total | 5 sec grace\n|\n|t:|1783573908\n|switch|p1a: Exeggutor|Exeggutor, L89, M|265/312\n|-damage|p1a: Exeggutor|226/312|[from] Stealth Rock\n|turn|34\n|inactive|Time left: 300 sec this turn | 300 sec total\n|\n|t:|1783573908\n|move|p1a: Exeggutor|Protect|p1a: Exeggutor\n|-singleturn|p1a: Exeggutor|Protect\n|move|p2a: Roaring Moon|Knock Off|p1a: Exeggutor\n|-activate|p1a: Exeggutor|move: Protect\n|\n|upkeep\n|turn|35\n|inactive|Time left: 300 sec this turn | 300 sec total\n|\n|t:|1783573909\n|move|p1a: Exeggutor|Protect||[still]\n|-fail|p1a: Exeggutor\n|move|p2a: Roaring Moon|Knock Off|p1a: Exeggutor\n|-supereffective|p1a: Exeggutor\n|-damage|p1a: Exeggutor|0 fnt\n|-enditem|p1a: Exeggutor|Sitrus Berry|[from] move: Knock Off|[of] p2a: Roaring Moon\n|faint|p1a: Exeggutor\n|\n|upkeep\n|inactive|Time left: 300 sec this turn | 300 sec total | 5 sec grace\n|\n|t:|1783573910\n|switch|p1a: Enamorus|Enamorus-Therian, L83, F|75/259\n|-damage|p1a: Enamorus|11/259|[from] Stealth Rock\n|turn|36\n|inactive|Time left: 300 sec this turn | 300 sec total\n|\n|t:|1783573910\n|move|p2a: Roaring Moon|Knock Off|p1a: Enamorus\n|-resisted|p1a: Enamorus\n|-damage|p1a: Enamorus|0 fnt\n|-enditem|p1a: Enamorus|Choice Specs|[from] move: Knock Off|[of] p2a: Roaring Moon\n|faint|p1a: Enamorus\n|\n|win|p0y294197b6", "uploadtime": 1783573910, "views": 0, "rating": 0, "private": 0, "password": null, "_winner": "p0y294197b6", "_our_name": "p0x2941a36d"}