{"id": "battle-gen9randombattle-1944", "formatid": "gen9randombattle", "format": "[Gen 9] Random Battle", "players": ["p0x19448d2a", "p0y19441507"], "log": "|init|battle\n|title|p0x19448d2a vs. p0y19441507\n|j|\u2606p0x19448d2a\n|j|\u2606p0y19441507\n|t:|1783561761\n|gametype|singles\n|player|p1|p0x19448d2a|170|\n|player|p2|p0y19441507|265|\n|gen|9\n|tier|[Gen 9] Random Battle\n|rule|Species Clause: Limit one of each Pok\u00e9mon\n|rule|HP Percentage Mod: HP is shown in percentages\n|rule|Sleep Clause Mod: Limit one foe put to sleep\n|rule|Illusion Level Mod: Illusion disguises the Pok\u00e9mon's true level\n|\n|t:|1783561761\n|teamsize|p1|6\n|teamsize|p2|6\n|start\n|switch|p1a: Houndstone|Houndstone, L86, F|100/100\n|switch|p2a: Sawsbuck|Sawsbuck-Autumn, L88, F|284/284\n|turn|1\n|inactive|Battle timer is ON: inactive players will automatically lose when time's up. (requested by p0x19448d2a)\n|inactive|Time left: 300 sec this turn | 300 sec total | 60 sec grace\n|\n|t:|1783561762\n|move|p2a: Sawsbuck|Swords Dance|p2a: Sawsbuck\n|-boost|p2a: Sawsbuck|atk|2\n|move|p1a: Houndstone|Body Press|p2a: Sawsbuck\n|-supereffective|p2a: Sawsbuck\n|-damage|p2a: Sawsbuck|94/284\n|\n|upkeep\n|turn|2\n|inactive|Time left: 300 sec this turn | 300 sec total\n|inactive|p0y19441507 also wants the timer to be on.\n|\n|t:|1783561763\n|move|p2a: Sawsbuck|Horn Leech|p1a: Houndstone\n|-damage|p1a: Houndstone|64/100\n|-heal|p2a: Sawsbuck|143/284|[from] drain|[of] p1a: Houndstone\n|-damage|p2a: Sawsbuck|115/284|[from] item: Life Orb\n|move|p1a: Houndstone|Body Press|p2a: Sawsbuck\n|-supereffective|p2a: Sawsbuck\n|-damage|p2a: Sawsbuck|0 fnt\n|faint|p2a: Sawsbuck\n|\n|upkeep\n|inactive|Time left: 300 sec this turn | 300 sec total | 5 sec grace\n|\n|t:|1783561764\n|switch|p2a: Overqwil|Overqwil, L82, F|274/274\n|-ability|p2a: Overqwil|Intimidate|boost\n|-unboost|p1a: Houndstone|atk|1\n|turn|3\n|inactive|Time left: 300 sec this turn | 300 sec total\n|\n|t:|1783561765\n|switch|p1a: Tauros|Tauros-Paldea-Aqua, L81, M|100/100\n|-ability|p1a: Tauros|Intimidate|boost\n|-unboost|p2a: Overqwil|atk|1\n|move|p2a: Overqwil|Swords Dance|p2a: Overqwil\n|-boost|p2a: Overqwil|atk|2\n|\n|upkeep\n|turn|4\n|inactive|Time left: 300 sec this turn | 300 sec total\n|\n|t:|1783561766\n|move|p1a: Tauros|Close Combat|p2a: Overqwil\n|-damage|p2a: Overqwil|100/274\n|-unboost|p1a: Tauros|def|1\n|-unboost|p1a: Tauros|spd|1\n|move|p2a: Overqwil|Gunk Shot|p1a: Tauros\n|-damage|p1a: Tauros|0 fnt\n|faint|p1a: Tauros\n|\n|upkeep\n|\n|t:|1783561767\n|switch|p1a: Beartic|Beartic, L91, F|100/100\n|turn|5\n|inactive|Time left: 300 sec this turn | 300 sec total\n|\n|t:|1783561768\n|move|p2a: Overqwil|Gunk Shot|p1a: Beartic\n|-damage|p1a: Beartic|39/100\n|move|p1a: Beartic|Earthquake|p2a: Overqwil\n|-supereffective|p2a: Overqwil\n|-damage|p2a: Overqwil|0 fnt\n|faint|p2a: Overqwil\n|\n|upkeep\n|inactive|Time left: 300 sec this turn | 300 sec total | 5 sec grace\n|\n|t:|1783561768\n|switch|p2a: Wugtrio|Wugtrio, L91, M|212/212\n|turn|6\n|inactive|Time left: 300 sec this turn | 300 sec total\n|\n|t:|1783561769\n|switch|p1a: Houndstone|Houndstone, L86, F|64/100\n|move|p2a: Wugtrio|Liquidation|p1a: Houndstone\n|-damage|p1a: Houndstone|37/100\n|-unboost|p1a: Houndstone|def|1\n|\n|upkeep\n|turn|7\n|inactive|Time left: 300 sec this turn | 300 sec total\n|\n|t:|1783561769\n|move|p1a: Houndstone|Shadow Sneak|p2a: Wugtrio\n|-damage|p2a: Wugtrio|115/212\n|-ability|p2a: Wugtrio|Gooey\n|-unboost|p1a: Houndstone|spe|1\n|move|p2a: Wugtrio|Liquidation|p1a: Houndstone\n|-crit|p1a: Houndstone\n|-damage|p1a: Houndstone|0 fnt\n|faint|p1a: Houndstone\n|\n|upkeep\n|\n|t:|1783561770\n|switch|p1a: Glaceon|Glaceon, L94, F|100/100\n|turn|8\n|inactive|Time left: 300 sec this turn | 300 sec total\n|\n|t:|1783561771\n|move|p2a: Wugtrio|Liquidation|p1a: Glaceon\n|-damage|p1a: Glaceon|54/100\n|move|p1a: Glaceon|Freeze-Dry|p2a: Wugtrio\n|-supereffective|p2a: Wugtrio\n|-damage|p2a: Wugtrio|0 fnt\n|faint|p2a: Wugtrio\n|\n|upkeep\n|inactive|Time left: 300 sec this turn | 300 sec total | 5 sec grace\n|\n|t:|1783561772\n|switch|p2a: Koraidon|Koraidon, L64|235/235\n|-weather|SunnyDay|[from] ability: Orichalcum Pulse|[of] p2a: Koraidon\n|-activate|p2a: Koraidon|Orichalcum Pulse|[source]\n|turn|9\n|inactive|Time left: 300 sec this turn | 300 sec total\n|\n|t:|1783561772\n|-terastallize|p2a: Koraidon|Fire\n|-terastallize|p1a: Glaceon|Water\n|move|p2a: Koraidon|Swords Dance|p2a: Koraidon\n|-boost|p2a: Koraidon|atk|2\n|move|p1a: Glaceon|Freeze-Dry|p2a: Koraidon\n|-resisted|p2a: Koraidon\n|-damage|p2a: Koraidon|166/235\n|\n|-weather|SunnyDay|[upkeep]\n|upkeep\n|turn|10\n|inactive|Time left: 300 sec this turn | 300 sec total\n|\n|t:|1783561773\n|move|p1a: Glaceon|Protect|p1a: Glaceon\n|-singleturn|p1a: Glaceon|Protect\n|move|p2a: Koraidon|Collision Course|p1a: Glaceon\n|-activate|p1a: Glaceon|move: Protect\n|\n|-weather|SunnyDay|[upkeep]\n|upkeep\n|turn|11\n|inactive|Time left: 300 sec this turn | 300 sec total\n|\n|t:|1783561774\n|switch|p1a: Wigglytuff|Wigglytuff, L96, F|100/100\n|move|p2a: Koraidon|Scale Shot|p1a: Wigglytuff\n|-immune|p1a: Wigglytuff\n|\n|-weather|SunnyDay|[upkeep]\n|upkeep\n|turn|12\n|inactive|Time left: 300 sec this turn | 300 sec total\n|\n|t:|1783561775\n|move|p1a: Wigglytuff|Protect|p1a: Wigglytuff\n|-singleturn|p1a: Wigglytuff|Protect\n|move|p2a: Koraidon|Collision Course|p1a: Wigglytuff\n|-activate|p1a: Wigglytuff|move: Protect\n|\n|-weather|SunnyDay|[upkeep]\n|upkeep\n|turn|13\n|inactive|Time left: 300 sec this turn | 300 sec total\n|\n|t:|1783561776\n|move|p2a: Koraidon|Collision Course|p1a: Wigglytuff\n|-damage|p1a: Wigglytuff|24/100\n|move|p1a: Wigglytuff|Fire Blast|p2a: Koraidon\n|-resisted|p2a: Koraidon\n|-damage|p2a: Koraidon|84/235\n|\n|-weather|none\n|-heal|p1a: Wigglytuff|30/100|[from] item: Leftovers\n|upkeep\n|turn|14\n|inactive|Time left: 300 sec this turn | 300 sec total\n|\n|t:|1783561777\n|move|p2a: Koraidon|Collision Course|p1a: Wigglytuff\n|-damage|p1a: Wigglytuff|0 fnt\n|faint|p1a: Wigglytuff\n|\n|upkeep\n|\n|t:|1783561778\n|switch|p1a: Beartic|Beartic, L91, F|39/100\n|turn|15\n|inactive|Time left: 300 sec this turn | 300 sec total\n|\n|t:|1783561779\n|move|p1a: Beartic|Aqua Jet|p2a: Koraidon\n|-supereffective|p2a: Koraidon\n|-damage|p2a: Koraidon|0 fnt\n|faint|p2a: Koraidon\n|\n|upkeep\n|inactive|Time left: 300 sec this turn | 300 sec total | 5 sec grace\n|\n|t:|1783561780\n|switch|p2a: Arboliva|Arboliva, L91, F|290/290\n|turn|16\n|inactive|Time left: 300 sec this turn | 300 sec total\n|\n|t:|1783561781\n|switch|p1a: Glaceon|Glaceon, L94, F, tera:Water|54/100\n|move|p2a: Arboliva|Hyper Voice|p1a: Glaceon\n|-damage|p1a: Glaceon|14/100\n|\n|upkeep\n|turn|17\n|inactive|Time left: 300 sec this turn | 300 sec total\n|\n|t:|1783561782\n|move|p1a: Glaceon|Freeze-Dry|p2a: Arboliva\n|-supereffective|p2a: Arboliva\n|-damage|p2a: Arboliva|104/290\n|-fieldstart|move: Grassy Terrain|[from] ability: Seed Sower|[of] p2a: Arboliva\n|move|p2a: Arboliva|Strength Sap|p1a: Glaceon\n|-unboost|p1a: Glaceon|atk|1\n|-heal|p2a: Arboliva|221/290\n|\n|-heal|p1a: Glaceon|20/100|[from] Grassy Terrain\n|-heal|p2a: Arboliva|239/290|[from] Grassy Terrain\n|-heal|p2a: Arboliva|257/290|[from] item: Leftovers\n|upkeep\n|turn|18\n|inactive|Time left: 300 sec this turn | 300 sec total\n|\n|t:|1783561783\n|move|p1a: Glaceon|Freeze-Dry|p2a: Arboliva\n|-supereffective|p2a: Arboliva\n|-damage|p2a: Arboliva|89/290\n|move|p2a: Arboliva|Strength Sap|p1a: Glaceon\n|-unboost|p1a: Glaceon|atk|1\n|-heal|p2a: Arboliva|167/290\n|\n|-heal|p1a: Glaceon|26/100|[from] Grassy Terrain\n|-heal|p2a: Arboliva|185/290|[from] Grassy Terrain\n|-heal|p2a: Arboliva|203/290|[from] item: Leftovers\n|upkeep\n|turn|19\n|inactive|Time left: 300 sec this turn | 300 sec total\n|\n|t:|1783561784\n|move|p1a: Glaceon|Freeze-Dry|p2a: Arboliva\n|-supereffective|p2a: Arboliva\n|-damage|p2a: Arboliva|11/290\n|move|p2a: Arboliva|Hyper Voice|p1a: Glaceon\n|-damage|p1a: Glaceon|0 fnt\n|faint|p1a: Glaceon\n|\n|-heal|p2a: Arboliva|29/290|[from] Grassy Terrain\n|-heal|p2a: Arboliva|47/290|[from] item: Leftovers\n|upkeep\n|\n|t:|1783561785\n|switch|p1a: Oranguru|Oranguru, L92, F|100/100\n|turn|20\n|inactive|Time left: 300 sec this turn | 300 sec total\n|\n|t:|1783561786\n|switch|p2a: Magearna|Magearna-Original, L77|250/250\n|move|p1a: Oranguru|Nasty Plot|p1a: Oranguru\n|-boost|p1a: Oranguru|spa|2\n|\n|upkeep\n|turn|21\n|inactive|Time left: 300 sec this turn | 300 sec total\n|\n|t:|1783561787\n|move|p1a: Oranguru|Thunderbolt|p2a: Magearna\n|-damage|p2a: Magearna|77/250\n|-damage|p1a: Oranguru|91/100|[from] item: Life Orb\n|move|p2a: Magearna|Thunder Wave|p1a: Oranguru\n|-status|p1a: Oranguru|par\n|\n|-heal|p2a: Magearna|92/250|[from] Grassy Terrain\n|-heal|p2a: Magearna|107/250|[from] item: Leftovers\n|-heal|p1a: Oranguru|97/100 par|[from] Grassy Terrain\n|-fieldend|move: Grassy Terrain\n|upkeep\n|turn|22\n|inactive|Time left: 300 sec this turn | 300 sec total\n|\n|t:|1783561788\n|move|p2a: Magearna|Flash Cannon|p1a: Oranguru\n|-damage|p1a: Oranguru|75/100 par\n|move|p1a: Oranguru|Hyper Voice|p2a: Magearna\n|-resisted|p2a: Magearna\n|-damage|p2a: Magearna|0 fnt\n|faint|p2a: Magearna\n|-damage|p1a: Oranguru|66/100 par|[from] item: Life Orb\n|\n|upkeep\n|inactive|Time left: 300 sec this turn | 300 sec total | 5 sec grace\n|\n|t:|1783561789\n|switch|p2a: Arboliva|Arboliva, L91, F|47/290\n|turn|23\n|inactive|Time left: 300 sec this turn | 300 sec total\n|\n|t:|1783561790\n|move|p2a: Arboliva|Strength Sap|p1a: Oranguru\n|-unboost|p1a: Oranguru|atk|1\n|-heal|p2a: Arboliva|162/290\n|move|p1a: Oranguru|Psyshock|p2a: Arboliva\n|-damage|p2a: Arboliva|0 fnt\n|-fieldstart|move: Grassy Terrain|[from] ability: Seed Sower|[of] p2a: Arboliva\n|faint|p2a: Arboliva\n|-damage|p1a: Oranguru|56/100 par|[from] item: Life Orb\n|\n|win|p0x19448d2a", "uploadtime": 1783561790, "views": 0, "rating": 0, "private": 0, "password": null, "_winner": "p0x19448d2a", "_our_name": "p0y19441507"}