{"id": "battle-gen9randombattle-1860", "formatid": "gen9randombattle", "format": "[Gen 9] Random Battle", "players": ["p0x186005e2", "p0y1860bd84"], "log": "|init|battle\n|title|p0x186005e2 vs. p0y1860bd84\n|j|\u2606p0x186005e2\n|j|\u2606p0y1860bd84\n|t:|1783561534\n|gametype|singles\n|player|p1|p0x186005e2|169|\n|player|p2|p0y1860bd84|170|\n|gen|9\n|tier|[Gen 9] Random Battle\n|rule|Species Clause: Limit one of each Pok\u00e9mon\n|rule|HP Percentage Mod: HP is shown in percentages\n|rule|Sleep Clause Mod: Limit one foe put to sleep\n|rule|Illusion Level Mod: Illusion disguises the Pok\u00e9mon's true level\n|\n|t:|1783561534\n|teamsize|p1|6\n|teamsize|p2|6\n|start\n|switch|p1a: Hitmonchan|Hitmonchan, L87, M|100/100\n|switch|p2a: Gholdengo|Gholdengo, L77|261/261\n|turn|1\n|inactive|Battle timer is ON: inactive players will automatically lose when time's up. (requested by p0x186005e2)\n|inactive|Time left: 300 sec this turn | 300 sec total | 60 sec grace\n|inactive|p0y1860bd84 also wants the timer to be on.\n|\n|t:|1783561536\n|move|p2a: Gholdengo|Shadow Ball|p1a: Hitmonchan\n|-damage|p1a: Hitmonchan|66/100\n|move|p1a: Hitmonchan|Knock Off|p2a: Gholdengo\n|-supereffective|p2a: Gholdengo\n|-damage|p2a: Gholdengo|115/261\n|-enditem|p2a: Gholdengo|Choice Scarf|[from] move: Knock Off|[of] p1a: Hitmonchan\n|\n|-heal|p1a: Hitmonchan|73/100|[from] item: Leftovers\n|upkeep\n|turn|2\n|inactive|Time left: 300 sec this turn | 300 sec total\n|\n|t:|1783561537\n|move|p1a: Hitmonchan|Knock Off|p2a: Gholdengo\n|-supereffective|p2a: Gholdengo\n|-damage|p2a: Gholdengo|9/261\n|move|p2a: Gholdengo|Shadow Ball|p1a: Hitmonchan\n|-damage|p1a: Hitmonchan|38/100\n|-unboost|p1a: Hitmonchan|spd|1\n|\n|-heal|p1a: Hitmonchan|45/100|[from] item: Leftovers\n|upkeep\n|turn|3\n|inactive|Time left: 300 sec this turn | 300 sec total\n|\n|t:|1783561538\n|move|p1a: Hitmonchan|Knock Off|p2a: Gholdengo\n|-supereffective|p2a: Gholdengo\n|-damage|p2a: Gholdengo|0 fnt\n|faint|p2a: Gholdengo\n|\n|-heal|p1a: Hitmonchan|51/100|[from] item: Leftovers\n|upkeep\n|inactive|Time left: 300 sec this turn | 300 sec total | 5 sec grace\n|\n|t:|1783561539\n|switch|p2a: Brambleghast|Brambleghast, L88, F|240/240\n|turn|4\n|inactive|Time left: 300 sec this turn | 300 sec total\n|\n|t:|1783561540\n|switch|p1a: Abomasnow|Abomasnow, L84, F|100/100\n|-weather|Snowscape|[from] ability: Snow Warning|[of] p1a: Abomasnow\n|move|p2a: Brambleghast|Poltergeist|p1a: Abomasnow\n|-activate|p1a: Abomasnow|move: Poltergeist|Light Clay\n|-damage|p1a: Abomasnow|60/100\n|\n|-weather|Snowscape|[upkeep]\n|upkeep\n|turn|5\n|inactive|Time left: 300 sec this turn | 300 sec total\n|\n|t:|1783561541\n|move|p2a: Brambleghast|Poltergeist|p1a: Abomasnow\n|-activate|p1a: Abomasnow|move: Poltergeist|Light Clay\n|-damage|p1a: Abomasnow|24/100\n|move|p1a: Abomasnow|Aurora Veil|p1a: Abomasnow\n|-sidestart|p1: p0x186005e2|move: Aurora Veil\n|\n|-weather|Snowscape|[upkeep]\n|upkeep\n|turn|6\n|inactive|Time left: 300 sec this turn | 300 sec total\n|\n|t:|1783561542\n|move|p2a: Brambleghast|Substitute|p2a: Brambleghast\n|-start|p2a: Brambleghast|Substitute\n|-damage|p2a: Brambleghast|180/240\n|move|p1a: Abomasnow|Blizzard|p2a: Brambleghast\n|-ability|p2a: Brambleghast|Wind Rider|boost\n|-boost|p2a: Brambleghast|atk|1\n|\n|-weather|Snowscape|[upkeep]\n|-heal|p2a: Brambleghast|195/240|[from] item: Leftovers\n|upkeep\n|turn|7\n|inactive|Time left: 300 sec this turn | 300 sec total\n|\n|t:|1783561543\n|move|p1a: Abomasnow|Ice Shard|p2a: Brambleghast\n|-supereffective|p2a: Brambleghast\n|-end|p2a: Brambleghast|Substitute\n|move|p2a: Brambleghast|Poltergeist|p1a: Abomasnow\n|-activate|p1a: Abomasnow|move: Poltergeist|Light Clay\n|-damage|p1a: Abomasnow|0 fnt\n|faint|p1a: Abomasnow\n|\n|-weather|Snowscape|[upkeep]\n|-heal|p2a: Brambleghast|210/240|[from] item: Leftovers\n|upkeep\n|\n|t:|1783561544\n|switch|p1a: Beartic|Beartic, L91, M|100/100\n|turn|8\n|inactive|Time left: 300 sec this turn | 300 sec total\n|\n|t:|1783561546\n|move|p1a: Beartic|Icicle Crash|p2a: Brambleghast\n|-supereffective|p2a: Brambleghast\n|-damage|p2a: Brambleghast|0 fnt\n|faint|p2a: Brambleghast\n|\n|-weather|none\n|upkeep\n|inactive|Time left: 300 sec this turn | 300 sec total | 5 sec grace\n|\n|t:|1783561546\n|switch|p2a: Salazzle|Salazzle, L83, F|249/249\n|turn|9\n|inactive|Time left: 300 sec this turn | 300 sec total\n|\n|t:|1783561548\n|switch|p2a: Vespiquen|Vespiquen, L99, F|299/299\n|-ability|p2a: Vespiquen|Pressure\n|move|p1a: Beartic|Earthquake|p2a: Vespiquen\n|-immune|p2a: Vespiquen\n|\n|upkeep\n|turn|10\n|inactive|Time left: 300 sec this turn | 300 sec total\n|\n|t:|1783561549\n|move|p1a: Beartic|Swords Dance|p1a: Beartic\n|-boost|p1a: Beartic|atk|2\n|move|p2a: Vespiquen|Air Slash|p1a: Beartic\n|-damage|p1a: Beartic|86/100\n|\n|upkeep\n|turn|11\n|inactive|Time left: 300 sec this turn | 300 sec total\n|\n|t:|1783561550\n|move|p1a: Beartic|Icicle Crash|p2a: Vespiquen\n|-supereffective|p2a: Vespiquen\n|-damage|p2a: Vespiquen|0 fnt\n|faint|p2a: Vespiquen\n|\n|upkeep\n|inactive|Time left: 300 sec this turn | 300 sec total | 5 sec grace\n|\n|t:|1783561551\n|switch|p2a: Mew|Mew, L82|298/298\n|turn|12\n|inactive|Time left: 300 sec this turn | 300 sec total\n|\n|t:|1783561552\n|-terastallize|p1a: Beartic|Ground\n|move|p2a: Mew|Nasty Plot|p2a: Mew\n|-boost|p2a: Mew|spa|2\n|move|p1a: Beartic|Earthquake|p2a: Mew\n|-damage|p2a: Mew|7/298\n|\n|-sideend|p1: p0x186005e2|move: Aurora Veil\n|upkeep\n|turn|13\n|inactive|Time left: 300 sec this turn | 300 sec total\n|\n|t:|1783561553\n|switch|p1a: Clefable|Clefable, L83, M|100/100\n|move|p2a: Mew|Hydro Pump|p1a: Clefable\n|-damage|p1a: Clefable|65/100\n|-damage|p2a: Mew|0 fnt|[from] item: Life Orb\n|faint|p2a: Mew\n|\n|-heal|p1a: Clefable|71/100|[from] item: Leftovers\n|upkeep\n|inactive|Time left: 300 sec this turn | 300 sec total | 5 sec grace\n|\n|t:|1783561555\n|switch|p2a: Salazzle|Salazzle, L83, F|249/249\n|turn|14\n|inactive|Time left: 300 sec this turn | 300 sec total\n|\n|t:|1783561556\n|move|p2a: Salazzle|Nasty Plot|p2a: Salazzle\n|-boost|p2a: Salazzle|spa|2\n|move|p1a: Clefable|Calm Mind|p1a: Clefable\n|-boost|p1a: Clefable|spa|1\n|-boost|p1a: Clefable|spd|1\n|\n|-heal|p1a: Clefable|78/100|[from] item: Leftovers\n|upkeep\n|turn|15\n|inactive|Time left: 300 sec this turn | 300 sec total\n|\n|t:|1783561557\n|move|p2a: Salazzle|Sludge Wave|p1a: Clefable\n|-supereffective|p1a: Clefable\n|-damage|p1a: Clefable|28/100\n|-status|p1a: Clefable|psn\n|move|p1a: Clefable|Moonlight|p1a: Clefable\n|-heal|p1a: Clefable|78/100 psn\n|\n|-heal|p1a: Clefable|84/100 psn|[from] item: Leftovers\n|-damage|p1a: Clefable|72/100 psn|[from] psn\n|upkeep\n|turn|16\n|inactive|Time left: 300 sec this turn | 300 sec total\n|\n|t:|1783561558\n|move|p2a: Salazzle|Sludge Wave|p1a: Clefable\n|-supereffective|p1a: Clefable\n|-damage|p1a: Clefable|17/100 psn\n|move|p1a: Clefable|Moonlight|p1a: Clefable\n|-heal|p1a: Clefable|67/100 psn\n|\n|-heal|p1a: Clefable|73/100 psn|[from] item: Leftovers\n|-damage|p1a: Clefable|61/100 psn|[from] psn\n|upkeep\n|turn|17\n|inactive|Time left: 300 sec this turn | 300 sec total\n|\n|t:|1783561559\n|move|p2a: Salazzle|Sludge Wave|p1a: Clefable\n|-supereffective|p1a: Clefable\n|-damage|p1a: Clefable|11/100 psn\n|move|p1a: Clefable|Moonlight|p1a: Clefable\n|-heal|p1a: Clefable|61/100 psn\n|\n|-heal|p1a: Clefable|67/100 psn|[from] item: Leftovers\n|-damage|p1a: Clefable|55/100 psn|[from] psn\n|upkeep\n|turn|18\n|inactive|Time left: 300 sec this turn | 300 sec total\n|\n|t:|1783561560\n|move|p2a: Salazzle|Sludge Wave|p1a: Clefable\n|-supereffective|p1a: Clefable\n|-damage|p1a: Clefable|8/100 psn\n|move|p1a: Clefable|Moonlight|p1a: Clefable\n|-heal|p1a: Clefable|58/100 psn\n|\n|-heal|p1a: Clefable|64/100 psn|[from] item: Leftovers\n|-damage|p1a: Clefable|52/100 psn|[from] psn\n|upkeep\n|turn|19\n|inactive|Time left: 300 sec this turn | 300 sec total\n|\n|t:|1783561561\n|move|p2a: Salazzle|Sludge Wave|p1a: Clefable\n|-supereffective|p1a: Clefable\n|-damage|p1a: Clefable|0 fnt\n|faint|p1a: Clefable\n|\n|upkeep\n|\n|t:|1783561562\n|switch|p1a: Azelf|Azelf, L82|100/100\n|turn|20\n|inactive|Time left: 300 sec this turn | 300 sec total\n|\n|t:|1783561563\n|move|p2a: Salazzle|Fire Blast|p1a: Azelf\n|-damage|p1a: Azelf|14/100\n|move|p1a: Azelf|Explosion|p2a: Salazzle\n|-damage|p2a: Salazzle|0 fnt\n|faint|p1a: Azelf\n|faint|p2a: Salazzle\n|\n|upkeep\n|inactive|Time left: 300 sec this turn | 300 sec total | 5 sec grace\n|\n|t:|1783561564\n|switch|p2a: Bellibolt|Bellibolt, L84, M|320/320\n|switch|p1a: Iron Crown|Iron Crown, L78|100/100\n|turn|21\n|inactive|Time left: 300 sec this turn | 300 sec total\n|\n|t:|1783561565\n|move|p1a: Iron Crown|Calm Mind|p1a: Iron Crown\n|-boost|p1a: Iron Crown|spa|1\n|-boost|p1a: Iron Crown|spd|1\n|move|p2a: Bellibolt|Muddy Water|p1a: Iron Crown|[miss]\n|-miss|p2a: Bellibolt|p1a: Iron Crown\n|\n|upkeep\n|turn|22\n|inactive|Time left: 300 sec this turn | 300 sec total\n|\n|t:|1783561566\n|move|p1a: Iron Crown|Calm Mind|p1a: Iron Crown\n|-boost|p1a: Iron Crown|spa|1\n|-boost|p1a: Iron Crown|spd|1\n|move|p2a: Bellibolt|Muddy Water|p1a: Iron Crown\n|-damage|p1a: Iron Crown|90/100\n|\n|-heal|p1a: Iron Crown|96/100|[from] item: Leftovers\n|upkeep\n|turn|23\n|inactive|Time left: 300 sec this turn | 300 sec total\n|\n|t:|1783561567\n|move|p1a: Iron Crown|Psyshock|p2a: Bellibolt\n|-crit|p2a: Bellibolt\n|-damage|p2a: Bellibolt|62/320\n|-start|p2a: Bellibolt|Charge|Psyshock|[from] ability: Electromorphosis\n|move|p2a: Bellibolt|Slack Off|p2a: Bellibolt\n|-heal|p2a: Bellibolt|222/320\n|\n|-heal|p1a: Iron Crown|100/100|[from] item: Leftovers\n|-heal|p2a: Bellibolt|242/320|[from] item: Leftovers\n|upkeep\n|turn|24\n|inactive|Time left: 300 sec this turn | 300 sec total\n|\n|t:|1783561568\n|move|p1a: Iron Crown|Psyshock|p2a: Bellibolt\n|-damage|p2a: Bellibolt|61/320\n|-start|p2a: Bellibolt|Charge|Psyshock|[from] ability: Electromorphosis\n|move|p2a: Bellibolt|Slack Off|p2a: Bellibolt\n|-heal|p2a: Bellibolt|221/320\n|\n|-heal|p2a: Bellibolt|241/320|[from] item: Leftovers\n|upkeep\n|turn|25\n|inactive|Time left: 300 sec this turn | 300 sec total\n|\n|t:|1783561569\n|move|p1a: Iron Crown|Psyshock|p2a: Bellibolt\n|-damage|p2a: Bellibolt|58/320\n|-start|p2a: Bellibolt|Charge|Psyshock|[from] ability: Electromorphosis\n|move|p2a: Bellibolt|Slack Off|p2a: Bellibolt\n|-heal|p2a: Bellibolt|218/320\n|\n|-heal|p2a: Bellibolt|238/320|[from] item: Leftovers\n|upkeep\n|turn|26\n|inactive|Time left: 300 sec this turn | 300 sec total\n|\n|t:|1783561569\n|move|p1a: Iron Crown|Psyshock|p2a: Bellibolt\n|-damage|p2a: Bellibolt|51/320\n|-start|p2a: Bellibolt|Charge|Psyshock|[from] ability: Electromorphosis\n|move|p2a: Bellibolt|Slack Off|p2a: Bellibolt\n|-heal|p2a: Bellibolt|211/320\n|\n|-heal|p2a: Bellibolt|231/320|[from] item: Leftovers\n|upkeep\n|turn|27\n|inactive|Time left: 300 sec this turn | 300 sec total\n|\n|t:|1783561570\n|move|p1a: Iron Crown|Psyshock|p2a: Bellibolt\n|-damage|p2a: Bellibolt|71/320\n|-start|p2a: Bellibolt|Charge|Psyshock|[from] ability: Electromorphosis\n|move|p2a: Bellibolt|Slack Off|p2a: Bellibolt\n|-heal|p2a: Bellibolt|231/320\n|\n|-heal|p2a: Bellibolt|251/320|[from] item: Leftovers\n|upkeep\n|turn|28\n|inactive|Time left: 300 sec this turn | 300 sec total\n|\n|t:|1783561571\n|move|p1a: Iron Crown|Psyshock|p2a: Bellibolt\n|-damage|p2a: Bellibolt|83/320\n|-start|p2a: Bellibolt|Charge|Psyshock|[from] ability: Electromorphosis\n|move|p2a: Bellibolt|Slack Off|p2a: Bellibolt\n|-heal|p2a: Bellibolt|243/320\n|\n|-heal|p2a: Bellibolt|263/320|[from] item: Leftovers\n|upkeep\n|turn|29\n|inactive|Time left: 300 sec this turn | 300 sec total\n|\n|t:|1783561572\n|move|p1a: Iron Crown|Psyshock|p2a: Bellibolt\n|-damage|p2a: Bellibolt|80/320\n|-start|p2a: Bellibolt|Charge|Psyshock|[from] ability: Electromorphosis\n|move|p2a: Bellibolt|Slack Off|p2a: Bellibolt\n|-heal|p2a: Bellibolt|240/320\n|\n|-heal|p2a: Bellibolt|260/320|[from] item: Leftovers\n|upkeep\n|turn|30\n|inactive|Time left: 300 sec this turn | 300 sec total\n|\n|t:|1783561573\n|move|p1a: Iron Crown|Psyshock|p2a: Bellibolt\n|-crit|p2a: Bellibolt\n|-damage|p2a: Bellibolt|23/320\n|-start|p2a: Bellibolt|Charge|Psyshock|[from] ability: Electromorphosis\n|move|p2a: Bellibolt|Slack Off|p2a: Bellibolt\n|-heal|p2a: Bellibolt|183/320\n|\n|-heal|p2a: Bellibolt|203/320|[from] item: Leftovers\n|upkeep\n|turn|31\n|inactive|Time left: 300 sec this turn | 300 sec total\n|\n|t:|1783561574\n|-terastallize|p2a: Bellibolt|Electric\n|move|p1a: Iron Crown|Psyshock|p2a: Bellibolt\n|-damage|p2a: Bellibolt|41/320\n|-start|p2a: Bellibolt|Charge|Psyshock|[from] ability: Electromorphosis\n|move|p2a: Bellibolt|Muddy Water|p1a: Iron Crown\n|-damage|p1a: Iron Crown|88/100\n|\n|-heal|p1a: Iron Crown|94/100|[from] item: Leftovers\n|-heal|p2a: Bellibolt|61/320|[from] item: Leftovers\n|upkeep\n|turn|32\n|inactive|Time left: 300 sec this turn | 300 sec total\n|\n|t:|1783561575\n|move|p1a: Iron Crown|Tachyon Cutter|p2a: Bellibolt\n|-resisted|p2a: Bellibolt\n|-damage|p2a: Bellibolt|7/320\n|-start|p2a: Bellibolt|Charge|Tachyon Cutter|[from] ability: Electromorphosis\n|-resisted|p2a: Bellibolt\n|-damage|p2a: Bellibolt|0 fnt\n|faint|p2a: Bellibolt\n|-hitcount|p2: Bellibolt|2\n|\n|win|p0x186005e2", "uploadtime": 1783561575, "views": 0, "rating": 0, "private": 0, "password": null, "_winner": "p0x186005e2", "_our_name": "p0y1860bd84"}