{"id": "battle-gen9randombattle-139", "formatid": "gen9randombattle", "format": "[Gen 9] Random Battle", "players": ["p0x13920ae", "p0y1394b35"], "log": "|init|battle\n|title|p0x13920ae vs. p0y1394b35\n|j|\u2606p0x13920ae\n|j|\u2606p0y1394b35\n|t:|1783540777\n|gametype|singles\n|player|p1|p0x13920ae|170|\n|player|p2|p0y1394b35|266|\n|gen|9\n|tier|[Gen 9] Random Battle\n|rule|Species Clause: Limit one of each Pok\u00e9mon\n|rule|HP Percentage Mod: HP is shown in percentages\n|rule|Sleep Clause Mod: Limit one foe put to sleep\n|rule|Illusion Level Mod: Illusion disguises the Pok\u00e9mon's true level\n|\n|t:|1783540777\n|teamsize|p1|6\n|teamsize|p2|6\n|start\n|switch|p1a: Shaymin|Shaymin-Sky, L73|100/100\n|switch|p2a: Alomomola|Alomomola, L87, M|429/429\n|turn|1\n|inactive|Battle timer is ON: inactive players will automatically lose when time's up. (requested by p0x13920ae)\n|inactive|Time left: 300 sec this turn | 300 sec total | 60 sec grace\n|inactive|p0y1394b35 also wants the timer to be on.\n|\n|t:|1783540779\n|move|p2a: Alomomola|Protect|p2a: Alomomola\n|-singleturn|p2a: Alomomola|Protect\n|move|p1a: Shaymin|Seed Flare|p2a: Alomomola\n|-activate|p2a: Alomomola|move: Protect\n|\n|upkeep\n|turn|2\n|inactive|Time left: 300 sec this turn | 300 sec total\n|\n|t:|1783540780\n|move|p1a: Shaymin|Seed Flare|p2a: Alomomola\n|-supereffective|p2a: Alomomola\n|-damage|p2a: Alomomola|0 fnt\n|faint|p2a: Alomomola\n|\n|upkeep\n|inactive|Time left: 300 sec this turn | 300 sec total | 5 sec grace\n|\n|t:|1783540781\n|switch|p2a: Porygon2|Porygon2, L81|270/270\n|-ability|p2a: Porygon2|Download|boost\n|-boost|p2a: Porygon2|spa|1\n|turn|3\n|inactive|Time left: 300 sec this turn | 300 sec total\n|\n|t:|1783540782\n|move|p1a: Shaymin|Seed Flare|p2a: Porygon2\n|-damage|p2a: Porygon2|147/270\n|-unboost|p2a: Porygon2|spd|2\n|move|p2a: Porygon2|Tera Blast|p1a: Shaymin\n|-damage|p1a: Shaymin|44/100\n|\n|upkeep\n|turn|4\n|inactive|Time left: 300 sec this turn | 300 sec total\n|\n|t:|1783540783\n|switch|p2a: Amoonguss|Amoonguss, L82, F|321/321\n|move|p1a: Shaymin|Seed Flare|p2a: Amoonguss\n|-resisted|p2a: Amoonguss\n|-damage|p2a: Amoonguss|276/321\n|-unboost|p2a: Amoonguss|spd|2\n|\n|upkeep\n|turn|5\n|inactive|Time left: 300 sec this turn | 300 sec total\n|\n|t:|1783540784\n|switch|p2a: Porygon2|Porygon2, L81|147/270\n|-ability|p2a: Porygon2|Download|boost\n|-boost|p2a: Porygon2|spa|1\n|move|p1a: Shaymin|Seed Flare|p2a: Porygon2\n|-damage|p2a: Porygon2|41/270\n|-unboost|p2a: Porygon2|spd|2\n|\n|upkeep\n|turn|6\n|inactive|Time left: 300 sec this turn | 300 sec total\n|\n|t:|1783540785\n|switch|p2a: Amoonguss|Amoonguss, L82, F|321/321\n|move|p1a: Shaymin|Seed Flare|p2a: Amoonguss\n|-resisted|p2a: Amoonguss\n|-damage|p2a: Amoonguss|272/321\n|-unboost|p2a: Amoonguss|spd|2\n|\n|upkeep\n|turn|7\n|inactive|Time left: 300 sec this turn | 300 sec total\n|\n|t:|1783540786\n|move|p1a: Shaymin|Seed Flare|p2a: Amoonguss\n|-resisted|p2a: Amoonguss\n|-crit|p2a: Amoonguss\n|-damage|p2a: Amoonguss|127/321\n|move|p2a: Amoonguss|Sludge Bomb|p1a: Shaymin\n|-supereffective|p1a: Shaymin\n|-damage|p1a: Shaymin|0 fnt\n|faint|p1a: Shaymin\n|\n|upkeep\n|\n|t:|1783540787\n|switch|p1a: Tyranitar|Tyranitar, L78, M|100/100\n|-weather|Sandstorm|[from] ability: Sand Stream|[of] p1a: Tyranitar\n|turn|8\n|inactive|Time left: 300 sec this turn | 300 sec total\n|\n|t:|1783540788\n|switch|p2a: Chesnaught|Chesnaught, L84, F|285/285\n|move|p1a: Tyranitar|Knock Off|p2a: Chesnaught\n|-resisted|p2a: Chesnaught\n|-damage|p2a: Chesnaught|242/285\n|-enditem|p2a: Chesnaught|Leftovers|[from] move: Knock Off|[of] p1a: Tyranitar\n|\n|-weather|Sandstorm|[upkeep]\n|-damage|p2a: Chesnaught|225/285|[from] Sandstorm\n|upkeep\n|turn|9\n|inactive|Time left: 300 sec this turn | 300 sec total\n|\n|t:|1783540789\n|switch|p1a: Forretress|Forretress, L84, F|100/100\n|move|p2a: Chesnaught|Body Press|p1a: Forretress\n|-damage|p1a: Forretress|75/100\n|\n|-weather|Sandstorm|[upkeep]\n|-damage|p2a: Chesnaught|208/285|[from] Sandstorm\n|-heal|p1a: Forretress|81/100|[from] item: Leftovers\n|upkeep\n|turn|10\n|inactive|Time left: 300 sec this turn | 300 sec total\n|\n|t:|1783540790\n|move|p2a: Chesnaught|Iron Defense|p2a: Chesnaught\n|-boost|p2a: Chesnaught|def|2\n|move|p1a: Forretress|Stealth Rock|p2a: Chesnaught\n|-sidestart|p2: p0y1394b35|move: Stealth Rock\n|\n|-weather|Sandstorm|[upkeep]\n|-damage|p2a: Chesnaught|191/285|[from] Sandstorm\n|-heal|p1a: Forretress|87/100|[from] item: Leftovers\n|upkeep\n|turn|11\n|inactive|Time left: 300 sec this turn | 300 sec total\n|\n|t:|1783540791\n|move|p2a: Chesnaught|Body Press|p1a: Forretress\n|-damage|p1a: Forretress|30/100\n|move|p1a: Forretress|Spikes|p2a: Chesnaught\n|-sidestart|p2: p0y1394b35|Spikes\n|\n|-weather|Sandstorm|[upkeep]\n|-damage|p2a: Chesnaught|174/285|[from] Sandstorm\n|-heal|p1a: Forretress|36/100|[from] item: Leftovers\n|upkeep\n|turn|12\n|inactive|Time left: 300 sec this turn | 300 sec total\n|\n|t:|1783540792\n|switch|p1a: Toxicroak|Toxicroak, L84, F|100/100\n|move|p2a: Chesnaught|Body Press|p1a: Toxicroak\n|-resisted|p1a: Toxicroak\n|-crit|p1a: Toxicroak\n|-damage|p1a: Toxicroak|27/100\n|\n|-weather|none\n|upkeep\n|turn|13\n|inactive|Time left: 300 sec this turn | 300 sec total\n|\n|t:|1783540793\n|move|p1a: Toxicroak|Gunk Shot|p2a: Chesnaught|[miss]\n|-miss|p1a: Toxicroak|p2a: Chesnaught\n|move|p2a: Chesnaught|Body Press|p1a: Toxicroak\n|-resisted|p1a: Toxicroak\n|-damage|p1a: Toxicroak|0 fnt\n|faint|p1a: Toxicroak\n|\n|upkeep\n|\n|t:|1783540794\n|switch|p1a: Goodra|Goodra, L85, M|100/100\n|turn|14\n|inactive|Time left: 300 sec this turn | 300 sec total\n|\n|t:|1783540795\n|move|p1a: Goodra|Draco Meteor|p2a: Chesnaught\n|-damage|p2a: Chesnaught|12/285\n|-unboost|p1a: Goodra|spa|2\n|move|p2a: Chesnaught|Body Press|p1a: Goodra\n|-damage|p1a: Goodra|25/100\n|\n|upkeep\n|turn|15\n|inactive|Time left: 300 sec this turn | 300 sec total\n|\n|t:|1783540796\n|move|p1a: Goodra|Earthquake|p2a: Chesnaught\n|-resisted|p2a: Chesnaught\n|-damage|p2a: Chesnaught|0 fnt\n|faint|p2a: Chesnaught\n|\n|upkeep\n|inactive|Time left: 300 sec this turn | 300 sec total | 5 sec grace\n|\n|t:|1783540797\n|switch|p2a: Hitmonchan|Hitmonchan, L87, M|229/229\n|-damage|p2a: Hitmonchan|215/229|[from] Stealth Rock\n|-damage|p2a: Hitmonchan|187/229|[from] Spikes\n|turn|16\n|inactive|Time left: 300 sec this turn | 300 sec total\n|\n|t:|1783540798\n|move|p1a: Goodra|Power Whip|p2a: Hitmonchan\n|-damage|p2a: Hitmonchan|91/229\n|move|p2a: Hitmonchan|Drain Punch|p1a: Goodra\n|-damage|p1a: Goodra|0 fnt\n|-heal|p2a: Hitmonchan|127/229|[from] drain|[of] p1a: Goodra\n|faint|p1a: Goodra\n|-damage|p2a: Hitmonchan|105/229|[from] item: Life Orb\n|\n|upkeep\n|\n|t:|1783540800\n|switch|p1a: Tatsugiri|Tatsugiri, L87, F|100/100\n|turn|17\n|inactive|Time left: 300 sec this turn | 300 sec total\n|\n|t:|1783540801\n|move|p1a: Tatsugiri|Hydro Pump|p2a: Hitmonchan\n|-damage|p2a: Hitmonchan|0 fnt\n|faint|p2a: Hitmonchan\n|\n|upkeep\n|inactive|Time left: 300 sec this turn | 300 sec total | 5 sec grace\n|\n|t:|1783540802\n|switch|p2a: Amoonguss|Amoonguss, L82, F|234/321\n|-damage|p2a: Amoonguss|194/321|[from] Stealth Rock\n|-damage|p2a: Amoonguss|154/321|[from] Spikes\n|turn|18\n|inactive|Time left: 300 sec this turn | 300 sec total\n|\n|t:|1783540803\n|move|p1a: Tatsugiri|Draco Meteor|p2a: Amoonguss\n|-damage|p2a: Amoonguss|0 fnt\n|-unboost|p1a: Tatsugiri|spa|2\n|faint|p2a: Amoonguss\n|\n|upkeep\n|inactive|Time left: 300 sec this turn | 300 sec total | 5 sec grace\n|\n|t:|1783540804\n|switch|p2a: Camerupt|Camerupt, L91, M|275/275\n|-damage|p2a: Camerupt|241/275|[from] Stealth Rock\n|-damage|p2a: Camerupt|207/275|[from] Spikes\n|turn|19\n|inactive|Time left: 300 sec this turn | 300 sec total\n|\n|t:|1783540805\n|-terastallize|p2a: Camerupt|Water\n|move|p1a: Tatsugiri|Hydro Pump|p2a: Camerupt\n|-resisted|p2a: Camerupt\n|-damage|p2a: Camerupt|167/275\n|move|p2a: Camerupt|Earthquake|p1a: Tatsugiri\n|-damage|p1a: Tatsugiri|43/100\n|\n|-heal|p2a: Camerupt|184/275|[from] item: Leftovers\n|upkeep\n|turn|20\n|inactive|Time left: 300 sec this turn | 300 sec total\n|\n|t:|1783540806\n|move|p1a: Tatsugiri|Draco Meteor|p2a: Camerupt\n|-damage|p2a: Camerupt|91/275\n|-unboost|p1a: Tatsugiri|spa|2\n|move|p2a: Camerupt|Will-O-Wisp|p1a: Tatsugiri\n|-status|p1a: Tatsugiri|brn\n|\n|-heal|p2a: Camerupt|108/275|[from] item: Leftovers\n|-damage|p1a: Tatsugiri|37/100 brn|[from] brn\n|upkeep\n|turn|21\n|inactive|Time left: 300 sec this turn | 300 sec total\n|\n|t:|1783540807\n|switch|p1a: Tyranitar|Tyranitar, L78, M|100/100\n|-weather|Sandstorm|[from] ability: Sand Stream|[of] p1a: Tyranitar\n|move|p2a: Camerupt|Will-O-Wisp|p1a: Tyranitar|[miss]\n|-miss|p2a: Camerupt|p1a: Tyranitar\n|\n|-weather|Sandstorm|[upkeep]\n|-damage|p2a: Camerupt|91/275|[from] Sandstorm\n|-heal|p2a: Camerupt|108/275|[from] item: Leftovers\n|upkeep\n|turn|22\n|inactive|Time left: 300 sec this turn | 300 sec total\n|\n|t:|1783540808\n|switch|p2a: Porygon2|Porygon2, L81|41/270\n|-damage|p2a: Porygon2|8/270|[from] Stealth Rock\n|-damage|p2a: Porygon2|0 fnt|[from] Spikes\n|faint|p2a: Porygon2\n|-terastallize|p1a: Tyranitar|Ghost\n|move|p1a: Tyranitar|Knock Off|p2: Porygon2|[notarget]\n|-fail|p1a: Tyranitar\n|\n|-weather|Sandstorm|[upkeep]\n|-damage|p1a: Tyranitar|95/100|[from] Sandstorm\n|upkeep\n|inactive|Time left: 300 sec this turn | 300 sec total | 5 sec grace\n|\n|t:|1783540809\n|switch|p2a: Camerupt|Camerupt, L91, M, tera:Water|108/275\n|-damage|p2a: Camerupt|74/275|[from] Stealth Rock\n|-damage|p2a: Camerupt|40/275|[from] Spikes\n|turn|23\n|inactive|Time left: 300 sec this turn | 300 sec total\n|\n|t:|1783540809\n|move|p1a: Tyranitar|Knock Off|p2a: Camerupt\n|-damage|p2a: Camerupt|0 fnt\n|-enditem|p2a: Camerupt|Leftovers|[from] move: Knock Off|[of] p1a: Tyranitar\n|faint|p2a: Camerupt\n|\n|win|p0x13920ae", "uploadtime": 1783540809, "views": 0, "rating": 0, "private": 0, "password": null, "_winner": "p0x13920ae", "_our_name": "p0y1394b35"}