{"id": "battle-gen9randombattle-1872", "formatid": "gen9randombattle", "format": "[Gen 9] Random Battle", "players": ["p0x1872f108", "p0y1872330d"], "log": "|init|battle\n|title|p0x1872f108 vs. p0y1872330d\n|j|\u2606p0x1872f108\n|j|\u2606p0y1872330d\n|t:|1783560929\n|gametype|singles\n|player|p1|p0x1872f108|102|\n|player|p2|p0y1872330d|101|\n|gen|9\n|tier|[Gen 9] Random Battle\n|rule|Species Clause: Limit one of each Pok\u00e9mon\n|rule|HP Percentage Mod: HP is shown in percentages\n|rule|Sleep Clause Mod: Limit one foe put to sleep\n|rule|Illusion Level Mod: Illusion disguises the Pok\u00e9mon's true level\n|\n|t:|1783560929\n|teamsize|p1|6\n|teamsize|p2|6\n|start\n|switch|p1a: Gyarados|Gyarados, L79, M|100/100\n|switch|p2a: Hippowdon|Hippowdon, L82, F|311/311\n|-ability|p1a: Gyarados|Intimidate|boost\n|-unboost|p2a: Hippowdon|atk|1\n|-weather|Sandstorm|[from] ability: Sand Stream|[of] p2a: Hippowdon\n|turn|1\n|inactive|Battle timer is ON: inactive players will automatically lose when time's up. (requested by p0x1872f108)\n|inactive|Time left: 300 sec this turn | 300 sec total | 60 sec grace\n|inactive|p0y1872330d also wants the timer to be on.\n|\n|t:|1783560930\n|move|p1a: Gyarados|Dragon Dance|p1a: Gyarados\n|-boost|p1a: Gyarados|atk|1\n|-boost|p1a: Gyarados|spe|1\n|move|p2a: Hippowdon|Stone Edge|p1a: Gyarados\n|-supereffective|p1a: Gyarados\n|-damage|p1a: Gyarados|59/100\n|\n|-weather|Sandstorm|[upkeep]\n|-damage|p1a: Gyarados|53/100|[from] Sandstorm\n|upkeep\n|turn|2\n|inactive|Time left: 300 sec this turn | 300 sec total\n|\n|t:|1783560931\n|move|p1a: Gyarados|Waterfall|p2a: Hippowdon\n|-supereffective|p2a: Hippowdon\n|-damage|p2a: Hippowdon|75/311\n|cant|p2a: Hippowdon|flinch\n|\n|-weather|Sandstorm|[upkeep]\n|-damage|p1a: Gyarados|47/100|[from] Sandstorm\n|-heal|p2a: Hippowdon|94/311|[from] item: Leftovers\n|upkeep\n|turn|3\n|inactive|Time left: 300 sec this turn | 300 sec total\n|\n|t:|1783560932\n|move|p1a: Gyarados|Waterfall|p2a: Hippowdon\n|-supereffective|p2a: Hippowdon\n|-damage|p2a: Hippowdon|0 fnt\n|faint|p2a: Hippowdon\n|\n|-weather|Sandstorm|[upkeep]\n|-damage|p1a: Gyarados|41/100|[from] Sandstorm\n|upkeep\n|inactive|Time left: 300 sec this turn | 300 sec total | 5 sec grace\n|\n|t:|1783560933\n|switch|p2a: Bombirdier|Bombirdier, L85, F|258/258\n|turn|4\n|inactive|Time left: 300 sec this turn | 300 sec total\n|\n|t:|1783560934\n|move|p1a: Gyarados|Stone Edge|p2a: Bombirdier\n|-supereffective|p2a: Bombirdier\n|-damage|p2a: Bombirdier|12/258\n|move|p2a: Bombirdier|Knock Off|p1a: Gyarados\n|-damage|p1a: Gyarados|0 fnt\n|-enditem|p1a: Gyarados|Heavy-Duty Boots|[from] move: Knock Off|[of] p2a: Bombirdier\n|faint|p1a: Gyarados\n|\n|-weather|Sandstorm|[upkeep]\n|-damage|p2a: Bombirdier|0 fnt|[from] Sandstorm\n|faint|p2a: Bombirdier\n|upkeep\n|inactive|Time left: 300 sec this turn | 300 sec total | 5 sec grace\n|\n|t:|1783560935\n|switch|p2a: Sudowoodo|Sudowoodo, L94, M|284/284\n|switch|p1a: Politoed|Politoed, L88, F|100/100\n|-weather|RainDance|[from] ability: Drizzle|[of] p1a: Politoed\n|turn|5\n|inactive|Time left: 300 sec this turn | 300 sec total\n|\n|t:|1783560936\n|switch|p2a: Bellossom|Bellossom, L84, M|263/263\n|move|p1a: Politoed|Weather Ball|p2a: Bellossom\n|-resisted|p2a: Bellossom\n|-crit|p2a: Bellossom\n|-damage|p2a: Bellossom|90/263\n|\n|-weather|RainDance|[upkeep]\n|-heal|p2a: Bellossom|106/263|[from] item: Leftovers\n|upkeep\n|turn|6\n|inactive|Time left: 300 sec this turn | 300 sec total\n|\n|t:|1783560937\n|move|p1a: Politoed|Weather Ball|p2a: Bellossom\n|-resisted|p2a: Bellossom\n|-damage|p2a: Bellossom|0 fnt\n|faint|p2a: Bellossom\n|\n|-weather|RainDance|[upkeep]\n|upkeep\n|inactive|Time left: 300 sec this turn | 300 sec total | 5 sec grace\n|\n|t:|1783560938\n|switch|p2a: Dedenne|Dedenne, L88, M|261/261\n|turn|7\n|inactive|Time left: 300 sec this turn | 300 sec total\n|\n|t:|1783560939\n|move|p2a: Dedenne|Thunderbolt|p1a: Politoed\n|-supereffective|p1a: Politoed\n|-damage|p1a: Politoed|45/100\n|-status|p1a: Politoed|par\n|cant|p1a: Politoed|par\n|\n|-weather|RainDance|[upkeep]\n|upkeep\n|turn|8\n|inactive|Time left: 300 sec this turn | 300 sec total\n|\n|t:|1783560940\n|switch|p1a: Magnezone|Magnezone, L85|100/100\n|move|p2a: Dedenne|Thunderbolt|p1a: Magnezone\n|-resisted|p1a: Magnezone\n|-damage|p1a: Magnezone|84/100\n|\n|-weather|RainDance|[upkeep]\n|-heal|p1a: Magnezone|90/100|[from] item: Leftovers\n|upkeep\n|turn|9\n|inactive|Time left: 300 sec this turn | 300 sec total\n|\n|t:|1783560941\n|move|p2a: Dedenne|Super Fang|p1a: Magnezone\n|-damage|p1a: Magnezone|45/100\n|move|p1a: Magnezone|Flash Cannon|p2a: Dedenne\n|-damage|p2a: Dedenne|84/261\n|-enditem|p2a: Dedenne|Sitrus Berry|[eat]\n|-heal|p2a: Dedenne|149/261|[from] item: Sitrus Berry\n|-heal|p2a: Dedenne|236/261|[from] ability: Cheek Pouch\n|\n|-weather|none\n|-heal|p1a: Magnezone|52/100|[from] item: Leftovers\n|upkeep\n|turn|10\n|inactive|Time left: 300 sec this turn | 300 sec total\n|\n|t:|1783560942\n|move|p2a: Dedenne|Super Fang|p1a: Magnezone\n|-damage|p1a: Magnezone|26/100\n|move|p1a: Magnezone|Flash Cannon|p2a: Dedenne\n|-damage|p2a: Dedenne|64/261\n|-unboost|p2a: Dedenne|spd|1\n|\n|-heal|p1a: Magnezone|32/100|[from] item: Leftovers\n|upkeep\n|turn|11\n|inactive|Time left: 300 sec this turn | 300 sec total\n|\n|t:|1783560942\n|move|p2a: Dedenne|Thunderbolt|p1a: Magnezone\n|-resisted|p1a: Magnezone\n|-damage|p1a: Magnezone|14/100\n|move|p1a: Magnezone|Discharge|p2a: Dedenne\n|-resisted|p2a: Dedenne\n|-damage|p2a: Dedenne|0 fnt\n|faint|p2a: Dedenne\n|\n|-heal|p1a: Magnezone|20/100|[from] item: Leftovers\n|upkeep\n|inactive|Time left: 300 sec this turn | 300 sec total | 5 sec grace\n|\n|t:|1783560943\n|switch|p2a: Zacian|Zacian, L69|241/241\n|-ability|p2a: Zacian|Intrepid Sword|boost\n|-boost|p2a: Zacian|atk|1\n|turn|12\n|inactive|Time left: 300 sec this turn | 300 sec total\n|\n|t:|1783560944\n|switch|p1a: Chandelure|Chandelure, L83, F|100/100\n|move|p2a: Zacian|Play Rough|p1a: Chandelure\n|-resisted|p1a: Chandelure\n|-crit|p1a: Chandelure\n|-damage|p1a: Chandelure|51/100\n|-damage|p2a: Zacian|217/241|[from] item: Life Orb\n|\n|upkeep\n|turn|13\n|inactive|Time left: 300 sec this turn | 300 sec total\n|\n|t:|1783560946\n|-terastallize|p1a: Chandelure|Fire\n|move|p2a: Zacian|Swords Dance|p2a: Zacian\n|-boost|p2a: Zacian|atk|2\n|move|p1a: Chandelure|Fire Blast|p2a: Zacian\n|-damage|p2a: Zacian|0 fnt\n|faint|p2a: Zacian\n|\n|upkeep\n|inactive|Time left: 300 sec this turn | 300 sec total | 5 sec grace\n|\n|t:|1783560947\n|switch|p2a: Sudowoodo|Sudowoodo, L94, M|284/284\n|turn|14\n|inactive|Time left: 300 sec this turn | 300 sec total\n|\n|t:|1783560947\n|move|p1a: Chandelure|Energy Ball|p2a: Sudowoodo\n|-supereffective|p2a: Sudowoodo\n|-damage|p2a: Sudowoodo|104/284\n|-unboost|p2a: Sudowoodo|spd|1\n|move|p2a: Sudowoodo|Earthquake|p1a: Chandelure\n|-supereffective|p1a: Chandelure\n|-damage|p1a: Chandelure|0 fnt\n|faint|p1a: Chandelure\n|\n|-heal|p2a: Sudowoodo|121/284|[from] item: Leftovers\n|upkeep\n|\n|t:|1783560948\n|switch|p1a: Magnezone|Magnezone, L85|20/100\n|turn|15\n|inactive|Time left: 300 sec this turn | 300 sec total\n|\n|t:|1783560949\n|-terastallize|p2a: Sudowoodo|Rock\n|move|p1a: Magnezone|Flash Cannon|p2a: Sudowoodo\n|-supereffective|p2a: Sudowoodo\n|-damage|p2a: Sudowoodo|0 fnt\n|faint|p2a: Sudowoodo\n|\n|win|p0x1872f108", "uploadtime": 1783560949, "views": 0, "rating": 0, "private": 0, "password": null, "_winner": "p0x1872f108", "_our_name": "p0y1872330d"}