{"id": "battle-gen9randombattle-1338", "formatid": "gen9randombattle", "format": "[Gen 9] Random Battle", "players": ["p0x13384a1e", "p0y13385048"], "log": "|init|battle\n|title|p0x13384a1e vs. p0y13385048\n|j|\u2606p0x13384a1e\n|j|\u2606p0y13385048\n|t:|1783555552\n|gametype|singles\n|player|p1|p0x13384a1e|265|\n|player|p2|p0y13385048|170|\n|gen|9\n|tier|[Gen 9] Random Battle\n|rule|Species Clause: Limit one of each Pok\u00e9mon\n|rule|HP Percentage Mod: HP is shown in percentages\n|rule|Sleep Clause Mod: Limit one foe put to sleep\n|rule|Illusion Level Mod: Illusion disguises the Pok\u00e9mon's true level\n|\n|t:|1783555552\n|teamsize|p1|6\n|teamsize|p2|6\n|start\n|switch|p1a: Magearna|Magearna-Original, L77|100/100\n|switch|p2a: Sneasler|Sneasler, L74, M|240/240\n|turn|1\n|inactive|Battle timer is ON: inactive players will automatically lose when time's up. (requested by p0x13384a1e)\n|inactive|Time left: 300 sec this turn | 300 sec total | 60 sec grace\n|inactive|p0y13385048 also wants the timer to be on.\n|\n|t:|1783555553\n|move|p2a: Sneasler|Close Combat|p1a: Magearna\n|-damage|p1a: Magearna|32/100\n|-unboost|p2a: Sneasler|def|1\n|-unboost|p2a: Sneasler|spd|1\n|move|p1a: Magearna|Shift Gear|p1a: Magearna\n|-boost|p1a: Magearna|spe|2\n|-boost|p1a: Magearna|atk|1\n|\n|upkeep\n|turn|2\n|inactive|Time left: 300 sec this turn | 300 sec total\n|\n|t:|1783555554\n|switch|p2a: Kingambit|Kingambit, L74, F|270/270\n|move|p1a: Magearna|Iron Head|p2a: Kingambit\n|-resisted|p2a: Kingambit\n|-damage|p2a: Kingambit|220/270\n|\n|-heal|p2a: Kingambit|236/270|[from] item: Leftovers\n|upkeep\n|turn|3\n|inactive|Time left: 300 sec this turn | 300 sec total\n|\n|t:|1783555556\n|move|p1a: Magearna|Iron Head|p2a: Kingambit\n|-resisted|p2a: Kingambit\n|-damage|p2a: Kingambit|188/270\n|cant|p2a: Kingambit|flinch\n|\n|-heal|p2a: Kingambit|204/270|[from] item: Leftovers\n|upkeep\n|turn|4\n|inactive|Time left: 300 sec this turn | 300 sec total\n|\n|t:|1783555557\n|move|p1a: Magearna|Fleur Cannon|p2a: Kingambit\n|-damage|p2a: Kingambit|48/270\n|-unboost|p1a: Magearna|spa|2\n|move|p2a: Kingambit|Iron Head|p1a: Magearna\n|-damage|p1a: Magearna|0 fnt\n|faint|p1a: Magearna\n|\n|-heal|p2a: Kingambit|64/270|[from] item: Leftovers\n|upkeep\n|\n|t:|1783555558\n|switch|p1a: Garchomp|Garchomp, L74, M|100/100\n|turn|5\n|inactive|Time left: 300 sec this turn | 300 sec total\n|\n|t:|1783555559\n|move|p1a: Garchomp|Stealth Rock|p2a: Kingambit\n|-sidestart|p2: p0y13385048|move: Stealth Rock\n|move|p2a: Kingambit|Swords Dance|p2a: Kingambit\n|-boost|p2a: Kingambit|atk|2\n|\n|-heal|p2a: Kingambit|80/270|[from] item: Leftovers\n|upkeep\n|turn|6\n|inactive|Time left: 300 sec this turn | 300 sec total\n|\n|t:|1783555560\n|move|p1a: Garchomp|Earthquake|p2a: Kingambit\n|-supereffective|p2a: Kingambit\n|-damage|p2a: Kingambit|0 fnt\n|faint|p2a: Kingambit\n|-end|p2a: Kingambit|fallenundefined|[silent]\n|\n|upkeep\n|inactive|Time left: 300 sec this turn | 300 sec total | 5 sec grace\n|\n|t:|1783555562\n|switch|p2a: Toucannon|Toucannon, L88, M|284/284\n|turn|7\n|inactive|Time left: 300 sec this turn | 300 sec total\n|\n|t:|1783555563\n|-singleturn|p2a: Toucannon|move: Beak Blast\n|move|p1a: Garchomp|Outrage|p2a: Toucannon\n|-damage|p2a: Toucannon|154/284\n|-status|p1a: Garchomp|brn\n|move|p2a: Toucannon|Beak Blast|p1a: Garchomp\n|-damage|p1a: Garchomp|52/100 brn\n|\n|-damage|p1a: Garchomp|46/100 brn|[from] brn\n|upkeep\n|turn|8\n|inactive|Time left: 300 sec this turn | 300 sec total\n|\n|t:|1783555564\n|move|p1a: Garchomp|Outrage|p2a: Toucannon|[from] lockedmove\n|-damage|p2a: Toucannon|85/284\n|move|p2a: Toucannon|Roost|p2a: Toucannon\n|-heal|p2a: Toucannon|227/284\n|-singleturn|p2a: Toucannon|move: Roost\n|\n|-damage|p1a: Garchomp|40/100 brn|[from] brn\n|upkeep\n|turn|9\n|inactive|Time left: 300 sec this turn | 300 sec total\n|\n|t:|1783555565\n|move|p1a: Garchomp|Outrage|p2a: Toucannon|[from] lockedmove\n|-damage|p2a: Toucannon|161/284\n|-start|p1a: Garchomp|confusion|[fatigue]\n|move|p2a: Toucannon|Roost|p2a: Toucannon\n|-heal|p2a: Toucannon|284/284\n|-singleturn|p2a: Toucannon|move: Roost\n|\n|-damage|p1a: Garchomp|33/100 brn|[from] brn\n|upkeep\n|turn|10\n|inactive|Time left: 300 sec this turn | 300 sec total\n|\n|t:|1783555567\n|-activate|p1a: Garchomp|confusion\n|-damage|p1a: Garchomp|22/100 brn|[from] confusion\n|move|p2a: Toucannon|Boomburst|p1a: Garchomp\n|-damage|p1a: Garchomp|0 fnt\n|faint|p1a: Garchomp\n|\n|upkeep\n|\n|t:|1783555568\n|switch|p1a: Plusle|Plusle, L95, M|100/100\n|turn|11\n|inactive|Time left: 300 sec this turn | 300 sec total\n|\n|t:|1783555569\n|-terastallize|p2a: Toucannon|Steel\n|move|p1a: Plusle|Thunderbolt|p2a: Toucannon\n|-damage|p2a: Toucannon|135/284\n|-damage|p1a: Plusle|91/100|[from] item: Life Orb\n|move|p2a: Toucannon|Boomburst|p1a: Plusle\n|-damage|p1a: Plusle|40/100\n|\n|upkeep\n|turn|12\n|inactive|Time left: 300 sec this turn | 300 sec total\n|\n|t:|1783555570\n|switch|p2a: Hypno|Hypno, L95, M|315/315\n|-damage|p2a: Hypno|276/315|[from] Stealth Rock\n|move|p1a: Plusle|Thunderbolt|p2a: Hypno\n|-damage|p2a: Hypno|167/315\n|-damage|p1a: Plusle|31/100|[from] item: Life Orb\n|\n|-heal|p2a: Hypno|186/315|[from] item: Leftovers\n|upkeep\n|turn|13\n|inactive|Time left: 300 sec this turn | 300 sec total\n|\n|t:|1783555571\n|move|p1a: Plusle|Thunderbolt|p2a: Hypno\n|-damage|p2a: Hypno|89/315\n|-damage|p1a: Plusle|21/100|[from] item: Life Orb\n|move|p2a: Hypno|Psychic Noise|p1a: Plusle\n|-damage|p1a: Plusle|0 fnt\n|faint|p1a: Plusle\n|\n|-heal|p2a: Hypno|108/315|[from] item: Leftovers\n|upkeep\n|\n|t:|1783555572\n|switch|p1a: Zacian|Zacian, L69|100/100\n|-ability|p1a: Zacian|Intrepid Sword|boost\n|-boost|p1a: Zacian|atk|1\n|turn|14\n|inactive|Time left: 300 sec this turn | 300 sec total\n|\n|t:|1783555573\n|move|p2a: Hypno|Protect|p2a: Hypno\n|-singleturn|p2a: Hypno|Protect\n|move|p1a: Zacian|Play Rough|p2a: Hypno\n|-activate|p2a: Hypno|move: Protect\n|\n|-heal|p2a: Hypno|127/315|[from] item: Leftovers\n|upkeep\n|turn|15\n|inactive|Time left: 300 sec this turn | 300 sec total\n|\n|t:|1783555574\n|switch|p2a: Toucannon|Toucannon, L88, M, tera:Steel|135/284\n|move|p1a: Zacian|Crunch|p2a: Toucannon\n|-damage|p2a: Toucannon|47/284\n|-damage|p1a: Zacian|91/100|[from] item: Life Orb\n|\n|upkeep\n|turn|16\n|inactive|Time left: 300 sec this turn | 300 sec total\n|\n|t:|1783555575\n|switch|p2a: Zapdos|Zapdos, L78|268/268\n|move|p1a: Zacian|Crunch|p2a: Zapdos\n|-crit|p2a: Zapdos\n|-damage|p2a: Zapdos|115/268\n|-damage|p1a: Zacian|81/100|[from] item: Life Orb\n|\n|upkeep\n|turn|17\n|inactive|Time left: 300 sec this turn | 300 sec total\n|\n|t:|1783555576\n|move|p1a: Zacian|Play Rough|p2a: Zapdos\n|-damage|p2a: Zapdos|0 fnt\n|faint|p2a: Zapdos\n|-damage|p1a: Zacian|71/100|[from] item: Life Orb\n|\n|upkeep\n|inactive|Time left: 300 sec this turn | 300 sec total | 5 sec grace\n|\n|t:|1783555576\n|switch|p2a: Sneasler|Sneasler, L74, M|240/240\n|-damage|p2a: Sneasler|225/240|[from] Stealth Rock\n|turn|18\n|inactive|Time left: 300 sec this turn | 300 sec total\n|\n|t:|1783555578\n|move|p1a: Zacian|Play Rough|p2a: Sneasler\n|-damage|p2a: Sneasler|18/240\n|-unboost|p2a: Sneasler|atk|1\n|-damage|p1a: Zacian|61/100|[from] item: Life Orb\n|move|p2a: Sneasler|Dire Claw|p1a: Zacian\n|-supereffective|p1a: Zacian\n|-damage|p1a: Zacian|0 fnt\n|faint|p1a: Zacian\n|\n|upkeep\n|\n|t:|1783555578\n|switch|p1a: Raichu|Raichu, L88, F|100/100\n|turn|19\n|inactive|Time left: 300 sec this turn | 300 sec total\n|\n|t:|1783555579\n|move|p1a: Raichu|Thunderbolt|p2a: Sneasler\n|-damage|p2a: Sneasler|0 fnt\n|faint|p2a: Sneasler\n|-damage|p1a: Raichu|91/100|[from] item: Life Orb\n|\n|upkeep\n|inactive|Time left: 300 sec this turn | 300 sec total | 5 sec grace\n|\n|t:|1783555581\n|switch|p2a: Gallade|Gallade, L80, M|240/240\n|-damage|p2a: Gallade|225/240|[from] Stealth Rock\n|turn|20\n|inactive|Time left: 300 sec this turn | 300 sec total\n|\n|t:|1783555581\n|move|p1a: Raichu|Thunderbolt|p2a: Gallade\n|-damage|p2a: Gallade|108/240\n|-damage|p1a: Raichu|81/100|[from] item: Life Orb\n|move|p2a: Gallade|Psycho Cut|p1a: Raichu\n|-damage|p1a: Raichu|0 fnt\n|faint|p1a: Raichu\n|-damage|p2a: Gallade|84/240|[from] item: Life Orb\n|\n|upkeep\n|\n|t:|1783555582\n|switch|p1a: Hippowdon|Hippowdon, L82, F|100/100\n|-weather|Sandstorm|[from] ability: Sand Stream|[of] p1a: Hippowdon\n|turn|21\n|inactive|Time left: 300 sec this turn | 300 sec total\n|\n|t:|1783555583\n|move|p2a: Gallade|Sacred Sword|p1a: Hippowdon\n|-damage|p1a: Hippowdon|42/100\n|-damage|p2a: Gallade|60/240|[from] item: Life Orb\n|move|p1a: Hippowdon|Earthquake|p2a: Gallade\n|-damage|p2a: Gallade|0 fnt\n|faint|p2a: Gallade\n|\n|-weather|Sandstorm|[upkeep]\n|-heal|p1a: Hippowdon|48/100|[from] item: Leftovers\n|upkeep\n|inactive|Time left: 300 sec this turn | 300 sec total | 5 sec grace\n|\n|t:|1783555584\n|switch|p2a: Hypno|Hypno, L95, M|127/315\n|-damage|p2a: Hypno|88/315|[from] Stealth Rock\n|turn|22\n|inactive|Time left: 300 sec this turn | 300 sec total\n|\n|t:|1783555585\n|move|p2a: Hypno|Protect|p2a: Hypno\n|-singleturn|p2a: Hypno|Protect\n|move|p1a: Hippowdon|Earthquake|p2a: Hypno\n|-activate|p2a: Hypno|move: Protect\n|\n|-weather|Sandstorm|[upkeep]\n|-damage|p2a: Hypno|69/315|[from] Sandstorm\n|-heal|p2a: Hypno|88/315|[from] item: Leftovers\n|-heal|p1a: Hippowdon|55/100|[from] item: Leftovers\n|upkeep\n|turn|23\n|inactive|Time left: 300 sec this turn | 300 sec total\n|\n|t:|1783555586\n|move|p2a: Hypno|Protect|p2a: Hypno\n|-singleturn|p2a: Hypno|Protect\n|move|p1a: Hippowdon|Earthquake|p2a: Hypno\n|-activate|p2a: Hypno|move: Protect\n|\n|-weather|Sandstorm|[upkeep]\n|-damage|p2a: Hypno|69/315|[from] Sandstorm\n|-heal|p2a: Hypno|88/315|[from] item: Leftovers\n|-heal|p1a: Hippowdon|61/100|[from] item: Leftovers\n|upkeep\n|turn|24\n|inactive|Time left: 300 sec this turn | 300 sec total\n|\n|t:|1783555587\n|move|p2a: Hypno|Psychic Noise|p1a: Hippowdon\n|-damage|p1a: Hippowdon|30/100\n|-start|p1a: Hippowdon|move: Heal Block\n|move|p1a: Hippowdon|Earthquake|p2a: Hypno\n|-damage|p2a: Hypno|0 fnt\n|faint|p2a: Hypno\n|\n|-weather|Sandstorm|[upkeep]\n|upkeep\n|inactive|Time left: 300 sec this turn | 300 sec total | 5 sec grace\n|\n|t:|1783555588\n|switch|p2a: Toucannon|Toucannon, L88, M, tera:Steel|47/284\n|turn|25\n|inactive|Time left: 300 sec this turn | 300 sec total\n|\n|t:|1783555589\n|-terastallize|p1a: Hippowdon|Rock\n|move|p2a: Toucannon|Boomburst|p1a: Hippowdon\n|-resisted|p1a: Hippowdon\n|-damage|p1a: Hippowdon|13/100\n|move|p1a: Hippowdon|Earthquake|p2a: Toucannon\n|-supereffective|p2a: Toucannon\n|-damage|p2a: Toucannon|0 fnt\n|faint|p2a: Toucannon\n|\n|win|p0x13384a1e", "uploadtime": 1783555589, "views": 0, "rating": 0, "private": 0, "password": null, "_winner": "p0x13384a1e", "_our_name": "p0y13385048"}