{"id": "battle-gen9randombattle-13", "formatid": "gen9randombattle", "format": "[Gen 9] Random Battle", "players": ["p0x0137842", "p0y0132354"], "log": "|init|battle\n|title|p0x0137842 vs. p0y0132354\n|j|\u2606p0x0137842\n|j|\u2606p0y0132354\n|t:|1783533977\n|gametype|singles\n|player|p1|p0x0137842|266|\n|player|p2|p0y0132354|2|\n|gen|9\n|tier|[Gen 9] Random Battle\n|rule|Species Clause: Limit one of each Pok\u00e9mon\n|rule|HP Percentage Mod: HP is shown in percentages\n|rule|Sleep Clause Mod: Limit one foe put to sleep\n|rule|Illusion Level Mod: Illusion disguises the Pok\u00e9mon's true level\n|\n|t:|1783533977\n|teamsize|p1|6\n|teamsize|p2|6\n|start\n|switch|p1a: Chandelure|Chandelure, L83, F|235/235\n|switch|p2a: Walking Wake|Walking Wake, L79|100/100\n|turn|1\n|inactive|Battle timer is ON: inactive players will automatically lose when time's up. (requested by p0x0137842)\n|\n|t:|1783533978\n|switch|p1a: Sylveon|Sylveon, L85, M|300/300\n|move|p2a: Walking Wake|Hydro Pump|p1a: Sylveon\n|-damage|p1a: Sylveon|171/300\n|\n|-heal|p1a: Sylveon|189/300|[from] item: Leftovers\n|upkeep\n|turn|2\n|inactive|Time left: 300 sec this turn | 300 sec total\n|inactive|p0y0132354 also wants the timer to be on.\n|\n|t:|1783533979\n|move|p2a: Walking Wake|Hydro Pump|p1a: Sylveon\n|-damage|p1a: Sylveon|57/300\n|move|p1a: Sylveon|Hyper Voice|p2a: Walking Wake\n|-supereffective|p2a: Walking Wake\n|-damage|p2a: Walking Wake|0 fnt\n|faint|p2a: Walking Wake\n|-end|p2a: Walking Wake|Protosynthesis|[silent]\n|\n|-heal|p1a: Sylveon|75/300|[from] item: Leftovers\n|upkeep\n|\n|t:|1783533980\n|switch|p2a: Rhydon|Rhydon, L85, M|100/100\n|turn|3\n|inactive|Time left: 300 sec this turn | 300 sec total\n|\n|t:|1783533981\n|move|p1a: Sylveon|Hyper Voice|p2a: Rhydon\n|-damage|p2a: Rhydon|57/100\n|move|p2a: Rhydon|Earthquake|p1a: Sylveon\n|-damage|p1a: Sylveon|0 fnt\n|faint|p1a: Sylveon\n|\n|upkeep\n|inactive|Time left: 300 sec this turn | 300 sec total | 5 sec grace\n|\n|t:|1783533982\n|switch|p1a: Greninja|Greninja, L80, M|246/246\n|turn|4\n|inactive|Time left: 300 sec this turn | 300 sec total\n|\n|t:|1783533983\n|move|p1a: Greninja|Ice Beam|p2a: Rhydon\n|-start|p1a: Greninja|typechange|Ice|[from] ability: Protean\n|-supereffective|p2a: Rhydon\n|-damage|p2a: Rhydon|0 fnt\n|faint|p2a: Rhydon\n|-damage|p1a: Greninja|222/246|[from] item: Life Orb\n|\n|upkeep\n|\n|t:|1783533983\n|switch|p2a: Tentacruel|Tentacruel, L84, F|100/100\n|turn|5\n|inactive|Time left: 300 sec this turn | 300 sec total\n|\n|t:|1783533984\n|switch|p1a: Giratina|Giratina, L75|349/349\n|-ability|p1a: Giratina|Pressure\n|move|p2a: Tentacruel|Surf|p1a: Giratina\n|-resisted|p1a: Giratina\n|-damage|p1a: Giratina|315/349\n|\n|-heal|p1a: Giratina|336/349|[from] item: Leftovers\n|upkeep\n|turn|6\n|inactive|Time left: 300 sec this turn | 300 sec total\n|\n|t:|1783533985\n|move|p2a: Tentacruel|Knock Off|p1a: Giratina\n|-supereffective|p1a: Giratina\n|-damage|p1a: Giratina|238/349\n|-enditem|p1a: Giratina|Leftovers|[from] move: Knock Off|[of] p2a: Tentacruel\n|move|p1a: Giratina|Will-O-Wisp|p2a: Tentacruel\n|-status|p2a: Tentacruel|brn\n|\n|-damage|p2a: Tentacruel|94/100 brn|[from] brn\n|upkeep\n|turn|7\n|inactive|Time left: 300 sec this turn | 300 sec total\n|\n|t:|1783533986\n|move|p2a: Tentacruel|Sludge Bomb|p1a: Giratina\n|-resisted|p1a: Giratina\n|-damage|p1a: Giratina|202/349\n|move|p1a: Giratina|Shadow Ball|p2a: Tentacruel\n|-damage|p2a: Tentacruel|81/100 brn\n|\n|-damage|p2a: Tentacruel|74/100 brn|[from] brn\n|upkeep\n|turn|8\n|inactive|Time left: 300 sec this turn | 300 sec total\n|\n|t:|1783533987\n|move|p2a: Tentacruel|Sludge Bomb|p1a: Giratina\n|-resisted|p1a: Giratina\n|-damage|p1a: Giratina|166/349\n|move|p1a: Giratina|Shadow Ball|p2a: Tentacruel\n|-damage|p2a: Tentacruel|61/100 brn\n|\n|-damage|p2a: Tentacruel|55/100 brn|[from] brn\n|upkeep\n|turn|9\n|inactive|Time left: 300 sec this turn | 300 sec total\n|\n|t:|1783533988\n|move|p2a: Tentacruel|Surf|p1a: Giratina\n|-resisted|p1a: Giratina\n|-damage|p1a: Giratina|130/349\n|move|p1a: Giratina|Rest|p1a: Giratina\n|-status|p1a: Giratina|slp|[from] move: Rest\n|-heal|p1a: Giratina|349/349 slp|[silent]\n|\n|-damage|p2a: Tentacruel|49/100 brn|[from] brn\n|upkeep\n|turn|10\n|inactive|Time left: 300 sec this turn | 300 sec total\n|\n|t:|1783533990\n|move|p2a: Tentacruel|Sludge Bomb|p1a: Giratina\n|-resisted|p1a: Giratina\n|-damage|p1a: Giratina|312/349 slp\n|cant|p1a: Giratina|slp\n|\n|-damage|p2a: Tentacruel|42/100 brn|[from] brn\n|upkeep\n|turn|11\n|inactive|Time left: 300 sec this turn | 300 sec total\n|\n|t:|1783533991\n|move|p2a: Tentacruel|Surf|p1a: Giratina\n|-resisted|p1a: Giratina\n|-damage|p1a: Giratina|274/349 slp\n|cant|p1a: Giratina|slp\n|\n|-damage|p2a: Tentacruel|36/100 brn|[from] brn\n|upkeep\n|turn|12\n|inactive|Time left: 300 sec this turn | 300 sec total\n|\n|t:|1783533992\n|move|p2a: Tentacruel|Knock Off|p1a: Giratina\n|-supereffective|p1a: Giratina\n|-damage|p1a: Giratina|243/349 slp\n|-curestatus|p1a: Giratina|slp|[msg]\n|move|p1a: Giratina|Shadow Ball|p2a: Tentacruel\n|-damage|p2a: Tentacruel|23/100 brn\n|-unboost|p2a: Tentacruel|spd|1\n|\n|-damage|p2a: Tentacruel|17/100 brn|[from] brn\n|upkeep\n|turn|13\n|inactive|Time left: 300 sec this turn | 300 sec total\n|\n|t:|1783533993\n|move|p2a: Tentacruel|Surf|p1a: Giratina\n|-resisted|p1a: Giratina\n|-damage|p1a: Giratina|207/349\n|move|p1a: Giratina|Shadow Ball|p2a: Tentacruel\n|-damage|p2a: Tentacruel|0 fnt\n|faint|p2a: Tentacruel\n|\n|upkeep\n|\n|t:|1783533994\n|switch|p2a: Cinccino|Cinccino, L83, F|100/100\n|turn|14\n|inactive|Time left: 300 sec this turn | 300 sec total\n|\n|t:|1783533995\n|move|p2a: Cinccino|Triple Axel|p1a: Giratina\n|-supereffective|p1a: Giratina\n|-damage|p1a: Giratina|165/349\n|-supereffective|p1a: Giratina\n|-damage|p1a: Giratina|97/349\n|-supereffective|p1a: Giratina\n|-crit|p1a: Giratina\n|-damage|p1a: Giratina|0 fnt\n|faint|p1a: Giratina\n|-hitcount|p1: Giratina|3\n|\n|upkeep\n|inactive|Time left: 300 sec this turn | 300 sec total | 5 sec grace\n|\n|t:|1783533996\n|switch|p1a: Chandelure|Chandelure, L83, F|235/235\n|turn|15\n|inactive|Time left: 300 sec this turn | 300 sec total\n|\n|t:|1783533997\n|switch|p2a: Salazzle|Salazzle, L83, F|100/100\n|move|p1a: Chandelure|Fire Blast|p2a: Salazzle\n|-resisted|p2a: Salazzle\n|-damage|p2a: Salazzle|62/100\n|\n|-heal|p2a: Salazzle|68/100|[from] item: Leftovers\n|upkeep\n|turn|16\n|inactive|Time left: 300 sec this turn | 300 sec total\n|\n|t:|1783533998\n|move|p2a: Salazzle|Toxic|p1a: Chandelure\n|-status|p1a: Chandelure|tox\n|move|p1a: Chandelure|Shadow Ball|p2a: Salazzle\n|-damage|p2a: Salazzle|1/100\n|-unboost|p2a: Salazzle|spd|1\n|\n|-heal|p2a: Salazzle|7/100|[from] item: Leftovers\n|-damage|p1a: Chandelure|221/235 tox|[from] psn\n|upkeep\n|turn|17\n|inactive|Time left: 300 sec this turn | 300 sec total\n|\n|t:|1783533999\n|move|p2a: Salazzle|Toxic|p1a: Chandelure\n|-fail|p1a: Chandelure|tox\n|move|p1a: Chandelure|Calm Mind|p1a: Chandelure\n|-boost|p1a: Chandelure|spa|1\n|-boost|p1a: Chandelure|spd|1\n|\n|-heal|p2a: Salazzle|13/100|[from] item: Leftovers\n|-damage|p1a: Chandelure|193/235 tox|[from] psn\n|upkeep\n|turn|18\n|inactive|Time left: 300 sec this turn | 300 sec total\n|\n|t:|1783534000\n|move|p2a: Salazzle|Flamethrower|p1a: Chandelure\n|-start|p1a: Chandelure|ability: Flash Fire\n|move|p1a: Chandelure|Calm Mind|p1a: Chandelure\n|-boost|p1a: Chandelure|spa|1\n|-boost|p1a: Chandelure|spd|1\n|\n|-heal|p2a: Salazzle|19/100|[from] item: Leftovers\n|-damage|p1a: Chandelure|151/235 tox|[from] psn\n|upkeep\n|turn|19\n|inactive|Time left: 300 sec this turn | 300 sec total\n|\n|t:|1783534001\n|move|p2a: Salazzle|Protect|p2a: Salazzle\n|-singleturn|p2a: Salazzle|Protect\n|move|p1a: Chandelure|Fire Blast|p2a: Salazzle\n|-activate|p2a: Salazzle|move: Protect\n|\n|-heal|p2a: Salazzle|25/100|[from] item: Leftovers\n|-damage|p1a: Chandelure|95/235 tox|[from] psn\n|upkeep\n|turn|20\n|inactive|Time left: 300 sec this turn | 300 sec total\n|\n|t:|1783534002\n|move|p2a: Salazzle|Protect|p2a: Salazzle\n|-singleturn|p2a: Salazzle|Protect\n|move|p1a: Chandelure|Fire Blast|p2a: Salazzle\n|-activate|p2a: Salazzle|move: Protect\n|\n|-heal|p2a: Salazzle|31/100|[from] item: Leftovers\n|-damage|p1a: Chandelure|25/235 tox|[from] psn\n|upkeep\n|turn|21\n|inactive|Time left: 300 sec this turn | 300 sec total\n|\n|t:|1783534003\n|move|p2a: Salazzle|Substitute|p2a: Salazzle\n|-start|p2a: Salazzle|Substitute\n|-damage|p2a: Salazzle|7/100\n|move|p1a: Chandelure|Shadow Ball|p2a: Salazzle\n|-end|p2a: Salazzle|Substitute\n|\n|-heal|p2a: Salazzle|13/100|[from] item: Leftovers\n|-damage|p1a: Chandelure|0 fnt|[from] psn\n|faint|p1a: Chandelure\n|upkeep\n|inactive|Time left: 300 sec this turn | 300 sec total | 5 sec grace\n|\n|t:|1783534004\n|switch|p1a: Greninja|Greninja, L80, M|222/246\n|turn|22\n|inactive|Time left: 300 sec this turn | 300 sec total\n|\n|t:|1783534005\n|move|p2a: Salazzle|Flamethrower|p1a: Greninja\n|-resisted|p1a: Greninja\n|-crit|p1a: Greninja\n|-damage|p1a: Greninja|125/246\n|move|p1a: Greninja|Dark Pulse|p2a: Salazzle\n|-start|p1a: Greninja|typechange|Dark|[from] ability: Protean\n|-damage|p2a: Salazzle|0 fnt\n|faint|p2a: Salazzle\n|-damage|p1a: Greninja|101/246|[from] item: Life Orb\n|\n|upkeep\n|\n|t:|1783534007\n|switch|p2a: Cinccino|Cinccino, L83, F|100/100\n|turn|23\n|inactive|Time left: 300 sec this turn | 300 sec total\n|\n|t:|1783534008\n|move|p1a: Greninja|Dark Pulse|p2a: Cinccino\n|-damage|p2a: Cinccino|48/100\n|-damage|p1a: Greninja|77/246|[from] item: Life Orb\n|move|p2a: Cinccino|Triple Axel|p1a: Greninja\n|-damage|p1a: Greninja|50/246\n|-damage|p1a: Greninja|0 fnt\n|faint|p1a: Greninja\n|-hitcount|p1: Greninja|2\n|\n|upkeep\n|inactive|Time left: 300 sec this turn | 300 sec total | 5 sec grace\n|\n|t:|1783534009\n|switch|p1a: Azelf|Azelf, L82|257/257\n|turn|24\n|inactive|Time left: 300 sec this turn | 300 sec total\n|\n|t:|1783534010\n|move|p2a: Cinccino|U-turn|p1a: Azelf\n|-supereffective|p1a: Azelf\n|-crit|p1a: Azelf\n|-damage|p1a: Azelf|83/257\n|\n|t:|1783534011\n|switch|p2a: Landorus|Landorus-Therian, L76, M|100/100|[from] U-turn\n|-ability|p2a: Landorus|Intimidate|boost\n|-unboost|p1a: Azelf|atk|1\n|move|p1a: Azelf|Psyshock|p2a: Landorus\n|-damage|p2a: Landorus|38/100\n|\n|-heal|p2a: Landorus|44/100|[from] item: Leftovers\n|upkeep\n|turn|25\n|inactive|Time left: 300 sec this turn | 300 sec total\n|\n|t:|1783534012\n|move|p1a: Azelf|Psyshock|p2a: Landorus\n|-damage|p2a: Landorus|0 fnt\n|faint|p2a: Landorus\n|\n|upkeep\n|\n|t:|1783534013\n|switch|p2a: Cinccino|Cinccino, L83, F|48/100\n|turn|26\n|inactive|Time left: 300 sec this turn | 300 sec total\n|\n|t:|1783534014\n|move|p2a: Cinccino|Bullet Seed|p1a: Azelf\n|-damage|p1a: Azelf|50/257\n|-damage|p1a: Azelf|21/257\n|-damage|p1a: Azelf|0 fnt\n|faint|p1a: Azelf\n|-hitcount|p1: Azelf|3\n|\n|upkeep\n|inactive|Time left: 300 sec this turn | 300 sec total | 5 sec grace\n|\n|t:|1783534014\n|switch|p1a: Rotom|Rotom-Mow, L87|229/229\n|turn|27\n|inactive|Time left: 300 sec this turn | 300 sec total\n|\n|t:|1783534015\n|-terastallize|p2a: Cinccino|Grass\n|-terastallize|p1a: Rotom|Grass\n|move|p2a: Cinccino|Triple Axel|p1a: Rotom\n|-supereffective|p1a: Rotom\n|-damage|p1a: Rotom|191/229\n|-supereffective|p1a: Rotom\n|-damage|p1a: Rotom|127/229\n|-supereffective|p1a: Rotom\n|-damage|p1a: Rotom|21/229\n|-hitcount|p1a: Rotom|3\n|move|p1a: Rotom|Leaf Storm|p2a: Cinccino\n|-resisted|p2a: Cinccino\n|-damage|p2a: Cinccino|0 fnt\n|-unboost|p1a: Rotom|spa|2\n|faint|p2a: Cinccino\n|\n|win|p0x0137842", "uploadtime": 1783534015, "views": 0, "rating": 0, "private": 0, "password": null, "_winner": "p0x0137842", "_our_name": "p0x0137842"}