{"id": "battle-gen9randombattle-1986", "formatid": "gen9randombattle", "format": "[Gen 9] Random Battle", "players": ["p0x1986d040", "p0y1986832b"], "log": "|init|battle\n|title|p0x1986d040 vs. p0y1986832b\n|j|\u2606p0x1986d040\n|j|\u2606p0y1986832b\n|t:|1783562972\n|gametype|singles\n|player|p1|p0x1986d040|265|\n|player|p2|p0y1986832b|266|\n|gen|9\n|tier|[Gen 9] Random Battle\n|rule|Species Clause: Limit one of each Pok\u00e9mon\n|rule|HP Percentage Mod: HP is shown in percentages\n|rule|Sleep Clause Mod: Limit one foe put to sleep\n|rule|Illusion Level Mod: Illusion disguises the Pok\u00e9mon's true level\n|\n|t:|1783562972\n|teamsize|p1|6\n|teamsize|p2|6\n|start\n|switch|p1a: Amoonguss|Amoonguss, L82, M|100/100\n|switch|p2a: Decidueye|Decidueye-Hisui, L87, F|295/295\n|turn|1\n|inactive|Battle timer is ON: inactive players will automatically lose when time's up. (requested by p0x1986d040)\n|inactive|Time left: 300 sec this turn | 300 sec total | 60 sec grace\n|inactive|p0y1986832b also wants the timer to be on.\n|\n|t:|1783562974\n|move|p2a: Decidueye|Swords Dance|p2a: Decidueye\n|-boost|p2a: Decidueye|atk|2\n|move|p1a: Amoonguss|Sludge Bomb|p2a: Decidueye\n|-supereffective|p2a: Decidueye\n|-damage|p2a: Decidueye|133/295\n|-status|p2a: Decidueye|psn\n|\n|-heal|p2a: Decidueye|151/295 psn|[from] item: Leftovers\n|-damage|p2a: Decidueye|115/295 psn|[from] psn\n|upkeep\n|turn|2\n|inactive|Time left: 300 sec this turn | 300 sec total\n|\n|t:|1783562975\n|move|p2a: Decidueye|Roost|p2a: Decidueye\n|-heal|p2a: Decidueye|263/295 psn\n|-singleturn|p2a: Decidueye|move: Roost\n|move|p1a: Amoonguss|Sludge Bomb|p2a: Decidueye\n|-supereffective|p2a: Decidueye\n|-damage|p2a: Decidueye|111/295 psn\n|\n|-heal|p2a: Decidueye|129/295 psn|[from] item: Leftovers\n|-damage|p2a: Decidueye|93/295 psn|[from] psn\n|upkeep\n|turn|3\n|inactive|Time left: 300 sec this turn | 300 sec total\n|\n|t:|1783562976\n|move|p2a: Decidueye|Roost|p2a: Decidueye\n|-heal|p2a: Decidueye|241/295 psn\n|-singleturn|p2a: Decidueye|move: Roost\n|move|p1a: Amoonguss|Sludge Bomb|p2a: Decidueye\n|-supereffective|p2a: Decidueye\n|-damage|p2a: Decidueye|79/295 psn\n|\n|-heal|p2a: Decidueye|97/295 psn|[from] item: Leftovers\n|-damage|p2a: Decidueye|61/295 psn|[from] psn\n|upkeep\n|turn|4\n|inactive|Time left: 300 sec this turn | 300 sec total\n|\n|t:|1783562977\n|move|p2a: Decidueye|Roost|p2a: Decidueye\n|-heal|p2a: Decidueye|209/295 psn\n|-singleturn|p2a: Decidueye|move: Roost\n|move|p1a: Amoonguss|Sludge Bomb|p2a: Decidueye\n|-supereffective|p2a: Decidueye\n|-damage|p2a: Decidueye|63/295 psn\n|\n|-heal|p2a: Decidueye|81/295 psn|[from] item: Leftovers\n|-damage|p2a: Decidueye|45/295 psn|[from] psn\n|upkeep\n|turn|5\n|inactive|Time left: 300 sec this turn | 300 sec total\n|\n|t:|1783562978\n|move|p2a: Decidueye|Roost|p2a: Decidueye\n|-heal|p2a: Decidueye|193/295 psn\n|-singleturn|p2a: Decidueye|move: Roost\n|move|p1a: Amoonguss|Sludge Bomb|p2a: Decidueye\n|-supereffective|p2a: Decidueye\n|-damage|p2a: Decidueye|29/295 psn\n|\n|-heal|p2a: Decidueye|47/295 psn|[from] item: Leftovers\n|-damage|p2a: Decidueye|11/295 psn|[from] psn\n|upkeep\n|turn|6\n|inactive|Time left: 300 sec this turn | 300 sec total\n|\n|t:|1783562979\n|move|p2a: Decidueye|Triple Arrows|p1a: Amoonguss\n|-resisted|p1a: Amoonguss\n|-crit|p1a: Amoonguss\n|-damage|p1a: Amoonguss|41/100\n|-unboost|p1a: Amoonguss|def|1\n|cant|p1a: Amoonguss|flinch\n|\n|-heal|p2a: Decidueye|29/295 psn|[from] item: Leftovers\n|-damage|p2a: Decidueye|0 fnt|[from] psn\n|faint|p2a: Decidueye\n|upkeep\n|inactive|Time left: 300 sec this turn | 300 sec total | 5 sec grace\n|\n|t:|1783562980\n|switch|p2a: Ribombee|Ribombee, L83, F|235/235\n|turn|7\n|inactive|Time left: 300 sec this turn | 300 sec total\n|\n|t:|1783562981\n|move|p2a: Ribombee|Sticky Web|p1a: Amoonguss\n|-sidestart|p1: p0x1986d040|move: Sticky Web\n|move|p1a: Amoonguss|Sludge Bomb|p2a: Ribombee\n|-supereffective|p2a: Ribombee\n|-damage|p2a: Ribombee|47/235\n|\n|upkeep\n|turn|8\n|inactive|Time left: 300 sec this turn | 300 sec total\n|\n|t:|1783562982\n|move|p2a: Ribombee|Bug Buzz|p1a: Amoonguss\n|-damage|p1a: Amoonguss|8/100\n|move|p1a: Amoonguss|Spore|p2a: Ribombee\n|-status|p2a: Ribombee|slp|[from] move: Spore\n|\n|upkeep\n|turn|9\n|inactive|Time left: 300 sec this turn | 300 sec total\n|\n|t:|1783562984\n|switch|p2a: Zamazenta|Zamazenta-Crowned, L68|238/238\n|-ability|p2a: Zamazenta|Dauntless Shield|boost\n|-boost|p2a: Zamazenta|def|1\n|move|p1a: Amoonguss|Sludge Bomb|p2a: Zamazenta\n|-immune|p2a: Zamazenta\n|\n|upkeep\n|turn|10\n|inactive|Time left: 300 sec this turn | 300 sec total\n|\n|t:|1783562985\n|switch|p1a: Shaymin|Shaymin-Sky, L73|100/100\n|move|p2a: Zamazenta|Heavy Slam|p1a: Shaymin\n|-damage|p1a: Shaymin|50/100\n|\n|-heal|p1a: Shaymin|57/100|[from] item: Leftovers\n|upkeep\n|turn|11\n|inactive|Time left: 300 sec this turn | 300 sec total\n|\n|t:|1783562986\n|move|p1a: Shaymin|Air Slash|p2a: Zamazenta\n|-damage|p2a: Zamazenta|178/238\n|move|p2a: Zamazenta|Heavy Slam|p1a: Shaymin\n|-damage|p1a: Shaymin|6/100\n|\n|-heal|p1a: Shaymin|12/100|[from] item: Leftovers\n|upkeep\n|turn|12\n|inactive|Time left: 300 sec this turn | 300 sec total\n|\n|t:|1783562987\n|move|p1a: Shaymin|Air Slash|p2a: Zamazenta\n|-damage|p2a: Zamazenta|109/238\n|cant|p2a: Zamazenta|flinch\n|\n|-heal|p1a: Shaymin|18/100|[from] item: Leftovers\n|upkeep\n|turn|13\n|inactive|Time left: 300 sec this turn | 300 sec total\n|\n|t:|1783562988\n|move|p1a: Shaymin|Air Slash|p2a: Zamazenta\n|-damage|p2a: Zamazenta|51/238\n|cant|p2a: Zamazenta|flinch\n|\n|-heal|p1a: Shaymin|24/100|[from] item: Leftovers\n|upkeep\n|turn|14\n|inactive|Time left: 300 sec this turn | 300 sec total\n|\n|t:|1783562989\n|move|p1a: Shaymin|Air Slash|p2a: Zamazenta\n|-damage|p2a: Zamazenta|0 fnt\n|faint|p2a: Zamazenta\n|\n|-heal|p1a: Shaymin|30/100|[from] item: Leftovers\n|upkeep\n|inactive|Time left: 300 sec this turn | 300 sec total | 5 sec grace\n|\n|t:|1783562990\n|switch|p2a: Mew|Mew, L82|298/298\n|turn|15\n|inactive|Time left: 300 sec this turn | 300 sec total\n|\n|t:|1783562991\n|move|p1a: Shaymin|Seed Flare|p2a: Mew\n|-damage|p2a: Mew|195/298\n|-unboost|p2a: Mew|spd|2\n|move|p2a: Mew|Nasty Plot|p2a: Mew\n|-boost|p2a: Mew|spa|2\n|\n|-heal|p1a: Shaymin|36/100|[from] item: Leftovers\n|upkeep\n|turn|16\n|inactive|Time left: 300 sec this turn | 300 sec total\n|\n|t:|1783562992\n|switch|p2a: Skuntank|Skuntank, L84, M|310/310\n|move|p1a: Shaymin|Seed Flare|p2a: Skuntank\n|-resisted|p2a: Skuntank\n|-damage|p2a: Skuntank|237/310\n|-unboost|p2a: Skuntank|spd|2\n|\n|-heal|p1a: Shaymin|42/100|[from] item: Leftovers\n|upkeep\n|turn|17\n|inactive|Time left: 300 sec this turn | 300 sec total\n|\n|t:|1783562993\n|move|p1a: Shaymin|Air Slash|p2a: Skuntank\n|-damage|p2a: Skuntank|53/310\n|move|p2a: Skuntank|Knock Off|p1a: Shaymin\n|-damage|p1a: Shaymin|0 fnt\n|-enditem|p1a: Shaymin|Leftovers|[from] move: Knock Off|[of] p2a: Skuntank\n|faint|p1a: Shaymin\n|-damage|p2a: Skuntank|22/310|[from] item: Life Orb\n|\n|upkeep\n|\n|t:|1783562994\n|switch|p1a: Greedent|Greedent, L86, M|100/100\n|-activate|p1a: Greedent|move: Sticky Web\n|-unboost|p1a: Greedent|spe|1\n|turn|18\n|inactive|Time left: 300 sec this turn | 300 sec total\n|\n|t:|1783562995\n|move|p2a: Skuntank|Gunk Shot|p1a: Greedent\n|-damage|p1a: Greedent|61/100\n|-status|p1a: Greedent|psn\n|-damage|p2a: Skuntank|0 fnt|[from] item: Life Orb\n|faint|p2a: Skuntank\n|move|p1a: Greedent|Swords Dance|p1a: Greedent\n|-boost|p1a: Greedent|atk|2\n|\n|-damage|p1a: Greedent|49/100 psn|[from] psn\n|upkeep\n|-enditem|p1a: Greedent|Sitrus Berry|[eat]\n|-heal|p1a: Greedent|74/100 psn|[from] item: Sitrus Berry\n|-heal|p1a: Greedent|100/100 psn|[from] ability: Cheek Pouch\n|inactive|Time left: 300 sec this turn | 300 sec total | 5 sec grace\n|\n|t:|1783562996\n|switch|p2a: Ribombee|Ribombee, L83, F|47/235 slp\n|turn|19\n|inactive|Time left: 300 sec this turn | 300 sec total\n|\n|t:|1783562997\n|cant|p2a: Ribombee|slp\n|move|p1a: Greedent|Knock Off|p2a: Ribombee\n|-resisted|p2a: Ribombee\n|-damage|p2a: Ribombee|0 fnt\n|-enditem|p2a: Ribombee|Heavy-Duty Boots|[from] move: Knock Off|[of] p1a: Greedent\n|faint|p2a: Ribombee\n|\n|-damage|p1a: Greedent|88/100 psn|[from] psn\n|upkeep\n|inactive|Time left: 300 sec this turn | 300 sec total | 5 sec grace\n|\n|t:|1783562998\n|switch|p2a: Comfey|Comfey, L85, F|225/225\n|turn|20\n|inactive|Time left: 300 sec this turn | 300 sec total\n|\n|t:|1783562999\n|move|p2a: Comfey|Tera Blast|p1a: Greedent\n|-damage|p1a: Greedent|72/100 psn\n|move|p1a: Greedent|Double-Edge|p2a: Comfey\n|-damage|p2a: Comfey|0 fnt\n|faint|p2a: Comfey\n|-damage|p1a: Greedent|51/100 psn|[from] Recoil\n|\n|-damage|p1a: Greedent|39/100 psn|[from] psn\n|upkeep\n|inactive|Time left: 300 sec this turn | 300 sec total | 5 sec grace\n|\n|t:|1783562999\n|switch|p2a: Mew|Mew, L82|195/298\n|turn|21\n|inactive|Time left: 300 sec this turn | 300 sec total\n|\n|t:|1783563001\n|move|p2a: Mew|Psychic|p1a: Greedent\n|-damage|p1a: Greedent|0 fnt\n|faint|p1a: Greedent\n|-damage|p2a: Mew|166/298|[from] item: Life Orb\n|\n|upkeep\n|\n|t:|1783563002\n|switch|p1a: Regidrago|Regidrago, L77|100/100\n|-activate|p1a: Regidrago|move: Sticky Web\n|-unboost|p1a: Regidrago|spe|1\n|turn|22\n|inactive|Time left: 300 sec this turn | 300 sec total\n|\n|t:|1783563003\n|-terastallize|p2a: Mew|Dark\n|-terastallize|p1a: Regidrago|Dragon\n|move|p2a: Mew|Dark Pulse|p1a: Regidrago\n|-damage|p1a: Regidrago|64/100\n|-damage|p2a: Mew|137/298|[from] item: Life Orb\n|move|p1a: Regidrago|Outrage|p2a: Mew\n|-damage|p2a: Mew|0 fnt\n|faint|p2a: Mew\n|\n|win|p0x1986d040", "uploadtime": 1783563003, "views": 0, "rating": 0, "private": 0, "password": null, "_winner": "p0x1986d040", "_our_name": "p0y1986832b"}