{"id": "battle-gen9randombattle-741", "formatid": "gen9randombattle", "format": "[Gen 9] Random Battle", "players": ["p0x74125ba", "p0y741abc3"], "log": "|init|battle\n|title|p0x74125ba vs. p0y741abc3\n|j|\u2606p0x74125ba\n|j|\u2606p0y741abc3\n|t:|1783548413\n|gametype|singles\n|player|p1|p0x74125ba|169|\n|player|p2|p0y741abc3|2|\n|gen|9\n|tier|[Gen 9] Random Battle\n|rule|Species Clause: Limit one of each Pok\u00e9mon\n|rule|HP Percentage Mod: HP is shown in percentages\n|rule|Sleep Clause Mod: Limit one foe put to sleep\n|rule|Illusion Level Mod: Illusion disguises the Pok\u00e9mon's true level\n|\n|t:|1783548413\n|teamsize|p1|6\n|teamsize|p2|6\n|start\n|switch|p1a: Bombirdier|Bombirdier, L85, F|258/258\n|switch|p2a: Ceruledge|Ceruledge, L78, F|100/100\n|turn|1\n|inactive|Battle timer is ON: inactive players will automatically lose when time's up. (requested by p0x74125ba)\n|inactive|p0y741abc3 also wants the timer to be on.\n|\n|t:|1783548415\n|switch|p2a: Magearna|Magearna-Original, L77|100/100\n|move|p1a: Bombirdier|Knock Off|p2a: Magearna\n|-resisted|p2a: Magearna\n|-damage|p2a: Magearna|70/100\n|-enditem|p2a: Magearna|Leftovers|[from] move: Knock Off|[of] p1a: Bombirdier\n|\n|upkeep\n|turn|2\n|inactive|Time left: 300 sec this turn | 300 sec total\n|\n|t:|1783548416\n|switch|p1a: Emboar|Emboar, L84, M|322/322\n|move|p2a: Magearna|Volt Switch|p1a: Emboar\n|-damage|p1a: Emboar|252/322\n|\n|t:|1783548418\n|switch|p2a: Ceruledge|Ceruledge, L78, F|100/100|[from] Volt Switch\n|\n|upkeep\n|turn|3\n|inactive|Time left: 300 sec this turn | 300 sec total\n|\n|t:|1783548419\n|move|p2a: Ceruledge|Swords Dance|p2a: Ceruledge\n|-boost|p2a: Ceruledge|atk|2\n|move|p1a: Emboar|Knock Off|p2a: Ceruledge\n|-supereffective|p2a: Ceruledge\n|-damage|p2a: Ceruledge|0 fnt\n|-enditem|p2a: Ceruledge|Heavy-Duty Boots|[from] move: Knock Off|[of] p1a: Emboar\n|faint|p2a: Ceruledge\n|\n|upkeep\n|\n|t:|1783548420\n|switch|p2a: Yanmega|Yanmega, L82, M|100/100\n|turn|4\n|inactive|Time left: 300 sec this turn | 300 sec total\n|\n|t:|1783548421\n|move|p2a: Yanmega|Air Slash|p1a: Emboar\n|-supereffective|p1a: Emboar\n|-damage|p1a: Emboar|0 fnt\n|faint|p1a: Emboar\n|\n|upkeep\n|inactive|Time left: 300 sec this turn | 300 sec total | 5 sec grace\n|\n|t:|1783548422\n|switch|p1a: Bombirdier|Bombirdier, L85, F|258/258\n|turn|5\n|inactive|Time left: 300 sec this turn | 300 sec total\n|\n|t:|1783548423\n|move|p2a: Yanmega|Air Slash|p1a: Bombirdier\n|-damage|p1a: Bombirdier|119/258\n|cant|p1a: Bombirdier|flinch\n|\n|upkeep\n|turn|6\n|inactive|Time left: 300 sec this turn | 300 sec total\n|\n|t:|1783548424\n|move|p2a: Yanmega|Air Slash|p1a: Bombirdier\n|-damage|p1a: Bombirdier|0 fnt\n|faint|p1a: Bombirdier\n|\n|upkeep\n|inactive|Time left: 300 sec this turn | 300 sec total | 5 sec grace\n|\n|t:|1783548425\n|switch|p1a: Whiscash|Whiscash, L88, M|337/337\n|turn|7\n|inactive|Time left: 300 sec this turn | 300 sec total\n|\n|t:|1783548426\n|move|p2a: Yanmega|Air Slash|p1a: Whiscash|[miss]\n|-miss|p2a: Yanmega|p1a: Whiscash\n|move|p1a: Whiscash|Stone Edge|p2a: Yanmega\n|-supereffective|p2a: Yanmega\n|-crit|p2a: Yanmega\n|-damage|p2a: Yanmega|0 fnt\n|faint|p2a: Yanmega\n|-damage|p1a: Whiscash|304/337|[from] item: Life Orb\n|\n|upkeep\n|\n|t:|1783548427\n|switch|p2a: Brambleghast|Brambleghast, L88, F|100/100\n|turn|8\n|inactive|Time left: 300 sec this turn | 300 sec total\n|\n|t:|1783548428\n|switch|p1a: Kommo-o|Kommo-o, L77, F|242/242\n|move|p2a: Brambleghast|Power Whip|p1a: Kommo-o\n|-resisted|p1a: Kommo-o\n|-damage|p1a: Kommo-o|170/242\n|\n|upkeep\n|turn|9\n|inactive|Time left: 300 sec this turn | 300 sec total\n|\n|t:|1783548429\n|move|p2a: Brambleghast|Poltergeist|p1a: Kommo-o\n|-activate|p1a: Kommo-o|move: Poltergeist|Loaded Dice\n|-damage|p1a: Kommo-o|47/242\n|move|p1a: Kommo-o|Swords Dance|p1a: Kommo-o\n|-boost|p1a: Kommo-o|atk|2\n|\n|upkeep\n|turn|10\n|inactive|Time left: 300 sec this turn | 300 sec total\n|\n|t:|1783548430\n|move|p2a: Brambleghast|Poltergeist|p1a: Kommo-o\n|-activate|p1a: Kommo-o|move: Poltergeist|Loaded Dice\n|-damage|p1a: Kommo-o|0 fnt\n|faint|p1a: Kommo-o\n|\n|upkeep\n|inactive|Time left: 300 sec this turn | 300 sec total | 5 sec grace\n|\n|t:|1783548431\n|switch|p1a: Meowstic|Meowstic-F, L89, F|277/277\n|turn|11\n|inactive|Time left: 300 sec this turn | 300 sec total\n|\n|t:|1783548432\n|-terastallize|p1a: Meowstic|Fairy\n|move|p1a: Meowstic|Nasty Plot|p1a: Meowstic\n|-boost|p1a: Meowstic|spa|2\n|move|p2a: Brambleghast|Poltergeist|p1a: Meowstic\n|-activate|p1a: Meowstic|move: Poltergeist|Life Orb\n|-damage|p1a: Meowstic|109/277\n|\n|upkeep\n|turn|12\n|inactive|Time left: 300 sec this turn | 300 sec total\n|\n|t:|1783548433\n|switch|p2a: Uxie|Uxie, L83|100/100\n|move|p1a: Meowstic|Alluring Voice|p2a: Uxie\n|-damage|p2a: Uxie|43/100\n|-damage|p1a: Meowstic|82/277|[from] item: Life Orb\n|\n|-heal|p2a: Uxie|49/100|[from] item: Leftovers\n|upkeep\n|turn|13\n|inactive|Time left: 300 sec this turn | 300 sec total\n|\n|t:|1783548434\n|-terastallize|p2a: Uxie|Steel\n|move|p1a: Meowstic|Alluring Voice|p2a: Uxie\n|-resisted|p2a: Uxie\n|-damage|p2a: Uxie|18/100\n|-damage|p1a: Meowstic|55/277|[from] item: Life Orb\n|move|p2a: Uxie|Psychic Noise|p1a: Meowstic\n|-crit|p1a: Meowstic\n|-damage|p1a: Meowstic|0 fnt\n|faint|p1a: Meowstic\n|\n|-heal|p2a: Uxie|24/100|[from] item: Leftovers\n|upkeep\n|inactive|Time left: 300 sec this turn | 300 sec total | 5 sec grace\n|\n|t:|1783548435\n|switch|p1a: Dedenne|Dedenne, L88, M|261/261\n|turn|14\n|inactive|Time left: 300 sec this turn | 300 sec total\n|\n|t:|1783548436\n|switch|p2a: Brambleghast|Brambleghast, L88, F|100/100\n|move|p1a: Dedenne|Thunderbolt|p2a: Brambleghast\n|-resisted|p2a: Brambleghast\n|-damage|p2a: Brambleghast|79/100\n|\n|-heal|p2a: Brambleghast|85/100|[from] item: Leftovers\n|upkeep\n|turn|15\n|inactive|Time left: 300 sec this turn | 300 sec total\n|\n|t:|1783548437\n|move|p1a: Dedenne|Dazzling Gleam|p2a: Brambleghast\n|-damage|p2a: Brambleghast|44/100\n|move|p2a: Brambleghast|Power Whip|p1a: Dedenne\n|-damage|p1a: Dedenne|45/261\n|-enditem|p1a: Dedenne|Sitrus Berry|[eat]\n|-heal|p1a: Dedenne|110/261|[from] item: Sitrus Berry\n|-heal|p1a: Dedenne|197/261|[from] ability: Cheek Pouch\n|\n|-heal|p2a: Brambleghast|50/100|[from] item: Leftovers\n|upkeep\n|turn|16\n|inactive|Time left: 300 sec this turn | 300 sec total\n|\n|t:|1783548438\n|move|p1a: Dedenne|Dazzling Gleam|p2a: Brambleghast\n|-damage|p2a: Brambleghast|12/100\n|move|p2a: Brambleghast|Power Whip|p1a: Dedenne\n|-damage|p1a: Dedenne|0 fnt\n|faint|p1a: Dedenne\n|\n|-heal|p2a: Brambleghast|18/100|[from] item: Leftovers\n|upkeep\n|inactive|Time left: 300 sec this turn | 300 sec total | 5 sec grace\n|\n|t:|1783548439\n|switch|p1a: Whiscash|Whiscash, L88, M|304/337\n|turn|17\n|inactive|Time left: 300 sec this turn | 300 sec total\n|\n|t:|1783548440\n|move|p2a: Brambleghast|Power Whip|p1a: Whiscash\n|-supereffective|p1a: Whiscash\n|-damage|p1a: Whiscash|0 fnt\n|faint|p1a: Whiscash\n|\n|win|p0y741abc3", "uploadtime": 1783548440, "views": 0, "rating": 0, "private": 0, "password": null, "_winner": "p0y741abc3", "_our_name": "p0x74125ba"}