{"id": "battle-gen9randombattle-1856", "formatid": "gen9randombattle", "format": "[Gen 9] Random Battle", "players": ["p0x185684c1", "p0y18563498"], "log": "|init|battle\n|title|p0x185684c1 vs. p0y18563498\n|j|\u2606p0x185684c1\n|j|\u2606p0y18563498\n|t:|1783560773\n|gametype|singles\n|player|p1|p0x185684c1|102|\n|player|p2|p0y18563498|265|\n|gen|9\n|tier|[Gen 9] Random Battle\n|rule|Species Clause: Limit one of each Pok\u00e9mon\n|rule|HP Percentage Mod: HP is shown in percentages\n|rule|Sleep Clause Mod: Limit one foe put to sleep\n|rule|Illusion Level Mod: Illusion disguises the Pok\u00e9mon's true level\n|\n|t:|1783560773\n|teamsize|p1|6\n|teamsize|p2|6\n|start\n|switch|p1a: Noivern|Noivern, L82, F|100/100\n|switch|p2a: Cetitan|Cetitan, L82, M|413/413\n|turn|1\n|inactive|Battle timer is ON: inactive players will automatically lose when time's up. (requested by p0x185684c1)\n|inactive|Time left: 300 sec this turn | 300 sec total | 60 sec grace\n|inactive|p0y18563498 also wants the timer to be on.\n|\n|t:|1783560774\n|switch|p1a: Porygon2|Porygon2, L81|100/100\n|-ability|p1a: Porygon2|Download|boost\n|-boost|p1a: Porygon2|spa|1\n|move|p2a: Cetitan|Icicle Crash|p1a: Porygon2\n|-damage|p1a: Porygon2|60/100\n|\n|upkeep\n|turn|2\n|inactive|Time left: 300 sec this turn | 300 sec total\n|\n|t:|1783560776\n|move|p2a: Cetitan|Icicle Crash|p1a: Porygon2\n|-damage|p1a: Porygon2|22/100\n|move|p1a: Porygon2|Recover|p1a: Porygon2\n|-heal|p1a: Porygon2|72/100\n|\n|upkeep\n|turn|3\n|inactive|Time left: 300 sec this turn | 300 sec total\n|\n|t:|1783560777\n|move|p2a: Cetitan|Icicle Crash|p1a: Porygon2\n|-damage|p1a: Porygon2|28/100\n|move|p1a: Porygon2|Discharge|p2a: Cetitan\n|-damage|p2a: Cetitan|288/413\n|\n|upkeep\n|turn|4\n|inactive|Time left: 300 sec this turn | 300 sec total\n|\n|t:|1783560778\n|move|p2a: Cetitan|Icicle Crash|p1a: Porygon2\n|-damage|p1a: Porygon2|0 fnt\n|faint|p1a: Porygon2\n|\n|upkeep\n|\n|t:|1783560779\n|switch|p1a: Cloyster|Cloyster, L80, F|100/100\n|turn|5\n|inactive|Time left: 300 sec this turn | 300 sec total\n|\n|t:|1783560779\n|switch|p2a: Reuniclus|Reuniclus, L88, F|337/337\n|move|p1a: Cloyster|Shell Smash|p1a: Cloyster\n|-unboost|p1a: Cloyster|def|1\n|-unboost|p1a: Cloyster|spd|1\n|-boost|p1a: Cloyster|atk|2\n|-boost|p1a: Cloyster|spa|2\n|-boost|p1a: Cloyster|spe|2\n|-enditem|p1a: Cloyster|White Herb\n|-clearnegativeboost|p1a: Cloyster|[silent]\n|\n|upkeep\n|turn|6\n|inactive|Time left: 300 sec this turn | 300 sec total\n|\n|t:|1783560780\n|-terastallize|p1a: Cloyster|Ice\n|move|p1a: Cloyster|Icicle Spear|p2a: Reuniclus\n|-crit|p2a: Reuniclus\n|-damage|p2a: Reuniclus|237/337\n|-damage|p2a: Reuniclus|169/337\n|-damage|p2a: Reuniclus|101/337\n|-damage|p2a: Reuniclus|27/337\n|-damage|p2a: Reuniclus|0 fnt\n|faint|p2a: Reuniclus\n|-hitcount|p2: Reuniclus|5\n|\n|upkeep\n|inactive|Time left: 300 sec this turn | 300 sec total | 5 sec grace\n|\n|t:|1783560781\n|switch|p2a: Groudon|Groudon, L72|263/263\n|-weather|SunnyDay|[from] ability: Drought|[of] p2a: Groudon\n|turn|7\n|inactive|Time left: 300 sec this turn | 300 sec total\n|\n|t:|1783560782\n|-terastallize|p2a: Groudon|Fire\n|move|p1a: Cloyster|Rock Blast|p2a: Groudon\n|-supereffective|p2a: Groudon\n|-damage|p2a: Groudon|209/263\n|-supereffective|p2a: Groudon\n|-damage|p2a: Groudon|161/263\n|-supereffective|p2a: Groudon\n|-damage|p2a: Groudon|103/263\n|-supereffective|p2a: Groudon\n|-damage|p2a: Groudon|47/263\n|-supereffective|p2a: Groudon\n|-damage|p2a: Groudon|0 fnt\n|faint|p2a: Groudon\n|-hitcount|p2: Groudon|5\n|\n|-weather|SunnyDay|[upkeep]\n|upkeep\n|inactive|Time left: 300 sec this turn | 300 sec total | 5 sec grace\n|\n|t:|1783560783\n|switch|p2a: Pecharunt|Pecharunt, L77|262/262\n|turn|8\n|inactive|Time left: 300 sec this turn | 300 sec total\n|\n|t:|1783560783\n|move|p1a: Cloyster|Icicle Spear|p2a: Pecharunt\n|-damage|p2a: Pecharunt|220/262\n|-damage|p2a: Pecharunt|174/262\n|-damage|p2a: Pecharunt|128/262\n|-damage|p2a: Pecharunt|80/262\n|-damage|p2a: Pecharunt|32/262\n|-hitcount|p2a: Pecharunt|5\n|move|p2a: Pecharunt|Malignant Chain|p1a: Cloyster\n|-damage|p1a: Cloyster|30/100\n|-status|p1a: Cloyster|tox\n|-start|p1a: Cloyster|confusion|[from] ability: Poison Puppeteer|[of] p2a: Pecharunt\n|\n|-weather|SunnyDay|[upkeep]\n|-heal|p2a: Pecharunt|48/262|[from] item: Leftovers\n|-damage|p1a: Cloyster|24/100 tox|[from] psn\n|upkeep\n|turn|9\n|inactive|Time left: 300 sec this turn | 300 sec total\n|\n|t:|1783560784\n|-activate|p1a: Cloyster|confusion\n|move|p1a: Cloyster|Icicle Spear|p2a: Pecharunt\n|-damage|p2a: Pecharunt|0 fnt\n|faint|p2a: Pecharunt\n|-hitcount|p2: Pecharunt|1\n|\n|-weather|SunnyDay|[upkeep]\n|-damage|p1a: Cloyster|12/100 tox|[from] psn\n|upkeep\n|inactive|Time left: 300 sec this turn | 300 sec total | 5 sec grace\n|\n|t:|1783560785\n|switch|p2a: Cetitan|Cetitan, L82, M|288/413\n|turn|10\n|inactive|Time left: 300 sec this turn | 300 sec total\n|\n|t:|1783560785\n|-end|p1a: Cloyster|confusion\n|move|p1a: Cloyster|Icicle Spear|p2a: Cetitan\n|-resisted|p2a: Cetitan\n|-damage|p2a: Cetitan|250/413\n|-resisted|p2a: Cetitan\n|-damage|p2a: Cetitan|212/413\n|-resisted|p2a: Cetitan\n|-damage|p2a: Cetitan|174/413\n|-resisted|p2a: Cetitan\n|-damage|p2a: Cetitan|135/413\n|-resisted|p2a: Cetitan\n|-damage|p2a: Cetitan|91/413\n|-hitcount|p2a: Cetitan|5\n|move|p2a: Cetitan|Icicle Crash|p1a: Cloyster|[miss]\n|-miss|p2a: Cetitan|p1a: Cloyster\n|\n|-weather|SunnyDay|[upkeep]\n|-damage|p1a: Cloyster|0 fnt|[from] psn\n|faint|p1a: Cloyster\n|upkeep\n|\n|t:|1783560786\n|switch|p1a: Ninetales|Ninetales-Alola, L78, F|100/100\n|-weather|Snowscape|[from] ability: Snow Warning|[of] p1a: Ninetales\n|turn|11\n|inactive|Time left: 300 sec this turn | 300 sec total\n|\n|t:|1783560787\n|switch|p2a: Magmortar|Magmortar, L88, F|275/275\n|move|p1a: Ninetales|Aurora Veil|p1a: Ninetales\n|-sidestart|p1: p0x185684c1|move: Aurora Veil\n|\n|-weather|Snowscape|[upkeep]\n|upkeep\n|turn|12\n|inactive|Time left: 300 sec this turn | 300 sec total\n|\n|t:|1783560788\n|switch|p1a: Keldeo|Keldeo-Resolute, L79|100/100\n|move|p2a: Magmortar|Fire Blast|p1a: Keldeo\n|-resisted|p1a: Keldeo\n|-damage|p1a: Keldeo|86/100\n|\n|-weather|Snowscape|[upkeep]\n|-heal|p1a: Keldeo|92/100|[from] item: Leftovers\n|upkeep\n|turn|13\n|inactive|Time left: 300 sec this turn | 300 sec total\n|\n|t:|1783560789\n|switch|p2a: Torterra|Torterra, L78, M|276/276\n|move|p1a: Keldeo|Calm Mind|p1a: Keldeo\n|-boost|p1a: Keldeo|spa|1\n|-boost|p1a: Keldeo|spd|1\n|\n|-weather|Snowscape|[upkeep]\n|-heal|p1a: Keldeo|98/100|[from] item: Leftovers\n|upkeep\n|turn|14\n|inactive|Time left: 300 sec this turn | 300 sec total\n|\n|t:|1783560790\n|switch|p2a: Cetitan|Cetitan, L82, M|91/413\n|move|p1a: Keldeo|Secret Sword|p2a: Cetitan\n|-supereffective|p2a: Cetitan\n|-damage|p2a: Cetitan|0 fnt\n|faint|p2a: Cetitan\n|\n|-weather|Snowscape|[upkeep]\n|-heal|p1a: Keldeo|100/100|[from] item: Leftovers\n|upkeep\n|inactive|Time left: 300 sec this turn | 300 sec total | 5 sec grace\n|\n|t:|1783560790\n|switch|p2a: Torterra|Torterra, L78, M|276/276\n|turn|15\n|inactive|Time left: 300 sec this turn | 300 sec total\n|\n|t:|1783560791\n|move|p1a: Keldeo|Secret Sword|p2a: Torterra\n|-damage|p2a: Torterra|143/276\n|move|p2a: Torterra|Shell Smash|p2a: Torterra\n|-unboost|p2a: Torterra|def|1\n|-unboost|p2a: Torterra|spd|1\n|-boost|p2a: Torterra|atk|2\n|-boost|p2a: Torterra|spa|2\n|-boost|p2a: Torterra|spe|2\n|\n|-weather|none\n|upkeep\n|turn|16\n|inactive|Time left: 300 sec this turn | 300 sec total\n|\n|t:|1783560792\n|move|p2a: Torterra|Headlong Rush|p1a: Keldeo\n|-damage|p1a: Keldeo|58/100\n|-unboost|p2a: Torterra|def|1\n|-unboost|p2a: Torterra|spd|1\n|move|p1a: Keldeo|Secret Sword|p2a: Torterra\n|-damage|p2a: Torterra|0 fnt\n|faint|p2a: Torterra\n|\n|-heal|p1a: Keldeo|64/100|[from] item: Leftovers\n|upkeep\n|inactive|Time left: 300 sec this turn | 300 sec total | 5 sec grace\n|\n|t:|1783560793\n|switch|p2a: Magmortar|Magmortar, L88, F|275/275\n|turn|17\n|inactive|Time left: 300 sec this turn | 300 sec total\n|\n|t:|1783560794\n|move|p1a: Keldeo|Hydro Pump|p2a: Magmortar\n|-supereffective|p2a: Magmortar\n|-damage|p2a: Magmortar|0 fnt\n|faint|p2a: Magmortar\n|\n|win|p0x185684c1", "uploadtime": 1783560794, "views": 0, "rating": 0, "private": 0, "password": null, "_winner": "p0x185684c1", "_our_name": "p0y18563498"}