{"id": "battle-gen9randombattle-580", "formatid": "gen9randombattle", "format": "[Gen 9] Random Battle", "players": ["p0x58011d6", "p0y5801986"], "log": "|init|battle\n|title|p0x58011d6 vs. p0y5801986\n|j|\u2606p0x58011d6\n|j|\u2606p0y5801986\n|t:|1783545798\n|gametype|singles\n|player|p1|p0x58011d6|1|\n|player|p2|p0y5801986|101|\n|gen|9\n|tier|[Gen 9] Random Battle\n|rule|Species Clause: Limit one of each Pok\u00e9mon\n|rule|HP Percentage Mod: HP is shown in percentages\n|rule|Sleep Clause Mod: Limit one foe put to sleep\n|rule|Illusion Level Mod: Illusion disguises the Pok\u00e9mon's true level\n|\n|t:|1783545798\n|teamsize|p1|6\n|teamsize|p2|6\n|start\n|switch|p1a: Garchomp|Garchomp, L74, M|100/100\n|switch|p2a: Brambleghast|Brambleghast, L88, F|240/240\n|turn|1\n|inactive|Battle timer is ON: inactive players will automatically lose when time's up. (requested by p0x58011d6)\n|inactive|Time left: 300 sec this turn | 300 sec total | 60 sec grace\n|inactive|p0y5801986 also wants the timer to be on.\n|\n|t:|1783545800\n|move|p2a: Brambleghast|Poltergeist|p1a: Garchomp\n|-activate|p1a: Garchomp|move: Poltergeist|Rocky Helmet\n|-damage|p1a: Garchomp|44/100\n|move|p1a: Garchomp|Outrage|p2a: Brambleghast\n|-damage|p2a: Brambleghast|105/240\n|\n|upkeep\n|turn|2\n|inactive|Time left: 300 sec this turn | 300 sec total\n|\n|t:|1783545801\n|move|p2a: Brambleghast|Poltergeist|p1a: Garchomp|[miss]\n|-miss|p2a: Brambleghast|p1a: Garchomp\n|move|p1a: Garchomp|Outrage|p2a: Brambleghast|[from] lockedmove\n|-damage|p2a: Brambleghast|0 fnt\n|faint|p2a: Brambleghast\n|-start|p1a: Garchomp|confusion|[fatigue]\n|\n|upkeep\n|inactive|Time left: 300 sec this turn | 300 sec total | 5 sec grace\n|\n|t:|1783545802\n|switch|p2a: Bellossom|Bellossom, L84, M|263/263\n|turn|3\n|inactive|Time left: 300 sec this turn | 300 sec total\n|\n|t:|1783545803\n|-activate|p1a: Garchomp|confusion\n|-damage|p1a: Garchomp|32/100|[from] confusion\n|move|p2a: Bellossom|Quiver Dance|p2a: Bellossom\n|-boost|p2a: Bellossom|spa|1\n|-boost|p2a: Bellossom|spd|1\n|-boost|p2a: Bellossom|spe|1\n|\n|upkeep\n|turn|4\n|inactive|Time left: 300 sec this turn | 300 sec total\n|\n|t:|1783545804\n|switch|p1a: Bronzong|Bronzong, L88|100/100\n|move|p2a: Bellossom|Giga Drain|p1a: Bronzong\n|-resisted|p1a: Bronzong\n|-damage|p1a: Bronzong|84/100\n|\n|-heal|p1a: Bronzong|91/100|[from] item: Leftovers\n|upkeep\n|turn|5\n|inactive|Time left: 300 sec this turn | 300 sec total\n|\n|t:|1783545805\n|move|p2a: Bellossom|Quiver Dance|p2a: Bellossom\n|-boost|p2a: Bellossom|spa|1\n|-boost|p2a: Bellossom|spd|1\n|-boost|p2a: Bellossom|spe|1\n|move|p1a: Bronzong|Psychic Noise|p2a: Bellossom\n|-damage|p2a: Bellossom|227/263\n|-start|p2a: Bellossom|move: Heal Block\n|\n|-heal|p1a: Bronzong|97/100|[from] item: Leftovers\n|upkeep\n|turn|6\n|inactive|Time left: 300 sec this turn | 300 sec total\n|\n|t:|1783545807\n|move|p2a: Bellossom|Quiver Dance|p2a: Bellossom\n|-boost|p2a: Bellossom|spa|1\n|-boost|p2a: Bellossom|spd|1\n|-boost|p2a: Bellossom|spe|1\n|move|p1a: Bronzong|Iron Head|p2a: Bellossom\n|-crit|p2a: Bellossom\n|-damage|p2a: Bellossom|95/263\n|\n|-heal|p1a: Bronzong|100/100|[from] item: Leftovers\n|-end|p2a: Bellossom|move: Heal Block\n|upkeep\n|turn|7\n|inactive|Time left: 300 sec this turn | 300 sec total\n|\n|t:|1783545808\n|move|p2a: Bellossom|Strength Sap|p1a: Bronzong\n|-unboost|p1a: Bronzong|atk|1\n|-heal|p2a: Bellossom|263/263\n|move|p1a: Bronzong|Psychic Noise|p2a: Bellossom\n|-damage|p2a: Bellossom|233/263\n|-start|p2a: Bellossom|move: Heal Block\n|\n|upkeep\n|turn|8\n|inactive|Time left: 300 sec this turn | 300 sec total\n|\n|t:|1783545809\n|move|p2a: Bellossom|Tera Blast|p1a: Bronzong\n|-resisted|p1a: Bronzong\n|-damage|p1a: Bronzong|82/100\n|move|p1a: Bronzong|Body Press|p2a: Bellossom\n|-damage|p2a: Bellossom|167/263\n|\n|-heal|p1a: Bronzong|88/100|[from] item: Leftovers\n|-end|p2a: Bellossom|move: Heal Block\n|upkeep\n|turn|9\n|inactive|Time left: 300 sec this turn | 300 sec total\n|\n|t:|1783545810\n|move|p2a: Bellossom|Giga Drain|p1a: Bronzong\n|-resisted|p1a: Bronzong\n|-damage|p1a: Bronzong|63/100\n|-heal|p2a: Bellossom|200/263|[from] drain|[of] p1a: Bronzong\n|move|p1a: Bronzong|Psychic Noise|p2a: Bellossom\n|-damage|p2a: Bellossom|175/263\n|-start|p2a: Bellossom|move: Heal Block\n|\n|-heal|p1a: Bronzong|69/100|[from] item: Leftovers\n|upkeep\n|turn|10\n|inactive|Time left: 300 sec this turn | 300 sec total\n|\n|t:|1783545811\n|move|p2a: Bellossom|Tera Blast|p1a: Bronzong\n|-resisted|p1a: Bronzong\n|-damage|p1a: Bronzong|51/100\n|move|p1a: Bronzong|Iron Defense|p1a: Bronzong\n|-boost|p1a: Bronzong|def|2\n|\n|-heal|p1a: Bronzong|57/100|[from] item: Leftovers\n|-end|p2a: Bellossom|move: Heal Block\n|upkeep\n|turn|11\n|inactive|Time left: 300 sec this turn | 300 sec total\n|\n|t:|1783545813\n|-terastallize|p2a: Bellossom|Fire\n|move|p2a: Bellossom|Tera Blast|p1a: Bronzong|[anim] Tera Blast Fire\n|-supereffective|p1a: Bronzong\n|-damage|p1a: Bronzong|0 fnt\n|faint|p1a: Bronzong\n|\n|-heal|p2a: Bellossom|191/263|[from] item: Leftovers\n|upkeep\n|\n|t:|1783545814\n|switch|p1a: Scream Tail|Scream Tail, L84|100/100\n|turn|12\n|inactive|Time left: 300 sec this turn | 300 sec total\n|\n|t:|1783545815\n|move|p2a: Bellossom|Tera Blast|p1a: Scream Tail|[anim] Tera Blast Fire\n|-damage|p1a: Scream Tail|48/100\n|move|p1a: Scream Tail|Encore|p2a: Bellossom\n|-start|p2a: Bellossom|Encore\n|\n|-heal|p2a: Bellossom|207/263|[from] item: Leftovers\n|-heal|p1a: Scream Tail|54/100|[from] item: Leftovers\n|upkeep\n|turn|13\n|inactive|Time left: 300 sec this turn | 300 sec total\n|\n|t:|1783545816\n|move|p2a: Bellossom|Tera Blast|p1a: Scream Tail|[anim] Tera Blast Fire\n|-damage|p1a: Scream Tail|10/100\n|move|p1a: Scream Tail|Wish|p1a: Scream Tail\n|\n|-heal|p2a: Bellossom|223/263|[from] item: Leftovers\n|-heal|p1a: Scream Tail|16/100|[from] item: Leftovers\n|upkeep\n|turn|14\n|inactive|Time left: 300 sec this turn | 300 sec total\n|\n|t:|1783545817\n|-end|p1a: Scream Tail|Protosynthesis|[silent]\n|switch|p1a: Electivire|Electivire, L84, M|100/100\n|move|p2a: Bellossom|Tera Blast|p1a: Electivire|[anim] Tera Blast Fire\n|-damage|p1a: Electivire|21/100\n|\n|-heal|p1a: Electivire|84/100|[from] move: Wish|[wisher] Scream Tail\n|-heal|p2a: Bellossom|239/263|[from] item: Leftovers\n|upkeep\n|turn|15\n|inactive|Time left: 300 sec this turn | 300 sec total\n|\n|t:|1783545818\n|-terastallize|p1a: Electivire|Ground\n|move|p2a: Bellossom|Tera Blast|p1a: Electivire|[anim] Tera Blast Fire\n|-damage|p1a: Electivire|12/100\n|move|p1a: Electivire|Earthquake|p2a: Bellossom\n|-supereffective|p2a: Bellossom\n|-damage|p2a: Bellossom|0 fnt\n|faint|p2a: Bellossom\n|-damage|p1a: Electivire|2/100|[from] item: Life Orb\n|\n|upkeep\n|inactive|Time left: 300 sec this turn | 300 sec total | 5 sec grace\n|\n|t:|1783545819\n|switch|p2a: Raikou|Raikou, L81|278/278\n|-ability|p2a: Raikou|Pressure\n|turn|16\n|inactive|Time left: 300 sec this turn | 300 sec total\n|\n|t:|1783545820\n|move|p2a: Raikou|Scald|p1a: Electivire\n|-supereffective|p1a: Electivire\n|-damage|p1a: Electivire|0 fnt\n|faint|p1a: Electivire\n|\n|upkeep\n|\n|t:|1783545821\n|switch|p1a: Garchomp|Garchomp, L74, M|32/100\n|turn|17\n|inactive|Time left: 300 sec this turn | 300 sec total\n|\n|t:|1783545822\n|move|p2a: Raikou|Scald|p1a: Garchomp\n|-damage|p1a: Garchomp|8/100\n|move|p1a: Garchomp|Earthquake|p2a: Raikou\n|-supereffective|p2a: Raikou\n|-damage|p2a: Raikou|30/278\n|\n|-heal|p2a: Raikou|47/278|[from] item: Leftovers\n|upkeep\n|turn|18\n|inactive|Time left: 300 sec this turn | 300 sec total\n|\n|t:|1783545823\n|switch|p1a: Sylveon|Sylveon, L85, F|100/100\n|move|p2a: Raikou|Scald|p1a: Sylveon\n|-damage|p1a: Sylveon|86/100\n|\n|-heal|p2a: Raikou|64/278|[from] item: Leftovers\n|-heal|p1a: Sylveon|92/100|[from] item: Leftovers\n|upkeep\n|turn|19\n|inactive|Time left: 300 sec this turn | 300 sec total\n|\n|t:|1783545824\n|move|p2a: Raikou|Thunderbolt|p1a: Sylveon\n|-damage|p1a: Sylveon|68/100\n|move|p1a: Sylveon|Hyper Voice|p2a: Raikou\n|-damage|p2a: Raikou|0 fnt\n|faint|p2a: Raikou\n|\n|-heal|p1a: Sylveon|74/100|[from] item: Leftovers\n|upkeep\n|inactive|Time left: 300 sec this turn | 300 sec total | 5 sec grace\n|\n|t:|1783545825\n|switch|p2a: Bellibolt|Bellibolt, L84, M|320/320\n|turn|20\n|inactive|Time left: 300 sec this turn | 300 sec total\n|\n|t:|1783545826\n|move|p1a: Sylveon|Calm Mind|p1a: Sylveon\n|-boost|p1a: Sylveon|spa|1\n|-boost|p1a: Sylveon|spd|1\n|move|p2a: Bellibolt|Toxic|p1a: Sylveon\n|-status|p1a: Sylveon|tox\n|\n|-heal|p1a: Sylveon|80/100 tox|[from] item: Leftovers\n|-damage|p1a: Sylveon|74/100 tox|[from] psn\n|upkeep\n|turn|21\n|inactive|Time left: 300 sec this turn | 300 sec total\n|\n|t:|1783545827\n|move|p1a: Sylveon|Hyper Voice|p2a: Bellibolt\n|-damage|p2a: Bellibolt|110/320\n|-start|p2a: Bellibolt|Charge|Hyper Voice|[from] ability: Electromorphosis\n|move|p2a: Bellibolt|Slack Off|p2a: Bellibolt\n|-heal|p2a: Bellibolt|270/320\n|\n|-heal|p1a: Sylveon|80/100 tox|[from] item: Leftovers\n|-heal|p2a: Bellibolt|290/320|[from] item: Leftovers\n|-damage|p1a: Sylveon|68/100 tox|[from] psn\n|upkeep\n|turn|22\n|inactive|Time left: 300 sec this turn | 300 sec total\n|\n|t:|1783545827\n|move|p1a: Sylveon|Hyper Voice|p2a: Bellibolt\n|-damage|p2a: Bellibolt|73/320\n|-start|p2a: Bellibolt|Charge|Hyper Voice|[from] ability: Electromorphosis\n|move|p2a: Bellibolt|Slack Off|p2a: Bellibolt\n|-heal|p2a: Bellibolt|233/320\n|\n|-heal|p1a: Sylveon|74/100 tox|[from] item: Leftovers\n|-heal|p2a: Bellibolt|253/320|[from] item: Leftovers\n|-damage|p1a: Sylveon|56/100 tox|[from] psn\n|upkeep\n|turn|23\n|inactive|Time left: 300 sec this turn | 300 sec total\n|\n|t:|1783545828\n|move|p1a: Sylveon|Hyper Voice|p2a: Bellibolt\n|-damage|p2a: Bellibolt|66/320\n|-start|p2a: Bellibolt|Charge|Hyper Voice|[from] ability: Electromorphosis\n|move|p2a: Bellibolt|Slack Off|p2a: Bellibolt\n|-heal|p2a: Bellibolt|226/320\n|\n|-heal|p1a: Sylveon|62/100 tox|[from] item: Leftovers\n|-heal|p2a: Bellibolt|246/320|[from] item: Leftovers\n|-damage|p1a: Sylveon|38/100 tox|[from] psn\n|upkeep\n|turn|24\n|inactive|Time left: 300 sec this turn | 300 sec total\n|\n|t:|1783545829\n|move|p1a: Sylveon|Hyper Voice|p2a: Bellibolt\n|-damage|p2a: Bellibolt|56/320\n|-start|p2a: Bellibolt|Charge|Hyper Voice|[from] ability: Electromorphosis\n|move|p2a: Bellibolt|Slack Off|p2a: Bellibolt\n|-heal|p2a: Bellibolt|216/320\n|\n|-heal|p1a: Sylveon|44/100 tox|[from] item: Leftovers\n|-heal|p2a: Bellibolt|236/320|[from] item: Leftovers\n|-damage|p1a: Sylveon|14/100 tox|[from] psn\n|upkeep\n|turn|25\n|inactive|Time left: 300 sec this turn | 300 sec total\n|\n|t:|1783545829\n|move|p1a: Sylveon|Hyper Voice|p2a: Bellibolt\n|-damage|p2a: Bellibolt|19/320\n|-start|p2a: Bellibolt|Charge|Hyper Voice|[from] ability: Electromorphosis\n|move|p2a: Bellibolt|Slack Off|p2a: Bellibolt\n|-heal|p2a: Bellibolt|179/320\n|\n|-heal|p1a: Sylveon|20/100 tox|[from] item: Leftovers\n|-heal|p2a: Bellibolt|199/320|[from] item: Leftovers\n|-damage|p1a: Sylveon|0 fnt|[from] psn\n|faint|p1a: Sylveon\n|upkeep\n|\n|t:|1783545830\n|switch|p1a: Garchomp|Garchomp, L74, M|8/100\n|turn|26\n|inactive|Time left: 300 sec this turn | 300 sec total\n|\n|t:|1783545831\n|switch|p2a: Mandibuzz|Mandibuzz, L85, F|326/326\n|move|p1a: Garchomp|Earthquake|p2a: Mandibuzz\n|-immune|p2a: Mandibuzz\n|\n|upkeep\n|turn|27\n|inactive|Time left: 300 sec this turn | 300 sec total\n|\n|t:|1783545832\n|move|p1a: Garchomp|Outrage|p2a: Mandibuzz\n|-damage|p2a: Mandibuzz|224/326\n|move|p2a: Mandibuzz|U-turn|p1a: Garchomp\n|-damage|p1a: Garchomp|0 fnt\n|-damage|p2a: Mandibuzz|184/326|[from] ability: Rough Skin|[of] p1a: Garchomp\n|-damage|p2a: Mandibuzz|130/326|[from] item: Rocky Helmet|[of] p1a: Garchomp\n|faint|p1a: Garchomp\n|inactive|Time left: 300 sec this turn | 300 sec total | 5 sec grace\n|\n|t:|1783545832\n|switch|p2a: Blaziken|Blaziken, L76, M|247/247|[from] U-turn\n|\n|upkeep\n|\n|t:|1783545833\n|switch|p1a: Scream Tail|Scream Tail, L84|16/100\n|turn|28\n|inactive|Time left: 300 sec this turn | 300 sec total\n|\n|t:|1783545834\n|move|p1a: Scream Tail|Play Rough|p2a: Blaziken\n|-damage|p2a: Blaziken|162/247\n|move|p2a: Blaziken|Flare Blitz|p1a: Scream Tail\n|-damage|p1a: Scream Tail|0 fnt\n|faint|p1a: Scream Tail\n|-end|p1a: Scream Tail|Protosynthesis|[silent]\n|-damage|p2a: Blaziken|145/247|[from] Recoil\n|-damage|p2a: Blaziken|121/247|[from] item: Life Orb\n|\n|-ability|p2a: Blaziken|Speed Boost|boost\n|-boost|p2a: Blaziken|spe|1\n|upkeep\n|\n|t:|1783545835\n|switch|p1a: Chesnaught|Chesnaught, L84, M|100/100\n|turn|29\n|inactive|Time left: 300 sec this turn | 300 sec total\n|\n|t:|1783545836\n|move|p2a: Blaziken|Flare Blitz|p1a: Chesnaught\n|-supereffective|p1a: Chesnaught\n|-damage|p1a: Chesnaught|15/100\n|-damage|p2a: Blaziken|40/247|[from] Recoil\n|-damage|p2a: Blaziken|16/247|[from] item: Life Orb\n|move|p1a: Chesnaught|Body Press|p2a: Blaziken\n|-damage|p2a: Blaziken|0 fnt\n|faint|p2a: Blaziken\n|\n|-heal|p1a: Chesnaught|21/100|[from] item: Leftovers\n|upkeep\n|inactive|Time left: 300 sec this turn | 300 sec total | 5 sec grace\n|\n|t:|1783545837\n|switch|p2a: Bellibolt|Bellibolt, L84, M|199/320\n|turn|30\n|inactive|Time left: 300 sec this turn | 300 sec total\n|\n|t:|1783545838\n|move|p1a: Chesnaught|Synthesis|p1a: Chesnaught\n|-heal|p1a: Chesnaught|71/100\n|move|p2a: Bellibolt|Toxic|p1a: Chesnaught|[miss]\n|-miss|p2a: Bellibolt|p1a: Chesnaught\n|\n|-heal|p1a: Chesnaught|77/100|[from] item: Leftovers\n|-heal|p2a: Bellibolt|219/320|[from] item: Leftovers\n|upkeep\n|turn|31\n|inactive|Time left: 300 sec this turn | 300 sec total\n|\n|t:|1783545839\n|move|p1a: Chesnaught|Knock Off|p2a: Bellibolt\n|-damage|p2a: Bellibolt|145/320\n|-start|p2a: Bellibolt|Charge|Knock Off|[from] ability: Electromorphosis\n|-enditem|p2a: Bellibolt|Leftovers|[from] move: Knock Off|[of] p1a: Chesnaught\n|move|p2a: Bellibolt|Toxic|p1a: Chesnaught\n|-status|p1a: Chesnaught|tox\n|\n|-heal|p1a: Chesnaught|83/100 tox|[from] item: Leftovers\n|-damage|p1a: Chesnaught|77/100 tox|[from] psn\n|upkeep\n|turn|32\n|inactive|Time left: 300 sec this turn | 300 sec total\n|\n|t:|1783545840\n|move|p1a: Chesnaught|Body Press|p2a: Bellibolt\n|-damage|p2a: Bellibolt|49/320\n|-start|p2a: Bellibolt|Charge|Body Press|[from] ability: Electromorphosis\n|move|p2a: Bellibolt|Slack Off|p2a: Bellibolt\n|-heal|p2a: Bellibolt|209/320\n|\n|-heal|p1a: Chesnaught|83/100 tox|[from] item: Leftovers\n|-damage|p1a: Chesnaught|71/100 tox|[from] psn\n|upkeep\n|turn|33\n|inactive|Time left: 300 sec this turn | 300 sec total\n|\n|t:|1783545841\n|move|p1a: Chesnaught|Body Press|p2a: Bellibolt\n|-damage|p2a: Bellibolt|118/320\n|-start|p2a: Bellibolt|Charge|Body Press|[from] ability: Electromorphosis\n|move|p2a: Bellibolt|Thunderbolt|p1a: Chesnaught\n|-resisted|p1a: Chesnaught\n|-damage|p1a: Chesnaught|33/100 tox\n|-end|p2a: Bellibolt|Charge|[silent]\n|\n|-heal|p1a: Chesnaught|39/100 tox|[from] item: Leftovers\n|-damage|p1a: Chesnaught|21/100 tox|[from] psn\n|upkeep\n|turn|34\n|inactive|Time left: 300 sec this turn | 300 sec total\n|\n|t:|1783545842\n|move|p1a: Chesnaught|Synthesis|p1a: Chesnaught\n|-heal|p1a: Chesnaught|71/100 tox\n|move|p2a: Bellibolt|Thunderbolt|p1a: Chesnaught\n|-resisted|p1a: Chesnaught\n|-damage|p1a: Chesnaught|50/100 tox\n|\n|-heal|p1a: Chesnaught|56/100 tox|[from] item: Leftovers\n|-damage|p1a: Chesnaught|32/100 tox|[from] psn\n|upkeep\n|turn|35\n|inactive|Time left: 300 sec this turn | 300 sec total\n|\n|t:|1783545843\n|move|p1a: Chesnaught|Synthesis|p1a: Chesnaught\n|-heal|p1a: Chesnaught|82/100 tox\n|move|p2a: Bellibolt|Thunderbolt|p1a: Chesnaught\n|-resisted|p1a: Chesnaught\n|-damage|p1a: Chesnaught|63/100 tox\n|\n|-heal|p1a: Chesnaught|69/100 tox|[from] item: Leftovers\n|-damage|p1a: Chesnaught|39/100 tox|[from] psn\n|upkeep\n|turn|36\n|inactive|Time left: 300 sec this turn | 300 sec total\n|\n|t:|1783545844\n|move|p1a: Chesnaught|Synthesis|p1a: Chesnaught\n|-heal|p1a: Chesnaught|89/100 tox\n|move|p2a: Bellibolt|Thunderbolt|p1a: Chesnaught\n|-resisted|p1a: Chesnaught\n|-damage|p1a: Chesnaught|70/100 tox\n|\n|-heal|p1a: Chesnaught|76/100 tox|[from] item: Leftovers\n|-damage|p1a: Chesnaught|40/100 tox|[from] psn\n|upkeep\n|turn|37\n|inactive|Time left: 300 sec this turn | 300 sec total\n|\n|t:|1783545845\n|move|p1a: Chesnaught|Synthesis|p1a: Chesnaught\n|-heal|p1a: Chesnaught|90/100 tox\n|move|p2a: Bellibolt|Toxic|p1a: Chesnaught\n|-fail|p1a: Chesnaught|tox\n|\n|-heal|p1a: Chesnaught|96/100 tox|[from] item: Leftovers\n|-damage|p1a: Chesnaught|55/100 tox|[from] psn\n|upkeep\n|turn|38\n|inactive|Time left: 300 sec this turn | 300 sec total\n|\n|t:|1783545846\n|move|p1a: Chesnaught|Synthesis|p1a: Chesnaught\n|-heal|p1a: Chesnaught|100/100 tox\n|move|p2a: Bellibolt|Muddy Water|p1a: Chesnaught\n|-resisted|p1a: Chesnaught\n|-damage|p1a: Chesnaught|87/100 tox\n|\n|-heal|p1a: Chesnaught|93/100 tox|[from] item: Leftovers\n|-damage|p1a: Chesnaught|45/100 tox|[from] psn\n|upkeep\n|turn|39\n|inactive|Time left: 300 sec this turn | 300 sec total\n|\n|t:|1783545847\n|switch|p2a: Mandibuzz|Mandibuzz, L85, F|130/326\n|move|p1a: Chesnaught|Synthesis|p1a: Chesnaught\n|-heal|p1a: Chesnaught|95/100 tox\n|\n|-heal|p1a: Chesnaught|100/100 tox|[from] item: Leftovers\n|-damage|p1a: Chesnaught|47/100 tox|[from] psn\n|upkeep\n|turn|40\n|inactive|Time left: 300 sec this turn | 300 sec total\n|\n|t:|1783545848\n|move|p2a: Mandibuzz|Foul Play|p1a: Chesnaught\n|-resisted|p1a: Chesnaught\n|-damage|p1a: Chesnaught|32/100 tox\n|move|p1a: Chesnaught|Wood Hammer|p2a: Mandibuzz\n|-resisted|p2a: Mandibuzz\n|-damage|p2a: Mandibuzz|67/326\n|-damage|p1a: Chesnaught|24/100 tox|[from] Recoil\n|\n|-heal|p1a: Chesnaught|30/100 tox|[from] item: Leftovers\n|-damage|p1a: Chesnaught|0 fnt|[from] psn\n|faint|p1a: Chesnaught\n|\n|win|p0y5801986", "uploadtime": 1783545848, "views": 0, "rating": 0, "private": 0, "password": null, "_winner": "p0y5801986", "_our_name": "p0y5801986"}