{"id": "battle-gen9randombattle-1948", "formatid": "gen9randombattle", "format": "[Gen 9] Random Battle", "players": ["p0x19487d17", "p0y1948f9f4"], "log": "|init|battle\n|title|p0x19487d17 vs. p0y1948f9f4\n|j|\u2606p0x19487d17\n|j|\u2606p0y1948f9f4\n|t:|1783562530\n|gametype|singles\n|player|p1|p0x19487d17|102|\n|player|p2|p0y1948f9f4|265|\n|gen|9\n|tier|[Gen 9] Random Battle\n|rule|Species Clause: Limit one of each Pok\u00e9mon\n|rule|HP Percentage Mod: HP is shown in percentages\n|rule|Sleep Clause Mod: Limit one foe put to sleep\n|rule|Illusion Level Mod: Illusion disguises the Pok\u00e9mon's true level\n|\n|t:|1783562530\n|teamsize|p1|6\n|teamsize|p2|6\n|start\n|switch|p1a: Kyurem|Kyurem-Black, L71|295/295\n|switch|p2a: Rhydon|Rhydon, L85, F|100/100\n|-ability|p1a: Kyurem|Teravolt\n|turn|1\n|inactive|Battle timer is ON: inactive players will automatically lose when time's up. (requested by p0y1948f9f4)\n|inactive|Time left: 300 sec this turn | 300 sec total | 60 sec grace\n|\n|t:|1783562532\n|switch|p1a: Lurantis|Lurantis, L87, F|264/264\n|move|p2a: Rhydon|Stone Edge|p1a: Lurantis\n|-damage|p1a: Lurantis|129/264\n|\n|-heal|p1a: Lurantis|145/264|[from] item: Leftovers\n|upkeep\n|turn|2\n|inactive|Time left: 300 sec this turn | 300 sec total\n|inactive|p0x19487d17 also wants the timer to be on.\n|\n|t:|1783562533\n|-terastallize|p2a: Rhydon|Dragon\n|move|p1a: Lurantis|Leaf Storm|p2a: Rhydon|[miss]\n|-miss|p1a: Lurantis|p2a: Rhydon\n|move|p2a: Rhydon|Megahorn|p1a: Lurantis\n|-supereffective|p1a: Lurantis\n|-damage|p1a: Lurantis|0 fnt\n|faint|p1a: Lurantis\n|\n|upkeep\n|inactive|Time left: 300 sec this turn | 300 sec total | 5 sec grace\n|\n|t:|1783562534\n|switch|p1a: Zacian|Zacian, L69|241/241\n|-ability|p1a: Zacian|Intrepid Sword|boost\n|-boost|p1a: Zacian|atk|1\n|turn|3\n|inactive|Time left: 300 sec this turn | 300 sec total\n|\n|t:|1783562535\n|move|p1a: Zacian|Play Rough|p2a: Rhydon\n|-supereffective|p2a: Rhydon\n|-damage|p2a: Rhydon|49/100\n|-damage|p1a: Zacian|217/241|[from] item: Life Orb\n|move|p2a: Rhydon|Earthquake|p1a: Zacian\n|-damage|p1a: Zacian|88/241\n|\n|upkeep\n|turn|4\n|inactive|Time left: 300 sec this turn | 300 sec total\n|\n|t:|1783562536\n|move|p1a: Zacian|Play Rough|p2a: Rhydon\n|-supereffective|p2a: Rhydon\n|-damage|p2a: Rhydon|2/100\n|-damage|p1a: Zacian|64/241|[from] item: Life Orb\n|move|p2a: Rhydon|Earthquake|p1a: Zacian\n|-damage|p1a: Zacian|0 fnt\n|faint|p1a: Zacian\n|\n|upkeep\n|inactive|Time left: 300 sec this turn | 300 sec total | 5 sec grace\n|\n|t:|1783562537\n|switch|p1a: Kyurem|Kyurem-Black, L71|295/295\n|-ability|p1a: Kyurem|Teravolt\n|turn|5\n|inactive|Time left: 300 sec this turn | 300 sec total\n|\n|t:|1783562539\n|switch|p2a: Diancie|Diancie, L82|100/100\n|move|p1a: Kyurem|Icicle Spear|p2a: Diancie\n|-damage|p2a: Diancie|90/100\n|-damage|p2a: Diancie|79/100\n|-damage|p2a: Diancie|69/100\n|-damage|p2a: Diancie|59/100\n|-damage|p2a: Diancie|50/100\n|-hitcount|p2a: Diancie|5\n|\n|upkeep\n|turn|6\n|inactive|Time left: 300 sec this turn | 300 sec total\n|\n|t:|1783562540\n|-terastallize|p1a: Kyurem|Ground\n|move|p1a: Kyurem|Tera Blast|p2a: Diancie|[anim] Tera Blast Ground\n|-supereffective|p2a: Diancie\n|-damage|p2a: Diancie|0 fnt\n|faint|p2a: Diancie\n|\n|upkeep\n|\n|t:|1783562541\n|switch|p2a: Blastoise|Blastoise, L80, M|100/100\n|turn|7\n|inactive|Time left: 300 sec this turn | 300 sec total\n|\n|t:|1783562542\n|move|p1a: Kyurem|Scale Shot|p2a: Blastoise\n|-damage|p2a: Blastoise|88/100\n|-damage|p2a: Blastoise|78/100\n|-damage|p2a: Blastoise|66/100\n|-damage|p2a: Blastoise|56/100\n|-damage|p2a: Blastoise|44/100\n|-hitcount|p2a: Blastoise|5\n|-unboost|p1a: Kyurem|def|1\n|-boost|p1a: Kyurem|spe|1\n|move|p2a: Blastoise|Shell Smash|p2a: Blastoise\n|-unboost|p2a: Blastoise|def|1\n|-unboost|p2a: Blastoise|spd|1\n|-boost|p2a: Blastoise|atk|2\n|-boost|p2a: Blastoise|spa|2\n|-boost|p2a: Blastoise|spe|2\n|-enditem|p2a: Blastoise|White Herb\n|-clearnegativeboost|p2a: Blastoise|[silent]\n|\n|upkeep\n|turn|8\n|inactive|Time left: 300 sec this turn | 300 sec total\n|\n|t:|1783562543\n|move|p2a: Blastoise|Hydro Pump|p1a: Kyurem\n|-supereffective|p1a: Kyurem\n|-damage|p1a: Kyurem|0 fnt\n|faint|p1a: Kyurem\n|\n|upkeep\n|inactive|Time left: 300 sec this turn | 300 sec total | 5 sec grace\n|\n|t:|1783562544\n|switch|p1a: Shiftry|Shiftry, L89, F|305/305\n|turn|9\n|inactive|Time left: 300 sec this turn | 300 sec total\n|\n|t:|1783562545\n|move|p2a: Blastoise|Ice Beam|p1a: Shiftry\n|-supereffective|p1a: Shiftry\n|-crit|p1a: Shiftry\n|-damage|p1a: Shiftry|0 fnt\n|faint|p1a: Shiftry\n|\n|upkeep\n|inactive|Time left: 300 sec this turn | 300 sec total | 5 sec grace\n|\n|t:|1783562546\n|switch|p1a: Deoxys|Deoxys-Defense, L84|221/221\n|-ability|p1a: Deoxys|Pressure\n|turn|10\n|inactive|Time left: 300 sec this turn | 300 sec total\n|\n|t:|1783562547\n|move|p2a: Blastoise|Shell Smash|p2a: Blastoise\n|-unboost|p2a: Blastoise|def|1\n|-unboost|p2a: Blastoise|spd|1\n|-boost|p2a: Blastoise|atk|2\n|-boost|p2a: Blastoise|spa|2\n|-boost|p2a: Blastoise|spe|2\n|move|p1a: Deoxys|Psychic Noise|p2a: Blastoise\n|-damage|p2a: Blastoise|12/100\n|-start|p2a: Blastoise|move: Heal Block\n|\n|upkeep\n|turn|11\n|inactive|Time left: 300 sec this turn | 300 sec total\n|\n|t:|1783562548\n|move|p2a: Blastoise|Hydro Pump|p1a: Deoxys|[miss]\n|-miss|p2a: Blastoise|p1a: Deoxys\n|move|p1a: Deoxys|Psychic Noise|p2a: Blastoise\n|-damage|p2a: Blastoise|0 fnt\n|faint|p2a: Blastoise\n|\n|upkeep\n|\n|t:|1783562549\n|switch|p2a: Furret|Furret, L94, F|100/100\n|-item|p1a: Deoxys|Rocky Helmet|[from] ability: Frisk|[of] p2a: Furret\n|turn|12\n|inactive|Time left: 300 sec this turn | 300 sec total\n|\n|t:|1783562550\n|move|p2a: Furret|Knock Off|p1a: Deoxys\n|-supereffective|p1a: Deoxys\n|-damage|p1a: Deoxys|97/221\n|-damage|p2a: Furret|84/100|[from] item: Rocky Helmet|[of] p1a: Deoxys\n|-enditem|p1a: Deoxys|Rocky Helmet|[from] move: Knock Off|[of] p2a: Furret\n|move|p1a: Deoxys|Psychic Noise|p2a: Furret\n|-damage|p2a: Furret|59/100\n|-start|p2a: Furret|move: Heal Block\n|\n|upkeep\n|turn|13\n|inactive|Time left: 300 sec this turn | 300 sec total\n|\n|t:|1783562551\n|move|p2a: Furret|Knock Off|p1a: Deoxys\n|-supereffective|p1a: Deoxys\n|-damage|p1a: Deoxys|7/221\n|move|p1a: Deoxys|Recover|p1a: Deoxys\n|-heal|p1a: Deoxys|118/221\n|\n|-end|p2a: Furret|move: Heal Block\n|upkeep\n|turn|14\n|inactive|Time left: 300 sec this turn | 300 sec total\n|\n|t:|1783562552\n|move|p2a: Furret|Knock Off|p1a: Deoxys\n|-supereffective|p1a: Deoxys\n|-damage|p1a: Deoxys|20/221\n|move|p1a: Deoxys|Recover|p1a: Deoxys\n|-heal|p1a: Deoxys|131/221\n|\n|upkeep\n|turn|15\n|inactive|Time left: 300 sec this turn | 300 sec total\n|\n|t:|1783562553\n|move|p2a: Furret|Knock Off|p1a: Deoxys\n|-supereffective|p1a: Deoxys\n|-damage|p1a: Deoxys|39/221\n|move|p1a: Deoxys|Recover|p1a: Deoxys\n|-heal|p1a: Deoxys|150/221\n|\n|upkeep\n|turn|16\n|inactive|Time left: 300 sec this turn | 300 sec total\n|\n|t:|1783562554\n|move|p2a: Furret|Knock Off|p1a: Deoxys\n|-supereffective|p1a: Deoxys\n|-damage|p1a: Deoxys|62/221\n|move|p1a: Deoxys|Recover|p1a: Deoxys\n|-heal|p1a: Deoxys|173/221\n|\n|upkeep\n|turn|17\n|inactive|Time left: 300 sec this turn | 300 sec total\n|\n|t:|1783562555\n|move|p2a: Furret|Knock Off|p1a: Deoxys\n|-supereffective|p1a: Deoxys\n|-damage|p1a: Deoxys|85/221\n|move|p1a: Deoxys|Recover|p1a: Deoxys\n|-heal|p1a: Deoxys|196/221\n|\n|upkeep\n|turn|18\n|inactive|Time left: 300 sec this turn | 300 sec total\n|\n|t:|1783562556\n|move|p2a: Furret|Knock Off|p1a: Deoxys\n|-supereffective|p1a: Deoxys\n|-damage|p1a: Deoxys|102/221\n|move|p1a: Deoxys|Spikes|p2a: Furret\n|-sidestart|p2: p0y1948f9f4|Spikes\n|\n|upkeep\n|turn|19\n|inactive|Time left: 300 sec this turn | 300 sec total\n|\n|t:|1783562556\n|move|p2a: Furret|Knock Off|p1a: Deoxys\n|-supereffective|p1a: Deoxys\n|-damage|p1a: Deoxys|20/221\n|move|p1a: Deoxys|Recover|p1a: Deoxys\n|-heal|p1a: Deoxys|131/221\n|\n|upkeep\n|turn|20\n|inactive|Time left: 300 sec this turn | 300 sec total\n|\n|t:|1783562557\n|move|p2a: Furret|Knock Off|p1a: Deoxys\n|-supereffective|p1a: Deoxys\n|-crit|p1a: Deoxys\n|-damage|p1a: Deoxys|3/221\n|move|p1a: Deoxys|Recover|p1a: Deoxys\n|-heal|p1a: Deoxys|114/221\n|\n|upkeep\n|turn|21\n|inactive|Time left: 300 sec this turn | 300 sec total\n|\n|t:|1783562558\n|move|p2a: Furret|Knock Off|p1a: Deoxys\n|-supereffective|p1a: Deoxys\n|-damage|p1a: Deoxys|32/221\n|move|p1a: Deoxys|Recover|p1a: Deoxys\n|-heal|p1a: Deoxys|143/221\n|\n|upkeep\n|turn|22\n|inactive|Time left: 300 sec this turn | 300 sec total\n|\n|t:|1783562559\n|switch|p1a: Talonflame|Talonflame, L83, M|265/265\n|move|p2a: Furret|Knock Off|p1a: Talonflame\n|-damage|p1a: Talonflame|139/265\n|-status|p2a: Furret|brn|[from] ability: Flame Body|[of] p1a: Talonflame\n|-enditem|p1a: Talonflame|Heavy-Duty Boots|[from] move: Knock Off|[of] p2a: Furret\n|\n|-damage|p2a: Furret|53/100 brn|[from] brn\n|upkeep\n|turn|23\n|inactive|Time left: 300 sec this turn | 300 sec total\n|\n|t:|1783562560\n|move|p1a: Talonflame|Roost|p1a: Talonflame\n|-heal|p1a: Talonflame|265/265\n|-singleturn|p1a: Talonflame|move: Roost\n|move|p2a: Furret|Knock Off|p1a: Talonflame\n|-damage|p1a: Talonflame|225/265\n|\n|-damage|p2a: Furret|47/100 brn|[from] brn\n|upkeep\n|turn|24\n|inactive|Time left: 300 sec this turn | 300 sec total\n|\n|t:|1783562561\n|move|p1a: Talonflame|Brave Bird|p2a: Furret\n|-damage|p2a: Furret|6/100 brn\n|-damage|p1a: Talonflame|183/265|[from] Recoil\n|move|p2a: Furret|Knock Off|p1a: Talonflame\n|-damage|p1a: Talonflame|142/265\n|\n|-damage|p2a: Furret|0 fnt|[from] brn\n|faint|p2a: Furret\n|upkeep\n|\n|t:|1783562562\n|switch|p2a: Chesnaught|Chesnaught, L84, M|100/100\n|-damage|p2a: Chesnaught|88/100|[from] Spikes\n|turn|25\n|inactive|Time left: 300 sec this turn | 300 sec total\n|\n|t:|1783562563\n|switch|p2a: Rhydon|Rhydon, L85, F, tera:Dragon|2/100\n|-damage|p2a: Rhydon|0 fnt|[from] Spikes\n|faint|p2a: Rhydon\n|move|p1a: Talonflame|Brave Bird|p2: Rhydon|[notarget]\n|-fail|p1a: Talonflame\n|\n|upkeep\n|\n|t:|1783562563\n|switch|p2a: Iron Leaves|Iron Leaves, L80|100/100\n|-damage|p2a: Iron Leaves|88/100|[from] Spikes\n|turn|26\n|inactive|Time left: 300 sec this turn | 300 sec total\n|\n|t:|1783562564\n|move|p1a: Talonflame|Brave Bird|p2a: Iron Leaves\n|-supereffective|p2a: Iron Leaves\n|-damage|p2a: Iron Leaves|0 fnt\n|faint|p2a: Iron Leaves\n|-end|p2a: Iron Leaves|Quark Drive|[silent]\n|-damage|p1a: Talonflame|62/265|[from] Recoil\n|\n|upkeep\n|\n|t:|1783562565\n|switch|p2a: Chesnaught|Chesnaught, L84, M|88/100\n|-damage|p2a: Chesnaught|76/100|[from] Spikes\n|turn|27\n|inactive|Time left: 300 sec this turn | 300 sec total\n|\n|t:|1783562566\n|move|p1a: Talonflame|Brave Bird|p2a: Chesnaught\n|-supereffective|p2a: Chesnaught\n|-damage|p2a: Chesnaught|0 fnt\n|faint|p2a: Chesnaught\n|-damage|p1a: Talonflame|0 fnt|[from] Recoil\n|faint|p1a: Talonflame\n|\n|win|p0x19487d17", "uploadtime": 1783562566, "views": 0, "rating": 0, "private": 0, "password": null, "_winner": "p0x19487d17", "_our_name": "p0x19487d17"}