{"id": "battle-gen9randombattle-2722", "formatid": "gen9randombattle", "format": "[Gen 9] Random Battle", "players": ["p0x2722dcd6", "p0y27225807"], "log": "|init|battle\n|title|p0x2722dcd6 vs. p0y27225807\n|j|\u2606p0x2722dcd6\n|j|\u2606p0y27225807\n|t:|1783570373\n|gametype|singles\n|player|p1|p0x2722dcd6|102|\n|player|p2|p0y27225807|266|\n|gen|9\n|tier|[Gen 9] Random Battle\n|rule|Species Clause: Limit one of each Pok\u00e9mon\n|rule|HP Percentage Mod: HP is shown in percentages\n|rule|Sleep Clause Mod: Limit one foe put to sleep\n|rule|Illusion Level Mod: Illusion disguises the Pok\u00e9mon's true level\n|\n|t:|1783570373\n|teamsize|p1|6\n|teamsize|p2|6\n|start\n|switch|p1a: Clefable|Clefable, L83, M|100/100\n|switch|p2a: Zebstrika|Zebstrika, L87, F|272/272\n|turn|1\n|inactive|Battle timer is ON: inactive players will automatically lose when time's up. (requested by p0y27225807)\n|\n|t:|1783570375\n|move|p2a: Zebstrika|Volt Switch|p1a: Clefable\n|-damage|p1a: Clefable|70/100\n|-damage|p2a: Zebstrika|245/272|[from] item: Life Orb\n|inactive|Time left: 300 sec this turn | 300 sec total | 65 sec grace\n|inactive|p0x2722dcd6 also wants the timer to be on.\n|\n|t:|1783570376\n|switch|p2a: Arbok|Arbok, L87, F|246/246|[from] Volt Switch\n|-ability|p2a: Arbok|Intimidate|boost\n|-unboost|p1a: Clefable|atk|1\n|move|p1a: Clefable|Moonblast|p2a: Arbok\n|-resisted|p2a: Arbok\n|-damage|p2a: Arbok|177/246\n|\n|-heal|p2a: Arbok|192/246|[from] item: Leftovers\n|upkeep\n|turn|2\n|inactive|Time left: 300 sec this turn | 300 sec total\n|\n|t:|1783570377\n|move|p2a: Arbok|Gunk Shot|p1a: Clefable|[miss]\n|-miss|p2a: Arbok|p1a: Clefable\n|move|p1a: Clefable|Moonlight|p1a: Clefable\n|-heal|p1a: Clefable|100/100\n|\n|-heal|p2a: Arbok|207/246|[from] item: Leftovers\n|upkeep\n|turn|3\n|inactive|Time left: 300 sec this turn | 300 sec total\n|\n|t:|1783570378\n|switch|p1a: Lugia|Lugia, L73|100/100\n|move|p2a: Arbok|Gunk Shot|p1a: Lugia\n|-damage|p1a: Lugia|80/100\n|\n|-heal|p2a: Arbok|222/246|[from] item: Leftovers\n|upkeep\n|turn|4\n|inactive|Time left: 300 sec this turn | 300 sec total\n|\n|t:|1783570380\n|move|p1a: Lugia|Calm Mind|p1a: Lugia\n|-boost|p1a: Lugia|spa|1\n|-boost|p1a: Lugia|spd|1\n|move|p2a: Arbok|Coil|p2a: Arbok\n|-boost|p2a: Arbok|atk|1\n|-boost|p2a: Arbok|def|1\n|-boost|p2a: Arbok|accuracy|1\n|\n|-heal|p2a: Arbok|237/246|[from] item: Leftovers\n|upkeep\n|turn|5\n|inactive|Time left: 300 sec this turn | 300 sec total\n|\n|t:|1783570381\n|move|p1a: Lugia|Earth Power|p2a: Arbok\n|-supereffective|p2a: Arbok\n|-damage|p2a: Arbok|89/246\n|move|p2a: Arbok|Gunk Shot|p1a: Lugia\n|-damage|p1a: Lugia|19/100\n|\n|-heal|p2a: Arbok|104/246|[from] item: Leftovers\n|upkeep\n|turn|6\n|inactive|Time left: 300 sec this turn | 300 sec total\n|\n|t:|1783570382\n|switch|p2a: Muk|Muk, L86, F|321/321\n|move|p1a: Lugia|Aeroblast|p2a: Muk\n|-damage|p2a: Muk|251/321\n|\n|upkeep\n|turn|7\n|inactive|Time left: 300 sec this turn | 300 sec total\n|\n|t:|1783570383\n|move|p1a: Lugia|Recover|p1a: Lugia\n|-heal|p1a: Lugia|70/100\n|move|p2a: Muk|Knock Off|p1a: Lugia\n|-supereffective|p1a: Lugia\n|-damage|p1a: Lugia|20/100\n|-enditem|p1a: Lugia|Heavy-Duty Boots|[from] move: Knock Off|[of] p2a: Muk\n|\n|upkeep\n|turn|8\n|inactive|Time left: 300 sec this turn | 300 sec total\n|\n|t:|1783570384\n|move|p1a: Lugia|Recover|p1a: Lugia\n|-heal|p1a: Lugia|70/100\n|move|p2a: Muk|Knock Off|p1a: Lugia\n|-supereffective|p1a: Lugia\n|-damage|p1a: Lugia|37/100\n|-status|p1a: Lugia|psn|[from] ability: Poison Touch|[of] p2a: Muk\n|\n|-damage|p1a: Lugia|24/100 psn|[from] psn\n|upkeep\n|turn|9\n|inactive|Time left: 300 sec this turn | 300 sec total\n|\n|t:|1783570385\n|move|p1a: Lugia|Recover|p1a: Lugia\n|-heal|p1a: Lugia|75/100 psn\n|move|p2a: Muk|Knock Off|p1a: Lugia\n|-supereffective|p1a: Lugia\n|-damage|p1a: Lugia|43/100 psn\n|\n|-damage|p1a: Lugia|31/100 psn|[from] psn\n|upkeep\n|turn|10\n|inactive|Time left: 300 sec this turn | 300 sec total\n|\n|t:|1783570386\n|move|p1a: Lugia|Recover|p1a: Lugia\n|-heal|p1a: Lugia|81/100 psn\n|move|p2a: Muk|Knock Off|p1a: Lugia\n|-supereffective|p1a: Lugia\n|-damage|p1a: Lugia|48/100 psn\n|\n|-damage|p1a: Lugia|35/100 psn|[from] psn\n|upkeep\n|turn|11\n|inactive|Time left: 300 sec this turn | 300 sec total\n|\n|t:|1783570387\n|move|p1a: Lugia|Recover|p1a: Lugia\n|-heal|p1a: Lugia|86/100 psn\n|move|p2a: Muk|Knock Off|p1a: Lugia\n|-supereffective|p1a: Lugia\n|-damage|p1a: Lugia|56/100 psn\n|\n|-damage|p1a: Lugia|43/100 psn|[from] psn\n|upkeep\n|turn|12\n|inactive|Time left: 300 sec this turn | 300 sec total\n|\n|t:|1783570388\n|move|p1a: Lugia|Recover|p1a: Lugia\n|-heal|p1a: Lugia|94/100 psn\n|move|p2a: Muk|Knock Off|p1a: Lugia\n|-supereffective|p1a: Lugia\n|-damage|p1a: Lugia|63/100 psn\n|\n|-damage|p1a: Lugia|51/100 psn|[from] psn\n|upkeep\n|turn|13\n|inactive|Time left: 300 sec this turn | 300 sec total\n|\n|t:|1783570388\n|move|p1a: Lugia|Recover|p1a: Lugia\n|-heal|p1a: Lugia|100/100 psn\n|move|p2a: Muk|Knock Off|p1a: Lugia\n|-supereffective|p1a: Lugia\n|-damage|p1a: Lugia|86/100 psn\n|\n|-damage|p1a: Lugia|73/100 psn|[from] psn\n|upkeep\n|turn|14\n|inactive|Time left: 300 sec this turn | 300 sec total\n|\n|t:|1783570389\n|move|p1a: Lugia|Recover|p1a: Lugia\n|-heal|p1a: Lugia|100/100 psn\n|move|p2a: Muk|Knock Off|p1a: Lugia\n|-supereffective|p1a: Lugia\n|-damage|p1a: Lugia|85/100 psn\n|\n|-damage|p1a: Lugia|73/100 psn|[from] psn\n|upkeep\n|turn|15\n|inactive|Time left: 300 sec this turn | 300 sec total\n|\n|t:|1783570390\n|move|p1a: Lugia|Aeroblast|p2a: Muk\n|-damage|p2a: Muk|176/321\n|move|p2a: Muk|Knock Off|p1a: Lugia\n|-supereffective|p1a: Lugia\n|-damage|p1a: Lugia|39/100 psn\n|\n|-damage|p1a: Lugia|26/100 psn|[from] psn\n|upkeep\n|turn|16\n|inactive|Time left: 300 sec this turn | 300 sec total\n|\n|t:|1783570391\n|move|p1a: Lugia|Earth Power|p2a: Muk\n|-supereffective|p2a: Muk\n|-damage|p2a: Muk|94/321\n|-unboost|p2a: Muk|spd|1\n|move|p2a: Muk|Knock Off|p1a: Lugia\n|-supereffective|p1a: Lugia\n|-damage|p1a: Lugia|0 fnt\n|faint|p1a: Lugia\n|\n|upkeep\n|\n|t:|1783570391\n|switch|p1a: Leavanny|Leavanny, L86, F|100/100\n|turn|17\n|inactive|Time left: 300 sec this turn | 300 sec total\n|\n|t:|1783570392\n|move|p1a: Leavanny|Sticky Web|p2a: Muk\n|-sidestart|p2: p0y27225807|move: Sticky Web\n|move|p2a: Muk|Gunk Shot|p1a: Leavanny\n|-supereffective|p1a: Leavanny\n|-damage|p1a: Leavanny|0 fnt\n|faint|p1a: Leavanny\n|\n|upkeep\n|\n|t:|1783570392\n|switch|p1a: Wugtrio|Wugtrio, L91, M|100/100\n|turn|18\n|inactive|Time left: 300 sec this turn | 300 sec total\n|\n|t:|1783570393\n|switch|p2a: Azumarill|Azumarill, L82, F|298/298\n|-activate|p2a: Azumarill|move: Sticky Web\n|-unboost|p2a: Azumarill|spe|1\n|move|p1a: Wugtrio|Liquidation|p2a: Azumarill\n|-resisted|p2a: Azumarill\n|-damage|p2a: Azumarill|213/298\n|-unboost|p2a: Azumarill|def|1\n|\n|upkeep\n|turn|19\n|inactive|Time left: 300 sec this turn | 300 sec total\n|\n|t:|1783570394\n|move|p1a: Wugtrio|Liquidation|p2a: Azumarill\n|-resisted|p2a: Azumarill\n|-crit|p2a: Azumarill\n|-damage|p2a: Azumarill|2/298\n|move|p2a: Azumarill|Play Rough|p1a: Wugtrio\n|-damage|p1a: Wugtrio|0 fnt\n|-ability|p1a: Wugtrio|Gooey\n|-unboost|p2a: Azumarill|spe|1\n|faint|p1a: Wugtrio\n|\n|upkeep\n|\n|t:|1783570395\n|switch|p1a: Cryogonal|Cryogonal, L89|100/100\n|turn|20\n|inactive|Time left: 300 sec this turn | 300 sec total\n|\n|t:|1783570396\n|move|p1a: Cryogonal|Rapid Spin|p2a: Azumarill\n|-damage|p2a: Azumarill|0 fnt\n|-boost|p1a: Cryogonal|spe|1\n|faint|p2a: Azumarill\n|\n|upkeep\n|inactive|Time left: 300 sec this turn | 300 sec total | 5 sec grace\n|\n|t:|1783570396\n|switch|p2a: Muk|Muk, L86, F|94/321\n|-activate|p2a: Muk|move: Sticky Web\n|-unboost|p2a: Muk|spe|1\n|turn|21\n|inactive|Time left: 300 sec this turn | 300 sec total\n|\n|t:|1783570397\n|move|p1a: Cryogonal|Ice Beam|p2a: Muk\n|-damage|p2a: Muk|30/321\n|move|p2a: Muk|Drain Punch|p1a: Cryogonal\n|-supereffective|p1a: Cryogonal\n|-damage|p1a: Cryogonal|39/100\n|-heal|p2a: Muk|118/321|[from] drain|[of] p1a: Cryogonal\n|\n|upkeep\n|turn|22\n|inactive|Time left: 300 sec this turn | 300 sec total\n|\n|t:|1783570398\n|move|p1a: Cryogonal|Recover|p1a: Cryogonal\n|-heal|p1a: Cryogonal|89/100\n|move|p2a: Muk|Drain Punch|p1a: Cryogonal\n|-supereffective|p1a: Cryogonal\n|-damage|p1a: Cryogonal|27/100\n|-heal|p2a: Muk|207/321|[from] drain|[of] p1a: Cryogonal\n|\n|upkeep\n|turn|23\n|inactive|Time left: 300 sec this turn | 300 sec total\n|\n|t:|1783570399\n|move|p1a: Cryogonal|Recover|p1a: Cryogonal\n|-heal|p1a: Cryogonal|78/100\n|move|p2a: Muk|Drain Punch|p1a: Cryogonal\n|-supereffective|p1a: Cryogonal\n|-crit|p1a: Cryogonal\n|-damage|p1a: Cryogonal|0 fnt\n|-heal|p2a: Muk|318/321|[from] drain|[of] p1a: Cryogonal\n|faint|p1a: Cryogonal\n|\n|upkeep\n|\n|t:|1783570401\n|switch|p1a: Munkidori|Munkidori, L79, M|100/100\n|turn|24\n|inactive|Time left: 300 sec this turn | 300 sec total\n|\n|t:|1783570402\n|move|p1a: Munkidori|Fake Out|p2a: Muk\n|-damage|p2a: Muk|296/321\n|cant|p2a: Muk|flinch\n|\n|upkeep\n|turn|25\n|inactive|Time left: 300 sec this turn | 300 sec total\n|\n|t:|1783570403\n|move|p1a: Munkidori|Psychic Noise|p2a: Muk\n|-supereffective|p2a: Muk\n|-damage|p2a: Muk|186/321\n|-start|p2a: Muk|move: Heal Block\n|move|p2a: Muk|Gunk Shot|p1a: Munkidori\n|-resisted|p1a: Munkidori\n|-damage|p1a: Munkidori|66/100\n|\n|upkeep\n|turn|26\n|inactive|Time left: 300 sec this turn | 300 sec total\n|\n|t:|1783570404\n|move|p1a: Munkidori|Psychic Noise|p2a: Muk\n|-supereffective|p2a: Muk\n|-damage|p2a: Muk|82/321\n|move|p2a: Muk|Knock Off|p1a: Munkidori\n|-supereffective|p1a: Munkidori\n|-damage|p1a: Munkidori|0 fnt\n|-enditem|p1a: Munkidori|Assault Vest|[from] move: Knock Off|[of] p2a: Muk\n|faint|p1a: Munkidori\n|\n|-end|p2a: Muk|move: Heal Block\n|upkeep\n|\n|t:|1783570405\n|switch|p1a: Clefable|Clefable, L83, M|100/100\n|turn|27\n|inactive|Time left: 300 sec this turn | 300 sec total\n|\n|t:|1783570406\n|-terastallize|p1a: Clefable|Steel\n|move|p1a: Clefable|Calm Mind|p1a: Clefable\n|-boost|p1a: Clefable|spa|1\n|-boost|p1a: Clefable|spd|1\n|move|p2a: Muk|Gunk Shot|p1a: Clefable\n|-immune|p1a: Clefable\n|\n|upkeep\n|turn|28\n|inactive|Time left: 300 sec this turn | 300 sec total\n|\n|t:|1783570407\n|switch|p2a: Zebstrika|Zebstrika, L87, F|245/272\n|-activate|p2a: Zebstrika|move: Sticky Web\n|-unboost|p2a: Zebstrika|spe|1\n|move|p1a: Clefable|Fire Blast|p2a: Zebstrika\n|-damage|p2a: Zebstrika|53/272\n|\n|upkeep\n|turn|29\n|inactive|Time left: 300 sec this turn | 300 sec total\n|\n|t:|1783570408\n|-terastallize|p2a: Zebstrika|Ground\n|move|p2a: Zebstrika|High Horsepower|p1a: Clefable\n|-supereffective|p1a: Clefable\n|-damage|p1a: Clefable|0 fnt\n|faint|p1a: Clefable\n|-damage|p2a: Zebstrika|26/272|[from] item: Life Orb\n|\n|win|p0y27225807", "uploadtime": 1783570408, "views": 0, "rating": 0, "private": 0, "password": null, "_winner": "p0y27225807", "_our_name": "p0y27225807"}