{"id": "battle-gen9randombattle-772", "formatid": "gen9randombattle", "format": "[Gen 9] Random Battle", "players": ["p0x77277c1", "p0y772f523"], "log": "|init|battle\n|title|p0x77277c1 vs. p0y772f523\n|j|\u2606p0x77277c1\n|j|\u2606p0y772f523\n|t:|1783548825\n|gametype|singles\n|player|p1|p0x77277c1|266|\n|player|p2|p0y772f523|101|\n|gen|9\n|tier|[Gen 9] Random Battle\n|rule|Species Clause: Limit one of each Pok\u00e9mon\n|rule|HP Percentage Mod: HP is shown in percentages\n|rule|Sleep Clause Mod: Limit one foe put to sleep\n|rule|Illusion Level Mod: Illusion disguises the Pok\u00e9mon's true level\n|\n|t:|1783548825\n|teamsize|p1|6\n|teamsize|p2|6\n|start\n|switch|p1a: Kyogre|Kyogre, L71|100/100\n|switch|p2a: Masquerain|Masquerain, L87, M|264/264\n|-ability|p2a: Masquerain|Intimidate|boost\n|-unboost|p1a: Kyogre|atk|1\n|-weather|RainDance|[from] ability: Drizzle|[of] p1a: Kyogre\n|turn|1\n|inactive|Battle timer is ON: inactive players will automatically lose when time's up. (requested by p0y772f523)\n|inactive|p0x77277c1 also wants the timer to be on.\n|\n|t:|1783548826\n|move|p2a: Masquerain|Quiver Dance|p2a: Masquerain\n|-boost|p2a: Masquerain|spa|1\n|-boost|p2a: Masquerain|spd|1\n|-boost|p2a: Masquerain|spe|1\n|move|p1a: Kyogre|Thunder|p2a: Masquerain\n|-supereffective|p2a: Masquerain\n|-damage|p2a: Masquerain|158/264\n|-status|p2a: Masquerain|par\n|\n|-weather|RainDance|[upkeep]\n|upkeep\n|turn|2\n|inactive|Time left: 300 sec this turn | 300 sec total\n|\n|t:|1783548827\n|move|p1a: Kyogre|Thunder|p2a: Masquerain\n|-supereffective|p2a: Masquerain\n|-damage|p2a: Masquerain|38/264 par\n|move|p2a: Masquerain|Quiver Dance|p2a: Masquerain\n|-boost|p2a: Masquerain|spa|1\n|-boost|p2a: Masquerain|spd|1\n|-boost|p2a: Masquerain|spe|1\n|\n|-weather|RainDance|[upkeep]\n|upkeep\n|turn|3\n|inactive|Time left: 300 sec this turn | 300 sec total\n|\n|t:|1783548828\n|move|p2a: Masquerain|Hurricane|p1a: Kyogre\n|-damage|p1a: Kyogre|23/100\n|-start|p1a: Kyogre|confusion\n|-activate|p1a: Kyogre|confusion\n|move|p1a: Kyogre|Thunder|p2a: Masquerain\n|-supereffective|p2a: Masquerain\n|-damage|p2a: Masquerain|0 fnt\n|faint|p2a: Masquerain\n|\n|-weather|RainDance|[upkeep]\n|-heal|p1a: Kyogre|29/100|[from] item: Leftovers\n|upkeep\n|inactive|Time left: 300 sec this turn | 300 sec total | 5 sec grace\n|\n|t:|1783548829\n|switch|p2a: Girafarig|Girafarig, L89, M|269/269\n|turn|4\n|inactive|Time left: 300 sec this turn | 300 sec total\n|\n|t:|1783548831\n|switch|p1a: Spidops|Spidops, L96, M|100/100\n|move|p2a: Girafarig|Nasty Plot|p2a: Girafarig\n|-boost|p2a: Girafarig|spa|2\n|\n|-weather|RainDance|[upkeep]\n|upkeep\n|turn|5\n|inactive|Time left: 300 sec this turn | 300 sec total\n|\n|t:|1783548832\n|move|p2a: Girafarig|Psyshock|p1a: Spidops\n|-damage|p1a: Spidops|44/100\n|move|p1a: Spidops|Sticky Web|p2a: Girafarig\n|-sidestart|p2: p0y772f523|move: Sticky Web\n|\n|-weather|none\n|upkeep\n|turn|6\n|inactive|Time left: 300 sec this turn | 300 sec total\n|\n|t:|1783548833\n|switch|p1a: Trevenant|Trevenant, L89, M|100/100\n|move|p2a: Girafarig|Psyshock|p1a: Trevenant\n|-damage|p1a: Trevenant|42/100\n|-enditem|p1a: Trevenant|Sitrus Berry|[eat]\n|-heal|p1a: Trevenant|67/100|[from] item: Sitrus Berry\n|\n|upkeep\n|turn|7\n|inactive|Time left: 300 sec this turn | 300 sec total\n|\n|t:|1783548834\n|move|p2a: Girafarig|Psyshock|p1a: Trevenant\n|-damage|p1a: Trevenant|9/100\n|move|p1a: Trevenant|Toxic|p2a: Girafarig\n|-status|p2a: Girafarig|tox\n|\n|-damage|p2a: Girafarig|253/269 tox|[from] psn\n|-item|p1a: Trevenant|Sitrus Berry|[from] ability: Harvest\n|upkeep\n|-enditem|p1a: Trevenant|Sitrus Berry|[eat]\n|-heal|p1a: Trevenant|34/100|[from] item: Sitrus Berry\n|turn|8\n|inactive|Time left: 300 sec this turn | 300 sec total\n|\n|t:|1783548836\n|move|p1a: Trevenant|Protect|p1a: Trevenant\n|-singleturn|p1a: Trevenant|Protect\n|move|p2a: Girafarig|Psyshock|p1a: Trevenant\n|-activate|p1a: Trevenant|move: Protect\n|\n|-damage|p2a: Girafarig|221/269 tox|[from] psn\n|upkeep\n|turn|9\n|inactive|Time left: 300 sec this turn | 300 sec total\n|\n|t:|1783548837\n|move|p2a: Girafarig|Psyshock|p1a: Trevenant\n|-damage|p1a: Trevenant|0 fnt\n|faint|p1a: Trevenant\n|\n|-damage|p2a: Girafarig|173/269 tox|[from] psn\n|upkeep\n|\n|t:|1783548838\n|switch|p1a: Rampardos|Rampardos, L90, F|100/100\n|turn|10\n|inactive|Time left: 300 sec this turn | 300 sec total\n|\n|t:|1783548839\n|move|p1a: Rampardos|Head Smash|p2a: Girafarig\n|-damage|p2a: Girafarig|0 fnt\n|faint|p2a: Girafarig\n|-damage|p1a: Rampardos|73/100|[from] Recoil\n|\n|upkeep\n|inactive|Time left: 300 sec this turn | 300 sec total | 5 sec grace\n|\n|t:|1783548840\n|switch|p2a: Arboliva|Arboliva, L91, F|288/288\n|-activate|p2a: Arboliva|move: Sticky Web\n|-unboost|p2a: Arboliva|spe|1\n|turn|11\n|inactive|Time left: 300 sec this turn | 300 sec total\n|\n|t:|1783548841\n|move|p1a: Rampardos|Head Smash|p2a: Arboliva|[miss]\n|-miss|p1a: Rampardos|p2a: Arboliva\n|move|p2a: Arboliva|Hyper Voice|p1a: Rampardos\n|-resisted|p1a: Rampardos\n|-damage|p1a: Rampardos|45/100\n|\n|upkeep\n|turn|12\n|inactive|Time left: 300 sec this turn | 300 sec total\n|\n|t:|1783548842\n|move|p1a: Rampardos|Head Smash|p2a: Arboliva|[miss]\n|-miss|p1a: Rampardos|p2a: Arboliva\n|move|p2a: Arboliva|Hyper Voice|p1a: Rampardos\n|-resisted|p1a: Rampardos\n|-damage|p1a: Rampardos|14/100\n|\n|upkeep\n|turn|13\n|inactive|Time left: 300 sec this turn | 300 sec total\n|\n|t:|1783548843\n|move|p1a: Rampardos|Head Smash|p2a: Arboliva\n|-damage|p2a: Arboliva|29/288\n|-enditem|p2a: Arboliva|Sitrus Berry|[eat]\n|-heal|p2a: Arboliva|101/288|[from] item: Sitrus Berry\n|-damage|p1a: Rampardos|0 fnt|[from] Recoil\n|faint|p1a: Rampardos\n|move|p2a: Arboliva|Hyper Voice|p1: Rampardos|[notarget]\n|-fail|p2a: Arboliva\n|\n|upkeep\n|\n|t:|1783548844\n|switch|p1a: Staraptor|Staraptor, L79, M|100/100\n|turn|14\n|inactive|Time left: 300 sec this turn | 300 sec total\n|\n|t:|1783548845\n|move|p2a: Arboliva|Protect|p2a: Arboliva\n|-singleturn|p2a: Arboliva|Protect\n|move|p1a: Staraptor|Brave Bird|p2a: Arboliva\n|-activate|p2a: Arboliva|move: Protect\n|\n|-item|p2a: Arboliva|Sitrus Berry|[from] ability: Harvest\n|upkeep\n|-enditem|p2a: Arboliva|Sitrus Berry|[eat]\n|-heal|p2a: Arboliva|173/288|[from] item: Sitrus Berry\n|turn|15\n|inactive|Time left: 300 sec this turn | 300 sec total\n|\n|t:|1783548847\n|move|p1a: Staraptor|Brave Bird|p2a: Arboliva\n|-supereffective|p2a: Arboliva\n|-damage|p2a: Arboliva|0 fnt\n|faint|p2a: Arboliva\n|-damage|p1a: Staraptor|79/100|[from] Recoil\n|\n|upkeep\n|inactive|Time left: 300 sec this turn | 300 sec total | 5 sec grace\n|\n|t:|1783548848\n|switch|p2a: Lokix|Lokix, L82, M|251/251\n|-activate|p2a: Lokix|move: Sticky Web\n|-unboost|p2a: Lokix|spe|1\n|turn|16\n|inactive|Time left: 300 sec this turn | 300 sec total\n|\n|t:|1783548849\n|move|p2a: Lokix|First Impression|p1a: Staraptor\n|-resisted|p1a: Staraptor\n|-damage|p1a: Staraptor|26/100\n|-damage|p2a: Lokix|226/251|[from] item: Life Orb\n|move|p1a: Staraptor|Brave Bird|p2a: Lokix\n|-supereffective|p2a: Lokix\n|-damage|p2a: Lokix|0 fnt\n|faint|p2a: Lokix\n|-damage|p1a: Staraptor|0 fnt|[from] Recoil\n|faint|p1a: Staraptor\n|\n|upkeep\n|inactive|Time left: 300 sec this turn | 300 sec total | 5 sec grace\n|\n|t:|1783548850\n|switch|p1a: Luvdisc|Luvdisc, F|100/100\n|switch|p2a: Kyurem|Kyurem-Black, L71|295/295\n|-activate|p2a: Kyurem|move: Sticky Web\n|-unboost|p2a: Kyurem|spe|1\n|-ability|p2a: Kyurem|Teravolt\n|turn|17\n|inactive|Time left: 300 sec this turn | 300 sec total\n|\n|t:|1783548851\n|move|p1a: Luvdisc|Surf|p2a: Kyurem\n|-resisted|p2a: Kyurem\n|-damage|p2a: Kyurem|253/295\n|move|p2a: Kyurem|Dragon Dance|p2a: Kyurem\n|-boost|p2a: Kyurem|atk|1\n|-boost|p2a: Kyurem|spe|1\n|\n|upkeep\n|turn|18\n|inactive|Time left: 300 sec this turn | 300 sec total\n|\n|t:|1783548852\n|move|p1a: Luvdisc|Surf|p2a: Kyurem\n|-resisted|p2a: Kyurem\n|-damage|p2a: Kyurem|207/295\n|move|p2a: Kyurem|Scale Shot|p1a: Luvdisc\n|-damage|p1a: Luvdisc|80/100\n|-damage|p1a: Luvdisc|56/100\n|-damage|p1a: Luvdisc|32/100\n|-damage|p1a: Luvdisc|11/100\n|-hitcount|p1a: Luvdisc|4\n|-unboost|p2a: Kyurem|def|1\n|-boost|p2a: Kyurem|spe|1\n|\n|upkeep\n|turn|19\n|inactive|Time left: 300 sec this turn | 300 sec total\n|\n|t:|1783548853\n|move|p2a: Kyurem|Scale Shot|p1a: Luvdisc\n|-damage|p1a: Luvdisc|0 fnt\n|faint|p1a: Luvdisc\n|-hitcount|p1: Luvdisc|1\n|-unboost|p2a: Kyurem|def|1\n|-boost|p2a: Kyurem|spe|1\n|\n|upkeep\n|\n|t:|1783548854\n|switch|p1a: Kyogre|Kyogre, L71|29/100\n|-weather|RainDance|[from] ability: Drizzle|[of] p1a: Kyogre\n|turn|20\n|inactive|Time left: 300 sec this turn | 300 sec total\n|\n|t:|1783548855\n|switch|p1a: Spidops|Spidops, L96, M|44/100\n|-terastallize|p2a: Kyurem|Ground\n|move|p2a: Kyurem|Icicle Spear|p1a: Spidops\n|-damage|p1a: Spidops|30/100\n|-damage|p1a: Spidops|15/100\n|-damage|p1a: Spidops|0 fnt\n|faint|p1a: Spidops\n|-hitcount|p1: Spidops|3\n|\n|-weather|RainDance|[upkeep]\n|upkeep\n|\n|t:|1783548856\n|switch|p1a: Kyogre|Kyogre, L71|29/100\n|turn|21\n|inactive|Time left: 300 sec this turn | 300 sec total\n|\n|t:|1783548857\n|move|p2a: Kyurem|Icicle Spear|p1a: Kyogre\n|-resisted|p1a: Kyogre\n|-damage|p1a: Kyogre|19/100\n|-resisted|p1a: Kyogre\n|-damage|p1a: Kyogre|8/100\n|-resisted|p1a: Kyogre\n|-damage|p1a: Kyogre|0 fnt\n|faint|p1a: Kyogre\n|-hitcount|p1: Kyogre|3\n|\n|win|p0y772f523", "uploadtime": 1783548857, "views": 0, "rating": 0, "private": 0, "password": null, "_winner": "p0y772f523", "_our_name": "p0y772f523"}