{"id": "battle-gen9randombattle-223", "formatid": "gen9randombattle", "format": "[Gen 9] Random Battle", "players": ["p0x223f71c", "p0y223b434"], "log": "|init|battle\n|title|p0x223f71c vs. p0y223b434\n|j|\u2606p0x223f71c\n|j|\u2606p0y223b434\n|t:|1783536380\n|gametype|singles\n|player|p1|p0x223f71c|170|\n|player|p2|p0y223b434|102|\n|gen|9\n|tier|[Gen 9] Random Battle\n|rule|Species Clause: Limit one of each Pok\u00e9mon\n|rule|HP Percentage Mod: HP is shown in percentages\n|rule|Sleep Clause Mod: Limit one foe put to sleep\n|rule|Illusion Level Mod: Illusion disguises the Pok\u00e9mon's true level\n|\n|t:|1783536380\n|teamsize|p1|6\n|teamsize|p2|6\n|start\n|switch|p1a: Clawitzer|Clawitzer, L87, F|100/100\n|switch|p2a: Florges|Florges-Yellow, L85, F|271/271\n|turn|1\n|inactive|Battle timer is ON: inactive players will automatically lose when time's up. (requested by p0y223b434)\n|inactive|p0x223f71c also wants the timer to be on.\n|\n|t:|1783536382\n|move|p2a: Florges|Moonblast|p1a: Clawitzer\n|-damage|p1a: Clawitzer|58/100\n|move|p1a: Clawitzer|Water Pulse|p2a: Florges\n|-damage|p2a: Florges|156/271\n|\n|-heal|p2a: Florges|172/271|[from] item: Leftovers\n|upkeep\n|turn|2\n|inactive|Time left: 300 sec this turn | 300 sec total\n|\n|t:|1783536383\n|move|p2a: Florges|Moonblast|p1a: Clawitzer\n|-damage|p1a: Clawitzer|16/100\n|move|p1a: Clawitzer|Water Pulse|p2a: Florges\n|-damage|p2a: Florges|64/271\n|\n|-heal|p2a: Florges|80/271|[from] item: Leftovers\n|upkeep\n|turn|3\n|inactive|Time left: 300 sec this turn | 300 sec total\n|\n|t:|1783536384\n|switch|p1a: Sawsbuck|Sawsbuck-Summer, L88, M|100/100\n|move|p2a: Florges|Moonblast|p1a: Sawsbuck\n|-damage|p1a: Sawsbuck|52/100\n|-unboost|p1a: Sawsbuck|spa|1\n|\n|-heal|p2a: Florges|96/271|[from] item: Leftovers\n|upkeep\n|turn|4\n|inactive|Time left: 300 sec this turn | 300 sec total\n|\n|t:|1783536385\n|move|p2a: Florges|Protect|p2a: Florges\n|-singleturn|p2a: Florges|Protect\n|move|p1a: Sawsbuck|Horn Leech|p2a: Florges\n|-activate|p2a: Florges|move: Protect\n|\n|-heal|p2a: Florges|112/271|[from] item: Leftovers\n|upkeep\n|turn|5\n|inactive|Time left: 300 sec this turn | 300 sec total\n|\n|t:|1783536386\n|switch|p2a: Hydreigon|Hydreigon, L79, F|275/275\n|move|p1a: Sawsbuck|Horn Leech|p2a: Hydreigon\n|-resisted|p2a: Hydreigon\n|-damage|p2a: Hydreigon|214/275\n|-heal|p1a: Sawsbuck|62/100|[from] drain|[of] p2a: Hydreigon\n|-damage|p1a: Sawsbuck|53/100|[from] item: Life Orb\n|\n|upkeep\n|turn|6\n|inactive|Time left: 300 sec this turn | 300 sec total\n|\n|t:|1783536387\n|move|p1a: Sawsbuck|Headbutt|p2a: Hydreigon\n|-damage|p2a: Hydreigon|105/275\n|-damage|p1a: Sawsbuck|43/100|[from] item: Life Orb\n|cant|p2a: Hydreigon|flinch\n|\n|upkeep\n|turn|7\n|inactive|Time left: 300 sec this turn | 300 sec total\n|\n|t:|1783536388\n|move|p1a: Sawsbuck|Headbutt|p2a: Hydreigon\n|-damage|p2a: Hydreigon|0 fnt\n|faint|p2a: Hydreigon\n|-damage|p1a: Sawsbuck|33/100|[from] item: Life Orb\n|\n|upkeep\n|inactive|Time left: 300 sec this turn | 300 sec total | 5 sec grace\n|\n|t:|1783536389\n|switch|p2a: Komala|Komala, L87, F|255/255\n|-ability|p2a: Komala|Comatose\n|turn|8\n|inactive|Time left: 300 sec this turn | 300 sec total\n|\n|t:|1783536390\n|move|p1a: Sawsbuck|Horn Leech|p2a: Komala\n|-damage|p2a: Komala|115/255\n|-heal|p1a: Sawsbuck|58/100|[from] drain|[of] p2a: Komala\n|-damage|p1a: Sawsbuck|48/100|[from] item: Life Orb\n|move|p2a: Komala|Rapid Spin|p1a: Sawsbuck\n|-damage|p1a: Sawsbuck|21/100\n|-boost|p2a: Komala|spe|1\n|\n|upkeep\n|turn|9\n|inactive|Time left: 300 sec this turn | 300 sec total\n|\n|t:|1783536391\n|switch|p1a: Garchomp|Garchomp, L74, F|100/100\n|move|p2a: Komala|Knock Off|p1a: Garchomp\n|-crit|p1a: Garchomp\n|-damage|p1a: Garchomp|50/100\n|-damage|p2a: Komala|84/255|[from] ability: Rough Skin|[of] p1a: Garchomp\n|-damage|p2a: Komala|42/255|[from] item: Rocky Helmet|[of] p1a: Garchomp\n|-enditem|p1a: Garchomp|Rocky Helmet|[from] move: Knock Off|[of] p2a: Komala\n|\n|upkeep\n|turn|10\n|inactive|Time left: 300 sec this turn | 300 sec total\n|\n|t:|1783536392\n|move|p2a: Komala|Body Slam|p1a: Garchomp\n|-damage|p1a: Garchomp|12/100\n|-damage|p2a: Komala|11/255|[from] ability: Rough Skin|[of] p1a: Garchomp\n|move|p1a: Garchomp|Earthquake|p2a: Komala\n|-damage|p2a: Komala|0 fnt\n|faint|p2a: Komala\n|\n|upkeep\n|inactive|Time left: 300 sec this turn | 300 sec total | 5 sec grace\n|\n|t:|1783536393\n|switch|p2a: Pachirisu|Pachirisu, L96, F|271/271\n|turn|11\n|inactive|Time left: 300 sec this turn | 300 sec total\n|\n|t:|1783536394\n|switch|p1a: Rotom|Rotom, L88|100/100\n|move|p2a: Pachirisu|U-turn|p1a: Rotom\n|-resisted|p1a: Rotom\n|-damage|p1a: Rotom|93/100\n|inactive|Time left: 300 sec this turn | 300 sec total | 5 sec grace\n|\n|t:|1783536395\n|switch|p2a: Florges|Florges-Yellow, L85, F|112/271|[from] U-turn\n|\n|-heal|p2a: Florges|128/271|[from] item: Leftovers\n|upkeep\n|turn|12\n|inactive|Time left: 300 sec this turn | 300 sec total\n|\n|t:|1783536396\n|move|p1a: Rotom|Thunderbolt|p2a: Florges\n|-damage|p2a: Florges|45/271\n|-damage|p1a: Rotom|83/100|[from] item: Life Orb\n|move|p2a: Florges|Moonblast|p1a: Rotom\n|-damage|p1a: Rotom|34/100\n|-unboost|p1a: Rotom|spa|1\n|\n|-heal|p2a: Florges|61/271|[from] item: Leftovers\n|upkeep\n|turn|13\n|inactive|Time left: 300 sec this turn | 300 sec total\n|\n|t:|1783536397\n|switch|p1a: Sawsbuck|Sawsbuck-Summer, L88, M|21/100\n|move|p2a: Florges|Moonblast|p1a: Sawsbuck\n|-damage|p1a: Sawsbuck|0 fnt\n|faint|p1a: Sawsbuck\n|\n|-heal|p2a: Florges|77/271|[from] item: Leftovers\n|upkeep\n|\n|t:|1783536398\n|switch|p1a: Garchomp|Garchomp, L74, F|12/100\n|turn|14\n|inactive|Time left: 300 sec this turn | 300 sec total\n|\n|t:|1783536399\n|move|p2a: Florges|Protect|p2a: Florges\n|-singleturn|p2a: Florges|Protect\n|move|p1a: Garchomp|Earthquake|p2a: Florges\n|-activate|p2a: Florges|move: Protect\n|\n|-heal|p2a: Florges|93/271|[from] item: Leftovers\n|upkeep\n|turn|15\n|inactive|Time left: 300 sec this turn | 300 sec total\n|\n|t:|1783536400\n|move|p2a: Florges|Protect|p2a: Florges\n|-singleturn|p2a: Florges|Protect\n|move|p1a: Garchomp|Earthquake|p2a: Florges\n|-activate|p2a: Florges|move: Protect\n|\n|-heal|p2a: Florges|109/271|[from] item: Leftovers\n|upkeep\n|turn|16\n|inactive|Time left: 300 sec this turn | 300 sec total\n|\n|t:|1783536400\n|move|p1a: Garchomp|Earthquake|p2a: Florges\n|-damage|p2a: Florges|0 fnt\n|faint|p2a: Florges\n|\n|upkeep\n|inactive|Time left: 300 sec this turn | 300 sec total | 5 sec grace\n|\n|t:|1783536401\n|switch|p2a: Pachirisu|Pachirisu, L96, F|271/271\n|turn|17\n|inactive|Time left: 300 sec this turn | 300 sec total\n|\n|t:|1783536402\n|move|p2a: Pachirisu|U-turn|p1a: Garchomp\n|-damage|p1a: Garchomp|0 fnt\n|-damage|p2a: Pachirisu|238/271|[from] ability: Rough Skin|[of] p1a: Garchomp\n|faint|p1a: Garchomp\n|inactive|Time left: 300 sec this turn | 300 sec total | 5 sec grace\n|\n|t:|1783536403\n|switch|p2a: Gallade|Gallade, L80, M|240/240|[from] U-turn\n|\n|upkeep\n|\n|t:|1783536404\n|switch|p1a: Furret|Furret, L94, F|100/100\n|-item|p2a: Gallade|Life Orb|[from] ability: Frisk|[of] p1a: Furret\n|turn|18\n|inactive|Time left: 300 sec this turn | 300 sec total\n|\n|t:|1783536405\n|-terastallize|p1a: Furret|Normal\n|move|p1a: Furret|Double-Edge|p2a: Gallade\n|-damage|p2a: Gallade|0 fnt\n|faint|p2a: Gallade\n|-damage|p1a: Furret|75/100|[from] Recoil\n|-damage|p1a: Furret|65/100|[from] item: Life Orb\n|\n|upkeep\n|inactive|Time left: 300 sec this turn | 300 sec total | 5 sec grace\n|\n|t:|1783536406\n|switch|p2a: Pachirisu|Pachirisu, L96, F|238/271\n|turn|19\n|inactive|Time left: 300 sec this turn | 300 sec total\n|\n|t:|1783536407\n|move|p2a: Pachirisu|Super Fang|p1a: Furret\n|-damage|p1a: Furret|33/100\n|move|p1a: Furret|Tidy Up|p1a: Furret\n|-boost|p1a: Furret|atk|1\n|-boost|p1a: Furret|spe|1\n|\n|upkeep\n|turn|20\n|inactive|Time left: 300 sec this turn | 300 sec total\n|\n|t:|1783536408\n|move|p1a: Furret|Double-Edge|p2a: Pachirisu\n|-damage|p2a: Pachirisu|0 fnt\n|faint|p2a: Pachirisu\n|-damage|p1a: Furret|8/100|[from] Recoil\n|-damage|p1a: Furret|0 fnt|[from] item: Life Orb\n|faint|p1a: Furret\n|\n|upkeep\n|inactive|Time left: 300 sec this turn | 300 sec total | 5 sec grace\n|\n|t:|1783536409\n|switch|p2a: Blissey|Blissey, L85, F|572/572\n|switch|p1a: Sunflora|Sunflora, F|100/100\n|turn|21\n|inactive|Time left: 300 sec this turn | 300 sec total\n|\n|t:|1783536410\n|switch|p1a: Rotom|Rotom, L88|34/100\n|move|p2a: Blissey|Seismic Toss|p1a: Rotom\n|-immune|p1a: Rotom\n|\n|upkeep\n|turn|22\n|inactive|Time left: 300 sec this turn | 300 sec total\n|\n|t:|1783536411\n|move|p1a: Rotom|Will-O-Wisp|p2a: Blissey\n|-status|p2a: Blissey|brn\n|move|p2a: Blissey|Stealth Rock|p1a: Rotom\n|-sidestart|p1: p0x223f71c|move: Stealth Rock\n|\n|-damage|p2a: Blissey|537/572 brn|[from] brn\n|upkeep\n|turn|23\n|inactive|Time left: 300 sec this turn | 300 sec total\n|\n|t:|1783536412\n|move|p1a: Rotom|Shadow Ball|p2a: Blissey\n|-immune|p2a: Blissey\n|move|p2a: Blissey|Soft-Boiled|p2a: Blissey\n|-heal|p2a: Blissey|572/572 brn\n|\n|-damage|p2a: Blissey|537/572 brn|[from] brn\n|upkeep\n|turn|24\n|inactive|Time left: 300 sec this turn | 300 sec total\n|\n|t:|1783536413\n|move|p1a: Rotom|Will-O-Wisp|p2a: Blissey\n|-fail|p2a: Blissey|brn\n|move|p2a: Blissey|Seismic Toss|p1a: Rotom\n|-immune|p1a: Rotom\n|\n|-heal|p2a: Blissey|572/572 brn|[from] item: Leftovers\n|-damage|p2a: Blissey|537/572 brn|[from] brn\n|upkeep\n|turn|25\n|inactive|Time left: 300 sec this turn | 300 sec total\n|\n|t:|1783536414\n|move|p1a: Rotom|Thunderbolt|p2a: Blissey\n|-damage|p2a: Blissey|442/572 brn\n|-damage|p1a: Rotom|24/100|[from] item: Life Orb\n|move|p2a: Blissey|Soft-Boiled|p2a: Blissey\n|-heal|p2a: Blissey|572/572 brn\n|\n|-damage|p2a: Blissey|537/572 brn|[from] brn\n|upkeep\n|turn|26\n|inactive|Time left: 300 sec this turn | 300 sec total\n|\n|t:|1783536415\n|move|p1a: Rotom|Will-O-Wisp|p2a: Blissey\n|-fail|p2a: Blissey|brn\n|move|p2a: Blissey|Soft-Boiled|p2a: Blissey\n|-heal|p2a: Blissey|572/572 brn\n|\n|-damage|p2a: Blissey|537/572 brn|[from] brn\n|upkeep\n|turn|27\n|inactive|Time left: 300 sec this turn | 300 sec total\n|\n|t:|1783536416\n|move|p1a: Rotom|Shadow Ball|p2a: Blissey\n|-immune|p2a: Blissey\n|move|p2a: Blissey|Soft-Boiled|p2a: Blissey\n|-heal|p2a: Blissey|572/572 brn\n|\n|-damage|p2a: Blissey|537/572 brn|[from] brn\n|upkeep\n|turn|28\n|inactive|Time left: 300 sec this turn | 300 sec total\n|\n|t:|1783536417\n|move|p1a: Rotom|Will-O-Wisp|p2a: Blissey|[miss]\n|-miss|p1a: Rotom|p2a: Blissey\n|move|p2a: Blissey|Stealth Rock||[still]\n|-fail|p2a: Blissey\n|\n|-heal|p2a: Blissey|572/572 brn|[from] item: Leftovers\n|-damage|p2a: Blissey|537/572 brn|[from] brn\n|upkeep\n|turn|29\n|inactive|Time left: 300 sec this turn | 300 sec total\n|\n|t:|1783536418\n|move|p1a: Rotom|Shadow Ball|p2a: Blissey\n|-immune|p2a: Blissey\n|move|p2a: Blissey|Soft-Boiled|p2a: Blissey\n|-heal|p2a: Blissey|572/572 brn\n|\n|-damage|p2a: Blissey|537/572 brn|[from] brn\n|upkeep\n|turn|30\n|inactive|Time left: 300 sec this turn | 300 sec total\n|\n|t:|1783536419\n|move|p1a: Rotom|Shadow Ball|p2a: Blissey\n|-immune|p2a: Blissey\n|move|p2a: Blissey|Thunder Wave|p1a: Rotom\n|-immune|p1a: Rotom\n|\n|-heal|p2a: Blissey|572/572 brn|[from] item: Leftovers\n|-damage|p2a: Blissey|537/572 brn|[from] brn\n|upkeep\n|turn|31\n|inactive|Time left: 300 sec this turn | 300 sec total\n|\n|t:|1783536420\n|move|p1a: Rotom|Shadow Ball|p2a: Blissey\n|-immune|p2a: Blissey\n|move|p2a: Blissey|Soft-Boiled|p2a: Blissey\n|-heal|p2a: Blissey|572/572 brn\n|\n|-damage|p2a: Blissey|537/572 brn|[from] brn\n|upkeep\n|turn|32\n|inactive|Time left: 300 sec this turn | 300 sec total\n|\n|t:|1783536420\n|move|p1a: Rotom|Shadow Ball|p2a: Blissey\n|-immune|p2a: Blissey\n|move|p2a: Blissey|Stealth Rock||[still]\n|-fail|p2a: Blissey\n|\n|-heal|p2a: Blissey|572/572 brn|[from] item: Leftovers\n|-damage|p2a: Blissey|537/572 brn|[from] brn\n|upkeep\n|turn|33\n|inactive|Time left: 300 sec this turn | 300 sec total\n|\n|t:|1783536421\n|move|p1a: Rotom|Shadow Ball|p2a: Blissey\n|-immune|p2a: Blissey\n|move|p2a: Blissey|Soft-Boiled|p2a: Blissey\n|-heal|p2a: Blissey|572/572 brn\n|\n|-damage|p2a: Blissey|537/572 brn|[from] brn\n|upkeep\n|turn|34\n|inactive|Time left: 300 sec this turn | 300 sec total\n|\n|t:|1783536422\n|move|p1a: Rotom|Shadow Ball|p2a: Blissey\n|-immune|p2a: Blissey\n|move|p2a: Blissey|Stealth Rock||[still]\n|-fail|p2a: Blissey\n|\n|-heal|p2a: Blissey|572/572 brn|[from] item: Leftovers\n|-damage|p2a: Blissey|537/572 brn|[from] brn\n|upkeep\n|turn|35\n|inactive|Time left: 300 sec this turn | 300 sec total\n|\n|t:|1783536423\n|move|p1a: Rotom|Shadow Ball|p2a: Blissey\n|-immune|p2a: Blissey\n|move|p2a: Blissey|Stealth Rock||[still]\n|-fail|p2a: Blissey\n|\n|-heal|p2a: Blissey|572/572 brn|[from] item: Leftovers\n|-damage|p2a: Blissey|537/572 brn|[from] brn\n|upkeep\n|turn|36\n|inactive|Time left: 300 sec this turn | 300 sec total\n|\n|t:|1783536424\n|move|p1a: Rotom|Will-O-Wisp|p2a: Blissey\n|-fail|p2a: Blissey|brn\n|move|p2a: Blissey|Stealth Rock||[still]\n|-fail|p2a: Blissey\n|\n|-heal|p2a: Blissey|572/572 brn|[from] item: Leftovers\n|-damage|p2a: Blissey|537/572 brn|[from] brn\n|upkeep\n|turn|37\n|inactive|Time left: 300 sec this turn | 300 sec total\n|\n|t:|1783536425\n|move|p1a: Rotom|Will-O-Wisp|p2a: Blissey\n|-fail|p2a: Blissey|brn\n|move|p2a: Blissey|Stealth Rock||[still]\n|-fail|p2a: Blissey\n|\n|-heal|p2a: Blissey|572/572 brn|[from] item: Leftovers\n|-damage|p2a: Blissey|537/572 brn|[from] brn\n|upkeep\n|turn|38\n|inactive|Time left: 300 sec this turn | 300 sec total\n|\n|t:|1783536426\n|move|p1a: Rotom|Will-O-Wisp|p2a: Blissey\n|-fail|p2a: Blissey|brn\n|move|p2a: Blissey|Thunder Wave|p1a: Rotom\n|-immune|p1a: Rotom\n|\n|-heal|p2a: Blissey|572/572 brn|[from] item: Leftovers\n|-damage|p2a: Blissey|537/572 brn|[from] brn\n|upkeep\n|turn|39\n|inactive|Time left: 300 sec this turn | 300 sec total\n|\n|t:|1783536427\n|move|p1a: Rotom|Will-O-Wisp|p2a: Blissey\n|-fail|p2a: Blissey|brn\n|move|p2a: Blissey|Thunder Wave|p1a: Rotom\n|-immune|p1a: Rotom\n|\n|-heal|p2a: Blissey|572/572 brn|[from] item: Leftovers\n|-damage|p2a: Blissey|537/572 brn|[from] brn\n|upkeep\n|turn|40\n|inactive|Time left: 300 sec this turn | 300 sec total\n|\n|t:|1783536428\n|move|p1a: Rotom|Will-O-Wisp|p2a: Blissey\n|-fail|p2a: Blissey|brn\n|move|p2a: Blissey|Soft-Boiled|p2a: Blissey\n|-heal|p2a: Blissey|572/572 brn\n|\n|-damage|p2a: Blissey|537/572 brn|[from] brn\n|upkeep\n|turn|41\n|inactive|Time left: 300 sec this turn | 300 sec total\n|\n|t:|1783536429\n|move|p1a: Rotom|Thunderbolt|p2a: Blissey\n|-damage|p2a: Blissey|443/572 brn\n|-damage|p1a: Rotom|14/100|[from] item: Life Orb\n|move|p2a: Blissey|Stealth Rock||[still]\n|-fail|p2a: Blissey\n|\n|-heal|p2a: Blissey|478/572 brn|[from] item: Leftovers\n|-damage|p2a: Blissey|443/572 brn|[from] brn\n|upkeep\n|turn|42\n|inactive|Time left: 300 sec this turn | 300 sec total\n|\n|t:|1783536430\n|move|p1a: Rotom|Thunderbolt|p2a: Blissey\n|-damage|p2a: Blissey|349/572 brn\n|-damage|p1a: Rotom|4/100|[from] item: Life Orb\n|move|p2a: Blissey|Thunder Wave|p1a: Rotom\n|-immune|p1a: Rotom\n|\n|-heal|p2a: Blissey|384/572 brn|[from] item: Leftovers\n|-damage|p2a: Blissey|349/572 brn|[from] brn\n|upkeep\n|turn|43\n|inactive|Time left: 300 sec this turn | 300 sec total\n|\n|t:|1783536431\n|move|p1a: Rotom|Thunderbolt|p2a: Blissey\n|-crit|p2a: Blissey\n|-damage|p2a: Blissey|205/572 brn\n|-damage|p1a: Rotom|0 fnt|[from] item: Life Orb\n|faint|p1a: Rotom\n|move|p2a: Blissey|Stealth Rock||[still]\n|-fail|p2a: Blissey\n|\n|-heal|p2a: Blissey|240/572 brn|[from] item: Leftovers\n|-damage|p2a: Blissey|205/572 brn|[from] brn\n|upkeep\n|\n|t:|1783536432\n|switch|p1a: Clawitzer|Clawitzer, L87, F|16/100\n|-damage|p1a: Clawitzer|4/100|[from] Stealth Rock\n|turn|44\n|inactive|Time left: 300 sec this turn | 300 sec total\n|\n|t:|1783536433\n|move|p1a: Clawitzer|Water Pulse|p2a: Blissey\n|-damage|p2a: Blissey|69/572 brn\n|-start|p2a: Blissey|confusion\n|-activate|p2a: Blissey|confusion\n|move|p2a: Blissey|Thunder Wave|p1a: Clawitzer\n|-status|p1a: Clawitzer|par\n|\n|-heal|p2a: Blissey|104/572 brn|[from] item: Leftovers\n|-damage|p2a: Blissey|69/572 brn|[from] brn\n|upkeep\n|turn|45\n|inactive|Time left: 300 sec this turn | 300 sec total\n|\n|t:|1783536433\n|-terastallize|p2a: Blissey|Ghost\n|-activate|p2a: Blissey|confusion\n|move|p2a: Blissey|Seismic Toss|p1a: Clawitzer\n|-damage|p1a: Clawitzer|0 fnt\n|faint|p1a: Clawitzer\n|\n|-heal|p2a: Blissey|104/572 brn|[from] item: Leftovers\n|-damage|p2a: Blissey|69/572 brn|[from] brn\n|upkeep\n|\n|t:|1783536434\n|switch|p1a: Sunflora|Sunflora, F|100/100\n|-damage|p1a: Sunflora|88/100|[from] Stealth Rock\n|turn|46\n|inactive|Time left: 300 sec this turn | 300 sec total\n|\n|t:|1783536435\n|-activate|p2a: Blissey|confusion\n|move|p2a: Blissey|Thunder Wave|p1a: Sunflora\n|-status|p1a: Sunflora|par\n|move|p1a: Sunflora|Earth Power|p2a: Blissey\n|-damage|p2a: Blissey|0 fnt\n|faint|p2a: Blissey\n|-damage|p1a: Sunflora|78/100 par|[from] item: Life Orb\n|\n|win|p0x223f71c", "uploadtime": 1783536435, "views": 0, "rating": 0, "private": 0, "password": null, "_winner": "p0x223f71c", "_our_name": "p0y223b434"}