{"id": "battle-gen9randombattle-1273", "formatid": "gen9randombattle", "format": "[Gen 9] Random Battle", "players": ["p0x1273db2a", "p0y127379c3"], "log": "|init|battle\n|title|p0x1273db2a vs. p0y127379c3\n|j|\u2606p0x1273db2a\n|j|\u2606p0y127379c3\n|t:|1783553887\n|gametype|singles\n|player|p1|p0x1273db2a|101|\n|player|p2|p0y127379c3|2|\n|gen|9\n|tier|[Gen 9] Random Battle\n|rule|Species Clause: Limit one of each Pok\u00e9mon\n|rule|HP Percentage Mod: HP is shown in percentages\n|rule|Sleep Clause Mod: Limit one foe put to sleep\n|rule|Illusion Level Mod: Illusion disguises the Pok\u00e9mon's true level\n|\n|t:|1783553887\n|teamsize|p1|6\n|teamsize|p2|6\n|start\n|switch|p1a: Armarouge|Armarouge, L80, F|267/267\n|switch|p2a: Froslass|Froslass, L87, F|100/100\n|turn|1\n|inactive|Battle timer is ON: inactive players will automatically lose when time's up. (requested by p0x1273db2a)\n|inactive|p0y127379c3 also wants the timer to be on.\n|\n|t:|1783553889\n|switch|p2a: Eelektross|Eelektross, L87, M|100/100\n|move|p1a: Armarouge|Meteor Beam||[still]\n|-prepare|p1a: Armarouge|Meteor Beam\n|-boost|p1a: Armarouge|spa|1\n|-enditem|p1a: Armarouge|Power Herb\n|-anim|p1a: Armarouge|Meteor Beam|p2a: Eelektross\n|-damage|p2a: Eelektross|48/100\n|\n|-heal|p2a: Eelektross|55/100|[from] item: Leftovers\n|upkeep\n|turn|2\n|inactive|Time left: 300 sec this turn | 300 sec total\n|\n|t:|1783553890\n|switch|p2a: Bombirdier|Bombirdier, L85, M|100/100\n|move|p1a: Armarouge|Armor Cannon|p2a: Bombirdier\n|-damage|p2a: Bombirdier|20/100\n|-unboost|p1a: Armarouge|def|1\n|-unboost|p1a: Armarouge|spd|1\n|\n|upkeep\n|turn|3\n|inactive|Time left: 300 sec this turn | 300 sec total\n|\n|t:|1783553891\n|move|p2a: Bombirdier|Stone Edge|p1a: Armarouge\n|-supereffective|p1a: Armarouge\n|-damage|p1a: Armarouge|0 fnt\n|faint|p1a: Armarouge\n|\n|upkeep\n|inactive|Time left: 300 sec this turn | 300 sec total | 5 sec grace\n|\n|t:|1783553892\n|switch|p1a: Houndstone|Houndstone, L86, F|264/264\n|turn|4\n|inactive|Time left: 300 sec this turn | 300 sec total\n|\n|t:|1783553893\n|move|p2a: Bombirdier|Roost|p2a: Bombirdier\n|-heal|p2a: Bombirdier|70/100\n|-singleturn|p2a: Bombirdier|move: Roost\n|move|p1a: Houndstone|Poltergeist|p2a: Bombirdier|[miss]\n|-miss|p1a: Houndstone|p2a: Bombirdier\n|\n|upkeep\n|turn|5\n|inactive|Time left: 300 sec this turn | 300 sec total\n|\n|t:|1783553894\n|move|p2a: Bombirdier|Knock Off|p1a: Houndstone\n|-supereffective|p1a: Houndstone\n|-damage|p1a: Houndstone|167/264\n|-enditem|p1a: Houndstone|Choice Band|[from] move: Knock Off|[of] p2a: Bombirdier\n|move|p1a: Houndstone|Poltergeist|p2a: Bombirdier\n|-activate|p2a: Bombirdier|move: Poltergeist|Heavy-Duty Boots\n|-resisted|p2a: Bombirdier\n|-damage|p2a: Bombirdier|47/100\n|\n|upkeep\n|turn|6\n|inactive|Time left: 300 sec this turn | 300 sec total\n|\n|t:|1783553895\n|move|p2a: Bombirdier|Roost|p2a: Bombirdier\n|-heal|p2a: Bombirdier|97/100\n|-singleturn|p2a: Bombirdier|move: Roost\n|move|p1a: Houndstone|Play Rough|p2a: Bombirdier\n|-supereffective|p2a: Bombirdier\n|-damage|p2a: Bombirdier|46/100\n|\n|upkeep\n|turn|7\n|inactive|Time left: 300 sec this turn | 300 sec total\n|\n|t:|1783553896\n|move|p2a: Bombirdier|Roost|p2a: Bombirdier\n|-heal|p2a: Bombirdier|96/100\n|-singleturn|p2a: Bombirdier|move: Roost\n|move|p1a: Houndstone|Play Rough|p2a: Bombirdier\n|-supereffective|p2a: Bombirdier\n|-damage|p2a: Bombirdier|45/100\n|\n|upkeep\n|turn|8\n|inactive|Time left: 300 sec this turn | 300 sec total\n|\n|t:|1783553897\n|move|p2a: Bombirdier|Roost|p2a: Bombirdier\n|-heal|p2a: Bombirdier|95/100\n|-singleturn|p2a: Bombirdier|move: Roost\n|move|p1a: Houndstone|Play Rough|p2a: Bombirdier\n|-supereffective|p2a: Bombirdier\n|-damage|p2a: Bombirdier|42/100\n|\n|upkeep\n|turn|9\n|inactive|Time left: 300 sec this turn | 300 sec total\n|\n|t:|1783553898\n|move|p2a: Bombirdier|Roost|p2a: Bombirdier\n|-heal|p2a: Bombirdier|92/100\n|-singleturn|p2a: Bombirdier|move: Roost\n|move|p1a: Houndstone|Play Rough|p2a: Bombirdier\n|-supereffective|p2a: Bombirdier\n|-damage|p2a: Bombirdier|36/100\n|\n|upkeep\n|turn|10\n|inactive|Time left: 300 sec this turn | 300 sec total\n|\n|t:|1783553900\n|move|p2a: Bombirdier|Roost|p2a: Bombirdier\n|-heal|p2a: Bombirdier|86/100\n|-singleturn|p2a: Bombirdier|move: Roost\n|move|p1a: Houndstone|Play Rough|p2a: Bombirdier\n|-supereffective|p2a: Bombirdier\n|-damage|p2a: Bombirdier|27/100\n|\n|upkeep\n|turn|11\n|inactive|Time left: 300 sec this turn | 300 sec total\n|\n|t:|1783553901\n|move|p2a: Bombirdier|Roost|p2a: Bombirdier\n|-heal|p2a: Bombirdier|77/100\n|-singleturn|p2a: Bombirdier|move: Roost\n|move|p1a: Houndstone|Poltergeist|p2a: Bombirdier\n|-activate|p2a: Bombirdier|move: Poltergeist|Heavy-Duty Boots\n|-resisted|p2a: Bombirdier\n|-damage|p2a: Bombirdier|52/100\n|\n|upkeep\n|turn|12\n|inactive|Time left: 300 sec this turn | 300 sec total\n|\n|t:|1783553902\n|move|p2a: Bombirdier|Roost|p2a: Bombirdier\n|-heal|p2a: Bombirdier|100/100\n|-singleturn|p2a: Bombirdier|move: Roost\n|move|p1a: Houndstone|Play Rough|p2a: Bombirdier\n|-supereffective|p2a: Bombirdier\n|-damage|p2a: Bombirdier|47/100\n|\n|upkeep\n|turn|13\n|inactive|Time left: 300 sec this turn | 300 sec total\n|\n|t:|1783553903\n|move|p2a: Bombirdier|Stone Edge|p1a: Houndstone\n|-damage|p1a: Houndstone|58/264\n|move|p1a: Houndstone|Play Rough|p2a: Bombirdier\n|-supereffective|p2a: Bombirdier\n|-damage|p2a: Bombirdier|0 fnt\n|faint|p2a: Bombirdier\n|\n|upkeep\n|\n|t:|1783553904\n|switch|p2a: Eelektross|Eelektross, L87, M|55/100\n|turn|14\n|inactive|Time left: 300 sec this turn | 300 sec total\n|\n|t:|1783553905\n|move|p1a: Houndstone|Poltergeist|p2a: Eelektross|[miss]\n|-miss|p1a: Houndstone|p2a: Eelektross\n|move|p2a: Eelektross|Coil|p2a: Eelektross\n|-boost|p2a: Eelektross|atk|1\n|-boost|p2a: Eelektross|def|1\n|-boost|p2a: Eelektross|accuracy|1\n|\n|-heal|p2a: Eelektross|61/100|[from] item: Leftovers\n|upkeep\n|turn|15\n|inactive|Time left: 300 sec this turn | 300 sec total\n|\n|t:|1783553906\n|move|p1a: Houndstone|Poltergeist|p2a: Eelektross\n|-activate|p2a: Eelektross|move: Poltergeist|Leftovers\n|-damage|p2a: Eelektross|29/100\n|move|p2a: Eelektross|Coil|p2a: Eelektross\n|-boost|p2a: Eelektross|atk|1\n|-boost|p2a: Eelektross|def|1\n|-boost|p2a: Eelektross|accuracy|1\n|\n|-heal|p2a: Eelektross|35/100|[from] item: Leftovers\n|upkeep\n|turn|16\n|inactive|Time left: 300 sec this turn | 300 sec total\n|\n|t:|1783553907\n|move|p1a: Houndstone|Poltergeist|p2a: Eelektross\n|-activate|p2a: Eelektross|move: Poltergeist|Leftovers\n|-damage|p2a: Eelektross|13/100\n|move|p2a: Eelektross|Coil|p2a: Eelektross\n|-boost|p2a: Eelektross|atk|1\n|-boost|p2a: Eelektross|def|1\n|-boost|p2a: Eelektross|accuracy|1\n|\n|-heal|p2a: Eelektross|19/100|[from] item: Leftovers\n|upkeep\n|turn|17\n|inactive|Time left: 300 sec this turn | 300 sec total\n|\n|t:|1783553908\n|move|p1a: Houndstone|Poltergeist|p2a: Eelektross\n|-activate|p2a: Eelektross|move: Poltergeist|Leftovers\n|-damage|p2a: Eelektross|2/100\n|move|p2a: Eelektross|Supercell Slam|p1a: Houndstone\n|-damage|p1a: Houndstone|0 fnt\n|faint|p1a: Houndstone\n|\n|-heal|p2a: Eelektross|8/100|[from] item: Leftovers\n|upkeep\n|inactive|Time left: 300 sec this turn | 300 sec total | 5 sec grace\n|\n|t:|1783553909\n|switch|p1a: Lumineon|Lumineon, L93, M|279/279\n|turn|18\n|inactive|Time left: 300 sec this turn | 300 sec total\n|\n|t:|1783553910\n|move|p1a: Lumineon|Ice Beam|p2a: Eelektross\n|-damage|p2a: Eelektross|0 fnt\n|faint|p2a: Eelektross\n|\n|upkeep\n|\n|t:|1783553911\n|switch|p2a: Annihilape|Annihilape, L76, M|100/100\n|turn|19\n|inactive|Time left: 300 sec this turn | 300 sec total\n|\n|t:|1783553912\n|switch|p1a: Rhyperior|Rhyperior, L82, F|323/323\n|move|p2a: Annihilape|Bulk Up|p2a: Annihilape\n|-boost|p2a: Annihilape|atk|1\n|-boost|p2a: Annihilape|def|1\n|\n|upkeep\n|turn|20\n|inactive|Time left: 300 sec this turn | 300 sec total\n|\n|t:|1783553914\n|move|p2a: Annihilape|Bulk Up|p2a: Annihilape\n|-boost|p2a: Annihilape|atk|1\n|-boost|p2a: Annihilape|def|1\n|move|p1a: Rhyperior|Dragon Tail|p2a: Annihilape|[miss]\n|-miss|p1a: Rhyperior|p2a: Annihilape\n|\n|upkeep\n|turn|21\n|inactive|Time left: 300 sec this turn | 300 sec total\n|\n|t:|1783553915\n|move|p2a: Annihilape|Drain Punch|p1a: Rhyperior\n|-supereffective|p1a: Rhyperior\n|-damage|p1a: Rhyperior|143/323\n|move|p1a: Rhyperior|Dragon Tail|p2a: Annihilape\n|-damage|p2a: Annihilape|89/100\n|drag|p2a: Deoxys|Deoxys-Speed, L82|100/100\n|-ability|p2a: Deoxys|Pressure\n|\n|upkeep\n|turn|22\n|inactive|Time left: 300 sec this turn | 300 sec total\n|\n|t:|1783553916\n|move|p2a: Deoxys|Psycho Boost|p1a: Rhyperior\n|-damage|p1a: Rhyperior|0 fnt\n|-unboost|p2a: Deoxys|spa|2\n|faint|p1a: Rhyperior\n|-damage|p2a: Deoxys|91/100|[from] item: Life Orb\n|\n|upkeep\n|inactive|Time left: 300 sec this turn | 300 sec total | 5 sec grace\n|\n|t:|1783553917\n|switch|p1a: Tropius|Tropius, L91, F|328/328\n|turn|23\n|inactive|Time left: 300 sec this turn | 300 sec total\n|\n|t:|1783553918\n|switch|p2a: Froslass|Froslass, L87, F|100/100\n|move|p1a: Tropius|Dragon Dance|p1a: Tropius\n|-boost|p1a: Tropius|atk|1\n|-boost|p1a: Tropius|spe|1\n|\n|upkeep\n|turn|24\n|inactive|Time left: 300 sec this turn | 300 sec total\n|\n|t:|1783553919\n|-terastallize|p1a: Tropius|Ground\n|move|p2a: Froslass|Triple Axel|p1a: Tropius\n|-supereffective|p1a: Tropius\n|-damage|p1a: Tropius|290/328\n|-supereffective|p1a: Tropius\n|-damage|p1a: Tropius|218/328\n|-supereffective|p1a: Tropius\n|-damage|p1a: Tropius|98/328\n|-enditem|p1a: Tropius|Sitrus Berry|[eat]\n|-heal|p1a: Tropius|180/328|[from] item: Sitrus Berry\n|-hitcount|p1a: Tropius|3\n|move|p1a: Tropius|Dragon Dance|p1a: Tropius\n|-boost|p1a: Tropius|atk|1\n|-boost|p1a: Tropius|spe|1\n|\n|-item|p1a: Tropius|Sitrus Berry|[from] ability: Harvest\n|upkeep\n|turn|25\n|inactive|Time left: 300 sec this turn | 300 sec total\n|\n|t:|1783553920\n|move|p1a: Tropius|Synthesis|p1a: Tropius\n|-heal|p1a: Tropius|328/328\n|move|p2a: Froslass|Triple Axel|p1a: Tropius\n|-supereffective|p1a: Tropius\n|-damage|p1a: Tropius|286/328\n|-supereffective|p1a: Tropius\n|-damage|p1a: Tropius|212/328\n|-supereffective|p1a: Tropius\n|-damage|p1a: Tropius|104/328\n|-enditem|p1a: Tropius|Sitrus Berry|[eat]\n|-heal|p1a: Tropius|186/328|[from] item: Sitrus Berry\n|-hitcount|p1a: Tropius|3\n|\n|-item|p1a: Tropius|Sitrus Berry|[from] ability: Harvest\n|upkeep\n|turn|26\n|inactive|Time left: 300 sec this turn | 300 sec total\n|\n|t:|1783553921\n|move|p1a: Tropius|Synthesis|p1a: Tropius\n|-heal|p1a: Tropius|328/328\n|move|p2a: Froslass|Triple Axel|p1a: Tropius\n|-supereffective|p1a: Tropius\n|-damage|p1a: Tropius|290/328\n|-supereffective|p1a: Tropius\n|-damage|p1a: Tropius|218/328\n|-supereffective|p1a: Tropius\n|-damage|p1a: Tropius|102/328\n|-enditem|p1a: Tropius|Sitrus Berry|[eat]\n|-heal|p1a: Tropius|184/328|[from] item: Sitrus Berry\n|-hitcount|p1a: Tropius|3\n|\n|upkeep\n|turn|27\n|inactive|Time left: 300 sec this turn | 300 sec total\n|\n|t:|1783553922\n|move|p1a: Tropius|Synthesis|p1a: Tropius\n|-heal|p1a: Tropius|328/328\n|move|p2a: Froslass|Triple Axel|p1a: Tropius\n|-supereffective|p1a: Tropius\n|-damage|p1a: Tropius|290/328\n|-supereffective|p1a: Tropius\n|-damage|p1a: Tropius|222/328\n|-supereffective|p1a: Tropius\n|-damage|p1a: Tropius|100/328\n|-hitcount|p1a: Tropius|3\n|\n|upkeep\n|turn|28\n|inactive|Time left: 300 sec this turn | 300 sec total\n|\n|t:|1783553923\n|move|p1a: Tropius|Earthquake|p2a: Froslass\n|-damage|p2a: Froslass|16/100\n|move|p2a: Froslass|Triple Axel|p1a: Tropius\n|-supereffective|p1a: Tropius\n|-damage|p1a: Tropius|62/328\n|-supereffective|p1a: Tropius\n|-damage|p1a: Tropius|0 fnt\n|faint|p1a: Tropius\n|-hitcount|p1: Tropius|2\n|\n|upkeep\n|inactive|Time left: 300 sec this turn | 300 sec total | 5 sec grace\n|\n|t:|1783553925\n|switch|p1a: Talonflame|Talonflame, L83, F|265/265\n|turn|29\n|inactive|Time left: 300 sec this turn | 300 sec total\n|\n|t:|1783553925\n|move|p1a: Talonflame|Brave Bird|p2a: Froslass\n|-damage|p2a: Froslass|0 fnt\n|faint|p2a: Froslass\n|-damage|p1a: Talonflame|252/265|[from] Recoil\n|\n|upkeep\n|\n|t:|1783553926\n|switch|p2a: Deoxys|Deoxys-Speed, L82|91/100\n|-ability|p2a: Deoxys|Pressure\n|turn|30\n|inactive|Time left: 300 sec this turn | 300 sec total\n|\n|t:|1783553927\n|move|p2a: Deoxys|Nasty Plot|p2a: Deoxys\n|-boost|p2a: Deoxys|spa|2\n|move|p1a: Talonflame|Brave Bird|p2a: Deoxys\n|-damage|p2a: Deoxys|38/100\n|-damage|p1a: Talonflame|214/265|[from] Recoil\n|\n|upkeep\n|turn|31\n|inactive|Time left: 300 sec this turn | 300 sec total\n|\n|t:|1783553929\n|move|p2a: Deoxys|Psycho Boost|p1a: Talonflame\n|-damage|p1a: Talonflame|0 fnt\n|-unboost|p2a: Deoxys|spa|2\n|faint|p1a: Talonflame\n|-damage|p2a: Deoxys|28/100|[from] item: Life Orb\n|\n|upkeep\n|inactive|Time left: 300 sec this turn | 300 sec total | 5 sec grace\n|\n|t:|1783553930\n|switch|p1a: Lumineon|Lumineon, L93, M|279/279\n|turn|32\n|inactive|Time left: 300 sec this turn | 300 sec total\n|\n|t:|1783553931\n|-terastallize|p2a: Deoxys|Psychic\n|move|p2a: Deoxys|Psycho Boost|p1a: Lumineon\n|-damage|p1a: Lumineon|68/279\n|-unboost|p2a: Deoxys|spa|2\n|-damage|p2a: Deoxys|19/100|[from] item: Life Orb\n|move|p1a: Lumineon|Ice Beam|p2a: Deoxys\n|-crit|p2a: Deoxys\n|-damage|p2a: Deoxys|0 fnt\n|faint|p2a: Deoxys\n|\n|upkeep\n|\n|t:|1783553931\n|switch|p2a: Corviknight|Corviknight, L80, M|100/100\n|-ability|p2a: Corviknight|Pressure\n|turn|33\n|inactive|Time left: 300 sec this turn | 300 sec total\n|\n|t:|1783553932\n|move|p1a: Lumineon|Ice Beam|p2a: Corviknight\n|-damage|p2a: Corviknight|79/100\n|move|p2a: Corviknight|Brave Bird|p1a: Lumineon\n|-damage|p1a: Lumineon|0 fnt\n|faint|p1a: Lumineon\n|-damage|p2a: Corviknight|72/100|[from] Recoil\n|\n|win|p0y127379c3", "uploadtime": 1783553932, "views": 0, "rating": 0, "private": 0, "password": null, "_winner": "p0y127379c3", "_our_name": "p0x1273db2a"}