{"id": "battle-gen9randombattle-2606", "formatid": "gen9randombattle", "format": "[Gen 9] Random Battle", "players": ["p0x2606fd01", "p0y26067a56"], "log": "|init|battle\n|title|p0x2606fd01 vs. p0y26067a56\n|j|\u2606p0x2606fd01\n|j|\u2606p0y26067a56\n|t:|1783570106\n|gametype|singles\n|player|p1|p0x2606fd01|1|\n|player|p2|p0y26067a56|1|\n|gen|9\n|tier|[Gen 9] Random Battle\n|rule|Species Clause: Limit one of each Pok\u00e9mon\n|rule|HP Percentage Mod: HP is shown in percentages\n|rule|Sleep Clause Mod: Limit one foe put to sleep\n|rule|Illusion Level Mod: Illusion disguises the Pok\u00e9mon's true level\n|\n|t:|1783570106\n|teamsize|p1|6\n|teamsize|p2|6\n|start\n|switch|p1a: Palafin|Palafin, L77, M|281/281\n|switch|p2a: Sinistcha|Sinistcha-Masterpiece, L83|100/100\n|turn|1\n|inactive|Battle timer is ON: inactive players will automatically lose when time's up. (requested by p0x2606fd01)\n|inactive|p0y26067a56 also wants the timer to be on.\n|\n|t:|1783570107\n|detailschange|p1a: Palafin|Palafin-Hero, L77, M\n|switch|p1a: Tentacruel|Tentacruel, L84, F|272/272\n|move|p2a: Sinistcha|Matcha Gotcha|p1a: Tentacruel\n|-damage|p1a: Tentacruel|199/272\n|-damage|p2a: Sinistcha|86/100|[from] ability: Liquid Ooze|[of] p1a: Tentacruel\n|\n|-heal|p1a: Tentacruel|216/272|[from] item: Leftovers\n|-heal|p2a: Sinistcha|92/100|[from] item: Leftovers\n|upkeep\n|turn|2\n|inactive|Time left: 300 sec this turn | 300 sec total\n|\n|t:|1783570108\n|move|p1a: Tentacruel|Toxic|p2a: Sinistcha\n|-status|p2a: Sinistcha|tox\n|move|p2a: Sinistcha|Calm Mind|p2a: Sinistcha\n|-boost|p2a: Sinistcha|spa|1\n|-boost|p2a: Sinistcha|spd|1\n|\n|-heal|p1a: Tentacruel|233/272|[from] item: Leftovers\n|-heal|p2a: Sinistcha|98/100 tox|[from] item: Leftovers\n|-damage|p2a: Sinistcha|92/100 tox|[from] psn\n|upkeep\n|turn|3\n|inactive|Time left: 300 sec this turn | 300 sec total\n|\n|t:|1783570109\n|move|p1a: Tentacruel|Sludge Bomb|p2a: Sinistcha\n|-damage|p2a: Sinistcha|69/100 tox\n|move|p2a: Sinistcha|Shadow Ball|p1a: Tentacruel\n|-damage|p1a: Tentacruel|110/272\n|\n|-heal|p1a: Tentacruel|127/272|[from] item: Leftovers\n|-heal|p2a: Sinistcha|75/100 tox|[from] item: Leftovers\n|-damage|p2a: Sinistcha|63/100 tox|[from] psn\n|upkeep\n|turn|4\n|inactive|Time left: 300 sec this turn | 300 sec total\n|\n|t:|1783570110\n|move|p1a: Tentacruel|Surf|p2a: Sinistcha\n|-resisted|p2a: Sinistcha\n|-damage|p2a: Sinistcha|53/100 tox\n|move|p2a: Sinistcha|Shadow Ball|p1a: Tentacruel\n|-damage|p1a: Tentacruel|6/272\n|\n|-heal|p1a: Tentacruel|23/272|[from] item: Leftovers\n|-heal|p2a: Sinistcha|59/100 tox|[from] item: Leftovers\n|-damage|p2a: Sinistcha|41/100 tox|[from] psn\n|upkeep\n|turn|5\n|inactive|Time left: 300 sec this turn | 300 sec total\n|\n|t:|1783570111\n|move|p1a: Tentacruel|Sludge Bomb|p2a: Sinistcha\n|-damage|p2a: Sinistcha|17/100 tox\n|move|p2a: Sinistcha|Shadow Ball|p1a: Tentacruel\n|-damage|p1a: Tentacruel|0 fnt\n|faint|p1a: Tentacruel\n|\n|-heal|p2a: Sinistcha|23/100 tox|[from] item: Leftovers\n|-damage|p2a: Sinistcha|0 fnt|[from] psn\n|faint|p2a: Sinistcha\n|upkeep\n|inactive|Time left: 300 sec this turn | 300 sec total | 5 sec grace\n|\n|t:|1783570112\n|switch|p1a: Skeledirge|Skeledirge, L79, F|294/294\n|switch|p2a: Cloyster|Cloyster, L80, M|100/100\n|turn|6\n|inactive|Time left: 300 sec this turn | 300 sec total\n|\n|t:|1783570114\n|move|p2a: Cloyster|Shell Smash|p2a: Cloyster\n|-unboost|p2a: Cloyster|def|1\n|-unboost|p2a: Cloyster|spd|1\n|-boost|p2a: Cloyster|atk|2\n|-boost|p2a: Cloyster|spa|2\n|-boost|p2a: Cloyster|spe|2\n|-enditem|p2a: Cloyster|White Herb\n|-clearnegativeboost|p2a: Cloyster|[silent]\n|move|p1a: Skeledirge|Torch Song|p2a: Cloyster\n|-damage|p2a: Cloyster|32/100\n|-boost|p1a: Skeledirge|spa|1\n|\n|upkeep\n|turn|7\n|inactive|Time left: 300 sec this turn | 300 sec total\n|\n|t:|1783570115\n|move|p2a: Cloyster|Rock Blast|p1a: Skeledirge\n|-supereffective|p1a: Skeledirge\n|-damage|p1a: Skeledirge|262/294\n|-supereffective|p1a: Skeledirge\n|-damage|p1a: Skeledirge|228/294\n|-supereffective|p1a: Skeledirge\n|-damage|p1a: Skeledirge|198/294\n|-supereffective|p1a: Skeledirge\n|-crit|p1a: Skeledirge\n|-damage|p1a: Skeledirge|150/294\n|-supereffective|p1a: Skeledirge\n|-damage|p1a: Skeledirge|116/294\n|-hitcount|p1a: Skeledirge|5\n|move|p1a: Skeledirge|Torch Song|p2a: Cloyster\n|-damage|p2a: Cloyster|0 fnt\n|-boost|p1a: Skeledirge|spa|1\n|faint|p2a: Cloyster\n|\n|upkeep\n|\n|t:|1783570116\n|switch|p2a: Electivire|Electivire, L84, F|100/100\n|turn|8\n|inactive|Time left: 300 sec this turn | 300 sec total\n|\n|t:|1783570117\n|move|p2a: Electivire|Supercell Slam|p1a: Skeledirge\n|-damage|p1a: Skeledirge|0 fnt\n|faint|p1a: Skeledirge\n|-damage|p2a: Electivire|91/100|[from] item: Life Orb\n|\n|upkeep\n|inactive|Time left: 300 sec this turn | 300 sec total | 5 sec grace\n|\n|t:|1783570118\n|switch|p1a: Breloom|Breloom, L83, M|235/235\n|turn|9\n|inactive|Time left: 300 sec this turn | 300 sec total\n|\n|t:|1783570119\n|move|p2a: Electivire|Ice Punch|p1a: Breloom\n|-supereffective|p1a: Breloom\n|-damage|p1a: Breloom|43/235\n|-damage|p2a: Electivire|81/100|[from] item: Life Orb\n|move|p1a: Breloom|Bullet Seed|p2a: Electivire\n|-damage|p2a: Electivire|49/100\n|-damage|p2a: Electivire|21/100\n|-damage|p2a: Electivire|0 fnt\n|faint|p2a: Electivire\n|-hitcount|p2: Electivire|3\n|-damage|p1a: Breloom|20/235|[from] item: Life Orb\n|\n|upkeep\n|\n|t:|1783570120\n|switch|p2a: Dunsparce|Dunsparce, L86, F|100/100\n|turn|10\n|inactive|Time left: 300 sec this turn | 300 sec total\n|\n|t:|1783570121\n|move|p1a: Breloom|Bullet Seed|p2a: Dunsparce\n|-damage|p2a: Dunsparce|85/100\n|-damage|p2a: Dunsparce|68/100\n|-damage|p2a: Dunsparce|52/100\n|-hitcount|p2a: Dunsparce|3\n|-damage|p1a: Breloom|0 fnt|[from] item: Life Orb\n|faint|p1a: Breloom\n|move|p2a: Dunsparce|Coil|p2a: Dunsparce\n|-boost|p2a: Dunsparce|atk|1\n|-boost|p2a: Dunsparce|def|1\n|-boost|p2a: Dunsparce|accuracy|1\n|\n|upkeep\n|inactive|Time left: 300 sec this turn | 300 sec total | 5 sec grace\n|\n|t:|1783570122\n|switch|p1a: Gengar|Gengar, L81, M|230/230\n|turn|11\n|inactive|Time left: 300 sec this turn | 300 sec total\n|\n|t:|1783570123\n|move|p1a: Gengar|Focus Blast|p2a: Dunsparce\n|-supereffective|p2a: Dunsparce\n|-damage|p2a: Dunsparce|0 fnt\n|faint|p2a: Dunsparce\n|-damage|p1a: Gengar|207/230|[from] item: Life Orb\n|\n|upkeep\n|\n|t:|1783570124\n|switch|p2a: Whiscash|Whiscash, L88, M|100/100\n|turn|12\n|inactive|Time left: 300 sec this turn | 300 sec total\n|\n|t:|1783570125\n|switch|p1a: Palafin|Palafin-Hero, L77, M|281/281\n|-activate|p1a: Palafin|ability: Zero to Hero\n|move|p2a: Whiscash|Dragon Dance|p2a: Whiscash\n|-boost|p2a: Whiscash|atk|1\n|-boost|p2a: Whiscash|spe|1\n|\n|upkeep\n|turn|13\n|inactive|Time left: 300 sec this turn | 300 sec total\n|\n|t:|1783570126\n|move|p2a: Whiscash|Earthquake|p1a: Palafin\n|-damage|p1a: Palafin|69/281\n|-damage|p2a: Whiscash|91/100|[from] item: Life Orb\n|move|p1a: Palafin|Ice Punch|p2a: Whiscash\n|-crit|p2a: Whiscash\n|-damage|p2a: Whiscash|60/100\n|\n|-heal|p1a: Palafin|86/281|[from] item: Leftovers\n|upkeep\n|turn|14\n|inactive|Time left: 300 sec this turn | 300 sec total\n|\n|t:|1783570127\n|move|p1a: Palafin|Jet Punch|p2a: Whiscash\n|-damage|p2a: Whiscash|34/100\n|move|p2a: Whiscash|Earthquake|p1a: Palafin\n|-damage|p1a: Palafin|0 fnt\n|faint|p1a: Palafin\n|-damage|p2a: Whiscash|24/100|[from] item: Life Orb\n|\n|upkeep\n|inactive|Time left: 300 sec this turn | 300 sec total | 5 sec grace\n|\n|t:|1783570128\n|switch|p1a: Lokix|Lokix, L82, F|251/251\n|turn|15\n|inactive|Time left: 300 sec this turn | 300 sec total\n|\n|t:|1783570129\n|move|p1a: Lokix|First Impression|p2a: Whiscash\n|-damage|p2a: Whiscash|0 fnt\n|faint|p2a: Whiscash\n|-damage|p1a: Lokix|226/251|[from] item: Life Orb\n|\n|upkeep\n|\n|t:|1783570129\n|switch|p2a: Sunflora|Sunflora, M|100/100\n|turn|16\n|inactive|Time left: 300 sec this turn | 300 sec total\n|\n|t:|1783570130\n|-terastallize|p1a: Lokix|Bug\n|-terastallize|p2a: Sunflora|Fire\n|move|p1a: Lokix|Leech Life|p2a: Sunflora\n|-resisted|p2a: Sunflora\n|-damage|p2a: Sunflora|46/100\n|-heal|p1a: Lokix|251/251|[from] drain|[of] p2a: Sunflora\n|-damage|p1a: Lokix|226/251|[from] item: Life Orb\n|move|p2a: Sunflora|Sunny Day|p2a: Sunflora\n|-weather|SunnyDay\n|\n|-weather|SunnyDay|[upkeep]\n|upkeep\n|turn|17\n|inactive|Time left: 300 sec this turn | 300 sec total\n|\n|t:|1783570131\n|switch|p1a: Gengar|Gengar, L81, M|207/230\n|move|p2a: Sunflora|Sunny Day||[still]\n|-fail|p2a: Sunflora\n|\n|-weather|SunnyDay|[upkeep]\n|upkeep\n|turn|18\n|inactive|Time left: 300 sec this turn | 300 sec total\n|\n|t:|1783570132\n|move|p2a: Sunflora|Earth Power|p1a: Gengar\n|-supereffective|p1a: Gengar\n|-damage|p1a: Gengar|0 fnt\n|faint|p1a: Gengar\n|-damage|p2a: Sunflora|36/100|[from] item: Life Orb\n|\n|-weather|SunnyDay|[upkeep]\n|upkeep\n|inactive|Time left: 300 sec this turn | 300 sec total | 5 sec grace\n|\n|t:|1783570133\n|switch|p1a: Lokix|Lokix, L82, F, tera:Bug|226/251\n|turn|19\n|inactive|Time left: 300 sec this turn | 300 sec total\n|\n|t:|1783570134\n|move|p1a: Lokix|First Impression|p2a: Sunflora\n|-resisted|p2a: Sunflora\n|-damage|p2a: Sunflora|0 fnt\n|faint|p2a: Sunflora\n|-damage|p1a: Lokix|201/251|[from] item: Life Orb\n|\n|win|p0x2606fd01", "uploadtime": 1783570134, "views": 0, "rating": 0, "private": 0, "password": null, "_winner": "p0x2606fd01", "_our_name": "p0x2606fd01"}