{"id": "battle-gen9randombattle-2134", "formatid": "gen9randombattle", "format": "[Gen 9] Random Battle", "players": ["p0x21345033", "p0y2134a46c"], "log": "|init|battle\n|title|p0x21345033 vs. p0y2134a46c\n|j|\u2606p0x21345033\n|j|\u2606p0y2134a46c\n|t:|1783563908\n|gametype|singles\n|player|p1|p0x21345033|169|\n|player|p2|p0y2134a46c|265|\n|gen|9\n|tier|[Gen 9] Random Battle\n|rule|Species Clause: Limit one of each Pok\u00e9mon\n|rule|HP Percentage Mod: HP is shown in percentages\n|rule|Sleep Clause Mod: Limit one foe put to sleep\n|rule|Illusion Level Mod: Illusion disguises the Pok\u00e9mon's true level\n|\n|t:|1783563908\n|teamsize|p1|6\n|teamsize|p2|6\n|start\n|switch|p1a: Mabosstiff|Mabosstiff, L86, M|278/278\n|switch|p2a: Latios|Latios, L78, M|100/100\n|turn|1\n|inactive|Battle timer is ON: inactive players will automatically lose when time's up. (requested by p0y2134a46c)\n|inactive|Time left: 300 sec this turn | 300 sec total | 60 sec grace\n|inactive|p0x21345033 also wants the timer to be on.\n|\n|t:|1783563909\n|move|p1a: Mabosstiff|Crunch|p2a: Latios\n|-supereffective|p2a: Latios\n|-damage|p2a: Latios|3/100\n|move|p2a: Latios|Draco Meteor|p1a: Mabosstiff\n|-damage|p1a: Mabosstiff|13/278\n|-unboost|p2a: Latios|spa|2\n|\n|upkeep\n|turn|2\n|inactive|Time left: 300 sec this turn | 300 sec total\n|\n|t:|1783563910\n|switch|p2a: Hippowdon|Hippowdon, L82, M|100/100\n|-weather|Sandstorm|[from] ability: Sand Stream|[of] p2a: Hippowdon\n|move|p1a: Mabosstiff|Crunch|p2a: Hippowdon\n|-damage|p2a: Hippowdon|43/100\n|\n|-weather|Sandstorm|[upkeep]\n|-damage|p1a: Mabosstiff|0 fnt|[from] Sandstorm\n|faint|p1a: Mabosstiff\n|-heal|p2a: Hippowdon|49/100|[from] item: Leftovers\n|upkeep\n|inactive|Time left: 300 sec this turn | 300 sec total | 5 sec grace\n|\n|t:|1783563912\n|switch|p1a: Mamoswine|Mamoswine, L81, F|311/311\n|turn|3\n|inactive|Time left: 300 sec this turn | 300 sec total\n|\n|t:|1783563913\n|move|p1a: Mamoswine|Icicle Crash|p2a: Hippowdon\n|-supereffective|p2a: Hippowdon\n|-damage|p2a: Hippowdon|0 fnt\n|faint|p2a: Hippowdon\n|\n|-weather|Sandstorm|[upkeep]\n|upkeep\n|\n|t:|1783563914\n|switch|p2a: Latios|Latios, L78, M|3/100\n|turn|4\n|inactive|Time left: 300 sec this turn | 300 sec total\n|\n|t:|1783563915\n|switch|p1a: Solgaleo|Solgaleo, L74|325/325\n|move|p2a: Latios|Draco Meteor|p1a: Solgaleo\n|-resisted|p1a: Solgaleo\n|-damage|p1a: Solgaleo|193/325\n|-unboost|p2a: Latios|spa|2\n|\n|-weather|Sandstorm|[upkeep]\n|-damage|p2a: Latios|0 fnt|[from] Sandstorm\n|faint|p2a: Latios\n|upkeep\n|\n|t:|1783563916\n|switch|p2a: Leafeon|Leafeon, L88, M|100/100\n|turn|5\n|inactive|Time left: 300 sec this turn | 300 sec total\n|\n|t:|1783563917\n|move|p2a: Leafeon|Knock Off|p1a: Solgaleo\n|-supereffective|p1a: Solgaleo\n|-damage|p1a: Solgaleo|0 fnt\n|-enditem|p1a: Solgaleo|Weakness Policy|[from] move: Knock Off|[of] p2a: Leafeon\n|faint|p1a: Solgaleo\n|-damage|p2a: Leafeon|91/100|[from] item: Life Orb\n|\n|-weather|Sandstorm|[upkeep]\n|-damage|p2a: Leafeon|85/100|[from] Sandstorm\n|upkeep\n|inactive|Time left: 300 sec this turn | 300 sec total | 5 sec grace\n|\n|t:|1783563918\n|switch|p1a: Chien-Pao|Chien-Pao, L72|234/234\n|-ability|p1a: Chien-Pao|Sword of Ruin\n|turn|6\n|inactive|Time left: 300 sec this turn | 300 sec total\n|\n|t:|1783563918\n|move|p1a: Chien-Pao|Icicle Crash|p2a: Leafeon\n|-supereffective|p2a: Leafeon\n|-damage|p2a: Leafeon|0 fnt\n|faint|p2a: Leafeon\n|\n|-weather|none\n|upkeep\n|\n|t:|1783563919\n|switch|p2a: Pecharunt|Pecharunt, L77|100/100\n|turn|7\n|inactive|Time left: 300 sec this turn | 300 sec total\n|\n|t:|1783563920\n|move|p1a: Chien-Pao|Icicle Crash|p2a: Pecharunt\n|-damage|p2a: Pecharunt|58/100\n|cant|p2a: Pecharunt|flinch\n|\n|-heal|p2a: Pecharunt|64/100|[from] item: Leftovers\n|upkeep\n|turn|8\n|inactive|Time left: 300 sec this turn | 300 sec total\n|\n|t:|1783563921\n|move|p1a: Chien-Pao|Icicle Crash|p2a: Pecharunt\n|-damage|p2a: Pecharunt|24/100\n|move|p2a: Pecharunt|Recover|p2a: Pecharunt\n|-heal|p2a: Pecharunt|74/100\n|\n|-heal|p2a: Pecharunt|80/100|[from] item: Leftovers\n|upkeep\n|turn|9\n|inactive|Time left: 300 sec this turn | 300 sec total\n|\n|t:|1783563922\n|move|p1a: Chien-Pao|Icicle Crash|p2a: Pecharunt\n|-damage|p2a: Pecharunt|39/100\n|cant|p2a: Pecharunt|flinch\n|\n|-heal|p2a: Pecharunt|46/100|[from] item: Leftovers\n|upkeep\n|turn|10\n|inactive|Time left: 300 sec this turn | 300 sec total\n|\n|t:|1783563922\n|move|p1a: Chien-Pao|Icicle Crash|p2a: Pecharunt\n|-damage|p2a: Pecharunt|8/100\n|move|p2a: Pecharunt|Malignant Chain|p1a: Chien-Pao\n|-damage|p1a: Chien-Pao|113/234\n|-status|p1a: Chien-Pao|tox\n|-start|p1a: Chien-Pao|confusion|[from] ability: Poison Puppeteer|[of] p2a: Pecharunt\n|\n|-heal|p2a: Pecharunt|14/100|[from] item: Leftovers\n|-damage|p1a: Chien-Pao|99/234 tox|[from] psn\n|upkeep\n|turn|11\n|inactive|Time left: 300 sec this turn | 300 sec total\n|\n|t:|1783563924\n|-activate|p1a: Chien-Pao|confusion\n|move|p1a: Chien-Pao|Icicle Crash|p2a: Pecharunt\n|-damage|p2a: Pecharunt|0 fnt\n|faint|p2a: Pecharunt\n|\n|-damage|p1a: Chien-Pao|71/234 tox|[from] psn\n|upkeep\n|\n|t:|1783563925\n|switch|p2a: Swampert|Swampert, L83, M|100/100\n|turn|12\n|inactive|Time left: 300 sec this turn | 300 sec total\n|\n|t:|1783563926\n|-end|p1a: Chien-Pao|confusion\n|move|p1a: Chien-Pao|Icicle Crash|p2a: Swampert\n|-damage|p2a: Swampert|49/100\n|cant|p2a: Swampert|flinch\n|\n|-heal|p2a: Swampert|54/100|[from] item: Leftovers\n|-damage|p1a: Chien-Pao|29/234 tox|[from] psn\n|upkeep\n|turn|13\n|inactive|Time left: 300 sec this turn | 300 sec total\n|\n|t:|1783563927\n|move|p1a: Chien-Pao|Icicle Crash|p2a: Swampert\n|-damage|p2a: Swampert|6/100\n|cant|p2a: Swampert|flinch\n|\n|-heal|p2a: Swampert|12/100|[from] item: Leftovers\n|-damage|p1a: Chien-Pao|0 fnt|[from] psn\n|faint|p1a: Chien-Pao\n|upkeep\n|inactive|Time left: 300 sec this turn | 300 sec total | 5 sec grace\n|\n|t:|1783563928\n|switch|p1a: Mamoswine|Mamoswine, L81, F|311/311\n|turn|14\n|inactive|Time left: 300 sec this turn | 300 sec total\n|\n|t:|1783563929\n|switch|p2a: Chansey|Chansey, L85, F|100/100\n|move|p1a: Mamoswine|Earthquake|p2a: Chansey\n|-damage|p2a: Chansey|24/100\n|\n|upkeep\n|turn|15\n|inactive|Time left: 300 sec this turn | 300 sec total\n|\n|t:|1783563929\n|-terastallize|p2a: Chansey|Fairy\n|move|p1a: Mamoswine|Earthquake|p2a: Chansey\n|-damage|p2a: Chansey|0 fnt\n|faint|p2a: Chansey\n|\n|upkeep\n|\n|t:|1783563930\n|switch|p2a: Swampert|Swampert, L83, M|12/100\n|turn|16\n|inactive|Time left: 300 sec this turn | 300 sec total\n|\n|t:|1783563931\n|move|p1a: Mamoswine|Earthquake|p2a: Swampert\n|-damage|p2a: Swampert|0 fnt\n|faint|p2a: Swampert\n|\n|win|p0x21345033", "uploadtime": 1783563931, "views": 0, "rating": 0, "private": 0, "password": null, "_winner": "p0x21345033", "_our_name": "p0x21345033"}