{"id": "battle-gen9randombattle-1054", "formatid": "gen9randombattle", "format": "[Gen 9] Random Battle", "players": ["p0x10547162", "p0y10543697"], "log": "|init|battle\n|title|p0x10547162 vs. p0y10543697\n|j|\u2606p0x10547162\n|j|\u2606p0y10543697\n|t:|1783552116\n|gametype|singles\n|player|p1|p0x10547162|102|\n|player|p2|p0y10543697|169|\n|gen|9\n|tier|[Gen 9] Random Battle\n|rule|Species Clause: Limit one of each Pok\u00e9mon\n|rule|HP Percentage Mod: HP is shown in percentages\n|rule|Sleep Clause Mod: Limit one foe put to sleep\n|rule|Illusion Level Mod: Illusion disguises the Pok\u00e9mon's true level\n|\n|t:|1783552116\n|teamsize|p1|6\n|teamsize|p2|6\n|start\n|switch|p1a: Smeargle|Smeargle, L95, F|100/100\n|switch|p2a: Snorlax|Snorlax, L82, M|397/397\n|turn|1\n|inactive|Battle timer is ON: inactive players will automatically lose when time's up. (requested by p0x10547162)\n|inactive|Time left: 300 sec this turn | 300 sec total | 60 sec grace\n|inactive|p0y10543697 also wants the timer to be on.\n|\n|t:|1783552118\n|move|p1a: Smeargle|Sticky Web|p2a: Snorlax\n|-sidestart|p2: p0y10543697|move: Sticky Web\n|move|p2a: Snorlax|Body Slam|p1a: Smeargle\n|-damage|p1a: Smeargle|36/100\n|\n|upkeep\n|turn|2\n|inactive|Time left: 300 sec this turn | 300 sec total\n|\n|t:|1783552119\n|move|p1a: Smeargle|Spore|p2a: Snorlax\n|-status|p2a: Snorlax|slp|[from] move: Spore\n|cant|p2a: Snorlax|slp\n|\n|upkeep\n|turn|3\n|inactive|Time left: 300 sec this turn | 300 sec total\n|\n|t:|1783552120\n|move|p1a: Smeargle|Stealth Rock|p2a: Snorlax\n|-sidestart|p2: p0y10543697|move: Stealth Rock\n|cant|p2a: Snorlax|slp\n|\n|upkeep\n|turn|4\n|inactive|Time left: 300 sec this turn | 300 sec total\n|\n|t:|1783552121\n|switch|p1a: Scrafty|Scrafty, L83, F|100/100\n|-ability|p1a: Scrafty|Intimidate|boost\n|-unboost|p2a: Snorlax|atk|1\n|cant|p2a: Snorlax|slp\n|\n|upkeep\n|turn|5\n|inactive|Time left: 300 sec this turn | 300 sec total\n|\n|t:|1783552122\n|move|p1a: Scrafty|Dragon Dance|p1a: Scrafty\n|-boost|p1a: Scrafty|atk|1\n|-boost|p1a: Scrafty|spe|1\n|-curestatus|p2a: Snorlax|slp|[msg]\n|move|p2a: Snorlax|Body Slam|p1a: Scrafty\n|-damage|p1a: Scrafty|78/100\n|\n|-heal|p1a: Scrafty|85/100|[from] item: Leftovers\n|upkeep\n|turn|6\n|inactive|Time left: 300 sec this turn | 300 sec total\n|\n|t:|1783552123\n|move|p1a: Scrafty|Knock Off|p2a: Snorlax\n|-damage|p2a: Snorlax|228/397\n|-enditem|p2a: Snorlax|Leftovers|[from] move: Knock Off|[of] p1a: Scrafty\n|move|p2a: Snorlax|Body Slam|p1a: Scrafty\n|-damage|p1a: Scrafty|64/100\n|\n|-heal|p1a: Scrafty|70/100|[from] item: Leftovers\n|upkeep\n|turn|7\n|inactive|Time left: 300 sec this turn | 300 sec total\n|\n|t:|1783552124\n|move|p1a: Scrafty|Drain Punch|p2a: Snorlax\n|-supereffective|p2a: Snorlax\n|-damage|p2a: Snorlax|0 fnt\n|-heal|p1a: Scrafty|100/100|[from] drain|[of] p2a: Snorlax\n|faint|p2a: Snorlax\n|\n|upkeep\n|inactive|Time left: 300 sec this turn | 300 sec total | 5 sec grace\n|\n|t:|1783552125\n|switch|p2a: Hitmonlee|Hitmonlee, L85, M|224/224\n|-activate|p2a: Hitmonlee|move: Sticky Web\n|-unboost|p2a: Hitmonlee|spe|1\n|-damage|p2a: Hitmonlee|210/224|[from] Stealth Rock\n|-enditem|p2a: Hitmonlee|White Herb\n|-clearnegativeboost|p2a: Hitmonlee|[silent]\n|turn|8\n|inactive|Time left: 300 sec this turn | 300 sec total\n|\n|t:|1783552126\n|-terastallize|p1a: Scrafty|Poison\n|move|p2a: Hitmonlee|Close Combat|p1a: Scrafty\n|-resisted|p1a: Scrafty\n|-damage|p1a: Scrafty|74/100\n|-unboost|p2a: Hitmonlee|def|1\n|-unboost|p2a: Hitmonlee|spd|1\n|move|p1a: Scrafty|Drain Punch|p2a: Hitmonlee\n|-damage|p2a: Hitmonlee|0 fnt\n|-heal|p1a: Scrafty|100/100|[from] drain|[of] p2a: Hitmonlee\n|faint|p2a: Hitmonlee\n|\n|upkeep\n|inactive|Time left: 300 sec this turn | 300 sec total | 5 sec grace\n|\n|t:|1783552127\n|switch|p2a: Pyroar|Pyroar, L88, F|295/295\n|-ability|p2a: Pyroar|Unnerve\n|turn|9\n|inactive|Time left: 300 sec this turn | 300 sec total\n|\n|t:|1783552128\n|move|p2a: Pyroar|Fire Blast|p1a: Scrafty\n|-damage|p1a: Scrafty|57/100\n|move|p1a: Scrafty|Drain Punch|p2a: Pyroar\n|-supereffective|p2a: Pyroar\n|-damage|p2a: Pyroar|61/295\n|-heal|p1a: Scrafty|100/100|[from] drain|[of] p2a: Pyroar\n|\n|upkeep\n|turn|10\n|inactive|Time left: 300 sec this turn | 300 sec total\n|\n|t:|1783552129\n|move|p2a: Pyroar|Fire Blast|p1a: Scrafty\n|-damage|p1a: Scrafty|53/100\n|move|p1a: Scrafty|Knock Off|p2a: Pyroar\n|-damage|p2a: Pyroar|0 fnt\n|-enditem|p2a: Pyroar|Heavy-Duty Boots|[from] move: Knock Off|[of] p1a: Scrafty\n|faint|p2a: Pyroar\n|\n|-heal|p1a: Scrafty|60/100|[from] item: Leftovers\n|upkeep\n|inactive|Time left: 300 sec this turn | 300 sec total | 5 sec grace\n|\n|t:|1783552130\n|switch|p2a: Rabsca|Rabsca, L91, M|284/284\n|turn|11\n|inactive|Time left: 300 sec this turn | 300 sec total\n|\n|t:|1783552131\n|move|p1a: Scrafty|Knock Off|p2a: Rabsca\n|-supereffective|p2a: Rabsca\n|-damage|p2a: Rabsca|24/284\n|-enditem|p2a: Rabsca|Heavy-Duty Boots|[from] move: Knock Off|[of] p1a: Scrafty\n|move|p2a: Rabsca|Psychic|p1a: Scrafty\n|-supereffective|p1a: Scrafty\n|-damage|p1a: Scrafty|0 fnt\n|faint|p1a: Scrafty\n|\n|upkeep\n|\n|t:|1783552132\n|switch|p1a: Greninja|Greninja, L80, M|100/100\n|turn|12\n|inactive|Time left: 300 sec this turn | 300 sec total\n|\n|t:|1783552133\n|move|p1a: Greninja|Ice Beam|p2a: Rabsca\n|-damage|p2a: Rabsca|0 fnt\n|faint|p2a: Rabsca\n|-ability|p1a: Greninja|Battle Bond|boost\n|-boost|p1a: Greninja|atk|1\n|-boost|p1a: Greninja|spa|1\n|-boost|p1a: Greninja|spe|1\n|-activate|p1a: Greninja|ability: Battle Bond\n|-damage|p1a: Greninja|91/100|[from] item: Life Orb\n|\n|upkeep\n|inactive|Time left: 300 sec this turn | 300 sec total | 5 sec grace\n|\n|t:|1783552134\n|switch|p2a: Pachirisu|Pachirisu, L96, M|271/271\n|-activate|p2a: Pachirisu|move: Sticky Web\n|-unboost|p2a: Pachirisu|spe|1\n|-damage|p2a: Pachirisu|238/271|[from] Stealth Rock\n|turn|13\n|inactive|Time left: 300 sec this turn | 300 sec total\n|\n|t:|1783552135\n|move|p1a: Greninja|Dark Pulse|p2a: Pachirisu\n|-damage|p2a: Pachirisu|148/271\n|-damage|p1a: Greninja|81/100|[from] item: Life Orb\n|move|p2a: Pachirisu|Thunderbolt|p1a: Greninja\n|-supereffective|p1a: Greninja\n|-damage|p1a: Greninja|13/100\n|\n|upkeep\n|turn|14\n|inactive|Time left: 300 sec this turn | 300 sec total\n|\n|t:|1783552137\n|switch|p2a: Dragapult|Dragapult, L77, M|262/262\n|-activate|p2a: Dragapult|move: Sticky Web\n|-unboost|p2a: Dragapult|spe|1\n|-damage|p2a: Dragapult|230/262|[from] Stealth Rock\n|move|p1a: Greninja|Gunk Shot|p2a: Dragapult\n|-resisted|p2a: Dragapult\n|-damage|p2a: Dragapult|133/262\n|-status|p2a: Dragapult|psn\n|-damage|p1a: Greninja|3/100|[from] item: Life Orb\n|\n|-damage|p2a: Dragapult|101/262 psn|[from] psn\n|upkeep\n|turn|15\n|inactive|Time left: 300 sec this turn | 300 sec total\n|\n|t:|1783552138\n|move|p1a: Greninja|Hydro Pump|p2a: Dragapult\n|-resisted|p2a: Dragapult\n|-damage|p2a: Dragapult|0 fnt\n|faint|p2a: Dragapult\n|-damage|p1a: Greninja|0 fnt|[from] item: Life Orb\n|faint|p1a: Greninja\n|\n|upkeep\n|inactive|Time left: 300 sec this turn | 300 sec total | 5 sec grace\n|\n|t:|1783552139\n|switch|p2a: Pachirisu|Pachirisu, L96, M|148/271\n|switch|p1a: Rabsca|Rabsca, L91, M|100/100\n|-activate|p2a: Pachirisu|move: Sticky Web\n|-unboost|p2a: Pachirisu|spe|1\n|-damage|p2a: Pachirisu|115/271|[from] Stealth Rock\n|turn|16\n|inactive|Time left: 300 sec this turn | 300 sec total\n|\n|t:|1783552140\n|move|p2a: Pachirisu|Nuzzle|p1a: Rabsca\n|-damage|p1a: Rabsca|95/100\n|-status|p1a: Rabsca|par\n|-activate|p1a: Rabsca|ability: Synchronize\n|-immune|p2a: Pachirisu\n|move|p1a: Rabsca|Psychic|p2a: Pachirisu\n|-damage|p2a: Pachirisu|43/271\n|\n|upkeep\n|turn|17\n|inactive|Time left: 300 sec this turn | 300 sec total\n|\n|t:|1783552141\n|-terastallize|p2a: Pachirisu|Flying\n|move|p2a: Pachirisu|Thunderbolt|p1a: Rabsca\n|-damage|p1a: Rabsca|75/100 par\n|move|p1a: Rabsca|Psychic|p2a: Pachirisu\n|-damage|p2a: Pachirisu|0 fnt\n|faint|p2a: Pachirisu\n|\n|win|p0x10547162", "uploadtime": 1783552141, "views": 0, "rating": 0, "private": 0, "password": null, "_winner": "p0x10547162", "_our_name": "p0y10543697"}