{"id": "battle-gen9randombattle-1561", "formatid": "gen9randombattle", "format": "[Gen 9] Random Battle", "players": ["p0x15614076", "p0y15618488"], "log": "|init|battle\n|title|p0x15614076 vs. p0y15618488\n|j|\u2606p0x15614076\n|j|\u2606p0y15618488\n|t:|1783558102\n|gametype|singles\n|player|p1|p0x15614076|266|\n|player|p2|p0y15618488|170|\n|gen|9\n|tier|[Gen 9] Random Battle\n|rule|Species Clause: Limit one of each Pok\u00e9mon\n|rule|HP Percentage Mod: HP is shown in percentages\n|rule|Sleep Clause Mod: Limit one foe put to sleep\n|rule|Illusion Level Mod: Illusion disguises the Pok\u00e9mon's true level\n|\n|t:|1783558102\n|teamsize|p1|6\n|teamsize|p2|6\n|start\n|switch|p1a: Krookodile|Krookodile, L79, M|280/280\n|switch|p2a: Wo-Chien|Wo-Chien, L83|100/100\n|-ability|p1a: Krookodile|Intimidate|boost\n|-unboost|p2a: Wo-Chien|atk|1\n|-ability|p2a: Wo-Chien|Tablets of Ruin\n|turn|1\n|inactive|Battle timer is ON: inactive players will automatically lose when time's up. (requested by p0y15618488)\n|inactive|Time left: 300 sec this turn | 300 sec total | 60 sec grace\n|inactive|p0x15614076 also wants the timer to be on.\n|\n|t:|1783558103\n|move|p1a: Krookodile|Stealth Rock|p2a: Wo-Chien\n|-sidestart|p2: p0y15618488|move: Stealth Rock\n|move|p2a: Wo-Chien|Ruination|p1a: Krookodile\n|-damage|p1a: Krookodile|140/280\n|\n|upkeep\n|turn|2\n|inactive|Time left: 300 sec this turn | 300 sec total\n|\n|t:|1783558105\n|move|p1a: Krookodile|Earthquake|p2a: Wo-Chien\n|-resisted|p2a: Wo-Chien\n|-damage|p2a: Wo-Chien|84/100\n|-damage|p1a: Krookodile|112/280|[from] item: Life Orb\n|move|p2a: Wo-Chien|Leech Seed|p1a: Krookodile\n|-start|p1a: Krookodile|move: Leech Seed\n|\n|-heal|p2a: Wo-Chien|90/100|[from] item: Leftovers\n|-damage|p1a: Krookodile|77/280|[from] Leech Seed|[of] p2a: Wo-Chien\n|-heal|p2a: Wo-Chien|100/100|[silent]\n|upkeep\n|turn|3\n|inactive|Time left: 300 sec this turn | 300 sec total\n|\n|t:|1783558106\n|switch|p1a: Keldeo|Keldeo-Resolute, L79|273/273\n|move|p2a: Wo-Chien|Ruination|p1a: Keldeo\n|-damage|p1a: Keldeo|137/273\n|-ability|p1a: Keldeo|Justified|boost\n|-boost|p1a: Keldeo|atk|1\n|\n|-heal|p1a: Keldeo|154/273|[from] item: Leftovers\n|upkeep\n|turn|4\n|inactive|Time left: 300 sec this turn | 300 sec total\n|\n|t:|1783558107\n|move|p1a: Keldeo|Secret Sword|p2a: Wo-Chien\n|-supereffective|p2a: Wo-Chien\n|-damage|p2a: Wo-Chien|28/100\n|move|p2a: Wo-Chien|Leech Seed|p1a: Keldeo\n|-start|p1a: Keldeo|move: Leech Seed\n|\n|-heal|p1a: Keldeo|171/273|[from] item: Leftovers\n|-heal|p2a: Wo-Chien|34/100|[from] item: Leftovers\n|-damage|p1a: Keldeo|137/273|[from] Leech Seed|[of] p2a: Wo-Chien\n|-heal|p2a: Wo-Chien|47/100|[silent]\n|upkeep\n|turn|5\n|inactive|Time left: 300 sec this turn | 300 sec total\n|\n|t:|1783558108\n|switch|p2a: Blastoise|Blastoise, L80, M|100/100\n|-damage|p2a: Blastoise|88/100|[from] Stealth Rock\n|move|p1a: Keldeo|Secret Sword|p2a: Blastoise\n|-damage|p2a: Blastoise|53/100\n|\n|-heal|p1a: Keldeo|154/273|[from] item: Leftovers\n|-damage|p1a: Keldeo|120/273|[from] Leech Seed|[of] p2a: Blastoise\n|-heal|p2a: Blastoise|66/100|[silent]\n|upkeep\n|turn|6\n|inactive|Time left: 300 sec this turn | 300 sec total\n|\n|t:|1783558109\n|switch|p1a: Magnezone|Magnezone, L85|258/258\n|move|p2a: Blastoise|Shell Smash|p2a: Blastoise\n|-unboost|p2a: Blastoise|def|1\n|-unboost|p2a: Blastoise|spd|1\n|-boost|p2a: Blastoise|atk|2\n|-boost|p2a: Blastoise|spa|2\n|-boost|p2a: Blastoise|spe|2\n|-enditem|p2a: Blastoise|White Herb\n|-clearnegativeboost|p2a: Blastoise|[silent]\n|\n|upkeep\n|turn|7\n|inactive|Time left: 300 sec this turn | 300 sec total\n|\n|t:|1783558110\n|move|p2a: Blastoise|Earthquake|p1a: Magnezone\n|-supereffective|p1a: Magnezone\n|-damage|p1a: Magnezone|0 fnt\n|faint|p1a: Magnezone\n|\n|upkeep\n|inactive|Time left: 300 sec this turn | 300 sec total | 5 sec grace\n|\n|t:|1783558111\n|switch|p1a: Mandibuzz|Mandibuzz, L85, F|326/326\n|turn|8\n|inactive|Time left: 300 sec this turn | 300 sec total\n|\n|t:|1783558112\n|move|p2a: Blastoise|Ice Beam|p1a: Mandibuzz\n|-supereffective|p1a: Mandibuzz\n|-damage|p1a: Mandibuzz|136/326\n|move|p1a: Mandibuzz|Foul Play|p2a: Blastoise\n|-damage|p2a: Blastoise|2/100\n|\n|upkeep\n|turn|9\n|inactive|Time left: 300 sec this turn | 300 sec total\n|\n|t:|1783558113\n|move|p2a: Blastoise|Hydro Pump|p1a: Mandibuzz\n|-damage|p1a: Mandibuzz|0 fnt\n|faint|p1a: Mandibuzz\n|\n|upkeep\n|inactive|Time left: 300 sec this turn | 300 sec total | 5 sec grace\n|\n|t:|1783558113\n|switch|p1a: Arboliva|Arboliva, L91, F|288/288\n|turn|10\n|inactive|Time left: 300 sec this turn | 300 sec total\n|\n|t:|1783558114\n|move|p2a: Blastoise|Ice Beam|p1a: Arboliva\n|-supereffective|p1a: Arboliva\n|-damage|p1a: Arboliva|116/288\n|-enditem|p1a: Arboliva|Sitrus Berry|[eat]\n|-heal|p1a: Arboliva|188/288|[from] item: Sitrus Berry\n|move|p1a: Arboliva|Hyper Voice|p2a: Blastoise\n|-damage|p2a: Blastoise|0 fnt\n|faint|p2a: Blastoise\n|\n|-item|p1a: Arboliva|Sitrus Berry|[from] ability: Harvest\n|upkeep\n|\n|t:|1783558115\n|switch|p2a: Magcargo|Magcargo, L95, F|100/100\n|turn|11\n|inactive|Time left: 300 sec this turn | 300 sec total\n|\n|t:|1783558116\n|move|p1a: Arboliva|Hyper Voice|p2a: Magcargo\n|-resisted|p2a: Magcargo\n|-damage|p2a: Magcargo|76/100\n|move|p2a: Magcargo|Shell Smash|p2a: Magcargo\n|-unboost|p2a: Magcargo|def|1\n|-unboost|p2a: Magcargo|spd|1\n|-boost|p2a: Magcargo|atk|2\n|-boost|p2a: Magcargo|spa|2\n|-boost|p2a: Magcargo|spe|2\n|\n|upkeep\n|turn|12\n|inactive|Time left: 300 sec this turn | 300 sec total\n|\n|t:|1783558117\n|move|p2a: Magcargo|Fire Blast|p1a: Arboliva\n|-supereffective|p1a: Arboliva\n|-damage|p1a: Arboliva|0 fnt\n|faint|p1a: Arboliva\n|\n|upkeep\n|inactive|Time left: 300 sec this turn | 300 sec total | 5 sec grace\n|\n|t:|1783558118\n|switch|p1a: Delphox|Delphox, L84, M|263/263\n|turn|13\n|inactive|Time left: 300 sec this turn | 300 sec total\n|\n|t:|1783558119\n|-terastallize|p1a: Delphox|Grass\n|-terastallize|p2a: Magcargo|Dragon\n|move|p1a: Delphox|Grass Knot|p2a: Magcargo\n|-resisted|p2a: Magcargo\n|-damage|p2a: Magcargo|52/100\n|move|p2a: Magcargo|Power Gem|p1a: Delphox\n|-damage|p1a: Delphox|86/263\n|\n|upkeep\n|turn|14\n|inactive|Time left: 300 sec this turn | 300 sec total\n|\n|t:|1783558120\n|move|p1a: Delphox|Fire Blast|p2a: Magcargo\n|-resisted|p2a: Magcargo\n|-damage|p2a: Magcargo|0 fnt\n|faint|p2a: Magcargo\n|\n|upkeep\n|\n|t:|1783558121\n|switch|p2a: Eternatus|Eternatus, L69|100/100\n|-damage|p2a: Eternatus|88/100|[from] Stealth Rock\n|-ability|p2a: Eternatus|Pressure\n|turn|15\n|inactive|Time left: 300 sec this turn | 300 sec total\n|\n|t:|1783558122\n|move|p1a: Delphox|Psyshock|p2a: Eternatus\n|-supereffective|p2a: Eternatus\n|-damage|p2a: Eternatus|22/100\n|move|p2a: Eternatus|Sludge Bomb|p1a: Delphox\n|-supereffective|p1a: Delphox\n|-damage|p1a: Delphox|0 fnt\n|faint|p1a: Delphox\n|\n|upkeep\n|inactive|Time left: 300 sec this turn | 300 sec total | 5 sec grace\n|\n|t:|1783558123\n|switch|p1a: Keldeo|Keldeo-Resolute, L79|120/273\n|turn|16\n|inactive|Time left: 300 sec this turn | 300 sec total\n|\n|t:|1783558124\n|switch|p1a: Krookodile|Krookodile, L79, M|77/280\n|-ability|p1a: Krookodile|Intimidate|boost\n|-unboost|p2a: Eternatus|atk|1\n|move|p2a: Eternatus|Sludge Bomb|p1a: Krookodile\n|-resisted|p1a: Krookodile\n|-damage|p1a: Krookodile|26/280\n|-status|p1a: Krookodile|psn\n|\n|-damage|p1a: Krookodile|0 fnt|[from] psn\n|faint|p1a: Krookodile\n|upkeep\n|inactive|Time left: 300 sec this turn | 300 sec total | 5 sec grace\n|\n|t:|1783558125\n|switch|p1a: Keldeo|Keldeo-Resolute, L79|120/273\n|turn|17\n|inactive|Time left: 300 sec this turn | 300 sec total\n|\n|t:|1783558126\n|move|p2a: Eternatus|Sludge Bomb|p1a: Keldeo\n|-damage|p1a: Keldeo|32/273\n|-status|p1a: Keldeo|psn\n|move|p1a: Keldeo|Hydro Pump|p2a: Eternatus\n|-resisted|p2a: Eternatus\n|-damage|p2a: Eternatus|0 fnt\n|faint|p2a: Eternatus\n|\n|-heal|p1a: Keldeo|49/273 psn|[from] item: Leftovers\n|-damage|p1a: Keldeo|15/273 psn|[from] psn\n|upkeep\n|\n|t:|1783558127\n|switch|p2a: Mew|Mew, L82|100/100\n|-damage|p2a: Mew|88/100|[from] Stealth Rock\n|turn|18\n|inactive|Time left: 300 sec this turn | 300 sec total\n|\n|t:|1783558128\n|move|p1a: Keldeo|Secret Sword|p2a: Mew\n|-resisted|p2a: Mew\n|-damage|p2a: Mew|72/100\n|move|p2a: Mew|Close Combat|p1a: Keldeo\n|-crit|p1a: Keldeo\n|-damage|p1a: Keldeo|0 fnt\n|-unboost|p2a: Mew|def|1\n|-unboost|p2a: Mew|spd|1\n|faint|p1a: Keldeo\n|-damage|p2a: Mew|62/100|[from] item: Life Orb\n|\n|win|p0y15618488", "uploadtime": 1783558128, "views": 0, "rating": 0, "private": 0, "password": null, "_winner": "p0y15618488", "_our_name": "p0x15614076"}