{"id": "battle-gen9randombattle-187", "formatid": "gen9randombattle", "format": "[Gen 9] Random Battle", "players": ["p0x187a8a3", "p0y187e99a"], "log": "|init|battle\n|title|p0x187a8a3 vs. p0y187e99a\n|j|\u2606p0x187a8a3\n|j|\u2606p0y187e99a\n|t:|1783541749\n|gametype|singles\n|player|p1|p0x187a8a3|169|\n|player|p2|p0y187e99a|170|\n|gen|9\n|tier|[Gen 9] Random Battle\n|rule|Species Clause: Limit one of each Pok\u00e9mon\n|rule|HP Percentage Mod: HP is shown in percentages\n|rule|Sleep Clause Mod: Limit one foe put to sleep\n|rule|Illusion Level Mod: Illusion disguises the Pok\u00e9mon's true level\n|\n|t:|1783541749\n|teamsize|p1|6\n|teamsize|p2|6\n|start\n|switch|p1a: Toxapex|Toxapex, L82, M|216/216\n|switch|p2a: Komala|Komala, L87, F|100/100\n|-ability|p2a: Komala|Comatose\n|turn|1\n|inactive|Battle timer is ON: inactive players will automatically lose when time's up. (requested by p0x187a8a3)\n|inactive|p0y187e99a also wants the timer to be on.\n|\n|t:|1783541750\n|move|p2a: Komala|Knock Off|p1a: Toxapex\n|-damage|p1a: Toxapex|165/216\n|-enditem|p1a: Toxapex|Leftovers|[from] move: Knock Off|[of] p2a: Komala\n|move|p1a: Toxapex|Liquidation|p2a: Komala\n|-damage|p2a: Komala|71/100\n|\n|upkeep\n|turn|2\n|inactive|Time left: 300 sec this turn | 300 sec total\n|\n|t:|1783541751\n|switch|p1a: Abomasnow|Abomasnow, L84, F|287/287\n|-weather|Snowscape|[from] ability: Snow Warning|[of] p1a: Abomasnow\n|move|p2a: Komala|Knock Off|p1a: Abomasnow\n|-damage|p1a: Abomasnow|220/287\n|-enditem|p1a: Abomasnow|Light Clay|[from] move: Knock Off|[of] p2a: Komala\n|\n|-weather|Snowscape|[upkeep]\n|upkeep\n|turn|3\n|inactive|Time left: 300 sec this turn | 300 sec total\n|\n|t:|1783541752\n|move|p2a: Komala|Rapid Spin|p1a: Abomasnow\n|-damage|p1a: Abomasnow|174/287\n|-boost|p2a: Komala|spe|1\n|move|p1a: Abomasnow|Aurora Veil|p1a: Abomasnow\n|-sidestart|p1: p0x187a8a3|move: Aurora Veil\n|\n|-weather|Snowscape|[upkeep]\n|upkeep\n|turn|4\n|inactive|Time left: 300 sec this turn | 300 sec total\n|\n|t:|1783541753\n|move|p2a: Komala|Rapid Spin|p1a: Abomasnow\n|-damage|p1a: Abomasnow|151/287\n|-boost|p2a: Komala|spe|1\n|move|p1a: Abomasnow|Blizzard|p2a: Komala\n|-crit|p2a: Komala\n|-damage|p2a: Komala|32/100\n|\n|-weather|Snowscape|[upkeep]\n|upkeep\n|turn|5\n|inactive|Time left: 300 sec this turn | 300 sec total\n|\n|t:|1783541754\n|switch|p2a: Rhyperior|Rhyperior, L82, F|100/100\n|move|p1a: Abomasnow|Earthquake|p2a: Rhyperior\n|-supereffective|p2a: Rhyperior\n|-damage|p2a: Rhyperior|76/100\n|-enditem|p2a: Rhyperior|Weakness Policy\n|-boost|p2a: Rhyperior|atk|2|[from] item: Weakness Policy\n|-boost|p2a: Rhyperior|spa|2|[from] item: Weakness Policy\n|\n|-weather|Snowscape|[upkeep]\n|upkeep\n|turn|6\n|inactive|Time left: 300 sec this turn | 300 sec total\n|\n|t:|1783541755\n|move|p1a: Abomasnow|Blizzard|p2a: Rhyperior\n|-supereffective|p2a: Rhyperior\n|-damage|p2a: Rhyperior|2/100\n|move|p2a: Rhyperior|Stone Edge|p1a: Abomasnow\n|-supereffective|p1a: Abomasnow\n|-damage|p1a: Abomasnow|0 fnt\n|faint|p1a: Abomasnow\n|\n|-weather|none\n|upkeep\n|inactive|Time left: 300 sec this turn | 300 sec total | 5 sec grace\n|\n|t:|1783541756\n|switch|p1a: Greninja|Greninja, L80, M|246/246\n|turn|7\n|inactive|Time left: 300 sec this turn | 300 sec total\n|\n|t:|1783541757\n|move|p1a: Greninja|Ice Beam|p2a: Rhyperior\n|-supereffective|p2a: Rhyperior\n|-damage|p2a: Rhyperior|0 fnt\n|faint|p2a: Rhyperior\n|-ability|p1a: Greninja|Battle Bond|boost\n|-boost|p1a: Greninja|atk|1\n|-boost|p1a: Greninja|spa|1\n|-boost|p1a: Greninja|spe|1\n|-activate|p1a: Greninja|ability: Battle Bond\n|-damage|p1a: Greninja|222/246|[from] item: Life Orb\n|\n|-sideend|p1: p0x187a8a3|move: Aurora Veil\n|upkeep\n|\n|t:|1783541758\n|switch|p2a: Vileplume|Vileplume, L85, F|100/100\n|turn|8\n|inactive|Time left: 300 sec this turn | 300 sec total\n|\n|t:|1783541759\n|move|p1a: Greninja|Dark Pulse|p2a: Vileplume\n|-damage|p2a: Vileplume|37/100\n|-damage|p1a: Greninja|198/246|[from] item: Life Orb\n|move|p2a: Vileplume|Giga Drain|p1a: Greninja\n|-supereffective|p1a: Greninja\n|-damage|p1a: Greninja|0 fnt\n|-heal|p2a: Vileplume|74/100|[from] drain|[of] p1a: Greninja\n|faint|p1a: Greninja\n|\n|-heal|p2a: Vileplume|80/100|[from] item: Leftovers\n|upkeep\n|inactive|Time left: 300 sec this turn | 300 sec total | 5 sec grace\n|\n|t:|1783541760\n|switch|p1a: Articuno|Articuno-Galar, L84|288/288\n|turn|9\n|inactive|Time left: 300 sec this turn | 300 sec total\n|\n|t:|1783541761\n|switch|p2a: Manaphy|Manaphy, L78|100/100\n|move|p1a: Articuno|Freezing Glare|p2a: Manaphy\n|-damage|p2a: Manaphy|60/100\n|\n|-heal|p2a: Manaphy|66/100|[from] item: Leftovers\n|upkeep\n|turn|10\n|inactive|Time left: 300 sec this turn | 300 sec total\n|\n|t:|1783541762\n|move|p1a: Articuno|Calm Mind|p1a: Articuno\n|-boost|p1a: Articuno|spa|1\n|-boost|p1a: Articuno|spd|1\n|move|p2a: Manaphy|Tail Glow|p2a: Manaphy\n|-boost|p2a: Manaphy|spa|3\n|\n|-heal|p2a: Manaphy|72/100|[from] item: Leftovers\n|upkeep\n|turn|11\n|inactive|Time left: 300 sec this turn | 300 sec total\n|\n|t:|1783541763\n|move|p1a: Articuno|Hurricane|p2a: Manaphy\n|-damage|p2a: Manaphy|0 fnt\n|faint|p2a: Manaphy\n|\n|upkeep\n|\n|t:|1783541763\n|switch|p2a: Meowscarada|Meowscarada, L78, M|100/100\n|turn|12\n|inactive|Time left: 300 sec this turn | 300 sec total\n|\n|t:|1783541764\n|-terastallize|p1a: Articuno|Steel\n|move|p2a: Meowscarada|Knock Off|p1a: Articuno\n|-start|p2a: Meowscarada|typechange|Dark|[from] ability: Protean\n|-damage|p1a: Articuno|146/288\n|-enditem|p1a: Articuno|Heavy-Duty Boots|[from] move: Knock Off|[of] p2a: Meowscarada\n|move|p1a: Articuno|Hurricane|p2a: Meowscarada\n|-damage|p2a: Meowscarada|0 fnt\n|faint|p2a: Meowscarada\n|\n|upkeep\n|\n|t:|1783541765\n|switch|p2a: Vileplume|Vileplume, L85, F|80/100\n|turn|13\n|inactive|Time left: 300 sec this turn | 300 sec total\n|\n|t:|1783541767\n|-terastallize|p2a: Vileplume|Steel\n|move|p1a: Articuno|Freezing Glare|p2a: Vileplume\n|-resisted|p2a: Vileplume\n|-damage|p2a: Vileplume|47/100\n|move|p2a: Vileplume|Sleep Powder|p1a: Articuno\n|-status|p1a: Articuno|slp|[from] move: Sleep Powder\n|\n|-heal|p2a: Vileplume|53/100|[from] item: Leftovers\n|upkeep\n|turn|14\n|inactive|Time left: 300 sec this turn | 300 sec total\n|\n|t:|1783541768\n|cant|p1a: Articuno|slp\n|move|p2a: Vileplume|Strength Sap|p1a: Articuno\n|-unboost|p1a: Articuno|atk|1\n|-ability|p1a: Articuno|Competitive|boost\n|-boost|p1a: Articuno|spa|2\n|-heal|p2a: Vileplume|100/100\n|\n|upkeep\n|turn|15\n|inactive|Time left: 300 sec this turn | 300 sec total\n|\n|t:|1783541769\n|-curestatus|p1a: Articuno|slp|[msg]\n|move|p1a: Articuno|Freezing Glare|p2a: Vileplume\n|-resisted|p2a: Vileplume\n|-damage|p2a: Vileplume|44/100\n|move|p2a: Vileplume|Sleep Powder|p1a: Articuno\n|-status|p1a: Articuno|slp|[from] move: Sleep Powder\n|\n|-heal|p2a: Vileplume|50/100|[from] item: Leftovers\n|upkeep\n|turn|16\n|inactive|Time left: 300 sec this turn | 300 sec total\n|\n|t:|1783541770\n|cant|p1a: Articuno|slp\n|move|p2a: Vileplume|Strength Sap|p1a: Articuno\n|-unboost|p1a: Articuno|atk|1\n|-ability|p1a: Articuno|Competitive|boost\n|-boost|p1a: Articuno|spa|2\n|-heal|p2a: Vileplume|87/100\n|\n|-heal|p2a: Vileplume|93/100|[from] item: Leftovers\n|upkeep\n|turn|17\n|inactive|Time left: 300 sec this turn | 300 sec total\n|\n|t:|1783541771\n|cant|p1a: Articuno|slp\n|move|p2a: Vileplume|Sleep Powder|p1a: Articuno\n|-fail|p1a: Articuno|slp\n|\n|-heal|p2a: Vileplume|99/100|[from] item: Leftovers\n|upkeep\n|turn|18\n|inactive|Time left: 300 sec this turn | 300 sec total\n|\n|t:|1783541772\n|cant|p1a: Articuno|slp\n|move|p2a: Vileplume|Sleep Powder|p1a: Articuno|[miss]\n|-miss|p2a: Vileplume|p1a: Articuno\n|\n|-heal|p2a: Vileplume|100/100|[from] item: Leftovers\n|upkeep\n|turn|19\n|inactive|Time left: 300 sec this turn | 300 sec total\n|\n|t:|1783541774\n|-curestatus|p1a: Articuno|slp|[msg]\n|move|p1a: Articuno|Freezing Glare|p2a: Vileplume\n|-resisted|p2a: Vileplume\n|-damage|p2a: Vileplume|32/100\n|move|p2a: Vileplume|Sleep Powder|p1a: Articuno|[miss]\n|-miss|p2a: Vileplume|p1a: Articuno\n|\n|-heal|p2a: Vileplume|38/100|[from] item: Leftovers\n|upkeep\n|turn|20\n|inactive|Time left: 300 sec this turn | 300 sec total\n|\n|t:|1783541775\n|move|p1a: Articuno|Freezing Glare|p2a: Vileplume\n|-resisted|p2a: Vileplume\n|-damage|p2a: Vileplume|0 fnt\n|faint|p2a: Vileplume\n|\n|upkeep\n|\n|t:|1783541776\n|switch|p2a: Komala|Komala, L87, F|32/100\n|-ability|p2a: Komala|Comatose\n|turn|21\n|inactive|Time left: 300 sec this turn | 300 sec total\n|\n|t:|1783541777\n|move|p1a: Articuno|Freezing Glare|p2a: Komala\n|-damage|p2a: Komala|0 fnt\n|faint|p2a: Komala\n|\n|upkeep\n|\n|t:|1783541778\n|switch|p2a: Glimmora|Glimmora, L75, M|100/100\n|turn|22\n|inactive|Time left: 300 sec this turn | 300 sec total\n|\n|t:|1783541779\n|move|p1a: Articuno|Freezing Glare|p2a: Glimmora\n|-supereffective|p2a: Glimmora\n|-damage|p2a: Glimmora|0 fnt\n|faint|p2a: Glimmora\n|\n|win|p0x187a8a3", "uploadtime": 1783541779, "views": 0, "rating": 0, "private": 0, "password": null, "_winner": "p0x187a8a3", "_our_name": "p0x187a8a3"}