{"id": "battle-gen9randombattle-1279", "formatid": "gen9randombattle", "format": "[Gen 9] Random Battle", "players": ["p0x12794967", "p0y1279136e"], "log": "|init|battle\n|title|p0x12794967 vs. p0y1279136e\n|j|\u2606p0x12794967\n|j|\u2606p0y1279136e\n|t:|1783554847\n|gametype|singles\n|player|p1|p0x12794967|102|\n|player|p2|p0y1279136e|169|\n|gen|9\n|tier|[Gen 9] Random Battle\n|rule|Species Clause: Limit one of each Pok\u00e9mon\n|rule|HP Percentage Mod: HP is shown in percentages\n|rule|Sleep Clause Mod: Limit one foe put to sleep\n|rule|Illusion Level Mod: Illusion disguises the Pok\u00e9mon's true level\n|\n|t:|1783554847\n|teamsize|p1|6\n|teamsize|p2|6\n|start\n|switch|p1a: Ditto|Ditto, L87|100/100\n|switch|p2a: Gothitelle|Gothitelle, L90, M|272/272\n|-transform|p1a: Ditto|p2a: Gothitelle|[from] ability: Imposter\n|turn|1\n|inactive|Battle timer is ON: inactive players will automatically lose when time's up. (requested by p0y1279136e)\n|inactive|p0x12794967 also wants the timer to be on.\n|\n|t:|1783554849\n|move|p1a: Ditto|Calm Mind|p1a: Ditto\n|-boost|p1a: Ditto|spa|1\n|-boost|p1a: Ditto|spd|1\n|move|p2a: Gothitelle|Calm Mind|p2a: Gothitelle\n|-boost|p2a: Gothitelle|spa|1\n|-boost|p2a: Gothitelle|spd|1\n|\n|upkeep\n|turn|2\n|inactive|Time left: 300 sec this turn | 300 sec total\n|\n|t:|1783554850\n|move|p1a: Ditto|Calm Mind|p1a: Ditto\n|-boost|p1a: Ditto|spa|1\n|-boost|p1a: Ditto|spd|1\n|move|p2a: Gothitelle|Calm Mind|p2a: Gothitelle\n|-boost|p2a: Gothitelle|spa|1\n|-boost|p2a: Gothitelle|spd|1\n|\n|upkeep\n|turn|3\n|inactive|Time left: 300 sec this turn | 300 sec total\n|\n|t:|1783554851\n|move|p1a: Ditto|Calm Mind|p1a: Ditto\n|-boost|p1a: Ditto|spa|1\n|-boost|p1a: Ditto|spd|1\n|move|p2a: Gothitelle|Dark Pulse|p1a: Ditto\n|-supereffective|p1a: Ditto\n|-damage|p1a: Ditto|67/100\n|\n|upkeep\n|turn|4\n|inactive|Time left: 300 sec this turn | 300 sec total\n|\n|t:|1783554852\n|move|p1a: Ditto|Calm Mind|p1a: Ditto\n|-boost|p1a: Ditto|spa|1\n|-boost|p1a: Ditto|spd|1\n|move|p2a: Gothitelle|Dark Pulse|p1a: Ditto\n|-supereffective|p1a: Ditto\n|-damage|p1a: Ditto|38/100\n|\n|upkeep\n|turn|5\n|inactive|Time left: 300 sec this turn | 300 sec total\n|\n|t:|1783554854\n|move|p1a: Ditto|Calm Mind|p1a: Ditto\n|-boost|p1a: Ditto|spa|1\n|-boost|p1a: Ditto|spd|1\n|move|p2a: Gothitelle|Dark Pulse|p1a: Ditto\n|-supereffective|p1a: Ditto\n|-damage|p1a: Ditto|13/100\n|\n|upkeep\n|turn|6\n|inactive|Time left: 300 sec this turn | 300 sec total\n|\n|t:|1783554854\n|-activate|p1a: Ditto|move: Struggle\n|move|p1a: Ditto|Struggle|p2a: Gothitelle\n|-damage|p2a: Gothitelle|255/272\n|-damage|p1a: Ditto|0 fnt|[from] recoil\n|faint|p1a: Ditto\n|move|p2a: Gothitelle|Dark Pulse|p1: Ditto|[notarget]\n|-fail|p2a: Gothitelle\n|\n|-heal|p2a: Gothitelle|272/272|[from] item: Leftovers\n|upkeep\n|\n|t:|1783554855\n|switch|p1a: Cacturne|Cacturne, L92, F|100/100\n|turn|7\n|inactive|Time left: 300 sec this turn | 300 sec total\n|\n|t:|1783554857\n|switch|p2a: Roaring Moon|Roaring Moon, L72|270/270\n|-enditem|p2a: Roaring Moon|Booster Energy\n|-activate|p2a: Roaring Moon|ability: Protosynthesis|[fromitem]\n|-start|p2a: Roaring Moon|protosynthesisatk\n|move|p1a: Cacturne|Knock Off|p2a: Roaring Moon\n|-resisted|p2a: Roaring Moon\n|-damage|p2a: Roaring Moon|184/270\n|-damage|p1a: Cacturne|91/100|[from] item: Life Orb\n|\n|upkeep\n|turn|8\n|inactive|Time left: 300 sec this turn | 300 sec total\n|\n|t:|1783554858\n|switch|p1a: Carbink|Carbink, L90|100/100\n|move|p2a: Roaring Moon|Outrage|p1a: Carbink\n|-immune|p1a: Carbink\n|\n|upkeep\n|turn|9\n|inactive|Time left: 300 sec this turn | 300 sec total\n|\n|t:|1783554859\n|move|p2a: Roaring Moon|Iron Head|p1a: Carbink\n|-supereffective|p1a: Carbink\n|-damage|p1a: Carbink|24/100\n|cant|p1a: Carbink|flinch\n|\n|-heal|p1a: Carbink|30/100|[from] item: Leftovers\n|upkeep\n|turn|10\n|inactive|Time left: 300 sec this turn | 300 sec total\n|\n|t:|1783554860\n|switch|p1a: Quagsire|Quagsire, L84, F|100/100\n|move|p2a: Roaring Moon|Iron Head|p1a: Quagsire\n|-resisted|p1a: Quagsire\n|-damage|p1a: Quagsire|88/100\n|\n|-heal|p1a: Quagsire|94/100|[from] item: Leftovers\n|upkeep\n|turn|11\n|inactive|Time left: 300 sec this turn | 300 sec total\n|\n|t:|1783554861\n|move|p2a: Roaring Moon|Knock Off|p1a: Quagsire\n|-damage|p1a: Quagsire|46/100\n|-enditem|p1a: Quagsire|Leftovers|[from] move: Knock Off|[of] p2a: Roaring Moon\n|move|p1a: Quagsire|Earthquake|p2a: Roaring Moon\n|-damage|p2a: Roaring Moon|63/270\n|\n|upkeep\n|turn|12\n|inactive|Time left: 300 sec this turn | 300 sec total\n|\n|t:|1783554862\n|move|p2a: Roaring Moon|Outrage|p1a: Quagsire\n|-damage|p1a: Quagsire|0 fnt\n|faint|p1a: Quagsire\n|\n|upkeep\n|\n|t:|1783554863\n|switch|p1a: Carbink|Carbink, L90|30/100\n|turn|13\n|inactive|Time left: 300 sec this turn | 300 sec total\n|\n|t:|1783554864\n|move|p2a: Roaring Moon|Outrage|p1a: Carbink|[from] lockedmove\n|-immune|p1a: Carbink\n|move|p1a: Carbink|Rock Polish|p1a: Carbink\n|-boost|p1a: Carbink|spe|2\n|\n|-heal|p1a: Carbink|36/100|[from] item: Leftovers\n|upkeep\n|turn|14\n|inactive|Time left: 300 sec this turn | 300 sec total\n|\n|t:|1783554865\n|move|p1a: Carbink|Iron Defense|p1a: Carbink\n|-boost|p1a: Carbink|def|2\n|move|p2a: Roaring Moon|Dragon Dance|p2a: Roaring Moon\n|-boost|p2a: Roaring Moon|atk|1\n|-boost|p2a: Roaring Moon|spe|1\n|\n|-heal|p1a: Carbink|42/100|[from] item: Leftovers\n|upkeep\n|turn|15\n|inactive|Time left: 300 sec this turn | 300 sec total\n|\n|t:|1783554866\n|move|p2a: Roaring Moon|Iron Head|p1a: Carbink\n|-supereffective|p1a: Carbink\n|-damage|p1a: Carbink|0 fnt\n|faint|p1a: Carbink\n|\n|upkeep\n|\n|t:|1783554868\n|switch|p1a: Cacturne|Cacturne, L92, F|91/100\n|turn|16\n|inactive|Time left: 300 sec this turn | 300 sec total\n|\n|t:|1783554869\n|move|p1a: Cacturne|Sucker Punch||[still]\n|-fail|p1a: Cacturne\n|move|p2a: Roaring Moon|Dragon Dance|p2a: Roaring Moon\n|-boost|p2a: Roaring Moon|atk|1\n|-boost|p2a: Roaring Moon|spe|1\n|\n|upkeep\n|turn|17\n|inactive|Time left: 300 sec this turn | 300 sec total\n|\n|t:|1783554870\n|switch|p1a: Electivire|Electivire, L84, F|100/100\n|move|p2a: Roaring Moon|Dragon Dance|p2a: Roaring Moon\n|-boost|p2a: Roaring Moon|atk|1\n|-boost|p2a: Roaring Moon|spe|1\n|\n|upkeep\n|turn|18\n|inactive|Time left: 300 sec this turn | 300 sec total\n|\n|t:|1783554871\n|move|p2a: Roaring Moon|Outrage|p1a: Electivire\n|-damage|p1a: Electivire|0 fnt\n|faint|p1a: Electivire\n|\n|upkeep\n|\n|t:|1783554872\n|switch|p1a: Cacturne|Cacturne, L92, F|91/100\n|turn|19\n|inactive|Time left: 300 sec this turn | 300 sec total\n|\n|t:|1783554873\n|move|p1a: Cacturne|Sucker Punch|p2a: Roaring Moon\n|-resisted|p2a: Roaring Moon\n|-damage|p2a: Roaring Moon|0 fnt\n|faint|p2a: Roaring Moon\n|-end|p2a: Roaring Moon|Protosynthesis|[silent]\n|-damage|p1a: Cacturne|81/100|[from] item: Life Orb\n|\n|upkeep\n|inactive|Time left: 300 sec this turn | 300 sec total | 5 sec grace\n|\n|t:|1783554874\n|switch|p2a: Clefable|Clefable, L83, M|293/293\n|turn|20\n|inactive|Time left: 300 sec this turn | 300 sec total\n|\n|t:|1783554875\n|move|p1a: Cacturne|Knock Off|p2a: Clefable\n|-resisted|p2a: Clefable\n|-damage|p2a: Clefable|194/293\n|-enditem|p2a: Clefable|Leftovers|[from] move: Knock Off|[of] p1a: Cacturne\n|-damage|p1a: Cacturne|71/100|[from] item: Life Orb\n|move|p2a: Clefable|Moonblast|p1a: Cacturne\n|-supereffective|p1a: Cacturne\n|-damage|p1a: Cacturne|0 fnt\n|faint|p1a: Cacturne\n|\n|upkeep\n|\n|t:|1783554877\n|switch|p1a: Maushold|Maushold-Four, L76|100/100\n|turn|21\n|inactive|Time left: 300 sec this turn | 300 sec total\n|\n|t:|1783554878\n|move|p1a: Maushold|Population Bomb|p2a: Clefable\n|-damage|p2a: Clefable|166/293\n|-damage|p2a: Clefable|142/293\n|-damage|p2a: Clefable|117/293\n|-damage|p2a: Clefable|93/293\n|-damage|p2a: Clefable|69/293\n|-damage|p2a: Clefable|42/293\n|-damage|p2a: Clefable|17/293\n|-damage|p2a: Clefable|0 fnt\n|faint|p2a: Clefable\n|-hitcount|p2: Clefable|8\n|\n|upkeep\n|inactive|Time left: 300 sec this turn | 300 sec total | 5 sec grace\n|\n|t:|1783554878\n|switch|p2a: Ambipom|Ambipom, L84, F|263/263\n|turn|22\n|inactive|Time left: 300 sec this turn | 300 sec total\n|\n|t:|1783554879\n|move|p2a: Ambipom|Knock Off|p1a: Maushold\n|-damage|p1a: Maushold|61/100\n|-enditem|p1a: Maushold|Wide Lens|[from] move: Knock Off|[of] p2a: Ambipom\n|move|p1a: Maushold|Tidy Up|p1a: Maushold\n|-boost|p1a: Maushold|atk|1\n|-boost|p1a: Maushold|spe|1\n|\n|upkeep\n|turn|23\n|inactive|Time left: 300 sec this turn | 300 sec total\n|\n|t:|1783554880\n|move|p1a: Maushold|Bite|p2a: Ambipom\n|-crit|p2a: Ambipom\n|-damage|p2a: Ambipom|145/263\n|move|p2a: Ambipom|U-turn|p1a: Maushold\n|-damage|p1a: Maushold|35/100\n|inactive|Time left: 300 sec this turn | 300 sec total | 5 sec grace\n|\n|t:|1783554881\n|switch|p2a: Gothitelle|Gothitelle, L90, M|272/272|[from] U-turn\n|\n|upkeep\n|turn|24\n|inactive|Time left: 300 sec this turn | 300 sec total\n|\n|t:|1783554882\n|-terastallize|p2a: Gothitelle|Flying\n|move|p1a: Maushold|Bite|p2a: Gothitelle\n|-damage|p2a: Gothitelle|213/272\n|cant|p2a: Gothitelle|flinch\n|\n|-heal|p2a: Gothitelle|230/272|[from] item: Leftovers\n|upkeep\n|turn|25\n|inactive|Time left: 300 sec this turn | 300 sec total\n|\n|t:|1783554883\n|move|p1a: Maushold|Bite|p2a: Gothitelle\n|-damage|p2a: Gothitelle|169/272\n|move|p2a: Gothitelle|Thunderbolt|p1a: Maushold\n|-damage|p1a: Maushold|0 fnt\n|faint|p1a: Maushold\n|\n|win|p0y1279136e", "uploadtime": 1783554883, "views": 0, "rating": 0, "private": 0, "password": null, "_winner": "p0y1279136e", "_our_name": "p0y1279136e"}