{"id": "battle-gen9randombattle-2680", "formatid": "gen9randombattle", "format": "[Gen 9] Random Battle", "players": ["p0x26800fc5", "p0y2680ba7d"], "log": "|init|battle\n|title|p0x26800fc5 vs. p0y2680ba7d\n|j|\u2606p0x26800fc5\n|j|\u2606p0y2680ba7d\n|t:|1783569904\n|gametype|singles\n|player|p1|p0x26800fc5|170|\n|player|p2|p0y2680ba7d|102|\n|gen|9\n|tier|[Gen 9] Random Battle\n|rule|Species Clause: Limit one of each Pok\u00e9mon\n|rule|HP Percentage Mod: HP is shown in percentages\n|rule|Sleep Clause Mod: Limit one foe put to sleep\n|rule|Illusion Level Mod: Illusion disguises the Pok\u00e9mon's true level\n|\n|t:|1783569904\n|teamsize|p1|6\n|teamsize|p2|6\n|start\n|switch|p1a: Swanna|Swanna, L89, F|278/278\n|switch|p2a: Bronzong|Bronzong, L88|100/100\n|turn|1\n|inactive|Battle timer is ON: inactive players will automatically lose when time's up. (requested by p0x26800fc5)\n|inactive|p0y2680ba7d also wants the timer to be on.\n|\n|t:|1783569906\n|move|p1a: Swanna|Hydro Pump|p2a: Bronzong\n|-damage|p2a: Bronzong|64/100\n|move|p2a: Bronzong|Stealth Rock|p1a: Swanna\n|-sidestart|p1: p0x26800fc5|move: Stealth Rock\n|\n|-heal|p2a: Bronzong|71/100|[from] item: Leftovers\n|upkeep\n|turn|2\n|inactive|Time left: 300 sec this turn | 300 sec total\n|\n|t:|1783569907\n|move|p1a: Swanna|Defog|p2a: Bronzong\n|-unboost|p2a: Bronzong|evasion|1\n|-sideend|p1: p0x26800fc5|Stealth Rock|[from] move: Defog|[of] p1a: Swanna\n|move|p2a: Bronzong|Psychic Noise|p1a: Swanna\n|-damage|p1a: Swanna|191/278\n|-start|p1a: Swanna|move: Heal Block\n|\n|-heal|p2a: Bronzong|77/100|[from] item: Leftovers\n|upkeep\n|turn|3\n|inactive|Time left: 300 sec this turn | 300 sec total\n|\n|t:|1783569908\n|move|p1a: Swanna|Hydro Pump|p2a: Bronzong\n|-damage|p2a: Bronzong|44/100\n|move|p2a: Bronzong|Psychic Noise|p1a: Swanna\n|-damage|p1a: Swanna|101/278\n|\n|-heal|p2a: Bronzong|50/100|[from] item: Leftovers\n|-end|p1a: Swanna|move: Heal Block\n|upkeep\n|turn|4\n|inactive|Time left: 300 sec this turn | 300 sec total\n|\n|t:|1783569909\n|move|p1a: Swanna|Roost|p1a: Swanna\n|-heal|p1a: Swanna|240/278\n|-singleturn|p1a: Swanna|move: Roost\n|move|p2a: Bronzong|Stealth Rock|p1a: Swanna\n|-sidestart|p1: p0x26800fc5|move: Stealth Rock\n|\n|-heal|p2a: Bronzong|56/100|[from] item: Leftovers\n|upkeep\n|turn|5\n|inactive|Time left: 300 sec this turn | 300 sec total\n|\n|t:|1783569910\n|move|p1a: Swanna|Hydro Pump|p2a: Bronzong\n|-damage|p2a: Bronzong|22/100\n|move|p2a: Bronzong|Psychic Noise|p1a: Swanna\n|-damage|p1a: Swanna|156/278\n|-start|p1a: Swanna|move: Heal Block\n|\n|-heal|p2a: Bronzong|28/100|[from] item: Leftovers\n|upkeep\n|turn|6\n|inactive|Time left: 300 sec this turn | 300 sec total\n|\n|t:|1783569911\n|move|p1a: Swanna|Hydro Pump|p2a: Bronzong\n|-damage|p2a: Bronzong|0 fnt\n|faint|p2a: Bronzong\n|\n|-end|p1a: Swanna|move: Heal Block\n|upkeep\n|\n|t:|1783569912\n|switch|p2a: Hydrapple|Hydrapple, L83, F|100/100\n|turn|7\n|inactive|Time left: 300 sec this turn | 300 sec total\n|\n|t:|1783569913\n|move|p1a: Swanna|Defog|p2a: Hydrapple\n|-unboost|p2a: Hydrapple|evasion|1\n|-sideend|p1: p0x26800fc5|Stealth Rock|[from] move: Defog|[of] p1a: Swanna\n|move|p2a: Hydrapple|Fickle Beam|p1a: Swanna\n|-damage|p1a: Swanna|0 fnt\n|faint|p1a: Swanna\n|\n|upkeep\n|inactive|Time left: 300 sec this turn | 300 sec total | 5 sec grace\n|\n|t:|1783569914\n|switch|p1a: Rabsca|Rabsca, L91, M|284/284\n|turn|8\n|inactive|Time left: 300 sec this turn | 300 sec total\n|\n|t:|1783569915\n|move|p1a: Rabsca|Bug Buzz|p2a: Hydrapple\n|-supereffective|p2a: Hydrapple\n|-damage|p2a: Hydrapple|4/100\n|move|p2a: Hydrapple|Fickle Beam|p1a: Rabsca\n|-damage|p1a: Rabsca|170/284\n|\n|upkeep\n|turn|9\n|inactive|Time left: 300 sec this turn | 300 sec total\n|\n|t:|1783569916\n|switch|p2a: Eelektross|Eelektross, L87, M|100/100\n|move|p1a: Rabsca|Psychic|p2a: Eelektross\n|-damage|p2a: Eelektross|58/100\n|\n|-heal|p2a: Eelektross|64/100|[from] item: Leftovers\n|upkeep\n|turn|10\n|inactive|Time left: 300 sec this turn | 300 sec total\n|\n|t:|1783569918\n|move|p2a: Eelektross|Knock Off|p1a: Rabsca\n|-supereffective|p1a: Rabsca\n|-damage|p1a: Rabsca|12/284\n|-enditem|p1a: Rabsca|Heavy-Duty Boots|[from] move: Knock Off|[of] p2a: Eelektross\n|move|p1a: Rabsca|Psychic|p2a: Eelektross\n|-damage|p2a: Eelektross|15/100\n|-unboost|p2a: Eelektross|spd|1\n|\n|-heal|p2a: Eelektross|21/100|[from] item: Leftovers\n|upkeep\n|turn|11\n|inactive|Time left: 300 sec this turn | 300 sec total\n|\n|t:|1783569919\n|move|p2a: Eelektross|Knock Off|p1a: Rabsca\n|-supereffective|p1a: Rabsca\n|-damage|p1a: Rabsca|0 fnt\n|faint|p1a: Rabsca\n|\n|-heal|p2a: Eelektross|27/100|[from] item: Leftovers\n|upkeep\n|inactive|Time left: 300 sec this turn | 300 sec total | 5 sec grace\n|\n|t:|1783569920\n|switch|p1a: Shiftry|Shiftry, L89, M|305/305\n|turn|12\n|inactive|Time left: 300 sec this turn | 300 sec total\n|\n|t:|1783569921\n|switch|p2a: Greedent|Greedent, L86, M|100/100\n|move|p1a: Shiftry|Knock Off|p2a: Greedent\n|-damage|p2a: Greedent|62/100\n|-enditem|p2a: Greedent|Sitrus Berry|[from] move: Knock Off|[of] p1a: Shiftry\n|-damage|p1a: Shiftry|275/305|[from] item: Life Orb\n|\n|upkeep\n|turn|13\n|inactive|Time left: 300 sec this turn | 300 sec total\n|\n|t:|1783569922\n|move|p1a: Shiftry|Swords Dance|p1a: Shiftry\n|-boost|p1a: Shiftry|atk|2\n|move|p2a: Greedent|Body Slam|p1a: Shiftry\n|-damage|p1a: Shiftry|167/305\n|\n|upkeep\n|turn|14\n|inactive|Time left: 300 sec this turn | 300 sec total\n|\n|t:|1783569923\n|move|p1a: Shiftry|Leaf Blade|p2a: Greedent\n|-damage|p2a: Greedent|0 fnt\n|faint|p2a: Greedent\n|-damage|p1a: Shiftry|137/305|[from] item: Life Orb\n|\n|upkeep\n|\n|t:|1783569924\n|switch|p2a: Articuno|Articuno, L86|100/100\n|-ability|p2a: Articuno|Pressure\n|turn|15\n|inactive|Time left: 300 sec this turn | 300 sec total\n|\n|t:|1783569925\n|move|p1a: Shiftry|Sucker Punch|p2a: Articuno\n|-damage|p2a: Articuno|33/100\n|-damage|p1a: Shiftry|107/305|[from] item: Life Orb\n|move|p2a: Articuno|Freeze-Dry|p1a: Shiftry\n|-supereffective|p1a: Shiftry\n|-damage|p1a: Shiftry|0 fnt\n|faint|p1a: Shiftry\n|\n|upkeep\n|inactive|Time left: 300 sec this turn | 300 sec total | 5 sec grace\n|\n|t:|1783569926\n|switch|p1a: Salazzle|Salazzle, L83, F|249/249\n|turn|16\n|inactive|Time left: 300 sec this turn | 300 sec total\n|\n|t:|1783569926\n|switch|p2a: Cresselia|Cresselia, L80, F|100/100\n|move|p1a: Salazzle|Flamethrower|p2a: Cresselia\n|-damage|p2a: Cresselia|74/100\n|-status|p2a: Cresselia|brn\n|\n|-heal|p2a: Cresselia|80/100 brn|[from] item: Leftovers\n|-damage|p2a: Cresselia|74/100 brn|[from] brn\n|upkeep\n|turn|17\n|inactive|Time left: 300 sec this turn | 300 sec total\n|\n|t:|1783569927\n|move|p1a: Salazzle|Flamethrower|p2a: Cresselia\n|-damage|p2a: Cresselia|48/100 brn\n|move|p2a: Cresselia|Calm Mind|p2a: Cresselia\n|-boost|p2a: Cresselia|spa|1\n|-boost|p2a: Cresselia|spd|1\n|\n|-heal|p2a: Cresselia|54/100 brn|[from] item: Leftovers\n|-damage|p2a: Cresselia|48/100 brn|[from] brn\n|upkeep\n|turn|18\n|inactive|Time left: 300 sec this turn | 300 sec total\n|\n|t:|1783569928\n|move|p1a: Salazzle|Substitute|p1a: Salazzle\n|-start|p1a: Salazzle|Substitute\n|-damage|p1a: Salazzle|187/249\n|move|p2a: Cresselia|Moonlight|p2a: Cresselia\n|-heal|p2a: Cresselia|98/100 brn\n|\n|-heal|p1a: Salazzle|202/249|[from] item: Leftovers\n|-heal|p2a: Cresselia|100/100 brn|[from] item: Leftovers\n|-damage|p2a: Cresselia|94/100 brn|[from] brn\n|upkeep\n|turn|19\n|inactive|Time left: 300 sec this turn | 300 sec total\n|\n|t:|1783569929\n|move|p1a: Salazzle|Flamethrower|p2a: Cresselia\n|-crit|p2a: Cresselia\n|-damage|p2a: Cresselia|54/100 brn\n|move|p2a: Cresselia|Calm Mind|p2a: Cresselia\n|-boost|p2a: Cresselia|spa|1\n|-boost|p2a: Cresselia|spd|1\n|\n|-heal|p1a: Salazzle|217/249|[from] item: Leftovers\n|-heal|p2a: Cresselia|60/100 brn|[from] item: Leftovers\n|-damage|p2a: Cresselia|54/100 brn|[from] brn\n|upkeep\n|turn|20\n|inactive|Time left: 300 sec this turn | 300 sec total\n|\n|t:|1783569930\n|move|p1a: Salazzle|Flamethrower|p2a: Cresselia\n|-damage|p2a: Cresselia|40/100 brn\n|move|p2a: Cresselia|Moonlight|p2a: Cresselia\n|-heal|p2a: Cresselia|90/100 brn\n|\n|-heal|p1a: Salazzle|232/249|[from] item: Leftovers\n|-heal|p2a: Cresselia|96/100 brn|[from] item: Leftovers\n|-damage|p2a: Cresselia|90/100 brn|[from] brn\n|upkeep\n|turn|21\n|inactive|Time left: 300 sec this turn | 300 sec total\n|\n|t:|1783569931\n|move|p1a: Salazzle|Flamethrower|p2a: Cresselia\n|-damage|p2a: Cresselia|76/100 brn\n|move|p2a: Cresselia|Calm Mind|p2a: Cresselia\n|-boost|p2a: Cresselia|spa|1\n|-boost|p2a: Cresselia|spd|1\n|\n|-heal|p1a: Salazzle|247/249|[from] item: Leftovers\n|-heal|p2a: Cresselia|82/100 brn|[from] item: Leftovers\n|-damage|p2a: Cresselia|76/100 brn|[from] brn\n|upkeep\n|turn|22\n|inactive|Time left: 300 sec this turn | 300 sec total\n|\n|t:|1783569932\n|move|p1a: Salazzle|Protect|p1a: Salazzle\n|-singleturn|p1a: Salazzle|Protect\n|move|p2a: Cresselia|Psyshock|p1a: Salazzle\n|-activate|p1a: Salazzle|move: Protect\n|\n|-heal|p1a: Salazzle|249/249|[from] item: Leftovers\n|-heal|p2a: Cresselia|82/100 brn|[from] item: Leftovers\n|-damage|p2a: Cresselia|76/100 brn|[from] brn\n|upkeep\n|turn|23\n|inactive|Time left: 300 sec this turn | 300 sec total\n|\n|t:|1783569933\n|move|p1a: Salazzle|Flamethrower|p2a: Cresselia\n|-damage|p2a: Cresselia|64/100 brn\n|move|p2a: Cresselia|Psyshock|p1a: Salazzle\n|-supereffective|p1a: Salazzle\n|-end|p1a: Salazzle|Substitute\n|\n|-heal|p2a: Cresselia|70/100 brn|[from] item: Leftovers\n|-damage|p2a: Cresselia|64/100 brn|[from] brn\n|upkeep\n|turn|24\n|inactive|Time left: 300 sec this turn | 300 sec total\n|\n|t:|1783569934\n|move|p1a: Salazzle|Substitute|p1a: Salazzle\n|-start|p1a: Salazzle|Substitute\n|-damage|p1a: Salazzle|187/249\n|move|p2a: Cresselia|Psyshock|p1a: Salazzle\n|-supereffective|p1a: Salazzle\n|-end|p1a: Salazzle|Substitute\n|\n|-heal|p1a: Salazzle|202/249|[from] item: Leftovers\n|-heal|p2a: Cresselia|70/100 brn|[from] item: Leftovers\n|-damage|p2a: Cresselia|64/100 brn|[from] brn\n|upkeep\n|turn|25\n|inactive|Time left: 300 sec this turn | 300 sec total\n|\n|t:|1783569935\n|move|p1a: Salazzle|Protect|p1a: Salazzle\n|-singleturn|p1a: Salazzle|Protect\n|move|p2a: Cresselia|Psyshock|p1a: Salazzle\n|-activate|p1a: Salazzle|move: Protect\n|\n|-heal|p1a: Salazzle|217/249|[from] item: Leftovers\n|-heal|p2a: Cresselia|70/100 brn|[from] item: Leftovers\n|-damage|p2a: Cresselia|64/100 brn|[from] brn\n|upkeep\n|turn|26\n|inactive|Time left: 300 sec this turn | 300 sec total\n|\n|t:|1783569936\n|move|p1a: Salazzle|Substitute|p1a: Salazzle\n|-start|p1a: Salazzle|Substitute\n|-damage|p1a: Salazzle|155/249\n|move|p2a: Cresselia|Psyshock|p1a: Salazzle\n|-supereffective|p1a: Salazzle\n|-crit|p1a: Salazzle\n|-end|p1a: Salazzle|Substitute\n|\n|-heal|p1a: Salazzle|170/249|[from] item: Leftovers\n|-heal|p2a: Cresselia|70/100 brn|[from] item: Leftovers\n|-damage|p2a: Cresselia|64/100 brn|[from] brn\n|upkeep\n|turn|27\n|inactive|Time left: 300 sec this turn | 300 sec total\n|\n|t:|1783569937\n|move|p1a: Salazzle|Protect|p1a: Salazzle\n|-singleturn|p1a: Salazzle|Protect\n|move|p2a: Cresselia|Psyshock|p1a: Salazzle\n|-activate|p1a: Salazzle|move: Protect\n|\n|-heal|p1a: Salazzle|185/249|[from] item: Leftovers\n|-heal|p2a: Cresselia|70/100 brn|[from] item: Leftovers\n|-damage|p2a: Cresselia|64/100 brn|[from] brn\n|upkeep\n|turn|28\n|inactive|Time left: 300 sec this turn | 300 sec total\n|\n|t:|1783569938\n|move|p1a: Salazzle|Substitute|p1a: Salazzle\n|-start|p1a: Salazzle|Substitute\n|-damage|p1a: Salazzle|123/249\n|move|p2a: Cresselia|Psyshock|p1a: Salazzle\n|-supereffective|p1a: Salazzle\n|-end|p1a: Salazzle|Substitute\n|\n|-heal|p1a: Salazzle|138/249|[from] item: Leftovers\n|-heal|p2a: Cresselia|70/100 brn|[from] item: Leftovers\n|-damage|p2a: Cresselia|64/100 brn|[from] brn\n|upkeep\n|turn|29\n|inactive|Time left: 300 sec this turn | 300 sec total\n|\n|t:|1783569939\n|move|p1a: Salazzle|Substitute|p1a: Salazzle\n|-start|p1a: Salazzle|Substitute\n|-damage|p1a: Salazzle|76/249\n|move|p2a: Cresselia|Psyshock|p1a: Salazzle\n|-supereffective|p1a: Salazzle\n|-end|p1a: Salazzle|Substitute\n|\n|-heal|p1a: Salazzle|91/249|[from] item: Leftovers\n|-heal|p2a: Cresselia|70/100 brn|[from] item: Leftovers\n|-damage|p2a: Cresselia|64/100 brn|[from] brn\n|upkeep\n|turn|30\n|inactive|Time left: 300 sec this turn | 300 sec total\n|\n|t:|1783569940\n|move|p1a: Salazzle|Substitute|p1a: Salazzle\n|-start|p1a: Salazzle|Substitute\n|-damage|p1a: Salazzle|29/249\n|move|p2a: Cresselia|Psyshock|p1a: Salazzle\n|-supereffective|p1a: Salazzle\n|-end|p1a: Salazzle|Substitute\n|\n|-heal|p1a: Salazzle|44/249|[from] item: Leftovers\n|-heal|p2a: Cresselia|70/100 brn|[from] item: Leftovers\n|-damage|p2a: Cresselia|64/100 brn|[from] brn\n|upkeep\n|turn|31\n|inactive|Time left: 300 sec this turn | 300 sec total\n|\n|t:|1783569941\n|move|p1a: Salazzle|Protect|p1a: Salazzle\n|-singleturn|p1a: Salazzle|Protect\n|move|p2a: Cresselia|Psyshock|p1a: Salazzle\n|-activate|p1a: Salazzle|move: Protect\n|\n|-heal|p1a: Salazzle|59/249|[from] item: Leftovers\n|-heal|p2a: Cresselia|70/100 brn|[from] item: Leftovers\n|-damage|p2a: Cresselia|64/100 brn|[from] brn\n|upkeep\n|turn|32\n|inactive|Time left: 300 sec this turn | 300 sec total\n|\n|t:|1783569942\n|move|p1a: Salazzle|Flamethrower|p2a: Cresselia\n|-crit|p2a: Cresselia\n|-damage|p2a: Cresselia|25/100 brn\n|move|p2a: Cresselia|Psyshock|p1a: Salazzle\n|-supereffective|p1a: Salazzle\n|-damage|p1a: Salazzle|0 fnt\n|faint|p1a: Salazzle\n|\n|-heal|p2a: Cresselia|31/100 brn|[from] item: Leftovers\n|-damage|p2a: Cresselia|25/100 brn|[from] brn\n|upkeep\n|inactive|Time left: 300 sec this turn | 300 sec total | 5 sec grace\n|\n|t:|1783569943\n|switch|p1a: Iron Hands|Iron Hands, L79|373/373\n|turn|33\n|inactive|Time left: 300 sec this turn | 300 sec total\n|\n|t:|1783569944\n|-terastallize|p1a: Iron Hands|Electric\n|move|p2a: Cresselia|Moonlight|p2a: Cresselia\n|-heal|p2a: Cresselia|74/100 brn\n|move|p1a: Iron Hands|Thunder Punch|p2a: Cresselia\n|-damage|p2a: Cresselia|40/100 brn\n|\n|-heal|p2a: Cresselia|46/100 brn|[from] item: Leftovers\n|-damage|p2a: Cresselia|40/100 brn|[from] brn\n|upkeep\n|turn|34\n|inactive|Time left: 300 sec this turn | 300 sec total\n|\n|t:|1783569945\n|move|p2a: Cresselia|Moonlight|p2a: Cresselia\n|-heal|p2a: Cresselia|90/100 brn\n|move|p1a: Iron Hands|Thunder Punch|p2a: Cresselia\n|-damage|p2a: Cresselia|57/100 brn\n|\n|-heal|p2a: Cresselia|63/100 brn|[from] item: Leftovers\n|-damage|p2a: Cresselia|57/100 brn|[from] brn\n|upkeep\n|turn|35\n|inactive|Time left: 300 sec this turn | 300 sec total\n|\n|t:|1783569946\n|move|p2a: Cresselia|Moonlight|p2a: Cresselia\n|-heal|p2a: Cresselia|100/100 brn\n|move|p1a: Iron Hands|Thunder Punch|p2a: Cresselia\n|-damage|p2a: Cresselia|64/100 brn\n|\n|-heal|p2a: Cresselia|70/100 brn|[from] item: Leftovers\n|-damage|p2a: Cresselia|64/100 brn|[from] brn\n|upkeep\n|turn|36\n|inactive|Time left: 300 sec this turn | 300 sec total\n|\n|t:|1783569947\n|move|p2a: Cresselia|Moonlight|p2a: Cresselia\n|-heal|p2a: Cresselia|100/100 brn\n|move|p1a: Iron Hands|Thunder Punch|p2a: Cresselia\n|-damage|p2a: Cresselia|65/100 brn\n|\n|-heal|p2a: Cresselia|71/100 brn|[from] item: Leftovers\n|-damage|p2a: Cresselia|65/100 brn|[from] brn\n|upkeep\n|turn|37\n|inactive|Time left: 300 sec this turn | 300 sec total\n|\n|t:|1783569949\n|move|p2a: Cresselia|Psyshock|p1a: Iron Hands\n|-damage|p1a: Iron Hands|238/373\n|move|p1a: Iron Hands|Thunder Punch|p2a: Cresselia\n|-damage|p2a: Cresselia|29/100 brn\n|\n|-heal|p2a: Cresselia|35/100 brn|[from] item: Leftovers\n|-damage|p2a: Cresselia|29/100 brn|[from] brn\n|upkeep\n|turn|38\n|inactive|Time left: 300 sec this turn | 300 sec total\n|\n|t:|1783569950\n|move|p2a: Cresselia|Moonlight|p2a: Cresselia\n|-heal|p2a: Cresselia|79/100 brn\n|move|p1a: Iron Hands|Thunder Punch|p2a: Cresselia\n|-damage|p2a: Cresselia|41/100 brn\n|\n|-heal|p2a: Cresselia|48/100 brn|[from] item: Leftovers\n|-damage|p2a: Cresselia|41/100 brn|[from] brn\n|upkeep\n|turn|39\n|inactive|Time left: 300 sec this turn | 300 sec total\n|\n|t:|1783569951\n|move|p2a: Cresselia|Moonlight|p2a: Cresselia\n|-heal|p2a: Cresselia|91/100 brn\n|move|p1a: Iron Hands|Thunder Punch|p2a: Cresselia\n|-damage|p2a: Cresselia|59/100 brn\n|\n|-heal|p2a: Cresselia|65/100 brn|[from] item: Leftovers\n|-damage|p2a: Cresselia|59/100 brn|[from] brn\n|upkeep\n|turn|40\n|inactive|Time left: 300 sec this turn | 300 sec total\n|\n|t:|1783569952\n|move|p2a: Cresselia|Psyshock|p1a: Iron Hands\n|-damage|p1a: Iron Hands|94/373\n|move|p1a: Iron Hands|Thunder Punch|p2a: Cresselia\n|-damage|p2a: Cresselia|25/100 brn\n|\n|-heal|p2a: Cresselia|31/100 brn|[from] item: Leftovers\n|-damage|p2a: Cresselia|25/100 brn|[from] brn\n|upkeep\n|turn|41\n|inactive|Time left: 300 sec this turn | 300 sec total\n|\n|t:|1783569953\n|move|p2a: Cresselia|Psyshock|p1a: Iron Hands\n|-damage|p1a: Iron Hands|0 fnt\n|faint|p1a: Iron Hands\n|-end|p1a: Iron Hands|Quark Drive|[silent]\n|\n|-heal|p2a: Cresselia|31/100 brn|[from] item: Leftovers\n|-damage|p2a: Cresselia|25/100 brn|[from] brn\n|upkeep\n|inactive|Time left: 300 sec this turn | 300 sec total | 5 sec grace\n|\n|t:|1783569954\n|switch|p1a: Gholdengo|Gholdengo, L77|261/261\n|turn|42\n|inactive|Time left: 300 sec this turn | 300 sec total\n|\n|t:|1783569955\n|move|p2a: Cresselia|Psyshock|p1a: Gholdengo\n|-resisted|p1a: Gholdengo\n|-damage|p1a: Gholdengo|183/261\n|move|p1a: Gholdengo|Shadow Ball|p2a: Cresselia\n|-supereffective|p2a: Cresselia\n|-damage|p2a: Cresselia|8/100 brn\n|\n|-heal|p2a: Cresselia|14/100 brn|[from] item: Leftovers\n|-heal|p1a: Gholdengo|199/261|[from] item: Leftovers\n|-damage|p2a: Cresselia|8/100 brn|[from] brn\n|upkeep\n|turn|43\n|inactive|Time left: 300 sec this turn | 300 sec total\n|\n|t:|1783569957\n|-terastallize|p2a: Cresselia|Fairy\n|move|p2a: Cresselia|Moonblast|p1a: Gholdengo\n|-resisted|p1a: Gholdengo\n|-damage|p1a: Gholdengo|90/261\n|move|p1a: Gholdengo|Recover|p1a: Gholdengo\n|-heal|p1a: Gholdengo|221/261\n|\n|-heal|p2a: Cresselia|14/100 brn|[from] item: Leftovers\n|-heal|p1a: Gholdengo|237/261|[from] item: Leftovers\n|-damage|p2a: Cresselia|8/100 brn|[from] brn\n|upkeep\n|turn|44\n|inactive|Time left: 300 sec this turn | 300 sec total\n|\n|t:|1783569958\n|move|p2a: Cresselia|Moonblast|p1a: Gholdengo\n|-resisted|p1a: Gholdengo\n|-damage|p1a: Gholdengo|129/261\n|move|p1a: Gholdengo|Shadow Ball|p2a: Cresselia\n|-damage|p2a: Cresselia|0 fnt\n|faint|p2a: Cresselia\n|\n|-heal|p1a: Gholdengo|145/261|[from] item: Leftovers\n|upkeep\n|\n|t:|1783569958\n|switch|p2a: Hydrapple|Hydrapple, L83, F|37/100\n|turn|45\n|inactive|Time left: 300 sec this turn | 300 sec total\n|\n|t:|1783569960\n|move|p1a: Gholdengo|Recover|p1a: Gholdengo\n|-heal|p1a: Gholdengo|261/261\n|move|p2a: Hydrapple|Earth Power|p1a: Gholdengo\n|-supereffective|p1a: Gholdengo\n|-damage|p1a: Gholdengo|27/261\n|\n|-heal|p1a: Gholdengo|43/261|[from] item: Leftovers\n|upkeep\n|turn|46\n|inactive|Time left: 300 sec this turn | 300 sec total\n|\n|t:|1783569961\n|move|p1a: Gholdengo|Thunder Wave|p2a: Hydrapple\n|-status|p2a: Hydrapple|par\n|move|p2a: Hydrapple|Earth Power|p1a: Gholdengo\n|-supereffective|p1a: Gholdengo\n|-damage|p1a: Gholdengo|0 fnt\n|faint|p1a: Gholdengo\n|\n|win|p0y2680ba7d", "uploadtime": 1783569961, "views": 0, "rating": 0, "private": 0, "password": null, "_winner": "p0y2680ba7d", "_our_name": "p0x26800fc5"}