{"id": "battle-gen9randombattle-929", "formatid": "gen9randombattle", "format": "[Gen 9] Random Battle", "players": ["p0x9294d39", "p0y9292c4f"], "log": "|init|battle\n|title|p0x9294d39 vs. p0y9292c4f\n|j|\u2606p0x9294d39\n|j|\u2606p0y9292c4f\n|t:|1783549909\n|gametype|singles\n|player|p1|p0x9294d39|101|\n|player|p2|p0y9292c4f|1|\n|gen|9\n|tier|[Gen 9] Random Battle\n|rule|Species Clause: Limit one of each Pok\u00e9mon\n|rule|HP Percentage Mod: HP is shown in percentages\n|rule|Sleep Clause Mod: Limit one foe put to sleep\n|rule|Illusion Level Mod: Illusion disguises the Pok\u00e9mon's true level\n|\n|t:|1783549909\n|teamsize|p1|6\n|teamsize|p2|6\n|start\n|switch|p1a: Meowscarada|Meowscarada, L78, M|100/100\n|switch|p2a: Gothitelle|Gothitelle, L90, M|272/272\n|turn|1\n|inactive|Battle timer is ON: inactive players will automatically lose when time's up. (requested by p0x9294d39)\n|inactive|Time left: 300 sec this turn | 300 sec total | 60 sec grace\n|inactive|p0y9292c4f also wants the timer to be on.\n|\n|t:|1783549910\n|move|p2a: Gothitelle|Focus Blast|p1a: Meowscarada|[miss]\n|-miss|p2a: Gothitelle|p1a: Meowscarada\n|move|p1a: Meowscarada|Knock Off|p2a: Gothitelle\n|-start|p1a: Meowscarada|typechange|Dark|[from] ability: Protean\n|-supereffective|p2a: Gothitelle\n|-damage|p2a: Gothitelle|96/272\n|-enditem|p2a: Gothitelle|Choice Scarf|[from] move: Knock Off|[of] p1a: Meowscarada\n|\n|upkeep\n|turn|2\n|inactive|Time left: 300 sec this turn | 300 sec total\n|\n|t:|1783549911\n|-terastallize|p2a: Gothitelle|Steel\n|move|p1a: Meowscarada|Knock Off|p2a: Gothitelle\n|-damage|p2a: Gothitelle|38/272\n|move|p2a: Gothitelle|Focus Blast|p1a: Meowscarada\n|-supereffective|p1a: Meowscarada\n|-crit|p1a: Meowscarada\n|-damage|p1a: Meowscarada|0 fnt\n|faint|p1a: Meowscarada\n|\n|upkeep\n|\n|t:|1783549913\n|switch|p1a: Weavile|Weavile, L79, F|100/100\n|turn|3\n|inactive|Time left: 300 sec this turn | 300 sec total\n|\n|t:|1783549914\n|move|p1a: Weavile|Swords Dance|p1a: Weavile\n|-boost|p1a: Weavile|atk|2\n|move|p2a: Gothitelle|Focus Blast|p1a: Weavile\n|-supereffective|p1a: Weavile\n|-damage|p1a: Weavile|0 fnt\n|faint|p1a: Weavile\n|\n|upkeep\n|\n|t:|1783549915\n|switch|p1a: Haxorus|Haxorus, L77, M|100/100\n|-ability|p1a: Haxorus|Mold Breaker\n|turn|4\n|inactive|Time left: 300 sec this turn | 300 sec total\n|\n|t:|1783549916\n|switch|p2a: Jirachi|Jirachi, L80|291/291\n|move|p1a: Haxorus|Swords Dance|p1a: Haxorus\n|-boost|p1a: Haxorus|atk|2\n|\n|upkeep\n|turn|5\n|inactive|Time left: 300 sec this turn | 300 sec total\n|\n|t:|1783549917\n|move|p2a: Jirachi|Iron Head|p1a: Haxorus\n|-damage|p1a: Haxorus|67/100\n|cant|p1a: Haxorus|flinch\n|\n|upkeep\n|turn|6\n|inactive|Time left: 300 sec this turn | 300 sec total\n|\n|t:|1783549919\n|move|p2a: Jirachi|Iron Head|p1a: Haxorus\n|-damage|p1a: Haxorus|33/100\n|move|p1a: Haxorus|Scale Shot|p2a: Jirachi\n|-resisted|p2a: Jirachi\n|-damage|p2a: Jirachi|264/291\n|-resisted|p2a: Jirachi\n|-damage|p2a: Jirachi|234/291\n|-resisted|p2a: Jirachi\n|-damage|p2a: Jirachi|206/291\n|-resisted|p2a: Jirachi\n|-damage|p2a: Jirachi|177/291\n|-hitcount|p2a: Jirachi|4\n|-unboost|p1a: Haxorus|def|1\n|-boost|p1a: Haxorus|spe|1\n|\n|upkeep\n|turn|7\n|inactive|Time left: 300 sec this turn | 300 sec total\n|\n|t:|1783549920\n|switch|p2a: Banette|Banette, L93, F|270/270\n|move|p1a: Haxorus|Close Combat|p2a: Banette\n|-immune|p2a: Banette\n|\n|upkeep\n|turn|8\n|inactive|Time left: 300 sec this turn | 300 sec total\n|\n|t:|1783549921\n|switch|p1a: Grafaiai|Grafaiai, L86, M|100/100\n|move|p2a: Banette|Shadow Sneak|p1a: Grafaiai\n|-immune|p1a: Grafaiai\n|\n|upkeep\n|turn|9\n|inactive|Time left: 300 sec this turn | 300 sec total\n|\n|t:|1783549922\n|switch|p2a: Ho-Oh|Ho-Oh, L71|268/268\n|move|p1a: Grafaiai|Knock Off|p2a: Ho-Oh\n|-damage|p2a: Ho-Oh|154/268\n|-status|p2a: Ho-Oh|psn|[from] ability: Poison Touch|[of] p1a: Grafaiai\n|-enditem|p2a: Ho-Oh|Heavy-Duty Boots|[from] move: Knock Off|[of] p1a: Grafaiai\n|-damage|p1a: Grafaiai|91/100|[from] item: Life Orb\n|\n|-damage|p2a: Ho-Oh|121/268 psn|[from] psn\n|upkeep\n|turn|10\n|inactive|Time left: 300 sec this turn | 300 sec total\n|\n|t:|1783549923\n|move|p1a: Grafaiai|Swords Dance|p1a: Grafaiai\n|-boost|p1a: Grafaiai|atk|2\n|move|p2a: Ho-Oh|Sacred Fire|p1a: Grafaiai\n|-damage|p1a: Grafaiai|41/100\n|-status|p1a: Grafaiai|brn\n|\n|-damage|p2a: Ho-Oh|88/268 psn|[from] psn\n|-damage|p1a: Grafaiai|35/100 brn|[from] brn\n|upkeep\n|turn|11\n|inactive|Time left: 300 sec this turn | 300 sec total\n|\n|t:|1783549924\n|switch|p2a: Gothitelle|Gothitelle, L90, M, tera:Steel|38/272\n|move|p1a: Grafaiai|Gunk Shot|p2a: Gothitelle\n|-immune|p2a: Gothitelle\n|\n|-damage|p1a: Grafaiai|29/100 brn|[from] brn\n|upkeep\n|turn|12\n|inactive|Time left: 300 sec this turn | 300 sec total\n|\n|t:|1783549925\n|move|p1a: Grafaiai|Knock Off|p2a: Gothitelle\n|-damage|p2a: Gothitelle|0 fnt\n|faint|p2a: Gothitelle\n|-damage|p1a: Grafaiai|20/100 brn|[from] item: Life Orb\n|\n|-damage|p1a: Grafaiai|14/100 brn|[from] brn\n|upkeep\n|inactive|Time left: 300 sec this turn | 300 sec total | 5 sec grace\n|\n|t:|1783549926\n|switch|p2a: Ho-Oh|Ho-Oh, L71|177/268 psn\n|turn|13\n|inactive|Time left: 300 sec this turn | 300 sec total\n|\n|t:|1783549927\n|switch|p2a: Jirachi|Jirachi, L80|177/291\n|move|p1a: Grafaiai|Gunk Shot|p2a: Jirachi\n|-immune|p2a: Jirachi\n|\n|-damage|p1a: Grafaiai|8/100 brn|[from] brn\n|upkeep\n|turn|14\n|inactive|Time left: 300 sec this turn | 300 sec total\n|\n|t:|1783549928\n|switch|p2a: Ho-Oh|Ho-Oh, L71|266/268 psn\n|move|p1a: Grafaiai|Knock Off|p2a: Ho-Oh\n|-damage|p2a: Ho-Oh|196/268 psn\n|-damage|p1a: Grafaiai|0 fnt|[from] item: Life Orb\n|faint|p1a: Grafaiai\n|\n|-damage|p2a: Ho-Oh|163/268 psn|[from] psn\n|upkeep\n|\n|t:|1783549929\n|switch|p1a: Haxorus|Haxorus, L77, M|33/100\n|-ability|p1a: Haxorus|Mold Breaker\n|turn|15\n|inactive|Time left: 300 sec this turn | 300 sec total\n|\n|t:|1783549930\n|switch|p2a: Jirachi|Jirachi, L80|177/291\n|move|p1a: Haxorus|Scale Shot|p2a: Jirachi\n|-resisted|p2a: Jirachi\n|-damage|p2a: Jirachi|162/291\n|-resisted|p2a: Jirachi\n|-damage|p2a: Jirachi|147/291\n|-resisted|p2a: Jirachi\n|-damage|p2a: Jirachi|131/291\n|-resisted|p2a: Jirachi\n|-damage|p2a: Jirachi|114/291\n|-resisted|p2a: Jirachi\n|-damage|p2a: Jirachi|99/291\n|-hitcount|p2a: Jirachi|5\n|-unboost|p1a: Haxorus|def|1\n|-boost|p1a: Haxorus|spe|1\n|\n|upkeep\n|turn|16\n|inactive|Time left: 300 sec this turn | 300 sec total\n|\n|t:|1783549931\n|switch|p1a: Slowbro|Slowbro-Galar, L87, M|100/100\n|move|p2a: Jirachi|Drain Punch|p1a: Slowbro\n|-resisted|p1a: Slowbro\n|-damage|p1a: Slowbro|97/100\n|-heal|p2a: Jirachi|105/291|[from] drain|[of] p1a: Slowbro\n|\n|-heal|p1a: Slowbro|100/100|[from] item: Leftovers\n|upkeep\n|turn|17\n|inactive|Time left: 300 sec this turn | 300 sec total\n|\n|t:|1783549932\n|move|p2a: Jirachi|Iron Head|p1a: Slowbro\n|-damage|p1a: Slowbro|77/100\n|cant|p1a: Slowbro|flinch\n|\n|-heal|p1a: Slowbro|83/100|[from] item: Leftovers\n|upkeep\n|turn|18\n|inactive|Time left: 300 sec this turn | 300 sec total\n|\n|t:|1783549934\n|move|p2a: Jirachi|Iron Head|p1a: Slowbro\n|-damage|p1a: Slowbro|58/100\n|cant|p1a: Slowbro|flinch\n|\n|-heal|p1a: Slowbro|65/100|[from] item: Leftovers\n|upkeep\n|turn|19\n|inactive|Time left: 300 sec this turn | 300 sec total\n|\n|t:|1783549935\n|move|p2a: Jirachi|Body Slam|p1a: Slowbro\n|-damage|p1a: Slowbro|47/100\n|-status|p1a: Slowbro|par\n|move|p1a: Slowbro|Earthquake|p2a: Jirachi\n|-supereffective|p2a: Jirachi\n|-damage|p2a: Jirachi|0 fnt\n|faint|p2a: Jirachi\n|\n|-heal|p1a: Slowbro|53/100 par|[from] item: Leftovers\n|upkeep\n|inactive|Time left: 300 sec this turn | 300 sec total | 5 sec grace\n|\n|t:|1783549936\n|switch|p2a: Banette|Banette, L93, F|270/270\n|turn|20\n|inactive|Time left: 300 sec this turn | 300 sec total\n|\n|t:|1783549937\n|switch|p1a: Haxorus|Haxorus, L77, M|33/100\n|-ability|p1a: Haxorus|Mold Breaker\n|move|p2a: Banette|Poltergeist|p1a: Haxorus\n|-activate|p1a: Haxorus|move: Poltergeist|Loaded Dice\n|-damage|p1a: Haxorus|0 fnt\n|faint|p1a: Haxorus\n|-damage|p2a: Banette|243/270|[from] item: Life Orb\n|\n|upkeep\n|\n|t:|1783549938\n|switch|p1a: Slowbro|Slowbro-Galar, L87, M|86/100 par\n|turn|21\n|inactive|Time left: 300 sec this turn | 300 sec total\n|\n|t:|1783549939\n|-terastallize|p1a: Slowbro|Ground\n|move|p2a: Banette|Poltergeist|p1a: Slowbro\n|-activate|p1a: Slowbro|move: Poltergeist|Leftovers\n|-damage|p1a: Slowbro|24/100 par\n|-damage|p2a: Banette|216/270|[from] item: Life Orb\n|cant|p1a: Slowbro|par\n|\n|-heal|p1a: Slowbro|30/100 par|[from] item: Leftovers\n|upkeep\n|turn|22\n|inactive|Time left: 300 sec this turn | 300 sec total\n|\n|t:|1783549940\n|move|p2a: Banette|Poltergeist|p1a: Slowbro|[miss]\n|-miss|p2a: Banette|p1a: Slowbro\n|cant|p1a: Slowbro|par\n|\n|-heal|p1a: Slowbro|36/100 par|[from] item: Leftovers\n|upkeep\n|turn|23\n|inactive|Time left: 300 sec this turn | 300 sec total\n|\n|t:|1783549941\n|switch|p1a: Rabsca|Rabsca, L91, F|100/100\n|move|p2a: Banette|Poltergeist|p1a: Rabsca\n|-activate|p1a: Rabsca|move: Poltergeist|Heavy-Duty Boots\n|-supereffective|p1a: Rabsca\n|-damage|p1a: Rabsca|0 fnt\n|faint|p1a: Rabsca\n|-damage|p2a: Banette|189/270|[from] item: Life Orb\n|\n|upkeep\n|\n|t:|1783549942\n|switch|p1a: Slowbro|Slowbro-Galar, L87, M, tera:Ground|70/100 par\n|turn|24\n|inactive|Time left: 300 sec this turn | 300 sec total\n|\n|t:|1783549943\n|move|p2a: Banette|Poltergeist|p1a: Slowbro\n|-activate|p1a: Slowbro|move: Poltergeist|Leftovers\n|-damage|p1a: Slowbro|3/100 par\n|-damage|p2a: Banette|162/270|[from] item: Life Orb\n|cant|p1a: Slowbro|par\n|\n|-heal|p1a: Slowbro|10/100 par|[from] item: Leftovers\n|upkeep\n|turn|25\n|inactive|Time left: 300 sec this turn | 300 sec total\n|\n|t:|1783549943\n|move|p2a: Banette|Shadow Sneak|p1a: Slowbro\n|-damage|p1a: Slowbro|0 fnt\n|faint|p1a: Slowbro\n|-damage|p2a: Banette|135/270|[from] item: Life Orb\n|\n|win|p0y9292c4f", "uploadtime": 1783549943, "views": 0, "rating": 0, "private": 0, "password": null, "_winner": "p0y9292c4f", "_our_name": "p0y9292c4f"}