{"id": "battle-gen9randombattle-740", "formatid": "gen9randombattle", "format": "[Gen 9] Random Battle", "players": ["p0x7405d8d", "p0y74055ea"], "log": "|init|battle\n|title|p0x7405d8d vs. p0y74055ea\n|j|\u2606p0x7405d8d\n|j|\u2606p0y74055ea\n|t:|1783548402\n|gametype|singles\n|player|p1|p0x7405d8d|1|\n|player|p2|p0y74055ea|1|\n|gen|9\n|tier|[Gen 9] Random Battle\n|rule|Species Clause: Limit one of each Pok\u00e9mon\n|rule|HP Percentage Mod: HP is shown in percentages\n|rule|Sleep Clause Mod: Limit one foe put to sleep\n|rule|Illusion Level Mod: Illusion disguises the Pok\u00e9mon's true level\n|\n|t:|1783548402\n|teamsize|p1|6\n|teamsize|p2|6\n|start\n|switch|p1a: Raichu|Raichu-Alola, L87, M|100/100\n|switch|p2a: Snorlax|Snorlax, L82, F|397/397\n|turn|1\n|inactive|Battle timer is ON: inactive players will automatically lose when time's up. (requested by p0x7405d8d)\n|inactive|Time left: 300 sec this turn | 300 sec total | 60 sec grace\n|inactive|p0y74055ea also wants the timer to be on.\n|\n|t:|1783548403\n|move|p1a: Raichu|Psychic|p2a: Snorlax\n|-damage|p2a: Snorlax|267/397\n|move|p2a: Snorlax|Earthquake|p1a: Raichu\n|-supereffective|p1a: Raichu\n|-damage|p1a: Raichu|7/100\n|\n|upkeep\n|turn|2\n|inactive|Time left: 300 sec this turn | 300 sec total\n|\n|t:|1783548404\n|move|p1a: Raichu|Psychic|p2a: Snorlax\n|-damage|p2a: Snorlax|147/397\n|move|p2a: Snorlax|Earthquake|p1a: Raichu\n|-supereffective|p1a: Raichu\n|-damage|p1a: Raichu|0 fnt\n|faint|p1a: Raichu\n|\n|upkeep\n|\n|t:|1783548405\n|switch|p1a: Lilligant|Lilligant, L86, F|100/100\n|turn|3\n|inactive|Time left: 300 sec this turn | 300 sec total\n|\n|t:|1783548406\n|move|p1a: Lilligant|Quiver Dance|p1a: Lilligant\n|-boost|p1a: Lilligant|spa|1\n|-boost|p1a: Lilligant|spd|1\n|-boost|p1a: Lilligant|spe|1\n|move|p2a: Snorlax|Rest|p2a: Snorlax\n|-status|p2a: Snorlax|slp|[from] move: Rest\n|-heal|p2a: Snorlax|397/397 slp|[silent]\n|-enditem|p2a: Snorlax|Chesto Berry|[eat]\n|-curestatus|p2a: Snorlax|slp|[msg]\n|\n|upkeep\n|turn|4\n|inactive|Time left: 300 sec this turn | 300 sec total\n|\n|t:|1783548407\n|move|p1a: Lilligant|Petal Dance|p2a: Snorlax\n|-damage|p2a: Snorlax|131/397\n|-damage|p1a: Lilligant|91/100|[from] item: Life Orb\n|move|p2a: Snorlax|Body Slam|p1a: Lilligant\n|-damage|p1a: Lilligant|47/100\n|-status|p1a: Lilligant|par\n|\n|upkeep\n|turn|5\n|inactive|Time left: 300 sec this turn | 300 sec total\n|\n|t:|1783548408\n|switch|p2a: Salamence|Salamence, L77, M|273/273\n|cant|p1a: Lilligant|par\n|\n|upkeep\n|turn|6\n|inactive|Time left: 300 sec this turn | 300 sec total\n|\n|t:|1783548410\n|move|p2a: Salamence|Dual Wingbeat|p1a: Lilligant\n|-supereffective|p1a: Lilligant\n|-damage|p1a: Lilligant|7/100 par\n|-supereffective|p1a: Lilligant\n|-damage|p1a: Lilligant|0 fnt\n|faint|p1a: Lilligant\n|-ability|p2a: Salamence|Moxie|boost\n|-boost|p2a: Salamence|atk|1\n|-hitcount|p1: Lilligant|2\n|\n|upkeep\n|\n|t:|1783548411\n|switch|p1a: Cetitan|Cetitan, L82, F|100/100\n|turn|7\n|inactive|Time left: 300 sec this turn | 300 sec total\n|\n|t:|1783548412\n|move|p2a: Salamence|Outrage|p1a: Cetitan\n|-damage|p1a: Cetitan|41/100\n|-enditem|p1a: Cetitan|Sitrus Berry|[eat]\n|-heal|p1a: Cetitan|66/100|[from] item: Sitrus Berry\n|move|p1a: Cetitan|Ice Spinner|p2a: Salamence\n|-supereffective|p2a: Salamence\n|-damage|p2a: Salamence|0 fnt\n|faint|p2a: Salamence\n|\n|upkeep\n|inactive|Time left: 300 sec this turn | 300 sec total | 5 sec grace\n|\n|t:|1783548413\n|switch|p2a: Diancie|Diancie, L82|216/216\n|turn|8\n|inactive|Time left: 300 sec this turn | 300 sec total\n|\n|t:|1783548414\n|move|p1a: Cetitan|Earthquake|p2a: Diancie\n|-supereffective|p2a: Diancie\n|-damage|p2a: Diancie|124/216\n|move|p2a: Diancie|Diamond Storm|p1a: Cetitan|[miss]\n|-miss|p2a: Diancie|p1a: Cetitan\n|\n|upkeep\n|turn|9\n|inactive|Time left: 300 sec this turn | 300 sec total\n|\n|t:|1783548415\n|move|p1a: Cetitan|Earthquake|p2a: Diancie\n|-supereffective|p2a: Diancie\n|-damage|p2a: Diancie|18/216\n|move|p2a: Diancie|Diamond Storm|p1a: Cetitan\n|-supereffective|p1a: Cetitan\n|-damage|p1a: Cetitan|2/100\n|-boost|p2a: Diancie|def|2\n|\n|upkeep\n|turn|10\n|inactive|Time left: 300 sec this turn | 300 sec total\n|\n|t:|1783548416\n|switch|p2a: Keldeo|Keldeo-Resolute, L79|273/273\n|move|p1a: Cetitan|Ice Spinner|p2a: Keldeo\n|-resisted|p2a: Keldeo\n|-damage|p2a: Keldeo|222/273\n|\n|upkeep\n|turn|11\n|inactive|Time left: 300 sec this turn | 300 sec total\n|\n|t:|1783548417\n|move|p1a: Cetitan|Ice Shard|p2a: Keldeo\n|-resisted|p2a: Keldeo\n|-damage|p2a: Keldeo|198/273\n|move|p2a: Keldeo|Calm Mind|p2a: Keldeo\n|-boost|p2a: Keldeo|spa|1\n|-boost|p2a: Keldeo|spd|1\n|\n|upkeep\n|turn|12\n|inactive|Time left: 300 sec this turn | 300 sec total\n|\n|t:|1783548418\n|move|p2a: Keldeo|Secret Sword|p1a: Cetitan\n|-supereffective|p1a: Cetitan\n|-damage|p1a: Cetitan|0 fnt\n|faint|p1a: Cetitan\n|-damage|p2a: Keldeo|171/273|[from] item: Life Orb\n|\n|upkeep\n|\n|t:|1783548419\n|switch|p1a: Terrakion|Terrakion, L79|100/100\n|turn|13\n|inactive|Time left: 300 sec this turn | 300 sec total\n|\n|t:|1783548420\n|move|p1a: Terrakion|Close Combat|p2a: Keldeo\n|-damage|p2a: Keldeo|0 fnt\n|-unboost|p1a: Terrakion|def|1\n|-unboost|p1a: Terrakion|spd|1\n|faint|p2a: Keldeo\n|-damage|p1a: Terrakion|91/100|[from] item: Life Orb\n|\n|upkeep\n|inactive|Time left: 300 sec this turn | 300 sec total | 5 sec grace\n|\n|t:|1783548421\n|switch|p2a: Vileplume|Vileplume, L85, M|266/266\n|turn|14\n|inactive|Time left: 300 sec this turn | 300 sec total\n|\n|t:|1783548422\n|switch|p1a: Oricorio|Oricorio, L84, F|100/100\n|move|p2a: Vileplume|Giga Drain|p1a: Oricorio\n|-resisted|p1a: Oricorio\n|-damage|p1a: Oricorio|91/100\n|\n|upkeep\n|turn|15\n|inactive|Time left: 300 sec this turn | 300 sec total\n|\n|t:|1783548423\n|move|p1a: Oricorio|Quiver Dance|p1a: Oricorio\n|-boost|p1a: Oricorio|spa|1\n|-boost|p1a: Oricorio|spd|1\n|-boost|p1a: Oricorio|spe|1\n|move|p2a: Vileplume|Sludge Bomb|p1a: Oricorio\n|-damage|p1a: Oricorio|61/100\n|\n|upkeep\n|turn|16\n|inactive|Time left: 300 sec this turn | 300 sec total\n|\n|t:|1783548424\n|-terastallize|p2a: Vileplume|Water\n|move|p1a: Oricorio|Revelation Dance|p2a: Vileplume\n|-resisted|p2a: Vileplume\n|-damage|p2a: Vileplume|197/266\n|move|p2a: Vileplume|Sludge Bomb|p1a: Oricorio\n|-damage|p1a: Oricorio|30/100\n|\n|-heal|p2a: Vileplume|213/266|[from] item: Leftovers\n|upkeep\n|turn|17\n|inactive|Time left: 300 sec this turn | 300 sec total\n|\n|t:|1783548425\n|move|p1a: Oricorio|Roost|p1a: Oricorio\n|-heal|p1a: Oricorio|80/100\n|-singleturn|p1a: Oricorio|move: Roost\n|move|p2a: Vileplume|Sludge Bomb|p1a: Oricorio\n|-damage|p1a: Oricorio|47/100\n|-status|p1a: Oricorio|psn\n|\n|-heal|p2a: Vileplume|229/266|[from] item: Leftovers\n|-damage|p1a: Oricorio|34/100 psn|[from] psn\n|upkeep\n|turn|18\n|inactive|Time left: 300 sec this turn | 300 sec total\n|\n|t:|1783548426\n|move|p1a: Oricorio|Roost|p1a: Oricorio\n|-heal|p1a: Oricorio|85/100 psn\n|-singleturn|p1a: Oricorio|move: Roost\n|move|p2a: Vileplume|Sludge Bomb|p1a: Oricorio\n|-damage|p1a: Oricorio|50/100 psn\n|\n|-heal|p2a: Vileplume|245/266|[from] item: Leftovers\n|-damage|p1a: Oricorio|38/100 psn|[from] psn\n|upkeep\n|turn|19\n|inactive|Time left: 300 sec this turn | 300 sec total\n|\n|t:|1783548427\n|move|p1a: Oricorio|Roost|p1a: Oricorio\n|-heal|p1a: Oricorio|88/100 psn\n|-singleturn|p1a: Oricorio|move: Roost\n|move|p2a: Vileplume|Leech Seed|p1a: Oricorio\n|-start|p1a: Oricorio|move: Leech Seed\n|\n|-heal|p2a: Vileplume|261/266|[from] item: Leftovers\n|-damage|p1a: Oricorio|76/100 psn|[from] Leech Seed|[of] p2a: Vileplume\n|-heal|p2a: Vileplume|266/266|[silent]\n|-damage|p1a: Oricorio|64/100 psn|[from] psn\n|upkeep\n|turn|20\n|inactive|Time left: 300 sec this turn | 300 sec total\n|\n|t:|1783548428\n|move|p1a: Oricorio|Hurricane|p2a: Vileplume\n|-damage|p2a: Vileplume|109/266\n|-start|p2a: Vileplume|confusion\n|-activate|p2a: Vileplume|confusion\n|move|p2a: Vileplume|Sludge Bomb|p1a: Oricorio\n|-damage|p1a: Oricorio|31/100 psn\n|\n|-heal|p2a: Vileplume|125/266|[from] item: Leftovers\n|-damage|p1a: Oricorio|18/100 psn|[from] Leech Seed|[of] p2a: Vileplume\n|-heal|p2a: Vileplume|157/266|[silent]\n|-damage|p1a: Oricorio|6/100 psn|[from] psn\n|upkeep\n|turn|21\n|inactive|Time left: 300 sec this turn | 300 sec total\n|\n|t:|1783548429\n|move|p1a: Oricorio|Hurricane|p2a: Vileplume\n|-damage|p2a: Vileplume|0 fnt\n|faint|p2a: Vileplume\n|\n|-damage|p1a: Oricorio|0 fnt|[from] psn\n|faint|p1a: Oricorio\n|upkeep\n|inactive|Time left: 300 sec this turn | 300 sec total | 5 sec grace\n|\n|t:|1783548430\n|switch|p1a: Terrakion|Terrakion, L79|91/100\n|switch|p2a: Snorlax|Snorlax, L82, F|131/397\n|turn|22\n|inactive|Time left: 300 sec this turn | 300 sec total\n|\n|t:|1783548431\n|move|p1a: Terrakion|Swords Dance|p1a: Terrakion\n|-boost|p1a: Terrakion|atk|2\n|move|p2a: Snorlax|Earthquake|p1a: Terrakion\n|-supereffective|p1a: Terrakion\n|-damage|p1a: Terrakion|39/100\n|\n|upkeep\n|turn|23\n|inactive|Time left: 300 sec this turn | 300 sec total\n|\n|t:|1783548432\n|move|p1a: Terrakion|Earthquake|p2a: Snorlax\n|-damage|p2a: Snorlax|0 fnt\n|faint|p2a: Snorlax\n|-damage|p1a: Terrakion|29/100|[from] item: Life Orb\n|\n|upkeep\n|inactive|Time left: 300 sec this turn | 300 sec total | 5 sec grace\n|\n|t:|1783548432\n|switch|p2a: Hydreigon|Hydreigon, L79, F|275/275\n|turn|24\n|inactive|Time left: 300 sec this turn | 300 sec total\n|\n|t:|1783548433\n|switch|p2a: Diancie|Diancie, L82|18/216\n|-terastallize|p1a: Terrakion|Ground\n|move|p1a: Terrakion|Close Combat|p2a: Diancie\n|-damage|p2a: Diancie|0 fnt\n|-unboost|p1a: Terrakion|def|1\n|-unboost|p1a: Terrakion|spd|1\n|faint|p2a: Diancie\n|-damage|p1a: Terrakion|19/100|[from] item: Life Orb\n|\n|upkeep\n|inactive|Time left: 300 sec this turn | 300 sec total | 5 sec grace\n|\n|t:|1783548434\n|switch|p2a: Hydreigon|Hydreigon, L79, F|275/275\n|turn|25\n|inactive|Time left: 300 sec this turn | 300 sec total\n|\n|t:|1783548435\n|move|p1a: Terrakion|Close Combat|p2a: Hydreigon\n|-supereffective|p2a: Hydreigon\n|-damage|p2a: Hydreigon|0 fnt\n|-unboost|p1a: Terrakion|def|1\n|-unboost|p1a: Terrakion|spd|1\n|faint|p2a: Hydreigon\n|-damage|p1a: Terrakion|9/100|[from] item: Life Orb\n|\n|win|p0x7405d8d", "uploadtime": 1783548435, "views": 0, "rating": 0, "private": 0, "password": null, "_winner": "p0x7405d8d", "_our_name": "p0y74055ea"}