{"id": "battle-gen9randombattle-940", "formatid": "gen9randombattle", "format": "[Gen 9] Random Battle", "players": ["p0x940e0a2", "p0y940ee66"], "log": "|init|battle\n|title|p0x940e0a2 vs. p0y940ee66\n|j|\u2606p0x940e0a2\n|j|\u2606p0y940ee66\n|t:|1783550036\n|gametype|singles\n|player|p1|p0x940e0a2|169|\n|player|p2|p0y940ee66|1|\n|gen|9\n|tier|[Gen 9] Random Battle\n|rule|Species Clause: Limit one of each Pok\u00e9mon\n|rule|HP Percentage Mod: HP is shown in percentages\n|rule|Sleep Clause Mod: Limit one foe put to sleep\n|rule|Illusion Level Mod: Illusion disguises the Pok\u00e9mon's true level\n|\n|t:|1783550036\n|teamsize|p1|6\n|teamsize|p2|6\n|start\n|switch|p1a: Hitmontop|Hitmontop, L88, M|231/231\n|switch|p2a: Suicune|Suicune, L82|100/100\n|-ability|p2a: Suicune|Pressure\n|turn|1\n|inactive|Battle timer is ON: inactive players will automatically lose when time's up. (requested by p0x940e0a2)\n|inactive|p0y940ee66 also wants the timer to be on.\n|\n|t:|1783550037\n|move|p2a: Suicune|Scald|p1a: Hitmontop\n|-damage|p1a: Hitmontop|170/231\n|move|p1a: Hitmontop|Bulk Up|p1a: Hitmontop\n|-boost|p1a: Hitmontop|atk|1\n|-boost|p1a: Hitmontop|def|1\n|\n|-heal|p1a: Hitmontop|184/231|[from] item: Leftovers\n|upkeep\n|turn|2\n|inactive|Time left: 300 sec this turn | 300 sec total\n|\n|t:|1783550038\n|move|p2a: Suicune|Scald|p1a: Hitmontop\n|-damage|p1a: Hitmontop|127/231\n|move|p1a: Hitmontop|Bulk Up|p1a: Hitmontop\n|-boost|p1a: Hitmontop|atk|1\n|-boost|p1a: Hitmontop|def|1\n|\n|-heal|p1a: Hitmontop|141/231|[from] item: Leftovers\n|upkeep\n|turn|3\n|inactive|Time left: 300 sec this turn | 300 sec total\n|\n|t:|1783550039\n|move|p2a: Suicune|Scald|p1a: Hitmontop\n|-damage|p1a: Hitmontop|83/231\n|move|p1a: Hitmontop|Rapid Spin|p2a: Suicune\n|-damage|p2a: Suicune|69/100\n|-boost|p1a: Hitmontop|spe|1\n|\n|-heal|p1a: Hitmontop|97/231|[from] item: Leftovers\n|-heal|p2a: Suicune|75/100|[from] item: Leftovers\n|upkeep\n|turn|4\n|inactive|Time left: 300 sec this turn | 300 sec total\n|\n|t:|1783550040\n|move|p1a: Hitmontop|Close Combat|p2a: Suicune\n|-damage|p2a: Suicune|0 fnt\n|-unboost|p1a: Hitmontop|def|1\n|-unboost|p1a: Hitmontop|spd|1\n|faint|p2a: Suicune\n|\n|-heal|p1a: Hitmontop|111/231|[from] item: Leftovers\n|upkeep\n|\n|t:|1783550041\n|switch|p2a: Vaporeon|Vaporeon, L86, F|100/100\n|turn|5\n|inactive|Time left: 300 sec this turn | 300 sec total\n|\n|t:|1783550043\n|move|p1a: Hitmontop|Close Combat|p2a: Vaporeon\n|-damage|p2a: Vaporeon|5/100\n|-unboost|p1a: Hitmontop|def|1\n|-unboost|p1a: Hitmontop|spd|1\n|move|p2a: Vaporeon|Scald|p1a: Hitmontop\n|-damage|p1a: Hitmontop|0 fnt\n|faint|p1a: Hitmontop\n|\n|-heal|p2a: Vaporeon|11/100|[from] item: Leftovers\n|upkeep\n|inactive|Time left: 300 sec this turn | 300 sec total | 5 sec grace\n|\n|t:|1783550044\n|switch|p1a: Galvantula|Galvantula, L82, M|249/249\n|turn|6\n|inactive|Time left: 300 sec this turn | 300 sec total\n|\n|t:|1783550045\n|switch|p2a: Carbink|Carbink, L90|100/100\n|move|p1a: Galvantula|Sticky Web|p2a: Carbink\n|-sidestart|p2: p0y940ee66|move: Sticky Web\n|\n|upkeep\n|turn|7\n|inactive|Time left: 300 sec this turn | 300 sec total\n|\n|t:|1783550046\n|move|p1a: Galvantula|Thunder|p2a: Carbink\n|-damage|p2a: Carbink|70/100\n|move|p2a: Carbink|Moonblast|p1a: Galvantula\n|-damage|p1a: Galvantula|159/249\n|\n|-heal|p2a: Carbink|75/100|[from] item: Leftovers\n|upkeep\n|turn|8\n|inactive|Time left: 300 sec this turn | 300 sec total\n|\n|t:|1783550047\n|switch|p1a: Tropius|Tropius, L91, M|328/328\n|move|p2a: Carbink|Moonblast|p1a: Tropius\n|-damage|p1a: Tropius|262/328\n|-unboost|p1a: Tropius|spa|1\n|\n|-heal|p2a: Carbink|81/100|[from] item: Leftovers\n|upkeep\n|turn|9\n|inactive|Time left: 300 sec this turn | 300 sec total\n|\n|t:|1783550048\n|move|p1a: Tropius|Dragon Dance|p1a: Tropius\n|-boost|p1a: Tropius|atk|1\n|-boost|p1a: Tropius|spe|1\n|move|p2a: Carbink|Rock Polish|p2a: Carbink\n|-boost|p2a: Carbink|spe|2\n|\n|-heal|p2a: Carbink|87/100|[from] item: Leftovers\n|upkeep\n|turn|10\n|inactive|Time left: 300 sec this turn | 300 sec total\n|\n|t:|1783550049\n|move|p2a: Carbink|Iron Defense|p2a: Carbink\n|-boost|p2a: Carbink|def|2\n|move|p1a: Tropius|Dragon Dance|p1a: Tropius\n|-boost|p1a: Tropius|atk|1\n|-boost|p1a: Tropius|spe|1\n|\n|-heal|p2a: Carbink|93/100|[from] item: Leftovers\n|upkeep\n|turn|11\n|inactive|Time left: 300 sec this turn | 300 sec total\n|\n|t:|1783550051\n|move|p1a: Tropius|Dragon Dance|p1a: Tropius\n|-boost|p1a: Tropius|atk|1\n|-boost|p1a: Tropius|spe|1\n|move|p2a: Carbink|Rock Polish|p2a: Carbink\n|-boost|p2a: Carbink|spe|2\n|\n|-heal|p2a: Carbink|99/100|[from] item: Leftovers\n|upkeep\n|turn|12\n|inactive|Time left: 300 sec this turn | 300 sec total\n|\n|t:|1783550052\n|move|p2a: Carbink|Iron Defense|p2a: Carbink\n|-boost|p2a: Carbink|def|2\n|move|p1a: Tropius|Synthesis|p1a: Tropius\n|-heal|p1a: Tropius|328/328\n|\n|-heal|p2a: Carbink|100/100|[from] item: Leftovers\n|upkeep\n|turn|13\n|inactive|Time left: 300 sec this turn | 300 sec total\n|\n|t:|1783550053\n|move|p2a: Carbink|Body Press|p1a: Tropius\n|-resisted|p1a: Tropius\n|-damage|p1a: Tropius|192/328\n|move|p1a: Tropius|Synthesis|p1a: Tropius\n|-heal|p1a: Tropius|328/328\n|\n|upkeep\n|turn|14\n|inactive|Time left: 300 sec this turn | 300 sec total\n|\n|t:|1783550054\n|move|p2a: Carbink|Body Press|p1a: Tropius\n|-resisted|p1a: Tropius\n|-damage|p1a: Tropius|189/328\n|move|p1a: Tropius|Synthesis|p1a: Tropius\n|-heal|p1a: Tropius|328/328\n|\n|upkeep\n|turn|15\n|inactive|Time left: 300 sec this turn | 300 sec total\n|\n|t:|1783550055\n|move|p2a: Carbink|Body Press|p1a: Tropius\n|-resisted|p1a: Tropius\n|-damage|p1a: Tropius|199/328\n|move|p1a: Tropius|Synthesis|p1a: Tropius\n|-heal|p1a: Tropius|328/328\n|\n|upkeep\n|turn|16\n|inactive|Time left: 300 sec this turn | 300 sec total\n|\n|t:|1783550055\n|move|p2a: Carbink|Body Press|p1a: Tropius\n|-resisted|p1a: Tropius\n|-damage|p1a: Tropius|185/328\n|move|p1a: Tropius|Synthesis|p1a: Tropius\n|-heal|p1a: Tropius|328/328\n|\n|upkeep\n|turn|17\n|inactive|Time left: 300 sec this turn | 300 sec total\n|\n|t:|1783550056\n|move|p2a: Carbink|Body Press|p1a: Tropius\n|-resisted|p1a: Tropius\n|-damage|p1a: Tropius|201/328\n|move|p1a: Tropius|Synthesis|p1a: Tropius\n|-heal|p1a: Tropius|328/328\n|\n|upkeep\n|turn|18\n|inactive|Time left: 300 sec this turn | 300 sec total\n|\n|t:|1783550057\n|move|p2a: Carbink|Body Press|p1a: Tropius\n|-resisted|p1a: Tropius\n|-damage|p1a: Tropius|189/328\n|move|p1a: Tropius|Dragon Dance|p1a: Tropius\n|-boost|p1a: Tropius|atk|1\n|-boost|p1a: Tropius|spe|1\n|\n|upkeep\n|turn|19\n|inactive|Time left: 300 sec this turn | 300 sec total\n|\n|t:|1783550058\n|-terastallize|p2a: Carbink|Fighting\n|move|p1a: Tropius|Synthesis|p1a: Tropius\n|-heal|p1a: Tropius|328/328\n|move|p2a: Carbink|Body Press|p1a: Tropius\n|-resisted|p1a: Tropius\n|-damage|p1a: Tropius|124/328\n|-enditem|p1a: Tropius|Sitrus Berry|[eat]\n|-heal|p1a: Tropius|206/328|[from] item: Sitrus Berry\n|\n|-item|p1a: Tropius|Sitrus Berry|[from] ability: Harvest\n|upkeep\n|turn|20\n|inactive|Time left: 300 sec this turn | 300 sec total\n|\n|t:|1783550059\n|move|p1a: Tropius|Dual Wingbeat|p2a: Carbink\n|-supereffective|p2a: Carbink\n|-damage|p2a: Carbink|82/100\n|-supereffective|p2a: Carbink\n|-damage|p2a: Carbink|61/100\n|-hitcount|p2a: Carbink|2\n|move|p2a: Carbink|Body Press|p1a: Tropius\n|-resisted|p1a: Tropius\n|-damage|p1a: Tropius|0 fnt\n|faint|p1a: Tropius\n|\n|-heal|p2a: Carbink|67/100|[from] item: Leftovers\n|upkeep\n|inactive|Time left: 300 sec this turn | 300 sec total | 5 sec grace\n|\n|t:|1783550060\n|switch|p1a: Charizard|Charizard, L85, M|271/271\n|turn|21\n|inactive|Time left: 300 sec this turn | 300 sec total\n|\n|t:|1783550061\n|move|p2a: Carbink|Body Press|p1a: Charizard\n|-resisted|p1a: Charizard\n|-damage|p1a: Charizard|57/271\n|move|p1a: Charizard|Hurricane|p2a: Carbink\n|-supereffective|p2a: Carbink\n|-damage|p2a: Carbink|0 fnt\n|faint|p2a: Carbink\n|\n|upkeep\n|\n|t:|1783550063\n|switch|p2a: Vaporeon|Vaporeon, L86, F|11/100\n|-activate|p2a: Vaporeon|move: Sticky Web\n|-unboost|p2a: Vaporeon|spe|1\n|turn|22\n|inactive|Time left: 300 sec this turn | 300 sec total\n|\n|t:|1783550064\n|move|p2a: Vaporeon|Protect|p2a: Vaporeon\n|-singleturn|p2a: Vaporeon|Protect\n|move|p1a: Charizard|Flamethrower|p2a: Vaporeon\n|-activate|p2a: Vaporeon|move: Protect\n|\n|-heal|p2a: Vaporeon|17/100|[from] item: Leftovers\n|upkeep\n|turn|23\n|inactive|Time left: 300 sec this turn | 300 sec total\n|\n|t:|1783550065\n|move|p2a: Vaporeon|Protect||[still]\n|-fail|p2a: Vaporeon\n|move|p1a: Charizard|Flamethrower|p2a: Vaporeon\n|-resisted|p2a: Vaporeon\n|-damage|p2a: Vaporeon|0 fnt\n|faint|p2a: Vaporeon\n|\n|upkeep\n|\n|t:|1783550066\n|switch|p2a: Klefki|Klefki, L84, F|100/100\n|-activate|p2a: Klefki|move: Sticky Web\n|-unboost|p2a: Klefki|spe|1\n|turn|24\n|inactive|Time left: 300 sec this turn | 300 sec total\n|\n|t:|1783550067\n|move|p2a: Klefki|Thunder Wave|p1a: Charizard\n|-status|p1a: Charizard|par\n|move|p1a: Charizard|Flamethrower|p2a: Klefki\n|-supereffective|p2a: Klefki\n|-damage|p2a: Klefki|0 fnt\n|faint|p2a: Klefki\n|\n|upkeep\n|\n|t:|1783550068\n|switch|p2a: Zarude|Zarude, L77|100/100\n|-activate|p2a: Zarude|move: Sticky Web\n|-unboost|p2a: Zarude|spe|1\n|turn|25\n|inactive|Time left: 300 sec this turn | 300 sec total\n|\n|t:|1783550069\n|move|p2a: Zarude|Knock Off|p1a: Charizard\n|-damage|p1a: Charizard|0 fnt\n|-enditem|p1a: Charizard|Heavy-Duty Boots|[from] move: Knock Off|[of] p2a: Zarude\n|faint|p1a: Charizard\n|-damage|p2a: Zarude|91/100|[from] item: Life Orb\n|\n|upkeep\n|inactive|Time left: 300 sec this turn | 300 sec total | 5 sec grace\n|\n|t:|1783550070\n|switch|p1a: Perrserker|Perrserker, L89, M|269/269\n|turn|26\n|inactive|Time left: 300 sec this turn | 300 sec total\n|\n|t:|1783550071\n|switch|p2a: Amoonguss|Amoonguss, L82, M|100/100\n|-activate|p2a: Amoonguss|move: Sticky Web\n|-unboost|p2a: Amoonguss|spe|1\n|-terastallize|p1a: Perrserker|Fighting\n|move|p1a: Perrserker|Close Combat|p2a: Amoonguss\n|-resisted|p2a: Amoonguss\n|-damage|p2a: Amoonguss|44/100\n|-unboost|p1a: Perrserker|def|1\n|-unboost|p1a: Perrserker|spd|1\n|-damage|p1a: Perrserker|225/269|[from] item: Rocky Helmet|[of] p2a: Amoonguss\n|\n|upkeep\n|turn|27\n|inactive|Time left: 300 sec this turn | 300 sec total\n|\n|t:|1783550072\n|switch|p2a: Zarude|Zarude, L77|91/100\n|-activate|p2a: Zarude|move: Sticky Web\n|-unboost|p2a: Zarude|spe|1\n|move|p1a: Perrserker|Close Combat|p2a: Zarude\n|-supereffective|p2a: Zarude\n|-damage|p2a: Zarude|0 fnt\n|-unboost|p1a: Perrserker|def|1\n|-unboost|p1a: Perrserker|spd|1\n|faint|p2a: Zarude\n|\n|upkeep\n|\n|t:|1783550073\n|switch|p2a: Amoonguss|Amoonguss, L82, M|77/100\n|-activate|p2a: Amoonguss|move: Sticky Web\n|-unboost|p2a: Amoonguss|spe|1\n|turn|28\n|inactive|Time left: 300 sec this turn | 300 sec total\n|\n|t:|1783550073\n|move|p1a: Perrserker|Close Combat|p2a: Amoonguss\n|-resisted|p2a: Amoonguss\n|-damage|p2a: Amoonguss|25/100\n|-unboost|p1a: Perrserker|def|1\n|-unboost|p1a: Perrserker|spd|1\n|-damage|p1a: Perrserker|181/269|[from] item: Rocky Helmet|[of] p2a: Amoonguss\n|move|p2a: Amoonguss|Spore|p1a: Perrserker\n|-status|p1a: Perrserker|slp|[from] move: Spore\n|\n|upkeep\n|turn|29\n|inactive|Time left: 300 sec this turn | 300 sec total\n|\n|t:|1783550074\n|switch|p1a: Farigiraf|Farigiraf, L90, F|362/362\n|move|p2a: Amoonguss|Giga Drain|p1a: Farigiraf\n|-ability|p1a: Farigiraf|Sap Sipper|boost\n|-boost|p1a: Farigiraf|atk|1\n|\n|upkeep\n|turn|30\n|inactive|Time left: 300 sec this turn | 300 sec total\n|\n|t:|1783550075\n|move|p1a: Farigiraf|Body Slam|p2a: Amoonguss\n|-damage|p2a: Amoonguss|0 fnt\n|-damage|p1a: Farigiraf|302/362|[from] item: Rocky Helmet|[of] p2a: Amoonguss\n|faint|p2a: Amoonguss\n|\n|win|p0x940e0a2", "uploadtime": 1783550075, "views": 0, "rating": 0, "private": 0, "password": null, "_winner": "p0x940e0a2", "_our_name": "p0x940e0a2"}