{"id": "battle-gen9randombattle-146", "formatid": "gen9randombattle", "format": "[Gen 9] Random Battle", "players": ["p0x1467438", "p0y1466733"], "log": "|init|battle\n|title|p0x1467438 vs. p0y1466733\n|j|\u2606p0x1467438\n|j|\u2606p0y1466733\n|t:|1783534951\n|gametype|singles\n|player|p1|p0x1467438|101|\n|player|p2|p0y1466733|101|\n|gen|9\n|tier|[Gen 9] Random Battle\n|rule|Species Clause: Limit one of each Pok\u00e9mon\n|rule|HP Percentage Mod: HP is shown in percentages\n|rule|Sleep Clause Mod: Limit one foe put to sleep\n|rule|Illusion Level Mod: Illusion disguises the Pok\u00e9mon's true level\n|\n|t:|1783534951\n|teamsize|p1|6\n|teamsize|p2|6\n|start\n|switch|p1a: Kingambit|Kingambit, L74, F|270/270\n|switch|p2a: Arcanine|Arcanine, L84, M|100/100\n|-ability|p2a: Arcanine|Intimidate|boost\n|-unboost|p1a: Kingambit|atk|1\n|turn|1\n|inactive|Battle timer is ON: inactive players will automatically lose when time's up. (requested by p0x1467438)\n|inactive|p0y1466733 also wants the timer to be on.\n|\n|t:|1783534952\n|-end|p1a: Kingambit|fallenundefined|[silent]\n|switch|p1a: Ursaluna|Ursaluna-Bloodmoon, L79, M|308/308\n|move|p2a: Arcanine|Flare Blitz|p1a: Ursaluna\n|-damage|p1a: Ursaluna|185/308\n|-damage|p2a: Arcanine|86/100|[from] Recoil\n|\n|-heal|p1a: Ursaluna|204/308|[from] item: Leftovers\n|upkeep\n|turn|2\n|inactive|Time left: 300 sec this turn | 300 sec total\n|\n|t:|1783534954\n|switch|p2a: Gyarados|Gyarados, L79, M|100/100\n|-ability|p2a: Gyarados|Intimidate|boost\n|-unboost|p1a: Ursaluna|atk|1\n|move|p1a: Ursaluna|Blood Moon|p2a: Gyarados\n|-damage|p2a: Gyarados|39/100\n|\n|-heal|p1a: Ursaluna|223/308|[from] item: Leftovers\n|upkeep\n|turn|3\n|inactive|Time left: 300 sec this turn | 300 sec total\n|\n|t:|1783534955\n|move|p2a: Gyarados|Dragon Dance|p2a: Gyarados\n|-boost|p2a: Gyarados|atk|1\n|-boost|p2a: Gyarados|spe|1\n|move|p1a: Ursaluna|Moonlight|p1a: Ursaluna\n|-heal|p1a: Ursaluna|308/308\n|\n|upkeep\n|turn|4\n|inactive|Time left: 300 sec this turn | 300 sec total\n|\n|t:|1783534956\n|move|p2a: Gyarados|Waterfall|p1a: Ursaluna\n|-supereffective|p1a: Ursaluna\n|-damage|p1a: Ursaluna|86/308\n|move|p1a: Ursaluna|Blood Moon|p2a: Gyarados\n|-damage|p2a: Gyarados|0 fnt\n|faint|p2a: Gyarados\n|\n|-heal|p1a: Ursaluna|105/308|[from] item: Leftovers\n|upkeep\n|\n|t:|1783534957\n|switch|p2a: Gallade|Gallade, L80, M|100/100\n|turn|5\n|inactive|Time left: 300 sec this turn | 300 sec total\n|\n|t:|1783534958\n|switch|p1a: Arceus|Arceus-Flying, L69|279/279\n|move|p2a: Gallade|Sacred Sword|p1a: Arceus\n|-resisted|p1a: Arceus\n|-damage|p1a: Arceus|198/279\n|\n|upkeep\n|turn|6\n|inactive|Time left: 300 sec this turn | 300 sec total\n|\n|t:|1783534959\n|move|p2a: Gallade|Sacred Sword|p1a: Arceus\n|-resisted|p1a: Arceus\n|-damage|p1a: Arceus|124/279\n|move|p1a: Arceus|Judgment|p2a: Gallade\n|-supereffective|p2a: Gallade\n|-damage|p2a: Gallade|25/100\n|\n|upkeep\n|turn|7\n|inactive|Time left: 300 sec this turn | 300 sec total\n|\n|t:|1783534960\n|move|p2a: Gallade|Sacred Sword|p1a: Arceus\n|-resisted|p1a: Arceus\n|-damage|p1a: Arceus|44/279\n|move|p1a: Arceus|Recover|p1a: Arceus\n|-heal|p1a: Arceus|184/279\n|\n|upkeep\n|turn|8\n|inactive|Time left: 300 sec this turn | 300 sec total\n|\n|t:|1783534961\n|move|p2a: Gallade|Sacred Sword|p1a: Arceus\n|-resisted|p1a: Arceus\n|-damage|p1a: Arceus|104/279\n|move|p1a: Arceus|Judgment|p2a: Gallade\n|-supereffective|p2a: Gallade\n|-damage|p2a: Gallade|0 fnt\n|faint|p2a: Gallade\n|\n|upkeep\n|\n|t:|1783534962\n|switch|p2a: Arcanine|Arcanine, L84, M|86/100\n|-ability|p2a: Arcanine|Intimidate|boost\n|-unboost|p1a: Arceus|atk|1\n|turn|9\n|inactive|Time left: 300 sec this turn | 300 sec total\n|\n|t:|1783534963\n|switch|p1a: Weezing|Weezing-Galar, L86, F|252/252\n|move|p2a: Arcanine|Flare Blitz|p1a: Weezing\n|-damage|p1a: Weezing|152/252\n|-damage|p2a: Arcanine|75/100|[from] Recoil\n|\n|-heal|p1a: Weezing|167/252|[from] item: Leftovers\n|upkeep\n|turn|10\n|inactive|Time left: 300 sec this turn | 300 sec total\n|\n|t:|1783534964\n|move|p2a: Arcanine|Flare Blitz|p1a: Weezing\n|-damage|p1a: Weezing|53/252\n|-damage|p2a: Arcanine|62/100|[from] Recoil\n|move|p1a: Weezing|Gunk Shot|p2a: Arcanine\n|-damage|p2a: Arcanine|18/100\n|\n|-heal|p1a: Weezing|68/252|[from] item: Leftovers\n|upkeep\n|turn|11\n|inactive|Time left: 300 sec this turn | 300 sec total\n|\n|t:|1783534964\n|switch|p1a: Lumineon|Lumineon, L93, M|279/279\n|move|p2a: Arcanine|Flare Blitz|p1a: Lumineon\n|-resisted|p1a: Lumineon\n|-damage|p1a: Lumineon|214/279\n|-damage|p2a: Arcanine|11/100|[from] Recoil\n|\n|upkeep\n|turn|12\n|inactive|Time left: 300 sec this turn | 300 sec total\n|\n|t:|1783534965\n|switch|p2a: Ampharos|Ampharos, L88, F|100/100\n|move|p1a: Lumineon|Hydro Pump|p2a: Ampharos\n|-damage|p2a: Ampharos|79/100\n|\n|upkeep\n|turn|13\n|inactive|Time left: 300 sec this turn | 300 sec total\n|\n|t:|1783534967\n|switch|p1a: Ursaluna|Ursaluna-Bloodmoon, L79, M|105/308\n|move|p2a: Ampharos|Thunderbolt|p1a: Ursaluna\n|-immune|p1a: Ursaluna\n|\n|-heal|p1a: Ursaluna|124/308|[from] item: Leftovers\n|upkeep\n|turn|14\n|inactive|Time left: 300 sec this turn | 300 sec total\n|\n|t:|1783534968\n|move|p2a: Ampharos|Focus Blast|p1a: Ursaluna\n|-supereffective|p1a: Ursaluna\n|-damage|p1a: Ursaluna|0 fnt\n|faint|p1a: Ursaluna\n|\n|upkeep\n|inactive|Time left: 300 sec this turn | 300 sec total | 5 sec grace\n|\n|t:|1783534969\n|switch|p1a: Copperajah|Copperajah, L86, M|350/350\n|turn|15\n|inactive|Time left: 300 sec this turn | 300 sec total\n|\n|t:|1783534970\n|move|p2a: Ampharos|Thunderbolt|p1a: Copperajah\n|-damage|p1a: Copperajah|212/350\n|move|p1a: Copperajah|Earthquake|p2a: Ampharos\n|-supereffective|p2a: Ampharos\n|-damage|p2a: Ampharos|0 fnt\n|faint|p2a: Ampharos\n|\n|upkeep\n|\n|t:|1783534971\n|switch|p2a: Rotom|Rotom-Mow, L87|100/100\n|turn|16\n|inactive|Time left: 300 sec this turn | 300 sec total\n|\n|t:|1783534972\n|move|p2a: Rotom|Thunderbolt|p1a: Copperajah\n|-damage|p1a: Copperajah|77/350\n|move|p1a: Copperajah|Earthquake|p2a: Rotom\n|-immune|p2a: Rotom|[from] ability: Levitate\n|\n|upkeep\n|turn|17\n|inactive|Time left: 300 sec this turn | 300 sec total\n|\n|t:|1783534973\n|switch|p1a: Kingambit|Kingambit, L74, F|270/270\n|-activate|p1a: Kingambit|ability: Supreme Overlord\n|-start|p1a: Kingambit|fallen1|[silent]\n|move|p2a: Rotom|Thunderbolt|p1a: Kingambit\n|-damage|p1a: Kingambit|153/270\n|-status|p1a: Kingambit|par\n|\n|-heal|p1a: Kingambit|169/270 par|[from] item: Leftovers\n|upkeep\n|turn|18\n|inactive|Time left: 300 sec this turn | 300 sec total\n|\n|t:|1783534975\n|move|p2a: Rotom|Nasty Plot|p2a: Rotom\n|-boost|p2a: Rotom|spa|2\n|move|p1a: Kingambit|Swords Dance|p1a: Kingambit\n|-boost|p1a: Kingambit|atk|2\n|\n|-heal|p1a: Kingambit|185/270 par|[from] item: Leftovers\n|upkeep\n|turn|19\n|inactive|Time left: 300 sec this turn | 300 sec total\n|\n|t:|1783534976\n|move|p1a: Kingambit|Sucker Punch|p2a: Rotom\n|-damage|p2a: Rotom|41/100\n|move|p2a: Rotom|Thunderbolt|p1a: Kingambit\n|-damage|p1a: Kingambit|0 fnt\n|faint|p1a: Kingambit\n|-end|p1a: Kingambit|fallen1|[silent]\n|\n|-heal|p2a: Rotom|47/100|[from] item: Leftovers\n|upkeep\n|inactive|Time left: 300 sec this turn | 300 sec total | 5 sec grace\n|\n|t:|1783534976\n|switch|p1a: Lumineon|Lumineon, L93, M|214/279\n|turn|20\n|inactive|Time left: 300 sec this turn | 300 sec total\n|\n|t:|1783534977\n|-terastallize|p2a: Rotom|Electric\n|move|p1a: Lumineon|Ice Beam|p2a: Rotom\n|-damage|p2a: Rotom|24/100\n|move|p2a: Rotom|Thunderbolt|p1a: Lumineon\n|-supereffective|p1a: Lumineon\n|-damage|p1a: Lumineon|0 fnt\n|faint|p1a: Lumineon\n|\n|-heal|p2a: Rotom|30/100|[from] item: Leftovers\n|upkeep\n|inactive|Time left: 300 sec this turn | 300 sec total | 5 sec grace\n|\n|t:|1783534978\n|switch|p1a: Weezing|Weezing-Galar, L86, F|68/252\n|turn|21\n|inactive|Time left: 300 sec this turn | 300 sec total\n|\n|t:|1783534979\n|move|p2a: Rotom|Thunderbolt|p1a: Weezing\n|-damage|p1a: Weezing|0 fnt\n|faint|p1a: Weezing\n|\n|-heal|p2a: Rotom|36/100|[from] item: Leftovers\n|upkeep\n|inactive|Time left: 300 sec this turn | 300 sec total | 5 sec grace\n|\n|t:|1783534980\n|switch|p1a: Arceus|Arceus-Flying, L69|104/279\n|turn|22\n|inactive|Time left: 300 sec this turn | 300 sec total\n|\n|t:|1783534981\n|-terastallize|p1a: Arceus|Steel\n|move|p1a: Arceus|Recover|p1a: Arceus\n|-heal|p1a: Arceus|244/279\n|move|p2a: Rotom|Thunderbolt|p1a: Arceus\n|-damage|p1a: Arceus|0 fnt\n|faint|p1a: Arceus\n|\n|-heal|p2a: Rotom|42/100|[from] item: Leftovers\n|upkeep\n|inactive|Time left: 300 sec this turn | 300 sec total | 5 sec grace\n|\n|t:|1783534982\n|switch|p1a: Copperajah|Copperajah, L86, M|77/350\n|turn|23\n|inactive|Time left: 300 sec this turn | 300 sec total\n|\n|t:|1783534983\n|move|p2a: Rotom|Thunderbolt|p1a: Copperajah\n|-damage|p1a: Copperajah|0 fnt\n|faint|p1a: Copperajah\n|\n|win|p0y1466733", "uploadtime": 1783534983, "views": 0, "rating": 0, "private": 0, "password": null, "_winner": "p0y1466733", "_our_name": "p0x1467438"}