{"id": "battle-gen9randombattle-1748", "formatid": "gen9randombattle", "format": "[Gen 9] Random Battle", "players": ["p0x17480651", "p0y1748d210"], "log": "|init|battle\n|title|p0x17480651 vs. p0y1748d210\n|j|\u2606p0x17480651\n|j|\u2606p0y1748d210\n|t:|1783559496\n|gametype|singles\n|player|p1|p0x17480651|1|\n|player|p2|p0y1748d210|1|\n|gen|9\n|tier|[Gen 9] Random Battle\n|rule|Species Clause: Limit one of each Pok\u00e9mon\n|rule|HP Percentage Mod: HP is shown in percentages\n|rule|Sleep Clause Mod: Limit one foe put to sleep\n|rule|Illusion Level Mod: Illusion disguises the Pok\u00e9mon's true level\n|\n|t:|1783559496\n|teamsize|p1|6\n|teamsize|p2|6\n|start\n|switch|p1a: Regice|Regice, L88|100/100\n|switch|p2a: Pyroar|Pyroar, L88, M|295/295\n|-ability|p2a: Pyroar|Unnerve\n|turn|1\n|inactive|Battle timer is ON: inactive players will automatically lose when time's up. (requested by p0x17480651)\n|inactive|Time left: 300 sec this turn | 300 sec total | 60 sec grace\n|\n|t:|1783559497\n|move|p2a: Pyroar|Work Up|p2a: Pyroar\n|-boost|p2a: Pyroar|atk|1\n|-boost|p2a: Pyroar|spa|1\n|move|p1a: Regice|Thunderbolt|p2a: Pyroar\n|-damage|p2a: Pyroar|214/295\n|\n|upkeep\n|turn|2\n|inactive|Time left: 300 sec this turn | 300 sec total\n|inactive|p0y1748d210 also wants the timer to be on.\n|\n|t:|1783559498\n|switch|p1a: Skeledirge|Skeledirge, L79, M|100/100\n|move|p2a: Pyroar|Fire Blast|p1a: Skeledirge\n|-resisted|p1a: Skeledirge\n|-damage|p1a: Skeledirge|70/100\n|\n|upkeep\n|turn|3\n|inactive|Time left: 300 sec this turn | 300 sec total\n|\n|t:|1783559499\n|move|p2a: Pyroar|Dark Pulse|p1a: Skeledirge\n|-supereffective|p1a: Skeledirge\n|-damage|p1a: Skeledirge|19/100\n|cant|p1a: Skeledirge|flinch\n|\n|upkeep\n|turn|4\n|inactive|Time left: 300 sec this turn | 300 sec total\n|\n|t:|1783559500\n|move|p2a: Pyroar|Fire Blast|p1a: Skeledirge\n|-resisted|p1a: Skeledirge\n|-damage|p1a: Skeledirge|0 fnt\n|faint|p1a: Skeledirge\n|\n|upkeep\n|\n|t:|1783559501\n|switch|p1a: Lunala|Lunala, L70|100/100\n|turn|5\n|inactive|Time left: 300 sec this turn | 300 sec total\n|\n|t:|1783559502\n|-terastallize|p1a: Lunala|Fighting\n|move|p2a: Pyroar|Dark Pulse|p1a: Lunala\n|-resisted|p1a: Lunala\n|-damage|p1a: Lunala|92/100\n|move|p1a: Lunala|Focus Blast|p2a: Pyroar\n|-supereffective|p2a: Pyroar\n|-damage|p2a: Pyroar|0 fnt\n|faint|p2a: Pyroar\n|\n|-heal|p1a: Lunala|98/100|[from] item: Leftovers\n|upkeep\n|inactive|Time left: 300 sec this turn | 300 sec total | 5 sec grace\n|\n|t:|1783559503\n|switch|p2a: Azumarill|Azumarill, L82, M|298/298\n|turn|6\n|inactive|Time left: 300 sec this turn | 300 sec total\n|\n|t:|1783559504\n|move|p1a: Lunala|Moongeist Beam|p2a: Azumarill\n|-damage|p2a: Azumarill|180/298\n|move|p2a: Azumarill|Play Rough|p1a: Lunala\n|-supereffective|p1a: Lunala\n|-damage|p1a: Lunala|0 fnt\n|faint|p1a: Lunala\n|\n|upkeep\n|\n|t:|1783559505\n|switch|p1a: Jolteon|Jolteon, L84, F|100/100\n|turn|7\n|inactive|Time left: 300 sec this turn | 300 sec total\n|\n|t:|1783559506\n|switch|p2a: Umbreon|Umbreon, L84, F|297/297\n|move|p1a: Jolteon|Thunderbolt|p2a: Umbreon\n|-damage|p2a: Umbreon|194/297\n|-damage|p1a: Jolteon|91/100|[from] item: Life Orb\n|\n|-heal|p2a: Umbreon|212/297|[from] item: Leftovers\n|upkeep\n|turn|8\n|inactive|Time left: 300 sec this turn | 300 sec total\n|\n|t:|1783559507\n|move|p1a: Jolteon|Calm Mind|p1a: Jolteon\n|-boost|p1a: Jolteon|spa|1\n|-boost|p1a: Jolteon|spd|1\n|move|p2a: Umbreon|Foul Play|p1a: Jolteon\n|-damage|p1a: Jolteon|60/100\n|\n|-heal|p2a: Umbreon|230/297|[from] item: Leftovers\n|upkeep\n|turn|9\n|inactive|Time left: 300 sec this turn | 300 sec total\n|\n|t:|1783559508\n|move|p1a: Jolteon|Thunderbolt|p2a: Umbreon\n|-damage|p2a: Umbreon|78/297\n|-damage|p1a: Jolteon|50/100|[from] item: Life Orb\n|move|p2a: Umbreon|Foul Play|p1a: Jolteon\n|-damage|p1a: Jolteon|22/100\n|\n|-heal|p2a: Umbreon|96/297|[from] item: Leftovers\n|upkeep\n|turn|10\n|inactive|Time left: 300 sec this turn | 300 sec total\n|\n|t:|1783559510\n|move|p2a: Umbreon|Protect|p2a: Umbreon\n|-singleturn|p2a: Umbreon|Protect\n|move|p1a: Jolteon|Thunderbolt|p2a: Umbreon\n|-activate|p2a: Umbreon|move: Protect\n|\n|-heal|p2a: Umbreon|114/297|[from] item: Leftovers\n|upkeep\n|turn|11\n|inactive|Time left: 300 sec this turn | 300 sec total\n|\n|t:|1783559511\n|move|p1a: Jolteon|Thunderbolt|p2a: Umbreon\n|-crit|p2a: Umbreon\n|-damage|p2a: Umbreon|0 fnt\n|faint|p2a: Umbreon\n|-damage|p1a: Jolteon|12/100|[from] item: Life Orb\n|\n|upkeep\n|inactive|Time left: 300 sec this turn | 300 sec total | 5 sec grace\n|\n|t:|1783559511\n|switch|p2a: Azumarill|Azumarill, L82, M|180/298\n|turn|12\n|inactive|Time left: 300 sec this turn | 300 sec total\n|\n|t:|1783559512\n|move|p2a: Azumarill|Aqua Jet|p1a: Jolteon\n|-damage|p1a: Jolteon|0 fnt\n|faint|p1a: Jolteon\n|\n|upkeep\n|\n|t:|1783559513\n|switch|p1a: Cobalion|Cobalion, L80|100/100\n|turn|13\n|inactive|Time left: 300 sec this turn | 300 sec total\n|\n|t:|1783559514\n|switch|p2a: Solgaleo|Solgaleo, L74|325/325\n|move|p1a: Cobalion|Swords Dance|p1a: Cobalion\n|-boost|p1a: Cobalion|atk|2\n|\n|upkeep\n|turn|14\n|inactive|Time left: 300 sec this turn | 300 sec total\n|\n|t:|1783559515\n|move|p1a: Cobalion|Swords Dance|p1a: Cobalion\n|-boost|p1a: Cobalion|atk|2\n|move|p2a: Solgaleo|Flame Charge|p1a: Cobalion\n|-supereffective|p1a: Cobalion\n|-damage|p1a: Cobalion|79/100\n|-boost|p2a: Solgaleo|spe|1\n|\n|upkeep\n|turn|15\n|inactive|Time left: 300 sec this turn | 300 sec total\n|\n|t:|1783559516\n|move|p2a: Solgaleo|Earthquake|p1a: Cobalion\n|-supereffective|p1a: Cobalion\n|-damage|p1a: Cobalion|41/100\n|move|p1a: Cobalion|Close Combat|p2a: Solgaleo\n|-damage|p2a: Solgaleo|0 fnt\n|-unboost|p1a: Cobalion|def|1\n|-unboost|p1a: Cobalion|spd|1\n|faint|p2a: Solgaleo\n|-damage|p1a: Cobalion|31/100|[from] item: Life Orb\n|\n|upkeep\n|inactive|Time left: 300 sec this turn | 300 sec total | 5 sec grace\n|\n|t:|1783559517\n|switch|p2a: Azumarill|Azumarill, L82, M|180/298\n|turn|16\n|inactive|Time left: 300 sec this turn | 300 sec total\n|\n|t:|1783559518\n|move|p2a: Azumarill|Aqua Jet|p1a: Cobalion\n|-damage|p1a: Cobalion|0 fnt\n|faint|p1a: Cobalion\n|\n|upkeep\n|\n|t:|1783559519\n|switch|p1a: Scovillain|Scovillain, L91, M|100/100\n|turn|17\n|inactive|Time left: 300 sec this turn | 300 sec total\n|\n|t:|1783559520\n|move|p2a: Azumarill|Aqua Jet|p1a: Scovillain\n|-damage|p1a: Scovillain|70/100\n|move|p1a: Scovillain|Leech Seed|p2a: Azumarill\n|-start|p2a: Azumarill|move: Leech Seed\n|\n|-heal|p1a: Scovillain|76/100|[from] item: Leftovers\n|-damage|p2a: Azumarill|143/298|[from] Leech Seed|[of] p1a: Scovillain\n|-heal|p1a: Scovillain|90/100|[silent]\n|upkeep\n|turn|18\n|inactive|Time left: 300 sec this turn | 300 sec total\n|\n|t:|1783559521\n|switch|p2a: Mew|Mew, L82|298/298\n|move|p1a: Scovillain|Flamethrower|p2a: Mew\n|-damage|p2a: Mew|183/298\n|\n|-heal|p1a: Scovillain|96/100|[from] item: Leftovers\n|upkeep\n|turn|19\n|inactive|Time left: 300 sec this turn | 300 sec total\n|\n|t:|1783559522\n|move|p2a: Mew|Nasty Plot|p2a: Mew\n|-boost|p2a: Mew|spa|2\n|move|p1a: Scovillain|Flamethrower|p2a: Mew\n|-damage|p2a: Mew|75/298\n|\n|-heal|p1a: Scovillain|100/100|[from] item: Leftovers\n|upkeep\n|turn|20\n|inactive|Time left: 300 sec this turn | 300 sec total\n|\n|t:|1783559524\n|move|p2a: Mew|Psyshock|p1a: Scovillain\n|-damage|p1a: Scovillain|5/100\n|-damage|p2a: Mew|46/298|[from] item: Life Orb\n|move|p1a: Scovillain|Flamethrower|p2a: Mew\n|-damage|p2a: Mew|0 fnt\n|faint|p2a: Mew\n|\n|-heal|p1a: Scovillain|11/100|[from] item: Leftovers\n|upkeep\n|inactive|Time left: 300 sec this turn | 300 sec total | 5 sec grace\n|\n|t:|1783559525\n|switch|p2a: Azumarill|Azumarill, L82, M|143/298\n|turn|21\n|inactive|Time left: 300 sec this turn | 300 sec total\n|\n|t:|1783559526\n|move|p1a: Scovillain|Flamethrower|p2a: Azumarill\n|-resisted|p2a: Azumarill\n|-damage|p2a: Azumarill|82/298\n|move|p2a: Azumarill|Play Rough|p1a: Scovillain\n|-resisted|p1a: Scovillain\n|-crit|p1a: Scovillain\n|-damage|p1a: Scovillain|0 fnt\n|faint|p1a: Scovillain\n|\n|upkeep\n|\n|t:|1783559527\n|switch|p1a: Regice|Regice, L88|100/100\n|turn|22\n|inactive|Time left: 300 sec this turn | 300 sec total\n|\n|t:|1783559528\n|switch|p2a: Corviknight|Corviknight, L80, M|288/288\n|-ability|p2a: Corviknight|Pressure\n|move|p1a: Regice|Thunderbolt|p2a: Corviknight\n|-supereffective|p2a: Corviknight\n|-damage|p2a: Corviknight|128/288\n|\n|upkeep\n|turn|23\n|inactive|Time left: 300 sec this turn | 300 sec total\n|\n|t:|1783559529\n|move|p2a: Corviknight|Roost|p2a: Corviknight\n|-heal|p2a: Corviknight|272/288\n|-singleturn|p2a: Corviknight|move: Roost\n|move|p1a: Regice|Thunderbolt|p2a: Corviknight\n|-damage|p2a: Corviknight|200/288\n|-status|p2a: Corviknight|par\n|\n|upkeep\n|turn|24\n|inactive|Time left: 300 sec this turn | 300 sec total\n|\n|t:|1783559531\n|move|p1a: Regice|Ice Beam|p2a: Corviknight\n|-damage|p2a: Corviknight|79/288 par\n|move|p2a: Corviknight|Roost|p2a: Corviknight\n|-heal|p2a: Corviknight|223/288 par\n|-singleturn|p2a: Corviknight|move: Roost\n|\n|upkeep\n|turn|25\n|inactive|Time left: 300 sec this turn | 300 sec total\n|\n|t:|1783559532\n|move|p1a: Regice|Ice Beam|p2a: Corviknight\n|-damage|p2a: Corviknight|106/288 par\n|move|p2a: Corviknight|Roost|p2a: Corviknight\n|-heal|p2a: Corviknight|250/288 par\n|-singleturn|p2a: Corviknight|move: Roost\n|\n|upkeep\n|turn|26\n|inactive|Time left: 300 sec this turn | 300 sec total\n|\n|t:|1783559533\n|move|p1a: Regice|Thunderbolt|p2a: Corviknight\n|-supereffective|p2a: Corviknight\n|-damage|p2a: Corviknight|88/288 par\n|move|p2a: Corviknight|Roost|p2a: Corviknight\n|-heal|p2a: Corviknight|232/288 par\n|-singleturn|p2a: Corviknight|move: Roost\n|\n|upkeep\n|turn|27\n|inactive|Time left: 300 sec this turn | 300 sec total\n|\n|t:|1783559534\n|move|p1a: Regice|Thunderbolt|p2a: Corviknight\n|-supereffective|p2a: Corviknight\n|-damage|p2a: Corviknight|64/288 par\n|move|p2a: Corviknight|Roost|p2a: Corviknight\n|-heal|p2a: Corviknight|208/288 par\n|-singleturn|p2a: Corviknight|move: Roost\n|\n|upkeep\n|turn|28\n|inactive|Time left: 300 sec this turn | 300 sec total\n|\n|t:|1783559535\n|move|p1a: Regice|Ice Beam|p2a: Corviknight\n|-damage|p2a: Corviknight|102/288 par\n|move|p2a: Corviknight|Roost|p2a: Corviknight\n|-heal|p2a: Corviknight|246/288 par\n|-singleturn|p2a: Corviknight|move: Roost\n|\n|upkeep\n|turn|29\n|inactive|Time left: 300 sec this turn | 300 sec total\n|\n|t:|1783559536\n|move|p1a: Regice|Thunderbolt|p2a: Corviknight\n|-supereffective|p2a: Corviknight\n|-crit|p2a: Corviknight\n|-damage|p2a: Corviknight|12/288 par\n|move|p2a: Corviknight|Roost|p2a: Corviknight\n|-heal|p2a: Corviknight|156/288 par\n|-singleturn|p2a: Corviknight|move: Roost\n|\n|upkeep\n|turn|30\n|inactive|Time left: 300 sec this turn | 300 sec total\n|\n|t:|1783559537\n|move|p1a: Regice|Ice Beam|p2a: Corviknight\n|-damage|p2a: Corviknight|44/288 par\n|move|p2a: Corviknight|Roost|p2a: Corviknight\n|-heal|p2a: Corviknight|188/288 par\n|-singleturn|p2a: Corviknight|move: Roost\n|\n|upkeep\n|turn|31\n|inactive|Time left: 300 sec this turn | 300 sec total\n|\n|t:|1783559538\n|move|p1a: Regice|Ice Beam|p2a: Corviknight\n|-damage|p2a: Corviknight|68/288 par\n|move|p2a: Corviknight|Brave Bird|p1a: Regice\n|-damage|p1a: Regice|68/100\n|-damage|p2a: Corviknight|37/288 par|[from] Recoil\n|\n|upkeep\n|turn|32\n|inactive|Time left: 300 sec this turn | 300 sec total\n|\n|t:|1783559539\n|-terastallize|p2a: Corviknight|Dragon\n|move|p1a: Regice|Thunderbolt|p2a: Corviknight\n|-resisted|p2a: Corviknight\n|-damage|p2a: Corviknight|0 fnt\n|faint|p2a: Corviknight\n|\n|upkeep\n|inactive|Time left: 300 sec this turn | 300 sec total | 5 sec grace\n|\n|t:|1783559540\n|switch|p2a: Azumarill|Azumarill, L82, M|82/298\n|turn|33\n|inactive|Time left: 300 sec this turn | 300 sec total\n|\n|t:|1783559541\n|move|p1a: Regice|Thunderbolt|p2a: Azumarill\n|-supereffective|p2a: Azumarill\n|-damage|p2a: Azumarill|0 fnt\n|faint|p2a: Azumarill\n|\n|win|p0x17480651", "uploadtime": 1783559541, "views": 0, "rating": 0, "private": 0, "password": null, "_winner": "p0x17480651", "_our_name": "p0y1748d210"}