{"id": "battle-gen9randombattle-794", "formatid": "gen9randombattle", "format": "[Gen 9] Random Battle", "players": ["p0x794e276", "p0y794015b"], "log": "|init|battle\n|title|p0x794e276 vs. p0y794015b\n|j|\u2606p0x794e276\n|j|\u2606p0y794015b\n|t:|1783549066\n|gametype|singles\n|player|p1|p0x794e276|266|\n|player|p2|p0y794015b|170|\n|gen|9\n|tier|[Gen 9] Random Battle\n|rule|Species Clause: Limit one of each Pok\u00e9mon\n|rule|HP Percentage Mod: HP is shown in percentages\n|rule|Sleep Clause Mod: Limit one foe put to sleep\n|rule|Illusion Level Mod: Illusion disguises the Pok\u00e9mon's true level\n|\n|t:|1783549066\n|teamsize|p1|6\n|teamsize|p2|6\n|start\n|switch|p1a: Cacturne|Cacturne, L92, M|278/278\n|switch|p2a: Yanmega|Yanmega, L82, M|100/100\n|turn|1\n|inactive|Battle timer is ON: inactive players will automatically lose when time's up. (requested by p0x794e276)\n|inactive|p0y794015b also wants the timer to be on.\n|\n|t:|1783549068\n|switch|p1a: Dudunsparce|Dudunsparce, L83, M|343/343\n|move|p2a: Yanmega|Bug Buzz|p1a: Dudunsparce\n|-damage|p1a: Dudunsparce|174/343\n|-ability|p1a: Dudunsparce|Rattled|boost\n|-boost|p1a: Dudunsparce|spe|1\n|\n|-heal|p1a: Dudunsparce|195/343|[from] item: Leftovers\n|upkeep\n|turn|2\n|inactive|Time left: 300 sec this turn | 300 sec total\n|\n|t:|1783549069\n|move|p1a: Dudunsparce|Boomburst|p2a: Yanmega\n|-damage|p2a: Yanmega|31/100\n|move|p2a: Yanmega|Bug Buzz|p1a: Dudunsparce\n|-crit|p1a: Dudunsparce\n|-damage|p1a: Dudunsparce|0 fnt\n|faint|p1a: Dudunsparce\n|\n|upkeep\n|inactive|Time left: 300 sec this turn | 300 sec total | 5 sec grace\n|\n|t:|1783549070\n|switch|p1a: Golduck|Golduck, L90, F|290/290\n|-ability|p1a: Golduck|Cloud Nine\n|turn|3\n|inactive|Time left: 300 sec this turn | 300 sec total\n|\n|t:|1783549071\n|move|p1a: Golduck|Hydro Pump|p2a: Yanmega|[miss]\n|-miss|p1a: Golduck|p2a: Yanmega\n|move|p2a: Yanmega|Bug Buzz|p1a: Golduck\n|-damage|p1a: Golduck|125/290\n|\n|-heal|p1a: Golduck|143/290|[from] item: Leftovers\n|upkeep\n|turn|4\n|inactive|Time left: 300 sec this turn | 300 sec total\n|\n|t:|1783549073\n|move|p1a: Golduck|Ice Beam|p2a: Yanmega\n|-supereffective|p2a: Yanmega\n|-damage|p2a: Yanmega|0 fnt\n|faint|p2a: Yanmega\n|\n|-heal|p1a: Golduck|161/290|[from] item: Leftovers\n|upkeep\n|\n|t:|1783549074\n|switch|p2a: Tauros|Tauros-Paldea-Combat, L82, M|100/100\n|-ability|p2a: Tauros|Intimidate|boost\n|-unboost|p1a: Golduck|atk|1\n|turn|5\n|inactive|Time left: 300 sec this turn | 300 sec total\n|\n|t:|1783549075\n|switch|p1a: Slowking|Slowking, L88, F|310/310\n|move|p2a: Tauros|Close Combat|p1a: Slowking\n|-resisted|p1a: Slowking\n|-damage|p1a: Slowking|223/310\n|-unboost|p2a: Tauros|def|1\n|-unboost|p2a: Tauros|spd|1\n|-damage|p2a: Tauros|91/100|[from] item: Life Orb\n|\n|upkeep\n|turn|6\n|inactive|Time left: 300 sec this turn | 300 sec total\n|\n|t:|1783549076\n|switch|p2a: Clefable|Clefable, L83, M|100/100\n|move|p1a: Slowking|Scald|p2a: Clefable\n|-damage|p2a: Clefable|70/100\n|-status|p2a: Clefable|brn\n|\n|upkeep\n|turn|7\n|inactive|Time left: 300 sec this turn | 300 sec total\n|\n|t:|1783549077\n|move|p2a: Clefable|Calm Mind|p2a: Clefable\n|-boost|p2a: Clefable|spa|1\n|-boost|p2a: Clefable|spd|1\n|move|p1a: Slowking|Psyshock|p2a: Clefable\n|-damage|p2a: Clefable|32/100 brn\n|\n|upkeep\n|turn|8\n|inactive|Time left: 300 sec this turn | 300 sec total\n|\n|t:|1783549078\n|move|p2a: Clefable|Moonlight|p2a: Clefable\n|-heal|p2a: Clefable|81/100 brn\n|move|p1a: Slowking|Psyshock|p2a: Clefable\n|-damage|p2a: Clefable|46/100 brn\n|\n|upkeep\n|turn|9\n|inactive|Time left: 300 sec this turn | 300 sec total\n|\n|t:|1783549079\n|move|p2a: Clefable|Moonblast|p1a: Slowking\n|-damage|p1a: Slowking|71/310\n|move|p1a: Slowking|Psyshock|p2a: Clefable\n|-damage|p2a: Clefable|10/100 brn\n|\n|upkeep\n|turn|10\n|inactive|Time left: 300 sec this turn | 300 sec total\n|\n|t:|1783549080\n|move|p2a: Clefable|Moonblast|p1a: Slowking\n|-damage|p1a: Slowking|0 fnt\n|faint|p1a: Slowking\n|\n|upkeep\n|inactive|Time left: 300 sec this turn | 300 sec total | 5 sec grace\n|\n|t:|1783549081\n|switch|p1a: Golduck|Golduck, L90, F|161/290\n|-ability|p1a: Golduck|Cloud Nine\n|turn|11\n|inactive|Time left: 300 sec this turn | 300 sec total\n|\n|t:|1783549082\n|-terastallize|p2a: Clefable|Fire\n|move|p1a: Golduck|Hydro Pump|p2a: Clefable\n|-supereffective|p2a: Clefable\n|-damage|p2a: Clefable|0 fnt\n|faint|p2a: Clefable\n|\n|-heal|p1a: Golduck|179/290|[from] item: Leftovers\n|upkeep\n|\n|t:|1783549083\n|switch|p2a: Tauros|Tauros-Paldea-Combat, L82, M|91/100\n|-ability|p2a: Tauros|Intimidate|boost\n|-unboost|p1a: Golduck|atk|1\n|turn|12\n|inactive|Time left: 300 sec this turn | 300 sec total\n|\n|t:|1783549084\n|move|p2a: Tauros|Close Combat|p1a: Golduck\n|-damage|p1a: Golduck|0 fnt\n|-unboost|p2a: Tauros|def|1\n|-unboost|p2a: Tauros|spd|1\n|faint|p1a: Golduck\n|-damage|p2a: Tauros|81/100|[from] item: Life Orb\n|\n|upkeep\n|inactive|Time left: 300 sec this turn | 300 sec total | 5 sec grace\n|\n|t:|1783549085\n|switch|p1a: Leafeon|Leafeon, L88, F|258/258\n|turn|13\n|inactive|Time left: 300 sec this turn | 300 sec total\n|\n|t:|1783549086\n|switch|p2a: Slowbro|Slowbro-Galar, L87, F|100/100\n|move|p1a: Leafeon|Swords Dance|p1a: Leafeon\n|-boost|p1a: Leafeon|atk|2\n|\n|upkeep\n|turn|14\n|inactive|Time left: 300 sec this turn | 300 sec total\n|\n|t:|1783549087\n|switch|p2a: Tauros|Tauros-Paldea-Combat, L82, M|81/100\n|-ability|p2a: Tauros|Intimidate|boost\n|-unboost|p1a: Leafeon|atk|1\n|move|p1a: Leafeon|Knock Off|p2a: Tauros\n|-resisted|p2a: Tauros\n|-damage|p2a: Tauros|53/100\n|-enditem|p2a: Tauros|Life Orb|[from] move: Knock Off|[of] p1a: Leafeon\n|-damage|p1a: Leafeon|233/258|[from] item: Life Orb\n|\n|upkeep\n|turn|15\n|inactive|Time left: 300 sec this turn | 300 sec total\n|\n|t:|1783549088\n|move|p1a: Leafeon|Leaf Blade|p2a: Tauros\n|-damage|p2a: Tauros|0 fnt\n|faint|p2a: Tauros\n|-damage|p1a: Leafeon|208/258|[from] item: Life Orb\n|\n|upkeep\n|\n|t:|1783549089\n|switch|p2a: Altaria|Altaria, L89, F|100/100\n|turn|16\n|inactive|Time left: 300 sec this turn | 300 sec total\n|\n|t:|1783549091\n|-terastallize|p1a: Leafeon|Dark\n|move|p1a: Leafeon|Swords Dance|p1a: Leafeon\n|-boost|p1a: Leafeon|atk|2\n|move|p2a: Altaria|Haze|p2a: Altaria\n|-clearallboost\n|\n|upkeep\n|turn|17\n|inactive|Time left: 300 sec this turn | 300 sec total\n|\n|t:|1783549092\n|move|p1a: Leafeon|Swords Dance|p1a: Leafeon\n|-boost|p1a: Leafeon|atk|2\n|move|p2a: Altaria|Haze|p2a: Altaria\n|-clearallboost\n|\n|upkeep\n|turn|18\n|inactive|Time left: 300 sec this turn | 300 sec total\n|\n|t:|1783549093\n|move|p1a: Leafeon|Swords Dance|p1a: Leafeon\n|-boost|p1a: Leafeon|atk|2\n|move|p2a: Altaria|Haze|p2a: Altaria\n|-clearallboost\n|\n|upkeep\n|turn|19\n|inactive|Time left: 300 sec this turn | 300 sec total\n|\n|t:|1783549094\n|move|p1a: Leafeon|Swords Dance|p1a: Leafeon\n|-boost|p1a: Leafeon|atk|2\n|move|p2a: Altaria|Haze|p2a: Altaria\n|-clearallboost\n|\n|upkeep\n|turn|20\n|inactive|Time left: 300 sec this turn | 300 sec total\n|\n|t:|1783549095\n|move|p1a: Leafeon|Swords Dance|p1a: Leafeon\n|-boost|p1a: Leafeon|atk|2\n|move|p2a: Altaria|Haze|p2a: Altaria\n|-clearallboost\n|\n|upkeep\n|turn|21\n|inactive|Time left: 300 sec this turn | 300 sec total\n|\n|t:|1783549096\n|move|p1a: Leafeon|Swords Dance|p1a: Leafeon\n|-boost|p1a: Leafeon|atk|2\n|move|p2a: Altaria|Haze|p2a: Altaria\n|-clearallboost\n|\n|upkeep\n|turn|22\n|inactive|Time left: 300 sec this turn | 300 sec total\n|\n|t:|1783549097\n|move|p1a: Leafeon|Swords Dance|p1a: Leafeon\n|-boost|p1a: Leafeon|atk|2\n|move|p2a: Altaria|Haze|p2a: Altaria\n|-clearallboost\n|\n|upkeep\n|turn|23\n|inactive|Time left: 300 sec this turn | 300 sec total\n|\n|t:|1783549098\n|move|p1a: Leafeon|Swords Dance|p1a: Leafeon\n|-boost|p1a: Leafeon|atk|2\n|move|p2a: Altaria|Haze|p2a: Altaria\n|-clearallboost\n|\n|upkeep\n|turn|24\n|inactive|Time left: 300 sec this turn | 300 sec total\n|\n|t:|1783549098\n|move|p1a: Leafeon|Knock Off|p2a: Altaria\n|-damage|p2a: Altaria|46/100\n|-enditem|p2a: Altaria|Heavy-Duty Boots|[from] move: Knock Off|[of] p1a: Leafeon\n|-damage|p1a: Leafeon|183/258|[from] item: Life Orb\n|move|p2a: Altaria|Haze|p2a: Altaria\n|-clearallboost\n|\n|upkeep\n|turn|25\n|inactive|Time left: 300 sec this turn | 300 sec total\n|\n|t:|1783549100\n|move|p1a: Leafeon|Swords Dance|p1a: Leafeon\n|-boost|p1a: Leafeon|atk|2\n|move|p2a: Altaria|Roost|p2a: Altaria\n|-heal|p2a: Altaria|96/100\n|-singleturn|p2a: Altaria|move: Roost\n|\n|upkeep\n|turn|26\n|inactive|Time left: 300 sec this turn | 300 sec total\n|\n|t:|1783549100\n|move|p1a: Leafeon|Knock Off|p2a: Altaria\n|-damage|p2a: Altaria|17/100\n|-damage|p1a: Leafeon|158/258|[from] item: Life Orb\n|move|p2a: Altaria|Haze|p2a: Altaria\n|-clearallboost\n|\n|upkeep\n|turn|27\n|inactive|Time left: 300 sec this turn | 300 sec total\n|\n|t:|1783549101\n|move|p1a: Leafeon|Knock Off|p2a: Altaria\n|-damage|p2a: Altaria|0 fnt\n|faint|p2a: Altaria\n|-damage|p1a: Leafeon|133/258|[from] item: Life Orb\n|\n|upkeep\n|\n|t:|1783549102\n|switch|p2a: Malamar|Malamar, L82, F|100/100\n|turn|28\n|inactive|Time left: 300 sec this turn | 300 sec total\n|\n|t:|1783549103\n|move|p1a: Leafeon|Knock Off|p2a: Malamar\n|-damage|p2a: Malamar|37/100\n|-enditem|p2a: Malamar|Chesto Berry|[from] move: Knock Off|[of] p1a: Leafeon\n|-damage|p1a: Leafeon|108/258|[from] item: Life Orb\n|move|p2a: Malamar|Superpower|p1a: Leafeon\n|-supereffective|p1a: Leafeon\n|-damage|p1a: Leafeon|8/258\n|-boost|p2a: Malamar|atk|1\n|-boost|p2a: Malamar|def|1\n|\n|upkeep\n|turn|29\n|inactive|Time left: 300 sec this turn | 300 sec total\n|\n|t:|1783549104\n|move|p1a: Leafeon|Leaf Blade|p2a: Malamar\n|-damage|p2a: Malamar|0 fnt\n|faint|p2a: Malamar\n|-damage|p1a: Leafeon|0 fnt|[from] item: Life Orb\n|faint|p1a: Leafeon\n|\n|upkeep\n|inactive|Time left: 300 sec this turn | 300 sec total | 5 sec grace\n|\n|t:|1783549105\n|switch|p1a: Cacturne|Cacturne, L92, M|278/278\n|switch|p2a: Slowbro|Slowbro-Galar, L87, F|100/100\n|turn|30\n|inactive|Time left: 300 sec this turn | 300 sec total\n|\n|t:|1783549106\n|move|p1a: Cacturne|Knock Off|p2a: Slowbro\n|-supereffective|p2a: Slowbro\n|-damage|p2a: Slowbro|1/100\n|-enditem|p2a: Slowbro|Life Orb|[from] move: Knock Off|[of] p1a: Cacturne\n|-damage|p1a: Cacturne|251/278|[from] item: Life Orb\n|move|p2a: Slowbro|Trick Room|p2a: Slowbro\n|-fieldstart|move: Trick Room|[of] p2a: Slowbro\n|\n|upkeep\n|turn|31\n|inactive|Time left: 300 sec this turn | 300 sec total\n|\n|t:|1783549106\n|move|p2a: Slowbro|Fire Blast|p1a: Cacturne\n|-supereffective|p1a: Cacturne\n|-damage|p1a: Cacturne|45/278\n|move|p1a: Cacturne|Knock Off|p2a: Slowbro\n|-supereffective|p2a: Slowbro\n|-damage|p2a: Slowbro|0 fnt\n|faint|p2a: Slowbro\n|-damage|p1a: Cacturne|18/278|[from] item: Life Orb\n|\n|win|p0x794e276", "uploadtime": 1783549106, "views": 0, "rating": 0, "private": 0, "password": null, "_winner": "p0x794e276", "_our_name": "p0x794e276"}