{"id": "battle-gen9randombattle-1464", "formatid": "gen9randombattle", "format": "[Gen 9] Random Battle", "players": ["p0x1464dcf5", "p0y146453c4"], "log": "|init|battle\n|title|p0x1464dcf5 vs. p0y146453c4\n|j|\u2606p0x1464dcf5\n|j|\u2606p0y146453c4\n|t:|1783557045\n|gametype|singles\n|player|p1|p0x1464dcf5|169|\n|player|p2|p0y146453c4|170|\n|gen|9\n|tier|[Gen 9] Random Battle\n|rule|Species Clause: Limit one of each Pok\u00e9mon\n|rule|HP Percentage Mod: HP is shown in percentages\n|rule|Sleep Clause Mod: Limit one foe put to sleep\n|rule|Illusion Level Mod: Illusion disguises the Pok\u00e9mon's true level\n|\n|t:|1783557045\n|teamsize|p1|6\n|teamsize|p2|6\n|start\n|switch|p1a: Palossand|Palossand, L89, F|296/296\n|switch|p2a: Lucario|Lucario, L84, M|100/100\n|turn|1\n|inactive|Battle timer is ON: inactive players will automatically lose when time's up. (requested by p0x1464dcf5)\n|\n|t:|1783557046\n|switch|p2a: Noctowl|Noctowl, L95, F|100/100\n|move|p1a: Palossand|Earth Power|p2a: Noctowl\n|-immune|p2a: Noctowl\n|\n|upkeep\n|turn|2\n|inactive|Time left: 300 sec this turn | 300 sec total\n|inactive|p0y146453c4 also wants the timer to be on.\n|\n|t:|1783557047\n|move|p2a: Noctowl|Calm Mind|p2a: Noctowl\n|-boost|p2a: Noctowl|spa|1\n|-boost|p2a: Noctowl|spd|1\n|move|p1a: Palossand|Earth Power|p2a: Noctowl\n|-immune|p2a: Noctowl\n|\n|upkeep\n|turn|3\n|inactive|Time left: 300 sec this turn | 300 sec total\n|\n|t:|1783557048\n|switch|p1a: Diancie|Diancie, L82|216/216\n|move|p2a: Noctowl|Calm Mind|p2a: Noctowl\n|-boost|p2a: Noctowl|spa|1\n|-boost|p2a: Noctowl|spd|1\n|\n|upkeep\n|turn|4\n|inactive|Time left: 300 sec this turn | 300 sec total\n|\n|t:|1783557050\n|move|p2a: Noctowl|Hyper Voice|p1a: Diancie\n|-resisted|p1a: Diancie\n|-damage|p1a: Diancie|110/216\n|move|p1a: Diancie|Diamond Storm|p2a: Noctowl\n|-supereffective|p2a: Noctowl\n|-damage|p2a: Noctowl|20/100\n|\n|upkeep\n|turn|5\n|inactive|Time left: 300 sec this turn | 300 sec total\n|\n|t:|1783557051\n|move|p2a: Noctowl|Hurricane|p1a: Diancie|[miss]\n|-miss|p2a: Noctowl|p1a: Diancie\n|move|p1a: Diancie|Diamond Storm|p2a: Noctowl\n|-supereffective|p2a: Noctowl\n|-damage|p2a: Noctowl|0 fnt\n|faint|p2a: Noctowl\n|\n|upkeep\n|\n|t:|1783557052\n|switch|p2a: Mamoswine|Mamoswine, L81, M|100/100\n|turn|6\n|inactive|Time left: 300 sec this turn | 300 sec total\n|\n|t:|1783557053\n|switch|p1a: Palossand|Palossand, L89, F|296/296\n|move|p2a: Mamoswine|Earthquake|p1a: Palossand\n|-damage|p1a: Palossand|178/296\n|-damage|p2a: Mamoswine|91/100|[from] item: Life Orb\n|\n|-heal|p1a: Palossand|196/296|[from] item: Leftovers\n|upkeep\n|turn|7\n|inactive|Time left: 300 sec this turn | 300 sec total\n|\n|t:|1783557054\n|move|p2a: Mamoswine|Icicle Crash|p1a: Palossand\n|-supereffective|p1a: Palossand\n|-damage|p1a: Palossand|0 fnt\n|faint|p1a: Palossand\n|-damage|p2a: Mamoswine|81/100|[from] item: Life Orb\n|\n|upkeep\n|inactive|Time left: 300 sec this turn | 300 sec total | 5 sec grace\n|\n|t:|1783557055\n|switch|p1a: Falinks|Falinks, L84|246/246\n|turn|8\n|inactive|Time left: 300 sec this turn | 300 sec total\n|\n|t:|1783557056\n|move|p2a: Mamoswine|Icicle Crash|p1a: Falinks\n|-damage|p1a: Falinks|112/246\n|-damage|p2a: Mamoswine|71/100|[from] item: Life Orb\n|cant|p1a: Falinks|flinch\n|\n|upkeep\n|turn|9\n|inactive|Time left: 300 sec this turn | 300 sec total\n|\n|t:|1783557058\n|move|p2a: Mamoswine|Earthquake|p1a: Falinks\n|-damage|p1a: Falinks|0 fnt\n|faint|p1a: Falinks\n|-damage|p2a: Mamoswine|61/100|[from] item: Life Orb\n|\n|upkeep\n|inactive|Time left: 300 sec this turn | 300 sec total | 5 sec grace\n|\n|t:|1783557059\n|switch|p1a: Flutter Mane|Flutter Mane, L74|203/203\n|turn|10\n|inactive|Time left: 300 sec this turn | 300 sec total\n|\n|t:|1783557060\n|move|p1a: Flutter Mane|Moonblast|p2a: Mamoswine\n|-damage|p2a: Mamoswine|0 fnt\n|faint|p2a: Mamoswine\n|-damage|p1a: Flutter Mane|183/203|[from] item: Life Orb\n|\n|upkeep\n|\n|t:|1783557061\n|switch|p2a: Excadrill|Excadrill, L79, F|100/100\n|-ability|p2a: Excadrill|Mold Breaker\n|turn|11\n|inactive|Time left: 300 sec this turn | 300 sec total\n|\n|t:|1783557062\n|move|p1a: Flutter Mane|Mystical Fire|p2a: Excadrill\n|-supereffective|p2a: Excadrill\n|-damage|p2a: Excadrill|56/100\n|-unboost|p2a: Excadrill|spa|1\n|-damage|p1a: Flutter Mane|163/203|[from] item: Life Orb\n|move|p2a: Excadrill|Earthquake|p1a: Flutter Mane\n|-damage|p1a: Flutter Mane|0 fnt\n|faint|p1a: Flutter Mane\n|-end|p1a: Flutter Mane|Protosynthesis|[silent]\n|\n|upkeep\n|inactive|Time left: 300 sec this turn | 300 sec total | 5 sec grace\n|\n|t:|1783557063\n|switch|p1a: Dugtrio|Dugtrio, L84, M|196/196\n|turn|12\n|inactive|Time left: 300 sec this turn | 300 sec total\n|\n|t:|1783557064\n|-terastallize|p2a: Excadrill|Grass\n|move|p1a: Dugtrio|Earthquake|p2a: Excadrill\n|-resisted|p2a: Excadrill\n|-damage|p2a: Excadrill|23/100\n|-damage|p1a: Dugtrio|177/196|[from] item: Life Orb\n|move|p2a: Excadrill|Earthquake|p1a: Dugtrio\n|-damage|p1a: Dugtrio|8/196\n|\n|upkeep\n|turn|13\n|inactive|Time left: 300 sec this turn | 300 sec total\n|\n|t:|1783557065\n|move|p1a: Dugtrio|Earthquake|p2a: Excadrill\n|-resisted|p2a: Excadrill\n|-damage|p2a: Excadrill|0 fnt\n|faint|p2a: Excadrill\n|-damage|p1a: Dugtrio|0 fnt|[from] item: Life Orb\n|faint|p1a: Dugtrio\n|\n|upkeep\n|inactive|Time left: 300 sec this turn | 300 sec total | 5 sec grace\n|\n|t:|1783557066\n|switch|p1a: Swalot|Swalot, L90, F|326/326\n|switch|p2a: Exeggutor|Exeggutor-Alola, L89, M|100/100\n|turn|14\n|inactive|Time left: 300 sec this turn | 300 sec total\n|\n|t:|1783557067\n|switch|p2a: Lucario|Lucario, L84, M|100/100\n|move|p1a: Swalot|Sludge Bomb|p2a: Lucario\n|-immune|p2a: Lucario\n|\n|upkeep\n|turn|15\n|inactive|Time left: 300 sec this turn | 300 sec total\n|\n|t:|1783557068\n|move|p2a: Lucario|Nasty Plot|p2a: Lucario\n|-boost|p2a: Lucario|spa|2\n|move|p1a: Swalot|Earthquake|p2a: Lucario\n|-supereffective|p2a: Lucario\n|-damage|p2a: Lucario|35/100\n|\n|upkeep\n|turn|16\n|inactive|Time left: 300 sec this turn | 300 sec total\n|\n|t:|1783557070\n|move|p2a: Lucario|Flash Cannon|p1a: Swalot\n|-damage|p1a: Swalot|71/326\n|-damage|p2a: Lucario|26/100|[from] item: Life Orb\n|move|p1a: Swalot|Earthquake|p2a: Lucario\n|-supereffective|p2a: Lucario\n|-damage|p2a: Lucario|0 fnt\n|faint|p2a: Lucario\n|\n|-heal|p1a: Swalot|91/326|[from] item: Leftovers\n|upkeep\n|\n|t:|1783557071\n|switch|p2a: Toucannon|Toucannon, L88, M|100/100\n|turn|17\n|inactive|Time left: 300 sec this turn | 300 sec total\n|\n|t:|1783557072\n|move|p1a: Swalot|Protect|p1a: Swalot\n|-singleturn|p1a: Swalot|Protect\n|move|p2a: Toucannon|Boomburst|p1a: Swalot\n|-activate|p1a: Swalot|move: Protect\n|\n|-heal|p1a: Swalot|111/326|[from] item: Leftovers\n|upkeep\n|turn|18\n|inactive|Time left: 300 sec this turn | 300 sec total\n|\n|t:|1783557073\n|switch|p1a: Diancie|Diancie, L82|110/216\n|move|p2a: Toucannon|Knock Off|p1a: Diancie\n|-resisted|p1a: Diancie\n|-damage|p1a: Diancie|82/216\n|-enditem|p1a: Diancie|Assault Vest|[from] move: Knock Off|[of] p2a: Toucannon\n|\n|upkeep\n|turn|19\n|inactive|Time left: 300 sec this turn | 300 sec total\n|\n|t:|1783557074\n|move|p2a: Toucannon|Boomburst|p1a: Diancie\n|-resisted|p1a: Diancie\n|-crit|p1a: Diancie\n|-damage|p1a: Diancie|16/216\n|move|p1a: Diancie|Moonblast|p2a: Toucannon\n|-damage|p2a: Toucannon|60/100\n|\n|upkeep\n|turn|20\n|inactive|Time left: 300 sec this turn | 300 sec total\n|\n|t:|1783557075\n|move|p2a: Toucannon|Boomburst|p1a: Diancie\n|-resisted|p1a: Diancie\n|-damage|p1a: Diancie|0 fnt\n|faint|p1a: Diancie\n|\n|upkeep\n|inactive|Time left: 300 sec this turn | 300 sec total | 5 sec grace\n|\n|t:|1783557076\n|switch|p1a: Swalot|Swalot, L90, F|111/326\n|turn|21\n|inactive|Time left: 300 sec this turn | 300 sec total\n|\n|t:|1783557077\n|-singleturn|p2a: Toucannon|move: Beak Blast\n|move|p1a: Swalot|Protect|p1a: Swalot\n|-singleturn|p1a: Swalot|Protect\n|move|p2a: Toucannon|Beak Blast|p1a: Swalot\n|-activate|p1a: Swalot|move: Protect\n|\n|-heal|p1a: Swalot|131/326|[from] item: Leftovers\n|upkeep\n|turn|22\n|inactive|Time left: 300 sec this turn | 300 sec total\n|\n|t:|1783557077\n|-singleturn|p2a: Toucannon|move: Beak Blast\n|move|p1a: Swalot|Protect|p1a: Swalot\n|-singleturn|p1a: Swalot|Protect\n|move|p2a: Toucannon|Beak Blast|p1a: Swalot\n|-activate|p1a: Swalot|move: Protect\n|\n|-heal|p1a: Swalot|151/326|[from] item: Leftovers\n|upkeep\n|turn|23\n|inactive|Time left: 300 sec this turn | 300 sec total\n|\n|t:|1783557078\n|move|p2a: Toucannon|Boomburst|p1a: Swalot\n|-damage|p1a: Swalot|10/326\n|move|p1a: Swalot|Sludge Bomb|p2a: Toucannon\n|-damage|p2a: Toucannon|23/100\n|-status|p2a: Toucannon|psn\n|\n|-heal|p1a: Swalot|30/326|[from] item: Leftovers\n|-damage|p2a: Toucannon|11/100 psn|[from] psn\n|upkeep\n|turn|24\n|inactive|Time left: 300 sec this turn | 300 sec total\n|\n|t:|1783557079\n|-terastallize|p1a: Swalot|Ground\n|move|p1a: Swalot|Protect|p1a: Swalot\n|-singleturn|p1a: Swalot|Protect\n|move|p2a: Toucannon|Knock Off|p1a: Swalot\n|-activate|p1a: Swalot|move: Protect\n|\n|-heal|p1a: Swalot|50/326|[from] item: Leftovers\n|-damage|p2a: Toucannon|0 fnt|[from] psn\n|faint|p2a: Toucannon\n|upkeep\n|\n|t:|1783557080\n|switch|p2a: Exeggutor|Exeggutor-Alola, L89, M|100/100\n|turn|25\n|inactive|Time left: 300 sec this turn | 300 sec total\n|\n|t:|1783557081\n|move|p1a: Swalot|Sludge Bomb|p2a: Exeggutor\n|-supereffective|p2a: Exeggutor\n|-damage|p2a: Exeggutor|37/100\n|-enditem|p2a: Exeggutor|Sitrus Berry|[eat]\n|-heal|p2a: Exeggutor|62/100|[from] item: Sitrus Berry\n|move|p2a: Exeggutor|Flamethrower|p1a: Swalot\n|-damage|p1a: Swalot|0 fnt\n|faint|p1a: Swalot\n|\n|win|p0y146453c4", "uploadtime": 1783557081, "views": 0, "rating": 0, "private": 0, "password": null, "_winner": "p0y146453c4", "_our_name": "p0x1464dcf5"}