{"id": "battle-gen9randombattle-711", "formatid": "gen9randombattle", "format": "[Gen 9] Random Battle", "players": ["p0x711c06a", "p0y711f16b"], "log": "|init|battle\n|title|p0x711c06a vs. p0y711f16b\n|j|\u2606p0x711c06a\n|j|\u2606p0y711f16b\n|t:|1783547364\n|gametype|singles\n|player|p1|p0x711c06a|265|\n|player|p2|p0y711f16b|169|\n|gen|9\n|tier|[Gen 9] Random Battle\n|rule|Species Clause: Limit one of each Pok\u00e9mon\n|rule|HP Percentage Mod: HP is shown in percentages\n|rule|Sleep Clause Mod: Limit one foe put to sleep\n|rule|Illusion Level Mod: Illusion disguises the Pok\u00e9mon's true level\n|\n|t:|1783547364\n|teamsize|p1|6\n|teamsize|p2|6\n|start\n|switch|p1a: Mabosstiff|Mabosstiff, L86, F|100/100\n|switch|p2a: Glalie|Glalie, L96, F|309/309\n|turn|1\n|inactive|Battle timer is ON: inactive players will automatically lose when time's up. (requested by p0x711c06a)\n|inactive|Time left: 300 sec this turn | 300 sec total | 60 sec grace\n|inactive|p0y711f16b also wants the timer to be on.\n|\n|t:|1783547365\n|move|p1a: Mabosstiff|Crunch|p2a: Glalie\n|-damage|p2a: Glalie|210/309\n|move|p2a: Glalie|Freeze-Dry|p1a: Mabosstiff\n|-damage|p1a: Mabosstiff|65/100\n|\n|upkeep\n|turn|2\n|inactive|Time left: 300 sec this turn | 300 sec total\n|\n|t:|1783547367\n|move|p1a: Mabosstiff|Crunch|p2a: Glalie\n|-damage|p2a: Glalie|111/309\n|move|p2a: Glalie|Freeze-Dry|p1a: Mabosstiff\n|-damage|p1a: Mabosstiff|29/100\n|\n|upkeep\n|turn|3\n|inactive|Time left: 300 sec this turn | 300 sec total\n|\n|t:|1783547368\n|move|p1a: Mabosstiff|Crunch|p2a: Glalie\n|-damage|p2a: Glalie|17/309\n|-unboost|p2a: Glalie|def|1\n|move|p2a: Glalie|Freeze-Dry|p1a: Mabosstiff\n|-damage|p1a: Mabosstiff|0 fnt\n|faint|p1a: Mabosstiff\n|\n|upkeep\n|\n|t:|1783547369\n|switch|p1a: Dunsparce|Dunsparce, L86, M|100/100\n|turn|4\n|inactive|Time left: 300 sec this turn | 300 sec total\n|\n|t:|1783547370\n|move|p2a: Glalie|Freeze-Dry|p1a: Dunsparce\n|-damage|p1a: Dunsparce|78/100\n|move|p1a: Dunsparce|Coil|p1a: Dunsparce\n|-boost|p1a: Dunsparce|atk|1\n|-boost|p1a: Dunsparce|def|1\n|-boost|p1a: Dunsparce|accuracy|1\n|\n|upkeep\n|turn|5\n|inactive|Time left: 300 sec this turn | 300 sec total\n|\n|t:|1783547371\n|move|p2a: Glalie|Spikes|p1a: Dunsparce\n|-sidestart|p1: p0x711c06a|Spikes\n|move|p1a: Dunsparce|Body Slam|p2a: Glalie\n|-damage|p2a: Glalie|0 fnt\n|faint|p2a: Glalie\n|\n|upkeep\n|inactive|Time left: 300 sec this turn | 300 sec total | 5 sec grace\n|\n|t:|1783547372\n|switch|p2a: Darkrai|Darkrai, L77|234/234\n|turn|6\n|inactive|Time left: 300 sec this turn | 300 sec total\n|\n|t:|1783547373\n|move|p2a: Darkrai|Hypnosis|p1a: Dunsparce\n|-status|p1a: Dunsparce|slp|[from] move: Hypnosis\n|cant|p1a: Dunsparce|slp\n|\n|-damage|p1a: Dunsparce|66/100 slp|[from] ability: Bad Dreams|[of] p2a: Darkrai\n|upkeep\n|turn|7\n|inactive|Time left: 300 sec this turn | 300 sec total\n|\n|t:|1783547374\n|move|p2a: Darkrai|Nasty Plot|p2a: Darkrai\n|-boost|p2a: Darkrai|spa|2\n|cant|p1a: Dunsparce|slp\n|\n|-damage|p1a: Dunsparce|53/100 slp|[from] ability: Bad Dreams|[of] p2a: Darkrai\n|upkeep\n|turn|8\n|inactive|Time left: 300 sec this turn | 300 sec total\n|\n|t:|1783547375\n|switch|p1a: Qwilfish|Qwilfish-Hisui, L83, F|100/100\n|-damage|p1a: Qwilfish|88/100|[from] Spikes\n|-ability|p1a: Qwilfish|Intimidate|boost\n|-unboost|p2a: Darkrai|atk|1\n|move|p2a: Darkrai|Dark Pulse|p1a: Qwilfish\n|-resisted|p1a: Qwilfish\n|-damage|p1a: Qwilfish|38/100\n|-damage|p2a: Darkrai|211/234|[from] item: Life Orb\n|\n|upkeep\n|turn|9\n|inactive|Time left: 300 sec this turn | 300 sec total\n|\n|t:|1783547376\n|move|p2a: Darkrai|Dark Pulse|p1a: Qwilfish\n|-resisted|p1a: Qwilfish\n|-damage|p1a: Qwilfish|0 fnt\n|faint|p1a: Qwilfish\n|-damage|p2a: Darkrai|188/234|[from] item: Life Orb\n|\n|upkeep\n|\n|t:|1783547376\n|switch|p1a: Deoxys|Deoxys-Speed, L82|100/100\n|-damage|p1a: Deoxys|88/100|[from] Spikes\n|-ability|p1a: Deoxys|Pressure\n|turn|10\n|inactive|Time left: 300 sec this turn | 300 sec total\n|\n|t:|1783547377\n|move|p1a: Deoxys|Superpower|p2a: Darkrai\n|-supereffective|p2a: Darkrai\n|-damage|p2a: Darkrai|12/234\n|-unboost|p1a: Deoxys|atk|1\n|-unboost|p1a: Deoxys|def|1\n|move|p2a: Darkrai|Dark Pulse|p1a: Deoxys\n|-supereffective|p1a: Deoxys\n|-damage|p1a: Deoxys|0 fnt\n|faint|p1a: Deoxys\n|-damage|p2a: Darkrai|0 fnt|[from] item: Life Orb\n|faint|p2a: Darkrai\n|\n|upkeep\n|inactive|Time left: 300 sec this turn | 300 sec total | 5 sec grace\n|\n|t:|1783547379\n|switch|p1a: Dunsparce|Dunsparce, L86, M|53/100 slp\n|switch|p2a: Rayquaza|Rayquaza, L72|270/270\n|-ability|p2a: Rayquaza|Air Lock\n|-damage|p1a: Dunsparce|41/100 slp|[from] Spikes\n|turn|11\n|inactive|Time left: 300 sec this turn | 300 sec total\n|\n|t:|1783547380\n|move|p2a: Rayquaza|Swords Dance|p2a: Rayquaza\n|-boost|p2a: Rayquaza|atk|2\n|-curestatus|p1a: Dunsparce|slp|[msg]\n|move|p1a: Dunsparce|Roost|p1a: Dunsparce\n|-heal|p1a: Dunsparce|91/100\n|-singleturn|p1a: Dunsparce|move: Roost\n|\n|upkeep\n|turn|12\n|inactive|Time left: 300 sec this turn | 300 sec total\n|\n|t:|1783547381\n|move|p2a: Rayquaza|Scale Shot|p1a: Dunsparce\n|-damage|p1a: Dunsparce|78/100\n|-damage|p1a: Dunsparce|65/100\n|-damage|p1a: Dunsparce|50/100\n|-damage|p1a: Dunsparce|38/100\n|-damage|p1a: Dunsparce|23/100\n|-hitcount|p1a: Dunsparce|5\n|-unboost|p2a: Rayquaza|def|1\n|-boost|p2a: Rayquaza|spe|1\n|move|p1a: Dunsparce|Body Slam|p2a: Rayquaza\n|-damage|p2a: Rayquaza|150/270\n|\n|upkeep\n|turn|13\n|inactive|Time left: 300 sec this turn | 300 sec total\n|\n|t:|1783547382\n|move|p2a: Rayquaza|Earthquake|p1a: Dunsparce\n|-damage|p1a: Dunsparce|0 fnt\n|faint|p1a: Dunsparce\n|\n|upkeep\n|\n|t:|1783547383\n|switch|p1a: Toxapex|Toxapex, L82, M|100/100\n|-damage|p1a: Toxapex|88/100|[from] Spikes\n|turn|14\n|inactive|Time left: 300 sec this turn | 300 sec total\n|\n|t:|1783547384\n|move|p2a: Rayquaza|Dragon Ascent|p1a: Toxapex\n|-damage|p1a: Toxapex|4/100\n|-unboost|p2a: Rayquaza|def|1\n|-unboost|p2a: Rayquaza|spd|1\n|-damage|p2a: Rayquaza|105/270|[from] item: Rocky Helmet|[of] p1a: Toxapex\n|move|p1a: Toxapex|Haze|p1a: Toxapex\n|-clearallboost\n|\n|upkeep\n|turn|15\n|inactive|Time left: 300 sec this turn | 300 sec total\n|\n|t:|1783547385\n|switch|p1a: Meloetta|Meloetta, L82|100/100\n|-damage|p1a: Meloetta|88/100|[from] Spikes\n|move|p2a: Rayquaza|Scale Shot|p1a: Meloetta\n|-damage|p1a: Meloetta|77/100\n|-damage|p1a: Meloetta|66/100\n|-damage|p1a: Meloetta|56/100\n|-damage|p1a: Meloetta|44/100\n|-hitcount|p1a: Meloetta|4\n|-unboost|p2a: Rayquaza|def|1\n|-boost|p2a: Rayquaza|spe|1\n|\n|upkeep\n|turn|16\n|inactive|Time left: 300 sec this turn | 300 sec total\n|\n|t:|1783547386\n|move|p2a: Rayquaza|Dragon Ascent|p1a: Meloetta\n|-damage|p1a: Meloetta|0 fnt\n|-unboost|p2a: Rayquaza|def|1\n|-unboost|p2a: Rayquaza|spd|1\n|faint|p1a: Meloetta\n|\n|upkeep\n|\n|t:|1783547387\n|switch|p1a: Toxapex|Toxapex, L82, M|38/100\n|-damage|p1a: Toxapex|25/100|[from] Spikes\n|turn|17\n|inactive|Time left: 300 sec this turn | 300 sec total\n|\n|t:|1783547388\n|-terastallize|p1a: Toxapex|Grass\n|move|p2a: Rayquaza|Dragon Ascent|p1a: Toxapex\n|-supereffective|p1a: Toxapex\n|-damage|p1a: Toxapex|0 fnt\n|-unboost|p2a: Rayquaza|def|1\n|-unboost|p2a: Rayquaza|spd|1\n|-damage|p2a: Rayquaza|60/270|[from] item: Rocky Helmet|[of] p1a: Toxapex\n|faint|p1a: Toxapex\n|\n|win|p0y711f16b", "uploadtime": 1783547388, "views": 0, "rating": 0, "private": 0, "password": null, "_winner": "p0y711f16b", "_our_name": "p0y711f16b"}