{"id": "battle-gen9randombattle-1762", "formatid": "gen9randombattle", "format": "[Gen 9] Random Battle", "players": ["p0x1762e9c9", "p0y1762f82e"], "log": "|init|battle\n|title|p0x1762e9c9 vs. p0y1762f82e\n|j|\u2606p0x1762e9c9\n|j|\u2606p0y1762f82e\n|t:|1783559660\n|gametype|singles\n|player|p1|p0x1762e9c9|169|\n|player|p2|p0y1762f82e|265|\n|gen|9\n|tier|[Gen 9] Random Battle\n|rule|Species Clause: Limit one of each Pok\u00e9mon\n|rule|HP Percentage Mod: HP is shown in percentages\n|rule|Sleep Clause Mod: Limit one foe put to sleep\n|rule|Illusion Level Mod: Illusion disguises the Pok\u00e9mon's true level\n|\n|t:|1783559660\n|teamsize|p1|6\n|teamsize|p2|6\n|start\n|switch|p1a: Dusknoir|Dusknoir, L89, M|225/225\n|switch|p2a: Pachirisu|Pachirisu, L96, M|100/100\n|-item|p2a: Pachirisu|Assault Vest|[from] ability: Frisk|[of] p1a: Dusknoir\n|turn|1\n|inactive|Battle timer is ON: inactive players will automatically lose when time's up. (requested by p0y1762f82e)\n|inactive|Time left: 300 sec this turn | 300 sec total | 60 sec grace\n|inactive|p0x1762e9c9 also wants the timer to be on.\n|\n|t:|1783559662\n|switch|p2a: Toucannon|Toucannon, L88, F|100/100\n|move|p1a: Dusknoir|Poltergeist|p2a: Toucannon\n|-immune|p2a: Toucannon\n|\n|upkeep\n|turn|2\n|inactive|Time left: 300 sec this turn | 300 sec total\n|\n|t:|1783559663\n|move|p2a: Toucannon|Knock Off|p1a: Dusknoir\n|-supereffective|p1a: Dusknoir\n|-damage|p1a: Dusknoir|103/225\n|-enditem|p1a: Dusknoir|Choice Band|[from] move: Knock Off|[of] p2a: Toucannon\n|move|p1a: Dusknoir|Poltergeist|p2a: Toucannon\n|-immune|p2a: Toucannon\n|\n|upkeep\n|turn|3\n|inactive|Time left: 300 sec this turn | 300 sec total\n|\n|t:|1783559664\n|-singleturn|p2a: Toucannon|move: Beak Blast\n|move|p1a: Dusknoir|Leech Life|p2a: Toucannon\n|-resisted|p2a: Toucannon\n|-damage|p2a: Toucannon|89/100\n|-heal|p1a: Dusknoir|120/225|[from] drain|[of] p2a: Toucannon\n|-status|p1a: Dusknoir|brn\n|move|p2a: Toucannon|Beak Blast|p1a: Dusknoir\n|-damage|p1a: Dusknoir|26/225 brn\n|\n|-damage|p1a: Dusknoir|12/225 brn|[from] brn\n|upkeep\n|turn|4\n|inactive|Time left: 300 sec this turn | 300 sec total\n|\n|t:|1783559665\n|-singleturn|p2a: Toucannon|move: Beak Blast\n|move|p1a: Dusknoir|Leech Life|p2a: Toucannon\n|-resisted|p2a: Toucannon\n|-damage|p2a: Toucannon|83/100\n|-heal|p1a: Dusknoir|20/225 brn|[from] drain|[of] p2a: Toucannon\n|move|p2a: Toucannon|Beak Blast|p1a: Dusknoir\n|-damage|p1a: Dusknoir|0 fnt\n|faint|p1a: Dusknoir\n|\n|upkeep\n|inactive|Time left: 300 sec this turn | 300 sec total | 5 sec grace\n|\n|t:|1783559666\n|switch|p1a: Miraidon|Miraidon, L65|238/238\n|-fieldstart|move: Electric Terrain|[from] ability: Hadron Engine|[of] p1a: Miraidon\n|turn|5\n|inactive|Time left: 300 sec this turn | 300 sec total\n|\n|t:|1783559667\n|switch|p2a: Pachirisu|Pachirisu, L96, M|100/100\n|move|p1a: Miraidon|Electro Drift|p2a: Pachirisu\n|-immune|p2a: Pachirisu|[from] ability: Volt Absorb\n|\n|upkeep\n|turn|6\n|inactive|Time left: 300 sec this turn | 300 sec total\n|\n|t:|1783559668\n|move|p2a: Pachirisu|Super Fang|p1a: Miraidon\n|-damage|p1a: Miraidon|119/238\n|move|p1a: Miraidon|Calm Mind|p1a: Miraidon\n|-boost|p1a: Miraidon|spa|1\n|-boost|p1a: Miraidon|spd|1\n|\n|upkeep\n|turn|7\n|inactive|Time left: 300 sec this turn | 300 sec total\n|\n|t:|1783559669\n|move|p2a: Pachirisu|Super Fang|p1a: Miraidon\n|-damage|p1a: Miraidon|60/238\n|move|p1a: Miraidon|Calm Mind|p1a: Miraidon\n|-boost|p1a: Miraidon|spa|1\n|-boost|p1a: Miraidon|spd|1\n|\n|upkeep\n|turn|8\n|inactive|Time left: 300 sec this turn | 300 sec total\n|\n|t:|1783559670\n|move|p2a: Pachirisu|Super Fang|p1a: Miraidon|[miss]\n|-miss|p2a: Pachirisu|p1a: Miraidon\n|move|p1a: Miraidon|Dragon Pulse|p2a: Pachirisu\n|-damage|p2a: Pachirisu|49/100\n|-damage|p1a: Miraidon|37/238|[from] item: Life Orb\n|\n|upkeep\n|turn|9\n|inactive|Time left: 300 sec this turn | 300 sec total\n|\n|t:|1783559671\n|move|p2a: Pachirisu|U-turn|p1a: Miraidon\n|-damage|p1a: Miraidon|0 fnt\n|faint|p1a: Miraidon\n|\n|t:|1783559672\n|switch|p2a: Banette|Banette, L93, M|100/100|[from] U-turn\n|\n|-fieldend|move: Electric Terrain\n|upkeep\n|inactive|Time left: 300 sec this turn | 300 sec total | 10 sec grace\n|\n|t:|1783559673\n|switch|p1a: Mabosstiff|Mabosstiff, L86, M|278/278\n|turn|10\n|inactive|Time left: 300 sec this turn | 300 sec total\n|\n|t:|1783559674\n|move|p1a: Mabosstiff|Crunch|p2a: Banette\n|-supereffective|p2a: Banette\n|-damage|p2a: Banette|11/100\n|move|p2a: Banette|Gunk Shot|p1a: Mabosstiff\n|-damage|p1a: Mabosstiff|139/278\n|-damage|p2a: Banette|1/100|[from] item: Life Orb\n|\n|upkeep\n|turn|11\n|inactive|Time left: 300 sec this turn | 300 sec total\n|\n|t:|1783559675\n|move|p1a: Mabosstiff|Crunch|p2a: Banette\n|-supereffective|p2a: Banette\n|-damage|p2a: Banette|0 fnt\n|faint|p2a: Banette\n|\n|upkeep\n|\n|t:|1783559676\n|switch|p2a: Serperior|Serperior, L79, M|100/100\n|turn|12\n|inactive|Time left: 300 sec this turn | 300 sec total\n|\n|t:|1783559677\n|move|p1a: Mabosstiff|Crunch|p2a: Serperior\n|-damage|p2a: Serperior|57/100\n|move|p2a: Serperior|Leaf Storm|p1a: Mabosstiff\n|-damage|p1a: Mabosstiff|0 fnt\n|-boost|p2a: Serperior|spa|2\n|faint|p1a: Mabosstiff\n|-damage|p2a: Serperior|47/100|[from] item: Life Orb\n|\n|upkeep\n|inactive|Time left: 300 sec this turn | 300 sec total | 5 sec grace\n|\n|t:|1783559678\n|switch|p1a: Swanna|Swanna, L89, M|278/278\n|turn|13\n|inactive|Time left: 300 sec this turn | 300 sec total\n|\n|t:|1783559679\n|move|p1a: Swanna|Brave Bird|p2a: Serperior\n|-supereffective|p2a: Serperior\n|-damage|p2a: Serperior|0 fnt\n|faint|p2a: Serperior\n|-damage|p1a: Swanna|240/278|[from] Recoil\n|\n|upkeep\n|\n|t:|1783559680\n|switch|p2a: Pachirisu|Pachirisu, L96, M|49/100\n|turn|14\n|inactive|Time left: 300 sec this turn | 300 sec total\n|\n|t:|1783559681\n|switch|p1a: Excadrill|Excadrill, L79, F|303/303\n|-ability|p1a: Excadrill|Mold Breaker\n|move|p2a: Pachirisu|Thunderbolt|p1a: Excadrill\n|-immune|p1a: Excadrill\n|\n|upkeep\n|turn|15\n|inactive|Time left: 300 sec this turn | 300 sec total\n|\n|t:|1783559683\n|move|p2a: Pachirisu|U-turn|p1a: Excadrill\n|-resisted|p1a: Excadrill\n|-damage|p1a: Excadrill|279/303\n|\n|t:|1783559684\n|switch|p2a: Toucannon|Toucannon, L88, F|83/100|[from] U-turn\n|move|p1a: Excadrill|Rapid Spin|p2a: Toucannon\n|-damage|p2a: Toucannon|68/100\n|-boost|p1a: Excadrill|spe|1\n|\n|upkeep\n|turn|16\n|inactive|Time left: 300 sec this turn | 300 sec total\n|\n|t:|1783559685\n|move|p1a: Excadrill|Iron Head|p2a: Toucannon\n|-damage|p2a: Toucannon|28/100\n|move|p2a: Toucannon|Knock Off|p1a: Excadrill\n|-damage|p1a: Excadrill|165/303\n|-enditem|p1a: Excadrill|Assault Vest|[from] move: Knock Off|[of] p2a: Toucannon\n|\n|upkeep\n|turn|17\n|inactive|Time left: 300 sec this turn | 300 sec total\n|\n|t:|1783559686\n|move|p1a: Excadrill|Iron Head|p2a: Toucannon\n|-damage|p2a: Toucannon|0 fnt\n|faint|p2a: Toucannon\n|\n|upkeep\n|\n|t:|1783559687\n|switch|p2a: Garganacl|Garganacl, L80, M|100/100\n|turn|18\n|inactive|Time left: 300 sec this turn | 300 sec total\n|\n|t:|1783559688\n|move|p1a: Excadrill|Iron Head|p2a: Garganacl\n|-supereffective|p2a: Garganacl\n|-damage|p2a: Garganacl|46/100\n|move|p2a: Garganacl|Earthquake|p1a: Excadrill\n|-supereffective|p1a: Excadrill\n|-damage|p1a: Excadrill|0 fnt\n|faint|p1a: Excadrill\n|\n|-heal|p2a: Garganacl|52/100|[from] item: Leftovers\n|upkeep\n|inactive|Time left: 300 sec this turn | 300 sec total | 5 sec grace\n|\n|t:|1783559689\n|switch|p1a: Wugtrio|Wugtrio, L91, M|212/212\n|turn|19\n|inactive|Time left: 300 sec this turn | 300 sec total\n|\n|t:|1783559690\n|-terastallize|p1a: Wugtrio|Water\n|-terastallize|p2a: Garganacl|Dragon\n|move|p1a: Wugtrio|Liquidation|p2a: Garganacl\n|-resisted|p2a: Garganacl\n|-damage|p2a: Garganacl|26/100\n|move|p2a: Garganacl|Recover|p2a: Garganacl\n|-heal|p2a: Garganacl|76/100\n|\n|-heal|p2a: Garganacl|82/100|[from] item: Leftovers\n|upkeep\n|turn|20\n|inactive|Time left: 300 sec this turn | 300 sec total\n|\n|t:|1783559691\n|move|p1a: Wugtrio|Liquidation|p2a: Garganacl\n|-resisted|p2a: Garganacl\n|-damage|p2a: Garganacl|52/100\n|move|p2a: Garganacl|Salt Cure|p1a: Wugtrio\n|-damage|p1a: Wugtrio|155/212\n|-start|p1a: Wugtrio|Salt Cure\n|\n|-heal|p2a: Garganacl|59/100|[from] item: Leftovers\n|-damage|p1a: Wugtrio|102/212|[from] Salt Cure\n|upkeep\n|turn|21\n|inactive|Time left: 300 sec this turn | 300 sec total\n|\n|t:|1783559692\n|switch|p1a: Swanna|Swanna, L89, M|240/278\n|move|p2a: Garganacl|Salt Cure|p1a: Swanna\n|-supereffective|p1a: Swanna\n|-damage|p1a: Swanna|136/278\n|-start|p1a: Swanna|Salt Cure\n|\n|-heal|p2a: Garganacl|65/100|[from] item: Leftovers\n|-damage|p1a: Swanna|67/278|[from] Salt Cure\n|upkeep\n|turn|22\n|inactive|Time left: 300 sec this turn | 300 sec total\n|\n|t:|1783559692\n|move|p1a: Swanna|Roost|p1a: Swanna\n|-heal|p1a: Swanna|206/278\n|-singleturn|p1a: Swanna|move: Roost\n|move|p2a: Garganacl|Salt Cure|p1a: Swanna\n|-damage|p1a: Swanna|152/278\n|\n|-heal|p2a: Garganacl|71/100|[from] item: Leftovers\n|-damage|p1a: Swanna|83/278|[from] Salt Cure\n|upkeep\n|turn|23\n|inactive|Time left: 300 sec this turn | 300 sec total\n|\n|t:|1783559693\n|move|p1a: Swanna|Roost|p1a: Swanna\n|-heal|p1a: Swanna|222/278\n|-singleturn|p1a: Swanna|move: Roost\n|move|p2a: Garganacl|Salt Cure|p1a: Swanna\n|-damage|p1a: Swanna|170/278\n|\n|-heal|p2a: Garganacl|77/100|[from] item: Leftovers\n|-damage|p1a: Swanna|101/278|[from] Salt Cure\n|upkeep\n|turn|24\n|inactive|Time left: 300 sec this turn | 300 sec total\n|\n|t:|1783559694\n|move|p1a: Swanna|Roost|p1a: Swanna\n|-heal|p1a: Swanna|240/278\n|-singleturn|p1a: Swanna|move: Roost\n|move|p2a: Garganacl|Salt Cure|p1a: Swanna\n|-damage|p1a: Swanna|191/278\n|\n|-heal|p2a: Garganacl|83/100|[from] item: Leftovers\n|-damage|p1a: Swanna|122/278|[from] Salt Cure\n|upkeep\n|turn|25\n|inactive|Time left: 300 sec this turn | 300 sec total\n|\n|t:|1783559695\n|move|p1a: Swanna|Roost|p1a: Swanna\n|-heal|p1a: Swanna|261/278\n|-singleturn|p1a: Swanna|move: Roost\n|move|p2a: Garganacl|Salt Cure|p1a: Swanna\n|-damage|p1a: Swanna|215/278\n|\n|-heal|p2a: Garganacl|90/100|[from] item: Leftovers\n|-damage|p1a: Swanna|146/278|[from] Salt Cure\n|upkeep\n|turn|26\n|inactive|Time left: 300 sec this turn | 300 sec total\n|\n|t:|1783559696\n|move|p1a: Swanna|Roost|p1a: Swanna\n|-heal|p1a: Swanna|278/278\n|-singleturn|p1a: Swanna|move: Roost\n|move|p2a: Garganacl|Salt Cure|p1a: Swanna\n|-damage|p1a: Swanna|230/278\n|\n|-heal|p2a: Garganacl|96/100|[from] item: Leftovers\n|-damage|p1a: Swanna|161/278|[from] Salt Cure\n|upkeep\n|turn|27\n|inactive|Time left: 300 sec this turn | 300 sec total\n|\n|t:|1783559698\n|move|p1a: Swanna|Roost|p1a: Swanna\n|-heal|p1a: Swanna|278/278\n|-singleturn|p1a: Swanna|move: Roost\n|move|p2a: Garganacl|Salt Cure|p1a: Swanna\n|-damage|p1a: Swanna|226/278\n|\n|-heal|p2a: Garganacl|100/100|[from] item: Leftovers\n|-damage|p1a: Swanna|157/278|[from] Salt Cure\n|upkeep\n|turn|28\n|inactive|Time left: 300 sec this turn | 300 sec total\n|\n|t:|1783559699\n|move|p1a: Swanna|Roost|p1a: Swanna\n|-heal|p1a: Swanna|278/278\n|-singleturn|p1a: Swanna|move: Roost\n|move|p2a: Garganacl|Salt Cure|p1a: Swanna\n|-damage|p1a: Swanna|229/278\n|\n|-damage|p1a: Swanna|160/278|[from] Salt Cure\n|upkeep\n|turn|29\n|inactive|Time left: 300 sec this turn | 300 sec total\n|\n|t:|1783559700\n|move|p1a: Swanna|Roost|p1a: Swanna\n|-heal|p1a: Swanna|278/278\n|-singleturn|p1a: Swanna|move: Roost\n|move|p2a: Garganacl|Salt Cure|p1a: Swanna\n|-damage|p1a: Swanna|233/278\n|\n|-damage|p1a: Swanna|164/278|[from] Salt Cure\n|upkeep\n|turn|30\n|inactive|Time left: 300 sec this turn | 300 sec total\n|\n|t:|1783559701\n|move|p1a: Swanna|Knock Off|p2a: Garganacl\n|-damage|p2a: Garganacl|82/100\n|-enditem|p2a: Garganacl|Leftovers|[from] move: Knock Off|[of] p1a: Swanna\n|move|p2a: Garganacl|Salt Cure|p1a: Swanna\n|-supereffective|p1a: Swanna\n|-damage|p1a: Swanna|66/278\n|\n|-damage|p1a: Swanna|0 fnt|[from] Salt Cure\n|faint|p1a: Swanna\n|upkeep\n|inactive|Time left: 300 sec this turn | 300 sec total | 5 sec grace\n|\n|t:|1783559702\n|switch|p1a: Wugtrio|Wugtrio, L91, M, tera:Water|102/212\n|turn|31\n|inactive|Time left: 300 sec this turn | 300 sec total\n|\n|t:|1783559703\n|move|p1a: Wugtrio|Aqua Jet|p2a: Garganacl\n|-resisted|p2a: Garganacl\n|-damage|p2a: Garganacl|68/100\n|move|p2a: Garganacl|Salt Cure|p1a: Wugtrio\n|-damage|p1a: Wugtrio|51/212\n|-start|p1a: Wugtrio|Salt Cure\n|\n|-damage|p1a: Wugtrio|0 fnt|[from] Salt Cure\n|faint|p1a: Wugtrio\n|\n|win|p0y1762f82e", "uploadtime": 1783559703, "views": 0, "rating": 0, "private": 0, "password": null, "_winner": "p0y1762f82e", "_our_name": "p0x1762e9c9"}