{"id": "battle-gen9randombattle-2445", "formatid": "gen9randombattle", "format": "[Gen 9] Random Battle", "players": ["p0x2445b5e3", "p0y2445e5dd"], "log": "|init|battle\n|title|p0x2445b5e3 vs. p0y2445e5dd\n|j|\u2606p0x2445b5e3\n|j|\u2606p0y2445e5dd\n|t:|1783567368\n|gametype|singles\n|player|p1|p0x2445b5e3|1|\n|player|p2|p0y2445e5dd|102|\n|gen|9\n|tier|[Gen 9] Random Battle\n|rule|Species Clause: Limit one of each Pok\u00e9mon\n|rule|HP Percentage Mod: HP is shown in percentages\n|rule|Sleep Clause Mod: Limit one foe put to sleep\n|rule|Illusion Level Mod: Illusion disguises the Pok\u00e9mon's true level\n|\n|t:|1783567368\n|teamsize|p1|6\n|teamsize|p2|6\n|start\n|switch|p1a: Cinccino|Cinccino, L83, F|100/100\n|switch|p2a: Hitmontop|Hitmontop, L88, M|231/231\n|turn|1\n|inactive|Battle timer is ON: inactive players will automatically lose when time's up. (requested by p0y2445e5dd)\n|inactive|p0x2445b5e3 also wants the timer to be on.\n|\n|t:|1783567370\n|switch|p1a: Mesprit|Mesprit, L85|100/100\n|move|p2a: Hitmontop|Close Combat|p1a: Mesprit\n|-resisted|p1a: Mesprit\n|-damage|p1a: Mesprit|79/100\n|-unboost|p2a: Hitmontop|def|1\n|-unboost|p2a: Hitmontop|spd|1\n|\n|-heal|p1a: Mesprit|85/100|[from] item: Leftovers\n|upkeep\n|turn|2\n|inactive|Time left: 300 sec this turn | 300 sec total\n|\n|t:|1783567371\n|switch|p2a: Stantler|Stantler, L92, F|284/284\n|-ability|p2a: Stantler|Intimidate|boost\n|-unboost|p1a: Mesprit|atk|1\n|move|p1a: Mesprit|Psychic Noise|p2a: Stantler\n|-damage|p2a: Stantler|217/284\n|-start|p2a: Stantler|move: Heal Block\n|\n|-heal|p1a: Mesprit|91/100|[from] item: Leftovers\n|upkeep\n|turn|3\n|inactive|Time left: 300 sec this turn | 300 sec total\n|\n|t:|1783567373\n|move|p2a: Stantler|Body Slam|p1a: Mesprit\n|-damage|p1a: Mesprit|58/100\n|move|p1a: Mesprit|Ice Beam|p2a: Stantler\n|-damage|p2a: Stantler|164/284\n|\n|-heal|p1a: Mesprit|64/100|[from] item: Leftovers\n|-end|p2a: Stantler|move: Heal Block\n|upkeep\n|turn|4\n|inactive|Time left: 300 sec this turn | 300 sec total\n|\n|t:|1783567374\n|move|p2a: Stantler|Body Slam|p1a: Mesprit\n|-damage|p1a: Mesprit|28/100\n|-status|p1a: Mesprit|par\n|move|p1a: Mesprit|Psychic Noise|p2a: Stantler\n|-damage|p2a: Stantler|101/284\n|-start|p2a: Stantler|move: Heal Block\n|\n|-heal|p1a: Mesprit|35/100 par|[from] item: Leftovers\n|upkeep\n|turn|5\n|inactive|Time left: 300 sec this turn | 300 sec total\n|\n|t:|1783567375\n|move|p2a: Stantler|Throat Chop|p1a: Mesprit\n|-supereffective|p1a: Mesprit\n|-damage|p1a: Mesprit|0 fnt\n|faint|p1a: Mesprit\n|\n|-end|p2a: Stantler|move: Heal Block\n|upkeep\n|\n|t:|1783567376\n|switch|p1a: Zekrom|Zekrom, L71|100/100\n|-ability|p1a: Zekrom|Teravolt\n|turn|6\n|inactive|Time left: 300 sec this turn | 300 sec total\n|\n|t:|1783567377\n|move|p2a: Stantler|Earthquake|p1a: Zekrom\n|-supereffective|p1a: Zekrom\n|-damage|p1a: Zekrom|45/100\n|move|p1a: Zekrom|Dragon Dance|p1a: Zekrom\n|-boost|p1a: Zekrom|atk|1\n|-boost|p1a: Zekrom|spe|1\n|\n|-heal|p1a: Zekrom|51/100|[from] item: Leftovers\n|upkeep\n|turn|7\n|inactive|Time left: 300 sec this turn | 300 sec total\n|\n|t:|1783567378\n|switch|p2a: Diancie|Diancie, L82|216/216\n|move|p1a: Zekrom|Outrage|p2a: Diancie\n|-immune|p2a: Diancie\n|\n|-heal|p1a: Zekrom|57/100|[from] item: Leftovers\n|upkeep\n|turn|8\n|inactive|Time left: 300 sec this turn | 300 sec total\n|\n|t:|1783567379\n|-terastallize|p1a: Zekrom|Fairy\n|move|p1a: Zekrom|Bolt Strike|p2a: Diancie\n|-damage|p2a: Diancie|66/216\n|move|p2a: Diancie|Moonblast|p1a: Zekrom\n|-crit|p1a: Zekrom\n|-damage|p1a: Zekrom|0 fnt\n|faint|p1a: Zekrom\n|\n|-heal|p2a: Diancie|79/216|[from] item: Leftovers\n|upkeep\n|\n|t:|1783567380\n|switch|p1a: Wugtrio|Wugtrio, L91, M|100/100\n|turn|9\n|inactive|Time left: 300 sec this turn | 300 sec total\n|\n|t:|1783567381\n|switch|p2a: Stantler|Stantler, L92, F|101/284\n|-ability|p2a: Stantler|Intimidate|boost\n|-unboost|p1a: Wugtrio|atk|1\n|move|p1a: Wugtrio|Liquidation|p2a: Stantler\n|-damage|p2a: Stantler|10/284\n|\n|upkeep\n|turn|10\n|inactive|Time left: 300 sec this turn | 300 sec total\n|\n|t:|1783567382\n|move|p1a: Wugtrio|Liquidation|p2a: Stantler\n|-damage|p2a: Stantler|0 fnt\n|faint|p2a: Stantler\n|\n|upkeep\n|inactive|Time left: 300 sec this turn | 300 sec total | 5 sec grace\n|\n|t:|1783567382\n|switch|p2a: Jolteon|Jolteon, L84, F|246/246\n|turn|11\n|inactive|Time left: 300 sec this turn | 300 sec total\n|\n|t:|1783567383\n|switch|p1a: Decidueye|Decidueye-Hisui, L87, F|100/100\n|move|p2a: Jolteon|Thunderbolt|p1a: Decidueye\n|-resisted|p1a: Decidueye\n|-damage|p1a: Decidueye|85/100\n|-status|p1a: Decidueye|par\n|\n|-heal|p1a: Decidueye|91/100 par|[from] item: Leftovers\n|upkeep\n|turn|12\n|inactive|Time left: 300 sec this turn | 300 sec total\n|\n|t:|1783567384\n|switch|p2a: Hitmontop|Hitmontop, L88, M|231/231\n|move|p1a: Decidueye|Triple Arrows|p2a: Hitmontop\n|-damage|p2a: Hitmontop|137/231\n|\n|-heal|p2a: Hitmontop|151/231|[from] item: Leftovers\n|-heal|p1a: Decidueye|97/100 par|[from] item: Leftovers\n|upkeep\n|turn|13\n|inactive|Time left: 300 sec this turn | 300 sec total\n|\n|t:|1783567385\n|switch|p1a: Dondozo|Dondozo, L78, M|100/100\n|move|p2a: Hitmontop|Triple Axel|p1a: Dondozo\n|-resisted|p1a: Dondozo\n|-damage|p1a: Dondozo|97/100\n|-resisted|p1a: Dondozo\n|-damage|p1a: Dondozo|92/100\n|-resisted|p1a: Dondozo\n|-damage|p1a: Dondozo|84/100\n|-hitcount|p1a: Dondozo|3\n|\n|-heal|p2a: Hitmontop|165/231|[from] item: Leftovers\n|-heal|p1a: Dondozo|90/100|[from] item: Leftovers\n|upkeep\n|turn|14\n|inactive|Time left: 300 sec this turn | 300 sec total\n|\n|t:|1783567386\n|move|p2a: Hitmontop|Bulk Up|p2a: Hitmontop\n|-boost|p2a: Hitmontop|atk|1\n|-boost|p2a: Hitmontop|def|1\n|move|p1a: Dondozo|Wave Crash|p2a: Hitmontop\n|-damage|p2a: Hitmontop|65/231\n|-damage|p1a: Dondozo|81/100|[from] Recoil\n|\n|-heal|p2a: Hitmontop|79/231|[from] item: Leftovers\n|-heal|p1a: Dondozo|87/100|[from] item: Leftovers\n|upkeep\n|turn|15\n|inactive|Time left: 300 sec this turn | 300 sec total\n|\n|t:|1783567387\n|move|p2a: Hitmontop|Close Combat|p1a: Dondozo\n|-damage|p1a: Dondozo|54/100\n|-unboost|p2a: Hitmontop|def|1\n|-unboost|p2a: Hitmontop|spd|1\n|move|p1a: Dondozo|Wave Crash|p2a: Hitmontop\n|-damage|p2a: Hitmontop|0 fnt\n|faint|p2a: Hitmontop\n|-damage|p1a: Dondozo|47/100|[from] Recoil\n|\n|-heal|p1a: Dondozo|53/100|[from] item: Leftovers\n|upkeep\n|inactive|Time left: 300 sec this turn | 300 sec total | 5 sec grace\n|\n|t:|1783567387\n|switch|p2a: Dedenne|Dedenne, L88, M|261/261\n|turn|16\n|inactive|Time left: 300 sec this turn | 300 sec total\n|\n|t:|1783567388\n|switch|p1a: Cinccino|Cinccino, L83, F|100/100\n|move|p2a: Dedenne|Thunderbolt|p1a: Cinccino\n|-damage|p1a: Cinccino|52/100\n|\n|upkeep\n|turn|17\n|inactive|Time left: 300 sec this turn | 300 sec total\n|\n|t:|1783567389\n|move|p1a: Cinccino|Triple Axel|p2a: Dedenne\n|-damage|p2a: Dedenne|231/261\n|-damage|p2a: Dedenne|174/261\n|-damage|p2a: Dedenne|99/261\n|-enditem|p2a: Dedenne|Sitrus Berry|[eat]\n|-heal|p2a: Dedenne|164/261|[from] item: Sitrus Berry\n|-heal|p2a: Dedenne|251/261|[from] ability: Cheek Pouch\n|-hitcount|p2a: Dedenne|3\n|move|p2a: Dedenne|Thunderbolt|p1a: Cinccino\n|-damage|p1a: Cinccino|9/100\n|\n|upkeep\n|turn|18\n|inactive|Time left: 300 sec this turn | 300 sec total\n|\n|t:|1783567390\n|move|p1a: Cinccino|Triple Axel|p2a: Dedenne\n|-damage|p2a: Dedenne|224/261\n|-damage|p2a: Dedenne|169/261\n|-damage|p2a: Dedenne|96/261\n|-hitcount|p2a: Dedenne|3\n|move|p2a: Dedenne|Dazzling Gleam|p1a: Cinccino\n|-damage|p1a: Cinccino|0 fnt\n|faint|p1a: Cinccino\n|\n|upkeep\n|\n|t:|1783567391\n|switch|p1a: Wugtrio|Wugtrio, L91, M|100/100\n|turn|19\n|inactive|Time left: 300 sec this turn | 300 sec total\n|\n|t:|1783567392\n|move|p1a: Wugtrio|Liquidation|p2a: Dedenne\n|-crit|p2a: Dedenne\n|-damage|p2a: Dedenne|0 fnt\n|faint|p2a: Dedenne\n|\n|upkeep\n|inactive|Time left: 300 sec this turn | 300 sec total | 5 sec grace\n|\n|t:|1783567393\n|switch|p2a: Jolteon|Jolteon, L84, F|246/246\n|turn|20\n|inactive|Time left: 300 sec this turn | 300 sec total\n|\n|t:|1783567394\n|move|p1a: Wugtrio|Liquidation|p2a: Jolteon\n|-damage|p2a: Jolteon|15/246\n|-unboost|p2a: Jolteon|def|1\n|move|p2a: Jolteon|Thunderbolt|p1a: Wugtrio\n|-supereffective|p1a: Wugtrio\n|-damage|p1a: Wugtrio|0 fnt\n|faint|p1a: Wugtrio\n|\n|-heal|p2a: Jolteon|30/246|[from] item: Leftovers\n|upkeep\n|\n|t:|1783567395\n|switch|p1a: Decidueye|Decidueye-Hisui, L87, F|97/100 par\n|turn|21\n|inactive|Time left: 300 sec this turn | 300 sec total\n|\n|t:|1783567396\n|move|p2a: Jolteon|Thunderbolt|p1a: Decidueye\n|-resisted|p1a: Decidueye\n|-damage|p1a: Decidueye|80/100 par\n|cant|p1a: Decidueye|par\n|\n|-heal|p2a: Jolteon|45/246|[from] item: Leftovers\n|-heal|p1a: Decidueye|87/100 par|[from] item: Leftovers\n|upkeep\n|turn|22\n|inactive|Time left: 300 sec this turn | 300 sec total\n|\n|t:|1783567397\n|move|p2a: Jolteon|Tera Blast|p1a: Decidueye\n|-damage|p1a: Decidueye|69/100 par\n|cant|p1a: Decidueye|par\n|\n|-heal|p2a: Jolteon|60/246|[from] item: Leftovers\n|-heal|p1a: Decidueye|75/100 par|[from] item: Leftovers\n|upkeep\n|turn|23\n|inactive|Time left: 300 sec this turn | 300 sec total\n|\n|t:|1783567398\n|-terastallize|p2a: Jolteon|Ice\n|move|p2a: Jolteon|Tera Blast|p1a: Decidueye|[anim] Tera Blast Ice\n|-supereffective|p1a: Decidueye\n|-damage|p1a: Decidueye|12/100 par\n|cant|p1a: Decidueye|par\n|\n|-heal|p2a: Jolteon|75/246|[from] item: Leftovers\n|-heal|p1a: Decidueye|18/100 par|[from] item: Leftovers\n|upkeep\n|turn|24\n|inactive|Time left: 300 sec this turn | 300 sec total\n|\n|t:|1783567399\n|switch|p1a: Dondozo|Dondozo, L78, M|53/100\n|move|p2a: Jolteon|Tera Blast|p1a: Dondozo|[anim] Tera Blast Ice\n|-resisted|p1a: Dondozo\n|-damage|p1a: Dondozo|36/100\n|\n|-heal|p2a: Jolteon|90/246|[from] item: Leftovers\n|-heal|p1a: Dondozo|42/100|[from] item: Leftovers\n|upkeep\n|turn|25\n|inactive|Time left: 300 sec this turn | 300 sec total\n|\n|t:|1783567400\n|switch|p1a: Decidueye|Decidueye-Hisui, L87, F|18/100 par\n|move|p2a: Jolteon|Thunderbolt|p1a: Decidueye\n|-resisted|p1a: Decidueye\n|-damage|p1a: Decidueye|0 fnt\n|faint|p1a: Decidueye\n|\n|-heal|p2a: Jolteon|105/246|[from] item: Leftovers\n|upkeep\n|\n|t:|1783567401\n|switch|p1a: Dondozo|Dondozo, L78, M|42/100\n|turn|26\n|inactive|Time left: 300 sec this turn | 300 sec total\n|\n|t:|1783567402\n|move|p2a: Jolteon|Thunderbolt|p1a: Dondozo\n|-supereffective|p1a: Dondozo\n|-crit|p1a: Dondozo\n|-damage|p1a: Dondozo|0 fnt\n|faint|p1a: Dondozo\n|\n|win|p0y2445e5dd", "uploadtime": 1783567402, "views": 0, "rating": 0, "private": 0, "password": null, "_winner": "p0y2445e5dd", "_our_name": "p0y2445e5dd"}