{"id": "battle-gen9randombattle-64", "formatid": "gen9randombattle", "format": "[Gen 9] Random Battle", "players": ["p0x06477fc", "p0y0648f08"], "log": "|init|battle\n|title|p0x06477fc vs. p0y0648f08\n|j|\u2606p0x06477fc\n|j|\u2606p0y0648f08\n|t:|1783540201\n|gametype|singles\n|player|p1|p0x06477fc|169|\n|player|p2|p0y0648f08|1|\n|gen|9\n|tier|[Gen 9] Random Battle\n|rule|Species Clause: Limit one of each Pok\u00e9mon\n|rule|HP Percentage Mod: HP is shown in percentages\n|rule|Sleep Clause Mod: Limit one foe put to sleep\n|rule|Illusion Level Mod: Illusion disguises the Pok\u00e9mon's true level\n|\n|t:|1783540201\n|teamsize|p1|6\n|teamsize|p2|6\n|start\n|switch|p1a: Quaquaval|Quaquaval, L79, M|100/100\n|switch|p2a: Mudsdale|Mudsdale, L83, F|302/302\n|turn|1\n|inactive|Battle timer is ON: inactive players will automatically lose when time's up. (requested by p0x06477fc)\n|inactive|Time left: 300 sec this turn | 300 sec total | 60 sec grace\n|inactive|p0y0648f08 also wants the timer to be on.\n|\n|t:|1783540203\n|switch|p1a: Ursaluna|Ursaluna, L79, F|100/100\n|move|p2a: Mudsdale|Earthquake|p1a: Ursaluna\n|-damage|p1a: Ursaluna|62/100\n|\n|-status|p1a: Ursaluna|brn|[from] item: Flame Orb\n|upkeep\n|turn|2\n|inactive|Time left: 300 sec this turn | 300 sec total\n|\n|t:|1783540204\n|move|p1a: Ursaluna|Facade|p2a: Mudsdale\n|-damage|p2a: Mudsdale|55/302\n|-ability|p2a: Mudsdale|Stamina|boost\n|-boost|p2a: Mudsdale|def|1\n|move|p2a: Mudsdale|Earthquake|p1a: Ursaluna\n|-damage|p1a: Ursaluna|29/100 brn\n|\n|-heal|p2a: Mudsdale|73/302|[from] item: Leftovers\n|-damage|p1a: Ursaluna|23/100 brn|[from] brn\n|upkeep\n|turn|3\n|inactive|Time left: 300 sec this turn | 300 sec total\n|\n|t:|1783540205\n|move|p1a: Ursaluna|Facade|p2a: Mudsdale\n|-damage|p2a: Mudsdale|0 fnt\n|faint|p2a: Mudsdale\n|\n|-damage|p1a: Ursaluna|17/100 brn|[from] brn\n|upkeep\n|inactive|Time left: 300 sec this turn | 300 sec total | 5 sec grace\n|\n|t:|1783540206\n|switch|p2a: Raging Bolt|Raging Bolt, L78|323/323\n|-enditem|p2a: Raging Bolt|Booster Energy\n|-activate|p2a: Raging Bolt|ability: Protosynthesis|[fromitem]\n|-start|p2a: Raging Bolt|protosynthesisspa\n|turn|4\n|inactive|Time left: 300 sec this turn | 300 sec total\n|\n|t:|1783540208\n|switch|p1a: Scream Tail|Scream Tail, L84|100/100\n|move|p2a: Raging Bolt|Dragon Pulse|p1a: Scream Tail\n|-immune|p1a: Scream Tail\n|\n|upkeep\n|turn|5\n|inactive|Time left: 300 sec this turn | 300 sec total\n|\n|t:|1783540209\n|move|p1a: Scream Tail|Play Rough|p2a: Raging Bolt\n|-supereffective|p2a: Raging Bolt\n|-damage|p2a: Raging Bolt|179/323\n|move|p2a: Raging Bolt|Calm Mind|p2a: Raging Bolt\n|-boost|p2a: Raging Bolt|spa|1\n|-boost|p2a: Raging Bolt|spd|1\n|\n|upkeep\n|turn|6\n|inactive|Time left: 300 sec this turn | 300 sec total\n|\n|t:|1783540210\n|move|p1a: Scream Tail|Play Rough|p2a: Raging Bolt\n|-supereffective|p2a: Raging Bolt\n|-damage|p2a: Raging Bolt|27/323\n|move|p2a: Raging Bolt|Thunderbolt|p1a: Scream Tail\n|-damage|p1a: Scream Tail|43/100\n|\n|-heal|p1a: Scream Tail|49/100|[from] item: Leftovers\n|upkeep\n|turn|7\n|inactive|Time left: 300 sec this turn | 300 sec total\n|\n|t:|1783540211\n|move|p1a: Scream Tail|Play Rough|p2a: Raging Bolt\n|-supereffective|p2a: Raging Bolt\n|-damage|p2a: Raging Bolt|0 fnt\n|faint|p2a: Raging Bolt\n|-end|p2a: Raging Bolt|Protosynthesis|[silent]\n|\n|-heal|p1a: Scream Tail|55/100|[from] item: Leftovers\n|upkeep\n|inactive|Time left: 300 sec this turn | 300 sec total | 5 sec grace\n|\n|t:|1783540212\n|switch|p2a: Fezandipiti|Fezandipiti, L82, M|278/278\n|turn|8\n|inactive|Time left: 300 sec this turn | 300 sec total\n|\n|t:|1783540214\n|-end|p1a: Scream Tail|Protosynthesis|[silent]\n|switch|p1a: Forretress|Forretress, L84, M|100/100\n|move|p2a: Fezandipiti|Swords Dance|p2a: Fezandipiti\n|-boost|p2a: Fezandipiti|atk|2\n|\n|upkeep\n|turn|9\n|inactive|Time left: 300 sec this turn | 300 sec total\n|\n|t:|1783540215\n|move|p2a: Fezandipiti|Swords Dance|p2a: Fezandipiti\n|-boost|p2a: Fezandipiti|atk|2\n|move|p1a: Forretress|Iron Head|p2a: Fezandipiti\n|-supereffective|p2a: Fezandipiti\n|-damage|p2a: Fezandipiti|96/278\n|\n|-heal|p2a: Fezandipiti|113/278|[from] item: Leftovers\n|upkeep\n|turn|10\n|inactive|Time left: 300 sec this turn | 300 sec total\n|\n|t:|1783540216\n|-terastallize|p2a: Fezandipiti|Ground\n|move|p2a: Fezandipiti|Tera Blast|p1a: Forretress|[anim] Tera Blast Ground\n|-damage|p1a: Forretress|42/100\n|move|p1a: Forretress|Iron Head|p2a: Fezandipiti\n|-damage|p2a: Fezandipiti|29/278\n|\n|-heal|p2a: Fezandipiti|46/278|[from] item: Leftovers\n|-heal|p1a: Forretress|48/100|[from] item: Leftovers\n|upkeep\n|turn|11\n|inactive|Time left: 300 sec this turn | 300 sec total\n|\n|t:|1783540217\n|move|p2a: Fezandipiti|Tera Blast|p1a: Forretress|[anim] Tera Blast Ground\n|-damage|p1a: Forretress|0 fnt\n|faint|p1a: Forretress\n|\n|-heal|p2a: Fezandipiti|63/278|[from] item: Leftovers\n|upkeep\n|\n|t:|1783540218\n|switch|p1a: Sawsbuck|Sawsbuck-Winter, L88, F|100/100\n|turn|12\n|inactive|Time left: 300 sec this turn | 300 sec total\n|\n|t:|1783540219\n|switch|p2a: Froslass|Froslass, L87, F|263/263\n|move|p1a: Sawsbuck|Double-Edge|p2a: Froslass\n|-immune|p2a: Froslass\n|\n|upkeep\n|turn|13\n|inactive|Time left: 300 sec this turn | 300 sec total\n|\n|t:|1783540219\n|move|p2a: Froslass|Triple Axel|p1a: Sawsbuck\n|-supereffective|p1a: Sawsbuck\n|-damage|p1a: Sawsbuck|85/100\n|-supereffective|p1a: Sawsbuck\n|-damage|p1a: Sawsbuck|55/100\n|-supereffective|p1a: Sawsbuck\n|-damage|p1a: Sawsbuck|4/100\n|-hitcount|p1a: Sawsbuck|3\n|move|p1a: Sawsbuck|Swords Dance|p1a: Sawsbuck\n|-boost|p1a: Sawsbuck|atk|2\n|\n|upkeep\n|turn|14\n|inactive|Time left: 300 sec this turn | 300 sec total\n|\n|t:|1783540221\n|move|p2a: Froslass|Triple Axel|p1a: Sawsbuck\n|-supereffective|p1a: Sawsbuck\n|-damage|p1a: Sawsbuck|0 fnt\n|faint|p1a: Sawsbuck\n|-hitcount|p1: Sawsbuck|1\n|\n|upkeep\n|\n|t:|1783540222\n|switch|p1a: Quaquaval|Quaquaval, L79, M|100/100\n|turn|15\n|inactive|Time left: 300 sec this turn | 300 sec total\n|\n|t:|1783540223\n|move|p2a: Froslass|Will-O-Wisp|p1a: Quaquaval\n|-status|p1a: Quaquaval|brn\n|move|p1a: Quaquaval|Aqua Step|p2a: Froslass\n|-damage|p2a: Froslass|197/263\n|-boost|p1a: Quaquaval|spe|1\n|-damage|p1a: Quaquaval|91/100 brn|[from] item: Life Orb\n|\n|-damage|p1a: Quaquaval|85/100 brn|[from] brn\n|upkeep\n|turn|16\n|inactive|Time left: 300 sec this turn | 300 sec total\n|\n|t:|1783540224\n|move|p1a: Quaquaval|Swords Dance|p1a: Quaquaval\n|-boost|p1a: Quaquaval|atk|2\n|move|p2a: Froslass|Poltergeist|p1a: Quaquaval\n|-activate|p1a: Quaquaval|move: Poltergeist|Life Orb\n|-damage|p1a: Quaquaval|41/100 brn\n|\n|-damage|p1a: Quaquaval|35/100 brn|[from] brn\n|upkeep\n|turn|17\n|inactive|Time left: 300 sec this turn | 300 sec total\n|\n|t:|1783540225\n|move|p1a: Quaquaval|Aqua Step|p2a: Froslass\n|-damage|p2a: Froslass|74/263\n|-boost|p1a: Quaquaval|spe|1\n|-start|p1a: Quaquaval|Disable|Aqua Step|[from] ability: Cursed Body|[of] p2a: Froslass\n|-damage|p1a: Quaquaval|25/100 brn|[from] item: Life Orb\n|move|p2a: Froslass|Poltergeist|p1a: Quaquaval\n|-activate|p1a: Quaquaval|move: Poltergeist|Life Orb\n|-damage|p1a: Quaquaval|0 fnt\n|faint|p1a: Quaquaval\n|\n|upkeep\n|\n|t:|1783540226\n|switch|p1a: Scream Tail|Scream Tail, L84|55/100\n|turn|18\n|inactive|Time left: 300 sec this turn | 300 sec total\n|\n|t:|1783540227\n|move|p1a: Scream Tail|Protect|p1a: Scream Tail\n|-singleturn|p1a: Scream Tail|Protect\n|move|p2a: Froslass|Poltergeist|p1a: Scream Tail\n|-activate|p1a: Scream Tail|move: Protect\n|\n|-heal|p1a: Scream Tail|61/100|[from] item: Leftovers\n|upkeep\n|turn|19\n|inactive|Time left: 300 sec this turn | 300 sec total\n|\n|t:|1783540228\n|move|p2a: Froslass|Poltergeist|p1a: Scream Tail\n|-activate|p1a: Scream Tail|move: Poltergeist|Leftovers\n|-supereffective|p1a: Scream Tail\n|-damage|p1a: Scream Tail|4/100\n|move|p1a: Scream Tail|Play Rough|p2a: Froslass\n|-damage|p2a: Froslass|0 fnt\n|faint|p2a: Froslass\n|\n|-heal|p1a: Scream Tail|10/100|[from] item: Leftovers\n|upkeep\n|inactive|Time left: 300 sec this turn | 300 sec total | 5 sec grace\n|\n|t:|1783540229\n|switch|p2a: Ting-Lu|Ting-Lu, L78|370/370\n|-ability|p2a: Ting-Lu|Vessel of Ruin\n|turn|20\n|inactive|Time left: 300 sec this turn | 300 sec total\n|\n|t:|1783540230\n|move|p1a: Scream Tail|Play Rough|p2a: Ting-Lu\n|-supereffective|p2a: Ting-Lu\n|-damage|p2a: Ting-Lu|260/370\n|move|p2a: Ting-Lu|Earthquake|p1a: Scream Tail\n|-damage|p1a: Scream Tail|0 fnt\n|faint|p1a: Scream Tail\n|-end|p1a: Scream Tail|Protosynthesis|[silent]\n|\n|-heal|p2a: Ting-Lu|283/370|[from] item: Leftovers\n|upkeep\n|\n|t:|1783540231\n|switch|p1a: Mienshao|Mienshao, L83, M|100/100\n|turn|21\n|inactive|Time left: 300 sec this turn | 300 sec total\n|\n|t:|1783540233\n|move|p1a: Mienshao|Close Combat|p2a: Ting-Lu\n|-supereffective|p2a: Ting-Lu\n|-damage|p2a: Ting-Lu|25/370\n|-unboost|p1a: Mienshao|def|1\n|-unboost|p1a: Mienshao|spd|1\n|move|p2a: Ting-Lu|Earthquake|p1a: Mienshao\n|-damage|p1a: Mienshao|13/100\n|\n|-heal|p2a: Ting-Lu|48/370|[from] item: Leftovers\n|upkeep\n|turn|22\n|inactive|Time left: 300 sec this turn | 300 sec total\n|\n|t:|1783540234\n|move|p1a: Mienshao|Close Combat|p2a: Ting-Lu\n|-supereffective|p2a: Ting-Lu\n|-damage|p2a: Ting-Lu|0 fnt\n|-unboost|p1a: Mienshao|def|1\n|-unboost|p1a: Mienshao|spd|1\n|faint|p2a: Ting-Lu\n|\n|upkeep\n|inactive|Time left: 300 sec this turn | 300 sec total | 5 sec grace\n|\n|t:|1783540235\n|switch|p2a: Tatsugiri|Tatsugiri, L87, F|260/260\n|turn|23\n|inactive|Time left: 300 sec this turn | 300 sec total\n|\n|t:|1783540235\n|-terastallize|p1a: Mienshao|Steel\n|move|p1a: Mienshao|U-turn|p2a: Tatsugiri\n|-damage|p2a: Tatsugiri|183/260\n|\n|t:|1783540236\n|switch|p1a: Ursaluna|Ursaluna, L79, F|17/100 brn|[from] U-turn\n|move|p2a: Tatsugiri|Rapid Spin|p1a: Ursaluna\n|-damage|p1a: Ursaluna|10/100 brn\n|-boost|p2a: Tatsugiri|spe|1\n|\n|-damage|p1a: Ursaluna|4/100 brn|[from] brn\n|upkeep\n|turn|24\n|inactive|Time left: 300 sec this turn | 300 sec total\n|\n|t:|1783540237\n|move|p2a: Tatsugiri|Draco Meteor|p1a: Ursaluna\n|-damage|p1a: Ursaluna|0 fnt\n|-unboost|p2a: Tatsugiri|spa|2\n|faint|p1a: Ursaluna\n|\n|upkeep\n|\n|t:|1783540238\n|switch|p1a: Mienshao|Mienshao, L83, M, tera:Steel|46/100\n|turn|25\n|inactive|Time left: 300 sec this turn | 300 sec total\n|\n|t:|1783540239\n|move|p2a: Tatsugiri|Hydro Pump|p1a: Mienshao\n|-damage|p1a: Mienshao|19/100\n|move|p1a: Mienshao|Close Combat|p2a: Tatsugiri\n|-damage|p2a: Tatsugiri|0 fnt\n|-unboost|p1a: Mienshao|def|1\n|-unboost|p1a: Mienshao|spd|1\n|faint|p2a: Tatsugiri\n|\n|upkeep\n|inactive|Time left: 300 sec this turn | 300 sec total | 5 sec grace\n|\n|t:|1783540239\n|switch|p2a: Fezandipiti|Fezandipiti, L82, M, tera:Ground|63/278\n|turn|26\n|inactive|Time left: 300 sec this turn | 300 sec total\n|\n|t:|1783540240\n|move|p1a: Mienshao|Knock Off|p2a: Fezandipiti\n|-damage|p2a: Fezandipiti|0 fnt\n|-enditem|p2a: Fezandipiti|Leftovers|[from] move: Knock Off|[of] p1a: Mienshao\n|faint|p2a: Fezandipiti\n|\n|win|p0x06477fc", "uploadtime": 1783540240, "views": 0, "rating": 0, "private": 0, "password": null, "_winner": "p0x06477fc", "_our_name": "p0y0648f08"}