{"id": "battle-gen9randombattle-918", "formatid": "gen9randombattle", "format": "[Gen 9] Random Battle", "players": ["p0x918349e", "p0y918d51e"], "log": "|init|battle\n|title|p0x918349e vs. p0y918d51e\n|j|\u2606p0x918349e\n|j|\u2606p0y918d51e\n|t:|1783550529\n|gametype|singles\n|player|p1|p0x918349e|170|\n|player|p2|p0y918d51e|170|\n|gen|9\n|tier|[Gen 9] Random Battle\n|rule|Species Clause: Limit one of each Pok\u00e9mon\n|rule|HP Percentage Mod: HP is shown in percentages\n|rule|Sleep Clause Mod: Limit one foe put to sleep\n|rule|Illusion Level Mod: Illusion disguises the Pok\u00e9mon's true level\n|\n|t:|1783550529\n|teamsize|p1|6\n|teamsize|p2|6\n|start\n|switch|p1a: Uxie|Uxie, L83|260/260\n|switch|p2a: Slither Wing|Slither Wing, L81|100/100\n|turn|1\n|inactive|Battle timer is ON: inactive players will automatically lose when time's up. (requested by p0y918d51e)\n|inactive|Time left: 300 sec this turn | 300 sec total | 60 sec grace\n|\n|t:|1783550531\n|move|p2a: Slither Wing|First Impression|p1a: Uxie\n|-supereffective|p1a: Uxie\n|-damage|p1a: Uxie|23/260\n|-damage|p2a: Slither Wing|90/100|[from] item: Life Orb\n|move|p1a: Uxie|Stealth Rock|p2a: Slither Wing\n|-sidestart|p2: p0y918d51e|move: Stealth Rock\n|\n|-heal|p1a: Uxie|39/260|[from] item: Leftovers\n|upkeep\n|turn|2\n|inactive|Time left: 300 sec this turn | 300 sec total\n|inactive|p0x918349e also wants the timer to be on.\n|\n|t:|1783550532\n|move|p1a: Uxie|Knock Off|p2a: Slither Wing\n|-resisted|p2a: Slither Wing\n|-damage|p2a: Slither Wing|79/100\n|-enditem|p2a: Slither Wing|Life Orb|[from] move: Knock Off|[of] p1a: Uxie\n|move|p2a: Slither Wing|Close Combat|p1a: Uxie\n|-resisted|p1a: Uxie\n|-damage|p1a: Uxie|0 fnt\n|-unboost|p2a: Slither Wing|def|1\n|-unboost|p2a: Slither Wing|spd|1\n|faint|p1a: Uxie\n|\n|upkeep\n|inactive|Time left: 300 sec this turn | 300 sec total | 5 sec grace\n|\n|t:|1783550533\n|switch|p1a: Thundurus|Thundurus, L80, M|258/258\n|turn|3\n|inactive|Time left: 300 sec this turn | 300 sec total\n|\n|t:|1783550535\n|-end|p2a: Slither Wing|Protosynthesis|[silent]\n|switch|p2a: Minun|Minun, L95, M|100/100\n|-damage|p2a: Minun|88/100|[from] Stealth Rock\n|move|p1a: Thundurus|Nasty Plot|p1a: Thundurus\n|-boost|p1a: Thundurus|spa|2\n|\n|upkeep\n|turn|4\n|inactive|Time left: 300 sec this turn | 300 sec total\n|\n|t:|1783550536\n|move|p2a: Minun|Nasty Plot|p2a: Minun\n|-boost|p2a: Minun|spa|2\n|move|p1a: Thundurus|Tera Blast|p2a: Minun\n|-damage|p2a: Minun|45/100\n|\n|upkeep\n|turn|5\n|inactive|Time left: 300 sec this turn | 300 sec total\n|\n|t:|1783550538\n|switch|p1a: Swampert|Swampert, L83, F|302/302\n|move|p2a: Minun|Thunderbolt|p1a: Swampert\n|-immune|p1a: Swampert\n|\n|upkeep\n|turn|6\n|inactive|Time left: 300 sec this turn | 300 sec total\n|\n|t:|1783550539\n|move|p2a: Minun|Grass Knot|p1a: Swampert\n|-supereffective|p1a: Swampert\n|-damage|p1a: Swampert|0 fnt\n|faint|p1a: Swampert\n|-damage|p2a: Minun|36/100|[from] item: Life Orb\n|\n|upkeep\n|inactive|Time left: 300 sec this turn | 300 sec total | 5 sec grace\n|\n|t:|1783550540\n|switch|p1a: Azelf|Azelf, L82|257/257\n|turn|7\n|inactive|Time left: 300 sec this turn | 300 sec total\n|\n|t:|1783550541\n|switch|p2a: Registeel|Registeel, L81|100/100\n|-damage|p2a: Registeel|94/100|[from] Stealth Rock\n|move|p1a: Azelf|Psychic|p2a: Registeel\n|-resisted|p2a: Registeel\n|-damage|p2a: Registeel|75/100\n|-damage|p1a: Azelf|232/257|[from] item: Life Orb\n|\n|-heal|p2a: Registeel|81/100|[from] item: Leftovers\n|upkeep\n|turn|8\n|inactive|Time left: 300 sec this turn | 300 sec total\n|\n|t:|1783550542\n|move|p1a: Azelf|Psychic|p2a: Registeel\n|-resisted|p2a: Registeel\n|-damage|p2a: Registeel|64/100\n|-damage|p1a: Azelf|207/257|[from] item: Life Orb\n|move|p2a: Registeel|Iron Head|p1a: Azelf\n|-damage|p1a: Azelf|122/257\n|\n|-heal|p2a: Registeel|70/100|[from] item: Leftovers\n|upkeep\n|turn|9\n|inactive|Time left: 300 sec this turn | 300 sec total\n|\n|t:|1783550543\n|move|p1a: Azelf|Fire Blast|p2a: Registeel\n|-supereffective|p2a: Registeel\n|-damage|p2a: Registeel|14/100\n|-damage|p1a: Azelf|97/257|[from] item: Life Orb\n|move|p2a: Registeel|Iron Head|p1a: Azelf\n|-damage|p1a: Azelf|10/257\n|\n|-heal|p2a: Registeel|20/100|[from] item: Leftovers\n|upkeep\n|turn|10\n|inactive|Time left: 300 sec this turn | 300 sec total\n|\n|t:|1783550545\n|move|p1a: Azelf|Explosion|p2a: Registeel\n|-resisted|p2a: Registeel\n|-damage|p2a: Registeel|0 fnt\n|faint|p1a: Azelf\n|faint|p2a: Registeel\n|\n|upkeep\n|inactive|Time left: 300 sec this turn | 300 sec total | 5 sec grace\n|\n|t:|1783550546\n|switch|p1a: Thundurus|Thundurus, L80, M|258/258\n|switch|p2a: Manaphy|Manaphy, L78|100/100\n|-damage|p2a: Manaphy|88/100|[from] Stealth Rock\n|turn|11\n|inactive|Time left: 300 sec this turn | 300 sec total\n|\n|t:|1783550547\n|move|p1a: Thundurus|Nasty Plot|p1a: Thundurus\n|-boost|p1a: Thundurus|spa|2\n|move|p2a: Manaphy|Tail Glow|p2a: Manaphy\n|-boost|p2a: Manaphy|spa|3\n|\n|-heal|p2a: Manaphy|94/100|[from] item: Leftovers\n|upkeep\n|turn|12\n|inactive|Time left: 300 sec this turn | 300 sec total\n|\n|t:|1783550548\n|-terastallize|p1a: Thundurus|Flying\n|move|p1a: Thundurus|Tera Blast|p2a: Manaphy|[anim] Tera Blast Flying\n|-damage|p2a: Manaphy|6/100\n|move|p2a: Manaphy|Ice Beam|p1a: Thundurus\n|-supereffective|p1a: Thundurus\n|-damage|p1a: Thundurus|0 fnt\n|faint|p1a: Thundurus\n|\n|-heal|p2a: Manaphy|12/100|[from] item: Leftovers\n|upkeep\n|inactive|Time left: 300 sec this turn | 300 sec total | 5 sec grace\n|\n|t:|1783550549\n|switch|p1a: Raikou|Raikou, L81|278/278\n|-ability|p1a: Raikou|Pressure\n|turn|13\n|inactive|Time left: 300 sec this turn | 300 sec total\n|\n|t:|1783550550\n|switch|p2a: Minun|Minun, L95, M|36/100\n|-damage|p2a: Minun|23/100|[from] Stealth Rock\n|move|p1a: Raikou|Volt Switch|p2a: Minun\n|-heal|p2a: Minun|48/100|[from] ability: Volt Absorb|[of] p1a: Raikou\n|\n|upkeep\n|turn|14\n|inactive|Time left: 300 sec this turn | 300 sec total\n|\n|t:|1783550551\n|move|p2a: Minun|Nasty Plot|p2a: Minun\n|-boost|p2a: Minun|spa|2\n|move|p1a: Raikou|Calm Mind|p1a: Raikou\n|-boost|p1a: Raikou|spa|1\n|-boost|p1a: Raikou|spd|1\n|\n|upkeep\n|turn|15\n|inactive|Time left: 300 sec this turn | 300 sec total\n|\n|t:|1783550552\n|-terastallize|p2a: Minun|Grass\n|move|p2a: Minun|Grass Knot|p1a: Raikou\n|-damage|p1a: Raikou|106/278\n|-damage|p2a: Minun|39/100|[from] item: Life Orb\n|move|p1a: Raikou|Calm Mind|p1a: Raikou\n|-boost|p1a: Raikou|spa|1\n|-boost|p1a: Raikou|spd|1\n|\n|upkeep\n|turn|16\n|inactive|Time left: 300 sec this turn | 300 sec total\n|\n|t:|1783550553\n|switch|p1a: Moltres|Moltres, L81|278/278\n|move|p2a: Minun|Grass Knot|p1a: Moltres\n|-resisted|p1a: Moltres\n|-damage|p1a: Moltres|221/278\n|-damage|p2a: Minun|29/100|[from] item: Life Orb\n|\n|upkeep\n|turn|17\n|inactive|Time left: 300 sec this turn | 300 sec total\n|\n|t:|1783550554\n|move|p2a: Minun|Thunderbolt|p1a: Moltres\n|-supereffective|p1a: Moltres\n|-damage|p1a: Moltres|0 fnt\n|faint|p1a: Moltres\n|-damage|p2a: Minun|19/100|[from] item: Life Orb\n|\n|upkeep\n|inactive|Time left: 300 sec this turn | 300 sec total | 5 sec grace\n|\n|t:|1783550555\n|switch|p1a: Raikou|Raikou, L81|106/278\n|-ability|p1a: Raikou|Pressure\n|turn|18\n|inactive|Time left: 300 sec this turn | 300 sec total\n|\n|t:|1783550555\n|move|p2a: Minun|Grass Knot|p1a: Raikou\n|-damage|p1a: Raikou|0 fnt\n|faint|p1a: Raikou\n|-damage|p2a: Minun|9/100|[from] item: Life Orb\n|\n|win|p0y918d51e", "uploadtime": 1783550555, "views": 0, "rating": 0, "private": 0, "password": null, "_winner": "p0y918d51e", "_our_name": "p0x918349e"}