{"id": "battle-gen9randombattle-2869", "formatid": "gen9randombattle", "format": "[Gen 9] Random Battle", "players": ["p0x2869d05e", "p0y28694a52"], "log": "|init|battle\n|title|p0x2869d05e vs. p0y28694a52\n|j|\u2606p0x2869d05e\n|j|\u2606p0y28694a52\n|t:|1783572091\n|gametype|singles\n|player|p1|p0x2869d05e|2|\n|player|p2|p0y28694a52|102|\n|gen|9\n|tier|[Gen 9] Random Battle\n|rule|Species Clause: Limit one of each Pok\u00e9mon\n|rule|HP Percentage Mod: HP is shown in percentages\n|rule|Sleep Clause Mod: Limit one foe put to sleep\n|rule|Illusion Level Mod: Illusion disguises the Pok\u00e9mon's true level\n|\n|t:|1783572091\n|teamsize|p1|6\n|teamsize|p2|6\n|start\n|switch|p1a: Drifblim|Drifblim, L86, F|100/100\n|switch|p2a: Ceruledge|Ceruledge, L78, F|245/245\n|turn|1\n|inactive|Battle timer is ON: inactive players will automatically lose when time's up. (requested by p0x2869d05e)\n|inactive|Time left: 300 sec this turn | 300 sec total | 60 sec grace\n|inactive|p0y28694a52 also wants the timer to be on.\n|\n|t:|1783572092\n|move|p1a: Drifblim|Shadow Ball|p2a: Ceruledge\n|-supereffective|p2a: Ceruledge\n|-damage|p2a: Ceruledge|89/245\n|move|p2a: Ceruledge|Poltergeist|p1a: Drifblim|[miss]\n|-miss|p2a: Ceruledge|p1a: Drifblim\n|\n|upkeep\n|turn|2\n|inactive|Time left: 300 sec this turn | 300 sec total\n|\n|t:|1783572093\n|switch|p2a: Rhydon|Rhydon, L85, M|317/317\n|move|p1a: Drifblim|Shadow Ball|p2a: Rhydon\n|-damage|p2a: Rhydon|227/317\n|\n|upkeep\n|turn|3\n|inactive|Time left: 300 sec this turn | 300 sec total\n|\n|t:|1783572094\n|move|p1a: Drifblim|Shadow Ball|p2a: Rhydon\n|-damage|p2a: Rhydon|145/317\n|move|p2a: Rhydon|Stone Edge|p1a: Drifblim\n|-supereffective|p1a: Drifblim\n|-damage|p1a: Drifblim|0 fnt\n|faint|p1a: Drifblim\n|\n|upkeep\n|\n|t:|1783572095\n|switch|p1a: Suicune|Suicune, L82|100/100\n|-ability|p1a: Suicune|Pressure\n|turn|4\n|inactive|Time left: 300 sec this turn | 300 sec total\n|\n|t:|1783572097\n|switch|p2a: Tentacruel|Tentacruel, L84, F|272/272\n|move|p1a: Suicune|Scald|p2a: Tentacruel\n|-resisted|p2a: Tentacruel\n|-damage|p2a: Tentacruel|252/272\n|-status|p2a: Tentacruel|brn\n|\n|-damage|p2a: Tentacruel|235/272 brn|[from] brn\n|upkeep\n|turn|5\n|inactive|Time left: 300 sec this turn | 300 sec total\n|\n|t:|1783572098\n|move|p2a: Tentacruel|Sludge Bomb|p1a: Suicune\n|-damage|p1a: Suicune|79/100\n|-status|p1a: Suicune|psn\n|move|p1a: Suicune|Calm Mind|p1a: Suicune\n|-boost|p1a: Suicune|spa|1\n|-boost|p1a: Suicune|spd|1\n|\n|-heal|p1a: Suicune|85/100 psn|[from] item: Leftovers\n|-damage|p1a: Suicune|73/100 psn|[from] psn\n|-damage|p2a: Tentacruel|218/272 brn|[from] brn\n|upkeep\n|turn|6\n|inactive|Time left: 300 sec this turn | 300 sec total\n|\n|t:|1783572099\n|move|p2a: Tentacruel|Rapid Spin|p1a: Suicune\n|-damage|p1a: Suicune|69/100 psn\n|-boost|p2a: Tentacruel|spe|1\n|move|p1a: Suicune|Calm Mind|p1a: Suicune\n|-boost|p1a: Suicune|spa|1\n|-boost|p1a: Suicune|spd|1\n|\n|-heal|p1a: Suicune|75/100 psn|[from] item: Leftovers\n|-damage|p1a: Suicune|63/100 psn|[from] psn\n|-damage|p2a: Tentacruel|201/272 brn|[from] brn\n|upkeep\n|turn|7\n|inactive|Time left: 300 sec this turn | 300 sec total\n|\n|t:|1783572100\n|move|p2a: Tentacruel|Rapid Spin|p1a: Suicune\n|-crit|p1a: Suicune\n|-damage|p1a: Suicune|57/100 psn\n|-boost|p2a: Tentacruel|spe|1\n|move|p1a: Suicune|Scald|p2a: Tentacruel\n|-resisted|p2a: Tentacruel\n|-damage|p2a: Tentacruel|161/272 brn\n|\n|-heal|p1a: Suicune|63/100 psn|[from] item: Leftovers\n|-damage|p1a: Suicune|50/100 psn|[from] psn\n|-damage|p2a: Tentacruel|144/272 brn|[from] brn\n|upkeep\n|turn|8\n|inactive|Time left: 300 sec this turn | 300 sec total\n|\n|t:|1783572101\n|move|p2a: Tentacruel|Sludge Bomb|p1a: Suicune\n|-damage|p1a: Suicune|38/100 psn\n|move|p1a: Suicune|Ice Beam|p2a: Tentacruel\n|-resisted|p2a: Tentacruel\n|-damage|p2a: Tentacruel|113/272 brn\n|\n|-heal|p1a: Suicune|44/100 psn|[from] item: Leftovers\n|-damage|p1a: Suicune|32/100 psn|[from] psn\n|-damage|p2a: Tentacruel|96/272 brn|[from] brn\n|upkeep\n|turn|9\n|inactive|Time left: 300 sec this turn | 300 sec total\n|\n|t:|1783572101\n|move|p2a: Tentacruel|Sludge Bomb|p1a: Suicune\n|-crit|p1a: Suicune\n|-damage|p1a: Suicune|0 fnt\n|faint|p1a: Suicune\n|\n|-damage|p2a: Tentacruel|79/272 brn|[from] brn\n|upkeep\n|\n|t:|1783572102\n|switch|p1a: Ariados|Ariados, L95, F|100/100\n|turn|10\n|inactive|Time left: 300 sec this turn | 300 sec total\n|\n|t:|1783572103\n|move|p2a: Tentacruel|Surf|p1a: Ariados\n|-crit|p1a: Ariados\n|-damage|p1a: Ariados|56/100\n|move|p1a: Ariados|Sticky Web|p2a: Tentacruel\n|-sidestart|p2: p0y28694a52|move: Sticky Web\n|\n|-damage|p2a: Tentacruel|62/272 brn|[from] brn\n|upkeep\n|turn|11\n|inactive|Time left: 300 sec this turn | 300 sec total\n|\n|t:|1783572104\n|move|p2a: Tentacruel|Rapid Spin|p1a: Ariados\n|-damage|p1a: Ariados|51/100\n|-boost|p2a: Tentacruel|spe|1\n|-sideend|p2: p0y28694a52|Sticky Web|[from] move: Rapid Spin|[of] p2a: Tentacruel\n|move|p1a: Ariados|Poison Jab|p2a: Tentacruel\n|-resisted|p2a: Tentacruel\n|-damage|p2a: Tentacruel|0 fnt\n|faint|p2a: Tentacruel\n|\n|upkeep\n|inactive|Time left: 300 sec this turn | 300 sec total | 5 sec grace\n|\n|t:|1783572105\n|switch|p2a: Rhydon|Rhydon, L85, M|145/317\n|turn|12\n|inactive|Time left: 300 sec this turn | 300 sec total\n|\n|t:|1783572106\n|move|p1a: Ariados|Sticky Web|p2a: Rhydon\n|-sidestart|p2: p0y28694a52|move: Sticky Web\n|move|p2a: Rhydon|Stone Edge|p1a: Ariados\n|-supereffective|p1a: Ariados\n|-damage|p1a: Ariados|0 fnt\n|faint|p1a: Ariados\n|\n|upkeep\n|\n|t:|1783572106\n|switch|p1a: Politoed|Politoed, L88, F|100/100\n|-weather|RainDance|[from] ability: Drizzle|[of] p1a: Politoed\n|turn|13\n|inactive|Time left: 300 sec this turn | 300 sec total\n|\n|t:|1783572107\n|switch|p2a: Alomomola|Alomomola, L87, F|429/429\n|move|p1a: Politoed|Surf|p2a: Alomomola\n|-resisted|p2a: Alomomola\n|-damage|p2a: Alomomola|307/429\n|\n|-weather|RainDance|[upkeep]\n|upkeep\n|turn|14\n|inactive|Time left: 300 sec this turn | 300 sec total\n|\n|t:|1783572108\n|move|p1a: Politoed|Surf|p2a: Alomomola\n|-resisted|p2a: Alomomola\n|-damage|p2a: Alomomola|202/429\n|move|p2a: Alomomola|Flip Turn|p1a: Politoed\n|-resisted|p1a: Politoed\n|-damage|p1a: Politoed|86/100\n|inactive|Time left: 300 sec this turn | 300 sec total | 5 sec grace\n|\n|t:|1783572109\n|switch|p2a: Staraptor|Staraptor, L79, M|263/263|[from] Flip Turn\n|\n|-weather|RainDance|[upkeep]\n|upkeep\n|turn|15\n|inactive|Time left: 300 sec this turn | 300 sec total\n|\n|t:|1783572110\n|-terastallize|p2a: Staraptor|Flying\n|move|p2a: Staraptor|Brave Bird|p1a: Politoed\n|-damage|p1a: Politoed|0 fnt\n|faint|p1a: Politoed\n|-damage|p2a: Staraptor|178/263|[from] Recoil\n|\n|-weather|RainDance|[upkeep]\n|upkeep\n|\n|t:|1783572111\n|switch|p1a: Chansey|Chansey, L85, F|100/100\n|turn|16\n|inactive|Time left: 300 sec this turn | 300 sec total\n|\n|t:|1783572112\n|move|p2a: Staraptor|Brave Bird|p1a: Chansey\n|-damage|p1a: Chansey|0 fnt\n|faint|p1a: Chansey\n|-damage|p2a: Staraptor|0 fnt|[from] Recoil\n|faint|p2a: Staraptor\n|\n|-weather|RainDance|[upkeep]\n|upkeep\n|inactive|Time left: 300 sec this turn | 300 sec total | 5 sec grace\n|\n|t:|1783572113\n|switch|p2a: Rhydon|Rhydon, L85, M|145/317\n|switch|p1a: Chandelure|Chandelure, L83, M|100/100\n|-activate|p2a: Rhydon|move: Sticky Web\n|-unboost|p2a: Rhydon|spe|1\n|turn|17\n|inactive|Time left: 300 sec this turn | 300 sec total\n|\n|t:|1783572114\n|-terastallize|p1a: Chandelure|Fire\n|move|p1a: Chandelure|Energy Ball|p2a: Rhydon\n|-supereffective|p2a: Rhydon\n|-damage|p2a: Rhydon|0 fnt\n|faint|p2a: Rhydon\n|\n|-weather|none\n|upkeep\n|inactive|Time left: 300 sec this turn | 300 sec total | 5 sec grace\n|\n|t:|1783572115\n|switch|p2a: Ceruledge|Ceruledge, L78, F|89/245\n|turn|18\n|inactive|Time left: 300 sec this turn | 300 sec total\n|\n|t:|1783572116\n|move|p1a: Chandelure|Energy Ball|p2a: Ceruledge\n|-resisted|p2a: Ceruledge\n|-damage|p2a: Ceruledge|49/245\n|-unboost|p2a: Ceruledge|spd|1\n|move|p2a: Ceruledge|Poltergeist|p1a: Chandelure\n|-activate|p1a: Chandelure|move: Poltergeist|Choice Scarf\n|-damage|p1a: Chandelure|45/100\n|\n|upkeep\n|turn|19\n|inactive|Time left: 300 sec this turn | 300 sec total\n|\n|t:|1783572118\n|move|p1a: Chandelure|Energy Ball|p2a: Ceruledge\n|-resisted|p2a: Ceruledge\n|-crit|p2a: Ceruledge\n|-damage|p2a: Ceruledge|0 fnt\n|faint|p2a: Ceruledge\n|\n|upkeep\n|inactive|Time left: 300 sec this turn | 300 sec total | 5 sec grace\n|\n|t:|1783572119\n|switch|p2a: Alomomola|Alomomola, L87, F|345/429\n|turn|20\n|inactive|Time left: 300 sec this turn | 300 sec total\n|\n|t:|1783572120\n|move|p1a: Chandelure|Energy Ball|p2a: Alomomola\n|-supereffective|p2a: Alomomola\n|-damage|p2a: Alomomola|65/429\n|move|p2a: Alomomola|Flip Turn|p1a: Chandelure\n|-supereffective|p1a: Chandelure\n|-damage|p1a: Chandelure|2/100\n|inactive|Time left: 300 sec this turn | 300 sec total | 5 sec grace\n|\n|t:|1783572120\n|switch|p2a: Arceus|Arceus-Ghost, L69|280/280|[from] Flip Turn\n|-activate|p2a: Arceus|move: Sticky Web\n|-unboost|p2a: Arceus|spe|1\n|\n|upkeep\n|turn|21\n|inactive|Time left: 300 sec this turn | 300 sec total\n|\n|t:|1783572121\n|move|p1a: Chandelure|Energy Ball|p2a: Arceus\n|-damage|p2a: Arceus|197/280\n|move|p2a: Arceus|Judgment|p1a: Chandelure\n|-damage|p1a: Chandelure|0 fnt\n|faint|p1a: Chandelure\n|\n|win|p0y28694a52", "uploadtime": 1783572121, "views": 0, "rating": 0, "private": 0, "password": null, "_winner": "p0y28694a52", "_our_name": "p0y28694a52"}