{"id": "battle-gen9randombattle-1999", "formatid": "gen9randombattle", "format": "[Gen 9] Random Battle", "players": ["p0x19997f0d", "p0y19993d57"], "log": "|init|battle\n|title|p0x19997f0d vs. p0y19993d57\n|j|\u2606p0x19997f0d\n|j|\u2606p0y19993d57\n|t:|1783563135\n|gametype|singles\n|player|p1|p0x19997f0d|266|\n|player|p2|p0y19993d57|102|\n|gen|9\n|tier|[Gen 9] Random Battle\n|rule|Species Clause: Limit one of each Pok\u00e9mon\n|rule|HP Percentage Mod: HP is shown in percentages\n|rule|Sleep Clause Mod: Limit one foe put to sleep\n|rule|Illusion Level Mod: Illusion disguises the Pok\u00e9mon's true level\n|\n|t:|1783563135\n|teamsize|p1|6\n|teamsize|p2|6\n|start\n|switch|p1a: Chi-Yu|Chi-Yu, L77|100/100\n|switch|p2a: Pecharunt|Pecharunt, L77|262/262\n|-ability|p1a: Chi-Yu|Beads of Ruin\n|turn|1\n|inactive|Battle timer is ON: inactive players will automatically lose when time's up. (requested by p0y19993d57)\n|inactive|p0x19997f0d also wants the timer to be on.\n|\n|t:|1783563137\n|switch|p2a: Mudsdale|Mudsdale, L83, M|302/302\n|move|p1a: Chi-Yu|Dark Pulse|p2a: Mudsdale\n|-damage|p2a: Mudsdale|104/302\n|-ability|p2a: Mudsdale|Stamina|boost\n|-boost|p2a: Mudsdale|def|1\n|\n|-heal|p2a: Mudsdale|122/302|[from] item: Leftovers\n|upkeep\n|turn|2\n|inactive|Time left: 300 sec this turn | 300 sec total\n|\n|t:|1783563138\n|move|p1a: Chi-Yu|Dark Pulse|p2a: Mudsdale\n|-damage|p2a: Mudsdale|0 fnt\n|faint|p2a: Mudsdale\n|\n|upkeep\n|inactive|Time left: 300 sec this turn | 300 sec total | 5 sec grace\n|\n|t:|1783563139\n|switch|p2a: Lapras|Lapras, L87, F|367/367\n|turn|3\n|inactive|Time left: 300 sec this turn | 300 sec total\n|\n|t:|1783563141\n|move|p1a: Chi-Yu|Dark Pulse|p2a: Lapras\n|-damage|p2a: Lapras|184/367\n|move|p2a: Lapras|Dragon Dance|p2a: Lapras\n|-boost|p2a: Lapras|atk|1\n|-boost|p2a: Lapras|spe|1\n|\n|upkeep\n|turn|4\n|inactive|Time left: 300 sec this turn | 300 sec total\n|\n|t:|1783563142\n|switch|p1a: Sceptile|Sceptile, L87, M|100/100\n|move|p2a: Lapras|Waterfall|p1a: Sceptile\n|-resisted|p1a: Sceptile\n|-damage|p1a: Sceptile|75/100\n|\n|upkeep\n|turn|5\n|inactive|Time left: 300 sec this turn | 300 sec total\n|\n|t:|1783563143\n|switch|p2a: Gogoat|Gogoat, L88, F|360/360\n|move|p1a: Sceptile|Leaf Blade|p2a: Gogoat\n|-ability|p2a: Gogoat|Sap Sipper|boost\n|-boost|p2a: Gogoat|atk|1\n|\n|upkeep\n|turn|6\n|inactive|Time left: 300 sec this turn | 300 sec total\n|\n|t:|1783563144\n|move|p1a: Sceptile|Swords Dance|p1a: Sceptile\n|-boost|p1a: Sceptile|atk|2\n|move|p2a: Gogoat|Bulk Up|p2a: Gogoat\n|-boost|p2a: Gogoat|atk|1\n|-boost|p2a: Gogoat|def|1\n|\n|upkeep\n|turn|7\n|inactive|Time left: 300 sec this turn | 300 sec total\n|\n|t:|1783563145\n|move|p1a: Sceptile|Rock Slide|p2a: Gogoat\n|-damage|p2a: Gogoat|248/360\n|-damage|p1a: Sceptile|65/100|[from] item: Life Orb\n|move|p2a: Gogoat|Horn Leech|p1a: Sceptile\n|-resisted|p1a: Sceptile\n|-damage|p1a: Sceptile|27/100\n|-heal|p2a: Gogoat|298/360|[from] drain|[of] p1a: Sceptile\n|\n|-heal|p2a: Gogoat|320/360|[from] item: Leftovers\n|upkeep\n|turn|8\n|inactive|Time left: 300 sec this turn | 300 sec total\n|\n|t:|1783563147\n|switch|p1a: Girafarig|Girafarig, L89, M|100/100\n|move|p2a: Gogoat|Horn Leech|p1a: Girafarig\n|-ability|p1a: Girafarig|Sap Sipper|boost\n|-boost|p1a: Girafarig|atk|1\n|\n|-heal|p2a: Gogoat|342/360|[from] item: Leftovers\n|upkeep\n|turn|9\n|inactive|Time left: 300 sec this turn | 300 sec total\n|\n|t:|1783563148\n|move|p1a: Girafarig|Nasty Plot|p1a: Girafarig\n|-boost|p1a: Girafarig|spa|2\n|move|p2a: Gogoat|Earthquake|p1a: Girafarig\n|-damage|p1a: Girafarig|57/100\n|\n|-heal|p2a: Gogoat|360/360|[from] item: Leftovers\n|upkeep\n|turn|10\n|inactive|Time left: 300 sec this turn | 300 sec total\n|\n|t:|1783563149\n|move|p1a: Girafarig|Psychic|p2a: Gogoat\n|-damage|p2a: Gogoat|165/360\n|move|p2a: Gogoat|Earthquake|p1a: Girafarig\n|-damage|p1a: Girafarig|13/100\n|\n|-heal|p2a: Gogoat|187/360|[from] item: Leftovers\n|upkeep\n|turn|11\n|inactive|Time left: 300 sec this turn | 300 sec total\n|\n|t:|1783563150\n|switch|p2a: Latios|Latios, L78, M|253/253\n|move|p1a: Girafarig|Psychic|p2a: Latios\n|-resisted|p2a: Latios\n|-damage|p2a: Latios|160/253\n|\n|upkeep\n|turn|12\n|inactive|Time left: 300 sec this turn | 300 sec total\n|\n|t:|1783563151\n|switch|p1a: Chi-Yu|Chi-Yu, L77|100/100\n|-ability|p1a: Chi-Yu|Beads of Ruin\n|move|p2a: Latios|Aura Sphere|p1a: Chi-Yu\n|-supereffective|p1a: Chi-Yu\n|-damage|p1a: Chi-Yu|28/100\n|\n|upkeep\n|turn|13\n|inactive|Time left: 300 sec this turn | 300 sec total\n|\n|t:|1783563153\n|switch|p1a: Ho-Oh|Ho-Oh, L71|100/100\n|move|p2a: Latios|Aura Sphere|p1a: Ho-Oh\n|-resisted|p1a: Ho-Oh\n|-damage|p1a: Ho-Oh|87/100\n|\n|upkeep\n|turn|14\n|inactive|Time left: 300 sec this turn | 300 sec total\n|\n|t:|1783563154\n|move|p2a: Latios|Aura Sphere|p1a: Ho-Oh\n|-resisted|p1a: Ho-Oh\n|-damage|p1a: Ho-Oh|75/100\n|move|p1a: Ho-Oh|Brave Bird|p2a: Latios\n|-damage|p2a: Latios|28/253\n|-damage|p1a: Ho-Oh|58/100|[from] Recoil\n|\n|upkeep\n|turn|15\n|inactive|Time left: 300 sec this turn | 300 sec total\n|\n|t:|1783563155\n|move|p2a: Latios|Aura Sphere|p1a: Ho-Oh\n|-resisted|p1a: Ho-Oh\n|-damage|p1a: Ho-Oh|46/100\n|move|p1a: Ho-Oh|Sacred Fire|p2a: Latios\n|-resisted|p2a: Latios\n|-damage|p2a: Latios|0 fnt\n|faint|p2a: Latios\n|\n|upkeep\n|inactive|Time left: 300 sec this turn | 300 sec total | 5 sec grace\n|\n|t:|1783563155\n|switch|p2a: Lapras|Lapras, L87, F|184/367\n|turn|16\n|inactive|Time left: 300 sec this turn | 300 sec total\n|\n|t:|1783563156\n|move|p1a: Ho-Oh|Sacred Fire|p2a: Lapras\n|-damage|p2a: Lapras|79/367\n|move|p2a: Lapras|Dragon Dance|p2a: Lapras\n|-boost|p2a: Lapras|atk|1\n|-boost|p2a: Lapras|spe|1\n|\n|upkeep\n|turn|17\n|inactive|Time left: 300 sec this turn | 300 sec total\n|\n|t:|1783563157\n|switch|p1a: Girafarig|Girafarig, L89, M|13/100\n|move|p2a: Lapras|Icicle Spear|p1a: Girafarig\n|-damage|p1a: Girafarig|2/100\n|-damage|p1a: Girafarig|0 fnt\n|faint|p1a: Girafarig\n|-hitcount|p1: Girafarig|2\n|\n|upkeep\n|\n|t:|1783563158\n|switch|p1a: Sceptile|Sceptile, L87, M|27/100\n|turn|18\n|inactive|Time left: 300 sec this turn | 300 sec total\n|\n|t:|1783563159\n|switch|p2a: Gogoat|Gogoat, L88, F|187/360\n|move|p1a: Sceptile|Earthquake|p2a: Gogoat\n|-resisted|p2a: Gogoat\n|-damage|p2a: Gogoat|130/360\n|-damage|p1a: Sceptile|18/100|[from] item: Life Orb\n|\n|-heal|p2a: Gogoat|152/360|[from] item: Leftovers\n|upkeep\n|turn|19\n|inactive|Time left: 300 sec this turn | 300 sec total\n|\n|t:|1783563160\n|switch|p1a: Ho-Oh|Ho-Oh, L71|79/100\n|move|p2a: Gogoat|Bulk Up|p2a: Gogoat\n|-boost|p2a: Gogoat|atk|1\n|-boost|p2a: Gogoat|def|1\n|\n|-heal|p2a: Gogoat|174/360|[from] item: Leftovers\n|upkeep\n|turn|20\n|inactive|Time left: 300 sec this turn | 300 sec total\n|\n|t:|1783563161\n|move|p2a: Gogoat|Milk Drink|p2a: Gogoat\n|-heal|p2a: Gogoat|354/360\n|move|p1a: Ho-Oh|Sacred Fire|p2a: Gogoat\n|-supereffective|p2a: Gogoat\n|-damage|p2a: Gogoat|202/360\n|-status|p2a: Gogoat|brn\n|\n|-heal|p2a: Gogoat|224/360 brn|[from] item: Leftovers\n|-damage|p2a: Gogoat|202/360 brn|[from] brn\n|upkeep\n|turn|21\n|inactive|Time left: 300 sec this turn | 300 sec total\n|\n|t:|1783563162\n|move|p2a: Gogoat|Bulk Up|p2a: Gogoat\n|-boost|p2a: Gogoat|atk|1\n|-boost|p2a: Gogoat|def|1\n|move|p1a: Ho-Oh|Brave Bird|p2a: Gogoat\n|-supereffective|p2a: Gogoat\n|-damage|p2a: Gogoat|62/360 brn\n|-damage|p1a: Ho-Oh|62/100|[from] Recoil\n|\n|-heal|p2a: Gogoat|84/360 brn|[from] item: Leftovers\n|-damage|p2a: Gogoat|62/360 brn|[from] brn\n|upkeep\n|turn|22\n|inactive|Time left: 300 sec this turn | 300 sec total\n|\n|t:|1783563163\n|move|p2a: Gogoat|Milk Drink|p2a: Gogoat\n|-heal|p2a: Gogoat|242/360 brn\n|move|p1a: Ho-Oh|Sacred Fire|p2a: Gogoat\n|-supereffective|p2a: Gogoat\n|-damage|p2a: Gogoat|114/360 brn\n|\n|-heal|p2a: Gogoat|136/360 brn|[from] item: Leftovers\n|-damage|p2a: Gogoat|114/360 brn|[from] brn\n|upkeep\n|turn|23\n|inactive|Time left: 300 sec this turn | 300 sec total\n|\n|t:|1783563164\n|switch|p1a: Chi-Yu|Chi-Yu, L77|28/100\n|-ability|p1a: Chi-Yu|Beads of Ruin\n|move|p2a: Gogoat|Milk Drink|p2a: Gogoat\n|-heal|p2a: Gogoat|294/360 brn\n|\n|-heal|p2a: Gogoat|316/360 brn|[from] item: Leftovers\n|-damage|p2a: Gogoat|294/360 brn|[from] brn\n|upkeep\n|turn|24\n|inactive|Time left: 300 sec this turn | 300 sec total\n|\n|t:|1783563165\n|-terastallize|p2a: Gogoat|Water\n|move|p1a: Chi-Yu|Overheat|p2a: Gogoat\n|-resisted|p2a: Gogoat\n|-damage|p2a: Gogoat|151/360 brn\n|-unboost|p1a: Chi-Yu|spa|2\n|move|p2a: Gogoat|Earthquake|p1a: Chi-Yu\n|-supereffective|p1a: Chi-Yu\n|-damage|p1a: Chi-Yu|0 fnt\n|faint|p1a: Chi-Yu\n|\n|-heal|p2a: Gogoat|173/360 brn|[from] item: Leftovers\n|-damage|p2a: Gogoat|151/360 brn|[from] brn\n|upkeep\n|\n|t:|1783563166\n|switch|p1a: Rhyperior|Rhyperior, L82, M|100/100\n|turn|25\n|inactive|Time left: 300 sec this turn | 300 sec total\n|\n|t:|1783563167\n|move|p2a: Gogoat|Milk Drink|p2a: Gogoat\n|-heal|p2a: Gogoat|331/360 brn\n|move|p1a: Rhyperior|Dragon Tail|p2a: Gogoat|[miss]\n|-miss|p1a: Rhyperior|p2a: Gogoat\n|\n|-heal|p2a: Gogoat|353/360 brn|[from] item: Leftovers\n|-damage|p2a: Gogoat|331/360 brn|[from] brn\n|upkeep\n|turn|26\n|inactive|Time left: 300 sec this turn | 300 sec total\n|\n|t:|1783563168\n|-terastallize|p1a: Rhyperior|Dragon\n|move|p2a: Gogoat|Horn Leech|p1a: Rhyperior\n|-resisted|p1a: Rhyperior\n|-damage|p1a: Rhyperior|89/100\n|-heal|p2a: Gogoat|349/360 brn|[from] drain|[of] p1a: Rhyperior\n|move|p1a: Rhyperior|Dragon Tail|p2a: Gogoat\n|-damage|p2a: Gogoat|297/360 brn\n|drag|p2a: Pecharunt|Pecharunt, L77|262/262\n|\n|upkeep\n|turn|27\n|inactive|Time left: 300 sec this turn | 300 sec total\n|\n|t:|1783563169\n|move|p2a: Pecharunt|Malignant Chain|p1a: Rhyperior\n|-damage|p1a: Rhyperior|65/100\n|move|p1a: Rhyperior|Earthquake|p2a: Pecharunt\n|-supereffective|p2a: Pecharunt\n|-damage|p2a: Pecharunt|94/262\n|\n|-heal|p2a: Pecharunt|110/262|[from] item: Leftovers\n|upkeep\n|turn|28\n|inactive|Time left: 300 sec this turn | 300 sec total\n|\n|t:|1783563170\n|move|p2a: Pecharunt|Recover|p2a: Pecharunt\n|-heal|p2a: Pecharunt|241/262\n|move|p1a: Rhyperior|Earthquake|p2a: Pecharunt\n|-supereffective|p2a: Pecharunt\n|-damage|p2a: Pecharunt|67/262\n|\n|-heal|p2a: Pecharunt|83/262|[from] item: Leftovers\n|upkeep\n|turn|29\n|inactive|Time left: 300 sec this turn | 300 sec total\n|\n|t:|1783563171\n|move|p2a: Pecharunt|Malignant Chain|p1a: Rhyperior\n|-damage|p1a: Rhyperior|41/100\n|move|p1a: Rhyperior|Earthquake|p2a: Pecharunt\n|-supereffective|p2a: Pecharunt\n|-damage|p2a: Pecharunt|0 fnt\n|faint|p2a: Pecharunt\n|\n|upkeep\n|inactive|Time left: 300 sec this turn | 300 sec total | 5 sec grace\n|\n|t:|1783563171\n|switch|p2a: Lapras|Lapras, L87, F|79/367\n|turn|30\n|inactive|Time left: 300 sec this turn | 300 sec total\n|\n|t:|1783563172\n|switch|p1a: Ho-Oh|Ho-Oh, L71|95/100\n|move|p2a: Lapras|Icicle Spear|p1a: Ho-Oh\n|-damage|p1a: Ho-Oh|84/100\n|-damage|p1a: Ho-Oh|73/100\n|-damage|p1a: Ho-Oh|60/100\n|-damage|p1a: Ho-Oh|48/100\n|-hitcount|p1a: Ho-Oh|4\n|\n|upkeep\n|turn|31\n|inactive|Time left: 300 sec this turn | 300 sec total\n|\n|t:|1783563173\n|switch|p2a: Gogoat|Gogoat, L88, F, tera:Water|297/360 brn\n|move|p1a: Ho-Oh|Sacred Fire|p2a: Gogoat\n|-resisted|p2a: Gogoat\n|-damage|p2a: Gogoat|235/360 brn\n|\n|-heal|p2a: Gogoat|257/360 brn|[from] item: Leftovers\n|-damage|p2a: Gogoat|235/360 brn|[from] brn\n|upkeep\n|turn|32\n|inactive|Time left: 300 sec this turn | 300 sec total\n|\n|t:|1783563174\n|switch|p1a: Rhyperior|Rhyperior, L82, M, tera:Dragon|41/100\n|move|p2a: Gogoat|Bulk Up|p2a: Gogoat\n|-boost|p2a: Gogoat|atk|1\n|-boost|p2a: Gogoat|def|1\n|\n|-heal|p2a: Gogoat|257/360 brn|[from] item: Leftovers\n|-damage|p2a: Gogoat|235/360 brn|[from] brn\n|upkeep\n|turn|33\n|inactive|Time left: 300 sec this turn | 300 sec total\n|\n|t:|1783563175\n|move|p2a: Gogoat|Milk Drink|p2a: Gogoat\n|-heal|p2a: Gogoat|360/360 brn\n|move|p1a: Rhyperior|Dragon Tail|p2a: Gogoat\n|-damage|p2a: Gogoat|288/360 brn\n|drag|p2a: Electivire|Electivire, L84, F|263/263\n|\n|upkeep\n|turn|34\n|inactive|Time left: 300 sec this turn | 300 sec total\n|\n|t:|1783563176\n|switch|p2a: Gogoat|Gogoat, L88, F, tera:Water|288/360 brn\n|move|p1a: Rhyperior|Earthquake|p2a: Gogoat\n|-damage|p2a: Gogoat|117/360 brn\n|\n|-heal|p2a: Gogoat|139/360 brn|[from] item: Leftovers\n|-damage|p2a: Gogoat|117/360 brn|[from] brn\n|upkeep\n|turn|35\n|inactive|Time left: 300 sec this turn | 300 sec total\n|\n|t:|1783563177\n|move|p2a: Gogoat|Milk Drink|p2a: Gogoat\n|-heal|p2a: Gogoat|297/360 brn\n|move|p1a: Rhyperior|Earthquake|p2a: Gogoat\n|-damage|p2a: Gogoat|134/360 brn\n|\n|-heal|p2a: Gogoat|156/360 brn|[from] item: Leftovers\n|-damage|p2a: Gogoat|134/360 brn|[from] brn\n|upkeep\n|turn|36\n|inactive|Time left: 300 sec this turn | 300 sec total\n|\n|t:|1783563178\n|move|p2a: Gogoat|Milk Drink|p2a: Gogoat\n|-heal|p2a: Gogoat|314/360 brn\n|move|p1a: Rhyperior|Earthquake|p2a: Gogoat\n|-crit|p2a: Gogoat\n|-damage|p2a: Gogoat|80/360 brn\n|\n|-heal|p2a: Gogoat|102/360 brn|[from] item: Leftovers\n|-damage|p2a: Gogoat|80/360 brn|[from] brn\n|upkeep\n|turn|37\n|inactive|Time left: 300 sec this turn | 300 sec total\n|\n|t:|1783563179\n|move|p2a: Gogoat|Milk Drink|p2a: Gogoat\n|-heal|p2a: Gogoat|260/360 brn\n|move|p1a: Rhyperior|Stone Edge|p2a: Gogoat|[miss]\n|-miss|p1a: Rhyperior|p2a: Gogoat\n|\n|-heal|p2a: Gogoat|282/360 brn|[from] item: Leftovers\n|-damage|p2a: Gogoat|260/360 brn|[from] brn\n|upkeep\n|turn|38\n|inactive|Time left: 300 sec this turn | 300 sec total\n|\n|t:|1783563180\n|move|p2a: Gogoat|Bulk Up|p2a: Gogoat\n|-boost|p2a: Gogoat|atk|1\n|-boost|p2a: Gogoat|def|1\n|move|p1a: Rhyperior|Earthquake|p2a: Gogoat\n|-damage|p2a: Gogoat|148/360 brn\n|\n|-heal|p2a: Gogoat|170/360 brn|[from] item: Leftovers\n|-damage|p2a: Gogoat|148/360 brn|[from] brn\n|upkeep\n|turn|39\n|inactive|Time left: 300 sec this turn | 300 sec total\n|\n|t:|1783563181\n|move|p2a: Gogoat|Bulk Up|p2a: Gogoat\n|-boost|p2a: Gogoat|atk|1\n|-boost|p2a: Gogoat|def|1\n|move|p1a: Rhyperior|Earthquake|p2a: Gogoat\n|-damage|p2a: Gogoat|61/360 brn\n|\n|-heal|p2a: Gogoat|83/360 brn|[from] item: Leftovers\n|-damage|p2a: Gogoat|61/360 brn|[from] brn\n|upkeep\n|turn|40\n|inactive|Time left: 300 sec this turn | 300 sec total\n|\n|t:|1783563182\n|move|p2a: Gogoat|Earthquake|p1a: Rhyperior\n|-damage|p1a: Rhyperior|21/100\n|move|p1a: Rhyperior|Stone Edge|p2a: Gogoat|[miss]\n|-miss|p1a: Rhyperior|p2a: Gogoat\n|\n|-heal|p2a: Gogoat|83/360 brn|[from] item: Leftovers\n|-damage|p2a: Gogoat|61/360 brn|[from] brn\n|upkeep\n|turn|41\n|inactive|Time left: 300 sec this turn | 300 sec total\n|\n|t:|1783563183\n|move|p2a: Gogoat|Earthquake|p1a: Rhyperior\n|-damage|p1a: Rhyperior|4/100\n|move|p1a: Rhyperior|Earthquake|p2a: Gogoat\n|-damage|p2a: Gogoat|0 fnt\n|faint|p2a: Gogoat\n|\n|upkeep\n|inactive|Time left: 300 sec this turn | 300 sec total | 5 sec grace\n|\n|t:|1783563185\n|switch|p2a: Electivire|Electivire, L84, F|263/263\n|turn|42\n|inactive|Time left: 300 sec this turn | 300 sec total\n|\n|t:|1783563186\n|move|p2a: Electivire|Flamethrower|p1a: Rhyperior\n|-resisted|p1a: Rhyperior\n|-damage|p1a: Rhyperior|0 fnt\n|faint|p1a: Rhyperior\n|-damage|p2a: Electivire|237/263|[from] item: Life Orb\n|\n|upkeep\n|\n|t:|1783563186\n|switch|p1a: Sceptile|Sceptile, L87, M|18/100\n|turn|43\n|inactive|Time left: 300 sec this turn | 300 sec total\n|\n|t:|1783563187\n|move|p1a: Sceptile|Earthquake|p2a: Electivire\n|-supereffective|p2a: Electivire\n|-damage|p2a: Electivire|34/263\n|-damage|p1a: Sceptile|8/100|[from] item: Life Orb\n|move|p2a: Electivire|Flamethrower|p1a: Sceptile\n|-supereffective|p1a: Sceptile\n|-damage|p1a: Sceptile|0 fnt\n|faint|p1a: Sceptile\n|-damage|p2a: Electivire|8/263|[from] item: Life Orb\n|\n|upkeep\n|\n|t:|1783563188\n|switch|p1a: Ho-Oh|Ho-Oh, L71|81/100\n|turn|44\n|inactive|Time left: 300 sec this turn | 300 sec total\n|\n|t:|1783563189\n|move|p2a: Electivire|Ice Punch|p1a: Ho-Oh\n|-damage|p1a: Ho-Oh|42/100\n|-damage|p2a: Electivire|0 fnt|[from] item: Life Orb\n|faint|p2a: Electivire\n|move|p1a: Ho-Oh|Brave Bird|p2: Electivire|[notarget]\n|-fail|p1a: Ho-Oh\n|\n|upkeep\n|inactive|Time left: 300 sec this turn | 300 sec total | 5 sec grace\n|\n|t:|1783563191\n|switch|p2a: Lapras|Lapras, L87, F|79/367\n|turn|45\n|inactive|Time left: 300 sec this turn | 300 sec total\n|\n|t:|1783563192\n|move|p1a: Ho-Oh|Brave Bird|p2a: Lapras\n|-damage|p2a: Lapras|0 fnt\n|faint|p2a: Lapras\n|-damage|p1a: Ho-Oh|32/100|[from] Recoil\n|\n|win|p0x19997f0d", "uploadtime": 1783563192, "views": 0, "rating": 0, "private": 0, "password": null, "_winner": "p0x19997f0d", "_our_name": "p0y19993d57"}