{"id": "battle-gen9randombattle-658", "formatid": "gen9randombattle", "format": "[Gen 9] Random Battle", "players": ["p0x658fa85", "p0y65880f2"], "log": "|init|battle\n|title|p0x658fa85 vs. p0y65880f2\n|j|\u2606p0x658fa85\n|j|\u2606p0y65880f2\n|t:|1783547435\n|gametype|singles\n|player|p1|p0x658fa85|265|\n|player|p2|p0y65880f2|169|\n|gen|9\n|tier|[Gen 9] Random Battle\n|rule|Species Clause: Limit one of each Pok\u00e9mon\n|rule|HP Percentage Mod: HP is shown in percentages\n|rule|Sleep Clause Mod: Limit one foe put to sleep\n|rule|Illusion Level Mod: Illusion disguises the Pok\u00e9mon's true level\n|\n|t:|1783547435\n|teamsize|p1|6\n|teamsize|p2|6\n|start\n|switch|p1a: Ninetales|Ninetales-Alola, L78, M|242/242\n|switch|p2a: Scovillain|Scovillain, L91, M|100/100\n|-weather|Snowscape|[from] ability: Snow Warning|[of] p1a: Ninetales\n|turn|1\n|inactive|Battle timer is ON: inactive players will automatically lose when time's up. (requested by p0y65880f2)\n|inactive|Time left: 300 sec this turn | 300 sec total | 60 sec grace\n|inactive|p0x658fa85 also wants the timer to be on.\n|\n|t:|1783547437\n|move|p1a: Ninetales|Aurora Veil|p1a: Ninetales\n|-sidestart|p1: p0x658fa85|move: Aurora Veil\n|move|p2a: Scovillain|Fire Blast|p1a: Ninetales\n|-supereffective|p1a: Ninetales\n|-damage|p1a: Ninetales|98/242\n|\n|-weather|Snowscape|[upkeep]\n|upkeep\n|turn|2\n|inactive|Time left: 300 sec this turn | 300 sec total\n|\n|t:|1783547438\n|switch|p1a: Blastoise|Blastoise, L80, F|258/258\n|move|p2a: Scovillain|Fire Blast|p1a: Blastoise\n|-resisted|p1a: Blastoise\n|-damage|p1a: Blastoise|222/258\n|\n|-weather|Snowscape|[upkeep]\n|upkeep\n|turn|3\n|inactive|Time left: 300 sec this turn | 300 sec total\n|\n|t:|1783547440\n|move|p2a: Scovillain|Energy Ball|p1a: Blastoise\n|-supereffective|p1a: Blastoise\n|-damage|p1a: Blastoise|108/258\n|move|p1a: Blastoise|Shell Smash|p1a: Blastoise\n|-unboost|p1a: Blastoise|def|1\n|-unboost|p1a: Blastoise|spd|1\n|-boost|p1a: Blastoise|atk|2\n|-boost|p1a: Blastoise|spa|2\n|-boost|p1a: Blastoise|spe|2\n|-enditem|p1a: Blastoise|White Herb\n|-clearnegativeboost|p1a: Blastoise|[silent]\n|\n|-weather|Snowscape|[upkeep]\n|upkeep\n|turn|4\n|inactive|Time left: 300 sec this turn | 300 sec total\n|\n|t:|1783547441\n|move|p1a: Blastoise|Hydro Pump|p2a: Scovillain\n|-damage|p2a: Scovillain|16/100\n|move|p2a: Scovillain|Energy Ball|p1a: Blastoise\n|-supereffective|p1a: Blastoise\n|-crit|p1a: Blastoise\n|-damage|p1a: Blastoise|0 fnt\n|faint|p1a: Blastoise\n|\n|-weather|Snowscape|[upkeep]\n|upkeep\n|inactive|Time left: 300 sec this turn | 300 sec total | 5 sec grace\n|\n|t:|1783547442\n|switch|p1a: Salamence|Salamence, L77, F|273/273\n|-ability|p1a: Salamence|Intimidate|boost\n|-unboost|p2a: Scovillain|atk|1\n|turn|5\n|inactive|Time left: 300 sec this turn | 300 sec total\n|\n|t:|1783547444\n|switch|p2a: Misdreavus|Misdreavus, L90, M|100/100\n|move|p1a: Salamence|Dragon Dance|p1a: Salamence\n|-boost|p1a: Salamence|atk|1\n|-boost|p1a: Salamence|spe|1\n|\n|-weather|none\n|upkeep\n|turn|6\n|inactive|Time left: 300 sec this turn | 300 sec total\n|\n|t:|1783547445\n|move|p1a: Salamence|Outrage|p2a: Misdreavus\n|-damage|p2a: Misdreavus|33/100\n|move|p2a: Misdreavus|Will-O-Wisp|p1a: Salamence\n|-status|p1a: Salamence|brn\n|\n|-damage|p1a: Salamence|256/273 brn|[from] brn\n|upkeep\n|turn|7\n|inactive|Time left: 300 sec this turn | 300 sec total\n|\n|t:|1783547446\n|-terastallize|p2a: Misdreavus|Fairy\n|move|p1a: Salamence|Outrage|p2a: Misdreavus|[from] lockedmove\n|-immune|p2a: Misdreavus\n|-start|p1a: Salamence|confusion|[fatigue]\n|move|p2a: Misdreavus|Draining Kiss|p1a: Salamence\n|-supereffective|p1a: Salamence\n|-damage|p1a: Salamence|172/273 brn\n|-heal|p2a: Misdreavus|58/100|[from] drain|[of] p1a: Salamence\n|\n|-damage|p1a: Salamence|155/273 brn|[from] brn\n|upkeep\n|turn|8\n|inactive|Time left: 300 sec this turn | 300 sec total\n|\n|t:|1783547447\n|-activate|p1a: Salamence|confusion\n|-damage|p1a: Salamence|105/273 brn|[from] confusion\n|move|p2a: Misdreavus|Calm Mind|p2a: Misdreavus\n|-boost|p2a: Misdreavus|spa|1\n|-boost|p2a: Misdreavus|spd|1\n|\n|-damage|p1a: Salamence|88/273 brn|[from] brn\n|-sideend|p1: p0x658fa85|move: Aurora Veil\n|upkeep\n|turn|9\n|inactive|Time left: 300 sec this turn | 300 sec total\n|\n|t:|1783547448\n|-activate|p1a: Salamence|confusion\n|move|p1a: Salamence|Dragon Dance|p1a: Salamence\n|-boost|p1a: Salamence|atk|1\n|-boost|p1a: Salamence|spe|1\n|move|p2a: Misdreavus|Draining Kiss|p1a: Salamence\n|-supereffective|p1a: Salamence\n|-damage|p1a: Salamence|0 fnt\n|-heal|p2a: Misdreavus|84/100|[from] drain|[of] p1a: Salamence\n|faint|p1a: Salamence\n|\n|upkeep\n|inactive|Time left: 300 sec this turn | 300 sec total | 5 sec grace\n|\n|t:|1783547449\n|switch|p1a: Ninetales|Ninetales-Alola, L78, M|98/242\n|-weather|Snowscape|[from] ability: Snow Warning|[of] p1a: Ninetales\n|turn|10\n|inactive|Time left: 300 sec this turn | 300 sec total\n|\n|t:|1783547450\n|move|p1a: Ninetales|Aurora Veil|p1a: Ninetales\n|-sidestart|p1: p0x658fa85|move: Aurora Veil\n|move|p2a: Misdreavus|Draining Kiss|p1a: Ninetales\n|-damage|p1a: Ninetales|47/242\n|-heal|p2a: Misdreavus|99/100|[from] drain|[of] p1a: Ninetales\n|\n|-weather|Snowscape|[upkeep]\n|upkeep\n|turn|11\n|inactive|Time left: 300 sec this turn | 300 sec total\n|\n|t:|1783547451\n|move|p1a: Ninetales|Blizzard|p2a: Misdreavus\n|-damage|p2a: Misdreavus|83/100\n|move|p2a: Misdreavus|Draining Kiss|p1a: Ninetales\n|-damage|p1a: Ninetales|0 fnt\n|-heal|p2a: Misdreavus|97/100|[from] drain|[of] p1a: Ninetales\n|faint|p1a: Ninetales\n|\n|-weather|Snowscape|[upkeep]\n|upkeep\n|inactive|Time left: 300 sec this turn | 300 sec total | 5 sec grace\n|\n|t:|1783547452\n|switch|p1a: Dunsparce|Dunsparce, L86, F|312/312\n|turn|12\n|inactive|Time left: 300 sec this turn | 300 sec total\n|\n|t:|1783547453\n|move|p2a: Misdreavus|Will-O-Wisp|p1a: Dunsparce\n|-status|p1a: Dunsparce|brn\n|move|p1a: Dunsparce|Body Slam|p2a: Misdreavus\n|-damage|p2a: Misdreavus|84/100\n|-status|p2a: Misdreavus|par\n|\n|-weather|Snowscape|[upkeep]\n|-damage|p1a: Dunsparce|293/312 brn|[from] brn\n|upkeep\n|turn|13\n|inactive|Time left: 300 sec this turn | 300 sec total\n|\n|t:|1783547454\n|move|p1a: Dunsparce|Coil|p1a: Dunsparce\n|-boost|p1a: Dunsparce|atk|1\n|-boost|p1a: Dunsparce|def|1\n|-boost|p1a: Dunsparce|accuracy|1\n|move|p2a: Misdreavus|Draining Kiss|p1a: Dunsparce\n|-damage|p1a: Dunsparce|253/312 brn\n|-heal|p2a: Misdreavus|96/100 par|[from] drain|[of] p1a: Dunsparce\n|\n|-weather|Snowscape|[upkeep]\n|-damage|p1a: Dunsparce|234/312 brn|[from] brn\n|upkeep\n|turn|14\n|inactive|Time left: 300 sec this turn | 300 sec total\n|\n|t:|1783547455\n|move|p1a: Dunsparce|Coil|p1a: Dunsparce\n|-boost|p1a: Dunsparce|atk|1\n|-boost|p1a: Dunsparce|def|1\n|-boost|p1a: Dunsparce|accuracy|1\n|move|p2a: Misdreavus|Calm Mind|p2a: Misdreavus\n|-boost|p2a: Misdreavus|spa|1\n|-boost|p2a: Misdreavus|spd|1\n|\n|-weather|none\n|-damage|p1a: Dunsparce|215/312 brn|[from] brn\n|upkeep\n|turn|15\n|inactive|Time left: 300 sec this turn | 300 sec total\n|\n|t:|1783547456\n|move|p1a: Dunsparce|Coil|p1a: Dunsparce\n|-boost|p1a: Dunsparce|atk|1\n|-boost|p1a: Dunsparce|def|1\n|-boost|p1a: Dunsparce|accuracy|1\n|cant|p2a: Misdreavus|par\n|\n|-damage|p1a: Dunsparce|196/312 brn|[from] brn\n|upkeep\n|turn|16\n|inactive|Time left: 300 sec this turn | 300 sec total\n|\n|t:|1783547457\n|move|p1a: Dunsparce|Body Slam|p2a: Misdreavus\n|-damage|p2a: Misdreavus|68/100 par\n|cant|p2a: Misdreavus|par\n|\n|-damage|p1a: Dunsparce|177/312 brn|[from] brn\n|upkeep\n|turn|17\n|inactive|Time left: 300 sec this turn | 300 sec total\n|\n|t:|1783547458\n|move|p1a: Dunsparce|Roost|p1a: Dunsparce\n|-heal|p1a: Dunsparce|312/312 brn\n|-singleturn|p1a: Dunsparce|move: Roost\n|move|p2a: Misdreavus|Draining Kiss|p1a: Dunsparce\n|-damage|p1a: Dunsparce|262/312 brn\n|-heal|p2a: Misdreavus|83/100 par|[from] drain|[of] p1a: Dunsparce\n|\n|-damage|p1a: Dunsparce|243/312 brn|[from] brn\n|-sideend|p1: p0x658fa85|move: Aurora Veil\n|upkeep\n|turn|18\n|inactive|Time left: 300 sec this turn | 300 sec total\n|\n|t:|1783547460\n|move|p1a: Dunsparce|Body Slam|p2a: Misdreavus\n|-damage|p2a: Misdreavus|52/100 par\n|move|p2a: Misdreavus|Draining Kiss|p1a: Dunsparce\n|-damage|p1a: Dunsparce|138/312 brn\n|-heal|p2a: Misdreavus|83/100 par|[from] drain|[of] p1a: Dunsparce\n|\n|-damage|p1a: Dunsparce|119/312 brn|[from] brn\n|upkeep\n|turn|19\n|inactive|Time left: 300 sec this turn | 300 sec total\n|\n|t:|1783547461\n|move|p1a: Dunsparce|Roost|p1a: Dunsparce\n|-heal|p1a: Dunsparce|275/312 brn\n|-singleturn|p1a: Dunsparce|move: Roost\n|move|p2a: Misdreavus|Draining Kiss|p1a: Dunsparce\n|-damage|p1a: Dunsparce|158/312 brn\n|-heal|p2a: Misdreavus|100/100 par|[from] drain|[of] p1a: Dunsparce\n|\n|-damage|p1a: Dunsparce|139/312 brn|[from] brn\n|upkeep\n|turn|20\n|inactive|Time left: 300 sec this turn | 300 sec total\n|\n|t:|1783547462\n|move|p1a: Dunsparce|Roost|p1a: Dunsparce\n|-heal|p1a: Dunsparce|295/312 brn\n|-singleturn|p1a: Dunsparce|move: Roost\n|move|p2a: Misdreavus|Draining Kiss|p1a: Dunsparce\n|-damage|p1a: Dunsparce|189/312 brn\n|\n|-damage|p1a: Dunsparce|170/312 brn|[from] brn\n|upkeep\n|turn|21\n|inactive|Time left: 300 sec this turn | 300 sec total\n|\n|t:|1783547463\n|move|p1a: Dunsparce|Roost|p1a: Dunsparce\n|-heal|p1a: Dunsparce|312/312 brn\n|-singleturn|p1a: Dunsparce|move: Roost\n|move|p2a: Misdreavus|Draining Kiss|p1a: Dunsparce\n|-damage|p1a: Dunsparce|194/312 brn\n|\n|-damage|p1a: Dunsparce|175/312 brn|[from] brn\n|upkeep\n|turn|22\n|inactive|Time left: 300 sec this turn | 300 sec total\n|\n|t:|1783547464\n|move|p1a: Dunsparce|Roost|p1a: Dunsparce\n|-heal|p1a: Dunsparce|312/312 brn\n|-singleturn|p1a: Dunsparce|move: Roost\n|move|p2a: Misdreavus|Draining Kiss|p1a: Dunsparce\n|-damage|p1a: Dunsparce|200/312 brn\n|\n|-damage|p1a: Dunsparce|181/312 brn|[from] brn\n|upkeep\n|turn|23\n|inactive|Time left: 300 sec this turn | 300 sec total\n|\n|t:|1783547465\n|move|p1a: Dunsparce|Roost|p1a: Dunsparce\n|-heal|p1a: Dunsparce|312/312 brn\n|-singleturn|p1a: Dunsparce|move: Roost\n|move|p2a: Misdreavus|Draining Kiss|p1a: Dunsparce\n|-damage|p1a: Dunsparce|212/312 brn\n|\n|-damage|p1a: Dunsparce|193/312 brn|[from] brn\n|upkeep\n|turn|24\n|inactive|Time left: 300 sec this turn | 300 sec total\n|\n|t:|1783547467\n|move|p1a: Dunsparce|Roost|p1a: Dunsparce\n|-heal|p1a: Dunsparce|312/312 brn\n|-singleturn|p1a: Dunsparce|move: Roost\n|move|p2a: Misdreavus|Draining Kiss|p1a: Dunsparce\n|-damage|p1a: Dunsparce|209/312 brn\n|\n|-damage|p1a: Dunsparce|190/312 brn|[from] brn\n|upkeep\n|turn|25\n|inactive|Time left: 300 sec this turn | 300 sec total\n|\n|t:|1783547468\n|move|p1a: Dunsparce|Roost|p1a: Dunsparce\n|-heal|p1a: Dunsparce|312/312 brn\n|-singleturn|p1a: Dunsparce|move: Roost\n|cant|p2a: Misdreavus|par\n|\n|-damage|p1a: Dunsparce|293/312 brn|[from] brn\n|upkeep\n|turn|26\n|inactive|Time left: 300 sec this turn | 300 sec total\n|\n|t:|1783547469\n|move|p1a: Dunsparce|Body Slam|p2a: Misdreavus\n|-damage|p2a: Misdreavus|71/100 par\n|move|p2a: Misdreavus|Draining Kiss|p1a: Dunsparce\n|-damage|p1a: Dunsparce|181/312 brn\n|-heal|p2a: Misdreavus|100/100 par|[from] drain|[of] p1a: Dunsparce\n|\n|-damage|p1a: Dunsparce|162/312 brn|[from] brn\n|upkeep\n|turn|27\n|inactive|Time left: 300 sec this turn | 300 sec total\n|\n|t:|1783547469\n|move|p1a: Dunsparce|Coil|p1a: Dunsparce\n|-boost|p1a: Dunsparce|atk|1\n|-boost|p1a: Dunsparce|def|1\n|-boost|p1a: Dunsparce|accuracy|1\n|move|p2a: Misdreavus|Draining Kiss|p1a: Dunsparce\n|-damage|p1a: Dunsparce|59/312 brn\n|\n|-damage|p1a: Dunsparce|40/312 brn|[from] brn\n|upkeep\n|turn|28\n|inactive|Time left: 300 sec this turn | 300 sec total\n|\n|t:|1783547470\n|move|p1a: Dunsparce|Body Slam|p2a: Misdreavus\n|-damage|p2a: Misdreavus|62/100 par\n|cant|p2a: Misdreavus|par\n|\n|-damage|p1a: Dunsparce|21/312 brn|[from] brn\n|upkeep\n|turn|29\n|inactive|Time left: 300 sec this turn | 300 sec total\n|\n|t:|1783547471\n|move|p1a: Dunsparce|Body Slam|p2a: Misdreavus\n|-damage|p2a: Misdreavus|25/100 par\n|move|p2a: Misdreavus|Draining Kiss|p1a: Dunsparce\n|-damage|p1a: Dunsparce|0 fnt\n|-heal|p2a: Misdreavus|31/100 par|[from] drain|[of] p1a: Dunsparce\n|faint|p1a: Dunsparce\n|\n|upkeep\n|inactive|Time left: 300 sec this turn | 300 sec total | 5 sec grace\n|\n|t:|1783547472\n|switch|p1a: Scovillain|Scovillain, L91, F|266/266\n|turn|30\n|inactive|Time left: 300 sec this turn | 300 sec total\n|\n|t:|1783547473\n|move|p1a: Scovillain|Fire Blast|p2a: Misdreavus\n|-damage|p2a: Misdreavus|12/100 par\n|cant|p2a: Misdreavus|par\n|\n|upkeep\n|turn|31\n|inactive|Time left: 300 sec this turn | 300 sec total\n|\n|t:|1783547474\n|move|p1a: Scovillain|Energy Ball|p2a: Misdreavus\n|-damage|p2a: Misdreavus|0 fnt\n|faint|p2a: Misdreavus\n|\n|upkeep\n|\n|t:|1783547475\n|switch|p2a: Slowbro|Slowbro-Galar, L87, M|100/100\n|turn|32\n|inactive|Time left: 300 sec this turn | 300 sec total\n|\n|t:|1783547476\n|-terastallize|p1a: Scovillain|Ground\n|move|p1a: Scovillain|Fire Blast|p2a: Slowbro\n|-damage|p2a: Slowbro|64/100\n|move|p2a: Slowbro|Shell Side Arm|p1a: Scovillain|[anim] Shell Side Arm Physical\n|-resisted|p1a: Scovillain\n|-damage|p1a: Scovillain|203/266\n|-hint|Physical Shell Side Arm\n|\n|upkeep\n|turn|33\n|inactive|Time left: 300 sec this turn | 300 sec total\n|\n|t:|1783547477\n|move|p1a: Scovillain|Fire Blast|p2a: Slowbro|[miss]\n|-miss|p1a: Scovillain|p2a: Slowbro\n|move|p2a: Slowbro|Surf|p1a: Scovillain\n|-supereffective|p1a: Scovillain\n|-damage|p1a: Scovillain|39/266\n|\n|upkeep\n|turn|34\n|inactive|Time left: 300 sec this turn | 300 sec total\n|\n|t:|1783547478\n|switch|p2a: Ting-Lu|Ting-Lu, L78|100/100\n|-ability|p2a: Ting-Lu|Vessel of Ruin\n|move|p1a: Scovillain|Stomping Tantrum|p2a: Ting-Lu\n|-damage|p2a: Ting-Lu|60/100\n|\n|-heal|p2a: Ting-Lu|66/100|[from] item: Leftovers\n|upkeep\n|turn|35\n|inactive|Time left: 300 sec this turn | 300 sec total\n|\n|t:|1783547479\n|move|p1a: Scovillain|Energy Ball|p2a: Ting-Lu\n|-supereffective|p2a: Ting-Lu\n|-damage|p2a: Ting-Lu|9/100\n|move|p2a: Ting-Lu|Earthquake|p1a: Scovillain\n|-damage|p1a: Scovillain|0 fnt\n|faint|p1a: Scovillain\n|\n|-heal|p2a: Ting-Lu|15/100|[from] item: Leftovers\n|upkeep\n|inactive|Time left: 300 sec this turn | 300 sec total | 5 sec grace\n|\n|t:|1783547480\n|switch|p1a: Uxie|Uxie, L83|260/260\n|turn|36\n|inactive|Time left: 300 sec this turn | 300 sec total\n|\n|t:|1783547482\n|switch|p2a: Iron Treads|Iron Treads, L77|100/100\n|move|p1a: Uxie|U-turn|p2a: Iron Treads\n|-resisted|p2a: Iron Treads\n|-damage|p2a: Iron Treads|94/100\n|\n|upkeep\n|turn|37\n|inactive|Time left: 300 sec this turn | 300 sec total\n|\n|t:|1783547483\n|move|p2a: Iron Treads|Knock Off|p1a: Uxie\n|-supereffective|p1a: Uxie\n|-damage|p1a: Uxie|170/260\n|-enditem|p1a: Uxie|Leftovers|[from] move: Knock Off|[of] p2a: Iron Treads\n|move|p1a: Uxie|Yawn|p2a: Iron Treads\n|-start|p2a: Iron Treads|move: Yawn|[of] p1a: Uxie\n|\n|upkeep\n|turn|38\n|inactive|Time left: 300 sec this turn | 300 sec total\n|\n|t:|1783547484\n|-end|p2a: Iron Treads|Quark Drive|[silent]\n|switch|p2a: Slowbro|Slowbro-Galar, L87, M|98/100\n|move|p1a: Uxie|Yawn|p2a: Slowbro\n|-start|p2a: Slowbro|move: Yawn|[of] p1a: Uxie\n|\n|upkeep\n|turn|39\n|inactive|Time left: 300 sec this turn | 300 sec total\n|\n|t:|1783547485\n|move|p1a: Uxie|Psychic Noise|p2a: Slowbro\n|-damage|p2a: Slowbro|83/100\n|-start|p2a: Slowbro|move: Heal Block\n|move|p2a: Slowbro|Shell Side Arm|p1a: Uxie|[anim] Shell Side Arm Special\n|-damage|p1a: Uxie|91/260\n|-hint|Special Shell Side Arm\n|\n|-end|p2a: Slowbro|move: Yawn|[silent]\n|-status|p2a: Slowbro|slp\n|upkeep\n|turn|40\n|inactive|Time left: 300 sec this turn | 300 sec total\n|\n|t:|1783547486\n|switch|p2a: Delphox|Delphox, L84, F|100/100\n|move|p1a: Uxie|U-turn|p2a: Delphox\n|-damage|p2a: Delphox|82/100\n|\n|upkeep\n|turn|41\n|inactive|Time left: 300 sec this turn | 300 sec total\n|\n|t:|1783547488\n|move|p2a: Delphox|Fire Blast|p1a: Uxie\n|-damage|p1a: Uxie|0 fnt\n|faint|p1a: Uxie\n|\n|win|p0y65880f2", "uploadtime": 1783547488, "views": 0, "rating": 0, "private": 0, "password": null, "_winner": "p0y65880f2", "_our_name": "p0x658fa85"}