{"id": "battle-gen9randombattle-1270", "formatid": "gen9randombattle", "format": "[Gen 9] Random Battle", "players": ["p0x127047f7", "p0y1270dc2c"], "log": "|init|battle\n|title|p0x127047f7 vs. p0y1270dc2c\n|j|\u2606p0x127047f7\n|j|\u2606p0y1270dc2c\n|t:|1783554756\n|gametype|singles\n|player|p1|p0x127047f7|2|\n|player|p2|p0y1270dc2c|1|\n|gen|9\n|tier|[Gen 9] Random Battle\n|rule|Species Clause: Limit one of each Pok\u00e9mon\n|rule|HP Percentage Mod: HP is shown in percentages\n|rule|Sleep Clause Mod: Limit one foe put to sleep\n|rule|Illusion Level Mod: Illusion disguises the Pok\u00e9mon's true level\n|\n|t:|1783554756\n|teamsize|p1|6\n|teamsize|p2|6\n|start\n|switch|p1a: Iron Bundle|Iron Bundle, L78|100/100\n|switch|p2a: Milotic|Milotic, L83, M|293/293\n|turn|1\n|inactive|Battle timer is ON: inactive players will automatically lose when time's up. (requested by p0x127047f7)\n|inactive|Time left: 300 sec this turn | 300 sec total | 60 sec grace\n|inactive|p0y1270dc2c also wants the timer to be on.\n|\n|t:|1783554758\n|move|p1a: Iron Bundle|Freeze-Dry|p2a: Milotic\n|-supereffective|p2a: Milotic\n|-damage|p2a: Milotic|177/293\n|-status|p2a: Milotic|frz\n|-curestatus|p2a: Milotic|frz|[from] move: Scald\n|move|p2a: Milotic|Scald|p1a: Iron Bundle\n|-resisted|p1a: Iron Bundle\n|-damage|p1a: Iron Bundle|72/100\n|\n|-heal|p2a: Milotic|195/293|[from] item: Leftovers\n|upkeep\n|turn|2\n|inactive|Time left: 300 sec this turn | 300 sec total\n|\n|t:|1783554758\n|move|p1a: Iron Bundle|Freeze-Dry|p2a: Milotic\n|-supereffective|p2a: Milotic\n|-damage|p2a: Milotic|63/293\n|move|p2a: Milotic|Recover|p2a: Milotic\n|-heal|p2a: Milotic|210/293\n|\n|-heal|p2a: Milotic|228/293|[from] item: Leftovers\n|upkeep\n|turn|3\n|inactive|Time left: 300 sec this turn | 300 sec total\n|\n|t:|1783554759\n|move|p1a: Iron Bundle|Freeze-Dry|p2a: Milotic\n|-supereffective|p2a: Milotic\n|-damage|p2a: Milotic|106/293\n|-status|p2a: Milotic|frz\n|-curestatus|p2a: Milotic|frz|[from] move: Scald\n|move|p2a: Milotic|Scald|p1a: Iron Bundle\n|-resisted|p1a: Iron Bundle\n|-damage|p1a: Iron Bundle|43/100\n|\n|-heal|p2a: Milotic|124/293|[from] item: Leftovers\n|upkeep\n|turn|4\n|inactive|Time left: 300 sec this turn | 300 sec total\n|\n|t:|1783554760\n|move|p1a: Iron Bundle|Freeze-Dry|p2a: Milotic\n|-supereffective|p2a: Milotic\n|-damage|p2a: Milotic|0 fnt\n|faint|p2a: Milotic\n|\n|upkeep\n|inactive|Time left: 300 sec this turn | 300 sec total | 5 sec grace\n|\n|t:|1783554761\n|switch|p2a: Passimian|Passimian, L83, F|302/302\n|turn|5\n|inactive|Time left: 300 sec this turn | 300 sec total\n|\n|t:|1783554762\n|-end|p1a: Iron Bundle|Quark Drive|[silent]\n|switch|p1a: Appletun|Appletun, L92, M|100/100\n|move|p2a: Passimian|Drain Punch|p1a: Appletun\n|-damage|p1a: Appletun|73/100\n|\n|-heal|p1a: Appletun|79/100|[from] item: Leftovers\n|upkeep\n|turn|6\n|inactive|Time left: 300 sec this turn | 300 sec total\n|\n|t:|1783554763\n|move|p2a: Passimian|Bulk Up|p2a: Passimian\n|-boost|p2a: Passimian|atk|1\n|-boost|p2a: Passimian|def|1\n|move|p1a: Appletun|Leech Seed|p2a: Passimian\n|-start|p2a: Passimian|move: Leech Seed\n|\n|-heal|p1a: Appletun|86/100|[from] item: Leftovers\n|-damage|p2a: Passimian|265/302|[from] Leech Seed|[of] p1a: Appletun\n|-heal|p1a: Appletun|96/100|[silent]\n|upkeep\n|turn|7\n|inactive|Time left: 300 sec this turn | 300 sec total\n|\n|t:|1783554764\n|move|p2a: Passimian|Gunk Shot|p1a: Appletun\n|-supereffective|p1a: Appletun\n|-damage|p1a: Appletun|8/100\n|move|p1a: Appletun|Draco Meteor|p2a: Passimian\n|-damage|p2a: Passimian|48/302\n|-unboost|p1a: Appletun|spa|2\n|\n|-heal|p2a: Passimian|66/302|[from] item: Leftovers\n|-heal|p1a: Appletun|14/100|[from] item: Leftovers\n|-damage|p2a: Passimian|29/302|[from] Leech Seed|[of] p1a: Appletun\n|-heal|p1a: Appletun|25/100|[silent]\n|upkeep\n|turn|8\n|inactive|Time left: 300 sec this turn | 300 sec total\n|\n|t:|1783554765\n|switch|p1a: Sneasler|Sneasler, L74, M|100/100\n|move|p2a: Passimian|Drain Punch|p1a: Sneasler\n|-resisted|p1a: Sneasler\n|-damage|p1a: Sneasler|55/100\n|-heal|p2a: Passimian|84/302|[from] drain|[of] p1a: Sneasler\n|\n|-heal|p2a: Passimian|102/302|[from] item: Leftovers\n|-damage|p2a: Passimian|65/302|[from] Leech Seed|[of] p1a: Sneasler\n|-heal|p1a: Sneasler|70/100|[silent]\n|upkeep\n|turn|9\n|inactive|Time left: 300 sec this turn | 300 sec total\n|\n|t:|1783554767\n|move|p1a: Sneasler|Close Combat|p2a: Passimian\n|-damage|p2a: Passimian|0 fnt\n|-unboost|p1a: Sneasler|def|1\n|-unboost|p1a: Sneasler|spd|1\n|faint|p2a: Passimian\n|\n|upkeep\n|inactive|Time left: 300 sec this turn | 300 sec total | 5 sec grace\n|\n|t:|1783554768\n|switch|p2a: Ting-Lu|Ting-Lu, L78|370/370\n|-ability|p2a: Ting-Lu|Vessel of Ruin\n|turn|10\n|inactive|Time left: 300 sec this turn | 300 sec total\n|\n|t:|1783554769\n|move|p1a: Sneasler|Close Combat|p2a: Ting-Lu\n|-supereffective|p2a: Ting-Lu\n|-damage|p2a: Ting-Lu|88/370\n|-unboost|p1a: Sneasler|def|1\n|-unboost|p1a: Sneasler|spd|1\n|-status|p2a: Ting-Lu|psn|[from] ability: Poison Touch|[of] p1a: Sneasler\n|move|p2a: Ting-Lu|Earthquake|p1a: Sneasler\n|-supereffective|p1a: Sneasler\n|-crit|p1a: Sneasler\n|-damage|p1a: Sneasler|0 fnt\n|faint|p1a: Sneasler\n|\n|-heal|p2a: Ting-Lu|111/370 psn|[from] item: Leftovers\n|-damage|p2a: Ting-Lu|65/370 psn|[from] psn\n|upkeep\n|\n|t:|1783554770\n|switch|p1a: Quaquaval|Quaquaval, L79, F|100/100\n|turn|11\n|inactive|Time left: 300 sec this turn | 300 sec total\n|\n|t:|1783554771\n|switch|p2a: Feraligatr|Feraligatr, L79, M|264/264\n|move|p1a: Quaquaval|Aqua Step|p2a: Feraligatr\n|-resisted|p2a: Feraligatr\n|-damage|p2a: Feraligatr|213/264\n|-boost|p1a: Quaquaval|spe|1\n|-damage|p1a: Quaquaval|91/100|[from] item: Life Orb\n|\n|upkeep\n|turn|12\n|inactive|Time left: 300 sec this turn | 300 sec total\n|\n|t:|1783554773\n|move|p1a: Quaquaval|Swords Dance|p1a: Quaquaval\n|-boost|p1a: Quaquaval|atk|2\n|move|p2a: Feraligatr|Liquidation|p1a: Quaquaval\n|-resisted|p1a: Quaquaval\n|-damage|p1a: Quaquaval|58/100\n|\n|upkeep\n|turn|13\n|inactive|Time left: 300 sec this turn | 300 sec total\n|\n|t:|1783554774\n|switch|p2a: Ting-Lu|Ting-Lu, L78|65/370 psn\n|-ability|p2a: Ting-Lu|Vessel of Ruin\n|move|p1a: Quaquaval|Close Combat|p2a: Ting-Lu\n|-supereffective|p2a: Ting-Lu\n|-damage|p2a: Ting-Lu|0 fnt\n|-unboost|p1a: Quaquaval|def|1\n|-unboost|p1a: Quaquaval|spd|1\n|faint|p2a: Ting-Lu\n|-ability|p1a: Quaquaval|Moxie|boost\n|-boost|p1a: Quaquaval|atk|1\n|-damage|p1a: Quaquaval|48/100|[from] item: Life Orb\n|\n|upkeep\n|inactive|Time left: 300 sec this turn | 300 sec total | 5 sec grace\n|\n|t:|1783554775\n|switch|p2a: Cryogonal|Cryogonal, L89|287/287\n|turn|14\n|inactive|Time left: 300 sec this turn | 300 sec total\n|\n|t:|1783554776\n|switch|p2a: Feraligatr|Feraligatr, L79, M|213/264\n|move|p1a: Quaquaval|Aqua Step|p2a: Feraligatr\n|-resisted|p2a: Feraligatr\n|-damage|p2a: Feraligatr|77/264\n|-boost|p1a: Quaquaval|spe|1\n|-damage|p1a: Quaquaval|38/100|[from] item: Life Orb\n|\n|upkeep\n|turn|15\n|inactive|Time left: 300 sec this turn | 300 sec total\n|\n|t:|1783554777\n|move|p1a: Quaquaval|Aqua Step|p2a: Feraligatr\n|-resisted|p2a: Feraligatr\n|-damage|p2a: Feraligatr|0 fnt\n|-boost|p1a: Quaquaval|spe|1\n|faint|p2a: Feraligatr\n|-ability|p1a: Quaquaval|Moxie|boost\n|-boost|p1a: Quaquaval|atk|1\n|-damage|p1a: Quaquaval|29/100|[from] item: Life Orb\n|\n|upkeep\n|inactive|Time left: 300 sec this turn | 300 sec total | 5 sec grace\n|\n|t:|1783554778\n|switch|p2a: Rotom|Rotom-Heat, L83|219/219\n|turn|16\n|inactive|Time left: 300 sec this turn | 300 sec total\n|\n|t:|1783554779\n|move|p1a: Quaquaval|Aqua Step|p2a: Rotom\n|-supereffective|p2a: Rotom\n|-damage|p2a: Rotom|0 fnt\n|-boost|p1a: Quaquaval|spe|1\n|faint|p2a: Rotom\n|-ability|p1a: Quaquaval|Moxie|boost\n|-boost|p1a: Quaquaval|atk|1\n|-damage|p1a: Quaquaval|19/100|[from] item: Life Orb\n|\n|upkeep\n|inactive|Time left: 300 sec this turn | 300 sec total | 5 sec grace\n|\n|t:|1783554780\n|switch|p2a: Cryogonal|Cryogonal, L89|287/287\n|turn|17\n|inactive|Time left: 300 sec this turn | 300 sec total\n|\n|t:|1783554781\n|-terastallize|p1a: Quaquaval|Steel\n|move|p1a: Quaquaval|Aqua Step|p2a: Cryogonal\n|-damage|p2a: Cryogonal|0 fnt\n|-boost|p1a: Quaquaval|spe|1\n|faint|p2a: Cryogonal\n|-damage|p1a: Quaquaval|9/100|[from] item: Life Orb\n|\n|win|p0x127047f7", "uploadtime": 1783554781, "views": 0, "rating": 0, "private": 0, "password": null, "_winner": "p0x127047f7", "_our_name": "p0y1270dc2c"}