{"id": "battle-gen9randombattle-2846", "formatid": "gen9randombattle", "format": "[Gen 9] Random Battle", "players": ["p0x2846ae44", "p0y2846aed3"], "log": "|init|battle\n|title|p0x2846ae44 vs. p0y2846aed3\n|j|\u2606p0x2846ae44\n|j|\u2606p0y2846aed3\n|t:|1783571811\n|gametype|singles\n|player|p1|p0x2846ae44|265|\n|player|p2|p0y2846aed3|2|\n|gen|9\n|tier|[Gen 9] Random Battle\n|rule|Species Clause: Limit one of each Pok\u00e9mon\n|rule|HP Percentage Mod: HP is shown in percentages\n|rule|Sleep Clause Mod: Limit one foe put to sleep\n|rule|Illusion Level Mod: Illusion disguises the Pok\u00e9mon's true level\n|\n|t:|1783571811\n|teamsize|p1|6\n|teamsize|p2|6\n|start\n|switch|p1a: Tauros|Tauros-Paldea-Aqua, L81, M|100/100\n|switch|p2a: Salazzle|Salazzle, L83, F|249/249\n|-ability|p1a: Tauros|Intimidate|boost\n|-unboost|p2a: Salazzle|atk|1\n|turn|1\n|inactive|Battle timer is ON: inactive players will automatically lose when time's up. (requested by p0y2846aed3)\n|\n|t:|1783571812\n|switch|p2a: Decidueye|Decidueye, L88, F|281/281\n|move|p1a: Tauros|Liquidation|p2a: Decidueye\n|-resisted|p2a: Decidueye\n|-damage|p2a: Decidueye|221/281\n|-damage|p1a: Tauros|91/100|[from] item: Life Orb\n|\n|upkeep\n|turn|2\n|inactive|Time left: 300 sec this turn | 300 sec total\n|inactive|p0x2846ae44 also wants the timer to be on.\n|\n|t:|1783571813\n|switch|p1a: Noctowl|Noctowl, L95, M|100/100\n|move|p2a: Decidueye|Leaf Blade|p1a: Noctowl\n|-resisted|p1a: Noctowl\n|-damage|p1a: Noctowl|73/100\n|-damage|p2a: Decidueye|193/281|[from] item: Life Orb\n|\n|upkeep\n|turn|3\n|inactive|Time left: 300 sec this turn | 300 sec total\n|\n|t:|1783571814\n|move|p1a: Noctowl|Hurricane|p2a: Decidueye\n|-supereffective|p2a: Decidueye\n|-damage|p2a: Decidueye|0 fnt\n|faint|p2a: Decidueye\n|\n|upkeep\n|inactive|Time left: 300 sec this turn | 300 sec total | 5 sec grace\n|\n|t:|1783571815\n|switch|p2a: Dragalge|Dragalge, L88, M|258/258\n|turn|4\n|inactive|Time left: 300 sec this turn | 300 sec total\n|\n|t:|1783571817\n|move|p1a: Noctowl|Calm Mind|p1a: Noctowl\n|-boost|p1a: Noctowl|spa|1\n|-boost|p1a: Noctowl|spd|1\n|move|p2a: Dragalge|Sludge Wave|p1a: Noctowl\n|-damage|p1a: Noctowl|36/100\n|-status|p1a: Noctowl|psn\n|\n|-damage|p1a: Noctowl|24/100 psn|[from] psn\n|upkeep\n|turn|5\n|inactive|Time left: 300 sec this turn | 300 sec total\n|\n|t:|1783571818\n|move|p1a: Noctowl|Roost|p1a: Noctowl\n|-heal|p1a: Noctowl|74/100 psn\n|-singleturn|p1a: Noctowl|move: Roost\n|move|p2a: Dragalge|Sludge Wave|p1a: Noctowl\n|-damage|p1a: Noctowl|36/100 psn\n|\n|-damage|p1a: Noctowl|23/100 psn|[from] psn\n|upkeep\n|turn|6\n|inactive|Time left: 300 sec this turn | 300 sec total\n|\n|t:|1783571819\n|move|p1a: Noctowl|Roost|p1a: Noctowl\n|-heal|p1a: Noctowl|73/100 psn\n|-singleturn|p1a: Noctowl|move: Roost\n|move|p2a: Dragalge|Sludge Wave|p1a: Noctowl\n|-damage|p1a: Noctowl|40/100 psn\n|\n|-damage|p1a: Noctowl|27/100 psn|[from] psn\n|upkeep\n|turn|7\n|inactive|Time left: 300 sec this turn | 300 sec total\n|\n|t:|1783571820\n|move|p1a: Noctowl|Roost|p1a: Noctowl\n|-heal|p1a: Noctowl|77/100 psn\n|-singleturn|p1a: Noctowl|move: Roost\n|move|p2a: Dragalge|Sludge Wave|p1a: Noctowl\n|-damage|p1a: Noctowl|41/100 psn\n|\n|-damage|p1a: Noctowl|29/100 psn|[from] psn\n|upkeep\n|turn|8\n|inactive|Time left: 300 sec this turn | 300 sec total\n|\n|t:|1783571821\n|move|p1a: Noctowl|Roost|p1a: Noctowl\n|-heal|p1a: Noctowl|79/100 psn\n|-singleturn|p1a: Noctowl|move: Roost\n|move|p2a: Dragalge|Sludge Wave|p1a: Noctowl\n|-damage|p1a: Noctowl|42/100 psn\n|\n|-damage|p1a: Noctowl|30/100 psn|[from] psn\n|upkeep\n|turn|9\n|inactive|Time left: 300 sec this turn | 300 sec total\n|\n|t:|1783571822\n|move|p1a: Noctowl|Roost|p1a: Noctowl\n|-heal|p1a: Noctowl|80/100 psn\n|-singleturn|p1a: Noctowl|move: Roost\n|move|p2a: Dragalge|Sludge Wave|p1a: Noctowl\n|-damage|p1a: Noctowl|44/100 psn\n|\n|-damage|p1a: Noctowl|32/100 psn|[from] psn\n|upkeep\n|turn|10\n|inactive|Time left: 300 sec this turn | 300 sec total\n|\n|t:|1783571823\n|move|p1a: Noctowl|Roost|p1a: Noctowl\n|-heal|p1a: Noctowl|82/100 psn\n|-singleturn|p1a: Noctowl|move: Roost\n|move|p2a: Dragalge|Sludge Wave|p1a: Noctowl\n|-damage|p1a: Noctowl|46/100 psn\n|\n|-damage|p1a: Noctowl|34/100 psn|[from] psn\n|upkeep\n|turn|11\n|inactive|Time left: 300 sec this turn | 300 sec total\n|\n|t:|1783571824\n|move|p1a: Noctowl|Roost|p1a: Noctowl\n|-heal|p1a: Noctowl|84/100 psn\n|-singleturn|p1a: Noctowl|move: Roost\n|move|p2a: Dragalge|Sludge Wave|p1a: Noctowl\n|-damage|p1a: Noctowl|46/100 psn\n|\n|-damage|p1a: Noctowl|33/100 psn|[from] psn\n|upkeep\n|turn|12\n|inactive|Time left: 300 sec this turn | 300 sec total\n|\n|t:|1783571825\n|move|p1a: Noctowl|Roost|p1a: Noctowl\n|-heal|p1a: Noctowl|83/100 psn\n|-singleturn|p1a: Noctowl|move: Roost\n|move|p2a: Dragalge|Sludge Wave|p1a: Noctowl\n|-damage|p1a: Noctowl|50/100 psn\n|\n|-damage|p1a: Noctowl|37/100 psn|[from] psn\n|upkeep\n|turn|13\n|inactive|Time left: 300 sec this turn | 300 sec total\n|\n|t:|1783571826\n|move|p1a: Noctowl|Hurricane|p2a: Dragalge\n|-damage|p2a: Dragalge|99/258\n|move|p2a: Dragalge|Sludge Wave|p1a: Noctowl\n|-damage|p1a: Noctowl|2/100 psn\n|\n|-damage|p1a: Noctowl|0 fnt|[from] psn\n|faint|p1a: Noctowl\n|upkeep\n|\n|t:|1783571827\n|switch|p1a: Flygon|Flygon, L82, M|100/100\n|turn|14\n|inactive|Time left: 300 sec this turn | 300 sec total\n|\n|t:|1783571828\n|switch|p2a: Dipplin|Dipplin, L88, M|284/284\n|move|p1a: Flygon|Earthquake|p2a: Dipplin\n|-resisted|p2a: Dipplin\n|-damage|p2a: Dipplin|257/284\n|\n|upkeep\n|turn|15\n|inactive|Time left: 300 sec this turn | 300 sec total\n|\n|t:|1783571829\n|switch|p1a: Clefable|Clefable, L83, F|100/100\n|move|p2a: Dipplin|Giga Drain|p1a: Clefable\n|-damage|p1a: Clefable|73/100\n|-heal|p2a: Dipplin|284/284|[from] drain|[of] p1a: Clefable\n|\n|-heal|p1a: Clefable|79/100|[from] item: Leftovers\n|upkeep\n|turn|16\n|inactive|Time left: 300 sec this turn | 300 sec total\n|\n|t:|1783571830\n|move|p1a: Clefable|Calm Mind|p1a: Clefable\n|-boost|p1a: Clefable|spa|1\n|-boost|p1a: Clefable|spd|1\n|move|p2a: Dipplin|Giga Drain|p1a: Clefable\n|-damage|p1a: Clefable|59/100\n|\n|-heal|p1a: Clefable|65/100|[from] item: Leftovers\n|upkeep\n|turn|17\n|inactive|Time left: 300 sec this turn | 300 sec total\n|\n|t:|1783571831\n|switch|p2a: Salazzle|Salazzle, L83, F|249/249\n|move|p1a: Clefable|Moonblast|p2a: Salazzle\n|-resisted|p2a: Salazzle\n|-damage|p2a: Salazzle|201/249\n|-unboost|p2a: Salazzle|spa|1\n|\n|-heal|p2a: Salazzle|216/249|[from] item: Leftovers\n|-heal|p1a: Clefable|71/100|[from] item: Leftovers\n|upkeep\n|turn|18\n|inactive|Time left: 300 sec this turn | 300 sec total\n|\n|t:|1783571832\n|move|p2a: Salazzle|Toxic|p1a: Clefable\n|-status|p1a: Clefable|tox\n|move|p1a: Clefable|Calm Mind|p1a: Clefable\n|-boost|p1a: Clefable|spa|1\n|-boost|p1a: Clefable|spd|1\n|\n|-heal|p2a: Salazzle|231/249|[from] item: Leftovers\n|-heal|p1a: Clefable|77/100 tox|[from] item: Leftovers\n|-damage|p1a: Clefable|71/100 tox|[from] psn\n|upkeep\n|turn|19\n|inactive|Time left: 300 sec this turn | 300 sec total\n|\n|t:|1783571833\n|move|p2a: Salazzle|Flamethrower|p1a: Clefable\n|-damage|p1a: Clefable|53/100 tox\n|move|p1a: Clefable|Moonblast|p2a: Salazzle\n|-resisted|p2a: Salazzle\n|-damage|p2a: Salazzle|166/249\n|\n|-heal|p2a: Salazzle|181/249|[from] item: Leftovers\n|-heal|p1a: Clefable|59/100 tox|[from] item: Leftovers\n|-damage|p1a: Clefable|47/100 tox|[from] psn\n|upkeep\n|turn|20\n|inactive|Time left: 300 sec this turn | 300 sec total\n|\n|t:|1783571835\n|move|p2a: Salazzle|Flamethrower|p1a: Clefable\n|-damage|p1a: Clefable|29/100 tox\n|move|p1a: Clefable|Moonlight|p1a: Clefable\n|-heal|p1a: Clefable|79/100 tox\n|\n|-heal|p2a: Salazzle|196/249|[from] item: Leftovers\n|-heal|p1a: Clefable|85/100 tox|[from] item: Leftovers\n|-damage|p1a: Clefable|66/100 tox|[from] psn\n|upkeep\n|turn|21\n|inactive|Time left: 300 sec this turn | 300 sec total\n|\n|t:|1783571836\n|move|p2a: Salazzle|Flamethrower|p1a: Clefable\n|-damage|p1a: Clefable|48/100 tox\n|move|p1a: Clefable|Moonlight|p1a: Clefable\n|-heal|p1a: Clefable|97/100 tox\n|\n|-heal|p2a: Salazzle|211/249|[from] item: Leftovers\n|-heal|p1a: Clefable|100/100 tox|[from] item: Leftovers\n|-damage|p1a: Clefable|76/100 tox|[from] psn\n|upkeep\n|turn|22\n|inactive|Time left: 300 sec this turn | 300 sec total\n|\n|t:|1783571837\n|move|p2a: Salazzle|Flamethrower|p1a: Clefable\n|-damage|p1a: Clefable|59/100 tox\n|move|p1a: Clefable|Moonblast|p2a: Salazzle\n|-resisted|p2a: Salazzle\n|-damage|p2a: Salazzle|147/249\n|\n|-heal|p2a: Salazzle|162/249|[from] item: Leftovers\n|-heal|p1a: Clefable|65/100 tox|[from] item: Leftovers\n|-damage|p1a: Clefable|34/100 tox|[from] psn\n|upkeep\n|turn|23\n|inactive|Time left: 300 sec this turn | 300 sec total\n|\n|t:|1783571838\n|move|p2a: Salazzle|Flamethrower|p1a: Clefable\n|-damage|p1a: Clefable|16/100 tox\n|move|p1a: Clefable|Moonlight|p1a: Clefable\n|-heal|p1a: Clefable|65/100 tox\n|\n|-heal|p2a: Salazzle|177/249|[from] item: Leftovers\n|-heal|p1a: Clefable|71/100 tox|[from] item: Leftovers\n|-damage|p1a: Clefable|35/100 tox|[from] psn\n|upkeep\n|turn|24\n|inactive|Time left: 300 sec this turn | 300 sec total\n|\n|t:|1783571839\n|move|p2a: Salazzle|Toxic|p1a: Clefable\n|-fail|p1a: Clefable|tox\n|move|p1a: Clefable|Moonblast|p2a: Salazzle\n|-resisted|p2a: Salazzle\n|-damage|p2a: Salazzle|111/249\n|\n|-heal|p2a: Salazzle|126/249|[from] item: Leftovers\n|-heal|p1a: Clefable|41/100 tox|[from] item: Leftovers\n|-damage|p1a: Clefable|0 fnt|[from] psn\n|faint|p1a: Clefable\n|upkeep\n|\n|t:|1783571840\n|switch|p1a: Flygon|Flygon, L82, M|100/100\n|turn|25\n|inactive|Time left: 300 sec this turn | 300 sec total\n|\n|t:|1783571842\n|switch|p2a: Dipplin|Dipplin, L88, M|284/284\n|move|p1a: Flygon|Outrage|p2a: Dipplin\n|-supereffective|p2a: Dipplin\n|-damage|p2a: Dipplin|158/284\n|\n|upkeep\n|turn|26\n|inactive|Time left: 300 sec this turn | 300 sec total\n|\n|t:|1783571843\n|-terastallize|p2a: Dipplin|Steel\n|move|p1a: Flygon|Outrage|p2a: Dipplin|[from] lockedmove\n|-resisted|p2a: Dipplin\n|-damage|p2a: Dipplin|125/284\n|-start|p1a: Flygon|confusion|[fatigue]\n|move|p2a: Dipplin|Dragon Pulse|p1a: Flygon\n|-supereffective|p1a: Flygon\n|-damage|p1a: Flygon|12/100\n|\n|upkeep\n|turn|27\n|inactive|Time left: 300 sec this turn | 300 sec total\n|\n|t:|1783571844\n|switch|p1a: Hitmontop|Hitmontop, L88, M|100/100\n|-ability|p1a: Hitmontop|Intimidate|boost\n|-unboost|p2a: Dipplin|atk|1\n|move|p2a: Dipplin|Recover|p2a: Dipplin\n|-heal|p2a: Dipplin|267/284\n|\n|upkeep\n|turn|28\n|inactive|Time left: 300 sec this turn | 300 sec total\n|\n|t:|1783571845\n|move|p1a: Hitmontop|Earthquake|p2a: Dipplin\n|-supereffective|p2a: Dipplin\n|-crit|p2a: Dipplin\n|-damage|p2a: Dipplin|139/284\n|move|p2a: Dipplin|Giga Drain|p1a: Hitmontop\n|-damage|p1a: Hitmontop|82/100\n|-heal|p2a: Dipplin|161/284|[from] drain|[of] p1a: Hitmontop\n|\n|upkeep\n|turn|29\n|inactive|Time left: 300 sec this turn | 300 sec total\n|\n|t:|1783571846\n|move|p1a: Hitmontop|Rapid Spin|p2a: Dipplin\n|-resisted|p2a: Dipplin\n|-damage|p2a: Dipplin|151/284\n|-boost|p1a: Hitmontop|spe|1\n|move|p2a: Dipplin|Recover|p2a: Dipplin\n|-heal|p2a: Dipplin|284/284\n|\n|upkeep\n|turn|30\n|inactive|Time left: 300 sec this turn | 300 sec total\n|\n|t:|1783571847\n|move|p1a: Hitmontop|Rapid Spin|p2a: Dipplin\n|-resisted|p2a: Dipplin\n|-damage|p2a: Dipplin|274/284\n|-boost|p1a: Hitmontop|spe|1\n|move|p2a: Dipplin|Giga Drain|p1a: Hitmontop\n|-damage|p1a: Hitmontop|60/100\n|-heal|p2a: Dipplin|284/284|[from] drain|[of] p1a: Hitmontop\n|\n|upkeep\n|turn|31\n|inactive|Time left: 300 sec this turn | 300 sec total\n|\n|t:|1783571848\n|move|p1a: Hitmontop|Earthquake|p2a: Dipplin\n|-supereffective|p2a: Dipplin\n|-damage|p2a: Dipplin|206/284\n|move|p2a: Dipplin|Giga Drain|p1a: Hitmontop\n|-damage|p1a: Hitmontop|40/100\n|-heal|p2a: Dipplin|229/284|[from] drain|[of] p1a: Hitmontop\n|\n|upkeep\n|turn|32\n|inactive|Time left: 300 sec this turn | 300 sec total\n|\n|t:|1783571849\n|move|p1a: Hitmontop|Close Combat|p2a: Dipplin\n|-supereffective|p2a: Dipplin\n|-damage|p2a: Dipplin|77/284\n|-unboost|p1a: Hitmontop|def|1\n|-unboost|p1a: Hitmontop|spd|1\n|move|p2a: Dipplin|Giga Drain|p1a: Hitmontop\n|-damage|p1a: Hitmontop|13/100\n|-heal|p2a: Dipplin|109/284|[from] drain|[of] p1a: Hitmontop\n|\n|upkeep\n|turn|33\n|inactive|Time left: 300 sec this turn | 300 sec total\n|\n|t:|1783571850\n|switch|p2a: Dragalge|Dragalge, L88, M|99/258\n|move|p1a: Hitmontop|Close Combat|p2a: Dragalge\n|-resisted|p2a: Dragalge\n|-damage|p2a: Dragalge|32/258\n|-unboost|p1a: Hitmontop|def|1\n|-unboost|p1a: Hitmontop|spd|1\n|\n|upkeep\n|turn|34\n|inactive|Time left: 300 sec this turn | 300 sec total\n|\n|t:|1783571851\n|switch|p2a: Dipplin|Dipplin, L88, M, tera:Steel|109/284\n|move|p1a: Hitmontop|Close Combat|p2a: Dipplin\n|-supereffective|p2a: Dipplin\n|-damage|p2a: Dipplin|0 fnt\n|-unboost|p1a: Hitmontop|def|1\n|-unboost|p1a: Hitmontop|spd|1\n|faint|p2a: Dipplin\n|\n|upkeep\n|inactive|Time left: 300 sec this turn | 300 sec total | 5 sec grace\n|\n|t:|1783571852\n|switch|p2a: Kingambit|Kingambit, L74, F|270/270\n|-activate|p2a: Kingambit|ability: Supreme Overlord\n|-start|p2a: Kingambit|fallen2|[silent]\n|turn|35\n|inactive|Time left: 300 sec this turn | 300 sec total\n|\n|t:|1783571852\n|move|p2a: Kingambit|Sucker Punch|p1a: Hitmontop\n|-resisted|p1a: Hitmontop\n|-damage|p1a: Hitmontop|0 fnt\n|faint|p1a: Hitmontop\n|\n|upkeep\n|\n|t:|1783571853\n|switch|p1a: Tauros|Tauros-Paldea-Aqua, L81, M|91/100\n|-ability|p1a: Tauros|Intimidate|boost\n|-unboost|p2a: Kingambit|atk|1\n|turn|36\n|inactive|Time left: 300 sec this turn | 300 sec total\n|\n|t:|1783571854\n|-end|p2a: Kingambit|fallen2|[silent]\n|switch|p2a: Salazzle|Salazzle, L83, F|126/249\n|move|p1a: Tauros|Bulk Up|p1a: Tauros\n|-boost|p1a: Tauros|atk|1\n|-boost|p1a: Tauros|def|1\n|\n|-heal|p2a: Salazzle|141/249|[from] item: Leftovers\n|upkeep\n|turn|37\n|inactive|Time left: 300 sec this turn | 300 sec total\n|\n|t:|1783571855\n|move|p2a: Salazzle|Protect|p2a: Salazzle\n|-singleturn|p2a: Salazzle|Protect\n|move|p1a: Tauros|Aqua Jet|p2a: Salazzle\n|-activate|p2a: Salazzle|move: Protect\n|\n|-heal|p2a: Salazzle|156/249|[from] item: Leftovers\n|upkeep\n|turn|38\n|inactive|Time left: 300 sec this turn | 300 sec total\n|\n|t:|1783571856\n|switch|p2a: Dragalge|Dragalge, L88, M|32/258\n|move|p1a: Tauros|Aqua Jet|p2a: Dragalge\n|-resisted|p2a: Dragalge\n|-damage|p2a: Dragalge|0 fnt\n|faint|p2a: Dragalge\n|-damage|p1a: Tauros|81/100|[from] item: Life Orb\n|\n|upkeep\n|inactive|Time left: 300 sec this turn | 300 sec total | 5 sec grace\n|\n|t:|1783571857\n|switch|p2a: Salazzle|Salazzle, L83, F|156/249\n|turn|39\n|inactive|Time left: 300 sec this turn | 300 sec total\n|\n|t:|1783571858\n|move|p2a: Salazzle|Protect|p2a: Salazzle\n|-singleturn|p2a: Salazzle|Protect\n|move|p1a: Tauros|Aqua Jet|p2a: Salazzle\n|-activate|p2a: Salazzle|move: Protect\n|\n|-heal|p2a: Salazzle|171/249|[from] item: Leftovers\n|upkeep\n|turn|40\n|inactive|Time left: 300 sec this turn | 300 sec total\n|\n|t:|1783571859\n|switch|p2a: Kingambit|Kingambit, L74, F|270/270\n|-activate|p2a: Kingambit|ability: Supreme Overlord\n|-start|p2a: Kingambit|fallen3|[silent]\n|move|p1a: Tauros|Aqua Jet|p2a: Kingambit\n|-damage|p2a: Kingambit|196/270\n|-damage|p1a: Tauros|71/100|[from] item: Life Orb\n|\n|-heal|p2a: Kingambit|212/270|[from] item: Leftovers\n|upkeep\n|turn|41\n|inactive|Time left: 300 sec this turn | 300 sec total\n|\n|t:|1783571860\n|move|p1a: Tauros|Close Combat|p2a: Kingambit\n|-supereffective|p2a: Kingambit\n|-damage|p2a: Kingambit|0 fnt\n|-unboost|p1a: Tauros|def|1\n|-unboost|p1a: Tauros|spd|1\n|faint|p2a: Kingambit\n|-end|p2a: Kingambit|fallen3|[silent]\n|-damage|p1a: Tauros|61/100|[from] item: Life Orb\n|\n|upkeep\n|inactive|Time left: 300 sec this turn | 300 sec total | 5 sec grace\n|\n|t:|1783571861\n|switch|p2a: Salazzle|Salazzle, L83, F|171/249\n|turn|42\n|inactive|Time left: 300 sec this turn | 300 sec total\n|\n|t:|1783571862\n|move|p2a: Salazzle|Protect|p2a: Salazzle\n|-singleturn|p2a: Salazzle|Protect\n|move|p1a: Tauros|Aqua Jet|p2a: Salazzle\n|-activate|p2a: Salazzle|move: Protect\n|\n|-heal|p2a: Salazzle|186/249|[from] item: Leftovers\n|upkeep\n|turn|43\n|inactive|Time left: 300 sec this turn | 300 sec total\n|\n|t:|1783571863\n|switch|p2a: Kleavor|Kleavor, L78, M|237/237\n|move|p1a: Tauros|Aqua Jet|p2a: Kleavor\n|-supereffective|p2a: Kleavor\n|-damage|p2a: Kleavor|63/237\n|-damage|p1a: Tauros|51/100|[from] item: Life Orb\n|\n|upkeep\n|turn|44\n|inactive|Time left: 300 sec this turn | 300 sec total\n|\n|t:|1783571864\n|move|p1a: Tauros|Aqua Jet|p2a: Kleavor\n|-supereffective|p2a: Kleavor\n|-damage|p2a: Kleavor|0 fnt\n|faint|p2a: Kleavor\n|-damage|p1a: Tauros|41/100|[from] item: Life Orb\n|\n|upkeep\n|inactive|Time left: 300 sec this turn | 300 sec total | 5 sec grace\n|\n|t:|1783571865\n|switch|p2a: Salazzle|Salazzle, L83, F|186/249\n|turn|45\n|inactive|Time left: 300 sec this turn | 300 sec total\n|\n|t:|1783571865\n|-terastallize|p1a: Tauros|Water\n|move|p2a: Salazzle|Protect|p2a: Salazzle\n|-singleturn|p2a: Salazzle|Protect\n|move|p1a: Tauros|Aqua Jet|p2a: Salazzle\n|-activate|p2a: Salazzle|move: Protect\n|\n|-heal|p2a: Salazzle|201/249|[from] item: Leftovers\n|upkeep\n|turn|46\n|inactive|Time left: 300 sec this turn | 300 sec total\n|\n|t:|1783571866\n|move|p2a: Salazzle|Protect||[still]\n|-fail|p2a: Salazzle\n|move|p1a: Tauros|Aqua Jet|p2a: Salazzle\n|-supereffective|p2a: Salazzle\n|-damage|p2a: Salazzle|0 fnt\n|faint|p2a: Salazzle\n|-damage|p1a: Tauros|32/100|[from] item: Life Orb\n|\n|win|p0x2846ae44", "uploadtime": 1783571866, "views": 0, "rating": 0, "private": 0, "password": null, "_winner": "p0x2846ae44", "_our_name": "p0y2846aed3"}