{"id": "battle-gen9randombattle-617", "formatid": "gen9randombattle", "format": "[Gen 9] Random Battle", "players": ["p0x6179788", "p0y617aa49"], "log": "|init|battle\n|title|p0x6179788 vs. p0y617aa49\n|j|\u2606p0x6179788\n|j|\u2606p0y617aa49\n|t:|1783546975\n|gametype|singles\n|player|p1|p0x6179788|266|\n|player|p2|p0y617aa49|102|\n|gen|9\n|tier|[Gen 9] Random Battle\n|rule|Species Clause: Limit one of each Pok\u00e9mon\n|rule|HP Percentage Mod: HP is shown in percentages\n|rule|Sleep Clause Mod: Limit one foe put to sleep\n|rule|Illusion Level Mod: Illusion disguises the Pok\u00e9mon's true level\n|\n|t:|1783546975\n|teamsize|p1|6\n|teamsize|p2|6\n|start\n|switch|p1a: Delibird|Delibird, M|100/100\n|switch|p2a: Cloyster|Cloyster, L80, M|211/211\n|turn|1\n|inactive|Battle timer is ON: inactive players will automatically lose when time's up. (requested by p0y617aa49)\n|\n|t:|1783546976\n|switch|p1a: Golduck|Golduck, L90, M|100/100\n|-ability|p1a: Golduck|Cloud Nine\n|move|p2a: Cloyster|Shell Smash|p2a: Cloyster\n|-unboost|p2a: Cloyster|def|1\n|-unboost|p2a: Cloyster|spd|1\n|-boost|p2a: Cloyster|atk|2\n|-boost|p2a: Cloyster|spa|2\n|-boost|p2a: Cloyster|spe|2\n|-enditem|p2a: Cloyster|White Herb\n|-clearnegativeboost|p2a: Cloyster|[silent]\n|\n|upkeep\n|turn|2\n|inactive|Time left: 300 sec this turn | 300 sec total\n|inactive|p0x6179788 also wants the timer to be on.\n|\n|t:|1783546977\n|move|p2a: Cloyster|Icicle Spear|p1a: Golduck\n|-resisted|p1a: Golduck\n|-damage|p1a: Golduck|93/100\n|-resisted|p1a: Golduck\n|-damage|p1a: Golduck|84/100\n|-resisted|p1a: Golduck\n|-crit|p1a: Golduck\n|-damage|p1a: Golduck|71/100\n|-resisted|p1a: Golduck\n|-damage|p1a: Golduck|62/100\n|-resisted|p1a: Golduck\n|-damage|p1a: Golduck|54/100\n|-hitcount|p1a: Golduck|5\n|move|p1a: Golduck|Grass Knot|p2a: Cloyster\n|-supereffective|p2a: Cloyster\n|-damage|p2a: Cloyster|0 fnt\n|faint|p2a: Cloyster\n|\n|upkeep\n|inactive|Time left: 300 sec this turn | 300 sec total | 5 sec grace\n|\n|t:|1783546978\n|switch|p2a: Mimikyu|Mimikyu, L79, M|216/216\n|turn|3\n|inactive|Time left: 300 sec this turn | 300 sec total\n|\n|t:|1783546980\n|move|p1a: Golduck|Grass Knot|p2a: Mimikyu\n|-activate|p2a: Mimikyu|ability: Disguise\n|-damage|p2a: Mimikyu|216/216\n|detailschange|p2a: Mimikyu|Mimikyu-Busted, L79, M\n|-damage|p2a: Mimikyu|189/216|[from] pokemon: Mimikyu-Busted\n|move|p2a: Mimikyu|Swords Dance|p2a: Mimikyu\n|-boost|p2a: Mimikyu|atk|2\n|\n|upkeep\n|turn|4\n|inactive|Time left: 300 sec this turn | 300 sec total\n|\n|t:|1783546981\n|switch|p1a: Iron Treads|Iron Treads, L77|100/100\n|move|p2a: Mimikyu|Play Rough|p1a: Iron Treads\n|-resisted|p1a: Iron Treads\n|-damage|p1a: Iron Treads|66/100\n|-unboost|p1a: Iron Treads|atk|1\n|-damage|p2a: Mimikyu|168/216|[from] item: Life Orb\n|\n|upkeep\n|turn|5\n|inactive|Time left: 300 sec this turn | 300 sec total\n|\n|t:|1783546982\n|move|p1a: Iron Treads|Iron Head|p2a: Mimikyu\n|-supereffective|p2a: Mimikyu\n|-damage|p2a: Mimikyu|54/216\n|move|p2a: Mimikyu|Drain Punch|p1a: Iron Treads\n|-supereffective|p1a: Iron Treads\n|-damage|p1a: Iron Treads|0 fnt\n|-heal|p2a: Mimikyu|141/216|[from] drain|[of] p1a: Iron Treads\n|faint|p1a: Iron Treads\n|-end|p1a: Iron Treads|Quark Drive|[silent]\n|-damage|p2a: Mimikyu|120/216|[from] item: Life Orb\n|\n|upkeep\n|\n|t:|1783546983\n|switch|p1a: Golduck|Golduck, L90, M|54/100\n|-ability|p1a: Golduck|Cloud Nine\n|turn|6\n|inactive|Time left: 300 sec this turn | 300 sec total\n|\n|t:|1783546984\n|move|p1a: Golduck|Hydro Pump|p2a: Mimikyu\n|-damage|p2a: Mimikyu|0 fnt\n|faint|p2a: Mimikyu\n|\n|upkeep\n|inactive|Time left: 300 sec this turn | 300 sec total | 5 sec grace\n|\n|t:|1783546985\n|switch|p2a: Cresselia|Cresselia, L80, F|323/323\n|turn|7\n|inactive|Time left: 300 sec this turn | 300 sec total\n|\n|t:|1783546986\n|move|p1a: Golduck|Hydro Pump|p2a: Cresselia\n|-damage|p2a: Cresselia|149/323\n|move|p2a: Cresselia|Calm Mind|p2a: Cresselia\n|-boost|p2a: Cresselia|spa|1\n|-boost|p2a: Cresselia|spd|1\n|\n|-heal|p2a: Cresselia|169/323|[from] item: Leftovers\n|upkeep\n|turn|8\n|inactive|Time left: 300 sec this turn | 300 sec total\n|\n|t:|1783546987\n|switch|p1a: Excadrill|Excadrill, L79, M|100/100\n|-ability|p1a: Excadrill|Mold Breaker\n|move|p2a: Cresselia|Moonlight|p2a: Cresselia\n|-heal|p2a: Cresselia|323/323\n|\n|upkeep\n|turn|9\n|inactive|Time left: 300 sec this turn | 300 sec total\n|\n|t:|1783546988\n|move|p1a: Excadrill|Swords Dance|p1a: Excadrill\n|-boost|p1a: Excadrill|atk|2\n|move|p2a: Cresselia|Calm Mind|p2a: Cresselia\n|-boost|p2a: Cresselia|spa|1\n|-boost|p2a: Cresselia|spd|1\n|\n|upkeep\n|turn|10\n|inactive|Time left: 300 sec this turn | 300 sec total\n|\n|t:|1783546990\n|move|p1a: Excadrill|Earthquake|p2a: Cresselia\n|-damage|p2a: Cresselia|118/323\n|move|p2a: Cresselia|Moonlight|p2a: Cresselia\n|-heal|p2a: Cresselia|279/323\n|\n|-heal|p2a: Cresselia|299/323|[from] item: Leftovers\n|upkeep\n|turn|11\n|inactive|Time left: 300 sec this turn | 300 sec total\n|\n|t:|1783546991\n|move|p1a: Excadrill|Earthquake|p2a: Cresselia\n|-damage|p2a: Cresselia|92/323\n|move|p2a: Cresselia|Moonlight|p2a: Cresselia\n|-heal|p2a: Cresselia|253/323\n|\n|-heal|p2a: Cresselia|273/323|[from] item: Leftovers\n|upkeep\n|turn|12\n|inactive|Time left: 300 sec this turn | 300 sec total\n|\n|t:|1783546992\n|move|p1a: Excadrill|Earthquake|p2a: Cresselia\n|-damage|p2a: Cresselia|51/323\n|move|p2a: Cresselia|Moonlight|p2a: Cresselia\n|-heal|p2a: Cresselia|212/323\n|\n|-heal|p2a: Cresselia|232/323|[from] item: Leftovers\n|upkeep\n|turn|13\n|inactive|Time left: 300 sec this turn | 300 sec total\n|\n|t:|1783546993\n|move|p1a: Excadrill|Earthquake|p2a: Cresselia\n|-damage|p2a: Cresselia|1/323\n|move|p2a: Cresselia|Moonlight|p2a: Cresselia\n|-heal|p2a: Cresselia|162/323\n|\n|-heal|p2a: Cresselia|182/323|[from] item: Leftovers\n|upkeep\n|turn|14\n|inactive|Time left: 300 sec this turn | 300 sec total\n|\n|t:|1783546994\n|move|p1a: Excadrill|Earthquake|p2a: Cresselia\n|-damage|p2a: Cresselia|0 fnt\n|faint|p2a: Cresselia\n|\n|upkeep\n|inactive|Time left: 300 sec this turn | 300 sec total | 5 sec grace\n|\n|t:|1783546995\n|switch|p2a: Pawmot|Pawmot, L80, M|243/243\n|turn|15\n|inactive|Time left: 300 sec this turn | 300 sec total\n|\n|t:|1783546996\n|move|p2a: Pawmot|Close Combat|p1a: Excadrill\n|-supereffective|p1a: Excadrill\n|-damage|p1a: Excadrill|0 fnt\n|-unboost|p2a: Pawmot|def|1\n|-unboost|p2a: Pawmot|spd|1\n|faint|p1a: Excadrill\n|\n|upkeep\n|\n|t:|1783546997\n|switch|p1a: Greninja|Greninja, L80, M|100/100\n|turn|16\n|inactive|Time left: 300 sec this turn | 300 sec total\n|\n|t:|1783546998\n|switch|p2a: Oinkologne|Oinkologne, L92, M|352/352\n|move|p1a: Greninja|Hydro Pump|p2a: Oinkologne\n|-damage|p2a: Oinkologne|203/352\n|-damage|p1a: Greninja|91/100|[from] item: Life Orb\n|\n|-heal|p2a: Oinkologne|225/352|[from] item: Leftovers\n|upkeep\n|turn|17\n|inactive|Time left: 300 sec this turn | 300 sec total\n|\n|t:|1783546999\n|move|p1a: Greninja|Hydro Pump|p2a: Oinkologne\n|-damage|p2a: Oinkologne|92/352\n|-damage|p1a: Greninja|81/100|[from] item: Life Orb\n|move|p2a: Oinkologne|Double-Edge|p1a: Greninja\n|-damage|p1a: Greninja|3/100\n|-damage|p2a: Oinkologne|28/352|[from] Recoil\n|\n|-heal|p2a: Oinkologne|50/352|[from] item: Leftovers\n|upkeep\n|turn|18\n|inactive|Time left: 300 sec this turn | 300 sec total\n|\n|t:|1783547001\n|move|p1a: Greninja|Hydro Pump|p2a: Oinkologne|[miss]\n|-miss|p1a: Greninja|p2a: Oinkologne\n|move|p2a: Oinkologne|Curse|p2a: Oinkologne\n|-unboost|p2a: Oinkologne|spe|1\n|-boost|p2a: Oinkologne|atk|1\n|-boost|p2a: Oinkologne|def|1\n|\n|-heal|p2a: Oinkologne|72/352|[from] item: Leftovers\n|upkeep\n|turn|19\n|inactive|Time left: 300 sec this turn | 300 sec total\n|\n|t:|1783547002\n|switch|p2a: Uxie|Uxie, L83|260/260\n|move|p1a: Greninja|Dark Pulse|p2a: Uxie\n|-supereffective|p2a: Uxie\n|-damage|p2a: Uxie|109/260\n|-damage|p1a: Greninja|0 fnt|[from] item: Life Orb\n|faint|p1a: Greninja\n|\n|-heal|p2a: Uxie|125/260|[from] item: Leftovers\n|upkeep\n|\n|t:|1783547003\n|switch|p1a: Golduck|Golduck, L90, M|54/100\n|-ability|p1a: Golduck|Cloud Nine\n|turn|20\n|inactive|Time left: 300 sec this turn | 300 sec total\n|\n|t:|1783547004\n|move|p2a: Uxie|Thunder Wave|p1a: Golduck\n|-status|p1a: Golduck|par\n|cant|p1a: Golduck|par\n|\n|-heal|p2a: Uxie|141/260|[from] item: Leftovers\n|upkeep\n|turn|21\n|inactive|Time left: 300 sec this turn | 300 sec total\n|\n|t:|1783547005\n|move|p2a: Uxie|Psychic Noise|p1a: Golduck\n|-damage|p1a: Golduck|30/100 par\n|-start|p1a: Golduck|move: Heal Block\n|move|p1a: Golduck|Hydro Pump|p2a: Uxie|[miss]\n|-miss|p1a: Golduck|p2a: Uxie\n|\n|-heal|p2a: Uxie|157/260|[from] item: Leftovers\n|upkeep\n|turn|22\n|inactive|Time left: 300 sec this turn | 300 sec total\n|\n|t:|1783547006\n|move|p2a: Uxie|Psychic Noise|p1a: Golduck\n|-damage|p1a: Golduck|6/100 par\n|move|p1a: Golduck|Hydro Pump|p2a: Uxie\n|-damage|p2a: Uxie|13/260\n|\n|-heal|p2a: Uxie|29/260|[from] item: Leftovers\n|-end|p1a: Golduck|move: Heal Block\n|upkeep\n|turn|23\n|inactive|Time left: 300 sec this turn | 300 sec total\n|\n|t:|1783547008\n|move|p2a: Uxie|U-turn|p1a: Golduck\n|-damage|p1a: Golduck|0 fnt\n|faint|p1a: Golduck\n|inactive|Time left: 300 sec this turn | 300 sec total | 5 sec grace\n|\n|t:|1783547009\n|switch|p2a: Pawmot|Pawmot, L80, M|243/243|[from] U-turn\n|\n|upkeep\n|\n|t:|1783547009\n|switch|p1a: Cinderace|Cinderace, L77, F|100/100\n|turn|24\n|inactive|Time left: 300 sec this turn | 300 sec total\n|\n|t:|1783547010\n|-terastallize|p2a: Pawmot|Electric\n|move|p1a: Cinderace|Will-O-Wisp|p2a: Pawmot|[miss]\n|-miss|p1a: Cinderace|p2a: Pawmot\n|move|p2a: Pawmot|Nuzzle|p1a: Cinderace\n|-damage|p1a: Cinderace|55/100\n|-status|p1a: Cinderace|par\n|\n|upkeep\n|turn|25\n|inactive|Time left: 300 sec this turn | 300 sec total\n|\n|t:|1783547011\n|switch|p1a: Delibird|Delibird, M|100/100\n|move|p2a: Pawmot|Close Combat|p1a: Delibird\n|-damage|p1a: Delibird|35/100\n|-unboost|p2a: Pawmot|def|1\n|-unboost|p2a: Pawmot|spd|1\n|\n|upkeep\n|turn|26\n|inactive|Time left: 300 sec this turn | 300 sec total\n|\n|t:|1783547012\n|move|p2a: Pawmot|Close Combat|p1a: Delibird\n|-damage|p1a: Delibird|0 fnt\n|-unboost|p2a: Pawmot|def|1\n|-unboost|p2a: Pawmot|spd|1\n|faint|p1a: Delibird\n|\n|upkeep\n|\n|t:|1783547012\n|switch|p1a: Cinderace|Cinderace, L77, F|55/100 par\n|turn|27\n|inactive|Time left: 300 sec this turn | 300 sec total\n|\n|t:|1783547013\n|-terastallize|p1a: Cinderace|Grass\n|move|p2a: Pawmot|Close Combat|p1a: Cinderace\n|-damage|p1a: Cinderace|0 fnt\n|-unboost|p2a: Pawmot|def|1\n|-unboost|p2a: Pawmot|spd|1\n|faint|p1a: Cinderace\n|\n|win|p0y617aa49", "uploadtime": 1783547013, "views": 0, "rating": 0, "private": 0, "password": null, "_winner": "p0y617aa49", "_our_name": "p0y617aa49"}