{"id": "battle-gen9randombattle-844", "formatid": "gen9randombattle", "format": "[Gen 9] Random Battle", "players": ["p0x8448692", "p0y844ac08"], "log": "|init|battle\n|title|p0x8448692 vs. p0y844ac08\n|j|\u2606p0x8448692\n|j|\u2606p0y844ac08\n|t:|1783549674\n|gametype|singles\n|player|p1|p0x8448692|266|\n|player|p2|p0y844ac08|101|\n|gen|9\n|tier|[Gen 9] Random Battle\n|rule|Species Clause: Limit one of each Pok\u00e9mon\n|rule|HP Percentage Mod: HP is shown in percentages\n|rule|Sleep Clause Mod: Limit one foe put to sleep\n|rule|Illusion Level Mod: Illusion disguises the Pok\u00e9mon's true level\n|\n|t:|1783549674\n|teamsize|p1|6\n|teamsize|p2|6\n|start\n|switch|p1a: Garganacl|Garganacl, L80, M|100/100\n|switch|p2a: Cobalion|Cobalion, L80|277/277\n|turn|1\n|inactive|Battle timer is ON: inactive players will automatically lose when time's up. (requested by p0y844ac08)\n|inactive|p0x8448692 also wants the timer to be on.\n|\n|t:|1783549676\n|move|p2a: Cobalion|Calm Mind|p2a: Cobalion\n|-boost|p2a: Cobalion|spa|1\n|-boost|p2a: Cobalion|spd|1\n|move|p1a: Garganacl|Salt Cure|p2a: Cobalion\n|-resisted|p2a: Cobalion\n|-damage|p2a: Cobalion|269/277\n|-start|p2a: Cobalion|Salt Cure\n|\n|-heal|p2a: Cobalion|277/277|[from] item: Leftovers\n|-damage|p2a: Cobalion|208/277|[from] Salt Cure\n|upkeep\n|turn|2\n|inactive|Time left: 300 sec this turn | 300 sec total\n|\n|t:|1783549676\n|switch|p1a: Sceptile|Sceptile, L87, M|100/100\n|move|p2a: Cobalion|Aura Sphere|p1a: Sceptile\n|-damage|p1a: Sceptile|62/100\n|\n|-heal|p1a: Sceptile|68/100|[from] item: Leftovers\n|-heal|p2a: Cobalion|225/277|[from] item: Leftovers\n|-damage|p2a: Cobalion|156/277|[from] Salt Cure\n|upkeep\n|turn|3\n|inactive|Time left: 300 sec this turn | 300 sec total\n|\n|t:|1783549677\n|switch|p2a: Yanmega|Yanmega, L82, M|275/275\n|move|p1a: Sceptile|Focus Blast|p2a: Yanmega|[miss]\n|-miss|p1a: Sceptile|p2a: Yanmega\n|\n|-heal|p1a: Sceptile|74/100|[from] item: Leftovers\n|upkeep\n|turn|4\n|inactive|Time left: 300 sec this turn | 300 sec total\n|\n|t:|1783549678\n|switch|p1a: Electrode|Electrode, L92|100/100\n|move|p2a: Yanmega|Bug Buzz|p1a: Electrode\n|-immune|p1a: Electrode|[from] ability: Soundproof\n|\n|-ability|p2a: Yanmega|Speed Boost|boost\n|-boost|p2a: Yanmega|spe|1\n|upkeep\n|turn|5\n|inactive|Time left: 300 sec this turn | 300 sec total\n|\n|t:|1783549679\n|move|p2a: Yanmega|Protect|p2a: Yanmega\n|-singleturn|p2a: Yanmega|Protect\n|move|p1a: Electrode|Thunderbolt|p2a: Yanmega\n|-activate|p2a: Yanmega|move: Protect\n|\n|-ability|p2a: Yanmega|Speed Boost|boost\n|-boost|p2a: Yanmega|spe|1\n|upkeep\n|turn|6\n|inactive|Time left: 300 sec this turn | 300 sec total\n|\n|t:|1783549680\n|-terastallize|p2a: Yanmega|Ground\n|move|p2a: Yanmega|Tera Blast|p1a: Electrode|[anim] Tera Blast Ground\n|-supereffective|p1a: Electrode\n|-damage|p1a: Electrode|27/100\n|move|p1a: Electrode|Thunderbolt|p2a: Yanmega\n|-immune|p2a: Yanmega\n|\n|-ability|p2a: Yanmega|Speed Boost|boost\n|-boost|p2a: Yanmega|spe|1\n|upkeep\n|turn|7\n|inactive|Time left: 300 sec this turn | 300 sec total\n|\n|t:|1783549682\n|switch|p1a: Sceptile|Sceptile, L87, M|74/100\n|move|p2a: Yanmega|Tera Blast|p1a: Sceptile|[anim] Tera Blast Ground\n|-resisted|p1a: Sceptile\n|-damage|p1a: Sceptile|57/100\n|\n|-heal|p1a: Sceptile|63/100|[from] item: Leftovers\n|-ability|p2a: Yanmega|Speed Boost|boost\n|-boost|p2a: Yanmega|spe|1\n|upkeep\n|turn|8\n|inactive|Time left: 300 sec this turn | 300 sec total\n|\n|t:|1783549683\n|-terastallize|p1a: Sceptile|Steel\n|move|p2a: Yanmega|Bug Buzz|p1a: Sceptile\n|-resisted|p1a: Sceptile\n|-damage|p1a: Sceptile|43/100\n|-unboost|p1a: Sceptile|spd|1\n|move|p1a: Sceptile|Giga Drain|p2a: Yanmega\n|-supereffective|p2a: Yanmega\n|-damage|p2a: Yanmega|33/275\n|-heal|p1a: Sceptile|89/100|[from] drain|[of] p2a: Yanmega\n|\n|-heal|p1a: Sceptile|95/100|[from] item: Leftovers\n|-ability|p2a: Yanmega|Speed Boost|boost\n|-boost|p2a: Yanmega|spe|1\n|upkeep\n|turn|9\n|inactive|Time left: 300 sec this turn | 300 sec total\n|\n|t:|1783549684\n|switch|p1a: Electrode|Electrode, L92|27/100\n|move|p2a: Yanmega|Tera Blast|p1a: Electrode|[anim] Tera Blast Ground\n|-supereffective|p1a: Electrode\n|-damage|p1a: Electrode|0 fnt\n|faint|p1a: Electrode\n|\n|-ability|p2a: Yanmega|Speed Boost|boost\n|-boost|p2a: Yanmega|spe|1\n|upkeep\n|\n|t:|1783549685\n|switch|p1a: Sceptile|Sceptile, L87, M, tera:Steel|95/100\n|turn|10\n|inactive|Time left: 300 sec this turn | 300 sec total\n|\n|t:|1783549686\n|move|p2a: Yanmega|Tera Blast|p1a: Sceptile|[anim] Tera Blast Ground\n|-supereffective|p1a: Sceptile\n|-damage|p1a: Sceptile|19/100\n|move|p1a: Sceptile|Leech Seed|p2a: Yanmega\n|-start|p2a: Yanmega|move: Leech Seed\n|\n|-heal|p1a: Sceptile|25/100|[from] item: Leftovers\n|-damage|p2a: Yanmega|0 fnt|[from] Leech Seed|[of] p1a: Sceptile\n|-heal|p1a: Sceptile|38/100|[silent]\n|faint|p2a: Yanmega\n|upkeep\n|inactive|Time left: 300 sec this turn | 300 sec total | 5 sec grace\n|\n|t:|1783549687\n|switch|p2a: Ampharos|Ampharos, L88, M|302/302\n|turn|11\n|inactive|Time left: 300 sec this turn | 300 sec total\n|\n|t:|1783549689\n|move|p1a: Sceptile|Giga Drain|p2a: Ampharos\n|-damage|p2a: Ampharos|250/302\n|-heal|p1a: Sceptile|47/100|[from] drain|[of] p2a: Ampharos\n|move|p2a: Ampharos|Thunderbolt|p1a: Sceptile\n|-damage|p1a: Sceptile|0 fnt\n|faint|p1a: Sceptile\n|\n|upkeep\n|\n|t:|1783549690\n|switch|p1a: Garganacl|Garganacl, L80, M|100/100\n|turn|12\n|inactive|Time left: 300 sec this turn | 300 sec total\n|\n|t:|1783549691\n|move|p2a: Ampharos|Focus Blast|p1a: Garganacl|[miss]\n|-miss|p2a: Ampharos|p1a: Garganacl\n|move|p1a: Garganacl|Recover||[still]\n|-fail|p1a: Garganacl|heal\n|\n|upkeep\n|turn|13\n|inactive|Time left: 300 sec this turn | 300 sec total\n|\n|t:|1783549692\n|move|p2a: Ampharos|Focus Blast|p1a: Garganacl\n|-supereffective|p1a: Garganacl\n|-damage|p1a: Garganacl|30/100\n|move|p1a: Garganacl|Salt Cure|p2a: Ampharos\n|-damage|p2a: Ampharos|210/302\n|-start|p2a: Ampharos|Salt Cure\n|\n|-heal|p1a: Garganacl|37/100|[from] item: Leftovers\n|-damage|p2a: Ampharos|173/302|[from] Salt Cure\n|upkeep\n|turn|14\n|inactive|Time left: 300 sec this turn | 300 sec total\n|\n|t:|1783549693\n|move|p2a: Ampharos|Thunderbolt|p1a: Garganacl\n|-damage|p1a: Garganacl|0 fnt\n|faint|p1a: Garganacl\n|\n|-damage|p2a: Ampharos|136/302|[from] Salt Cure\n|upkeep\n|\n|t:|1783549694\n|switch|p1a: Greninja|Greninja, L80, M|100/100\n|turn|15\n|inactive|Time left: 300 sec this turn | 300 sec total\n|\n|t:|1783549695\n|move|p1a: Greninja|Gunk Shot|p2a: Ampharos\n|-start|p1a: Greninja|typechange|Poison|[from] ability: Protean\n|-damage|p2a: Ampharos|0 fnt\n|faint|p2a: Ampharos\n|-damage|p1a: Greninja|91/100|[from] item: Life Orb\n|\n|upkeep\n|inactive|Time left: 300 sec this turn | 300 sec total | 5 sec grace\n|\n|t:|1783549696\n|switch|p2a: Cobalion|Cobalion, L80|156/277\n|turn|16\n|inactive|Time left: 300 sec this turn | 300 sec total\n|\n|t:|1783549697\n|move|p1a: Greninja|Hydro Pump|p2a: Cobalion\n|-damage|p2a: Cobalion|38/277\n|-damage|p1a: Greninja|81/100|[from] item: Life Orb\n|move|p2a: Cobalion|Flash Cannon|p1a: Greninja\n|-damage|p1a: Greninja|44/100\n|\n|-heal|p2a: Cobalion|55/277|[from] item: Leftovers\n|upkeep\n|turn|17\n|inactive|Time left: 300 sec this turn | 300 sec total\n|\n|t:|1783549699\n|move|p1a: Greninja|Hydro Pump|p2a: Cobalion\n|-damage|p2a: Cobalion|0 fnt\n|faint|p2a: Cobalion\n|-damage|p1a: Greninja|35/100|[from] item: Life Orb\n|\n|upkeep\n|inactive|Time left: 300 sec this turn | 300 sec total | 5 sec grace\n|\n|t:|1783549700\n|switch|p2a: Annihilape|Annihilape, L76, F|292/292\n|turn|18\n|inactive|Time left: 300 sec this turn | 300 sec total\n|\n|t:|1783549701\n|move|p1a: Greninja|Toxic Spikes|p2a: Annihilape\n|-sidestart|p2: p0y844ac08|move: Toxic Spikes\n|move|p2a: Annihilape|Bulk Up|p2a: Annihilape\n|-boost|p2a: Annihilape|atk|1\n|-boost|p2a: Annihilape|def|1\n|\n|upkeep\n|turn|19\n|inactive|Time left: 300 sec this turn | 300 sec total\n|\n|t:|1783549702\n|move|p1a: Greninja|Toxic Spikes|p2a: Annihilape\n|-sidestart|p2: p0y844ac08|move: Toxic Spikes\n|move|p2a: Annihilape|Bulk Up|p2a: Annihilape\n|-boost|p2a: Annihilape|atk|1\n|-boost|p2a: Annihilape|def|1\n|\n|upkeep\n|turn|20\n|inactive|Time left: 300 sec this turn | 300 sec total\n|\n|t:|1783549703\n|move|p1a: Greninja|Dark Pulse|p2a: Annihilape\n|-damage|p2a: Annihilape|218/292\n|-damage|p1a: Greninja|25/100|[from] item: Life Orb\n|move|p2a: Annihilape|Rage Fist|p1a: Greninja\n|-damage|p1a: Greninja|0 fnt\n|faint|p1a: Greninja\n|\n|upkeep\n|\n|t:|1783549704\n|switch|p1a: Infernape|Infernape, L82, F|100/100\n|turn|21\n|inactive|Time left: 300 sec this turn | 300 sec total\n|\n|t:|1783549705\n|move|p1a: Infernape|Flare Blitz|p2a: Annihilape\n|-damage|p2a: Annihilape|148/292\n|-damage|p1a: Infernape|92/100|[from] Recoil\n|move|p2a: Annihilape|Drain Punch|p1a: Infernape\n|-damage|p1a: Infernape|17/100\n|-heal|p2a: Annihilape|244/292|[from] drain|[of] p1a: Infernape\n|\n|upkeep\n|turn|22\n|inactive|Time left: 300 sec this turn | 300 sec total\n|\n|t:|1783549707\n|move|p1a: Infernape|Flare Blitz|p2a: Annihilape\n|-damage|p2a: Annihilape|129/292\n|-damage|p1a: Infernape|3/100|[from] Recoil\n|move|p2a: Annihilape|Drain Punch|p1a: Infernape\n|-damage|p1a: Infernape|0 fnt\n|-heal|p2a: Annihilape|132/292|[from] drain|[of] p1a: Infernape\n|faint|p1a: Infernape\n|\n|upkeep\n|\n|t:|1783549708\n|switch|p1a: Chien-Pao|Chien-Pao, L72|100/100\n|-ability|p1a: Chien-Pao|Sword of Ruin\n|turn|23\n|inactive|Time left: 300 sec this turn | 300 sec total\n|\n|t:|1783549709\n|move|p1a: Chien-Pao|Icicle Crash|p2a: Annihilape\n|-damage|p2a: Annihilape|71/292\n|cant|p2a: Annihilape|flinch\n|\n|upkeep\n|turn|24\n|inactive|Time left: 300 sec this turn | 300 sec total\n|\n|t:|1783549710\n|move|p1a: Chien-Pao|Icicle Crash|p2a: Annihilape|[miss]\n|-miss|p1a: Chien-Pao|p2a: Annihilape\n|move|p2a: Annihilape|Drain Punch|p1a: Chien-Pao\n|-supereffective|p1a: Chien-Pao\n|-damage|p1a: Chien-Pao|0 fnt\n|-heal|p2a: Annihilape|188/292|[from] drain|[of] p1a: Chien-Pao\n|faint|p1a: Chien-Pao\n|\n|win|p0y844ac08", "uploadtime": 1783549710, "views": 0, "rating": 0, "private": 0, "password": null, "_winner": "p0y844ac08", "_our_name": "p0y844ac08"}