{"id": "battle-gen9randombattle-728", "formatid": "gen9randombattle", "format": "[Gen 9] Random Battle", "players": ["p0x7289c16", "p0y7284327"], "log": "|init|battle\n|title|p0x7289c16 vs. p0y7284327\n|j|\u2606p0x7289c16\n|j|\u2606p0y7284327\n|t:|1783548258\n|gametype|singles\n|player|p1|p0x7289c16|1|\n|player|p2|p0y7284327|2|\n|gen|9\n|tier|[Gen 9] Random Battle\n|rule|Species Clause: Limit one of each Pok\u00e9mon\n|rule|HP Percentage Mod: HP is shown in percentages\n|rule|Sleep Clause Mod: Limit one foe put to sleep\n|rule|Illusion Level Mod: Illusion disguises the Pok\u00e9mon's true level\n|\n|t:|1783548258\n|teamsize|p1|6\n|teamsize|p2|6\n|start\n|switch|p1a: Dunsparce|Dunsparce, L86, F|100/100\n|switch|p2a: Hatterene|Hatterene, L85, F|236/236\n|turn|1\n|inactive|Battle timer is ON: inactive players will automatically lose when time's up. (requested by p0x7289c16)\n|inactive|Time left: 300 sec this turn | 300 sec total | 60 sec grace\n|inactive|p0y7284327 also wants the timer to be on.\n|\n|t:|1783548260\n|move|p1a: Dunsparce|Coil|p1a: Dunsparce\n|-boost|p1a: Dunsparce|atk|1\n|-boost|p1a: Dunsparce|def|1\n|-boost|p1a: Dunsparce|accuracy|1\n|move|p2a: Hatterene|Psychic Noise|p1a: Dunsparce\n|-damage|p1a: Dunsparce|72/100\n|-start|p1a: Dunsparce|move: Heal Block\n|\n|upkeep\n|turn|2\n|inactive|Time left: 300 sec this turn | 300 sec total\n|\n|t:|1783548261\n|move|p1a: Dunsparce|Body Slam|p2a: Hatterene\n|-crit|p2a: Hatterene\n|-damage|p2a: Hatterene|92/236\n|move|p2a: Hatterene|Psychic Noise|p1a: Dunsparce\n|-damage|p1a: Dunsparce|42/100\n|\n|-end|p1a: Dunsparce|move: Heal Block\n|upkeep\n|turn|3\n|inactive|Time left: 300 sec this turn | 300 sec total\n|\n|t:|1783548262\n|switch|p2a: Vaporeon|Vaporeon, L86, F|364/364\n|move|p1a: Dunsparce|Body Slam|p2a: Vaporeon\n|-damage|p2a: Vaporeon|219/364\n|\n|-heal|p2a: Vaporeon|241/364|[from] item: Leftovers\n|upkeep\n|turn|4\n|inactive|Time left: 300 sec this turn | 300 sec total\n|\n|t:|1783548263\n|move|p2a: Vaporeon|Scald|p1a: Dunsparce\n|-damage|p1a: Dunsparce|18/100\n|move|p1a: Dunsparce|Body Slam|p2a: Vaporeon\n|-damage|p2a: Vaporeon|88/364\n|\n|-heal|p2a: Vaporeon|110/364|[from] item: Leftovers\n|upkeep\n|turn|5\n|inactive|Time left: 300 sec this turn | 300 sec total\n|\n|t:|1783548264\n|move|p2a: Vaporeon|Scald|p1a: Dunsparce\n|-damage|p1a: Dunsparce|0 fnt\n|faint|p1a: Dunsparce\n|\n|-heal|p2a: Vaporeon|132/364|[from] item: Leftovers\n|upkeep\n|\n|t:|1783548265\n|switch|p1a: Gallade|Gallade, L80, M|100/100\n|turn|6\n|inactive|Time left: 300 sec this turn | 300 sec total\n|\n|t:|1783548266\n|move|p2a: Vaporeon|Protect|p2a: Vaporeon\n|-singleturn|p2a: Vaporeon|Protect\n|move|p1a: Gallade|Night Slash|p2a: Vaporeon\n|-activate|p2a: Vaporeon|move: Protect\n|\n|-heal|p2a: Vaporeon|154/364|[from] item: Leftovers\n|upkeep\n|turn|7\n|inactive|Time left: 300 sec this turn | 300 sec total\n|\n|t:|1783548267\n|move|p1a: Gallade|Sacred Sword|p2a: Vaporeon\n|-damage|p2a: Vaporeon|0 fnt\n|faint|p2a: Vaporeon\n|-damage|p1a: Gallade|90/100|[from] item: Life Orb\n|\n|upkeep\n|inactive|Time left: 300 sec this turn | 300 sec total | 5 sec grace\n|\n|t:|1783548268\n|switch|p2a: Hatterene|Hatterene, L85, F|92/236\n|turn|8\n|inactive|Time left: 300 sec this turn | 300 sec total\n|\n|t:|1783548269\n|move|p1a: Gallade|Night Slash|p2a: Hatterene\n|-damage|p2a: Hatterene|0 fnt\n|faint|p2a: Hatterene\n|-damage|p1a: Gallade|80/100|[from] item: Life Orb\n|\n|upkeep\n|inactive|Time left: 300 sec this turn | 300 sec total | 5 sec grace\n|\n|t:|1783548270\n|switch|p2a: Volcarona|Volcarona, L77, F|257/257\n|turn|9\n|inactive|Time left: 300 sec this turn | 300 sec total\n|\n|t:|1783548271\n|move|p2a: Volcarona|Quiver Dance|p2a: Volcarona\n|-boost|p2a: Volcarona|spa|1\n|-boost|p2a: Volcarona|spd|1\n|-boost|p2a: Volcarona|spe|1\n|move|p1a: Gallade|Psycho Cut|p2a: Volcarona\n|-damage|p2a: Volcarona|23/257\n|-damage|p1a: Gallade|70/100|[from] item: Life Orb\n|\n|upkeep\n|turn|10\n|inactive|Time left: 300 sec this turn | 300 sec total\n|\n|t:|1783548272\n|move|p2a: Volcarona|Bug Buzz|p1a: Gallade\n|-damage|p1a: Gallade|0 fnt\n|faint|p1a: Gallade\n|\n|upkeep\n|\n|t:|1783548273\n|switch|p1a: Calyrex|Calyrex-Ice, L72|100/100\n|-ability|p1a: Calyrex|As One\n|-ability|p1a: Calyrex|Unnerve\n|turn|11\n|inactive|Time left: 300 sec this turn | 300 sec total\n|\n|t:|1783548275\n|-terastallize|p1a: Calyrex|Ground\n|move|p2a: Volcarona|Bug Buzz|p1a: Calyrex\n|-damage|p1a: Calyrex|25/100\n|move|p1a: Calyrex|Glacial Lance|p2a: Volcarona\n|-resisted|p2a: Volcarona\n|-damage|p2a: Volcarona|0 fnt\n|faint|p2a: Volcarona\n|-ability|p1a: Calyrex|Chilling Neigh|boost\n|-boost|p1a: Calyrex|atk|1\n|\n|upkeep\n|inactive|Time left: 300 sec this turn | 300 sec total | 5 sec grace\n|\n|t:|1783548276\n|switch|p2a: Rampardos|Rampardos, L90, M|321/321\n|turn|12\n|inactive|Time left: 300 sec this turn | 300 sec total\n|\n|t:|1783548277\n|move|p2a: Rampardos|Earthquake|p1a: Calyrex\n|-damage|p1a: Calyrex|0 fnt\n|faint|p1a: Calyrex\n|-damage|p2a: Rampardos|289/321|[from] item: Life Orb\n|\n|upkeep\n|\n|t:|1783548278\n|switch|p1a: Gholdengo|Gholdengo, L77|100/100\n|turn|13\n|inactive|Time left: 300 sec this turn | 300 sec total\n|\n|t:|1783548279\n|-terastallize|p2a: Rampardos|Psychic\n|move|p1a: Gholdengo|Make It Rain|p2a: Rampardos\n|-damage|p2a: Rampardos|103/321\n|-unboost|p1a: Gholdengo|spa|1\n|move|p2a: Rampardos|Earthquake|p1a: Gholdengo\n|-supereffective|p1a: Gholdengo\n|-crit|p1a: Gholdengo\n|-damage|p1a: Gholdengo|0 fnt\n|faint|p1a: Gholdengo\n|-damage|p2a: Rampardos|71/321|[from] item: Life Orb\n|\n|upkeep\n|\n|t:|1783548280\n|switch|p1a: Ludicolo|Ludicolo, L90, F|100/100\n|turn|14\n|inactive|Time left: 300 sec this turn | 300 sec total\n|\n|t:|1783548281\n|move|p1a: Ludicolo|Ice Beam|p2a: Rampardos\n|-damage|p2a: Rampardos|0 fnt\n|faint|p2a: Rampardos\n|-damage|p1a: Ludicolo|90/100|[from] item: Life Orb\n|\n|upkeep\n|inactive|Time left: 300 sec this turn | 300 sec total | 5 sec grace\n|\n|t:|1783548282\n|switch|p2a: Tatsugiri|Tatsugiri, L87, F|260/260\n|turn|15\n|inactive|Time left: 300 sec this turn | 300 sec total\n|\n|t:|1783548283\n|move|p2a: Tatsugiri|Nasty Plot|p2a: Tatsugiri\n|-boost|p2a: Tatsugiri|spa|2\n|move|p1a: Ludicolo|Giga Drain|p2a: Tatsugiri\n|-damage|p2a: Tatsugiri|165/260\n|-heal|p1a: Ludicolo|100/100|[from] drain|[of] p2a: Tatsugiri\n|-damage|p1a: Ludicolo|90/100|[from] item: Life Orb\n|\n|upkeep\n|turn|16\n|inactive|Time left: 300 sec this turn | 300 sec total\n|\n|t:|1783548284\n|move|p2a: Tatsugiri|Draco Meteor|p1a: Ludicolo\n|-damage|p1a: Ludicolo|0 fnt\n|-unboost|p2a: Tatsugiri|spa|2\n|faint|p1a: Ludicolo\n|\n|upkeep\n|\n|t:|1783548285\n|switch|p1a: Sceptile|Sceptile, L87, F|100/100\n|turn|17\n|inactive|Time left: 300 sec this turn | 300 sec total\n|\n|t:|1783548286\n|switch|p2a: Delphox|Delphox, L84, M|263/263\n|move|p1a: Sceptile|Leaf Storm|p2a: Delphox\n|-resisted|p2a: Delphox\n|-damage|p2a: Delphox|169/263\n|-unboost|p1a: Sceptile|spa|2\n|-damage|p1a: Sceptile|91/100|[from] item: Life Orb\n|\n|upkeep\n|turn|18\n|inactive|Time left: 300 sec this turn | 300 sec total\n|\n|t:|1783548287\n|move|p1a: Sceptile|Earthquake|p2a: Delphox\n|-supereffective|p2a: Delphox\n|-damage|p2a: Delphox|0 fnt\n|faint|p2a: Delphox\n|-damage|p1a: Sceptile|81/100|[from] item: Life Orb\n|\n|upkeep\n|inactive|Time left: 300 sec this turn | 300 sec total | 5 sec grace\n|\n|t:|1783548288\n|switch|p2a: Tatsugiri|Tatsugiri, L87, F|165/260\n|turn|19\n|inactive|Time left: 300 sec this turn | 300 sec total\n|\n|t:|1783548289\n|move|p1a: Sceptile|Earthquake|p2a: Tatsugiri\n|-damage|p2a: Tatsugiri|45/260\n|-damage|p1a: Sceptile|71/100|[from] item: Life Orb\n|move|p2a: Tatsugiri|Rapid Spin|p1a: Sceptile\n|-damage|p1a: Sceptile|61/100\n|-boost|p2a: Tatsugiri|spe|1\n|\n|upkeep\n|turn|20\n|inactive|Time left: 300 sec this turn | 300 sec total\n|\n|t:|1783548290\n|move|p2a: Tatsugiri|Draco Meteor|p1a: Sceptile\n|-damage|p1a: Sceptile|0 fnt\n|-unboost|p2a: Tatsugiri|spa|2\n|faint|p1a: Sceptile\n|\n|win|p0y7284327", "uploadtime": 1783548290, "views": 0, "rating": 0, "private": 0, "password": null, "_winner": "p0y7284327", "_our_name": "p0y7284327"}