{"id": "battle-gen9randombattle-2153", "formatid": "gen9randombattle", "format": "[Gen 9] Random Battle", "players": ["p0x2153c75f", "p0y2153f4d7"], "log": "|init|battle\n|title|p0x2153c75f vs. p0y2153f4d7\n|j|\u2606p0x2153c75f\n|j|\u2606p0y2153f4d7\n|t:|1783564094\n|gametype|singles\n|player|p1|p0x2153c75f|1|\n|player|p2|p0y2153f4d7|2|\n|gen|9\n|tier|[Gen 9] Random Battle\n|rule|Species Clause: Limit one of each Pok\u00e9mon\n|rule|HP Percentage Mod: HP is shown in percentages\n|rule|Sleep Clause Mod: Limit one foe put to sleep\n|rule|Illusion Level Mod: Illusion disguises the Pok\u00e9mon's true level\n|\n|t:|1783564094\n|teamsize|p1|6\n|teamsize|p2|6\n|start\n|switch|p1a: Toxapex|Toxapex, L82, F|100/100\n|switch|p2a: Grimmsnarl|Grimmsnarl, L83, M|293/293\n|turn|1\n|inactive|Battle timer is ON: inactive players will automatically lose when time's up. (requested by p0y2153f4d7)\n|inactive|p0x2153c75f also wants the timer to be on.\n|\n|t:|1783564096\n|switch|p2a: Glimmora|Glimmora, L75, M|248/248\n|switch|p1a: Chi-Yu|Chi-Yu, L77|100/100\n|-ability|p1a: Chi-Yu|Beads of Ruin\n|\n|upkeep\n|turn|2\n|inactive|Time left: 300 sec this turn | 300 sec total\n|\n|t:|1783564097\n|move|p1a: Chi-Yu|Dark Pulse|p2a: Glimmora\n|-damage|p2a: Glimmora|11/248\n|move|p2a: Glimmora|Meteor Beam||[still]\n|-prepare|p2a: Glimmora|Meteor Beam\n|-boost|p2a: Glimmora|spa|1\n|-enditem|p2a: Glimmora|Power Herb\n|-anim|p2a: Glimmora|Meteor Beam|p1a: Chi-Yu\n|-supereffective|p1a: Chi-Yu\n|-damage|p1a: Chi-Yu|0 fnt\n|faint|p1a: Chi-Yu\n|\n|upkeep\n|\n|t:|1783564098\n|switch|p1a: Iron Treads|Iron Treads, L77|100/100\n|turn|3\n|inactive|Time left: 300 sec this turn | 300 sec total\n|\n|t:|1783564099\n|switch|p2a: Ludicolo|Ludicolo, L90, F|290/290\n|move|p1a: Iron Treads|Rapid Spin|p2a: Ludicolo\n|-damage|p2a: Ludicolo|253/290\n|-boost|p1a: Iron Treads|spe|1\n|\n|upkeep\n|turn|4\n|inactive|Time left: 300 sec this turn | 300 sec total\n|\n|t:|1783564100\n|move|p1a: Iron Treads|Knock Off|p2a: Ludicolo\n|-damage|p2a: Ludicolo|184/290\n|-enditem|p2a: Ludicolo|Choice Specs|[from] move: Knock Off|[of] p1a: Iron Treads\n|move|p2a: Ludicolo|Giga Drain|p1a: Iron Treads\n|-damage|p1a: Iron Treads|72/100\n|-heal|p2a: Ludicolo|222/290|[from] drain|[of] p1a: Iron Treads\n|\n|upkeep\n|turn|5\n|inactive|Time left: 300 sec this turn | 300 sec total\n|\n|t:|1783564101\n|move|p1a: Iron Treads|Iron Head|p2a: Ludicolo\n|-resisted|p2a: Ludicolo\n|-damage|p2a: Ludicolo|176/290\n|move|p2a: Ludicolo|Hydro Pump|p1a: Iron Treads\n|-supereffective|p1a: Iron Treads\n|-damage|p1a: Iron Treads|0 fnt\n|faint|p1a: Iron Treads\n|-end|p1a: Iron Treads|Quark Drive|[silent]\n|\n|upkeep\n|\n|t:|1783564102\n|switch|p1a: Leafeon|Leafeon, L88, F|100/100\n|turn|6\n|inactive|Time left: 300 sec this turn | 300 sec total\n|\n|t:|1783564103\n|move|p1a: Leafeon|Swords Dance|p1a: Leafeon\n|-boost|p1a: Leafeon|atk|2\n|move|p2a: Ludicolo|Ice Beam|p1a: Leafeon\n|-supereffective|p1a: Leafeon\n|-damage|p1a: Leafeon|38/100\n|\n|-heal|p1a: Leafeon|44/100|[from] item: Leftovers\n|upkeep\n|turn|7\n|inactive|Time left: 300 sec this turn | 300 sec total\n|\n|t:|1783564104\n|-terastallize|p2a: Ludicolo|Grass\n|move|p1a: Leafeon|Leaf Blade|p2a: Ludicolo\n|-resisted|p2a: Ludicolo\n|-damage|p2a: Ludicolo|59/290\n|move|p2a: Ludicolo|Ice Beam|p1a: Leafeon\n|-supereffective|p1a: Leafeon\n|-damage|p1a: Leafeon|0 fnt\n|faint|p1a: Leafeon\n|\n|upkeep\n|\n|t:|1783564105\n|switch|p1a: Great Tusk|Great Tusk, L77|100/100\n|-enditem|p1a: Great Tusk|Booster Energy\n|-activate|p1a: Great Tusk|ability: Protosynthesis|[fromitem]\n|-start|p1a: Great Tusk|protosynthesisatk\n|turn|8\n|inactive|Time left: 300 sec this turn | 300 sec total\n|\n|t:|1783564106\n|switch|p2a: Serperior|Serperior, L79, M|248/248\n|move|p1a: Great Tusk|Earthquake|p2a: Serperior\n|-resisted|p2a: Serperior\n|-damage|p2a: Serperior|176/248\n|\n|upkeep\n|turn|9\n|inactive|Time left: 300 sec this turn | 300 sec total\n|\n|t:|1783564107\n|-terastallize|p1a: Great Tusk|Steel\n|move|p2a: Serperior|Leaf Storm|p1a: Great Tusk|[miss]\n|-miss|p2a: Serperior|p1a: Great Tusk\n|move|p1a: Great Tusk|Close Combat|p2a: Serperior\n|-damage|p2a: Serperior|4/248\n|-unboost|p1a: Great Tusk|def|1\n|-unboost|p1a: Great Tusk|spd|1\n|\n|upkeep\n|turn|10\n|inactive|Time left: 300 sec this turn | 300 sec total\n|\n|t:|1783564108\n|move|p2a: Serperior|Synthesis|p2a: Serperior\n|-heal|p2a: Serperior|128/248\n|move|p1a: Great Tusk|Bulk Up|p1a: Great Tusk\n|-boost|p1a: Great Tusk|atk|1\n|-boost|p1a: Great Tusk|def|1\n|\n|upkeep\n|turn|11\n|inactive|Time left: 300 sec this turn | 300 sec total\n|\n|t:|1783564109\n|move|p2a: Serperior|Glare|p1a: Great Tusk\n|-status|p1a: Great Tusk|par\n|move|p1a: Great Tusk|Stone Edge|p2a: Serperior\n|-damage|p2a: Serperior|0 fnt\n|faint|p2a: Serperior\n|\n|upkeep\n|inactive|Time left: 300 sec this turn | 300 sec total | 5 sec grace\n|\n|t:|1783564110\n|switch|p2a: Glimmora|Glimmora, L75, M|11/248\n|turn|12\n|inactive|Time left: 300 sec this turn | 300 sec total\n|\n|t:|1783564111\n|-end|p1a: Great Tusk|Protosynthesis|[silent]\n|switch|p1a: Phione|Phione, L91|100/100\n|move|p2a: Glimmora|Earth Power|p1a: Phione\n|-damage|p1a: Phione|78/100\n|\n|-heal|p1a: Phione|84/100|[from] item: Leftovers\n|upkeep\n|turn|13\n|inactive|Time left: 300 sec this turn | 300 sec total\n|\n|t:|1783564112\n|move|p1a: Phione|Ice Beam|p2a: Glimmora\n|-damage|p2a: Glimmora|0 fnt\n|faint|p2a: Glimmora\n|\n|-heal|p1a: Phione|90/100|[from] item: Leftovers\n|upkeep\n|inactive|Time left: 300 sec this turn | 300 sec total | 5 sec grace\n|\n|t:|1783564113\n|switch|p2a: Grimmsnarl|Grimmsnarl, L83, M|293/293\n|turn|14\n|inactive|Time left: 300 sec this turn | 300 sec total\n|\n|t:|1783564114\n|move|p1a: Phione|Scald|p2a: Grimmsnarl\n|-damage|p2a: Grimmsnarl|199/293\n|move|p2a: Grimmsnarl|Spirit Break|p1a: Phione\n|-damage|p1a: Phione|59/100\n|-unboost|p1a: Phione|spa|1\n|\n|-heal|p1a: Phione|65/100|[from] item: Leftovers\n|-heal|p2a: Grimmsnarl|217/293|[from] item: Leftovers\n|upkeep\n|turn|15\n|inactive|Time left: 300 sec this turn | 300 sec total\n|\n|t:|1783564115\n|switch|p1a: Toxapex|Toxapex, L82, F|100/100\n|move|p2a: Grimmsnarl|Spirit Break|p1a: Toxapex\n|-resisted|p1a: Toxapex\n|-damage|p1a: Toxapex|85/100\n|-unboost|p1a: Toxapex|spa|1\n|-damage|p2a: Grimmsnarl|169/293|[from] item: Rocky Helmet|[of] p1a: Toxapex\n|\n|-heal|p2a: Grimmsnarl|187/293|[from] item: Leftovers\n|upkeep\n|turn|16\n|inactive|Time left: 300 sec this turn | 300 sec total\n|\n|t:|1783564116\n|move|p2a: Grimmsnarl|Thunder Wave|p1a: Toxapex|[miss]\n|-miss|p2a: Grimmsnarl|p1a: Toxapex\n|move|p1a: Toxapex|Toxic|p2a: Grimmsnarl\n|-status|p2a: Grimmsnarl|tox\n|\n|-heal|p2a: Grimmsnarl|205/293 tox|[from] item: Leftovers\n|-damage|p2a: Grimmsnarl|187/293 tox|[from] psn\n|upkeep\n|turn|17\n|inactive|Time left: 300 sec this turn | 300 sec total\n|\n|t:|1783564117\n|switch|p2a: Ludicolo|Ludicolo, L90, F, tera:Grass|59/290\n|switch|p1a: Phione|Phione, L91|65/100\n|\n|-heal|p1a: Phione|71/100|[from] item: Leftovers\n|upkeep\n|turn|18\n|inactive|Time left: 300 sec this turn | 300 sec total\n|\n|t:|1783564118\n|switch|p2a: Grimmsnarl|Grimmsnarl, L83, M|187/293 tox\n|move|p1a: Phione|Ice Beam|p2a: Grimmsnarl\n|-damage|p2a: Grimmsnarl|117/293 tox\n|\n|-heal|p1a: Phione|77/100|[from] item: Leftovers\n|-heal|p2a: Grimmsnarl|135/293 tox|[from] item: Leftovers\n|-damage|p2a: Grimmsnarl|117/293 tox|[from] psn\n|upkeep\n|turn|19\n|inactive|Time left: 300 sec this turn | 300 sec total\n|\n|t:|1783564119\n|move|p1a: Phione|Scald|p2a: Grimmsnarl\n|-damage|p2a: Grimmsnarl|12/293 tox\n|move|p2a: Grimmsnarl|Spirit Break|p1a: Phione\n|-damage|p1a: Phione|48/100\n|-unboost|p1a: Phione|spa|1\n|\n|-heal|p1a: Phione|54/100|[from] item: Leftovers\n|-heal|p2a: Grimmsnarl|30/293 tox|[from] item: Leftovers\n|-damage|p2a: Grimmsnarl|0 fnt|[from] psn\n|faint|p2a: Grimmsnarl\n|upkeep\n|inactive|Time left: 300 sec this turn | 300 sec total | 5 sec grace\n|\n|t:|1783564120\n|switch|p2a: Terrakion|Terrakion, L79|273/273\n|turn|20\n|inactive|Time left: 300 sec this turn | 300 sec total\n|\n|t:|1783564121\n|move|p2a: Terrakion|Close Combat|p1a: Phione\n|-damage|p1a: Phione|0 fnt\n|-unboost|p2a: Terrakion|def|1\n|-unboost|p2a: Terrakion|spd|1\n|faint|p1a: Phione\n|\n|upkeep\n|\n|t:|1783564121\n|switch|p1a: Toxapex|Toxapex, L82, F|100/100\n|turn|21\n|inactive|Time left: 300 sec this turn | 300 sec total\n|\n|t:|1783564122\n|switch|p2a: Ludicolo|Ludicolo, L90, F, tera:Grass|59/290\n|move|p1a: Toxapex|Toxic|p2a: Ludicolo\n|-status|p2a: Ludicolo|tox\n|\n|-damage|p2a: Ludicolo|41/290 tox|[from] psn\n|upkeep\n|turn|22\n|inactive|Time left: 300 sec this turn | 300 sec total\n|\n|t:|1783564123\n|move|p2a: Ludicolo|Giga Drain|p1a: Toxapex\n|-damage|p1a: Toxapex|64/100\n|-heal|p2a: Ludicolo|80/290 tox|[from] drain|[of] p1a: Toxapex\n|move|p1a: Toxapex|Recover|p1a: Toxapex\n|-heal|p1a: Toxapex|100/100\n|\n|-damage|p2a: Ludicolo|44/290 tox|[from] psn\n|upkeep\n|turn|23\n|inactive|Time left: 300 sec this turn | 300 sec total\n|\n|t:|1783564124\n|move|p2a: Ludicolo|Leaf Storm|p1a: Toxapex\n|-damage|p1a: Toxapex|38/100\n|-unboost|p2a: Ludicolo|spa|2\n|move|p1a: Toxapex|Recover|p1a: Toxapex\n|-heal|p1a: Toxapex|88/100\n|\n|-damage|p2a: Ludicolo|0 fnt|[from] psn\n|faint|p2a: Ludicolo\n|upkeep\n|inactive|Time left: 300 sec this turn | 300 sec total | 5 sec grace\n|\n|t:|1783564125\n|switch|p2a: Terrakion|Terrakion, L79|273/273\n|turn|24\n|inactive|Time left: 300 sec this turn | 300 sec total\n|\n|t:|1783564126\n|move|p2a: Terrakion|Earthquake|p1a: Toxapex\n|-supereffective|p1a: Toxapex\n|-damage|p1a: Toxapex|15/100\n|move|p1a: Toxapex|Liquidation|p2a: Terrakion\n|-supereffective|p2a: Terrakion\n|-damage|p2a: Terrakion|133/273\n|-unboost|p2a: Terrakion|def|1\n|\n|upkeep\n|turn|25\n|inactive|Time left: 300 sec this turn | 300 sec total\n|\n|t:|1783564127\n|move|p2a: Terrakion|Earthquake|p1a: Toxapex\n|-supereffective|p1a: Toxapex\n|-damage|p1a: Toxapex|0 fnt\n|faint|p1a: Toxapex\n|\n|upkeep\n|\n|t:|1783564128\n|switch|p1a: Great Tusk|Great Tusk, L77, tera:Steel|100/100 par\n|turn|26\n|inactive|Time left: 300 sec this turn | 300 sec total\n|\n|t:|1783564129\n|move|p2a: Terrakion|Earthquake|p1a: Great Tusk\n|-supereffective|p1a: Great Tusk\n|-damage|p1a: Great Tusk|44/100 par\n|cant|p1a: Great Tusk|par\n|\n|upkeep\n|turn|27\n|inactive|Time left: 300 sec this turn | 300 sec total\n|\n|t:|1783564130\n|move|p2a: Terrakion|Earthquake|p1a: Great Tusk\n|-supereffective|p1a: Great Tusk\n|-damage|p1a: Great Tusk|0 fnt\n|faint|p1a: Great Tusk\n|-end|p1a: Great Tusk|Protosynthesis|[silent]\n|\n|win|p0y2153f4d7", "uploadtime": 1783564130, "views": 0, "rating": 0, "private": 0, "password": null, "_winner": "p0y2153f4d7", "_our_name": "p0y2153f4d7"}