{"id": "battle-gen9randombattle-1513", "formatid": "gen9randombattle", "format": "[Gen 9] Random Battle", "players": ["p0x15132096", "p0y1513e971"], "log": "|init|battle\n|title|p0x15132096 vs. p0y1513e971\n|j|\u2606p0x15132096\n|j|\u2606p0y1513e971\n|t:|1783557608\n|gametype|singles\n|player|p1|p0x15132096|265|\n|player|p2|p0y1513e971|169|\n|gen|9\n|tier|[Gen 9] Random Battle\n|rule|Species Clause: Limit one of each Pok\u00e9mon\n|rule|HP Percentage Mod: HP is shown in percentages\n|rule|Sleep Clause Mod: Limit one foe put to sleep\n|rule|Illusion Level Mod: Illusion disguises the Pok\u00e9mon's true level\n|\n|t:|1783557608\n|teamsize|p1|6\n|teamsize|p2|6\n|start\n|switch|p1a: Oricorio|Oricorio-Pa'u, L87, F|100/100\n|switch|p2a: Chansey|Chansey, L85, F|564/564\n|turn|1\n|inactive|Battle timer is ON: inactive players will automatically lose when time's up. (requested by p0y1513e971)\n|inactive|p0x15132096 also wants the timer to be on.\n|\n|t:|1783557609\n|move|p1a: Oricorio|Quiver Dance|p1a: Oricorio\n|-boost|p1a: Oricorio|spa|1\n|-boost|p1a: Oricorio|spd|1\n|-boost|p1a: Oricorio|spe|1\n|move|p2a: Chansey|Thunder Wave|p1a: Oricorio\n|-status|p1a: Oricorio|par\n|\n|upkeep\n|turn|2\n|inactive|Time left: 300 sec this turn | 300 sec total\n|\n|t:|1783557610\n|move|p1a: Oricorio|Quiver Dance|p1a: Oricorio\n|-boost|p1a: Oricorio|spa|1\n|-boost|p1a: Oricorio|spd|1\n|-boost|p1a: Oricorio|spe|1\n|move|p2a: Chansey|Seismic Toss|p1a: Oricorio\n|-damage|p1a: Oricorio|69/100 par\n|\n|upkeep\n|turn|3\n|inactive|Time left: 300 sec this turn | 300 sec total\n|\n|t:|1783557611\n|switch|p2a: Incineroar|Incineroar, L82, F|290/290\n|-ability|p2a: Incineroar|Intimidate|boost\n|-unboost|p1a: Oricorio|atk|1\n|move|p1a: Oricorio|Quiver Dance|p1a: Oricorio\n|-boost|p1a: Oricorio|spa|1\n|-boost|p1a: Oricorio|spd|1\n|-boost|p1a: Oricorio|spe|1\n|\n|upkeep\n|turn|4\n|inactive|Time left: 300 sec this turn | 300 sec total\n|\n|t:|1783557612\n|move|p1a: Oricorio|Hurricane|p2a: Incineroar\n|-damage|p2a: Incineroar|97/290\n|move|p2a: Incineroar|Knock Off|p1a: Oricorio\n|-supereffective|p1a: Oricorio\n|-damage|p1a: Oricorio|0 fnt\n|-enditem|p1a: Oricorio|Heavy-Duty Boots|[from] move: Knock Off|[of] p2a: Incineroar\n|faint|p1a: Oricorio\n|\n|upkeep\n|\n|t:|1783557614\n|switch|p1a: Crawdaunt|Crawdaunt, L84, F|100/100\n|turn|5\n|inactive|Time left: 300 sec this turn | 300 sec total\n|\n|t:|1783557615\n|move|p1a: Crawdaunt|Aqua Jet|p2a: Incineroar\n|-supereffective|p2a: Incineroar\n|-damage|p2a: Incineroar|0 fnt\n|faint|p2a: Incineroar\n|-damage|p1a: Crawdaunt|91/100|[from] item: Life Orb\n|\n|upkeep\n|inactive|Time left: 300 sec this turn | 300 sec total | 5 sec grace\n|\n|t:|1783557615\n|switch|p2a: Araquanid|Araquanid, L82, M|246/246\n|turn|6\n|inactive|Time left: 300 sec this turn | 300 sec total\n|\n|t:|1783557617\n|move|p1a: Crawdaunt|Knock Off|p2a: Araquanid\n|-damage|p2a: Araquanid|43/246\n|-enditem|p2a: Araquanid|Heavy-Duty Boots|[from] move: Knock Off|[of] p1a: Crawdaunt\n|-damage|p1a: Crawdaunt|81/100|[from] item: Life Orb\n|move|p2a: Araquanid|Sticky Web|p1a: Crawdaunt\n|-sidestart|p1: p0x15132096|move: Sticky Web\n|\n|upkeep\n|turn|7\n|inactive|Time left: 300 sec this turn | 300 sec total\n|\n|t:|1783557618\n|move|p1a: Crawdaunt|Knock Off|p2a: Araquanid\n|-damage|p2a: Araquanid|0 fnt\n|faint|p2a: Araquanid\n|-damage|p1a: Crawdaunt|71/100|[from] item: Life Orb\n|\n|upkeep\n|inactive|Time left: 300 sec this turn | 300 sec total | 5 sec grace\n|\n|t:|1783557619\n|switch|p2a: Toucannon|Toucannon, L88, F|284/284\n|turn|8\n|inactive|Time left: 300 sec this turn | 300 sec total\n|\n|t:|1783557620\n|switch|p1a: Spiritomb|Spiritomb, L89, M|100/100\n|-activate|p1a: Spiritomb|move: Sticky Web\n|-unboost|p1a: Spiritomb|spe|1\n|move|p2a: Toucannon|Boomburst|p1a: Spiritomb\n|-immune|p1a: Spiritomb\n|\n|upkeep\n|turn|9\n|inactive|Time left: 300 sec this turn | 300 sec total\n|\n|t:|1783557621\n|move|p2a: Toucannon|Knock Off|p1a: Spiritomb\n|-damage|p1a: Spiritomb|68/100\n|-enditem|p1a: Spiritomb|Leftovers|[from] move: Knock Off|[of] p2a: Toucannon\n|move|p1a: Spiritomb|Will-O-Wisp|p2a: Toucannon\n|-status|p2a: Toucannon|brn\n|\n|-damage|p2a: Toucannon|267/284 brn|[from] brn\n|upkeep\n|turn|10\n|inactive|Time left: 300 sec this turn | 300 sec total\n|\n|t:|1783557622\n|-singleturn|p2a: Toucannon|move: Beak Blast\n|move|p1a: Spiritomb|Foul Play|p2a: Toucannon\n|-damage|p2a: Toucannon|131/284 brn\n|-status|p1a: Spiritomb|brn\n|move|p2a: Toucannon|Beak Blast|p1a: Spiritomb\n|-damage|p1a: Spiritomb|44/100 brn\n|\n|-damage|p2a: Toucannon|114/284 brn|[from] brn\n|-damage|p1a: Spiritomb|38/100 brn|[from] brn\n|upkeep\n|turn|11\n|inactive|Time left: 300 sec this turn | 300 sec total\n|\n|t:|1783557623\n|move|p2a: Toucannon|Roost|p2a: Toucannon\n|-heal|p2a: Toucannon|256/284 brn\n|-singleturn|p2a: Toucannon|move: Roost\n|move|p1a: Spiritomb|Foul Play|p2a: Toucannon\n|-damage|p2a: Toucannon|191/284 brn\n|\n|-damage|p2a: Toucannon|174/284 brn|[from] brn\n|-damage|p1a: Spiritomb|32/100 brn|[from] brn\n|upkeep\n|turn|12\n|inactive|Time left: 300 sec this turn | 300 sec total\n|\n|t:|1783557625\n|move|p2a: Toucannon|Roost|p2a: Toucannon\n|-heal|p2a: Toucannon|284/284 brn\n|-singleturn|p2a: Toucannon|move: Roost\n|move|p1a: Spiritomb|Foul Play|p2a: Toucannon\n|-damage|p2a: Toucannon|214/284 brn\n|\n|-damage|p2a: Toucannon|197/284 brn|[from] brn\n|-damage|p1a: Spiritomb|26/100 brn|[from] brn\n|upkeep\n|turn|13\n|inactive|Time left: 300 sec this turn | 300 sec total\n|\n|t:|1783557626\n|move|p2a: Toucannon|Roost|p2a: Toucannon\n|-heal|p2a: Toucannon|284/284 brn\n|-singleturn|p2a: Toucannon|move: Roost\n|move|p1a: Spiritomb|Foul Play|p2a: Toucannon\n|-damage|p2a: Toucannon|215/284 brn\n|\n|-damage|p2a: Toucannon|198/284 brn|[from] brn\n|-damage|p1a: Spiritomb|20/100 brn|[from] brn\n|upkeep\n|turn|14\n|inactive|Time left: 300 sec this turn | 300 sec total\n|\n|t:|1783557627\n|move|p2a: Toucannon|Roost|p2a: Toucannon\n|-heal|p2a: Toucannon|284/284 brn\n|-singleturn|p2a: Toucannon|move: Roost\n|move|p1a: Spiritomb|Foul Play|p2a: Toucannon\n|-damage|p2a: Toucannon|208/284 brn\n|\n|-damage|p2a: Toucannon|191/284 brn|[from] brn\n|-damage|p1a: Spiritomb|14/100 brn|[from] brn\n|upkeep\n|turn|15\n|inactive|Time left: 300 sec this turn | 300 sec total\n|\n|t:|1783557628\n|move|p2a: Toucannon|Roost|p2a: Toucannon\n|-heal|p2a: Toucannon|284/284 brn\n|-singleturn|p2a: Toucannon|move: Roost\n|move|p1a: Spiritomb|Foul Play|p2a: Toucannon\n|-damage|p2a: Toucannon|218/284 brn\n|\n|-damage|p2a: Toucannon|201/284 brn|[from] brn\n|-damage|p1a: Spiritomb|8/100 brn|[from] brn\n|upkeep\n|turn|16\n|inactive|Time left: 300 sec this turn | 300 sec total\n|\n|t:|1783557629\n|move|p2a: Toucannon|Roost|p2a: Toucannon\n|-heal|p2a: Toucannon|284/284 brn\n|-singleturn|p2a: Toucannon|move: Roost\n|move|p1a: Spiritomb|Foul Play|p2a: Toucannon\n|-damage|p2a: Toucannon|215/284 brn\n|\n|-damage|p2a: Toucannon|198/284 brn|[from] brn\n|-damage|p1a: Spiritomb|2/100 brn|[from] brn\n|upkeep\n|turn|17\n|inactive|Time left: 300 sec this turn | 300 sec total\n|\n|t:|1783557630\n|move|p2a: Toucannon|Roost|p2a: Toucannon\n|-heal|p2a: Toucannon|284/284 brn\n|-singleturn|p2a: Toucannon|move: Roost\n|move|p1a: Spiritomb|Foul Play|p2a: Toucannon\n|-damage|p2a: Toucannon|217/284 brn\n|\n|-damage|p2a: Toucannon|200/284 brn|[from] brn\n|-damage|p1a: Spiritomb|0 fnt|[from] brn\n|faint|p1a: Spiritomb\n|upkeep\n|\n|t:|1783557631\n|switch|p1a: Chimecho|Chimecho, L93, F|100/100\n|turn|18\n|inactive|Time left: 300 sec this turn | 300 sec total\n|\n|t:|1783557632\n|move|p1a: Chimecho|Psychic Noise|p2a: Toucannon\n|-damage|p2a: Toucannon|95/284 brn\n|-start|p2a: Toucannon|move: Heal Block\n|move|p2a: Toucannon|Boomburst|p1a: Chimecho\n|-damage|p1a: Chimecho|61/100\n|\n|-heal|p1a: Chimecho|67/100|[from] item: Leftovers\n|-damage|p2a: Toucannon|78/284 brn|[from] brn\n|upkeep\n|turn|19\n|inactive|Time left: 300 sec this turn | 300 sec total\n|\n|t:|1783557634\n|move|p1a: Chimecho|Psychic Noise|p2a: Toucannon\n|-damage|p2a: Toucannon|0 fnt\n|faint|p2a: Toucannon\n|\n|-heal|p1a: Chimecho|73/100|[from] item: Leftovers\n|upkeep\n|inactive|Time left: 300 sec this turn | 300 sec total | 5 sec grace\n|\n|t:|1783557635\n|switch|p2a: Inteleon|Inteleon, L81, F|246/246\n|turn|20\n|inactive|Time left: 300 sec this turn | 300 sec total\n|\n|t:|1783557636\n|switch|p1a: Alomomola|Alomomola, L87, M|100/100\n|-terastallize|p2a: Inteleon|Water\n|move|p2a: Inteleon|Hydro Pump|p1a: Alomomola\n|-resisted|p1a: Alomomola\n|-damage|p1a: Alomomola|50/100\n|\n|upkeep\n|turn|21\n|inactive|Time left: 300 sec this turn | 300 sec total\n|\n|t:|1783557637\n|move|p1a: Alomomola|Protect|p1a: Alomomola\n|-singleturn|p1a: Alomomola|Protect\n|move|p2a: Inteleon|Hydro Pump|p1a: Alomomola\n|-activate|p1a: Alomomola|move: Protect\n|\n|upkeep\n|turn|22\n|inactive|Time left: 300 sec this turn | 300 sec total\n|\n|t:|1783557638\n|move|p2a: Inteleon|Hydro Pump|p1a: Alomomola\n|-resisted|p1a: Alomomola\n|-damage|p1a: Alomomola|2/100\n|move|p1a: Alomomola|Scald|p2a: Inteleon\n|-resisted|p2a: Inteleon\n|-damage|p2a: Inteleon|213/246\n|-status|p2a: Inteleon|brn\n|\n|-damage|p2a: Inteleon|198/246 brn|[from] brn\n|upkeep\n|turn|23\n|inactive|Time left: 300 sec this turn | 300 sec total\n|\n|t:|1783557639\n|move|p1a: Alomomola|Protect|p1a: Alomomola\n|-singleturn|p1a: Alomomola|Protect\n|move|p2a: Inteleon|Hydro Pump|p1a: Alomomola\n|-activate|p1a: Alomomola|move: Protect\n|\n|-damage|p2a: Inteleon|183/246 brn|[from] brn\n|upkeep\n|turn|24\n|inactive|Time left: 300 sec this turn | 300 sec total\n|\n|t:|1783557640\n|move|p2a: Inteleon|Hydro Pump|p1a: Alomomola\n|-resisted|p1a: Alomomola\n|-damage|p1a: Alomomola|0 fnt\n|faint|p1a: Alomomola\n|\n|-damage|p2a: Inteleon|168/246 brn|[from] brn\n|upkeep\n|\n|t:|1783557641\n|switch|p1a: Crawdaunt|Crawdaunt, L84, F|71/100\n|-activate|p1a: Crawdaunt|move: Sticky Web\n|-unboost|p1a: Crawdaunt|spe|1\n|turn|25\n|inactive|Time left: 300 sec this turn | 300 sec total\n|\n|t:|1783557642\n|move|p2a: Inteleon|Hydro Pump|p1a: Crawdaunt\n|-resisted|p1a: Crawdaunt\n|-damage|p1a: Crawdaunt|0 fnt\n|faint|p1a: Crawdaunt\n|\n|-damage|p2a: Inteleon|153/246 brn|[from] brn\n|upkeep\n|\n|t:|1783557643\n|switch|p1a: Klefki|Klefki, L84, M|100/100\n|-activate|p1a: Klefki|move: Sticky Web\n|-unboost|p1a: Klefki|spe|1\n|turn|26\n|inactive|Time left: 300 sec this turn | 300 sec total\n|\n|t:|1783557644\n|-terastallize|p1a: Klefki|Water\n|move|p2a: Inteleon|Hydro Pump|p1a: Klefki\n|-resisted|p1a: Klefki\n|-damage|p1a: Klefki|38/100\n|move|p1a: Klefki|Play Rough|p2a: Inteleon\n|-damage|p2a: Inteleon|38/246 brn\n|\n|-heal|p1a: Klefki|44/100|[from] item: Leftovers\n|-damage|p2a: Inteleon|23/246 brn|[from] brn\n|upkeep\n|turn|27\n|inactive|Time left: 300 sec this turn | 300 sec total\n|\n|t:|1783557645\n|switch|p2a: Sandslash|Sandslash, L89, F|278/278\n|move|p1a: Klefki|Spikes|p2a: Sandslash\n|-sidestart|p2: p0y1513e971|Spikes\n|\n|-heal|p1a: Klefki|50/100|[from] item: Leftovers\n|upkeep\n|turn|28\n|inactive|Time left: 300 sec this turn | 300 sec total\n|\n|t:|1783557646\n|switch|p1a: Chimecho|Chimecho, L93, F|73/100\n|move|p2a: Sandslash|Rapid Spin|p1a: Chimecho\n|-damage|p1a: Chimecho|59/100\n|-boost|p2a: Sandslash|spe|1\n|-sideend|p2: p0y1513e971|Spikes|[from] move: Rapid Spin|[of] p2a: Sandslash\n|\n|-heal|p1a: Chimecho|65/100|[from] item: Leftovers\n|upkeep\n|turn|29\n|inactive|Time left: 300 sec this turn | 300 sec total\n|\n|t:|1783557647\n|move|p2a: Sandslash|Knock Off|p1a: Chimecho\n|-supereffective|p1a: Chimecho\n|-damage|p1a: Chimecho|12/100\n|-enditem|p1a: Chimecho|Leftovers|[from] move: Knock Off|[of] p2a: Sandslash\n|move|p1a: Chimecho|Recover|p1a: Chimecho\n|-heal|p1a: Chimecho|62/100\n|\n|upkeep\n|turn|30\n|inactive|Time left: 300 sec this turn | 300 sec total\n|\n|t:|1783557649\n|move|p2a: Sandslash|Knock Off|p1a: Chimecho\n|-supereffective|p1a: Chimecho\n|-crit|p1a: Chimecho\n|-damage|p1a: Chimecho|6/100\n|move|p1a: Chimecho|Recover|p1a: Chimecho\n|-heal|p1a: Chimecho|56/100\n|\n|upkeep\n|turn|31\n|inactive|Time left: 300 sec this turn | 300 sec total\n|\n|t:|1783557650\n|move|p2a: Sandslash|Knock Off|p1a: Chimecho\n|-supereffective|p1a: Chimecho\n|-damage|p1a: Chimecho|22/100\n|move|p1a: Chimecho|Recover|p1a: Chimecho\n|-heal|p1a: Chimecho|72/100\n|\n|upkeep\n|turn|32\n|inactive|Time left: 300 sec this turn | 300 sec total\n|\n|t:|1783557651\n|move|p2a: Sandslash|Knock Off|p1a: Chimecho\n|-supereffective|p1a: Chimecho\n|-damage|p1a: Chimecho|35/100\n|move|p1a: Chimecho|Recover|p1a: Chimecho\n|-heal|p1a: Chimecho|85/100\n|\n|upkeep\n|turn|33\n|inactive|Time left: 300 sec this turn | 300 sec total\n|\n|t:|1783557652\n|move|p2a: Sandslash|Knock Off|p1a: Chimecho\n|-supereffective|p1a: Chimecho\n|-damage|p1a: Chimecho|53/100\n|move|p1a: Chimecho|Psychic Noise|p2a: Sandslash\n|-damage|p2a: Sandslash|188/278\n|-start|p2a: Sandslash|move: Heal Block\n|\n|upkeep\n|turn|34\n|inactive|Time left: 300 sec this turn | 300 sec total\n|\n|t:|1783557653\n|move|p2a: Sandslash|Knock Off|p1a: Chimecho\n|-supereffective|p1a: Chimecho\n|-damage|p1a: Chimecho|18/100\n|move|p1a: Chimecho|Recover|p1a: Chimecho\n|-heal|p1a: Chimecho|68/100\n|\n|-end|p2a: Sandslash|move: Heal Block\n|upkeep\n|turn|35\n|inactive|Time left: 300 sec this turn | 300 sec total\n|\n|t:|1783557654\n|move|p2a: Sandslash|Knock Off|p1a: Chimecho\n|-supereffective|p1a: Chimecho\n|-damage|p1a: Chimecho|34/100\n|move|p1a: Chimecho|Recover|p1a: Chimecho\n|-heal|p1a: Chimecho|84/100\n|\n|upkeep\n|turn|36\n|inactive|Time left: 300 sec this turn | 300 sec total\n|\n|t:|1783557655\n|move|p2a: Sandslash|Knock Off|p1a: Chimecho\n|-supereffective|p1a: Chimecho\n|-damage|p1a: Chimecho|46/100\n|move|p1a: Chimecho|Recover|p1a: Chimecho\n|-heal|p1a: Chimecho|96/100\n|\n|upkeep\n|turn|37\n|inactive|Time left: 300 sec this turn | 300 sec total\n|\n|t:|1783557657\n|move|p2a: Sandslash|Knock Off|p1a: Chimecho\n|-supereffective|p1a: Chimecho\n|-damage|p1a: Chimecho|59/100\n|move|p1a: Chimecho|Psychic Noise|p2a: Sandslash\n|-damage|p2a: Sandslash|104/278\n|-start|p2a: Sandslash|move: Heal Block\n|\n|upkeep\n|turn|38\n|inactive|Time left: 300 sec this turn | 300 sec total\n|\n|t:|1783557658\n|move|p2a: Sandslash|Knock Off|p1a: Chimecho\n|-supereffective|p1a: Chimecho\n|-damage|p1a: Chimecho|22/100\n|move|p1a: Chimecho|Recover|p1a: Chimecho\n|-heal|p1a: Chimecho|72/100\n|\n|-end|p2a: Sandslash|move: Heal Block\n|upkeep\n|turn|39\n|inactive|Time left: 300 sec this turn | 300 sec total\n|\n|t:|1783557659\n|move|p2a: Sandslash|Knock Off|p1a: Chimecho\n|-supereffective|p1a: Chimecho\n|-damage|p1a: Chimecho|36/100\n|move|p1a: Chimecho|Psychic Noise|p2a: Sandslash\n|-damage|p2a: Sandslash|19/278\n|-start|p2a: Sandslash|move: Heal Block\n|\n|upkeep\n|turn|40\n|inactive|Time left: 300 sec this turn | 300 sec total\n|\n|t:|1783557660\n|switch|p1a: Klefki|Klefki, L84, M, tera:Water|50/100\n|-activate|p1a: Klefki|move: Sticky Web\n|-unboost|p1a: Klefki|spe|1\n|move|p2a: Sandslash|Knock Off|p1a: Klefki\n|-damage|p1a: Klefki|17/100\n|-enditem|p1a: Klefki|Leftovers|[from] move: Knock Off|[of] p2a: Sandslash\n|\n|-end|p2a: Sandslash|move: Heal Block\n|upkeep\n|turn|41\n|inactive|Time left: 300 sec this turn | 300 sec total\n|\n|t:|1783557661\n|switch|p1a: Chimecho|Chimecho, L93, F|36/100\n|move|p2a: Sandslash|Knock Off|p1a: Chimecho\n|-supereffective|p1a: Chimecho\n|-damage|p1a: Chimecho|0 fnt\n|faint|p1a: Chimecho\n|\n|upkeep\n|\n|t:|1783557662\n|switch|p1a: Klefki|Klefki, L84, M, tera:Water|17/100\n|-activate|p1a: Klefki|move: Sticky Web\n|-unboost|p1a: Klefki|spe|1\n|turn|42\n|inactive|Time left: 300 sec this turn | 300 sec total\n|\n|t:|1783557663\n|move|p1a: Klefki|Magnet Rise|p1a: Klefki\n|-start|p1a: Klefki|Magnet Rise\n|move|p2a: Sandslash|Knock Off|p1a: Klefki\n|-damage|p1a: Klefki|0 fnt\n|faint|p1a: Klefki\n|\n|win|p0y1513e971", "uploadtime": 1783557663, "views": 0, "rating": 0, "private": 0, "password": null, "_winner": "p0y1513e971", "_our_name": "p0y1513e971"}