{"id": "battle-gen9randombattle-603", "formatid": "gen9randombattle", "format": "[Gen 9] Random Battle", "players": ["p0x6038514", "p0y6039fac"], "log": "|init|battle\n|title|p0x6038514 vs. p0y6039fac\n|j|\u2606p0x6038514\n|j|\u2606p0y6039fac\n|t:|1783546817\n|gametype|singles\n|player|p1|p0x6038514|101|\n|player|p2|p0y6039fac|1|\n|gen|9\n|tier|[Gen 9] Random Battle\n|rule|Species Clause: Limit one of each Pok\u00e9mon\n|rule|HP Percentage Mod: HP is shown in percentages\n|rule|Sleep Clause Mod: Limit one foe put to sleep\n|rule|Illusion Level Mod: Illusion disguises the Pok\u00e9mon's true level\n|\n|t:|1783546817\n|teamsize|p1|6\n|teamsize|p2|6\n|start\n|switch|p1a: Wo-Chien|Wo-Chien, L83|277/277\n|switch|p2a: Mew|Mew, L82|100/100\n|-ability|p1a: Wo-Chien|Tablets of Ruin\n|turn|1\n|inactive|Battle timer is ON: inactive players will automatically lose when time's up. (requested by p0x6038514)\n|inactive|p0y6039fac also wants the timer to be on.\n|\n|t:|1783546818\n|move|p2a: Mew|Swords Dance|p2a: Mew\n|-boost|p2a: Mew|atk|2\n|move|p1a: Wo-Chien|Knock Off|p2a: Mew\n|-supereffective|p2a: Mew\n|-damage|p2a: Mew|45/100\n|-enditem|p2a: Mew|Life Orb|[from] move: Knock Off|[of] p1a: Wo-Chien\n|\n|upkeep\n|turn|2\n|inactive|Time left: 300 sec this turn | 300 sec total\n|\n|t:|1783546820\n|move|p2a: Mew|Swords Dance|p2a: Mew\n|-boost|p2a: Mew|atk|2\n|move|p1a: Wo-Chien|Giga Drain|p2a: Mew\n|-damage|p2a: Mew|20/100\n|\n|upkeep\n|turn|3\n|inactive|Time left: 300 sec this turn | 300 sec total\n|\n|t:|1783546821\n|move|p2a: Mew|Close Combat|p1a: Wo-Chien\n|-supereffective|p1a: Wo-Chien\n|-damage|p1a: Wo-Chien|0 fnt\n|-unboost|p2a: Mew|def|1\n|-unboost|p2a: Mew|spd|1\n|faint|p1a: Wo-Chien\n|\n|upkeep\n|inactive|Time left: 300 sec this turn | 300 sec total | 5 sec grace\n|\n|t:|1783546823\n|switch|p1a: Misdreavus|Misdreavus, L90, M|254/254\n|turn|4\n|inactive|Time left: 300 sec this turn | 300 sec total\n|\n|t:|1783546824\n|move|p2a: Mew|Psychic Fangs|p1a: Misdreavus\n|-crit|p1a: Misdreavus\n|-damage|p1a: Misdreavus|0 fnt\n|faint|p1a: Misdreavus\n|\n|upkeep\n|inactive|Time left: 300 sec this turn | 300 sec total | 5 sec grace\n|\n|t:|1783546825\n|switch|p1a: Pincurchin|Pincurchin, M|258/258\n|-fieldstart|move: Electric Terrain|[from] ability: Electric Surge|[of] p1a: Pincurchin\n|turn|5\n|inactive|Time left: 300 sec this turn | 300 sec total\n|\n|t:|1783546826\n|-terastallize|p2a: Mew|Fighting\n|move|p2a: Mew|Close Combat|p1a: Pincurchin\n|-damage|p1a: Pincurchin|0 fnt\n|-unboost|p2a: Mew|def|1\n|-unboost|p2a: Mew|spd|1\n|faint|p1a: Pincurchin\n|\n|upkeep\n|inactive|Time left: 300 sec this turn | 300 sec total | 5 sec grace\n|\n|t:|1783546828\n|switch|p1a: Deoxys|Deoxys-Defense, L84|221/221\n|-ability|p1a: Deoxys|Pressure\n|turn|6\n|inactive|Time left: 300 sec this turn | 300 sec total\n|\n|t:|1783546829\n|switch|p1a: Hariyama|Hariyama, L87, M|392/392\n|move|p2a: Mew|Knock Off|p1a: Hariyama\n|-resisted|p1a: Hariyama\n|-damage|p1a: Hariyama|256/392\n|-enditem|p1a: Hariyama|Assault Vest|[from] move: Knock Off|[of] p2a: Mew\n|\n|upkeep\n|turn|7\n|inactive|Time left: 300 sec this turn | 300 sec total\n|\n|t:|1783546830\n|switch|p1a: Deoxys|Deoxys-Defense, L84|221/221\n|-ability|p1a: Deoxys|Pressure\n|move|p2a: Mew|Close Combat|p1a: Deoxys\n|-resisted|p1a: Deoxys\n|-damage|p1a: Deoxys|107/221\n|-unboost|p2a: Mew|def|1\n|-unboost|p2a: Mew|spd|1\n|\n|-heal|p1a: Deoxys|120/221|[from] item: Leftovers\n|upkeep\n|turn|8\n|inactive|Time left: 300 sec this turn | 300 sec total\n|\n|t:|1783546832\n|switch|p1a: Hariyama|Hariyama, L87, M|256/392\n|move|p2a: Mew|Knock Off|p1a: Hariyama\n|-resisted|p1a: Hariyama\n|-damage|p1a: Hariyama|177/392\n|\n|upkeep\n|turn|9\n|inactive|Time left: 300 sec this turn | 300 sec total\n|\n|t:|1783546834\n|move|p2a: Mew|Close Combat|p1a: Hariyama\n|-damage|p1a: Hariyama|0 fnt\n|-unboost|p2a: Mew|def|1\n|-unboost|p2a: Mew|spd|1\n|faint|p1a: Hariyama\n|\n|-fieldend|move: Electric Terrain\n|upkeep\n|inactive|Time left: 300 sec this turn | 300 sec total | 5 sec grace\n|\n|t:|1783546835\n|switch|p1a: Deoxys|Deoxys-Defense, L84|120/221\n|-ability|p1a: Deoxys|Pressure\n|turn|10\n|inactive|Time left: 300 sec this turn | 300 sec total\n|\n|t:|1783546836\n|move|p2a: Mew|Knock Off|p1a: Deoxys\n|-supereffective|p1a: Deoxys\n|-damage|p1a: Deoxys|0 fnt\n|-enditem|p1a: Deoxys|Leftovers|[from] move: Knock Off|[of] p2a: Mew\n|faint|p1a: Deoxys\n|\n|upkeep\n|inactive|Time left: 300 sec this turn | 300 sec total | 5 sec grace\n|\n|t:|1783546837\n|switch|p1a: Regidrago|Regidrago, L77|435/435\n|turn|11\n|inactive|Time left: 300 sec this turn | 300 sec total\n|\n|t:|1783546838\n|move|p2a: Mew|Close Combat|p1a: Regidrago\n|-damage|p1a: Regidrago|0 fnt\n|-unboost|p2a: Mew|def|1\n|-unboost|p2a: Mew|spd|1\n|faint|p1a: Regidrago\n|\n|win|p0y6039fac", "uploadtime": 1783546838, "views": 0, "rating": 0, "private": 0, "password": null, "_winner": "p0y6039fac", "_our_name": "p0x6038514"}