{"id": "battle-gen9randombattle-2736", "formatid": "gen9randombattle", "format": "[Gen 9] Random Battle", "players": ["p0x2736bff0", "p0y2736e531"], "log": "|init|battle\n|title|p0x2736bff0 vs. p0y2736e531\n|j|\u2606p0x2736bff0\n|j|\u2606p0y2736e531\n|t:|1783570530\n|gametype|singles\n|player|p1|p0x2736bff0|2|\n|player|p2|p0y2736e531|101|\n|gen|9\n|tier|[Gen 9] Random Battle\n|rule|Species Clause: Limit one of each Pok\u00e9mon\n|rule|HP Percentage Mod: HP is shown in percentages\n|rule|Sleep Clause Mod: Limit one foe put to sleep\n|rule|Illusion Level Mod: Illusion disguises the Pok\u00e9mon's true level\n|\n|t:|1783570530\n|teamsize|p1|6\n|teamsize|p2|6\n|start\n|switch|p1a: Iron Leaves|Iron Leaves, L80|100/100\n|switch|p2a: Dipplin|Dipplin, L88, M|284/284\n|turn|1\n|inactive|Battle timer is ON: inactive players will automatically lose when time's up. (requested by p0x2736bff0)\n|inactive|Time left: 300 sec this turn | 300 sec total | 60 sec grace\n|inactive|p0y2736e531 also wants the timer to be on.\n|\n|t:|1783570531\n|move|p1a: Iron Leaves|Megahorn|p2a: Dipplin\n|-supereffective|p2a: Dipplin\n|-damage|p2a: Dipplin|128/284\n|move|p2a: Dipplin|Dragon Pulse|p1a: Iron Leaves\n|-damage|p1a: Iron Leaves|66/100\n|\n|upkeep\n|turn|2\n|inactive|Time left: 300 sec this turn | 300 sec total\n|\n|t:|1783570533\n|switch|p2a: Squawkabilly|Squawkabilly-Blue, L85, F|278/278\n|move|p1a: Iron Leaves|Megahorn|p2a: Squawkabilly\n|-resisted|p2a: Squawkabilly\n|-damage|p2a: Squawkabilly|165/278\n|\n|-status|p2a: Squawkabilly|brn|[from] item: Flame Orb\n|upkeep\n|turn|3\n|inactive|Time left: 300 sec this turn | 300 sec total\n|\n|t:|1783570534\n|move|p1a: Iron Leaves|Megahorn|p2a: Squawkabilly\n|-resisted|p2a: Squawkabilly\n|-damage|p2a: Squawkabilly|52/278 brn\n|move|p2a: Squawkabilly|Facade|p1a: Iron Leaves\n|-damage|p1a: Iron Leaves|0 fnt\n|faint|p1a: Iron Leaves\n|-end|p1a: Iron Leaves|Quark Drive|[silent]\n|\n|-damage|p2a: Squawkabilly|35/278 brn|[from] brn\n|upkeep\n|\n|t:|1783570535\n|switch|p1a: Greedent|Greedent, L86, F|100/100\n|turn|4\n|inactive|Time left: 300 sec this turn | 300 sec total\n|\n|t:|1783570536\n|switch|p2a: Dipplin|Dipplin, L88, M|128/284\n|move|p1a: Greedent|Swords Dance|p1a: Greedent\n|-boost|p1a: Greedent|atk|2\n|\n|upkeep\n|turn|5\n|inactive|Time left: 300 sec this turn | 300 sec total\n|\n|t:|1783570537\n|move|p2a: Dipplin|Recover|p2a: Dipplin\n|-heal|p2a: Dipplin|270/284\n|move|p1a: Greedent|Body Slam|p2a: Dipplin\n|-crit|p2a: Dipplin\n|-damage|p2a: Dipplin|131/284\n|\n|upkeep\n|turn|6\n|inactive|Time left: 300 sec this turn | 300 sec total\n|\n|t:|1783570538\n|move|p2a: Dipplin|Recover|p2a: Dipplin\n|-heal|p2a: Dipplin|273/284\n|move|p1a: Greedent|Body Slam|p2a: Dipplin\n|-damage|p2a: Dipplin|179/284\n|\n|upkeep\n|turn|7\n|inactive|Time left: 300 sec this turn | 300 sec total\n|\n|t:|1783570539\n|move|p1a: Greedent|Body Slam|p2a: Dipplin\n|-damage|p2a: Dipplin|73/284\n|move|p2a: Dipplin|Dragon Tail|p1a: Greedent\n|-damage|p1a: Greedent|84/100\n|drag|p1a: Arbok|Arbok, L87, M|100/100\n|-ability|p1a: Arbok|Intimidate|boost\n|-unboost|p2a: Dipplin|atk|1\n|\n|upkeep\n|turn|8\n|inactive|Time left: 300 sec this turn | 300 sec total\n|\n|t:|1783570540\n|move|p1a: Arbok|Gunk Shot|p2a: Dipplin|[miss]\n|-miss|p1a: Arbok|p2a: Dipplin\n|move|p2a: Dipplin|Recover|p2a: Dipplin\n|-heal|p2a: Dipplin|215/284\n|\n|upkeep\n|turn|9\n|inactive|Time left: 300 sec this turn | 300 sec total\n|\n|t:|1783570541\n|move|p1a: Arbok|Coil|p1a: Arbok\n|-boost|p1a: Arbok|atk|1\n|-boost|p1a: Arbok|def|1\n|-boost|p1a: Arbok|accuracy|1\n|move|p2a: Dipplin|Recover|p2a: Dipplin\n|-heal|p2a: Dipplin|284/284\n|\n|upkeep\n|turn|10\n|inactive|Time left: 300 sec this turn | 300 sec total\n|\n|t:|1783570542\n|move|p1a: Arbok|Gunk Shot|p2a: Dipplin\n|-supereffective|p2a: Dipplin\n|-crit|p2a: Dipplin\n|-damage|p2a: Dipplin|0 fnt\n|faint|p2a: Dipplin\n|\n|upkeep\n|inactive|Time left: 300 sec this turn | 300 sec total | 5 sec grace\n|\n|t:|1783570543\n|switch|p2a: Leavanny|Leavanny, L86, F|269/269\n|turn|11\n|inactive|Time left: 300 sec this turn | 300 sec total\n|\n|t:|1783570544\n|move|p2a: Leavanny|Sticky Web|p1a: Arbok\n|-sidestart|p1: p0x2736bff0|move: Sticky Web\n|move|p1a: Arbok|Gunk Shot|p2a: Leavanny\n|-supereffective|p2a: Leavanny\n|-damage|p2a: Leavanny|0 fnt\n|faint|p2a: Leavanny\n|\n|upkeep\n|inactive|Time left: 300 sec this turn | 300 sec total | 5 sec grace\n|\n|t:|1783570545\n|switch|p2a: Falinks|Falinks, L84|246/246\n|turn|12\n|inactive|Time left: 300 sec this turn | 300 sec total\n|\n|t:|1783570546\n|move|p1a: Arbok|Gunk Shot|p2a: Falinks\n|-damage|p2a: Falinks|63/246\n|move|p2a: Falinks|No Retreat|p2a: Falinks\n|-boost|p2a: Falinks|atk|1\n|-boost|p2a: Falinks|def|1\n|-boost|p2a: Falinks|spa|1\n|-boost|p2a: Falinks|spd|1\n|-boost|p2a: Falinks|spe|1\n|-start|p2a: Falinks|move: No Retreat\n|\n|upkeep\n|turn|13\n|inactive|Time left: 300 sec this turn | 300 sec total\n|\n|t:|1783570547\n|-terastallize|p2a: Falinks|Steel\n|move|p2a: Falinks|Iron Head|p1a: Arbok\n|-damage|p1a: Arbok|51/100\n|-damage|p2a: Falinks|39/246|[from] item: Life Orb\n|move|p1a: Arbok|Earthquake|p2a: Falinks\n|-supereffective|p2a: Falinks\n|-damage|p2a: Falinks|0 fnt\n|faint|p2a: Falinks\n|\n|-heal|p1a: Arbok|57/100|[from] item: Leftovers\n|upkeep\n|inactive|Time left: 300 sec this turn | 300 sec total | 5 sec grace\n|\n|t:|1783570548\n|switch|p2a: Squawkabilly|Squawkabilly-Blue, L85, F|35/278 brn\n|turn|14\n|inactive|Time left: 300 sec this turn | 300 sec total\n|\n|t:|1783570549\n|move|p2a: Squawkabilly|Facade|p1a: Arbok\n|-damage|p1a: Arbok|0 fnt\n|faint|p1a: Arbok\n|\n|-damage|p2a: Squawkabilly|18/278 brn|[from] brn\n|upkeep\n|\n|t:|1783570549\n|switch|p1a: Greedent|Greedent, L86, F|84/100\n|-activate|p1a: Greedent|move: Sticky Web\n|-unboost|p1a: Greedent|spe|1\n|turn|15\n|inactive|Time left: 300 sec this turn | 300 sec total\n|\n|t:|1783570550\n|move|p2a: Squawkabilly|Facade|p1a: Greedent\n|-damage|p1a: Greedent|27/100\n|-enditem|p1a: Greedent|Sitrus Berry|[eat]\n|-heal|p1a: Greedent|52/100|[from] item: Sitrus Berry\n|-heal|p1a: Greedent|85/100|[from] ability: Cheek Pouch\n|move|p1a: Greedent|Swords Dance|p1a: Greedent\n|-boost|p1a: Greedent|atk|2\n|\n|-damage|p2a: Squawkabilly|1/278 brn|[from] brn\n|upkeep\n|turn|16\n|inactive|Time left: 300 sec this turn | 300 sec total\n|\n|t:|1783570551\n|move|p2a: Squawkabilly|Facade|p1a: Greedent\n|-damage|p1a: Greedent|20/100\n|move|p1a: Greedent|Body Slam|p2a: Squawkabilly\n|-damage|p2a: Squawkabilly|0 fnt\n|faint|p2a: Squawkabilly\n|\n|upkeep\n|inactive|Time left: 300 sec this turn | 300 sec total | 5 sec grace\n|\n|t:|1783570552\n|switch|p2a: Cobalion|Cobalion, L80|277/277\n|turn|17\n|inactive|Time left: 300 sec this turn | 300 sec total\n|\n|t:|1783570552\n|move|p2a: Cobalion|Body Press|p1a: Greedent\n|-supereffective|p1a: Greedent\n|-damage|p1a: Greedent|0 fnt\n|faint|p1a: Greedent\n|\n|upkeep\n|\n|t:|1783570553\n|switch|p1a: Reshiram|Reshiram, L76|100/100\n|-ability|p1a: Reshiram|Turboblaze\n|turn|18\n|inactive|Time left: 300 sec this turn | 300 sec total\n|\n|t:|1783570554\n|move|p2a: Cobalion|Iron Defense|p2a: Cobalion\n|-boost|p2a: Cobalion|def|2\n|move|p1a: Reshiram|Blue Flare|p2a: Cobalion\n|-supereffective|p2a: Cobalion\n|-damage|p2a: Cobalion|0 fnt\n|faint|p2a: Cobalion\n|\n|upkeep\n|inactive|Time left: 300 sec this turn | 300 sec total | 5 sec grace\n|\n|t:|1783570554\n|switch|p2a: Iron Treads|Iron Treads, L77|265/265\n|turn|19\n|inactive|Time left: 300 sec this turn | 300 sec total\n|\n|t:|1783570555\n|-terastallize|p1a: Reshiram|Fire\n|move|p2a: Iron Treads|Iron Head|p1a: Reshiram\n|-resisted|p1a: Reshiram\n|-damage|p1a: Reshiram|86/100\n|cant|p1a: Reshiram|flinch\n|\n|upkeep\n|turn|20\n|inactive|Time left: 300 sec this turn | 300 sec total\n|\n|t:|1783570556\n|move|p2a: Iron Treads|Iron Head|p1a: Reshiram\n|-resisted|p1a: Reshiram\n|-damage|p1a: Reshiram|72/100\n|move|p1a: Reshiram|Blue Flare|p2a: Iron Treads\n|-supereffective|p2a: Iron Treads\n|-damage|p2a: Iron Treads|0 fnt\n|faint|p2a: Iron Treads\n|-end|p2a: Iron Treads|Quark Drive|[silent]\n|\n|win|p0x2736bff0", "uploadtime": 1783570556, "views": 0, "rating": 0, "private": 0, "password": null, "_winner": "p0x2736bff0", "_our_name": "p0y2736e531"}