{"id": "battle-gen9randombattle-1483", "formatid": "gen9randombattle", "format": "[Gen 9] Random Battle", "players": ["p0x148356c6", "p0y1483a8b0"], "log": "|init|battle\n|title|p0x148356c6 vs. p0y1483a8b0\n|j|\u2606p0x148356c6\n|j|\u2606p0y1483a8b0\n|t:|1783556348\n|gametype|singles\n|player|p1|p0x148356c6|2|\n|player|p2|p0y1483a8b0|266|\n|gen|9\n|tier|[Gen 9] Random Battle\n|rule|Species Clause: Limit one of each Pok\u00e9mon\n|rule|HP Percentage Mod: HP is shown in percentages\n|rule|Sleep Clause Mod: Limit one foe put to sleep\n|rule|Illusion Level Mod: Illusion disguises the Pok\u00e9mon's true level\n|\n|t:|1783556348\n|teamsize|p1|6\n|teamsize|p2|6\n|start\n|switch|p1a: Kyogre|Kyogre, L71|100/100\n|switch|p2a: Incineroar|Incineroar, L82, F|290/290\n|-weather|RainDance|[from] ability: Drizzle|[of] p1a: Kyogre\n|-ability|p2a: Incineroar|Intimidate|boost\n|-unboost|p1a: Kyogre|atk|1\n|turn|1\n|inactive|Battle timer is ON: inactive players will automatically lose when time's up. (requested by p0y1483a8b0)\n|inactive|p0x148356c6 also wants the timer to be on.\n|\n|t:|1783556350\n|move|p1a: Kyogre|Origin Pulse|p2a: Incineroar\n|-supereffective|p2a: Incineroar\n|-damage|p2a: Incineroar|0 fnt\n|faint|p2a: Incineroar\n|\n|-weather|RainDance|[upkeep]\n|upkeep\n|inactive|Time left: 300 sec this turn | 300 sec total | 65 sec grace\n|\n|t:|1783556351\n|switch|p2a: Chansey|Chansey, L85, F|564/564\n|turn|2\n|inactive|Time left: 300 sec this turn | 300 sec total\n|\n|t:|1783556353\n|switch|p1a: Samurott|Samurott, L88, M|100/100\n|move|p2a: Chansey|Stealth Rock|p1a: Samurott\n|-sidestart|p1: p0x148356c6|move: Stealth Rock\n|\n|-weather|RainDance|[upkeep]\n|upkeep\n|turn|3\n|inactive|Time left: 300 sec this turn | 300 sec total\n|\n|t:|1783556354\n|move|p1a: Samurott|Swords Dance|p1a: Samurott\n|-boost|p1a: Samurott|atk|2\n|move|p2a: Chansey|Seismic Toss|p1a: Samurott\n|-damage|p1a: Samurott|73/100\n|\n|-weather|RainDance|[upkeep]\n|upkeep\n|turn|4\n|inactive|Time left: 300 sec this turn | 300 sec total\n|\n|t:|1783556355\n|switch|p2a: Archaludon|Archaludon, L78, F|268/268\n|move|p1a: Samurott|Liquidation|p2a: Archaludon\n|-resisted|p2a: Archaludon\n|-damage|p2a: Archaludon|99/268\n|-ability|p2a: Archaludon|Stamina|boost\n|-boost|p2a: Archaludon|def|1\n|-damage|p1a: Samurott|63/100|[from] item: Life Orb\n|\n|-weather|RainDance|[upkeep]\n|upkeep\n|turn|5\n|inactive|Time left: 300 sec this turn | 300 sec total\n|\n|t:|1783556357\n|move|p2a: Archaludon|Draco Meteor|p1a: Samurott\n|-crit|p1a: Samurott\n|-damage|p1a: Samurott|0 fnt\n|-unboost|p2a: Archaludon|spa|2\n|faint|p1a: Samurott\n|\n|-weather|none\n|upkeep\n|\n|t:|1783556358\n|switch|p1a: Charizard|Charizard, L85, M|100/100\n|turn|6\n|inactive|Time left: 300 sec this turn | 300 sec total\n|\n|t:|1783556359\n|switch|p2a: Inteleon|Inteleon, L81, F|246/246\n|move|p1a: Charizard|Flamethrower|p2a: Inteleon\n|-resisted|p2a: Inteleon\n|-damage|p2a: Inteleon|177/246\n|\n|upkeep\n|turn|7\n|inactive|Time left: 300 sec this turn | 300 sec total\n|\n|t:|1783556360\n|switch|p1a: Goodra|Goodra-Hisui, L82, F|100/100\n|-damage|p1a: Goodra|94/100|[from] Stealth Rock\n|move|p2a: Inteleon|Scald|p1a: Goodra\n|-resisted|p1a: Goodra\n|-damage|p1a: Goodra|83/100\n|\n|upkeep\n|turn|8\n|inactive|Time left: 300 sec this turn | 300 sec total\n|\n|t:|1783556361\n|move|p2a: Inteleon|Scald|p1a: Goodra\n|-resisted|p1a: Goodra\n|-damage|p1a: Goodra|72/100\n|move|p1a: Goodra|Draco Meteor|p2a: Inteleon\n|-damage|p2a: Inteleon|0 fnt\n|-unboost|p1a: Goodra|spa|2\n|faint|p2a: Inteleon\n|\n|upkeep\n|inactive|Time left: 300 sec this turn | 300 sec total | 5 sec grace\n|\n|t:|1783556362\n|switch|p2a: Gogoat|Gogoat, L88, F|360/360\n|turn|9\n|inactive|Time left: 300 sec this turn | 300 sec total\n|\n|t:|1783556363\n|switch|p1a: Charizard|Charizard, L85, M|100/100\n|move|p2a: Gogoat|Bulk Up|p2a: Gogoat\n|-boost|p2a: Gogoat|atk|1\n|-boost|p2a: Gogoat|def|1\n|\n|upkeep\n|turn|10\n|inactive|Time left: 300 sec this turn | 300 sec total\n|\n|t:|1783556364\n|move|p1a: Charizard|Hurricane|p2a: Gogoat|[miss]\n|-miss|p1a: Charizard|p2a: Gogoat\n|move|p2a: Gogoat|Milk Drink||[still]\n|-fail|p2a: Gogoat|heal\n|\n|upkeep\n|turn|11\n|inactive|Time left: 300 sec this turn | 300 sec total\n|\n|t:|1783556365\n|move|p1a: Charizard|Flamethrower|p2a: Gogoat\n|-supereffective|p2a: Gogoat\n|-damage|p2a: Gogoat|132/360\n|move|p2a: Gogoat|Bulk Up|p2a: Gogoat\n|-boost|p2a: Gogoat|atk|1\n|-boost|p2a: Gogoat|def|1\n|\n|-heal|p2a: Gogoat|154/360|[from] item: Leftovers\n|upkeep\n|turn|12\n|inactive|Time left: 300 sec this turn | 300 sec total\n|\n|t:|1783556366\n|-terastallize|p2a: Gogoat|Ground\n|move|p1a: Charizard|Flamethrower|p2a: Gogoat\n|-damage|p2a: Gogoat|40/360\n|move|p2a: Gogoat|Milk Drink|p2a: Gogoat\n|-heal|p2a: Gogoat|220/360\n|\n|-heal|p2a: Gogoat|242/360|[from] item: Leftovers\n|upkeep\n|turn|13\n|inactive|Time left: 300 sec this turn | 300 sec total\n|\n|t:|1783556367\n|move|p1a: Charizard|Hurricane|p2a: Gogoat\n|-damage|p2a: Gogoat|106/360\n|-start|p2a: Gogoat|confusion\n|-activate|p2a: Gogoat|confusion\n|-damage|p2a: Gogoat|67/360|[from] confusion\n|\n|-heal|p2a: Gogoat|89/360|[from] item: Leftovers\n|upkeep\n|turn|14\n|inactive|Time left: 300 sec this turn | 300 sec total\n|\n|t:|1783556368\n|switch|p2a: Chansey|Chansey, L85, F|564/564\n|move|p1a: Charizard|Flamethrower|p2a: Chansey\n|-crit|p2a: Chansey\n|-damage|p2a: Chansey|467/564\n|\n|upkeep\n|turn|15\n|inactive|Time left: 300 sec this turn | 300 sec total\n|\n|t:|1783556369\n|move|p1a: Charizard|Hurricane|p2a: Chansey\n|-damage|p2a: Chansey|395/564\n|-start|p2a: Chansey|confusion\n|-activate|p2a: Chansey|confusion\n|move|p2a: Chansey|Seismic Toss|p1a: Charizard\n|-damage|p1a: Charizard|69/100\n|\n|upkeep\n|turn|16\n|inactive|Time left: 300 sec this turn | 300 sec total\n|\n|t:|1783556370\n|move|p1a: Charizard|Hurricane|p2a: Chansey\n|-damage|p2a: Chansey|314/564\n|-activate|p2a: Chansey|confusion\n|move|p2a: Chansey|Soft-Boiled|p2a: Chansey\n|-heal|p2a: Chansey|564/564\n|\n|upkeep\n|turn|17\n|inactive|Time left: 300 sec this turn | 300 sec total\n|\n|t:|1783556371\n|move|p1a: Charizard|Earthquake|p2a: Chansey\n|-damage|p2a: Chansey|415/564\n|-activate|p2a: Chansey|confusion\n|move|p2a: Chansey|Seismic Toss|p1a: Charizard\n|-damage|p1a: Charizard|38/100\n|\n|upkeep\n|turn|18\n|inactive|Time left: 300 sec this turn | 300 sec total\n|\n|t:|1783556372\n|move|p1a: Charizard|Flamethrower|p2a: Chansey\n|-damage|p2a: Chansey|352/564\n|-activate|p2a: Chansey|confusion\n|move|p2a: Chansey|Soft-Boiled|p2a: Chansey\n|-heal|p2a: Chansey|564/564\n|\n|upkeep\n|turn|19\n|inactive|Time left: 300 sec this turn | 300 sec total\n|\n|t:|1783556373\n|move|p1a: Charizard|Flamethrower|p2a: Chansey\n|-damage|p2a: Chansey|503/564\n|-end|p2a: Chansey|confusion\n|move|p2a: Chansey|Seismic Toss|p1a: Charizard\n|-damage|p1a: Charizard|6/100\n|\n|upkeep\n|turn|20\n|inactive|Time left: 300 sec this turn | 300 sec total\n|\n|t:|1783556374\n|move|p1a: Charizard|Hurricane|p2a: Chansey\n|-damage|p2a: Chansey|422/564\n|move|p2a: Chansey|Seismic Toss|p1a: Charizard\n|-damage|p1a: Charizard|0 fnt\n|faint|p1a: Charizard\n|\n|upkeep\n|\n|t:|1783556376\n|switch|p1a: Toedscruel|Toedscruel, L87, F|100/100\n|-damage|p1a: Toedscruel|94/100|[from] Stealth Rock\n|turn|21\n|inactive|Time left: 300 sec this turn | 300 sec total\n|\n|t:|1783556376\n|move|p1a: Toedscruel|Rapid Spin|p2a: Chansey\n|-damage|p2a: Chansey|356/564\n|-boost|p1a: Toedscruel|spe|1\n|-sideend|p1: p0x148356c6|Stealth Rock|[from] move: Rapid Spin|[of] p1a: Toedscruel\n|move|p2a: Chansey|Soft-Boiled|p2a: Chansey\n|-heal|p2a: Chansey|564/564\n|\n|upkeep\n|turn|22\n|inactive|Time left: 300 sec this turn | 300 sec total\n|\n|t:|1783556377\n|move|p1a: Toedscruel|Knock Off|p2a: Chansey\n|-damage|p2a: Chansey|424/564\n|-enditem|p2a: Chansey|Eviolite|[from] move: Knock Off|[of] p1a: Toedscruel\n|move|p2a: Chansey|Seismic Toss|p1a: Toedscruel\n|-damage|p1a: Toedscruel|64/100\n|\n|upkeep\n|turn|23\n|inactive|Time left: 300 sec this turn | 300 sec total\n|\n|t:|1783556378\n|move|p1a: Toedscruel|Rapid Spin|p2a: Chansey\n|-damage|p2a: Chansey|323/564\n|-boost|p1a: Toedscruel|spe|1\n|move|p2a: Chansey|Seismic Toss|p1a: Toedscruel\n|-damage|p1a: Toedscruel|34/100\n|\n|upkeep\n|turn|24\n|inactive|Time left: 300 sec this turn | 300 sec total\n|\n|t:|1783556380\n|move|p1a: Toedscruel|Earth Power|p2a: Chansey\n|-damage|p2a: Chansey|251/564\n|move|p2a: Chansey|Soft-Boiled|p2a: Chansey\n|-heal|p2a: Chansey|533/564\n|\n|upkeep\n|turn|25\n|inactive|Time left: 300 sec this turn | 300 sec total\n|\n|t:|1783556381\n|move|p1a: Toedscruel|Earth Power|p2a: Chansey\n|-damage|p2a: Chansey|464/564\n|move|p2a: Chansey|Seismic Toss|p1a: Toedscruel\n|-damage|p1a: Toedscruel|4/100\n|\n|upkeep\n|turn|26\n|inactive|Time left: 300 sec this turn | 300 sec total\n|\n|t:|1783556382\n|move|p1a: Toedscruel|Rapid Spin|p2a: Chansey\n|-damage|p2a: Chansey|362/564\n|-boost|p1a: Toedscruel|spe|1\n|move|p2a: Chansey|Seismic Toss|p1a: Toedscruel\n|-damage|p1a: Toedscruel|0 fnt\n|faint|p1a: Toedscruel\n|\n|upkeep\n|\n|t:|1783556383\n|switch|p1a: Goodra|Goodra-Hisui, L82, F|72/100\n|turn|27\n|inactive|Time left: 300 sec this turn | 300 sec total\n|\n|t:|1783556384\n|switch|p2a: Archaludon|Archaludon, L78, F|99/268\n|move|p1a: Goodra|Heavy Slam|p2a: Archaludon\n|-resisted|p2a: Archaludon\n|-damage|p2a: Archaludon|50/268\n|-ability|p2a: Archaludon|Stamina|boost\n|-boost|p2a: Archaludon|def|1\n|\n|upkeep\n|turn|28\n|inactive|Time left: 300 sec this turn | 300 sec total\n|\n|t:|1783556385\n|move|p2a: Archaludon|Body Press|p1a: Goodra\n|-supereffective|p1a: Goodra\n|-damage|p1a: Goodra|5/100\n|move|p1a: Goodra|Fire Blast|p2a: Archaludon|[miss]\n|-miss|p1a: Goodra|p2a: Archaludon\n|\n|upkeep\n|turn|29\n|inactive|Time left: 300 sec this turn | 300 sec total\n|\n|t:|1783556386\n|switch|p1a: Kyogre|Kyogre, L71|100/100\n|-weather|RainDance|[from] ability: Drizzle|[of] p1a: Kyogre\n|move|p2a: Archaludon|Flash Cannon|p1a: Kyogre\n|-resisted|p1a: Kyogre\n|-damage|p1a: Kyogre|85/100\n|\n|-weather|RainDance|[upkeep]\n|-heal|p1a: Kyogre|91/100|[from] item: Leftovers\n|upkeep\n|turn|30\n|inactive|Time left: 300 sec this turn | 300 sec total\n|\n|t:|1783556388\n|move|p2a: Archaludon|Body Press|p1a: Kyogre\n|-damage|p1a: Kyogre|51/100\n|move|p1a: Kyogre|Ice Beam|p2a: Archaludon\n|-damage|p2a: Archaludon|0 fnt\n|faint|p2a: Archaludon\n|\n|-weather|RainDance|[upkeep]\n|-heal|p1a: Kyogre|58/100|[from] item: Leftovers\n|upkeep\n|inactive|Time left: 300 sec this turn | 300 sec total | 5 sec grace\n|\n|t:|1783556389\n|switch|p2a: Gogoat|Gogoat, L88, F, tera:Ground|89/360\n|turn|31\n|inactive|Time left: 300 sec this turn | 300 sec total\n|\n|t:|1783556390\n|switch|p1a: Giratina|Giratina-Origin, L72|100/100\n|move|p2a: Gogoat|Horn Leech|p1a: Giratina\n|-resisted|p1a: Giratina\n|-damage|p1a: Giratina|86/100\n|-heal|p2a: Gogoat|113/360|[from] drain|[of] p1a: Giratina\n|\n|-weather|RainDance|[upkeep]\n|-heal|p2a: Gogoat|135/360|[from] item: Leftovers\n|upkeep\n|turn|32\n|inactive|Time left: 300 sec this turn | 300 sec total\n|\n|t:|1783556391\n|switch|p2a: Chansey|Chansey, L85, F|362/564\n|move|p1a: Giratina|Poltergeist||[still]\n|-fail|p1a: Giratina\n|\n|-weather|RainDance|[upkeep]\n|upkeep\n|turn|33\n|inactive|Time left: 300 sec this turn | 300 sec total\n|\n|t:|1783556392\n|move|p2a: Chansey|Soft-Boiled|p2a: Chansey\n|-heal|p2a: Chansey|564/564\n|move|p1a: Giratina|Dragon Tail|p2a: Chansey\n|-damage|p2a: Chansey|333/564\n|drag|p2a: Grafaiai|Grafaiai, L86, F|249/249\n|\n|-weather|none\n|upkeep\n|turn|34\n|inactive|Time left: 300 sec this turn | 300 sec total\n|\n|t:|1783556393\n|move|p2a: Grafaiai|Knock Off|p1a: Giratina\n|-supereffective|p1a: Giratina\n|-damage|p1a: Giratina|57/100\n|move|p1a: Giratina|Will-O-Wisp|p2a: Grafaiai\n|-status|p2a: Grafaiai|brn\n|\n|-damage|p2a: Grafaiai|234/249 brn|[from] brn\n|upkeep\n|turn|35\n|inactive|Time left: 300 sec this turn | 300 sec total\n|\n|t:|1783556394\n|move|p2a: Grafaiai|Knock Off|p1a: Giratina\n|-supereffective|p1a: Giratina\n|-damage|p1a: Giratina|43/100\n|move|p1a: Giratina|Dragon Tail|p2a: Grafaiai\n|-damage|p2a: Grafaiai|153/249 brn\n|drag|p2a: Gogoat|Gogoat, L88, F, tera:Ground|135/360\n|\n|-heal|p2a: Gogoat|157/360|[from] item: Leftovers\n|upkeep\n|turn|36\n|inactive|Time left: 300 sec this turn | 300 sec total\n|\n|t:|1783556395\n|move|p1a: Giratina|Poltergeist|p2a: Gogoat\n|-activate|p2a: Gogoat|move: Poltergeist|Leftovers\n|-damage|p2a: Gogoat|9/360\n|move|p2a: Gogoat|Milk Drink|p2a: Gogoat\n|-heal|p2a: Gogoat|189/360\n|\n|-heal|p2a: Gogoat|211/360|[from] item: Leftovers\n|upkeep\n|turn|37\n|inactive|Time left: 300 sec this turn | 300 sec total\n|\n|t:|1783556396\n|move|p1a: Giratina|Will-O-Wisp|p2a: Gogoat\n|-status|p2a: Gogoat|brn\n|move|p2a: Gogoat|Milk Drink|p2a: Gogoat\n|-heal|p2a: Gogoat|360/360 brn\n|\n|-damage|p2a: Gogoat|338/360 brn|[from] brn\n|upkeep\n|turn|38\n|inactive|Time left: 300 sec this turn | 300 sec total\n|\n|t:|1783556397\n|move|p2a: Gogoat|Bulk Up|p2a: Gogoat\n|-boost|p2a: Gogoat|atk|1\n|-boost|p2a: Gogoat|def|1\n|move|p1a: Giratina|Dragon Tail|p2a: Gogoat\n|-damage|p2a: Gogoat|284/360 brn\n|drag|p2a: Chansey|Chansey, L85, F|333/564\n|\n|upkeep\n|turn|39\n|inactive|Time left: 300 sec this turn | 300 sec total\n|\n|t:|1783556398\n|move|p2a: Chansey|Soft-Boiled|p2a: Chansey\n|-heal|p2a: Chansey|564/564\n|move|p1a: Giratina|Dragon Tail|p2a: Chansey|[miss]\n|-miss|p1a: Giratina|p2a: Chansey\n|\n|upkeep\n|turn|40\n|inactive|Time left: 300 sec this turn | 300 sec total\n|\n|t:|1783556399\n|move|p2a: Chansey|Stealth Rock|p1a: Giratina\n|-sidestart|p1: p0x148356c6|move: Stealth Rock\n|move|p1a: Giratina|Dragon Tail|p2a: Chansey\n|-damage|p2a: Chansey|333/564\n|drag|p2a: Gogoat|Gogoat, L88, F, tera:Ground|284/360 brn\n|\n|-heal|p2a: Gogoat|306/360 brn|[from] item: Leftovers\n|-damage|p2a: Gogoat|284/360 brn|[from] brn\n|upkeep\n|turn|41\n|inactive|Time left: 300 sec this turn | 300 sec total\n|\n|t:|1783556400\n|move|p1a: Giratina|Poltergeist|p2a: Gogoat\n|-activate|p2a: Gogoat|move: Poltergeist|Leftovers\n|-damage|p2a: Gogoat|127/360 brn\n|move|p2a: Gogoat|Bulk Up|p2a: Gogoat\n|-boost|p2a: Gogoat|atk|1\n|-boost|p2a: Gogoat|def|1\n|\n|-heal|p2a: Gogoat|149/360 brn|[from] item: Leftovers\n|-damage|p2a: Gogoat|127/360 brn|[from] brn\n|upkeep\n|turn|42\n|inactive|Time left: 300 sec this turn | 300 sec total\n|\n|t:|1783556401\n|move|p2a: Gogoat|Milk Drink|p2a: Gogoat\n|-heal|p2a: Gogoat|307/360 brn\n|move|p1a: Giratina|Dragon Tail|p2a: Gogoat\n|-damage|p2a: Gogoat|250/360 brn\n|drag|p2a: Chansey|Chansey, L85, F|333/564\n|\n|upkeep\n|turn|43\n|inactive|Time left: 300 sec this turn | 300 sec total\n|\n|t:|1783556402\n|move|p2a: Chansey|Soft-Boiled|p2a: Chansey\n|-heal|p2a: Chansey|564/564\n|move|p1a: Giratina|Dragon Tail|p2a: Chansey|[miss]\n|-miss|p1a: Giratina|p2a: Chansey\n|\n|upkeep\n|turn|44\n|inactive|Time left: 300 sec this turn | 300 sec total\n|\n|t:|1783556403\n|switch|p2a: Grafaiai|Grafaiai, L86, F|153/249 brn\n|move|p1a: Giratina|Dragon Tail|p2a: Grafaiai\n|-damage|p2a: Grafaiai|74/249 brn\n|drag|p2a: Gogoat|Gogoat, L88, F, tera:Ground|250/360 brn\n|\n|-heal|p2a: Gogoat|272/360 brn|[from] item: Leftovers\n|-damage|p2a: Gogoat|250/360 brn|[from] brn\n|upkeep\n|turn|45\n|inactive|Time left: 300 sec this turn | 300 sec total\n|\n|t:|1783556404\n|move|p1a: Giratina|Poltergeist|p2a: Gogoat\n|-activate|p2a: Gogoat|move: Poltergeist|Leftovers\n|-damage|p2a: Gogoat|105/360 brn\n|move|p2a: Gogoat|Milk Drink|p2a: Gogoat\n|-heal|p2a: Gogoat|285/360 brn\n|\n|-heal|p2a: Gogoat|307/360 brn|[from] item: Leftovers\n|-damage|p2a: Gogoat|285/360 brn|[from] brn\n|upkeep\n|turn|46\n|inactive|Time left: 300 sec this turn | 300 sec total\n|\n|t:|1783556405\n|move|p2a: Gogoat|Milk Drink|p2a: Gogoat\n|-heal|p2a: Gogoat|360/360 brn\n|move|p1a: Giratina|Dragon Tail|p2a: Gogoat\n|-damage|p2a: Gogoat|275/360 brn\n|drag|p2a: Grafaiai|Grafaiai, L86, F|74/249 brn\n|\n|-damage|p2a: Grafaiai|59/249 brn|[from] brn\n|upkeep\n|turn|47\n|inactive|Time left: 300 sec this turn | 300 sec total\n|\n|t:|1783556406\n|move|p2a: Grafaiai|Knock Off|p1a: Giratina\n|-supereffective|p1a: Giratina\n|-damage|p1a: Giratina|27/100\n|move|p1a: Giratina|Dragon Tail|p2a: Grafaiai|[miss]\n|-miss|p1a: Giratina|p2a: Grafaiai\n|\n|-damage|p2a: Grafaiai|44/249 brn|[from] brn\n|upkeep\n|turn|48\n|inactive|Time left: 300 sec this turn | 300 sec total\n|\n|t:|1783556407\n|move|p2a: Grafaiai|Knock Off|p1a: Giratina\n|-supereffective|p1a: Giratina\n|-damage|p1a: Giratina|12/100\n|move|p1a: Giratina|Dragon Tail|p2a: Grafaiai\n|-damage|p2a: Grafaiai|0 fnt\n|faint|p2a: Grafaiai\n|\n|upkeep\n|inactive|Time left: 300 sec this turn | 300 sec total | 5 sec grace\n|\n|t:|1783556408\n|switch|p2a: Gogoat|Gogoat, L88, F, tera:Ground|275/360 brn\n|turn|49\n|inactive|Time left: 300 sec this turn | 300 sec total\n|\n|t:|1783556409\n|move|p2a: Gogoat|Milk Drink|p2a: Gogoat\n|-heal|p2a: Gogoat|360/360 brn\n|move|p1a: Giratina|Dragon Tail|p2a: Gogoat\n|-damage|p2a: Gogoat|284/360 brn\n|drag|p2a: Chansey|Chansey, L85, F|564/564\n|\n|upkeep\n|turn|50\n|inactive|Time left: 300 sec this turn | 300 sec total\n|\n|t:|1783556410\n|move|p2a: Chansey|Thunder Wave|p1a: Giratina\n|-status|p1a: Giratina|par\n|move|p1a: Giratina|Dragon Tail|p2a: Chansey\n|-damage|p2a: Chansey|336/564\n|drag|p2a: Gogoat|Gogoat, L88, F, tera:Ground|284/360 brn\n|\n|-heal|p2a: Gogoat|306/360 brn|[from] item: Leftovers\n|-damage|p2a: Gogoat|284/360 brn|[from] brn\n|upkeep\n|turn|51\n|inactive|Time left: 300 sec this turn | 300 sec total\n|\n|t:|1783556411\n|move|p2a: Gogoat|Bulk Up|p2a: Gogoat\n|-boost|p2a: Gogoat|atk|1\n|-boost|p2a: Gogoat|def|1\n|cant|p1a: Giratina|par\n|\n|-heal|p2a: Gogoat|306/360 brn|[from] item: Leftovers\n|-damage|p2a: Gogoat|284/360 brn|[from] brn\n|upkeep\n|turn|52\n|inactive|Time left: 300 sec this turn | 300 sec total\n|\n|t:|1783556412\n|move|p2a: Gogoat|Bulk Up|p2a: Gogoat\n|-boost|p2a: Gogoat|atk|1\n|-boost|p2a: Gogoat|def|1\n|move|p1a: Giratina|Dragon Tail|p2a: Gogoat\n|-damage|p2a: Gogoat|239/360 brn\n|drag|p2a: Chansey|Chansey, L85, F|336/564\n|\n|upkeep\n|turn|53\n|inactive|Time left: 300 sec this turn | 300 sec total\n|\n|t:|1783556413\n|move|p2a: Chansey|Soft-Boiled|p2a: Chansey\n|-heal|p2a: Chansey|564/564\n|move|p1a: Giratina|Dragon Tail|p2a: Chansey\n|-damage|p2a: Chansey|351/564\n|drag|p2a: Gogoat|Gogoat, L88, F, tera:Ground|239/360 brn\n|\n|-heal|p2a: Gogoat|261/360 brn|[from] item: Leftovers\n|-damage|p2a: Gogoat|239/360 brn|[from] brn\n|upkeep\n|turn|54\n|inactive|Time left: 300 sec this turn | 300 sec total\n|\n|t:|1783556414\n|move|p2a: Gogoat|Bulk Up|p2a: Gogoat\n|-boost|p2a: Gogoat|atk|1\n|-boost|p2a: Gogoat|def|1\n|move|p1a: Giratina|Dragon Tail|p2a: Gogoat\n|-damage|p2a: Gogoat|182/360 brn\n|drag|p2a: Chansey|Chansey, L85, F|351/564\n|\n|upkeep\n|turn|55\n|inactive|Time left: 300 sec this turn | 300 sec total\n|\n|t:|1783556415\n|switch|p2a: Gogoat|Gogoat, L88, F, tera:Ground|182/360 brn\n|move|p1a: Giratina|Will-O-Wisp|p2a: Gogoat\n|-fail|p2a: Gogoat|brn\n|\n|-heal|p2a: Gogoat|204/360 brn|[from] item: Leftovers\n|-damage|p2a: Gogoat|182/360 brn|[from] brn\n|upkeep\n|turn|56\n|inactive|Time left: 300 sec this turn | 300 sec total\n|\n|t:|1783556416\n|move|p2a: Gogoat|Bulk Up|p2a: Gogoat\n|-boost|p2a: Gogoat|atk|1\n|-boost|p2a: Gogoat|def|1\n|move|p1a: Giratina|Poltergeist|p2a: Gogoat\n|-activate|p2a: Gogoat|move: Poltergeist|Leftovers\n|-damage|p2a: Gogoat|86/360 brn\n|\n|-heal|p2a: Gogoat|108/360 brn|[from] item: Leftovers\n|-damage|p2a: Gogoat|86/360 brn|[from] brn\n|upkeep\n|turn|57\n|inactive|Time left: 300 sec this turn | 300 sec total\n|\n|t:|1783556417\n|move|p2a: Gogoat|Bulk Up|p2a: Gogoat\n|-boost|p2a: Gogoat|atk|1\n|-boost|p2a: Gogoat|def|1\n|cant|p1a: Giratina|par\n|\n|-heal|p2a: Gogoat|108/360 brn|[from] item: Leftovers\n|-damage|p2a: Gogoat|86/360 brn|[from] brn\n|upkeep\n|turn|58\n|inactive|Time left: 300 sec this turn | 300 sec total\n|\n|t:|1783556418\n|-terastallize|p1a: Giratina|Fairy\n|move|p2a: Gogoat|Horn Leech|p1a: Giratina\n|-damage|p1a: Giratina|0 fnt\n|-heal|p2a: Gogoat|105/360 brn|[from] drain|[of] p1a: Giratina\n|faint|p1a: Giratina\n|\n|-heal|p2a: Gogoat|127/360 brn|[from] item: Leftovers\n|-damage|p2a: Gogoat|105/360 brn|[from] brn\n|upkeep\n|\n|t:|1783556419\n|switch|p1a: Kyogre|Kyogre, L71|58/100\n|-damage|p1a: Kyogre|45/100|[from] Stealth Rock\n|-weather|RainDance|[from] ability: Drizzle|[of] p1a: Kyogre\n|turn|59\n|inactive|Time left: 300 sec this turn | 300 sec total\n|\n|t:|1783556420\n|switch|p1a: Goodra|Goodra-Hisui, L82, F|5/100\n|-damage|p1a: Goodra|0 fnt|[from] Stealth Rock\n|faint|p1a: Goodra\n|move|p2a: Gogoat|Earthquake|p1: Goodra|[notarget]\n|-fail|p2a: Gogoat\n|\n|-weather|RainDance|[upkeep]\n|-heal|p2a: Gogoat|127/360 brn|[from] item: Leftovers\n|-damage|p2a: Gogoat|105/360 brn|[from] brn\n|upkeep\n|\n|t:|1783556421\n|switch|p1a: Kyogre|Kyogre, L71|45/100\n|-damage|p1a: Kyogre|33/100|[from] Stealth Rock\n|turn|60\n|inactive|Time left: 300 sec this turn | 300 sec total\n|\n|t:|1783556422\n|move|p2a: Gogoat|Horn Leech|p1a: Kyogre\n|-supereffective|p1a: Kyogre\n|-damage|p1a: Kyogre|0 fnt\n|-heal|p2a: Gogoat|147/360 brn|[from] drain|[of] p1a: Kyogre\n|faint|p1a: Kyogre\n|\n|win|p0y1483a8b0", "uploadtime": 1783556422, "views": 0, "rating": 0, "private": 0, "password": null, "_winner": "p0y1483a8b0", "_our_name": "p0y1483a8b0"}