{"id": "battle-gen9randombattle-184", "formatid": "gen9randombattle", "format": "[Gen 9] Random Battle", "players": ["p0x184d611", "p0y1843ec0"], "log": "|init|battle\n|title|p0x184d611 vs. p0y1843ec0\n|j|\u2606p0x184d611\n|j|\u2606p0y1843ec0\n|t:|1783535384\n|gametype|singles\n|player|p1|p0x184d611|265|\n|player|p2|p0y1843ec0|170|\n|gen|9\n|tier|[Gen 9] Random Battle\n|rule|Species Clause: Limit one of each Pok\u00e9mon\n|rule|HP Percentage Mod: HP is shown in percentages\n|rule|Sleep Clause Mod: Limit one foe put to sleep\n|rule|Illusion Level Mod: Illusion disguises the Pok\u00e9mon's true level\n|\n|t:|1783535384\n|teamsize|p1|6\n|teamsize|p2|6\n|start\n|switch|p1a: Chimecho|Chimecho, L93, M|290/290\n|switch|p2a: Deoxys|Deoxys-Defense, L84|100/100\n|-ability|p2a: Deoxys|Pressure\n|turn|1\n|inactive|Battle timer is ON: inactive players will automatically lose when time's up. (requested by p0x184d611)\n|inactive|p0y1843ec0 also wants the timer to be on.\n|\n|t:|1783535385\n|move|p2a: Deoxys|Knock Off|p1a: Chimecho\n|-supereffective|p1a: Chimecho\n|-damage|p1a: Chimecho|194/290\n|-enditem|p1a: Chimecho|Leftovers|[from] move: Knock Off|[of] p2a: Deoxys\n|move|p1a: Chimecho|Psychic Noise|p2a: Deoxys\n|-resisted|p2a: Deoxys\n|-damage|p2a: Deoxys|86/100\n|-start|p2a: Deoxys|move: Heal Block\n|\n|upkeep\n|turn|2\n|inactive|Time left: 300 sec this turn | 300 sec total\n|\n|t:|1783535386\n|switch|p2a: Flareon|Flareon, L90, M|100/100\n|switch|p1a: Ariados|Ariados, L95, F|287/287\n|\n|-status|p2a: Flareon|tox|[from] item: Toxic Orb\n|upkeep\n|turn|3\n|inactive|Time left: 300 sec this turn | 300 sec total\n|\n|t:|1783535387\n|-terastallize|p1a: Ariados|Ghost\n|move|p2a: Flareon|Flare Blitz|p1a: Ariados\n|-damage|p1a: Ariados|17/287\n|-damage|p2a: Flareon|67/100 tox|[from] Recoil\n|move|p1a: Ariados|Sticky Web|p2a: Flareon\n|-sidestart|p2: p0y1843ec0|move: Sticky Web\n|\n|-damage|p2a: Flareon|61/100 tox|[from] psn\n|upkeep\n|turn|4\n|inactive|Time left: 300 sec this turn | 300 sec total\n|\n|t:|1783535388\n|move|p2a: Flareon|Flare Blitz|p1a: Ariados\n|-damage|p1a: Ariados|0 fnt\n|faint|p1a: Ariados\n|-damage|p2a: Flareon|58/100 tox|[from] Recoil\n|\n|-damage|p2a: Flareon|46/100 tox|[from] psn\n|upkeep\n|inactive|Time left: 300 sec this turn | 300 sec total | 5 sec grace\n|\n|t:|1783535389\n|switch|p1a: Rayquaza|Rayquaza, L72|270/270\n|-ability|p1a: Rayquaza|Air Lock\n|turn|5\n|inactive|Time left: 300 sec this turn | 300 sec total\n|\n|t:|1783535390\n|switch|p2a: Sandslash|Sandslash-Alola, L88, F|100/100\n|-activate|p2a: Sandslash|move: Sticky Web\n|-unboost|p2a: Sandslash|spe|1\n|move|p1a: Rayquaza|Dragon Ascent|p2a: Sandslash\n|-resisted|p2a: Sandslash\n|-damage|p2a: Sandslash|82/100\n|-unboost|p1a: Rayquaza|def|1\n|-unboost|p1a: Rayquaza|spd|1\n|\n|upkeep\n|turn|6\n|inactive|Time left: 300 sec this turn | 300 sec total\n|\n|t:|1783535391\n|switch|p1a: Chimecho|Chimecho, L93, M|194/290\n|move|p2a: Sandslash|Rapid Spin|p1a: Chimecho\n|-damage|p1a: Chimecho|157/290\n|-boost|p2a: Sandslash|spe|1\n|-sideend|p2: p0y1843ec0|Sticky Web|[from] move: Rapid Spin|[of] p2a: Sandslash\n|\n|upkeep\n|turn|7\n|inactive|Time left: 300 sec this turn | 300 sec total\n|\n|t:|1783535392\n|move|p1a: Chimecho|Recover|p1a: Chimecho\n|-heal|p1a: Chimecho|290/290\n|move|p2a: Sandslash|Triple Axel|p1a: Chimecho\n|-damage|p1a: Chimecho|263/290\n|-damage|p1a: Chimecho|214/290\n|-damage|p1a: Chimecho|139/290\n|-hitcount|p1a: Chimecho|3\n|\n|upkeep\n|turn|8\n|inactive|Time left: 300 sec this turn | 300 sec total\n|\n|t:|1783535393\n|move|p1a: Chimecho|Recover|p1a: Chimecho\n|-heal|p1a: Chimecho|284/290\n|move|p2a: Sandslash|Triple Axel|p1a: Chimecho\n|-damage|p1a: Chimecho|260/290\n|-damage|p1a: Chimecho|208/290\n|-damage|p1a: Chimecho|142/290\n|-hitcount|p1a: Chimecho|3\n|\n|upkeep\n|turn|9\n|inactive|Time left: 300 sec this turn | 300 sec total\n|\n|t:|1783535394\n|move|p1a: Chimecho|Recover|p1a: Chimecho\n|-heal|p1a: Chimecho|287/290\n|move|p2a: Sandslash|Triple Axel|p1a: Chimecho|[miss]\n|-miss|p2a: Sandslash|p1a: Chimecho\n|\n|upkeep\n|turn|10\n|inactive|Time left: 300 sec this turn | 300 sec total\n|\n|t:|1783535396\n|move|p1a: Chimecho|Psychic Noise|p2a: Sandslash\n|-resisted|p2a: Sandslash\n|-damage|p2a: Sandslash|67/100\n|-start|p2a: Sandslash|move: Heal Block\n|move|p2a: Sandslash|Triple Axel|p1a: Chimecho\n|-damage|p1a: Chimecho|262/290\n|-damage|p1a: Chimecho|214/290\n|-crit|p1a: Chimecho\n|-damage|p1a: Chimecho|117/290\n|-hitcount|p1a: Chimecho|3\n|\n|upkeep\n|turn|11\n|inactive|Time left: 300 sec this turn | 300 sec total\n|\n|t:|1783535397\n|move|p1a: Chimecho|Recover|p1a: Chimecho\n|-heal|p1a: Chimecho|262/290\n|move|p2a: Sandslash|Triple Axel|p1a: Chimecho\n|-damage|p1a: Chimecho|238/290\n|-damage|p1a: Chimecho|187/290\n|-hitcount|p1a: Chimecho|2\n|\n|-end|p2a: Sandslash|move: Heal Block\n|upkeep\n|turn|12\n|inactive|Time left: 300 sec this turn | 300 sec total\n|\n|t:|1783535398\n|move|p1a: Chimecho|Recover|p1a: Chimecho\n|-heal|p1a: Chimecho|290/290\n|move|p2a: Sandslash|Triple Axel|p1a: Chimecho\n|-damage|p1a: Chimecho|266/290\n|-damage|p1a: Chimecho|221/290\n|-hitcount|p1a: Chimecho|2\n|\n|upkeep\n|turn|13\n|inactive|Time left: 300 sec this turn | 300 sec total\n|\n|t:|1783535399\n|move|p1a: Chimecho|Psychic Noise|p2a: Sandslash\n|-resisted|p2a: Sandslash\n|-damage|p2a: Sandslash|54/100\n|-start|p2a: Sandslash|move: Heal Block\n|move|p2a: Sandslash|Triple Axel|p1a: Chimecho\n|-damage|p1a: Chimecho|197/290\n|-damage|p1a: Chimecho|149/290\n|-crit|p1a: Chimecho\n|-damage|p1a: Chimecho|49/290\n|-hitcount|p1a: Chimecho|3\n|\n|upkeep\n|turn|14\n|inactive|Time left: 300 sec this turn | 300 sec total\n|\n|t:|1783535400\n|move|p1a: Chimecho|Recover|p1a: Chimecho\n|-heal|p1a: Chimecho|194/290\n|move|p2a: Sandslash|Triple Axel|p1a: Chimecho\n|-damage|p1a: Chimecho|170/290\n|-damage|p1a: Chimecho|121/290\n|-hitcount|p1a: Chimecho|2\n|\n|-end|p2a: Sandslash|move: Heal Block\n|upkeep\n|turn|15\n|inactive|Time left: 300 sec this turn | 300 sec total\n|\n|t:|1783535401\n|move|p1a: Chimecho|Recover|p1a: Chimecho\n|-heal|p1a: Chimecho|266/290\n|move|p2a: Sandslash|Triple Axel|p1a: Chimecho\n|-damage|p1a: Chimecho|242/290\n|-damage|p1a: Chimecho|194/290\n|-hitcount|p1a: Chimecho|2\n|\n|upkeep\n|turn|16\n|inactive|Time left: 300 sec this turn | 300 sec total\n|\n|t:|1783535402\n|move|p1a: Chimecho|Recover|p1a: Chimecho\n|-heal|p1a: Chimecho|290/290\n|move|p2a: Sandslash|Triple Axel|p1a: Chimecho|[miss]\n|-miss|p2a: Sandslash|p1a: Chimecho\n|\n|upkeep\n|turn|17\n|inactive|Time left: 300 sec this turn | 300 sec total\n|\n|t:|1783535403\n|switch|p1a: Lucario|Lucario, L84, F|255/255\n|move|p2a: Sandslash|Triple Axel|p1a: Lucario\n|-resisted|p1a: Lucario\n|-damage|p1a: Lucario|240/255\n|-resisted|p1a: Lucario\n|-damage|p1a: Lucario|212/255\n|-resisted|p1a: Lucario\n|-damage|p1a: Lucario|168/255\n|-hitcount|p1a: Lucario|3\n|\n|upkeep\n|turn|18\n|inactive|Time left: 300 sec this turn | 300 sec total\n|\n|t:|1783535405\n|switch|p2a: Deoxys|Deoxys-Defense, L84|86/100\n|-ability|p2a: Deoxys|Pressure\n|move|p1a: Lucario|Close Combat|p2a: Deoxys\n|-resisted|p2a: Deoxys\n|-damage|p2a: Deoxys|61/100\n|-unboost|p1a: Lucario|def|1\n|-unboost|p1a: Lucario|spd|1\n|-damage|p1a: Lucario|143/255|[from] item: Life Orb\n|\n|-heal|p2a: Deoxys|67/100|[from] item: Leftovers\n|upkeep\n|turn|19\n|inactive|Time left: 300 sec this turn | 300 sec total\n|\n|t:|1783535406\n|move|p1a: Lucario|Swords Dance|p1a: Lucario\n|-boost|p1a: Lucario|atk|2\n|move|p2a: Deoxys|Psychic Noise|p1a: Lucario\n|-damage|p1a: Lucario|37/255\n|-start|p1a: Lucario|move: Heal Block\n|\n|-heal|p2a: Deoxys|73/100|[from] item: Leftovers\n|upkeep\n|turn|20\n|inactive|Time left: 300 sec this turn | 300 sec total\n|\n|t:|1783535407\n|move|p2a: Deoxys|Psychic Noise|p1a: Lucario\n|-damage|p1a: Lucario|0 fnt\n|faint|p1a: Lucario\n|\n|-heal|p2a: Deoxys|79/100|[from] item: Leftovers\n|upkeep\n|inactive|Time left: 300 sec this turn | 300 sec total | 5 sec grace\n|\n|t:|1783535408\n|switch|p1a: Rayquaza|Rayquaza, L72|270/270\n|-ability|p1a: Rayquaza|Air Lock\n|turn|21\n|inactive|Time left: 300 sec this turn | 300 sec total\n|\n|t:|1783535409\n|move|p2a: Deoxys|Psychic Noise|p1a: Rayquaza\n|-damage|p1a: Rayquaza|201/270\n|-start|p1a: Rayquaza|move: Heal Block\n|move|p1a: Rayquaza|Swords Dance|p1a: Rayquaza\n|-boost|p1a: Rayquaza|atk|2\n|\n|-heal|p2a: Deoxys|85/100|[from] item: Leftovers\n|upkeep\n|turn|22\n|inactive|Time left: 300 sec this turn | 300 sec total\n|\n|t:|1783535410\n|move|p2a: Deoxys|Psychic Noise|p1a: Rayquaza\n|-damage|p1a: Rayquaza|131/270\n|move|p1a: Rayquaza|Dragon Ascent|p2a: Deoxys\n|-damage|p2a: Deoxys|6/100\n|-unboost|p1a: Rayquaza|def|1\n|-unboost|p1a: Rayquaza|spd|1\n|\n|-heal|p2a: Deoxys|12/100|[from] item: Leftovers\n|-end|p1a: Rayquaza|move: Heal Block\n|upkeep\n|turn|23\n|inactive|Time left: 300 sec this turn | 300 sec total\n|\n|t:|1783535411\n|move|p1a: Rayquaza|Extreme Speed|p2a: Deoxys\n|-damage|p2a: Deoxys|0 fnt\n|faint|p2a: Deoxys\n|\n|upkeep\n|\n|t:|1783535412\n|switch|p2a: Galvantula|Galvantula, L82, F|100/100\n|turn|24\n|inactive|Time left: 300 sec this turn | 300 sec total\n|\n|t:|1783535413\n|move|p1a: Rayquaza|Extreme Speed|p2a: Galvantula\n|-damage|p2a: Galvantula|32/100\n|move|p2a: Galvantula|Thunder|p1a: Rayquaza\n|-damage|p1a: Rayquaza|0 fnt\n|faint|p1a: Rayquaza\n|\n|upkeep\n|inactive|Time left: 300 sec this turn | 300 sec total | 5 sec grace\n|\n|t:|1783535414\n|switch|p1a: Salazzle|Salazzle, L83, F|249/249\n|turn|25\n|inactive|Time left: 300 sec this turn | 300 sec total\n|\n|t:|1783535415\n|switch|p2a: Barraskewda|Barraskewda, L81, F|100/100\n|move|p1a: Salazzle|Flamethrower|p2a: Barraskewda\n|-resisted|p2a: Barraskewda\n|-damage|p2a: Barraskewda|69/100\n|\n|upkeep\n|turn|26\n|inactive|Time left: 300 sec this turn | 300 sec total\n|\n|t:|1783535416\n|move|p1a: Salazzle|Protect|p1a: Salazzle\n|-singleturn|p1a: Salazzle|Protect\n|move|p2a: Barraskewda|Waterfall|p1a: Salazzle\n|-activate|p1a: Salazzle|move: Protect\n|\n|upkeep\n|turn|27\n|inactive|Time left: 300 sec this turn | 300 sec total\n|\n|t:|1783535417\n|switch|p1a: Chimecho|Chimecho, L93, M|290/290\n|move|p2a: Barraskewda|Waterfall|p1a: Chimecho\n|-damage|p1a: Chimecho|142/290\n|\n|upkeep\n|turn|28\n|inactive|Time left: 300 sec this turn | 300 sec total\n|\n|t:|1783535419\n|move|p2a: Barraskewda|Waterfall|p1a: Chimecho\n|-damage|p1a: Chimecho|12/290\n|move|p1a: Chimecho|Psychic Noise|p2a: Barraskewda\n|-damage|p2a: Barraskewda|5/100\n|-start|p2a: Barraskewda|move: Heal Block\n|\n|upkeep\n|turn|29\n|inactive|Time left: 300 sec this turn | 300 sec total\n|\n|t:|1783535420\n|move|p2a: Barraskewda|Waterfall|p1a: Chimecho\n|-damage|p1a: Chimecho|0 fnt\n|faint|p1a: Chimecho\n|\n|-end|p2a: Barraskewda|move: Heal Block\n|upkeep\n|inactive|Time left: 300 sec this turn | 300 sec total | 5 sec grace\n|\n|t:|1783535420\n|switch|p1a: Raichu|Raichu, L88, F|249/249\n|turn|30\n|inactive|Time left: 300 sec this turn | 300 sec total\n|\n|t:|1783535421\n|move|p2a: Barraskewda|Waterfall|p1a: Raichu\n|-damage|p1a: Raichu|72/249\n|cant|p1a: Raichu|flinch\n|\n|upkeep\n|turn|31\n|inactive|Time left: 300 sec this turn | 300 sec total\n|\n|t:|1783535422\n|move|p2a: Barraskewda|Waterfall|p1a: Raichu\n|-damage|p1a: Raichu|0 fnt\n|faint|p1a: Raichu\n|\n|upkeep\n|inactive|Time left: 300 sec this turn | 300 sec total | 5 sec grace\n|\n|t:|1783535423\n|switch|p1a: Salazzle|Salazzle, L83, F|249/249\n|turn|32\n|inactive|Time left: 300 sec this turn | 300 sec total\n|\n|t:|1783535424\n|-terastallize|p2a: Barraskewda|Fighting\n|move|p1a: Salazzle|Protect|p1a: Salazzle\n|-singleturn|p1a: Salazzle|Protect\n|move|p2a: Barraskewda|Waterfall|p1a: Salazzle\n|-activate|p1a: Salazzle|move: Protect\n|\n|upkeep\n|turn|33\n|inactive|Time left: 300 sec this turn | 300 sec total\n|\n|t:|1783535425\n|move|p1a: Salazzle|Protect||[still]\n|-fail|p1a: Salazzle\n|move|p2a: Barraskewda|Waterfall|p1a: Salazzle\n|-supereffective|p1a: Salazzle\n|-damage|p1a: Salazzle|0 fnt\n|faint|p1a: Salazzle\n|\n|win|p0y1843ec0", "uploadtime": 1783535425, "views": 0, "rating": 0, "private": 0, "password": null, "_winner": "p0y1843ec0", "_our_name": "p0x184d611"}