{"id": "battle-gen9randombattle-1268", "formatid": "gen9randombattle", "format": "[Gen 9] Random Battle", "players": ["p0x1268b7e2", "p0y12685f33"], "log": "|init|battle\n|title|p0x1268b7e2 vs. p0y12685f33\n|j|\u2606p0x1268b7e2\n|j|\u2606p0y12685f33\n|t:|1783554710\n|gametype|singles\n|player|p1|p0x1268b7e2|102|\n|player|p2|p0y12685f33|170|\n|gen|9\n|tier|[Gen 9] Random Battle\n|rule|Species Clause: Limit one of each Pok\u00e9mon\n|rule|HP Percentage Mod: HP is shown in percentages\n|rule|Sleep Clause Mod: Limit one foe put to sleep\n|rule|Illusion Level Mod: Illusion disguises the Pok\u00e9mon's true level\n|\n|t:|1783554710\n|teamsize|p1|6\n|teamsize|p2|6\n|start\n|switch|p1a: Lokix|Lokix, L82, F|251/251\n|switch|p2a: Slaking|Slaking, L84, F|100/100\n|turn|1\n|inactive|Battle timer is ON: inactive players will automatically lose when time's up. (requested by p0x1268b7e2)\n|inactive|p0y12685f33 also wants the timer to be on.\n|\n|t:|1783554712\n|switch|p1a: Wo-Chien|Wo-Chien, L83|277/277\n|-ability|p1a: Wo-Chien|Tablets of Ruin\n|move|p2a: Slaking|Giga Impact|p1a: Wo-Chien\n|-damage|p1a: Wo-Chien|42/277\n|-mustrecharge|p2a: Slaking\n|\n|-heal|p1a: Wo-Chien|59/277|[from] item: Leftovers\n|upkeep\n|turn|2\n|inactive|Time left: 300 sec this turn | 300 sec total\n|\n|t:|1783554713\n|cant|p2a: Slaking|recharge\n|move|p1a: Wo-Chien|Stun Spore|p2a: Slaking|[miss]\n|-miss|p1a: Wo-Chien|p2a: Slaking\n|\n|-heal|p1a: Wo-Chien|76/277|[from] item: Leftovers\n|upkeep\n|turn|3\n|inactive|Time left: 300 sec this turn | 300 sec total\n|\n|t:|1783554714\n|move|p2a: Slaking|Giga Impact|p1a: Wo-Chien|[miss]\n|-miss|p2a: Slaking|p1a: Wo-Chien\n|move|p1a: Wo-Chien|Giga Drain|p2a: Slaking\n|-damage|p2a: Slaking|76/100\n|-heal|p1a: Wo-Chien|125/277|[from] drain|[of] p2a: Slaking\n|\n|-heal|p1a: Wo-Chien|142/277|[from] item: Leftovers\n|upkeep\n|turn|4\n|inactive|Time left: 300 sec this turn | 300 sec total\n|\n|t:|1783554716\n|cant|p2a: Slaking|ability: Truant\n|move|p1a: Wo-Chien|Giga Drain|p2a: Slaking\n|-damage|p2a: Slaking|52/100\n|-heal|p1a: Wo-Chien|188/277|[from] drain|[of] p2a: Slaking\n|\n|-heal|p1a: Wo-Chien|205/277|[from] item: Leftovers\n|upkeep\n|turn|5\n|inactive|Time left: 300 sec this turn | 300 sec total\n|\n|t:|1783554717\n|move|p2a: Slaking|Giga Impact|p1a: Wo-Chien\n|-damage|p1a: Wo-Chien|0 fnt\n|-mustrecharge|p2a: Slaking\n|faint|p1a: Wo-Chien\n|\n|upkeep\n|inactive|Time left: 300 sec this turn | 300 sec total | 5 sec grace\n|\n|t:|1783554717\n|switch|p1a: Latias|Latias, L79, F|256/256\n|turn|6\n|inactive|Time left: 300 sec this turn | 300 sec total\n|\n|t:|1783554719\n|move|p1a: Latias|Calm Mind|p1a: Latias\n|-boost|p1a: Latias|spa|1\n|-boost|p1a: Latias|spd|1\n|cant|p2a: Slaking|recharge\n|\n|upkeep\n|turn|7\n|inactive|Time left: 300 sec this turn | 300 sec total\n|\n|t:|1783554720\n|move|p1a: Latias|Draco Meteor|p2a: Slaking\n|-damage|p2a: Slaking|0 fnt\n|-unboost|p1a: Latias|spa|2\n|faint|p2a: Slaking\n|\n|upkeep\n|\n|t:|1783554721\n|switch|p2a: Heracross|Heracross, L80, M|100/100\n|turn|8\n|inactive|Time left: 300 sec this turn | 300 sec total\n|\n|t:|1783554721\n|move|p2a: Heracross|Megahorn|p1a: Latias\n|-supereffective|p1a: Latias\n|-damage|p1a: Latias|0 fnt\n|faint|p1a: Latias\n|-ability|p2a: Heracross|Moxie|boost\n|-boost|p2a: Heracross|atk|1\n|\n|upkeep\n|inactive|Time left: 300 sec this turn | 300 sec total | 5 sec grace\n|\n|t:|1783554723\n|switch|p1a: Reshiram|Reshiram, L76|277/277\n|-ability|p1a: Reshiram|Turboblaze\n|turn|9\n|inactive|Time left: 300 sec this turn | 300 sec total\n|\n|t:|1783554724\n|move|p2a: Heracross|Megahorn|p1a: Reshiram|[miss]\n|-miss|p2a: Heracross|p1a: Reshiram\n|move|p1a: Reshiram|Outrage|p2a: Heracross\n|-damage|p2a: Heracross|48/100\n|\n|upkeep\n|turn|10\n|inactive|Time left: 300 sec this turn | 300 sec total\n|\n|t:|1783554725\n|switch|p2a: Lugia|Lugia, L73|100/100\n|move|p1a: Reshiram|Outrage|p2a: Lugia|[from] lockedmove\n|-damage|p2a: Lugia|61/100\n|-start|p1a: Reshiram|confusion|[fatigue]\n|\n|upkeep\n|turn|11\n|inactive|Time left: 300 sec this turn | 300 sec total\n|\n|t:|1783554726\n|switch|p1a: Mamoswine|Mamoswine, L81, M|311/311\n|move|p2a: Lugia|Calm Mind|p2a: Lugia\n|-boost|p2a: Lugia|spa|1\n|-boost|p2a: Lugia|spd|1\n|\n|upkeep\n|turn|12\n|inactive|Time left: 300 sec this turn | 300 sec total\n|\n|t:|1783554727\n|move|p2a: Lugia|Recover|p2a: Lugia\n|-heal|p2a: Lugia|100/100\n|move|p1a: Mamoswine|Icicle Crash|p2a: Lugia\n|-supereffective|p2a: Lugia\n|-damage|p2a: Lugia|55/100\n|\n|upkeep\n|turn|13\n|inactive|Time left: 300 sec this turn | 300 sec total\n|\n|t:|1783554728\n|-terastallize|p2a: Lugia|Steel\n|move|p2a: Lugia|Recover|p2a: Lugia\n|-heal|p2a: Lugia|100/100\n|move|p1a: Mamoswine|Icicle Crash|p2a: Lugia\n|-resisted|p2a: Lugia\n|-damage|p2a: Lugia|89/100\n|\n|upkeep\n|turn|14\n|inactive|Time left: 300 sec this turn | 300 sec total\n|\n|t:|1783554730\n|switch|p1a: Reshiram|Reshiram, L76|277/277\n|-ability|p1a: Reshiram|Turboblaze\n|move|p2a: Lugia|Aeroblast|p1a: Reshiram\n|-damage|p1a: Reshiram|174/277\n|\n|upkeep\n|turn|15\n|inactive|Time left: 300 sec this turn | 300 sec total\n|\n|t:|1783554731\n|move|p2a: Lugia|Aeroblast|p1a: Reshiram\n|-damage|p1a: Reshiram|81/277\n|move|p1a: Reshiram|Dragon Dance|p1a: Reshiram\n|-boost|p1a: Reshiram|atk|1\n|-boost|p1a: Reshiram|spe|1\n|\n|upkeep\n|turn|16\n|inactive|Time left: 300 sec this turn | 300 sec total\n|\n|t:|1783554732\n|move|p1a: Reshiram|Flare Blitz|p2a: Lugia\n|-supereffective|p2a: Lugia\n|-damage|p2a: Lugia|0 fnt\n|faint|p2a: Lugia\n|-damage|p1a: Reshiram|1/277|[from] Recoil\n|\n|upkeep\n|\n|t:|1783554733\n|switch|p2a: Heracross|Heracross, L80, M|48/100\n|turn|17\n|inactive|Time left: 300 sec this turn | 300 sec total\n|\n|t:|1783554734\n|move|p2a: Heracross|Close Combat|p1a: Reshiram\n|-damage|p1a: Reshiram|0 fnt\n|-unboost|p2a: Heracross|def|1\n|-unboost|p2a: Heracross|spd|1\n|faint|p1a: Reshiram\n|-ability|p2a: Heracross|Moxie|boost\n|-boost|p2a: Heracross|atk|1\n|\n|upkeep\n|inactive|Time left: 300 sec this turn | 300 sec total | 5 sec grace\n|\n|t:|1783554735\n|switch|p1a: Lokix|Lokix, L82, F|251/251\n|turn|18\n|inactive|Time left: 300 sec this turn | 300 sec total\n|\n|t:|1783554736\n|switch|p2a: Reshiram|Reshiram, L76|100/100\n|-ability|p2a: Reshiram|Turboblaze\n|move|p1a: Lokix|First Impression|p2a: Reshiram\n|-resisted|p2a: Reshiram\n|-damage|p2a: Reshiram|59/100\n|\n|upkeep\n|turn|19\n|inactive|Time left: 300 sec this turn | 300 sec total\n|\n|t:|1783554737\n|move|p1a: Lokix|U-turn|p2a: Reshiram\n|-resisted|p2a: Reshiram\n|-damage|p2a: Reshiram|27/100\n|inactive|Time left: 300 sec this turn | 300 sec total | 5 sec grace\n|\n|t:|1783554738\n|switch|p1a: Mamoswine|Mamoswine, L81, M|311/311|[from] U-turn\n|move|p2a: Reshiram|Blue Flare|p1a: Mamoswine\n|-supereffective|p1a: Mamoswine\n|-damage|p1a: Mamoswine|0 fnt\n|faint|p1a: Mamoswine\n|\n|upkeep\n|inactive|Time left: 300 sec this turn | 300 sec total | 10 sec grace\n|\n|t:|1783554739\n|switch|p1a: Lokix|Lokix, L82, F|251/251\n|turn|20\n|inactive|Time left: 300 sec this turn | 300 sec total\n|\n|t:|1783554740\n|switch|p2a: Eelektross|Eelektross, L87, F|100/100\n|move|p1a: Lokix|U-turn|p2a: Eelektross\n|-damage|p2a: Eelektross|67/100\n|inactive|Time left: 300 sec this turn | 300 sec total | 5 sec grace\n|\n|t:|1783554741\n|switch|p1a: Thundurus|Thundurus, L80, M|258/258|[from] U-turn\n|\n|upkeep\n|turn|21\n|inactive|Time left: 300 sec this turn | 300 sec total\n|\n|t:|1783554742\n|move|p1a: Thundurus|Sludge Wave|p2a: Eelektross\n|-damage|p2a: Eelektross|48/100\n|move|p2a: Eelektross|Discharge|p1a: Thundurus\n|-damage|p1a: Thundurus|147/258\n|\n|upkeep\n|turn|22\n|inactive|Time left: 300 sec this turn | 300 sec total\n|\n|t:|1783554744\n|move|p1a: Thundurus|Sludge Wave|p2a: Eelektross\n|-damage|p2a: Eelektross|30/100\n|move|p2a: Eelektross|Flamethrower|p1a: Thundurus\n|-damage|p1a: Thundurus|62/258\n|\n|upkeep\n|turn|23\n|inactive|Time left: 300 sec this turn | 300 sec total\n|\n|t:|1783554746\n|move|p1a: Thundurus|Sludge Wave|p2a: Eelektross\n|-damage|p2a: Eelektross|12/100\n|move|p2a: Eelektross|Flamethrower|p1a: Thundurus\n|-damage|p1a: Thundurus|0 fnt\n|faint|p1a: Thundurus\n|\n|upkeep\n|inactive|Time left: 300 sec this turn | 300 sec total | 5 sec grace\n|\n|t:|1783554748\n|switch|p1a: Lokix|Lokix, L82, F|251/251\n|turn|24\n|inactive|Time left: 300 sec this turn | 300 sec total\n|\n|t:|1783554749\n|move|p1a: Lokix|U-turn|p2a: Eelektross\n|-damage|p2a: Eelektross|0 fnt\n|faint|p2a: Eelektross\n|\n|upkeep\n|\n|t:|1783554750\n|switch|p2a: Heracross|Heracross, L80, M|48/100\n|turn|25\n|inactive|Time left: 300 sec this turn | 300 sec total\n|\n|t:|1783554750\n|-terastallize|p1a: Lokix|Bug\n|move|p2a: Heracross|Megahorn|p1a: Lokix\n|-damage|p1a: Lokix|85/251\n|move|p1a: Lokix|Knock Off|p2a: Heracross\n|-resisted|p2a: Heracross\n|-damage|p2a: Heracross|1/100\n|-enditem|p2a: Heracross|Choice Scarf|[from] move: Knock Off|[of] p1a: Lokix\n|\n|upkeep\n|turn|26\n|inactive|Time left: 300 sec this turn | 300 sec total\n|\n|t:|1783554751\n|switch|p2a: Persian|Persian, L92, M|100/100\n|move|p1a: Lokix|Knock Off|p2a: Persian\n|-damage|p2a: Persian|54/100\n|-enditem|p2a: Persian|Silk Scarf|[from] move: Knock Off|[of] p1a: Lokix\n|\n|upkeep\n|turn|27\n|inactive|Time left: 300 sec this turn | 300 sec total\n|\n|t:|1783554752\n|move|p2a: Persian|Double-Edge|p1a: Lokix\n|-damage|p1a: Lokix|0 fnt\n|faint|p1a: Lokix\n|-damage|p2a: Persian|43/100|[from] Recoil\n|\n|win|p0y12685f33", "uploadtime": 1783554752, "views": 0, "rating": 0, "private": 0, "password": null, "_winner": "p0y12685f33", "_our_name": "p0x1268b7e2"}