{"id": "battle-gen9randombattle-2113", "formatid": "gen9randombattle", "format": "[Gen 9] Random Battle", "players": ["p0x21136079", "p0y211399f3"], "log": "|init|battle\n|title|p0x21136079 vs. p0y211399f3\n|j|\u2606p0x21136079\n|j|\u2606p0y211399f3\n|t:|1783563657\n|gametype|singles\n|player|p1|p0x21136079|265|\n|player|p2|p0y211399f3|265|\n|gen|9\n|tier|[Gen 9] Random Battle\n|rule|Species Clause: Limit one of each Pok\u00e9mon\n|rule|HP Percentage Mod: HP is shown in percentages\n|rule|Sleep Clause Mod: Limit one foe put to sleep\n|rule|Illusion Level Mod: Illusion disguises the Pok\u00e9mon's true level\n|\n|t:|1783563657\n|teamsize|p1|6\n|teamsize|p2|6\n|start\n|switch|p1a: Qwilfish|Qwilfish-Hisui, L83, M|244/244\n|switch|p2a: Chesnaught|Chesnaught, L84, M|100/100\n|-ability|p1a: Qwilfish|Intimidate|boost\n|-unboost|p2a: Chesnaught|atk|1\n|turn|1\n|inactive|Battle timer is ON: inactive players will automatically lose when time's up. (requested by p0x21136079)\n|inactive|p0y211399f3 also wants the timer to be on.\n|\n|t:|1783563659\n|switch|p2a: Hitmontop|Hitmontop, L88, M|100/100\n|-ability|p2a: Hitmontop|Intimidate|boost\n|-unboost|p1a: Qwilfish|atk|1\n|move|p1a: Qwilfish|Spikes|p2a: Hitmontop\n|-sidestart|p2: p0y211399f3|Spikes\n|\n|upkeep\n|turn|2\n|inactive|Time left: 300 sec this turn | 300 sec total\n|\n|t:|1783563660\n|switch|p1a: Scream Tail|Scream Tail, L84|330/330\n|move|p2a: Hitmontop|Rapid Spin|p1a: Scream Tail\n|-damage|p1a: Scream Tail|291/330\n|-boost|p2a: Hitmontop|spe|1\n|-sideend|p2: p0y211399f3|Spikes|[from] move: Rapid Spin|[of] p2a: Hitmontop\n|\n|-heal|p1a: Scream Tail|311/330|[from] item: Leftovers\n|upkeep\n|turn|3\n|inactive|Time left: 300 sec this turn | 300 sec total\n|\n|t:|1783563661\n|move|p2a: Hitmontop|Rapid Spin|p1a: Scream Tail\n|-damage|p1a: Scream Tail|273/330\n|-boost|p2a: Hitmontop|spe|1\n|move|p1a: Scream Tail|Dazzling Gleam|p2a: Hitmontop\n|-supereffective|p2a: Hitmontop\n|-damage|p2a: Hitmontop|67/100\n|\n|-heal|p1a: Scream Tail|293/330|[from] item: Leftovers\n|upkeep\n|turn|4\n|inactive|Time left: 300 sec this turn | 300 sec total\n|\n|t:|1783563662\n|move|p2a: Hitmontop|Stone Edge|p1a: Scream Tail\n|-damage|p1a: Scream Tail|225/330\n|move|p1a: Scream Tail|Dazzling Gleam|p2a: Hitmontop\n|-supereffective|p2a: Hitmontop\n|-damage|p2a: Hitmontop|35/100\n|\n|-heal|p1a: Scream Tail|245/330|[from] item: Leftovers\n|upkeep\n|turn|5\n|inactive|Time left: 300 sec this turn | 300 sec total\n|\n|t:|1783563663\n|move|p2a: Hitmontop|Earthquake|p1a: Scream Tail\n|-damage|p1a: Scream Tail|177/330\n|move|p1a: Scream Tail|Dazzling Gleam|p2a: Hitmontop\n|-supereffective|p2a: Hitmontop\n|-damage|p2a: Hitmontop|3/100\n|\n|-heal|p1a: Scream Tail|197/330|[from] item: Leftovers\n|upkeep\n|turn|6\n|inactive|Time left: 300 sec this turn | 300 sec total\n|\n|t:|1783563664\n|switch|p2a: Araquanid|Araquanid, L82, F|100/100\n|move|p1a: Scream Tail|Dazzling Gleam|p2a: Araquanid\n|-damage|p2a: Araquanid|81/100\n|\n|-heal|p1a: Scream Tail|217/330|[from] item: Leftovers\n|upkeep\n|turn|7\n|inactive|Time left: 300 sec this turn | 300 sec total\n|\n|t:|1783563665\n|move|p1a: Scream Tail|Protect|p1a: Scream Tail\n|-singleturn|p1a: Scream Tail|Protect\n|move|p2a: Araquanid|Sticky Web|p1a: Scream Tail\n|-sidestart|p1: p0x21136079|move: Sticky Web\n|\n|-heal|p1a: Scream Tail|237/330|[from] item: Leftovers\n|upkeep\n|turn|8\n|inactive|Time left: 300 sec this turn | 300 sec total\n|\n|t:|1783563666\n|move|p1a: Scream Tail|Wish|p1a: Scream Tail\n|move|p2a: Araquanid|Liquidation|p1a: Scream Tail\n|-damage|p1a: Scream Tail|105/330\n|\n|-heal|p1a: Scream Tail|125/330|[from] item: Leftovers\n|upkeep\n|turn|9\n|inactive|Time left: 300 sec this turn | 300 sec total\n|\n|t:|1783563667\n|move|p1a: Scream Tail|Protect|p1a: Scream Tail\n|-singleturn|p1a: Scream Tail|Protect\n|move|p2a: Araquanid|Liquidation|p1a: Scream Tail\n|-activate|p1a: Scream Tail|move: Protect\n|\n|-heal|p1a: Scream Tail|290/330|[from] move: Wish|[wisher] Scream Tail\n|-heal|p1a: Scream Tail|310/330|[from] item: Leftovers\n|upkeep\n|turn|10\n|inactive|Time left: 300 sec this turn | 300 sec total\n|\n|t:|1783563668\n|move|p1a: Scream Tail|Dazzling Gleam|p2a: Araquanid\n|-damage|p2a: Araquanid|63/100\n|move|p2a: Araquanid|Liquidation|p1a: Scream Tail\n|-damage|p1a: Scream Tail|177/330\n|\n|-heal|p1a: Scream Tail|197/330|[from] item: Leftovers\n|upkeep\n|turn|11\n|inactive|Time left: 300 sec this turn | 300 sec total\n|\n|t:|1783563669\n|move|p1a: Scream Tail|Wish|p1a: Scream Tail\n|move|p2a: Araquanid|Liquidation|p1a: Scream Tail\n|-damage|p1a: Scream Tail|68/330\n|-unboost|p1a: Scream Tail|def|1\n|\n|-heal|p1a: Scream Tail|88/330|[from] item: Leftovers\n|upkeep\n|turn|12\n|inactive|Time left: 300 sec this turn | 300 sec total\n|\n|t:|1783563670\n|move|p1a: Scream Tail|Protect|p1a: Scream Tail\n|-singleturn|p1a: Scream Tail|Protect\n|move|p2a: Araquanid|Liquidation|p1a: Scream Tail\n|-activate|p1a: Scream Tail|move: Protect\n|\n|-heal|p1a: Scream Tail|253/330|[from] move: Wish|[wisher] Scream Tail\n|-heal|p1a: Scream Tail|273/330|[from] item: Leftovers\n|upkeep\n|turn|13\n|inactive|Time left: 300 sec this turn | 300 sec total\n|\n|t:|1783563671\n|-end|p1a: Scream Tail|Protosynthesis|[silent]\n|switch|p1a: Noctowl|Noctowl, L95, F|344/344\n|move|p2a: Araquanid|Liquidation|p1a: Noctowl\n|-damage|p1a: Noctowl|178/344\n|\n|upkeep\n|turn|14\n|inactive|Time left: 300 sec this turn | 300 sec total\n|\n|t:|1783563672\n|move|p1a: Noctowl|Hurricane|p2a: Araquanid\n|-supereffective|p2a: Araquanid\n|-damage|p2a: Araquanid|0 fnt\n|faint|p2a: Araquanid\n|\n|upkeep\n|\n|t:|1783563673\n|switch|p2a: Cryogonal|Cryogonal, L89|100/100\n|turn|15\n|inactive|Time left: 300 sec this turn | 300 sec total\n|\n|t:|1783563674\n|move|p2a: Cryogonal|Ice Beam|p1a: Noctowl\n|-supereffective|p1a: Noctowl\n|-damage|p1a: Noctowl|0 fnt\n|faint|p1a: Noctowl\n|\n|upkeep\n|inactive|Time left: 300 sec this turn | 300 sec total | 5 sec grace\n|\n|t:|1783563675\n|switch|p1a: Meowstic|Meowstic-F, L89, F|277/277\n|-activate|p1a: Meowstic|move: Sticky Web\n|-unboost|p1a: Meowstic|spe|1\n|-ability|p1a: Meowstic|Competitive|boost\n|-boost|p1a: Meowstic|spa|2\n|turn|16\n|inactive|Time left: 300 sec this turn | 300 sec total\n|\n|t:|1783563675\n|move|p2a: Cryogonal|Ice Beam|p1a: Meowstic\n|-damage|p1a: Meowstic|168/277\n|move|p1a: Meowstic|Psyshock|p2a: Cryogonal\n|-damage|p2a: Cryogonal|0 fnt\n|faint|p2a: Cryogonal\n|-damage|p1a: Meowstic|141/277|[from] item: Life Orb\n|\n|upkeep\n|\n|t:|1783563676\n|switch|p2a: Girafarig|Girafarig, L89, M|100/100\n|turn|17\n|inactive|Time left: 300 sec this turn | 300 sec total\n|\n|t:|1783563677\n|move|p2a: Girafarig|Nasty Plot|p2a: Girafarig\n|-boost|p2a: Girafarig|spa|2\n|move|p1a: Meowstic|Dark Pulse|p2a: Girafarig\n|-supereffective|p2a: Girafarig\n|-damage|p2a: Girafarig|12/100\n|-damage|p1a: Meowstic|114/277|[from] item: Life Orb\n|\n|upkeep\n|turn|18\n|inactive|Time left: 300 sec this turn | 300 sec total\n|\n|t:|1783563678\n|switch|p1a: Blissey|Blissey, L85, F|572/572\n|-activate|p1a: Blissey|move: Sticky Web\n|-unboost|p1a: Blissey|spe|1\n|move|p2a: Girafarig|Dazzling Gleam|p1a: Blissey\n|-crit|p1a: Blissey\n|-damage|p1a: Blissey|451/572\n|\n|-heal|p1a: Blissey|486/572|[from] item: Leftovers\n|upkeep\n|turn|19\n|inactive|Time left: 300 sec this turn | 300 sec total\n|\n|t:|1783563679\n|move|p2a: Girafarig|Dazzling Gleam|p1a: Blissey\n|-damage|p1a: Blissey|406/572\n|move|p1a: Blissey|Seismic Toss|p2a: Girafarig\n|-damage|p2a: Girafarig|0 fnt\n|faint|p2a: Girafarig\n|\n|-heal|p1a: Blissey|441/572|[from] item: Leftovers\n|upkeep\n|\n|t:|1783563681\n|switch|p2a: Chesnaught|Chesnaught, L84, M|100/100\n|turn|20\n|inactive|Time left: 300 sec this turn | 300 sec total\n|\n|t:|1783563682\n|switch|p1a: Scream Tail|Scream Tail, L84|273/330\n|-activate|p1a: Scream Tail|move: Sticky Web\n|-unboost|p1a: Scream Tail|spe|1\n|move|p2a: Chesnaught|Trailblaze|p1a: Scream Tail\n|-damage|p1a: Scream Tail|221/330\n|-boost|p2a: Chesnaught|spe|1\n|\n|-heal|p1a: Scream Tail|241/330|[from] item: Leftovers\n|upkeep\n|turn|21\n|inactive|Time left: 300 sec this turn | 300 sec total\n|\n|t:|1783563683\n|move|p2a: Chesnaught|Trailblaze|p1a: Scream Tail\n|-damage|p1a: Scream Tail|186/330\n|-boost|p2a: Chesnaught|spe|1\n|move|p1a: Scream Tail|Wish|p1a: Scream Tail\n|\n|-heal|p1a: Scream Tail|206/330|[from] item: Leftovers\n|upkeep\n|turn|22\n|inactive|Time left: 300 sec this turn | 300 sec total\n|\n|t:|1783563684\n|move|p2a: Chesnaught|Iron Defense|p2a: Chesnaught\n|-boost|p2a: Chesnaught|def|2\n|move|p1a: Scream Tail|Encore|p2a: Chesnaught\n|-start|p2a: Chesnaught|Encore\n|\n|-heal|p1a: Scream Tail|330/330|[from] move: Wish|[wisher] Scream Tail\n|upkeep\n|turn|23\n|inactive|Time left: 300 sec this turn | 300 sec total\n|\n|t:|1783563685\n|move|p2a: Chesnaught|Iron Defense|p2a: Chesnaught\n|-boost|p2a: Chesnaught|def|2\n|move|p1a: Scream Tail|Dazzling Gleam|p2a: Chesnaught\n|-supereffective|p2a: Chesnaught\n|-damage|p2a: Chesnaught|51/100\n|\n|-heal|p2a: Chesnaught|57/100|[from] item: Leftovers\n|upkeep\n|turn|24\n|inactive|Time left: 300 sec this turn | 300 sec total\n|\n|t:|1783563686\n|move|p2a: Chesnaught|Iron Defense|p2a: Chesnaught\n|-boost|p2a: Chesnaught|def|2\n|move|p1a: Scream Tail|Dazzling Gleam|p2a: Chesnaught\n|-supereffective|p2a: Chesnaught\n|-damage|p2a: Chesnaught|11/100\n|\n|-heal|p2a: Chesnaught|17/100|[from] item: Leftovers\n|upkeep\n|turn|25\n|inactive|Time left: 300 sec this turn | 300 sec total\n|\n|t:|1783563687\n|move|p2a: Chesnaught|Iron Defense|p2a: Chesnaught\n|-boost|p2a: Chesnaught|def|0\n|move|p1a: Scream Tail|Encore||[still]\n|-fail|p1a: Scream Tail\n|\n|-heal|p2a: Chesnaught|23/100|[from] item: Leftovers\n|-end|p2a: Chesnaught|Encore\n|upkeep\n|turn|26\n|inactive|Time left: 300 sec this turn | 300 sec total\n|\n|t:|1783563688\n|move|p2a: Chesnaught|Synthesis|p2a: Chesnaught\n|-heal|p2a: Chesnaught|73/100\n|move|p1a: Scream Tail|Dazzling Gleam|p2a: Chesnaught\n|-supereffective|p2a: Chesnaught\n|-damage|p2a: Chesnaught|18/100\n|\n|-heal|p2a: Chesnaught|24/100|[from] item: Leftovers\n|upkeep\n|turn|27\n|inactive|Time left: 300 sec this turn | 300 sec total\n|\n|t:|1783563689\n|move|p2a: Chesnaught|Synthesis|p2a: Chesnaught\n|-heal|p2a: Chesnaught|74/100\n|move|p1a: Scream Tail|Dazzling Gleam|p2a: Chesnaught\n|-supereffective|p2a: Chesnaught\n|-damage|p2a: Chesnaught|20/100\n|\n|-heal|p2a: Chesnaught|26/100|[from] item: Leftovers\n|upkeep\n|turn|28\n|inactive|Time left: 300 sec this turn | 300 sec total\n|\n|t:|1783563690\n|move|p2a: Chesnaught|Synthesis|p2a: Chesnaught\n|-heal|p2a: Chesnaught|76/100\n|move|p1a: Scream Tail|Dazzling Gleam|p2a: Chesnaught\n|-supereffective|p2a: Chesnaught\n|-damage|p2a: Chesnaught|26/100\n|\n|-heal|p2a: Chesnaught|32/100|[from] item: Leftovers\n|upkeep\n|turn|29\n|inactive|Time left: 300 sec this turn | 300 sec total\n|\n|t:|1783563691\n|move|p2a: Chesnaught|Synthesis|p2a: Chesnaught\n|-heal|p2a: Chesnaught|82/100\n|move|p1a: Scream Tail|Dazzling Gleam|p2a: Chesnaught\n|-supereffective|p2a: Chesnaught\n|-damage|p2a: Chesnaught|35/100\n|\n|-heal|p2a: Chesnaught|41/100|[from] item: Leftovers\n|upkeep\n|turn|30\n|inactive|Time left: 300 sec this turn | 300 sec total\n|\n|t:|1783563692\n|move|p2a: Chesnaught|Synthesis|p2a: Chesnaught\n|-heal|p2a: Chesnaught|91/100\n|move|p1a: Scream Tail|Dazzling Gleam|p2a: Chesnaught\n|-supereffective|p2a: Chesnaught\n|-damage|p2a: Chesnaught|43/100\n|\n|-heal|p2a: Chesnaught|49/100|[from] item: Leftovers\n|upkeep\n|turn|31\n|inactive|Time left: 300 sec this turn | 300 sec total\n|\n|t:|1783563693\n|move|p2a: Chesnaught|Synthesis|p2a: Chesnaught\n|-heal|p2a: Chesnaught|98/100\n|move|p1a: Scream Tail|Encore|p2a: Chesnaught\n|-start|p2a: Chesnaught|Encore\n|\n|-heal|p2a: Chesnaught|100/100|[from] item: Leftovers\n|upkeep\n|turn|32\n|inactive|Time left: 300 sec this turn | 300 sec total\n|\n|t:|1783563694\n|switch|p2a: Hitmontop|Hitmontop, L88, M|3/100\n|-ability|p2a: Hitmontop|Intimidate|boost\n|-unboost|p1a: Scream Tail|atk|1\n|move|p1a: Scream Tail|Dazzling Gleam|p2a: Hitmontop\n|-supereffective|p2a: Hitmontop\n|-damage|p2a: Hitmontop|0 fnt\n|faint|p2a: Hitmontop\n|\n|upkeep\n|\n|t:|1783563695\n|switch|p2a: Chesnaught|Chesnaught, L84, M|100/100\n|turn|33\n|inactive|Time left: 300 sec this turn | 300 sec total\n|\n|t:|1783563695\n|-end|p1a: Scream Tail|Protosynthesis|[silent]\n|switch|p1a: Qwilfish|Qwilfish-Hisui, L83, M|244/244\n|-activate|p1a: Qwilfish|move: Sticky Web\n|-unboost|p1a: Qwilfish|spe|1\n|-ability|p1a: Qwilfish|Intimidate|boost\n|-unboost|p2a: Chesnaught|atk|1\n|move|p2a: Chesnaught|Trailblaze|p1a: Qwilfish\n|-resisted|p1a: Qwilfish\n|-damage|p1a: Qwilfish|230/244\n|-boost|p2a: Chesnaught|spe|1\n|\n|upkeep\n|turn|34\n|inactive|Time left: 300 sec this turn | 300 sec total\n|\n|t:|1783563696\n|move|p2a: Chesnaught|Iron Defense|p2a: Chesnaught\n|-boost|p2a: Chesnaught|def|2\n|move|p1a: Qwilfish|Gunk Shot|p2a: Chesnaught\n|-supereffective|p2a: Chesnaught\n|-damage|p2a: Chesnaught|67/100\n|\n|-heal|p2a: Chesnaught|73/100|[from] item: Leftovers\n|upkeep\n|turn|35\n|inactive|Time left: 300 sec this turn | 300 sec total\n|\n|t:|1783563697\n|switch|p1a: Scream Tail|Scream Tail, L84|330/330\n|-activate|p1a: Scream Tail|move: Sticky Web\n|-unboost|p1a: Scream Tail|spe|1\n|move|p2a: Chesnaught|Body Press|p1a: Scream Tail\n|-resisted|p1a: Scream Tail\n|-damage|p1a: Scream Tail|283/330\n|\n|-heal|p2a: Chesnaught|79/100|[from] item: Leftovers\n|-heal|p1a: Scream Tail|303/330|[from] item: Leftovers\n|upkeep\n|turn|36\n|inactive|Time left: 300 sec this turn | 300 sec total\n|\n|t:|1783563698\n|move|p2a: Chesnaught|Trailblaze|p1a: Scream Tail\n|-damage|p1a: Scream Tail|269/330\n|-boost|p2a: Chesnaught|spe|1\n|move|p1a: Scream Tail|Dazzling Gleam|p2a: Chesnaught\n|-supereffective|p2a: Chesnaught\n|-damage|p2a: Chesnaught|30/100\n|\n|-heal|p2a: Chesnaught|36/100|[from] item: Leftovers\n|-heal|p1a: Scream Tail|289/330|[from] item: Leftovers\n|upkeep\n|turn|37\n|inactive|Time left: 300 sec this turn | 300 sec total\n|\n|t:|1783563699\n|move|p2a: Chesnaught|Synthesis|p2a: Chesnaught\n|-heal|p2a: Chesnaught|86/100\n|move|p1a: Scream Tail|Encore|p2a: Chesnaught\n|-start|p2a: Chesnaught|Encore\n|\n|-heal|p2a: Chesnaught|92/100|[from] item: Leftovers\n|-heal|p1a: Scream Tail|309/330|[from] item: Leftovers\n|upkeep\n|turn|38\n|inactive|Time left: 300 sec this turn | 300 sec total\n|\n|t:|1783563700\n|switch|p2a: Latios|Latios, L78, M|100/100\n|move|p1a: Scream Tail|Dazzling Gleam|p2a: Latios\n|-supereffective|p2a: Latios\n|-damage|p2a: Latios|52/100\n|\n|-heal|p1a: Scream Tail|329/330|[from] item: Leftovers\n|upkeep\n|turn|39\n|inactive|Time left: 300 sec this turn | 300 sec total\n|\n|t:|1783563702\n|move|p2a: Latios|Calm Mind|p2a: Latios\n|-boost|p2a: Latios|spa|1\n|-boost|p2a: Latios|spd|1\n|move|p1a: Scream Tail|Dazzling Gleam|p2a: Latios\n|-supereffective|p2a: Latios\n|-damage|p2a: Latios|24/100\n|\n|-heal|p1a: Scream Tail|330/330|[from] item: Leftovers\n|upkeep\n|turn|40\n|inactive|Time left: 300 sec this turn | 300 sec total\n|\n|t:|1783563703\n|-end|p1a: Scream Tail|Protosynthesis|[silent]\n|switch|p1a: Qwilfish|Qwilfish-Hisui, L83, M|230/244\n|-activate|p1a: Qwilfish|move: Sticky Web\n|-unboost|p1a: Qwilfish|spe|1\n|-ability|p1a: Qwilfish|Intimidate|boost\n|-unboost|p2a: Latios|atk|1\n|move|p2a: Latios|Recover|p2a: Latios\n|-heal|p2a: Latios|74/100\n|\n|upkeep\n|turn|41\n|inactive|Time left: 300 sec this turn | 300 sec total\n|\n|t:|1783563704\n|move|p2a: Latios|Draco Meteor|p1a: Qwilfish\n|-damage|p1a: Qwilfish|0 fnt\n|-unboost|p2a: Latios|spa|2\n|faint|p1a: Qwilfish\n|\n|upkeep\n|inactive|Time left: 300 sec this turn | 300 sec total | 5 sec grace\n|\n|t:|1783563705\n|switch|p1a: Meowstic|Meowstic-F, L89, F|114/277\n|-activate|p1a: Meowstic|move: Sticky Web\n|-unboost|p1a: Meowstic|spe|1\n|-ability|p1a: Meowstic|Competitive|boost\n|-boost|p1a: Meowstic|spa|2\n|turn|42\n|inactive|Time left: 300 sec this turn | 300 sec total\n|\n|t:|1783563706\n|move|p2a: Latios|Draco Meteor|p1a: Meowstic\n|-crit|p1a: Meowstic\n|-damage|p1a: Meowstic|0 fnt\n|-unboost|p2a: Latios|spa|2\n|faint|p1a: Meowstic\n|\n|upkeep\n|inactive|Time left: 300 sec this turn | 300 sec total | 5 sec grace\n|\n|t:|1783563707\n|switch|p1a: Blissey|Blissey, L85, F|235/235\n|-activate|p1a: Blissey|move: Sticky Web\n|-unboost|p1a: Blissey|spe|1\n|turn|43\n|inactive|Time left: 300 sec this turn | 300 sec total\n|\n|t:|1783563708\n|switch|p2a: Chesnaught|Chesnaught, L84, M|92/100\n|move|p1a: Blissey|Nasty Plot|p1a: Blissey\n|-boost|p1a: Blissey|spa|2\n|\n|-heal|p2a: Chesnaught|98/100|[from] item: Leftovers\n|upkeep\n|turn|44\n|inactive|Time left: 300 sec this turn | 300 sec total\n|\n|t:|1783563709\n|-terastallize|p1a: Blissey|Poison\n|move|p2a: Chesnaught|Trailblaze|p1a: Blissey\n|-resisted|p1a: Blissey\n|-damage|p1a: Blissey|195/235\n|-boost|p2a: Chesnaught|spe|1\n|replace|p1a: Zoroark|Zoroark, L83, F\n|-end|p1a: Zoroark|Illusion\n|-hint|Illusion Level Mod is active, so this Pok\u00e9mon's true level was hidden.\n|move|p1a: Zoroark|Psychic|p2a: Chesnaught\n|-supereffective|p2a: Chesnaught\n|-damage|p2a: Chesnaught|0 fnt\n|faint|p2a: Chesnaught\n|-damage|p1a: Zoroark|172/235|[from] item: Life Orb\n|\n|upkeep\n|\n|t:|1783563710\n|switch|p2a: Latios|Latios, L78, M|74/100\n|turn|45\n|inactive|Time left: 300 sec this turn | 300 sec total\n|\n|t:|1783563711\n|switch|p1a: Scream Tail|Scream Tail, L84|330/330\n|-activate|p1a: Scream Tail|move: Sticky Web\n|-unboost|p1a: Scream Tail|spe|1\n|move|p2a: Latios|Psyshock|p1a: Scream Tail\n|-resisted|p1a: Scream Tail\n|-damage|p1a: Scream Tail|282/330\n|\n|-heal|p1a: Scream Tail|302/330|[from] item: Leftovers\n|upkeep\n|turn|46\n|inactive|Time left: 300 sec this turn | 300 sec total\n|\n|t:|1783563712\n|move|p1a: Scream Tail|Protect|p1a: Scream Tail\n|-singleturn|p1a: Scream Tail|Protect\n|move|p2a: Latios|Calm Mind|p2a: Latios\n|-boost|p2a: Latios|spa|1\n|-boost|p2a: Latios|spd|1\n|\n|-heal|p1a: Scream Tail|322/330|[from] item: Leftovers\n|upkeep\n|turn|47\n|inactive|Time left: 300 sec this turn | 300 sec total\n|\n|t:|1783563713\n|move|p2a: Latios|Calm Mind|p2a: Latios\n|-boost|p2a: Latios|spa|1\n|-boost|p2a: Latios|spd|1\n|move|p1a: Scream Tail|Wish|p1a: Scream Tail\n|\n|-heal|p1a: Scream Tail|330/330|[from] item: Leftovers\n|upkeep\n|turn|48\n|inactive|Time left: 300 sec this turn | 300 sec total\n|\n|t:|1783563714\n|move|p2a: Latios|Psyshock|p1a: Scream Tail\n|-resisted|p1a: Scream Tail\n|-damage|p1a: Scream Tail|230/330\n|move|p1a: Scream Tail|Encore|p2a: Latios\n|-start|p2a: Latios|Encore\n|\n|-heal|p1a: Scream Tail|330/330|[from] move: Wish|[wisher] Scream Tail\n|upkeep\n|turn|49\n|inactive|Time left: 300 sec this turn | 300 sec total\n|\n|t:|1783563715\n|-terastallize|p2a: Latios|Steel\n|move|p2a: Latios|Psyshock|p1a: Scream Tail\n|-resisted|p1a: Scream Tail\n|-damage|p1a: Scream Tail|231/330\n|move|p1a: Scream Tail|Wish|p1a: Scream Tail\n|\n|-heal|p1a: Scream Tail|251/330|[from] item: Leftovers\n|upkeep\n|turn|50\n|inactive|Time left: 300 sec this turn | 300 sec total\n|\n|t:|1783563716\n|move|p1a: Scream Tail|Protect|p1a: Scream Tail\n|-singleturn|p1a: Scream Tail|Protect\n|move|p2a: Latios|Psyshock|p1a: Scream Tail\n|-activate|p1a: Scream Tail|move: Protect\n|\n|-heal|p1a: Scream Tail|330/330|[from] move: Wish|[wisher] Scream Tail\n|upkeep\n|turn|51\n|inactive|Time left: 300 sec this turn | 300 sec total\n|\n|t:|1783563716\n|move|p2a: Latios|Psyshock|p1a: Scream Tail\n|-resisted|p1a: Scream Tail\n|-damage|p1a: Scream Tail|222/330\n|move|p1a: Scream Tail|Wish|p1a: Scream Tail\n|\n|-heal|p1a: Scream Tail|242/330|[from] item: Leftovers\n|-end|p2a: Latios|Encore\n|upkeep\n|turn|52\n|inactive|Time left: 300 sec this turn | 300 sec total\n|\n|t:|1783563717\n|move|p2a: Latios|Psyshock|p1a: Scream Tail\n|-resisted|p1a: Scream Tail\n|-damage|p1a: Scream Tail|138/330\n|move|p1a: Scream Tail|Encore|p2a: Latios\n|-start|p2a: Latios|Encore\n|\n|-heal|p1a: Scream Tail|303/330|[from] move: Wish|[wisher] Scream Tail\n|-heal|p1a: Scream Tail|323/330|[from] item: Leftovers\n|upkeep\n|turn|53\n|inactive|Time left: 300 sec this turn | 300 sec total\n|\n|t:|1783563718\n|move|p2a: Latios|Psyshock|p1a: Scream Tail\n|-resisted|p1a: Scream Tail\n|-damage|p1a: Scream Tail|221/330\n|move|p1a: Scream Tail|Wish|p1a: Scream Tail\n|\n|-heal|p1a: Scream Tail|241/330|[from] item: Leftovers\n|upkeep\n|turn|54\n|inactive|Time left: 300 sec this turn | 300 sec total\n|\n|t:|1783563719\n|move|p2a: Latios|Psyshock|p1a: Scream Tail\n|-resisted|p1a: Scream Tail\n|-damage|p1a: Scream Tail|134/330\n|move|p1a: Scream Tail|Encore||[still]\n|-fail|p1a: Scream Tail\n|\n|-heal|p1a: Scream Tail|299/330|[from] move: Wish|[wisher] Scream Tail\n|-heal|p1a: Scream Tail|319/330|[from] item: Leftovers\n|upkeep\n|turn|55\n|inactive|Time left: 300 sec this turn | 300 sec total\n|\n|t:|1783563720\n|move|p2a: Latios|Psyshock|p1a: Scream Tail\n|-resisted|p1a: Scream Tail\n|-damage|p1a: Scream Tail|217/330\n|move|p1a: Scream Tail|Wish|p1a: Scream Tail\n|\n|-heal|p1a: Scream Tail|237/330|[from] item: Leftovers\n|-end|p2a: Latios|Encore\n|upkeep\n|turn|56\n|inactive|Time left: 300 sec this turn | 300 sec total\n|\n|t:|1783563721\n|move|p1a: Scream Tail|Protect|p1a: Scream Tail\n|-singleturn|p1a: Scream Tail|Protect\n|move|p2a: Latios|Psyshock|p1a: Scream Tail\n|-activate|p1a: Scream Tail|move: Protect\n|\n|-heal|p1a: Scream Tail|330/330|[from] move: Wish|[wisher] Scream Tail\n|upkeep\n|turn|57\n|inactive|Time left: 300 sec this turn | 300 sec total\n|\n|t:|1783563722\n|move|p2a: Latios|Psyshock|p1a: Scream Tail\n|-resisted|p1a: Scream Tail\n|-damage|p1a: Scream Tail|235/330\n|move|p1a: Scream Tail|Wish|p1a: Scream Tail\n|\n|-heal|p1a: Scream Tail|255/330|[from] item: Leftovers\n|upkeep\n|turn|58\n|inactive|Time left: 300 sec this turn | 300 sec total\n|\n|t:|1783563723\n|move|p2a: Latios|Psyshock|p1a: Scream Tail\n|-resisted|p1a: Scream Tail\n|-damage|p1a: Scream Tail|153/330\n|move|p1a: Scream Tail|Encore|p2a: Latios\n|-start|p2a: Latios|Encore\n|\n|-heal|p1a: Scream Tail|318/330|[from] move: Wish|[wisher] Scream Tail\n|-heal|p1a: Scream Tail|330/330|[from] item: Leftovers\n|upkeep\n|turn|59\n|inactive|Time left: 300 sec this turn | 300 sec total\n|\n|t:|1783563724\n|move|p2a: Latios|Psyshock|p1a: Scream Tail\n|-resisted|p1a: Scream Tail\n|-damage|p1a: Scream Tail|233/330\n|move|p1a: Scream Tail|Wish|p1a: Scream Tail\n|\n|-heal|p1a: Scream Tail|253/330|[from] item: Leftovers\n|upkeep\n|turn|60\n|inactive|Time left: 300 sec this turn | 300 sec total\n|\n|t:|1783563725\n|move|p1a: Scream Tail|Protect|p1a: Scream Tail\n|-singleturn|p1a: Scream Tail|Protect\n|move|p2a: Latios|Psyshock|p1a: Scream Tail\n|-activate|p1a: Scream Tail|move: Protect\n|\n|-heal|p1a: Scream Tail|330/330|[from] move: Wish|[wisher] Scream Tail\n|upkeep\n|turn|61\n|inactive|Time left: 300 sec this turn | 300 sec total\n|\n|t:|1783563726\n|move|p2a: Latios|Psyshock|p1a: Scream Tail\n|-resisted|p1a: Scream Tail\n|-damage|p1a: Scream Tail|235/330\n|move|p1a: Scream Tail|Wish|p1a: Scream Tail\n|\n|-heal|p1a: Scream Tail|255/330|[from] item: Leftovers\n|-end|p2a: Latios|Encore\n|upkeep\n|turn|62\n|inactive|Time left: 300 sec this turn | 300 sec total\n|\n|t:|1783563727\n|move|p1a: Scream Tail|Protect|p1a: Scream Tail\n|-singleturn|p1a: Scream Tail|Protect\n|move|p2a: Latios|Calm Mind|p2a: Latios\n|-boost|p2a: Latios|spa|1\n|-boost|p2a: Latios|spd|1\n|\n|-heal|p1a: Scream Tail|330/330|[from] move: Wish|[wisher] Scream Tail\n|upkeep\n|turn|63\n|inactive|Time left: 300 sec this turn | 300 sec total\n|\n|t:|1783563728\n|move|p1a: Scream Tail|Protect|p1a: Scream Tail\n|-singleturn|p1a: Scream Tail|Protect\n|move|p2a: Latios|Calm Mind|p2a: Latios\n|-boost|p2a: Latios|spa|1\n|-boost|p2a: Latios|spd|1\n|\n|upkeep\n|turn|64\n|inactive|Time left: 300 sec this turn | 300 sec total\n|\n|t:|1783563729\n|move|p1a: Scream Tail|Protect||[still]\n|-fail|p1a: Scream Tail\n|move|p2a: Latios|Psyshock|p1a: Scream Tail\n|-resisted|p1a: Scream Tail\n|-damage|p1a: Scream Tail|178/330\n|\n|-heal|p1a: Scream Tail|198/330|[from] item: Leftovers\n|upkeep\n|turn|65\n|inactive|Time left: 300 sec this turn | 300 sec total\n|\n|t:|1783563730\n|-end|p1a: Scream Tail|Protosynthesis|[silent]\n|switch|p1a: Blissey|Blissey, L85, F|441/572\n|-activate|p1a: Blissey|move: Sticky Web\n|-unboost|p1a: Blissey|spe|1\n|move|p2a: Latios|Recover|p2a: Latios\n|-heal|p2a: Latios|100/100\n|\n|-heal|p1a: Blissey|476/572|[from] item: Leftovers\n|upkeep\n|turn|66\n|inactive|Time left: 300 sec this turn | 300 sec total\n|\n|t:|1783563731\n|move|p2a: Latios|Calm Mind|p2a: Latios\n|-boost|p2a: Latios|spa|1\n|-boost|p2a: Latios|spd|1\n|move|p1a: Blissey|Thunder Wave|p2a: Latios\n|-status|p2a: Latios|par\n|\n|-heal|p1a: Blissey|511/572|[from] item: Leftovers\n|upkeep\n|turn|67\n|inactive|Time left: 300 sec this turn | 300 sec total\n|\n|t:|1783563732\n|move|p2a: Latios|Draco Meteor|p1a: Blissey\n|-damage|p1a: Blissey|90/572\n|-unboost|p2a: Latios|spa|2\n|move|p1a: Blissey|Seismic Toss|p2a: Latios\n|-damage|p2a: Latios|67/100 par\n|\n|-heal|p1a: Blissey|125/572|[from] item: Leftovers\n|upkeep\n|turn|68\n|inactive|Time left: 300 sec this turn | 300 sec total\n|\n|t:|1783563733\n|cant|p2a: Latios|par\n|move|p1a: Blissey|Soft-Boiled|p1a: Blissey\n|-heal|p1a: Blissey|411/572\n|\n|-heal|p1a: Blissey|446/572|[from] item: Leftovers\n|upkeep\n|turn|69\n|inactive|Time left: 300 sec this turn | 300 sec total\n|\n|t:|1783563734\n|move|p2a: Latios|Recover|p2a: Latios\n|-heal|p2a: Latios|100/100 par\n|move|p1a: Blissey|Seismic Toss|p2a: Latios\n|-damage|p2a: Latios|67/100 par\n|\n|-heal|p1a: Blissey|481/572|[from] item: Leftovers\n|upkeep\n|turn|70\n|inactive|Time left: 300 sec this turn | 300 sec total\n|\n|t:|1783563735\n|move|p2a: Latios|Recover|p2a: Latios\n|-heal|p2a: Latios|100/100 par\n|move|p1a: Blissey|Seismic Toss|p2a: Latios\n|-damage|p2a: Latios|67/100 par\n|\n|-heal|p1a: Blissey|516/572|[from] item: Leftovers\n|upkeep\n|turn|71\n|inactive|Time left: 300 sec this turn | 300 sec total\n|\n|t:|1783563736\n|move|p2a: Latios|Recover|p2a: Latios\n|-heal|p2a: Latios|100/100 par\n|move|p1a: Blissey|Seismic Toss|p2a: Latios\n|-damage|p2a: Latios|67/100 par\n|\n|-heal|p1a: Blissey|551/572|[from] item: Leftovers\n|upkeep\n|turn|72\n|inactive|Time left: 300 sec this turn | 300 sec total\n|\n|t:|1783563737\n|move|p2a: Latios|Recover|p2a: Latios\n|-heal|p2a: Latios|100/100 par\n|move|p1a: Blissey|Seismic Toss|p2a: Latios\n|-damage|p2a: Latios|67/100 par\n|\n|-heal|p1a: Blissey|572/572|[from] item: Leftovers\n|upkeep\n|turn|73\n|inactive|Time left: 300 sec this turn | 300 sec total\n|\n|t:|1783563738\n|move|p2a: Latios|Recover|p2a: Latios\n|-heal|p2a: Latios|100/100 par\n|move|p1a: Blissey|Seismic Toss|p2a: Latios\n|-damage|p2a: Latios|67/100 par\n|\n|upkeep\n|turn|74\n|inactive|Time left: 300 sec this turn | 300 sec total\n|\n|t:|1783563739\n|cant|p2a: Latios|par\n|move|p1a: Blissey|Seismic Toss|p2a: Latios\n|-damage|p2a: Latios|33/100 par\n|\n|upkeep\n|turn|75\n|inactive|Time left: 300 sec this turn | 300 sec total\n|\n|t:|1783563740\n|move|p2a: Latios|Recover|p2a: Latios\n|-heal|p2a: Latios|84/100 par\n|move|p1a: Blissey|Seismic Toss|p2a: Latios\n|-damage|p2a: Latios|50/100 par\n|\n|upkeep\n|turn|76\n|inactive|Time left: 300 sec this turn | 300 sec total\n|\n|t:|1783563741\n|move|p2a: Latios|Calm Mind|p2a: Latios\n|-boost|p2a: Latios|spa|1\n|-boost|p2a: Latios|spd|1\n|move|p1a: Blissey|Seismic Toss|p2a: Latios\n|-damage|p2a: Latios|16/100 par\n|\n|upkeep\n|turn|77\n|inactive|Time left: 300 sec this turn | 300 sec total\n|\n|t:|1783563742\n|move|p2a: Latios|Draco Meteor|p1a: Blissey\n|-damage|p1a: Blissey|175/572\n|-unboost|p2a: Latios|spa|2\n|move|p1a: Blissey|Seismic Toss|p2a: Latios\n|-damage|p2a: Latios|0 fnt\n|faint|p2a: Latios\n|\n|win|p0x21136079", "uploadtime": 1783563742, "views": 0, "rating": 0, "private": 0, "password": null, "_winner": "p0x21136079", "_our_name": "p0x21136079"}