{"id": "battle-gen9randombattle-62", "formatid": "gen9randombattle", "format": "[Gen 9] Random Battle", "players": ["p0x0624753", "p0y062c79e"], "log": "|init|battle\n|title|p0x0624753 vs. p0y062c79e\n|j|\u2606p0x0624753\n|j|\u2606p0y062c79e\n|t:|1783540182\n|gametype|singles\n|player|p1|p0x0624753|266|\n|player|p2|p0y062c79e|101|\n|gen|9\n|tier|[Gen 9] Random Battle\n|rule|Species Clause: Limit one of each Pok\u00e9mon\n|rule|HP Percentage Mod: HP is shown in percentages\n|rule|Sleep Clause Mod: Limit one foe put to sleep\n|rule|Illusion Level Mod: Illusion disguises the Pok\u00e9mon's true level\n|\n|t:|1783540182\n|teamsize|p1|6\n|teamsize|p2|6\n|start\n|switch|p1a: Wugtrio|Wugtrio, L91, F|100/100\n|switch|p2a: Keldeo|Keldeo-Resolute, L79|273/273\n|turn|1\n|inactive|Battle timer is ON: inactive players will automatically lose when time's up. (requested by p0y062c79e)\n|\n|t:|1783540184\n|move|p1a: Wugtrio|Liquidation|p2a: Keldeo\n|-resisted|p2a: Keldeo\n|-damage|p2a: Keldeo|185/273\n|move|p2a: Keldeo|Secret Sword|p1a: Wugtrio\n|-damage|p1a: Wugtrio|38/100\n|\n|-heal|p2a: Keldeo|202/273|[from] item: Leftovers\n|upkeep\n|turn|2\n|inactive|Time left: 300 sec this turn | 300 sec total\n|inactive|p0x0624753 also wants the timer to be on.\n|\n|t:|1783540185\n|move|p1a: Wugtrio|Liquidation|p2a: Keldeo\n|-resisted|p2a: Keldeo\n|-damage|p2a: Keldeo|123/273\n|move|p2a: Keldeo|Secret Sword|p1a: Wugtrio\n|-damage|p1a: Wugtrio|0 fnt\n|faint|p1a: Wugtrio\n|\n|-heal|p2a: Keldeo|140/273|[from] item: Leftovers\n|upkeep\n|\n|t:|1783540186\n|switch|p1a: Spidops|Spidops, L96, F|100/100\n|turn|3\n|inactive|Time left: 300 sec this turn | 300 sec total\n|\n|t:|1783540187\n|move|p2a: Keldeo|Hydro Pump|p1a: Spidops\n|-damage|p1a: Spidops|58/100\n|move|p1a: Spidops|Sticky Web|p2a: Keldeo\n|-sidestart|p2: p0y062c79e|move: Sticky Web\n|\n|-heal|p2a: Keldeo|157/273|[from] item: Leftovers\n|upkeep\n|turn|4\n|inactive|Time left: 300 sec this turn | 300 sec total\n|\n|t:|1783540189\n|move|p2a: Keldeo|Hydro Pump|p1a: Spidops\n|-damage|p1a: Spidops|13/100\n|move|p1a: Spidops|U-turn|p2a: Keldeo\n|-resisted|p2a: Keldeo\n|-damage|p2a: Keldeo|116/273\n|\n|t:|1783540190\n|switch|p1a: Espeon|Espeon, L84, M|100/100|[from] U-turn\n|\n|-heal|p2a: Keldeo|133/273|[from] item: Leftovers\n|upkeep\n|turn|5\n|inactive|Time left: 300 sec this turn | 300 sec total\n|\n|t:|1783540191\n|-terastallize|p2a: Keldeo|Steel\n|move|p1a: Espeon|Psyshock|p2a: Keldeo\n|-resisted|p2a: Keldeo\n|-damage|p2a: Keldeo|51/273\n|move|p2a: Keldeo|Hydro Pump|p1a: Espeon\n|-damage|p1a: Espeon|51/100\n|\n|-heal|p2a: Keldeo|68/273|[from] item: Leftovers\n|upkeep\n|turn|6\n|inactive|Time left: 300 sec this turn | 300 sec total\n|\n|t:|1783540192\n|switch|p2a: Ursaluna|Ursaluna-Bloodmoon, L79, M|308/308\n|-activate|p2a: Ursaluna|move: Sticky Web\n|-unboost|p2a: Ursaluna|spe|1\n|move|p1a: Espeon|Psyshock|p2a: Ursaluna\n|-damage|p2a: Ursaluna|166/308\n|\n|-heal|p2a: Ursaluna|185/308|[from] item: Leftovers\n|upkeep\n|turn|7\n|inactive|Time left: 300 sec this turn | 300 sec total\n|\n|t:|1783540193\n|move|p1a: Espeon|Psyshock|p2a: Ursaluna\n|-damage|p2a: Ursaluna|59/308\n|move|p2a: Ursaluna|Blood Moon|p1a: Espeon\n|-damage|p1a: Espeon|0 fnt\n|faint|p1a: Espeon\n|\n|-heal|p2a: Ursaluna|78/308|[from] item: Leftovers\n|upkeep\n|\n|t:|1783540194\n|switch|p1a: Hatterene|Hatterene, L85, F|100/100\n|turn|8\n|inactive|Time left: 300 sec this turn | 300 sec total\n|\n|t:|1783540194\n|move|p1a: Hatterene|Calm Mind|p1a: Hatterene\n|-boost|p1a: Hatterene|spa|1\n|-boost|p1a: Hatterene|spd|1\n|move|p2a: Ursaluna|Moonlight|p2a: Ursaluna\n|-heal|p2a: Ursaluna|232/308\n|\n|-heal|p2a: Ursaluna|251/308|[from] item: Leftovers\n|upkeep\n|turn|9\n|inactive|Time left: 300 sec this turn | 300 sec total\n|\n|t:|1783540195\n|move|p1a: Hatterene|Psychic|p2a: Ursaluna\n|-damage|p2a: Ursaluna|0 fnt\n|faint|p2a: Ursaluna\n|\n|upkeep\n|inactive|Time left: 300 sec this turn | 300 sec total | 5 sec grace\n|\n|t:|1783540196\n|switch|p2a: Ambipom|Ambipom, L84, F|263/263\n|-activate|p2a: Ambipom|move: Sticky Web\n|-unboost|p2a: Ambipom|spe|1\n|turn|10\n|inactive|Time left: 300 sec this turn | 300 sec total\n|\n|t:|1783540196\n|move|p2a: Ambipom|Triple Axel|p1a: Hatterene|[miss]\n|-miss|p2a: Ambipom|p1a: Hatterene\n|move|p1a: Hatterene|Psychic|p2a: Ambipom\n|-damage|p2a: Ambipom|14/263\n|\n|upkeep\n|turn|11\n|inactive|Time left: 300 sec this turn | 300 sec total\n|\n|t:|1783540197\n|move|p2a: Ambipom|Triple Axel|p1a: Hatterene\n|-damage|p1a: Hatterene|88/100\n|-damage|p1a: Hatterene|63/100\n|-damage|p1a: Hatterene|25/100\n|-hitcount|p1a: Hatterene|3\n|move|p1a: Hatterene|Draining Kiss|p2a: Ambipom\n|-damage|p2a: Ambipom|0 fnt\n|-heal|p1a: Hatterene|30/100|[from] drain|[of] p2a: Ambipom\n|faint|p2a: Ambipom\n|\n|-heal|p1a: Hatterene|36/100|[from] item: Leftovers\n|upkeep\n|inactive|Time left: 300 sec this turn | 300 sec total | 5 sec grace\n|\n|t:|1783540198\n|switch|p2a: Kleavor|Kleavor, L78, F|237/237\n|-activate|p2a: Kleavor|move: Sticky Web\n|-unboost|p2a: Kleavor|spe|1\n|turn|12\n|inactive|Time left: 300 sec this turn | 300 sec total\n|\n|t:|1783540198\n|switch|p1a: Kommo-o|Kommo-o, L77, M|100/100\n|move|p2a: Kleavor|X-Scissor|p1a: Kommo-o\n|-resisted|p1a: Kommo-o\n|-damage|p1a: Kommo-o|63/100\n|\n|upkeep\n|turn|13\n|inactive|Time left: 300 sec this turn | 300 sec total\n|\n|t:|1783540199\n|switch|p2a: Conkeldurr|Conkeldurr, L80, F|299/299\n|-activate|p2a: Conkeldurr|move: Sticky Web\n|-unboost|p2a: Conkeldurr|spe|1\n|move|p1a: Kommo-o|Swords Dance|p1a: Kommo-o\n|-boost|p1a: Kommo-o|atk|2\n|\n|-status|p2a: Conkeldurr|brn|[from] item: Flame Orb\n|upkeep\n|turn|14\n|inactive|Time left: 300 sec this turn | 300 sec total\n|\n|t:|1783540200\n|move|p1a: Kommo-o|Iron Head|p2a: Conkeldurr\n|-damage|p2a: Conkeldurr|196/299 brn\n|cant|p2a: Conkeldurr|flinch\n|\n|-damage|p2a: Conkeldurr|178/299 brn|[from] brn\n|upkeep\n|turn|15\n|inactive|Time left: 300 sec this turn | 300 sec total\n|\n|t:|1783540201\n|switch|p2a: Comfey|Comfey, L85, F|225/225\n|-activate|p2a: Comfey|move: Sticky Web\n|-unboost|p2a: Comfey|spe|1\n|move|p1a: Kommo-o|Scale Shot|p2a: Comfey\n|-immune|p2a: Comfey\n|\n|upkeep\n|turn|16\n|inactive|Time left: 300 sec this turn | 300 sec total\n|\n|t:|1783540202\n|-terastallize|p1a: Kommo-o|Steel\n|move|p2a: Comfey|Draining Kiss|p1a: Kommo-o\n|-resisted|p1a: Kommo-o\n|-damage|p1a: Kommo-o|53/100\n|move|p1a: Kommo-o|Iron Head|p2a: Comfey\n|-supereffective|p2a: Comfey\n|-damage|p2a: Comfey|0 fnt\n|faint|p2a: Comfey\n|\n|upkeep\n|inactive|Time left: 300 sec this turn | 300 sec total | 5 sec grace\n|\n|t:|1783540203\n|switch|p2a: Conkeldurr|Conkeldurr, L80, F|178/299 brn\n|-activate|p2a: Conkeldurr|move: Sticky Web\n|-unboost|p2a: Conkeldurr|spe|1\n|turn|17\n|inactive|Time left: 300 sec this turn | 300 sec total\n|\n|t:|1783540204\n|move|p2a: Conkeldurr|Mach Punch|p1a: Kommo-o\n|-supereffective|p1a: Kommo-o\n|-damage|p1a: Kommo-o|0 fnt\n|faint|p1a: Kommo-o\n|\n|-damage|p2a: Conkeldurr|160/299 brn|[from] brn\n|upkeep\n|\n|t:|1783540205\n|switch|p1a: Hatterene|Hatterene, L85, F|36/100\n|turn|18\n|inactive|Time left: 300 sec this turn | 300 sec total\n|\n|t:|1783540206\n|switch|p2a: Kleavor|Kleavor, L78, F|237/237\n|-activate|p2a: Kleavor|move: Sticky Web\n|-unboost|p2a: Kleavor|spe|1\n|move|p1a: Hatterene|Draining Kiss|p2a: Kleavor\n|-damage|p2a: Kleavor|147/237\n|-heal|p1a: Hatterene|64/100|[from] drain|[of] p2a: Kleavor\n|\n|-heal|p1a: Hatterene|70/100|[from] item: Leftovers\n|upkeep\n|turn|19\n|inactive|Time left: 300 sec this turn | 300 sec total\n|\n|t:|1783540207\n|switch|p1a: Spidops|Spidops, L96, F|13/100\n|move|p2a: Kleavor|X-Scissor|p1a: Spidops\n|-damage|p1a: Spidops|0 fnt\n|faint|p1a: Spidops\n|\n|upkeep\n|\n|t:|1783540208\n|switch|p1a: Overqwil|Overqwil, L82, F|100/100\n|-ability|p1a: Overqwil|Intimidate|boost\n|-unboost|p2a: Kleavor|atk|1\n|turn|20\n|inactive|Time left: 300 sec this turn | 300 sec total\n|\n|t:|1783540209\n|switch|p2a: Keldeo|Keldeo-Resolute, L79, tera:Steel|68/273\n|-activate|p2a: Keldeo|move: Sticky Web\n|-unboost|p2a: Keldeo|spe|1\n|move|p1a: Overqwil|Swords Dance|p1a: Overqwil\n|-boost|p1a: Overqwil|atk|2\n|\n|-heal|p2a: Keldeo|85/273|[from] item: Leftovers\n|upkeep\n|turn|21\n|inactive|Time left: 300 sec this turn | 300 sec total\n|\n|t:|1783540210\n|move|p1a: Overqwil|Crunch|p2a: Keldeo\n|-damage|p2a: Keldeo|0 fnt\n|faint|p2a: Keldeo\n|\n|upkeep\n|inactive|Time left: 300 sec this turn | 300 sec total | 5 sec grace\n|\n|t:|1783540211\n|switch|p2a: Conkeldurr|Conkeldurr, L80, F|160/299 brn\n|-activate|p2a: Conkeldurr|move: Sticky Web\n|-unboost|p2a: Conkeldurr|spe|1\n|turn|22\n|inactive|Time left: 300 sec this turn | 300 sec total\n|\n|t:|1783540212\n|move|p1a: Overqwil|Scale Shot|p2a: Conkeldurr\n|-damage|p2a: Conkeldurr|119/299 brn\n|-damage|p2a: Conkeldurr|79/299 brn\n|-damage|p2a: Conkeldurr|43/299 brn\n|-damage|p2a: Conkeldurr|2/299 brn\n|-damage|p2a: Conkeldurr|0 fnt\n|faint|p2a: Conkeldurr\n|-hitcount|p2: Conkeldurr|5\n|-unboost|p1a: Overqwil|def|1\n|-boost|p1a: Overqwil|spe|1\n|\n|upkeep\n|inactive|Time left: 300 sec this turn | 300 sec total | 5 sec grace\n|\n|t:|1783540213\n|switch|p2a: Kleavor|Kleavor, L78, F|147/237\n|-activate|p2a: Kleavor|move: Sticky Web\n|-unboost|p2a: Kleavor|spe|1\n|turn|23\n|inactive|Time left: 300 sec this turn | 300 sec total\n|\n|t:|1783540214\n|move|p1a: Overqwil|Crunch|p2a: Kleavor\n|-damage|p2a: Kleavor|0 fnt\n|faint|p2a: Kleavor\n|\n|win|p0x0624753", "uploadtime": 1783540214, "views": 0, "rating": 0, "private": 0, "password": null, "_winner": "p0x0624753", "_our_name": "p0y062c79e"}