{"id": "battle-gen9randombattle-2219", "formatid": "gen9randombattle", "format": "[Gen 9] Random Battle", "players": ["p0x2219a900", "p0y221952ba"], "log": "|init|battle\n|title|p0x2219a900 vs. p0y221952ba\n|j|\u2606p0x2219a900\n|j|\u2606p0y221952ba\n|t:|1783564774\n|gametype|singles\n|player|p1|p0x2219a900|1|\n|player|p2|p0y221952ba|170|\n|gen|9\n|tier|[Gen 9] Random Battle\n|rule|Species Clause: Limit one of each Pok\u00e9mon\n|rule|HP Percentage Mod: HP is shown in percentages\n|rule|Sleep Clause Mod: Limit one foe put to sleep\n|rule|Illusion Level Mod: Illusion disguises the Pok\u00e9mon's true level\n|\n|t:|1783564774\n|teamsize|p1|6\n|teamsize|p2|6\n|start\n|switch|p1a: Salamence|Salamence, L77, M|100/100\n|switch|p2a: Deoxys|Deoxys-Defense, L84|221/221\n|-ability|p2a: Deoxys|Pressure\n|-ability|p1a: Salamence|Intimidate|boost\n|-unboost|p2a: Deoxys|atk|1\n|turn|1\n|inactive|Battle timer is ON: inactive players will automatically lose when time's up. (requested by p0x2219a900)\n|inactive|Time left: 300 sec this turn | 300 sec total | 60 sec grace\n|inactive|p0y221952ba also wants the timer to be on.\n|\n|t:|1783564776\n|switch|p2a: Skarmory|Skarmory, L80, F|235/235\n|move|p1a: Salamence|Dragon Dance|p1a: Salamence\n|-boost|p1a: Salamence|atk|1\n|-boost|p1a: Salamence|spe|1\n|\n|upkeep\n|turn|2\n|inactive|Time left: 300 sec this turn | 300 sec total\n|\n|t:|1783564777\n|move|p1a: Salamence|Outrage|p2a: Skarmory\n|-resisted|p2a: Skarmory\n|-crit|p2a: Skarmory\n|-damage|p2a: Skarmory|115/235\n|move|p2a: Skarmory|Whirlwind|p1a: Salamence\n|drag|p1a: Carbink|Carbink, L90|100/100\n|\n|-heal|p2a: Skarmory|129/235|[from] item: Leftovers\n|upkeep\n|turn|3\n|inactive|Time left: 300 sec this turn | 300 sec total\n|\n|t:|1783564778\n|move|p2a: Skarmory|Roost|p2a: Skarmory\n|-heal|p2a: Skarmory|235/235\n|-singleturn|p2a: Skarmory|move: Roost\n|move|p1a: Carbink|Body Press|p2a: Skarmory\n|-supereffective|p2a: Skarmory\n|-damage|p2a: Skarmory|91/235\n|\n|-heal|p2a: Skarmory|105/235|[from] item: Leftovers\n|upkeep\n|turn|4\n|inactive|Time left: 300 sec this turn | 300 sec total\n|\n|t:|1783564779\n|move|p2a: Skarmory|Roost|p2a: Skarmory\n|-heal|p2a: Skarmory|223/235\n|-singleturn|p2a: Skarmory|move: Roost\n|move|p1a: Carbink|Body Press|p2a: Skarmory\n|-supereffective|p2a: Skarmory\n|-damage|p2a: Skarmory|87/235\n|\n|-heal|p2a: Skarmory|101/235|[from] item: Leftovers\n|upkeep\n|turn|5\n|inactive|Time left: 300 sec this turn | 300 sec total\n|\n|t:|1783564780\n|move|p2a: Skarmory|Roost|p2a: Skarmory\n|-heal|p2a: Skarmory|219/235\n|-singleturn|p2a: Skarmory|move: Roost\n|move|p1a: Carbink|Body Press|p2a: Skarmory\n|-supereffective|p2a: Skarmory\n|-damage|p2a: Skarmory|87/235\n|\n|-heal|p2a: Skarmory|101/235|[from] item: Leftovers\n|upkeep\n|turn|6\n|inactive|Time left: 300 sec this turn | 300 sec total\n|\n|t:|1783564781\n|move|p2a: Skarmory|Roost|p2a: Skarmory\n|-heal|p2a: Skarmory|219/235\n|-singleturn|p2a: Skarmory|move: Roost\n|move|p1a: Carbink|Body Press|p2a: Skarmory\n|-supereffective|p2a: Skarmory\n|-damage|p2a: Skarmory|89/235\n|\n|-heal|p2a: Skarmory|103/235|[from] item: Leftovers\n|upkeep\n|turn|7\n|inactive|Time left: 300 sec this turn | 300 sec total\n|\n|t:|1783564782\n|move|p2a: Skarmory|Spikes|p1a: Carbink\n|-sidestart|p1: p0x2219a900|Spikes\n|move|p1a: Carbink|Body Press|p2a: Skarmory\n|-damage|p2a: Skarmory|39/235\n|\n|-heal|p2a: Skarmory|53/235|[from] item: Leftovers\n|upkeep\n|turn|8\n|inactive|Time left: 300 sec this turn | 300 sec total\n|\n|t:|1783564783\n|move|p2a: Skarmory|Roost|p2a: Skarmory\n|-heal|p2a: Skarmory|171/235\n|-singleturn|p2a: Skarmory|move: Roost\n|move|p1a: Carbink|Body Press|p2a: Skarmory\n|-supereffective|p2a: Skarmory\n|-damage|p2a: Skarmory|45/235\n|\n|-heal|p2a: Skarmory|59/235|[from] item: Leftovers\n|upkeep\n|turn|9\n|inactive|Time left: 300 sec this turn | 300 sec total\n|\n|t:|1783564784\n|move|p2a: Skarmory|Roost|p2a: Skarmory\n|-heal|p2a: Skarmory|177/235\n|-singleturn|p2a: Skarmory|move: Roost\n|move|p1a: Carbink|Body Press|p2a: Skarmory\n|-supereffective|p2a: Skarmory\n|-damage|p2a: Skarmory|31/235\n|\n|-heal|p2a: Skarmory|45/235|[from] item: Leftovers\n|upkeep\n|turn|10\n|inactive|Time left: 300 sec this turn | 300 sec total\n|\n|t:|1783564785\n|move|p2a: Skarmory|Roost|p2a: Skarmory\n|-heal|p2a: Skarmory|163/235\n|-singleturn|p2a: Skarmory|move: Roost\n|move|p1a: Carbink|Body Press|p2a: Skarmory\n|-supereffective|p2a: Skarmory\n|-damage|p2a: Skarmory|25/235\n|\n|-heal|p2a: Skarmory|39/235|[from] item: Leftovers\n|upkeep\n|turn|11\n|inactive|Time left: 300 sec this turn | 300 sec total\n|\n|t:|1783564786\n|move|p2a: Skarmory|Roost|p2a: Skarmory\n|-heal|p2a: Skarmory|157/235\n|-singleturn|p2a: Skarmory|move: Roost\n|move|p1a: Carbink|Body Press|p2a: Skarmory\n|-supereffective|p2a: Skarmory\n|-damage|p2a: Skarmory|23/235\n|\n|-heal|p2a: Skarmory|37/235|[from] item: Leftovers\n|upkeep\n|turn|12\n|inactive|Time left: 300 sec this turn | 300 sec total\n|\n|t:|1783564787\n|move|p2a: Skarmory|Spikes|p1a: Carbink\n|-sidestart|p1: p0x2219a900|Spikes\n|move|p1a: Carbink|Body Press|p2a: Skarmory\n|-damage|p2a: Skarmory|0 fnt\n|faint|p2a: Skarmory\n|\n|upkeep\n|inactive|Time left: 300 sec this turn | 300 sec total | 5 sec grace\n|\n|t:|1783564788\n|switch|p2a: Groudon|Groudon, L72|263/263\n|-weather|SunnyDay|[from] ability: Drought|[of] p2a: Groudon\n|turn|13\n|inactive|Time left: 300 sec this turn | 300 sec total\n|\n|t:|1783564789\n|switch|p1a: Salamence|Salamence, L77, M|100/100\n|-ability|p1a: Salamence|Intimidate|boost\n|-unboost|p2a: Groudon|atk|1\n|move|p2a: Groudon|Swords Dance|p2a: Groudon\n|-boost|p2a: Groudon|atk|2\n|\n|-weather|SunnyDay|[upkeep]\n|upkeep\n|turn|14\n|inactive|Time left: 300 sec this turn | 300 sec total\n|\n|t:|1783564790\n|-terastallize|p1a: Salamence|Dragon\n|move|p1a: Salamence|Outrage|p2a: Groudon\n|-damage|p2a: Groudon|111/263\n|move|p2a: Groudon|Stone Edge|p1a: Salamence\n|-damage|p1a: Salamence|57/100\n|\n|-weather|SunnyDay|[upkeep]\n|-heal|p2a: Groudon|127/263|[from] item: Leftovers\n|upkeep\n|turn|15\n|inactive|Time left: 300 sec this turn | 300 sec total\n|\n|t:|1783564791\n|switch|p2a: Coalossal|Coalossal, L89, F|341/341\n|move|p1a: Salamence|Outrage|p2a: Coalossal|[from] lockedmove\n|-damage|p2a: Coalossal|213/341\n|-start|p1a: Salamence|confusion|[fatigue]\n|\n|-weather|SunnyDay|[upkeep]\n|upkeep\n|turn|16\n|inactive|Time left: 300 sec this turn | 300 sec total\n|\n|t:|1783564792\n|-activate|p1a: Salamence|confusion\n|-damage|p1a: Salamence|44/100|[from] confusion\n|move|p2a: Coalossal|Stone Edge|p1a: Salamence\n|-damage|p1a: Salamence|3/100\n|\n|-weather|SunnyDay|[upkeep]\n|upkeep\n|turn|17\n|inactive|Time left: 300 sec this turn | 300 sec total\n|\n|t:|1783564794\n|-activate|p1a: Salamence|confusion\n|move|p1a: Salamence|Outrage|p2a: Coalossal\n|-damage|p2a: Coalossal|71/341\n|move|p2a: Coalossal|Stone Edge|p1a: Salamence\n|-damage|p1a: Salamence|0 fnt\n|faint|p1a: Salamence\n|\n|-weather|none\n|upkeep\n|\n|t:|1783564795\n|switch|p1a: Oricorio|Oricorio-Pa'u, L87, F|100/100\n|turn|18\n|inactive|Time left: 300 sec this turn | 300 sec total\n|\n|t:|1783564796\n|move|p1a: Oricorio|Revelation Dance|p2a: Coalossal\n|-damage|p2a: Coalossal|0 fnt\n|faint|p2a: Coalossal\n|\n|upkeep\n|inactive|Time left: 300 sec this turn | 300 sec total | 5 sec grace\n|\n|t:|1783564797\n|switch|p2a: Groudon|Groudon, L72|127/263\n|-weather|SunnyDay|[from] ability: Drought|[of] p2a: Groudon\n|turn|19\n|inactive|Time left: 300 sec this turn | 300 sec total\n|\n|t:|1783564798\n|move|p1a: Oricorio|Quiver Dance|p1a: Oricorio\n|-boost|p1a: Oricorio|spa|1\n|-boost|p1a: Oricorio|spd|1\n|-boost|p1a: Oricorio|spe|1\n|move|p2a: Groudon|Heat Crash|p1a: Oricorio\n|-damage|p1a: Oricorio|49/100\n|\n|-weather|SunnyDay|[upkeep]\n|-heal|p2a: Groudon|143/263|[from] item: Leftovers\n|upkeep\n|turn|20\n|inactive|Time left: 300 sec this turn | 300 sec total\n|\n|t:|1783564799\n|switch|p2a: Mesprit|Mesprit, L85|275/275\n|move|p1a: Oricorio|Revelation Dance|p2a: Mesprit\n|-resisted|p2a: Mesprit\n|-damage|p2a: Mesprit|208/275\n|\n|-weather|SunnyDay|[upkeep]\n|-heal|p2a: Mesprit|225/275|[from] item: Leftovers\n|upkeep\n|turn|21\n|inactive|Time left: 300 sec this turn | 300 sec total\n|\n|t:|1783564800\n|move|p1a: Oricorio|Roost|p1a: Oricorio\n|-heal|p1a: Oricorio|99/100\n|-singleturn|p1a: Oricorio|move: Roost\n|move|p2a: Mesprit|Ice Beam|p1a: Oricorio\n|-damage|p1a: Oricorio|79/100\n|\n|-weather|SunnyDay|[upkeep]\n|-heal|p2a: Mesprit|242/275|[from] item: Leftovers\n|upkeep\n|turn|22\n|inactive|Time left: 300 sec this turn | 300 sec total\n|\n|t:|1783564801\n|move|p1a: Oricorio|Hurricane|p2a: Mesprit\n|-damage|p2a: Mesprit|67/275\n|move|p2a: Mesprit|Ice Beam|p1a: Oricorio\n|-supereffective|p1a: Oricorio\n|-damage|p1a: Oricorio|42/100\n|\n|-weather|SunnyDay|[upkeep]\n|-heal|p2a: Mesprit|84/275|[from] item: Leftovers\n|upkeep\n|turn|23\n|inactive|Time left: 300 sec this turn | 300 sec total\n|\n|t:|1783564803\n|move|p1a: Oricorio|Hurricane|p2a: Mesprit|[miss]\n|-miss|p1a: Oricorio|p2a: Mesprit\n|move|p2a: Mesprit|Ice Beam|p1a: Oricorio\n|-supereffective|p1a: Oricorio\n|-damage|p1a: Oricorio|3/100\n|\n|-weather|none\n|-heal|p2a: Mesprit|101/275|[from] item: Leftovers\n|upkeep\n|turn|24\n|inactive|Time left: 300 sec this turn | 300 sec total\n|\n|t:|1783564804\n|move|p1a: Oricorio|Roost|p1a: Oricorio\n|-heal|p1a: Oricorio|53/100\n|-singleturn|p1a: Oricorio|move: Roost\n|move|p2a: Mesprit|Psychic Noise|p1a: Oricorio\n|-resisted|p1a: Oricorio\n|-damage|p1a: Oricorio|42/100\n|-start|p1a: Oricorio|move: Heal Block\n|\n|-heal|p2a: Mesprit|118/275|[from] item: Leftovers\n|upkeep\n|turn|25\n|inactive|Time left: 300 sec this turn | 300 sec total\n|\n|t:|1783564806\n|move|p1a: Oricorio|Hurricane|p2a: Mesprit\n|-damage|p2a: Mesprit|0 fnt\n|faint|p2a: Mesprit\n|\n|-end|p1a: Oricorio|move: Heal Block\n|upkeep\n|inactive|Time left: 300 sec this turn | 300 sec total | 5 sec grace\n|\n|t:|1783564807\n|switch|p2a: Reshiram|Reshiram, L76|277/277\n|-ability|p2a: Reshiram|Turboblaze\n|turn|26\n|inactive|Time left: 300 sec this turn | 300 sec total\n|\n|t:|1783564808\n|move|p1a: Oricorio|Roost|p1a: Oricorio\n|-heal|p1a: Oricorio|92/100\n|-singleturn|p1a: Oricorio|move: Roost\n|move|p2a: Reshiram|Blue Flare|p1a: Oricorio\n|-damage|p1a: Oricorio|48/100\n|\n|upkeep\n|turn|27\n|inactive|Time left: 300 sec this turn | 300 sec total\n|\n|t:|1783564809\n|move|p1a: Oricorio|Roost|p1a: Oricorio\n|-heal|p1a: Oricorio|98/100\n|-singleturn|p1a: Oricorio|move: Roost\n|move|p2a: Reshiram|Blue Flare|p1a: Oricorio\n|-damage|p1a: Oricorio|52/100\n|-status|p1a: Oricorio|brn\n|\n|-damage|p1a: Oricorio|45/100 brn|[from] brn\n|upkeep\n|turn|28\n|inactive|Time left: 300 sec this turn | 300 sec total\n|\n|t:|1783564810\n|move|p1a: Oricorio|Roost|p1a: Oricorio\n|-heal|p1a: Oricorio|95/100 brn\n|-singleturn|p1a: Oricorio|move: Roost\n|move|p2a: Reshiram|Blue Flare|p1a: Oricorio\n|-damage|p1a: Oricorio|49/100 brn\n|\n|-damage|p1a: Oricorio|42/100 brn|[from] brn\n|upkeep\n|turn|29\n|inactive|Time left: 300 sec this turn | 300 sec total\n|\n|t:|1783564811\n|move|p1a: Oricorio|Roost|p1a: Oricorio\n|-heal|p1a: Oricorio|92/100 brn\n|-singleturn|p1a: Oricorio|move: Roost\n|move|p2a: Reshiram|Blue Flare|p1a: Oricorio\n|-damage|p1a: Oricorio|44/100 brn\n|\n|-damage|p1a: Oricorio|38/100 brn|[from] brn\n|upkeep\n|turn|30\n|inactive|Time left: 300 sec this turn | 300 sec total\n|\n|t:|1783564812\n|move|p1a: Oricorio|Roost|p1a: Oricorio\n|-heal|p1a: Oricorio|88/100 brn\n|-singleturn|p1a: Oricorio|move: Roost\n|move|p2a: Reshiram|Blue Flare|p1a: Oricorio\n|-damage|p1a: Oricorio|44/100 brn\n|\n|-damage|p1a: Oricorio|37/100 brn|[from] brn\n|upkeep\n|turn|31\n|inactive|Time left: 300 sec this turn | 300 sec total\n|\n|t:|1783564813\n|move|p1a: Oricorio|Roost|p1a: Oricorio\n|-heal|p1a: Oricorio|87/100 brn\n|-singleturn|p1a: Oricorio|move: Roost\n|move|p2a: Reshiram|Blue Flare|p1a: Oricorio\n|-damage|p1a: Oricorio|45/100 brn\n|\n|-damage|p1a: Oricorio|39/100 brn|[from] brn\n|upkeep\n|turn|32\n|inactive|Time left: 300 sec this turn | 300 sec total\n|\n|t:|1783564814\n|move|p1a: Oricorio|Hurricane|p2a: Reshiram\n|-damage|p2a: Reshiram|126/277\n|move|p2a: Reshiram|Blue Flare|p1a: Oricorio\n|-damage|p1a: Oricorio|0 fnt\n|faint|p1a: Oricorio\n|\n|upkeep\n|\n|t:|1783564815\n|switch|p1a: Cinccino|Cinccino, L83, F|100/100\n|-damage|p1a: Cinccino|84/100|[from] Spikes\n|turn|33\n|inactive|Time left: 300 sec this turn | 300 sec total\n|\n|t:|1783564816\n|move|p1a: Cinccino|Tail Slap|p2a: Reshiram|[miss]\n|-miss|p1a: Cinccino|p2a: Reshiram\n|move|p2a: Reshiram|Blue Flare|p1a: Cinccino\n|-damage|p1a: Cinccino|0 fnt\n|faint|p1a: Cinccino\n|\n|upkeep\n|\n|t:|1783564817\n|switch|p1a: Excadrill|Excadrill, L79, M|100/100\n|-damage|p1a: Excadrill|84/100|[from] Spikes\n|-ability|p1a: Excadrill|Mold Breaker\n|turn|34\n|inactive|Time left: 300 sec this turn | 300 sec total\n|\n|t:|1783564818\n|-terastallize|p2a: Reshiram|Ground\n|move|p1a: Excadrill|Earthquake|p2a: Reshiram\n|-damage|p2a: Reshiram|0 fnt\n|faint|p2a: Reshiram\n|\n|-heal|p1a: Excadrill|90/100|[from] item: Leftovers\n|upkeep\n|inactive|Time left: 300 sec this turn | 300 sec total | 5 sec grace\n|\n|t:|1783564819\n|switch|p2a: Groudon|Groudon, L72|143/263\n|-weather|SunnyDay|[from] ability: Drought|[of] p2a: Groudon\n|turn|35\n|inactive|Time left: 300 sec this turn | 300 sec total\n|\n|t:|1783564819\n|move|p1a: Excadrill|Iron Head|p2a: Groudon\n|-damage|p2a: Groudon|67/263\n|cant|p2a: Groudon|flinch\n|\n|-weather|SunnyDay|[upkeep]\n|-heal|p1a: Excadrill|96/100|[from] item: Leftovers\n|-heal|p2a: Groudon|83/263|[from] item: Leftovers\n|upkeep\n|turn|36\n|inactive|Time left: 300 sec this turn | 300 sec total\n|\n|t:|1783564820\n|switch|p2a: Deoxys|Deoxys-Defense, L84|221/221\n|-ability|p2a: Deoxys|Pressure\n|move|p1a: Excadrill|Earthquake|p2a: Deoxys\n|-damage|p2a: Deoxys|148/221\n|\n|-weather|SunnyDay|[upkeep]\n|-heal|p2a: Deoxys|161/221|[from] item: Leftovers\n|-heal|p1a: Excadrill|100/100|[from] item: Leftovers\n|upkeep\n|turn|37\n|inactive|Time left: 300 sec this turn | 300 sec total\n|\n|t:|1783564822\n|move|p2a: Deoxys|Cosmic Power|p2a: Deoxys\n|-boost|p2a: Deoxys|def|1\n|-boost|p2a: Deoxys|spd|1\n|move|p1a: Excadrill|Swords Dance|p1a: Excadrill\n|-boost|p1a: Excadrill|atk|2\n|\n|-weather|SunnyDay|[upkeep]\n|-heal|p2a: Deoxys|174/221|[from] item: Leftovers\n|upkeep\n|turn|38\n|inactive|Time left: 300 sec this turn | 300 sec total\n|\n|t:|1783564823\n|move|p2a: Deoxys|Cosmic Power|p2a: Deoxys\n|-boost|p2a: Deoxys|def|1\n|-boost|p2a: Deoxys|spd|1\n|move|p1a: Excadrill|Rapid Spin|p2a: Deoxys\n|-damage|p2a: Deoxys|149/221\n|-boost|p1a: Excadrill|spe|1\n|-sideend|p1: p0x2219a900|Spikes|[from] move: Rapid Spin|[of] p1a: Excadrill\n|\n|-weather|SunnyDay|[upkeep]\n|-heal|p2a: Deoxys|162/221|[from] item: Leftovers\n|upkeep\n|turn|39\n|inactive|Time left: 300 sec this turn | 300 sec total\n|\n|t:|1783564824\n|move|p1a: Excadrill|Swords Dance|p1a: Excadrill\n|-boost|p1a: Excadrill|atk|2\n|move|p2a: Deoxys|Cosmic Power|p2a: Deoxys\n|-boost|p2a: Deoxys|def|1\n|-boost|p2a: Deoxys|spd|1\n|\n|-weather|none\n|-heal|p2a: Deoxys|175/221|[from] item: Leftovers\n|upkeep\n|turn|40\n|inactive|Time left: 300 sec this turn | 300 sec total\n|\n|t:|1783564825\n|move|p1a: Excadrill|Earthquake|p2a: Deoxys\n|-damage|p2a: Deoxys|85/221\n|move|p2a: Deoxys|Recover|p2a: Deoxys\n|-heal|p2a: Deoxys|196/221\n|\n|-heal|p2a: Deoxys|209/221|[from] item: Leftovers\n|upkeep\n|turn|41\n|inactive|Time left: 300 sec this turn | 300 sec total\n|\n|t:|1783564826\n|move|p1a: Excadrill|Earthquake|p2a: Deoxys\n|-damage|p2a: Deoxys|122/221\n|move|p2a: Deoxys|Recover|p2a: Deoxys\n|-heal|p2a: Deoxys|221/221\n|\n|upkeep\n|turn|42\n|inactive|Time left: 300 sec this turn | 300 sec total\n|\n|t:|1783564827\n|move|p1a: Excadrill|Earthquake|p2a: Deoxys\n|-damage|p2a: Deoxys|127/221\n|move|p2a: Deoxys|Cosmic Power|p2a: Deoxys\n|-boost|p2a: Deoxys|def|1\n|-boost|p2a: Deoxys|spd|1\n|\n|-heal|p2a: Deoxys|140/221|[from] item: Leftovers\n|upkeep\n|turn|43\n|inactive|Time left: 300 sec this turn | 300 sec total\n|\n|t:|1783564828\n|move|p1a: Excadrill|Iron Head|p2a: Deoxys\n|-damage|p2a: Deoxys|77/221\n|move|p2a: Deoxys|Recover|p2a: Deoxys\n|-heal|p2a: Deoxys|188/221\n|\n|-heal|p2a: Deoxys|201/221|[from] item: Leftovers\n|upkeep\n|turn|44\n|inactive|Time left: 300 sec this turn | 300 sec total\n|\n|t:|1783564829\n|move|p1a: Excadrill|Rapid Spin|p2a: Deoxys\n|-damage|p2a: Deoxys|177/221\n|-boost|p1a: Excadrill|spe|1\n|move|p2a: Deoxys|Stored Power|p1a: Excadrill\n|-resisted|p1a: Excadrill\n|-damage|p1a: Excadrill|68/100\n|\n|-heal|p1a: Excadrill|74/100|[from] item: Leftovers\n|-heal|p2a: Deoxys|190/221|[from] item: Leftovers\n|upkeep\n|turn|45\n|inactive|Time left: 300 sec this turn | 300 sec total\n|\n|t:|1783564831\n|move|p1a: Excadrill|Earthquake|p2a: Deoxys\n|-damage|p2a: Deoxys|114/221\n|move|p2a: Deoxys|Stored Power|p1a: Excadrill\n|-resisted|p1a: Excadrill\n|-damage|p1a: Excadrill|45/100\n|\n|-heal|p1a: Excadrill|51/100|[from] item: Leftovers\n|-heal|p2a: Deoxys|127/221|[from] item: Leftovers\n|upkeep\n|turn|46\n|inactive|Time left: 300 sec this turn | 300 sec total\n|\n|t:|1783564832\n|move|p1a: Excadrill|Earthquake|p2a: Deoxys\n|-damage|p2a: Deoxys|49/221\n|move|p2a: Deoxys|Recover|p2a: Deoxys\n|-heal|p2a: Deoxys|160/221\n|\n|-heal|p1a: Excadrill|57/100|[from] item: Leftovers\n|-heal|p2a: Deoxys|173/221|[from] item: Leftovers\n|upkeep\n|turn|47\n|inactive|Time left: 300 sec this turn | 300 sec total\n|\n|t:|1783564833\n|move|p1a: Excadrill|Iron Head|p2a: Deoxys\n|-damage|p2a: Deoxys|109/221\n|move|p2a: Deoxys|Stored Power|p1a: Excadrill\n|-resisted|p1a: Excadrill\n|-crit|p1a: Excadrill\n|-damage|p1a: Excadrill|7/100\n|\n|-heal|p1a: Excadrill|13/100|[from] item: Leftovers\n|-heal|p2a: Deoxys|122/221|[from] item: Leftovers\n|upkeep\n|turn|48\n|inactive|Time left: 300 sec this turn | 300 sec total\n|\n|t:|1783564834\n|move|p1a: Excadrill|Iron Head|p2a: Deoxys\n|-damage|p2a: Deoxys|62/221\n|move|p2a: Deoxys|Night Shade|p1a: Excadrill\n|-damage|p1a: Excadrill|0 fnt\n|faint|p1a: Excadrill\n|\n|-heal|p2a: Deoxys|75/221|[from] item: Leftovers\n|upkeep\n|\n|t:|1783564835\n|switch|p1a: Brute Bonnet|Brute Bonnet, L80|100/100\n|turn|49\n|inactive|Time left: 300 sec this turn | 300 sec total\n|\n|t:|1783564836\n|move|p2a: Deoxys|Recover|p2a: Deoxys\n|-heal|p2a: Deoxys|186/221\n|move|p1a: Brute Bonnet|Spore|p2a: Deoxys\n|-status|p2a: Deoxys|slp|[from] move: Spore\n|\n|-heal|p2a: Deoxys|199/221 slp|[from] item: Leftovers\n|upkeep\n|turn|50\n|inactive|Time left: 300 sec this turn | 300 sec total\n|\n|t:|1783564837\n|cant|p2a: Deoxys|slp\n|move|p1a: Brute Bonnet|Crunch|p2a: Deoxys\n|-supereffective|p2a: Deoxys\n|-damage|p2a: Deoxys|155/221 slp\n|-unboost|p2a: Deoxys|def|1\n|\n|-heal|p2a: Deoxys|168/221 slp|[from] item: Leftovers\n|upkeep\n|turn|51\n|inactive|Time left: 300 sec this turn | 300 sec total\n|\n|t:|1783564838\n|-curestatus|p2a: Deoxys|slp|[msg]\n|move|p2a: Deoxys|Night Shade|p1a: Brute Bonnet\n|-damage|p1a: Brute Bonnet|73/100\n|move|p1a: Brute Bonnet|Crunch|p2a: Deoxys\n|-supereffective|p2a: Deoxys\n|-damage|p2a: Deoxys|118/221\n|-unboost|p2a: Deoxys|def|1\n|\n|-heal|p2a: Deoxys|131/221|[from] item: Leftovers\n|-heal|p1a: Brute Bonnet|79/100|[from] item: Leftovers\n|upkeep\n|turn|52\n|inactive|Time left: 300 sec this turn | 300 sec total\n|\n|t:|1783564839\n|move|p2a: Deoxys|Cosmic Power|p2a: Deoxys\n|-boost|p2a: Deoxys|def|1\n|-boost|p2a: Deoxys|spd|1\n|move|p1a: Brute Bonnet|Spore|p2a: Deoxys\n|-status|p2a: Deoxys|slp|[from] move: Spore\n|\n|-heal|p2a: Deoxys|144/221 slp|[from] item: Leftovers\n|-heal|p1a: Brute Bonnet|86/100|[from] item: Leftovers\n|upkeep\n|turn|53\n|inactive|Time left: 300 sec this turn | 300 sec total\n|\n|t:|1783564840\n|cant|p2a: Deoxys|slp\n|move|p1a: Brute Bonnet|Crunch|p2a: Deoxys\n|-supereffective|p2a: Deoxys\n|-damage|p2a: Deoxys|90/221 slp\n|\n|-heal|p2a: Deoxys|103/221 slp|[from] item: Leftovers\n|-heal|p1a: Brute Bonnet|92/100|[from] item: Leftovers\n|upkeep\n|turn|54\n|inactive|Time left: 300 sec this turn | 300 sec total\n|\n|t:|1783564841\n|-curestatus|p2a: Deoxys|slp|[msg]\n|move|p2a: Deoxys|Recover|p2a: Deoxys\n|-heal|p2a: Deoxys|214/221\n|move|p1a: Brute Bonnet|Crunch|p2a: Deoxys\n|-supereffective|p2a: Deoxys\n|-damage|p2a: Deoxys|160/221\n|\n|-heal|p2a: Deoxys|173/221|[from] item: Leftovers\n|-heal|p1a: Brute Bonnet|98/100|[from] item: Leftovers\n|upkeep\n|turn|55\n|inactive|Time left: 300 sec this turn | 300 sec total\n|\n|t:|1783564842\n|move|p2a: Deoxys|Recover|p2a: Deoxys\n|-heal|p2a: Deoxys|221/221\n|move|p1a: Brute Bonnet|Spore|p2a: Deoxys\n|-status|p2a: Deoxys|slp|[from] move: Spore\n|\n|-heal|p1a: Brute Bonnet|100/100|[from] item: Leftovers\n|upkeep\n|turn|56\n|inactive|Time left: 300 sec this turn | 300 sec total\n|\n|t:|1783564843\n|cant|p2a: Deoxys|slp\n|move|p1a: Brute Bonnet|Crunch|p2a: Deoxys\n|-supereffective|p2a: Deoxys\n|-damage|p2a: Deoxys|171/221 slp\n|-unboost|p2a: Deoxys|def|1\n|\n|-heal|p2a: Deoxys|184/221 slp|[from] item: Leftovers\n|upkeep\n|turn|57\n|inactive|Time left: 300 sec this turn | 300 sec total\n|\n|t:|1783564844\n|cant|p2a: Deoxys|slp\n|move|p1a: Brute Bonnet|Crunch|p2a: Deoxys\n|-supereffective|p2a: Deoxys\n|-damage|p2a: Deoxys|124/221 slp\n|-unboost|p2a: Deoxys|def|1\n|\n|-heal|p2a: Deoxys|137/221 slp|[from] item: Leftovers\n|upkeep\n|turn|58\n|inactive|Time left: 300 sec this turn | 300 sec total\n|\n|t:|1783564845\n|-curestatus|p2a: Deoxys|slp|[msg]\n|move|p2a: Deoxys|Cosmic Power|p2a: Deoxys\n|-boost|p2a: Deoxys|def|1\n|-boost|p2a: Deoxys|spd|1\n|move|p1a: Brute Bonnet|Crunch|p2a: Deoxys\n|-supereffective|p2a: Deoxys\n|-damage|p2a: Deoxys|77/221\n|\n|-heal|p2a: Deoxys|90/221|[from] item: Leftovers\n|upkeep\n|turn|59\n|inactive|Time left: 300 sec this turn | 300 sec total\n|\n|t:|1783564846\n|move|p2a: Deoxys|Recover|p2a: Deoxys\n|-heal|p2a: Deoxys|201/221\n|move|p1a: Brute Bonnet|Crunch|p2a: Deoxys\n|-supereffective|p2a: Deoxys\n|-damage|p2a: Deoxys|145/221\n|\n|-heal|p2a: Deoxys|158/221|[from] item: Leftovers\n|upkeep\n|turn|60\n|inactive|Time left: 300 sec this turn | 300 sec total\n|\n|t:|1783564847\n|move|p2a: Deoxys|Cosmic Power|p2a: Deoxys\n|-boost|p2a: Deoxys|def|1\n|-boost|p2a: Deoxys|spd|0\n|move|p1a: Brute Bonnet|Crunch|p2a: Deoxys\n|-supereffective|p2a: Deoxys\n|-damage|p2a: Deoxys|104/221\n|\n|-heal|p2a: Deoxys|117/221|[from] item: Leftovers\n|upkeep\n|turn|61\n|inactive|Time left: 300 sec this turn | 300 sec total\n|\n|t:|1783564848\n|move|p2a: Deoxys|Cosmic Power|p2a: Deoxys\n|-boost|p2a: Deoxys|def|1\n|-boost|p2a: Deoxys|spd|0\n|move|p1a: Brute Bonnet|Crunch|p2a: Deoxys\n|-supereffective|p2a: Deoxys\n|-damage|p2a: Deoxys|73/221\n|\n|-heal|p2a: Deoxys|86/221|[from] item: Leftovers\n|upkeep\n|turn|62\n|inactive|Time left: 300 sec this turn | 300 sec total\n|\n|t:|1783564849\n|move|p2a: Deoxys|Cosmic Power|p2a: Deoxys\n|-boost|p2a: Deoxys|def|1\n|-boost|p2a: Deoxys|spd|0\n|move|p1a: Brute Bonnet|Crunch|p2a: Deoxys\n|-supereffective|p2a: Deoxys\n|-damage|p2a: Deoxys|44/221\n|\n|-heal|p2a: Deoxys|57/221|[from] item: Leftovers\n|upkeep\n|turn|63\n|inactive|Time left: 300 sec this turn | 300 sec total\n|\n|t:|1783564850\n|move|p2a: Deoxys|Cosmic Power|p2a: Deoxys\n|-boost|p2a: Deoxys|def|1\n|-boost|p2a: Deoxys|spd|0\n|move|p1a: Brute Bonnet|Crunch|p2a: Deoxys\n|-supereffective|p2a: Deoxys\n|-damage|p2a: Deoxys|27/221\n|\n|-heal|p2a: Deoxys|40/221|[from] item: Leftovers\n|upkeep\n|turn|64\n|inactive|Time left: 300 sec this turn | 300 sec total\n|\n|t:|1783564851\n|move|p2a: Deoxys|Cosmic Power|p2a: Deoxys\n|-boost|p2a: Deoxys|def|0\n|-boost|p2a: Deoxys|spd|0\n|move|p1a: Brute Bonnet|Spore|p2a: Deoxys\n|-status|p2a: Deoxys|slp|[from] move: Spore\n|\n|-heal|p2a: Deoxys|53/221 slp|[from] item: Leftovers\n|upkeep\n|turn|65\n|inactive|Time left: 300 sec this turn | 300 sec total\n|\n|t:|1783564852\n|move|p1a: Brute Bonnet|Sucker Punch||[still]\n|-fail|p1a: Brute Bonnet\n|cant|p2a: Deoxys|slp\n|\n|-heal|p2a: Deoxys|66/221 slp|[from] item: Leftovers\n|upkeep\n|turn|66\n|inactive|Time left: 300 sec this turn | 300 sec total\n|\n|t:|1783564853\n|move|p1a: Brute Bonnet|Sucker Punch|p2a: Deoxys\n|-supereffective|p2a: Deoxys\n|-damage|p2a: Deoxys|36/221 slp\n|cant|p2a: Deoxys|slp\n|\n|-heal|p2a: Deoxys|49/221 slp|[from] item: Leftovers\n|upkeep\n|turn|67\n|inactive|Time left: 300 sec this turn | 300 sec total\n|\n|t:|1783564854\n|move|p1a: Brute Bonnet|Sucker Punch||[still]\n|-fail|p1a: Brute Bonnet\n|-curestatus|p2a: Deoxys|slp|[msg]\n|move|p2a: Deoxys|Cosmic Power|p2a: Deoxys\n|-boost|p2a: Deoxys|def|0\n|-boost|p2a: Deoxys|spd|0\n|\n|-heal|p2a: Deoxys|62/221|[from] item: Leftovers\n|upkeep\n|turn|68\n|inactive|Time left: 300 sec this turn | 300 sec total\n|\n|t:|1783564855\n|move|p2a: Deoxys|Night Shade|p1a: Brute Bonnet\n|-damage|p1a: Brute Bonnet|73/100\n|move|p1a: Brute Bonnet|Spore|p2a: Deoxys\n|-status|p2a: Deoxys|slp|[from] move: Spore\n|\n|-heal|p2a: Deoxys|75/221 slp|[from] item: Leftovers\n|-heal|p1a: Brute Bonnet|79/100|[from] item: Leftovers\n|upkeep\n|turn|69\n|inactive|Time left: 300 sec this turn | 300 sec total\n|\n|t:|1783564856\n|move|p1a: Brute Bonnet|Sucker Punch||[still]\n|-fail|p1a: Brute Bonnet\n|cant|p2a: Deoxys|slp\n|\n|-heal|p2a: Deoxys|88/221 slp|[from] item: Leftovers\n|-heal|p1a: Brute Bonnet|86/100|[from] item: Leftovers\n|upkeep\n|turn|70\n|inactive|Time left: 300 sec this turn | 300 sec total\n|\n|t:|1783564857\n|cant|p2a: Deoxys|slp\n|move|p1a: Brute Bonnet|Spore|p2a: Deoxys\n|-fail|p2a: Deoxys|slp\n|\n|-heal|p2a: Deoxys|101/221 slp|[from] item: Leftovers\n|-heal|p1a: Brute Bonnet|92/100|[from] item: Leftovers\n|upkeep\n|turn|71\n|inactive|Time left: 300 sec this turn | 300 sec total\n|\n|t:|1783564858\n|cant|p2a: Deoxys|slp\n|move|p1a: Brute Bonnet|Spore|p2a: Deoxys\n|-fail|p2a: Deoxys|slp\n|\n|-heal|p2a: Deoxys|114/221 slp|[from] item: Leftovers\n|-heal|p1a: Brute Bonnet|98/100|[from] item: Leftovers\n|upkeep\n|turn|72\n|inactive|Time left: 300 sec this turn | 300 sec total\n|\n|t:|1783564859\n|-curestatus|p2a: Deoxys|slp|[msg]\n|move|p2a: Deoxys|Night Shade|p1a: Brute Bonnet\n|-damage|p1a: Brute Bonnet|71/100\n|move|p1a: Brute Bonnet|Spore|p2a: Deoxys\n|-status|p2a: Deoxys|slp|[from] move: Spore\n|\n|-heal|p2a: Deoxys|127/221 slp|[from] item: Leftovers\n|-heal|p1a: Brute Bonnet|77/100|[from] item: Leftovers\n|upkeep\n|turn|73\n|inactive|Time left: 300 sec this turn | 300 sec total\n|\n|t:|1783564860\n|-end|p1a: Brute Bonnet|Protosynthesis|[silent]\n|switch|p1a: Carbink|Carbink, L90|100/100\n|cant|p2a: Deoxys|slp\n|\n|-heal|p2a: Deoxys|140/221 slp|[from] item: Leftovers\n|upkeep\n|turn|74\n|inactive|Time left: 300 sec this turn | 300 sec total\n|\n|t:|1783564861\n|-curestatus|p2a: Deoxys|slp|[msg]\n|move|p2a: Deoxys|Stored Power|p1a: Carbink\n|-damage|p1a: Carbink|48/100\n|move|p1a: Carbink|Moonblast|p2a: Deoxys\n|-damage|p2a: Deoxys|127/221\n|-unboost|p2a: Deoxys|spa|1\n|\n|-heal|p2a: Deoxys|140/221|[from] item: Leftovers\n|upkeep\n|turn|75\n|inactive|Time left: 300 sec this turn | 300 sec total\n|\n|t:|1783564862\n|move|p2a: Deoxys|Night Shade|p1a: Carbink\n|-damage|p1a: Carbink|12/100\n|move|p1a: Carbink|Rest|p1a: Carbink\n|-status|p1a: Carbink|slp|[from] move: Rest\n|-heal|p1a: Carbink|100/100 slp|[silent]\n|-enditem|p1a: Carbink|Chesto Berry|[eat]\n|-curestatus|p1a: Carbink|slp|[msg]\n|\n|-heal|p2a: Deoxys|153/221|[from] item: Leftovers\n|upkeep\n|turn|76\n|inactive|Time left: 300 sec this turn | 300 sec total\n|\n|t:|1783564863\n|switch|p1a: Brute Bonnet|Brute Bonnet, L80|77/100\n|move|p2a: Deoxys|Night Shade|p1a: Brute Bonnet\n|-damage|p1a: Brute Bonnet|50/100\n|\n|-heal|p2a: Deoxys|166/221|[from] item: Leftovers\n|-heal|p1a: Brute Bonnet|56/100|[from] item: Leftovers\n|upkeep\n|turn|77\n|inactive|Time left: 300 sec this turn | 300 sec total\n|\n|t:|1783564864\n|move|p2a: Deoxys|Night Shade|p1a: Brute Bonnet\n|-damage|p1a: Brute Bonnet|29/100\n|move|p1a: Brute Bonnet|Spore|p2a: Deoxys\n|-status|p2a: Deoxys|slp|[from] move: Spore\n|\n|-heal|p2a: Deoxys|179/221 slp|[from] item: Leftovers\n|-heal|p1a: Brute Bonnet|35/100|[from] item: Leftovers\n|upkeep\n|turn|78\n|inactive|Time left: 300 sec this turn | 300 sec total\n|\n|t:|1783564866\n|cant|p2a: Deoxys|slp\n|move|p1a: Brute Bonnet|Spore|p2a: Deoxys\n|-fail|p2a: Deoxys|slp\n|\n|-heal|p2a: Deoxys|192/221 slp|[from] item: Leftovers\n|-heal|p1a: Brute Bonnet|41/100|[from] item: Leftovers\n|upkeep\n|turn|79\n|inactive|Time left: 300 sec this turn | 300 sec total\n|\n|t:|1783564867\n|-curestatus|p2a: Deoxys|slp|[msg]\n|move|p2a: Deoxys|Night Shade|p1a: Brute Bonnet\n|-damage|p1a: Brute Bonnet|14/100\n|move|p1a: Brute Bonnet|Spore|p2a: Deoxys\n|-status|p2a: Deoxys|slp|[from] move: Spore\n|\n|-heal|p2a: Deoxys|205/221 slp|[from] item: Leftovers\n|-heal|p1a: Brute Bonnet|20/100|[from] item: Leftovers\n|upkeep\n|turn|80\n|inactive|Time left: 300 sec this turn | 300 sec total\n|\n|t:|1783564868\n|-end|p1a: Brute Bonnet|Protosynthesis|[silent]\n|switch|p1a: Carbink|Carbink, L90|100/100\n|cant|p2a: Deoxys|slp\n|\n|-heal|p2a: Deoxys|218/221 slp|[from] item: Leftovers\n|upkeep\n|turn|81\n|inactive|Time left: 300 sec this turn | 300 sec total\n|\n|t:|1783564869\n|cant|p2a: Deoxys|slp\n|move|p1a: Carbink|Iron Defense|p1a: Carbink\n|-boost|p1a: Carbink|def|2\n|\n|-heal|p2a: Deoxys|221/221 slp|[from] item: Leftovers\n|upkeep\n|turn|82\n|inactive|Time left: 300 sec this turn | 300 sec total\n|\n|t:|1783564870\n|cant|p2a: Deoxys|slp\n|move|p1a: Carbink|Moonblast|p2a: Deoxys\n|-damage|p2a: Deoxys|208/221 slp\n|\n|-heal|p2a: Deoxys|221/221 slp|[from] item: Leftovers\n|upkeep\n|turn|83\n|inactive|Time left: 300 sec this turn | 300 sec total\n|\n|t:|1783564871\n|-curestatus|p2a: Deoxys|slp|[msg]\n|move|p2a: Deoxys|Night Shade|p1a: Carbink\n|-damage|p1a: Carbink|65/100\n|move|p1a: Carbink|Moonblast|p2a: Deoxys\n|-damage|p2a: Deoxys|208/221\n|-unboost|p2a: Deoxys|spa|1\n|\n|-heal|p2a: Deoxys|221/221|[from] item: Leftovers\n|upkeep\n|turn|84\n|inactive|Time left: 300 sec this turn | 300 sec total\n|\n|t:|1783564872\n|move|p2a: Deoxys|Night Shade|p1a: Carbink\n|-damage|p1a: Carbink|29/100\n|move|p1a: Carbink|Rest|p1a: Carbink\n|-status|p1a: Carbink|slp|[from] move: Rest\n|-heal|p1a: Carbink|100/100 slp|[silent]\n|\n|upkeep\n|turn|85\n|inactive|Time left: 300 sec this turn | 300 sec total\n|\n|t:|1783564874\n|move|p2a: Deoxys|Night Shade|p1a: Carbink\n|-damage|p1a: Carbink|65/100 slp\n|cant|p1a: Carbink|slp\n|\n|upkeep\n|turn|86\n|inactive|Time left: 300 sec this turn | 300 sec total\n|\n|t:|1783564875\n|switch|p1a: Brute Bonnet|Brute Bonnet, L80|20/100\n|move|p2a: Deoxys|Night Shade|p1a: Brute Bonnet\n|-damage|p1a: Brute Bonnet|0 fnt\n|faint|p1a: Brute Bonnet\n|-end|p1a: Brute Bonnet|Protosynthesis|[silent]\n|\n|upkeep\n|\n|t:|1783564876\n|switch|p1a: Carbink|Carbink, L90|65/100 slp\n|turn|87\n|inactive|Time left: 300 sec this turn | 300 sec total\n|\n|t:|1783564877\n|move|p2a: Deoxys|Night Shade|p1a: Carbink\n|-damage|p1a: Carbink|29/100 slp\n|cant|p1a: Carbink|slp\n|\n|upkeep\n|turn|88\n|inactive|Time left: 300 sec this turn | 300 sec total\n|\n|t:|1783564877\n|move|p2a: Deoxys|Night Shade|p1a: Carbink\n|-damage|p1a: Carbink|0 fnt\n|faint|p1a: Carbink\n|\n|win|p0y221952ba", "uploadtime": 1783564877, "views": 0, "rating": 0, "private": 0, "password": null, "_winner": "p0y221952ba", "_our_name": "p0y221952ba"}