{"id": "battle-gen9randombattle-1256", "formatid": "gen9randombattle", "format": "[Gen 9] Random Battle", "players": ["p0x1256fe3d", "p0y1256272c"], "log": "|init|battle\n|title|p0x1256fe3d vs. p0y1256272c\n|j|\u2606p0x1256fe3d\n|j|\u2606p0y1256272c\n|t:|1783553682\n|gametype|singles\n|player|p1|p0x1256fe3d|102|\n|player|p2|p0y1256272c|102|\n|gen|9\n|tier|[Gen 9] Random Battle\n|rule|Species Clause: Limit one of each Pok\u00e9mon\n|rule|HP Percentage Mod: HP is shown in percentages\n|rule|Sleep Clause Mod: Limit one foe put to sleep\n|rule|Illusion Level Mod: Illusion disguises the Pok\u00e9mon's true level\n|\n|t:|1783553682\n|teamsize|p1|6\n|teamsize|p2|6\n|start\n|switch|p1a: Lokix|Lokix, L82, M|100/100\n|switch|p2a: Mew|Mew, L82|298/298\n|turn|1\n|inactive|Battle timer is ON: inactive players will automatically lose when time's up. (requested by p0y1256272c)\n|inactive|p0x1256fe3d also wants the timer to be on.\n|\n|t:|1783553683\n|move|p2a: Mew|Will-O-Wisp|p1a: Lokix\n|-status|p1a: Lokix|brn\n|move|p1a: Lokix|Knock Off|p2a: Mew\n|-supereffective|p2a: Mew\n|-damage|p2a: Mew|181/298\n|-enditem|p2a: Mew|Leftovers|[from] move: Knock Off|[of] p1a: Lokix\n|-damage|p1a: Lokix|91/100 brn|[from] item: Life Orb\n|\n|-damage|p1a: Lokix|85/100 brn|[from] brn\n|upkeep\n|turn|2\n|inactive|Time left: 300 sec this turn | 300 sec total\n|\n|t:|1783553685\n|move|p2a: Mew|Encore|p1a: Lokix\n|-start|p1a: Lokix|Encore\n|move|p1a: Lokix|Knock Off|p2a: Mew\n|-supereffective|p2a: Mew\n|-damage|p2a: Mew|98/298\n|-damage|p1a: Lokix|75/100 brn|[from] item: Life Orb\n|\n|-damage|p1a: Lokix|69/100 brn|[from] brn\n|upkeep\n|turn|3\n|inactive|Time left: 300 sec this turn | 300 sec total\n|\n|t:|1783553686\n|move|p2a: Mew|Knock Off|p1a: Lokix\n|-resisted|p1a: Lokix\n|-damage|p1a: Lokix|54/100 brn\n|-enditem|p1a: Lokix|Life Orb|[from] move: Knock Off|[of] p2a: Mew\n|move|p1a: Lokix|Knock Off|p2a: Mew\n|-supereffective|p2a: Mew\n|-damage|p2a: Mew|34/298\n|\n|-damage|p1a: Lokix|48/100 brn|[from] brn\n|upkeep\n|turn|4\n|inactive|Time left: 300 sec this turn | 300 sec total\n|\n|t:|1783553688\n|move|p2a: Mew|Knock Off|p1a: Lokix\n|-resisted|p1a: Lokix\n|-damage|p1a: Lokix|39/100 brn\n|move|p1a: Lokix|Knock Off|p2a: Mew\n|-supereffective|p2a: Mew\n|-damage|p2a: Mew|0 fnt\n|faint|p2a: Mew\n|\n|-damage|p1a: Lokix|33/100 brn|[from] brn\n|-end|p1a: Lokix|Encore\n|upkeep\n|inactive|Time left: 300 sec this turn | 300 sec total | 5 sec grace\n|\n|t:|1783553689\n|switch|p2a: Staraptor|Staraptor, L79, F|263/263\n|turn|5\n|inactive|Time left: 300 sec this turn | 300 sec total\n|\n|t:|1783553690\n|move|p2a: Staraptor|Brave Bird|p1a: Lokix\n|-supereffective|p1a: Lokix\n|-damage|p1a: Lokix|0 fnt\n|faint|p1a: Lokix\n|-damage|p2a: Staraptor|236/263|[from] Recoil\n|\n|upkeep\n|\n|t:|1783553691\n|switch|p1a: Raichu|Raichu, L88, F|100/100\n|turn|6\n|inactive|Time left: 300 sec this turn | 300 sec total\n|\n|t:|1783553692\n|switch|p2a: Gallade|Gallade, L80, M|240/240\n|move|p1a: Raichu|Thunderbolt|p2a: Gallade\n|-damage|p2a: Gallade|158/240\n|\n|upkeep\n|turn|7\n|inactive|Time left: 300 sec this turn | 300 sec total\n|\n|t:|1783553694\n|move|p1a: Raichu|Knock Off|p2a: Gallade\n|-damage|p2a: Gallade|63/240\n|-enditem|p2a: Gallade|Choice Band|[from] move: Knock Off|[of] p1a: Raichu\n|move|p2a: Gallade|Sacred Sword|p1a: Raichu\n|-crit|p1a: Raichu\n|-damage|p1a: Raichu|0 fnt\n|faint|p1a: Raichu\n|\n|upkeep\n|\n|t:|1783553694\n|switch|p1a: Salamence|Salamence, L77, F|100/100\n|turn|8\n|inactive|Time left: 300 sec this turn | 300 sec total\n|\n|t:|1783553695\n|switch|p2a: Staraptor|Staraptor, L79, F|236/263\n|move|p1a: Salamence|Outrage|p2a: Staraptor\n|-damage|p2a: Staraptor|76/263\n|\n|upkeep\n|turn|9\n|inactive|Time left: 300 sec this turn | 300 sec total\n|\n|t:|1783553696\n|move|p2a: Staraptor|Brave Bird|p1a: Salamence\n|-damage|p1a: Salamence|7/100\n|-damage|p2a: Staraptor|0 fnt|[from] Recoil\n|faint|p2a: Staraptor\n|move|p1a: Salamence|Outrage|p2: Staraptor|[from] lockedmove|[notarget]\n|-fail|p1a: Salamence\n|\n|upkeep\n|inactive|Time left: 300 sec this turn | 300 sec total | 5 sec grace\n|\n|t:|1783553698\n|switch|p2a: Honchkrow|Honchkrow, L86, M|312/312\n|turn|10\n|inactive|Time left: 300 sec this turn | 300 sec total\n|\n|t:|1783553699\n|move|p2a: Honchkrow|Sucker Punch|p1a: Salamence\n|-damage|p1a: Salamence|0 fnt\n|faint|p1a: Salamence\n|-ability|p2a: Honchkrow|Moxie|boost\n|-boost|p2a: Honchkrow|atk|1\n|\n|upkeep\n|\n|t:|1783553700\n|switch|p1a: Kleavor|Kleavor, L78, M|100/100\n|turn|11\n|inactive|Time left: 300 sec this turn | 300 sec total\n|\n|t:|1783553701\n|move|p1a: Kleavor|Stone Axe|p2a: Honchkrow\n|-supereffective|p2a: Honchkrow\n|-damage|p2a: Honchkrow|10/312\n|-sidestart|p2: p0y1256272c|move: Stealth Rock\n|move|p2a: Honchkrow|Brave Bird|p1a: Kleavor\n|-damage|p1a: Kleavor|0 fnt\n|faint|p1a: Kleavor\n|-ability|p2a: Honchkrow|Moxie|boost\n|-boost|p2a: Honchkrow|atk|1\n|-damage|p2a: Honchkrow|0 fnt|[from] Recoil\n|faint|p2a: Honchkrow\n|\n|upkeep\n|inactive|Time left: 300 sec this turn | 300 sec total | 5 sec grace\n|\n|t:|1783553702\n|switch|p1a: Dudunsparce|Dudunsparce-Three-Segment, L83, M|100/100\n|switch|p2a: Gallade|Gallade, L80, M|63/240\n|-damage|p2a: Gallade|48/240|[from] Stealth Rock\n|turn|12\n|inactive|Time left: 300 sec this turn | 300 sec total\n|\n|t:|1783553703\n|-terastallize|p1a: Dudunsparce|Ghost\n|move|p2a: Gallade|Sacred Sword|p1a: Dudunsparce\n|-immune|p1a: Dudunsparce\n|move|p1a: Dudunsparce|Calm Mind|p1a: Dudunsparce\n|-boost|p1a: Dudunsparce|spa|1\n|-boost|p1a: Dudunsparce|spd|1\n|\n|upkeep\n|turn|13\n|inactive|Time left: 300 sec this turn | 300 sec total\n|\n|t:|1783553704\n|move|p2a: Gallade|Leaf Blade|p1a: Dudunsparce\n|-damage|p1a: Dudunsparce|66/100\n|move|p1a: Dudunsparce|Boomburst|p2a: Gallade\n|-damage|p2a: Gallade|0 fnt\n|faint|p2a: Gallade\n|\n|-heal|p1a: Dudunsparce|72/100|[from] item: Leftovers\n|upkeep\n|inactive|Time left: 300 sec this turn | 300 sec total | 5 sec grace\n|\n|t:|1783553705\n|switch|p2a: Skuntank|Skuntank, L84, F|310/310\n|-damage|p2a: Skuntank|272/310|[from] Stealth Rock\n|turn|14\n|inactive|Time left: 300 sec this turn | 300 sec total\n|\n|t:|1783553706\n|switch|p1a: Empoleon|Empoleon, L84, M|100/100\n|move|p2a: Skuntank|Knock Off|p1a: Empoleon\n|-damage|p1a: Empoleon|58/100\n|-enditem|p1a: Empoleon|Leftovers|[from] move: Knock Off|[of] p2a: Skuntank\n|-damage|p2a: Skuntank|241/310|[from] item: Life Orb\n|\n|upkeep\n|turn|15\n|inactive|Time left: 300 sec this turn | 300 sec total\n|\n|t:|1783553707\n|move|p2a: Skuntank|Knock Off|p1a: Empoleon\n|-damage|p1a: Empoleon|25/100\n|-damage|p2a: Skuntank|210/310|[from] item: Life Orb\n|move|p1a: Empoleon|Roost|p1a: Empoleon\n|-heal|p1a: Empoleon|75/100\n|-singleturn|p1a: Empoleon|move: Roost\n|\n|upkeep\n|turn|16\n|inactive|Time left: 300 sec this turn | 300 sec total\n|\n|t:|1783553708\n|move|p2a: Skuntank|Sucker Punch||[still]\n|-fail|p2a: Skuntank\n|move|p1a: Empoleon|Roost|p1a: Empoleon\n|-heal|p1a: Empoleon|100/100\n|-singleturn|p1a: Empoleon|move: Roost\n|\n|upkeep\n|turn|17\n|inactive|Time left: 300 sec this turn | 300 sec total\n|\n|t:|1783553709\n|switch|p2a: Feraligatr|Feraligatr, L79, M|264/264\n|-damage|p2a: Feraligatr|231/264|[from] Stealth Rock\n|move|p1a: Empoleon|Surf|p2a: Feraligatr\n|-resisted|p2a: Feraligatr\n|-damage|p2a: Feraligatr|173/264\n|\n|upkeep\n|turn|18\n|inactive|Time left: 300 sec this turn | 300 sec total\n|\n|t:|1783553710\n|move|p2a: Feraligatr|Dragon Dance|p2a: Feraligatr\n|-boost|p2a: Feraligatr|atk|1\n|-boost|p2a: Feraligatr|spe|1\n|move|p1a: Empoleon|Surf|p2a: Feraligatr\n|-resisted|p2a: Feraligatr\n|-damage|p2a: Feraligatr|116/264\n|\n|upkeep\n|turn|19\n|inactive|Time left: 300 sec this turn | 300 sec total\n|\n|t:|1783553711\n|move|p2a: Feraligatr|Crunch|p1a: Empoleon\n|-damage|p1a: Empoleon|54/100\n|move|p1a: Empoleon|Knock Off|p2a: Feraligatr\n|-damage|p2a: Feraligatr|60/264\n|-enditem|p2a: Feraligatr|Life Orb|[from] move: Knock Off|[of] p1a: Empoleon\n|\n|upkeep\n|turn|20\n|inactive|Time left: 300 sec this turn | 300 sec total\n|\n|t:|1783553712\n|move|p2a: Feraligatr|Crunch|p1a: Empoleon\n|-damage|p1a: Empoleon|15/100\n|move|p1a: Empoleon|Roost|p1a: Empoleon\n|-heal|p1a: Empoleon|65/100\n|-singleturn|p1a: Empoleon|move: Roost\n|\n|upkeep\n|turn|21\n|inactive|Time left: 300 sec this turn | 300 sec total\n|\n|t:|1783553713\n|move|p2a: Feraligatr|Crunch|p1a: Empoleon\n|-damage|p1a: Empoleon|30/100\n|move|p1a: Empoleon|Roost|p1a: Empoleon\n|-heal|p1a: Empoleon|80/100\n|-singleturn|p1a: Empoleon|move: Roost\n|\n|upkeep\n|turn|22\n|inactive|Time left: 300 sec this turn | 300 sec total\n|\n|t:|1783553714\n|move|p2a: Feraligatr|Liquidation|p1a: Empoleon\n|-resisted|p1a: Empoleon\n|-crit|p1a: Empoleon\n|-damage|p1a: Empoleon|34/100\n|move|p1a: Empoleon|Surf|p2a: Feraligatr\n|-resisted|p2a: Feraligatr\n|-damage|p2a: Feraligatr|0 fnt\n|faint|p2a: Feraligatr\n|\n|upkeep\n|inactive|Time left: 300 sec this turn | 300 sec total | 5 sec grace\n|\n|t:|1783553716\n|switch|p2a: Skuntank|Skuntank, L84, F|210/310\n|-damage|p2a: Skuntank|172/310|[from] Stealth Rock\n|turn|23\n|inactive|Time left: 300 sec this turn | 300 sec total\n|\n|t:|1783553717\n|move|p2a: Skuntank|Sucker Punch||[still]\n|-fail|p2a: Skuntank\n|move|p1a: Empoleon|Roost|p1a: Empoleon\n|-heal|p1a: Empoleon|84/100\n|-singleturn|p1a: Empoleon|move: Roost\n|\n|upkeep\n|turn|24\n|inactive|Time left: 300 sec this turn | 300 sec total\n|\n|t:|1783553717\n|move|p2a: Skuntank|Gunk Shot|p1a: Empoleon\n|-immune|p1a: Empoleon\n|move|p1a: Empoleon|Surf|p2a: Skuntank\n|-damage|p2a: Skuntank|37/310\n|\n|upkeep\n|turn|25\n|inactive|Time left: 300 sec this turn | 300 sec total\n|\n|t:|1783553718\n|-terastallize|p2a: Skuntank|Poison\n|move|p2a: Skuntank|Toxic Spikes|p1a: Empoleon\n|-sidestart|p1: p0x1256fe3d|move: Toxic Spikes\n|move|p1a: Empoleon|Knock Off|p2a: Skuntank\n|-damage|p2a: Skuntank|0 fnt\n|-damage|p1a: Empoleon|59/100|[from] ability: Aftermath|[of] p2a: Skuntank\n|-enditem|p2a: Skuntank|Life Orb|[from] move: Knock Off|[of] p1a: Empoleon\n|faint|p2a: Skuntank\n|\n|win|p0x1256fe3d", "uploadtime": 1783553718, "views": 0, "rating": 0, "private": 0, "password": null, "_winner": "p0x1256fe3d", "_our_name": "p0y1256272c"}