{"id": "battle-gen9randombattle-1596", "formatid": "gen9randombattle", "format": "[Gen 9] Random Battle", "players": ["p0x15968854", "p0y15968b9e"], "log": "|init|battle\n|title|p0x15968854 vs. p0y15968b9e\n|j|\u2606p0x15968854\n|j|\u2606p0y15968b9e\n|t:|1783558478\n|gametype|singles\n|player|p1|p0x15968854|101|\n|player|p2|p0y15968b9e|101|\n|gen|9\n|tier|[Gen 9] Random Battle\n|rule|Species Clause: Limit one of each Pok\u00e9mon\n|rule|HP Percentage Mod: HP is shown in percentages\n|rule|Sleep Clause Mod: Limit one foe put to sleep\n|rule|Illusion Level Mod: Illusion disguises the Pok\u00e9mon's true level\n|\n|t:|1783558478\n|teamsize|p1|6\n|teamsize|p2|6\n|start\n|switch|p1a: Lanturn|Lanturn, L89, M|100/100\n|switch|p2a: Rhydon|Rhydon, L85, F|317/317\n|turn|1\n|inactive|Battle timer is ON: inactive players will automatically lose when time's up. (requested by p0x15968854)\n|inactive|Time left: 300 sec this turn | 300 sec total | 60 sec grace\n|\n|t:|1783558480\n|-terastallize|p2a: Rhydon|Water\n|move|p1a: Lanturn|Scald|p2a: Rhydon\n|-resisted|p2a: Rhydon\n|-damage|p2a: Rhydon|276/317\n|move|p2a: Rhydon|Earthquake|p1a: Lanturn\n|-supereffective|p1a: Lanturn\n|-damage|p1a: Lanturn|0 fnt\n|faint|p1a: Lanturn\n|\n|upkeep\n|inactive|p0y15968b9e also wants the timer to be on.\n|\n|t:|1783558481\n|switch|p1a: Manaphy|Manaphy, L78|100/100\n|turn|2\n|inactive|Time left: 300 sec this turn | 300 sec total\n|\n|t:|1783558482\n|move|p1a: Manaphy|Tail Glow|p1a: Manaphy\n|-boost|p1a: Manaphy|spa|3\n|move|p2a: Rhydon|Earthquake|p1a: Manaphy\n|-damage|p1a: Manaphy|52/100\n|\n|-heal|p1a: Manaphy|58/100|[from] item: Leftovers\n|upkeep\n|turn|3\n|inactive|Time left: 300 sec this turn | 300 sec total\n|\n|t:|1783558483\n|switch|p2a: Farigiraf|Farigiraf, L90, M|362/362\n|move|p1a: Manaphy|Energy Ball|p2a: Farigiraf\n|-ability|p2a: Farigiraf|Sap Sipper|boost\n|-boost|p2a: Farigiraf|atk|1\n|\n|-heal|p1a: Manaphy|64/100|[from] item: Leftovers\n|upkeep\n|turn|4\n|inactive|Time left: 300 sec this turn | 300 sec total\n|\n|t:|1783558484\n|move|p1a: Manaphy|Surf|p2a: Farigiraf\n|-damage|p2a: Farigiraf|125/362\n|move|p2a: Farigiraf|Body Slam|p1a: Manaphy\n|-damage|p1a: Manaphy|13/100\n|-status|p1a: Manaphy|par\n|\n|-heal|p2a: Farigiraf|147/362|[from] item: Leftovers\n|-heal|p1a: Manaphy|19/100 par|[from] item: Leftovers\n|upkeep\n|turn|5\n|inactive|Time left: 300 sec this turn | 300 sec total\n|\n|t:|1783558485\n|move|p2a: Farigiraf|Body Slam|p1a: Manaphy\n|-damage|p1a: Manaphy|0 fnt\n|faint|p1a: Manaphy\n|\n|-heal|p2a: Farigiraf|169/362|[from] item: Leftovers\n|upkeep\n|\n|t:|1783558486\n|switch|p1a: Flamigo|Flamigo, L82, F|100/100\n|turn|6\n|inactive|Time left: 300 sec this turn | 300 sec total\n|\n|t:|1783558487\n|move|p2a: Farigiraf|Protect|p2a: Farigiraf\n|-singleturn|p2a: Farigiraf|Protect\n|move|p1a: Flamigo|Close Combat|p2a: Farigiraf\n|-activate|p2a: Farigiraf|move: Protect\n|\n|-heal|p2a: Farigiraf|191/362|[from] item: Leftovers\n|upkeep\n|turn|7\n|inactive|Time left: 300 sec this turn | 300 sec total\n|\n|t:|1783558488\n|move|p1a: Flamigo|Close Combat|p2a: Farigiraf\n|-damage|p2a: Farigiraf|0 fnt\n|-unboost|p1a: Flamigo|def|1\n|-unboost|p1a: Flamigo|spd|1\n|faint|p2a: Farigiraf\n|\n|upkeep\n|inactive|Time left: 300 sec this turn | 300 sec total | 5 sec grace\n|\n|t:|1783558489\n|switch|p2a: Delphox|Delphox, L84, F|263/263\n|turn|8\n|inactive|Time left: 300 sec this turn | 300 sec total\n|\n|t:|1783558491\n|switch|p1a: Noivern|Noivern, L82, F|100/100\n|move|p2a: Delphox|Fire Blast|p1a: Noivern\n|-resisted|p1a: Noivern\n|-damage|p1a: Noivern|59/100\n|-status|p1a: Noivern|brn\n|\n|-damage|p1a: Noivern|53/100 brn|[from] brn\n|upkeep\n|turn|9\n|inactive|Time left: 300 sec this turn | 300 sec total\n|\n|t:|1783558492\n|move|p1a: Noivern|Boomburst|p2a: Delphox\n|-damage|p2a: Delphox|127/263\n|move|p2a: Delphox|Fire Blast|p1a: Noivern\n|-resisted|p1a: Noivern\n|-damage|p1a: Noivern|11/100 brn\n|\n|-damage|p1a: Noivern|5/100 brn|[from] brn\n|upkeep\n|turn|10\n|inactive|Time left: 300 sec this turn | 300 sec total\n|\n|t:|1783558493\n|move|p1a: Noivern|Boomburst|p2a: Delphox\n|-damage|p2a: Delphox|10/263\n|move|p2a: Delphox|Fire Blast|p1a: Noivern|[miss]\n|-miss|p2a: Delphox|p1a: Noivern\n|\n|-damage|p1a: Noivern|0 fnt|[from] brn\n|faint|p1a: Noivern\n|upkeep\n|\n|t:|1783558494\n|switch|p1a: Girafarig|Girafarig, L89, F|100/100\n|turn|11\n|inactive|Time left: 300 sec this turn | 300 sec total\n|\n|t:|1783558494\n|move|p2a: Delphox|Fire Blast|p1a: Girafarig\n|-damage|p1a: Girafarig|18/100\n|move|p1a: Girafarig|Hyper Voice|p2a: Delphox\n|-damage|p2a: Delphox|0 fnt\n|faint|p2a: Delphox\n|\n|upkeep\n|inactive|Time left: 300 sec this turn | 300 sec total | 5 sec grace\n|\n|t:|1783558495\n|switch|p2a: Zekrom|Zekrom, L71|259/259\n|-ability|p2a: Zekrom|Teravolt\n|turn|12\n|inactive|Time left: 300 sec this turn | 300 sec total\n|\n|t:|1783558496\n|move|p1a: Girafarig|Hyper Voice|p2a: Zekrom\n|-damage|p2a: Zekrom|148/259\n|move|p2a: Zekrom|Dragon Dance|p2a: Zekrom\n|-boost|p2a: Zekrom|atk|1\n|-boost|p2a: Zekrom|spe|1\n|\n|-heal|p2a: Zekrom|164/259|[from] item: Leftovers\n|upkeep\n|turn|13\n|inactive|Time left: 300 sec this turn | 300 sec total\n|\n|t:|1783558496\n|move|p2a: Zekrom|Dragon Dance|p2a: Zekrom\n|-boost|p2a: Zekrom|atk|1\n|-boost|p2a: Zekrom|spe|1\n|move|p1a: Girafarig|Hyper Voice|p2a: Zekrom\n|-damage|p2a: Zekrom|53/259\n|\n|-heal|p2a: Zekrom|69/259|[from] item: Leftovers\n|upkeep\n|turn|14\n|inactive|Time left: 300 sec this turn | 300 sec total\n|\n|t:|1783558497\n|move|p2a: Zekrom|Outrage|p1a: Girafarig\n|-damage|p1a: Girafarig|0 fnt\n|faint|p1a: Girafarig\n|\n|-heal|p2a: Zekrom|85/259|[from] item: Leftovers\n|upkeep\n|\n|t:|1783558498\n|switch|p1a: Flamigo|Flamigo, L82, F|100/100\n|turn|15\n|inactive|Time left: 300 sec this turn | 300 sec total\n|\n|t:|1783558499\n|-terastallize|p1a: Flamigo|Fighting\n|move|p2a: Zekrom|Outrage|p1a: Flamigo|[from] lockedmove\n|-damage|p1a: Flamigo|0 fnt\n|faint|p1a: Flamigo\n|-start|p2a: Zekrom|confusion|[fatigue]\n|\n|-heal|p2a: Zekrom|101/259|[from] item: Leftovers\n|upkeep\n|\n|t:|1783558499\n|switch|p1a: Zoroark|Zoroark, L83, F|100/100\n|turn|16\n|inactive|Time left: 300 sec this turn | 300 sec total\n|\n|t:|1783558500\n|-activate|p2a: Zekrom|confusion\n|move|p2a: Zekrom|Outrage|p1a: Zoroark\n|-damage|p1a: Zoroark|0 fnt\n|faint|p1a: Zoroark\n|\n|win|p0y15968b9e", "uploadtime": 1783558500, "views": 0, "rating": 0, "private": 0, "password": null, "_winner": "p0y15968b9e", "_our_name": "p0y15968b9e"}