{"id": "battle-gen9randombattle-755", "formatid": "gen9randombattle", "format": "[Gen 9] Random Battle", "players": ["p0x7552901", "p0y755b812"], "log": "|init|battle\n|title|p0x7552901 vs. p0y755b812\n|j|\u2606p0x7552901\n|j|\u2606p0y755b812\n|t:|1783547880\n|gametype|singles\n|player|p1|p0x7552901|102|\n|player|p2|p0y755b812|170|\n|gen|9\n|tier|[Gen 9] Random Battle\n|rule|Species Clause: Limit one of each Pok\u00e9mon\n|rule|HP Percentage Mod: HP is shown in percentages\n|rule|Sleep Clause Mod: Limit one foe put to sleep\n|rule|Illusion Level Mod: Illusion disguises the Pok\u00e9mon's true level\n|\n|t:|1783547880\n|teamsize|p1|6\n|teamsize|p2|6\n|start\n|switch|p1a: Eelektross|Eelektross, L87, F|290/290\n|switch|p2a: Seviper|Seviper, L93, M|100/100\n|turn|1\n|inactive|Battle timer is ON: inactive players will automatically lose when time's up. (requested by p0x7552901)\n|inactive|p0y755b812 also wants the timer to be on.\n|\n|t:|1783547882\n|move|p2a: Seviper|Gunk Shot|p1a: Eelektross|[miss]\n|-miss|p2a: Seviper|p1a: Eelektross\n|move|p1a: Eelektross|Discharge|p2a: Seviper\n|-damage|p2a: Seviper|61/100\n|\n|upkeep\n|turn|2\n|inactive|Time left: 300 sec this turn | 300 sec total\n|\n|t:|1783547883\n|move|p2a: Seviper|Gunk Shot|p1a: Eelektross|[miss]\n|-miss|p2a: Seviper|p1a: Eelektross\n|move|p1a: Eelektross|Discharge|p2a: Seviper\n|-damage|p2a: Seviper|18/100\n|\n|upkeep\n|turn|3\n|inactive|Time left: 300 sec this turn | 300 sec total\n|\n|t:|1783547884\n|move|p2a: Seviper|Gunk Shot|p1a: Eelektross\n|-damage|p1a: Eelektross|134/290\n|-status|p1a: Eelektross|psn\n|move|p1a: Eelektross|Discharge|p2a: Seviper\n|-damage|p2a: Seviper|0 fnt\n|faint|p2a: Seviper\n|\n|-damage|p1a: Eelektross|98/290 psn|[from] psn\n|upkeep\n|\n|t:|1783547886\n|switch|p2a: Flapple|Flapple, L88, M|100/100\n|turn|4\n|inactive|Time left: 300 sec this turn | 300 sec total\n|\n|t:|1783547887\n|switch|p1a: Lugia|Lugia, L73|275/275\n|move|p2a: Flapple|Outrage|p1a: Lugia\n|-damage|p1a: Lugia|185/275\n|\n|upkeep\n|turn|5\n|inactive|Time left: 300 sec this turn | 300 sec total\n|\n|t:|1783547888\n|move|p1a: Lugia|Recover|p1a: Lugia\n|-heal|p1a: Lugia|275/275\n|move|p2a: Flapple|Outrage|p1a: Lugia|[from] lockedmove\n|-damage|p1a: Lugia|176/275\n|\n|upkeep\n|turn|6\n|inactive|Time left: 300 sec this turn | 300 sec total\n|\n|t:|1783547889\n|move|p1a: Lugia|Recover|p1a: Lugia\n|-heal|p1a: Lugia|275/275\n|move|p2a: Flapple|Outrage|p1a: Lugia|[from] lockedmove\n|-damage|p1a: Lugia|176/275\n|-start|p2a: Flapple|confusion|[fatigue]\n|-enditem|p2a: Flapple|Lum Berry|[eat]\n|-end|p2a: Flapple|confusion\n|\n|upkeep\n|turn|7\n|inactive|Time left: 300 sec this turn | 300 sec total\n|\n|t:|1783547890\n|move|p1a: Lugia|Recover|p1a: Lugia\n|-heal|p1a: Lugia|275/275\n|move|p2a: Flapple|Outrage|p1a: Lugia\n|-damage|p1a: Lugia|171/275\n|\n|upkeep\n|turn|8\n|inactive|Time left: 300 sec this turn | 300 sec total\n|\n|t:|1783547891\n|move|p1a: Lugia|Recover|p1a: Lugia\n|-heal|p1a: Lugia|275/275\n|move|p2a: Flapple|Outrage|p1a: Lugia|[from] lockedmove\n|-damage|p1a: Lugia|176/275\n|-start|p2a: Flapple|confusion|[fatigue]\n|\n|upkeep\n|turn|9\n|inactive|Time left: 300 sec this turn | 300 sec total\n|\n|t:|1783547892\n|switch|p2a: Greedent|Greedent, L86, F|100/100\n|move|p1a: Lugia|Aeroblast|p2a: Greedent\n|-damage|p2a: Greedent|75/100\n|\n|upkeep\n|turn|10\n|inactive|Time left: 300 sec this turn | 300 sec total\n|\n|t:|1783547893\n|move|p1a: Lugia|Recover|p1a: Lugia\n|-heal|p1a: Lugia|275/275\n|move|p2a: Greedent|Swords Dance|p2a: Greedent\n|-boost|p2a: Greedent|atk|2\n|\n|upkeep\n|turn|11\n|inactive|Time left: 300 sec this turn | 300 sec total\n|\n|t:|1783547894\n|move|p1a: Lugia|Calm Mind|p1a: Lugia\n|-boost|p1a: Lugia|spa|1\n|-boost|p1a: Lugia|spd|1\n|move|p2a: Greedent|Knock Off|p1a: Lugia\n|-supereffective|p1a: Lugia\n|-damage|p1a: Lugia|165/275\n|-enditem|p1a: Lugia|Heavy-Duty Boots|[from] move: Knock Off|[of] p2a: Greedent\n|\n|upkeep\n|turn|12\n|inactive|Time left: 300 sec this turn | 300 sec total\n|\n|t:|1783547895\n|move|p1a: Lugia|Recover|p1a: Lugia\n|-heal|p1a: Lugia|275/275\n|move|p2a: Greedent|Body Slam|p1a: Lugia\n|-damage|p1a: Lugia|194/275\n|\n|upkeep\n|turn|13\n|inactive|Time left: 300 sec this turn | 300 sec total\n|\n|t:|1783547896\n|move|p1a: Lugia|Recover|p1a: Lugia\n|-heal|p1a: Lugia|275/275\n|move|p2a: Greedent|Body Slam|p1a: Lugia\n|-damage|p1a: Lugia|194/275\n|-status|p1a: Lugia|par\n|\n|upkeep\n|turn|14\n|inactive|Time left: 300 sec this turn | 300 sec total\n|\n|t:|1783547897\n|move|p1a: Lugia|Aeroblast|p2a: Greedent\n|-damage|p2a: Greedent|41/100\n|-enditem|p2a: Greedent|Sitrus Berry|[eat]\n|-heal|p2a: Greedent|65/100|[from] item: Sitrus Berry\n|-heal|p2a: Greedent|98/100|[from] ability: Cheek Pouch\n|move|p2a: Greedent|Body Slam|p1a: Lugia\n|-damage|p1a: Lugia|40/275 par\n|\n|upkeep\n|turn|15\n|inactive|Time left: 300 sec this turn | 300 sec total\n|\n|t:|1783547898\n|move|p1a: Lugia|Aeroblast|p2a: Greedent\n|-damage|p2a: Greedent|64/100\n|move|p2a: Greedent|Body Slam|p1a: Lugia\n|-damage|p1a: Lugia|0 fnt\n|faint|p1a: Lugia\n|\n|upkeep\n|inactive|Time left: 300 sec this turn | 300 sec total | 5 sec grace\n|\n|t:|1783547899\n|switch|p1a: Eelektross|Eelektross, L87, F|98/290 psn\n|turn|16\n|inactive|Time left: 300 sec this turn | 300 sec total\n|\n|t:|1783547900\n|move|p1a: Eelektross|Close Combat|p2a: Greedent\n|-supereffective|p2a: Greedent\n|-damage|p2a: Greedent|7/100\n|-unboost|p1a: Eelektross|def|1\n|-unboost|p1a: Eelektross|spd|1\n|move|p2a: Greedent|Knock Off|p1a: Eelektross\n|-damage|p1a: Eelektross|0 fnt\n|-enditem|p1a: Eelektross|Assault Vest|[from] move: Knock Off|[of] p2a: Greedent\n|faint|p1a: Eelektross\n|\n|upkeep\n|inactive|Time left: 300 sec this turn | 300 sec total | 5 sec grace\n|\n|t:|1783547901\n|switch|p1a: Meowscarada|Meowscarada, L78, F|247/247\n|turn|17\n|inactive|Time left: 300 sec this turn | 300 sec total\n|\n|t:|1783547902\n|move|p1a: Meowscarada|U-turn|p2a: Greedent\n|-start|p1a: Meowscarada|typechange|Bug|[from] ability: Protean\n|-damage|p2a: Greedent|0 fnt\n|faint|p2a: Greedent\n|inactive|Time left: 300 sec this turn | 300 sec total | 5 sec grace\n|\n|t:|1783547903\n|switch|p1a: Greninja|Greninja, L80, M|246/246|[from] U-turn\n|\n|upkeep\n|\n|t:|1783547904\n|switch|p2a: Eternatus|Eternatus, L69|100/100\n|-ability|p2a: Eternatus|Pressure\n|turn|18\n|inactive|Time left: 300 sec this turn | 300 sec total\n|\n|t:|1783547905\n|move|p1a: Greninja|Ice Beam|p2a: Eternatus\n|-start|p1a: Greninja|typechange|Ice|[from] ability: Protean\n|-supereffective|p2a: Eternatus\n|-damage|p2a: Eternatus|13/100\n|-damage|p1a: Greninja|222/246|[from] item: Life Orb\n|move|p2a: Eternatus|Meteor Beam||[still]\n|-prepare|p2a: Eternatus|Meteor Beam\n|-boost|p2a: Eternatus|spa|1\n|-enditem|p2a: Eternatus|Power Herb\n|-anim|p2a: Eternatus|Meteor Beam|p1a: Greninja\n|-supereffective|p1a: Greninja\n|-damage|p1a: Greninja|0 fnt\n|faint|p1a: Greninja\n|\n|upkeep\n|inactive|Time left: 300 sec this turn | 300 sec total | 5 sec grace\n|\n|t:|1783547906\n|switch|p1a: Meowscarada|Meowscarada, L78, F|247/247\n|turn|19\n|inactive|Time left: 300 sec this turn | 300 sec total\n|\n|t:|1783547907\n|move|p1a: Meowscarada|U-turn|p2a: Eternatus\n|-start|p1a: Meowscarada|typechange|Bug|[from] ability: Protean\n|-resisted|p2a: Eternatus\n|-damage|p2a: Eternatus|0 fnt\n|faint|p2a: Eternatus\n|inactive|Time left: 300 sec this turn | 300 sec total | 5 sec grace\n|\n|t:|1783547908\n|switch|p1a: Oinkologne|Oinkologne-F, L92, F|361/361|[from] U-turn\n|\n|upkeep\n|\n|t:|1783547909\n|switch|p2a: Flapple|Flapple, L88, M|100/100\n|turn|20\n|inactive|Time left: 300 sec this turn | 300 sec total\n|\n|t:|1783547910\n|move|p2a: Flapple|Outrage|p1a: Oinkologne\n|-damage|p1a: Oinkologne|109/361\n|move|p1a: Oinkologne|Body Slam|p2a: Flapple\n|-damage|p2a: Flapple|64/100\n|\n|-heal|p1a: Oinkologne|131/361|[from] item: Leftovers\n|upkeep\n|turn|21\n|inactive|Time left: 300 sec this turn | 300 sec total\n|\n|t:|1783547911\n|-terastallize|p1a: Oinkologne|Fairy\n|move|p2a: Flapple|Outrage|p1a: Oinkologne|[from] lockedmove\n|-immune|p1a: Oinkologne\n|-start|p2a: Flapple|confusion|[fatigue]\n|move|p1a: Oinkologne|Body Slam|p2a: Flapple\n|-damage|p2a: Flapple|22/100\n|-status|p2a: Flapple|par\n|\n|-heal|p1a: Oinkologne|153/361|[from] item: Leftovers\n|upkeep\n|turn|22\n|inactive|Time left: 300 sec this turn | 300 sec total\n|\n|t:|1783547912\n|switch|p2a: Vigoroth|Vigoroth, L85, F|100/100\n|move|p1a: Oinkologne|Body Slam|p2a: Vigoroth\n|-damage|p2a: Vigoroth|76/100\n|-status|p2a: Vigoroth|par\n|\n|-heal|p1a: Oinkologne|175/361|[from] item: Leftovers\n|upkeep\n|turn|23\n|inactive|Time left: 300 sec this turn | 300 sec total\n|\n|t:|1783547913\n|move|p1a: Oinkologne|Curse|p1a: Oinkologne\n|-unboost|p1a: Oinkologne|spe|1\n|-boost|p1a: Oinkologne|atk|1\n|-boost|p1a: Oinkologne|def|1\n|move|p2a: Vigoroth|Bulk Up|p2a: Vigoroth\n|-boost|p2a: Vigoroth|atk|1\n|-boost|p2a: Vigoroth|def|1\n|\n|-heal|p1a: Oinkologne|197/361|[from] item: Leftovers\n|upkeep\n|turn|24\n|inactive|Time left: 300 sec this turn | 300 sec total\n|\n|t:|1783547914\n|move|p1a: Oinkologne|Curse|p1a: Oinkologne\n|-unboost|p1a: Oinkologne|spe|1\n|-boost|p1a: Oinkologne|atk|1\n|-boost|p1a: Oinkologne|def|1\n|move|p2a: Vigoroth|Bulk Up|p2a: Vigoroth\n|-boost|p2a: Vigoroth|atk|1\n|-boost|p2a: Vigoroth|def|1\n|\n|-heal|p1a: Oinkologne|219/361|[from] item: Leftovers\n|upkeep\n|turn|25\n|inactive|Time left: 300 sec this turn | 300 sec total\n|\n|t:|1783547915\n|move|p2a: Vigoroth|Body Slam|p1a: Oinkologne\n|-damage|p1a: Oinkologne|126/361\n|move|p1a: Oinkologne|Body Slam|p2a: Vigoroth\n|-damage|p2a: Vigoroth|52/100 par\n|\n|-heal|p1a: Oinkologne|148/361|[from] item: Leftovers\n|upkeep\n|turn|26\n|inactive|Time left: 300 sec this turn | 300 sec total\n|\n|t:|1783547916\n|move|p2a: Vigoroth|Slack Off|p2a: Vigoroth\n|-heal|p2a: Vigoroth|100/100 par\n|move|p1a: Oinkologne|Curse|p1a: Oinkologne\n|-unboost|p1a: Oinkologne|spe|1\n|-boost|p1a: Oinkologne|atk|1\n|-boost|p1a: Oinkologne|def|1\n|\n|-heal|p1a: Oinkologne|170/361|[from] item: Leftovers\n|upkeep\n|turn|27\n|inactive|Time left: 300 sec this turn | 300 sec total\n|\n|t:|1783547917\n|move|p2a: Vigoroth|Bulk Up|p2a: Vigoroth\n|-boost|p2a: Vigoroth|atk|1\n|-boost|p2a: Vigoroth|def|1\n|move|p1a: Oinkologne|Body Slam|p2a: Vigoroth\n|-damage|p2a: Vigoroth|73/100 par\n|\n|-heal|p1a: Oinkologne|192/361|[from] item: Leftovers\n|upkeep\n|turn|28\n|inactive|Time left: 300 sec this turn | 300 sec total\n|\n|t:|1783547918\n|move|p2a: Vigoroth|Bulk Up|p2a: Vigoroth\n|-boost|p2a: Vigoroth|atk|1\n|-boost|p2a: Vigoroth|def|1\n|move|p1a: Oinkologne|Body Slam|p2a: Vigoroth\n|-damage|p2a: Vigoroth|51/100 par\n|\n|-heal|p1a: Oinkologne|214/361|[from] item: Leftovers\n|upkeep\n|turn|29\n|inactive|Time left: 300 sec this turn | 300 sec total\n|\n|t:|1783547919\n|move|p2a: Vigoroth|Body Slam|p1a: Oinkologne\n|-damage|p1a: Oinkologne|99/361\n|move|p1a: Oinkologne|Curse|p1a: Oinkologne\n|-unboost|p1a: Oinkologne|spe|1\n|-boost|p1a: Oinkologne|atk|1\n|-boost|p1a: Oinkologne|def|1\n|\n|-heal|p1a: Oinkologne|121/361|[from] item: Leftovers\n|upkeep\n|turn|30\n|inactive|Time left: 300 sec this turn | 300 sec total\n|\n|t:|1783547920\n|move|p2a: Vigoroth|Body Slam|p1a: Oinkologne\n|-damage|p1a: Oinkologne|31/361\n|move|p1a: Oinkologne|Rest|p1a: Oinkologne\n|-status|p1a: Oinkologne|slp|[from] move: Rest\n|-heal|p1a: Oinkologne|361/361 slp|[silent]\n|\n|upkeep\n|turn|31\n|inactive|Time left: 300 sec this turn | 300 sec total\n|\n|t:|1783547921\n|cant|p2a: Vigoroth|par\n|cant|p1a: Oinkologne|slp\n|move|p1a: Oinkologne|Sleep Talk|p1a: Oinkologne\n|move|p1a: Oinkologne|Curse|p1a: Oinkologne|[from] move: Sleep Talk\n|-unboost|p1a: Oinkologne|spe|1\n|-boost|p1a: Oinkologne|atk|1\n|-boost|p1a: Oinkologne|def|1\n|\n|upkeep\n|turn|32\n|inactive|Time left: 300 sec this turn | 300 sec total\n|\n|t:|1783547922\n|move|p2a: Vigoroth|Slack Off|p2a: Vigoroth\n|-heal|p2a: Vigoroth|100/100 par\n|cant|p1a: Oinkologne|slp\n|move|p1a: Oinkologne|Sleep Talk|p1a: Oinkologne\n|move|p1a: Oinkologne|Curse|p1a: Oinkologne|[from] move: Sleep Talk\n|-unboost|p1a: Oinkologne|spe|1\n|-boost|p1a: Oinkologne|atk|1\n|-boost|p1a: Oinkologne|def|1\n|\n|upkeep\n|turn|33\n|inactive|Time left: 300 sec this turn | 300 sec total\n|\n|t:|1783547923\n|move|p2a: Vigoroth|Body Slam|p1a: Oinkologne\n|-damage|p1a: Oinkologne|298/361 slp\n|-curestatus|p1a: Oinkologne|slp|[msg]\n|move|p1a: Oinkologne|Body Slam|p2a: Vigoroth\n|-damage|p2a: Vigoroth|67/100 par\n|\n|-heal|p1a: Oinkologne|320/361|[from] item: Leftovers\n|upkeep\n|turn|34\n|inactive|Time left: 300 sec this turn | 300 sec total\n|\n|t:|1783547925\n|move|p2a: Vigoroth|Slack Off|p2a: Vigoroth\n|-heal|p2a: Vigoroth|100/100 par\n|move|p1a: Oinkologne|Body Slam|p2a: Vigoroth\n|-damage|p2a: Vigoroth|68/100 par\n|\n|-heal|p1a: Oinkologne|342/361|[from] item: Leftovers\n|upkeep\n|turn|35\n|inactive|Time left: 300 sec this turn | 300 sec total\n|\n|t:|1783547926\n|move|p2a: Vigoroth|Body Slam|p1a: Oinkologne\n|-damage|p1a: Oinkologne|275/361\n|move|p1a: Oinkologne|Body Slam|p2a: Vigoroth\n|-crit|p2a: Vigoroth\n|-damage|p2a: Vigoroth|0 fnt\n|faint|p2a: Vigoroth\n|\n|-heal|p1a: Oinkologne|297/361|[from] item: Leftovers\n|upkeep\n|\n|t:|1783547927\n|switch|p2a: Flapple|Flapple, L88, M|22/100 par\n|turn|36\n|inactive|Time left: 300 sec this turn | 300 sec total\n|\n|t:|1783547928\n|-terastallize|p2a: Flapple|Fire\n|cant|p2a: Flapple|par\n|move|p1a: Oinkologne|Body Slam|p2a: Flapple\n|-damage|p2a: Flapple|0 fnt\n|faint|p2a: Flapple\n|\n|-heal|p1a: Oinkologne|319/361|[from] item: Leftovers\n|upkeep\n|\n|t:|1783547929\n|switch|p2a: Houndoom|Houndoom, L87, F|100/100\n|turn|37\n|inactive|Time left: 300 sec this turn | 300 sec total\n|\n|t:|1783547930\n|move|p2a: Houndoom|Dark Pulse|p1a: Oinkologne\n|-resisted|p1a: Oinkologne\n|-damage|p1a: Oinkologne|274/361\n|move|p1a: Oinkologne|Body Slam|p2a: Houndoom\n|-damage|p2a: Houndoom|0 fnt\n|faint|p2a: Houndoom\n|\n|win|p0x7552901", "uploadtime": 1783547930, "views": 0, "rating": 0, "private": 0, "password": null, "_winner": "p0x7552901", "_our_name": "p0x7552901"}