{"id": "battle-gen9randombattle-672", "formatid": "gen9randombattle", "format": "[Gen 9] Random Battle", "players": ["p0x6723159", "p0y672c3a6"], "log": "|init|battle\n|title|p0x6723159 vs. p0y672c3a6\n|j|\u2606p0x6723159\n|j|\u2606p0y672c3a6\n|t:|1783547630\n|gametype|singles\n|player|p1|p0x6723159|265|\n|player|p2|p0y672c3a6|2|\n|gen|9\n|tier|[Gen 9] Random Battle\n|rule|Species Clause: Limit one of each Pok\u00e9mon\n|rule|HP Percentage Mod: HP is shown in percentages\n|rule|Sleep Clause Mod: Limit one foe put to sleep\n|rule|Illusion Level Mod: Illusion disguises the Pok\u00e9mon's true level\n|\n|t:|1783547630\n|teamsize|p1|6\n|teamsize|p2|6\n|start\n|switch|p1a: Dudunsparce|Dudunsparce-Three-Segment, L83, M|100/100\n|switch|p2a: Iron Jugulis|Iron Jugulis, L77|271/271\n|turn|1\n|inactive|Battle timer is ON: inactive players will automatically lose when time's up. (requested by p0y672c3a6)\n|inactive|p0x6723159 also wants the timer to be on.\n|\n|t:|1783547632\n|switch|p1a: Magearna|Magearna-Original, L77|100/100\n|move|p2a: Iron Jugulis|Hurricane|p1a: Magearna\n|-resisted|p1a: Magearna\n|-damage|p1a: Magearna|70/100\n|\n|upkeep\n|turn|2\n|inactive|Time left: 300 sec this turn | 300 sec total\n|\n|t:|1783547633\n|move|p2a: Iron Jugulis|Hurricane|p1a: Magearna\n|-resisted|p1a: Magearna\n|-damage|p1a: Magearna|36/100\n|move|p1a: Magearna|Shift Gear|p1a: Magearna\n|-boost|p1a: Magearna|spe|2\n|-boost|p1a: Magearna|atk|1\n|\n|upkeep\n|turn|3\n|inactive|Time left: 300 sec this turn | 300 sec total\n|\n|t:|1783547634\n|-end|p2a: Iron Jugulis|Quark Drive|[silent]\n|switch|p2a: Vileplume|Vileplume, L85, M|266/266\n|move|p1a: Magearna|Fleur Cannon|p2a: Vileplume\n|-resisted|p2a: Vileplume\n|-damage|p2a: Vileplume|195/266\n|-unboost|p1a: Magearna|spa|2\n|\n|-heal|p2a: Vileplume|211/266|[from] item: Leftovers\n|upkeep\n|turn|4\n|inactive|Time left: 300 sec this turn | 300 sec total\n|\n|t:|1783547635\n|move|p1a: Magearna|Iron Head|p2a: Vileplume\n|-damage|p2a: Vileplume|109/266\n|move|p2a: Vileplume|Giga Drain|p1a: Magearna\n|-resisted|p1a: Magearna\n|-damage|p1a: Magearna|20/100\n|-heal|p2a: Vileplume|129/266|[from] drain|[of] p1a: Magearna\n|\n|-heal|p2a: Vileplume|145/266|[from] item: Leftovers\n|upkeep\n|turn|5\n|inactive|Time left: 300 sec this turn | 300 sec total\n|\n|t:|1783547637\n|move|p1a: Magearna|Iron Head|p2a: Vileplume\n|-damage|p2a: Vileplume|46/266\n|move|p2a: Vileplume|Strength Sap|p1a: Magearna\n|-unboost|p1a: Magearna|atk|1\n|-heal|p2a: Vileplume|266/266\n|\n|upkeep\n|turn|6\n|inactive|Time left: 300 sec this turn | 300 sec total\n|\n|t:|1783547638\n|move|p1a: Magearna|Shift Gear|p1a: Magearna\n|-boost|p1a: Magearna|spe|2\n|-boost|p1a: Magearna|atk|1\n|move|p2a: Vileplume|Giga Drain|p1a: Magearna\n|-resisted|p1a: Magearna\n|-damage|p1a: Magearna|5/100\n|\n|upkeep\n|turn|7\n|inactive|Time left: 300 sec this turn | 300 sec total\n|\n|t:|1783547639\n|move|p1a: Magearna|Iron Head|p2a: Vileplume\n|-damage|p2a: Vileplume|152/266\n|cant|p2a: Vileplume|flinch\n|\n|-heal|p2a: Vileplume|168/266|[from] item: Leftovers\n|upkeep\n|turn|8\n|inactive|Time left: 300 sec this turn | 300 sec total\n|\n|t:|1783547641\n|move|p1a: Magearna|Iron Head|p2a: Vileplume\n|-damage|p2a: Vileplume|59/266\n|move|p2a: Vileplume|Giga Drain|p1a: Magearna\n|-resisted|p1a: Magearna\n|-damage|p1a: Magearna|0 fnt\n|-heal|p2a: Vileplume|65/266|[from] drain|[of] p1a: Magearna\n|faint|p1a: Magearna\n|\n|-heal|p2a: Vileplume|81/266|[from] item: Leftovers\n|upkeep\n|\n|t:|1783547642\n|switch|p1a: Venusaur|Venusaur, L84, F|100/100\n|turn|9\n|inactive|Time left: 300 sec this turn | 300 sec total\n|\n|t:|1783547643\n|move|p1a: Venusaur|Sludge Bomb|p2a: Vileplume\n|-damage|p2a: Vileplume|0 fnt\n|faint|p2a: Vileplume\n|\n|upkeep\n|inactive|Time left: 300 sec this turn | 300 sec total | 5 sec grace\n|\n|t:|1783547644\n|switch|p2a: Iron Jugulis|Iron Jugulis, L77|271/271\n|turn|10\n|inactive|Time left: 300 sec this turn | 300 sec total\n|\n|t:|1783547645\n|move|p2a: Iron Jugulis|Hurricane|p1a: Venusaur|[miss]\n|-miss|p2a: Iron Jugulis|p1a: Venusaur\n|move|p1a: Venusaur|Sludge Bomb|p2a: Iron Jugulis\n|-damage|p2a: Iron Jugulis|151/271\n|\n|upkeep\n|turn|11\n|inactive|Time left: 300 sec this turn | 300 sec total\n|\n|t:|1783547646\n|switch|p1a: Raging Bolt|Raging Bolt, L78|100/100\n|move|p2a: Iron Jugulis|Hurricane|p1a: Raging Bolt\n|-resisted|p1a: Raging Bolt\n|-damage|p1a: Raging Bolt|70/100\n|\n|-heal|p1a: Raging Bolt|76/100|[from] item: Leftovers\n|upkeep\n|turn|12\n|inactive|Time left: 300 sec this turn | 300 sec total\n|\n|t:|1783547647\n|-end|p2a: Iron Jugulis|Quark Drive|[silent]\n|switch|p2a: Glaceon|Glaceon, L94, M|275/275\n|move|p1a: Raging Bolt|Calm Mind|p1a: Raging Bolt\n|-boost|p1a: Raging Bolt|spa|1\n|-boost|p1a: Raging Bolt|spd|1\n|\n|-heal|p1a: Raging Bolt|82/100|[from] item: Leftovers\n|upkeep\n|turn|13\n|inactive|Time left: 300 sec this turn | 300 sec total\n|\n|t:|1783547648\n|move|p2a: Glaceon|Freeze-Dry|p1a: Raging Bolt\n|-supereffective|p1a: Raging Bolt\n|-damage|p1a: Raging Bolt|33/100\n|move|p1a: Raging Bolt|Thunderbolt|p2a: Glaceon\n|-damage|p2a: Glaceon|128/275\n|\n|-heal|p1a: Raging Bolt|40/100|[from] item: Leftovers\n|upkeep\n|turn|14\n|inactive|Time left: 300 sec this turn | 300 sec total\n|\n|t:|1783547649\n|-terastallize|p1a: Raging Bolt|Electric\n|move|p2a: Glaceon|Freeze-Dry|p1a: Raging Bolt\n|-damage|p1a: Raging Bolt|13/100\n|-status|p1a: Raging Bolt|frz\n|cant|p1a: Raging Bolt|frz\n|\n|-heal|p1a: Raging Bolt|19/100 frz|[from] item: Leftovers\n|upkeep\n|turn|15\n|inactive|Time left: 300 sec this turn | 300 sec total\n|\n|t:|1783547650\n|cant|p1a: Raging Bolt|frz\n|move|p2a: Glaceon|Freeze-Dry|p1a: Raging Bolt\n|-damage|p1a: Raging Bolt|0 fnt\n|faint|p1a: Raging Bolt\n|-end|p1a: Raging Bolt|Protosynthesis|[silent]\n|\n|upkeep\n|\n|t:|1783547651\n|switch|p1a: Greninja|Greninja, L80, M|100/100\n|turn|16\n|inactive|Time left: 300 sec this turn | 300 sec total\n|\n|t:|1783547652\n|move|p1a: Greninja|Gunk Shot|p2a: Glaceon\n|-start|p1a: Greninja|typechange|Poison|[from] ability: Protean\n|-damage|p2a: Glaceon|11/275\n|-damage|p1a: Greninja|91/100|[from] item: Life Orb\n|move|p2a: Glaceon|Freeze-Dry|p1a: Greninja\n|-damage|p1a: Greninja|34/100\n|\n|upkeep\n|turn|17\n|inactive|Time left: 300 sec this turn | 300 sec total\n|\n|t:|1783547653\n|move|p1a: Greninja|Ice Beam|p2a: Glaceon\n|-resisted|p2a: Glaceon\n|-damage|p2a: Glaceon|0 fnt\n|faint|p2a: Glaceon\n|-damage|p1a: Greninja|24/100|[from] item: Life Orb\n|\n|upkeep\n|inactive|Time left: 300 sec this turn | 300 sec total | 5 sec grace\n|\n|t:|1783547654\n|switch|p2a: Feraligatr|Feraligatr, L79, M|264/264\n|turn|18\n|inactive|Time left: 300 sec this turn | 300 sec total\n|\n|t:|1783547655\n|switch|p1a: Appletun|Appletun, L92, M|100/100\n|move|p2a: Feraligatr|Dragon Dance|p2a: Feraligatr\n|-boost|p2a: Feraligatr|atk|1\n|-boost|p2a: Feraligatr|spe|1\n|\n|upkeep\n|turn|19\n|inactive|Time left: 300 sec this turn | 300 sec total\n|\n|t:|1783547656\n|-terastallize|p2a: Feraligatr|Steel\n|move|p2a: Feraligatr|Ice Punch|p1a: Appletun\n|-supereffective|p1a: Appletun\n|-damage|p1a: Appletun|27/100\n|move|p1a: Appletun|Apple Acid|p2a: Feraligatr\n|-resisted|p2a: Feraligatr\n|-damage|p2a: Feraligatr|203/264\n|-unboost|p2a: Feraligatr|spd|1\n|\n|-heal|p1a: Appletun|33/100|[from] item: Leftovers\n|upkeep\n|turn|20\n|inactive|Time left: 300 sec this turn | 300 sec total\n|\n|t:|1783547657\n|move|p2a: Feraligatr|Crunch|p1a: Appletun\n|-damage|p1a: Appletun|0 fnt\n|faint|p1a: Appletun\n|\n|upkeep\n|\n|t:|1783547658\n|switch|p1a: Dudunsparce|Dudunsparce-Three-Segment, L83, M|100/100\n|turn|21\n|inactive|Time left: 300 sec this turn | 300 sec total\n|\n|t:|1783547659\n|move|p2a: Feraligatr|Liquidation|p1a: Dudunsparce\n|-damage|p1a: Dudunsparce|31/100\n|move|p1a: Dudunsparce|Earthquake|p2a: Feraligatr\n|-supereffective|p2a: Feraligatr\n|-damage|p2a: Feraligatr|63/264\n|\n|-heal|p1a: Dudunsparce|37/100|[from] item: Leftovers\n|upkeep\n|turn|22\n|inactive|Time left: 300 sec this turn | 300 sec total\n|\n|t:|1783547660\n|switch|p1a: Greninja|Greninja, L80, M|24/100\n|move|p2a: Feraligatr|Crunch|p1a: Greninja\n|-resisted|p1a: Greninja\n|-damage|p1a: Greninja|0 fnt\n|faint|p1a: Greninja\n|\n|upkeep\n|\n|t:|1783547661\n|switch|p1a: Dudunsparce|Dudunsparce-Three-Segment, L83, M|37/100\n|turn|23\n|inactive|Time left: 300 sec this turn | 300 sec total\n|\n|t:|1783547662\n|move|p2a: Feraligatr|Ice Punch|p1a: Dudunsparce\n|-damage|p1a: Dudunsparce|0 fnt\n|faint|p1a: Dudunsparce\n|\n|upkeep\n|\n|t:|1783547663\n|switch|p1a: Venusaur|Venusaur, L84, F|100/100\n|turn|24\n|inactive|Time left: 300 sec this turn | 300 sec total\n|\n|t:|1783547664\n|move|p2a: Feraligatr|Ice Punch|p1a: Venusaur\n|-supereffective|p1a: Venusaur\n|-damage|p1a: Venusaur|4/100\n|move|p1a: Venusaur|Sleep Powder|p2a: Feraligatr\n|-status|p2a: Feraligatr|slp|[from] move: Sleep Powder\n|\n|-heal|p1a: Venusaur|10/100|[from] item: Leftovers\n|upkeep\n|turn|25\n|inactive|Time left: 300 sec this turn | 300 sec total\n|\n|t:|1783547665\n|switch|p2a: Noivern|Noivern, L82, M|274/274\n|move|p1a: Venusaur|Synthesis|p1a: Venusaur\n|-heal|p1a: Venusaur|60/100\n|\n|-heal|p1a: Venusaur|66/100|[from] item: Leftovers\n|upkeep\n|turn|26\n|inactive|Time left: 300 sec this turn | 300 sec total\n|\n|t:|1783547667\n|move|p2a: Noivern|Hurricane|p1a: Venusaur|[miss]\n|-miss|p2a: Noivern|p1a: Venusaur\n|move|p1a: Venusaur|Synthesis|p1a: Venusaur\n|-heal|p1a: Venusaur|100/100\n|\n|upkeep\n|turn|27\n|inactive|Time left: 300 sec this turn | 300 sec total\n|\n|t:|1783547667\n|move|p2a: Noivern|Hurricane|p1a: Venusaur|[miss]\n|-miss|p2a: Noivern|p1a: Venusaur\n|move|p1a: Venusaur|Synthesis|p1a: Venusaur\n|-fail|p1a: Venusaur|heal\n|\n|upkeep\n|turn|28\n|inactive|Time left: 300 sec this turn | 300 sec total\n|\n|t:|1783547669\n|move|p2a: Noivern|Hurricane|p1a: Venusaur\n|-supereffective|p1a: Venusaur\n|-damage|p1a: Venusaur|30/100\n|move|p1a: Venusaur|Synthesis|p1a: Venusaur\n|-heal|p1a: Venusaur|80/100\n|\n|-heal|p1a: Venusaur|86/100|[from] item: Leftovers\n|upkeep\n|turn|29\n|inactive|Time left: 300 sec this turn | 300 sec total\n|\n|t:|1783547670\n|move|p2a: Noivern|Hurricane|p1a: Venusaur\n|-supereffective|p1a: Venusaur\n|-damage|p1a: Venusaur|13/100\n|move|p1a: Venusaur|Synthesis|p1a: Venusaur\n|-heal|p1a: Venusaur|63/100\n|\n|-heal|p1a: Venusaur|69/100|[from] item: Leftovers\n|upkeep\n|turn|30\n|inactive|Time left: 300 sec this turn | 300 sec total\n|\n|t:|1783547671\n|move|p2a: Noivern|Hurricane|p1a: Venusaur\n|-supereffective|p1a: Venusaur\n|-damage|p1a: Venusaur|0 fnt\n|faint|p1a: Venusaur\n|\n|win|p0y672c3a6", "uploadtime": 1783547671, "views": 0, "rating": 0, "private": 0, "password": null, "_winner": "p0y672c3a6", "_our_name": "p0y672c3a6"}