{"id": "battle-gen9randombattle-795", "formatid": "gen9randombattle", "format": "[Gen 9] Random Battle", "players": ["p0x79544a7", "p0y795e424"], "log": "|init|battle\n|title|p0x79544a7 vs. p0y795e424\n|j|\u2606p0x79544a7\n|j|\u2606p0y795e424\n|t:|1783548364\n|gametype|singles\n|player|p1|p0x79544a7|170|\n|player|p2|p0y795e424|265|\n|gen|9\n|tier|[Gen 9] Random Battle\n|rule|Species Clause: Limit one of each Pok\u00e9mon\n|rule|HP Percentage Mod: HP is shown in percentages\n|rule|Sleep Clause Mod: Limit one foe put to sleep\n|rule|Illusion Level Mod: Illusion disguises the Pok\u00e9mon's true level\n|\n|t:|1783548364\n|teamsize|p1|6\n|teamsize|p2|6\n|start\n|switch|p1a: Latias|Latias, L79, F|100/100\n|switch|p2a: Tsareena|Tsareena, L87, F|267/267\n|turn|1\n|inactive|Battle timer is ON: inactive players will automatically lose when time's up. (requested by p0y795e424)\n|inactive|p0x79544a7 also wants the timer to be on.\n|\n|t:|1783548366\n|switch|p1a: Sinistcha|Sinistcha, L83|100/100\n|switch|p2a: Luxray|Luxray, L88, M|283/283\n|\n|-status|p2a: Luxray|brn|[from] item: Flame Orb\n|upkeep\n|turn|2\n|inactive|Time left: 300 sec this turn | 300 sec total\n|\n|t:|1783548367\n|move|p2a: Luxray|Trailblaze|p1a: Sinistcha\n|-resisted|p1a: Sinistcha\n|-damage|p1a: Sinistcha|89/100\n|-boost|p2a: Luxray|spe|1\n|move|p1a: Sinistcha|Matcha Gotcha|p2a: Luxray\n|-damage|p2a: Luxray|178/283 brn\n|-heal|p1a: Sinistcha|100/100|[from] drain|[of] p2a: Luxray\n|\n|-damage|p2a: Luxray|161/283 brn|[from] brn\n|upkeep\n|turn|3\n|inactive|Time left: 300 sec this turn | 300 sec total\n|\n|t:|1783548368\n|move|p2a: Luxray|Play Rough|p1a: Sinistcha\n|-damage|p1a: Sinistcha|60/100\n|move|p1a: Sinistcha|Matcha Gotcha|p2a: Luxray\n|-damage|p2a: Luxray|62/283 brn\n|-heal|p1a: Sinistcha|80/100|[from] drain|[of] p2a: Luxray\n|\n|-heal|p1a: Sinistcha|86/100|[from] item: Leftovers\n|-damage|p2a: Luxray|45/283 brn|[from] brn\n|upkeep\n|turn|4\n|inactive|Time left: 300 sec this turn | 300 sec total\n|\n|t:|1783548369\n|switch|p2a: Crabominable|Crabominable, L90, M|321/321\n|move|p1a: Sinistcha|Matcha Gotcha|p2a: Crabominable\n|-damage|p2a: Crabominable|246/321\n|-heal|p1a: Sinistcha|100/100|[from] drain|[of] p2a: Crabominable\n|-status|p2a: Crabominable|brn\n|\n|-damage|p2a: Crabominable|226/321 brn|[from] brn\n|upkeep\n|turn|5\n|inactive|Time left: 300 sec this turn | 300 sec total\n|\n|t:|1783548371\n|move|p1a: Sinistcha|Calm Mind|p1a: Sinistcha\n|-boost|p1a: Sinistcha|spa|1\n|-boost|p1a: Sinistcha|spd|1\n|move|p2a: Crabominable|Knock Off|p1a: Sinistcha\n|-supereffective|p1a: Sinistcha\n|-damage|p1a: Sinistcha|66/100\n|-enditem|p1a: Sinistcha|Leftovers|[from] move: Knock Off|[of] p2a: Crabominable\n|\n|-damage|p2a: Crabominable|206/321 brn|[from] brn\n|upkeep\n|turn|6\n|inactive|Time left: 300 sec this turn | 300 sec total\n|\n|t:|1783548372\n|move|p1a: Sinistcha|Strength Sap|p2a: Crabominable\n|-unboost|p2a: Crabominable|atk|1\n|-heal|p1a: Sinistcha|100/100\n|move|p2a: Crabominable|Ice Hammer|p1a: Sinistcha\n|-supereffective|p1a: Sinistcha\n|-damage|p1a: Sinistcha|56/100\n|-unboost|p2a: Crabominable|spe|1\n|\n|-damage|p2a: Crabominable|186/321 brn|[from] brn\n|upkeep\n|turn|7\n|inactive|Time left: 300 sec this turn | 300 sec total\n|\n|t:|1783548373\n|switch|p2a: Gliscor|Gliscor, L76, M|239/239\n|move|p1a: Sinistcha|Strength Sap|p2a: Gliscor\n|-unboost|p2a: Gliscor|atk|1\n|-heal|p1a: Sinistcha|100/100\n|\n|-status|p2a: Gliscor|tox|[from] item: Toxic Orb\n|upkeep\n|turn|8\n|inactive|Time left: 300 sec this turn | 300 sec total\n|\n|t:|1783548374\n|switch|p2a: Crabominable|Crabominable, L90, M|186/321 brn\n|move|p1a: Sinistcha|Calm Mind|p1a: Sinistcha\n|-boost|p1a: Sinistcha|spa|1\n|-boost|p1a: Sinistcha|spd|1\n|\n|-damage|p2a: Crabominable|166/321 brn|[from] brn\n|upkeep\n|turn|9\n|inactive|Time left: 300 sec this turn | 300 sec total\n|\n|t:|1783548375\n|move|p1a: Sinistcha|Calm Mind|p1a: Sinistcha\n|-boost|p1a: Sinistcha|spa|1\n|-boost|p1a: Sinistcha|spd|1\n|move|p2a: Crabominable|Ice Hammer|p1a: Sinistcha\n|-supereffective|p1a: Sinistcha\n|-damage|p1a: Sinistcha|33/100\n|-unboost|p2a: Crabominable|spe|1\n|\n|-damage|p2a: Crabominable|146/321 brn|[from] brn\n|upkeep\n|turn|10\n|inactive|Time left: 300 sec this turn | 300 sec total\n|\n|t:|1783548376\n|move|p1a: Sinistcha|Strength Sap|p2a: Crabominable\n|-unboost|p2a: Crabominable|atk|1\n|-heal|p1a: Sinistcha|100/100\n|move|p2a: Crabominable|Ice Hammer|p1a: Sinistcha\n|-supereffective|p1a: Sinistcha\n|-damage|p1a: Sinistcha|56/100\n|-unboost|p2a: Crabominable|spe|1\n|\n|-damage|p2a: Crabominable|126/321 brn|[from] brn\n|upkeep\n|turn|11\n|inactive|Time left: 300 sec this turn | 300 sec total\n|\n|t:|1783548377\n|move|p1a: Sinistcha|Strength Sap|p2a: Crabominable\n|-unboost|p2a: Crabominable|atk|1\n|-heal|p1a: Sinistcha|100/100\n|move|p2a: Crabominable|Earthquake|p1a: Sinistcha\n|-resisted|p1a: Sinistcha\n|-damage|p1a: Sinistcha|96/100\n|\n|-damage|p2a: Crabominable|106/321 brn|[from] brn\n|upkeep\n|turn|12\n|inactive|Time left: 300 sec this turn | 300 sec total\n|\n|t:|1783548378\n|move|p1a: Sinistcha|Shadow Ball|p2a: Crabominable\n|-damage|p2a: Crabominable|0 fnt\n|faint|p2a: Crabominable\n|\n|upkeep\n|inactive|Time left: 300 sec this turn | 300 sec total | 5 sec grace\n|\n|t:|1783548379\n|switch|p2a: Umbreon|Umbreon, L84, M|297/297\n|turn|13\n|inactive|Time left: 300 sec this turn | 300 sec total\n|\n|t:|1783548380\n|move|p2a: Umbreon|Protect|p2a: Umbreon\n|-singleturn|p2a: Umbreon|Protect\n|move|p1a: Sinistcha|Matcha Gotcha|p2a: Umbreon\n|-activate|p2a: Umbreon|move: Protect\n|\n|upkeep\n|turn|14\n|inactive|Time left: 300 sec this turn | 300 sec total\n|\n|t:|1783548381\n|move|p1a: Sinistcha|Matcha Gotcha|p2a: Umbreon|[miss]\n|-miss|p1a: Sinistcha|p2a: Umbreon\n|move|p2a: Umbreon|Foul Play|p1a: Sinistcha\n|-supereffective|p1a: Sinistcha\n|-damage|p1a: Sinistcha|63/100\n|\n|upkeep\n|turn|15\n|inactive|Time left: 300 sec this turn | 300 sec total\n|\n|t:|1783548382\n|move|p2a: Umbreon|Protect|p2a: Umbreon\n|-singleturn|p2a: Umbreon|Protect\n|move|p1a: Sinistcha|Matcha Gotcha|p2a: Umbreon\n|-activate|p2a: Umbreon|move: Protect\n|\n|upkeep\n|turn|16\n|inactive|Time left: 300 sec this turn | 300 sec total\n|\n|t:|1783548383\n|move|p1a: Sinistcha|Matcha Gotcha|p2a: Umbreon\n|-damage|p2a: Umbreon|110/297\n|-heal|p1a: Sinistcha|99/100|[from] drain|[of] p2a: Umbreon\n|-status|p2a: Umbreon|brn\n|-activate|p2a: Umbreon|ability: Synchronize\n|-status|p1a: Sinistcha|brn\n|move|p2a: Umbreon|Toxic||[still]\n|-fail|p2a: Umbreon\n|\n|-heal|p2a: Umbreon|128/297 brn|[from] item: Leftovers\n|-damage|p1a: Sinistcha|97/100 brn|[from] brn\n|-damage|p2a: Umbreon|110/297 brn|[from] brn\n|upkeep\n|turn|17\n|inactive|Time left: 300 sec this turn | 300 sec total\n|\n|t:|1783548385\n|move|p2a: Umbreon|Protect|p2a: Umbreon\n|-singleturn|p2a: Umbreon|Protect\n|move|p1a: Sinistcha|Matcha Gotcha|p2a: Umbreon\n|-activate|p2a: Umbreon|move: Protect\n|\n|-heal|p2a: Umbreon|128/297 brn|[from] item: Leftovers\n|-damage|p1a: Sinistcha|95/100 brn|[from] brn\n|-damage|p2a: Umbreon|110/297 brn|[from] brn\n|upkeep\n|turn|18\n|inactive|Time left: 300 sec this turn | 300 sec total\n|\n|t:|1783548386\n|move|p2a: Umbreon|Protect||[still]\n|-fail|p2a: Umbreon\n|move|p1a: Sinistcha|Matcha Gotcha|p2a: Umbreon\n|-damage|p2a: Umbreon|0 fnt\n|-heal|p1a: Sinistcha|100/100 brn|[from] drain|[of] p2a: Umbreon\n|faint|p2a: Umbreon\n|\n|-damage|p1a: Sinistcha|98/100 brn|[from] brn\n|upkeep\n|inactive|Time left: 300 sec this turn | 300 sec total | 5 sec grace\n|\n|t:|1783548387\n|switch|p2a: Gliscor|Gliscor, L76, M|239/239 tox\n|turn|19\n|inactive|Time left: 300 sec this turn | 300 sec total\n|\n|t:|1783548388\n|move|p2a: Gliscor|Substitute|p2a: Gliscor\n|-start|p2a: Gliscor|Substitute\n|-damage|p2a: Gliscor|180/239 tox\n|move|p1a: Sinistcha|Shadow Ball|p2a: Gliscor\n|-crit|p2a: Gliscor\n|-end|p2a: Gliscor|Substitute\n|\n|-heal|p2a: Gliscor|209/239 tox|[from] ability: Poison Heal\n|-damage|p1a: Sinistcha|95/100 brn|[from] brn\n|upkeep\n|turn|20\n|inactive|Time left: 300 sec this turn | 300 sec total\n|\n|t:|1783548389\n|move|p2a: Gliscor|Substitute|p2a: Gliscor\n|-start|p2a: Gliscor|Substitute\n|-damage|p2a: Gliscor|150/239 tox\n|move|p1a: Sinistcha|Shadow Ball|p2a: Gliscor\n|-end|p2a: Gliscor|Substitute\n|\n|-heal|p2a: Gliscor|179/239 tox|[from] ability: Poison Heal\n|-damage|p1a: Sinistcha|92/100 brn|[from] brn\n|upkeep\n|turn|21\n|inactive|Time left: 300 sec this turn | 300 sec total\n|\n|t:|1783548390\n|move|p2a: Gliscor|Substitute|p2a: Gliscor\n|-start|p2a: Gliscor|Substitute\n|-damage|p2a: Gliscor|120/239 tox\n|move|p1a: Sinistcha|Shadow Ball|p2a: Gliscor\n|-end|p2a: Gliscor|Substitute\n|\n|-heal|p2a: Gliscor|149/239 tox|[from] ability: Poison Heal\n|-damage|p1a: Sinistcha|89/100 brn|[from] brn\n|upkeep\n|turn|22\n|inactive|Time left: 300 sec this turn | 300 sec total\n|\n|t:|1783548391\n|move|p2a: Gliscor|Protect|p2a: Gliscor\n|-singleturn|p2a: Gliscor|Protect\n|move|p1a: Sinistcha|Shadow Ball|p2a: Gliscor\n|-activate|p2a: Gliscor|move: Protect\n|\n|-heal|p2a: Gliscor|178/239 tox|[from] ability: Poison Heal\n|-damage|p1a: Sinistcha|87/100 brn|[from] brn\n|upkeep\n|turn|23\n|inactive|Time left: 300 sec this turn | 300 sec total\n|\n|t:|1783548392\n|move|p2a: Gliscor|Substitute|p2a: Gliscor\n|-start|p2a: Gliscor|Substitute\n|-damage|p2a: Gliscor|119/239 tox\n|move|p1a: Sinistcha|Matcha Gotcha|p2a: Gliscor\n|-end|p2a: Gliscor|Substitute\n|-heal|p1a: Sinistcha|99/100 brn|[from] drain|[of] p2a: Gliscor\n|\n|-heal|p2a: Gliscor|148/239 tox|[from] ability: Poison Heal\n|-damage|p1a: Sinistcha|96/100 brn|[from] brn\n|upkeep\n|turn|24\n|inactive|Time left: 300 sec this turn | 300 sec total\n|\n|t:|1783548393\n|move|p2a: Gliscor|Substitute|p2a: Gliscor\n|-start|p2a: Gliscor|Substitute\n|-damage|p2a: Gliscor|89/239 tox\n|move|p1a: Sinistcha|Matcha Gotcha|p2a: Gliscor\n|-end|p2a: Gliscor|Substitute\n|-heal|p1a: Sinistcha|100/100 brn|[from] drain|[of] p2a: Gliscor\n|\n|-heal|p2a: Gliscor|118/239 tox|[from] ability: Poison Heal\n|-damage|p1a: Sinistcha|98/100 brn|[from] brn\n|upkeep\n|turn|25\n|inactive|Time left: 300 sec this turn | 300 sec total\n|\n|t:|1783548394\n|move|p2a: Gliscor|Protect|p2a: Gliscor\n|-singleturn|p2a: Gliscor|Protect\n|move|p1a: Sinistcha|Shadow Ball|p2a: Gliscor\n|-activate|p2a: Gliscor|move: Protect\n|\n|-heal|p2a: Gliscor|147/239 tox|[from] ability: Poison Heal\n|-damage|p1a: Sinistcha|95/100 brn|[from] brn\n|upkeep\n|turn|26\n|inactive|Time left: 300 sec this turn | 300 sec total\n|\n|t:|1783548396\n|move|p2a: Gliscor|Substitute|p2a: Gliscor\n|-start|p2a: Gliscor|Substitute\n|-damage|p2a: Gliscor|88/239 tox\n|move|p1a: Sinistcha|Shadow Ball|p2a: Gliscor\n|-end|p2a: Gliscor|Substitute\n|\n|-heal|p2a: Gliscor|117/239 tox|[from] ability: Poison Heal\n|-damage|p1a: Sinistcha|92/100 brn|[from] brn\n|upkeep\n|turn|27\n|inactive|Time left: 300 sec this turn | 300 sec total\n|\n|t:|1783548397\n|move|p2a: Gliscor|Protect|p2a: Gliscor\n|-singleturn|p2a: Gliscor|Protect\n|move|p1a: Sinistcha|Matcha Gotcha|p2a: Gliscor\n|-activate|p2a: Gliscor|move: Protect\n|\n|-heal|p2a: Gliscor|146/239 tox|[from] ability: Poison Heal\n|-damage|p1a: Sinistcha|89/100 brn|[from] brn\n|upkeep\n|turn|28\n|inactive|Time left: 300 sec this turn | 300 sec total\n|\n|t:|1783548398\n|move|p2a: Gliscor|Substitute|p2a: Gliscor\n|-start|p2a: Gliscor|Substitute\n|-damage|p2a: Gliscor|87/239 tox\n|move|p1a: Sinistcha|Shadow Ball|p2a: Gliscor\n|-end|p2a: Gliscor|Substitute\n|\n|-heal|p2a: Gliscor|116/239 tox|[from] ability: Poison Heal\n|-damage|p1a: Sinistcha|87/100 brn|[from] brn\n|upkeep\n|turn|29\n|inactive|Time left: 300 sec this turn | 300 sec total\n|\n|t:|1783548399\n|move|p2a: Gliscor|Substitute|p2a: Gliscor\n|-start|p2a: Gliscor|Substitute\n|-damage|p2a: Gliscor|57/239 tox\n|move|p1a: Sinistcha|Shadow Ball|p2a: Gliscor\n|-end|p2a: Gliscor|Substitute\n|\n|-heal|p2a: Gliscor|86/239 tox|[from] ability: Poison Heal\n|-damage|p1a: Sinistcha|84/100 brn|[from] brn\n|upkeep\n|turn|30\n|inactive|Time left: 300 sec this turn | 300 sec total\n|\n|t:|1783548400\n|move|p2a: Gliscor|Protect|p2a: Gliscor\n|-singleturn|p2a: Gliscor|Protect\n|move|p1a: Sinistcha|Shadow Ball|p2a: Gliscor\n|-activate|p2a: Gliscor|move: Protect\n|\n|-heal|p2a: Gliscor|115/239 tox|[from] ability: Poison Heal\n|-damage|p1a: Sinistcha|81/100 brn|[from] brn\n|upkeep\n|turn|31\n|inactive|Time left: 300 sec this turn | 300 sec total\n|\n|t:|1783548401\n|move|p2a: Gliscor|Substitute|p2a: Gliscor\n|-start|p2a: Gliscor|Substitute\n|-damage|p2a: Gliscor|56/239 tox\n|move|p1a: Sinistcha|Shadow Ball|p2a: Gliscor\n|-end|p2a: Gliscor|Substitute\n|\n|-heal|p2a: Gliscor|85/239 tox|[from] ability: Poison Heal\n|-damage|p1a: Sinistcha|78/100 brn|[from] brn\n|upkeep\n|turn|32\n|inactive|Time left: 300 sec this turn | 300 sec total\n|\n|t:|1783548402\n|move|p2a: Gliscor|Protect|p2a: Gliscor\n|-singleturn|p2a: Gliscor|Protect\n|move|p1a: Sinistcha|Matcha Gotcha|p2a: Gliscor\n|-activate|p2a: Gliscor|move: Protect\n|\n|-heal|p2a: Gliscor|114/239 tox|[from] ability: Poison Heal\n|-damage|p1a: Sinistcha|76/100 brn|[from] brn\n|upkeep\n|turn|33\n|inactive|Time left: 300 sec this turn | 300 sec total\n|\n|t:|1783548403\n|move|p2a: Gliscor|Substitute|p2a: Gliscor\n|-start|p2a: Gliscor|Substitute\n|-damage|p2a: Gliscor|55/239 tox\n|move|p1a: Sinistcha|Matcha Gotcha|p2a: Gliscor\n|-end|p2a: Gliscor|Substitute\n|-heal|p1a: Sinistcha|88/100 brn|[from] drain|[of] p2a: Gliscor\n|\n|-heal|p2a: Gliscor|84/239 tox|[from] ability: Poison Heal\n|-damage|p1a: Sinistcha|85/100 brn|[from] brn\n|upkeep\n|turn|34\n|inactive|Time left: 300 sec this turn | 300 sec total\n|\n|t:|1783548404\n|move|p2a: Gliscor|Protect|p2a: Gliscor\n|-singleturn|p2a: Gliscor|Protect\n|move|p1a: Sinistcha|Matcha Gotcha|p2a: Gliscor\n|-activate|p2a: Gliscor|move: Protect\n|\n|-heal|p2a: Gliscor|113/239 tox|[from] ability: Poison Heal\n|-damage|p1a: Sinistcha|82/100 brn|[from] brn\n|upkeep\n|turn|35\n|inactive|Time left: 300 sec this turn | 300 sec total\n|\n|t:|1783548405\n|move|p2a: Gliscor|Substitute|p2a: Gliscor\n|-start|p2a: Gliscor|Substitute\n|-damage|p2a: Gliscor|54/239 tox\n|move|p1a: Sinistcha|Matcha Gotcha|p2a: Gliscor\n|-end|p2a: Gliscor|Substitute\n|-heal|p1a: Sinistcha|94/100 brn|[from] drain|[of] p2a: Gliscor\n|\n|-heal|p2a: Gliscor|83/239 tox|[from] ability: Poison Heal\n|-damage|p1a: Sinistcha|91/100 brn|[from] brn\n|upkeep\n|turn|36\n|inactive|Time left: 300 sec this turn | 300 sec total\n|\n|t:|1783548406\n|move|p2a: Gliscor|Protect|p2a: Gliscor\n|-singleturn|p2a: Gliscor|Protect\n|move|p1a: Sinistcha|Shadow Ball|p2a: Gliscor\n|-activate|p2a: Gliscor|move: Protect\n|\n|-heal|p2a: Gliscor|112/239 tox|[from] ability: Poison Heal\n|-damage|p1a: Sinistcha|88/100 brn|[from] brn\n|upkeep\n|turn|37\n|inactive|Time left: 300 sec this turn | 300 sec total\n|\n|t:|1783548407\n|move|p2a: Gliscor|Substitute|p2a: Gliscor\n|-start|p2a: Gliscor|Substitute\n|-damage|p2a: Gliscor|53/239 tox\n|move|p1a: Sinistcha|Shadow Ball|p2a: Gliscor\n|-end|p2a: Gliscor|Substitute\n|\n|-heal|p2a: Gliscor|82/239 tox|[from] ability: Poison Heal\n|-damage|p1a: Sinistcha|86/100 brn|[from] brn\n|upkeep\n|turn|38\n|inactive|Time left: 300 sec this turn | 300 sec total\n|\n|t:|1783548408\n|move|p2a: Gliscor|Protect|p2a: Gliscor\n|-singleturn|p2a: Gliscor|Protect\n|move|p1a: Sinistcha|Shadow Ball|p2a: Gliscor\n|-activate|p2a: Gliscor|move: Protect\n|\n|-heal|p2a: Gliscor|111/239 tox|[from] ability: Poison Heal\n|-damage|p1a: Sinistcha|83/100 brn|[from] brn\n|upkeep\n|turn|39\n|inactive|Time left: 300 sec this turn | 300 sec total\n|\n|t:|1783548409\n|move|p2a: Gliscor|Substitute|p2a: Gliscor\n|-start|p2a: Gliscor|Substitute\n|-damage|p2a: Gliscor|52/239 tox\n|move|p1a: Sinistcha|Matcha Gotcha|p2a: Gliscor\n|-end|p2a: Gliscor|Substitute\n|-heal|p1a: Sinistcha|95/100 brn|[from] drain|[of] p2a: Gliscor\n|\n|-heal|p2a: Gliscor|81/239 tox|[from] ability: Poison Heal\n|-damage|p1a: Sinistcha|92/100 brn|[from] brn\n|upkeep\n|turn|40\n|inactive|Time left: 300 sec this turn | 300 sec total\n|\n|t:|1783548410\n|move|p2a: Gliscor|Protect|p2a: Gliscor\n|-singleturn|p2a: Gliscor|Protect\n|move|p1a: Sinistcha|Matcha Gotcha|p2a: Gliscor\n|-activate|p2a: Gliscor|move: Protect\n|\n|-heal|p2a: Gliscor|110/239 tox|[from] ability: Poison Heal\n|-damage|p1a: Sinistcha|89/100 brn|[from] brn\n|upkeep\n|turn|41\n|inactive|Time left: 300 sec this turn | 300 sec total\n|\n|t:|1783548411\n|move|p2a: Gliscor|Substitute|p2a: Gliscor\n|-start|p2a: Gliscor|Substitute\n|-damage|p2a: Gliscor|51/239 tox\n|move|p1a: Sinistcha|Shadow Ball|p2a: Gliscor\n|-end|p2a: Gliscor|Substitute\n|\n|-heal|p2a: Gliscor|80/239 tox|[from] ability: Poison Heal\n|-damage|p1a: Sinistcha|86/100 brn|[from] brn\n|upkeep\n|turn|42\n|inactive|Time left: 300 sec this turn | 300 sec total\n|\n|t:|1783548412\n|move|p2a: Gliscor|Protect|p2a: Gliscor\n|-singleturn|p2a: Gliscor|Protect\n|move|p1a: Sinistcha|Shadow Ball|p2a: Gliscor\n|-activate|p2a: Gliscor|move: Protect\n|\n|-heal|p2a: Gliscor|109/239 tox|[from] ability: Poison Heal\n|-damage|p1a: Sinistcha|84/100 brn|[from] brn\n|upkeep\n|turn|43\n|inactive|Time left: 300 sec this turn | 300 sec total\n|\n|t:|1783548413\n|move|p2a: Gliscor|Substitute|p2a: Gliscor\n|-start|p2a: Gliscor|Substitute\n|-damage|p2a: Gliscor|50/239 tox\n|move|p1a: Sinistcha|Shadow Ball|p2a: Gliscor\n|-end|p2a: Gliscor|Substitute\n|\n|-heal|p2a: Gliscor|79/239 tox|[from] ability: Poison Heal\n|-damage|p1a: Sinistcha|81/100 brn|[from] brn\n|upkeep\n|turn|44\n|inactive|Time left: 300 sec this turn | 300 sec total\n|\n|t:|1783548414\n|move|p2a: Gliscor|Protect|p2a: Gliscor\n|-singleturn|p2a: Gliscor|Protect\n|move|p1a: Sinistcha|Shadow Ball|p2a: Gliscor\n|-activate|p2a: Gliscor|move: Protect\n|\n|-heal|p2a: Gliscor|108/239 tox|[from] ability: Poison Heal\n|-damage|p1a: Sinistcha|78/100 brn|[from] brn\n|upkeep\n|turn|45\n|inactive|Time left: 300 sec this turn | 300 sec total\n|\n|t:|1783548414\n|move|p2a: Gliscor|Substitute|p2a: Gliscor\n|-start|p2a: Gliscor|Substitute\n|-damage|p2a: Gliscor|49/239 tox\n|move|p1a: Sinistcha|Matcha Gotcha|p2a: Gliscor\n|-end|p2a: Gliscor|Substitute\n|-heal|p1a: Sinistcha|90/100 brn|[from] drain|[of] p2a: Gliscor\n|\n|-heal|p2a: Gliscor|78/239 tox|[from] ability: Poison Heal\n|-damage|p1a: Sinistcha|87/100 brn|[from] brn\n|upkeep\n|turn|46\n|inactive|Time left: 300 sec this turn | 300 sec total\n|\n|t:|1783548415\n|move|p2a: Gliscor|Protect|p2a: Gliscor\n|-singleturn|p2a: Gliscor|Protect\n|move|p1a: Sinistcha|Matcha Gotcha|p2a: Gliscor\n|-activate|p2a: Gliscor|move: Protect\n|\n|-heal|p2a: Gliscor|107/239 tox|[from] ability: Poison Heal\n|-damage|p1a: Sinistcha|84/100 brn|[from] brn\n|upkeep\n|turn|47\n|inactive|Time left: 300 sec this turn | 300 sec total\n|\n|t:|1783548416\n|move|p2a: Gliscor|Earthquake|p1a: Sinistcha\n|-resisted|p1a: Sinistcha\n|-damage|p1a: Sinistcha|69/100 brn\n|move|p1a: Sinistcha|Matcha Gotcha|p2a: Gliscor\n|-damage|p2a: Gliscor|0 fnt\n|-heal|p1a: Sinistcha|90/100 brn|[from] drain|[of] p2a: Gliscor\n|faint|p2a: Gliscor\n|\n|-damage|p1a: Sinistcha|87/100 brn|[from] brn\n|upkeep\n|inactive|Time left: 300 sec this turn | 300 sec total | 5 sec grace\n|\n|t:|1783548417\n|switch|p2a: Luxray|Luxray, L88, M|45/283 brn\n|turn|48\n|inactive|Time left: 300 sec this turn | 300 sec total\n|\n|t:|1783548418\n|move|p2a: Luxray|Supercell Slam|p1a: Sinistcha\n|-resisted|p1a: Sinistcha\n|-damage|p1a: Sinistcha|53/100 brn\n|move|p1a: Sinistcha|Strength Sap|p2a: Luxray\n|-unboost|p2a: Luxray|atk|1\n|-heal|p1a: Sinistcha|100/100 brn\n|\n|-damage|p2a: Luxray|28/283 brn|[from] brn\n|-damage|p1a: Sinistcha|98/100 brn|[from] brn\n|upkeep\n|turn|49\n|inactive|Time left: 300 sec this turn | 300 sec total\n|\n|t:|1783548419\n|switch|p2a: Tsareena|Tsareena, L87, F|267/267\n|move|p1a: Sinistcha|Matcha Gotcha|p2a: Tsareena\n|-resisted|p2a: Tsareena\n|-damage|p2a: Tsareena|165/267\n|-heal|p1a: Sinistcha|100/100 brn|[from] drain|[of] p2a: Tsareena\n|-status|p2a: Tsareena|brn\n|\n|-damage|p2a: Tsareena|149/267 brn|[from] brn\n|-damage|p1a: Sinistcha|98/100 brn|[from] brn\n|upkeep\n|turn|50\n|inactive|Time left: 300 sec this turn | 300 sec total\n|\n|t:|1783548420\n|move|p2a: Tsareena|Synthesis|p2a: Tsareena\n|-heal|p2a: Tsareena|267/267 brn\n|move|p1a: Sinistcha|Shadow Ball|p2a: Tsareena\n|-damage|p2a: Tsareena|35/267 brn\n|-unboost|p2a: Tsareena|spd|1\n|\n|-damage|p2a: Tsareena|19/267 brn|[from] brn\n|-damage|p1a: Sinistcha|95/100 brn|[from] brn\n|upkeep\n|turn|51\n|inactive|Time left: 300 sec this turn | 300 sec total\n|\n|t:|1783548421\n|move|p2a: Tsareena|Power Whip|p1a: Sinistcha\n|-resisted|p1a: Sinistcha\n|-damage|p1a: Sinistcha|82/100 brn\n|move|p1a: Sinistcha|Shadow Ball|p2a: Tsareena\n|-damage|p2a: Tsareena|0 fnt\n|faint|p2a: Tsareena\n|\n|-damage|p1a: Sinistcha|79/100 brn|[from] brn\n|upkeep\n|inactive|Time left: 300 sec this turn | 300 sec total | 5 sec grace\n|\n|t:|1783548422\n|switch|p2a: Luxray|Luxray, L88, M|28/283 brn\n|turn|52\n|inactive|Time left: 300 sec this turn | 300 sec total\n|\n|t:|1783548423\n|move|p2a: Luxray|Supercell Slam|p1a: Sinistcha\n|-resisted|p1a: Sinistcha\n|-damage|p1a: Sinistcha|44/100 brn\n|move|p1a: Sinistcha|Matcha Gotcha|p2a: Luxray\n|-damage|p2a: Luxray|0 fnt\n|-heal|p1a: Sinistcha|49/100 brn|[from] drain|[of] p2a: Luxray\n|faint|p2a: Luxray\n|\n|-damage|p1a: Sinistcha|47/100 brn|[from] brn\n|upkeep\n|inactive|Time left: 300 sec this turn | 300 sec total | 5 sec grace\n|\n|t:|1783548424\n|switch|p2a: Iron Treads|Iron Treads, L77|265/265\n|turn|53\n|inactive|Time left: 300 sec this turn | 300 sec total\n|\n|t:|1783548425\n|move|p2a: Iron Treads|Iron Head|p1a: Sinistcha\n|-damage|p1a: Sinistcha|18/100 brn\n|move|p1a: Sinistcha|Shadow Ball|p2a: Iron Treads\n|-damage|p2a: Iron Treads|0 fnt\n|faint|p2a: Iron Treads\n|-end|p2a: Iron Treads|Quark Drive|[silent]\n|\n|win|p0x79544a7", "uploadtime": 1783548425, "views": 0, "rating": 0, "private": 0, "password": null, "_winner": "p0x79544a7", "_our_name": "p0y795e424"}