{"id": "battle-gen9randombattle-368", "formatid": "gen9randombattle", "format": "[Gen 9] Random Battle", "players": ["p0x368b29d", "p0y36841e1"], "log": "|init|battle\n|title|p0x368b29d vs. p0y36841e1\n|j|\u2606p0x368b29d\n|j|\u2606p0y36841e1\n|t:|1783543387\n|gametype|singles\n|player|p1|p0x368b29d|265|\n|player|p2|p0y36841e1|170|\n|gen|9\n|tier|[Gen 9] Random Battle\n|rule|Species Clause: Limit one of each Pok\u00e9mon\n|rule|HP Percentage Mod: HP is shown in percentages\n|rule|Sleep Clause Mod: Limit one foe put to sleep\n|rule|Illusion Level Mod: Illusion disguises the Pok\u00e9mon's true level\n|\n|t:|1783543387\n|teamsize|p1|6\n|teamsize|p2|6\n|start\n|switch|p1a: Cinccino|Cinccino, L83, M|100/100\n|switch|p2a: Enamorus|Enamorus, L79, F|247/247\n|turn|1\n|inactive|Battle timer is ON: inactive players will automatically lose when time's up. (requested by p0y36841e1)\n|inactive|p0x368b29d also wants the timer to be on.\n|\n|t:|1783543388\n|-terastallize|p2a: Enamorus|Fighting\n|move|p1a: Cinccino|Triple Axel|p2a: Enamorus\n|-damage|p2a: Enamorus|222/247\n|-damage|p2a: Enamorus|173/247\n|-damage|p2a: Enamorus|95/247\n|-hitcount|p2a: Enamorus|3\n|move|p2a: Enamorus|Superpower|p1a: Cinccino\n|-supereffective|p1a: Cinccino\n|-crit|p1a: Cinccino\n|-damage|p1a: Cinccino|0 fnt\n|-boost|p2a: Enamorus|atk|1\n|-boost|p2a: Enamorus|def|1\n|faint|p1a: Cinccino\n|\n|-heal|p2a: Enamorus|110/247|[from] item: Leftovers\n|upkeep\n|\n|t:|1783543389\n|switch|p1a: Munkidori|Munkidori, L79, M|100/100\n|turn|2\n|inactive|Time left: 300 sec this turn | 300 sec total\n|\n|t:|1783543391\n|switch|p2a: Dugtrio|Dugtrio-Alola, L84, M|196/196\n|move|p1a: Munkidori|Sludge Wave|p2a: Dugtrio\n|-immune|p2a: Dugtrio\n|\n|upkeep\n|turn|3\n|inactive|Time left: 300 sec this turn | 300 sec total\n|\n|t:|1783543392\n|switch|p1a: Malamar|Malamar, L82, M|100/100\n|move|p2a: Dugtrio|Earthquake|p1a: Malamar\n|-damage|p1a: Malamar|49/100\n|-damage|p2a: Dugtrio|177/196|[from] item: Life Orb\n|\n|upkeep\n|turn|4\n|inactive|Time left: 300 sec this turn | 300 sec total\n|\n|t:|1783543393\n|move|p2a: Dugtrio|Earthquake|p1a: Malamar\n|-damage|p1a: Malamar|0 fnt\n|faint|p1a: Malamar\n|-damage|p2a: Dugtrio|158/196|[from] item: Life Orb\n|\n|upkeep\n|\n|t:|1783543394\n|switch|p1a: Haxorus|Haxorus, L77, M|100/100\n|-ability|p1a: Haxorus|Mold Breaker\n|turn|5\n|inactive|Time left: 300 sec this turn | 300 sec total\n|\n|t:|1783543395\n|move|p2a: Dugtrio|Iron Head|p1a: Haxorus\n|-damage|p1a: Haxorus|54/100\n|-damage|p2a: Dugtrio|139/196|[from] item: Life Orb\n|move|p1a: Haxorus|Close Combat|p2a: Dugtrio\n|-supereffective|p2a: Dugtrio\n|-damage|p2a: Dugtrio|0 fnt\n|-unboost|p1a: Haxorus|def|1\n|-unboost|p1a: Haxorus|spd|1\n|-ability|p2a: Dugtrio|Tangling Hair\n|-unboost|p1a: Haxorus|spe|1\n|faint|p2a: Dugtrio\n|\n|upkeep\n|inactive|Time left: 300 sec this turn | 300 sec total | 5 sec grace\n|\n|t:|1783543396\n|switch|p2a: Sawsbuck|Sawsbuck-Summer, L88, F|284/284\n|turn|6\n|inactive|Time left: 300 sec this turn | 300 sec total\n|\n|t:|1783543397\n|move|p2a: Sawsbuck|High Horsepower|p1a: Haxorus\n|-damage|p1a: Haxorus|0 fnt\n|faint|p1a: Haxorus\n|-damage|p2a: Sawsbuck|256/284|[from] item: Life Orb\n|\n|upkeep\n|\n|t:|1783543398\n|switch|p1a: Porygon-Z|Porygon-Z, L83|100/100\n|-ability|p1a: Porygon-Z|Download|boost\n|-boost|p1a: Porygon-Z|spa|1\n|turn|7\n|inactive|Time left: 300 sec this turn | 300 sec total\n|\n|t:|1783543399\n|move|p2a: Sawsbuck|Double-Edge|p1a: Porygon-Z\n|-damage|p1a: Porygon-Z|19/100\n|-damage|p2a: Sawsbuck|181/284|[from] Recoil\n|-damage|p2a: Sawsbuck|153/284|[from] item: Life Orb\n|move|p1a: Porygon-Z|Ice Beam|p2a: Sawsbuck\n|-supereffective|p2a: Sawsbuck\n|-damage|p2a: Sawsbuck|0 fnt\n|faint|p2a: Sawsbuck\n|-damage|p1a: Porygon-Z|9/100|[from] item: Life Orb\n|\n|upkeep\n|inactive|Time left: 300 sec this turn | 300 sec total | 5 sec grace\n|\n|t:|1783543400\n|switch|p2a: Enamorus|Enamorus, L79, F, tera:Fighting|110/247\n|turn|8\n|inactive|Time left: 300 sec this turn | 300 sec total\n|\n|t:|1783543401\n|switch|p1a: Munkidori|Munkidori, L79, M|100/100\n|move|p2a: Enamorus|Superpower|p1a: Munkidori\n|-resisted|p1a: Munkidori\n|-damage|p1a: Munkidori|85/100\n|-boost|p2a: Enamorus|atk|1\n|-boost|p2a: Enamorus|def|1\n|\n|-heal|p2a: Enamorus|125/247|[from] item: Leftovers\n|upkeep\n|turn|9\n|inactive|Time left: 300 sec this turn | 300 sec total\n|\n|t:|1783543402\n|move|p1a: Munkidori|Sludge Wave|p2a: Enamorus\n|-damage|p2a: Enamorus|0 fnt\n|faint|p2a: Enamorus\n|-damage|p1a: Munkidori|76/100|[from] item: Life Orb\n|\n|upkeep\n|inactive|Time left: 300 sec this turn | 300 sec total | 5 sec grace\n|\n|t:|1783543403\n|switch|p2a: Staraptor|Staraptor, L79, M|263/263\n|turn|10\n|inactive|Time left: 300 sec this turn | 300 sec total\n|\n|t:|1783543404\n|-terastallize|p1a: Munkidori|Poison\n|move|p2a: Staraptor|Brave Bird|p1a: Munkidori\n|-damage|p1a: Munkidori|0 fnt\n|faint|p1a: Munkidori\n|-damage|p2a: Staraptor|196/263|[from] Recoil\n|\n|upkeep\n|\n|t:|1783543405\n|switch|p1a: Sylveon|Sylveon, L85, F|100/100\n|turn|11\n|inactive|Time left: 300 sec this turn | 300 sec total\n|\n|t:|1783543406\n|move|p2a: Staraptor|Brave Bird|p1a: Sylveon\n|-damage|p1a: Sylveon|32/100\n|-damage|p2a: Staraptor|128/263|[from] Recoil\n|move|p1a: Sylveon|Hyper Voice|p2a: Staraptor\n|-damage|p2a: Staraptor|0 fnt\n|faint|p2a: Staraptor\n|\n|-heal|p1a: Sylveon|38/100|[from] item: Leftovers\n|upkeep\n|inactive|Time left: 300 sec this turn | 300 sec total | 5 sec grace\n|\n|t:|1783543407\n|switch|p2a: Cetitan|Cetitan, L82, F|412/412\n|turn|12\n|inactive|Time left: 300 sec this turn | 300 sec total\n|\n|t:|1783543408\n|move|p1a: Sylveon|Protect|p1a: Sylveon\n|-singleturn|p1a: Sylveon|Protect\n|move|p2a: Cetitan|Belly Drum|p2a: Cetitan\n|-damage|p2a: Cetitan|206/412\n|-setboost|p2a: Cetitan|atk|6|[from] move: Belly Drum\n|-enditem|p2a: Cetitan|Sitrus Berry|[eat]\n|-heal|p2a: Cetitan|309/412|[from] item: Sitrus Berry\n|\n|-heal|p1a: Sylveon|44/100|[from] item: Leftovers\n|upkeep\n|turn|13\n|inactive|Time left: 300 sec this turn | 300 sec total\n|\n|t:|1783543409\n|move|p1a: Sylveon|Protect||[still]\n|-fail|p1a: Sylveon\n|move|p2a: Cetitan|Ice Spinner|p1a: Sylveon\n|-damage|p1a: Sylveon|0 fnt\n|faint|p1a: Sylveon\n|\n|upkeep\n|\n|t:|1783543410\n|switch|p1a: Porygon-Z|Porygon-Z, L83|9/100\n|-ability|p1a: Porygon-Z|Download|boost\n|-boost|p1a: Porygon-Z|spa|1\n|turn|14\n|inactive|Time left: 300 sec this turn | 300 sec total\n|\n|t:|1783543411\n|switch|p2a: Clawitzer|Clawitzer, L87, F|265/265\n|move|p1a: Porygon-Z|Tri Attack|p2a: Clawitzer\n|-damage|p2a: Clawitzer|132/265\n|-damage|p1a: Porygon-Z|0 fnt|[from] item: Life Orb\n|faint|p1a: Porygon-Z\n|\n|win|p0y36841e1", "uploadtime": 1783543411, "views": 0, "rating": 0, "private": 0, "password": null, "_winner": "p0y36841e1", "_our_name": "p0y36841e1"}