{"id": "battle-gen9randombattle-2476", "formatid": "gen9randombattle", "format": "[Gen 9] Random Battle", "players": ["p0x2476ac40", "p0y2476cbab"], "log": "|init|battle\n|title|p0x2476ac40 vs. p0y2476cbab\n|j|\u2606p0x2476ac40\n|j|\u2606p0y2476cbab\n|t:|1783568694\n|gametype|singles\n|player|p1|p0x2476ac40|1|\n|player|p2|p0y2476cbab|265|\n|gen|9\n|tier|[Gen 9] Random Battle\n|rule|Species Clause: Limit one of each Pok\u00e9mon\n|rule|HP Percentage Mod: HP is shown in percentages\n|rule|Sleep Clause Mod: Limit one foe put to sleep\n|rule|Illusion Level Mod: Illusion disguises the Pok\u00e9mon's true level\n|\n|t:|1783568694\n|teamsize|p1|6\n|teamsize|p2|6\n|start\n|switch|p1a: Magearna|Magearna, L77|100/100\n|switch|p2a: Necrozma|Necrozma-Dawn-Wings, L76|272/272\n|turn|1\n|inactive|Battle timer is ON: inactive players will automatically lose when time's up. (requested by p0x2476ac40)\n|inactive|Time left: 300 sec this turn | 300 sec total | 60 sec grace\n|inactive|p0y2476cbab also wants the timer to be on.\n|\n|t:|1783568695\n|move|p2a: Necrozma|Moongeist Beam|p1a: Magearna\n|-damage|p1a: Magearna|51/100\n|move|p1a: Magearna|Shift Gear|p1a: Magearna\n|-boost|p1a: Magearna|spe|2\n|-boost|p1a: Magearna|atk|1\n|\n|upkeep\n|turn|2\n|inactive|Time left: 300 sec this turn | 300 sec total\n|\n|t:|1783568697\n|move|p1a: Magearna|Iron Head|p2a: Necrozma\n|-damage|p2a: Necrozma|170/272\n|move|p2a: Necrozma|Moongeist Beam|p1a: Magearna\n|-damage|p1a: Magearna|2/100\n|\n|-heal|p2a: Necrozma|187/272|[from] item: Leftovers\n|upkeep\n|turn|3\n|inactive|Time left: 300 sec this turn | 300 sec total\n|\n|t:|1783568698\n|move|p1a: Magearna|Iron Head|p2a: Necrozma\n|-damage|p2a: Necrozma|90/272\n|move|p2a: Necrozma|Photon Geyser|p1a: Magearna\n|-resisted|p1a: Magearna\n|-damage|p1a: Magearna|0 fnt\n|faint|p1a: Magearna\n|\n|-heal|p2a: Necrozma|107/272|[from] item: Leftovers\n|upkeep\n|\n|t:|1783568699\n|switch|p1a: Golduck|Golduck, L90, M|100/100\n|-ability|p1a: Golduck|Cloud Nine\n|turn|4\n|inactive|Time left: 300 sec this turn | 300 sec total\n|\n|t:|1783568700\n|move|p1a: Golduck|Grass Knot|p2a: Necrozma\n|-damage|p2a: Necrozma|0 fnt\n|faint|p2a: Necrozma\n|\n|upkeep\n|inactive|Time left: 300 sec this turn | 300 sec total | 5 sec grace\n|\n|t:|1783568701\n|switch|p2a: Ludicolo|Ludicolo, L90, F|290/290\n|turn|5\n|inactive|Time left: 300 sec this turn | 300 sec total\n|\n|t:|1783568702\n|switch|p1a: Cresselia|Cresselia, L80, F|100/100\n|move|p2a: Ludicolo|Ice Beam|p1a: Cresselia\n|-damage|p1a: Cresselia|76/100\n|\n|-heal|p1a: Cresselia|82/100|[from] item: Leftovers\n|upkeep\n|turn|6\n|inactive|Time left: 300 sec this turn | 300 sec total\n|\n|t:|1783568703\n|move|p1a: Cresselia|Calm Mind|p1a: Cresselia\n|-boost|p1a: Cresselia|spa|1\n|-boost|p1a: Cresselia|spd|1\n|move|p2a: Ludicolo|Ice Beam|p1a: Cresselia\n|-damage|p1a: Cresselia|65/100\n|\n|-heal|p1a: Cresselia|71/100|[from] item: Leftovers\n|upkeep\n|turn|7\n|inactive|Time left: 300 sec this turn | 300 sec total\n|\n|t:|1783568704\n|switch|p2a: Electivire|Electivire, L84, F|263/263\n|move|p1a: Cresselia|Calm Mind|p1a: Cresselia\n|-boost|p1a: Cresselia|spa|1\n|-boost|p1a: Cresselia|spd|1\n|\n|-heal|p1a: Cresselia|77/100|[from] item: Leftovers\n|upkeep\n|turn|8\n|inactive|Time left: 300 sec this turn | 300 sec total\n|\n|t:|1783568705\n|-terastallize|p2a: Electivire|Dark\n|move|p2a: Electivire|Knock Off|p1a: Cresselia\n|-supereffective|p1a: Cresselia\n|-damage|p1a: Cresselia|0 fnt\n|-enditem|p1a: Cresselia|Leftovers|[from] move: Knock Off|[of] p2a: Electivire\n|faint|p1a: Cresselia\n|-damage|p2a: Electivire|237/263|[from] item: Life Orb\n|\n|upkeep\n|\n|t:|1783568706\n|switch|p1a: Arceus|Arceus-Ground, L70|100/100\n|turn|9\n|inactive|Time left: 300 sec this turn | 300 sec total\n|\n|t:|1783568707\n|switch|p2a: Ludicolo|Ludicolo, L90, F|290/290\n|move|p1a: Arceus|Calm Mind|p1a: Arceus\n|-boost|p1a: Arceus|spa|1\n|-boost|p1a: Arceus|spd|1\n|\n|upkeep\n|turn|10\n|inactive|Time left: 300 sec this turn | 300 sec total\n|\n|t:|1783568708\n|move|p1a: Arceus|Calm Mind|p1a: Arceus\n|-boost|p1a: Arceus|spa|1\n|-boost|p1a: Arceus|spd|1\n|move|p2a: Ludicolo|Leaf Storm|p1a: Arceus\n|-supereffective|p1a: Arceus\n|-damage|p1a: Arceus|22/100\n|-unboost|p2a: Ludicolo|spa|2\n|\n|upkeep\n|turn|11\n|inactive|Time left: 300 sec this turn | 300 sec total\n|\n|t:|1783568708\n|move|p1a: Arceus|Recover|p1a: Arceus\n|-heal|p1a: Arceus|72/100\n|move|p2a: Ludicolo|Leaf Storm|p1a: Arceus\n|-supereffective|p1a: Arceus\n|-damage|p1a: Arceus|36/100\n|-unboost|p2a: Ludicolo|spa|2\n|\n|upkeep\n|turn|12\n|inactive|Time left: 300 sec this turn | 300 sec total\n|\n|t:|1783568709\n|switch|p2a: Oranguru|Oranguru, L92, F|315/315\n|move|p1a: Arceus|Recover|p1a: Arceus\n|-heal|p1a: Arceus|86/100\n|\n|upkeep\n|turn|13\n|inactive|Time left: 300 sec this turn | 300 sec total\n|\n|t:|1783568710\n|move|p1a: Arceus|Judgment|p2a: Oranguru\n|-damage|p2a: Oranguru|135/315\n|move|p2a: Oranguru|Nasty Plot|p2a: Oranguru\n|-boost|p2a: Oranguru|spa|2\n|\n|-heal|p2a: Oranguru|154/315|[from] item: Leftovers\n|upkeep\n|turn|14\n|inactive|Time left: 300 sec this turn | 300 sec total\n|\n|t:|1783568711\n|switch|p2a: Honchkrow|Honchkrow, L86, M|312/312\n|move|p1a: Arceus|Judgment|p2a: Honchkrow\n|-immune|p2a: Honchkrow\n|\n|upkeep\n|turn|15\n|inactive|Time left: 300 sec this turn | 300 sec total\n|\n|t:|1783568712\n|move|p1a: Arceus|Ice Beam|p2a: Honchkrow\n|-supereffective|p2a: Honchkrow\n|-damage|p2a: Honchkrow|22/312\n|move|p2a: Honchkrow|Brave Bird|p1a: Arceus\n|-damage|p1a: Arceus|29/100\n|-damage|p2a: Honchkrow|0 fnt|[from] Recoil\n|faint|p2a: Honchkrow\n|\n|upkeep\n|inactive|Time left: 300 sec this turn | 300 sec total | 5 sec grace\n|\n|t:|1783568713\n|switch|p2a: Ludicolo|Ludicolo, L90, F|290/290\n|turn|16\n|inactive|Time left: 300 sec this turn | 300 sec total\n|\n|t:|1783568715\n|move|p1a: Arceus|Recover|p1a: Arceus\n|-heal|p1a: Arceus|79/100\n|move|p2a: Ludicolo|Ice Beam|p1a: Arceus\n|-supereffective|p1a: Arceus\n|-crit|p1a: Arceus\n|-damage|p1a: Arceus|0 fnt\n|faint|p1a: Arceus\n|\n|upkeep\n|\n|t:|1783568716\n|switch|p1a: Iron Boulder|Iron Boulder, L77|100/100\n|turn|17\n|inactive|Time left: 300 sec this turn | 300 sec total\n|\n|t:|1783568717\n|switch|p2a: Sableye|Sableye, L88, F|231/231\n|move|p1a: Iron Boulder|Swords Dance|p1a: Iron Boulder\n|-boost|p1a: Iron Boulder|atk|2\n|\n|upkeep\n|turn|18\n|inactive|Time left: 300 sec this turn | 300 sec total\n|\n|t:|1783568718\n|move|p2a: Sableye|Encore|p1a: Iron Boulder\n|-start|p1a: Iron Boulder|Encore\n|move|p1a: Iron Boulder|Swords Dance|p1a: Iron Boulder\n|-boost|p1a: Iron Boulder|atk|2\n|\n|upkeep\n|turn|19\n|inactive|Time left: 300 sec this turn | 300 sec total\n|\n|t:|1783568719\n|-end|p1a: Iron Boulder|Quark Drive|[silent]\n|switch|p1a: Orthworm|Orthworm, L88, M|100/100\n|move|p2a: Sableye|Knock Off|p1a: Orthworm\n|-damage|p1a: Orthworm|80/100\n|-enditem|p1a: Orthworm|Chesto Berry|[from] move: Knock Off|[of] p2a: Sableye\n|\n|upkeep\n|turn|20\n|inactive|Time left: 300 sec this turn | 300 sec total\n|\n|t:|1783568720\n|move|p2a: Sableye|Will-O-Wisp|p1a: Orthworm\n|-status|p1a: Orthworm|brn\n|move|p1a: Orthworm|Iron Tail|p2a: Sableye\n|-damage|p2a: Sableye|170/231\n|\n|-heal|p2a: Sableye|184/231|[from] item: Leftovers\n|-damage|p1a: Orthworm|74/100 brn|[from] brn\n|upkeep\n|turn|21\n|inactive|Time left: 300 sec this turn | 300 sec total\n|\n|t:|1783568721\n|switch|p2a: Oranguru|Oranguru, L92, F|154/315\n|move|p1a: Orthworm|Coil|p1a: Orthworm\n|-boost|p1a: Orthworm|atk|1\n|-boost|p1a: Orthworm|def|1\n|-boost|p1a: Orthworm|accuracy|1\n|\n|-heal|p2a: Oranguru|173/315|[from] item: Leftovers\n|-damage|p1a: Orthworm|68/100 brn|[from] brn\n|upkeep\n|turn|22\n|inactive|Time left: 300 sec this turn | 300 sec total\n|\n|t:|1783568722\n|move|p1a: Orthworm|Coil|p1a: Orthworm\n|-boost|p1a: Orthworm|atk|1\n|-boost|p1a: Orthworm|def|1\n|-boost|p1a: Orthworm|accuracy|1\n|move|p2a: Oranguru|Nasty Plot|p2a: Oranguru\n|-boost|p2a: Oranguru|spa|2\n|\n|-heal|p2a: Oranguru|192/315|[from] item: Leftovers\n|-damage|p1a: Orthworm|62/100 brn|[from] brn\n|upkeep\n|turn|23\n|inactive|Time left: 300 sec this turn | 300 sec total\n|\n|t:|1783568723\n|move|p1a: Orthworm|Iron Tail|p2a: Oranguru\n|-damage|p2a: Oranguru|91/315\n|move|p2a: Oranguru|Thunderbolt|p1a: Orthworm\n|-damage|p1a: Orthworm|0 fnt\n|faint|p1a: Orthworm\n|\n|-heal|p2a: Oranguru|110/315|[from] item: Leftovers\n|upkeep\n|\n|t:|1783568724\n|switch|p1a: Iron Boulder|Iron Boulder, L77|100/100\n|turn|24\n|inactive|Time left: 300 sec this turn | 300 sec total\n|\n|t:|1783568725\n|switch|p2a: Sableye|Sableye, L88, F|184/231\n|move|p1a: Iron Boulder|Mighty Cleave|p2a: Sableye\n|-damage|p2a: Sableye|35/231\n|-damage|p1a: Iron Boulder|91/100|[from] item: Life Orb\n|\n|-heal|p2a: Sableye|49/231|[from] item: Leftovers\n|upkeep\n|turn|25\n|inactive|Time left: 300 sec this turn | 300 sec total\n|\n|t:|1783568726\n|move|p2a: Sableye|Will-O-Wisp|p1a: Iron Boulder\n|-status|p1a: Iron Boulder|brn\n|move|p1a: Iron Boulder|Mighty Cleave|p2a: Sableye\n|-damage|p2a: Sableye|0 fnt\n|faint|p2a: Sableye\n|-damage|p1a: Iron Boulder|81/100 brn|[from] item: Life Orb\n|\n|-damage|p1a: Iron Boulder|75/100 brn|[from] brn\n|upkeep\n|inactive|Time left: 300 sec this turn | 300 sec total | 5 sec grace\n|\n|t:|1783568727\n|switch|p2a: Ludicolo|Ludicolo, L90, F|290/290\n|turn|26\n|inactive|Time left: 300 sec this turn | 300 sec total\n|\n|t:|1783568728\n|-terastallize|p1a: Iron Boulder|Fighting\n|move|p1a: Iron Boulder|Zen Headbutt|p2a: Ludicolo\n|-crit|p2a: Ludicolo\n|-damage|p2a: Ludicolo|204/290\n|-damage|p1a: Iron Boulder|65/100 brn|[from] item: Life Orb\n|move|p2a: Ludicolo|Giga Drain|p1a: Iron Boulder\n|-damage|p1a: Iron Boulder|20/100 brn\n|-heal|p2a: Ludicolo|263/290|[from] drain|[of] p1a: Iron Boulder\n|\n|-damage|p1a: Iron Boulder|14/100 brn|[from] brn\n|upkeep\n|turn|27\n|inactive|Time left: 300 sec this turn | 300 sec total\n|\n|t:|1783568730\n|move|p1a: Iron Boulder|Zen Headbutt|p2a: Ludicolo\n|-damage|p2a: Ludicolo|208/290\n|-damage|p1a: Iron Boulder|5/100 brn|[from] item: Life Orb\n|cant|p2a: Ludicolo|flinch\n|\n|-damage|p1a: Iron Boulder|0 fnt|[from] brn\n|faint|p1a: Iron Boulder\n|-end|p1a: Iron Boulder|Quark Drive|[silent]\n|upkeep\n|\n|t:|1783568730\n|switch|p1a: Golduck|Golduck, L90, M|100/100\n|-ability|p1a: Golduck|Cloud Nine\n|turn|28\n|inactive|Time left: 300 sec this turn | 300 sec total\n|\n|t:|1783568731\n|move|p1a: Golduck|Ice Beam|p2a: Ludicolo\n|-damage|p2a: Ludicolo|110/290\n|-status|p2a: Ludicolo|frz\n|-curestatus|p2a: Ludicolo|frz|[msg]\n|move|p2a: Ludicolo|Giga Drain|p1a: Golduck\n|-supereffective|p1a: Golduck\n|-damage|p1a: Golduck|17/100\n|-heal|p2a: Ludicolo|231/290|[from] drain|[of] p1a: Golduck\n|\n|upkeep\n|turn|29\n|inactive|Time left: 300 sec this turn | 300 sec total\n|\n|t:|1783568732\n|move|p1a: Golduck|Ice Beam|p2a: Ludicolo\n|-damage|p2a: Ludicolo|144/290\n|move|p2a: Ludicolo|Giga Drain|p1a: Golduck\n|-supereffective|p1a: Golduck\n|-damage|p1a: Golduck|0 fnt\n|-heal|p2a: Ludicolo|168/290|[from] drain|[of] p1a: Golduck\n|faint|p1a: Golduck\n|\n|win|p0y2476cbab", "uploadtime": 1783568732, "views": 0, "rating": 0, "private": 0, "password": null, "_winner": "p0y2476cbab", "_our_name": "p0y2476cbab"}