{"id": "battle-gen9randombattle-2526", "formatid": "gen9randombattle", "format": "[Gen 9] Random Battle", "players": ["p0x25268955", "p0y2526eb08"], "log": "|init|battle\n|title|p0x25268955 vs. p0y2526eb08\n|j|\u2606p0x25268955\n|j|\u2606p0y2526eb08\n|t:|1783568268\n|gametype|singles\n|player|p1|p0x25268955|1|\n|player|p2|p0y2526eb08|266|\n|gen|9\n|tier|[Gen 9] Random Battle\n|rule|Species Clause: Limit one of each Pok\u00e9mon\n|rule|HP Percentage Mod: HP is shown in percentages\n|rule|Sleep Clause Mod: Limit one foe put to sleep\n|rule|Illusion Level Mod: Illusion disguises the Pok\u00e9mon's true level\n|\n|t:|1783568268\n|teamsize|p1|6\n|teamsize|p2|6\n|start\n|switch|p1a: Slither Wing|Slither Wing, L81|100/100\n|switch|p2a: Mienshao|Mienshao, L83, M|243/243\n|turn|1\n|inactive|Battle timer is ON: inactive players will automatically lose when time's up. (requested by p0x25268955)\n|inactive|Time left: 300 sec this turn | 300 sec total | 60 sec grace\n|inactive|p0y2526eb08 also wants the timer to be on.\n|\n|t:|1783568270\n|move|p2a: Mienshao|High Jump Kick|p1a: Slither Wing\n|-resisted|p1a: Slither Wing\n|-damage|p1a: Slither Wing|35/100\n|move|p1a: Slither Wing|Close Combat|p2a: Mienshao\n|-damage|p2a: Mienshao|0 fnt\n|-unboost|p1a: Slither Wing|def|1\n|-unboost|p1a: Slither Wing|spd|1\n|faint|p2a: Mienshao\n|-damage|p1a: Slither Wing|25/100|[from] item: Life Orb\n|\n|upkeep\n|inactive|Time left: 300 sec this turn | 300 sec total | 65 sec grace\n|\n|t:|1783568271\n|switch|p2a: Ceruledge|Ceruledge, L78, F|245/245\n|turn|2\n|inactive|Time left: 300 sec this turn | 300 sec total\n|\n|t:|1783568272\n|-end|p1a: Slither Wing|Protosynthesis|[silent]\n|switch|p1a: Oinkologne|Oinkologne-F, L92, F|100/100\n|move|p2a: Ceruledge|Poltergeist|p1a: Oinkologne\n|-immune|p1a: Oinkologne\n|\n|upkeep\n|turn|3\n|inactive|Time left: 300 sec this turn | 300 sec total\n|\n|t:|1783568273\n|move|p2a: Ceruledge|Swords Dance|p2a: Ceruledge\n|-boost|p2a: Ceruledge|atk|2\n|move|p1a: Oinkologne|High Horsepower|p2a: Ceruledge\n|-supereffective|p2a: Ceruledge\n|-crit|p2a: Ceruledge\n|-damage|p2a: Ceruledge|0 fnt\n|faint|p2a: Ceruledge\n|\n|upkeep\n|inactive|Time left: 300 sec this turn | 300 sec total | 5 sec grace\n|\n|t:|1783568274\n|switch|p2a: Hoopa|Hoopa-Unbound, L80|259/259\n|turn|4\n|inactive|Time left: 300 sec this turn | 300 sec total\n|\n|t:|1783568275\n|move|p2a: Hoopa|Zen Headbutt|p1a: Oinkologne\n|-damage|p1a: Oinkologne|44/100\n|move|p1a: Oinkologne|Body Slam|p2a: Hoopa\n|-damage|p2a: Hoopa|127/259\n|\n|-heal|p1a: Oinkologne|50/100|[from] item: Leftovers\n|upkeep\n|turn|5\n|inactive|Time left: 300 sec this turn | 300 sec total\n|\n|t:|1783568276\n|switch|p1a: Metagross|Metagross, L79|100/100\n|move|p2a: Hoopa|Zen Headbutt|p1a: Metagross\n|-resisted|p1a: Metagross\n|-damage|p1a: Metagross|86/100\n|\n|upkeep\n|turn|6\n|inactive|Time left: 300 sec this turn | 300 sec total\n|\n|t:|1783568277\n|move|p2a: Hoopa|Zen Headbutt|p1a: Metagross|[miss]\n|-miss|p2a: Hoopa|p1a: Metagross\n|move|p1a: Metagross|Earthquake|p2a: Hoopa\n|-damage|p2a: Hoopa|15/259\n|\n|upkeep\n|turn|7\n|inactive|Time left: 300 sec this turn | 300 sec total\n|\n|t:|1783568278\n|move|p2a: Hoopa|Zen Headbutt|p1a: Metagross\n|-resisted|p1a: Metagross\n|-damage|p1a: Metagross|73/100\n|move|p1a: Metagross|Heavy Slam|p2a: Hoopa\n|-damage|p2a: Hoopa|0 fnt\n|faint|p2a: Hoopa\n|\n|upkeep\n|inactive|Time left: 300 sec this turn | 300 sec total | 5 sec grace\n|\n|t:|1783568279\n|switch|p2a: Dragapult|Dragapult, L77, F|262/262\n|turn|8\n|inactive|Time left: 300 sec this turn | 300 sec total\n|\n|t:|1783568280\n|move|p2a: Dragapult|Fire Blast|p1a: Metagross\n|-supereffective|p1a: Metagross\n|-damage|p1a: Metagross|0 fnt\n|faint|p1a: Metagross\n|\n|upkeep\n|\n|t:|1783568281\n|switch|p1a: Oinkologne|Oinkologne-F, L92, F|50/100\n|turn|9\n|inactive|Time left: 300 sec this turn | 300 sec total\n|\n|t:|1783568282\n|move|p2a: Dragapult|Fire Blast|p1a: Oinkologne\n|-damage|p1a: Oinkologne|37/100\n|move|p1a: Oinkologne|Lash Out|p2a: Dragapult\n|-supereffective|p2a: Dragapult\n|-damage|p2a: Dragapult|120/262\n|\n|-heal|p1a: Oinkologne|43/100|[from] item: Leftovers\n|upkeep\n|turn|10\n|inactive|Time left: 300 sec this turn | 300 sec total\n|\n|t:|1783568283\n|move|p2a: Dragapult|Fire Blast|p1a: Oinkologne\n|-damage|p1a: Oinkologne|29/100\n|move|p1a: Oinkologne|High Horsepower|p2a: Dragapult\n|-damage|p2a: Dragapult|32/262\n|\n|-heal|p1a: Oinkologne|35/100|[from] item: Leftovers\n|upkeep\n|turn|11\n|inactive|Time left: 300 sec this turn | 300 sec total\n|\n|t:|1783568284\n|move|p2a: Dragapult|Fire Blast|p1a: Oinkologne\n|-damage|p1a: Oinkologne|23/100\n|move|p1a: Oinkologne|Lash Out|p2a: Dragapult\n|-supereffective|p2a: Dragapult\n|-damage|p2a: Dragapult|0 fnt\n|faint|p2a: Dragapult\n|\n|-heal|p1a: Oinkologne|29/100|[from] item: Leftovers\n|upkeep\n|inactive|Time left: 300 sec this turn | 300 sec total | 5 sec grace\n|\n|t:|1783568285\n|switch|p2a: Magearna|Magearna, L77|250/250\n|turn|12\n|inactive|Time left: 300 sec this turn | 300 sec total\n|\n|t:|1783568286\n|move|p2a: Magearna|Flash Cannon|p1a: Oinkologne\n|-damage|p1a: Oinkologne|4/100\n|move|p1a: Oinkologne|Body Slam|p2a: Magearna\n|-resisted|p2a: Magearna\n|-damage|p2a: Magearna|208/250\n|\n|-heal|p1a: Oinkologne|10/100|[from] item: Leftovers\n|upkeep\n|turn|13\n|inactive|Time left: 300 sec this turn | 300 sec total\n|\n|t:|1783568288\n|switch|p1a: Cresselia|Cresselia, L80, F|100/100\n|move|p2a: Magearna|Flash Cannon|p1a: Cresselia\n|-damage|p1a: Cresselia|77/100\n|\n|-heal|p1a: Cresselia|83/100|[from] item: Leftovers\n|upkeep\n|turn|14\n|inactive|Time left: 300 sec this turn | 300 sec total\n|\n|t:|1783568289\n|move|p2a: Magearna|Flash Cannon|p1a: Cresselia\n|-damage|p1a: Cresselia|59/100\n|move|p1a: Cresselia|Calm Mind|p1a: Cresselia\n|-boost|p1a: Cresselia|spa|1\n|-boost|p1a: Cresselia|spd|1\n|\n|-heal|p1a: Cresselia|66/100|[from] item: Leftovers\n|upkeep\n|turn|15\n|inactive|Time left: 300 sec this turn | 300 sec total\n|\n|t:|1783568290\n|move|p2a: Magearna|Flash Cannon|p1a: Cresselia\n|-damage|p1a: Cresselia|50/100\n|move|p1a: Cresselia|Calm Mind|p1a: Cresselia\n|-boost|p1a: Cresselia|spa|1\n|-boost|p1a: Cresselia|spd|1\n|\n|-heal|p1a: Cresselia|57/100|[from] item: Leftovers\n|upkeep\n|turn|16\n|inactive|Time left: 300 sec this turn | 300 sec total\n|\n|t:|1783568291\n|move|p2a: Magearna|Flash Cannon|p1a: Cresselia\n|-crit|p1a: Cresselia\n|-damage|p1a: Cresselia|24/100\n|move|p1a: Cresselia|Thunderbolt|p2a: Magearna\n|-damage|p2a: Magearna|116/250\n|\n|-heal|p1a: Cresselia|30/100|[from] item: Leftovers\n|upkeep\n|turn|17\n|inactive|Time left: 300 sec this turn | 300 sec total\n|\n|t:|1783568292\n|move|p2a: Magearna|Flash Cannon|p1a: Cresselia\n|-damage|p1a: Cresselia|19/100\n|move|p1a: Cresselia|Moonlight|p1a: Cresselia\n|-heal|p1a: Cresselia|69/100\n|\n|-heal|p1a: Cresselia|75/100|[from] item: Leftovers\n|upkeep\n|turn|18\n|inactive|Time left: 300 sec this turn | 300 sec total\n|\n|t:|1783568293\n|-terastallize|p1a: Cresselia|Electric\n|move|p2a: Magearna|Flash Cannon|p1a: Cresselia\n|-resisted|p1a: Cresselia\n|-damage|p1a: Cresselia|69/100\n|move|p1a: Cresselia|Thunderbolt|p2a: Magearna\n|-damage|p2a: Magearna|0 fnt\n|faint|p2a: Magearna\n|\n|-heal|p1a: Cresselia|75/100|[from] item: Leftovers\n|upkeep\n|inactive|Time left: 300 sec this turn | 300 sec total | 5 sec grace\n|\n|t:|1783568294\n|switch|p2a: Jolteon|Jolteon, L84, M|246/246\n|turn|19\n|inactive|Time left: 300 sec this turn | 300 sec total\n|\n|t:|1783568295\n|move|p2a: Jolteon|Thunderbolt|p1a: Cresselia\n|-resisted|p1a: Cresselia\n|-damage|p1a: Cresselia|66/100\n|-damage|p2a: Jolteon|222/246|[from] item: Life Orb\n|move|p1a: Cresselia|Psyshock|p2a: Jolteon\n|-damage|p2a: Jolteon|45/246\n|\n|-heal|p1a: Cresselia|72/100|[from] item: Leftovers\n|upkeep\n|turn|20\n|inactive|Time left: 300 sec this turn | 300 sec total\n|\n|t:|1783568296\n|-terastallize|p2a: Jolteon|Electric\n|move|p2a: Jolteon|Calm Mind|p2a: Jolteon\n|-boost|p2a: Jolteon|spa|1\n|-boost|p2a: Jolteon|spd|1\n|move|p1a: Cresselia|Psyshock|p2a: Jolteon\n|-damage|p2a: Jolteon|0 fnt\n|faint|p2a: Jolteon\n|\n|win|p0x25268955", "uploadtime": 1783568296, "views": 0, "rating": 0, "private": 0, "password": null, "_winner": "p0x25268955", "_our_name": "p0y2526eb08"}