{"id": "battle-gen9randombattle-734", "formatid": "gen9randombattle", "format": "[Gen 9] Random Battle", "players": ["p0x7341f45", "p0y7344f50"], "log": "|init|battle\n|title|p0x7341f45 vs. p0y7344f50\n|j|\u2606p0x7341f45\n|j|\u2606p0y7344f50\n|t:|1783547651\n|gametype|singles\n|player|p1|p0x7341f45|102|\n|player|p2|p0y7344f50|101|\n|gen|9\n|tier|[Gen 9] Random Battle\n|rule|Species Clause: Limit one of each Pok\u00e9mon\n|rule|HP Percentage Mod: HP is shown in percentages\n|rule|Sleep Clause Mod: Limit one foe put to sleep\n|rule|Illusion Level Mod: Illusion disguises the Pok\u00e9mon's true level\n|\n|t:|1783547651\n|teamsize|p1|6\n|teamsize|p2|6\n|start\n|switch|p1a: Suicune|Suicune, L82|100/100\n|switch|p2a: Rotom|Rotom-Fan, L86|226/226\n|-ability|p1a: Suicune|Pressure\n|turn|1\n|inactive|Battle timer is ON: inactive players will automatically lose when time's up. (requested by p0y7344f50)\n|inactive|p0x7341f45 also wants the timer to be on.\n|\n|t:|1783547653\n|move|p2a: Rotom|Nasty Plot|p2a: Rotom\n|-boost|p2a: Rotom|spa|2\n|move|p1a: Suicune|Scald|p2a: Rotom\n|-damage|p2a: Rotom|166/226\n|-status|p2a: Rotom|brn\n|\n|-damage|p2a: Rotom|152/226 brn|[from] brn\n|upkeep\n|turn|2\n|inactive|Time left: 300 sec this turn | 300 sec total\n|\n|t:|1783547654\n|switch|p1a: Slaking|Slaking, L84, M|100/100\n|move|p2a: Rotom|Thunderbolt|p1a: Slaking\n|-damage|p1a: Slaking|32/100\n|\n|-damage|p2a: Rotom|138/226 brn|[from] brn\n|upkeep\n|turn|3\n|inactive|Time left: 300 sec this turn | 300 sec total\n|\n|t:|1783547655\n|move|p1a: Slaking|Giga Impact|p2a: Rotom\n|-damage|p2a: Rotom|0 fnt\n|-mustrecharge|p1a: Slaking\n|faint|p2a: Rotom\n|\n|upkeep\n|inactive|Time left: 300 sec this turn | 300 sec total | 5 sec grace\n|\n|t:|1783547656\n|switch|p2a: Dialga|Dialga, L73|266/266\n|-ability|p2a: Dialga|Pressure\n|turn|4\n|inactive|Time left: 300 sec this turn | 300 sec total\n|\n|t:|1783547657\n|cant|p1a: Slaking|recharge\n|move|p2a: Dialga|Draco Meteor|p1a: Slaking\n|-damage|p1a: Slaking|0 fnt\n|-unboost|p2a: Dialga|spa|2\n|faint|p1a: Slaking\n|\n|upkeep\n|\n|t:|1783547658\n|switch|p1a: Blaziken|Blaziken, L76, M|100/100\n|turn|5\n|inactive|Time left: 300 sec this turn | 300 sec total\n|\n|t:|1783547660\n|move|p2a: Dialga|Heavy Slam|p1a: Blaziken\n|-resisted|p1a: Blaziken\n|-damage|p1a: Blaziken|68/100\n|move|p1a: Blaziken|Swords Dance|p1a: Blaziken\n|-boost|p1a: Blaziken|atk|2\n|\n|-ability|p1a: Blaziken|Speed Boost|boost\n|-boost|p1a: Blaziken|spe|1\n|upkeep\n|turn|6\n|inactive|Time left: 300 sec this turn | 300 sec total\n|\n|t:|1783547661\n|move|p1a: Blaziken|Close Combat|p2a: Dialga\n|-supereffective|p2a: Dialga\n|-damage|p2a: Dialga|0 fnt\n|-unboost|p1a: Blaziken|def|1\n|-unboost|p1a: Blaziken|spd|1\n|faint|p2a: Dialga\n|-damage|p1a: Blaziken|58/100|[from] item: Life Orb\n|\n|-ability|p1a: Blaziken|Speed Boost|boost\n|-boost|p1a: Blaziken|spe|1\n|upkeep\n|inactive|Time left: 300 sec this turn | 300 sec total | 5 sec grace\n|\n|t:|1783547662\n|switch|p2a: Oranguru|Oranguru, L92, M|315/315\n|turn|7\n|inactive|Time left: 300 sec this turn | 300 sec total\n|\n|t:|1783547663\n|move|p1a: Blaziken|Close Combat|p2a: Oranguru\n|-damage|p2a: Oranguru|0 fnt\n|-unboost|p1a: Blaziken|def|1\n|-unboost|p1a: Blaziken|spd|1\n|faint|p2a: Oranguru\n|-damage|p1a: Blaziken|49/100|[from] item: Life Orb\n|\n|-ability|p1a: Blaziken|Speed Boost|boost\n|-boost|p1a: Blaziken|spe|1\n|upkeep\n|inactive|Time left: 300 sec this turn | 300 sec total | 5 sec grace\n|\n|t:|1783547663\n|switch|p2a: Lurantis|Lurantis, L87, M|264/264\n|turn|8\n|inactive|Time left: 300 sec this turn | 300 sec total\n|\n|t:|1783547664\n|move|p1a: Blaziken|Close Combat|p2a: Lurantis\n|-damage|p2a: Lurantis|0 fnt\n|-unboost|p1a: Blaziken|def|1\n|-unboost|p1a: Blaziken|spd|1\n|faint|p2a: Lurantis\n|-damage|p1a: Blaziken|39/100|[from] item: Life Orb\n|\n|-ability|p1a: Blaziken|Speed Boost|boost\n|-boost|p1a: Blaziken|spe|1\n|upkeep\n|inactive|Time left: 300 sec this turn | 300 sec total | 5 sec grace\n|\n|t:|1783547665\n|switch|p2a: Hitmonlee|Hitmonlee, L85, M|224/224\n|turn|9\n|inactive|Time left: 300 sec this turn | 300 sec total\n|\n|t:|1783547666\n|-terastallize|p2a: Hitmonlee|Dark\n|move|p1a: Blaziken|Close Combat|p2a: Hitmonlee\n|-supereffective|p2a: Hitmonlee\n|-damage|p2a: Hitmonlee|0 fnt\n|-unboost|p1a: Blaziken|def|1\n|-unboost|p1a: Blaziken|spd|1\n|faint|p2a: Hitmonlee\n|-damage|p1a: Blaziken|29/100|[from] item: Life Orb\n|\n|-ability|p1a: Blaziken|Speed Boost|boost\n|-boost|p1a: Blaziken|spe|1\n|upkeep\n|inactive|Time left: 300 sec this turn | 300 sec total | 5 sec grace\n|\n|t:|1783547667\n|switch|p2a: Iron Jugulis|Iron Jugulis, L77|271/271\n|turn|10\n|inactive|Time left: 300 sec this turn | 300 sec total\n|\n|t:|1783547668\n|-terastallize|p1a: Blaziken|Dark\n|move|p1a: Blaziken|Flare Blitz|p2a: Iron Jugulis\n|-damage|p2a: Iron Jugulis|0 fnt\n|faint|p2a: Iron Jugulis\n|-end|p2a: Iron Jugulis|Quark Drive|[silent]\n|-damage|p1a: Blaziken|0 fnt|[from] Recoil\n|faint|p1a: Blaziken\n|\n|win|p0x7341f45", "uploadtime": 1783547668, "views": 0, "rating": 0, "private": 0, "password": null, "_winner": "p0x7341f45", "_our_name": "p0y7344f50"}