{"id": "battle-gen9randombattle-1597", "formatid": "gen9randombattle", "format": "[Gen 9] Random Battle", "players": ["p0x1597638c", "p0y15970b76"], "log": "|init|battle\n|title|p0x1597638c vs. p0y15970b76\n|j|\u2606p0x1597638c\n|j|\u2606p0y15970b76\n|t:|1783557706\n|gametype|singles\n|player|p1|p0x1597638c|170|\n|player|p2|p0y15970b76|1|\n|gen|9\n|tier|[Gen 9] Random Battle\n|rule|Species Clause: Limit one of each Pok\u00e9mon\n|rule|HP Percentage Mod: HP is shown in percentages\n|rule|Sleep Clause Mod: Limit one foe put to sleep\n|rule|Illusion Level Mod: Illusion disguises the Pok\u00e9mon's true level\n|\n|t:|1783557706\n|teamsize|p1|6\n|teamsize|p2|6\n|start\n|switch|p1a: Mandibuzz|Mandibuzz, L85, F|326/326\n|switch|p2a: Hoopa|Hoopa, L85|100/100\n|turn|1\n|inactive|Battle timer is ON: inactive players will automatically lose when time's up. (requested by p0x1597638c)\n|inactive|p0y15970b76 also wants the timer to be on.\n|\n|t:|1783557708\n|switch|p2a: Pelipper|Pelipper, L86, M|100/100\n|-weather|RainDance|[from] ability: Drizzle|[of] p2a: Pelipper\n|move|p1a: Mandibuzz|Foul Play|p2a: Pelipper\n|-damage|p2a: Pelipper|77/100\n|\n|-weather|RainDance|[upkeep]\n|upkeep\n|turn|2\n|inactive|Time left: 300 sec this turn | 300 sec total\n|\n|t:|1783557709\n|move|p1a: Mandibuzz|Brave Bird|p2a: Pelipper\n|-damage|p2a: Pelipper|41/100\n|-damage|p1a: Mandibuzz|297/326|[from] Recoil\n|move|p2a: Pelipper|Weather Ball|p1a: Mandibuzz\n|-damage|p1a: Mandibuzz|74/326\n|\n|-weather|RainDance|[upkeep]\n|upkeep\n|turn|3\n|inactive|Time left: 300 sec this turn | 300 sec total\n|\n|t:|1783557710\n|move|p1a: Mandibuzz|Brave Bird|p2a: Pelipper\n|-damage|p2a: Pelipper|3/100\n|-damage|p1a: Mandibuzz|43/326|[from] Recoil\n|move|p2a: Pelipper|Weather Ball|p1a: Mandibuzz\n|-damage|p1a: Mandibuzz|0 fnt\n|faint|p1a: Mandibuzz\n|\n|-weather|RainDance|[upkeep]\n|upkeep\n|inactive|Time left: 300 sec this turn | 300 sec total | 5 sec grace\n|\n|t:|1783557711\n|switch|p1a: Sneasler|Sneasler, L74, F|219/219\n|turn|4\n|inactive|Time left: 300 sec this turn | 300 sec total\n|\n|t:|1783557712\n|move|p1a: Sneasler|Bitter Malice|p2a: Pelipper\n|-damage|p2a: Pelipper|0 fnt\n|faint|p2a: Pelipper\n|-damage|p1a: Sneasler|198/219|[from] item: Life Orb\n|\n|-weather|RainDance|[upkeep]\n|upkeep\n|\n|t:|1783557713\n|switch|p2a: Hoopa|Hoopa, L85|100/100\n|turn|5\n|inactive|Time left: 300 sec this turn | 300 sec total\n|\n|t:|1783557714\n|move|p2a: Hoopa|Psychic|p1a: Sneasler\n|-damage|p1a: Sneasler|14/219\n|replace|p1a: Zoroark|Zoroark-Hisui, L80, F\n|-end|p1a: Zoroark|Illusion\n|-hint|Illusion Level Mod is active, so this Pok\u00e9mon's true level was hidden.\n|move|p1a: Zoroark|Bitter Malice|p2a: Hoopa\n|-supereffective|p2a: Hoopa\n|-damage|p2a: Hoopa|0 fnt\n|faint|p2a: Hoopa\n|-damage|p1a: Zoroark|0 fnt|[from] item: Life Orb\n|faint|p1a: Zoroark\n|\n|-weather|none\n|upkeep\n|inactive|Time left: 300 sec this turn | 300 sec total | 5 sec grace\n|\n|t:|1783557715\n|switch|p1a: Garchomp|Garchomp, L74, M|282/282\n|switch|p2a: Gallade|Gallade, L80, M|100/100\n|turn|6\n|inactive|Time left: 300 sec this turn | 300 sec total\n|\n|t:|1783557716\n|move|p1a: Garchomp|Swords Dance|p1a: Garchomp\n|-boost|p1a: Garchomp|atk|2\n|move|p2a: Gallade|Psycho Cut|p1a: Garchomp\n|-damage|p1a: Garchomp|89/282\n|\n|upkeep\n|turn|7\n|inactive|Time left: 300 sec this turn | 300 sec total\n|\n|t:|1783557717\n|switch|p2a: Oinkologne|Oinkologne, L92, M|100/100\n|move|p1a: Garchomp|Earthquake|p2a: Oinkologne\n|-damage|p2a: Oinkologne|36/100\n|\n|-heal|p2a: Oinkologne|43/100|[from] item: Leftovers\n|upkeep\n|turn|8\n|inactive|Time left: 300 sec this turn | 300 sec total\n|\n|t:|1783557718\n|move|p1a: Garchomp|Earthquake|p2a: Oinkologne\n|-damage|p2a: Oinkologne|0 fnt\n|faint|p2a: Oinkologne\n|\n|upkeep\n|\n|t:|1783557718\n|switch|p2a: Dedenne|Dedenne, L88, F|100/100\n|turn|9\n|inactive|Time left: 300 sec this turn | 300 sec total\n|\n|t:|1783557719\n|-terastallize|p1a: Garchomp|Fire\n|move|p2a: Dedenne|Dazzling Gleam|p1a: Garchomp\n|-resisted|p1a: Garchomp\n|-damage|p1a: Garchomp|44/282\n|move|p1a: Garchomp|Earthquake|p2a: Dedenne\n|-supereffective|p2a: Dedenne\n|-damage|p2a: Dedenne|0 fnt\n|faint|p2a: Dedenne\n|\n|upkeep\n|\n|t:|1783557720\n|switch|p2a: Archaludon|Archaludon, L78, M|100/100\n|turn|10\n|inactive|Time left: 300 sec this turn | 300 sec total\n|\n|t:|1783557721\n|-terastallize|p2a: Archaludon|Fighting\n|move|p1a: Garchomp|Earthquake|p2a: Archaludon\n|-damage|p2a: Archaludon|39/100\n|-ability|p2a: Archaludon|Stamina|boost\n|-boost|p2a: Archaludon|def|1\n|move|p2a: Archaludon|Flash Cannon|p1a: Garchomp\n|-resisted|p1a: Garchomp\n|-damage|p1a: Garchomp|0 fnt\n|faint|p1a: Garchomp\n|\n|-heal|p2a: Archaludon|45/100|[from] item: Leftovers\n|upkeep\n|inactive|Time left: 300 sec this turn | 300 sec total | 5 sec grace\n|\n|t:|1783557722\n|switch|p1a: Plusle|Plusle, L95, F|268/268\n|turn|11\n|inactive|Time left: 300 sec this turn | 300 sec total\n|\n|t:|1783557723\n|move|p1a: Plusle|Nasty Plot|p1a: Plusle\n|-boost|p1a: Plusle|spa|2\n|move|p2a: Archaludon|Draco Meteor|p1a: Plusle\n|-damage|p1a: Plusle|117/268\n|-unboost|p2a: Archaludon|spa|2\n|\n|-heal|p2a: Archaludon|50/100|[from] item: Leftovers\n|upkeep\n|turn|12\n|inactive|Time left: 300 sec this turn | 300 sec total\n|\n|t:|1783557724\n|switch|p2a: Gallade|Gallade, L80, M|100/100\n|move|p1a: Plusle|Alluring Voice|p2a: Gallade\n|-supereffective|p2a: Gallade\n|-damage|p2a: Gallade|0 fnt\n|faint|p2a: Gallade\n|-damage|p1a: Plusle|91/268|[from] item: Life Orb\n|\n|upkeep\n|\n|t:|1783557725\n|switch|p2a: Archaludon|Archaludon, L78, M, tera:Fighting|50/100\n|turn|13\n|inactive|Time left: 300 sec this turn | 300 sec total\n|\n|t:|1783557725\n|move|p1a: Plusle|Alluring Voice|p2a: Archaludon\n|-supereffective|p2a: Archaludon\n|-damage|p2a: Archaludon|0 fnt\n|faint|p2a: Archaludon\n|-damage|p1a: Plusle|65/268|[from] item: Life Orb\n|\n|win|p0x1597638c", "uploadtime": 1783557725, "views": 0, "rating": 0, "private": 0, "password": null, "_winner": "p0x1597638c", "_our_name": "p0x1597638c"}