{"id": "battle-gen9randombattle-1906", "formatid": "gen9randombattle", "format": "[Gen 9] Random Battle", "players": ["p0x19068f63", "p0y19060b9b"], "log": "|init|battle\n|title|p0x19068f63 vs. p0y19060b9b\n|j|\u2606p0x19068f63\n|j|\u2606p0y19060b9b\n|t:|1783562048\n|gametype|singles\n|player|p1|p0x19068f63|2|\n|player|p2|p0y19060b9b|101|\n|gen|9\n|tier|[Gen 9] Random Battle\n|rule|Species Clause: Limit one of each Pok\u00e9mon\n|rule|HP Percentage Mod: HP is shown in percentages\n|rule|Sleep Clause Mod: Limit one foe put to sleep\n|rule|Illusion Level Mod: Illusion disguises the Pok\u00e9mon's true level\n|\n|t:|1783562048\n|teamsize|p1|6\n|teamsize|p2|6\n|start\n|switch|p1a: Clefable|Clefable, L83, F|100/100\n|switch|p2a: Iron Leaves|Iron Leaves, L80|275/275\n|turn|1\n|inactive|Battle timer is ON: inactive players will automatically lose when time's up. (requested by p0y19060b9b)\n|inactive|p0x19068f63 also wants the timer to be on.\n|\n|t:|1783562050\n|move|p2a: Iron Leaves|Leaf Blade|p1a: Clefable\n|-damage|p1a: Clefable|46/100\n|-damage|p2a: Iron Leaves|248/275|[from] item: Life Orb\n|move|p1a: Clefable|Moonblast|p2a: Iron Leaves\n|-damage|p2a: Iron Leaves|143/275\n|\n|upkeep\n|turn|2\n|inactive|Time left: 300 sec this turn | 300 sec total\n|\n|t:|1783562051\n|switch|p1a: Magnezone|Magnezone, L85|100/100\n|move|p2a: Iron Leaves|Psyblade|p1a: Magnezone\n|-resisted|p1a: Magnezone\n|-damage|p1a: Magnezone|79/100\n|-damage|p2a: Iron Leaves|116/275|[from] item: Life Orb\n|\n|upkeep\n|turn|3\n|inactive|Time left: 300 sec this turn | 300 sec total\n|\n|t:|1783562053\n|move|p1a: Magnezone|Flash Cannon|p2a: Iron Leaves\n|-damage|p2a: Iron Leaves|20/275\n|move|p2a: Iron Leaves|Close Combat|p1a: Magnezone\n|-supereffective|p1a: Magnezone\n|-damage|p1a: Magnezone|0 fnt\n|-unboost|p2a: Iron Leaves|def|1\n|-unboost|p2a: Iron Leaves|spd|1\n|faint|p1a: Magnezone\n|-damage|p2a: Iron Leaves|0 fnt|[from] item: Life Orb\n|faint|p2a: Iron Leaves\n|-end|p2a: Iron Leaves|Quark Drive|[silent]\n|\n|upkeep\n|inactive|Time left: 300 sec this turn | 300 sec total | 5 sec grace\n|\n|t:|1783562053\n|switch|p2a: Cetitan|Cetitan, L82, F|413/413\n|switch|p1a: Heracross|Heracross, L80, F|100/100\n|turn|4\n|inactive|Time left: 300 sec this turn | 300 sec total\n|\n|t:|1783562055\n|move|p1a: Heracross|Close Combat|p2a: Cetitan\n|-supereffective|p2a: Cetitan\n|-crit|p2a: Cetitan\n|-damage|p2a: Cetitan|0 fnt\n|-unboost|p1a: Heracross|def|1\n|-unboost|p1a: Heracross|spd|1\n|faint|p2a: Cetitan\n|-ability|p1a: Heracross|Moxie|boost\n|-boost|p1a: Heracross|atk|1\n|\n|upkeep\n|inactive|Time left: 300 sec this turn | 300 sec total | 5 sec grace\n|\n|t:|1783562056\n|switch|p2a: Skuntank|Skuntank, L84, M|310/310\n|turn|5\n|inactive|Time left: 300 sec this turn | 300 sec total\n|\n|t:|1783562057\n|move|p1a: Heracross|Close Combat|p2a: Skuntank\n|-damage|p2a: Skuntank|39/310\n|-unboost|p1a: Heracross|def|1\n|-unboost|p1a: Heracross|spd|1\n|move|p2a: Skuntank|Gunk Shot|p1a: Heracross\n|-damage|p1a: Heracross|0 fnt\n|faint|p1a: Heracross\n|-damage|p2a: Skuntank|8/310|[from] item: Life Orb\n|\n|upkeep\n|\n|t:|1783562057\n|switch|p1a: Ogerpon|Ogerpon-Cornerstone, L76, F|100/100\n|turn|6\n|inactive|Time left: 300 sec this turn | 300 sec total\n|\n|t:|1783562058\n|move|p1a: Ogerpon|Ivy Cudgel|p2a: Skuntank|[anim] Ivy Cudgel Rock\n|-damage|p2a: Skuntank|0 fnt\n|faint|p2a: Skuntank\n|\n|upkeep\n|inactive|Time left: 300 sec this turn | 300 sec total | 5 sec grace\n|\n|t:|1783562059\n|switch|p2a: Haxorus|Haxorus, L77, F|244/244\n|-ability|p2a: Haxorus|Mold Breaker\n|turn|7\n|inactive|Time left: 300 sec this turn | 300 sec total\n|\n|t:|1783562060\n|move|p1a: Ogerpon|Ivy Cudgel|p2a: Haxorus|[anim] Ivy Cudgel Rock\n|-damage|p2a: Haxorus|114/244\n|move|p2a: Haxorus|Scale Shot|p1a: Ogerpon\n|-damage|p1a: Ogerpon|87/100\n|-damage|p1a: Ogerpon|73/100\n|-damage|p1a: Ogerpon|58/100\n|-damage|p1a: Ogerpon|44/100\n|-hitcount|p1a: Ogerpon|4\n|-unboost|p2a: Haxorus|def|1\n|-boost|p2a: Haxorus|spe|1\n|\n|upkeep\n|turn|8\n|inactive|Time left: 300 sec this turn | 300 sec total\n|\n|t:|1783562061\n|switch|p1a: Urshifu|Urshifu-Rapid-Strike, L75, M|100/100\n|move|p2a: Haxorus|Iron Head|p1a: Urshifu\n|-resisted|p1a: Urshifu\n|-damage|p1a: Urshifu|89/100\n|\n|upkeep\n|turn|9\n|inactive|Time left: 300 sec this turn | 300 sec total\n|\n|t:|1783562062\n|switch|p2a: Dipplin|Dipplin, L88, M|284/284\n|move|p1a: Urshifu|Surging Strikes|p2a: Dipplin\n|-resisted|p2a: Dipplin\n|-crit|p2a: Dipplin\n|-damage|p2a: Dipplin|275/284\n|-resisted|p2a: Dipplin\n|-crit|p2a: Dipplin\n|-damage|p2a: Dipplin|267/284\n|-resisted|p2a: Dipplin\n|-crit|p2a: Dipplin\n|-damage|p2a: Dipplin|259/284\n|-hitcount|p2a: Dipplin|3\n|\n|upkeep\n|turn|10\n|inactive|Time left: 300 sec this turn | 300 sec total\n|\n|t:|1783562063\n|switch|p1a: Clefable|Clefable, L83, F|46/100\n|move|p2a: Dipplin|Giga Drain|p1a: Clefable\n|-crit|p1a: Clefable\n|-damage|p1a: Clefable|2/100\n|-heal|p2a: Dipplin|284/284|[from] drain|[of] p1a: Clefable\n|\n|upkeep\n|turn|11\n|inactive|Time left: 300 sec this turn | 300 sec total\n|\n|t:|1783562064\n|move|p1a: Clefable|Moonlight|p1a: Clefable\n|-heal|p1a: Clefable|52/100\n|move|p2a: Dipplin|Giga Drain|p1a: Clefable\n|-damage|p1a: Clefable|23/100\n|\n|upkeep\n|turn|12\n|inactive|Time left: 300 sec this turn | 300 sec total\n|\n|t:|1783562065\n|move|p1a: Clefable|Moonlight|p1a: Clefable\n|-heal|p1a: Clefable|73/100\n|move|p2a: Dipplin|Giga Drain|p1a: Clefable\n|-damage|p1a: Clefable|44/100\n|\n|upkeep\n|turn|13\n|inactive|Time left: 300 sec this turn | 300 sec total\n|\n|t:|1783562066\n|move|p1a: Clefable|Moonblast|p2a: Dipplin\n|-supereffective|p2a: Dipplin\n|-damage|p2a: Dipplin|118/284\n|move|p2a: Dipplin|Giga Drain|p1a: Clefable\n|-damage|p1a: Clefable|17/100\n|-heal|p2a: Dipplin|158/284|[from] drain|[of] p1a: Clefable\n|\n|upkeep\n|turn|14\n|inactive|Time left: 300 sec this turn | 300 sec total\n|\n|t:|1783562067\n|move|p1a: Clefable|Moonlight|p1a: Clefable\n|-heal|p1a: Clefable|67/100\n|move|p2a: Dipplin|Giga Drain|p1a: Clefable\n|-damage|p1a: Clefable|39/100\n|-heal|p2a: Dipplin|199/284|[from] drain|[of] p1a: Clefable\n|\n|upkeep\n|turn|15\n|inactive|Time left: 300 sec this turn | 300 sec total\n|\n|t:|1783562068\n|move|p1a: Clefable|Moonblast|p2a: Dipplin\n|-supereffective|p2a: Dipplin\n|-damage|p2a: Dipplin|25/284\n|move|p2a: Dipplin|Giga Drain|p1a: Clefable\n|-damage|p1a: Clefable|9/100\n|-heal|p2a: Dipplin|69/284|[from] drain|[of] p1a: Clefable\n|\n|upkeep\n|turn|16\n|inactive|Time left: 300 sec this turn | 300 sec total\n|\n|t:|1783562070\n|move|p1a: Clefable|Moonlight|p1a: Clefable\n|-heal|p1a: Clefable|59/100\n|move|p2a: Dipplin|Giga Drain|p1a: Clefable\n|-damage|p1a: Clefable|30/100\n|-heal|p2a: Dipplin|112/284|[from] drain|[of] p1a: Clefable\n|\n|upkeep\n|turn|17\n|inactive|Time left: 300 sec this turn | 300 sec total\n|\n|t:|1783562071\n|move|p1a: Clefable|Moonblast|p2a: Dipplin\n|-supereffective|p2a: Dipplin\n|-damage|p2a: Dipplin|0 fnt\n|faint|p2a: Dipplin\n|\n|upkeep\n|inactive|Time left: 300 sec this turn | 300 sec total | 5 sec grace\n|\n|t:|1783562072\n|switch|p2a: Corviknight|Corviknight, L80, M|288/288\n|turn|18\n|inactive|Time left: 300 sec this turn | 300 sec total\n|\n|t:|1783562073\n|switch|p1a: Pikachu|Pikachu-Original, L93, F|100/100\n|move|p2a: Corviknight|Brave Bird|p1a: Pikachu\n|-resisted|p1a: Pikachu\n|-damage|p1a: Pikachu|60/100\n|-damage|p2a: Corviknight|259/288|[from] Recoil\n|\n|-heal|p2a: Corviknight|277/288|[from] item: Leftovers\n|upkeep\n|turn|19\n|inactive|Time left: 300 sec this turn | 300 sec total\n|\n|t:|1783562074\n|-terastallize|p2a: Corviknight|Dragon\n|move|p1a: Pikachu|Volt Tackle|p2a: Corviknight\n|-resisted|p2a: Corviknight\n|-damage|p2a: Corviknight|187/288\n|-damage|p1a: Pikachu|46/100|[from] Recoil\n|move|p2a: Corviknight|Body Press|p1a: Pikachu\n|-damage|p1a: Pikachu|9/100\n|\n|-heal|p2a: Corviknight|205/288|[from] item: Leftovers\n|upkeep\n|turn|20\n|inactive|Time left: 300 sec this turn | 300 sec total\n|\n|t:|1783562075\n|move|p1a: Pikachu|Knock Off|p2a: Corviknight\n|-damage|p2a: Corviknight|102/288\n|-enditem|p2a: Corviknight|Leftovers|[from] move: Knock Off|[of] p1a: Pikachu\n|move|p2a: Corviknight|Roost|p2a: Corviknight\n|-heal|p2a: Corviknight|246/288\n|\n|upkeep\n|turn|21\n|inactive|Time left: 300 sec this turn | 300 sec total\n|\n|t:|1783562076\n|move|p1a: Pikachu|Knock Off|p2a: Corviknight\n|-damage|p2a: Corviknight|173/288\n|move|p2a: Corviknight|Roost|p2a: Corviknight\n|-heal|p2a: Corviknight|288/288\n|\n|upkeep\n|turn|22\n|inactive|Time left: 300 sec this turn | 300 sec total\n|\n|t:|1783562077\n|move|p1a: Pikachu|Volt Tackle|p2a: Corviknight\n|-resisted|p2a: Corviknight\n|-damage|p2a: Corviknight|201/288\n|-damage|p1a: Pikachu|0 fnt|[from] Recoil\n|faint|p1a: Pikachu\n|move|p2a: Corviknight|Brave Bird|p1: Pikachu|[notarget]\n|-fail|p2a: Corviknight\n|\n|upkeep\n|\n|t:|1783562077\n|switch|p1a: Urshifu|Urshifu-Rapid-Strike, L75, M|89/100\n|turn|23\n|inactive|Time left: 300 sec this turn | 300 sec total\n|\n|t:|1783562078\n|move|p1a: Urshifu|Close Combat|p2a: Corviknight\n|-damage|p2a: Corviknight|12/288\n|-unboost|p1a: Urshifu|def|1\n|-unboost|p1a: Urshifu|spd|1\n|move|p2a: Corviknight|Roost|p2a: Corviknight\n|-heal|p2a: Corviknight|156/288\n|\n|upkeep\n|turn|24\n|inactive|Time left: 300 sec this turn | 300 sec total\n|\n|t:|1783562079\n|move|p1a: Urshifu|Close Combat|p2a: Corviknight\n|-damage|p2a: Corviknight|0 fnt\n|-unboost|p1a: Urshifu|def|1\n|-unboost|p1a: Urshifu|spd|1\n|faint|p2a: Corviknight\n|\n|upkeep\n|inactive|Time left: 300 sec this turn | 300 sec total | 5 sec grace\n|\n|t:|1783562079\n|switch|p2a: Haxorus|Haxorus, L77, F|114/244\n|-ability|p2a: Haxorus|Mold Breaker\n|turn|25\n|inactive|Time left: 300 sec this turn | 300 sec total\n|\n|t:|1783562080\n|switch|p1a: Ogerpon|Ogerpon-Cornerstone, L76, F|44/100\n|move|p2a: Haxorus|Scale Shot|p1a: Ogerpon\n|-damage|p1a: Ogerpon|29/100\n|-damage|p1a: Ogerpon|16/100\n|-damage|p1a: Ogerpon|1/100\n|-damage|p1a: Ogerpon|0 fnt\n|faint|p1a: Ogerpon\n|-hitcount|p1: Ogerpon|4\n|-unboost|p2a: Haxorus|def|1\n|-boost|p2a: Haxorus|spe|1\n|\n|upkeep\n|\n|t:|1783562081\n|switch|p1a: Urshifu|Urshifu-Rapid-Strike, L75, M|89/100\n|turn|26\n|inactive|Time left: 300 sec this turn | 300 sec total\n|\n|t:|1783562082\n|-terastallize|p1a: Urshifu|Water\n|move|p2a: Haxorus|Iron Head|p1a: Urshifu\n|-resisted|p1a: Urshifu\n|-damage|p1a: Urshifu|76/100\n|cant|p1a: Urshifu|flinch\n|\n|upkeep\n|turn|27\n|inactive|Time left: 300 sec this turn | 300 sec total\n|\n|t:|1783562083\n|move|p2a: Haxorus|Swords Dance|p2a: Haxorus\n|-boost|p2a: Haxorus|atk|2\n|move|p1a: Urshifu|Surging Strikes|p2a: Haxorus\n|-resisted|p2a: Haxorus\n|-crit|p2a: Haxorus\n|-damage|p2a: Haxorus|50/244\n|-resisted|p2a: Haxorus\n|-crit|p2a: Haxorus\n|-damage|p2a: Haxorus|0 fnt\n|faint|p2a: Haxorus\n|-hitcount|p2: Haxorus|2\n|\n|win|p0x19068f63", "uploadtime": 1783562083, "views": 0, "rating": 0, "private": 0, "password": null, "_winner": "p0x19068f63", "_our_name": "p0y19060b9b"}