{"id": "battle-gen9randombattle-2738", "formatid": "gen9randombattle", "format": "[Gen 9] Random Battle", "players": ["p0x2738410f", "p0y273886c6"], "log": "|init|battle\n|title|p0x2738410f vs. p0y273886c6\n|j|\u2606p0x2738410f\n|j|\u2606p0y273886c6\n|t:|1783571558\n|gametype|singles\n|player|p1|p0x2738410f|265|\n|player|p2|p0y273886c6|265|\n|gen|9\n|tier|[Gen 9] Random Battle\n|rule|Species Clause: Limit one of each Pok\u00e9mon\n|rule|HP Percentage Mod: HP is shown in percentages\n|rule|Sleep Clause Mod: Limit one foe put to sleep\n|rule|Illusion Level Mod: Illusion disguises the Pok\u00e9mon's true level\n|\n|t:|1783571558\n|teamsize|p1|6\n|teamsize|p2|6\n|start\n|switch|p1a: Grumpig|Grumpig, L92, M|100/100\n|switch|p2a: Heracross|Heracross, L80, F|259/259\n|turn|1\n|inactive|Battle timer is ON: inactive players will automatically lose when time's up. (requested by p0y273886c6)\n|inactive|p0x2738410f also wants the timer to be on.\n|\n|t:|1783571560\n|move|p2a: Heracross|Megahorn|p1a: Grumpig\n|-supereffective|p1a: Grumpig\n|-damage|p1a: Grumpig|0 fnt\n|faint|p1a: Grumpig\n|-ability|p2a: Heracross|Moxie|boost\n|-boost|p2a: Heracross|atk|1\n|\n|upkeep\n|\n|t:|1783571561\n|switch|p1a: Wigglytuff|Wigglytuff, L96, F|100/100\n|turn|2\n|inactive|Time left: 300 sec this turn | 300 sec total\n|\n|t:|1783571562\n|move|p2a: Heracross|Megahorn|p1a: Wigglytuff|[miss]\n|-miss|p2a: Heracross|p1a: Wigglytuff\n|move|p1a: Wigglytuff|Alluring Voice|p2a: Heracross\n|-supereffective|p2a: Heracross\n|-damage|p2a: Heracross|49/259\n|\n|upkeep\n|turn|3\n|inactive|Time left: 300 sec this turn | 300 sec total\n|\n|t:|1783571563\n|move|p2a: Heracross|Megahorn|p1a: Wigglytuff\n|-resisted|p1a: Wigglytuff\n|-damage|p1a: Wigglytuff|63/100\n|move|p1a: Wigglytuff|Alluring Voice|p2a: Heracross\n|-supereffective|p2a: Heracross\n|-damage|p2a: Heracross|0 fnt\n|faint|p2a: Heracross\n|\n|-heal|p1a: Wigglytuff|69/100|[from] item: Leftovers\n|upkeep\n|inactive|Time left: 300 sec this turn | 300 sec total | 5 sec grace\n|\n|t:|1783571565\n|switch|p2a: Fezandipiti|Fezandipiti, L82, M|278/278\n|turn|4\n|inactive|Time left: 300 sec this turn | 300 sec total\n|\n|t:|1783571566\n|switch|p1a: Conkeldurr|Conkeldurr, L80, M|100/100\n|move|p2a: Fezandipiti|Gunk Shot|p1a: Conkeldurr|[miss]\n|-miss|p2a: Fezandipiti|p1a: Conkeldurr\n|\n|-status|p1a: Conkeldurr|brn|[from] item: Flame Orb\n|upkeep\n|turn|5\n|inactive|Time left: 300 sec this turn | 300 sec total\n|\n|t:|1783571567\n|-terastallize|p1a: Conkeldurr|Normal\n|move|p2a: Fezandipiti|Moonblast|p1a: Conkeldurr\n|-damage|p1a: Conkeldurr|70/100 brn\n|-unboost|p1a: Conkeldurr|spa|1\n|move|p1a: Conkeldurr|Facade|p2a: Fezandipiti\n|-damage|p2a: Fezandipiti|0 fnt\n|faint|p2a: Fezandipiti\n|\n|-damage|p1a: Conkeldurr|64/100 brn|[from] brn\n|upkeep\n|inactive|Time left: 300 sec this turn | 300 sec total | 5 sec grace\n|\n|t:|1783571568\n|switch|p2a: Krookodile|Krookodile, L79, M|280/280\n|-ability|p2a: Krookodile|Intimidate|boost\n|-unboost|p1a: Conkeldurr|atk|1\n|turn|6\n|inactive|Time left: 300 sec this turn | 300 sec total\n|\n|t:|1783571569\n|move|p2a: Krookodile|Stealth Rock|p1a: Conkeldurr\n|-sidestart|p1: p0x2738410f|move: Stealth Rock\n|move|p1a: Conkeldurr|Facade|p2a: Krookodile\n|-damage|p2a: Krookodile|60/280\n|\n|-damage|p1a: Conkeldurr|58/100 brn|[from] brn\n|upkeep\n|turn|7\n|inactive|Time left: 300 sec this turn | 300 sec total\n|\n|t:|1783571570\n|move|p1a: Conkeldurr|Mach Punch|p2a: Krookodile\n|-supereffective|p2a: Krookodile\n|-damage|p2a: Krookodile|0 fnt\n|faint|p2a: Krookodile\n|\n|-damage|p1a: Conkeldurr|52/100 brn|[from] brn\n|upkeep\n|inactive|Time left: 300 sec this turn | 300 sec total | 5 sec grace\n|\n|t:|1783571571\n|switch|p2a: Bellossom|Bellossom, L84, M|263/263\n|turn|8\n|inactive|Time left: 300 sec this turn | 300 sec total\n|\n|t:|1783571571\n|switch|p1a: Wigglytuff|Wigglytuff, L96, F|69/100\n|-damage|p1a: Wigglytuff|56/100|[from] Stealth Rock\n|move|p2a: Bellossom|Quiver Dance|p2a: Bellossom\n|-boost|p2a: Bellossom|spa|1\n|-boost|p2a: Bellossom|spd|1\n|-boost|p2a: Bellossom|spe|1\n|\n|-heal|p1a: Wigglytuff|62/100|[from] item: Leftovers\n|upkeep\n|turn|9\n|inactive|Time left: 300 sec this turn | 300 sec total\n|\n|t:|1783571572\n|move|p2a: Bellossom|Quiver Dance|p2a: Bellossom\n|-boost|p2a: Bellossom|spa|1\n|-boost|p2a: Bellossom|spd|1\n|-boost|p2a: Bellossom|spe|1\n|move|p1a: Wigglytuff|Thunder Wave|p2a: Bellossom\n|-status|p2a: Bellossom|par\n|\n|-heal|p1a: Wigglytuff|68/100|[from] item: Leftovers\n|upkeep\n|turn|10\n|inactive|Time left: 300 sec this turn | 300 sec total\n|\n|t:|1783571573\n|move|p1a: Wigglytuff|Fire Blast|p2a: Bellossom\n|-supereffective|p2a: Bellossom\n|-damage|p2a: Bellossom|181/263 par\n|move|p2a: Bellossom|Sludge Bomb|p1a: Wigglytuff\n|-supereffective|p1a: Wigglytuff\n|-damage|p1a: Wigglytuff|0 fnt\n|faint|p1a: Wigglytuff\n|\n|-heal|p2a: Bellossom|197/263 par|[from] item: Leftovers\n|upkeep\n|\n|t:|1783571574\n|switch|p1a: Cetitan|Cetitan, L82, F|100/100\n|-damage|p1a: Cetitan|75/100|[from] Stealth Rock\n|turn|11\n|inactive|Time left: 300 sec this turn | 300 sec total\n|\n|t:|1783571575\n|-terastallize|p2a: Bellossom|Poison\n|move|p1a: Cetitan|Ice Spinner|p2a: Bellossom\n|-damage|p2a: Bellossom|119/263 par\n|move|p2a: Bellossom|Strength Sap|p1a: Cetitan\n|-unboost|p1a: Cetitan|atk|1\n|-heal|p2a: Bellossom|263/263 par\n|\n|upkeep\n|turn|12\n|inactive|Time left: 300 sec this turn | 300 sec total\n|\n|t:|1783571576\n|move|p1a: Cetitan|Earthquake|p2a: Bellossom\n|-supereffective|p2a: Bellossom\n|-damage|p2a: Bellossom|165/263 par\n|cant|p2a: Bellossom|par\n|\n|-heal|p2a: Bellossom|181/263 par|[from] item: Leftovers\n|upkeep\n|turn|13\n|inactive|Time left: 300 sec this turn | 300 sec total\n|\n|t:|1783571577\n|move|p1a: Cetitan|Earthquake|p2a: Bellossom\n|-supereffective|p2a: Bellossom\n|-damage|p2a: Bellossom|83/263 par\n|move|p2a: Bellossom|Giga Drain|p1a: Cetitan\n|-damage|p1a: Cetitan|20/100\n|-heal|p2a: Bellossom|197/263 par|[from] drain|[of] p1a: Cetitan\n|-enditem|p1a: Cetitan|Sitrus Berry|[eat]\n|-heal|p1a: Cetitan|45/100|[from] item: Sitrus Berry\n|\n|-heal|p2a: Bellossom|213/263 par|[from] item: Leftovers\n|upkeep\n|turn|14\n|inactive|Time left: 300 sec this turn | 300 sec total\n|\n|t:|1783571578\n|move|p1a: Cetitan|Earthquake|p2a: Bellossom\n|-supereffective|p2a: Bellossom\n|-damage|p2a: Bellossom|111/263 par\n|move|p2a: Bellossom|Giga Drain|p1a: Cetitan\n|-damage|p1a: Cetitan|0 fnt\n|-heal|p2a: Bellossom|203/263 par|[from] drain|[of] p1a: Cetitan\n|faint|p1a: Cetitan\n|\n|-heal|p2a: Bellossom|219/263 par|[from] item: Leftovers\n|upkeep\n|\n|t:|1783571580\n|switch|p1a: Conkeldurr|Conkeldurr, L80, M, tera:Normal|52/100 brn\n|-damage|p1a: Conkeldurr|40/100 brn|[from] Stealth Rock\n|turn|15\n|inactive|Time left: 300 sec this turn | 300 sec total\n|\n|t:|1783571581\n|move|p2a: Bellossom|Giga Drain|p1a: Conkeldurr\n|-damage|p1a: Conkeldurr|0 fnt\n|-heal|p2a: Bellossom|263/263 par|[from] drain|[of] p1a: Conkeldurr\n|faint|p1a: Conkeldurr\n|\n|upkeep\n|\n|t:|1783571582\n|switch|p1a: Dragapult|Dragapult, L77, M|100/100\n|-damage|p1a: Dragapult|88/100|[from] Stealth Rock\n|turn|16\n|inactive|Time left: 300 sec this turn | 300 sec total\n|\n|t:|1783571583\n|move|p1a: Dragapult|Shadow Ball|p2a: Bellossom\n|-damage|p2a: Bellossom|212/263 par\n|move|p2a: Bellossom|Sludge Bomb|p1a: Dragapult\n|-resisted|p1a: Dragapult\n|-damage|p1a: Dragapult|47/100\n|\n|-heal|p2a: Bellossom|228/263 par|[from] item: Leftovers\n|upkeep\n|turn|17\n|inactive|Time left: 300 sec this turn | 300 sec total\n|\n|t:|1783571584\n|move|p1a: Dragapult|Shadow Ball|p2a: Bellossom\n|-damage|p2a: Bellossom|177/263 par\n|move|p2a: Bellossom|Sludge Bomb|p1a: Dragapult\n|-resisted|p1a: Dragapult\n|-damage|p1a: Dragapult|3/100\n|\n|-heal|p2a: Bellossom|193/263 par|[from] item: Leftovers\n|upkeep\n|turn|18\n|inactive|Time left: 300 sec this turn | 300 sec total\n|\n|t:|1783571585\n|move|p1a: Dragapult|Shadow Ball|p2a: Bellossom\n|-damage|p2a: Bellossom|147/263 par\n|-unboost|p2a: Bellossom|spd|1\n|move|p2a: Bellossom|Sludge Bomb|p1a: Dragapult\n|-resisted|p1a: Dragapult\n|-damage|p1a: Dragapult|0 fnt\n|faint|p1a: Dragapult\n|\n|-heal|p2a: Bellossom|163/263 par|[from] item: Leftovers\n|upkeep\n|\n|t:|1783571585\n|switch|p1a: Iron Bundle|Iron Bundle, L78|100/100\n|-damage|p1a: Iron Bundle|76/100|[from] Stealth Rock\n|turn|19\n|inactive|Time left: 300 sec this turn | 300 sec total\n|\n|t:|1783571586\n|move|p1a: Iron Bundle|Hydro Pump|p2a: Bellossom\n|-damage|p2a: Bellossom|43/263 par\n|move|p2a: Bellossom|Giga Drain|p1a: Iron Bundle\n|-supereffective|p1a: Iron Bundle\n|-damage|p1a: Iron Bundle|0 fnt\n|-heal|p2a: Bellossom|124/263 par|[from] drain|[of] p1a: Iron Bundle\n|faint|p1a: Iron Bundle\n|-end|p1a: Iron Bundle|Quark Drive|[silent]\n|\n|win|p0y273886c6", "uploadtime": 1783571586, "views": 0, "rating": 0, "private": 0, "password": null, "_winner": "p0y273886c6", "_our_name": "p0y273886c6"}