{"id": "battle-gen9randombattle-2927", "formatid": "gen9randombattle", "format": "[Gen 9] Random Battle", "players": ["p0x2927eb39", "p0y2927bb9c"], "log": "|init|battle\n|title|p0x2927eb39 vs. p0y2927bb9c\n|j|\u2606p0x2927eb39\n|j|\u2606p0y2927bb9c\n|t:|1783573694\n|gametype|singles\n|player|p1|p0x2927eb39|102|\n|player|p2|p0y2927bb9c|102|\n|gen|9\n|tier|[Gen 9] Random Battle\n|rule|Species Clause: Limit one of each Pok\u00e9mon\n|rule|HP Percentage Mod: HP is shown in percentages\n|rule|Sleep Clause Mod: Limit one foe put to sleep\n|rule|Illusion Level Mod: Illusion disguises the Pok\u00e9mon's true level\n|\n|t:|1783573694\n|teamsize|p1|6\n|teamsize|p2|6\n|start\n|switch|p1a: Keldeo|Keldeo-Resolute, L79|273/273\n|switch|p2a: Komala|Komala, L87, M|100/100\n|-ability|p2a: Komala|Comatose\n|turn|1\n|inactive|Battle timer is ON: inactive players will automatically lose when time's up. (requested by p0x2927eb39)\n|inactive|p0y2927bb9c also wants the timer to be on.\n|\n|t:|1783573695\n|move|p1a: Keldeo|Secret Sword|p2a: Komala\n|-supereffective|p2a: Komala\n|-damage|p2a: Komala|0 fnt\n|faint|p2a: Komala\n|-damage|p1a: Keldeo|246/273|[from] item: Life Orb\n|\n|upkeep\n|\n|t:|1783573697\n|switch|p2a: Gardevoir|Gardevoir, L83, F|100/100\n|-ability|p2a: Gardevoir|Justified|Trace|[from] ability: Trace|[of] p1a: Keldeo\n|turn|2\n|inactive|Time left: 300 sec this turn | 300 sec total\n|\n|t:|1783573698\n|switch|p1a: Primarina|Primarina, L83, F|268/268\n|move|p2a: Gardevoir|Moonblast|p1a: Primarina\n|-damage|p1a: Primarina|150/268\n|-damage|p2a: Gardevoir|91/100|[from] item: Life Orb\n|\n|-heal|p1a: Primarina|166/268|[from] item: Leftovers\n|upkeep\n|turn|3\n|inactive|Time left: 300 sec this turn | 300 sec total\n|\n|t:|1783573699\n|move|p2a: Gardevoir|Psyshock|p1a: Primarina\n|-damage|p1a: Primarina|13/268\n|-damage|p2a: Gardevoir|81/100|[from] item: Life Orb\n|move|p1a: Primarina|Sparkling Aria|p2a: Gardevoir\n|-damage|p2a: Gardevoir|21/100\n|\n|-heal|p1a: Primarina|29/268|[from] item: Leftovers\n|upkeep\n|turn|4\n|inactive|Time left: 300 sec this turn | 300 sec total\n|\n|t:|1783573701\n|move|p2a: Gardevoir|Moonblast|p1a: Primarina\n|-damage|p1a: Primarina|0 fnt\n|faint|p1a: Primarina\n|-damage|p2a: Gardevoir|11/100|[from] item: Life Orb\n|\n|upkeep\n|inactive|Time left: 300 sec this turn | 300 sec total | 5 sec grace\n|\n|t:|1783573702\n|switch|p1a: Polteageist|Polteageist-Antique, L78|222/222\n|turn|5\n|inactive|Time left: 300 sec this turn | 300 sec total\n|\n|t:|1783573703\n|switch|p2a: Glastrier|Glastrier, L86|100/100\n|move|p1a: Polteageist|Shell Smash|p1a: Polteageist\n|-unboost|p1a: Polteageist|def|1\n|-unboost|p1a: Polteageist|spd|1\n|-boost|p1a: Polteageist|atk|2\n|-boost|p1a: Polteageist|spa|2\n|-boost|p1a: Polteageist|spe|2\n|-enditem|p1a: Polteageist|White Herb\n|-clearnegativeboost|p1a: Polteageist|[silent]\n|\n|upkeep\n|turn|6\n|inactive|Time left: 300 sec this turn | 300 sec total\n|\n|t:|1783573704\n|move|p1a: Polteageist|Stored Power|p2a: Glastrier\n|-damage|p2a: Glastrier|40/100\n|move|p2a: Glastrier|Heavy Slam|p1a: Polteageist\n|-damage|p1a: Polteageist|0 fnt\n|faint|p1a: Polteageist\n|-ability|p2a: Glastrier|Chilling Neigh|boost\n|-boost|p2a: Glastrier|atk|1\n|\n|upkeep\n|inactive|Time left: 300 sec this turn | 300 sec total | 5 sec grace\n|\n|t:|1783573705\n|switch|p1a: Keldeo|Keldeo-Resolute, L79|246/273\n|turn|7\n|inactive|Time left: 300 sec this turn | 300 sec total\n|\n|t:|1783573706\n|move|p1a: Keldeo|Secret Sword|p2a: Glastrier\n|-supereffective|p2a: Glastrier\n|-damage|p2a: Glastrier|0 fnt\n|faint|p2a: Glastrier\n|-damage|p1a: Keldeo|219/273|[from] item: Life Orb\n|\n|upkeep\n|\n|t:|1783573707\n|switch|p2a: Spectrier|Spectrier, L75|100/100\n|turn|8\n|inactive|Time left: 300 sec this turn | 300 sec total\n|\n|t:|1783573708\n|move|p2a: Spectrier|Shadow Ball|p1a: Keldeo\n|-damage|p1a: Keldeo|111/273\n|move|p1a: Keldeo|Calm Mind|p1a: Keldeo\n|-boost|p1a: Keldeo|spa|1\n|-boost|p1a: Keldeo|spd|1\n|\n|upkeep\n|turn|9\n|inactive|Time left: 300 sec this turn | 300 sec total\n|\n|t:|1783573709\n|move|p2a: Spectrier|Substitute|p2a: Spectrier\n|-start|p2a: Spectrier|Substitute\n|-damage|p2a: Spectrier|76/100\n|move|p1a: Keldeo|Hydro Pump|p2a: Spectrier\n|-end|p2a: Spectrier|Substitute\n|-damage|p1a: Keldeo|84/273|[from] item: Life Orb\n|\n|-heal|p2a: Spectrier|82/100|[from] item: Leftovers\n|upkeep\n|turn|10\n|inactive|Time left: 300 sec this turn | 300 sec total\n|\n|t:|1783573710\n|move|p2a: Spectrier|Substitute|p2a: Spectrier\n|-start|p2a: Spectrier|Substitute\n|-damage|p2a: Spectrier|57/100\n|move|p1a: Keldeo|Hydro Pump|p2a: Spectrier\n|-end|p2a: Spectrier|Substitute\n|-damage|p1a: Keldeo|57/273|[from] item: Life Orb\n|\n|-heal|p2a: Spectrier|63/100|[from] item: Leftovers\n|upkeep\n|turn|11\n|inactive|Time left: 300 sec this turn | 300 sec total\n|\n|t:|1783573712\n|switch|p1a: Cinccino|Cinccino, L83, M|260/260\n|move|p2a: Spectrier|Shadow Ball|p1a: Cinccino\n|-immune|p1a: Cinccino\n|\n|-heal|p2a: Spectrier|69/100|[from] item: Leftovers\n|upkeep\n|turn|12\n|inactive|Time left: 300 sec this turn | 300 sec total\n|\n|t:|1783573713\n|-terastallize|p2a: Spectrier|Fighting\n|move|p2a: Spectrier|Tera Blast|p1a: Cinccino|[anim] Tera Blast Fighting\n|-supereffective|p1a: Cinccino\n|-damage|p1a: Cinccino|0 fnt\n|faint|p1a: Cinccino\n|-ability|p2a: Spectrier|Grim Neigh|boost\n|-boost|p2a: Spectrier|spa|1\n|\n|-heal|p2a: Spectrier|76/100|[from] item: Leftovers\n|upkeep\n|inactive|Time left: 300 sec this turn | 300 sec total | 5 sec grace\n|\n|t:|1783573714\n|switch|p1a: Piloswine|Piloswine, L85, M|309/309\n|turn|13\n|inactive|Time left: 300 sec this turn | 300 sec total\n|\n|t:|1783573715\n|-terastallize|p1a: Piloswine|Poison\n|move|p2a: Spectrier|Tera Blast|p1a: Piloswine|[anim] Tera Blast Fighting\n|-resisted|p1a: Piloswine\n|-damage|p1a: Piloswine|252/309\n|move|p1a: Piloswine|Earthquake|p2a: Spectrier\n|-damage|p2a: Spectrier|19/100\n|\n|-heal|p2a: Spectrier|25/100|[from] item: Leftovers\n|upkeep\n|turn|14\n|inactive|Time left: 300 sec this turn | 300 sec total\n|\n|t:|1783573716\n|move|p2a: Spectrier|Shadow Ball|p1a: Piloswine\n|-damage|p1a: Piloswine|131/309\n|move|p1a: Piloswine|Earthquake|p2a: Spectrier\n|-crit|p2a: Spectrier\n|-damage|p2a: Spectrier|0 fnt\n|faint|p2a: Spectrier\n|\n|upkeep\n|\n|t:|1783573717\n|switch|p2a: Mudsdale|Mudsdale, L83, F|100/100\n|turn|15\n|inactive|Time left: 300 sec this turn | 300 sec total\n|\n|t:|1783573718\n|move|p1a: Piloswine|Icicle Crash|p2a: Mudsdale\n|-supereffective|p2a: Mudsdale\n|-damage|p2a: Mudsdale|47/100\n|-ability|p2a: Mudsdale|Stamina|boost\n|-boost|p2a: Mudsdale|def|1\n|move|p2a: Mudsdale|Earthquake|p1a: Piloswine\n|-supereffective|p1a: Piloswine\n|-damage|p1a: Piloswine|0 fnt\n|faint|p1a: Piloswine\n|\n|-heal|p2a: Mudsdale|53/100|[from] item: Leftovers\n|upkeep\n|inactive|Time left: 300 sec this turn | 300 sec total | 5 sec grace\n|\n|t:|1783573719\n|switch|p1a: Keldeo|Keldeo-Resolute, L79|57/273\n|turn|16\n|inactive|Time left: 300 sec this turn | 300 sec total\n|\n|t:|1783573720\n|switch|p2a: Gardevoir|Gardevoir, L83, F|11/100\n|-ability|p2a: Gardevoir|Justified|Trace|[from] ability: Trace|[of] p1a: Keldeo\n|move|p1a: Keldeo|Hydro Pump|p2a: Gardevoir\n|-damage|p2a: Gardevoir|0 fnt\n|faint|p2a: Gardevoir\n|-damage|p1a: Keldeo|30/273|[from] item: Life Orb\n|\n|upkeep\n|\n|t:|1783573720\n|switch|p2a: Skuntank|Skuntank, L84, F|100/100\n|turn|17\n|inactive|Time left: 300 sec this turn | 300 sec total\n|\n|t:|1783573721\n|move|p1a: Keldeo|Hydro Pump|p2a: Skuntank\n|-damage|p2a: Skuntank|36/100\n|-damage|p1a: Keldeo|3/273|[from] item: Life Orb\n|move|p2a: Skuntank|Knock Off|p1a: Keldeo\n|-resisted|p1a: Keldeo\n|-damage|p1a: Keldeo|0 fnt\n|-enditem|p1a: Keldeo|Life Orb|[from] move: Knock Off|[of] p2a: Skuntank\n|faint|p1a: Keldeo\n|-damage|p2a: Skuntank|26/100|[from] item: Life Orb\n|\n|upkeep\n|inactive|Time left: 300 sec this turn | 300 sec total | 5 sec grace\n|\n|t:|1783573722\n|switch|p1a: Lucario|Lucario, L84, M|255/255\n|turn|18\n|inactive|Time left: 300 sec this turn | 300 sec total\n|\n|t:|1783573723\n|move|p1a: Lucario|Close Combat|p2a: Skuntank\n|-crit|p2a: Skuntank\n|-damage|p2a: Skuntank|0 fnt\n|-unboost|p1a: Lucario|def|1\n|-unboost|p1a: Lucario|spd|1\n|-damage|p1a: Lucario|192/255|[from] ability: Aftermath|[of] p2a: Skuntank\n|faint|p2a: Skuntank\n|-damage|p1a: Lucario|167/255|[from] item: Life Orb\n|\n|upkeep\n|\n|t:|1783573724\n|switch|p2a: Mudsdale|Mudsdale, L83, F|53/100\n|turn|19\n|inactive|Time left: 300 sec this turn | 300 sec total\n|\n|t:|1783573725\n|move|p1a: Lucario|Close Combat|p2a: Mudsdale\n|-damage|p2a: Mudsdale|0 fnt\n|-unboost|p1a: Lucario|def|1\n|-unboost|p1a: Lucario|spd|1\n|faint|p2a: Mudsdale\n|-damage|p1a: Lucario|142/255|[from] item: Life Orb\n|\n|win|p0x2927eb39", "uploadtime": 1783573725, "views": 0, "rating": 0, "private": 0, "password": null, "_winner": "p0x2927eb39", "_our_name": "p0x2927eb39"}