{"id": "battle-gen9randombattle-674", "formatid": "gen9randombattle", "format": "[Gen 9] Random Battle", "players": ["p0x6734b17", "p0y6738b99"], "log": "|init|battle\n|title|p0x6734b17 vs. p0y6738b99\n|j|\u2606p0x6734b17\n|j|\u2606p0y6738b99\n|t:|1783546949\n|gametype|singles\n|player|p1|p0x6734b17|265|\n|player|p2|p0y6738b99|2|\n|gen|9\n|tier|[Gen 9] Random Battle\n|rule|Species Clause: Limit one of each Pok\u00e9mon\n|rule|HP Percentage Mod: HP is shown in percentages\n|rule|Sleep Clause Mod: Limit one foe put to sleep\n|rule|Illusion Level Mod: Illusion disguises the Pok\u00e9mon's true level\n|\n|t:|1783546949\n|teamsize|p1|6\n|teamsize|p2|6\n|start\n|switch|p1a: Kommo-o|Kommo-o, L77, F|100/100\n|switch|p2a: Swalot|Swalot, L90, F|326/326\n|turn|1\n|inactive|Battle timer is ON: inactive players will automatically lose when time's up. (requested by p0x6734b17)\n|inactive|Time left: 300 sec this turn | 300 sec total | 60 sec grace\n|inactive|p0y6738b99 also wants the timer to be on.\n|\n|t:|1783546951\n|move|p1a: Kommo-o|Swords Dance|p1a: Kommo-o\n|-boost|p1a: Kommo-o|atk|2\n|move|p2a: Swalot|Gunk Shot|p1a: Kommo-o\n|-damage|p1a: Kommo-o|60/100\n|-status|p1a: Kommo-o|psn\n|\n|-damage|p1a: Kommo-o|47/100 psn|[from] psn\n|upkeep\n|turn|2\n|inactive|Time left: 300 sec this turn | 300 sec total\n|\n|t:|1783546952\n|move|p1a: Kommo-o|Scale Shot|p2a: Swalot\n|-damage|p2a: Swalot|274/326\n|-damage|p2a: Swalot|223/326\n|-damage|p2a: Swalot|177/326\n|-damage|p2a: Swalot|128/326\n|-damage|p2a: Swalot|77/326\n|-hitcount|p2a: Swalot|5\n|-unboost|p1a: Kommo-o|def|1\n|-boost|p1a: Kommo-o|spe|1\n|move|p2a: Swalot|Earthquake|p1a: Kommo-o\n|-damage|p1a: Kommo-o|13/100 psn\n|\n|-heal|p2a: Swalot|97/326|[from] item: Leftovers\n|-damage|p1a: Kommo-o|1/100 psn|[from] psn\n|upkeep\n|turn|3\n|inactive|Time left: 300 sec this turn | 300 sec total\n|\n|t:|1783546953\n|switch|p2a: Oranguru|Oranguru, L92, F|315/315\n|move|p1a: Kommo-o|Close Combat|p2a: Oranguru\n|-damage|p2a: Oranguru|95/315\n|-unboost|p1a: Kommo-o|def|1\n|-unboost|p1a: Kommo-o|spd|1\n|\n|-heal|p2a: Oranguru|114/315|[from] item: Leftovers\n|-damage|p1a: Kommo-o|0 fnt|[from] psn\n|faint|p1a: Kommo-o\n|upkeep\n|\n|t:|1783546954\n|switch|p1a: Calyrex|Calyrex-Ice, L72|100/100\n|-ability|p1a: Calyrex|As One\n|-ability|p1a: Calyrex|Unnerve\n|turn|4\n|inactive|Time left: 300 sec this turn | 300 sec total\n|\n|t:|1783546955\n|switch|p2a: Piloswine|Piloswine, L85, F|309/309\n|move|p1a: Calyrex|Glacial Lance|p2a: Piloswine\n|-damage|p2a: Piloswine|260/309\n|\n|upkeep\n|turn|5\n|inactive|Time left: 300 sec this turn | 300 sec total\n|\n|t:|1783546957\n|move|p2a: Piloswine|Earthquake|p1a: Calyrex\n|-damage|p1a: Calyrex|70/100\n|move|p1a: Calyrex|Glacial Lance|p2a: Piloswine\n|-damage|p2a: Piloswine|206/309\n|\n|upkeep\n|turn|6\n|inactive|Time left: 300 sec this turn | 300 sec total\n|\n|t:|1783546957\n|move|p2a: Piloswine|Earthquake|p1a: Calyrex\n|-damage|p1a: Calyrex|37/100\n|move|p1a: Calyrex|Glacial Lance|p2a: Piloswine\n|-damage|p2a: Piloswine|149/309\n|\n|upkeep\n|turn|7\n|inactive|Time left: 300 sec this turn | 300 sec total\n|\n|t:|1783546958\n|move|p2a: Piloswine|Earthquake|p1a: Calyrex\n|-damage|p1a: Calyrex|7/100\n|move|p1a: Calyrex|Glacial Lance|p2a: Piloswine\n|-damage|p2a: Piloswine|94/309\n|\n|upkeep\n|turn|8\n|inactive|Time left: 300 sec this turn | 300 sec total\n|\n|t:|1783546959\n|move|p2a: Piloswine|Earthquake|p1a: Calyrex\n|-damage|p1a: Calyrex|0 fnt\n|faint|p1a: Calyrex\n|\n|upkeep\n|\n|t:|1783546960\n|switch|p1a: Cacturne|Cacturne, L92, F|100/100\n|turn|9\n|inactive|Time left: 300 sec this turn | 300 sec total\n|\n|t:|1783546961\n|move|p2a: Piloswine|Ice Shard|p1a: Cacturne\n|-supereffective|p1a: Cacturne\n|-damage|p1a: Cacturne|64/100\n|move|p1a: Cacturne|Knock Off|p2a: Piloswine\n|-damage|p2a: Piloswine|0 fnt\n|-enditem|p2a: Piloswine|Eviolite|[from] move: Knock Off|[of] p1a: Cacturne\n|faint|p2a: Piloswine\n|-damage|p1a: Cacturne|54/100|[from] item: Life Orb\n|\n|upkeep\n|inactive|Time left: 300 sec this turn | 300 sec total | 5 sec grace\n|\n|t:|1783546962\n|switch|p2a: Cinccino|Cinccino, L83, M|260/260\n|turn|10\n|inactive|Time left: 300 sec this turn | 300 sec total\n|\n|t:|1783546963\n|switch|p1a: Ceruledge|Ceruledge, L78, F|100/100\n|move|p2a: Cinccino|U-turn|p1a: Ceruledge\n|-resisted|p1a: Ceruledge\n|-damage|p1a: Ceruledge|94/100\n|-ability|p1a: Ceruledge|Weak Armor|boost\n|-unboost|p1a: Ceruledge|def|1\n|-boost|p1a: Ceruledge|spe|2\n|inactive|Time left: 300 sec this turn | 300 sec total | 5 sec grace\n|\n|t:|1783546964\n|switch|p2a: Morpeko|Morpeko, L88, M|245/245|[from] U-turn\n|\n|-formechange|p2a: Morpeko|Morpeko-Hangry||[from] ability: Hunger Switch\n|upkeep\n|turn|11\n|inactive|Time left: 300 sec this turn | 300 sec total\n|\n|t:|1783546965\n|switch|p1a: Rillaboom|Rillaboom, L79, M|100/100\n|-fieldstart|move: Grassy Terrain|[from] ability: Grassy Surge|[of] p1a: Rillaboom\n|move|p2a: Morpeko|Aura Wheel|p1a: Rillaboom\n|-damage|p1a: Rillaboom|55/100\n|-boost|p2a: Morpeko|spe|1\n|\n|-heal|p1a: Rillaboom|62/100|[from] Grassy Terrain\n|-formechange|p2a: Morpeko|Morpeko||[from] ability: Hunger Switch\n|upkeep\n|turn|12\n|inactive|Time left: 300 sec this turn | 300 sec total\n|\n|t:|1783546966\n|move|p2a: Morpeko|Parting Shot|p1a: Rillaboom\n|-unboost|p1a: Rillaboom|atk|1\n|-unboost|p1a: Rillaboom|spa|1\n|inactive|Time left: 300 sec this turn | 300 sec total | 5 sec grace\n|\n|t:|1783546967\n|switch|p2a: Swalot|Swalot, L90, F|97/326|[from] Parting Shot\n|move|p1a: Rillaboom|Swords Dance|p1a: Rillaboom\n|-boost|p1a: Rillaboom|atk|2\n|\n|-heal|p1a: Rillaboom|68/100|[from] Grassy Terrain\n|-heal|p2a: Swalot|117/326|[from] Grassy Terrain\n|-heal|p2a: Swalot|137/326|[from] item: Leftovers\n|upkeep\n|turn|13\n|inactive|Time left: 300 sec this turn | 300 sec total\n|\n|t:|1783546968\n|move|p1a: Rillaboom|Wood Hammer|p2a: Swalot\n|-resisted|p2a: Swalot\n|-damage|p2a: Swalot|0 fnt\n|faint|p2a: Swalot\n|-damage|p1a: Rillaboom|52/100|[from] Recoil\n|-damage|p1a: Rillaboom|43/100|[from] item: Life Orb\n|\n|-heal|p1a: Rillaboom|49/100|[from] Grassy Terrain\n|upkeep\n|inactive|Time left: 300 sec this turn | 300 sec total | 5 sec grace\n|\n|t:|1783546969\n|switch|p2a: Sunflora|Sunflora, M|312/312\n|turn|14\n|inactive|Time left: 300 sec this turn | 300 sec total\n|\n|t:|1783546970\n|move|p1a: Rillaboom|Knock Off|p2a: Sunflora\n|-damage|p2a: Sunflora|133/312\n|-enditem|p2a: Sunflora|Life Orb|[from] move: Knock Off|[of] p1a: Rillaboom\n|-damage|p1a: Rillaboom|39/100|[from] item: Life Orb\n|move|p2a: Sunflora|Solar Beam||[still]\n|-prepare|p2a: Sunflora|Solar Beam\n|\n|-heal|p1a: Rillaboom|45/100|[from] Grassy Terrain\n|-heal|p2a: Sunflora|152/312|[from] Grassy Terrain\n|upkeep\n|turn|15\n|inactive|Time left: 300 sec this turn | 300 sec total\n|\n|t:|1783546971\n|move|p1a: Rillaboom|Wood Hammer|p2a: Sunflora\n|-resisted|p2a: Sunflora\n|-damage|p2a: Sunflora|0 fnt\n|faint|p2a: Sunflora\n|-damage|p1a: Rillaboom|28/100|[from] Recoil\n|-damage|p1a: Rillaboom|18/100|[from] item: Life Orb\n|\n|-heal|p1a: Rillaboom|24/100|[from] Grassy Terrain\n|-fieldend|move: Grassy Terrain\n|upkeep\n|inactive|Time left: 300 sec this turn | 300 sec total | 5 sec grace\n|\n|t:|1783546972\n|switch|p2a: Morpeko|Morpeko, L88, M|245/245\n|turn|16\n|inactive|Time left: 300 sec this turn | 300 sec total\n|\n|t:|1783546973\n|-terastallize|p2a: Morpeko|Electric\n|move|p2a: Morpeko|Aura Wheel|p1a: Rillaboom\n|-resisted|p1a: Rillaboom\n|-damage|p1a: Rillaboom|0 fnt\n|-boost|p2a: Morpeko|spe|1\n|faint|p1a: Rillaboom\n|\n|upkeep\n|\n|t:|1783546974\n|switch|p1a: Cacturne|Cacturne, L92, F|54/100\n|turn|17\n|inactive|Time left: 300 sec this turn | 300 sec total\n|\n|t:|1783546975\n|move|p2a: Morpeko|Protect|p2a: Morpeko\n|-singleturn|p2a: Morpeko|Protect\n|move|p1a: Cacturne|Knock Off|p2a: Morpeko\n|-activate|p2a: Morpeko|move: Protect\n|\n|upkeep\n|turn|18\n|inactive|Time left: 300 sec this turn | 300 sec total\n|\n|t:|1783546976\n|move|p2a: Morpeko|Parting Shot|p1a: Cacturne\n|-unboost|p1a: Cacturne|atk|1\n|-unboost|p1a: Cacturne|spa|1\n|inactive|Time left: 300 sec this turn | 300 sec total | 5 sec grace\n|\n|t:|1783546977\n|switch|p2a: Oranguru|Oranguru, L92, F|114/315|[from] Parting Shot\n|move|p1a: Cacturne|Knock Off|p2a: Oranguru\n|-supereffective|p2a: Oranguru\n|-damage|p2a: Oranguru|0 fnt\n|-enditem|p2a: Oranguru|Leftovers|[from] move: Knock Off|[of] p1a: Cacturne\n|faint|p2a: Oranguru\n|-damage|p1a: Cacturne|44/100|[from] item: Life Orb\n|\n|upkeep\n|inactive|Time left: 300 sec this turn | 300 sec total | 10 sec grace\n|\n|t:|1783546978\n|switch|p2a: Morpeko|Morpeko, L88, M, tera:Electric|245/245\n|turn|19\n|inactive|Time left: 300 sec this turn | 300 sec total\n|\n|t:|1783546980\n|move|p2a: Morpeko|Aura Wheel|p1a: Cacturne\n|-resisted|p1a: Cacturne\n|-damage|p1a: Cacturne|6/100\n|-boost|p2a: Morpeko|spe|1\n|move|p1a: Cacturne|Knock Off|p2a: Morpeko\n|-damage|p2a: Morpeko|89/245\n|-enditem|p2a: Morpeko|Heavy-Duty Boots|[from] move: Knock Off|[of] p1a: Cacturne\n|-damage|p1a: Cacturne|0 fnt|[from] item: Life Orb\n|faint|p1a: Cacturne\n|\n|upkeep\n|\n|t:|1783546981\n|switch|p1a: Ceruledge|Ceruledge, L78, F|94/100\n|turn|20\n|inactive|Time left: 300 sec this turn | 300 sec total\n|\n|t:|1783546982\n|move|p2a: Morpeko|Protect|p2a: Morpeko\n|-singleturn|p2a: Morpeko|Protect\n|move|p1a: Ceruledge|Bitter Blade|p2a: Morpeko\n|-activate|p2a: Morpeko|move: Protect\n|\n|upkeep\n|turn|21\n|inactive|Time left: 300 sec this turn | 300 sec total\n|\n|t:|1783546983\n|move|p2a: Morpeko|Parting Shot|p1a: Ceruledge\n|-unboost|p1a: Ceruledge|atk|1\n|-unboost|p1a: Ceruledge|spa|1\n|inactive|Time left: 300 sec this turn | 300 sec total | 5 sec grace\n|\n|t:|1783546984\n|switch|p2a: Cinccino|Cinccino, L83, M|260/260|[from] Parting Shot\n|move|p1a: Ceruledge|Bitter Blade|p2a: Cinccino\n|-damage|p2a: Cinccino|170/260\n|-heal|p1a: Ceruledge|100/100|[from] drain|[of] p2a: Cinccino\n|\n|upkeep\n|turn|22\n|inactive|Time left: 300 sec this turn | 300 sec total\n|\n|t:|1783546985\n|switch|p2a: Morpeko|Morpeko, L88, M, tera:Electric|89/245\n|move|p1a: Ceruledge|Swords Dance|p1a: Ceruledge\n|-boost|p1a: Ceruledge|atk|2\n|\n|upkeep\n|turn|23\n|inactive|Time left: 300 sec this turn | 300 sec total\n|\n|t:|1783546986\n|-terastallize|p1a: Ceruledge|Ghost\n|move|p2a: Morpeko|Protect|p2a: Morpeko\n|-singleturn|p2a: Morpeko|Protect\n|move|p1a: Ceruledge|Shadow Sneak|p2a: Morpeko\n|-activate|p2a: Morpeko|move: Protect\n|\n|upkeep\n|turn|24\n|inactive|Time left: 300 sec this turn | 300 sec total\n|\n|t:|1783546987\n|switch|p2a: Cinccino|Cinccino, L83, M|170/260\n|move|p1a: Ceruledge|Shadow Sneak|p2a: Cinccino\n|-immune|p2a: Cinccino\n|\n|upkeep\n|turn|25\n|inactive|Time left: 300 sec this turn | 300 sec total\n|\n|t:|1783546988\n|move|p2a: Cinccino|Tail Slap|p1a: Ceruledge\n|-immune|p1a: Ceruledge\n|move|p1a: Ceruledge|Bitter Blade|p2a: Cinccino\n|-damage|p2a: Cinccino|0 fnt\n|faint|p2a: Cinccino\n|\n|upkeep\n|inactive|Time left: 300 sec this turn | 300 sec total | 5 sec grace\n|\n|t:|1783546989\n|switch|p2a: Morpeko|Morpeko, L88, M, tera:Electric|89/245\n|turn|26\n|inactive|Time left: 300 sec this turn | 300 sec total\n|\n|t:|1783546990\n|move|p2a: Morpeko|Protect|p2a: Morpeko\n|-singleturn|p2a: Morpeko|Protect\n|move|p1a: Ceruledge|Shadow Sneak|p2a: Morpeko\n|-activate|p2a: Morpeko|move: Protect\n|\n|upkeep\n|turn|27\n|inactive|Time left: 300 sec this turn | 300 sec total\n|\n|t:|1783546991\n|move|p2a: Morpeko|Protect||[still]\n|-fail|p2a: Morpeko\n|move|p1a: Ceruledge|Shadow Sneak|p2a: Morpeko\n|-damage|p2a: Morpeko|0 fnt\n|faint|p2a: Morpeko\n|\n|win|p0x6734b17", "uploadtime": 1783546991, "views": 0, "rating": 0, "private": 0, "password": null, "_winner": "p0x6734b17", "_our_name": "p0y6738b99"}