{"id": "battle-gen9randombattle-1792", "formatid": "gen9randombattle", "format": "[Gen 9] Random Battle", "players": ["p0x17920fe4", "p0y1792a7aa"], "log": "|init|battle\n|title|p0x17920fe4 vs. p0y1792a7aa\n|j|\u2606p0x17920fe4\n|j|\u2606p0y1792a7aa\n|t:|1783560756\n|gametype|singles\n|player|p1|p0x17920fe4|169|\n|player|p2|p0y1792a7aa|265|\n|gen|9\n|tier|[Gen 9] Random Battle\n|rule|Species Clause: Limit one of each Pok\u00e9mon\n|rule|HP Percentage Mod: HP is shown in percentages\n|rule|Sleep Clause Mod: Limit one foe put to sleep\n|rule|Illusion Level Mod: Illusion disguises the Pok\u00e9mon's true level\n|\n|t:|1783560756\n|teamsize|p1|6\n|teamsize|p2|6\n|start\n|switch|p1a: Clawitzer|Clawitzer, L87, F|100/100\n|switch|p2a: Golurk|Golurk, L87|297/297\n|turn|1\n|inactive|Battle timer is ON: inactive players will automatically lose when time's up. (requested by p0y1792a7aa)\n|inactive|p0x17920fe4 also wants the timer to be on.\n|\n|t:|1783560758\n|switch|p2a: Lurantis|Lurantis, L87, F|264/264\n|move|p1a: Clawitzer|Water Pulse|p2a: Lurantis\n|-resisted|p2a: Lurantis\n|-damage|p2a: Lurantis|175/264\n|-start|p2a: Lurantis|confusion\n|\n|-heal|p2a: Lurantis|191/264|[from] item: Leftovers\n|upkeep\n|turn|2\n|inactive|Time left: 300 sec this turn | 300 sec total\n|\n|t:|1783560759\n|move|p1a: Clawitzer|Water Pulse|p2a: Lurantis\n|-resisted|p2a: Lurantis\n|-damage|p2a: Lurantis|111/264\n|-activate|p2a: Lurantis|confusion\n|move|p2a: Lurantis|Leaf Storm|p1a: Clawitzer\n|-supereffective|p1a: Clawitzer\n|-damage|p1a: Clawitzer|1/100\n|-boost|p2a: Lurantis|spa|2\n|\n|-heal|p2a: Lurantis|127/264|[from] item: Leftovers\n|upkeep\n|turn|3\n|inactive|Time left: 300 sec this turn | 300 sec total\n|\n|t:|1783560760\n|move|p1a: Clawitzer|Water Pulse|p2a: Lurantis\n|-resisted|p2a: Lurantis\n|-damage|p2a: Lurantis|37/264\n|-end|p2a: Lurantis|confusion\n|move|p2a: Lurantis|Synthesis|p2a: Lurantis\n|-heal|p2a: Lurantis|169/264\n|\n|-heal|p2a: Lurantis|185/264|[from] item: Leftovers\n|upkeep\n|turn|4\n|inactive|Time left: 300 sec this turn | 300 sec total\n|\n|t:|1783560761\n|move|p1a: Clawitzer|Water Pulse|p2a: Lurantis\n|-resisted|p2a: Lurantis\n|-crit|p2a: Lurantis\n|-damage|p2a: Lurantis|47/264\n|move|p2a: Lurantis|Superpower|p1a: Clawitzer\n|-damage|p1a: Clawitzer|0 fnt\n|-boost|p2a: Lurantis|atk|1\n|-boost|p2a: Lurantis|def|1\n|faint|p1a: Clawitzer\n|\n|-heal|p2a: Lurantis|63/264|[from] item: Leftovers\n|upkeep\n|\n|t:|1783560762\n|switch|p1a: Chandelure|Chandelure, L83, M|100/100\n|turn|5\n|inactive|Time left: 300 sec this turn | 300 sec total\n|\n|t:|1783560763\n|move|p1a: Chandelure|Shadow Ball|p2a: Lurantis\n|-damage|p2a: Lurantis|0 fnt\n|faint|p2a: Lurantis\n|\n|upkeep\n|inactive|Time left: 300 sec this turn | 300 sec total | 5 sec grace\n|\n|t:|1783560765\n|switch|p2a: Araquanid|Araquanid, L82, M|246/246\n|turn|6\n|inactive|Time left: 300 sec this turn | 300 sec total\n|\n|t:|1783560766\n|switch|p1a: Stantler|Stantler, L92, M|100/100\n|-ability|p1a: Stantler|Intimidate|boost\n|-unboost|p2a: Araquanid|atk|1\n|move|p2a: Araquanid|Sticky Web|p1a: Stantler\n|-sidestart|p1: p0x17920fe4|move: Sticky Web\n|\n|upkeep\n|turn|7\n|inactive|Time left: 300 sec this turn | 300 sec total\n|\n|t:|1783560767\n|move|p1a: Stantler|Calm Mind|p1a: Stantler\n|-boost|p1a: Stantler|spa|1\n|-boost|p1a: Stantler|spd|1\n|move|p2a: Araquanid|Liquidation|p1a: Stantler\n|-damage|p1a: Stantler|77/100\n|\n|upkeep\n|turn|8\n|inactive|Time left: 300 sec this turn | 300 sec total\n|\n|t:|1783560768\n|switch|p2a: Golurk|Golurk, L87|297/297\n|move|p1a: Stantler|Calm Mind|p1a: Stantler\n|-boost|p1a: Stantler|spa|1\n|-boost|p1a: Stantler|spd|1\n|\n|upkeep\n|turn|9\n|inactive|Time left: 300 sec this turn | 300 sec total\n|\n|t:|1783560769\n|move|p1a: Stantler|Shadow Ball|p2a: Golurk\n|-supereffective|p2a: Golurk\n|-damage|p2a: Golurk|67/297\n|-unboost|p2a: Golurk|spd|1\n|move|p2a: Golurk|Stone Edge|p1a: Stantler\n|-damage|p1a: Stantler|42/100\n|-damage|p2a: Golurk|38/297|[from] item: Life Orb\n|\n|upkeep\n|turn|10\n|inactive|Time left: 300 sec this turn | 300 sec total\n|\n|t:|1783560770\n|switch|p2a: Araquanid|Araquanid, L82, M|246/246\n|move|p1a: Stantler|Shadow Ball|p2a: Araquanid\n|-damage|p2a: Araquanid|149/246\n|\n|upkeep\n|turn|11\n|inactive|Time left: 300 sec this turn | 300 sec total\n|\n|t:|1783560771\n|move|p1a: Stantler|Tera Blast|p2a: Araquanid\n|-damage|p2a: Araquanid|22/246\n|move|p2a: Araquanid|Liquidation|p1a: Stantler\n|-damage|p1a: Stantler|7/100\n|\n|upkeep\n|turn|12\n|inactive|Time left: 300 sec this turn | 300 sec total\n|\n|t:|1783560772\n|switch|p2a: Munkidori|Munkidori, L79, M|269/269\n|move|p1a: Stantler|Tera Blast|p2a: Munkidori\n|-damage|p2a: Munkidori|143/269\n|\n|upkeep\n|turn|13\n|inactive|Time left: 300 sec this turn | 300 sec total\n|\n|t:|1783560773\n|move|p2a: Munkidori|U-turn|p1a: Stantler\n|-damage|p1a: Stantler|0 fnt\n|faint|p1a: Stantler\n|inactive|Time left: 300 sec this turn | 300 sec total | 5 sec grace\n|\n|t:|1783560774\n|switch|p2a: Minun|Minun, L95, F|268/268|[from] U-turn\n|\n|upkeep\n|\n|t:|1783560775\n|switch|p1a: Hydreigon|Hydreigon, L79, M|100/100\n|turn|14\n|inactive|Time left: 300 sec this turn | 300 sec total\n|\n|t:|1783560776\n|switch|p1a: Chandelure|Chandelure, L83, M|100/100\n|-activate|p1a: Chandelure|move: Sticky Web\n|-unboost|p1a: Chandelure|spe|1\n|move|p2a: Minun|Alluring Voice|p1a: Chandelure\n|-resisted|p1a: Chandelure\n|-damage|p1a: Chandelure|86/100\n|-damage|p2a: Minun|242/268|[from] item: Life Orb\n|\n|upkeep\n|turn|15\n|inactive|Time left: 300 sec this turn | 300 sec total\n|\n|t:|1783560777\n|move|p2a: Minun|Thunderbolt|p1a: Chandelure\n|-damage|p1a: Chandelure|34/100\n|-status|p1a: Chandelure|par\n|-damage|p2a: Minun|216/268|[from] item: Life Orb\n|move|p1a: Chandelure|Fire Blast|p2a: Minun\n|-damage|p2a: Minun|83/268\n|\n|upkeep\n|turn|16\n|inactive|Time left: 300 sec this turn | 300 sec total\n|\n|t:|1783560778\n|move|p2a: Minun|Thunderbolt|p1a: Chandelure\n|-damage|p1a: Chandelure|0 fnt\n|faint|p1a: Chandelure\n|-damage|p2a: Minun|57/268|[from] item: Life Orb\n|\n|upkeep\n|\n|t:|1783560779\n|switch|p1a: Basculin|Basculin, L86, M|100/100\n|-activate|p1a: Basculin|move: Sticky Web\n|-unboost|p1a: Basculin|spe|1\n|turn|17\n|inactive|Time left: 300 sec this turn | 300 sec total\n|\n|t:|1783560779\n|move|p1a: Basculin|Aqua Jet|p2a: Minun\n|-damage|p2a: Minun|0 fnt\n|faint|p2a: Minun\n|\n|upkeep\n|inactive|Time left: 300 sec this turn | 300 sec total | 5 sec grace\n|\n|t:|1783560780\n|switch|p2a: Oricorio|Oricorio-Pa'u, L87, F|272/272\n|turn|18\n|inactive|Time left: 300 sec this turn | 300 sec total\n|\n|t:|1783560781\n|move|p1a: Basculin|Aqua Jet|p2a: Oricorio\n|-damage|p2a: Oricorio|176/272\n|move|p2a: Oricorio|Quiver Dance|p2a: Oricorio\n|-boost|p2a: Oricorio|spa|1\n|-boost|p2a: Oricorio|spd|1\n|-boost|p2a: Oricorio|spe|1\n|\n|upkeep\n|turn|19\n|inactive|Time left: 300 sec this turn | 300 sec total\n|\n|t:|1783560782\n|move|p1a: Basculin|Aqua Jet|p2a: Oricorio\n|-damage|p2a: Oricorio|70/272\n|move|p2a: Oricorio|Roost|p2a: Oricorio\n|-heal|p2a: Oricorio|206/272\n|-singleturn|p2a: Oricorio|move: Roost\n|\n|upkeep\n|turn|20\n|inactive|Time left: 300 sec this turn | 300 sec total\n|\n|t:|1783560783\n|move|p1a: Basculin|Aqua Jet|p2a: Oricorio\n|-damage|p2a: Oricorio|106/272\n|move|p2a: Oricorio|Roost|p2a: Oricorio\n|-heal|p2a: Oricorio|242/272\n|-singleturn|p2a: Oricorio|move: Roost\n|\n|upkeep\n|turn|21\n|inactive|Time left: 300 sec this turn | 300 sec total\n|\n|t:|1783560784\n|move|p1a: Basculin|Aqua Jet|p2a: Oricorio\n|-damage|p2a: Oricorio|136/272\n|move|p2a: Oricorio|Hurricane|p1a: Basculin\n|-damage|p1a: Basculin|12/100\n|\n|upkeep\n|turn|22\n|inactive|Time left: 300 sec this turn | 300 sec total\n|\n|t:|1783560785\n|move|p1a: Basculin|Aqua Jet|p2a: Oricorio\n|-damage|p2a: Oricorio|34/272\n|move|p2a: Oricorio|Roost|p2a: Oricorio\n|-heal|p2a: Oricorio|170/272\n|-singleturn|p2a: Oricorio|move: Roost\n|\n|upkeep\n|turn|23\n|inactive|Time left: 300 sec this turn | 300 sec total\n|\n|t:|1783560786\n|move|p1a: Basculin|Aqua Jet|p2a: Oricorio\n|-damage|p2a: Oricorio|72/272\n|move|p2a: Oricorio|Roost|p2a: Oricorio\n|-heal|p2a: Oricorio|208/272\n|-singleturn|p2a: Oricorio|move: Roost\n|\n|upkeep\n|turn|24\n|inactive|Time left: 300 sec this turn | 300 sec total\n|\n|t:|1783560787\n|move|p1a: Basculin|Aqua Jet|p2a: Oricorio\n|-damage|p2a: Oricorio|110/272\n|move|p2a: Oricorio|Roost|p2a: Oricorio\n|-heal|p2a: Oricorio|246/272\n|-singleturn|p2a: Oricorio|move: Roost\n|\n|upkeep\n|turn|25\n|inactive|Time left: 300 sec this turn | 300 sec total\n|\n|t:|1783560788\n|move|p1a: Basculin|Aqua Jet|p2a: Oricorio\n|-damage|p2a: Oricorio|156/272\n|move|p2a: Oricorio|Roost|p2a: Oricorio\n|-heal|p2a: Oricorio|272/272\n|-singleturn|p2a: Oricorio|move: Roost\n|\n|upkeep\n|turn|26\n|inactive|Time left: 300 sec this turn | 300 sec total\n|\n|t:|1783560789\n|move|p1a: Basculin|Aqua Jet|p2a: Oricorio\n|-damage|p2a: Oricorio|172/272\n|move|p2a: Oricorio|Quiver Dance|p2a: Oricorio\n|-boost|p2a: Oricorio|spa|1\n|-boost|p2a: Oricorio|spd|1\n|-boost|p2a: Oricorio|spe|1\n|\n|upkeep\n|turn|27\n|inactive|Time left: 300 sec this turn | 300 sec total\n|\n|t:|1783560790\n|move|p1a: Basculin|Aqua Jet|p2a: Oricorio\n|-damage|p2a: Oricorio|68/272\n|move|p2a: Oricorio|Roost|p2a: Oricorio\n|-heal|p2a: Oricorio|204/272\n|-singleturn|p2a: Oricorio|move: Roost\n|\n|upkeep\n|turn|28\n|inactive|Time left: 300 sec this turn | 300 sec total\n|\n|t:|1783560791\n|move|p1a: Basculin|Aqua Jet|p2a: Oricorio\n|-damage|p2a: Oricorio|108/272\n|move|p2a: Oricorio|Roost|p2a: Oricorio\n|-heal|p2a: Oricorio|244/272\n|-singleturn|p2a: Oricorio|move: Roost\n|\n|upkeep\n|turn|29\n|inactive|Time left: 300 sec this turn | 300 sec total\n|\n|t:|1783560792\n|move|p1a: Basculin|Aqua Jet|p2a: Oricorio\n|-damage|p2a: Oricorio|148/272\n|move|p2a: Oricorio|Revelation Dance|p1a: Basculin\n|-damage|p1a: Basculin|0 fnt\n|faint|p1a: Basculin\n|\n|upkeep\n|\n|t:|1783560793\n|switch|p1a: Hydreigon|Hydreigon, L79, M|100/100\n|turn|30\n|inactive|Time left: 300 sec this turn | 300 sec total\n|\n|t:|1783560794\n|move|p2a: Oricorio|Hurricane|p1a: Hydreigon\n|-damage|p1a: Hydreigon|1/100\n|move|p1a: Hydreigon|Nasty Plot|p1a: Hydreigon\n|-boost|p1a: Hydreigon|spa|2\n|\n|upkeep\n|turn|31\n|inactive|Time left: 300 sec this turn | 300 sec total\n|\n|t:|1783560795\n|move|p2a: Oricorio|Hurricane|p1a: Hydreigon|[miss]\n|-miss|p2a: Oricorio|p1a: Hydreigon\n|move|p1a: Hydreigon|Draco Meteor|p2a: Oricorio\n|-damage|p2a: Oricorio|0 fnt\n|-unboost|p1a: Hydreigon|spa|2\n|faint|p2a: Oricorio\n|-damage|p1a: Hydreigon|0 fnt|[from] item: Life Orb\n|faint|p1a: Hydreigon\n|\n|upkeep\n|inactive|Time left: 300 sec this turn | 300 sec total | 5 sec grace\n|\n|t:|1783560796\n|switch|p2a: Golurk|Golurk, L87|38/297\n|switch|p1a: Enamorus|Enamorus, L79, F|100/100\n|turn|32\n|inactive|Time left: 300 sec this turn | 300 sec total\n|\n|t:|1783560797\n|move|p1a: Enamorus|Substitute|p1a: Enamorus\n|-start|p1a: Enamorus|Substitute\n|-damage|p1a: Enamorus|76/100\n|move|p2a: Golurk|Poltergeist|p1a: Enamorus\n|-activate|p1a: Enamorus|move: Poltergeist|Leftovers\n|-end|p1a: Enamorus|Substitute\n|-damage|p2a: Golurk|9/297|[from] item: Life Orb\n|\n|-heal|p1a: Enamorus|82/100|[from] item: Leftovers\n|upkeep\n|turn|33\n|inactive|Time left: 300 sec this turn | 300 sec total\n|\n|t:|1783560798\n|move|p1a: Enamorus|Earth Power|p2a: Golurk\n|-crit|p2a: Golurk\n|-damage|p2a: Golurk|0 fnt\n|faint|p2a: Golurk\n|\n|-heal|p1a: Enamorus|88/100|[from] item: Leftovers\n|upkeep\n|inactive|Time left: 300 sec this turn | 300 sec total | 5 sec grace\n|\n|t:|1783560799\n|switch|p2a: Munkidori|Munkidori, L79, M|143/269\n|turn|34\n|inactive|Time left: 300 sec this turn | 300 sec total\n|\n|t:|1783560800\n|-terastallize|p1a: Enamorus|Ground\n|move|p2a: Munkidori|Fake Out|p1a: Enamorus\n|-damage|p1a: Enamorus|77/100\n|-start|p2a: Munkidori|Attract|[from] ability: Cute Charm|[of] p1a: Enamorus\n|cant|p1a: Enamorus|flinch\n|\n|-heal|p1a: Enamorus|83/100|[from] item: Leftovers\n|upkeep\n|turn|35\n|inactive|Time left: 300 sec this turn | 300 sec total\n|\n|t:|1783560801\n|-terastallize|p2a: Munkidori|Dark\n|move|p1a: Enamorus|Earth Power|p2a: Munkidori\n|-crit|p2a: Munkidori\n|-damage|p2a: Munkidori|34/269\n|-activate|p2a: Munkidori|move: Attract|[of] p1a: Enamorus\n|cant|p2a: Munkidori|Attract\n|\n|-heal|p1a: Enamorus|89/100|[from] item: Leftovers\n|upkeep\n|turn|36\n|inactive|Time left: 300 sec this turn | 300 sec total\n|\n|t:|1783560802\n|-activate|p2a: Munkidori|move: Attract|[of] p1a: Enamorus\n|cant|p2a: Munkidori|Attract\n|move|p1a: Enamorus|Earth Power|p2a: Munkidori\n|-damage|p2a: Munkidori|0 fnt\n|faint|p2a: Munkidori\n|\n|-heal|p1a: Enamorus|95/100|[from] item: Leftovers\n|upkeep\n|inactive|Time left: 300 sec this turn | 300 sec total | 5 sec grace\n|\n|t:|1783560803\n|switch|p2a: Araquanid|Araquanid, L82, M|22/246\n|turn|37\n|inactive|Time left: 300 sec this turn | 300 sec total\n|\n|t:|1783560804\n|move|p1a: Enamorus|Earth Power|p2a: Araquanid\n|-resisted|p2a: Araquanid\n|-damage|p2a: Araquanid|0 fnt\n|faint|p2a: Araquanid\n|\n|win|p0x17920fe4", "uploadtime": 1783560804, "views": 0, "rating": 0, "private": 0, "password": null, "_winner": "p0x17920fe4", "_our_name": "p0y1792a7aa"}