{"id": "battle-gen9randombattle-1096", "formatid": "gen9randombattle", "format": "[Gen 9] Random Battle", "players": ["p0x1096289a", "p0y10962702"], "log": "|init|battle\n|title|p0x1096289a vs. p0y10962702\n|j|\u2606p0x1096289a\n|j|\u2606p0y10962702\n|t:|1783551886\n|gametype|singles\n|player|p1|p0x1096289a|101|\n|player|p2|p0y10962702|266|\n|gen|9\n|tier|[Gen 9] Random Battle\n|rule|Species Clause: Limit one of each Pok\u00e9mon\n|rule|HP Percentage Mod: HP is shown in percentages\n|rule|Sleep Clause Mod: Limit one foe put to sleep\n|rule|Illusion Level Mod: Illusion disguises the Pok\u00e9mon's true level\n|\n|t:|1783551886\n|teamsize|p1|6\n|teamsize|p2|6\n|start\n|switch|p1a: Indeedee|Indeedee, L84, M|100/100\n|switch|p2a: Coalossal|Coalossal, L89, M|341/341\n|-fieldstart|move: Psychic Terrain|[from] ability: Psychic Surge|[of] p1a: Indeedee\n|turn|1\n|inactive|Battle timer is ON: inactive players will automatically lose when time's up. (requested by p0y10962702)\n|inactive|p0x1096289a also wants the timer to be on.\n|\n|t:|1783551888\n|move|p1a: Indeedee|Expanding Force|p2a: Coalossal\n|-damage|p2a: Coalossal|190/341\n|move|p2a: Coalossal|Stone Edge|p1a: Indeedee\n|-damage|p1a: Indeedee|40/100\n|\n|upkeep\n|turn|2\n|inactive|Time left: 300 sec this turn | 300 sec total\n|\n|t:|1783551889\n|switch|p2a: Mabosstiff|Mabosstiff, L86, M|278/278\n|-terastallize|p1a: Indeedee|Psychic\n|move|p1a: Indeedee|Expanding Force|p2a: Mabosstiff\n|-immune|p2a: Mabosstiff\n|\n|upkeep\n|turn|3\n|inactive|Time left: 300 sec this turn | 300 sec total\n|\n|t:|1783551890\n|move|p1a: Indeedee|Expanding Force|p2a: Mabosstiff\n|-immune|p2a: Mabosstiff\n|move|p2a: Mabosstiff|Crunch|p1a: Indeedee\n|-supereffective|p1a: Indeedee\n|-damage|p1a: Indeedee|0 fnt\n|faint|p1a: Indeedee\n|\n|upkeep\n|\n|t:|1783551891\n|switch|p1a: Klawf|Klawf, L90, F|100/100\n|turn|4\n|inactive|Time left: 300 sec this turn | 300 sec total\n|\n|t:|1783551893\n|move|p2a: Mabosstiff|Crunch|p1a: Klawf\n|-damage|p1a: Klawf|71/100\n|move|p1a: Klawf|Stone Edge|p2a: Mabosstiff\n|-crit|p2a: Mabosstiff\n|-damage|p2a: Mabosstiff|1/278\n|\n|upkeep\n|turn|5\n|inactive|Time left: 300 sec this turn | 300 sec total\n|\n|t:|1783551894\n|move|p2a: Mabosstiff|Crunch|p1a: Klawf\n|-damage|p1a: Klawf|43/100\n|move|p1a: Klawf|Stone Edge|p2a: Mabosstiff\n|-damage|p2a: Mabosstiff|0 fnt\n|faint|p2a: Mabosstiff\n|\n|-fieldend|move: Psychic Terrain\n|upkeep\n|inactive|Time left: 300 sec this turn | 300 sec total | 5 sec grace\n|\n|t:|1783551895\n|switch|p2a: Tinkaton|Tinkaton, L82, F|274/274\n|-ability|p2a: Tinkaton|Mold Breaker\n|turn|6\n|inactive|Time left: 300 sec this turn | 300 sec total\n|\n|t:|1783551896\n|switch|p1a: Chesnaught|Chesnaught, L84, M|100/100\n|move|p2a: Tinkaton|Swords Dance|p2a: Tinkaton\n|-boost|p2a: Tinkaton|atk|2\n|\n|upkeep\n|turn|7\n|inactive|Time left: 300 sec this turn | 300 sec total\n|\n|t:|1783551897\n|move|p2a: Tinkaton|Play Rough|p1a: Chesnaught\n|-supereffective|p1a: Chesnaught\n|-damage|p1a: Chesnaught|20/100\n|-damage|p2a: Tinkaton|229/274|[from] item: Rocky Helmet|[of] p1a: Chesnaught\n|move|p1a: Chesnaught|Body Press|p2a: Tinkaton\n|-damage|p2a: Tinkaton|108/274\n|\n|-heal|p2a: Tinkaton|125/274|[from] item: Leftovers\n|upkeep\n|turn|8\n|inactive|Time left: 300 sec this turn | 300 sec total\n|\n|t:|1783551898\n|move|p2a: Tinkaton|Gigaton Hammer|p1a: Chesnaught\n|-damage|p1a: Chesnaught|0 fnt\n|faint|p1a: Chesnaught\n|\n|-heal|p2a: Tinkaton|142/274|[from] item: Leftovers\n|upkeep\n|\n|t:|1783551899\n|switch|p1a: Bombirdier|Bombirdier, L85, F|100/100\n|turn|9\n|inactive|Time left: 300 sec this turn | 300 sec total\n|\n|t:|1783551900\n|move|p1a: Bombirdier|Poltergeist|p2a: Tinkaton\n|-activate|p2a: Tinkaton|move: Poltergeist|Leftovers\n|-damage|p2a: Tinkaton|0 fnt\n|faint|p2a: Tinkaton\n|-damage|p1a: Bombirdier|91/100|[from] item: Life Orb\n|\n|upkeep\n|inactive|Time left: 300 sec this turn | 300 sec total | 5 sec grace\n|\n|t:|1783551901\n|switch|p2a: Dodrio|Dodrio, L85, F|241/241\n|turn|10\n|inactive|Time left: 300 sec this turn | 300 sec total\n|\n|t:|1783551902\n|switch|p1a: Klawf|Klawf, L90, F|76/100\n|move|p2a: Dodrio|Brave Bird|p1a: Klawf\n|-resisted|p1a: Klawf\n|-crit|p1a: Klawf\n|-damage|p1a: Klawf|30/100\n|-damage|p2a: Dodrio|200/241|[from] Recoil\n|\n|upkeep\n|turn|11\n|inactive|Time left: 300 sec this turn | 300 sec total\n|\n|t:|1783551903\n|move|p2a: Dodrio|Brave Bird|p1a: Klawf\n|-resisted|p1a: Klawf\n|-damage|p1a: Klawf|0 fnt\n|faint|p1a: Klawf\n|-damage|p2a: Dodrio|173/241|[from] Recoil\n|\n|upkeep\n|\n|t:|1783551904\n|switch|p1a: Arceus|Arceus-Dark, L71|100/100\n|turn|12\n|inactive|Time left: 300 sec this turn | 300 sec total\n|\n|t:|1783551905\n|move|p2a: Dodrio|Brave Bird|p1a: Arceus\n|-damage|p1a: Arceus|29/100\n|-damage|p2a: Dodrio|105/241|[from] Recoil\n|move|p1a: Arceus|Judgment|p2a: Dodrio\n|-damage|p2a: Dodrio|0 fnt\n|faint|p2a: Dodrio\n|\n|upkeep\n|inactive|Time left: 300 sec this turn | 300 sec total | 5 sec grace\n|\n|t:|1783551906\n|switch|p2a: Charizard|Charizard, L85, M|271/271\n|turn|13\n|inactive|Time left: 300 sec this turn | 300 sec total\n|\n|t:|1783551907\n|move|p2a: Charizard|Swords Dance|p2a: Charizard\n|-boost|p2a: Charizard|atk|2\n|move|p1a: Arceus|Recover|p1a: Arceus\n|-heal|p1a: Arceus|79/100\n|\n|upkeep\n|turn|14\n|inactive|Time left: 300 sec this turn | 300 sec total\n|\n|t:|1783551908\n|move|p2a: Charizard|Outrage|p1a: Arceus\n|-damage|p1a: Arceus|29/100\n|move|p1a: Arceus|Judgment|p2a: Charizard\n|-damage|p2a: Charizard|165/271\n|\n|upkeep\n|turn|15\n|inactive|Time left: 300 sec this turn | 300 sec total\n|\n|t:|1783551909\n|move|p2a: Charizard|Outrage|p1a: Arceus|[from] lockedmove\n|-damage|p1a: Arceus|0 fnt\n|faint|p1a: Arceus\n|\n|upkeep\n|\n|t:|1783551910\n|switch|p1a: Bombirdier|Bombirdier, L85, F|100/100\n|turn|16\n|inactive|Time left: 300 sec this turn | 300 sec total\n|\n|t:|1783551911\n|move|p2a: Charizard|Outrage|p1a: Bombirdier|[from] lockedmove\n|-damage|p1a: Bombirdier|40/100\n|-start|p2a: Charizard|confusion|[fatigue]\n|move|p1a: Bombirdier|U-turn|p2a: Charizard\n|-resisted|p2a: Charizard\n|-damage|p2a: Charizard|142/271\n|\n|t:|1783551912\n|switch|p1a: Bombirdier|Bombirdier, L85, F|91/100|[from] U-turn\n|\n|upkeep\n|turn|17\n|inactive|Time left: 300 sec this turn | 300 sec total\n|\n|t:|1783551913\n|move|p1a: Bombirdier|Poltergeist|p2a: Charizard\n|-activate|p2a: Charizard|move: Poltergeist|Heavy-Duty Boots\n|-damage|p2a: Charizard|0 fnt\n|faint|p2a: Charizard\n|-damage|p1a: Bombirdier|81/100|[from] item: Life Orb\n|\n|upkeep\n|inactive|Time left: 300 sec this turn | 300 sec total | 5 sec grace\n|\n|t:|1783551914\n|switch|p2a: Coalossal|Coalossal, L89, M|190/341\n|turn|18\n|inactive|Time left: 300 sec this turn | 300 sec total\n|\n|t:|1783551915\n|move|p1a: Bombirdier|Focus Blast|p2a: Coalossal\n|-supereffective|p2a: Coalossal\n|-crit|p2a: Coalossal\n|-damage|p2a: Coalossal|0 fnt\n|faint|p2a: Coalossal\n|-damage|p1a: Bombirdier|72/100|[from] item: Life Orb\n|\n|upkeep\n|inactive|Time left: 300 sec this turn | 300 sec total | 5 sec grace\n|\n|t:|1783551916\n|switch|p2a: Meowstic|Meowstic, L89, M|277/277\n|turn|19\n|inactive|Time left: 300 sec this turn | 300 sec total\n|\n|t:|1783551917\n|switch|p1a: Bombirdier|Bombirdier, L85, F|40/100\n|-terastallize|p2a: Meowstic|Fairy\n|move|p2a: Meowstic|Light Screen|p2a: Meowstic\n|-sidestart|p2: p0y10962702|move: Light Screen\n|\n|upkeep\n|turn|20\n|inactive|Time left: 300 sec this turn | 300 sec total\n|\n|t:|1783551918\n|move|p2a: Meowstic|Reflect|p2a: Meowstic\n|-sidestart|p2: p0y10962702|Reflect\n|move|p1a: Bombirdier|Brave Bird|p2a: Meowstic\n|-damage|p2a: Meowstic|170/277\n|-damage|p1a: Bombirdier|26/100|[from] Recoil\n|\n|upkeep\n|turn|21\n|inactive|Time left: 300 sec this turn | 300 sec total\n|\n|t:|1783551918\n|move|p2a: Meowstic|Light Screen||[still]\n|-fail|p2a: Meowstic\n|move|p1a: Bombirdier|Brave Bird|p2a: Meowstic\n|-damage|p2a: Meowstic|70/277\n|-damage|p1a: Bombirdier|13/100|[from] Recoil\n|\n|upkeep\n|turn|22\n|inactive|Time left: 300 sec this turn | 300 sec total\n|\n|t:|1783551919\n|move|p2a: Meowstic|Psychic Noise|p1a: Bombirdier\n|-immune|p1a: Bombirdier\n|move|p1a: Bombirdier|Brave Bird|p2a: Meowstic\n|-damage|p2a: Meowstic|0 fnt\n|faint|p2a: Meowstic\n|-damage|p1a: Bombirdier|4/100|[from] Recoil\n|\n|win|p0x1096289a", "uploadtime": 1783551919, "views": 0, "rating": 0, "private": 0, "password": null, "_winner": "p0x1096289a", "_our_name": "p0y10962702"}