{"id": "battle-gen9randombattle-2149", "formatid": "gen9randombattle", "format": "[Gen 9] Random Battle", "players": ["p0x2149c598", "p0y21499834"], "log": "|init|battle\n|title|p0x2149c598 vs. p0y21499834\n|j|\u2606p0x2149c598\n|j|\u2606p0y21499834\n|t:|1783564050\n|gametype|singles\n|player|p1|p0x2149c598|170|\n|player|p2|p0y21499834|169|\n|gen|9\n|tier|[Gen 9] Random Battle\n|rule|Species Clause: Limit one of each Pok\u00e9mon\n|rule|HP Percentage Mod: HP is shown in percentages\n|rule|Sleep Clause Mod: Limit one foe put to sleep\n|rule|Illusion Level Mod: Illusion disguises the Pok\u00e9mon's true level\n|\n|t:|1783564050\n|teamsize|p1|6\n|teamsize|p2|6\n|start\n|switch|p1a: Coalossal|Coalossal, L89, M|100/100\n|switch|p2a: Pecharunt|Pecharunt, L77|262/262\n|turn|1\n|inactive|Battle timer is ON: inactive players will automatically lose when time's up. (requested by p0x2149c598)\n|inactive|Time left: 300 sec this turn | 300 sec total | 60 sec grace\n|inactive|p0y21499834 also wants the timer to be on.\n|\n|t:|1783564052\n|move|p2a: Pecharunt|Parting Shot|p1a: Coalossal\n|-unboost|p1a: Coalossal|atk|1\n|-unboost|p1a: Coalossal|spa|1\n|inactive|Time left: 300 sec this turn | 300 sec total | 65 sec grace\n|\n|t:|1783564053\n|switch|p2a: Espathra|Espathra, L80, F|283/283|[from] Parting Shot\n|move|p1a: Coalossal|Spikes|p2a: Espathra\n|-sidestart|p2: p0y21499834|Spikes\n|\n|upkeep\n|turn|2\n|inactive|Time left: 300 sec this turn | 300 sec total\n|\n|t:|1783564054\n|switch|p1a: Greedent|Greedent, L86, M|100/100\n|move|p2a: Espathra|Calm Mind|p2a: Espathra\n|-boost|p2a: Espathra|spa|1\n|-boost|p2a: Espathra|spd|1\n|\n|-ability|p2a: Espathra|Speed Boost|boost\n|-boost|p2a: Espathra|spe|1\n|upkeep\n|turn|3\n|inactive|Time left: 300 sec this turn | 300 sec total\n|\n|t:|1783564055\n|move|p2a: Espathra|Calm Mind|p2a: Espathra\n|-boost|p2a: Espathra|spa|1\n|-boost|p2a: Espathra|spd|1\n|move|p1a: Greedent|Swords Dance|p1a: Greedent\n|-boost|p1a: Greedent|atk|2\n|\n|-ability|p2a: Espathra|Speed Boost|boost\n|-boost|p2a: Espathra|spe|1\n|upkeep\n|turn|4\n|inactive|Time left: 300 sec this turn | 300 sec total\n|\n|t:|1783564056\n|move|p2a: Espathra|Protect|p2a: Espathra\n|-singleturn|p2a: Espathra|Protect\n|move|p1a: Greedent|Double-Edge|p2a: Espathra\n|-activate|p2a: Espathra|move: Protect\n|\n|-ability|p2a: Espathra|Speed Boost|boost\n|-boost|p2a: Espathra|spe|1\n|upkeep\n|turn|5\n|inactive|Time left: 300 sec this turn | 300 sec total\n|\n|t:|1783564057\n|move|p2a: Espathra|Stored Power|p1a: Greedent\n|-damage|p1a: Greedent|0 fnt\n|faint|p1a: Greedent\n|\n|-ability|p2a: Espathra|Speed Boost|boost\n|-boost|p2a: Espathra|spe|1\n|upkeep\n|\n|t:|1783564058\n|switch|p1a: Dugtrio|Dugtrio, L84, M|100/100\n|turn|6\n|inactive|Time left: 300 sec this turn | 300 sec total\n|\n|t:|1783564059\n|move|p2a: Espathra|Stored Power|p1a: Dugtrio\n|-damage|p1a: Dugtrio|0 fnt\n|faint|p1a: Dugtrio\n|\n|-ability|p2a: Espathra|Speed Boost|boost\n|-boost|p2a: Espathra|spe|1\n|upkeep\n|\n|t:|1783564060\n|switch|p1a: Drifblim|Drifblim, L86, F|100/100\n|turn|7\n|inactive|Time left: 300 sec this turn | 300 sec total\n|\n|t:|1783564061\n|move|p2a: Espathra|Stored Power|p1a: Drifblim\n|-damage|p1a: Drifblim|0 fnt\n|faint|p1a: Drifblim\n|\n|-ability|p2a: Espathra|Speed Boost|boost\n|-boost|p2a: Espathra|spe|1\n|upkeep\n|\n|t:|1783564062\n|switch|p1a: Coalossal|Coalossal, L89, M|100/100\n|turn|8\n|inactive|Time left: 300 sec this turn | 300 sec total\n|\n|t:|1783564063\n|move|p2a: Espathra|Stored Power|p1a: Coalossal\n|-damage|p1a: Coalossal|0 fnt\n|faint|p1a: Coalossal\n|\n|upkeep\n|\n|t:|1783564064\n|switch|p1a: Flamigo|Flamigo, L82, F|100/100\n|turn|9\n|inactive|Time left: 300 sec this turn | 300 sec total\n|\n|t:|1783564065\n|-terastallize|p1a: Flamigo|Fighting\n|move|p2a: Espathra|Stored Power|p1a: Flamigo\n|-supereffective|p1a: Flamigo\n|-crit|p1a: Flamigo\n|-damage|p1a: Flamigo|0 fnt\n|faint|p1a: Flamigo\n|\n|upkeep\n|\n|t:|1783564065\n|switch|p1a: Reshiram|Reshiram, L76|100/100\n|-ability|p1a: Reshiram|Turboblaze\n|turn|10\n|inactive|Time left: 300 sec this turn | 300 sec total\n|\n|t:|1783564066\n|move|p2a: Espathra|Stored Power|p1a: Reshiram\n|-damage|p1a: Reshiram|0 fnt\n|faint|p1a: Reshiram\n|\n|win|p0y21499834", "uploadtime": 1783564066, "views": 0, "rating": 0, "private": 0, "password": null, "_winner": "p0y21499834", "_our_name": "p0y21499834"}