{"id": "battle-gen9randombattle-2005", "formatid": "gen9randombattle", "format": "[Gen 9] Random Battle", "players": ["p0x20057fcf", "p0y2005ef0f"], "log": "|init|battle\n|title|p0x20057fcf vs. p0y2005ef0f\n|j|\u2606p0x20057fcf\n|j|\u2606p0y2005ef0f\n|t:|1783562474\n|gametype|singles\n|player|p1|p0x20057fcf|170|\n|player|p2|p0y2005ef0f|265|\n|gen|9\n|tier|[Gen 9] Random Battle\n|rule|Species Clause: Limit one of each Pok\u00e9mon\n|rule|HP Percentage Mod: HP is shown in percentages\n|rule|Sleep Clause Mod: Limit one foe put to sleep\n|rule|Illusion Level Mod: Illusion disguises the Pok\u00e9mon's true level\n|\n|t:|1783562474\n|teamsize|p1|6\n|teamsize|p2|6\n|start\n|switch|p1a: Sunflora|Sunflora, M|100/100\n|switch|p2a: Gogoat|Gogoat, L88, M|360/360\n|turn|1\n|inactive|Battle timer is ON: inactive players will automatically lose when time's up. (requested by p0x20057fcf)\n|inactive|Time left: 300 sec this turn | 300 sec total | 60 sec grace\n|inactive|p0y2005ef0f also wants the timer to be on.\n|\n|t:|1783562475\n|move|p2a: Gogoat|Rock Slide|p1a: Sunflora\n|-damage|p1a: Sunflora|76/100\n|move|p1a: Sunflora|Sunny Day|p1a: Sunflora\n|-weather|SunnyDay\n|\n|-weather|SunnyDay|[upkeep]\n|upkeep\n|turn|2\n|inactive|Time left: 300 sec this turn | 300 sec total\n|\n|t:|1783562476\n|-terastallize|p2a: Gogoat|Water\n|move|p1a: Sunflora|Weather Ball|p2a: Gogoat\n|-resisted|p2a: Gogoat\n|-damage|p2a: Gogoat|257/360\n|-damage|p1a: Sunflora|66/100|[from] item: Life Orb\n|move|p2a: Gogoat|Bulk Up|p2a: Gogoat\n|-boost|p2a: Gogoat|atk|1\n|-boost|p2a: Gogoat|def|1\n|\n|-weather|SunnyDay|[upkeep]\n|-heal|p2a: Gogoat|279/360|[from] item: Leftovers\n|upkeep\n|turn|3\n|inactive|Time left: 300 sec this turn | 300 sec total\n|\n|t:|1783562477\n|move|p1a: Sunflora|Earth Power|p2a: Gogoat\n|-damage|p2a: Gogoat|158/360\n|-damage|p1a: Sunflora|56/100|[from] item: Life Orb\n|move|p2a: Gogoat|Horn Leech|p1a: Sunflora\n|-resisted|p1a: Sunflora\n|-damage|p1a: Sunflora|31/100\n|-heal|p2a: Gogoat|198/360|[from] drain|[of] p1a: Sunflora\n|\n|-weather|SunnyDay|[upkeep]\n|-heal|p2a: Gogoat|220/360|[from] item: Leftovers\n|upkeep\n|turn|4\n|inactive|Time left: 300 sec this turn | 300 sec total\n|\n|t:|1783562478\n|move|p1a: Sunflora|Earth Power|p2a: Gogoat\n|-damage|p2a: Gogoat|82/360\n|-damage|p1a: Sunflora|21/100|[from] item: Life Orb\n|move|p2a: Gogoat|Horn Leech|p1a: Sunflora\n|-resisted|p1a: Sunflora\n|-damage|p1a: Sunflora|0 fnt\n|-heal|p2a: Gogoat|114/360|[from] drain|[of] p1a: Sunflora\n|faint|p1a: Sunflora\n|\n|-weather|SunnyDay|[upkeep]\n|-heal|p2a: Gogoat|136/360|[from] item: Leftovers\n|upkeep\n|\n|t:|1783562479\n|switch|p1a: Glaceon|Glaceon, L94, M|100/100\n|turn|5\n|inactive|Time left: 300 sec this turn | 300 sec total\n|\n|t:|1783562480\n|switch|p2a: Forretress|Forretress, L84, M|263/263\n|move|p1a: Glaceon|Freeze-Dry|p2a: Forretress\n|-resisted|p2a: Forretress\n|-damage|p2a: Forretress|190/263\n|\n|-weather|none\n|-heal|p2a: Forretress|206/263|[from] item: Leftovers\n|upkeep\n|turn|6\n|inactive|Time left: 300 sec this turn | 300 sec total\n|\n|t:|1783562481\n|move|p1a: Glaceon|Calm Mind|p1a: Glaceon\n|-boost|p1a: Glaceon|spa|1\n|-boost|p1a: Glaceon|spd|1\n|move|p2a: Forretress|Stealth Rock|p1a: Glaceon\n|-sidestart|p1: p0x20057fcf|move: Stealth Rock\n|\n|-heal|p2a: Forretress|222/263|[from] item: Leftovers\n|upkeep\n|turn|7\n|inactive|Time left: 300 sec this turn | 300 sec total\n|\n|t:|1783562482\n|move|p1a: Glaceon|Freeze-Dry|p2a: Forretress\n|-resisted|p2a: Forretress\n|-damage|p2a: Forretress|113/263\n|move|p2a: Forretress|Iron Head|p1a: Glaceon\n|-supereffective|p1a: Glaceon\n|-damage|p1a: Glaceon|59/100\n|\n|-heal|p2a: Forretress|129/263|[from] item: Leftovers\n|upkeep\n|turn|8\n|inactive|Time left: 300 sec this turn | 300 sec total\n|\n|t:|1783562483\n|move|p1a: Glaceon|Freeze-Dry|p2a: Forretress\n|-resisted|p2a: Forretress\n|-damage|p2a: Forretress|11/263\n|move|p2a: Forretress|Iron Head|p1a: Glaceon\n|-supereffective|p1a: Glaceon\n|-damage|p1a: Glaceon|15/100\n|\n|-heal|p2a: Forretress|27/263|[from] item: Leftovers\n|upkeep\n|turn|9\n|inactive|Time left: 300 sec this turn | 300 sec total\n|\n|t:|1783562484\n|move|p1a: Glaceon|Freeze-Dry|p2a: Forretress\n|-resisted|p2a: Forretress\n|-damage|p2a: Forretress|0 fnt\n|faint|p2a: Forretress\n|\n|upkeep\n|inactive|Time left: 300 sec this turn | 300 sec total | 5 sec grace\n|\n|t:|1783562485\n|switch|p2a: Hitmonlee|Hitmonlee, L85, M|223/223\n|turn|10\n|inactive|Time left: 300 sec this turn | 300 sec total\n|\n|t:|1783562487\n|move|p1a: Glaceon|Protect|p1a: Glaceon\n|-singleturn|p1a: Glaceon|Protect\n|move|p2a: Hitmonlee|Knock Off|p1a: Glaceon\n|-activate|p1a: Glaceon|move: Protect\n|\n|upkeep\n|turn|11\n|inactive|Time left: 300 sec this turn | 300 sec total\n|\n|t:|1783562487\n|move|p2a: Hitmonlee|Knock Off|p1a: Glaceon\n|-damage|p1a: Glaceon|0 fnt\n|-enditem|p1a: Glaceon|Heavy-Duty Boots|[from] move: Knock Off|[of] p2a: Hitmonlee\n|faint|p1a: Glaceon\n|\n|upkeep\n|\n|t:|1783562488\n|switch|p1a: Infernape|Infernape, L82, M|100/100\n|-damage|p1a: Infernape|88/100|[from] Stealth Rock\n|turn|12\n|inactive|Time left: 300 sec this turn | 300 sec total\n|\n|t:|1783562490\n|switch|p2a: Toxapex|Toxapex, L82, F|216/216\n|move|p1a: Infernape|Swords Dance|p1a: Infernape\n|-boost|p1a: Infernape|atk|2\n|\n|upkeep\n|turn|13\n|inactive|Time left: 300 sec this turn | 300 sec total\n|\n|t:|1783562491\n|move|p1a: Infernape|Swords Dance|p1a: Infernape\n|-boost|p1a: Infernape|atk|2\n|move|p2a: Toxapex|Liquidation|p1a: Infernape\n|-supereffective|p1a: Infernape\n|-damage|p1a: Infernape|33/100\n|\n|upkeep\n|turn|14\n|inactive|Time left: 300 sec this turn | 300 sec total\n|\n|t:|1783562492\n|move|p1a: Infernape|Flare Blitz|p2a: Toxapex\n|-resisted|p2a: Toxapex\n|-damage|p2a: Toxapex|0 fnt\n|-damage|p1a: Infernape|16/100|[from] item: Rocky Helmet|[of] p2a: Toxapex\n|faint|p2a: Toxapex\n|-damage|p1a: Infernape|0 fnt|[from] Recoil\n|faint|p1a: Infernape\n|\n|upkeep\n|inactive|Time left: 300 sec this turn | 300 sec total | 5 sec grace\n|\n|t:|1783562493\n|switch|p1a: Oricorio|Oricorio-Sensu, L85, F|100/100\n|switch|p2a: Gogoat|Gogoat, L88, M, tera:Water|136/360\n|turn|15\n|inactive|Time left: 300 sec this turn | 300 sec total\n|\n|t:|1783562494\n|move|p1a: Oricorio|Quiver Dance|p1a: Oricorio\n|-boost|p1a: Oricorio|spa|1\n|-boost|p1a: Oricorio|spd|1\n|-boost|p1a: Oricorio|spe|1\n|move|p2a: Gogoat|Milk Drink|p2a: Gogoat\n|-heal|p2a: Gogoat|316/360\n|\n|-heal|p2a: Gogoat|338/360|[from] item: Leftovers\n|upkeep\n|turn|16\n|inactive|Time left: 300 sec this turn | 300 sec total\n|\n|t:|1783562495\n|move|p1a: Oricorio|Quiver Dance|p1a: Oricorio\n|-boost|p1a: Oricorio|spa|1\n|-boost|p1a: Oricorio|spd|1\n|-boost|p1a: Oricorio|spe|1\n|move|p2a: Gogoat|Rock Slide|p1a: Oricorio|[miss]\n|-miss|p2a: Gogoat|p1a: Oricorio\n|\n|-heal|p2a: Gogoat|360/360|[from] item: Leftovers\n|upkeep\n|turn|17\n|inactive|Time left: 300 sec this turn | 300 sec total\n|\n|t:|1783562496\n|move|p1a: Oricorio|Revelation Dance|p2a: Gogoat\n|-damage|p2a: Gogoat|162/360\n|move|p2a: Gogoat|Milk Drink|p2a: Gogoat\n|-heal|p2a: Gogoat|342/360\n|\n|-heal|p2a: Gogoat|360/360|[from] item: Leftovers\n|upkeep\n|turn|18\n|inactive|Time left: 300 sec this turn | 300 sec total\n|\n|t:|1783562497\n|move|p1a: Oricorio|Hurricane|p2a: Gogoat\n|-damage|p2a: Gogoat|105/360\n|move|p2a: Gogoat|Rock Slide|p1a: Oricorio\n|-supereffective|p1a: Oricorio\n|-damage|p1a: Oricorio|52/100\n|\n|-heal|p2a: Gogoat|127/360|[from] item: Leftovers\n|upkeep\n|turn|19\n|inactive|Time left: 300 sec this turn | 300 sec total\n|\n|t:|1783562498\n|move|p1a: Oricorio|Revelation Dance|p2a: Gogoat\n|-damage|p2a: Gogoat|0 fnt\n|faint|p2a: Gogoat\n|\n|upkeep\n|inactive|Time left: 300 sec this turn | 300 sec total | 5 sec grace\n|\n|t:|1783562498\n|switch|p2a: Hitmonlee|Hitmonlee, L85, M|223/223\n|turn|20\n|inactive|Time left: 300 sec this turn | 300 sec total\n|\n|t:|1783562499\n|move|p1a: Oricorio|Hurricane|p2a: Hitmonlee\n|-supereffective|p2a: Hitmonlee\n|-damage|p2a: Hitmonlee|0 fnt\n|faint|p2a: Hitmonlee\n|\n|upkeep\n|inactive|Time left: 300 sec this turn | 300 sec total | 5 sec grace\n|\n|t:|1783562500\n|switch|p2a: Ditto|Ditto, L87|225/225\n|-transform|p2a: Ditto|p1a: Oricorio|[from] ability: Imposter\n|turn|21\n|inactive|Time left: 300 sec this turn | 300 sec total\n|\n|t:|1783562501\n|move|p2a: Ditto|Hurricane|p1a: Oricorio\n|-damage|p1a: Oricorio|0 fnt\n|faint|p1a: Oricorio\n|\n|upkeep\n|\n|t:|1783562502\n|switch|p1a: Ogerpon|Ogerpon-Cornerstone, L76, F|100/100\n|-damage|p1a: Ogerpon|88/100|[from] Stealth Rock\n|turn|22\n|inactive|Time left: 300 sec this turn | 300 sec total\n|\n|t:|1783562503\n|-terastallize|p1a: Ogerpon|Rock\n|detailschange|p1a: Ogerpon|Ogerpon-Cornerstone-Tera, L76, F, tera:Rock\n|-ability|p1a: Ogerpon|Embody Aspect (Cornerstone)|boost\n|-boost|p1a: Ogerpon|def|1\n|move|p2a: Ditto|Hurricane|p1a: Ogerpon|[miss]\n|-miss|p2a: Ditto|p1a: Ogerpon\n|move|p1a: Ogerpon|Ivy Cudgel|p2a: Ditto|[anim] Ivy Cudgel Rock\n|-supereffective|p2a: Ditto\n|-damage|p2a: Ditto|0 fnt\n|faint|p2a: Ditto\n|\n|upkeep\n|inactive|Time left: 300 sec this turn | 300 sec total | 5 sec grace\n|\n|t:|1783562503\n|switch|p2a: Coalossal|Coalossal, L89, M|341/341\n|turn|23\n|inactive|Time left: 300 sec this turn | 300 sec total\n|\n|t:|1783562504\n|move|p1a: Ogerpon|Ivy Cudgel|p2a: Coalossal|[anim] Ivy Cudgel Rock\n|-supereffective|p2a: Coalossal\n|-damage|p2a: Coalossal|97/341\n|move|p2a: Coalossal|Will-O-Wisp|p1a: Ogerpon\n|-status|p1a: Ogerpon|brn\n|\n|-damage|p1a: Ogerpon|82/100 brn|[from] brn\n|upkeep\n|turn|24\n|inactive|Time left: 300 sec this turn | 300 sec total\n|\n|t:|1783562505\n|move|p1a: Ogerpon|Ivy Cudgel|p2a: Coalossal|[anim] Ivy Cudgel Rock\n|-supereffective|p2a: Coalossal\n|-damage|p2a: Coalossal|0 fnt\n|faint|p2a: Coalossal\n|\n|win|p0x20057fcf", "uploadtime": 1783562505, "views": 0, "rating": 0, "private": 0, "password": null, "_winner": "p0x20057fcf", "_our_name": "p0y2005ef0f"}