{"id": "battle-gen9randombattle-1573", "formatid": "gen9randombattle", "format": "[Gen 9] Random Battle", "players": ["p0x1573c595", "p0y15732f40"], "log": "|init|battle\n|title|p0x1573c595 vs. p0y15732f40\n|j|\u2606p0x1573c595\n|j|\u2606p0y15732f40\n|t:|1783558227\n|gametype|singles\n|player|p1|p0x1573c595|1|\n|player|p2|p0y15732f40|1|\n|gen|9\n|tier|[Gen 9] Random Battle\n|rule|Species Clause: Limit one of each Pok\u00e9mon\n|rule|HP Percentage Mod: HP is shown in percentages\n|rule|Sleep Clause Mod: Limit one foe put to sleep\n|rule|Illusion Level Mod: Illusion disguises the Pok\u00e9mon's true level\n|\n|t:|1783558227\n|teamsize|p1|6\n|teamsize|p2|6\n|start\n|switch|p1a: Sandslash|Sandslash, L89, M|100/100\n|switch|p2a: Pawmot|Pawmot, L80, M|243/243\n|turn|1\n|inactive|Battle timer is ON: inactive players will automatically lose when time's up. (requested by p0y15732f40)\n|inactive|p0x1573c595 also wants the timer to be on.\n|\n|t:|1783558228\n|switch|p2a: Politoed|Politoed, L88, F|302/302\n|-weather|RainDance|[from] ability: Drizzle|[of] p2a: Politoed\n|move|p1a: Sandslash|Earthquake|p2a: Politoed\n|-crit|p2a: Politoed\n|-damage|p2a: Politoed|98/302\n|\n|-weather|RainDance|[upkeep]\n|upkeep\n|turn|2\n|inactive|Time left: 300 sec this turn | 300 sec total\n|\n|t:|1783558230\n|switch|p1a: Dipplin|Dipplin, L88, F|100/100\n|move|p2a: Politoed|Weather Ball|p1a: Dipplin\n|-resisted|p1a: Dipplin\n|-crit|p1a: Dipplin\n|-damage|p1a: Dipplin|78/100\n|\n|-weather|RainDance|[upkeep]\n|upkeep\n|turn|3\n|inactive|Time left: 300 sec this turn | 300 sec total\n|\n|t:|1783558231\n|move|p2a: Politoed|Weather Ball|p1a: Dipplin\n|-resisted|p1a: Dipplin\n|-damage|p1a: Dipplin|64/100\n|move|p1a: Dipplin|Giga Drain|p2a: Politoed\n|-supereffective|p2a: Politoed\n|-damage|p2a: Politoed|0 fnt\n|-heal|p1a: Dipplin|81/100|[from] drain|[of] p2a: Politoed\n|faint|p2a: Politoed\n|\n|-weather|RainDance|[upkeep]\n|upkeep\n|inactive|Time left: 300 sec this turn | 300 sec total | 5 sec grace\n|\n|t:|1783558232\n|switch|p2a: Porygon-Z|Porygon-Z, L83|277/277\n|turn|4\n|inactive|Time left: 300 sec this turn | 300 sec total\n|\n|t:|1783558233\n|move|p2a: Porygon-Z|Nasty Plot|p2a: Porygon-Z\n|-boost|p2a: Porygon-Z|spa|2\n|move|p1a: Dipplin|Giga Drain|p2a: Porygon-Z\n|-damage|p2a: Porygon-Z|183/277\n|-heal|p1a: Dipplin|97/100|[from] drain|[of] p2a: Porygon-Z\n|\n|-weather|RainDance|[upkeep]\n|upkeep\n|turn|5\n|inactive|Time left: 300 sec this turn | 300 sec total\n|\n|t:|1783558234\n|move|p2a: Porygon-Z|Tera Blast|p1a: Dipplin\n|-damage|p1a: Dipplin|0 fnt\n|faint|p1a: Dipplin\n|-damage|p2a: Porygon-Z|156/277|[from] item: Life Orb\n|\n|-weather|none\n|upkeep\n|\n|t:|1783558236\n|switch|p1a: Indeedee|Indeedee-F, L90, F|100/100\n|-fieldstart|move: Psychic Terrain|[from] ability: Psychic Surge|[of] p1a: Indeedee\n|turn|6\n|inactive|Time left: 300 sec this turn | 300 sec total\n|\n|t:|1783558237\n|move|p1a: Indeedee|Psychic|p2a: Porygon-Z\n|-damage|p2a: Porygon-Z|0 fnt\n|faint|p2a: Porygon-Z\n|\n|upkeep\n|inactive|Time left: 300 sec this turn | 300 sec total | 5 sec grace\n|\n|t:|1783558238\n|switch|p2a: Blaziken|Blaziken, L76, F|247/247\n|turn|7\n|inactive|Time left: 300 sec this turn | 300 sec total\n|\n|t:|1783558238\n|-terastallize|p2a: Blaziken|Dark\n|move|p1a: Indeedee|Psychic|p2a: Blaziken\n|-immune|p2a: Blaziken\n|move|p2a: Blaziken|Swords Dance|p2a: Blaziken\n|-boost|p2a: Blaziken|atk|2\n|\n|-ability|p2a: Blaziken|Speed Boost|boost\n|-boost|p2a: Blaziken|spe|1\n|upkeep\n|turn|8\n|inactive|Time left: 300 sec this turn | 300 sec total\n|\n|t:|1783558239\n|switch|p1a: Crabominable|Crabominable, L90, M|100/100\n|move|p2a: Blaziken|Knock Off|p1a: Crabominable\n|-resisted|p1a: Crabominable\n|-damage|p1a: Crabominable|59/100\n|-enditem|p1a: Crabominable|Choice Band|[from] move: Knock Off|[of] p2a: Blaziken\n|-damage|p2a: Blaziken|223/247|[from] item: Life Orb\n|\n|-ability|p2a: Blaziken|Speed Boost|boost\n|-boost|p2a: Blaziken|spe|1\n|upkeep\n|turn|9\n|inactive|Time left: 300 sec this turn | 300 sec total\n|\n|t:|1783558240\n|move|p2a: Blaziken|Flare Blitz|p1a: Crabominable\n|-supereffective|p1a: Crabominable\n|-damage|p1a: Crabominable|0 fnt\n|faint|p1a: Crabominable\n|-damage|p2a: Blaziken|161/247|[from] Recoil\n|-damage|p2a: Blaziken|137/247|[from] item: Life Orb\n|\n|-ability|p2a: Blaziken|Speed Boost|boost\n|-boost|p2a: Blaziken|spe|1\n|upkeep\n|\n|t:|1783558241\n|switch|p1a: Sandslash|Sandslash, L89, M|100/100\n|turn|10\n|inactive|Time left: 300 sec this turn | 300 sec total\n|\n|t:|1783558242\n|move|p2a: Blaziken|Close Combat|p1a: Sandslash\n|-damage|p1a: Sandslash|8/100\n|-unboost|p2a: Blaziken|def|1\n|-unboost|p2a: Blaziken|spd|1\n|-damage|p2a: Blaziken|113/247|[from] item: Life Orb\n|move|p1a: Sandslash|Earthquake|p2a: Blaziken\n|-damage|p2a: Blaziken|0 fnt\n|faint|p2a: Blaziken\n|\n|-heal|p1a: Sandslash|14/100|[from] item: Leftovers\n|-fieldend|move: Psychic Terrain\n|upkeep\n|inactive|Time left: 300 sec this turn | 300 sec total | 5 sec grace\n|\n|t:|1783558243\n|switch|p2a: Whiscash|Whiscash, L88, F|337/337\n|turn|11\n|inactive|Time left: 300 sec this turn | 300 sec total\n|\n|t:|1783558244\n|move|p1a: Sandslash|Earthquake|p2a: Whiscash\n|-damage|p2a: Whiscash|211/337\n|move|p2a: Whiscash|Dragon Dance|p2a: Whiscash\n|-boost|p2a: Whiscash|atk|1\n|-boost|p2a: Whiscash|spe|1\n|\n|-heal|p1a: Sandslash|20/100|[from] item: Leftovers\n|upkeep\n|turn|12\n|inactive|Time left: 300 sec this turn | 300 sec total\n|\n|t:|1783558245\n|move|p2a: Whiscash|Dragon Dance|p2a: Whiscash\n|-boost|p2a: Whiscash|atk|1\n|-boost|p2a: Whiscash|spe|1\n|move|p1a: Sandslash|Earthquake|p2a: Whiscash\n|-damage|p2a: Whiscash|70/337\n|\n|-heal|p1a: Sandslash|26/100|[from] item: Leftovers\n|upkeep\n|turn|13\n|inactive|Time left: 300 sec this turn | 300 sec total\n|\n|t:|1783558246\n|move|p2a: Whiscash|Earthquake|p1a: Sandslash\n|-damage|p1a: Sandslash|0 fnt\n|faint|p1a: Sandslash\n|-damage|p2a: Whiscash|37/337|[from] item: Life Orb\n|\n|upkeep\n|\n|t:|1783558246\n|switch|p1a: Toucannon|Toucannon, L88, F|100/100\n|turn|14\n|inactive|Time left: 300 sec this turn | 300 sec total\n|\n|t:|1783558247\n|move|p2a: Whiscash|Stone Edge|p1a: Toucannon\n|-supereffective|p1a: Toucannon\n|-damage|p1a: Toucannon|0 fnt\n|faint|p1a: Toucannon\n|-damage|p2a: Whiscash|4/337|[from] item: Life Orb\n|\n|upkeep\n|\n|t:|1783558248\n|switch|p1a: Moltres|Moltres, L81|100/100\n|turn|15\n|inactive|Time left: 300 sec this turn | 300 sec total\n|\n|t:|1783558249\n|move|p2a: Whiscash|Liquidation|p1a: Moltres\n|-supereffective|p1a: Moltres\n|-damage|p1a: Moltres|0 fnt\n|faint|p1a: Moltres\n|-damage|p2a: Whiscash|0 fnt|[from] item: Life Orb\n|faint|p2a: Whiscash\n|\n|upkeep\n|inactive|Time left: 300 sec this turn | 300 sec total | 5 sec grace\n|\n|t:|1783558249\n|switch|p1a: Indeedee|Indeedee-F, L90, F|100/100\n|switch|p2a: Swalot|Swalot, L90, F|326/326\n|-fieldstart|move: Psychic Terrain|[from] ability: Psychic Surge|[of] p1a: Indeedee\n|turn|16\n|inactive|Time left: 300 sec this turn | 300 sec total\n|\n|t:|1783558250\n|move|p1a: Indeedee|Psychic|p2a: Swalot\n|-supereffective|p2a: Swalot\n|-damage|p2a: Swalot|62/326\n|move|p2a: Swalot|Ice Beam|p1a: Indeedee\n|-damage|p1a: Indeedee|81/100\n|-status|p1a: Indeedee|frz\n|\n|-heal|p2a: Swalot|82/326|[from] item: Leftovers\n|upkeep\n|turn|17\n|inactive|Time left: 300 sec this turn | 300 sec total\n|\n|t:|1783558251\n|-terastallize|p1a: Indeedee|Fairy\n|-curestatus|p1a: Indeedee|frz|[msg]\n|move|p1a: Indeedee|Psychic|p2a: Swalot\n|-supereffective|p2a: Swalot\n|-damage|p2a: Swalot|0 fnt\n|faint|p2a: Swalot\n|\n|upkeep\n|inactive|Time left: 300 sec this turn | 300 sec total | 5 sec grace\n|\n|t:|1783558251\n|switch|p2a: Pawmot|Pawmot, L80, M|243/243\n|turn|18\n|inactive|Time left: 300 sec this turn | 300 sec total\n|\n|t:|1783558252\n|move|p1a: Indeedee|Psychic|p2a: Pawmot\n|-supereffective|p2a: Pawmot\n|-damage|p2a: Pawmot|0 fnt\n|faint|p2a: Pawmot\n|\n|win|p0x1573c595", "uploadtime": 1783558252, "views": 0, "rating": 0, "private": 0, "password": null, "_winner": "p0x1573c595", "_our_name": "p0y15732f40"}