{"id": "battle-gen9randombattle-98", "formatid": "gen9randombattle", "format": "[Gen 9] Random Battle", "players": ["p0x09817f1", "p0y098eff6"], "log": "|init|battle\n|title|p0x09817f1 vs. p0y098eff6\n|j|\u2606p0x09817f1\n|j|\u2606p0y098eff6\n|t:|1783540319\n|gametype|singles\n|player|p1|p0x09817f1|266|\n|player|p2|p0y098eff6|102|\n|gen|9\n|tier|[Gen 9] Random Battle\n|rule|Species Clause: Limit one of each Pok\u00e9mon\n|rule|HP Percentage Mod: HP is shown in percentages\n|rule|Sleep Clause Mod: Limit one foe put to sleep\n|rule|Illusion Level Mod: Illusion disguises the Pok\u00e9mon's true level\n|\n|t:|1783540319\n|teamsize|p1|6\n|teamsize|p2|6\n|start\n|switch|p1a: Toxicroak|Toxicroak, L84, M|277/277\n|switch|p2a: Mesprit|Mesprit, L85|100/100\n|turn|1\n|inactive|Battle timer is ON: inactive players will automatically lose when time's up. (requested by p0x09817f1)\n|inactive|p0y098eff6 also wants the timer to be on.\n|\n|t:|1783540321\n|switch|p1a: Ampharos|Ampharos, L88, M|302/302\n|move|p2a: Mesprit|Psychic Noise|p1a: Ampharos\n|-damage|p1a: Ampharos|218/302\n|-start|p1a: Ampharos|move: Heal Block\n|\n|upkeep\n|turn|2\n|inactive|Time left: 300 sec this turn | 300 sec total\n|\n|t:|1783540323\n|move|p2a: Mesprit|Psychic Noise|p1a: Ampharos\n|-damage|p1a: Ampharos|136/302\n|move|p1a: Ampharos|Thunderbolt|p2a: Mesprit\n|-damage|p2a: Mesprit|69/100\n|-damage|p1a: Ampharos|106/302|[from] item: Life Orb\n|\n|-end|p1a: Ampharos|move: Heal Block\n|upkeep\n|turn|3\n|inactive|Time left: 300 sec this turn | 300 sec total\n|\n|t:|1783540324\n|move|p2a: Mesprit|Psychic Noise|p1a: Ampharos\n|-damage|p1a: Ampharos|24/302\n|-start|p1a: Ampharos|move: Heal Block\n|move|p1a: Ampharos|Thunderbolt|p2a: Mesprit\n|-damage|p2a: Mesprit|33/100\n|-damage|p1a: Ampharos|0 fnt|[from] item: Life Orb\n|faint|p1a: Ampharos\n|\n|upkeep\n|inactive|Time left: 300 sec this turn | 300 sec total | 5 sec grace\n|\n|t:|1783540326\n|switch|p1a: Oricorio|Oricorio-Sensu, L85, M|266/266\n|turn|4\n|inactive|Time left: 300 sec this turn | 300 sec total\n|\n|t:|1783540327\n|switch|p2a: Golem|Golem-Alola, L93, M|100/100\n|move|p1a: Oricorio|Revelation Dance|p2a: Golem\n|-damage|p2a: Golem|66/100\n|\n|upkeep\n|turn|5\n|inactive|Time left: 300 sec this turn | 300 sec total\n|\n|t:|1783540328\n|-terastallize|p1a: Oricorio|Fighting\n|move|p1a: Oricorio|Revelation Dance|p2a: Golem\n|-supereffective|p2a: Golem\n|-crit|p2a: Golem\n|-damage|p2a: Golem|0 fnt\n|faint|p2a: Golem\n|\n|upkeep\n|\n|t:|1783540329\n|switch|p2a: Banette|Banette, L93, F|100/100\n|turn|6\n|inactive|Time left: 300 sec this turn | 300 sec total\n|\n|t:|1783540330\n|switch|p1a: Zangoose|Zangoose, L85, F|263/263\n|move|p2a: Banette|Poltergeist|p1a: Zangoose\n|-immune|p1a: Zangoose\n|\n|-status|p1a: Zangoose|tox|[from] item: Toxic Orb\n|upkeep\n|turn|7\n|inactive|Time left: 300 sec this turn | 300 sec total\n|\n|t:|1783540331\n|switch|p2a: Klefki|Klefki, L84, M|100/100\n|move|p1a: Zangoose|Knock Off|p2a: Klefki\n|-resisted|p2a: Klefki\n|-damage|p2a: Klefki|73/100\n|-enditem|p2a: Klefki|Leftovers|[from] move: Knock Off|[of] p1a: Zangoose\n|\n|-damage|p1a: Zangoose|247/263 tox|[from] psn\n|upkeep\n|turn|8\n|inactive|Time left: 300 sec this turn | 300 sec total\n|\n|t:|1783540332\n|move|p1a: Zangoose|Facade|p2a: Klefki\n|-resisted|p2a: Klefki\n|-damage|p2a: Klefki|16/100\n|move|p2a: Klefki|Foul Play|p1a: Zangoose\n|-damage|p1a: Zangoose|143/263 tox\n|\n|-damage|p1a: Zangoose|111/263 tox|[from] psn\n|upkeep\n|turn|9\n|inactive|Time left: 300 sec this turn | 300 sec total\n|\n|t:|1783540332\n|move|p2a: Klefki|Spikes|p1a: Zangoose\n|-sidestart|p1: p0x09817f1|Spikes\n|move|p1a: Zangoose|Facade|p2a: Klefki\n|-resisted|p2a: Klefki\n|-damage|p2a: Klefki|0 fnt\n|faint|p2a: Klefki\n|\n|-damage|p1a: Zangoose|63/263 tox|[from] psn\n|upkeep\n|\n|t:|1783540333\n|switch|p2a: Hawlucha|Hawlucha, L80, M|100/100\n|turn|10\n|inactive|Time left: 300 sec this turn | 300 sec total\n|\n|t:|1783540334\n|move|p2a: Hawlucha|Acrobatics|p1a: Zangoose\n|-damage|p1a: Zangoose|0 fnt\n|faint|p1a: Zangoose\n|\n|upkeep\n|inactive|Time left: 300 sec this turn | 300 sec total | 5 sec grace\n|\n|t:|1783540335\n|switch|p1a: Oricorio|Oricorio-Sensu, L85, M, tera:Fighting|266/266\n|turn|11\n|inactive|Time left: 300 sec this turn | 300 sec total\n|\n|t:|1783540336\n|move|p2a: Hawlucha|Close Combat|p1a: Oricorio\n|-damage|p1a: Oricorio|130/266\n|-unboost|p2a: Hawlucha|def|1\n|-unboost|p2a: Hawlucha|spd|1\n|-enditem|p2a: Hawlucha|White Herb\n|-clearnegativeboost|p2a: Hawlucha|[silent]\n|move|p1a: Oricorio|Hurricane|p2a: Hawlucha\n|-supereffective|p2a: Hawlucha\n|-crit|p2a: Hawlucha\n|-damage|p2a: Hawlucha|0 fnt\n|faint|p2a: Hawlucha\n|\n|upkeep\n|\n|t:|1783540337\n|switch|p2a: Mesprit|Mesprit, L85|33/100\n|turn|12\n|inactive|Time left: 300 sec this turn | 300 sec total\n|\n|t:|1783540338\n|move|p1a: Oricorio|Roost|p1a: Oricorio\n|-heal|p1a: Oricorio|263/266\n|move|p2a: Mesprit|Psychic Noise|p1a: Oricorio\n|-supereffective|p1a: Oricorio\n|-damage|p1a: Oricorio|71/266\n|-start|p1a: Oricorio|move: Heal Block\n|\n|upkeep\n|turn|13\n|inactive|Time left: 300 sec this turn | 300 sec total\n|\n|t:|1783540340\n|move|p1a: Oricorio|Hurricane|p2a: Mesprit|[miss]\n|-miss|p1a: Oricorio|p2a: Mesprit\n|move|p2a: Mesprit|Psychic Noise|p1a: Oricorio\n|-supereffective|p1a: Oricorio\n|-damage|p1a: Oricorio|0 fnt\n|faint|p1a: Oricorio\n|\n|upkeep\n|inactive|Time left: 300 sec this turn | 300 sec total | 5 sec grace\n|\n|t:|1783540341\n|switch|p1a: Tatsugiri|Tatsugiri, L87, M|260/260\n|turn|14\n|inactive|Time left: 300 sec this turn | 300 sec total\n|\n|t:|1783540342\n|move|p1a: Tatsugiri|Nasty Plot|p1a: Tatsugiri\n|-boost|p1a: Tatsugiri|spa|2\n|move|p2a: Mesprit|Drain Punch|p1a: Tatsugiri\n|-damage|p1a: Tatsugiri|180/260\n|-heal|p2a: Mesprit|47/100|[from] drain|[of] p1a: Tatsugiri\n|\n|upkeep\n|turn|15\n|inactive|Time left: 300 sec this turn | 300 sec total\n|\n|t:|1783540343\n|move|p1a: Tatsugiri|Surf|p2a: Mesprit\n|-damage|p2a: Mesprit|0 fnt\n|faint|p2a: Mesprit\n|\n|upkeep\n|\n|t:|1783540344\n|switch|p2a: Eelektross|Eelektross, L87, F|100/100\n|turn|16\n|inactive|Time left: 300 sec this turn | 300 sec total\n|\n|t:|1783540345\n|move|p1a: Tatsugiri|Draco Meteor|p2a: Eelektross\n|-damage|p2a: Eelektross|20/100\n|-unboost|p1a: Tatsugiri|spa|2\n|move|p2a: Eelektross|Dragon Tail|p1a: Tatsugiri\n|-supereffective|p1a: Tatsugiri\n|-damage|p1a: Tatsugiri|48/260\n|drag|p1a: Toxicroak|Toxicroak, L84, M|277/277\n|-damage|p1a: Toxicroak|243/277|[from] Spikes\n|\n|upkeep\n|turn|17\n|inactive|Time left: 300 sec this turn | 300 sec total\n|\n|t:|1783540346\n|move|p1a: Toxicroak|Close Combat|p2a: Eelektross\n|-damage|p2a: Eelektross|0 fnt\n|-unboost|p1a: Toxicroak|def|1\n|-unboost|p1a: Toxicroak|spd|1\n|faint|p2a: Eelektross\n|-damage|p1a: Toxicroak|216/277|[from] item: Life Orb\n|\n|upkeep\n|\n|t:|1783540347\n|switch|p2a: Banette|Banette, L93, F|100/100\n|turn|18\n|inactive|Time left: 300 sec this turn | 300 sec total\n|\n|t:|1783540348\n|move|p1a: Toxicroak|Earthquake|p2a: Banette\n|-damage|p2a: Banette|60/100\n|-damage|p1a: Toxicroak|189/277|[from] item: Life Orb\n|move|p2a: Banette|Thunder Wave|p1a: Toxicroak\n|-status|p1a: Toxicroak|par\n|\n|upkeep\n|turn|19\n|inactive|Time left: 300 sec this turn | 300 sec total\n|\n|t:|1783540348\n|move|p2a: Banette|Poltergeist|p1a: Toxicroak\n|-activate|p1a: Toxicroak|move: Poltergeist|Life Orb\n|-damage|p1a: Toxicroak|0 fnt\n|faint|p1a: Toxicroak\n|-damage|p2a: Banette|50/100|[from] item: Life Orb\n|\n|upkeep\n|inactive|Time left: 300 sec this turn | 300 sec total | 5 sec grace\n|\n|t:|1783540349\n|switch|p1a: Empoleon|Empoleon, L84, F|278/278\n|-damage|p1a: Empoleon|244/278|[from] Spikes\n|turn|20\n|inactive|Time left: 300 sec this turn | 300 sec total\n|\n|t:|1783540350\n|-terastallize|p2a: Banette|Poison\n|move|p2a: Banette|Thunder Wave|p1a: Empoleon\n|-status|p1a: Empoleon|par\n|move|p1a: Empoleon|Surf|p2a: Banette\n|-damage|p2a: Banette|0 fnt\n|-start|p1a: Empoleon|Disable|Surf|[from] ability: Cursed Body|[of] p2a: Banette\n|faint|p2a: Banette\n|\n|win|p0x09817f1", "uploadtime": 1783540350, "views": 0, "rating": 0, "private": 0, "password": null, "_winner": "p0x09817f1", "_our_name": "p0x09817f1"}