{"id": "battle-gen9randombattle-96", "formatid": "gen9randombattle", "format": "[Gen 9] Random Battle", "players": ["p0x09666f8", "p0y09667e7"], "log": "|init|battle\n|title|p0x09666f8 vs. p0y09667e7\n|j|\u2606p0x09666f8\n|j|\u2606p0y09667e7\n|t:|1783534370\n|gametype|singles\n|player|p1|p0x09666f8|102|\n|player|p2|p0y09667e7|1|\n|gen|9\n|tier|[Gen 9] Random Battle\n|rule|Species Clause: Limit one of each Pok\u00e9mon\n|rule|HP Percentage Mod: HP is shown in percentages\n|rule|Sleep Clause Mod: Limit one foe put to sleep\n|rule|Illusion Level Mod: Illusion disguises the Pok\u00e9mon's true level\n|\n|t:|1783534370\n|teamsize|p1|6\n|teamsize|p2|6\n|start\n|switch|p1a: Wugtrio|Wugtrio, L91, M|100/100\n|switch|p2a: Lurantis|Lurantis, L87, F|264/264\n|turn|1\n|inactive|Battle timer is ON: inactive players will automatically lose when time's up. (requested by p0x09666f8)\n|inactive|Time left: 300 sec this turn | 300 sec total | 60 sec grace\n|inactive|p0y09667e7 also wants the timer to be on.\n|\n|t:|1783534372\n|switch|p1a: Regice|Regice, L88|100/100\n|move|p2a: Lurantis|Superpower|p1a: Regice\n|-supereffective|p1a: Regice\n|-damage|p1a: Regice|39/100\n|-boost|p2a: Lurantis|atk|1\n|-boost|p2a: Lurantis|def|1\n|\n|upkeep\n|turn|2\n|inactive|Time left: 300 sec this turn | 300 sec total\n|\n|t:|1783534373\n|move|p1a: Regice|Ice Beam|p2a: Lurantis\n|-supereffective|p2a: Lurantis\n|-damage|p2a: Lurantis|58/264\n|move|p2a: Lurantis|Superpower|p1a: Regice\n|-supereffective|p1a: Regice\n|-damage|p1a: Regice|0 fnt\n|-boost|p2a: Lurantis|atk|1\n|-boost|p2a: Lurantis|def|1\n|faint|p1a: Regice\n|\n|-heal|p2a: Lurantis|74/264|[from] item: Leftovers\n|upkeep\n|\n|t:|1783534374\n|switch|p1a: Wyrdeer|Wyrdeer, L87, M|100/100\n|-ability|p1a: Wyrdeer|Intimidate|boost\n|-boost|p2a: Lurantis|atk|1\n|turn|3\n|inactive|Time left: 300 sec this turn | 300 sec total\n|\n|t:|1783534376\n|move|p1a: Wyrdeer|Psychic Noise|p2a: Lurantis\n|-damage|p2a: Lurantis|0 fnt\n|faint|p2a: Lurantis\n|\n|upkeep\n|inactive|Time left: 300 sec this turn | 300 sec total | 5 sec grace\n|\n|t:|1783534377\n|switch|p2a: Noctowl|Noctowl, L95, M|344/344\n|turn|4\n|inactive|Time left: 300 sec this turn | 300 sec total\n|\n|t:|1783534378\n|move|p2a: Noctowl|Nasty Plot|p2a: Noctowl\n|-boost|p2a: Noctowl|spa|2\n|move|p1a: Wyrdeer|Megahorn|p2a: Noctowl\n|-resisted|p2a: Noctowl\n|-damage|p2a: Noctowl|282/344\n|\n|upkeep\n|turn|5\n|inactive|Time left: 300 sec this turn | 300 sec total\n|\n|t:|1783534379\n|move|p2a: Noctowl|Hyper Voice|p1a: Wyrdeer\n|-damage|p1a: Wyrdeer|25/100\n|move|p1a: Wyrdeer|Thunder Wave|p2a: Noctowl\n|-status|p2a: Noctowl|par\n|\n|-heal|p1a: Wyrdeer|31/100|[from] item: Leftovers\n|upkeep\n|turn|6\n|inactive|Time left: 300 sec this turn | 300 sec total\n|\n|t:|1783534380\n|move|p1a: Wyrdeer|Psychic Noise|p2a: Noctowl\n|-damage|p2a: Noctowl|212/344 par\n|-start|p2a: Noctowl|move: Heal Block\n|move|p2a: Noctowl|Hyper Voice|p1a: Wyrdeer\n|-damage|p1a: Wyrdeer|0 fnt\n|faint|p1a: Wyrdeer\n|\n|upkeep\n|\n|t:|1783534381\n|switch|p1a: Meowscarada|Meowscarada, L78, F|100/100\n|turn|7\n|inactive|Time left: 300 sec this turn | 300 sec total\n|\n|t:|1783534381\n|move|p1a: Meowscarada|Triple Axel|p2a: Noctowl\n|-start|p1a: Meowscarada|typechange|Ice|[from] ability: Protean\n|-supereffective|p2a: Noctowl\n|-damage|p2a: Noctowl|142/344 par\n|-hitcount|p2a: Noctowl|1\n|-damage|p1a: Meowscarada|91/100|[from] item: Life Orb\n|cant|p2a: Noctowl|par\n|\n|-end|p2a: Noctowl|move: Heal Block\n|upkeep\n|turn|8\n|inactive|Time left: 300 sec this turn | 300 sec total\n|\n|t:|1783534382\n|move|p1a: Meowscarada|Triple Axel|p2a: Noctowl\n|-supereffective|p2a: Noctowl\n|-damage|p2a: Noctowl|72/344 par\n|-supereffective|p2a: Noctowl\n|-damage|p2a: Noctowl|0 fnt\n|faint|p2a: Noctowl\n|-hitcount|p2: Noctowl|2\n|-damage|p1a: Meowscarada|81/100|[from] item: Life Orb\n|\n|upkeep\n|inactive|Time left: 300 sec this turn | 300 sec total | 5 sec grace\n|\n|t:|1783534383\n|switch|p2a: Volcarona|Volcarona, L77, M|257/257\n|turn|9\n|inactive|Time left: 300 sec this turn | 300 sec total\n|\n|t:|1783534384\n|switch|p1a: Wugtrio|Wugtrio, L91, M|100/100\n|move|p2a: Volcarona|Quiver Dance|p2a: Volcarona\n|-boost|p2a: Volcarona|spa|1\n|-boost|p2a: Volcarona|spd|1\n|-boost|p2a: Volcarona|spe|1\n|\n|upkeep\n|turn|10\n|inactive|Time left: 300 sec this turn | 300 sec total\n|\n|t:|1783534385\n|-terastallize|p2a: Volcarona|Grass\n|move|p2a: Volcarona|Giga Drain|p1a: Wugtrio\n|-supereffective|p1a: Wugtrio\n|-damage|p1a: Wugtrio|0 fnt\n|faint|p1a: Wugtrio\n|\n|upkeep\n|\n|t:|1783534386\n|switch|p1a: Meowscarada|Meowscarada, L78, F|81/100\n|turn|11\n|inactive|Time left: 300 sec this turn | 300 sec total\n|\n|t:|1783534387\n|switch|p1a: Minun|Minun, L95, F|100/100\n|move|p2a: Volcarona|Fire Blast|p1a: Minun\n|-damage|p1a: Minun|36/100\n|\n|upkeep\n|turn|12\n|inactive|Time left: 300 sec this turn | 300 sec total\n|\n|t:|1783534387\n|move|p2a: Volcarona|Quiver Dance|p2a: Volcarona\n|-boost|p2a: Volcarona|spa|1\n|-boost|p2a: Volcarona|spd|1\n|-boost|p2a: Volcarona|spe|1\n|move|p1a: Minun|Nasty Plot|p1a: Minun\n|-boost|p1a: Minun|spa|2\n|\n|upkeep\n|turn|13\n|inactive|Time left: 300 sec this turn | 300 sec total\n|\n|t:|1783534388\n|-terastallize|p1a: Minun|Grass\n|move|p2a: Volcarona|Giga Drain|p1a: Minun\n|-resisted|p1a: Minun\n|-damage|p1a: Minun|5/100\n|move|p1a: Minun|Encore|p2a: Volcarona\n|-start|p2a: Volcarona|Encore\n|\n|upkeep\n|turn|14\n|inactive|Time left: 300 sec this turn | 300 sec total\n|\n|t:|1783534389\n|move|p2a: Volcarona|Giga Drain|p1a: Minun\n|-resisted|p1a: Minun\n|-damage|p1a: Minun|0 fnt\n|faint|p1a: Minun\n|\n|upkeep\n|\n|t:|1783534390\n|switch|p1a: Meowscarada|Meowscarada, L78, F|81/100\n|turn|15\n|inactive|Time left: 300 sec this turn | 300 sec total\n|\n|t:|1783534391\n|move|p2a: Volcarona|Giga Drain|p1a: Meowscarada\n|-resisted|p1a: Meowscarada\n|-damage|p1a: Meowscarada|35/100\n|move|p1a: Meowscarada|Triple Axel|p2a: Volcarona\n|-start|p1a: Meowscarada|typechange|Ice|[from] ability: Protean\n|-supereffective|p2a: Volcarona\n|-damage|p2a: Volcarona|184/257\n|-hitcount|p2a: Volcarona|1\n|-damage|p1a: Meowscarada|26/100|[from] item: Life Orb\n|\n|upkeep\n|turn|16\n|inactive|Time left: 300 sec this turn | 300 sec total\n|\n|t:|1783534392\n|switch|p1a: Ludicolo|Ludicolo, L90, F|100/100\n|move|p2a: Volcarona|Giga Drain|p1a: Ludicolo\n|-damage|p1a: Ludicolo|46/100\n|-heal|p2a: Volcarona|257/257|[from] drain|[of] p1a: Ludicolo\n|\n|-end|p2a: Volcarona|Encore\n|upkeep\n|turn|17\n|inactive|Time left: 300 sec this turn | 300 sec total\n|\n|t:|1783534393\n|move|p2a: Volcarona|Giga Drain|p1a: Ludicolo\n|-damage|p1a: Ludicolo|0 fnt\n|faint|p1a: Ludicolo\n|\n|upkeep\n|\n|t:|1783534394\n|switch|p1a: Meowscarada|Meowscarada, L78, F|26/100\n|turn|18\n|inactive|Time left: 300 sec this turn | 300 sec total\n|\n|t:|1783534395\n|move|p2a: Volcarona|Giga Drain|p1a: Meowscarada\n|-resisted|p1a: Meowscarada\n|-damage|p1a: Meowscarada|0 fnt\n|faint|p1a: Meowscarada\n|\n|win|p0y09667e7", "uploadtime": 1783534395, "views": 0, "rating": 0, "private": 0, "password": null, "_winner": "p0y09667e7", "_our_name": "p0y09667e7"}