{"id": "battle-gen9randombattle-189", "formatid": "gen9randombattle", "format": "[Gen 9] Random Battle", "players": ["p0x1890af4", "p0y189fdf6"], "log": "|init|battle\n|title|p0x1890af4 vs. p0y189fdf6\n|j|\u2606p0x1890af4\n|j|\u2606p0y189fdf6\n|t:|1783535956\n|gametype|singles\n|player|p1|p0x1890af4|1|\n|player|p2|p0y189fdf6|170|\n|gen|9\n|tier|[Gen 9] Random Battle\n|rule|Species Clause: Limit one of each Pok\u00e9mon\n|rule|HP Percentage Mod: HP is shown in percentages\n|rule|Sleep Clause Mod: Limit one foe put to sleep\n|rule|Illusion Level Mod: Illusion disguises the Pok\u00e9mon's true level\n|\n|t:|1783535956\n|teamsize|p1|6\n|teamsize|p2|6\n|start\n|switch|p1a: Toxtricity|Toxtricity, L82, M|257/257\n|switch|p2a: Tauros|Tauros, L82, M|100/100\n|turn|1\n|inactive|Battle timer is ON: inactive players will automatically lose when time's up. (requested by p0x1890af4)\n|inactive|p0y189fdf6 also wants the timer to be on.\n|\n|t:|1783535957\n|move|p1a: Toxtricity|Overdrive|p2a: Tauros\n|-damage|p2a: Tauros|49/100\n|move|p2a: Tauros|Body Slam|p1a: Toxtricity\n|-crit|p1a: Toxtricity\n|-damage|p1a: Toxtricity|0 fnt\n|faint|p1a: Toxtricity\n|\n|upkeep\n|inactive|Time left: 300 sec this turn | 300 sec total | 65 sec grace\n|\n|t:|1783535958\n|switch|p1a: Gothitelle|Gothitelle, L90, M|272/272\n|turn|2\n|inactive|Time left: 300 sec this turn | 300 sec total\n|\n|t:|1783535959\n|move|p1a: Gothitelle|Psychic|p2a: Tauros\n|-damage|p2a: Tauros|0 fnt\n|faint|p2a: Tauros\n|\n|upkeep\n|\n|t:|1783535960\n|switch|p2a: Delphox|Delphox, L84, F|100/100\n|turn|3\n|inactive|Time left: 300 sec this turn | 300 sec total\n|\n|t:|1783535961\n|move|p1a: Gothitelle|Psychic|p2a: Delphox\n|-resisted|p2a: Delphox\n|-damage|p2a: Delphox|83/100\n|move|p2a: Delphox|Fire Blast|p1a: Gothitelle\n|-damage|p1a: Gothitelle|125/272\n|\n|upkeep\n|turn|4\n|inactive|Time left: 300 sec this turn | 300 sec total\n|\n|t:|1783535962\n|move|p1a: Gothitelle|Psychic|p2a: Delphox\n|-resisted|p2a: Delphox\n|-damage|p2a: Delphox|65/100\n|move|p2a: Delphox|Fire Blast|p1a: Gothitelle|[miss]\n|-miss|p2a: Delphox|p1a: Gothitelle\n|\n|upkeep\n|turn|5\n|inactive|Time left: 300 sec this turn | 300 sec total\n|\n|t:|1783535964\n|move|p1a: Gothitelle|Psychic|p2a: Delphox\n|-resisted|p2a: Delphox\n|-damage|p2a: Delphox|47/100\n|move|p2a: Delphox|Fire Blast|p1a: Gothitelle\n|-damage|p1a: Gothitelle|0 fnt\n|faint|p1a: Gothitelle\n|\n|upkeep\n|inactive|Time left: 300 sec this turn | 300 sec total | 5 sec grace\n|\n|t:|1783535964\n|switch|p1a: Drifblim|Drifblim, L86, M|398/398\n|turn|6\n|inactive|Time left: 300 sec this turn | 300 sec total\n|\n|t:|1783535965\n|move|p2a: Delphox|Fire Blast|p1a: Drifblim\n|-damage|p1a: Drifblim|124/398\n|move|p1a: Drifblim|Shadow Ball|p2a: Delphox\n|-supereffective|p2a: Delphox\n|-damage|p2a: Delphox|0 fnt\n|faint|p2a: Delphox\n|\n|upkeep\n|\n|t:|1783535966\n|switch|p2a: Qwilfish|Qwilfish, L86, M|100/100\n|-ability|p2a: Qwilfish|Intimidate|boost\n|-unboost|p1a: Drifblim|atk|1\n|turn|7\n|inactive|Time left: 300 sec this turn | 300 sec total\n|\n|t:|1783535968\n|move|p2a: Qwilfish|Waterfall|p1a: Drifblim\n|-damage|p1a: Drifblim|0 fnt\n|-damage|p2a: Qwilfish|75/100|[from] ability: Aftermath|[of] p1a: Drifblim\n|faint|p1a: Drifblim\n|\n|-heal|p2a: Qwilfish|81/100|[from] item: Leftovers\n|upkeep\n|inactive|Time left: 300 sec this turn | 300 sec total | 5 sec grace\n|\n|t:|1783535969\n|switch|p1a: Okidogi|Okidogi, L77, M|262/262\n|turn|8\n|inactive|Time left: 300 sec this turn | 300 sec total\n|\n|t:|1783535970\n|move|p2a: Qwilfish|Waterfall|p1a: Okidogi\n|-damage|p1a: Okidogi|181/262\n|move|p1a: Okidogi|Bulk Up|p1a: Okidogi\n|-boost|p1a: Okidogi|atk|1\n|-boost|p1a: Okidogi|def|1\n|\n|-heal|p2a: Qwilfish|87/100|[from] item: Leftovers\n|-heal|p1a: Okidogi|197/262|[from] item: Leftovers\n|upkeep\n|turn|9\n|inactive|Time left: 300 sec this turn | 300 sec total\n|\n|t:|1783535971\n|switch|p2a: Vespiquen|Vespiquen, L99, F|100/100\n|-ability|p2a: Vespiquen|Pressure\n|move|p1a: Okidogi|Drain Punch|p2a: Vespiquen\n|-resisted|p2a: Vespiquen\n|-damage|p2a: Vespiquen|93/100\n|-heal|p1a: Okidogi|209/262|[from] drain|[of] p2a: Vespiquen\n|\n|-heal|p1a: Okidogi|225/262|[from] item: Leftovers\n|upkeep\n|turn|10\n|inactive|Time left: 300 sec this turn | 300 sec total\n|\n|t:|1783535972\n|-terastallize|p1a: Okidogi|Dark\n|move|p1a: Okidogi|Knock Off|p2a: Vespiquen\n|-damage|p2a: Vespiquen|53/100\n|-enditem|p2a: Vespiquen|Heavy-Duty Boots|[from] move: Knock Off|[of] p1a: Okidogi\n|move|p2a: Vespiquen|Air Slash|p1a: Okidogi\n|-damage|p1a: Okidogi|128/262\n|\n|-heal|p1a: Okidogi|144/262|[from] item: Leftovers\n|upkeep\n|turn|11\n|inactive|Time left: 300 sec this turn | 300 sec total\n|\n|t:|1783535973\n|move|p1a: Okidogi|Gunk Shot|p2a: Vespiquen\n|-damage|p2a: Vespiquen|2/100\n|move|p2a: Vespiquen|U-turn|p1a: Okidogi\n|-supereffective|p1a: Okidogi\n|-damage|p1a: Okidogi|46/262\n|\n|t:|1783535973\n|switch|p2a: Toedscruel|Toedscruel, L87, M|100/100|[from] U-turn\n|\n|-heal|p1a: Okidogi|62/262|[from] item: Leftovers\n|upkeep\n|turn|12\n|inactive|Time left: 300 sec this turn | 300 sec total\n|\n|t:|1783535974\n|move|p2a: Toedscruel|Earth Power|p1a: Okidogi\n|-damage|p1a: Okidogi|0 fnt\n|faint|p1a: Okidogi\n|\n|upkeep\n|inactive|Time left: 300 sec this turn | 300 sec total | 5 sec grace\n|\n|t:|1783535975\n|switch|p1a: Bellossom|Bellossom, L84, F|263/263\n|turn|13\n|inactive|Time left: 300 sec this turn | 300 sec total\n|\n|t:|1783535976\n|switch|p2a: Qwilfish|Qwilfish, L86, M|87/100\n|-ability|p2a: Qwilfish|Intimidate|boost\n|-unboost|p1a: Bellossom|atk|1\n|move|p1a: Bellossom|Quiver Dance|p1a: Bellossom\n|-boost|p1a: Bellossom|spa|1\n|-boost|p1a: Bellossom|spd|1\n|-boost|p1a: Bellossom|spe|1\n|\n|-heal|p2a: Qwilfish|93/100|[from] item: Leftovers\n|upkeep\n|turn|14\n|inactive|Time left: 300 sec this turn | 300 sec total\n|\n|t:|1783535977\n|move|p1a: Bellossom|Strength Sap|p2a: Qwilfish\n|-unboost|p2a: Qwilfish|atk|1\n|move|p2a: Qwilfish|Gunk Shot|p1a: Bellossom\n|-supereffective|p1a: Bellossom\n|-damage|p1a: Bellossom|89/263\n|\n|-heal|p1a: Bellossom|105/263|[from] item: Leftovers\n|-heal|p2a: Qwilfish|99/100|[from] item: Leftovers\n|upkeep\n|turn|15\n|inactive|Time left: 300 sec this turn | 300 sec total\n|\n|t:|1783535977\n|move|p1a: Bellossom|Strength Sap|p2a: Qwilfish\n|-unboost|p2a: Qwilfish|atk|1\n|-heal|p1a: Bellossom|247/263\n|move|p2a: Qwilfish|Gunk Shot|p1a: Bellossom\n|-supereffective|p1a: Bellossom\n|-damage|p1a: Bellossom|131/263\n|-status|p1a: Bellossom|psn\n|\n|-heal|p1a: Bellossom|147/263 psn|[from] item: Leftovers\n|-heal|p2a: Qwilfish|100/100|[from] item: Leftovers\n|-damage|p1a: Bellossom|115/263 psn|[from] psn\n|upkeep\n|turn|16\n|inactive|Time left: 300 sec this turn | 300 sec total\n|\n|t:|1783535978\n|switch|p2a: Vespiquen|Vespiquen, L99, F|2/100\n|-ability|p2a: Vespiquen|Pressure\n|move|p1a: Bellossom|Strength Sap|p2a: Vespiquen\n|-unboost|p2a: Vespiquen|atk|1\n|-heal|p1a: Bellossom|263/263 psn\n|\n|-damage|p1a: Bellossom|231/263 psn|[from] psn\n|upkeep\n|turn|17\n|inactive|Time left: 300 sec this turn | 300 sec total\n|\n|t:|1783535979\n|move|p1a: Bellossom|Quiver Dance|p1a: Bellossom\n|-boost|p1a: Bellossom|spa|1\n|-boost|p1a: Bellossom|spd|1\n|-boost|p1a: Bellossom|spe|1\n|move|p2a: Vespiquen|Roost|p2a: Vespiquen\n|-heal|p2a: Vespiquen|52/100\n|-singleturn|p2a: Vespiquen|move: Roost\n|\n|-heal|p1a: Bellossom|247/263 psn|[from] item: Leftovers\n|-damage|p1a: Bellossom|215/263 psn|[from] psn\n|upkeep\n|turn|18\n|inactive|Time left: 300 sec this turn | 300 sec total\n|\n|t:|1783535980\n|move|p1a: Bellossom|Quiver Dance|p1a: Bellossom\n|-boost|p1a: Bellossom|spa|1\n|-boost|p1a: Bellossom|spd|1\n|-boost|p1a: Bellossom|spe|1\n|move|p2a: Vespiquen|U-turn|p1a: Bellossom\n|-supereffective|p1a: Bellossom\n|-damage|p1a: Bellossom|105/263 psn\n|\n|t:|1783535981\n|switch|p2a: Kingambit|Kingambit, L74, F|100/100|[from] U-turn\n|-activate|p2a: Kingambit|ability: Supreme Overlord\n|-start|p2a: Kingambit|fallen2|[silent]\n|\n|-heal|p1a: Bellossom|121/263 psn|[from] item: Leftovers\n|-damage|p1a: Bellossom|89/263 psn|[from] psn\n|upkeep\n|turn|19\n|inactive|Time left: 300 sec this turn | 300 sec total\n|\n|t:|1783535982\n|move|p1a: Bellossom|Strength Sap|p2a: Kingambit\n|-unboost|p2a: Kingambit|atk|1\n|-heal|p1a: Bellossom|263/263 psn\n|move|p2a: Kingambit|Swords Dance|p2a: Kingambit\n|-boost|p2a: Kingambit|atk|2\n|\n|-damage|p1a: Bellossom|231/263 psn|[from] psn\n|upkeep\n|turn|20\n|inactive|Time left: 300 sec this turn | 300 sec total\n|\n|t:|1783535982\n|move|p1a: Bellossom|Strength Sap|p2a: Kingambit\n|-unboost|p2a: Kingambit|atk|1\n|-heal|p1a: Bellossom|263/263 psn\n|move|p2a: Kingambit|Swords Dance|p2a: Kingambit\n|-boost|p2a: Kingambit|atk|2\n|\n|-damage|p1a: Bellossom|231/263 psn|[from] psn\n|upkeep\n|turn|21\n|inactive|Time left: 300 sec this turn | 300 sec total\n|\n|t:|1783535983\n|move|p1a: Bellossom|Strength Sap|p2a: Kingambit\n|-unboost|p2a: Kingambit|atk|1\n|-heal|p1a: Bellossom|263/263 psn\n|move|p2a: Kingambit|Swords Dance|p2a: Kingambit\n|-boost|p2a: Kingambit|atk|2\n|\n|-damage|p1a: Bellossom|231/263 psn|[from] psn\n|upkeep\n|turn|22\n|inactive|Time left: 300 sec this turn | 300 sec total\n|\n|t:|1783535984\n|move|p1a: Bellossom|Strength Sap|p2a: Kingambit\n|-unboost|p2a: Kingambit|atk|1\n|-heal|p1a: Bellossom|263/263 psn\n|move|p2a: Kingambit|Swords Dance|p2a: Kingambit\n|-boost|p2a: Kingambit|atk|2\n|\n|-damage|p1a: Bellossom|231/263 psn|[from] psn\n|upkeep\n|turn|23\n|inactive|Time left: 300 sec this turn | 300 sec total\n|\n|t:|1783535985\n|move|p1a: Bellossom|Tera Blast|p2a: Kingambit\n|-resisted|p2a: Kingambit\n|-damage|p2a: Kingambit|74/100\n|move|p2a: Kingambit|Kowtow Cleave|p1a: Bellossom\n|-damage|p1a: Bellossom|0 fnt\n|faint|p1a: Bellossom\n|\n|-heal|p2a: Kingambit|80/100|[from] item: Leftovers\n|upkeep\n|inactive|Time left: 300 sec this turn | 300 sec total | 5 sec grace\n|\n|t:|1783535986\n|switch|p1a: Virizion|Virizion, L82|283/283\n|turn|24\n|inactive|Time left: 300 sec this turn | 300 sec total\n|\n|t:|1783535987\n|-terastallize|p2a: Kingambit|Flying\n|move|p1a: Virizion|Close Combat|p2a: Kingambit\n|-resisted|p2a: Kingambit\n|-damage|p2a: Kingambit|54/100\n|-unboost|p1a: Virizion|def|1\n|-unboost|p1a: Virizion|spd|1\n|-damage|p1a: Virizion|255/283|[from] item: Life Orb\n|move|p2a: Kingambit|Iron Head|p1a: Virizion\n|-damage|p1a: Virizion|0 fnt\n|faint|p1a: Virizion\n|\n|win|p0y189fdf6", "uploadtime": 1783535987, "views": 0, "rating": 0, "private": 0, "password": null, "_winner": "p0y189fdf6", "_our_name": "p0x1890af4"}