{"id": "battle-gen9randombattle-217", "formatid": "gen9randombattle", "format": "[Gen 9] Random Battle", "players": ["p0x217ee70", "p0y2177886"], "log": "|init|battle\n|title|p0x217ee70 vs. p0y2177886\n|j|\u2606p0x217ee70\n|j|\u2606p0y2177886\n|t:|1783542088\n|gametype|singles\n|player|p1|p0x217ee70|169|\n|player|p2|p0y2177886|265|\n|gen|9\n|tier|[Gen 9] Random Battle\n|rule|Species Clause: Limit one of each Pok\u00e9mon\n|rule|HP Percentage Mod: HP is shown in percentages\n|rule|Sleep Clause Mod: Limit one foe put to sleep\n|rule|Illusion Level Mod: Illusion disguises the Pok\u00e9mon's true level\n|\n|t:|1783542088\n|teamsize|p1|6\n|teamsize|p2|6\n|start\n|switch|p1a: Cacturne|Cacturne, L92, F|100/100\n|switch|p2a: Solgaleo|Solgaleo, L74|325/325\n|turn|1\n|inactive|Battle timer is ON: inactive players will automatically lose when time's up. (requested by p0y2177886)\n|inactive|p0x217ee70 also wants the timer to be on.\n|\n|t:|1783542089\n|switch|p2a: Conkeldurr|Conkeldurr, L80, F|299/299\n|move|p1a: Cacturne|Knock Off|p2a: Conkeldurr\n|-resisted|p2a: Conkeldurr\n|-damage|p2a: Conkeldurr|209/299\n|-enditem|p2a: Conkeldurr|Flame Orb|[from] move: Knock Off|[of] p1a: Cacturne\n|-damage|p1a: Cacturne|91/100|[from] item: Life Orb\n|\n|upkeep\n|turn|2\n|inactive|Time left: 300 sec this turn | 300 sec total\n|\n|t:|1783542091\n|move|p1a: Cacturne|Leaf Storm|p2a: Conkeldurr\n|-damage|p2a: Conkeldurr|0 fnt\n|-unboost|p1a: Cacturne|spa|2\n|faint|p2a: Conkeldurr\n|-damage|p1a: Cacturne|81/100|[from] item: Life Orb\n|\n|upkeep\n|inactive|Time left: 300 sec this turn | 300 sec total | 5 sec grace\n|\n|t:|1783542092\n|switch|p2a: Perrserker|Perrserker, L89, M|269/269\n|turn|3\n|inactive|Time left: 300 sec this turn | 300 sec total\n|\n|t:|1783542093\n|move|p1a: Cacturne|Knock Off|p2a: Perrserker\n|-damage|p2a: Perrserker|125/269\n|-enditem|p2a: Perrserker|Choice Band|[from] move: Knock Off|[of] p1a: Cacturne\n|-damage|p1a: Cacturne|71/100|[from] item: Life Orb\n|move|p2a: Perrserker|Iron Head|p1a: Cacturne\n|-damage|p1a: Cacturne|13/100\n|\n|upkeep\n|turn|4\n|inactive|Time left: 300 sec this turn | 300 sec total\n|\n|t:|1783542094\n|move|p1a: Cacturne|Knock Off|p2a: Perrserker\n|-damage|p2a: Perrserker|24/269\n|-damage|p1a: Cacturne|3/100|[from] item: Life Orb\n|move|p2a: Perrserker|Knock Off|p1a: Cacturne\n|-resisted|p1a: Cacturne\n|-damage|p1a: Cacturne|0 fnt\n|-enditem|p1a: Cacturne|Life Orb|[from] move: Knock Off|[of] p2a: Perrserker\n|faint|p1a: Cacturne\n|\n|upkeep\n|\n|t:|1783542095\n|switch|p1a: Calyrex|Calyrex-Shadow, L64|100/100\n|-ability|p1a: Calyrex|As One\n|-ability|p1a: Calyrex|Unnerve\n|turn|5\n|inactive|Time left: 300 sec this turn | 300 sec total\n|\n|t:|1783542096\n|switch|p2a: Mimikyu|Mimikyu, L79, M|216/216\n|move|p1a: Calyrex|Astral Barrage|p2a: Mimikyu\n|-activate|p2a: Mimikyu|ability: Disguise\n|-damage|p2a: Mimikyu|216/216\n|detailschange|p2a: Mimikyu|Mimikyu-Busted, L79, M\n|-damage|p2a: Mimikyu|189/216|[from] pokemon: Mimikyu-Busted\n|\n|upkeep\n|turn|6\n|inactive|Time left: 300 sec this turn | 300 sec total\n|\n|t:|1783542097\n|-terastallize|p1a: Calyrex|Ghost\n|move|p2a: Mimikyu|Shadow Sneak|p1a: Calyrex\n|-supereffective|p1a: Calyrex\n|-damage|p1a: Calyrex|46/100\n|-damage|p2a: Mimikyu|168/216|[from] item: Life Orb\n|move|p1a: Calyrex|Astral Barrage|p2a: Mimikyu\n|-supereffective|p2a: Mimikyu\n|-crit|p2a: Mimikyu\n|-damage|p2a: Mimikyu|0 fnt\n|faint|p2a: Mimikyu\n|-ability|p1a: Calyrex|Grim Neigh|boost\n|-boost|p1a: Calyrex|spa|1\n|\n|upkeep\n|inactive|Time left: 300 sec this turn | 300 sec total | 5 sec grace\n|\n|t:|1783542098\n|switch|p2a: Spectrier|Spectrier, L75|274/274\n|turn|7\n|inactive|Time left: 300 sec this turn | 300 sec total\n|\n|t:|1783542099\n|switch|p1a: Ambipom|Ambipom, L84, F|100/100\n|move|p2a: Spectrier|Shadow Ball|p1a: Ambipom\n|-immune|p1a: Ambipom\n|\n|upkeep\n|turn|8\n|inactive|Time left: 300 sec this turn | 300 sec total\n|\n|t:|1783542100\n|switch|p2a: Solgaleo|Solgaleo, L74|325/325\n|move|p1a: Ambipom|Triple Axel|p2a: Solgaleo\n|-resisted|p2a: Solgaleo\n|-damage|p2a: Solgaleo|308/325\n|-damage|p1a: Ambipom|84/100|[from] item: Rocky Helmet|[of] p2a: Solgaleo\n|-resisted|p2a: Solgaleo\n|-damage|p2a: Solgaleo|275/325\n|-damage|p1a: Ambipom|68/100|[from] item: Rocky Helmet|[of] p2a: Solgaleo\n|-resisted|p2a: Solgaleo\n|-damage|p2a: Solgaleo|228/325\n|-damage|p1a: Ambipom|51/100|[from] item: Rocky Helmet|[of] p2a: Solgaleo\n|-hitcount|p2a: Solgaleo|3\n|\n|upkeep\n|turn|9\n|inactive|Time left: 300 sec this turn | 300 sec total\n|\n|t:|1783542101\n|switch|p1a: Spectrier|Spectrier, L75|100/100\n|move|p2a: Solgaleo|Sunsteel Strike|p1a: Spectrier\n|-damage|p1a: Spectrier|39/100\n|\n|upkeep\n|turn|10\n|inactive|Time left: 300 sec this turn | 300 sec total\n|\n|t:|1783542103\n|switch|p2a: Salazzle|Salazzle, L83, F|249/249\n|move|p1a: Spectrier|Shadow Ball|p2a: Salazzle\n|-damage|p2a: Salazzle|93/249\n|-damage|p1a: Spectrier|29/100|[from] item: Life Orb\n|\n|-heal|p2a: Salazzle|108/249|[from] item: Leftovers\n|upkeep\n|turn|11\n|inactive|Time left: 300 sec this turn | 300 sec total\n|\n|t:|1783542104\n|switch|p1a: Cetitan|Cetitan, L82, F|100/100\n|move|p2a: Salazzle|Flamethrower|p1a: Cetitan\n|-supereffective|p1a: Cetitan\n|-damage|p1a: Cetitan|65/100\n|\n|-heal|p2a: Salazzle|123/249|[from] item: Leftovers\n|upkeep\n|turn|12\n|inactive|Time left: 300 sec this turn | 300 sec total\n|\n|t:|1783542105\n|move|p2a: Salazzle|Flamethrower|p1a: Cetitan\n|-supereffective|p1a: Cetitan\n|-damage|p1a: Cetitan|29/100\n|-enditem|p1a: Cetitan|Sitrus Berry|[eat]\n|-heal|p1a: Cetitan|54/100|[from] item: Sitrus Berry\n|move|p1a: Cetitan|Earthquake|p2a: Salazzle\n|-supereffective|p2a: Salazzle\n|-damage|p2a: Salazzle|0 fnt\n|faint|p2a: Salazzle\n|\n|upkeep\n|inactive|Time left: 300 sec this turn | 300 sec total | 5 sec grace\n|\n|t:|1783542106\n|switch|p2a: Solgaleo|Solgaleo, L74|228/325\n|turn|13\n|inactive|Time left: 300 sec this turn | 300 sec total\n|\n|t:|1783542107\n|move|p2a: Solgaleo|Sunsteel Strike|p1a: Cetitan\n|-supereffective|p1a: Cetitan\n|-damage|p1a: Cetitan|0 fnt\n|faint|p1a: Cetitan\n|\n|upkeep\n|\n|t:|1783542108\n|switch|p1a: Calyrex|Calyrex-Shadow, L64, tera:Ghost|46/100\n|-ability|p1a: Calyrex|As One\n|-ability|p1a: Calyrex|Unnerve\n|turn|14\n|inactive|Time left: 300 sec this turn | 300 sec total\n|\n|t:|1783542109\n|switch|p2a: Perrserker|Perrserker, L89, M|24/269\n|move|p1a: Calyrex|Astral Barrage|p2a: Perrserker\n|-damage|p2a: Perrserker|0 fnt\n|faint|p2a: Perrserker\n|-ability|p1a: Calyrex|Grim Neigh|boost\n|-boost|p1a: Calyrex|spa|1\n|\n|upkeep\n|inactive|Time left: 300 sec this turn | 300 sec total | 5 sec grace\n|\n|t:|1783542110\n|switch|p2a: Spectrier|Spectrier, L75|274/274\n|turn|15\n|inactive|Time left: 300 sec this turn | 300 sec total\n|\n|t:|1783542111\n|switch|p1a: Ambipom|Ambipom, L84, F|51/100\n|move|p2a: Spectrier|Shadow Ball|p1a: Ambipom\n|-immune|p1a: Ambipom\n|\n|upkeep\n|turn|16\n|inactive|Time left: 300 sec this turn | 300 sec total\n|\n|t:|1783542112\n|switch|p2a: Solgaleo|Solgaleo, L74|228/325\n|move|p1a: Ambipom|Knock Off|p2a: Solgaleo\n|-supereffective|p2a: Solgaleo\n|-damage|p2a: Solgaleo|6/325\n|-damage|p1a: Ambipom|35/100|[from] item: Rocky Helmet|[of] p2a: Solgaleo\n|-enditem|p2a: Solgaleo|Rocky Helmet|[from] move: Knock Off|[of] p1a: Ambipom\n|\n|upkeep\n|turn|17\n|inactive|Time left: 300 sec this turn | 300 sec total\n|\n|t:|1783542113\n|move|p1a: Ambipom|Knock Off|p2a: Solgaleo\n|-supereffective|p2a: Solgaleo\n|-damage|p2a: Solgaleo|0 fnt\n|faint|p2a: Solgaleo\n|\n|upkeep\n|inactive|Time left: 300 sec this turn | 300 sec total | 5 sec grace\n|\n|t:|1783542114\n|switch|p2a: Spectrier|Spectrier, L75|274/274\n|turn|18\n|inactive|Time left: 300 sec this turn | 300 sec total\n|\n|t:|1783542115\n|-terastallize|p2a: Spectrier|Fighting\n|move|p1a: Ambipom|Knock Off|p2a: Spectrier\n|-resisted|p2a: Spectrier\n|-damage|p2a: Spectrier|201/274\n|-enditem|p2a: Spectrier|Leftovers|[from] move: Knock Off|[of] p1a: Ambipom\n|move|p2a: Spectrier|Substitute|p2a: Spectrier\n|-start|p2a: Spectrier|Substitute\n|-damage|p2a: Spectrier|133/274\n|\n|upkeep\n|turn|19\n|inactive|Time left: 300 sec this turn | 300 sec total\n|\n|t:|1783542116\n|switch|p1a: Calyrex|Calyrex-Shadow, L64, tera:Ghost|46/100\n|-ability|p1a: Calyrex|As One\n|-ability|p1a: Calyrex|Unnerve\n|move|p2a: Spectrier|Nasty Plot|p2a: Spectrier\n|-boost|p2a: Spectrier|spa|2\n|\n|upkeep\n|turn|20\n|inactive|Time left: 300 sec this turn | 300 sec total\n|\n|t:|1783542117\n|move|p2a: Spectrier|Substitute|p2a: Spectrier\n|-fail|p2a: Spectrier|move: Substitute\n|move|p1a: Calyrex|Astral Barrage|p2a: Spectrier\n|-end|p2a: Spectrier|Substitute\n|\n|upkeep\n|turn|21\n|inactive|Time left: 300 sec this turn | 300 sec total\n|\n|t:|1783542118\n|move|p2a: Spectrier|Substitute|p2a: Spectrier\n|-start|p2a: Spectrier|Substitute\n|-damage|p2a: Spectrier|65/274\n|move|p1a: Calyrex|Astral Barrage|p2a: Spectrier\n|-end|p2a: Spectrier|Substitute\n|\n|upkeep\n|turn|22\n|inactive|Time left: 300 sec this turn | 300 sec total\n|\n|t:|1783542118\n|move|p2a: Spectrier|Shadow Ball|p1a: Calyrex\n|-supereffective|p1a: Calyrex\n|-damage|p1a: Calyrex|0 fnt\n|faint|p1a: Calyrex\n|-ability|p2a: Spectrier|Grim Neigh|boost\n|-boost|p2a: Spectrier|spa|1\n|\n|upkeep\n|\n|t:|1783542119\n|switch|p1a: Virizion|Virizion, L82|100/100\n|turn|23\n|inactive|Time left: 300 sec this turn | 300 sec total\n|\n|t:|1783542120\n|move|p2a: Spectrier|Tera Blast|p1a: Virizion|[anim] Tera Blast Fighting\n|-damage|p1a: Virizion|35/100\n|move|p1a: Virizion|Close Combat|p2a: Spectrier\n|-damage|p2a: Spectrier|0 fnt\n|-unboost|p1a: Virizion|def|1\n|-unboost|p1a: Virizion|spd|1\n|faint|p2a: Spectrier\n|-damage|p1a: Virizion|25/100|[from] item: Life Orb\n|\n|win|p0x217ee70", "uploadtime": 1783542120, "views": 0, "rating": 0, "private": 0, "password": null, "_winner": "p0x217ee70", "_our_name": "p0y2177886"}