{"id": "battle-gen9randombattle-1487", "formatid": "gen9randombattle", "format": "[Gen 9] Random Battle", "players": ["p0x1487e5b7", "p0y1487b597"], "log": "|init|battle\n|title|p0x1487e5b7 vs. p0y1487b597\n|j|\u2606p0x1487e5b7\n|j|\u2606p0y1487b597\n|t:|1783556401\n|gametype|singles\n|player|p1|p0x1487e5b7|101|\n|player|p2|p0y1487b597|265|\n|gen|9\n|tier|[Gen 9] Random Battle\n|rule|Species Clause: Limit one of each Pok\u00e9mon\n|rule|HP Percentage Mod: HP is shown in percentages\n|rule|Sleep Clause Mod: Limit one foe put to sleep\n|rule|Illusion Level Mod: Illusion disguises the Pok\u00e9mon's true level\n|\n|t:|1783556401\n|teamsize|p1|6\n|teamsize|p2|6\n|start\n|switch|p1a: Toxicroak|Toxicroak, L84, M|100/100\n|switch|p2a: Noivern|Noivern, L82, M|274/274\n|turn|1\n|inactive|Battle timer is ON: inactive players will automatically lose when time's up. (requested by p0y1487b597)\n|\n|t:|1783556402\n|move|p2a: Noivern|Hurricane|p1a: Toxicroak|[miss]\n|-miss|p2a: Noivern|p1a: Toxicroak\n|move|p1a: Toxicroak|Gunk Shot|p2a: Noivern\n|-damage|p2a: Noivern|71/274\n|-damage|p1a: Toxicroak|91/100|[from] item: Life Orb\n|\n|upkeep\n|turn|2\n|inactive|Time left: 300 sec this turn | 300 sec total\n|inactive|p0x1487e5b7 also wants the timer to be on.\n|\n|t:|1783556404\n|switch|p1a: Slowbro|Slowbro, L85, F|100/100\n|move|p2a: Noivern|Hurricane|p1a: Slowbro\n|-damage|p1a: Slowbro|61/100\n|\n|upkeep\n|turn|3\n|inactive|Time left: 300 sec this turn | 300 sec total\n|\n|t:|1783556405\n|move|p2a: Noivern|Hurricane|p1a: Slowbro\n|-damage|p1a: Slowbro|20/100\n|-start|p1a: Slowbro|confusion\n|-activate|p1a: Slowbro|confusion\n|move|p1a: Slowbro|Psychic Noise|p2a: Noivern\n|-damage|p2a: Noivern|0 fnt\n|faint|p2a: Noivern\n|\n|upkeep\n|inactive|Time left: 300 sec this turn | 300 sec total | 5 sec grace\n|\n|t:|1783556406\n|switch|p2a: Enamorus|Enamorus, L79, F|247/247\n|turn|4\n|inactive|Time left: 300 sec this turn | 300 sec total\n|\n|t:|1783556408\n|switch|p1a: Scyther|Scyther, L82, M|100/100\n|move|p2a: Enamorus|Moonblast|p1a: Scyther\n|-damage|p1a: Scyther|48/100\n|\n|upkeep\n|turn|5\n|inactive|Time left: 300 sec this turn | 300 sec total\n|\n|t:|1783556408\n|move|p1a: Scyther|Dual Wingbeat|p2a: Enamorus\n|-crit|p2a: Enamorus\n|-damage|p2a: Enamorus|126/247\n|-damage|p2a: Enamorus|44/247\n|-hitcount|p2a: Enamorus|2\n|move|p2a: Enamorus|Moonblast|p1a: Scyther\n|-damage|p1a: Scyther|0 fnt\n|faint|p1a: Scyther\n|\n|upkeep\n|\n|t:|1783556409\n|switch|p1a: Indeedee|Indeedee-F, L90, F|100/100\n|-fieldstart|move: Psychic Terrain|[from] ability: Psychic Surge|[of] p1a: Indeedee\n|turn|6\n|inactive|Time left: 300 sec this turn | 300 sec total\n|\n|t:|1783556410\n|move|p1a: Indeedee|Psyshock|p2a: Enamorus\n|-damage|p2a: Enamorus|0 fnt\n|faint|p2a: Enamorus\n|\n|upkeep\n|inactive|Time left: 300 sec this turn | 300 sec total | 5 sec grace\n|\n|t:|1783556411\n|switch|p2a: Glaceon|Glaceon, L94, M|275/275\n|turn|7\n|inactive|Time left: 300 sec this turn | 300 sec total\n|\n|t:|1783556412\n|move|p1a: Indeedee|Psyshock|p2a: Glaceon\n|-damage|p2a: Glaceon|184/275\n|move|p2a: Glaceon|Wish|p2a: Glaceon\n|\n|upkeep\n|turn|8\n|inactive|Time left: 300 sec this turn | 300 sec total\n|\n|t:|1783556414\n|move|p1a: Indeedee|Psyshock|p2a: Glaceon\n|-damage|p2a: Glaceon|90/275\n|move|p2a: Glaceon|Freeze-Dry|p1a: Indeedee\n|-damage|p1a: Indeedee|67/100\n|\n|-heal|p2a: Glaceon|227/275|[from] move: Wish|[wisher] Glaceon\n|upkeep\n|turn|9\n|inactive|Time left: 300 sec this turn | 300 sec total\n|\n|t:|1783556415\n|move|p1a: Indeedee|Psyshock|p2a: Glaceon\n|-damage|p2a: Glaceon|127/275\n|move|p2a: Glaceon|Freeze-Dry|p1a: Indeedee\n|-damage|p1a: Indeedee|31/100\n|\n|upkeep\n|turn|10\n|inactive|Time left: 300 sec this turn | 300 sec total\n|\n|t:|1783556416\n|move|p1a: Indeedee|Psyshock|p2a: Glaceon\n|-damage|p2a: Glaceon|40/275\n|move|p2a: Glaceon|Freeze-Dry|p1a: Indeedee\n|-damage|p1a: Indeedee|0 fnt\n|faint|p1a: Indeedee\n|\n|-fieldend|move: Psychic Terrain\n|upkeep\n|\n|t:|1783556417\n|switch|p1a: Toxicroak|Toxicroak, L84, M|91/100\n|turn|11\n|inactive|Time left: 300 sec this turn | 300 sec total\n|\n|t:|1783556418\n|move|p1a: Toxicroak|Earthquake|p2a: Glaceon\n|-damage|p2a: Glaceon|0 fnt\n|faint|p2a: Glaceon\n|-damage|p1a: Toxicroak|81/100|[from] item: Life Orb\n|\n|upkeep\n|inactive|Time left: 300 sec this turn | 300 sec total | 5 sec grace\n|\n|t:|1783556419\n|switch|p2a: Spectrier|Spectrier, L75|274/274\n|turn|12\n|inactive|Time left: 300 sec this turn | 300 sec total\n|\n|t:|1783556420\n|move|p2a: Spectrier|Nasty Plot|p2a: Spectrier\n|-boost|p2a: Spectrier|spa|2\n|move|p1a: Toxicroak|Swords Dance|p1a: Toxicroak\n|-boost|p1a: Toxicroak|atk|2\n|\n|upkeep\n|turn|13\n|inactive|Time left: 300 sec this turn | 300 sec total\n|\n|t:|1783556421\n|-terastallize|p1a: Toxicroak|Dark\n|move|p2a: Spectrier|Shadow Ball|p1a: Toxicroak\n|-resisted|p1a: Toxicroak\n|-damage|p1a: Toxicroak|37/100\n|move|p1a: Toxicroak|Earthquake|p2a: Spectrier\n|-damage|p2a: Spectrier|0 fnt\n|faint|p2a: Spectrier\n|-damage|p1a: Toxicroak|27/100|[from] item: Life Orb\n|\n|upkeep\n|inactive|Time left: 300 sec this turn | 300 sec total | 5 sec grace\n|\n|t:|1783556422\n|switch|p2a: Zacian|Zacian, L69|241/241\n|-ability|p2a: Zacian|Intrepid Sword|boost\n|-boost|p2a: Zacian|atk|1\n|turn|14\n|inactive|Time left: 300 sec this turn | 300 sec total\n|\n|t:|1783556423\n|move|p2a: Zacian|Play Rough|p1a: Toxicroak\n|-supereffective|p1a: Toxicroak\n|-damage|p1a: Toxicroak|0 fnt\n|faint|p1a: Toxicroak\n|-damage|p2a: Zacian|217/241|[from] item: Life Orb\n|\n|upkeep\n|\n|t:|1783556423\n|switch|p1a: Camerupt|Camerupt, L91, M|100/100\n|turn|15\n|inactive|Time left: 300 sec this turn | 300 sec total\n|\n|t:|1783556424\n|move|p2a: Zacian|Swords Dance|p2a: Zacian\n|-boost|p2a: Zacian|atk|2\n|move|p1a: Camerupt|Earthquake|p2a: Zacian\n|-damage|p2a: Zacian|91/241\n|\n|upkeep\n|turn|16\n|inactive|Time left: 300 sec this turn | 300 sec total\n|\n|t:|1783556425\n|switch|p1a: Slowbro|Slowbro, L85, F|53/100\n|-terastallize|p2a: Zacian|Fighting\n|move|p2a: Zacian|Close Combat|p1a: Slowbro\n|-resisted|p1a: Slowbro\n|-damage|p1a: Slowbro|7/100\n|-unboost|p2a: Zacian|def|1\n|-unboost|p2a: Zacian|spd|1\n|-damage|p2a: Zacian|67/241|[from] item: Life Orb\n|\n|upkeep\n|turn|17\n|inactive|Time left: 300 sec this turn | 300 sec total\n|\n|t:|1783556426\n|switch|p1a: Tauros|Tauros-Paldea-Combat, L82, M|100/100\n|-ability|p1a: Tauros|Intimidate|boost\n|-unboost|p2a: Zacian|atk|1\n|move|p2a: Zacian|Close Combat|p1a: Tauros\n|-damage|p1a: Tauros|14/100\n|-unboost|p2a: Zacian|def|1\n|-unboost|p2a: Zacian|spd|1\n|-damage|p2a: Zacian|43/241|[from] item: Life Orb\n|\n|upkeep\n|turn|18\n|inactive|Time left: 300 sec this turn | 300 sec total\n|\n|t:|1783556427\n|switch|p1a: Slowbro|Slowbro, L85, F|40/100\n|move|p2a: Zacian|Close Combat|p1a: Slowbro\n|-resisted|p1a: Slowbro\n|-damage|p1a: Slowbro|4/100\n|-unboost|p2a: Zacian|def|1\n|-unboost|p2a: Zacian|spd|1\n|-damage|p2a: Zacian|19/241|[from] item: Life Orb\n|\n|upkeep\n|turn|19\n|inactive|Time left: 300 sec this turn | 300 sec total\n|\n|t:|1783556429\n|switch|p1a: Tauros|Tauros-Paldea-Combat, L82, M|14/100\n|-ability|p1a: Tauros|Intimidate|boost\n|-unboost|p2a: Zacian|atk|1\n|move|p2a: Zacian|Wild Charge|p1a: Tauros\n|-damage|p1a: Tauros|0 fnt\n|faint|p1a: Tauros\n|-damage|p2a: Zacian|10/241|[from] Recoil\n|-damage|p2a: Zacian|0 fnt|[from] item: Life Orb\n|faint|p2a: Zacian\n|\n|upkeep\n|inactive|Time left: 300 sec this turn | 300 sec total | 5 sec grace\n|\n|t:|1783556430\n|switch|p2a: Pecharunt|Pecharunt, L77|262/262\n|switch|p1a: Camerupt|Camerupt, L91, M|100/100\n|turn|20\n|inactive|Time left: 300 sec this turn | 300 sec total\n|\n|t:|1783556431\n|move|p2a: Pecharunt|Parting Shot|p1a: Camerupt\n|-unboost|p1a: Camerupt|atk|1\n|-unboost|p1a: Camerupt|spa|1\n|move|p1a: Camerupt|Earthquake|p2a: Pecharunt\n|-supereffective|p2a: Pecharunt\n|-damage|p2a: Pecharunt|152/262\n|\n|upkeep\n|turn|21\n|inactive|Time left: 300 sec this turn | 300 sec total\n|\n|t:|1783556432\n|switch|p1a: Slowbro|Slowbro, L85, F|37/100\n|move|p2a: Pecharunt|Recover|p2a: Pecharunt\n|-heal|p2a: Pecharunt|262/262\n|\n|upkeep\n|turn|22\n|inactive|Time left: 300 sec this turn | 300 sec total\n|\n|t:|1783556433\n|move|p2a: Pecharunt|Shadow Ball|p1a: Slowbro\n|-supereffective|p1a: Slowbro\n|-damage|p1a: Slowbro|7/100\n|move|p1a: Slowbro|Psychic Noise|p2a: Pecharunt\n|-supereffective|p2a: Pecharunt\n|-damage|p2a: Pecharunt|82/262\n|-start|p2a: Pecharunt|move: Heal Block\n|\n|upkeep\n|turn|23\n|inactive|Time left: 300 sec this turn | 300 sec total\n|\n|t:|1783556434\n|move|p2a: Pecharunt|Parting Shot|p1a: Slowbro\n|-unboost|p1a: Slowbro|atk|1\n|-unboost|p1a: Slowbro|spa|1\n|move|p1a: Slowbro|Psychic Noise|p2a: Pecharunt\n|-supereffective|p2a: Pecharunt\n|-damage|p2a: Pecharunt|0 fnt\n|faint|p2a: Pecharunt\n|\n|win|p0x1487e5b7", "uploadtime": 1783556434, "views": 0, "rating": 0, "private": 0, "password": null, "_winner": "p0x1487e5b7", "_our_name": "p0y1487b597"}