{"id": "battle-gen9randombattle-260", "formatid": "gen9randombattle", "format": "[Gen 9] Random Battle", "players": ["p0x260f97b", "p0y260f161"], "log": "|init|battle\n|title|p0x260f97b vs. p0y260f161\n|j|\u2606p0x260f97b\n|j|\u2606p0y260f161\n|t:|1783542598\n|gametype|singles\n|player|p1|p0x260f97b|170|\n|player|p2|p0y260f161|2|\n|gen|9\n|tier|[Gen 9] Random Battle\n|rule|Species Clause: Limit one of each Pok\u00e9mon\n|rule|HP Percentage Mod: HP is shown in percentages\n|rule|Sleep Clause Mod: Limit one foe put to sleep\n|rule|Illusion Level Mod: Illusion disguises the Pok\u00e9mon's true level\n|\n|t:|1783542598\n|teamsize|p1|6\n|teamsize|p2|6\n|start\n|switch|p1a: Bombirdier|Bombirdier, L85, M|258/258\n|switch|p2a: Sinistcha|Sinistcha-Masterpiece, L83|100/100\n|turn|1\n|inactive|Battle timer is ON: inactive players will automatically lose when time's up. (requested by p0y260f161)\n|inactive|Time left: 300 sec this turn | 300 sec total | 60 sec grace\n|inactive|p0x260f97b also wants the timer to be on.\n|\n|t:|1783542599\n|switch|p2a: Tauros|Tauros-Paldea-Combat, L82, M|100/100\n|-ability|p2a: Tauros|Intimidate|boost\n|-unboost|p1a: Bombirdier|atk|1\n|move|p1a: Bombirdier|Knock Off|p2a: Tauros\n|-resisted|p2a: Tauros\n|-damage|p2a: Tauros|88/100\n|-enditem|p2a: Tauros|Life Orb|[from] move: Knock Off|[of] p1a: Bombirdier\n|\n|upkeep\n|turn|2\n|inactive|Time left: 300 sec this turn | 300 sec total\n|\n|t:|1783542601\n|switch|p1a: Volcanion|Volcanion, L79|255/255\n|move|p2a: Tauros|Bulk Up|p2a: Tauros\n|-boost|p2a: Tauros|atk|1\n|-boost|p2a: Tauros|def|1\n|\n|upkeep\n|turn|3\n|inactive|Time left: 300 sec this turn | 300 sec total\n|\n|t:|1783542602\n|move|p2a: Tauros|Stone Edge|p1a: Volcanion\n|-supereffective|p1a: Volcanion\n|-damage|p1a: Volcanion|71/255\n|move|p1a: Volcanion|Steam Eruption|p2a: Tauros\n|-damage|p2a: Tauros|23/100\n|\n|upkeep\n|turn|4\n|inactive|Time left: 300 sec this turn | 300 sec total\n|\n|t:|1783542603\n|switch|p1a: Hitmontop|Hitmontop, L88, M|231/231\n|-ability|p1a: Hitmontop|Intimidate|boost\n|-unboost|p2a: Tauros|atk|1\n|move|p2a: Tauros|Close Combat|p1a: Hitmontop\n|-damage|p1a: Hitmontop|101/231\n|-unboost|p2a: Tauros|def|1\n|-unboost|p2a: Tauros|spd|1\n|\n|upkeep\n|turn|5\n|inactive|Time left: 300 sec this turn | 300 sec total\n|\n|t:|1783542605\n|move|p2a: Tauros|Close Combat|p1a: Hitmontop\n|-damage|p1a: Hitmontop|0 fnt\n|-unboost|p2a: Tauros|def|1\n|-unboost|p2a: Tauros|spd|1\n|faint|p1a: Hitmontop\n|\n|upkeep\n|inactive|Time left: 300 sec this turn | 300 sec total | 5 sec grace\n|\n|t:|1783542606\n|switch|p1a: Rampardos|Rampardos, L90, F|321/321\n|turn|6\n|inactive|Time left: 300 sec this turn | 300 sec total\n|\n|t:|1783542607\n|move|p1a: Rampardos|Rock Slide|p2a: Tauros\n|-resisted|p2a: Tauros\n|-damage|p2a: Tauros|0 fnt\n|faint|p2a: Tauros\n|\n|upkeep\n|\n|t:|1783542608\n|switch|p2a: Metagross|Metagross, L79|100/100\n|turn|7\n|inactive|Time left: 300 sec this turn | 300 sec total\n|\n|t:|1783542609\n|switch|p1a: Volcanion|Volcanion, L79|71/255\n|move|p2a: Metagross|Heavy Slam|p1a: Volcanion\n|-resisted|p1a: Volcanion\n|-damage|p1a: Volcanion|56/255\n|\n|upkeep\n|turn|8\n|inactive|Time left: 300 sec this turn | 300 sec total\n|\n|t:|1783542610\n|move|p2a: Metagross|Earthquake|p1a: Volcanion\n|-supereffective|p1a: Volcanion\n|-damage|p1a: Volcanion|0 fnt\n|faint|p1a: Volcanion\n|\n|upkeep\n|inactive|Time left: 300 sec this turn | 300 sec total | 5 sec grace\n|\n|t:|1783542611\n|switch|p1a: Hitmonchan|Hitmonchan, L87, M|229/229\n|turn|9\n|inactive|Time left: 300 sec this turn | 300 sec total\n|\n|t:|1783542612\n|move|p1a: Hitmonchan|Bulk Up|p1a: Hitmonchan\n|-boost|p1a: Hitmonchan|atk|1\n|-boost|p1a: Hitmonchan|def|1\n|move|p2a: Metagross|Heavy Slam|p1a: Hitmonchan\n|-damage|p1a: Hitmonchan|118/229\n|\n|-heal|p1a: Hitmonchan|132/229|[from] item: Leftovers\n|upkeep\n|turn|10\n|inactive|Time left: 300 sec this turn | 300 sec total\n|\n|t:|1783542613\n|move|p1a: Hitmonchan|Drain Punch|p2a: Metagross\n|-damage|p2a: Metagross|47/100\n|-heal|p1a: Hitmonchan|200/229|[from] drain|[of] p2a: Metagross\n|move|p2a: Metagross|Heavy Slam|p1a: Hitmonchan\n|-damage|p1a: Hitmonchan|98/229\n|\n|-heal|p1a: Hitmonchan|112/229|[from] item: Leftovers\n|-heal|p2a: Metagross|54/100|[from] item: Leftovers\n|upkeep\n|turn|11\n|inactive|Time left: 300 sec this turn | 300 sec total\n|\n|t:|1783542614\n|switch|p2a: Sinistcha|Sinistcha-Masterpiece, L83|100/100\n|move|p1a: Hitmonchan|Knock Off|p2a: Sinistcha\n|-supereffective|p2a: Sinistcha\n|-damage|p2a: Sinistcha|19/100\n|-enditem|p2a: Sinistcha|Leftovers|[from] move: Knock Off|[of] p1a: Hitmonchan\n|\n|-heal|p1a: Hitmonchan|126/229|[from] item: Leftovers\n|upkeep\n|turn|12\n|inactive|Time left: 300 sec this turn | 300 sec total\n|\n|t:|1783542615\n|move|p1a: Hitmonchan|Knock Off|p2a: Sinistcha\n|-supereffective|p2a: Sinistcha\n|-damage|p2a: Sinistcha|0 fnt\n|faint|p2a: Sinistcha\n|\n|-heal|p1a: Hitmonchan|140/229|[from] item: Leftovers\n|upkeep\n|\n|t:|1783542616\n|switch|p2a: Munkidori|Munkidori, L79, M|100/100\n|turn|13\n|inactive|Time left: 300 sec this turn | 300 sec total\n|\n|t:|1783542617\n|-terastallize|p1a: Hitmonchan|Dark\n|move|p2a: Munkidori|Psychic Noise|p1a: Hitmonchan\n|-immune|p1a: Hitmonchan\n|move|p1a: Hitmonchan|Knock Off|p2a: Munkidori\n|-supereffective|p2a: Munkidori\n|-damage|p2a: Munkidori|0 fnt\n|-enditem|p2a: Munkidori|Assault Vest|[from] move: Knock Off|[of] p1a: Hitmonchan\n|faint|p2a: Munkidori\n|\n|-heal|p1a: Hitmonchan|154/229|[from] item: Leftovers\n|upkeep\n|\n|t:|1783542618\n|switch|p2a: Ninetales|Ninetales, L85, F|100/100\n|-weather|SunnyDay|[from] ability: Drought|[of] p2a: Ninetales\n|turn|14\n|inactive|Time left: 300 sec this turn | 300 sec total\n|\n|t:|1783542619\n|-terastallize|p2a: Ninetales|Fire\n|move|p2a: Ninetales|Fire Blast|p1a: Hitmonchan\n|-damage|p1a: Hitmonchan|0 fnt\n|faint|p1a: Hitmonchan\n|\n|-weather|SunnyDay|[upkeep]\n|upkeep\n|inactive|Time left: 300 sec this turn | 300 sec total | 5 sec grace\n|\n|t:|1783542620\n|switch|p1a: Rampardos|Rampardos, L90, F|321/321\n|turn|15\n|inactive|Time left: 300 sec this turn | 300 sec total\n|\n|t:|1783542622\n|switch|p2a: Wigglytuff|Wigglytuff, L96, F|100/100\n|move|p1a: Rampardos|Earthquake|p2a: Wigglytuff\n|-damage|p2a: Wigglytuff|60/100\n|\n|-weather|SunnyDay|[upkeep]\n|-heal|p2a: Wigglytuff|67/100|[from] item: Leftovers\n|upkeep\n|turn|16\n|inactive|Time left: 300 sec this turn | 300 sec total\n|\n|t:|1783542623\n|move|p1a: Rampardos|Earthquake|p2a: Wigglytuff\n|-damage|p2a: Wigglytuff|22/100\n|move|p2a: Wigglytuff|Wish|p2a: Wigglytuff\n|\n|-weather|SunnyDay|[upkeep]\n|-heal|p2a: Wigglytuff|28/100|[from] item: Leftovers\n|upkeep\n|turn|17\n|inactive|Time left: 300 sec this turn | 300 sec total\n|\n|t:|1783542624\n|move|p2a: Wigglytuff|Protect|p2a: Wigglytuff\n|-singleturn|p2a: Wigglytuff|Protect\n|move|p1a: Rampardos|Earthquake|p2a: Wigglytuff\n|-activate|p2a: Wigglytuff|move: Protect\n|\n|-weather|SunnyDay|[upkeep]\n|-heal|p2a: Wigglytuff|78/100|[from] move: Wish|[wisher] Wigglytuff\n|-heal|p2a: Wigglytuff|84/100|[from] item: Leftovers\n|upkeep\n|turn|18\n|inactive|Time left: 300 sec this turn | 300 sec total\n|\n|t:|1783542625\n|move|p1a: Rampardos|Earthquake|p2a: Wigglytuff\n|-damage|p2a: Wigglytuff|42/100\n|move|p2a: Wigglytuff|Wish|p2a: Wigglytuff\n|\n|-weather|none\n|-heal|p2a: Wigglytuff|49/100|[from] item: Leftovers\n|upkeep\n|turn|19\n|inactive|Time left: 300 sec this turn | 300 sec total\n|\n|t:|1783542626\n|move|p2a: Wigglytuff|Protect|p2a: Wigglytuff\n|-singleturn|p2a: Wigglytuff|Protect\n|move|p1a: Rampardos|Earthquake|p2a: Wigglytuff\n|-activate|p2a: Wigglytuff|move: Protect\n|\n|-heal|p2a: Wigglytuff|99/100|[from] move: Wish|[wisher] Wigglytuff\n|-heal|p2a: Wigglytuff|100/100|[from] item: Leftovers\n|upkeep\n|turn|20\n|inactive|Time left: 300 sec this turn | 300 sec total\n|\n|t:|1783542627\n|move|p1a: Rampardos|Earthquake|p2a: Wigglytuff\n|-damage|p2a: Wigglytuff|60/100\n|move|p2a: Wigglytuff|Wish|p2a: Wigglytuff\n|\n|-heal|p2a: Wigglytuff|66/100|[from] item: Leftovers\n|upkeep\n|turn|21\n|inactive|Time left: 300 sec this turn | 300 sec total\n|\n|t:|1783542628\n|move|p1a: Rampardos|Earthquake|p2a: Wigglytuff\n|-damage|p2a: Wigglytuff|25/100\n|move|p2a: Wigglytuff|Alluring Voice|p1a: Rampardos\n|-damage|p1a: Rampardos|182/321\n|\n|-heal|p2a: Wigglytuff|75/100|[from] move: Wish|[wisher] Wigglytuff\n|-heal|p2a: Wigglytuff|82/100|[from] item: Leftovers\n|upkeep\n|turn|22\n|inactive|Time left: 300 sec this turn | 300 sec total\n|\n|t:|1783542630\n|move|p1a: Rampardos|Earthquake|p2a: Wigglytuff\n|-damage|p2a: Wigglytuff|41/100\n|move|p2a: Wigglytuff|Alluring Voice|p1a: Rampardos\n|-damage|p1a: Rampardos|50/321\n|\n|-heal|p2a: Wigglytuff|47/100|[from] item: Leftovers\n|upkeep\n|turn|23\n|inactive|Time left: 300 sec this turn | 300 sec total\n|\n|t:|1783542631\n|move|p1a: Rampardos|Earthquake|p2a: Wigglytuff\n|-damage|p2a: Wigglytuff|6/100\n|move|p2a: Wigglytuff|Thunder Wave|p1a: Rampardos\n|-status|p1a: Rampardos|par\n|\n|-heal|p2a: Wigglytuff|12/100|[from] item: Leftovers\n|upkeep\n|turn|24\n|inactive|Time left: 300 sec this turn | 300 sec total\n|\n|t:|1783542632\n|move|p2a: Wigglytuff|Alluring Voice|p1a: Rampardos\n|-damage|p1a: Rampardos|0 fnt\n|faint|p1a: Rampardos\n|\n|-heal|p2a: Wigglytuff|18/100|[from] item: Leftovers\n|upkeep\n|inactive|Time left: 300 sec this turn | 300 sec total | 5 sec grace\n|\n|t:|1783542633\n|switch|p1a: Bombirdier|Bombirdier, L85, M|258/258\n|turn|25\n|inactive|Time left: 300 sec this turn | 300 sec total\n|\n|t:|1783542634\n|move|p1a: Bombirdier|Brave Bird|p2a: Wigglytuff\n|-damage|p2a: Wigglytuff|0 fnt\n|faint|p2a: Wigglytuff\n|-damage|p1a: Bombirdier|234/258|[from] Recoil\n|\n|upkeep\n|\n|t:|1783542635\n|switch|p2a: Ninetales|Ninetales, L85, F, tera:Fire|100/100\n|-weather|SunnyDay|[from] ability: Drought|[of] p2a: Ninetales\n|turn|26\n|inactive|Time left: 300 sec this turn | 300 sec total\n|\n|t:|1783542636\n|move|p2a: Ninetales|Fire Blast|p1a: Bombirdier\n|-damage|p1a: Bombirdier|22/258\n|move|p1a: Bombirdier|Stone Edge|p2a: Ninetales\n|-supereffective|p2a: Ninetales\n|-damage|p2a: Ninetales|10/100\n|\n|-weather|SunnyDay|[upkeep]\n|upkeep\n|turn|27\n|inactive|Time left: 300 sec this turn | 300 sec total\n|\n|t:|1783542637\n|move|p2a: Ninetales|Fire Blast|p1a: Bombirdier\n|-damage|p1a: Bombirdier|0 fnt\n|faint|p1a: Bombirdier\n|\n|-weather|SunnyDay|[upkeep]\n|upkeep\n|inactive|Time left: 300 sec this turn | 300 sec total | 5 sec grace\n|\n|t:|1783542638\n|switch|p1a: Froslass|Froslass, L87, F|263/263\n|turn|28\n|inactive|Time left: 300 sec this turn | 300 sec total\n|\n|t:|1783542639\n|move|p1a: Froslass|Poltergeist|p2a: Ninetales\n|-activate|p2a: Ninetales|move: Poltergeist|Heavy-Duty Boots\n|-damage|p2a: Ninetales|0 fnt\n|faint|p2a: Ninetales\n|\n|-weather|SunnyDay|[upkeep]\n|upkeep\n|\n|t:|1783542640\n|switch|p2a: Metagross|Metagross, L79|54/100\n|turn|29\n|inactive|Time left: 300 sec this turn | 300 sec total\n|\n|t:|1783542641\n|move|p1a: Froslass|Poltergeist|p2a: Metagross\n|-activate|p2a: Metagross|move: Poltergeist|Leftovers\n|-supereffective|p2a: Metagross\n|-crit|p2a: Metagross\n|-damage|p2a: Metagross|0 fnt\n|faint|p2a: Metagross\n|\n|win|p0x260f97b", "uploadtime": 1783542641, "views": 0, "rating": 0, "private": 0, "password": null, "_winner": "p0x260f97b", "_our_name": "p0x260f97b"}