{"id": "battle-gen9randombattle-398", "formatid": "gen9randombattle", "format": "[Gen 9] Random Battle", "players": ["p0x3985456", "p0y398b4d0"], "log": "|init|battle\n|title|p0x3985456 vs. p0y398b4d0\n|j|\u2606p0x3985456\n|j|\u2606p0y398b4d0\n|t:|1783544293\n|gametype|singles\n|player|p1|p0x3985456|169|\n|player|p2|p0y398b4d0|170|\n|gen|9\n|tier|[Gen 9] Random Battle\n|rule|Species Clause: Limit one of each Pok\u00e9mon\n|rule|HP Percentage Mod: HP is shown in percentages\n|rule|Sleep Clause Mod: Limit one foe put to sleep\n|rule|Illusion Level Mod: Illusion disguises the Pok\u00e9mon's true level\n|\n|t:|1783544293\n|teamsize|p1|6\n|teamsize|p2|6\n|start\n|switch|p1a: Exeggutor|Exeggutor-Alola, L89, M|100/100\n|switch|p2a: Dewgong|Dewgong, L94, F|322/322\n|turn|1\n|inactive|Battle timer is ON: inactive players will automatically lose when time's up. (requested by p0x3985456)\n|inactive|Time left: 300 sec this turn | 300 sec total | 60 sec grace\n|inactive|p0y398b4d0 also wants the timer to be on.\n|\n|t:|1783544294\n|switch|p1a: Blastoise|Blastoise, L80, F|100/100\n|move|p2a: Dewgong|Triple Axel|p1a: Blastoise\n|-resisted|p1a: Blastoise\n|-damage|p1a: Blastoise|96/100\n|-resisted|p1a: Blastoise\n|-damage|p1a: Blastoise|88/100\n|-resisted|p1a: Blastoise\n|-damage|p1a: Blastoise|77/100\n|-hitcount|p1a: Blastoise|3\n|\n|upkeep\n|turn|2\n|inactive|Time left: 300 sec this turn | 300 sec total\n|\n|t:|1783544296\n|switch|p2a: Ogerpon|Ogerpon, L80, F|259/259\n|move|p1a: Blastoise|Shell Smash|p1a: Blastoise\n|-unboost|p1a: Blastoise|def|1\n|-unboost|p1a: Blastoise|spd|1\n|-boost|p1a: Blastoise|atk|2\n|-boost|p1a: Blastoise|spa|2\n|-boost|p1a: Blastoise|spe|2\n|-enditem|p1a: Blastoise|White Herb\n|-clearnegativeboost|p1a: Blastoise|[silent]\n|\n|upkeep\n|turn|3\n|inactive|Time left: 300 sec this turn | 300 sec total\n|\n|t:|1783544297\n|-terastallize|p1a: Blastoise|Electric\n|move|p1a: Blastoise|Ice Beam|p2a: Ogerpon\n|-supereffective|p2a: Ogerpon\n|-crit|p2a: Ogerpon\n|-damage|p2a: Ogerpon|0 fnt\n|faint|p2a: Ogerpon\n|\n|upkeep\n|inactive|Time left: 300 sec this turn | 300 sec total | 5 sec grace\n|\n|t:|1783544298\n|switch|p2a: Dewgong|Dewgong, L94, F|322/322\n|turn|4\n|inactive|Time left: 300 sec this turn | 300 sec total\n|\n|t:|1783544299\n|move|p1a: Blastoise|Tera Blast|p2a: Dewgong|[anim] Tera Blast Electric\n|-supereffective|p2a: Dewgong\n|-damage|p2a: Dewgong|80/322\n|move|p2a: Dewgong|Encore|p1a: Blastoise\n|-start|p1a: Blastoise|Encore\n|\n|upkeep\n|turn|5\n|inactive|Time left: 300 sec this turn | 300 sec total\n|\n|t:|1783544300\n|switch|p2a: Great Tusk|Great Tusk, L77|304/304\n|-enditem|p2a: Great Tusk|Booster Energy\n|-activate|p2a: Great Tusk|ability: Protosynthesis|[fromitem]\n|-start|p2a: Great Tusk|protosynthesisatk\n|move|p1a: Blastoise|Tera Blast|p2a: Great Tusk|[anim] Tera Blast Electric\n|-immune|p2a: Great Tusk\n|\n|upkeep\n|turn|6\n|inactive|Time left: 300 sec this turn | 300 sec total\n|\n|t:|1783544301\n|move|p1a: Blastoise|Tera Blast|p2a: Great Tusk|[anim] Tera Blast Electric\n|-immune|p2a: Great Tusk\n|move|p2a: Great Tusk|Earthquake|p1a: Blastoise\n|-supereffective|p1a: Blastoise\n|-damage|p1a: Blastoise|0 fnt\n|faint|p1a: Blastoise\n|\n|upkeep\n|\n|t:|1783544303\n|switch|p1a: Exeggutor|Exeggutor-Alola, L89, M|100/100\n|turn|7\n|inactive|Time left: 300 sec this turn | 300 sec total\n|\n|t:|1783544304\n|-end|p2a: Great Tusk|Protosynthesis|[silent]\n|switch|p2a: Emboar|Emboar, L84, M|322/322\n|move|p1a: Exeggutor|Giga Drain|p2a: Emboar\n|-resisted|p2a: Emboar\n|-damage|p2a: Emboar|280/322\n|\n|upkeep\n|turn|8\n|inactive|Time left: 300 sec this turn | 300 sec total\n|\n|t:|1783544305\n|move|p2a: Emboar|Flare Blitz|p1a: Exeggutor\n|-damage|p1a: Exeggutor|40/100\n|-enditem|p1a: Exeggutor|Sitrus Berry|[eat]\n|-heal|p1a: Exeggutor|65/100|[from] item: Sitrus Berry\n|-damage|p2a: Emboar|217/322|[from] Recoil\n|move|p1a: Exeggutor|Dragon Pulse|p2a: Emboar\n|-damage|p2a: Emboar|121/322\n|\n|upkeep\n|turn|9\n|inactive|Time left: 300 sec this turn | 300 sec total\n|\n|t:|1783544306\n|move|p2a: Emboar|Flare Blitz|p1a: Exeggutor\n|-damage|p1a: Exeggutor|12/100\n|-damage|p2a: Emboar|67/322|[from] Recoil\n|move|p1a: Exeggutor|Dragon Pulse|p2a: Emboar\n|-damage|p2a: Emboar|0 fnt\n|faint|p2a: Emboar\n|\n|-item|p1a: Exeggutor|Sitrus Berry|[from] ability: Harvest\n|upkeep\n|-enditem|p1a: Exeggutor|Sitrus Berry|[eat]\n|-heal|p1a: Exeggutor|37/100|[from] item: Sitrus Berry\n|inactive|Time left: 300 sec this turn | 300 sec total | 5 sec grace\n|\n|t:|1783544307\n|switch|p2a: Espeon|Espeon, L84, F|246/246\n|turn|10\n|inactive|Time left: 300 sec this turn | 300 sec total\n|\n|t:|1783544308\n|switch|p1a: Brute Bonnet|Brute Bonnet, L80|100/100\n|move|p2a: Espeon|Calm Mind|p2a: Espeon\n|-boost|p2a: Espeon|spa|1\n|-boost|p2a: Espeon|spd|1\n|\n|upkeep\n|turn|11\n|inactive|Time left: 300 sec this turn | 300 sec total\n|\n|t:|1783544309\n|switch|p2a: Great Tusk|Great Tusk, L77|304/304\n|move|p1a: Brute Bonnet|Crunch|p2a: Great Tusk\n|-resisted|p2a: Great Tusk\n|-damage|p2a: Great Tusk|266/304\n|\n|upkeep\n|turn|12\n|inactive|Time left: 300 sec this turn | 300 sec total\n|\n|t:|1783544310\n|move|p2a: Great Tusk|Bulk Up|p2a: Great Tusk\n|-boost|p2a: Great Tusk|atk|1\n|-boost|p2a: Great Tusk|def|1\n|move|p1a: Brute Bonnet|Spore|p2a: Great Tusk\n|-status|p2a: Great Tusk|slp|[from] move: Spore\n|\n|upkeep\n|turn|13\n|inactive|Time left: 300 sec this turn | 300 sec total\n|\n|t:|1783544312\n|cant|p2a: Great Tusk|slp\n|move|p1a: Brute Bonnet|Seed Bomb|p2a: Great Tusk\n|-supereffective|p2a: Great Tusk\n|-damage|p2a: Great Tusk|170/304 slp\n|\n|upkeep\n|turn|14\n|inactive|Time left: 300 sec this turn | 300 sec total\n|\n|t:|1783544313\n|cant|p2a: Great Tusk|slp\n|move|p1a: Brute Bonnet|Seed Bomb|p2a: Great Tusk\n|-supereffective|p2a: Great Tusk\n|-damage|p2a: Great Tusk|66/304 slp\n|\n|upkeep\n|turn|15\n|inactive|Time left: 300 sec this turn | 300 sec total\n|\n|t:|1783544314\n|cant|p2a: Great Tusk|slp\n|move|p1a: Brute Bonnet|Seed Bomb|p2a: Great Tusk\n|-supereffective|p2a: Great Tusk\n|-damage|p2a: Great Tusk|0 fnt\n|faint|p2a: Great Tusk\n|-end|p2a: Great Tusk|Protosynthesis|[silent]\n|\n|upkeep\n|inactive|Time left: 300 sec this turn | 300 sec total | 5 sec grace\n|\n|t:|1783544315\n|switch|p2a: Dewgong|Dewgong, L94, F|80/322\n|turn|16\n|inactive|Time left: 300 sec this turn | 300 sec total\n|\n|t:|1783544316\n|move|p1a: Brute Bonnet|Sucker Punch|p2a: Dewgong\n|-damage|p2a: Dewgong|0 fnt\n|faint|p2a: Dewgong\n|\n|upkeep\n|inactive|Time left: 300 sec this turn | 300 sec total | 5 sec grace\n|\n|t:|1783544317\n|switch|p2a: Meowstic|Meowstic, L89, M|277/277\n|turn|17\n|inactive|Time left: 300 sec this turn | 300 sec total\n|\n|t:|1783544319\n|-terastallize|p2a: Meowstic|Fairy\n|move|p2a: Meowstic|Alluring Voice|p1a: Brute Bonnet\n|-supereffective|p1a: Brute Bonnet\n|-damage|p1a: Brute Bonnet|45/100\n|move|p1a: Brute Bonnet|Crunch|p2a: Meowstic\n|-resisted|p2a: Meowstic\n|-damage|p2a: Meowstic|225/277\n|\n|-heal|p2a: Meowstic|242/277|[from] item: Leftovers\n|-heal|p1a: Brute Bonnet|52/100|[from] item: Leftovers\n|upkeep\n|turn|18\n|inactive|Time left: 300 sec this turn | 300 sec total\n|\n|t:|1783544320\n|-end|p1a: Brute Bonnet|Protosynthesis|[silent]\n|switch|p1a: Camerupt|Camerupt, L91, F|100/100\n|move|p2a: Meowstic|Alluring Voice|p1a: Camerupt\n|-resisted|p1a: Camerupt\n|-damage|p1a: Camerupt|84/100\n|\n|-heal|p2a: Meowstic|259/277|[from] item: Leftovers\n|-heal|p1a: Camerupt|90/100|[from] item: Leftovers\n|upkeep\n|turn|19\n|inactive|Time left: 300 sec this turn | 300 sec total\n|\n|t:|1783544321\n|move|p2a: Meowstic|Psychic Noise|p1a: Camerupt\n|-damage|p1a: Camerupt|60/100\n|-start|p1a: Camerupt|move: Heal Block\n|move|p1a: Camerupt|Earthquake|p2a: Meowstic\n|-damage|p2a: Meowstic|133/277\n|\n|-heal|p2a: Meowstic|150/277|[from] item: Leftovers\n|upkeep\n|turn|20\n|inactive|Time left: 300 sec this turn | 300 sec total\n|\n|t:|1783544322\n|move|p2a: Meowstic|Psychic Noise|p1a: Camerupt\n|-damage|p1a: Camerupt|29/100\n|move|p1a: Camerupt|Overheat|p2a: Meowstic\n|-damage|p2a: Meowstic|0 fnt\n|-unboost|p1a: Camerupt|spa|2\n|faint|p2a: Meowstic\n|\n|-end|p1a: Camerupt|move: Heal Block\n|upkeep\n|inactive|Time left: 300 sec this turn | 300 sec total | 5 sec grace\n|\n|t:|1783544323\n|switch|p2a: Espeon|Espeon, L84, F|246/246\n|turn|21\n|inactive|Time left: 300 sec this turn | 300 sec total\n|\n|t:|1783544324\n|move|p2a: Espeon|Calm Mind|p2a: Espeon\n|-boost|p2a: Espeon|spa|1\n|-boost|p2a: Espeon|spd|1\n|move|p1a: Camerupt|Earthquake|p2a: Espeon\n|-crit|p2a: Espeon\n|-damage|p2a: Espeon|5/246\n|\n|-heal|p1a: Camerupt|35/100|[from] item: Leftovers\n|upkeep\n|turn|22\n|inactive|Time left: 300 sec this turn | 300 sec total\n|\n|t:|1783544325\n|move|p2a: Espeon|Morning Sun|p2a: Espeon\n|-heal|p2a: Espeon|128/246\n|move|p1a: Camerupt|Earthquake|p2a: Espeon\n|-damage|p2a: Espeon|0 fnt\n|faint|p2a: Espeon\n|\n|win|p0x3985456", "uploadtime": 1783544325, "views": 0, "rating": 0, "private": 0, "password": null, "_winner": "p0x3985456", "_our_name": "p0y398b4d0"}