{"id": "battle-gen9randombattle-29", "formatid": "gen9randombattle", "format": "[Gen 9] Random Battle", "players": ["p0x029f9cf", "p0y02931a8"], "log": "|init|battle\n|title|p0x029f9cf vs. p0y02931a8\n|j|\u2606p0x029f9cf\n|j|\u2606p0y02931a8\n|t:|1783539763\n|gametype|singles\n|player|p1|p0x029f9cf|101|\n|player|p2|p0y02931a8|101|\n|gen|9\n|tier|[Gen 9] Random Battle\n|rule|Species Clause: Limit one of each Pok\u00e9mon\n|rule|HP Percentage Mod: HP is shown in percentages\n|rule|Sleep Clause Mod: Limit one foe put to sleep\n|rule|Illusion Level Mod: Illusion disguises the Pok\u00e9mon's true level\n|\n|t:|1783539763\n|teamsize|p1|6\n|teamsize|p2|6\n|start\n|switch|p1a: Volbeat|Volbeat, L90, M|263/263\n|switch|p2a: Grafaiai|Grafaiai, L86, M|100/100\n|turn|1\n|inactive|Battle timer is ON: inactive players will automatically lose when time's up. (requested by p0x029f9cf)\n|inactive|p0y02931a8 also wants the timer to be on.\n|\n|t:|1783539765\n|move|p2a: Grafaiai|Swords Dance|p2a: Grafaiai\n|-boost|p2a: Grafaiai|atk|2\n|move|p1a: Volbeat|Lunge|p2a: Grafaiai\n|-resisted|p2a: Grafaiai\n|-damage|p2a: Grafaiai|81/100\n|-unboost|p2a: Grafaiai|atk|1\n|\n|upkeep\n|turn|2\n|inactive|Time left: 300 sec this turn | 300 sec total\n|\n|t:|1783539766\n|move|p1a: Volbeat|Encore|p2a: Grafaiai\n|-start|p2a: Grafaiai|Encore\n|move|p2a: Grafaiai|Swords Dance|p2a: Grafaiai\n|-boost|p2a: Grafaiai|atk|2\n|\n|upkeep\n|turn|3\n|inactive|Time left: 300 sec this turn | 300 sec total\n|\n|t:|1783539767\n|switch|p2a: Gallade|Gallade, L80, M|100/100\n|switch|p1a: Rhyperior|Rhyperior, L82, F|323/323\n|\n|upkeep\n|turn|4\n|inactive|Time left: 300 sec this turn | 300 sec total\n|\n|t:|1783539768\n|move|p2a: Gallade|Leaf Blade|p1a: Rhyperior\n|-supereffective|p1a: Rhyperior\n|-damage|p1a: Rhyperior|0 fnt\n|faint|p1a: Rhyperior\n|\n|upkeep\n|inactive|Time left: 300 sec this turn | 300 sec total | 5 sec grace\n|\n|t:|1783539769\n|switch|p1a: Haxorus|Haxorus, L77, M|244/244\n|-ability|p1a: Haxorus|Mold Breaker\n|turn|5\n|inactive|Time left: 300 sec this turn | 300 sec total\n|\n|t:|1783539770\n|switch|p2a: Avalugg|Avalugg-Hisui, L90, F|100/100\n|move|p1a: Haxorus|Swords Dance|p1a: Haxorus\n|-boost|p1a: Haxorus|atk|2\n|\n|upkeep\n|turn|6\n|inactive|Time left: 300 sec this turn | 300 sec total\n|\n|t:|1783539772\n|move|p1a: Haxorus|Iron Head|p2a: Avalugg\n|-supereffective|p2a: Avalugg\n|-damage|p2a: Avalugg|13/100\n|cant|p2a: Avalugg|flinch\n|\n|upkeep\n|turn|7\n|inactive|Time left: 300 sec this turn | 300 sec total\n|\n|t:|1783539773\n|move|p1a: Haxorus|Scale Shot|p2a: Avalugg|[miss]\n|-miss|p1a: Haxorus|p2a: Avalugg\n|move|p2a: Avalugg|Avalanche|p1a: Haxorus\n|-supereffective|p1a: Haxorus\n|-damage|p1a: Haxorus|44/244\n|\n|upkeep\n|turn|8\n|inactive|Time left: 300 sec this turn | 300 sec total\n|\n|t:|1783539774\n|move|p1a: Haxorus|Scale Shot|p2a: Avalugg\n|-damage|p2a: Avalugg|3/100\n|-damage|p2a: Avalugg|0 fnt\n|faint|p2a: Avalugg\n|-hitcount|p2: Avalugg|2\n|-unboost|p1a: Haxorus|def|1\n|-boost|p1a: Haxorus|spe|1\n|\n|upkeep\n|\n|t:|1783539775\n|switch|p2a: Mesprit|Mesprit, L85|100/100\n|turn|9\n|inactive|Time left: 300 sec this turn | 300 sec total\n|\n|t:|1783539776\n|move|p1a: Haxorus|Scale Shot|p2a: Mesprit\n|-damage|p2a: Mesprit|80/100\n|-damage|p2a: Mesprit|62/100\n|-crit|p2a: Mesprit\n|-damage|p2a: Mesprit|34/100\n|-damage|p2a: Mesprit|13/100\n|-hitcount|p2a: Mesprit|4\n|-unboost|p1a: Haxorus|def|1\n|-boost|p1a: Haxorus|spe|1\n|move|p2a: Mesprit|Knock Off|p1a: Haxorus\n|-damage|p1a: Haxorus|0 fnt\n|-enditem|p1a: Haxorus|Loaded Dice|[from] move: Knock Off|[of] p2a: Mesprit\n|faint|p1a: Haxorus\n|\n|-heal|p2a: Mesprit|19/100|[from] item: Leftovers\n|upkeep\n|inactive|Time left: 300 sec this turn | 300 sec total | 5 sec grace\n|\n|t:|1783539778\n|switch|p1a: Palkia|Palkia, L75|259/259\n|-ability|p1a: Palkia|Pressure\n|turn|10\n|inactive|Time left: 300 sec this turn | 300 sec total\n|\n|t:|1783539779\n|switch|p2a: Arboliva|Arboliva, L91, M|100/100\n|move|p1a: Palkia|Fire Blast|p2a: Arboliva\n|-supereffective|p2a: Arboliva\n|-damage|p2a: Arboliva|49/100\n|-fieldstart|move: Grassy Terrain|[from] ability: Seed Sower|[of] p2a: Arboliva\n|\n|-heal|p2a: Arboliva|55/100|[from] Grassy Terrain\n|-heal|p2a: Arboliva|61/100|[from] item: Leftovers\n|upkeep\n|turn|11\n|inactive|Time left: 300 sec this turn | 300 sec total\n|\n|t:|1783539780\n|-terastallize|p1a: Palkia|Dragon\n|move|p1a: Palkia|Draco Meteor|p2a: Arboliva\n|-damage|p2a: Arboliva|0 fnt\n|-unboost|p1a: Palkia|spa|2\n|faint|p2a: Arboliva\n|\n|upkeep\n|\n|t:|1783539781\n|switch|p2a: Gallade|Gallade, L80, M|100/100\n|turn|12\n|inactive|Time left: 300 sec this turn | 300 sec total\n|\n|t:|1783539782\n|switch|p1a: Volbeat|Volbeat, L90, M|263/263\n|move|p2a: Gallade|Psycho Cut|p1a: Volbeat\n|-damage|p1a: Volbeat|62/263\n|\n|-heal|p1a: Volbeat|78/263|[from] Grassy Terrain\n|upkeep\n|turn|13\n|inactive|Time left: 300 sec this turn | 300 sec total\n|\n|t:|1783539783\n|move|p1a: Volbeat|Lunge|p2a: Gallade\n|-damage|p2a: Gallade|55/100\n|-unboost|p2a: Gallade|atk|1\n|move|p2a: Gallade|Psycho Cut|p1a: Volbeat\n|-damage|p1a: Volbeat|0 fnt\n|faint|p1a: Volbeat\n|\n|-heal|p2a: Gallade|62/100|[from] Grassy Terrain\n|upkeep\n|inactive|Time left: 300 sec this turn | 300 sec total | 5 sec grace\n|\n|t:|1783539784\n|switch|p1a: Garganacl|Garganacl, L80, F, shiny|291/291\n|turn|14\n|inactive|Time left: 300 sec this turn | 300 sec total\n|\n|t:|1783539785\n|move|p2a: Gallade|Psycho Cut|p1a: Garganacl\n|-crit|p1a: Garganacl\n|-damage|p1a: Garganacl|75/291\n|move|p1a: Garganacl|Stealth Rock|p2a: Gallade\n|-sidestart|p2: p0y02931a8|move: Stealth Rock\n|\n|-heal|p2a: Gallade|68/100|[from] Grassy Terrain\n|-heal|p1a: Garganacl|93/291|[from] Grassy Terrain\n|-heal|p1a: Garganacl|111/291|[from] item: Leftovers\n|-fieldend|move: Grassy Terrain\n|upkeep\n|turn|15\n|inactive|Time left: 300 sec this turn | 300 sec total\n|\n|t:|1783539786\n|move|p2a: Gallade|Psycho Cut|p1a: Garganacl\n|-damage|p1a: Garganacl|14/291\n|move|p1a: Garganacl|Recover|p1a: Garganacl\n|-heal|p1a: Garganacl|160/291\n|\n|-heal|p1a: Garganacl|178/291|[from] item: Leftovers\n|upkeep\n|turn|16\n|inactive|Time left: 300 sec this turn | 300 sec total\n|\n|t:|1783539787\n|move|p2a: Gallade|Psycho Cut|p1a: Garganacl\n|-damage|p1a: Garganacl|88/291\n|move|p1a: Garganacl|Recover|p1a: Garganacl\n|-heal|p1a: Garganacl|234/291\n|\n|-heal|p1a: Garganacl|252/291|[from] item: Leftovers\n|upkeep\n|turn|17\n|inactive|Time left: 300 sec this turn | 300 sec total\n|\n|t:|1783539788\n|move|p2a: Gallade|Psycho Cut|p1a: Garganacl\n|-damage|p1a: Garganacl|161/291\n|move|p1a: Garganacl|Salt Cure|p2a: Gallade\n|-resisted|p2a: Gallade\n|-damage|p2a: Gallade|58/100\n|-start|p2a: Gallade|Salt Cure\n|\n|-heal|p1a: Garganacl|179/291|[from] item: Leftovers\n|-damage|p2a: Gallade|45/100|[from] Salt Cure\n|upkeep\n|turn|18\n|inactive|Time left: 300 sec this turn | 300 sec total\n|\n|t:|1783539789\n|move|p2a: Gallade|Psycho Cut|p1a: Garganacl\n|-damage|p1a: Garganacl|74/291\n|move|p1a: Garganacl|Recover|p1a: Garganacl\n|-heal|p1a: Garganacl|220/291\n|\n|-heal|p1a: Garganacl|238/291|[from] item: Leftovers\n|-damage|p2a: Gallade|33/100|[from] Salt Cure\n|upkeep\n|turn|19\n|inactive|Time left: 300 sec this turn | 300 sec total\n|\n|t:|1783539790\n|move|p2a: Gallade|Psycho Cut|p1a: Garganacl\n|-damage|p1a: Garganacl|144/291\n|move|p1a: Garganacl|Salt Cure|p2a: Gallade\n|-resisted|p2a: Gallade\n|-damage|p2a: Gallade|22/100\n|\n|-heal|p1a: Garganacl|162/291|[from] item: Leftovers\n|-damage|p2a: Gallade|10/100|[from] Salt Cure\n|upkeep\n|turn|20\n|inactive|Time left: 300 sec this turn | 300 sec total\n|\n|t:|1783539792\n|move|p2a: Gallade|Psycho Cut|p1a: Garganacl\n|-damage|p1a: Garganacl|68/291\n|move|p1a: Garganacl|Recover|p1a: Garganacl\n|-heal|p1a: Garganacl|214/291\n|\n|-heal|p1a: Garganacl|232/291|[from] item: Leftovers\n|-damage|p2a: Gallade|0 fnt|[from] Salt Cure\n|faint|p2a: Gallade\n|upkeep\n|\n|t:|1783539793\n|switch|p2a: Mienshao|Mienshao, L83, M|100/100\n|-damage|p2a: Mienshao|94/100|[from] Stealth Rock\n|turn|21\n|inactive|Time left: 300 sec this turn | 300 sec total\n|\n|t:|1783539794\n|switch|p1a: Emboar|Emboar, L84, F|322/322\n|move|p2a: Mienshao|Close Combat|p1a: Emboar\n|-damage|p1a: Emboar|115/322\n|-unboost|p2a: Mienshao|def|1\n|-unboost|p2a: Mienshao|spd|1\n|\n|upkeep\n|turn|22\n|inactive|Time left: 300 sec this turn | 300 sec total\n|\n|t:|1783539795\n|move|p1a: Emboar|Sucker Punch|p2a: Mienshao\n|-resisted|p2a: Mienshao\n|-damage|p2a: Mienshao|69/100\n|move|p2a: Mienshao|Close Combat|p1a: Emboar\n|-damage|p1a: Emboar|0 fnt\n|-unboost|p2a: Mienshao|def|1\n|-unboost|p2a: Mienshao|spd|1\n|faint|p1a: Emboar\n|\n|upkeep\n|inactive|Time left: 300 sec this turn | 300 sec total | 5 sec grace\n|\n|t:|1783539796\n|switch|p1a: Palkia|Palkia, L75, tera:Dragon|259/259\n|-ability|p1a: Palkia|Pressure\n|turn|23\n|inactive|Time left: 300 sec this turn | 300 sec total\n|\n|t:|1783539797\n|move|p2a: Mienshao|U-turn|p1a: Palkia\n|-damage|p1a: Palkia|198/259\n|\n|t:|1783539798\n|switch|p2a: Mesprit|Mesprit, L85|19/100|[from] U-turn\n|-damage|p2a: Mesprit|7/100|[from] Stealth Rock\n|move|p1a: Palkia|Hydro Pump|p2a: Mesprit\n|-damage|p2a: Mesprit|0 fnt\n|faint|p2a: Mesprit\n|\n|upkeep\n|\n|t:|1783539800\n|switch|p2a: Mienshao|Mienshao, L83, M|100/100\n|-damage|p2a: Mienshao|94/100|[from] Stealth Rock\n|turn|24\n|inactive|Time left: 300 sec this turn | 300 sec total\n|\n|t:|1783539801\n|move|p2a: Mienshao|Knock Off|p1a: Palkia\n|-damage|p1a: Palkia|110/259\n|-enditem|p1a: Palkia|Lustrous Orb|[from] move: Knock Off|[of] p2a: Mienshao\n|move|p1a: Palkia|Draco Meteor|p2a: Mienshao\n|-damage|p2a: Mienshao|22/100\n|-unboost|p1a: Palkia|spa|2\n|\n|upkeep\n|turn|25\n|inactive|Time left: 300 sec this turn | 300 sec total\n|\n|t:|1783539802\n|switch|p1a: Garganacl|Garganacl, L80, F, shiny|232/291\n|-terastallize|p2a: Mienshao|Steel\n|move|p2a: Mienshao|Close Combat|p1a: Garganacl\n|-supereffective|p1a: Garganacl\n|-damage|p1a: Garganacl|0 fnt\n|-unboost|p2a: Mienshao|def|1\n|-unboost|p2a: Mienshao|spd|1\n|faint|p1a: Garganacl\n|\n|upkeep\n|inactive|Time left: 300 sec this turn | 300 sec total | 5 sec grace\n|\n|t:|1783539803\n|switch|p1a: Palkia|Palkia, L75, tera:Dragon|110/259\n|-ability|p1a: Palkia|Pressure\n|turn|26\n|inactive|Time left: 300 sec this turn | 300 sec total\n|\n|t:|1783539803\n|move|p2a: Mienshao|Close Combat|p1a: Palkia\n|-damage|p1a: Palkia|0 fnt\n|-unboost|p2a: Mienshao|def|1\n|-unboost|p2a: Mienshao|spd|1\n|faint|p1a: Palkia\n|\n|win|p0y02931a8", "uploadtime": 1783539803, "views": 0, "rating": 0, "private": 0, "password": null, "_winner": "p0y02931a8", "_our_name": "p0x029f9cf"}