{"id": "battle-gen9randombattle-2100", "formatid": "gen9randombattle", "format": "[Gen 9] Random Battle", "players": ["p0x2100b67f", "p0y2100db9c"], "log": "|init|battle\n|title|p0x2100b67f vs. p0y2100db9c\n|j|\u2606p0x2100b67f\n|j|\u2606p0y2100db9c\n|t:|1783563529\n|gametype|singles\n|player|p1|p0x2100b67f|1|\n|player|p2|p0y2100db9c|265|\n|gen|9\n|tier|[Gen 9] Random Battle\n|rule|Species Clause: Limit one of each Pok\u00e9mon\n|rule|HP Percentage Mod: HP is shown in percentages\n|rule|Sleep Clause Mod: Limit one foe put to sleep\n|rule|Illusion Level Mod: Illusion disguises the Pok\u00e9mon's true level\n|\n|t:|1783563529\n|teamsize|p1|6\n|teamsize|p2|6\n|start\n|switch|p1a: Thundurus|Thundurus-Therian, L80, M|258/258\n|switch|p2a: Smeargle|Smeargle, L95, F|100/100\n|turn|1\n|inactive|Battle timer is ON: inactive players will automatically lose when time's up. (requested by p0x2100b67f)\n|\n|t:|1783563530\n|move|p1a: Thundurus|Focus Blast|p2a: Smeargle\n|-supereffective|p2a: Smeargle\n|-enditem|p2a: Smeargle|Focus Sash\n|-damage|p2a: Smeargle|1/100\n|move|p2a: Smeargle|Sticky Web|p1a: Thundurus\n|-sidestart|p1: p0x2100b67f|move: Sticky Web\n|\n|upkeep\n|turn|2\n|inactive|Time left: 300 sec this turn | 300 sec total\n|inactive|p0y2100db9c also wants the timer to be on.\n|\n|t:|1783563531\n|move|p1a: Thundurus|Focus Blast|p2a: Smeargle\n|-supereffective|p2a: Smeargle\n|-damage|p2a: Smeargle|0 fnt\n|faint|p2a: Smeargle\n|\n|upkeep\n|\n|t:|1783563532\n|switch|p2a: Raichu|Raichu-Alola, L87, F|100/100\n|turn|3\n|inactive|Time left: 300 sec this turn | 300 sec total\n|\n|t:|1783563533\n|switch|p1a: Cresselia|Cresselia, L80, F|323/323\n|move|p2a: Raichu|Nasty Plot|p2a: Raichu\n|-boost|p2a: Raichu|spa|2\n|\n|upkeep\n|turn|4\n|inactive|Time left: 300 sec this turn | 300 sec total\n|\n|t:|1783563534\n|move|p2a: Raichu|Thunderbolt|p1a: Cresselia\n|-damage|p1a: Cresselia|99/323\n|-damage|p2a: Raichu|91/100|[from] item: Life Orb\n|move|p1a: Cresselia|Moonlight|p1a: Cresselia\n|-heal|p1a: Cresselia|260/323\n|\n|-heal|p1a: Cresselia|280/323|[from] item: Leftovers\n|upkeep\n|turn|5\n|inactive|Time left: 300 sec this turn | 300 sec total\n|\n|t:|1783563535\n|move|p2a: Raichu|Thunderbolt|p1a: Cresselia\n|-damage|p1a: Cresselia|69/323\n|-damage|p2a: Raichu|81/100|[from] item: Life Orb\n|move|p1a: Cresselia|Moonlight|p1a: Cresselia\n|-heal|p1a: Cresselia|230/323\n|\n|-heal|p1a: Cresselia|250/323|[from] item: Leftovers\n|upkeep\n|turn|6\n|inactive|Time left: 300 sec this turn | 300 sec total\n|\n|t:|1783563536\n|move|p2a: Raichu|Thunderbolt|p1a: Cresselia\n|-damage|p1a: Cresselia|42/323\n|-damage|p2a: Raichu|71/100|[from] item: Life Orb\n|move|p1a: Cresselia|Moonlight|p1a: Cresselia\n|-heal|p1a: Cresselia|203/323\n|\n|-heal|p1a: Cresselia|223/323|[from] item: Leftovers\n|upkeep\n|turn|7\n|inactive|Time left: 300 sec this turn | 300 sec total\n|\n|t:|1783563537\n|move|p2a: Raichu|Thunderbolt|p1a: Cresselia\n|-damage|p1a: Cresselia|9/323\n|-damage|p2a: Raichu|61/100|[from] item: Life Orb\n|move|p1a: Cresselia|Moonlight|p1a: Cresselia\n|-heal|p1a: Cresselia|170/323\n|\n|-heal|p1a: Cresselia|190/323|[from] item: Leftovers\n|upkeep\n|turn|8\n|inactive|Time left: 300 sec this turn | 300 sec total\n|\n|t:|1783563538\n|move|p2a: Raichu|Thunderbolt|p1a: Cresselia\n|-damage|p1a: Cresselia|0 fnt\n|faint|p1a: Cresselia\n|-damage|p2a: Raichu|52/100|[from] item: Life Orb\n|\n|upkeep\n|inactive|Time left: 300 sec this turn | 300 sec total | 5 sec grace\n|\n|t:|1783563539\n|switch|p1a: Illumise|Illumise, L91, F|266/266\n|turn|9\n|inactive|Time left: 300 sec this turn | 300 sec total\n|\n|t:|1783563540\n|move|p2a: Raichu|Thunderbolt|p1a: Illumise\n|-damage|p1a: Illumise|19/266\n|-damage|p2a: Raichu|42/100|[from] item: Life Orb\n|move|p1a: Illumise|Bug Buzz|p2a: Raichu\n|-supereffective|p2a: Raichu\n|-damage|p2a: Raichu|0 fnt\n|faint|p2a: Raichu\n|\n|upkeep\n|\n|t:|1783563541\n|switch|p2a: Arceus|Arceus-Grass, L73|100/100\n|turn|10\n|inactive|Time left: 300 sec this turn | 300 sec total\n|\n|t:|1783563542\n|move|p1a: Illumise|Roost|p1a: Illumise\n|-heal|p1a: Illumise|152/266\n|-singleturn|p1a: Illumise|move: Roost\n|move|p2a: Arceus|Calm Mind|p2a: Arceus\n|-boost|p2a: Arceus|spa|1\n|-boost|p2a: Arceus|spd|1\n|\n|upkeep\n|turn|11\n|inactive|Time left: 300 sec this turn | 300 sec total\n|\n|t:|1783563543\n|move|p1a: Illumise|Encore|p2a: Arceus\n|-start|p2a: Arceus|Encore\n|move|p2a: Arceus|Calm Mind|p2a: Arceus\n|-boost|p2a: Arceus|spa|1\n|-boost|p2a: Arceus|spd|1\n|\n|upkeep\n|turn|12\n|inactive|Time left: 300 sec this turn | 300 sec total\n|\n|t:|1783563544\n|switch|p1a: Tentacruel|Tentacruel, L84, F|272/272\n|-activate|p1a: Tentacruel|move: Sticky Web\n|-unboost|p1a: Tentacruel|spe|1\n|move|p2a: Arceus|Calm Mind|p2a: Arceus\n|-boost|p2a: Arceus|spa|1\n|-boost|p2a: Arceus|spd|1\n|\n|upkeep\n|turn|13\n|inactive|Time left: 300 sec this turn | 300 sec total\n|\n|t:|1783563544\n|move|p2a: Arceus|Calm Mind|p2a: Arceus\n|-boost|p2a: Arceus|spa|1\n|-boost|p2a: Arceus|spd|1\n|move|p1a: Tentacruel|Haze|p1a: Tentacruel\n|-clearallboost\n|\n|-end|p2a: Arceus|Encore\n|upkeep\n|turn|14\n|inactive|Time left: 300 sec this turn | 300 sec total\n|\n|t:|1783563545\n|move|p2a: Arceus|Calm Mind|p2a: Arceus\n|-boost|p2a: Arceus|spa|1\n|-boost|p2a: Arceus|spd|1\n|move|p1a: Tentacruel|Sludge Bomb|p2a: Arceus\n|-supereffective|p2a: Arceus\n|-damage|p2a: Arceus|64/100\n|\n|upkeep\n|turn|15\n|inactive|Time left: 300 sec this turn | 300 sec total\n|\n|t:|1783563546\n|move|p2a: Arceus|Earth Power|p1a: Tentacruel\n|-supereffective|p1a: Tentacruel\n|-damage|p1a: Tentacruel|130/272\n|move|p1a: Tentacruel|Sludge Bomb|p2a: Arceus\n|-supereffective|p2a: Arceus\n|-damage|p2a: Arceus|32/100\n|\n|-heal|p1a: Tentacruel|147/272|[from] item: Leftovers\n|upkeep\n|turn|16\n|inactive|Time left: 300 sec this turn | 300 sec total\n|\n|t:|1783563547\n|-terastallize|p2a: Arceus|Ground\n|move|p2a: Arceus|Earth Power|p1a: Tentacruel\n|-supereffective|p1a: Tentacruel\n|-damage|p1a: Tentacruel|0 fnt\n|faint|p1a: Tentacruel\n|\n|upkeep\n|inactive|Time left: 300 sec this turn | 300 sec total | 5 sec grace\n|\n|t:|1783563548\n|switch|p1a: Scyther|Scyther, L82, M|249/249\n|turn|17\n|inactive|Time left: 300 sec this turn | 300 sec total\n|\n|t:|1783563549\n|move|p1a: Scyther|Dual Wingbeat|p2a: Arceus\n|-damage|p2a: Arceus|13/100\n|-damage|p2a: Arceus|0 fnt\n|faint|p2a: Arceus\n|-hitcount|p2: Arceus|2\n|\n|upkeep\n|\n|t:|1783563550\n|switch|p2a: Suicune|Suicune, L82|100/100\n|-ability|p2a: Suicune|Pressure\n|turn|18\n|inactive|Time left: 300 sec this turn | 300 sec total\n|\n|t:|1783563551\n|move|p1a: Scyther|Defog|p2a: Suicune\n|-unboost|p2a: Suicune|evasion|1\n|-sideend|p1: p0x2100b67f|Sticky Web|[from] move: Defog|[of] p1a: Scyther\n|move|p2a: Suicune|Scald|p1a: Scyther\n|-damage|p1a: Scyther|171/249\n|-status|p1a: Scyther|brn\n|\n|-damage|p1a: Scyther|156/249 brn|[from] brn\n|upkeep\n|turn|19\n|inactive|Time left: 300 sec this turn | 300 sec total\n|\n|t:|1783563551\n|move|p1a: Scyther|U-turn|p2a: Suicune\n|-damage|p2a: Suicune|90/100\n|inactive|Time left: 300 sec this turn | 300 sec total | 5 sec grace\n|\n|t:|1783563552\n|switch|p1a: Thundurus|Thundurus-Therian, L80, M|258/258|[from] U-turn\n|move|p2a: Suicune|Calm Mind|p2a: Suicune\n|-boost|p2a: Suicune|spa|1\n|-boost|p2a: Suicune|spd|1\n|\n|-heal|p2a: Suicune|96/100|[from] item: Leftovers\n|upkeep\n|turn|20\n|inactive|Time left: 300 sec this turn | 300 sec total\n|\n|t:|1783563553\n|move|p1a: Thundurus|Thunderbolt|p2a: Suicune\n|-supereffective|p2a: Suicune\n|-damage|p2a: Suicune|49/100\n|move|p2a: Suicune|Ice Beam|p1a: Thundurus\n|-supereffective|p1a: Thundurus\n|-damage|p1a: Thundurus|74/258\n|\n|-heal|p2a: Suicune|56/100|[from] item: Leftovers\n|upkeep\n|turn|21\n|inactive|Time left: 300 sec this turn | 300 sec total\n|\n|t:|1783563555\n|move|p1a: Thundurus|Thunderbolt|p2a: Suicune\n|-supereffective|p2a: Suicune\n|-crit|p2a: Suicune\n|-damage|p2a: Suicune|0 fnt\n|faint|p2a: Suicune\n|\n|upkeep\n|\n|t:|1783563556\n|switch|p2a: Deoxys|Deoxys-Defense, L84|100/100\n|-ability|p2a: Deoxys|Pressure\n|turn|22\n|inactive|Time left: 300 sec this turn | 300 sec total\n|\n|t:|1783563557\n|move|p1a: Thundurus|Thunderbolt|p2a: Deoxys\n|-damage|p2a: Deoxys|65/100\n|move|p2a: Deoxys|Night Shade|p1a: Thundurus\n|-damage|p1a: Thundurus|0 fnt\n|faint|p1a: Thundurus\n|\n|-heal|p2a: Deoxys|71/100|[from] item: Leftovers\n|upkeep\n|inactive|Time left: 300 sec this turn | 300 sec total | 5 sec grace\n|\n|t:|1783563558\n|switch|p1a: Wugtrio|Wugtrio, L91, M|212/212\n|turn|23\n|inactive|Time left: 300 sec this turn | 300 sec total\n|\n|t:|1783563559\n|move|p1a: Wugtrio|Liquidation|p2a: Deoxys\n|-damage|p2a: Deoxys|23/100\n|move|p2a: Deoxys|Recover|p2a: Deoxys\n|-heal|p2a: Deoxys|73/100\n|\n|-heal|p2a: Deoxys|79/100|[from] item: Leftovers\n|upkeep\n|turn|24\n|inactive|Time left: 300 sec this turn | 300 sec total\n|\n|t:|1783563560\n|move|p1a: Wugtrio|Liquidation|p2a: Deoxys\n|-damage|p2a: Deoxys|32/100\n|move|p2a: Deoxys|Recover|p2a: Deoxys\n|-heal|p2a: Deoxys|82/100\n|\n|-heal|p2a: Deoxys|88/100|[from] item: Leftovers\n|upkeep\n|turn|25\n|inactive|Time left: 300 sec this turn | 300 sec total\n|\n|t:|1783563561\n|-terastallize|p1a: Wugtrio|Water\n|move|p1a: Wugtrio|Liquidation|p2a: Deoxys\n|-damage|p2a: Deoxys|25/100\n|move|p2a: Deoxys|Cosmic Power|p2a: Deoxys\n|-boost|p2a: Deoxys|def|1\n|-boost|p2a: Deoxys|spd|1\n|\n|-heal|p2a: Deoxys|31/100|[from] item: Leftovers\n|upkeep\n|turn|26\n|inactive|Time left: 300 sec this turn | 300 sec total\n|\n|t:|1783563562\n|move|p1a: Wugtrio|Liquidation|p2a: Deoxys\n|-damage|p2a: Deoxys|0 fnt\n|faint|p2a: Deoxys\n|\n|upkeep\n|\n|t:|1783563563\n|switch|p2a: Infernape|Infernape, L82, F|100/100\n|turn|27\n|inactive|Time left: 300 sec this turn | 300 sec total\n|\n|t:|1783563564\n|move|p1a: Wugtrio|Liquidation|p2a: Infernape\n|-supereffective|p2a: Infernape\n|-damage|p2a: Infernape|0 fnt\n|faint|p2a: Infernape\n|\n|win|p0x2100b67f", "uploadtime": 1783563564, "views": 0, "rating": 0, "private": 0, "password": null, "_winner": "p0x2100b67f", "_our_name": "p0x2100b67f"}