{"id": "battle-gen9randombattle-2888", "formatid": "gen9randombattle", "format": "[Gen 9] Random Battle", "players": ["p0x28881112", "p0y28880bda"], "log": "|init|battle\n|title|p0x28881112 vs. p0y28880bda\n|j|\u2606p0x28881112\n|j|\u2606p0y28880bda\n|t:|1783573257\n|gametype|singles\n|player|p1|p0x28881112|1|\n|player|p2|p0y28880bda|170|\n|gen|9\n|tier|[Gen 9] Random Battle\n|rule|Species Clause: Limit one of each Pok\u00e9mon\n|rule|HP Percentage Mod: HP is shown in percentages\n|rule|Sleep Clause Mod: Limit one foe put to sleep\n|rule|Illusion Level Mod: Illusion disguises the Pok\u00e9mon's true level\n|\n|t:|1783573257\n|teamsize|p1|6\n|teamsize|p2|6\n|start\n|switch|p1a: Slowbro|Slowbro-Galar, L87, F|307/307\n|switch|p2a: Flareon|Flareon, L90, F|100/100\n|turn|1\n|inactive|Battle timer is ON: inactive players will automatically lose when time's up. (requested by p0y28880bda)\n|inactive|Time left: 300 sec this turn | 300 sec total | 60 sec grace\n|\n|t:|1783573258\n|move|p2a: Flareon|Flare Blitz|p1a: Slowbro\n|-damage|p1a: Slowbro|135/307\n|-damage|p2a: Flareon|79/100|[from] Recoil\n|move|p1a: Slowbro|Shell Side Arm|p2a: Flareon|[anim] Shell Side Arm Physical\n|-damage|p2a: Flareon|34/100\n|-hint|Physical Shell Side Arm\n|\n|-heal|p1a: Slowbro|154/307|[from] item: Leftovers\n|-status|p2a: Flareon|tox|[from] item: Toxic Orb\n|upkeep\n|turn|2\n|inactive|Time left: 300 sec this turn | 300 sec total\n|inactive|p0x28881112 also wants the timer to be on.\n|\n|t:|1783573259\n|switch|p1a: Ceruledge|Ceruledge, L78, M|245/245\n|move|p2a: Flareon|Facade|p1a: Ceruledge\n|-immune|p1a: Ceruledge\n|\n|-damage|p2a: Flareon|28/100 tox|[from] psn\n|upkeep\n|turn|3\n|inactive|Time left: 300 sec this turn | 300 sec total\n|\n|t:|1783573260\n|switch|p2a: Ogerpon|Ogerpon-Wellspring, L76, F|100/100\n|move|p1a: Ceruledge|Swords Dance|p1a: Ceruledge\n|-boost|p1a: Ceruledge|atk|2\n|\n|upkeep\n|turn|4\n|inactive|Time left: 300 sec this turn | 300 sec total\n|\n|t:|1783573262\n|switch|p1a: Slowbro|Slowbro-Galar, L87, F|256/307\n|move|p2a: Ogerpon|Ivy Cudgel|p1a: Slowbro|[anim] Ivy Cudgel Water\n|-damage|p1a: Slowbro|144/307\n|\n|-heal|p1a: Slowbro|163/307|[from] item: Leftovers\n|upkeep\n|turn|5\n|inactive|Time left: 300 sec this turn | 300 sec total\n|\n|t:|1783573263\n|move|p2a: Ogerpon|Ivy Cudgel|p1a: Slowbro|[anim] Ivy Cudgel Water\n|-crit|p1a: Slowbro\n|-damage|p1a: Slowbro|0 fnt\n|faint|p1a: Slowbro\n|\n|upkeep\n|inactive|Time left: 300 sec this turn | 300 sec total | 5 sec grace\n|\n|t:|1783573264\n|switch|p1a: Haxorus|Haxorus, L77, M|244/244\n|-ability|p1a: Haxorus|Mold Breaker\n|turn|6\n|inactive|Time left: 300 sec this turn | 300 sec total\n|\n|t:|1783573265\n|move|p2a: Ogerpon|Play Rough|p1a: Haxorus\n|-supereffective|p1a: Haxorus\n|-damage|p1a: Haxorus|76/244\n|move|p1a: Haxorus|Scale Shot|p2a: Ogerpon\n|-damage|p2a: Ogerpon|87/100\n|-damage|p2a: Ogerpon|71/100\n|-damage|p2a: Ogerpon|56/100\n|-damage|p2a: Ogerpon|42/100\n|-damage|p2a: Ogerpon|28/100\n|-hitcount|p2a: Ogerpon|5\n|-unboost|p1a: Haxorus|def|1\n|-boost|p1a: Haxorus|spe|1\n|\n|upkeep\n|turn|7\n|inactive|Time left: 300 sec this turn | 300 sec total\n|\n|t:|1783573266\n|switch|p2a: Malamar|Malamar, L82, M|100/100\n|move|p1a: Haxorus|Scale Shot|p2a: Malamar\n|-damage|p2a: Malamar|88/100\n|-damage|p2a: Malamar|77/100\n|-damage|p2a: Malamar|65/100\n|-damage|p2a: Malamar|54/100\n|-hitcount|p2a: Malamar|4\n|-unboost|p1a: Haxorus|def|1\n|-boost|p1a: Haxorus|spe|1\n|\n|upkeep\n|turn|8\n|inactive|Time left: 300 sec this turn | 300 sec total\n|\n|t:|1783573267\n|move|p1a: Haxorus|Iron Head|p2a: Malamar\n|-damage|p2a: Malamar|31/100\n|move|p2a: Malamar|Superpower|p1a: Haxorus\n|-damage|p1a: Haxorus|0 fnt\n|-boost|p2a: Malamar|atk|1\n|-boost|p2a: Malamar|def|1\n|faint|p1a: Haxorus\n|\n|upkeep\n|inactive|Time left: 300 sec this turn | 300 sec total | 5 sec grace\n|\n|t:|1783573268\n|switch|p1a: Cryogonal|Cryogonal, L89|287/287\n|turn|9\n|inactive|Time left: 300 sec this turn | 300 sec total\n|\n|t:|1783573269\n|move|p1a: Cryogonal|Freeze-Dry|p2a: Malamar\n|-damage|p2a: Malamar|0 fnt\n|faint|p2a: Malamar\n|\n|upkeep\n|\n|t:|1783573270\n|switch|p2a: Flareon|Flareon, L90, F|28/100 tox\n|turn|10\n|inactive|Time left: 300 sec this turn | 300 sec total\n|\n|t:|1783573271\n|switch|p1a: Ceruledge|Ceruledge, L78, M|245/245\n|move|p2a: Flareon|Flare Blitz|p1a: Ceruledge\n|-resisted|p1a: Ceruledge\n|-damage|p1a: Ceruledge|74/245\n|-ability|p1a: Ceruledge|Weak Armor|boost\n|-unboost|p1a: Ceruledge|def|1\n|-boost|p1a: Ceruledge|spe|2\n|-damage|p2a: Flareon|7/100 tox|[from] Recoil\n|\n|-damage|p2a: Flareon|0 fnt|[from] psn\n|faint|p2a: Flareon\n|upkeep\n|\n|t:|1783573272\n|switch|p2a: Garchomp|Garchomp, L74, F|100/100\n|turn|11\n|inactive|Time left: 300 sec this turn | 300 sec total\n|\n|t:|1783573273\n|move|p1a: Ceruledge|Poltergeist|p2a: Garchomp\n|-activate|p2a: Garchomp|move: Poltergeist|Loaded Dice\n|-damage|p2a: Garchomp|51/100\n|move|p2a: Garchomp|Earthquake|p1a: Ceruledge\n|-supereffective|p1a: Ceruledge\n|-crit|p1a: Ceruledge\n|-damage|p1a: Ceruledge|0 fnt\n|faint|p1a: Ceruledge\n|\n|upkeep\n|inactive|Time left: 300 sec this turn | 300 sec total | 5 sec grace\n|\n|t:|1783573274\n|switch|p1a: Whimsicott|Whimsicott, L84, F|238/238\n|turn|12\n|inactive|Time left: 300 sec this turn | 300 sec total\n|\n|t:|1783573275\n|-terastallize|p2a: Garchomp|Steel\n|move|p1a: Whimsicott|Moonblast|p2a: Garchomp\n|-resisted|p2a: Garchomp\n|-damage|p2a: Garchomp|35/100\n|-unboost|p2a: Garchomp|spa|1\n|move|p2a: Garchomp|Iron Head|p1a: Whimsicott\n|-supereffective|p1a: Whimsicott\n|-damage|p1a: Whimsicott|56/238\n|\n|-heal|p1a: Whimsicott|70/238|[from] item: Leftovers\n|upkeep\n|turn|13\n|inactive|Time left: 300 sec this turn | 300 sec total\n|\n|t:|1783573276\n|move|p1a: Whimsicott|Leech Seed|p2a: Garchomp\n|-start|p2a: Garchomp|move: Leech Seed\n|move|p2a: Garchomp|Iron Head|p1a: Whimsicott\n|-supereffective|p1a: Whimsicott\n|-damage|p1a: Whimsicott|0 fnt\n|faint|p1a: Whimsicott\n|\n|upkeep\n|inactive|Time left: 300 sec this turn | 300 sec total | 5 sec grace\n|\n|t:|1783573277\n|switch|p1a: Metagross|Metagross, L79|256/256\n|turn|14\n|inactive|Time left: 300 sec this turn | 300 sec total\n|\n|t:|1783573278\n|move|p2a: Garchomp|Earthquake|p1a: Metagross\n|-supereffective|p1a: Metagross\n|-damage|p1a: Metagross|92/256\n|-enditem|p1a: Metagross|Weakness Policy\n|-boost|p1a: Metagross|atk|2|[from] item: Weakness Policy\n|-boost|p1a: Metagross|spa|2|[from] item: Weakness Policy\n|move|p1a: Metagross|Agility|p1a: Metagross\n|-boost|p1a: Metagross|spe|2\n|\n|-damage|p2a: Garchomp|23/100|[from] Leech Seed|[of] p1a: Metagross\n|-heal|p1a: Metagross|127/256|[silent]\n|upkeep\n|turn|15\n|inactive|Time left: 300 sec this turn | 300 sec total\n|\n|t:|1783573279\n|switch|p2a: Thundurus|Thundurus-Therian, L80, M|100/100\n|move|p1a: Metagross|Earthquake|p2a: Thundurus\n|-immune|p2a: Thundurus\n|\n|upkeep\n|turn|16\n|inactive|Time left: 300 sec this turn | 300 sec total\n|\n|t:|1783573280\n|move|p1a: Metagross|Knock Off|p2a: Thundurus\n|-damage|p2a: Thundurus|26/100\n|-enditem|p2a: Thundurus|Heavy-Duty Boots|[from] move: Knock Off|[of] p1a: Metagross\n|move|p2a: Thundurus|Focus Blast|p1a: Metagross\n|-damage|p1a: Metagross|16/256\n|\n|upkeep\n|turn|17\n|inactive|Time left: 300 sec this turn | 300 sec total\n|\n|t:|1783573281\n|switch|p2a: Garchomp|Garchomp, L74, F, tera:Steel|23/100\n|move|p1a: Metagross|Heavy Slam|p2a: Garchomp\n|-resisted|p2a: Garchomp\n|-damage|p2a: Garchomp|0 fnt\n|-damage|p1a: Metagross|0 fnt|[from] ability: Rough Skin|[of] p2a: Garchomp\n|faint|p2a: Garchomp\n|faint|p1a: Metagross\n|\n|upkeep\n|inactive|Time left: 300 sec this turn | 300 sec total | 5 sec grace\n|\n|t:|1783573282\n|switch|p2a: Froslass|Froslass, L87, F|100/100\n|switch|p1a: Cryogonal|Cryogonal, L89|287/287\n|turn|18\n|inactive|Time left: 300 sec this turn | 300 sec total\n|\n|t:|1783573283\n|move|p2a: Froslass|Poltergeist|p1a: Cryogonal\n|-activate|p1a: Cryogonal|move: Poltergeist|Heavy-Duty Boots\n|-damage|p1a: Cryogonal|133/287\n|move|p1a: Cryogonal|Recover|p1a: Cryogonal\n|-heal|p1a: Cryogonal|277/287\n|\n|upkeep\n|turn|19\n|inactive|Time left: 300 sec this turn | 300 sec total\n|\n|t:|1783573284\n|move|p2a: Froslass|Poltergeist|p1a: Cryogonal\n|-activate|p1a: Cryogonal|move: Poltergeist|Heavy-Duty Boots\n|-damage|p1a: Cryogonal|120/287\n|move|p1a: Cryogonal|Recover|p1a: Cryogonal\n|-heal|p1a: Cryogonal|264/287\n|\n|upkeep\n|turn|20\n|inactive|Time left: 300 sec this turn | 300 sec total\n|\n|t:|1783573285\n|move|p2a: Froslass|Poltergeist|p1a: Cryogonal\n|-activate|p1a: Cryogonal|move: Poltergeist|Heavy-Duty Boots\n|-damage|p1a: Cryogonal|128/287\n|move|p1a: Cryogonal|Recover|p1a: Cryogonal\n|-heal|p1a: Cryogonal|272/287\n|\n|upkeep\n|turn|21\n|inactive|Time left: 300 sec this turn | 300 sec total\n|\n|t:|1783573286\n|move|p2a: Froslass|Poltergeist|p1a: Cryogonal\n|-activate|p1a: Cryogonal|move: Poltergeist|Heavy-Duty Boots\n|-damage|p1a: Cryogonal|134/287\n|move|p1a: Cryogonal|Recover|p1a: Cryogonal\n|-heal|p1a: Cryogonal|278/287\n|\n|upkeep\n|turn|22\n|inactive|Time left: 300 sec this turn | 300 sec total\n|\n|t:|1783573287\n|move|p2a: Froslass|Poltergeist|p1a: Cryogonal\n|-activate|p1a: Cryogonal|move: Poltergeist|Heavy-Duty Boots\n|-damage|p1a: Cryogonal|140/287\n|move|p1a: Cryogonal|Recover|p1a: Cryogonal\n|-heal|p1a: Cryogonal|284/287\n|\n|upkeep\n|turn|23\n|inactive|Time left: 300 sec this turn | 300 sec total\n|\n|t:|1783573288\n|move|p2a: Froslass|Poltergeist|p1a: Cryogonal\n|-activate|p1a: Cryogonal|move: Poltergeist|Heavy-Duty Boots\n|-damage|p1a: Cryogonal|142/287\n|move|p1a: Cryogonal|Recover|p1a: Cryogonal\n|-heal|p1a: Cryogonal|286/287\n|\n|upkeep\n|turn|24\n|inactive|Time left: 300 sec this turn | 300 sec total\n|\n|t:|1783573290\n|move|p2a: Froslass|Poltergeist|p1a: Cryogonal\n|-activate|p1a: Cryogonal|move: Poltergeist|Heavy-Duty Boots\n|-damage|p1a: Cryogonal|130/287\n|move|p1a: Cryogonal|Recover|p1a: Cryogonal\n|-heal|p1a: Cryogonal|274/287\n|\n|upkeep\n|turn|25\n|inactive|Time left: 300 sec this turn | 300 sec total\n|\n|t:|1783573291\n|move|p2a: Froslass|Poltergeist|p1a: Cryogonal\n|-activate|p1a: Cryogonal|move: Poltergeist|Heavy-Duty Boots\n|-damage|p1a: Cryogonal|127/287\n|move|p1a: Cryogonal|Flash Cannon|p2a: Froslass\n|-supereffective|p2a: Froslass\n|-damage|p2a: Froslass|42/100\n|-start|p1a: Cryogonal|Disable|Flash Cannon|[from] ability: Cursed Body|[of] p2a: Froslass\n|\n|upkeep\n|turn|26\n|inactive|Time left: 300 sec this turn | 300 sec total\n|\n|t:|1783573292\n|move|p2a: Froslass|Triple Axel|p1a: Cryogonal\n|-resisted|p1a: Cryogonal\n|-damage|p1a: Cryogonal|114/287\n|-resisted|p1a: Cryogonal\n|-damage|p1a: Cryogonal|84/287\n|-resisted|p1a: Cryogonal\n|-damage|p1a: Cryogonal|43/287\n|-hitcount|p1a: Cryogonal|3\n|move|p1a: Cryogonal|Recover|p1a: Cryogonal\n|-heal|p1a: Cryogonal|187/287\n|\n|upkeep\n|turn|27\n|inactive|Time left: 300 sec this turn | 300 sec total\n|\n|t:|1783573293\n|switch|p2a: Ogerpon|Ogerpon-Wellspring, L76, F|28/100\n|move|p1a: Cryogonal|Freeze-Dry|p2a: Ogerpon\n|-supereffective|p2a: Ogerpon\n|-damage|p2a: Ogerpon|0 fnt\n|faint|p2a: Ogerpon\n|\n|upkeep\n|\n|t:|1783573294\n|switch|p2a: Froslass|Froslass, L87, F|42/100\n|turn|28\n|inactive|Time left: 300 sec this turn | 300 sec total\n|\n|t:|1783573295\n|switch|p2a: Thundurus|Thundurus-Therian, L80, M|26/100\n|move|p1a: Cryogonal|Freeze-Dry|p2a: Thundurus\n|-supereffective|p2a: Thundurus\n|-damage|p2a: Thundurus|0 fnt\n|faint|p2a: Thundurus\n|\n|-end|p1a: Cryogonal|Disable\n|upkeep\n|\n|t:|1783573296\n|switch|p2a: Froslass|Froslass, L87, F|42/100\n|turn|29\n|inactive|Time left: 300 sec this turn | 300 sec total\n|\n|t:|1783573297\n|move|p2a: Froslass|Triple Axel|p1a: Cryogonal\n|-resisted|p1a: Cryogonal\n|-damage|p1a: Cryogonal|172/287\n|-resisted|p1a: Cryogonal\n|-damage|p1a: Cryogonal|146/287\n|-resisted|p1a: Cryogonal\n|-damage|p1a: Cryogonal|103/287\n|-hitcount|p1a: Cryogonal|3\n|move|p1a: Cryogonal|Flash Cannon|p2a: Froslass\n|-supereffective|p2a: Froslass\n|-damage|p2a: Froslass|0 fnt\n|faint|p2a: Froslass\n|\n|win|p0x28881112", "uploadtime": 1783573297, "views": 0, "rating": 0, "private": 0, "password": null, "_winner": "p0x28881112", "_our_name": "p0x28881112"}