{"id": "battle-gen9randombattle-1701", "formatid": "gen9randombattle", "format": "[Gen 9] Random Battle", "players": ["p0x17017e4f", "p0y170132b4"], "log": "|init|battle\n|title|p0x17017e4f vs. p0y170132b4\n|j|\u2606p0x17017e4f\n|j|\u2606p0y170132b4\n|t:|1783558911\n|gametype|singles\n|player|p1|p0x17017e4f|169|\n|player|p2|p0y170132b4|1|\n|gen|9\n|tier|[Gen 9] Random Battle\n|rule|Species Clause: Limit one of each Pok\u00e9mon\n|rule|HP Percentage Mod: HP is shown in percentages\n|rule|Sleep Clause Mod: Limit one foe put to sleep\n|rule|Illusion Level Mod: Illusion disguises the Pok\u00e9mon's true level\n|\n|t:|1783558911\n|teamsize|p1|6\n|teamsize|p2|6\n|start\n|switch|p1a: Mewtwo|Mewtwo, L72|272/272\n|switch|p2a: Miraidon|Miraidon, L65|100/100\n|-ability|p1a: Mewtwo|Unnerve\n|-fieldstart|move: Electric Terrain|[from] ability: Hadron Engine|[of] p2a: Miraidon\n|turn|1\n|inactive|Battle timer is ON: inactive players will automatically lose when time's up. (requested by p0y170132b4)\n|inactive|Time left: 300 sec this turn | 300 sec total | 60 sec grace\n|inactive|p0x17017e4f also wants the timer to be on.\n|\n|t:|1783558912\n|switch|p1a: Lurantis|Lurantis, L87, M|264/264\n|move|p2a: Miraidon|Electro Drift|p1a: Lurantis\n|-resisted|p1a: Lurantis\n|-damage|p1a: Lurantis|165/264\n|-damage|p2a: Miraidon|91/100|[from] item: Life Orb\n|\n|-heal|p1a: Lurantis|181/264|[from] item: Leftovers\n|upkeep\n|turn|2\n|inactive|Time left: 300 sec this turn | 300 sec total\n|\n|t:|1783558914\n|move|p2a: Miraidon|Electro Drift|p1a: Lurantis\n|-resisted|p1a: Lurantis\n|-damage|p1a: Lurantis|95/264\n|-damage|p2a: Miraidon|81/100|[from] item: Life Orb\n|move|p1a: Lurantis|Superpower|p2a: Miraidon\n|-damage|p2a: Miraidon|37/100\n|-boost|p1a: Lurantis|atk|1\n|-boost|p1a: Lurantis|def|1\n|\n|-heal|p1a: Lurantis|111/264|[from] item: Leftovers\n|upkeep\n|turn|3\n|inactive|Time left: 300 sec this turn | 300 sec total\n|\n|t:|1783558915\n|move|p2a: Miraidon|Dragon Pulse|p1a: Lurantis\n|-damage|p1a: Lurantis|0 fnt\n|faint|p1a: Lurantis\n|-damage|p2a: Miraidon|28/100|[from] item: Life Orb\n|\n|upkeep\n|inactive|Time left: 300 sec this turn | 300 sec total | 5 sec grace\n|\n|t:|1783558916\n|switch|p1a: Mewtwo|Mewtwo, L72|272/272\n|-ability|p1a: Mewtwo|Unnerve\n|turn|4\n|inactive|Time left: 300 sec this turn | 300 sec total\n|\n|t:|1783558917\n|switch|p2a: Shiftry|Shiftry, L89, F|100/100\n|move|p1a: Mewtwo|Psystrike|p2a: Shiftry\n|-immune|p2a: Shiftry\n|\n|upkeep\n|turn|5\n|inactive|Time left: 300 sec this turn | 300 sec total\n|\n|t:|1783558918\n|switch|p1a: Heracross|Heracross, L80, F|259/259\n|move|p2a: Shiftry|Knock Off|p1a: Heracross\n|-resisted|p1a: Heracross\n|-damage|p1a: Heracross|173/259\n|-enditem|p1a: Heracross|Flame Orb|[from] move: Knock Off|[of] p2a: Shiftry\n|-damage|p2a: Shiftry|91/100|[from] item: Life Orb\n|\n|-fieldend|move: Electric Terrain\n|upkeep\n|turn|6\n|inactive|Time left: 300 sec this turn | 300 sec total\n|\n|t:|1783558919\n|move|p2a: Shiftry|Leaf Blade|p1a: Heracross\n|-resisted|p1a: Heracross\n|-damage|p1a: Heracross|86/259\n|-damage|p2a: Shiftry|81/100|[from] item: Life Orb\n|move|p1a: Heracross|Close Combat|p2a: Shiftry\n|-supereffective|p2a: Shiftry\n|-damage|p2a: Shiftry|0 fnt\n|-unboost|p1a: Heracross|def|1\n|-unboost|p1a: Heracross|spd|1\n|faint|p2a: Shiftry\n|\n|upkeep\n|\n|t:|1783558921\n|switch|p2a: Vikavolt|Vikavolt, L83, M|100/100\n|turn|7\n|inactive|Time left: 300 sec this turn | 300 sec total\n|\n|t:|1783558922\n|move|p1a: Heracross|Knock Off|p2a: Vikavolt\n|-damage|p2a: Vikavolt|69/100\n|-enditem|p2a: Vikavolt|Heavy-Duty Boots|[from] move: Knock Off|[of] p1a: Heracross\n|move|p2a: Vikavolt|Sticky Web|p1a: Heracross\n|-sidestart|p1: p0x17017e4f|move: Sticky Web\n|\n|upkeep\n|turn|8\n|inactive|Time left: 300 sec this turn | 300 sec total\n|\n|t:|1783558923\n|move|p1a: Heracross|Close Combat|p2a: Vikavolt\n|-resisted|p2a: Vikavolt\n|-crit|p2a: Vikavolt\n|-damage|p2a: Vikavolt|31/100\n|-unboost|p1a: Heracross|def|1\n|-unboost|p1a: Heracross|spd|1\n|move|p2a: Vikavolt|Discharge|p1a: Heracross\n|-damage|p1a: Heracross|0 fnt\n|faint|p1a: Heracross\n|\n|upkeep\n|inactive|Time left: 300 sec this turn | 300 sec total | 5 sec grace\n|\n|t:|1783558924\n|switch|p1a: Oricorio|Oricorio-Sensu, L85, M|266/266\n|turn|9\n|inactive|Time left: 300 sec this turn | 300 sec total\n|\n|t:|1783558925\n|move|p1a: Oricorio|Revelation Dance|p2a: Vikavolt\n|-damage|p2a: Vikavolt|0 fnt\n|faint|p2a: Vikavolt\n|\n|upkeep\n|\n|t:|1783558926\n|switch|p2a: Miraidon|Miraidon, L65|28/100\n|-fieldstart|move: Electric Terrain|[from] ability: Hadron Engine|[of] p2a: Miraidon\n|turn|10\n|inactive|Time left: 300 sec this turn | 300 sec total\n|\n|t:|1783558927\n|switch|p1a: Mewtwo|Mewtwo, L72|272/272\n|-ability|p1a: Mewtwo|Unnerve\n|-activate|p1a: Mewtwo|move: Sticky Web\n|-unboost|p1a: Mewtwo|spe|1\n|move|p2a: Miraidon|Electro Drift|p1a: Mewtwo\n|-damage|p1a: Mewtwo|42/272\n|-damage|p2a: Miraidon|18/100|[from] item: Life Orb\n|\n|upkeep\n|turn|11\n|inactive|Time left: 300 sec this turn | 300 sec total\n|\n|t:|1783558928\n|move|p2a: Miraidon|Electro Drift|p1a: Mewtwo\n|-damage|p1a: Mewtwo|0 fnt\n|faint|p1a: Mewtwo\n|-damage|p2a: Miraidon|8/100|[from] item: Life Orb\n|\n|upkeep\n|inactive|Time left: 300 sec this turn | 300 sec total | 5 sec grace\n|\n|t:|1783558930\n|switch|p1a: Crawdaunt|Crawdaunt, L84, F|243/243\n|-activate|p1a: Crawdaunt|move: Sticky Web\n|-unboost|p1a: Crawdaunt|spe|1\n|turn|12\n|inactive|Time left: 300 sec this turn | 300 sec total\n|\n|t:|1783558931\n|move|p1a: Crawdaunt|Aqua Jet|p2a: Miraidon\n|-resisted|p2a: Miraidon\n|-damage|p2a: Miraidon|0 fnt\n|faint|p2a: Miraidon\n|-damage|p1a: Crawdaunt|219/243|[from] item: Life Orb\n|\n|upkeep\n|\n|t:|1783558932\n|switch|p2a: Poliwrath|Poliwrath, L88, M|100/100\n|turn|13\n|inactive|Time left: 300 sec this turn | 300 sec total\n|\n|t:|1783558933\n|switch|p1a: Oricorio|Oricorio-Sensu, L85, M|266/266\n|move|p2a: Poliwrath|Knock Off|p1a: Oricorio\n|-supereffective|p1a: Oricorio\n|-damage|p1a: Oricorio|108/266\n|-enditem|p1a: Oricorio|Heavy-Duty Boots|[from] move: Knock Off|[of] p2a: Poliwrath\n|\n|upkeep\n|turn|14\n|inactive|Time left: 300 sec this turn | 300 sec total\n|\n|t:|1783558934\n|move|p1a: Oricorio|Roost|p1a: Oricorio\n|-heal|p1a: Oricorio|241/266\n|-singleturn|p1a: Oricorio|move: Roost\n|move|p2a: Poliwrath|Liquidation|p1a: Oricorio\n|-damage|p1a: Oricorio|132/266\n|\n|-fieldend|move: Electric Terrain\n|upkeep\n|turn|15\n|inactive|Time left: 300 sec this turn | 300 sec total\n|\n|t:|1783558935\n|move|p1a: Oricorio|Hurricane|p2a: Poliwrath\n|-supereffective|p2a: Poliwrath\n|-damage|p2a: Poliwrath|52/100\n|move|p2a: Poliwrath|Liquidation|p1a: Oricorio\n|-damage|p1a: Oricorio|11/266\n|\n|upkeep\n|turn|16\n|inactive|Time left: 300 sec this turn | 300 sec total\n|\n|t:|1783558936\n|move|p1a: Oricorio|Hurricane|p2a: Poliwrath|[miss]\n|-miss|p1a: Oricorio|p2a: Poliwrath\n|move|p2a: Poliwrath|Liquidation|p1a: Oricorio\n|-damage|p1a: Oricorio|0 fnt\n|faint|p1a: Oricorio\n|\n|upkeep\n|inactive|Time left: 300 sec this turn | 300 sec total | 5 sec grace\n|\n|t:|1783558938\n|switch|p1a: Corviknight|Corviknight, L80, F|288/288\n|turn|17\n|inactive|Time left: 300 sec this turn | 300 sec total\n|\n|t:|1783558939\n|switch|p2a: Skeledirge|Skeledirge, L79, M|100/100\n|move|p1a: Corviknight|Brave Bird|p2a: Skeledirge\n|-damage|p2a: Skeledirge|64/100\n|-damage|p1a: Corviknight|252/288|[from] Recoil\n|\n|-heal|p1a: Corviknight|270/288|[from] item: Leftovers\n|upkeep\n|turn|18\n|inactive|Time left: 300 sec this turn | 300 sec total\n|\n|t:|1783558940\n|move|p1a: Corviknight|Brave Bird|p2a: Skeledirge\n|-damage|p2a: Skeledirge|26/100\n|-damage|p1a: Corviknight|233/288|[from] Recoil\n|move|p2a: Skeledirge|Torch Song|p1a: Corviknight\n|-supereffective|p1a: Corviknight\n|-damage|p1a: Corviknight|57/288\n|-boost|p2a: Skeledirge|spa|1\n|\n|-heal|p1a: Corviknight|75/288|[from] item: Leftovers\n|upkeep\n|turn|19\n|inactive|Time left: 300 sec this turn | 300 sec total\n|\n|t:|1783558941\n|move|p1a: Corviknight|Brave Bird|p2a: Skeledirge\n|-damage|p2a: Skeledirge|0 fnt\n|faint|p2a: Skeledirge\n|-damage|p1a: Corviknight|50/288|[from] Recoil\n|\n|-heal|p1a: Corviknight|68/288|[from] item: Leftovers\n|upkeep\n|\n|t:|1783558942\n|switch|p2a: Poliwrath|Poliwrath, L88, M|52/100\n|turn|20\n|inactive|Time left: 300 sec this turn | 300 sec total\n|\n|t:|1783558942\n|-terastallize|p2a: Poliwrath|Fighting\n|move|p2a: Poliwrath|Close Combat|p1a: Corviknight\n|-damage|p1a: Corviknight|0 fnt\n|-unboost|p2a: Poliwrath|def|1\n|-unboost|p2a: Poliwrath|spd|1\n|faint|p1a: Corviknight\n|\n|upkeep\n|inactive|Time left: 300 sec this turn | 300 sec total | 5 sec grace\n|\n|t:|1783558943\n|switch|p1a: Crawdaunt|Crawdaunt, L84, F|219/243\n|-activate|p1a: Crawdaunt|move: Sticky Web\n|-unboost|p1a: Crawdaunt|spe|1\n|turn|21\n|inactive|Time left: 300 sec this turn | 300 sec total\n|\n|t:|1783558944\n|-terastallize|p1a: Crawdaunt|Water\n|move|p2a: Poliwrath|Close Combat|p1a: Crawdaunt\n|-damage|p1a: Crawdaunt|23/243\n|-unboost|p2a: Poliwrath|def|1\n|-unboost|p2a: Poliwrath|spd|1\n|move|p1a: Crawdaunt|Dragon Dance|p1a: Crawdaunt\n|-boost|p1a: Crawdaunt|atk|1\n|-boost|p1a: Crawdaunt|spe|1\n|\n|upkeep\n|turn|22\n|inactive|Time left: 300 sec this turn | 300 sec total\n|\n|t:|1783558945\n|move|p1a: Crawdaunt|Aqua Jet|p2a: Poliwrath\n|-heal|p2a: Poliwrath|77/100|[from] ability: Water Absorb|[of] p1a: Crawdaunt\n|move|p2a: Poliwrath|Liquidation|p1a: Crawdaunt\n|-resisted|p1a: Crawdaunt\n|-damage|p1a: Crawdaunt|0 fnt\n|faint|p1a: Crawdaunt\n|\n|win|p0y170132b4", "uploadtime": 1783558945, "views": 0, "rating": 0, "private": 0, "password": null, "_winner": "p0y170132b4", "_our_name": "p0x17017e4f"}