{"id": "battle-gen9randombattle-231", "formatid": "gen9randombattle", "format": "[Gen 9] Random Battle", "players": ["p0x2311645", "p0y2314385"], "log": "|init|battle\n|title|p0x2311645 vs. p0y2314385\n|j|\u2606p0x2311645\n|j|\u2606p0y2314385\n|t:|1783541798\n|gametype|singles\n|player|p1|p0x2311645|102|\n|player|p2|p0y2314385|266|\n|gen|9\n|tier|[Gen 9] Random Battle\n|rule|Species Clause: Limit one of each Pok\u00e9mon\n|rule|HP Percentage Mod: HP is shown in percentages\n|rule|Sleep Clause Mod: Limit one foe put to sleep\n|rule|Illusion Level Mod: Illusion disguises the Pok\u00e9mon's true level\n|\n|t:|1783541798\n|teamsize|p1|6\n|teamsize|p2|6\n|start\n|switch|p1a: Sylveon|Sylveon, L85, F|300/300\n|switch|p2a: Ho-Oh|Ho-Oh, L71|100/100\n|turn|1\n|inactive|Battle timer is ON: inactive players will automatically lose when time's up. (requested by p0y2314385)\n|inactive|Time left: 300 sec this turn | 300 sec total | 60 sec grace\n|inactive|p0x2311645 also wants the timer to be on.\n|\n|t:|1783541799\n|switch|p1a: Luxray|Luxray, L88, F|283/283\n|move|p2a: Ho-Oh|Brave Bird|p1a: Luxray\n|-resisted|p1a: Luxray\n|-damage|p1a: Luxray|227/283\n|-damage|p2a: Ho-Oh|94/100|[from] Recoil\n|\n|-status|p1a: Luxray|brn|[from] item: Flame Orb\n|upkeep\n|turn|2\n|inactive|Time left: 300 sec this turn | 300 sec total\n|\n|t:|1783541800\n|switch|p2a: Vigoroth|Vigoroth, L85, M|100/100\n|move|p1a: Luxray|Supercell Slam|p2a: Vigoroth\n|-damage|p2a: Vigoroth|50/100\n|\n|-damage|p1a: Luxray|210/283 brn|[from] brn\n|upkeep\n|turn|3\n|inactive|Time left: 300 sec this turn | 300 sec total\n|\n|t:|1783541801\n|move|p2a: Vigoroth|Slack Off|p2a: Vigoroth\n|-heal|p2a: Vigoroth|99/100\n|move|p1a: Luxray|Trailblaze|p2a: Vigoroth\n|-damage|p2a: Vigoroth|82/100\n|-boost|p1a: Luxray|spe|1\n|\n|-damage|p1a: Luxray|193/283 brn|[from] brn\n|upkeep\n|turn|4\n|inactive|Time left: 300 sec this turn | 300 sec total\n|\n|t:|1783541802\n|-terastallize|p1a: Luxray|Normal\n|-terastallize|p2a: Vigoroth|Ground\n|move|p1a: Luxray|Facade|p2a: Vigoroth\n|-damage|p2a: Vigoroth|11/100\n|move|p2a: Vigoroth|Earthquake|p1a: Luxray\n|-damage|p1a: Luxray|99/283 brn\n|\n|-damage|p1a: Luxray|82/283 brn|[from] brn\n|upkeep\n|turn|5\n|inactive|Time left: 300 sec this turn | 300 sec total\n|\n|t:|1783541803\n|switch|p2a: Arceus|Arceus-Ghost, L69|100/100\n|move|p1a: Luxray|Facade|p2a: Arceus\n|-immune|p2a: Arceus\n|\n|-damage|p1a: Luxray|65/283 brn|[from] brn\n|upkeep\n|turn|6\n|inactive|Time left: 300 sec this turn | 300 sec total\n|\n|t:|1783541804\n|move|p1a: Luxray|Throat Chop|p2a: Arceus\n|-supereffective|p2a: Arceus\n|-damage|p2a: Arceus|24/100\n|-start|p2a: Arceus|Throat Chop|[silent]\n|move|p2a: Arceus|Focus Blast|p1a: Luxray\n|-supereffective|p1a: Luxray\n|-damage|p1a: Luxray|0 fnt\n|faint|p1a: Luxray\n|\n|upkeep\n|inactive|Time left: 300 sec this turn | 300 sec total | 5 sec grace\n|\n|t:|1783541805\n|switch|p1a: Rampardos|Rampardos, L90, M|321/321\n|turn|7\n|inactive|Time left: 300 sec this turn | 300 sec total\n|\n|t:|1783541807\n|move|p2a: Arceus|Will-O-Wisp|p1a: Rampardos\n|-status|p1a: Rampardos|brn\n|move|p1a: Rampardos|Rock Slide|p2a: Arceus\n|-damage|p2a: Arceus|0 fnt\n|faint|p2a: Arceus\n|\n|-damage|p1a: Rampardos|301/321 brn|[from] brn\n|upkeep\n|\n|t:|1783541808\n|switch|p2a: Vigoroth|Vigoroth, L85, M, tera:Ground|11/100\n|turn|8\n|inactive|Time left: 300 sec this turn | 300 sec total\n|\n|t:|1783541809\n|move|p2a: Vigoroth|Slack Off|p2a: Vigoroth\n|-heal|p2a: Vigoroth|61/100\n|move|p1a: Rampardos|Fire Punch|p2a: Vigoroth\n|-damage|p2a: Vigoroth|42/100\n|\n|-damage|p1a: Rampardos|281/321 brn|[from] brn\n|upkeep\n|turn|9\n|inactive|Time left: 300 sec this turn | 300 sec total\n|\n|t:|1783541810\n|move|p2a: Vigoroth|Slack Off|p2a: Vigoroth\n|-heal|p2a: Vigoroth|92/100\n|move|p1a: Rampardos|Earthquake|p2a: Vigoroth\n|-damage|p2a: Vigoroth|70/100\n|-damage|p1a: Rampardos|249/321 brn|[from] item: Life Orb\n|\n|-damage|p1a: Rampardos|229/321 brn|[from] brn\n|upkeep\n|turn|10\n|inactive|Time left: 300 sec this turn | 300 sec total\n|\n|t:|1783541810\n|move|p2a: Vigoroth|Bulk Up|p2a: Vigoroth\n|-boost|p2a: Vigoroth|atk|1\n|-boost|p2a: Vigoroth|def|1\n|move|p1a: Rampardos|Fire Punch|p2a: Vigoroth\n|-damage|p2a: Vigoroth|57/100\n|\n|-damage|p1a: Rampardos|209/321 brn|[from] brn\n|upkeep\n|turn|11\n|inactive|Time left: 300 sec this turn | 300 sec total\n|\n|t:|1783541811\n|move|p2a: Vigoroth|Slack Off|p2a: Vigoroth\n|-heal|p2a: Vigoroth|100/100\n|move|p1a: Rampardos|Zen Headbutt|p2a: Vigoroth\n|-damage|p2a: Vigoroth|85/100\n|\n|-damage|p1a: Rampardos|189/321 brn|[from] brn\n|upkeep\n|turn|12\n|inactive|Time left: 300 sec this turn | 300 sec total\n|\n|t:|1783541812\n|move|p2a: Vigoroth|Bulk Up|p2a: Vigoroth\n|-boost|p2a: Vigoroth|atk|1\n|-boost|p2a: Vigoroth|def|1\n|move|p1a: Rampardos|Rock Slide|p2a: Vigoroth|[miss]\n|-miss|p1a: Rampardos|p2a: Vigoroth\n|\n|-damage|p1a: Rampardos|169/321 brn|[from] brn\n|upkeep\n|turn|13\n|inactive|Time left: 300 sec this turn | 300 sec total\n|\n|t:|1783541813\n|move|p2a: Vigoroth|Earthquake|p1a: Rampardos\n|-supereffective|p1a: Rampardos\n|-damage|p1a: Rampardos|0 fnt\n|faint|p1a: Rampardos\n|\n|upkeep\n|inactive|Time left: 300 sec this turn | 300 sec total | 5 sec grace\n|\n|t:|1783541814\n|switch|p1a: Primarina|Primarina, L83, M|268/268\n|turn|14\n|inactive|Time left: 300 sec this turn | 300 sec total\n|\n|t:|1783541815\n|move|p2a: Vigoroth|Body Slam|p1a: Primarina\n|-damage|p1a: Primarina|88/268\n|-status|p1a: Primarina|par\n|move|p1a: Primarina|Psychic Noise|p2a: Vigoroth\n|-supereffective|p2a: Vigoroth\n|-damage|p2a: Vigoroth|15/100\n|-start|p2a: Vigoroth|move: Heal Block\n|\n|-heal|p1a: Primarina|104/268 par|[from] item: Leftovers\n|upkeep\n|turn|15\n|inactive|Time left: 300 sec this turn | 300 sec total\n|\n|t:|1783541815\n|move|p2a: Vigoroth|Earthquake|p1a: Primarina\n|-damage|p1a: Primarina|0 fnt\n|faint|p1a: Primarina\n|\n|-end|p2a: Vigoroth|move: Heal Block\n|upkeep\n|inactive|Time left: 300 sec this turn | 300 sec total | 5 sec grace\n|\n|t:|1783541816\n|switch|p1a: Darkrai|Darkrai, L77|234/234\n|turn|16\n|inactive|Time left: 300 sec this turn | 300 sec total\n|\n|t:|1783541817\n|move|p1a: Darkrai|Dark Pulse|p2a: Vigoroth\n|-damage|p2a: Vigoroth|0 fnt\n|faint|p2a: Vigoroth\n|-damage|p1a: Darkrai|211/234|[from] item: Life Orb\n|\n|upkeep\n|\n|t:|1783541818\n|switch|p2a: Ho-Oh|Ho-Oh, L71|100/100\n|turn|17\n|inactive|Time left: 300 sec this turn | 300 sec total\n|\n|t:|1783541819\n|switch|p1a: Ampharos|Ampharos, L88, F|302/302\n|move|p2a: Ho-Oh|Sacred Fire|p1a: Ampharos|[miss]\n|-miss|p2a: Ho-Oh|p1a: Ampharos\n|\n|upkeep\n|turn|18\n|inactive|Time left: 300 sec this turn | 300 sec total\n|\n|t:|1783541820\n|move|p2a: Ho-Oh|Earthquake|p1a: Ampharos\n|-supereffective|p1a: Ampharos\n|-damage|p1a: Ampharos|168/302\n|move|p1a: Ampharos|Thunderbolt|p2a: Ho-Oh\n|-supereffective|p2a: Ho-Oh\n|-damage|p2a: Ho-Oh|6/100\n|\n|upkeep\n|turn|19\n|inactive|Time left: 300 sec this turn | 300 sec total\n|\n|t:|1783541821\n|move|p2a: Ho-Oh|Earthquake|p1a: Ampharos\n|-supereffective|p1a: Ampharos\n|-damage|p1a: Ampharos|40/302\n|move|p1a: Ampharos|Thunderbolt|p2a: Ho-Oh\n|-supereffective|p2a: Ho-Oh\n|-damage|p2a: Ho-Oh|0 fnt\n|faint|p2a: Ho-Oh\n|\n|upkeep\n|\n|t:|1783541822\n|switch|p2a: Cinccino|Cinccino, L83, F|100/100\n|turn|20\n|inactive|Time left: 300 sec this turn | 300 sec total\n|\n|t:|1783541823\n|move|p2a: Cinccino|Bullet Seed|p1a: Ampharos\n|-damage|p1a: Ampharos|15/302\n|-damage|p1a: Ampharos|0 fnt\n|faint|p1a: Ampharos\n|-hitcount|p1: Ampharos|2\n|\n|upkeep\n|inactive|Time left: 300 sec this turn | 300 sec total | 5 sec grace\n|\n|t:|1783541824\n|switch|p1a: Sylveon|Sylveon, L85, F|300/300\n|turn|21\n|inactive|Time left: 300 sec this turn | 300 sec total\n|\n|t:|1783541825\n|move|p2a: Cinccino|Tail Slap|p1a: Sylveon\n|-damage|p1a: Sylveon|254/300\n|-damage|p1a: Sylveon|208/300\n|-damage|p1a: Sylveon|163/300\n|-damage|p1a: Sylveon|118/300\n|-damage|p1a: Sylveon|70/300\n|-hitcount|p1a: Sylveon|5\n|move|p1a: Sylveon|Hyper Voice|p2a: Cinccino\n|-damage|p2a: Cinccino|28/100\n|\n|-heal|p1a: Sylveon|88/300|[from] item: Leftovers\n|upkeep\n|turn|22\n|inactive|Time left: 300 sec this turn | 300 sec total\n|\n|t:|1783541826\n|move|p1a: Sylveon|Protect|p1a: Sylveon\n|-singleturn|p1a: Sylveon|Protect\n|move|p2a: Cinccino|Bullet Seed|p1a: Sylveon\n|-activate|p1a: Sylveon|move: Protect\n|\n|-heal|p1a: Sylveon|106/300|[from] item: Leftovers\n|upkeep\n|turn|23\n|inactive|Time left: 300 sec this turn | 300 sec total\n|\n|t:|1783541827\n|move|p1a: Sylveon|Protect|p1a: Sylveon\n|-singleturn|p1a: Sylveon|Protect\n|move|p2a: Cinccino|Bullet Seed|p1a: Sylveon\n|-activate|p1a: Sylveon|move: Protect\n|\n|-heal|p1a: Sylveon|124/300|[from] item: Leftovers\n|upkeep\n|turn|24\n|inactive|Time left: 300 sec this turn | 300 sec total\n|\n|t:|1783541828\n|move|p2a: Cinccino|Bullet Seed|p1a: Sylveon\n|-damage|p1a: Sylveon|91/300\n|-crit|p1a: Sylveon\n|-damage|p1a: Sylveon|41/300\n|-damage|p1a: Sylveon|10/300\n|-damage|p1a: Sylveon|0 fnt\n|faint|p1a: Sylveon\n|-hitcount|p1: Sylveon|4\n|\n|upkeep\n|inactive|Time left: 300 sec this turn | 300 sec total | 5 sec grace\n|\n|t:|1783541829\n|switch|p1a: Darkrai|Darkrai, L77|211/234\n|turn|25\n|inactive|Time left: 300 sec this turn | 300 sec total\n|\n|t:|1783541830\n|move|p2a: Cinccino|Tail Slap|p1a: Darkrai\n|-damage|p1a: Darkrai|166/234\n|-damage|p1a: Darkrai|126/234\n|-damage|p1a: Darkrai|84/234\n|-damage|p1a: Darkrai|39/234\n|-damage|p1a: Darkrai|0 fnt\n|faint|p1a: Darkrai\n|-hitcount|p1: Darkrai|5\n|\n|win|p0y2314385", "uploadtime": 1783541830, "views": 0, "rating": 0, "private": 0, "password": null, "_winner": "p0y2314385", "_our_name": "p0x2311645"}