{"id": "battle-gen9randombattle-2187", "formatid": "gen9randombattle", "format": "[Gen 9] Random Battle", "players": ["p0x21870991", "p0y2187057e"], "log": "|init|battle\n|title|p0x21870991 vs. p0y2187057e\n|j|\u2606p0x21870991\n|j|\u2606p0y2187057e\n|t:|1783565330\n|gametype|singles\n|player|p1|p0x21870991|101|\n|player|p2|p0y2187057e|102|\n|gen|9\n|tier|[Gen 9] Random Battle\n|rule|Species Clause: Limit one of each Pok\u00e9mon\n|rule|HP Percentage Mod: HP is shown in percentages\n|rule|Sleep Clause Mod: Limit one foe put to sleep\n|rule|Illusion Level Mod: Illusion disguises the Pok\u00e9mon's true level\n|\n|t:|1783565330\n|teamsize|p1|6\n|teamsize|p2|6\n|start\n|switch|p1a: Tsareena|Tsareena, L87, F|100/100\n|switch|p2a: Wigglytuff|Wigglytuff, L96, M|424/424\n|turn|1\n|inactive|Battle timer is ON: inactive players will automatically lose when time's up. (requested by p0y2187057e)\n|inactive|p0x21870991 also wants the timer to be on.\n|\n|t:|1783565332\n|move|p1a: Tsareena|Knock Off|p2a: Wigglytuff\n|-resisted|p2a: Wigglytuff\n|-damage|p2a: Wigglytuff|363/424\n|-enditem|p2a: Wigglytuff|Leftovers|[from] move: Knock Off|[of] p1a: Tsareena\n|move|p2a: Wigglytuff|Alluring Voice|p1a: Tsareena\n|-damage|p1a: Tsareena|69/100\n|\n|upkeep\n|turn|2\n|inactive|Time left: 300 sec this turn | 300 sec total\n|\n|t:|1783565334\n|switch|p1a: Ninetales|Ninetales-Alola, L78, M|100/100\n|-weather|Snowscape|[from] ability: Snow Warning|[of] p1a: Ninetales\n|move|p2a: Wigglytuff|Alluring Voice|p1a: Ninetales\n|-damage|p1a: Ninetales|59/100\n|\n|-weather|Snowscape|[upkeep]\n|upkeep\n|turn|3\n|inactive|Time left: 300 sec this turn | 300 sec total\n|\n|t:|1783565335\n|move|p1a: Ninetales|Aurora Veil|p1a: Ninetales\n|-sidestart|p1: p0x21870991|move: Aurora Veil\n|move|p2a: Wigglytuff|Alluring Voice|p1a: Ninetales\n|-damage|p1a: Ninetales|41/100\n|\n|-weather|Snowscape|[upkeep]\n|upkeep\n|turn|4\n|inactive|Time left: 300 sec this turn | 300 sec total\n|\n|t:|1783565336\n|move|p1a: Ninetales|Blizzard|p2a: Wigglytuff\n|-damage|p2a: Wigglytuff|257/424\n|move|p2a: Wigglytuff|Wish|p2a: Wigglytuff\n|\n|-weather|Snowscape|[upkeep]\n|upkeep\n|turn|5\n|inactive|Time left: 300 sec this turn | 300 sec total\n|\n|t:|1783565337\n|switch|p1a: Tsareena|Tsareena, L87, F|69/100\n|move|p2a: Wigglytuff|Thunder Wave|p1a: Tsareena\n|-status|p1a: Tsareena|par\n|\n|-weather|Snowscape|[upkeep]\n|-heal|p2a: Wigglytuff|424/424|[from] move: Wish|[wisher] Wigglytuff\n|upkeep\n|turn|6\n|inactive|Time left: 300 sec this turn | 300 sec total\n|\n|t:|1783565338\n|move|p2a: Wigglytuff|Alluring Voice|p1a: Tsareena\n|-damage|p1a: Tsareena|51/100 par\n|move|p1a: Tsareena|Power Whip|p2a: Wigglytuff\n|-damage|p2a: Wigglytuff|208/424\n|\n|-weather|none\n|upkeep\n|turn|7\n|inactive|Time left: 300 sec this turn | 300 sec total\n|\n|t:|1783565339\n|switch|p2a: Slowbro|Slowbro-Galar, L87, M|307/307\n|cant|p1a: Tsareena|par\n|\n|upkeep\n|turn|8\n|inactive|Time left: 300 sec this turn | 300 sec total\n|\n|t:|1783565341\n|move|p1a: Tsareena|Power Whip|p2a: Slowbro\n|-resisted|p2a: Slowbro\n|-damage|p2a: Slowbro|231/307\n|move|p2a: Slowbro|Shell Side Arm|p1a: Tsareena|[anim] Shell Side Arm Special\n|-supereffective|p1a: Tsareena\n|-damage|p1a: Tsareena|18/100 par\n|-hint|Special Shell Side Arm\n|\n|upkeep\n|turn|9\n|inactive|Time left: 300 sec this turn | 300 sec total\n|\n|t:|1783565342\n|move|p1a: Tsareena|Power Whip|p2a: Slowbro\n|-resisted|p2a: Slowbro\n|-damage|p2a: Slowbro|157/307\n|move|p2a: Slowbro|Fire Blast|p1a: Tsareena\n|-supereffective|p1a: Tsareena\n|-damage|p1a: Tsareena|0 fnt\n|faint|p1a: Tsareena\n|\n|upkeep\n|\n|t:|1783565343\n|switch|p1a: Volcanion|Volcanion, L79|100/100\n|turn|10\n|inactive|Time left: 300 sec this turn | 300 sec total\n|\n|t:|1783565344\n|switch|p2a: Meowstic|Meowstic-F, L89, F|277/277\n|move|p1a: Volcanion|Steam Eruption|p2a: Meowstic\n|-damage|p2a: Meowstic|157/277\n|\n|-sideend|p1: p0x21870991|move: Aurora Veil\n|upkeep\n|turn|11\n|inactive|Time left: 300 sec this turn | 300 sec total\n|\n|t:|1783565345\n|move|p2a: Meowstic|Thunderbolt|p1a: Volcanion\n|-supereffective|p1a: Volcanion\n|-damage|p1a: Volcanion|53/100\n|-damage|p2a: Meowstic|130/277|[from] item: Life Orb\n|move|p1a: Volcanion|Steam Eruption|p2a: Meowstic|[miss]\n|-miss|p1a: Volcanion|p2a: Meowstic\n|\n|upkeep\n|turn|12\n|inactive|Time left: 300 sec this turn | 300 sec total\n|\n|t:|1783565346\n|move|p2a: Meowstic|Thunderbolt|p1a: Volcanion\n|-supereffective|p1a: Volcanion\n|-damage|p1a: Volcanion|11/100\n|-damage|p2a: Meowstic|103/277|[from] item: Life Orb\n|move|p1a: Volcanion|Flamethrower|p2a: Meowstic\n|-damage|p2a: Meowstic|0 fnt\n|faint|p2a: Meowstic\n|\n|upkeep\n|inactive|Time left: 300 sec this turn | 300 sec total | 5 sec grace\n|\n|t:|1783565347\n|switch|p2a: Sandslash|Sandslash, L89, F|278/278\n|turn|13\n|inactive|Time left: 300 sec this turn | 300 sec total\n|\n|t:|1783565348\n|move|p2a: Sandslash|Rapid Spin|p1a: Volcanion\n|-damage|p1a: Volcanion|0 fnt\n|-boost|p2a: Sandslash|spe|1\n|faint|p1a: Volcanion\n|\n|upkeep\n|\n|t:|1783565349\n|switch|p1a: Regice|Regice, L88|100/100\n|turn|14\n|inactive|Time left: 300 sec this turn | 300 sec total\n|\n|t:|1783565351\n|move|p2a: Sandslash|Stone Edge|p1a: Regice\n|-supereffective|p1a: Regice\n|-damage|p1a: Regice|55/100\n|move|p1a: Regice|Ice Beam|p2a: Sandslash\n|-supereffective|p2a: Sandslash\n|-damage|p2a: Sandslash|78/278\n|\n|upkeep\n|turn|15\n|inactive|Time left: 300 sec this turn | 300 sec total\n|\n|t:|1783565352\n|move|p2a: Sandslash|Stone Edge|p1a: Regice\n|-supereffective|p1a: Regice\n|-damage|p1a: Regice|9/100\n|move|p1a: Regice|Ice Beam|p2a: Sandslash\n|-supereffective|p2a: Sandslash\n|-damage|p2a: Sandslash|0 fnt\n|faint|p2a: Sandslash\n|\n|upkeep\n|inactive|Time left: 300 sec this turn | 300 sec total | 5 sec grace\n|\n|t:|1783565353\n|switch|p2a: Slowbro|Slowbro-Galar, L87, M|259/307\n|turn|16\n|inactive|Time left: 300 sec this turn | 300 sec total\n|\n|t:|1783565354\n|move|p1a: Regice|Rest|p1a: Regice\n|-status|p1a: Regice|slp|[from] move: Rest\n|-heal|p1a: Regice|100/100 slp|[silent]\n|move|p2a: Slowbro|Shell Side Arm|p1a: Regice|[anim] Shell Side Arm Physical\n|-damage|p1a: Regice|67/100 slp\n|-hint|Physical Shell Side Arm\n|\n|upkeep\n|turn|17\n|inactive|Time left: 300 sec this turn | 300 sec total\n|\n|t:|1783565355\n|cant|p1a: Regice|slp\n|move|p1a: Regice|Sleep Talk|p1a: Regice\n|move|p1a: Regice|Rest||[from] move: Sleep Talk|[still]\n|-fail|p1a: Regice\n|move|p2a: Slowbro|Earthquake|p1a: Regice\n|-damage|p1a: Regice|43/100 slp\n|\n|upkeep\n|turn|18\n|inactive|Time left: 300 sec this turn | 300 sec total\n|\n|t:|1783565356\n|cant|p1a: Regice|slp\n|move|p1a: Regice|Sleep Talk|p1a: Regice\n|move|p1a: Regice|Thunderbolt|p2a: Slowbro|[from] move: Sleep Talk\n|-damage|p2a: Slowbro|201/307\n|move|p2a: Slowbro|Fire Blast|p1a: Regice\n|-supereffective|p1a: Regice\n|-damage|p1a: Regice|13/100 slp\n|\n|upkeep\n|turn|19\n|inactive|Time left: 300 sec this turn | 300 sec total\n|\n|t:|1783565357\n|-curestatus|p1a: Regice|slp|[msg]\n|move|p1a: Regice|Rest|p1a: Regice\n|-status|p1a: Regice|slp|[from] move: Rest\n|-heal|p1a: Regice|100/100 slp|[silent]\n|move|p2a: Slowbro|Psychic|p1a: Regice\n|-damage|p1a: Regice|80/100 slp\n|\n|upkeep\n|turn|20\n|inactive|Time left: 300 sec this turn | 300 sec total\n|\n|t:|1783565358\n|cant|p1a: Regice|slp\n|move|p1a: Regice|Sleep Talk|p1a: Regice\n|move|p1a: Regice|Rest||[from] move: Sleep Talk|[still]\n|-fail|p1a: Regice\n|move|p2a: Slowbro|Shell Side Arm|p1a: Regice|[anim] Shell Side Arm Physical\n|-damage|p1a: Regice|49/100 slp\n|-hint|Physical Shell Side Arm\n|\n|upkeep\n|turn|21\n|inactive|Time left: 300 sec this turn | 300 sec total\n|\n|t:|1783565359\n|cant|p1a: Regice|slp\n|move|p1a: Regice|Sleep Talk|p1a: Regice\n|move|p1a: Regice|Thunderbolt|p2a: Slowbro|[from] move: Sleep Talk\n|-damage|p2a: Slowbro|146/307\n|move|p2a: Slowbro|Fire Blast|p1a: Regice\n|-supereffective|p1a: Regice\n|-damage|p1a: Regice|21/100 slp\n|\n|upkeep\n|turn|22\n|inactive|Time left: 300 sec this turn | 300 sec total\n|\n|t:|1783565360\n|-curestatus|p1a: Regice|slp|[msg]\n|move|p1a: Regice|Rest|p1a: Regice\n|-status|p1a: Regice|slp|[from] move: Rest\n|-heal|p1a: Regice|100/100 slp|[silent]\n|move|p2a: Slowbro|Earthquake|p1a: Regice\n|-damage|p1a: Regice|78/100 slp\n|\n|upkeep\n|turn|23\n|inactive|Time left: 300 sec this turn | 300 sec total\n|\n|t:|1783565361\n|cant|p1a: Regice|slp\n|move|p1a: Regice|Sleep Talk|p1a: Regice\n|move|p1a: Regice|Thunderbolt|p2a: Slowbro|[from] move: Sleep Talk\n|-damage|p2a: Slowbro|94/307\n|move|p2a: Slowbro|Psychic|p1a: Regice\n|-damage|p1a: Regice|59/100 slp\n|\n|upkeep\n|turn|24\n|inactive|Time left: 300 sec this turn | 300 sec total\n|\n|t:|1783565362\n|cant|p1a: Regice|slp\n|move|p1a: Regice|Sleep Talk|p1a: Regice\n|move|p1a: Regice|Thunderbolt|p2a: Slowbro|[from] move: Sleep Talk\n|-damage|p2a: Slowbro|41/307\n|move|p2a: Slowbro|Earthquake|p1a: Regice\n|-damage|p1a: Regice|36/100 slp\n|\n|upkeep\n|turn|25\n|inactive|Time left: 300 sec this turn | 300 sec total\n|\n|t:|1783565363\n|switch|p2a: Wigglytuff|Wigglytuff, L96, M|208/424\n|-curestatus|p1a: Regice|slp|[msg]\n|move|p1a: Regice|Ice Beam|p2a: Wigglytuff\n|-damage|p2a: Wigglytuff|67/424\n|\n|upkeep\n|turn|26\n|inactive|Time left: 300 sec this turn | 300 sec total\n|\n|t:|1783565364\n|move|p2a: Wigglytuff|Wish|p2a: Wigglytuff\n|move|p1a: Regice|Ice Beam|p2a: Wigglytuff\n|-damage|p2a: Wigglytuff|0 fnt\n|faint|p2a: Wigglytuff\n|\n|upkeep\n|inactive|Time left: 300 sec this turn | 300 sec total | 5 sec grace\n|\n|t:|1783565365\n|switch|p2a: Slowbro|Slowbro-Galar, L87, M|143/307\n|turn|27\n|inactive|Time left: 300 sec this turn | 300 sec total\n|\n|t:|1783565366\n|move|p1a: Regice|Ice Beam|p2a: Slowbro\n|-damage|p2a: Slowbro|65/307\n|move|p2a: Slowbro|Shell Side Arm|p1a: Regice|[anim] Shell Side Arm Physical\n|-damage|p1a: Regice|5/100\n|-hint|Physical Shell Side Arm\n|\n|-heal|p2a: Slowbro|277/307|[from] move: Wish|[wisher] Wigglytuff\n|upkeep\n|turn|28\n|inactive|Time left: 300 sec this turn | 300 sec total\n|\n|t:|1783565367\n|move|p1a: Regice|Rest|p1a: Regice\n|-status|p1a: Regice|slp|[from] move: Rest\n|-heal|p1a: Regice|100/100 slp|[silent]\n|move|p2a: Slowbro|Shell Side Arm|p1a: Regice|[anim] Shell Side Arm Physical\n|-damage|p1a: Regice|70/100 slp\n|-hint|Physical Shell Side Arm\n|\n|upkeep\n|turn|29\n|inactive|Time left: 300 sec this turn | 300 sec total\n|\n|t:|1783565368\n|cant|p1a: Regice|slp\n|move|p1a: Regice|Sleep Talk|p1a: Regice\n|move|p1a: Regice|Thunderbolt|p2a: Slowbro|[from] move: Sleep Talk\n|-damage|p2a: Slowbro|223/307\n|move|p2a: Slowbro|Psychic|p1a: Regice\n|-damage|p1a: Regice|49/100 slp\n|\n|upkeep\n|turn|30\n|inactive|Time left: 300 sec this turn | 300 sec total\n|\n|t:|1783565369\n|cant|p1a: Regice|slp\n|move|p1a: Regice|Sleep Talk|p1a: Regice\n|move|p1a: Regice|Thunderbolt|p2a: Slowbro|[from] move: Sleep Talk\n|-damage|p2a: Slowbro|169/307\n|move|p2a: Slowbro|Shell Side Arm|p1a: Regice|[anim] Shell Side Arm Physical\n|-damage|p1a: Regice|20/100 slp\n|-hint|Physical Shell Side Arm\n|\n|upkeep\n|turn|31\n|inactive|Time left: 300 sec this turn | 300 sec total\n|\n|t:|1783565370\n|-curestatus|p1a: Regice|slp|[msg]\n|move|p1a: Regice|Rest|p1a: Regice\n|-status|p1a: Regice|slp|[from] move: Rest\n|-heal|p1a: Regice|100/100 slp|[silent]\n|move|p2a: Slowbro|Fire Blast|p1a: Regice|[miss]\n|-miss|p2a: Slowbro|p1a: Regice\n|\n|upkeep\n|turn|32\n|inactive|Time left: 300 sec this turn | 300 sec total\n|\n|t:|1783565371\n|cant|p1a: Regice|slp\n|move|p1a: Regice|Sleep Talk|p1a: Regice\n|move|p1a: Regice|Thunderbolt|p2a: Slowbro|[from] move: Sleep Talk\n|-damage|p2a: Slowbro|114/307\n|move|p2a: Slowbro|Shell Side Arm|p1a: Regice|[anim] Shell Side Arm Physical\n|-damage|p1a: Regice|70/100 slp\n|-hint|Physical Shell Side Arm\n|\n|upkeep\n|turn|33\n|inactive|Time left: 300 sec this turn | 300 sec total\n|\n|t:|1783565372\n|cant|p1a: Regice|slp\n|move|p1a: Regice|Sleep Talk|p1a: Regice\n|move|p1a: Regice|Thunderbolt|p2a: Slowbro|[from] move: Sleep Talk\n|-damage|p2a: Slowbro|58/307\n|move|p2a: Slowbro|Fire Blast|p1a: Regice\n|-supereffective|p1a: Regice\n|-damage|p1a: Regice|40/100 slp\n|\n|upkeep\n|turn|34\n|inactive|Time left: 300 sec this turn | 300 sec total\n|\n|t:|1783565374\n|switch|p2a: Luvdisc|Luvdisc, F|247/247\n|-curestatus|p1a: Regice|slp|[msg]\n|move|p1a: Regice|Ice Beam|p2a: Luvdisc\n|-resisted|p2a: Luvdisc\n|-damage|p2a: Luvdisc|189/247\n|-status|p2a: Luvdisc|frz\n|\n|upkeep\n|turn|35\n|inactive|Time left: 300 sec this turn | 300 sec total\n|\n|t:|1783565375\n|switch|p2a: Slowbro|Slowbro-Galar, L87, M|160/307\n|move|p1a: Regice|Thunderbolt|p2a: Slowbro\n|-damage|p2a: Slowbro|106/307\n|\n|upkeep\n|turn|36\n|inactive|Time left: 300 sec this turn | 300 sec total\n|\n|t:|1783565376\n|move|p1a: Regice|Ice Beam|p2a: Slowbro\n|-crit|p2a: Slowbro\n|-damage|p2a: Slowbro|0 fnt\n|faint|p2a: Slowbro\n|\n|upkeep\n|inactive|Time left: 300 sec this turn | 300 sec total | 5 sec grace\n|\n|t:|1783565377\n|switch|p2a: Golem|Golem, L87, M|281/281\n|turn|37\n|inactive|Time left: 300 sec this turn | 300 sec total\n|\n|t:|1783565378\n|switch|p1a: Weezing|Weezing, L88, M|100/100\n|move|p2a: Golem|Earthquake|p1a: Weezing\n|-immune|p1a: Weezing|[from] ability: Levitate\n|\n|upkeep\n|turn|38\n|inactive|Time left: 300 sec this turn | 300 sec total\n|\n|t:|1783565379\n|move|p1a: Weezing|Will-O-Wisp|p2a: Golem\n|-status|p2a: Golem|brn\n|move|p2a: Golem|Stealth Rock|p1a: Weezing\n|-sidestart|p1: p0x21870991|move: Stealth Rock\n|\n|-damage|p2a: Golem|264/281 brn|[from] brn\n|upkeep\n|turn|39\n|inactive|Time left: 300 sec this turn | 300 sec total\n|\n|t:|1783565380\n|move|p1a: Weezing|Fire Blast|p2a: Golem\n|-resisted|p2a: Golem\n|-damage|p2a: Golem|217/281 brn\n|move|p2a: Golem|Stone Edge|p1a: Weezing\n|-crit|p1a: Weezing\n|-damage|p1a: Weezing|71/100\n|\n|-heal|p1a: Weezing|77/100|[from] item: Leftovers\n|-damage|p2a: Golem|200/281 brn|[from] brn\n|upkeep\n|turn|40\n|inactive|Time left: 300 sec this turn | 300 sec total\n|\n|t:|1783565380\n|move|p1a: Weezing|Fire Blast|p2a: Golem\n|-resisted|p2a: Golem\n|-damage|p2a: Golem|156/281 brn\n|move|p2a: Golem|Stone Edge|p1a: Weezing\n|-damage|p1a: Weezing|56/100\n|\n|-heal|p1a: Weezing|63/100|[from] item: Leftovers\n|-damage|p2a: Golem|139/281 brn|[from] brn\n|upkeep\n|turn|41\n|inactive|Time left: 300 sec this turn | 300 sec total\n|\n|t:|1783565381\n|move|p1a: Weezing|Will-O-Wisp|p2a: Golem\n|-fail|p2a: Golem|brn\n|move|p2a: Golem|Stone Edge|p1a: Weezing\n|-damage|p1a: Weezing|43/100\n|\n|-heal|p1a: Weezing|49/100|[from] item: Leftovers\n|-damage|p2a: Golem|122/281 brn|[from] brn\n|upkeep\n|turn|42\n|inactive|Time left: 300 sec this turn | 300 sec total\n|\n|t:|1783565382\n|move|p1a: Weezing|Will-O-Wisp|p2a: Golem\n|-fail|p2a: Golem|brn\n|move|p2a: Golem|Stone Edge|p1a: Weezing\n|-damage|p1a: Weezing|30/100\n|\n|-heal|p1a: Weezing|37/100|[from] item: Leftovers\n|-damage|p2a: Golem|105/281 brn|[from] brn\n|upkeep\n|turn|43\n|inactive|Time left: 300 sec this turn | 300 sec total\n|\n|t:|1783565383\n|move|p1a: Weezing|Fire Blast|p2a: Golem\n|-resisted|p2a: Golem\n|-damage|p2a: Golem|61/281 brn\n|move|p2a: Golem|Stone Edge|p1a: Weezing\n|-damage|p1a: Weezing|17/100\n|\n|-heal|p1a: Weezing|23/100|[from] item: Leftovers\n|-damage|p2a: Golem|44/281 brn|[from] brn\n|upkeep\n|turn|44\n|inactive|Time left: 300 sec this turn | 300 sec total\n|-enditem|p2a: Golem|Custap Berry|[eat]\n|-activate|p2a: Golem|item: Custap Berry|[consumed]\n|\n|t:|1783565384\n|move|p2a: Golem|Stone Edge|p1a: Weezing\n|-damage|p1a: Weezing|4/100\n|move|p1a: Weezing|Fire Blast|p2a: Golem\n|-resisted|p2a: Golem\n|-damage|p2a: Golem|1/281 brn\n|\n|-heal|p1a: Weezing|10/100|[from] item: Leftovers\n|-damage|p2a: Golem|0 fnt|[from] brn\n|faint|p2a: Golem\n|upkeep\n|inactive|Time left: 300 sec this turn | 300 sec total | 5 sec grace\n|\n|t:|1783565385\n|switch|p2a: Luvdisc|Luvdisc, F|189/247 frz\n|turn|45\n|inactive|Time left: 300 sec this turn | 300 sec total\n|\n|t:|1783565386\n|-curestatus|p2a: Luvdisc|frz|[msg]\n|move|p2a: Luvdisc|Substitute|p2a: Luvdisc\n|-start|p2a: Luvdisc|Substitute\n|-damage|p2a: Luvdisc|128/247\n|move|p1a: Weezing|Gunk Shot|p2a: Luvdisc\n|-end|p2a: Luvdisc|Substitute\n|\n|-heal|p1a: Weezing|16/100|[from] item: Leftovers\n|upkeep\n|turn|46\n|inactive|Time left: 300 sec this turn | 300 sec total\n|\n|t:|1783565387\n|move|p2a: Luvdisc|Substitute|p2a: Luvdisc\n|-start|p2a: Luvdisc|Substitute\n|-damage|p2a: Luvdisc|67/247\n|move|p1a: Weezing|Gunk Shot|p2a: Luvdisc|[miss]\n|-miss|p1a: Weezing|p2a: Luvdisc\n|\n|-heal|p1a: Weezing|22/100|[from] item: Leftovers\n|upkeep\n|turn|47\n|inactive|Time left: 300 sec this turn | 300 sec total\n|\n|t:|1783565388\n|move|p2a: Luvdisc|Whirlpool|p1a: Weezing\n|-damage|p1a: Weezing|8/100\n|-activate|p1a: Weezing|move: Whirlpool|[of] p2a: Luvdisc\n|move|p1a: Weezing|Gunk Shot|p2a: Luvdisc\n|-end|p2a: Luvdisc|Substitute\n|\n|-heal|p1a: Weezing|14/100|[from] item: Leftovers\n|-damage|p1a: Weezing|2/100|[from] move: Whirlpool|[partiallytrapped]\n|upkeep\n|turn|48\n|inactive|Time left: 300 sec this turn | 300 sec total\n|\n|t:|1783565389\n|move|p2a: Luvdisc|Substitute|p2a: Luvdisc\n|-start|p2a: Luvdisc|Substitute\n|-damage|p2a: Luvdisc|6/247\n|move|p1a: Weezing|Gunk Shot|p2a: Luvdisc\n|-end|p2a: Luvdisc|Substitute\n|\n|-heal|p1a: Weezing|8/100|[from] item: Leftovers\n|-damage|p1a: Weezing|0 fnt|[from] move: Whirlpool|[partiallytrapped]\n|faint|p1a: Weezing\n|upkeep\n|\n|t:|1783565389\n|switch|p1a: Ninetales|Ninetales-Alola, L78, M|100/100\n|-damage|p1a: Ninetales|88/100|[from] Stealth Rock\n|turn|49\n|inactive|Time left: 300 sec this turn | 300 sec total\n|\n|t:|1783565390\n|-terastallize|p1a: Ninetales|Fighting\n|move|p2a: Luvdisc|Endeavor|p1a: Ninetales\n|-damage|p1a: Ninetales|3/100\n|replace|p1a: Zoroark|Zoroark-Hisui, L80, F\n|-end|p1a: Zoroark|Illusion\n|-hint|Illusion Level Mod is active, so this Pok\u00e9mon's true level was hidden.\n|move|p1a: Zoroark|U-turn|p2a: Luvdisc\n|-damage|p2a: Luvdisc|0 fnt\n|faint|p2a: Luvdisc\n|\n|win|p0x21870991", "uploadtime": 1783565390, "views": 0, "rating": 0, "private": 0, "password": null, "_winner": "p0x21870991", "_our_name": "p0y2187057e"}