{"id": "battle-gen9randombattle-785", "formatid": "gen9randombattle", "format": "[Gen 9] Random Battle", "players": ["p0x785977a", "p0y785706d"], "log": "|init|battle\n|title|p0x785977a vs. p0y785706d\n|j|\u2606p0x785977a\n|j|\u2606p0y785706d\n|t:|1783548973\n|gametype|singles\n|player|p1|p0x785977a|266|\n|player|p2|p0y785706d|265|\n|gen|9\n|tier|[Gen 9] Random Battle\n|rule|Species Clause: Limit one of each Pok\u00e9mon\n|rule|HP Percentage Mod: HP is shown in percentages\n|rule|Sleep Clause Mod: Limit one foe put to sleep\n|rule|Illusion Level Mod: Illusion disguises the Pok\u00e9mon's true level\n|\n|t:|1783548973\n|teamsize|p1|6\n|teamsize|p2|6\n|start\n|switch|p1a: Shaymin|Shaymin-Sky, L73|100/100\n|switch|p2a: Magmortar|Magmortar, L88, M|275/275\n|turn|1\n|inactive|Battle timer is ON: inactive players will automatically lose when time's up. (requested by p0y785706d)\n|inactive|p0x785977a also wants the timer to be on.\n|\n|t:|1783548974\n|move|p1a: Shaymin|Air Slash|p2a: Magmortar\n|-damage|p2a: Magmortar|172/275\n|cant|p2a: Magmortar|flinch\n|\n|upkeep\n|turn|2\n|inactive|Time left: 300 sec this turn | 300 sec total\n|\n|t:|1783548975\n|move|p1a: Shaymin|Air Slash|p2a: Magmortar\n|-damage|p2a: Magmortar|72/275\n|move|p2a: Magmortar|Fire Blast|p1a: Shaymin\n|-supereffective|p1a: Shaymin\n|-damage|p1a: Shaymin|0 fnt\n|faint|p1a: Shaymin\n|\n|upkeep\n|\n|t:|1783548977\n|switch|p1a: Electrode|Electrode-Hisui, L87|100/100\n|turn|3\n|inactive|Time left: 300 sec this turn | 300 sec total\n|\n|t:|1783548978\n|move|p1a: Electrode|Volt Switch|p2a: Magmortar\n|-damage|p2a: Magmortar|0 fnt\n|faint|p2a: Magmortar\n|-damage|p1a: Electrode|91/100|[from] item: Life Orb\n|\n|t:|1783548979\n|switch|p1a: Hariyama|Hariyama, L87, M|100/100|[from] Volt Switch\n|\n|upkeep\n|inactive|Time left: 300 sec this turn | 300 sec total | 10 sec grace\n|\n|t:|1783548980\n|switch|p2a: Salamence|Salamence, L77, M|273/273\n|-ability|p2a: Salamence|Intimidate|boost\n|-unboost|p1a: Hariyama|atk|1\n|turn|4\n|inactive|Time left: 300 sec this turn | 300 sec total\n|\n|t:|1783548982\n|switch|p1a: Cresselia|Cresselia, L80, F|100/100\n|move|p2a: Salamence|Outrage|p1a: Cresselia\n|-damage|p1a: Cresselia|63/100\n|\n|-heal|p1a: Cresselia|70/100|[from] item: Leftovers\n|upkeep\n|turn|5\n|inactive|Time left: 300 sec this turn | 300 sec total\n|\n|t:|1783548983\n|move|p2a: Salamence|Outrage|p1a: Cresselia|[from] lockedmove\n|-damage|p1a: Cresselia|34/100\n|move|p1a: Cresselia|Moonlight|p1a: Cresselia\n|-heal|p1a: Cresselia|84/100\n|\n|-heal|p1a: Cresselia|90/100|[from] item: Leftovers\n|upkeep\n|turn|6\n|inactive|Time left: 300 sec this turn | 300 sec total\n|\n|t:|1783548984\n|move|p2a: Salamence|Outrage|p1a: Cresselia|[from] lockedmove\n|-damage|p1a: Cresselia|53/100\n|-start|p2a: Salamence|confusion|[fatigue]\n|move|p1a: Cresselia|Calm Mind|p1a: Cresselia\n|-boost|p1a: Cresselia|spa|1\n|-boost|p1a: Cresselia|spd|1\n|\n|-heal|p1a: Cresselia|59/100|[from] item: Leftovers\n|upkeep\n|turn|7\n|inactive|Time left: 300 sec this turn | 300 sec total\n|\n|t:|1783548985\n|switch|p2a: Mabosstiff|Mabosstiff, L86, F|278/278\n|move|p1a: Cresselia|Moonlight|p1a: Cresselia\n|-heal|p1a: Cresselia|100/100\n|\n|upkeep\n|turn|8\n|inactive|Time left: 300 sec this turn | 300 sec total\n|\n|t:|1783548986\n|move|p2a: Mabosstiff|Crunch|p1a: Cresselia\n|-supereffective|p1a: Cresselia\n|-damage|p1a: Cresselia|20/100\n|move|p1a: Cresselia|Thunderbolt|p2a: Mabosstiff\n|-damage|p2a: Mabosstiff|190/278\n|\n|-heal|p1a: Cresselia|26/100|[from] item: Leftovers\n|upkeep\n|turn|9\n|inactive|Time left: 300 sec this turn | 300 sec total\n|\n|t:|1783548987\n|switch|p1a: Hariyama|Hariyama, L87, M|100/100\n|move|p2a: Mabosstiff|Crunch|p1a: Hariyama\n|-resisted|p1a: Hariyama\n|-damage|p1a: Hariyama|49/100\n|\n|upkeep\n|turn|10\n|inactive|Time left: 300 sec this turn | 300 sec total\n|\n|t:|1783548988\n|switch|p2a: Salamence|Salamence, L77, M|273/273\n|-ability|p2a: Salamence|Intimidate|boost\n|-unboost|p1a: Hariyama|atk|1\n|move|p1a: Hariyama|Close Combat|p2a: Salamence\n|-resisted|p2a: Salamence\n|-damage|p2a: Salamence|207/273\n|-unboost|p1a: Hariyama|def|1\n|-unboost|p1a: Hariyama|spd|1\n|\n|upkeep\n|turn|11\n|inactive|Time left: 300 sec this turn | 300 sec total\n|\n|t:|1783548989\n|switch|p1a: Cresselia|Cresselia, L80, F|26/100\n|move|p2a: Salamence|Outrage|p1a: Cresselia\n|-damage|p1a: Cresselia|0 fnt\n|faint|p1a: Cresselia\n|\n|upkeep\n|\n|t:|1783548990\n|switch|p1a: Eternatus|Eternatus, L69|100/100\n|-ability|p1a: Eternatus|Pressure\n|turn|12\n|inactive|Time left: 300 sec this turn | 300 sec total\n|\n|t:|1783548991\n|move|p1a: Eternatus|Dynamax Cannon|p2a: Salamence\n|-supereffective|p2a: Salamence\n|-damage|p2a: Salamence|0 fnt\n|faint|p2a: Salamence\n|\n|upkeep\n|inactive|Time left: 300 sec this turn | 300 sec total | 5 sec grace\n|\n|t:|1783548992\n|switch|p2a: Misdreavus|Misdreavus, L90, M|219/219\n|turn|13\n|inactive|Time left: 300 sec this turn | 300 sec total\n|\n|t:|1783548993\n|move|p2a: Misdreavus|Hyper Voice|p1a: Eternatus\n|-damage|p1a: Eternatus|36/100\n|move|p1a: Eternatus|Toxic Spikes|p2a: Misdreavus\n|-sidestart|p2: p0y785706d|move: Toxic Spikes\n|\n|upkeep\n|turn|14\n|inactive|Time left: 300 sec this turn | 300 sec total\n|\n|t:|1783548994\n|switch|p1a: Electrode|Electrode-Hisui, L87|91/100\n|move|p2a: Misdreavus|Hyper Voice|p1a: Electrode\n|-immune|p1a: Electrode|[from] ability: Soundproof\n|\n|upkeep\n|turn|15\n|inactive|Time left: 300 sec this turn | 300 sec total\n|\n|t:|1783548995\n|switch|p2a: Misdreavus|Misdreavus, L90, M|254/254\n|move|p1a: Electrode|Thunderbolt|p2a: Misdreavus\n|-damage|p2a: Misdreavus|184/254\n|-damage|p1a: Electrode|81/100|[from] item: Life Orb\n|\n|upkeep\n|turn|16\n|inactive|Time left: 300 sec this turn | 300 sec total\n|\n|t:|1783548996\n|move|p1a: Electrode|Giga Drain|p2a: Misdreavus\n|-damage|p2a: Misdreavus|122/254\n|-heal|p1a: Electrode|94/100|[from] drain|[of] p2a: Misdreavus\n|-damage|p1a: Electrode|84/100|[from] item: Life Orb\n|move|p2a: Misdreavus|Calm Mind|p2a: Misdreavus\n|-boost|p2a: Misdreavus|spa|1\n|-boost|p2a: Misdreavus|spd|1\n|\n|upkeep\n|turn|17\n|inactive|Time left: 300 sec this turn | 300 sec total\n|\n|t:|1783548998\n|move|p1a: Electrode|Thunder Wave|p2a: Misdreavus\n|-status|p2a: Misdreavus|par\n|cant|p2a: Misdreavus|par\n|\n|upkeep\n|turn|18\n|inactive|Time left: 300 sec this turn | 300 sec total\n|\n|t:|1783548999\n|move|p1a: Electrode|Volt Switch|p2a: Misdreavus\n|-damage|p2a: Misdreavus|83/254 par\n|-damage|p1a: Electrode|74/100|[from] item: Life Orb\n|\n|t:|1783549000\n|switch|p1a: Hariyama|Hariyama, L87, M|49/100|[from] Volt Switch\n|move|p2a: Misdreavus|Shadow Ball|p1a: Hariyama\n|-damage|p1a: Hariyama|22/100\n|\n|upkeep\n|turn|19\n|inactive|Time left: 300 sec this turn | 300 sec total\n|\n|t:|1783549001\n|move|p1a: Hariyama|Knock Off|p2a: Misdreavus\n|-supereffective|p2a: Misdreavus\n|-damage|p2a: Misdreavus|0 fnt\n|-enditem|p2a: Misdreavus|Eviolite|[from] move: Knock Off|[of] p1a: Hariyama\n|faint|p2a: Misdreavus\n|\n|upkeep\n|inactive|Time left: 300 sec this turn | 300 sec total | 5 sec grace\n|\n|t:|1783549002\n|switch|p2a: Mabosstiff|Mabosstiff, L86, F|190/278\n|-status|p2a: Mabosstiff|psn\n|turn|20\n|inactive|Time left: 300 sec this turn | 300 sec total\n|\n|t:|1783549003\n|move|p2a: Mabosstiff|Crunch|p1a: Hariyama\n|-resisted|p1a: Hariyama\n|-damage|p1a: Hariyama|0 fnt\n|faint|p1a: Hariyama\n|\n|-damage|p2a: Mabosstiff|156/278 psn|[from] psn\n|upkeep\n|\n|t:|1783549004\n|switch|p1a: Electrode|Electrode-Hisui, L87|74/100\n|turn|21\n|inactive|Time left: 300 sec this turn | 300 sec total\n|\n|t:|1783549005\n|-terastallize|p1a: Electrode|Electric\n|move|p1a: Electrode|Thunderbolt|p2a: Mabosstiff\n|-damage|p2a: Mabosstiff|0 fnt\n|faint|p2a: Mabosstiff\n|-damage|p1a: Electrode|64/100|[from] item: Life Orb\n|\n|upkeep\n|inactive|Time left: 300 sec this turn | 300 sec total | 5 sec grace\n|\n|t:|1783549006\n|switch|p2a: Blaziken|Blaziken, L76, M|247/247\n|-status|p2a: Blaziken|psn\n|turn|22\n|inactive|Time left: 300 sec this turn | 300 sec total\n|\n|t:|1783549007\n|move|p1a: Electrode|Volt Switch|p2a: Blaziken\n|-damage|p2a: Blaziken|83/247 psn\n|-damage|p1a: Electrode|55/100|[from] item: Life Orb\n|\n|t:|1783549008\n|switch|p1a: Eternatus|Eternatus, L69|36/100|[from] Volt Switch\n|-ability|p1a: Eternatus|Pressure\n|move|p2a: Blaziken|Close Combat|p1a: Eternatus\n|-resisted|p1a: Eternatus\n|-damage|p1a: Eternatus|6/100\n|-unboost|p2a: Blaziken|def|1\n|-unboost|p2a: Blaziken|spd|1\n|-damage|p2a: Blaziken|42/247 psn|[from] item: Rocky Helmet|[of] p1a: Eternatus\n|-damage|p2a: Blaziken|18/247 psn|[from] item: Life Orb\n|\n|-damage|p2a: Blaziken|0 fnt|[from] psn\n|faint|p2a: Blaziken\n|upkeep\n|inactive|Time left: 300 sec this turn | 300 sec total | 10 sec grace\n|\n|t:|1783549009\n|switch|p2a: Zoroark|Zoroark-Hisui, L80, F|219/219\n|-status|p2a: Zoroark|psn\n|turn|23\n|inactive|Time left: 300 sec this turn | 300 sec total\n|\n|t:|1783549010\n|move|p2a: Zoroark|Focus Blast|p1a: Eternatus\n|-resisted|p1a: Eternatus\n|-damage|p1a: Eternatus|0 fnt\n|faint|p1a: Eternatus\n|\n|-damage|p2a: Zoroark|192/219 psn|[from] psn\n|upkeep\n|\n|t:|1783549011\n|switch|p1a: Electrode|Electrode-Hisui, L87, tera:Electric|55/100\n|turn|24\n|inactive|Time left: 300 sec this turn | 300 sec total\n|\n|t:|1783549012\n|move|p1a: Electrode|Thunderbolt|p2a: Zoroark\n|-damage|p2a: Zoroark|0 fnt\n|faint|p2a: Zoroark\n|-damage|p1a: Electrode|45/100|[from] item: Life Orb\n|\n|win|p0x785977a", "uploadtime": 1783549012, "views": 0, "rating": 0, "private": 0, "password": null, "_winner": "p0x785977a", "_our_name": "p0y785706d"}