{"id": "battle-gen9randombattle-955", "formatid": "gen9randombattle", "format": "[Gen 9] Random Battle", "players": ["p0x9554ead", "p0y955806a"], "log": "|init|battle\n|title|p0x9554ead vs. p0y955806a\n|j|\u2606p0x9554ead\n|j|\u2606p0y955806a\n|t:|1783550926\n|gametype|singles\n|player|p1|p0x9554ead|265|\n|player|p2|p0y955806a|170|\n|gen|9\n|tier|[Gen 9] Random Battle\n|rule|Species Clause: Limit one of each Pok\u00e9mon\n|rule|HP Percentage Mod: HP is shown in percentages\n|rule|Sleep Clause Mod: Limit one foe put to sleep\n|rule|Illusion Level Mod: Illusion disguises the Pok\u00e9mon's true level\n|\n|t:|1783550926\n|teamsize|p1|6\n|teamsize|p2|6\n|start\n|switch|p1a: Alcremie|Alcremie, L90, F|100/100\n|switch|p2a: Tropius|Tropius, L91, M|328/328\n|turn|1\n|inactive|Battle timer is ON: inactive players will automatically lose when time's up. (requested by p0x9554ead)\n|inactive|Time left: 300 sec this turn | 300 sec total | 60 sec grace\n|inactive|p0y955806a also wants the timer to be on.\n|\n|t:|1783550928\n|move|p1a: Alcremie|Calm Mind|p1a: Alcremie\n|-boost|p1a: Alcremie|spa|1\n|-boost|p1a: Alcremie|spd|1\n|move|p2a: Tropius|Leech Seed|p1a: Alcremie\n|-start|p1a: Alcremie|move: Leech Seed\n|\n|-damage|p1a: Alcremie|88/100|[from] Leech Seed|[of] p2a: Tropius\n|upkeep\n|turn|2\n|inactive|Time left: 300 sec this turn | 300 sec total\n|\n|t:|1783550929\n|switch|p2a: Articuno|Articuno-Galar, L84|288/288\n|move|p1a: Alcremie|Calm Mind|p1a: Alcremie\n|-boost|p1a: Alcremie|spa|1\n|-boost|p1a: Alcremie|spd|1\n|\n|-heal|p1a: Alcremie|94/100|[from] item: Leftovers\n|-damage|p1a: Alcremie|82/100|[from] Leech Seed|[of] p2a: Articuno\n|upkeep\n|turn|3\n|inactive|Time left: 300 sec this turn | 300 sec total\n|\n|t:|1783550930\n|move|p2a: Articuno|Calm Mind|p2a: Articuno\n|-boost|p2a: Articuno|spa|1\n|-boost|p2a: Articuno|spd|1\n|move|p1a: Alcremie|Alluring Voice|p2a: Articuno\n|-damage|p2a: Articuno|162/288\n|-start|p2a: Articuno|confusion\n|\n|-heal|p1a: Alcremie|88/100|[from] item: Leftovers\n|-damage|p1a: Alcremie|76/100|[from] Leech Seed|[of] p2a: Articuno\n|-heal|p2a: Articuno|194/288|[silent]\n|upkeep\n|turn|4\n|inactive|Time left: 300 sec this turn | 300 sec total\n|\n|t:|1783550931\n|-activate|p2a: Articuno|confusion\n|-damage|p2a: Articuno|172/288|[from] confusion\n|move|p1a: Alcremie|Alluring Voice|p2a: Articuno\n|-damage|p2a: Articuno|45/288\n|\n|-heal|p1a: Alcremie|82/100|[from] item: Leftovers\n|-damage|p1a: Alcremie|70/100|[from] Leech Seed|[of] p2a: Articuno\n|-heal|p2a: Articuno|77/288|[silent]\n|upkeep\n|turn|5\n|inactive|Time left: 300 sec this turn | 300 sec total\n|\n|t:|1783550932\n|-end|p2a: Articuno|confusion\n|move|p2a: Articuno|Recover|p2a: Articuno\n|-heal|p2a: Articuno|221/288\n|move|p1a: Alcremie|Alluring Voice|p2a: Articuno\n|-damage|p2a: Articuno|82/288\n|\n|-heal|p1a: Alcremie|76/100|[from] item: Leftovers\n|-damage|p1a: Alcremie|64/100|[from] Leech Seed|[of] p2a: Articuno\n|-heal|p2a: Articuno|114/288|[silent]\n|upkeep\n|turn|6\n|inactive|Time left: 300 sec this turn | 300 sec total\n|\n|t:|1783550934\n|move|p2a: Articuno|Recover|p2a: Articuno\n|-heal|p2a: Articuno|258/288\n|move|p1a: Alcremie|Alluring Voice|p2a: Articuno\n|-damage|p2a: Articuno|117/288\n|\n|-heal|p1a: Alcremie|70/100|[from] item: Leftovers\n|-damage|p1a: Alcremie|58/100|[from] Leech Seed|[of] p2a: Articuno\n|-heal|p2a: Articuno|149/288|[silent]\n|upkeep\n|turn|7\n|inactive|Time left: 300 sec this turn | 300 sec total\n|\n|t:|1783550935\n|move|p2a: Articuno|Calm Mind|p2a: Articuno\n|-boost|p2a: Articuno|spa|1\n|-boost|p2a: Articuno|spd|1\n|move|p1a: Alcremie|Recover|p1a: Alcremie\n|-heal|p1a: Alcremie|100/100\n|\n|-damage|p1a: Alcremie|88/100|[from] Leech Seed|[of] p2a: Articuno\n|-heal|p2a: Articuno|181/288|[silent]\n|upkeep\n|turn|8\n|inactive|Time left: 300 sec this turn | 300 sec total\n|\n|t:|1783550936\n|move|p2a: Articuno|Freezing Glare|p1a: Alcremie\n|-damage|p1a: Alcremie|58/100\n|move|p1a: Alcremie|Recover|p1a: Alcremie\n|-heal|p1a: Alcremie|100/100\n|\n|-damage|p1a: Alcremie|88/100|[from] Leech Seed|[of] p2a: Articuno\n|-heal|p2a: Articuno|213/288|[silent]\n|upkeep\n|turn|9\n|inactive|Time left: 300 sec this turn | 300 sec total\n|\n|t:|1783550937\n|move|p2a: Articuno|Freezing Glare|p1a: Alcremie\n|-damage|p1a: Alcremie|55/100\n|move|p1a: Alcremie|Recover|p1a: Alcremie\n|-heal|p1a: Alcremie|100/100\n|\n|-damage|p1a: Alcremie|88/100|[from] Leech Seed|[of] p2a: Articuno\n|-heal|p2a: Articuno|245/288|[silent]\n|upkeep\n|turn|10\n|inactive|Time left: 300 sec this turn | 300 sec total\n|\n|t:|1783550938\n|move|p2a: Articuno|Freezing Glare|p1a: Alcremie\n|-damage|p1a: Alcremie|56/100\n|move|p1a: Alcremie|Alluring Voice|p2a: Articuno\n|-damage|p2a: Articuno|148/288\n|\n|-heal|p1a: Alcremie|62/100|[from] item: Leftovers\n|-damage|p1a: Alcremie|50/100|[from] Leech Seed|[of] p2a: Articuno\n|-heal|p2a: Articuno|180/288|[silent]\n|upkeep\n|turn|11\n|inactive|Time left: 300 sec this turn | 300 sec total\n|\n|t:|1783550939\n|move|p2a: Articuno|Freezing Glare|p1a: Alcremie\n|-damage|p1a: Alcremie|20/100\n|move|p1a: Alcremie|Recover|p1a: Alcremie\n|-heal|p1a: Alcremie|70/100\n|\n|-heal|p1a: Alcremie|77/100|[from] item: Leftovers\n|-damage|p1a: Alcremie|64/100|[from] Leech Seed|[of] p2a: Articuno\n|-heal|p2a: Articuno|212/288|[silent]\n|upkeep\n|turn|12\n|inactive|Time left: 300 sec this turn | 300 sec total\n|\n|t:|1783550940\n|move|p2a: Articuno|Freezing Glare|p1a: Alcremie\n|-damage|p1a: Alcremie|30/100\n|move|p1a: Alcremie|Recover|p1a: Alcremie\n|-heal|p1a: Alcremie|80/100\n|\n|-heal|p1a: Alcremie|86/100|[from] item: Leftovers\n|-damage|p1a: Alcremie|74/100|[from] Leech Seed|[of] p2a: Articuno\n|-heal|p2a: Articuno|244/288|[silent]\n|upkeep\n|turn|13\n|inactive|Time left: 300 sec this turn | 300 sec total\n|\n|t:|1783550941\n|move|p2a: Articuno|Freezing Glare|p1a: Alcremie\n|-damage|p1a: Alcremie|41/100\n|move|p1a: Alcremie|Alluring Voice|p2a: Articuno\n|-damage|p2a: Articuno|145/288\n|\n|-heal|p1a: Alcremie|47/100|[from] item: Leftovers\n|-damage|p1a: Alcremie|35/100|[from] Leech Seed|[of] p2a: Articuno\n|-heal|p2a: Articuno|177/288|[silent]\n|upkeep\n|turn|14\n|inactive|Time left: 300 sec this turn | 300 sec total\n|\n|t:|1783550942\n|move|p2a: Articuno|Freezing Glare|p1a: Alcremie\n|-damage|p1a: Alcremie|1/100\n|move|p1a: Alcremie|Recover|p1a: Alcremie\n|-heal|p1a: Alcremie|51/100\n|\n|-heal|p1a: Alcremie|57/100|[from] item: Leftovers\n|-damage|p1a: Alcremie|45/100|[from] Leech Seed|[of] p2a: Articuno\n|-heal|p2a: Articuno|209/288|[silent]\n|upkeep\n|turn|15\n|inactive|Time left: 300 sec this turn | 300 sec total\n|\n|t:|1783550943\n|move|p2a: Articuno|Hurricane|p1a: Alcremie\n|-damage|p1a: Alcremie|4/100\n|move|p1a: Alcremie|Recover|p1a: Alcremie\n|-heal|p1a: Alcremie|54/100\n|\n|-heal|p1a: Alcremie|60/100|[from] item: Leftovers\n|-damage|p1a: Alcremie|48/100|[from] Leech Seed|[of] p2a: Articuno\n|-heal|p2a: Articuno|241/288|[silent]\n|upkeep\n|turn|16\n|inactive|Time left: 300 sec this turn | 300 sec total\n|\n|t:|1783550945\n|move|p2a: Articuno|Freezing Glare|p1a: Alcremie\n|-damage|p1a: Alcremie|13/100\n|move|p1a: Alcremie|Recover|p1a: Alcremie\n|-heal|p1a: Alcremie|64/100\n|\n|-heal|p1a: Alcremie|70/100|[from] item: Leftovers\n|-damage|p1a: Alcremie|58/100|[from] Leech Seed|[of] p2a: Articuno\n|-heal|p2a: Articuno|273/288|[silent]\n|upkeep\n|turn|17\n|inactive|Time left: 300 sec this turn | 300 sec total\n|\n|t:|1783550946\n|move|p2a: Articuno|Freezing Glare|p1a: Alcremie\n|-damage|p1a: Alcremie|26/100\n|move|p1a: Alcremie|Alluring Voice|p2a: Articuno\n|-damage|p2a: Articuno|177/288\n|\n|-heal|p1a: Alcremie|32/100|[from] item: Leftovers\n|-damage|p1a: Alcremie|20/100|[from] Leech Seed|[of] p2a: Articuno\n|-heal|p2a: Articuno|209/288|[silent]\n|upkeep\n|turn|18\n|inactive|Time left: 300 sec this turn | 300 sec total\n|\n|t:|1783550947\n|move|p2a: Articuno|Freezing Glare|p1a: Alcremie\n|-damage|p1a: Alcremie|0 fnt\n|faint|p1a: Alcremie\n|\n|upkeep\n|\n|t:|1783550948\n|switch|p1a: Piloswine|Piloswine, L85, M|100/100\n|turn|19\n|inactive|Time left: 300 sec this turn | 300 sec total\n|\n|t:|1783550949\n|move|p2a: Articuno|Freezing Glare|p1a: Piloswine\n|-damage|p1a: Piloswine|32/100\n|move|p1a: Piloswine|Icicle Crash|p2a: Articuno\n|-supereffective|p2a: Articuno\n|-damage|p2a: Articuno|23/288\n|\n|upkeep\n|turn|20\n|inactive|Time left: 300 sec this turn | 300 sec total\n|\n|t:|1783550950\n|move|p1a: Piloswine|Ice Shard|p2a: Articuno\n|-supereffective|p2a: Articuno\n|-damage|p2a: Articuno|0 fnt\n|faint|p2a: Articuno\n|\n|upkeep\n|inactive|Time left: 300 sec this turn | 300 sec total | 5 sec grace\n|\n|t:|1783550951\n|switch|p2a: Sinistcha|Sinistcha-Masterpiece, L83|254/254\n|turn|21\n|inactive|Time left: 300 sec this turn | 300 sec total\n|\n|t:|1783550952\n|move|p2a: Sinistcha|Calm Mind|p2a: Sinistcha\n|-boost|p2a: Sinistcha|spa|1\n|-boost|p2a: Sinistcha|spd|1\n|move|p1a: Piloswine|Icicle Crash|p2a: Sinistcha\n|-supereffective|p2a: Sinistcha\n|-damage|p2a: Sinistcha|102/254\n|\n|-heal|p2a: Sinistcha|117/254|[from] item: Leftovers\n|upkeep\n|turn|22\n|inactive|Time left: 300 sec this turn | 300 sec total\n|\n|t:|1783550953\n|switch|p1a: Gogoat|Gogoat, L88, M|100/100\n|move|p2a: Sinistcha|Strength Sap|p1a: Gogoat\n|-ability|p1a: Gogoat|Sap Sipper|boost\n|-boost|p1a: Gogoat|atk|1\n|\n|-heal|p2a: Sinistcha|132/254|[from] item: Leftovers\n|upkeep\n|turn|23\n|inactive|Time left: 300 sec this turn | 300 sec total\n|\n|t:|1783550954\n|move|p1a: Gogoat|Rock Slide|p2a: Sinistcha\n|-damage|p2a: Sinistcha|58/254\n|move|p2a: Sinistcha|Shadow Ball|p1a: Gogoat\n|-damage|p1a: Gogoat|56/100\n|\n|-heal|p1a: Gogoat|62/100|[from] item: Leftovers\n|-heal|p2a: Sinistcha|73/254|[from] item: Leftovers\n|upkeep\n|turn|24\n|inactive|Time left: 300 sec this turn | 300 sec total\n|\n|t:|1783550955\n|move|p1a: Gogoat|Horn Leech|p2a: Sinistcha\n|-resisted|p2a: Sinistcha\n|-damage|p2a: Sinistcha|13/254\n|-heal|p1a: Gogoat|71/100|[from] drain|[of] p2a: Sinistcha\n|move|p2a: Sinistcha|Shadow Ball|p1a: Gogoat\n|-damage|p1a: Gogoat|27/100\n|\n|-heal|p1a: Gogoat|33/100|[from] item: Leftovers\n|-heal|p2a: Sinistcha|28/254|[from] item: Leftovers\n|upkeep\n|turn|25\n|inactive|Time left: 300 sec this turn | 300 sec total\n|\n|t:|1783550956\n|move|p1a: Gogoat|Horn Leech|p2a: Sinistcha\n|-resisted|p2a: Sinistcha\n|-damage|p2a: Sinistcha|0 fnt\n|-heal|p1a: Gogoat|37/100|[from] drain|[of] p2a: Sinistcha\n|faint|p2a: Sinistcha\n|\n|-heal|p1a: Gogoat|43/100|[from] item: Leftovers\n|upkeep\n|inactive|Time left: 300 sec this turn | 300 sec total | 5 sec grace\n|\n|t:|1783550957\n|switch|p2a: Okidogi|Okidogi, L77, M|262/262\n|turn|26\n|inactive|Time left: 300 sec this turn | 300 sec total\n|\n|t:|1783550958\n|move|p1a: Gogoat|Milk Drink|p1a: Gogoat\n|-heal|p1a: Gogoat|93/100\n|move|p2a: Okidogi|Gunk Shot|p1a: Gogoat\n|-supereffective|p1a: Gogoat\n|-damage|p1a: Gogoat|0 fnt\n|faint|p1a: Gogoat\n|\n|upkeep\n|\n|t:|1783550959\n|switch|p1a: Lugia|Lugia, L73|100/100\n|turn|27\n|inactive|Time left: 300 sec this turn | 300 sec total\n|\n|t:|1783550960\n|move|p1a: Lugia|Psychic Noise|p2a: Okidogi\n|-supereffective|p2a: Okidogi\n|-damage|p2a: Okidogi|102/262\n|-start|p2a: Okidogi|move: Heal Block\n|move|p2a: Okidogi|Knock Off|p1a: Lugia\n|-supereffective|p1a: Lugia\n|-damage|p1a: Lugia|80/100\n|-enditem|p1a: Lugia|Heavy-Duty Boots|[from] move: Knock Off|[of] p2a: Okidogi\n|\n|upkeep\n|turn|28\n|inactive|Time left: 300 sec this turn | 300 sec total\n|\n|t:|1783550961\n|switch|p2a: Chansey|Chansey, L85, F|564/564\n|move|p1a: Lugia|Calm Mind|p1a: Lugia\n|-boost|p1a: Lugia|spa|1\n|-boost|p1a: Lugia|spd|1\n|\n|upkeep\n|turn|29\n|inactive|Time left: 300 sec this turn | 300 sec total\n|\n|t:|1783550962\n|move|p1a: Lugia|Calm Mind|p1a: Lugia\n|-boost|p1a: Lugia|spa|1\n|-boost|p1a: Lugia|spd|1\n|move|p2a: Chansey|Seismic Toss|p1a: Lugia\n|-damage|p1a: Lugia|49/100\n|\n|upkeep\n|turn|30\n|inactive|Time left: 300 sec this turn | 300 sec total\n|\n|t:|1783550963\n|move|p1a: Lugia|Recover|p1a: Lugia\n|-heal|p1a: Lugia|99/100\n|move|p2a: Chansey|Seismic Toss|p1a: Lugia\n|-damage|p1a: Lugia|68/100\n|\n|upkeep\n|turn|31\n|inactive|Time left: 300 sec this turn | 300 sec total\n|\n|t:|1783550964\n|move|p1a: Lugia|Recover|p1a: Lugia\n|-heal|p1a: Lugia|100/100\n|move|p2a: Chansey|Seismic Toss|p1a: Lugia\n|-damage|p1a: Lugia|70/100\n|\n|upkeep\n|turn|32\n|inactive|Time left: 300 sec this turn | 300 sec total\n|\n|t:|1783550965\n|move|p1a: Lugia|Recover|p1a: Lugia\n|-heal|p1a: Lugia|100/100\n|move|p2a: Chansey|Seismic Toss|p1a: Lugia\n|-damage|p1a: Lugia|70/100\n|\n|upkeep\n|turn|33\n|inactive|Time left: 300 sec this turn | 300 sec total\n|\n|t:|1783550966\n|move|p1a: Lugia|Recover|p1a: Lugia\n|-heal|p1a: Lugia|100/100\n|move|p2a: Chansey|Seismic Toss|p1a: Lugia\n|-damage|p1a: Lugia|70/100\n|\n|upkeep\n|turn|34\n|inactive|Time left: 300 sec this turn | 300 sec total\n|\n|t:|1783550967\n|move|p1a: Lugia|Recover|p1a: Lugia\n|-heal|p1a: Lugia|100/100\n|move|p2a: Chansey|Seismic Toss|p1a: Lugia\n|-damage|p1a: Lugia|70/100\n|\n|upkeep\n|turn|35\n|inactive|Time left: 300 sec this turn | 300 sec total\n|\n|t:|1783550968\n|move|p1a: Lugia|Calm Mind|p1a: Lugia\n|-boost|p1a: Lugia|spa|1\n|-boost|p1a: Lugia|spd|1\n|move|p2a: Chansey|Seismic Toss|p1a: Lugia\n|-damage|p1a: Lugia|39/100\n|\n|upkeep\n|turn|36\n|inactive|Time left: 300 sec this turn | 300 sec total\n|\n|t:|1783550969\n|move|p1a: Lugia|Recover|p1a: Lugia\n|-heal|p1a: Lugia|89/100\n|move|p2a: Chansey|Seismic Toss|p1a: Lugia\n|-damage|p1a: Lugia|58/100\n|\n|upkeep\n|turn|37\n|inactive|Time left: 300 sec this turn | 300 sec total\n|\n|t:|1783550970\n|move|p1a: Lugia|Recover|p1a: Lugia\n|-heal|p1a: Lugia|100/100\n|move|p2a: Chansey|Seismic Toss|p1a: Lugia\n|-damage|p1a: Lugia|70/100\n|\n|upkeep\n|turn|38\n|inactive|Time left: 300 sec this turn | 300 sec total\n|\n|t:|1783550971\n|move|p1a: Lugia|Psychic Noise|p2a: Chansey\n|-damage|p2a: Chansey|485/564\n|-start|p2a: Chansey|move: Heal Block\n|move|p2a: Chansey|Seismic Toss|p1a: Lugia\n|-damage|p1a: Lugia|39/100\n|\n|upkeep\n|turn|39\n|inactive|Time left: 300 sec this turn | 300 sec total\n|\n|t:|1783550972\n|move|p1a: Lugia|Recover|p1a: Lugia\n|-heal|p1a: Lugia|89/100\n|move|p2a: Chansey|Seismic Toss|p1a: Lugia\n|-damage|p1a: Lugia|58/100\n|\n|-end|p2a: Chansey|move: Heal Block\n|upkeep\n|turn|40\n|inactive|Time left: 300 sec this turn | 300 sec total\n|\n|t:|1783550973\n|move|p1a: Lugia|Aeroblast|p2a: Chansey\n|-damage|p2a: Chansey|365/564\n|move|p2a: Chansey|Seismic Toss|p1a: Lugia\n|-damage|p1a: Lugia|27/100\n|\n|upkeep\n|turn|41\n|inactive|Time left: 300 sec this turn | 300 sec total\n|\n|t:|1783550974\n|move|p1a: Lugia|Psychic Noise|p2a: Chansey\n|-damage|p2a: Chansey|284/564\n|-start|p2a: Chansey|move: Heal Block\n|move|p2a: Chansey|Seismic Toss|p1a: Lugia\n|-damage|p1a: Lugia|0 fnt\n|faint|p1a: Lugia\n|\n|upkeep\n|\n|t:|1783550975\n|switch|p1a: Piloswine|Piloswine, L85, M|32/100\n|turn|42\n|inactive|Time left: 300 sec this turn | 300 sec total\n|\n|t:|1783550976\n|move|p1a: Piloswine|Icicle Crash|p2a: Chansey\n|-damage|p2a: Chansey|77/564\n|cant|p2a: Chansey|flinch\n|\n|-end|p2a: Chansey|move: Heal Block\n|upkeep\n|turn|43\n|inactive|Time left: 300 sec this turn | 300 sec total\n|\n|t:|1783550977\n|move|p2a: Chansey|Soft-Boiled|p2a: Chansey\n|-heal|p2a: Chansey|359/564\n|move|p1a: Piloswine|Icicle Crash|p2a: Chansey\n|-damage|p2a: Chansey|157/564\n|\n|upkeep\n|turn|44\n|inactive|Time left: 300 sec this turn | 300 sec total\n|\n|t:|1783550978\n|move|p1a: Piloswine|Earthquake|p2a: Chansey\n|-damage|p2a: Chansey|0 fnt\n|faint|p2a: Chansey\n|\n|upkeep\n|inactive|Time left: 300 sec this turn | 300 sec total | 5 sec grace\n|\n|t:|1783550979\n|switch|p2a: Okidogi|Okidogi, L77, M|102/262\n|turn|45\n|inactive|Time left: 300 sec this turn | 300 sec total\n|\n|t:|1783550980\n|-terastallize|p1a: Piloswine|Dragon\n|move|p2a: Okidogi|Drain Punch|p1a: Piloswine\n|-damage|p1a: Piloswine|14/100\n|-heal|p2a: Okidogi|130/262|[from] drain|[of] p1a: Piloswine\n|-status|p1a: Piloswine|tox|[from] ability: Toxic Chain|[of] p2a: Okidogi\n|move|p1a: Piloswine|Earthquake|p2a: Okidogi\n|-supereffective|p2a: Okidogi\n|-damage|p2a: Okidogi|0 fnt\n|faint|p2a: Okidogi\n|\n|-damage|p1a: Piloswine|8/100 tox|[from] psn\n|upkeep\n|inactive|Time left: 300 sec this turn | 300 sec total | 5 sec grace\n|\n|t:|1783550981\n|switch|p2a: Tropius|Tropius, L91, M|328/328\n|turn|46\n|inactive|Time left: 300 sec this turn | 300 sec total\n|\n|t:|1783550982\n|move|p2a: Tropius|Air Slash|p1a: Piloswine\n|-damage|p1a: Piloswine|0 fnt\n|faint|p1a: Piloswine\n|\n|upkeep\n|\n|t:|1783550983\n|switch|p1a: Tatsugiri|Tatsugiri, L87, F|100/100\n|turn|47\n|inactive|Time left: 300 sec this turn | 300 sec total\n|\n|t:|1783550984\n|move|p1a: Tatsugiri|Nasty Plot|p1a: Tatsugiri\n|-boost|p1a: Tatsugiri|spa|2\n|move|p2a: Tropius|Leech Seed|p1a: Tatsugiri\n|-start|p1a: Tatsugiri|move: Leech Seed\n|\n|-damage|p1a: Tatsugiri|88/100|[from] Leech Seed|[of] p2a: Tropius\n|upkeep\n|turn|48\n|inactive|Time left: 300 sec this turn | 300 sec total\n|\n|t:|1783550985\n|move|p1a: Tatsugiri|Draco Meteor|p2a: Tropius\n|-damage|p2a: Tropius|0 fnt\n|-unboost|p1a: Tatsugiri|spa|2\n|faint|p2a: Tropius\n|\n|upkeep\n|inactive|Time left: 300 sec this turn | 300 sec total | 5 sec grace\n|\n|t:|1783550986\n|switch|p2a: Glimmora|Glimmora, L75, M|248/248\n|turn|49\n|inactive|Time left: 300 sec this turn | 300 sec total\n|\n|t:|1783550987\n|move|p1a: Tatsugiri|Draco Meteor|p2a: Glimmora\n|-damage|p2a: Glimmora|53/248\n|-unboost|p1a: Tatsugiri|spa|2\n|move|p2a: Glimmora|Sludge Wave|p1a: Tatsugiri\n|-damage|p1a: Tatsugiri|51/100\n|\n|-damage|p1a: Tatsugiri|39/100|[from] Leech Seed|[of] p2a: Glimmora\n|-heal|p2a: Glimmora|85/248|[silent]\n|upkeep\n|turn|50\n|inactive|Time left: 300 sec this turn | 300 sec total\n|\n|t:|1783550989\n|move|p1a: Tatsugiri|Draco Meteor|p2a: Glimmora\n|-damage|p2a: Glimmora|0 fnt\n|-unboost|p1a: Tatsugiri|spa|2\n|faint|p2a: Glimmora\n|\n|win|p0x9554ead", "uploadtime": 1783550989, "views": 0, "rating": 0, "private": 0, "password": null, "_winner": "p0x9554ead", "_our_name": "p0y955806a"}