{"id": "battle-gen9randombattle-61", "formatid": "gen9randombattle", "format": "[Gen 9] Random Battle", "players": ["p0x0613a63", "p0y0615461"], "log": "|init|battle\n|title|p0x0613a63 vs. p0y0615461\n|j|\u2606p0x0613a63\n|j|\u2606p0y0615461\n|t:|1783533941\n|gametype|singles\n|player|p1|p0x0613a63|170|\n|player|p2|p0y0615461|170|\n|gen|9\n|tier|[Gen 9] Random Battle\n|rule|Species Clause: Limit one of each Pok\u00e9mon\n|rule|HP Percentage Mod: HP is shown in percentages\n|rule|Sleep Clause Mod: Limit one foe put to sleep\n|rule|Illusion Level Mod: Illusion disguises the Pok\u00e9mon's true level\n|\n|t:|1783533941\n|teamsize|p1|6\n|teamsize|p2|6\n|start\n|switch|p1a: Qwilfish|Qwilfish-Hisui, L83, M|244/244\n|switch|p2a: Iron Leaves|Iron Leaves, L80|100/100\n|-ability|p1a: Qwilfish|Intimidate|boost\n|-unboost|p2a: Iron Leaves|atk|1\n|turn|1\n|inactive|Battle timer is ON: inactive players will automatically lose when time's up. (requested by p0y0615461)\n|inactive|Time left: 300 sec this turn | 300 sec total | 60 sec grace\n|inactive|p0x0613a63 also wants the timer to be on.\n|\n|t:|1783533942\n|-end|p2a: Iron Leaves|Quark Drive|[silent]\n|switch|p2a: Granbull|Granbull, L88, M|100/100\n|-ability|p2a: Granbull|Intimidate|boost\n|-unboost|p1a: Qwilfish|atk|1\n|move|p1a: Qwilfish|Gunk Shot|p2a: Granbull\n|-supereffective|p2a: Granbull\n|-damage|p2a: Granbull|39/100\n|\n|-heal|p2a: Granbull|45/100|[from] item: Leftovers\n|upkeep\n|turn|2\n|inactive|Time left: 300 sec this turn | 300 sec total\n|\n|t:|1783533944\n|switch|p1a: Donphan|Donphan, L84, F|288/288\n|move|p2a: Granbull|Play Rough|p1a: Donphan\n|-damage|p1a: Donphan|186/288\n|\n|-heal|p1a: Donphan|204/288|[from] item: Leftovers\n|-heal|p2a: Granbull|51/100|[from] item: Leftovers\n|upkeep\n|turn|3\n|inactive|Time left: 300 sec this turn | 300 sec total\n|\n|t:|1783533945\n|move|p1a: Donphan|Stealth Rock|p2a: Granbull\n|-sidestart|p2: p0y0615461|move: Stealth Rock\n|move|p2a: Granbull|Earthquake|p1a: Donphan\n|-damage|p1a: Donphan|132/288\n|\n|-heal|p1a: Donphan|150/288|[from] item: Leftovers\n|-heal|p2a: Granbull|57/100|[from] item: Leftovers\n|upkeep\n|turn|4\n|inactive|Time left: 300 sec this turn | 300 sec total\n|\n|t:|1783533946\n|move|p1a: Donphan|Earthquake|p2a: Granbull\n|-damage|p2a: Granbull|11/100\n|move|p2a: Granbull|Play Rough|p1a: Donphan\n|-damage|p1a: Donphan|56/288\n|\n|-heal|p1a: Donphan|74/288|[from] item: Leftovers\n|-heal|p2a: Granbull|17/100|[from] item: Leftovers\n|upkeep\n|turn|5\n|inactive|Time left: 300 sec this turn | 300 sec total\n|\n|t:|1783533947\n|move|p1a: Donphan|Earthquake|p2a: Granbull\n|-damage|p2a: Granbull|0 fnt\n|faint|p2a: Granbull\n|\n|-heal|p1a: Donphan|92/288|[from] item: Leftovers\n|upkeep\n|\n|t:|1783533948\n|switch|p2a: Excadrill|Excadrill, L79, F|100/100\n|-damage|p2a: Excadrill|98/100|[from] Stealth Rock\n|-ability|p2a: Excadrill|Mold Breaker\n|turn|6\n|inactive|Time left: 300 sec this turn | 300 sec total\n|\n|t:|1783533949\n|move|p2a: Excadrill|Earthquake|p1a: Donphan\n|-damage|p1a: Donphan|0 fnt\n|faint|p1a: Donphan\n|\n|-heal|p2a: Excadrill|100/100|[from] item: Leftovers\n|upkeep\n|inactive|Time left: 300 sec this turn | 300 sec total | 5 sec grace\n|\n|t:|1783533950\n|switch|p1a: Leafeon|Leafeon, L88, F|258/258\n|turn|7\n|inactive|Time left: 300 sec this turn | 300 sec total\n|\n|t:|1783533951\n|move|p1a: Leafeon|Swords Dance|p1a: Leafeon\n|-boost|p1a: Leafeon|atk|2\n|move|p2a: Excadrill|Rapid Spin|p1a: Leafeon\n|-damage|p1a: Leafeon|228/258\n|-boost|p2a: Excadrill|spe|1\n|-sideend|p2: p0y0615461|Stealth Rock|[from] move: Rapid Spin|[of] p2a: Excadrill\n|\n|-heal|p1a: Leafeon|244/258|[from] item: Leftovers\n|upkeep\n|turn|8\n|inactive|Time left: 300 sec this turn | 300 sec total\n|\n|t:|1783533953\n|switch|p2a: Sawsbuck|Sawsbuck-Autumn, L88, M|100/100\n|move|p1a: Leafeon|Leaf Blade|p2a: Sawsbuck\n|-ability|p2a: Sawsbuck|Sap Sipper|boost\n|-boost|p2a: Sawsbuck|atk|1\n|\n|-heal|p1a: Leafeon|258/258|[from] item: Leftovers\n|upkeep\n|turn|9\n|inactive|Time left: 300 sec this turn | 300 sec total\n|\n|t:|1783533954\n|-terastallize|p1a: Leafeon|Dark\n|move|p1a: Leafeon|Knock Off|p2a: Sawsbuck\n|-damage|p2a: Sawsbuck|3/100\n|-enditem|p2a: Sawsbuck|Life Orb|[from] move: Knock Off|[of] p1a: Leafeon\n|move|p2a: Sawsbuck|Double-Edge|p1a: Leafeon\n|-damage|p1a: Leafeon|119/258\n|-damage|p2a: Sawsbuck|0 fnt|[from] Recoil\n|faint|p2a: Sawsbuck\n|\n|-heal|p1a: Leafeon|135/258|[from] item: Leftovers\n|upkeep\n|\n|t:|1783533955\n|switch|p2a: Iron Leaves|Iron Leaves, L80|100/100\n|turn|10\n|inactive|Time left: 300 sec this turn | 300 sec total\n|\n|t:|1783533956\n|-terastallize|p2a: Iron Leaves|Fighting\n|move|p1a: Leafeon|Knock Off|p2a: Iron Leaves\n|-resisted|p2a: Iron Leaves\n|-damage|p2a: Iron Leaves|56/100\n|-enditem|p2a: Iron Leaves|Life Orb|[from] move: Knock Off|[of] p1a: Leafeon\n|move|p2a: Iron Leaves|Close Combat|p1a: Leafeon\n|-supereffective|p1a: Leafeon\n|-damage|p1a: Leafeon|0 fnt\n|-unboost|p2a: Iron Leaves|def|1\n|-unboost|p2a: Iron Leaves|spd|1\n|faint|p1a: Leafeon\n|\n|upkeep\n|inactive|Time left: 300 sec this turn | 300 sec total | 5 sec grace\n|\n|t:|1783533957\n|switch|p1a: Oricorio|Oricorio, L84, F|263/263\n|turn|11\n|inactive|Time left: 300 sec this turn | 300 sec total\n|\n|t:|1783533958\n|-end|p2a: Iron Leaves|Quark Drive|[silent]\n|switch|p2a: Flareon|Flareon, L90, M|100/100\n|move|p1a: Oricorio|Quiver Dance|p1a: Oricorio\n|-boost|p1a: Oricorio|spa|1\n|-boost|p1a: Oricorio|spd|1\n|-boost|p1a: Oricorio|spe|1\n|\n|-status|p2a: Flareon|tox|[from] item: Toxic Orb\n|upkeep\n|turn|12\n|inactive|Time left: 300 sec this turn | 300 sec total\n|\n|t:|1783533959\n|move|p1a: Oricorio|Hurricane|p2a: Flareon\n|-damage|p2a: Flareon|50/100 tox\n|move|p2a: Flareon|Facade|p1a: Oricorio\n|-damage|p1a: Oricorio|13/263\n|\n|-damage|p2a: Flareon|44/100 tox|[from] psn\n|upkeep\n|turn|13\n|inactive|Time left: 300 sec this turn | 300 sec total\n|\n|t:|1783533960\n|move|p1a: Oricorio|Hurricane|p2a: Flareon|[miss]\n|-miss|p1a: Oricorio|p2a: Flareon\n|move|p2a: Flareon|Flare Blitz|p1a: Oricorio\n|-resisted|p1a: Oricorio\n|-damage|p1a: Oricorio|0 fnt\n|faint|p1a: Oricorio\n|-damage|p2a: Flareon|42/100 tox|[from] Recoil\n|\n|-damage|p2a: Flareon|30/100 tox|[from] psn\n|upkeep\n|inactive|Time left: 300 sec this turn | 300 sec total | 5 sec grace\n|\n|t:|1783533961\n|switch|p1a: Indeedee|Indeedee, L84, M|238/238\n|-fieldstart|move: Psychic Terrain|[from] ability: Psychic Surge|[of] p1a: Indeedee\n|turn|14\n|inactive|Time left: 300 sec this turn | 300 sec total\n|\n|t:|1783533962\n|move|p1a: Indeedee|Expanding Force|p2a: Flareon\n|-damage|p2a: Flareon|0 fnt\n|faint|p2a: Flareon\n|-damage|p1a: Indeedee|215/238|[from] item: Life Orb\n|\n|upkeep\n|\n|t:|1783533963\n|switch|p2a: Excadrill|Excadrill, L79, F|100/100\n|-ability|p2a: Excadrill|Mold Breaker\n|turn|15\n|inactive|Time left: 300 sec this turn | 300 sec total\n|\n|t:|1783533964\n|move|p1a: Indeedee|Expanding Force|p2a: Excadrill\n|-resisted|p2a: Excadrill\n|-damage|p2a: Excadrill|53/100\n|-damage|p1a: Indeedee|192/238|[from] item: Life Orb\n|move|p2a: Excadrill|Swords Dance|p2a: Excadrill\n|-boost|p2a: Excadrill|atk|2\n|\n|-heal|p2a: Excadrill|59/100|[from] item: Leftovers\n|upkeep\n|turn|16\n|inactive|Time left: 300 sec this turn | 300 sec total\n|\n|t:|1783533965\n|move|p1a: Indeedee|Expanding Force|p2a: Excadrill\n|-resisted|p2a: Excadrill\n|-damage|p2a: Excadrill|6/100\n|-damage|p1a: Indeedee|169/238|[from] item: Life Orb\n|move|p2a: Excadrill|Rapid Spin|p1a: Indeedee\n|-damage|p1a: Indeedee|55/238\n|-boost|p2a: Excadrill|spe|1\n|\n|-heal|p2a: Excadrill|12/100|[from] item: Leftovers\n|upkeep\n|turn|17\n|inactive|Time left: 300 sec this turn | 300 sec total\n|\n|t:|1783533966\n|move|p2a: Excadrill|Earthquake|p1a: Indeedee\n|-damage|p1a: Indeedee|0 fnt\n|faint|p1a: Indeedee\n|\n|-heal|p2a: Excadrill|18/100|[from] item: Leftovers\n|upkeep\n|inactive|Time left: 300 sec this turn | 300 sec total | 5 sec grace\n|\n|t:|1783533967\n|switch|p1a: Qwilfish|Qwilfish-Hisui, L83, M|244/244\n|-ability|p1a: Qwilfish|Intimidate|boost\n|-unboost|p2a: Excadrill|atk|1\n|turn|18\n|inactive|Time left: 300 sec this turn | 300 sec total\n|\n|t:|1783533968\n|switch|p1a: Ribombee|Ribombee, L83, F|235/235\n|move|p2a: Excadrill|Earthquake|p1a: Ribombee\n|-resisted|p1a: Ribombee\n|-damage|p1a: Ribombee|118/235\n|\n|-heal|p2a: Excadrill|24/100|[from] item: Leftovers\n|-fieldend|move: Psychic Terrain\n|upkeep\n|turn|19\n|inactive|Time left: 300 sec this turn | 300 sec total\n|\n|t:|1783533969\n|switch|p1a: Qwilfish|Qwilfish-Hisui, L83, M|244/244\n|-ability|p1a: Qwilfish|Intimidate|boost\n|-unboost|p2a: Excadrill|atk|1\n|move|p2a: Excadrill|Iron Head|p1a: Qwilfish\n|-damage|p1a: Qwilfish|172/244\n|\n|-heal|p2a: Excadrill|30/100|[from] item: Leftovers\n|upkeep\n|turn|20\n|inactive|Time left: 300 sec this turn | 300 sec total\n|\n|t:|1783533970\n|move|p2a: Excadrill|Earthquake|p1a: Qwilfish\n|-supereffective|p1a: Qwilfish\n|-damage|p1a: Qwilfish|0 fnt\n|faint|p1a: Qwilfish\n|\n|-heal|p2a: Excadrill|36/100|[from] item: Leftovers\n|upkeep\n|inactive|Time left: 300 sec this turn | 300 sec total | 5 sec grace\n|\n|t:|1783533971\n|switch|p1a: Ribombee|Ribombee, L83, F|118/235\n|turn|21\n|inactive|Time left: 300 sec this turn | 300 sec total\n|\n|t:|1783533972\n|move|p2a: Excadrill|Iron Head|p1a: Ribombee\n|-supereffective|p1a: Ribombee\n|-damage|p1a: Ribombee|0 fnt\n|faint|p1a: Ribombee\n|\n|win|p0y0615461", "uploadtime": 1783533972, "views": 0, "rating": 0, "private": 0, "password": null, "_winner": "p0y0615461", "_our_name": "p0x0613a63"}