{"id": "battle-gen9randombattle-1963", "formatid": "gen9randombattle", "format": "[Gen 9] Random Battle", "players": ["p0x1963543e", "p0y19639626"], "log": "|init|battle\n|title|p0x1963543e vs. p0y19639626\n|j|\u2606p0x1963543e\n|j|\u2606p0y19639626\n|t:|1783562703\n|gametype|singles\n|player|p1|p0x1963543e|170|\n|player|p2|p0y19639626|102|\n|gen|9\n|tier|[Gen 9] Random Battle\n|rule|Species Clause: Limit one of each Pok\u00e9mon\n|rule|HP Percentage Mod: HP is shown in percentages\n|rule|Sleep Clause Mod: Limit one foe put to sleep\n|rule|Illusion Level Mod: Illusion disguises the Pok\u00e9mon's true level\n|\n|t:|1783562703\n|teamsize|p1|6\n|teamsize|p2|6\n|start\n|switch|p1a: Dewgong|Dewgong, L94, F|322/322\n|switch|p2a: Stonjourner|Stonjourner, L91, M|100/100\n|turn|1\n|inactive|Battle timer is ON: inactive players will automatically lose when time's up. (requested by p0y19639626)\n|inactive|Time left: 300 sec this turn | 300 sec total | 60 sec grace\n|inactive|p0x1963543e also wants the timer to be on.\n|\n|t:|1783562704\n|switch|p2a: Ariados|Ariados, L95, M|100/100\n|move|p1a: Dewgong|Surf|p2a: Ariados\n|-damage|p2a: Ariados|66/100\n|\n|upkeep\n|turn|2\n|inactive|Time left: 300 sec this turn | 300 sec total\n|\n|t:|1783562706\n|move|p1a: Dewgong|Triple Axel|p2a: Ariados|[miss]\n|-miss|p1a: Dewgong|p2a: Ariados\n|move|p2a: Ariados|Sticky Web|p1a: Dewgong\n|-sidestart|p1: p0x1963543e|move: Sticky Web\n|\n|upkeep\n|turn|3\n|inactive|Time left: 300 sec this turn | 300 sec total\n|\n|t:|1783562707\n|move|p1a: Dewgong|Triple Axel|p2a: Ariados\n|-damage|p2a: Ariados|58/100\n|-damage|p2a: Ariados|43/100\n|-hitcount|p2a: Ariados|2\n|move|p2a: Ariados|Poison Jab|p1a: Dewgong\n|-damage|p1a: Dewgong|216/322\n|-status|p1a: Dewgong|psn\n|\n|-damage|p1a: Dewgong|176/322 psn|[from] psn\n|upkeep\n|turn|4\n|inactive|Time left: 300 sec this turn | 300 sec total\n|\n|t:|1783562708\n|move|p1a: Dewgong|Triple Axel|p2a: Ariados\n|-damage|p2a: Ariados|36/100\n|-damage|p2a: Ariados|22/100\n|-damage|p2a: Ariados|1/100\n|-hitcount|p2a: Ariados|3\n|move|p2a: Ariados|Megahorn|p1a: Dewgong|[miss]\n|-miss|p2a: Ariados|p1a: Dewgong\n|\n|-damage|p1a: Dewgong|136/322 psn|[from] psn\n|upkeep\n|turn|5\n|inactive|Time left: 300 sec this turn | 300 sec total\n|\n|t:|1783562709\n|move|p1a: Dewgong|Knock Off|p2a: Ariados\n|-crit|p2a: Ariados\n|-damage|p2a: Ariados|0 fnt\n|-enditem|p2a: Ariados|Heavy-Duty Boots|[from] move: Knock Off|[of] p1a: Dewgong\n|faint|p2a: Ariados\n|\n|-damage|p1a: Dewgong|96/322 psn|[from] psn\n|upkeep\n|\n|t:|1783562710\n|switch|p2a: Raikou|Raikou, L81|100/100\n|-ability|p2a: Raikou|Pressure\n|turn|6\n|inactive|Time left: 300 sec this turn | 300 sec total\n|\n|t:|1783562711\n|move|p2a: Raikou|Thunderbolt|p1a: Dewgong\n|-supereffective|p1a: Dewgong\n|-damage|p1a: Dewgong|0 fnt\n|faint|p1a: Dewgong\n|\n|upkeep\n|inactive|Time left: 300 sec this turn | 300 sec total | 5 sec grace\n|\n|t:|1783562712\n|switch|p1a: Girafarig|Girafarig, L89, F|269/269\n|-activate|p1a: Girafarig|move: Sticky Web\n|-unboost|p1a: Girafarig|spe|1\n|turn|7\n|inactive|Time left: 300 sec this turn | 300 sec total\n|\n|t:|1783562713\n|move|p2a: Raikou|Calm Mind|p2a: Raikou\n|-boost|p2a: Raikou|spa|1\n|-boost|p2a: Raikou|spd|1\n|move|p1a: Girafarig|Nasty Plot|p1a: Girafarig\n|-boost|p1a: Girafarig|spa|2\n|\n|upkeep\n|turn|8\n|inactive|Time left: 300 sec this turn | 300 sec total\n|\n|t:|1783562714\n|move|p2a: Raikou|Thunderbolt|p1a: Girafarig\n|-damage|p1a: Girafarig|142/269\n|move|p1a: Girafarig|Psychic|p2a: Raikou\n|-damage|p2a: Raikou|54/100\n|\n|-heal|p2a: Raikou|60/100|[from] item: Leftovers\n|upkeep\n|turn|9\n|inactive|Time left: 300 sec this turn | 300 sec total\n|\n|t:|1783562715\n|-terastallize|p2a: Raikou|Electric\n|move|p2a: Raikou|Thunderbolt|p1a: Girafarig\n|-damage|p1a: Girafarig|0 fnt\n|faint|p1a: Girafarig\n|\n|-heal|p2a: Raikou|66/100|[from] item: Leftovers\n|upkeep\n|inactive|Time left: 300 sec this turn | 300 sec total | 5 sec grace\n|\n|t:|1783562716\n|switch|p1a: Hoopa|Hoopa-Unbound, L80|259/259\n|-activate|p1a: Hoopa|move: Sticky Web\n|-unboost|p1a: Hoopa|spe|1\n|turn|10\n|inactive|Time left: 300 sec this turn | 300 sec total\n|\n|t:|1783562717\n|move|p2a: Raikou|Thunderbolt|p1a: Hoopa\n|-damage|p1a: Hoopa|111/259\n|move|p1a: Hoopa|Hyperspace Fury|p2a: Raikou\n|-damage|p2a: Raikou|9/100\n|-unboost|p1a: Hoopa|def|1\n|\n|-heal|p2a: Raikou|16/100|[from] item: Leftovers\n|upkeep\n|turn|11\n|inactive|Time left: 300 sec this turn | 300 sec total\n|\n|t:|1783562718\n|move|p2a: Raikou|Thunderbolt|p1a: Hoopa\n|-crit|p1a: Hoopa\n|-damage|p1a: Hoopa|0 fnt\n|faint|p1a: Hoopa\n|\n|-heal|p2a: Raikou|22/100|[from] item: Leftovers\n|upkeep\n|inactive|Time left: 300 sec this turn | 300 sec total | 5 sec grace\n|\n|t:|1783562719\n|switch|p1a: Arcanine|Arcanine-Hisui, L79, F|279/279\n|-activate|p1a: Arcanine|move: Sticky Web\n|-unboost|p1a: Arcanine|spe|1\n|turn|12\n|inactive|Time left: 300 sec this turn | 300 sec total\n|\n|t:|1783562720\n|move|p1a: Arcanine|Extreme Speed|p2a: Raikou\n|-damage|p2a: Raikou|0 fnt\n|faint|p2a: Raikou\n|\n|upkeep\n|\n|t:|1783562720\n|switch|p2a: Stonjourner|Stonjourner, L91, M|100/100\n|turn|13\n|inactive|Time left: 300 sec this turn | 300 sec total\n|\n|t:|1783562722\n|switch|p1a: Basculegion|Basculegion-F, L83, F|335/335\n|-activate|p1a: Basculegion|move: Sticky Web\n|-unboost|p1a: Basculegion|spe|1\n|move|p2a: Stonjourner|Stone Edge|p1a: Basculegion\n|-damage|p1a: Basculegion|74/335\n|-damage|p2a: Stonjourner|90/100|[from] item: Life Orb\n|\n|upkeep\n|turn|14\n|inactive|Time left: 300 sec this turn | 300 sec total\n|\n|t:|1783562723\n|move|p2a: Stonjourner|Earthquake|p1a: Basculegion\n|-damage|p1a: Basculegion|0 fnt\n|faint|p1a: Basculegion\n|-damage|p2a: Stonjourner|80/100|[from] item: Life Orb\n|\n|upkeep\n|inactive|Time left: 300 sec this turn | 300 sec total | 5 sec grace\n|\n|t:|1783562724\n|switch|p1a: Sableye|Sableye, L88, M|231/231\n|-activate|p1a: Sableye|move: Sticky Web\n|-unboost|p1a: Sableye|spe|1\n|turn|15\n|inactive|Time left: 300 sec this turn | 300 sec total\n|\n|t:|1783562724\n|move|p1a: Sableye|Thunder Wave|p2a: Stonjourner\n|-status|p2a: Stonjourner|par\n|move|p2a: Stonjourner|Heat Crash|p1a: Sableye\n|-damage|p1a: Sableye|67/231\n|-damage|p2a: Stonjourner|70/100 par|[from] item: Life Orb\n|\n|-heal|p1a: Sableye|81/231|[from] item: Leftovers\n|upkeep\n|turn|16\n|inactive|Time left: 300 sec this turn | 300 sec total\n|\n|t:|1783562725\n|move|p1a: Sableye|Encore|p2a: Stonjourner\n|-start|p2a: Stonjourner|Encore\n|cant|p2a: Stonjourner|par\n|\n|-heal|p1a: Sableye|95/231|[from] item: Leftovers\n|upkeep\n|turn|17\n|inactive|Time left: 300 sec this turn | 300 sec total\n|\n|t:|1783562726\n|move|p1a: Sableye|Knock Off|p2a: Stonjourner\n|-damage|p2a: Stonjourner|52/100 par\n|-enditem|p2a: Stonjourner|Life Orb|[from] move: Knock Off|[of] p1a: Sableye\n|move|p2a: Stonjourner|Heat Crash|p1a: Sableye\n|-damage|p1a: Sableye|0 fnt\n|faint|p1a: Sableye\n|\n|upkeep\n|inactive|Time left: 300 sec this turn | 300 sec total | 5 sec grace\n|\n|t:|1783562727\n|switch|p1a: Arcanine|Arcanine-Hisui, L79, F|279/279\n|-activate|p1a: Arcanine|move: Sticky Web\n|-unboost|p1a: Arcanine|spe|1\n|turn|18\n|inactive|Time left: 300 sec this turn | 300 sec total\n|\n|t:|1783562728\n|switch|p2a: Sinistcha|Sinistcha-Masterpiece, L83|100/100\n|move|p1a: Arcanine|Flare Blitz|p2a: Sinistcha\n|-supereffective|p2a: Sinistcha\n|-damage|p2a: Sinistcha|32/100\n|\n|-heal|p2a: Sinistcha|38/100|[from] item: Leftovers\n|upkeep\n|turn|19\n|inactive|Time left: 300 sec this turn | 300 sec total\n|\n|t:|1783562729\n|-terastallize|p1a: Arcanine|Normal\n|move|p2a: Sinistcha|Matcha Gotcha|p1a: Arcanine\n|-damage|p1a: Arcanine|165/279\n|-heal|p2a: Sinistcha|60/100|[from] drain|[of] p1a: Arcanine\n|move|p1a: Arcanine|Flare Blitz|p2a: Sinistcha\n|-supereffective|p2a: Sinistcha\n|-damage|p2a: Sinistcha|0 fnt\n|faint|p2a: Sinistcha\n|\n|upkeep\n|\n|t:|1783562730\n|switch|p2a: Slither Wing|Slither Wing, L81|100/100\n|turn|20\n|inactive|Time left: 300 sec this turn | 300 sec total\n|\n|t:|1783562731\n|move|p2a: Slither Wing|Close Combat|p1a: Arcanine\n|-supereffective|p1a: Arcanine\n|-damage|p1a: Arcanine|0 fnt\n|-unboost|p2a: Slither Wing|def|1\n|-unboost|p2a: Slither Wing|spd|1\n|faint|p1a: Arcanine\n|\n|win|p0y19639626", "uploadtime": 1783562731, "views": 0, "rating": 0, "private": 0, "password": null, "_winner": "p0y19639626", "_our_name": "p0x1963543e"}