{"id": "battle-gen9randombattle-2761", "formatid": "gen9randombattle", "format": "[Gen 9] Random Battle", "players": ["p0x27618db6", "p0y276180c2"], "log": "|init|battle\n|title|p0x27618db6 vs. p0y276180c2\n|j|\u2606p0x27618db6\n|j|\u2606p0y276180c2\n|t:|1783571826\n|gametype|singles\n|player|p1|p0x27618db6|169|\n|player|p2|p0y276180c2|170|\n|gen|9\n|tier|[Gen 9] Random Battle\n|rule|Species Clause: Limit one of each Pok\u00e9mon\n|rule|HP Percentage Mod: HP is shown in percentages\n|rule|Sleep Clause Mod: Limit one foe put to sleep\n|rule|Illusion Level Mod: Illusion disguises the Pok\u00e9mon's true level\n|\n|t:|1783571826\n|teamsize|p1|6\n|teamsize|p2|6\n|start\n|switch|p1a: Porygon2|Porygon2, L81|100/100\n|switch|p2a: Duraludon|Duraludon, L82, F|249/249\n|-ability|p1a: Porygon2|Download|boost\n|-boost|p1a: Porygon2|spa|1\n|turn|1\n|inactive|Battle timer is ON: inactive players will automatically lose when time's up. (requested by p0x27618db6)\n|inactive|Time left: 300 sec this turn | 300 sec total | 60 sec grace\n|inactive|p0y276180c2 also wants the timer to be on.\n|\n|t:|1783571827\n|move|p2a: Duraludon|Stealth Rock|p1a: Porygon2\n|-sidestart|p1: p0x27618db6|move: Stealth Rock\n|move|p1a: Porygon2|Ice Beam|p2a: Duraludon\n|-damage|p2a: Duraludon|147/249\n|\n|upkeep\n|turn|2\n|inactive|Time left: 300 sec this turn | 300 sec total\n|\n|t:|1783571828\n|move|p2a: Duraludon|Flash Cannon|p1a: Porygon2\n|-damage|p1a: Porygon2|77/100\n|move|p1a: Porygon2|Ice Beam|p2a: Duraludon\n|-damage|p2a: Duraludon|45/249\n|\n|upkeep\n|turn|3\n|inactive|Time left: 300 sec this turn | 300 sec total\n|\n|t:|1783571829\n|move|p2a: Duraludon|Body Press|p1a: Porygon2\n|-supereffective|p1a: Porygon2\n|-damage|p1a: Porygon2|46/100\n|move|p1a: Porygon2|Ice Beam|p2a: Duraludon\n|-damage|p2a: Duraludon|0 fnt\n|faint|p2a: Duraludon\n|\n|upkeep\n|inactive|Time left: 300 sec this turn | 300 sec total | 5 sec grace\n|\n|t:|1783571830\n|switch|p2a: Bruxish|Bruxish, L85, M|254/254\n|turn|4\n|inactive|Time left: 300 sec this turn | 300 sec total\n|\n|t:|1783571832\n|move|p2a: Bruxish|Psychic Fangs|p1a: Porygon2\n|-damage|p1a: Porygon2|0 fnt\n|faint|p1a: Porygon2\n|\n|upkeep\n|\n|t:|1783571833\n|switch|p1a: Giratina|Giratina, L75|100/100\n|-damage|p1a: Giratina|88/100|[from] Stealth Rock\n|-ability|p1a: Giratina|Pressure\n|turn|5\n|inactive|Time left: 300 sec this turn | 300 sec total\n|\n|t:|1783571834\n|move|p2a: Bruxish|Psychic Fangs|p1a: Giratina\n|-damage|p1a: Giratina|37/100\n|move|p1a: Giratina|Will-O-Wisp|p2a: Bruxish\n|-status|p2a: Bruxish|brn\n|\n|-heal|p1a: Giratina|43/100|[from] item: Leftovers\n|-damage|p2a: Bruxish|239/254 brn|[from] brn\n|upkeep\n|turn|6\n|inactive|Time left: 300 sec this turn | 300 sec total\n|\n|t:|1783571835\n|move|p2a: Bruxish|Psychic Fangs|p1a: Giratina\n|-damage|p1a: Giratina|14/100\n|move|p1a: Giratina|Defog|p2a: Bruxish\n|-unboost|p2a: Bruxish|evasion|1\n|-sideend|p1: p0x27618db6|Stealth Rock|[from] move: Defog|[of] p1a: Giratina\n|\n|-heal|p1a: Giratina|20/100|[from] item: Leftovers\n|-damage|p2a: Bruxish|224/254 brn|[from] brn\n|upkeep\n|turn|7\n|inactive|Time left: 300 sec this turn | 300 sec total\n|\n|t:|1783571836\n|switch|p1a: Bronzong|Bronzong, L88|100/100\n|move|p2a: Bruxish|Psychic Fangs|p1a: Bronzong\n|-resisted|p1a: Bronzong\n|-damage|p1a: Bronzong|92/100\n|\n|-heal|p1a: Bronzong|99/100|[from] item: Leftovers\n|-damage|p2a: Bruxish|209/254 brn|[from] brn\n|upkeep\n|turn|8\n|inactive|Time left: 300 sec this turn | 300 sec total\n|\n|t:|1783571837\n|move|p2a: Bruxish|Psychic Fangs|p1a: Bronzong\n|-resisted|p1a: Bronzong\n|-damage|p1a: Bronzong|91/100\n|move|p1a: Bronzong|Iron Defense|p1a: Bronzong\n|-boost|p1a: Bronzong|def|2\n|\n|-heal|p1a: Bronzong|97/100|[from] item: Leftovers\n|-damage|p2a: Bruxish|194/254 brn|[from] brn\n|upkeep\n|turn|9\n|inactive|Time left: 300 sec this turn | 300 sec total\n|\n|t:|1783571838\n|move|p2a: Bruxish|Psychic Fangs|p1a: Bronzong\n|-resisted|p1a: Bronzong\n|-damage|p1a: Bronzong|93/100\n|move|p1a: Bronzong|Iron Head|p2a: Bruxish\n|-resisted|p2a: Bruxish\n|-damage|p2a: Bruxish|142/254 brn\n|\n|-heal|p1a: Bronzong|99/100|[from] item: Leftovers\n|-damage|p2a: Bruxish|127/254 brn|[from] brn\n|upkeep\n|turn|10\n|inactive|Time left: 300 sec this turn | 300 sec total\n|\n|t:|1783571840\n|move|p2a: Bruxish|Psychic Fangs|p1a: Bronzong\n|-resisted|p1a: Bronzong\n|-damage|p1a: Bronzong|96/100\n|move|p1a: Bronzong|Body Press|p2a: Bruxish\n|-resisted|p2a: Bruxish\n|-damage|p2a: Bruxish|42/254 brn\n|\n|-heal|p1a: Bronzong|100/100|[from] item: Leftovers\n|-damage|p2a: Bruxish|27/254 brn|[from] brn\n|upkeep\n|turn|11\n|inactive|Time left: 300 sec this turn | 300 sec total\n|\n|t:|1783571841\n|switch|p2a: Swalot|Swalot, L90, M|326/326\n|move|p1a: Bronzong|Psychic Noise|p2a: Swalot\n|-supereffective|p2a: Swalot\n|-damage|p2a: Swalot|170/326\n|-start|p2a: Swalot|move: Heal Block\n|\n|upkeep\n|turn|12\n|inactive|Time left: 300 sec this turn | 300 sec total\n|\n|t:|1783571842\n|move|p2a: Swalot|Knock Off|p1a: Bronzong\n|-supereffective|p1a: Bronzong\n|-damage|p1a: Bronzong|81/100\n|-enditem|p1a: Bronzong|Leftovers|[from] move: Knock Off|[of] p2a: Swalot\n|move|p1a: Bronzong|Body Press|p2a: Swalot\n|-resisted|p2a: Swalot\n|-damage|p2a: Swalot|99/326\n|\n|-end|p2a: Swalot|move: Heal Block\n|upkeep\n|turn|13\n|inactive|Time left: 300 sec this turn | 300 sec total\n|\n|t:|1783571842\n|switch|p2a: Bruxish|Bruxish, L85, M|27/254 brn\n|move|p1a: Bronzong|Psychic Noise|p2a: Bruxish\n|-resisted|p2a: Bruxish\n|-damage|p2a: Bruxish|0 fnt\n|faint|p2a: Bruxish\n|\n|upkeep\n|inactive|Time left: 300 sec this turn | 300 sec total | 5 sec grace\n|\n|t:|1783571843\n|switch|p2a: Comfey|Comfey, L85, F|225/225\n|turn|14\n|inactive|Time left: 300 sec this turn | 300 sec total\n|\n|t:|1783571844\n|move|p2a: Comfey|Encore|p1a: Bronzong\n|-start|p1a: Bronzong|Encore\n|move|p1a: Bronzong|Psychic Noise|p2a: Comfey\n|-damage|p2a: Comfey|162/225\n|-start|p2a: Comfey|move: Heal Block\n|\n|upkeep\n|turn|15\n|inactive|Time left: 300 sec this turn | 300 sec total\n|\n|t:|1783571845\n|move|p2a: Comfey|Calm Mind|p2a: Comfey\n|-boost|p2a: Comfey|spa|1\n|-boost|p2a: Comfey|spd|1\n|move|p1a: Bronzong|Psychic Noise|p2a: Comfey\n|-damage|p2a: Comfey|120/225\n|\n|-end|p2a: Comfey|move: Heal Block\n|upkeep\n|turn|16\n|inactive|Time left: 300 sec this turn | 300 sec total\n|\n|t:|1783571846\n|move|p2a: Comfey|Calm Mind|p2a: Comfey\n|-boost|p2a: Comfey|spa|1\n|-boost|p2a: Comfey|spd|1\n|move|p1a: Bronzong|Psychic Noise|p2a: Comfey\n|-damage|p2a: Comfey|84/225\n|-start|p2a: Comfey|move: Heal Block\n|\n|-end|p1a: Bronzong|Encore\n|upkeep\n|turn|17\n|inactive|Time left: 300 sec this turn | 300 sec total\n|\n|t:|1783571847\n|move|p2a: Comfey|Encore|p1a: Bronzong\n|-start|p1a: Bronzong|Encore\n|move|p1a: Bronzong|Psychic Noise|p2a: Comfey\n|-crit|p2a: Comfey\n|-damage|p2a: Comfey|0 fnt\n|faint|p2a: Comfey\n|\n|upkeep\n|inactive|Time left: 300 sec this turn | 300 sec total | 5 sec grace\n|\n|t:|1783571847\n|switch|p2a: Lapras|Lapras, L87, M|367/367\n|turn|18\n|inactive|Time left: 300 sec this turn | 300 sec total\n|\n|t:|1783571848\n|move|p2a: Lapras|Dragon Dance|p2a: Lapras\n|-boost|p2a: Lapras|atk|1\n|-boost|p2a: Lapras|spe|1\n|move|p1a: Bronzong|Psychic Noise|p2a: Lapras\n|-crit|p2a: Lapras\n|-damage|p2a: Lapras|261/367\n|-start|p2a: Lapras|move: Heal Block\n|\n|upkeep\n|turn|19\n|inactive|Time left: 300 sec this turn | 300 sec total\n|\n|t:|1783571849\n|move|p2a: Lapras|Dragon Dance|p2a: Lapras\n|-boost|p2a: Lapras|atk|1\n|-boost|p2a: Lapras|spe|1\n|move|p1a: Bronzong|Psychic Noise|p2a: Lapras\n|-damage|p2a: Lapras|197/367\n|\n|-end|p1a: Bronzong|Encore\n|-end|p2a: Lapras|move: Heal Block\n|upkeep\n|turn|20\n|inactive|Time left: 300 sec this turn | 300 sec total\n|\n|t:|1783571850\n|move|p2a: Lapras|Waterfall|p1a: Bronzong\n|-damage|p1a: Bronzong|57/100\n|move|p1a: Bronzong|Body Press|p2a: Lapras\n|-supereffective|p2a: Lapras\n|-damage|p2a: Lapras|0 fnt\n|faint|p2a: Lapras\n|\n|upkeep\n|inactive|Time left: 300 sec this turn | 300 sec total | 5 sec grace\n|\n|t:|1783571851\n|switch|p2a: Pawmot|Pawmot, L80, F|243/243\n|turn|21\n|inactive|Time left: 300 sec this turn | 300 sec total\n|\n|t:|1783571852\n|switch|p2a: Swalot|Swalot, L90, M|99/326\n|-terastallize|p1a: Bronzong|Fighting\n|move|p1a: Bronzong|Body Press|p2a: Swalot\n|-resisted|p2a: Swalot\n|-damage|p2a: Swalot|0 fnt\n|faint|p2a: Swalot\n|\n|upkeep\n|inactive|Time left: 300 sec this turn | 300 sec total | 5 sec grace\n|\n|t:|1783571853\n|switch|p2a: Pawmot|Pawmot, L80, F|243/243\n|turn|22\n|inactive|Time left: 300 sec this turn | 300 sec total\n|\n|t:|1783571854\n|-terastallize|p2a: Pawmot|Electric\n|move|p2a: Pawmot|Double Shock|p1a: Bronzong\n|-damage|p1a: Bronzong|19/100\n|-start|p2a: Pawmot|typechange|Electric|[from] move: Double Shock\n|-damage|p2a: Pawmot|219/243|[from] item: Life Orb\n|move|p1a: Bronzong|Body Press|p2a: Pawmot\n|-damage|p2a: Pawmot|0 fnt\n|faint|p2a: Pawmot\n|\n|win|p0x27618db6", "uploadtime": 1783571854, "views": 0, "rating": 0, "private": 0, "password": null, "_winner": "p0x27618db6", "_our_name": "p0y276180c2"}