{"id": "battle-gen9randombattle-890", "formatid": "gen9randombattle", "format": "[Gen 9] Random Battle", "players": ["p0x890d783", "p0y890615f"], "log": "|init|battle\n|title|p0x890d783 vs. p0y890615f\n|j|\u2606p0x890d783\n|j|\u2606p0y890615f\n|t:|1783550229\n|gametype|singles\n|player|p1|p0x890d783|1|\n|player|p2|p0y890615f|169|\n|gen|9\n|tier|[Gen 9] Random Battle\n|rule|Species Clause: Limit one of each Pok\u00e9mon\n|rule|HP Percentage Mod: HP is shown in percentages\n|rule|Sleep Clause Mod: Limit one foe put to sleep\n|rule|Illusion Level Mod: Illusion disguises the Pok\u00e9mon's true level\n|\n|t:|1783550229\n|teamsize|p1|6\n|teamsize|p2|6\n|start\n|switch|p1a: Palkia|Palkia-Origin, L72|249/249\n|switch|p2a: Salamence|Salamence, L77, F|100/100\n|-ability|p1a: Palkia|Pressure\n|-ability|p2a: Salamence|Intimidate|boost\n|-unboost|p1a: Palkia|atk|1\n|turn|1\n|inactive|Battle timer is ON: inactive players will automatically lose when time's up. (requested by p0x890d783)\n|inactive|p0y890615f also wants the timer to be on.\n|\n|t:|1783550230\n|switch|p2a: Porygon2|Porygon2, L81|100/100\n|-ability|p2a: Porygon2|Download|boost\n|-boost|p2a: Porygon2|atk|1\n|move|p1a: Palkia|Draco Meteor|p2a: Porygon2\n|-damage|p2a: Porygon2|57/100\n|-unboost|p1a: Palkia|spa|2\n|\n|upkeep\n|turn|2\n|inactive|Time left: 300 sec this turn | 300 sec total\n|\n|t:|1783550231\n|switch|p1a: Stantler|Stantler, L92, F|284/284\n|-ability|p1a: Stantler|Intimidate|boost\n|-unboost|p2a: Porygon2|atk|1\n|move|p2a: Porygon2|Recover|p2a: Porygon2\n|-heal|p2a: Porygon2|100/100\n|\n|upkeep\n|turn|3\n|inactive|Time left: 300 sec this turn | 300 sec total\n|\n|t:|1783550232\n|move|p1a: Stantler|Calm Mind|p1a: Stantler\n|-boost|p1a: Stantler|spa|1\n|-boost|p1a: Stantler|spd|1\n|move|p2a: Porygon2|Thunder Wave|p1a: Stantler\n|-status|p1a: Stantler|par\n|\n|upkeep\n|turn|4\n|inactive|Time left: 300 sec this turn | 300 sec total\n|\n|t:|1783550233\n|move|p2a: Porygon2|Tera Blast|p1a: Stantler\n|-damage|p1a: Stantler|238/284 par\n|move|p1a: Stantler|Tera Blast|p2a: Porygon2\n|-damage|p2a: Porygon2|67/100\n|\n|upkeep\n|turn|5\n|inactive|Time left: 300 sec this turn | 300 sec total\n|\n|t:|1783550234\n|move|p2a: Porygon2|Tera Blast|p1a: Stantler\n|-damage|p1a: Stantler|192/284 par\n|move|p1a: Stantler|Tera Blast|p2a: Porygon2\n|-damage|p2a: Porygon2|37/100\n|\n|upkeep\n|turn|6\n|inactive|Time left: 300 sec this turn | 300 sec total\n|\n|t:|1783550235\n|move|p2a: Porygon2|Recover|p2a: Porygon2\n|-heal|p2a: Porygon2|87/100\n|move|p1a: Stantler|Tera Blast|p2a: Porygon2\n|-damage|p2a: Porygon2|51/100\n|\n|upkeep\n|turn|7\n|inactive|Time left: 300 sec this turn | 300 sec total\n|\n|t:|1783550236\n|move|p2a: Porygon2|Recover|p2a: Porygon2\n|-heal|p2a: Porygon2|100/100\n|move|p1a: Stantler|Calm Mind|p1a: Stantler\n|-boost|p1a: Stantler|spa|1\n|-boost|p1a: Stantler|spd|1\n|\n|upkeep\n|turn|8\n|inactive|Time left: 300 sec this turn | 300 sec total\n|\n|t:|1783550238\n|switch|p2a: Salamence|Salamence, L77, F|100/100\n|-ability|p2a: Salamence|Intimidate|boost\n|-unboost|p1a: Stantler|atk|1\n|cant|p1a: Stantler|par\n|\n|upkeep\n|turn|9\n|inactive|Time left: 300 sec this turn | 300 sec total\n|\n|t:|1783550239\n|-terastallize|p2a: Salamence|Dragon\n|move|p2a: Salamence|Outrage|p1a: Stantler\n|-damage|p1a: Stantler|48/284 par\n|move|p1a: Stantler|Tera Blast|p2a: Salamence\n|-damage|p2a: Salamence|22/100\n|\n|upkeep\n|turn|10\n|inactive|Time left: 300 sec this turn | 300 sec total\n|\n|t:|1783550240\n|-terastallize|p1a: Stantler|Fairy\n|move|p2a: Salamence|Outrage|p1a: Stantler|[from] lockedmove\n|-immune|p1a: Stantler\n|-start|p2a: Salamence|confusion|[fatigue]\n|cant|p1a: Stantler|par\n|\n|upkeep\n|turn|11\n|inactive|Time left: 300 sec this turn | 300 sec total\n|\n|t:|1783550241\n|-activate|p2a: Salamence|confusion\n|-damage|p2a: Salamence|10/100|[from] confusion\n|move|p1a: Stantler|Tera Blast|p2a: Salamence|[anim] Tera Blast Fairy\n|-supereffective|p2a: Salamence\n|-damage|p2a: Salamence|0 fnt\n|faint|p2a: Salamence\n|\n|upkeep\n|\n|t:|1783550242\n|switch|p2a: Torkoal|Torkoal, L88, F|100/100\n|-weather|SunnyDay|[from] ability: Drought|[of] p2a: Torkoal\n|turn|12\n|inactive|Time left: 300 sec this turn | 300 sec total\n|\n|t:|1783550243\n|cant|p1a: Stantler|par\n|move|p2a: Torkoal|Lava Plume|p1a: Stantler\n|-damage|p1a: Stantler|0 fnt\n|faint|p1a: Stantler\n|\n|-weather|SunnyDay|[upkeep]\n|upkeep\n|inactive|Time left: 300 sec this turn | 300 sec total | 5 sec grace\n|\n|t:|1783550245\n|switch|p1a: Hydrapple|Hydrapple, L83, M|312/312\n|turn|13\n|inactive|Time left: 300 sec this turn | 300 sec total\n|\n|t:|1783550246\n|switch|p2a: Porygon2|Porygon2, L81|100/100\n|-ability|p2a: Porygon2|Download|boost\n|-boost|p2a: Porygon2|spa|1\n|move|p1a: Hydrapple|Fickle Beam|p2a: Porygon2|[anim] Fickle Beam All Out\n|-activate|p1a: Hydrapple|move: Fickle Beam\n|-damage|p2a: Porygon2|57/100\n|\n|-weather|SunnyDay|[upkeep]\n|upkeep\n|turn|14\n|inactive|Time left: 300 sec this turn | 300 sec total\n|\n|t:|1783550247\n|move|p2a: Porygon2|Recover|p2a: Porygon2\n|-heal|p2a: Porygon2|100/100\n|move|p1a: Hydrapple|Fickle Beam|p2a: Porygon2\n|-damage|p2a: Porygon2|76/100\n|\n|-weather|SunnyDay|[upkeep]\n|upkeep\n|turn|15\n|inactive|Time left: 300 sec this turn | 300 sec total\n|\n|t:|1783550248\n|move|p2a: Porygon2|Thunder Wave|p1a: Hydrapple\n|-status|p1a: Hydrapple|par\n|move|p1a: Hydrapple|Fickle Beam|p2a: Porygon2\n|-damage|p2a: Porygon2|53/100\n|\n|-weather|SunnyDay|[upkeep]\n|upkeep\n|turn|16\n|inactive|Time left: 300 sec this turn | 300 sec total\n|\n|t:|1783550250\n|move|p2a: Porygon2|Recover|p2a: Porygon2\n|-heal|p2a: Porygon2|100/100\n|move|p1a: Hydrapple|Fickle Beam|p2a: Porygon2\n|-damage|p2a: Porygon2|76/100\n|\n|-weather|none\n|upkeep\n|turn|17\n|inactive|Time left: 300 sec this turn | 300 sec total\n|\n|t:|1783550251\n|move|p2a: Porygon2|Recover|p2a: Porygon2\n|-heal|p2a: Porygon2|100/100\n|cant|p1a: Hydrapple|par\n|\n|upkeep\n|turn|18\n|inactive|Time left: 300 sec this turn | 300 sec total\n|\n|t:|1783550252\n|move|p2a: Porygon2|Tera Blast|p1a: Hydrapple\n|-damage|p1a: Hydrapple|215/312 par\n|move|p1a: Hydrapple|Fickle Beam|p2a: Porygon2|[anim] Fickle Beam All Out\n|-activate|p1a: Hydrapple|move: Fickle Beam\n|-damage|p2a: Porygon2|56/100\n|\n|upkeep\n|turn|19\n|inactive|Time left: 300 sec this turn | 300 sec total\n|\n|t:|1783550253\n|move|p2a: Porygon2|Tera Blast|p1a: Hydrapple\n|-damage|p1a: Hydrapple|122/312 par\n|move|p1a: Hydrapple|Fickle Beam|p2a: Porygon2\n|-damage|p2a: Porygon2|31/100\n|\n|upkeep\n|turn|20\n|inactive|Time left: 300 sec this turn | 300 sec total\n|\n|t:|1783550254\n|move|p2a: Porygon2|Recover|p2a: Porygon2\n|-heal|p2a: Porygon2|81/100\n|move|p1a: Hydrapple|Fickle Beam|p2a: Porygon2\n|-damage|p2a: Porygon2|57/100\n|\n|upkeep\n|turn|21\n|inactive|Time left: 300 sec this turn | 300 sec total\n|\n|t:|1783550255\n|move|p2a: Porygon2|Tera Blast|p1a: Hydrapple\n|-damage|p1a: Hydrapple|22/312 par\n|move|p1a: Hydrapple|Giga Drain|p2a: Porygon2\n|-damage|p2a: Porygon2|35/100\n|-heal|p1a: Hydrapple|51/312 par|[from] drain|[of] p2a: Porygon2\n|\n|upkeep\n|turn|22\n|inactive|Time left: 300 sec this turn | 300 sec total\n|\n|t:|1783550257\n|switch|p1a: Hypno|Hypno, L95, F|315/315\n|move|p2a: Porygon2|Recover|p2a: Porygon2\n|-heal|p2a: Porygon2|85/100\n|\n|upkeep\n|turn|23\n|inactive|Time left: 300 sec this turn | 300 sec total\n|\n|t:|1783550258\n|move|p1a: Hypno|Toxic|p2a: Porygon2\n|-status|p2a: Porygon2|tox\n|move|p2a: Porygon2|Shadow Ball|p1a: Hypno\n|-supereffective|p1a: Hypno\n|-damage|p1a: Hypno|191/315\n|\n|-heal|p1a: Hypno|210/315|[from] item: Leftovers\n|-damage|p2a: Porygon2|79/100 tox|[from] psn\n|upkeep\n|turn|24\n|inactive|Time left: 300 sec this turn | 300 sec total\n|\n|t:|1783550259\n|move|p1a: Hypno|Focus Blast|p2a: Porygon2\n|-supereffective|p2a: Porygon2\n|-damage|p2a: Porygon2|33/100 tox\n|move|p2a: Porygon2|Shadow Ball|p1a: Hypno\n|-supereffective|p1a: Hypno\n|-damage|p1a: Hypno|94/315\n|\n|-heal|p1a: Hypno|113/315|[from] item: Leftovers\n|-damage|p2a: Porygon2|21/100 tox|[from] psn\n|upkeep\n|turn|25\n|inactive|Time left: 300 sec this turn | 300 sec total\n|\n|t:|1783550260\n|move|p1a: Hypno|Protect|p1a: Hypno\n|-singleturn|p1a: Hypno|Protect\n|move|p2a: Porygon2|Shadow Ball|p1a: Hypno\n|-activate|p1a: Hypno|move: Protect\n|\n|-heal|p1a: Hypno|132/315|[from] item: Leftovers\n|-damage|p2a: Porygon2|3/100 tox|[from] psn\n|upkeep\n|turn|26\n|inactive|Time left: 300 sec this turn | 300 sec total\n|\n|t:|1783550261\n|move|p1a: Hypno|Psychic Noise|p2a: Porygon2\n|-damage|p2a: Porygon2|0 fnt\n|faint|p2a: Porygon2\n|\n|-heal|p1a: Hypno|151/315|[from] item: Leftovers\n|upkeep\n|\n|t:|1783550262\n|switch|p2a: Pincurchin|Pincurchin, M|100/100\n|-fieldstart|move: Electric Terrain|[from] ability: Electric Surge|[of] p2a: Pincurchin\n|turn|27\n|inactive|Time left: 300 sec this turn | 300 sec total\n|\n|t:|1783550263\n|switch|p1a: Hydrapple|Hydrapple, L83, M|155/312 par\n|move|p2a: Pincurchin|Zing Zap|p1a: Hydrapple\n|-resisted|p1a: Hydrapple\n|-damage|p1a: Hydrapple|120/312 par\n|\n|upkeep\n|turn|28\n|inactive|Time left: 300 sec this turn | 300 sec total\n|\n|t:|1783550264\n|move|p2a: Pincurchin|Zing Zap|p1a: Hydrapple\n|-resisted|p1a: Hydrapple\n|-damage|p1a: Hydrapple|84/312 par\n|move|p1a: Hydrapple|Fickle Beam|p2a: Pincurchin|[anim] Fickle Beam All Out\n|-activate|p1a: Hydrapple|move: Fickle Beam\n|-damage|p2a: Pincurchin|31/100\n|\n|-heal|p2a: Pincurchin|37/100|[from] item: Leftovers\n|upkeep\n|turn|29\n|inactive|Time left: 300 sec this turn | 300 sec total\n|\n|t:|1783550266\n|move|p2a: Pincurchin|Recover|p2a: Pincurchin\n|-heal|p2a: Pincurchin|87/100\n|cant|p1a: Hydrapple|par\n|\n|-heal|p2a: Pincurchin|93/100|[from] item: Leftovers\n|upkeep\n|turn|30\n|inactive|Time left: 300 sec this turn | 300 sec total\n|\n|t:|1783550267\n|move|p2a: Pincurchin|Zing Zap|p1a: Hydrapple\n|-resisted|p1a: Hydrapple\n|-damage|p1a: Hydrapple|49/312 par\n|cant|p1a: Hydrapple|par\n|\n|-heal|p2a: Pincurchin|99/100|[from] item: Leftovers\n|upkeep\n|turn|31\n|inactive|Time left: 300 sec this turn | 300 sec total\n|\n|t:|1783550268\n|move|p2a: Pincurchin|Zing Zap|p1a: Hydrapple\n|-resisted|p1a: Hydrapple\n|-damage|p1a: Hydrapple|12/312 par\n|cant|p1a: Hydrapple|par\n|\n|-heal|p2a: Pincurchin|100/100|[from] item: Leftovers\n|-fieldend|move: Electric Terrain\n|upkeep\n|turn|32\n|inactive|Time left: 300 sec this turn | 300 sec total\n|\n|t:|1783550269\n|switch|p1a: Venusaur|Venusaur, L84, F|272/272\n|move|p2a: Pincurchin|Zing Zap|p1a: Venusaur\n|-resisted|p1a: Venusaur\n|-damage|p1a: Venusaur|205/272\n|\n|-heal|p1a: Venusaur|222/272|[from] item: Leftovers\n|upkeep\n|turn|33\n|inactive|Time left: 300 sec this turn | 300 sec total\n|\n|t:|1783550270\n|move|p1a: Venusaur|Leech Seed|p2a: Pincurchin\n|-start|p2a: Pincurchin|move: Leech Seed\n|move|p2a: Pincurchin|Liquidation|p1a: Venusaur\n|-resisted|p1a: Venusaur\n|-damage|p1a: Venusaur|178/272\n|\n|-heal|p1a: Venusaur|195/272|[from] item: Leftovers\n|-damage|p2a: Pincurchin|88/100|[from] Leech Seed|[of] p1a: Venusaur\n|-heal|p1a: Venusaur|227/272|[silent]\n|upkeep\n|turn|34\n|inactive|Time left: 300 sec this turn | 300 sec total\n|\n|t:|1783550271\n|switch|p2a: Medicham|Medicham, L86, F|100/100\n|move|p1a: Venusaur|Sludge Bomb|p2a: Medicham\n|-damage|p2a: Medicham|57/100\n|\n|-heal|p1a: Venusaur|244/272|[from] item: Leftovers\n|upkeep\n|turn|35\n|inactive|Time left: 300 sec this turn | 300 sec total\n|\n|t:|1783550272\n|switch|p1a: Hydrapple|Hydrapple, L83, M|116/312 par\n|move|p2a: Medicham|Zen Headbutt|p1a: Hydrapple\n|-damage|p1a: Hydrapple|14/312 par\n|\n|upkeep\n|turn|36\n|inactive|Time left: 300 sec this turn | 300 sec total\n|\n|t:|1783550273\n|switch|p1a: Hypno|Hypno, L95, F|151/315\n|move|p2a: Medicham|Zen Headbutt|p1a: Hypno|[miss]\n|-miss|p2a: Medicham|p1a: Hypno\n|\n|-heal|p1a: Hypno|170/315|[from] item: Leftovers\n|upkeep\n|turn|37\n|inactive|Time left: 300 sec this turn | 300 sec total\n|\n|t:|1783550273\n|move|p2a: Medicham|Zen Headbutt|p1a: Hypno\n|-resisted|p1a: Hypno\n|-damage|p1a: Hypno|106/315\n|move|p1a: Hypno|Psychic Noise|p2a: Medicham\n|-damage|p2a: Medicham|20/100\n|-start|p2a: Medicham|move: Heal Block\n|\n|-heal|p1a: Hypno|125/315|[from] item: Leftovers\n|upkeep\n|turn|38\n|inactive|Time left: 300 sec this turn | 300 sec total\n|\n|t:|1783550274\n|move|p2a: Medicham|Zen Headbutt|p1a: Hypno\n|-resisted|p1a: Hypno\n|-damage|p1a: Hypno|57/315\n|move|p1a: Hypno|Psychic Noise|p2a: Medicham\n|-damage|p2a: Medicham|0 fnt\n|faint|p2a: Medicham\n|\n|-heal|p1a: Hypno|76/315|[from] item: Leftovers\n|upkeep\n|\n|t:|1783550275\n|switch|p2a: Jolteon|Jolteon, L84, M|100/100\n|turn|39\n|inactive|Time left: 300 sec this turn | 300 sec total\n|\n|t:|1783550276\n|switch|p1a: Hydrapple|Hydrapple, L83, M|118/312 par\n|move|p2a: Jolteon|Calm Mind|p2a: Jolteon\n|-boost|p2a: Jolteon|spa|1\n|-boost|p2a: Jolteon|spd|1\n|\n|upkeep\n|turn|40\n|inactive|Time left: 300 sec this turn | 300 sec total\n|\n|t:|1783550276\n|move|p2a: Jolteon|Alluring Voice|p1a: Hydrapple\n|-supereffective|p1a: Hydrapple\n|-crit|p1a: Hydrapple\n|-damage|p1a: Hydrapple|0 fnt\n|faint|p1a: Hydrapple\n|-damage|p2a: Jolteon|91/100|[from] item: Life Orb\n|\n|upkeep\n|inactive|Time left: 300 sec this turn | 300 sec total | 5 sec grace\n|\n|t:|1783550277\n|switch|p1a: Venusaur|Venusaur, L84, F|244/272\n|turn|41\n|inactive|Time left: 300 sec this turn | 300 sec total\n|\n|t:|1783550278\n|move|p2a: Jolteon|Calm Mind|p2a: Jolteon\n|-boost|p2a: Jolteon|spa|1\n|-boost|p2a: Jolteon|spd|1\n|move|p1a: Venusaur|Leech Seed|p2a: Jolteon|[miss]\n|-miss|p1a: Venusaur|p2a: Jolteon\n|\n|-heal|p1a: Venusaur|261/272|[from] item: Leftovers\n|upkeep\n|turn|42\n|inactive|Time left: 300 sec this turn | 300 sec total\n|\n|t:|1783550279\n|move|p2a: Jolteon|Shadow Ball|p1a: Venusaur\n|-damage|p1a: Venusaur|115/272\n|-damage|p2a: Jolteon|81/100|[from] item: Life Orb\n|move|p1a: Venusaur|Leech Seed|p2a: Jolteon\n|-start|p2a: Jolteon|move: Leech Seed\n|\n|-heal|p1a: Venusaur|132/272|[from] item: Leftovers\n|-damage|p2a: Jolteon|69/100|[from] Leech Seed|[of] p1a: Venusaur\n|-heal|p1a: Venusaur|162/272|[silent]\n|upkeep\n|turn|43\n|inactive|Time left: 300 sec this turn | 300 sec total\n|\n|t:|1783550280\n|move|p2a: Jolteon|Shadow Ball|p1a: Venusaur\n|-damage|p1a: Venusaur|16/272\n|-damage|p2a: Jolteon|59/100|[from] item: Life Orb\n|move|p1a: Venusaur|Sleep Powder|p2a: Jolteon\n|-status|p2a: Jolteon|slp|[from] move: Sleep Powder\n|\n|-heal|p1a: Venusaur|33/272|[from] item: Leftovers\n|-damage|p2a: Jolteon|47/100 slp|[from] Leech Seed|[of] p1a: Venusaur\n|-heal|p1a: Venusaur|63/272|[silent]\n|upkeep\n|turn|44\n|inactive|Time left: 300 sec this turn | 300 sec total\n|\n|t:|1783550281\n|cant|p2a: Jolteon|slp\n|move|p1a: Venusaur|Sludge Bomb|p2a: Jolteon\n|-damage|p2a: Jolteon|28/100 slp\n|\n|-heal|p1a: Venusaur|80/272|[from] item: Leftovers\n|-damage|p2a: Jolteon|16/100 slp|[from] Leech Seed|[of] p1a: Venusaur\n|-heal|p1a: Venusaur|110/272|[silent]\n|upkeep\n|turn|45\n|inactive|Time left: 300 sec this turn | 300 sec total\n|\n|t:|1783550283\n|cant|p2a: Jolteon|slp\n|move|p1a: Venusaur|Sludge Bomb|p2a: Jolteon\n|-damage|p2a: Jolteon|0 fnt\n|faint|p2a: Jolteon\n|\n|-heal|p1a: Venusaur|127/272|[from] item: Leftovers\n|upkeep\n|\n|t:|1783550284\n|switch|p2a: Torkoal|Torkoal, L88, F|100/100\n|-weather|SunnyDay|[from] ability: Drought|[of] p2a: Torkoal\n|turn|46\n|inactive|Time left: 300 sec this turn | 300 sec total\n|\n|t:|1783550284\n|move|p1a: Venusaur|Sleep Powder|p2a: Torkoal|[miss]\n|-miss|p1a: Venusaur|p2a: Torkoal\n|move|p2a: Torkoal|Lava Plume|p1a: Venusaur\n|-supereffective|p1a: Venusaur\n|-damage|p1a: Venusaur|0 fnt\n|faint|p1a: Venusaur\n|\n|-weather|SunnyDay|[upkeep]\n|upkeep\n|inactive|Time left: 300 sec this turn | 300 sec total | 5 sec grace\n|\n|t:|1783550285\n|switch|p1a: Qwilfish|Qwilfish, L86, F|252/252\n|-ability|p1a: Qwilfish|Intimidate|boost\n|-unboost|p2a: Torkoal|atk|1\n|turn|47\n|inactive|Time left: 300 sec this turn | 300 sec total\n|\n|t:|1783550287\n|switch|p2a: Pincurchin|Pincurchin, M|88/100\n|-fieldstart|move: Electric Terrain|[from] ability: Electric Surge|[of] p2a: Pincurchin\n|move|p1a: Qwilfish|Flip Turn|p2a: Pincurchin\n|-damage|p2a: Pincurchin|79/100\n|inactive|Time left: 300 sec this turn | 300 sec total | 5 sec grace\n|\n|t:|1783550287\n|switch|p1a: Hypno|Hypno, L95, F|76/315|[from] Flip Turn\n|\n|-weather|SunnyDay|[upkeep]\n|-heal|p1a: Hypno|95/315|[from] item: Leftovers\n|-heal|p2a: Pincurchin|85/100|[from] item: Leftovers\n|upkeep\n|turn|48\n|inactive|Time left: 300 sec this turn | 300 sec total\n|\n|t:|1783550288\n|move|p1a: Hypno|Protect|p1a: Hypno\n|-singleturn|p1a: Hypno|Protect\n|move|p2a: Pincurchin|Zing Zap|p1a: Hypno\n|-activate|p1a: Hypno|move: Protect\n|\n|-weather|SunnyDay|[upkeep]\n|-heal|p1a: Hypno|114/315|[from] item: Leftovers\n|-heal|p2a: Pincurchin|91/100|[from] item: Leftovers\n|upkeep\n|turn|49\n|inactive|Time left: 300 sec this turn | 300 sec total\n|\n|t:|1783550290\n|move|p1a: Hypno|Toxic|p2a: Pincurchin\n|-status|p2a: Pincurchin|tox\n|move|p2a: Pincurchin|Zing Zap|p1a: Hypno\n|-damage|p1a: Hypno|0 fnt\n|faint|p1a: Hypno\n|\n|-weather|SunnyDay|[upkeep]\n|-heal|p2a: Pincurchin|97/100 tox|[from] item: Leftovers\n|-damage|p2a: Pincurchin|91/100 tox|[from] psn\n|upkeep\n|inactive|Time left: 300 sec this turn | 300 sec total | 5 sec grace\n|\n|t:|1783550291\n|switch|p1a: Qwilfish|Qwilfish, L86, F|252/252\n|-ability|p1a: Qwilfish|Intimidate|boost\n|-unboost|p2a: Pincurchin|atk|1\n|turn|50\n|inactive|Time left: 300 sec this turn | 300 sec total\n|\n|t:|1783550292\n|switch|p1a: Palkia|Palkia-Origin, L72|249/249\n|-ability|p1a: Palkia|Pressure\n|move|p2a: Pincurchin|Zing Zap|p1a: Palkia\n|-damage|p1a: Palkia|128/249\n|\n|-weather|none\n|-heal|p2a: Pincurchin|97/100 tox|[from] item: Leftovers\n|-damage|p2a: Pincurchin|85/100 tox|[from] psn\n|upkeep\n|turn|51\n|inactive|Time left: 300 sec this turn | 300 sec total\n|\n|t:|1783550293\n|move|p1a: Palkia|Hydro Pump|p2a: Pincurchin\n|-damage|p2a: Pincurchin|35/100 tox\n|move|p2a: Pincurchin|Zing Zap|p1a: Palkia\n|-damage|p1a: Palkia|25/249\n|\n|-heal|p2a: Pincurchin|41/100 tox|[from] item: Leftovers\n|-damage|p2a: Pincurchin|23/100 tox|[from] psn\n|-fieldend|move: Electric Terrain\n|upkeep\n|turn|52\n|inactive|Time left: 300 sec this turn | 300 sec total\n|\n|t:|1783550294\n|move|p1a: Palkia|Hydro Pump|p2a: Pincurchin|[miss]\n|-miss|p1a: Palkia|p2a: Pincurchin\n|move|p2a: Pincurchin|Zing Zap|p1a: Palkia\n|-damage|p1a: Palkia|0 fnt\n|faint|p1a: Palkia\n|\n|-heal|p2a: Pincurchin|29/100 tox|[from] item: Leftovers\n|-damage|p2a: Pincurchin|4/100 tox|[from] psn\n|upkeep\n|inactive|Time left: 300 sec this turn | 300 sec total | 5 sec grace\n|\n|t:|1783550295\n|switch|p1a: Qwilfish|Qwilfish, L86, F|252/252\n|-ability|p1a: Qwilfish|Intimidate|boost\n|-unboost|p2a: Pincurchin|atk|1\n|turn|53\n|inactive|Time left: 300 sec this turn | 300 sec total\n|\n|t:|1783550296\n|move|p1a: Qwilfish|Flip Turn|p2a: Pincurchin\n|-damage|p2a: Pincurchin|0 fnt\n|faint|p2a: Pincurchin\n|\n|upkeep\n|\n|t:|1783550298\n|switch|p2a: Torkoal|Torkoal, L88, F|100/100\n|-weather|SunnyDay|[from] ability: Drought|[of] p2a: Torkoal\n|turn|54\n|inactive|Time left: 300 sec this turn | 300 sec total\n|\n|t:|1783550299\n|move|p1a: Qwilfish|Toxic|p2a: Torkoal\n|-status|p2a: Torkoal|tox\n|move|p2a: Torkoal|Lava Plume|p1a: Qwilfish\n|-resisted|p1a: Qwilfish\n|-damage|p1a: Qwilfish|170/252\n|\n|-weather|SunnyDay|[upkeep]\n|-damage|p2a: Torkoal|94/100 tox|[from] psn\n|upkeep\n|turn|55\n|inactive|Time left: 300 sec this turn | 300 sec total\n|\n|t:|1783550300\n|move|p1a: Qwilfish|Flip Turn|p2a: Torkoal\n|-supereffective|p2a: Torkoal\n|-damage|p2a: Torkoal|80/100 tox\n|move|p2a: Torkoal|Lava Plume|p1a: Qwilfish\n|-resisted|p1a: Qwilfish\n|-damage|p1a: Qwilfish|76/252\n|\n|-weather|SunnyDay|[upkeep]\n|-damage|p2a: Torkoal|68/100 tox|[from] psn\n|upkeep\n|turn|56\n|inactive|Time left: 300 sec this turn | 300 sec total\n|\n|t:|1783550301\n|move|p1a: Qwilfish|Pain Split|p2a: Torkoal\n|-sethp|p2a: Torkoal|49/100 tox|[from] move: Pain Split|[silent]\n|-sethp|p1a: Qwilfish|128/252|[from] move: Pain Split\n|move|p2a: Torkoal|Lava Plume|p1a: Qwilfish\n|-resisted|p1a: Qwilfish\n|-damage|p1a: Qwilfish|48/252\n|\n|-weather|SunnyDay|[upkeep]\n|-damage|p2a: Torkoal|31/100 tox|[from] psn\n|upkeep\n|turn|57\n|inactive|Time left: 300 sec this turn | 300 sec total\n|\n|t:|1783550302\n|move|p1a: Qwilfish|Gunk Shot|p2a: Torkoal|[miss]\n|-miss|p1a: Qwilfish|p2a: Torkoal\n|move|p2a: Torkoal|Rapid Spin|p1a: Qwilfish\n|-damage|p1a: Qwilfish|11/252\n|-boost|p2a: Torkoal|spe|1\n|\n|-weather|SunnyDay|[upkeep]\n|-damage|p2a: Torkoal|7/100 tox|[from] psn\n|upkeep\n|turn|58\n|inactive|Time left: 300 sec this turn | 300 sec total\n|\n|t:|1783550303\n|move|p1a: Qwilfish|Flip Turn|p2a: Torkoal\n|-supereffective|p2a: Torkoal\n|-damage|p2a: Torkoal|0 fnt\n|faint|p2a: Torkoal\n|\n|win|p0x890d783", "uploadtime": 1783550303, "views": 0, "rating": 0, "private": 0, "password": null, "_winner": "p0x890d783", "_our_name": "p0x890d783"}