{"id": "battle-gen9randombattle-701", "formatid": "gen9randombattle", "format": "[Gen 9] Random Battle", "players": ["p0x701546d", "p0y7018e3d"], "log": "|init|battle\n|title|p0x701546d vs. p0y7018e3d\n|j|\u2606p0x701546d\n|j|\u2606p0y7018e3d\n|t:|1783547947\n|gametype|singles\n|player|p1|p0x701546d|265|\n|player|p2|p0y7018e3d|2|\n|gen|9\n|tier|[Gen 9] Random Battle\n|rule|Species Clause: Limit one of each Pok\u00e9mon\n|rule|HP Percentage Mod: HP is shown in percentages\n|rule|Sleep Clause Mod: Limit one foe put to sleep\n|rule|Illusion Level Mod: Illusion disguises the Pok\u00e9mon's true level\n|\n|t:|1783547947\n|teamsize|p1|6\n|teamsize|p2|6\n|start\n|switch|p1a: Dialga|Dialga-Origin, L73|100/100\n|switch|p2a: Avalugg|Avalugg-Hisui, L90, M|317/317\n|-ability|p1a: Dialga|Pressure\n|turn|1\n|inactive|Battle timer is ON: inactive players will automatically lose when time's up. (requested by p0y7018e3d)\n|inactive|p0x701546d also wants the timer to be on.\n|\n|t:|1783547948\n|move|p1a: Dialga|Heavy Slam|p2a: Avalugg\n|-supereffective|p2a: Avalugg\n|-damage|p2a: Avalugg|149/317\n|move|p2a: Avalugg|Avalanche|p1a: Dialga\n|-damage|p1a: Dialga|40/100\n|\n|upkeep\n|turn|2\n|inactive|Time left: 300 sec this turn | 300 sec total\n|\n|t:|1783547950\n|switch|p2a: Azumarill|Azumarill, L82, M|298/298\n|move|p1a: Dialga|Draco Meteor|p2a: Azumarill\n|-immune|p2a: Azumarill\n|\n|upkeep\n|turn|3\n|inactive|Time left: 300 sec this turn | 300 sec total\n|\n|t:|1783547951\n|move|p1a: Dialga|Stealth Rock|p2a: Azumarill\n|-sidestart|p2: p0y7018e3d|move: Stealth Rock\n|move|p2a: Azumarill|Play Rough|p1a: Dialga\n|-damage|p1a: Dialga|0 fnt\n|faint|p1a: Dialga\n|\n|upkeep\n|\n|t:|1783547952\n|switch|p1a: Meloetta|Meloetta, L82|100/100\n|turn|4\n|inactive|Time left: 300 sec this turn | 300 sec total\n|\n|t:|1783547954\n|move|p1a: Meloetta|Hyper Voice|p2a: Azumarill\n|-damage|p2a: Azumarill|124/298\n|move|p2a: Azumarill|Play Rough|p1a: Meloetta|[miss]\n|-miss|p2a: Azumarill|p1a: Meloetta\n|\n|upkeep\n|turn|5\n|inactive|Time left: 300 sec this turn | 300 sec total\n|\n|t:|1783547955\n|move|p1a: Meloetta|Hyper Voice|p2a: Azumarill\n|-crit|p2a: Azumarill\n|-damage|p2a: Azumarill|0 fnt\n|faint|p2a: Azumarill\n|\n|upkeep\n|inactive|Time left: 300 sec this turn | 300 sec total | 5 sec grace\n|\n|t:|1783547956\n|switch|p2a: Muk|Muk-Alola, L82, F|306/306\n|-damage|p2a: Muk|268/306|[from] Stealth Rock\n|turn|6\n|inactive|Time left: 300 sec this turn | 300 sec total\n|\n|t:|1783547957\n|move|p1a: Meloetta|Hyper Voice|p2a: Muk\n|-damage|p2a: Muk|160/306\n|move|p2a: Muk|Knock Off|p1a: Meloetta\n|-supereffective|p1a: Meloetta\n|-damage|p1a: Meloetta|18/100\n|-status|p1a: Meloetta|psn|[from] ability: Poison Touch|[of] p2a: Muk\n|-enditem|p1a: Meloetta|Choice Specs|[from] move: Knock Off|[of] p2a: Muk\n|\n|-damage|p1a: Meloetta|6/100 psn|[from] psn\n|upkeep\n|turn|7\n|inactive|Time left: 300 sec this turn | 300 sec total\n|\n|t:|1783547958\n|move|p1a: Meloetta|Focus Blast|p2a: Muk\n|-damage|p2a: Muk|94/306\n|-unboost|p2a: Muk|spd|1\n|move|p2a: Muk|Poison Jab|p1a: Meloetta\n|-damage|p1a: Meloetta|0 fnt\n|faint|p1a: Meloetta\n|\n|upkeep\n|\n|t:|1783547959\n|switch|p1a: Ludicolo|Ludicolo, L90, F|100/100\n|turn|8\n|inactive|Time left: 300 sec this turn | 300 sec total\n|\n|t:|1783547961\n|move|p1a: Ludicolo|Hydro Pump|p2a: Muk\n|-damage|p2a: Muk|0 fnt\n|faint|p2a: Muk\n|-damage|p1a: Ludicolo|90/100|[from] item: Life Orb\n|\n|upkeep\n|inactive|Time left: 300 sec this turn | 300 sec total | 5 sec grace\n|\n|t:|1783547961\n|switch|p2a: Sneasler|Sneasler, L74, F|240/240\n|-damage|p2a: Sneasler|225/240|[from] Stealth Rock\n|turn|9\n|inactive|Time left: 300 sec this turn | 300 sec total\n|\n|t:|1783547963\n|switch|p1a: Corviknight|Corviknight, L80, M|100/100\n|move|p2a: Sneasler|Dire Claw|p1a: Corviknight\n|-immune|p1a: Corviknight\n|\n|upkeep\n|turn|10\n|inactive|Time left: 300 sec this turn | 300 sec total\n|\n|t:|1783547963\n|switch|p2a: Avalugg|Avalugg-Hisui, L90, M|149/317\n|move|p1a: Corviknight|Brave Bird|p2a: Avalugg\n|-resisted|p2a: Avalugg\n|-damage|p2a: Avalugg|120/317\n|-damage|p1a: Corviknight|97/100|[from] Recoil\n|\n|-heal|p1a: Corviknight|100/100|[from] item: Leftovers\n|upkeep\n|turn|11\n|inactive|Time left: 300 sec this turn | 300 sec total\n|\n|t:|1783547964\n|move|p1a: Corviknight|Body Press|p2a: Avalugg\n|-supereffective|p2a: Avalugg\n|-damage|p2a: Avalugg|8/317\n|move|p2a: Avalugg|Recover|p2a: Avalugg\n|-heal|p2a: Avalugg|167/317\n|\n|upkeep\n|turn|12\n|inactive|Time left: 300 sec this turn | 300 sec total\n|\n|t:|1783547965\n|move|p1a: Corviknight|Body Press|p2a: Avalugg\n|-supereffective|p2a: Avalugg\n|-damage|p2a: Avalugg|51/317\n|move|p2a: Avalugg|Recover|p2a: Avalugg\n|-heal|p2a: Avalugg|210/317\n|\n|upkeep\n|turn|13\n|inactive|Time left: 300 sec this turn | 300 sec total\n|\n|t:|1783547966\n|switch|p1a: Ludicolo|Ludicolo, L90, F|90/100\n|move|p2a: Avalugg|Recover|p2a: Avalugg\n|-heal|p2a: Avalugg|317/317\n|\n|upkeep\n|turn|14\n|inactive|Time left: 300 sec this turn | 300 sec total\n|\n|t:|1783547967\n|move|p1a: Ludicolo|Giga Drain|p2a: Avalugg\n|-supereffective|p2a: Avalugg\n|-ability|p2a: Avalugg|Sturdy\n|-damage|p2a: Avalugg|1/317\n|-heal|p1a: Ludicolo|100/100|[from] drain|[of] p2a: Avalugg\n|-damage|p1a: Ludicolo|90/100|[from] item: Life Orb\n|move|p2a: Avalugg|Avalanche|p1a: Ludicolo\n|-damage|p1a: Ludicolo|16/100\n|\n|upkeep\n|turn|15\n|inactive|Time left: 300 sec this turn | 300 sec total\n|\n|t:|1783547967\n|move|p1a: Ludicolo|Giga Drain|p2a: Avalugg\n|-supereffective|p2a: Avalugg\n|-damage|p2a: Avalugg|0 fnt\n|-heal|p1a: Ludicolo|16/100|[from] drain|[of] p2a: Avalugg\n|faint|p2a: Avalugg\n|-damage|p1a: Ludicolo|6/100|[from] item: Life Orb\n|\n|upkeep\n|inactive|Time left: 300 sec this turn | 300 sec total | 5 sec grace\n|\n|t:|1783547968\n|switch|p2a: Iron Leaves|Iron Leaves, L80|275/275\n|-damage|p2a: Iron Leaves|241/275|[from] Stealth Rock\n|turn|16\n|inactive|Time left: 300 sec this turn | 300 sec total\n|\n|t:|1783547969\n|switch|p1a: Corviknight|Corviknight, L80, M|100/100\n|move|p2a: Iron Leaves|Swords Dance|p2a: Iron Leaves\n|-boost|p2a: Iron Leaves|atk|2\n|\n|upkeep\n|turn|17\n|inactive|Time left: 300 sec this turn | 300 sec total\n|\n|t:|1783547970\n|switch|p1a: Ludicolo|Ludicolo, L90, F|6/100\n|-terastallize|p2a: Iron Leaves|Fighting\n|move|p2a: Iron Leaves|Close Combat|p1a: Ludicolo\n|-damage|p1a: Ludicolo|0 fnt\n|-unboost|p2a: Iron Leaves|def|1\n|-unboost|p2a: Iron Leaves|spd|1\n|faint|p1a: Ludicolo\n|-damage|p2a: Iron Leaves|214/275|[from] item: Life Orb\n|\n|upkeep\n|\n|t:|1783547971\n|switch|p1a: Toedscruel|Toedscruel, L87, F|100/100\n|turn|18\n|inactive|Time left: 300 sec this turn | 300 sec total\n|\n|t:|1783547972\n|move|p1a: Toedscruel|Leaf Storm|p2a: Iron Leaves\n|-damage|p2a: Iron Leaves|43/275\n|-unboost|p1a: Toedscruel|spa|2\n|move|p2a: Iron Leaves|Close Combat|p1a: Toedscruel\n|-damage|p1a: Toedscruel|0 fnt\n|-unboost|p2a: Iron Leaves|def|1\n|-unboost|p2a: Iron Leaves|spd|1\n|faint|p1a: Toedscruel\n|-damage|p2a: Iron Leaves|16/275|[from] item: Life Orb\n|\n|upkeep\n|\n|t:|1783547973\n|switch|p1a: Phione|Phione, L91|100/100\n|turn|19\n|inactive|Time left: 300 sec this turn | 300 sec total\n|\n|t:|1783547974\n|move|p2a: Iron Leaves|Close Combat|p1a: Phione\n|-damage|p1a: Phione|0 fnt\n|-unboost|p2a: Iron Leaves|def|1\n|-unboost|p2a: Iron Leaves|spd|1\n|faint|p1a: Phione\n|-damage|p2a: Iron Leaves|0 fnt|[from] item: Life Orb\n|faint|p2a: Iron Leaves\n|-end|p2a: Iron Leaves|Quark Drive|[silent]\n|\n|upkeep\n|inactive|Time left: 300 sec this turn | 300 sec total | 5 sec grace\n|\n|t:|1783547975\n|switch|p2a: Sneasler|Sneasler, L74, F|225/240\n|switch|p1a: Corviknight|Corviknight, L80, M|100/100\n|-damage|p2a: Sneasler|210/240|[from] Stealth Rock\n|turn|20\n|inactive|Time left: 300 sec this turn | 300 sec total\n|\n|t:|1783547976\n|move|p2a: Sneasler|Close Combat|p1a: Corviknight\n|-damage|p1a: Corviknight|45/100\n|-unboost|p2a: Sneasler|def|1\n|-unboost|p2a: Sneasler|spd|1\n|move|p1a: Corviknight|Brave Bird|p2a: Sneasler\n|-supereffective|p2a: Sneasler\n|-crit|p2a: Sneasler\n|-damage|p2a: Sneasler|0 fnt\n|faint|p2a: Sneasler\n|-damage|p1a: Corviknight|21/100|[from] Recoil\n|\n|-heal|p1a: Corviknight|28/100|[from] item: Leftovers\n|upkeep\n|inactive|Time left: 300 sec this turn | 300 sec total | 5 sec grace\n|\n|t:|1783547977\n|switch|p2a: Glaceon|Glaceon, L94, F|275/275\n|turn|21\n|inactive|Time left: 300 sec this turn | 300 sec total\n|\n|t:|1783547978\n|-terastallize|p1a: Corviknight|Dragon\n|move|p2a: Glaceon|Freeze-Dry|p1a: Corviknight\n|-supereffective|p1a: Corviknight\n|-damage|p1a: Corviknight|0 fnt\n|faint|p1a: Corviknight\n|\n|win|p0y7018e3d", "uploadtime": 1783547978, "views": 0, "rating": 0, "private": 0, "password": null, "_winner": "p0y7018e3d", "_our_name": "p0y7018e3d"}