{"id": "battle-gen9randombattle-192", "formatid": "gen9randombattle", "format": "[Gen 9] Random Battle", "players": ["p0x192bd27", "p0y19274ef"], "log": "|init|battle\n|title|p0x192bd27 vs. p0y19274ef\n|j|\u2606p0x192bd27\n|j|\u2606p0y19274ef\n|t:|1783535984\n|gametype|singles\n|player|p1|p0x192bd27|102|\n|player|p2|p0y19274ef|101|\n|gen|9\n|tier|[Gen 9] Random Battle\n|rule|Species Clause: Limit one of each Pok\u00e9mon\n|rule|HP Percentage Mod: HP is shown in percentages\n|rule|Sleep Clause Mod: Limit one foe put to sleep\n|rule|Illusion Level Mod: Illusion disguises the Pok\u00e9mon's true level\n|\n|t:|1783535984\n|teamsize|p1|6\n|teamsize|p2|6\n|start\n|switch|p1a: Golduck|Golduck, L90, M|290/290\n|switch|p2a: Moltres|Moltres-Galar, L79|100/100\n|-ability|p1a: Golduck|Cloud Nine\n|turn|1\n|inactive|Battle timer is ON: inactive players will automatically lose when time's up. (requested by p0y19274ef)\n|inactive|Time left: 300 sec this turn | 300 sec total | 60 sec grace\n|inactive|p0x192bd27 also wants the timer to be on.\n|\n|t:|1783535986\n|move|p1a: Golduck|Nasty Plot|p1a: Golduck\n|-boost|p1a: Golduck|spa|2\n|move|p2a: Moltres|Nasty Plot|p2a: Moltres\n|-boost|p2a: Moltres|spa|2\n|\n|upkeep\n|turn|2\n|inactive|Time left: 300 sec this turn | 300 sec total\n|\n|t:|1783535987\n|switch|p2a: Chansey|Chansey, L85, F|100/100\n|move|p1a: Golduck|Hydro Pump|p2a: Chansey\n|-damage|p2a: Chansey|67/100\n|-damage|p1a: Golduck|261/290|[from] item: Life Orb\n|\n|upkeep\n|turn|3\n|inactive|Time left: 300 sec this turn | 300 sec total\n|\n|t:|1783535988\n|move|p1a: Golduck|Nasty Plot|p1a: Golduck\n|-boost|p1a: Golduck|spa|2\n|move|p2a: Chansey|Soft-Boiled|p2a: Chansey\n|-heal|p2a: Chansey|100/100\n|\n|upkeep\n|turn|4\n|inactive|Time left: 300 sec this turn | 300 sec total\n|\n|t:|1783535989\n|move|p1a: Golduck|Hydro Pump|p2a: Chansey\n|-damage|p2a: Chansey|44/100\n|-damage|p1a: Golduck|232/290|[from] item: Life Orb\n|move|p2a: Chansey|Stealth Rock|p1a: Golduck\n|-sidestart|p1: p0x192bd27|move: Stealth Rock\n|\n|upkeep\n|turn|5\n|inactive|Time left: 300 sec this turn | 300 sec total\n|\n|t:|1783535990\n|move|p1a: Golduck|Hydro Pump|p2a: Chansey\n|-damage|p2a: Chansey|0 fnt\n|faint|p2a: Chansey\n|-damage|p1a: Golduck|203/290|[from] item: Life Orb\n|\n|upkeep\n|\n|t:|1783535990\n|switch|p2a: Ogerpon|Ogerpon-Wellspring, L76, F|100/100\n|turn|6\n|inactive|Time left: 300 sec this turn | 300 sec total\n|\n|t:|1783535991\n|-terastallize|p1a: Golduck|Grass\n|move|p2a: Ogerpon|Wood Hammer|p1a: Golduck\n|-resisted|p1a: Golduck\n|-damage|p1a: Golduck|128/290\n|-damage|p2a: Ogerpon|90/100|[from] Recoil\n|move|p1a: Golduck|Grass Knot|p2a: Ogerpon\n|-damage|p2a: Ogerpon|0 fnt\n|faint|p2a: Ogerpon\n|-damage|p1a: Golduck|99/290|[from] item: Life Orb\n|\n|upkeep\n|\n|t:|1783535992\n|switch|p2a: Sneasler|Sneasler, L74, F|100/100\n|turn|7\n|inactive|Time left: 300 sec this turn | 300 sec total\n|\n|t:|1783535993\n|move|p2a: Sneasler|Dire Claw|p1a: Golduck\n|-supereffective|p1a: Golduck\n|-damage|p1a: Golduck|0 fnt\n|faint|p1a: Golduck\n|\n|upkeep\n|inactive|Time left: 300 sec this turn | 300 sec total | 5 sec grace\n|\n|t:|1783535993\n|switch|p1a: Iron Crown|Iron Crown, L78|268/268\n|-damage|p1a: Iron Crown|252/268|[from] Stealth Rock\n|turn|8\n|inactive|Time left: 300 sec this turn | 300 sec total\n|\n|t:|1783535994\n|switch|p2a: Moltres|Moltres-Galar, L79|100/100\n|move|p1a: Iron Crown|Calm Mind|p1a: Iron Crown\n|-boost|p1a: Iron Crown|spa|1\n|-boost|p1a: Iron Crown|spd|1\n|\n|-heal|p1a: Iron Crown|268/268|[from] item: Leftovers\n|upkeep\n|turn|9\n|inactive|Time left: 300 sec this turn | 300 sec total\n|\n|t:|1783535995\n|move|p1a: Iron Crown|Calm Mind|p1a: Iron Crown\n|-boost|p1a: Iron Crown|spa|1\n|-boost|p1a: Iron Crown|spd|1\n|move|p2a: Moltres|Nasty Plot|p2a: Moltres\n|-boost|p2a: Moltres|spa|2\n|\n|upkeep\n|turn|10\n|inactive|Time left: 300 sec this turn | 300 sec total\n|\n|t:|1783535996\n|move|p1a: Iron Crown|Tachyon Cutter|p2a: Moltres\n|-damage|p2a: Moltres|66/100\n|-damage|p2a: Moltres|35/100\n|-hitcount|p2a: Moltres|2\n|-ability|p2a: Moltres|Berserk|boost\n|-boost|p2a: Moltres|spa|1\n|move|p2a: Moltres|Fiery Wrath|p1a: Iron Crown\n|-supereffective|p1a: Iron Crown\n|-damage|p1a: Iron Crown|62/268\n|\n|-heal|p1a: Iron Crown|78/268|[from] item: Leftovers\n|upkeep\n|turn|11\n|inactive|Time left: 300 sec this turn | 300 sec total\n|\n|t:|1783535997\n|-terastallize|p2a: Moltres|Steel\n|move|p1a: Iron Crown|Tachyon Cutter|p2a: Moltres\n|-resisted|p2a: Moltres\n|-damage|p2a: Moltres|19/100\n|-resisted|p2a: Moltres\n|-damage|p2a: Moltres|2/100\n|-hitcount|p2a: Moltres|2\n|move|p2a: Moltres|Fiery Wrath|p1a: Iron Crown\n|-supereffective|p1a: Iron Crown\n|-damage|p1a: Iron Crown|0 fnt\n|faint|p1a: Iron Crown\n|-end|p1a: Iron Crown|Quark Drive|[silent]\n|\n|upkeep\n|inactive|Time left: 300 sec this turn | 300 sec total | 5 sec grace\n|\n|t:|1783535998\n|switch|p1a: Arcanine|Arcanine-Hisui, L79, M|280/280\n|turn|12\n|inactive|Time left: 300 sec this turn | 300 sec total\n|\n|t:|1783535999\n|move|p1a: Arcanine|Extreme Speed|p2a: Moltres\n|-resisted|p2a: Moltres\n|-damage|p2a: Moltres|0 fnt\n|faint|p2a: Moltres\n|\n|upkeep\n|\n|t:|1783536000\n|switch|p2a: Granbull|Granbull, L88, M|100/100\n|-ability|p2a: Granbull|Intimidate|boost\n|-unboost|p1a: Arcanine|atk|1\n|turn|13\n|inactive|Time left: 300 sec this turn | 300 sec total\n|\n|t:|1783536001\n|switch|p1a: Kommo-o|Kommo-o, L77, F|242/242\n|-damage|p1a: Kommo-o|227/242|[from] Stealth Rock\n|move|p2a: Granbull|Earthquake|p1a: Kommo-o\n|-damage|p1a: Kommo-o|155/242\n|\n|upkeep\n|turn|14\n|inactive|Time left: 300 sec this turn | 300 sec total\n|\n|t:|1783536002\n|move|p1a: Kommo-o|Boomburst|p2a: Granbull\n|-damage|p2a: Granbull|68/100\n|-enditem|p1a: Kommo-o|Throat Spray\n|-boost|p1a: Kommo-o|spa|1|[from] item: Throat Spray\n|move|p2a: Granbull|Play Rough|p1a: Kommo-o\n|-supereffective|p1a: Kommo-o\n|-damage|p1a: Kommo-o|0 fnt\n|faint|p1a: Kommo-o\n|\n|-heal|p2a: Granbull|74/100|[from] item: Leftovers\n|upkeep\n|inactive|Time left: 300 sec this turn | 300 sec total | 5 sec grace\n|\n|t:|1783536003\n|switch|p1a: Zebstrika|Zebstrika, L87, F|272/272\n|-damage|p1a: Zebstrika|238/272|[from] Stealth Rock\n|turn|15\n|inactive|Time left: 300 sec this turn | 300 sec total\n|\n|t:|1783536003\n|move|p1a: Zebstrika|Supercell Slam|p2a: Granbull\n|-damage|p2a: Granbull|23/100\n|-damage|p1a: Zebstrika|211/272|[from] item: Life Orb\n|move|p2a: Granbull|Earthquake|p1a: Zebstrika\n|-supereffective|p1a: Zebstrika\n|-damage|p1a: Zebstrika|0 fnt\n|faint|p1a: Zebstrika\n|\n|-heal|p2a: Granbull|29/100|[from] item: Leftovers\n|upkeep\n|inactive|Time left: 300 sec this turn | 300 sec total | 5 sec grace\n|\n|t:|1783536004\n|switch|p1a: Palkia|Palkia-Origin, L72|249/249\n|-damage|p1a: Palkia|218/249|[from] Stealth Rock\n|-ability|p1a: Palkia|Pressure\n|turn|16\n|inactive|Time left: 300 sec this turn | 300 sec total\n|\n|t:|1783536005\n|move|p1a: Palkia|Fire Blast|p2a: Granbull\n|-damage|p2a: Granbull|0 fnt\n|faint|p2a: Granbull\n|\n|upkeep\n|\n|t:|1783536006\n|switch|p2a: Sneasler|Sneasler, L74, F|100/100\n|turn|17\n|inactive|Time left: 300 sec this turn | 300 sec total\n|\n|t:|1783536007\n|move|p2a: Sneasler|Dire Claw|p1a: Palkia\n|-damage|p1a: Palkia|131/249\n|-status|p1a: Palkia|par\n|move|p1a: Palkia|Hydro Pump|p2a: Sneasler|[miss]\n|-miss|p1a: Palkia|p2a: Sneasler\n|\n|upkeep\n|turn|18\n|inactive|Time left: 300 sec this turn | 300 sec total\n|\n|t:|1783536008\n|move|p2a: Sneasler|Close Combat|p1a: Palkia\n|-damage|p1a: Palkia|1/249 par\n|-unboost|p2a: Sneasler|def|1\n|-unboost|p2a: Sneasler|spd|1\n|-enditem|p2a: Sneasler|White Herb\n|-clearnegativeboost|p2a: Sneasler|[silent]\n|cant|p1a: Palkia|par\n|\n|upkeep\n|turn|19\n|inactive|Time left: 300 sec this turn | 300 sec total\n|\n|t:|1783536009\n|move|p2a: Sneasler|Close Combat|p1a: Palkia\n|-damage|p1a: Palkia|0 fnt\n|-unboost|p2a: Sneasler|def|1\n|-unboost|p2a: Sneasler|spd|1\n|faint|p1a: Palkia\n|\n|upkeep\n|inactive|Time left: 300 sec this turn | 300 sec total | 5 sec grace\n|\n|t:|1783536010\n|switch|p1a: Arcanine|Arcanine-Hisui, L79, M|280/280\n|turn|20\n|inactive|Time left: 300 sec this turn | 300 sec total\n|\n|t:|1783536010\n|move|p1a: Arcanine|Extreme Speed|p2a: Sneasler\n|-damage|p2a: Sneasler|43/100\n|move|p2a: Sneasler|Close Combat|p1a: Arcanine\n|-supereffective|p1a: Arcanine\n|-damage|p1a: Arcanine|0 fnt\n|-unboost|p2a: Sneasler|def|1\n|-unboost|p2a: Sneasler|spd|1\n|faint|p1a: Arcanine\n|\n|win|p0y19274ef", "uploadtime": 1783536010, "views": 0, "rating": 0, "private": 0, "password": null, "_winner": "p0y19274ef", "_our_name": "p0x192bd27"}