{"id": "battle-gen9randombattle-1120", "formatid": "gen9randombattle", "format": "[Gen 9] Random Battle", "players": ["p0x112076c8", "p0y11205159"], "log": "|init|battle\n|title|p0x112076c8 vs. p0y11205159\n|j|\u2606p0x112076c8\n|j|\u2606p0y11205159\n|t:|1783552938\n|gametype|singles\n|player|p1|p0x112076c8|170|\n|player|p2|p0y11205159|101|\n|gen|9\n|tier|[Gen 9] Random Battle\n|rule|Species Clause: Limit one of each Pok\u00e9mon\n|rule|HP Percentage Mod: HP is shown in percentages\n|rule|Sleep Clause Mod: Limit one foe put to sleep\n|rule|Illusion Level Mod: Illusion disguises the Pok\u00e9mon's true level\n|\n|t:|1783552938\n|teamsize|p1|6\n|teamsize|p2|6\n|start\n|switch|p1a: Chandelure|Chandelure, L83, F|100/100\n|switch|p2a: Porygon-Z|Porygon-Z, L83|277/277\n|turn|1\n|inactive|Battle timer is ON: inactive players will automatically lose when time's up. (requested by p0y11205159)\n|inactive|p0x112076c8 also wants the timer to be on.\n|\n|t:|1783552940\n|move|p2a: Porygon-Z|Shadow Ball|p1a: Chandelure\n|-supereffective|p1a: Chandelure\n|-damage|p1a: Chandelure|38/100\n|move|p1a: Chandelure|Fire Blast|p2a: Porygon-Z\n|-damage|p2a: Porygon-Z|102/277\n|\n|upkeep\n|turn|2\n|inactive|Time left: 300 sec this turn | 300 sec total\n|\n|t:|1783552941\n|switch|p1a: Wyrdeer|Wyrdeer, L87, M|100/100\n|-ability|p1a: Wyrdeer|Intimidate|boost\n|-unboost|p2a: Porygon-Z|atk|1\n|move|p2a: Porygon-Z|Shadow Ball|p1a: Wyrdeer\n|-immune|p1a: Wyrdeer\n|\n|upkeep\n|turn|3\n|inactive|Time left: 300 sec this turn | 300 sec total\n|\n|t:|1783552943\n|switch|p2a: Poliwrath|Poliwrath, L88, M|302/302\n|move|p1a: Wyrdeer|Psychic Noise|p2a: Poliwrath\n|-supereffective|p2a: Poliwrath\n|-damage|p2a: Poliwrath|188/302\n|-start|p2a: Poliwrath|move: Heal Block\n|\n|upkeep\n|turn|4\n|inactive|Time left: 300 sec this turn | 300 sec total\n|\n|t:|1783552944\n|move|p2a: Poliwrath|Knock Off|p1a: Wyrdeer\n|-supereffective|p1a: Wyrdeer\n|-damage|p1a: Wyrdeer|48/100\n|-enditem|p1a: Wyrdeer|Leftovers|[from] move: Knock Off|[of] p2a: Poliwrath\n|move|p1a: Wyrdeer|Psychic Noise|p2a: Poliwrath\n|-supereffective|p2a: Poliwrath\n|-damage|p2a: Poliwrath|74/302\n|\n|-end|p2a: Poliwrath|move: Heal Block\n|upkeep\n|turn|5\n|inactive|Time left: 300 sec this turn | 300 sec total\n|\n|t:|1783552945\n|switch|p1a: Leafeon|Leafeon, L88, F|100/100\n|move|p2a: Poliwrath|Close Combat|p1a: Leafeon\n|-damage|p1a: Leafeon|64/100\n|-unboost|p2a: Poliwrath|def|1\n|-unboost|p2a: Poliwrath|spd|1\n|\n|-heal|p1a: Leafeon|70/100|[from] item: Leftovers\n|upkeep\n|turn|6\n|inactive|Time left: 300 sec this turn | 300 sec total\n|\n|t:|1783552946\n|switch|p2a: Goodra|Goodra-Hisui, L82, M|265/265\n|move|p1a: Leafeon|Leaf Blade|p2a: Goodra\n|-ability|p2a: Goodra|Sap Sipper|boost\n|-boost|p2a: Goodra|atk|1\n|\n|-heal|p1a: Leafeon|76/100|[from] item: Leftovers\n|upkeep\n|turn|7\n|inactive|Time left: 300 sec this turn | 300 sec total\n|\n|t:|1783552948\n|move|p1a: Leafeon|Knock Off|p2a: Goodra\n|-damage|p2a: Goodra|184/265\n|-enditem|p2a: Goodra|Assault Vest|[from] move: Knock Off|[of] p1a: Leafeon\n|move|p2a: Goodra|Heavy Slam|p1a: Leafeon\n|-damage|p1a: Leafeon|27/100\n|\n|-heal|p1a: Leafeon|33/100|[from] item: Leftovers\n|upkeep\n|turn|8\n|inactive|Time left: 300 sec this turn | 300 sec total\n|\n|t:|1783552949\n|switch|p1a: Wyrdeer|Wyrdeer, L87, M|48/100\n|-ability|p1a: Wyrdeer|Intimidate|boost\n|-unboost|p2a: Goodra|atk|1\n|move|p2a: Goodra|Heavy Slam|p1a: Wyrdeer\n|-damage|p1a: Wyrdeer|19/100\n|\n|upkeep\n|turn|9\n|inactive|Time left: 300 sec this turn | 300 sec total\n|\n|t:|1783552950\n|move|p1a: Wyrdeer|Earthquake|p2a: Goodra\n|-supereffective|p2a: Goodra\n|-damage|p2a: Goodra|48/265\n|move|p2a: Goodra|Earthquake|p1a: Wyrdeer\n|-damage|p1a: Wyrdeer|0 fnt\n|faint|p1a: Wyrdeer\n|\n|upkeep\n|\n|t:|1783552951\n|switch|p1a: Salamence|Salamence, L77, F|100/100\n|turn|10\n|inactive|Time left: 300 sec this turn | 300 sec total\n|\n|t:|1783552952\n|switch|p2a: Revavroom|Revavroom, L79, F, shiny|256/256\n|move|p1a: Salamence|Outrage|p2a: Revavroom\n|-resisted|p2a: Revavroom\n|-damage|p2a: Revavroom|178/256\n|\n|upkeep\n|turn|11\n|inactive|Time left: 300 sec this turn | 300 sec total\n|\n|t:|1783552953\n|move|p1a: Salamence|Outrage|p2a: Revavroom|[from] lockedmove\n|-resisted|p2a: Revavroom\n|-damage|p2a: Revavroom|108/256\n|-start|p1a: Salamence|confusion|[fatigue]\n|move|p2a: Revavroom|Shift Gear|p2a: Revavroom\n|-boost|p2a: Revavroom|spe|2\n|-boost|p2a: Revavroom|atk|1\n|\n|upkeep\n|turn|12\n|inactive|Time left: 300 sec this turn | 300 sec total\n|\n|t:|1783552954\n|-terastallize|p1a: Salamence|Steel\n|move|p2a: Revavroom|Gunk Shot|p1a: Salamence\n|-immune|p1a: Salamence\n|-activate|p1a: Salamence|confusion\n|move|p1a: Salamence|Outrage|p2a: Revavroom\n|-resisted|p2a: Revavroom\n|-damage|p2a: Revavroom|34/256\n|\n|upkeep\n|turn|13\n|inactive|Time left: 300 sec this turn | 300 sec total\n|\n|t:|1783552955\n|move|p2a: Revavroom|High Horsepower|p1a: Salamence\n|-supereffective|p1a: Salamence\n|-damage|p1a: Salamence|0 fnt\n|faint|p1a: Salamence\n|-damage|p2a: Revavroom|9/256|[from] item: Life Orb\n|\n|upkeep\n|\n|t:|1783552956\n|switch|p1a: Leafeon|Leafeon, L88, F|33/100\n|turn|14\n|inactive|Time left: 300 sec this turn | 300 sec total\n|\n|t:|1783552957\n|move|p2a: Revavroom|Gunk Shot|p1a: Leafeon\n|-supereffective|p1a: Leafeon\n|-damage|p1a: Leafeon|0 fnt\n|faint|p1a: Leafeon\n|-damage|p2a: Revavroom|0 fnt|[from] item: Life Orb\n|faint|p2a: Revavroom\n|\n|upkeep\n|inactive|Time left: 300 sec this turn | 300 sec total | 5 sec grace\n|\n|t:|1783552958\n|switch|p1a: Ribombee|Ribombee, L83, M|100/100\n|switch|p2a: Emboar|Emboar, L84, M|322/322\n|turn|15\n|inactive|Time left: 300 sec this turn | 300 sec total\n|\n|t:|1783552959\n|move|p1a: Ribombee|Sticky Web|p2a: Emboar\n|-sidestart|p2: p0y11205159|move: Sticky Web\n|move|p2a: Emboar|Flare Blitz|p1a: Ribombee\n|-supereffective|p1a: Ribombee\n|-damage|p1a: Ribombee|0 fnt\n|faint|p1a: Ribombee\n|-damage|p2a: Emboar|244/322|[from] Recoil\n|\n|upkeep\n|\n|t:|1783552960\n|switch|p1a: Floatzel|Floatzel, L86, F|100/100\n|turn|16\n|inactive|Time left: 300 sec this turn | 300 sec total\n|\n|t:|1783552961\n|switch|p2a: Poliwrath|Poliwrath, L88, M|74/302\n|-activate|p2a: Poliwrath|move: Sticky Web\n|-unboost|p2a: Poliwrath|spe|1\n|move|p1a: Floatzel|Bulk Up|p1a: Floatzel\n|-boost|p1a: Floatzel|atk|1\n|-boost|p1a: Floatzel|def|1\n|\n|upkeep\n|turn|17\n|inactive|Time left: 300 sec this turn | 300 sec total\n|\n|t:|1783552962\n|move|p1a: Floatzel|Ice Spinner|p2a: Poliwrath\n|-resisted|p2a: Poliwrath\n|-damage|p2a: Poliwrath|34/302\n|move|p2a: Poliwrath|Circle Throw|p1a: Floatzel\n|-damage|p1a: Floatzel|77/100\n|drag|p1a: Chandelure|Chandelure, L83, F|38/100\n|\n|upkeep\n|turn|18\n|inactive|Time left: 300 sec this turn | 300 sec total\n|\n|t:|1783552963\n|move|p1a: Chandelure|Fire Blast|p2a: Poliwrath\n|-resisted|p2a: Poliwrath\n|-crit|p2a: Poliwrath\n|-damage|p2a: Poliwrath|0 fnt\n|faint|p2a: Poliwrath\n|\n|upkeep\n|inactive|Time left: 300 sec this turn | 300 sec total | 5 sec grace\n|\n|t:|1783552964\n|switch|p2a: Emboar|Emboar, L84, M|244/322\n|-activate|p2a: Emboar|move: Sticky Web\n|-unboost|p2a: Emboar|spe|1\n|turn|19\n|inactive|Time left: 300 sec this turn | 300 sec total\n|\n|t:|1783552965\n|move|p1a: Chandelure|Fire Blast|p2a: Emboar\n|-resisted|p2a: Emboar\n|-damage|p2a: Emboar|147/322\n|move|p2a: Emboar|Knock Off|p1a: Chandelure\n|-supereffective|p1a: Chandelure\n|-damage|p1a: Chandelure|0 fnt\n|-enditem|p1a: Chandelure|Choice Scarf|[from] move: Knock Off|[of] p2a: Emboar\n|faint|p1a: Chandelure\n|\n|upkeep\n|\n|t:|1783552967\n|switch|p1a: Floatzel|Floatzel, L86, F|77/100\n|turn|20\n|inactive|Time left: 300 sec this turn | 300 sec total\n|\n|t:|1783552968\n|move|p1a: Floatzel|Wave Crash|p2a: Emboar\n|-supereffective|p2a: Emboar\n|-damage|p2a: Emboar|0 fnt\n|faint|p2a: Emboar\n|-damage|p1a: Floatzel|60/100|[from] Recoil\n|\n|-heal|p1a: Floatzel|66/100|[from] item: Leftovers\n|upkeep\n|inactive|Time left: 300 sec this turn | 300 sec total | 5 sec grace\n|\n|t:|1783552969\n|switch|p2a: Ditto|Ditto, L87|225/225\n|-activate|p2a: Ditto|move: Sticky Web\n|-unboost|p2a: Ditto|spe|1\n|-transform|p2a: Ditto|p1a: Floatzel|[from] ability: Imposter\n|turn|21\n|inactive|Time left: 300 sec this turn | 300 sec total\n|\n|t:|1783552970\n|switch|p2a: Goodra|Goodra-Hisui, L82, M|48/265\n|-activate|p2a: Goodra|move: Sticky Web\n|-unboost|p2a: Goodra|spe|1\n|move|p1a: Floatzel|Bulk Up|p1a: Floatzel\n|-boost|p1a: Floatzel|atk|1\n|-boost|p1a: Floatzel|def|1\n|\n|-heal|p1a: Floatzel|72/100|[from] item: Leftovers\n|upkeep\n|turn|22\n|inactive|Time left: 300 sec this turn | 300 sec total\n|\n|t:|1783552971\n|switch|p2a: Ditto|Ditto, L87|225/225\n|-activate|p2a: Ditto|move: Sticky Web\n|-unboost|p2a: Ditto|spe|1\n|-transform|p2a: Ditto|p1a: Floatzel|[from] ability: Imposter\n|move|p1a: Floatzel|Ice Spinner|p2a: Ditto\n|-resisted|p2a: Ditto\n|-damage|p2a: Ditto|184/225\n|\n|-heal|p1a: Floatzel|78/100|[from] item: Leftovers\n|upkeep\n|turn|23\n|inactive|Time left: 300 sec this turn | 300 sec total\n|\n|t:|1783552972\n|move|p2a: Ditto|Wave Crash|p1a: Floatzel\n|-resisted|p1a: Floatzel\n|-damage|p1a: Floatzel|46/100\n|-damage|p2a: Ditto|154/225|[from] Recoil\n|move|p1a: Floatzel|Bulk Up|p1a: Floatzel\n|-boost|p1a: Floatzel|atk|1\n|-boost|p1a: Floatzel|def|1\n|\n|-heal|p1a: Floatzel|52/100|[from] item: Leftovers\n|upkeep\n|turn|24\n|inactive|Time left: 300 sec this turn | 300 sec total\n|\n|t:|1783552973\n|move|p2a: Ditto|Wave Crash|p1a: Floatzel\n|-resisted|p1a: Floatzel\n|-damage|p1a: Floatzel|26/100\n|-damage|p2a: Ditto|130/225|[from] Recoil\n|move|p1a: Floatzel|Ice Spinner|p2a: Ditto\n|-resisted|p2a: Ditto\n|-damage|p2a: Ditto|77/225\n|\n|-heal|p1a: Floatzel|32/100|[from] item: Leftovers\n|upkeep\n|turn|25\n|inactive|Time left: 300 sec this turn | 300 sec total\n|\n|t:|1783552974\n|move|p2a: Ditto|Wave Crash|p1a: Floatzel\n|-resisted|p1a: Floatzel\n|-damage|p1a: Floatzel|6/100\n|-damage|p2a: Ditto|53/225|[from] Recoil\n|move|p1a: Floatzel|Ice Spinner|p2a: Ditto\n|-resisted|p2a: Ditto\n|-damage|p2a: Ditto|0 fnt\n|faint|p2a: Ditto\n|\n|-heal|p1a: Floatzel|12/100|[from] item: Leftovers\n|upkeep\n|inactive|Time left: 300 sec this turn | 300 sec total | 5 sec grace\n|\n|t:|1783552975\n|switch|p2a: Goodra|Goodra-Hisui, L82, M|48/265\n|-activate|p2a: Goodra|move: Sticky Web\n|-unboost|p2a: Goodra|spe|1\n|turn|26\n|inactive|Time left: 300 sec this turn | 300 sec total\n|\n|t:|1783552976\n|-terastallize|p2a: Goodra|Water\n|move|p1a: Floatzel|Wave Crash|p2a: Goodra\n|-resisted|p2a: Goodra\n|-damage|p2a: Goodra|0 fnt\n|faint|p2a: Goodra\n|-damage|p1a: Floatzel|7/100|[from] Recoil\n|\n|-heal|p1a: Floatzel|13/100|[from] item: Leftovers\n|upkeep\n|inactive|Time left: 300 sec this turn | 300 sec total | 5 sec grace\n|\n|t:|1783552977\n|switch|p2a: Porygon-Z|Porygon-Z, L83|102/277\n|-activate|p2a: Porygon-Z|move: Sticky Web\n|-unboost|p2a: Porygon-Z|spe|1\n|turn|27\n|inactive|Time left: 300 sec this turn | 300 sec total\n|\n|t:|1783552978\n|move|p1a: Floatzel|Ice Spinner|p2a: Porygon-Z\n|-damage|p2a: Porygon-Z|0 fnt\n|faint|p2a: Porygon-Z\n|\n|win|p0x112076c8", "uploadtime": 1783552978, "views": 0, "rating": 0, "private": 0, "password": null, "_winner": "p0x112076c8", "_our_name": "p0y11205159"}