{"id": "battle-gen9randombattle-1526", "formatid": "gen9randombattle", "format": "[Gen 9] Random Battle", "players": ["p0x1526fffa", "p0y1526d86f"], "log": "|init|battle\n|title|p0x1526fffa vs. p0y1526d86f\n|j|\u2606p0x1526fffa\n|j|\u2606p0y1526d86f\n|t:|1783556825\n|gametype|singles\n|player|p1|p0x1526fffa|102|\n|player|p2|p0y1526d86f|102|\n|gen|9\n|tier|[Gen 9] Random Battle\n|rule|Species Clause: Limit one of each Pok\u00e9mon\n|rule|HP Percentage Mod: HP is shown in percentages\n|rule|Sleep Clause Mod: Limit one foe put to sleep\n|rule|Illusion Level Mod: Illusion disguises the Pok\u00e9mon's true level\n|\n|t:|1783556825\n|teamsize|p1|6\n|teamsize|p2|6\n|start\n|switch|p1a: Revavroom|Revavroom, L79, F|256/256\n|switch|p2a: Palkia|Palkia, L75|100/100\n|-ability|p2a: Palkia|Pressure\n|turn|1\n|inactive|Battle timer is ON: inactive players will automatically lose when time's up. (requested by p0x1526fffa)\n|inactive|p0y1526d86f also wants the timer to be on.\n|\n|t:|1783556826\n|move|p2a: Palkia|Hydro Pump|p1a: Revavroom\n|-damage|p1a: Revavroom|40/256\n|move|p1a: Revavroom|Shift Gear|p1a: Revavroom\n|-boost|p1a: Revavroom|spe|2\n|-boost|p1a: Revavroom|atk|1\n|\n|upkeep\n|turn|2\n|inactive|Time left: 300 sec this turn | 300 sec total\n|\n|t:|1783556828\n|switch|p2a: Avalugg|Avalugg, L88, M|100/100\n|move|p1a: Revavroom|Gunk Shot|p2a: Avalugg|[miss]\n|-miss|p1a: Revavroom|p2a: Avalugg\n|\n|upkeep\n|turn|3\n|inactive|Time left: 300 sec this turn | 300 sec total\n|\n|t:|1783556828\n|switch|p1a: Slowbro|Slowbro, L85, F|300/300\n|move|p2a: Avalugg|Body Press|p1a: Slowbro\n|-resisted|p1a: Slowbro\n|-damage|p1a: Slowbro|258/300\n|\n|-heal|p1a: Slowbro|276/300|[from] item: Leftovers\n|upkeep\n|turn|4\n|inactive|Time left: 300 sec this turn | 300 sec total\n|\n|t:|1783556830\n|move|p2a: Avalugg|Rapid Spin|p1a: Slowbro\n|-damage|p1a: Slowbro|241/300\n|-boost|p2a: Avalugg|spe|1\n|move|p1a: Slowbro|Scald|p2a: Avalugg\n|-damage|p2a: Avalugg|58/100\n|\n|-heal|p1a: Slowbro|259/300|[from] item: Leftovers\n|upkeep\n|turn|5\n|inactive|Time left: 300 sec this turn | 300 sec total\n|\n|t:|1783556831\n|move|p2a: Avalugg|Recover|p2a: Avalugg\n|-heal|p2a: Avalugg|100/100\n|move|p1a: Slowbro|Scald|p2a: Avalugg\n|-damage|p2a: Avalugg|55/100\n|\n|-heal|p1a: Slowbro|277/300|[from] item: Leftovers\n|upkeep\n|turn|6\n|inactive|Time left: 300 sec this turn | 300 sec total\n|\n|t:|1783556833\n|move|p2a: Avalugg|Recover|p2a: Avalugg\n|-heal|p2a: Avalugg|100/100\n|move|p1a: Slowbro|Scald|p2a: Avalugg\n|-damage|p2a: Avalugg|53/100\n|-status|p2a: Avalugg|brn\n|\n|-heal|p1a: Slowbro|295/300|[from] item: Leftovers\n|-damage|p2a: Avalugg|47/100 brn|[from] brn\n|upkeep\n|turn|7\n|inactive|Time left: 300 sec this turn | 300 sec total\n|\n|t:|1783556834\n|move|p2a: Avalugg|Recover|p2a: Avalugg\n|-heal|p2a: Avalugg|97/100 brn\n|move|p1a: Slowbro|Scald|p2a: Avalugg\n|-damage|p2a: Avalugg|55/100 brn\n|\n|-heal|p1a: Slowbro|300/300|[from] item: Leftovers\n|-damage|p2a: Avalugg|49/100 brn|[from] brn\n|upkeep\n|turn|8\n|inactive|Time left: 300 sec this turn | 300 sec total\n|\n|t:|1783556835\n|move|p2a: Avalugg|Recover|p2a: Avalugg\n|-heal|p2a: Avalugg|99/100 brn\n|move|p1a: Slowbro|Scald|p2a: Avalugg\n|-damage|p2a: Avalugg|57/100 brn\n|\n|-damage|p2a: Avalugg|50/100 brn|[from] brn\n|upkeep\n|turn|9\n|inactive|Time left: 300 sec this turn | 300 sec total\n|\n|t:|1783556836\n|move|p2a: Avalugg|Recover|p2a: Avalugg\n|-heal|p2a: Avalugg|100/100 brn\n|move|p1a: Slowbro|Scald|p2a: Avalugg\n|-damage|p2a: Avalugg|59/100 brn\n|\n|-damage|p2a: Avalugg|53/100 brn|[from] brn\n|upkeep\n|turn|10\n|inactive|Time left: 300 sec this turn | 300 sec total\n|\n|t:|1783556837\n|move|p2a: Avalugg|Recover|p2a: Avalugg\n|-heal|p2a: Avalugg|100/100 brn\n|move|p1a: Slowbro|Iron Defense|p1a: Slowbro\n|-boost|p1a: Slowbro|def|2\n|\n|-damage|p2a: Avalugg|94/100 brn|[from] brn\n|upkeep\n|turn|11\n|inactive|Time left: 300 sec this turn | 300 sec total\n|\n|t:|1783556838\n|switch|p2a: Leavanny|Leavanny, L86, M|100/100\n|move|p1a: Slowbro|Scald|p2a: Leavanny\n|-resisted|p2a: Leavanny\n|-damage|p2a: Leavanny|83/100\n|-status|p2a: Leavanny|brn\n|\n|-damage|p2a: Leavanny|77/100 brn|[from] brn\n|upkeep\n|turn|12\n|inactive|Time left: 300 sec this turn | 300 sec total\n|\n|t:|1783556839\n|move|p2a: Leavanny|Sticky Web|p1a: Slowbro\n|-sidestart|p1: p0x1526fffa|move: Sticky Web\n|move|p1a: Slowbro|Body Press|p2a: Leavanny\n|-resisted|p2a: Leavanny\n|-damage|p2a: Leavanny|50/100 brn\n|\n|-damage|p2a: Leavanny|44/100 brn|[from] brn\n|upkeep\n|turn|13\n|inactive|Time left: 300 sec this turn | 300 sec total\n|\n|t:|1783556840\n|move|p2a: Leavanny|Lunge|p1a: Slowbro\n|-supereffective|p1a: Slowbro\n|-damage|p1a: Slowbro|258/300\n|-unboost|p1a: Slowbro|atk|1\n|move|p1a: Slowbro|Iron Defense|p1a: Slowbro\n|-boost|p1a: Slowbro|def|2\n|\n|-heal|p1a: Slowbro|276/300|[from] item: Leftovers\n|-damage|p2a: Leavanny|38/100 brn|[from] brn\n|upkeep\n|turn|14\n|inactive|Time left: 300 sec this turn | 300 sec total\n|\n|t:|1783556841\n|switch|p2a: Clefable|Clefable, L83, F|100/100\n|move|p1a: Slowbro|Body Press|p2a: Clefable\n|-resisted|p2a: Clefable\n|-damage|p2a: Clefable|87/100\n|\n|-heal|p2a: Clefable|93/100|[from] item: Leftovers\n|-heal|p1a: Slowbro|294/300|[from] item: Leftovers\n|upkeep\n|turn|15\n|inactive|Time left: 300 sec this turn | 300 sec total\n|\n|t:|1783556842\n|move|p2a: Clefable|Moonblast|p1a: Slowbro\n|-damage|p1a: Slowbro|192/300\n|move|p1a: Slowbro|Scald|p2a: Clefable\n|-crit|p2a: Clefable\n|-damage|p2a: Clefable|43/100\n|-status|p2a: Clefable|brn\n|\n|-heal|p2a: Clefable|49/100 brn|[from] item: Leftovers\n|-heal|p1a: Slowbro|210/300|[from] item: Leftovers\n|-damage|p2a: Clefable|43/100 brn|[from] brn\n|upkeep\n|turn|16\n|inactive|Time left: 300 sec this turn | 300 sec total\n|\n|t:|1783556843\n|move|p2a: Clefable|Moonlight|p2a: Clefable\n|-heal|p2a: Clefable|93/100 brn\n|move|p1a: Slowbro|Scald|p2a: Clefable\n|-damage|p2a: Clefable|62/100 brn\n|\n|-heal|p2a: Clefable|68/100 brn|[from] item: Leftovers\n|-heal|p1a: Slowbro|228/300|[from] item: Leftovers\n|-damage|p2a: Clefable|62/100 brn|[from] brn\n|upkeep\n|turn|17\n|inactive|Time left: 300 sec this turn | 300 sec total\n|\n|t:|1783556844\n|move|p2a: Clefable|Moonlight|p2a: Clefable\n|-heal|p2a: Clefable|100/100 brn\n|move|p1a: Slowbro|Scald|p2a: Clefable\n|-damage|p2a: Clefable|69/100 brn\n|\n|-heal|p2a: Clefable|75/100 brn|[from] item: Leftovers\n|-heal|p1a: Slowbro|246/300|[from] item: Leftovers\n|-damage|p2a: Clefable|69/100 brn|[from] brn\n|upkeep\n|turn|18\n|inactive|Time left: 300 sec this turn | 300 sec total\n|\n|t:|1783556846\n|move|p2a: Clefable|Moonlight|p2a: Clefable\n|-heal|p2a: Clefable|100/100 brn\n|move|p1a: Slowbro|Scald|p2a: Clefable\n|-damage|p2a: Clefable|67/100 brn\n|\n|-heal|p2a: Clefable|73/100 brn|[from] item: Leftovers\n|-heal|p1a: Slowbro|264/300|[from] item: Leftovers\n|-damage|p2a: Clefable|67/100 brn|[from] brn\n|upkeep\n|turn|19\n|inactive|Time left: 300 sec this turn | 300 sec total\n|\n|t:|1783556847\n|move|p2a: Clefable|Thunder Wave|p1a: Slowbro\n|-status|p1a: Slowbro|par\n|move|p1a: Slowbro|Scald|p2a: Clefable\n|-damage|p2a: Clefable|37/100 brn\n|\n|-heal|p2a: Clefable|43/100 brn|[from] item: Leftovers\n|-heal|p1a: Slowbro|282/300 par|[from] item: Leftovers\n|-damage|p2a: Clefable|37/100 brn|[from] brn\n|upkeep\n|turn|20\n|inactive|Time left: 300 sec this turn | 300 sec total\n|\n|t:|1783556848\n|move|p2a: Clefable|Moonlight|p2a: Clefable\n|-heal|p2a: Clefable|87/100 brn\n|move|p1a: Slowbro|Scald|p2a: Clefable\n|-damage|p2a: Clefable|55/100 brn\n|\n|-heal|p2a: Clefable|61/100 brn|[from] item: Leftovers\n|-heal|p1a: Slowbro|300/300 par|[from] item: Leftovers\n|-damage|p2a: Clefable|55/100 brn|[from] brn\n|upkeep\n|turn|21\n|inactive|Time left: 300 sec this turn | 300 sec total\n|\n|t:|1783556850\n|move|p2a: Clefable|Moonlight|p2a: Clefable\n|-heal|p2a: Clefable|100/100 brn\n|cant|p1a: Slowbro|par\n|\n|-damage|p2a: Clefable|94/100 brn|[from] brn\n|upkeep\n|turn|22\n|inactive|Time left: 300 sec this turn | 300 sec total\n|\n|t:|1783556851\n|move|p2a: Clefable|Moonblast|p1a: Slowbro\n|-damage|p1a: Slowbro|201/300 par\n|move|p1a: Slowbro|Scald|p2a: Clefable\n|-damage|p2a: Clefable|63/100 brn\n|\n|-heal|p2a: Clefable|69/100 brn|[from] item: Leftovers\n|-heal|p1a: Slowbro|219/300 par|[from] item: Leftovers\n|-damage|p2a: Clefable|63/100 brn|[from] brn\n|upkeep\n|turn|23\n|inactive|Time left: 300 sec this turn | 300 sec total\n|\n|t:|1783556853\n|move|p2a: Clefable|Moonlight|p2a: Clefable\n|-heal|p2a: Clefable|100/100 brn\n|cant|p1a: Slowbro|par\n|\n|-heal|p1a: Slowbro|237/300 par|[from] item: Leftovers\n|-damage|p2a: Clefable|94/100 brn|[from] brn\n|upkeep\n|turn|24\n|inactive|Time left: 300 sec this turn | 300 sec total\n|\n|t:|1783556854\n|move|p2a: Clefable|Moonblast|p1a: Slowbro\n|-damage|p1a: Slowbro|129/300 par\n|cant|p1a: Slowbro|par\n|\n|-heal|p2a: Clefable|100/100 brn|[from] item: Leftovers\n|-heal|p1a: Slowbro|147/300 par|[from] item: Leftovers\n|-damage|p2a: Clefable|94/100 brn|[from] brn\n|upkeep\n|turn|25\n|inactive|Time left: 300 sec this turn | 300 sec total\n|\n|t:|1783556855\n|move|p2a: Clefable|Moonblast|p1a: Slowbro\n|-damage|p1a: Slowbro|42/300 par\n|move|p1a: Slowbro|Slack Off|p1a: Slowbro\n|-heal|p1a: Slowbro|192/300 par\n|\n|-heal|p2a: Clefable|100/100 brn|[from] item: Leftovers\n|-heal|p1a: Slowbro|210/300 par|[from] item: Leftovers\n|-damage|p2a: Clefable|94/100 brn|[from] brn\n|upkeep\n|turn|26\n|inactive|Time left: 300 sec this turn | 300 sec total\n|\n|t:|1783556856\n|move|p2a: Clefable|Moonblast|p1a: Slowbro\n|-damage|p1a: Slowbro|102/300 par\n|move|p1a: Slowbro|Scald|p2a: Clefable\n|-damage|p2a: Clefable|65/100 brn\n|\n|-heal|p2a: Clefable|71/100 brn|[from] item: Leftovers\n|-heal|p1a: Slowbro|120/300 par|[from] item: Leftovers\n|-damage|p2a: Clefable|65/100 brn|[from] brn\n|upkeep\n|turn|27\n|inactive|Time left: 300 sec this turn | 300 sec total\n|\n|t:|1783556858\n|move|p2a: Clefable|Moonblast|p1a: Slowbro\n|-damage|p1a: Slowbro|23/300 par\n|move|p1a: Slowbro|Slack Off|p1a: Slowbro\n|-heal|p1a: Slowbro|173/300 par\n|\n|-heal|p2a: Clefable|71/100 brn|[from] item: Leftovers\n|-heal|p1a: Slowbro|191/300 par|[from] item: Leftovers\n|-damage|p2a: Clefable|65/100 brn|[from] brn\n|upkeep\n|turn|28\n|inactive|Time left: 300 sec this turn | 300 sec total\n|\n|t:|1783556859\n|move|p2a: Clefable|Moonlight|p2a: Clefable\n|-heal|p2a: Clefable|100/100 brn\n|move|p1a: Slowbro|Slack Off|p1a: Slowbro\n|-heal|p1a: Slowbro|300/300 par\n|\n|-damage|p2a: Clefable|94/100 brn|[from] brn\n|upkeep\n|turn|29\n|inactive|Time left: 300 sec this turn | 300 sec total\n|\n|t:|1783556860\n|move|p2a: Clefable|Moonblast|p1a: Slowbro\n|-damage|p1a: Slowbro|191/300 par\n|-unboost|p1a: Slowbro|spa|1\n|move|p1a: Slowbro|Scald|p2a: Clefable\n|-damage|p2a: Clefable|63/100 brn\n|\n|-heal|p2a: Clefable|69/100 brn|[from] item: Leftovers\n|-heal|p1a: Slowbro|209/300 par|[from] item: Leftovers\n|-damage|p2a: Clefable|63/100 brn|[from] brn\n|upkeep\n|turn|30\n|inactive|Time left: 300 sec this turn | 300 sec total\n|\n|t:|1783556862\n|switch|p1a: Revavroom|Revavroom, L79, F|40/256\n|-activate|p1a: Revavroom|move: Sticky Web\n|-unboost|p1a: Revavroom|spe|1\n|move|p2a: Clefable|Moonlight|p2a: Clefable\n|-heal|p2a: Clefable|100/100 brn\n|\n|-damage|p2a: Clefable|94/100 brn|[from] brn\n|upkeep\n|turn|31\n|inactive|Time left: 300 sec this turn | 300 sec total\n|\n|t:|1783556863\n|move|p2a: Clefable|Fire Blast|p1a: Revavroom\n|-supereffective|p1a: Revavroom\n|-damage|p1a: Revavroom|0 fnt\n|faint|p1a: Revavroom\n|\n|-heal|p2a: Clefable|100/100 brn|[from] item: Leftovers\n|-damage|p2a: Clefable|94/100 brn|[from] brn\n|upkeep\n|inactive|Time left: 300 sec this turn | 300 sec total | 5 sec grace\n|\n|t:|1783556864\n|switch|p1a: Morpeko|Morpeko, L88, F|245/245\n|turn|32\n|inactive|Time left: 300 sec this turn | 300 sec total\n|\n|t:|1783556865\n|-terastallize|p1a: Morpeko|Electric\n|move|p1a: Morpeko|Rapid Spin|p2a: Clefable\n|-damage|p2a: Clefable|79/100 brn\n|-boost|p1a: Morpeko|spe|1\n|-sideend|p1: p0x1526fffa|Sticky Web|[from] move: Rapid Spin|[of] p1a: Morpeko\n|move|p2a: Clefable|Moonblast|p1a: Morpeko\n|-damage|p1a: Morpeko|125/245\n|\n|-heal|p2a: Clefable|85/100 brn|[from] item: Leftovers\n|-damage|p2a: Clefable|79/100 brn|[from] brn\n|upkeep\n|turn|33\n|inactive|Time left: 300 sec this turn | 300 sec total\n|\n|t:|1783556866\n|move|p1a: Morpeko|Aura Wheel|p2a: Clefable\n|-damage|p2a: Clefable|9/100 brn\n|-boost|p1a: Morpeko|spe|1\n|move|p2a: Clefable|Moonblast|p1a: Morpeko\n|-damage|p1a: Morpeko|5/245\n|-unboost|p1a: Morpeko|spa|1\n|\n|-heal|p2a: Clefable|15/100 brn|[from] item: Leftovers\n|-damage|p2a: Clefable|9/100 brn|[from] brn\n|upkeep\n|turn|34\n|inactive|Time left: 300 sec this turn | 300 sec total\n|\n|t:|1783556868\n|switch|p2a: Avalugg|Avalugg, L88, M|94/100 brn\n|move|p1a: Morpeko|Aura Wheel|p2a: Avalugg\n|-damage|p2a: Avalugg|63/100 brn\n|-boost|p1a: Morpeko|spe|1\n|\n|-damage|p2a: Avalugg|57/100 brn|[from] brn\n|upkeep\n|turn|35\n|inactive|Time left: 300 sec this turn | 300 sec total\n|\n|t:|1783556869\n|move|p1a: Morpeko|Parting Shot|p2a: Avalugg\n|-unboost|p2a: Avalugg|atk|1\n|-unboost|p2a: Avalugg|spa|1\n|inactive|Time left: 300 sec this turn | 300 sec total | 5 sec grace\n|\n|t:|1783556870\n|switch|p1a: Kricketune|Kricketune, L99, M|312/312|[from] Parting Shot\n|move|p2a: Avalugg|Rapid Spin|p1a: Kricketune\n|-damage|p1a: Kricketune|292/312\n|-boost|p2a: Avalugg|spe|1\n|\n|-damage|p2a: Avalugg|51/100 brn|[from] brn\n|upkeep\n|turn|36\n|inactive|Time left: 300 sec this turn | 300 sec total\n|\n|t:|1783556871\n|move|p1a: Kricketune|Sticky Web|p2a: Avalugg\n|-sidestart|p2: p0y1526d86f|move: Sticky Web\n|move|p2a: Avalugg|Rapid Spin|p1a: Kricketune\n|-damage|p1a: Kricketune|274/312\n|-boost|p2a: Avalugg|spe|1\n|-sideend|p2: p0y1526d86f|Sticky Web|[from] move: Rapid Spin|[of] p2a: Avalugg\n|\n|-damage|p2a: Avalugg|45/100 brn|[from] brn\n|upkeep\n|turn|37\n|inactive|Time left: 300 sec this turn | 300 sec total\n|\n|t:|1783556872\n|move|p1a: Kricketune|Sticky Web|p2a: Avalugg\n|-sidestart|p2: p0y1526d86f|move: Sticky Web\n|move|p2a: Avalugg|Avalanche|p1a: Kricketune\n|-damage|p1a: Kricketune|238/312\n|\n|-damage|p2a: Avalugg|39/100 brn|[from] brn\n|upkeep\n|turn|38\n|inactive|Time left: 300 sec this turn | 300 sec total\n|\n|t:|1783556873\n|move|p2a: Avalugg|Rapid Spin|p1a: Kricketune\n|-damage|p1a: Kricketune|220/312\n|-boost|p2a: Avalugg|spe|1\n|-sideend|p2: p0y1526d86f|Sticky Web|[from] move: Rapid Spin|[of] p2a: Avalugg\n|move|p1a: Kricketune|Knock Off|p2a: Avalugg\n|-damage|p2a: Avalugg|25/100 brn\n|-enditem|p2a: Avalugg|Heavy-Duty Boots|[from] move: Knock Off|[of] p1a: Kricketune\n|\n|-damage|p2a: Avalugg|19/100 brn|[from] brn\n|upkeep\n|turn|39\n|inactive|Time left: 300 sec this turn | 300 sec total\n|\n|t:|1783556874\n|move|p2a: Avalugg|Recover|p2a: Avalugg\n|-heal|p2a: Avalugg|69/100 brn\n|move|p1a: Kricketune|Sticky Web|p2a: Avalugg\n|-sidestart|p2: p0y1526d86f|move: Sticky Web\n|\n|-damage|p2a: Avalugg|63/100 brn|[from] brn\n|upkeep\n|turn|40\n|inactive|Time left: 300 sec this turn | 300 sec total\n|\n|t:|1783556875\n|move|p2a: Avalugg|Rapid Spin|p1a: Kricketune\n|-damage|p1a: Kricketune|201/312\n|-boost|p2a: Avalugg|spe|1\n|-sideend|p2: p0y1526d86f|Sticky Web|[from] move: Rapid Spin|[of] p2a: Avalugg\n|move|p1a: Kricketune|Sticky Web|p2a: Avalugg\n|-sidestart|p2: p0y1526d86f|move: Sticky Web\n|\n|-damage|p2a: Avalugg|57/100 brn|[from] brn\n|upkeep\n|turn|41\n|inactive|Time left: 300 sec this turn | 300 sec total\n|\n|t:|1783556876\n|move|p2a: Avalugg|Rapid Spin|p1a: Kricketune\n|-damage|p1a: Kricketune|181/312\n|-boost|p2a: Avalugg|spe|1\n|-sideend|p2: p0y1526d86f|Sticky Web|[from] move: Rapid Spin|[of] p2a: Avalugg\n|move|p1a: Kricketune|Sticky Web|p2a: Avalugg\n|-sidestart|p2: p0y1526d86f|move: Sticky Web\n|\n|-damage|p2a: Avalugg|50/100 brn|[from] brn\n|upkeep\n|turn|42\n|inactive|Time left: 300 sec this turn | 300 sec total\n|\n|t:|1783556877\n|move|p2a: Avalugg|Rapid Spin|p1a: Kricketune\n|-damage|p1a: Kricketune|163/312\n|-boost|p2a: Avalugg|spe|1\n|-sideend|p2: p0y1526d86f|Sticky Web|[from] move: Rapid Spin|[of] p2a: Avalugg\n|move|p1a: Kricketune|Sticky Web|p2a: Avalugg\n|-sidestart|p2: p0y1526d86f|move: Sticky Web\n|\n|-damage|p2a: Avalugg|44/100 brn|[from] brn\n|upkeep\n|turn|43\n|inactive|Time left: 300 sec this turn | 300 sec total\n|\n|t:|1783556878\n|move|p2a: Avalugg|Rapid Spin|p1a: Kricketune\n|-damage|p1a: Kricketune|144/312\n|-sideend|p2: p0y1526d86f|Sticky Web|[from] move: Rapid Spin|[of] p2a: Avalugg\n|move|p1a: Kricketune|Sticky Web|p2a: Avalugg\n|-sidestart|p2: p0y1526d86f|move: Sticky Web\n|\n|-damage|p2a: Avalugg|38/100 brn|[from] brn\n|upkeep\n|turn|44\n|inactive|Time left: 300 sec this turn | 300 sec total\n|\n|t:|1783556879\n|move|p2a: Avalugg|Rapid Spin|p1a: Kricketune\n|-damage|p1a: Kricketune|125/312\n|-sideend|p2: p0y1526d86f|Sticky Web|[from] move: Rapid Spin|[of] p2a: Avalugg\n|move|p1a: Kricketune|Sticky Web|p2a: Avalugg\n|-sidestart|p2: p0y1526d86f|move: Sticky Web\n|\n|-damage|p2a: Avalugg|32/100 brn|[from] brn\n|upkeep\n|turn|45\n|inactive|Time left: 300 sec this turn | 300 sec total\n|\n|t:|1783556880\n|move|p2a: Avalugg|Rapid Spin|p1a: Kricketune\n|-damage|p1a: Kricketune|105/312\n|-sideend|p2: p0y1526d86f|Sticky Web|[from] move: Rapid Spin|[of] p2a: Avalugg\n|move|p1a: Kricketune|Pounce|p2a: Avalugg\n|-damage|p2a: Avalugg|17/100 brn\n|-unboost|p2a: Avalugg|spe|1\n|\n|-damage|p2a: Avalugg|10/100 brn|[from] brn\n|upkeep\n|turn|46\n|inactive|Time left: 300 sec this turn | 300 sec total\n|\n|t:|1783556881\n|move|p2a: Avalugg|Recover|p2a: Avalugg\n|-heal|p2a: Avalugg|60/100 brn\n|move|p1a: Kricketune|Sticky Web|p2a: Avalugg\n|-sidestart|p2: p0y1526d86f|move: Sticky Web\n|\n|-damage|p2a: Avalugg|54/100 brn|[from] brn\n|upkeep\n|turn|47\n|inactive|Time left: 300 sec this turn | 300 sec total\n|\n|t:|1783556882\n|move|p2a: Avalugg|Rapid Spin|p1a: Kricketune\n|-damage|p1a: Kricketune|88/312\n|-boost|p2a: Avalugg|spe|1\n|-sideend|p2: p0y1526d86f|Sticky Web|[from] move: Rapid Spin|[of] p2a: Avalugg\n|move|p1a: Kricketune|Sticky Web|p2a: Avalugg\n|-sidestart|p2: p0y1526d86f|move: Sticky Web\n|\n|-damage|p2a: Avalugg|48/100 brn|[from] brn\n|upkeep\n|turn|48\n|inactive|Time left: 300 sec this turn | 300 sec total\n|\n|t:|1783556882\n|move|p2a: Avalugg|Rapid Spin|p1a: Kricketune\n|-damage|p1a: Kricketune|70/312\n|-sideend|p2: p0y1526d86f|Sticky Web|[from] move: Rapid Spin|[of] p2a: Avalugg\n|move|p1a: Kricketune|Sticky Web|p2a: Avalugg\n|-sidestart|p2: p0y1526d86f|move: Sticky Web\n|\n|-damage|p2a: Avalugg|42/100 brn|[from] brn\n|upkeep\n|turn|49\n|inactive|Time left: 300 sec this turn | 300 sec total\n|\n|t:|1783556884\n|move|p2a: Avalugg|Rapid Spin|p1a: Kricketune\n|-crit|p1a: Kricketune\n|-damage|p1a: Kricketune|28/312\n|-sideend|p2: p0y1526d86f|Sticky Web|[from] move: Rapid Spin|[of] p2a: Avalugg\n|move|p1a: Kricketune|Sticky Web|p2a: Avalugg\n|-sidestart|p2: p0y1526d86f|move: Sticky Web\n|\n|-damage|p2a: Avalugg|36/100 brn|[from] brn\n|upkeep\n|turn|50\n|inactive|Time left: 300 sec this turn | 300 sec total\n|\n|t:|1783556885\n|move|p2a: Avalugg|Rapid Spin|p1a: Kricketune\n|-damage|p1a: Kricketune|9/312\n|-sideend|p2: p0y1526d86f|Sticky Web|[from] move: Rapid Spin|[of] p2a: Avalugg\n|move|p1a: Kricketune|Sticky Web|p2a: Avalugg\n|-sidestart|p2: p0y1526d86f|move: Sticky Web\n|\n|-damage|p2a: Avalugg|30/100 brn|[from] brn\n|upkeep\n|turn|51\n|inactive|Time left: 300 sec this turn | 300 sec total\n|\n|t:|1783556886\n|switch|p1a: Tornadus|Tornadus-Therian, L79, M|254/254\n|move|p2a: Avalugg|Rapid Spin|p1a: Tornadus\n|-damage|p1a: Tornadus|236/254\n|-sideend|p2: p0y1526d86f|Sticky Web|[from] move: Rapid Spin|[of] p2a: Avalugg\n|\n|-damage|p2a: Avalugg|24/100 brn|[from] brn\n|upkeep\n|turn|52\n|inactive|Time left: 300 sec this turn | 300 sec total\n|\n|t:|1783556887\n|move|p1a: Tornadus|Nasty Plot|p1a: Tornadus\n|-boost|p1a: Tornadus|spa|2\n|move|p2a: Avalugg|Avalanche|p1a: Tornadus\n|-supereffective|p1a: Tornadus\n|-damage|p1a: Tornadus|178/254\n|\n|-damage|p2a: Avalugg|18/100 brn|[from] brn\n|upkeep\n|turn|53\n|inactive|Time left: 300 sec this turn | 300 sec total\n|\n|t:|1783556887\n|move|p1a: Tornadus|Nasty Plot|p1a: Tornadus\n|-boost|p1a: Tornadus|spa|2\n|move|p2a: Avalugg|Avalanche|p1a: Tornadus\n|-supereffective|p1a: Tornadus\n|-damage|p1a: Tornadus|120/254\n|\n|-damage|p2a: Avalugg|11/100 brn|[from] brn\n|upkeep\n|turn|54\n|inactive|Time left: 300 sec this turn | 300 sec total\n|\n|t:|1783556888\n|move|p1a: Tornadus|Bleakwind Storm|p2a: Avalugg\n|-damage|p2a: Avalugg|0 fnt\n|faint|p2a: Avalugg\n|\n|upkeep\n|\n|t:|1783556889\n|switch|p2a: Grafaiai|Grafaiai, L86, M|100/100\n|turn|55\n|inactive|Time left: 300 sec this turn | 300 sec total\n|\n|t:|1783556890\n|move|p2a: Grafaiai|Gunk Shot|p1a: Tornadus\n|-damage|p1a: Tornadus|0 fnt\n|faint|p1a: Tornadus\n|\n|upkeep\n|inactive|Time left: 300 sec this turn | 300 sec total | 5 sec grace\n|\n|t:|1783556891\n|switch|p1a: Regigigas|Regigigas, L84|322/322\n|-start|p1a: Regigigas|ability: Slow Start\n|turn|56\n|inactive|Time left: 300 sec this turn | 300 sec total\n|\n|t:|1783556892\n|move|p2a: Grafaiai|Knock Off|p1a: Regigigas\n|-damage|p1a: Regigigas|261/322\n|-status|p1a: Regigigas|psn|[from] ability: Poison Touch|[of] p2a: Grafaiai\n|-enditem|p1a: Regigigas|Leftovers|[from] move: Knock Off|[of] p2a: Grafaiai\n|move|p1a: Regigigas|Body Slam|p2a: Grafaiai\n|-damage|p2a: Grafaiai|64/100\n|\n|-damage|p1a: Regigigas|221/322 psn|[from] psn\n|upkeep\n|turn|57\n|inactive|Time left: 300 sec this turn | 300 sec total\n|\n|t:|1783556893\n|move|p2a: Grafaiai|U-turn|p1a: Regigigas\n|-damage|p1a: Regigigas|179/322 psn\n|\n|t:|1783556894\n|switch|p2a: Leavanny|Leavanny, L86, M|38/100 brn|[from] U-turn\n|move|p1a: Regigigas|Body Slam|p2a: Leavanny\n|-damage|p2a: Leavanny|12/100 brn\n|\n|-damage|p1a: Regigigas|139/322 psn|[from] psn\n|-damage|p2a: Leavanny|6/100 brn|[from] brn\n|upkeep\n|turn|58\n|inactive|Time left: 300 sec this turn | 300 sec total\n|\n|t:|1783556895\n|switch|p1a: Slowbro|Slowbro, L85, F|300/300 par\n|move|p2a: Leavanny|Sticky Web|p1a: Slowbro\n|-sidestart|p1: p0x1526fffa|move: Sticky Web\n|\n|-damage|p2a: Leavanny|0 fnt|[from] brn\n|faint|p2a: Leavanny\n|upkeep\n|\n|t:|1783556895\n|switch|p2a: Grafaiai|Grafaiai, L86, M|64/100\n|turn|59\n|inactive|Time left: 300 sec this turn | 300 sec total\n|\n|t:|1783556896\n|move|p2a: Grafaiai|Knock Off|p1a: Slowbro\n|-supereffective|p1a: Slowbro\n|-damage|p1a: Slowbro|180/300 par\n|-enditem|p1a: Slowbro|Leftovers|[from] move: Knock Off|[of] p2a: Grafaiai\n|move|p1a: Slowbro|Scald|p2a: Grafaiai\n|-damage|p2a: Grafaiai|35/100\n|\n|upkeep\n|turn|60\n|inactive|Time left: 300 sec this turn | 300 sec total\n|\n|t:|1783556897\n|move|p2a: Grafaiai|U-turn|p1a: Slowbro\n|-supereffective|p1a: Slowbro\n|-damage|p1a: Slowbro|90/300 par\n|\n|t:|1783556899\n|switch|p2a: Okidogi|Okidogi, L77, M|100/100|[from] U-turn\n|move|p1a: Slowbro|Scald|p2a: Okidogi\n|-damage|p2a: Okidogi|73/100\n|-status|p2a: Okidogi|brn\n|\n|-damage|p2a: Okidogi|67/100 brn|[from] brn\n|upkeep\n|turn|61\n|inactive|Time left: 300 sec this turn | 300 sec total\n|\n|t:|1783556900\n|move|p2a: Okidogi|Knock Off|p1a: Slowbro\n|-supereffective|p1a: Slowbro\n|-damage|p1a: Slowbro|49/300 par\n|move|p1a: Slowbro|Slack Off|p1a: Slowbro\n|-heal|p1a: Slowbro|199/300 par\n|\n|-damage|p2a: Okidogi|60/100 brn|[from] brn\n|upkeep\n|turn|62\n|inactive|Time left: 300 sec this turn | 300 sec total\n|\n|t:|1783556901\n|move|p2a: Okidogi|Gunk Shot|p1a: Slowbro|[miss]\n|-miss|p2a: Okidogi|p1a: Slowbro\n|move|p1a: Slowbro|Iron Defense|p1a: Slowbro\n|-boost|p1a: Slowbro|def|2\n|\n|-damage|p2a: Okidogi|54/100 brn|[from] brn\n|upkeep\n|turn|63\n|inactive|Time left: 300 sec this turn | 300 sec total\n|\n|t:|1783556902\n|move|p2a: Okidogi|High Horsepower|p1a: Slowbro\n|-damage|p1a: Slowbro|184/300 par\n|move|p1a: Slowbro|Slack Off|p1a: Slowbro\n|-heal|p1a: Slowbro|300/300 par\n|\n|-damage|p2a: Okidogi|48/100 brn|[from] brn\n|upkeep\n|turn|64\n|inactive|Time left: 300 sec this turn | 300 sec total\n|\n|t:|1783556904\n|move|p2a: Okidogi|Gunk Shot|p1a: Slowbro\n|-damage|p1a: Slowbro|273/300 par\n|move|p1a: Slowbro|Body Press|p2a: Okidogi\n|-resisted|p2a: Okidogi\n|-damage|p2a: Okidogi|26/100 brn\n|\n|-damage|p2a: Okidogi|20/100 brn|[from] brn\n|upkeep\n|turn|65\n|inactive|Time left: 300 sec this turn | 300 sec total\n|\n|t:|1783556905\n|move|p2a: Okidogi|Knock Off|p1a: Slowbro\n|-supereffective|p1a: Slowbro\n|-damage|p1a: Slowbro|251/300 par\n|move|p1a: Slowbro|Body Press|p2a: Okidogi\n|-resisted|p2a: Okidogi\n|-damage|p2a: Okidogi|0 fnt\n|faint|p2a: Okidogi\n|\n|upkeep\n|\n|t:|1783556906\n|switch|p2a: Grafaiai|Grafaiai, L86, M|35/100\n|turn|66\n|inactive|Time left: 300 sec this turn | 300 sec total\n|\n|t:|1783556907\n|move|p2a: Grafaiai|U-turn|p1a: Slowbro\n|-supereffective|p1a: Slowbro\n|-damage|p1a: Slowbro|207/300 par\n|\n|t:|1783556909\n|switch|p2a: Clefable|Clefable, L83, F|9/100 brn|[from] U-turn\n|move|p1a: Slowbro|Body Press|p2a: Clefable\n|-resisted|p2a: Clefable\n|-damage|p2a: Clefable|0 fnt\n|faint|p2a: Clefable\n|\n|upkeep\n|\n|t:|1783556910\n|switch|p2a: Palkia|Palkia, L75|100/100\n|-ability|p2a: Palkia|Pressure\n|turn|67\n|inactive|Time left: 300 sec this turn | 300 sec total\n|\n|t:|1783556911\n|move|p2a: Palkia|Hydro Pump|p1a: Slowbro\n|-resisted|p1a: Slowbro\n|-damage|p1a: Slowbro|120/300 par\n|cant|p1a: Slowbro|par\n|\n|upkeep\n|turn|68\n|inactive|Time left: 300 sec this turn | 300 sec total\n|\n|t:|1783556912\n|move|p2a: Palkia|Hydro Pump|p1a: Slowbro|[miss]\n|-miss|p2a: Palkia|p1a: Slowbro\n|move|p1a: Slowbro|Slack Off|p1a: Slowbro\n|-heal|p1a: Slowbro|270/300 par\n|\n|upkeep\n|turn|69\n|inactive|Time left: 300 sec this turn | 300 sec total\n|\n|t:|1783556913\n|move|p2a: Palkia|Hydro Pump|p1a: Slowbro\n|-resisted|p1a: Slowbro\n|-damage|p1a: Slowbro|191/300 par\n|move|p1a: Slowbro|Body Press|p2a: Palkia\n|-damage|p2a: Palkia|53/100\n|\n|upkeep\n|turn|70\n|inactive|Time left: 300 sec this turn | 300 sec total\n|\n|t:|1783556915\n|move|p2a: Palkia|Draco Meteor|p1a: Slowbro\n|-damage|p1a: Slowbro|0 fnt\n|-unboost|p2a: Palkia|spa|2\n|faint|p1a: Slowbro\n|\n|upkeep\n|inactive|Time left: 300 sec this turn | 300 sec total | 5 sec grace\n|\n|t:|1783556916\n|switch|p1a: Morpeko|Morpeko, L88, F, tera:Electric|5/245\n|turn|71\n|inactive|Time left: 300 sec this turn | 300 sec total\n|\n|t:|1783556917\n|-terastallize|p2a: Palkia|Dragon\n|move|p1a: Morpeko|Aura Wheel|p2a: Palkia\n|-resisted|p2a: Palkia\n|-damage|p2a: Palkia|17/100\n|-boost|p1a: Morpeko|spe|1\n|move|p2a: Palkia|Hydro Pump|p1a: Morpeko\n|-damage|p1a: Morpeko|0 fnt\n|faint|p1a: Morpeko\n|\n|upkeep\n|inactive|Time left: 300 sec this turn | 300 sec total | 5 sec grace\n|\n|t:|1783556918\n|switch|p1a: Regigigas|Regigigas, L84|139/322 psn\n|-activate|p1a: Regigigas|move: Sticky Web\n|-unboost|p1a: Regigigas|spe|1\n|-start|p1a: Regigigas|ability: Slow Start\n|turn|72\n|inactive|Time left: 300 sec this turn | 300 sec total\n|\n|t:|1783556919\n|move|p1a: Regigigas|Protect|p1a: Regigigas\n|-singleturn|p1a: Regigigas|Protect\n|move|p2a: Palkia|Draco Meteor|p1a: Regigigas\n|-activate|p1a: Regigigas|move: Protect\n|\n|-damage|p1a: Regigigas|99/322 psn|[from] psn\n|upkeep\n|turn|73\n|inactive|Time left: 300 sec this turn | 300 sec total\n|\n|t:|1783556920\n|move|p1a: Regigigas|Protect||[still]\n|-fail|p1a: Regigigas\n|move|p2a: Palkia|Draco Meteor|p1a: Regigigas|[miss]\n|-miss|p2a: Palkia|p1a: Regigigas\n|\n|-damage|p1a: Regigigas|59/322 psn|[from] psn\n|upkeep\n|turn|74\n|inactive|Time left: 300 sec this turn | 300 sec total\n|\n|t:|1783556921\n|move|p1a: Regigigas|Protect|p1a: Regigigas\n|-singleturn|p1a: Regigigas|Protect\n|move|p2a: Palkia|Draco Meteor|p1a: Regigigas\n|-activate|p1a: Regigigas|move: Protect\n|\n|-damage|p1a: Regigigas|19/322 psn|[from] psn\n|upkeep\n|turn|75\n|inactive|Time left: 300 sec this turn | 300 sec total\n|\n|t:|1783556922\n|move|p2a: Palkia|Draco Meteor|p1a: Regigigas\n|-damage|p1a: Regigigas|0 fnt\n|-unboost|p2a: Palkia|spa|2\n|faint|p1a: Regigigas\n|-end|p1a: Regigigas|Slow Start|[silent]\n|\n|upkeep\n|inactive|Time left: 300 sec this turn | 300 sec total | 5 sec grace\n|\n|t:|1783556923\n|switch|p1a: Kricketune|Kricketune, L99, M|9/312\n|turn|76\n|inactive|Time left: 300 sec this turn | 300 sec total\n|\n|t:|1783556924\n|move|p2a: Palkia|Draco Meteor|p1a: Kricketune\n|-damage|p1a: Kricketune|0 fnt\n|-unboost|p2a: Palkia|spa|2\n|faint|p1a: Kricketune\n|\n|win|p0y1526d86f", "uploadtime": 1783556924, "views": 0, "rating": 0, "private": 0, "password": null, "_winner": "p0y1526d86f", "_our_name": "p0x1526fffa"}