{"id": "battle-gen9randombattle-583", "formatid": "gen9randombattle", "format": "[Gen 9] Random Battle", "players": ["p0x583acfe", "p0y5833fb9"], "log": "|init|battle\n|title|p0x583acfe vs. p0y5833fb9\n|j|\u2606p0x583acfe\n|j|\u2606p0y5833fb9\n|t:|1783546568\n|gametype|singles\n|player|p1|p0x583acfe|169|\n|player|p2|p0y5833fb9|1|\n|gen|9\n|tier|[Gen 9] Random Battle\n|rule|Species Clause: Limit one of each Pok\u00e9mon\n|rule|HP Percentage Mod: HP is shown in percentages\n|rule|Sleep Clause Mod: Limit one foe put to sleep\n|rule|Illusion Level Mod: Illusion disguises the Pok\u00e9mon's true level\n|\n|t:|1783546568\n|teamsize|p1|6\n|teamsize|p2|6\n|start\n|switch|p1a: Toxicroak|Toxicroak, L84, F|100/100\n|switch|p2a: Okidogi|Okidogi, L77, M|262/262\n|turn|1\n|inactive|Battle timer is ON: inactive players will automatically lose when time's up. (requested by p0x583acfe)\n|inactive|Time left: 300 sec this turn | 300 sec total | 60 sec grace\n|\n|t:|1783546570\n|move|p1a: Toxicroak|Swords Dance|p1a: Toxicroak\n|-boost|p1a: Toxicroak|atk|2\n|move|p2a: Okidogi|Knock Off|p1a: Toxicroak\n|-resisted|p1a: Toxicroak\n|-damage|p1a: Toxicroak|84/100\n|-enditem|p1a: Toxicroak|Life Orb|[from] move: Knock Off|[of] p2a: Okidogi\n|\n|upkeep\n|turn|2\n|inactive|Time left: 300 sec this turn | 300 sec total\n|inactive|p0y5833fb9 also wants the timer to be on.\n|\n|t:|1783546571\n|move|p1a: Toxicroak|Gunk Shot|p2a: Okidogi\n|-resisted|p2a: Okidogi\n|-damage|p2a: Okidogi|142/262\n|move|p2a: Okidogi|Bulk Up|p2a: Okidogi\n|-boost|p2a: Okidogi|atk|1\n|-boost|p2a: Okidogi|def|1\n|\n|-heal|p2a: Okidogi|158/262|[from] item: Leftovers\n|upkeep\n|turn|3\n|inactive|Time left: 300 sec this turn | 300 sec total\n|\n|t:|1783546572\n|move|p1a: Toxicroak|Gunk Shot|p2a: Okidogi\n|-resisted|p2a: Okidogi\n|-damage|p2a: Okidogi|85/262\n|move|p2a: Okidogi|Drain Punch|p1a: Toxicroak\n|-resisted|p1a: Toxicroak\n|-damage|p1a: Toxicroak|57/100\n|-heal|p2a: Okidogi|122/262|[from] drain|[of] p1a: Toxicroak\n|\n|-heal|p2a: Okidogi|138/262|[from] item: Leftovers\n|upkeep\n|turn|4\n|inactive|Time left: 300 sec this turn | 300 sec total\n|\n|t:|1783546573\n|move|p1a: Toxicroak|Gunk Shot|p2a: Okidogi\n|-resisted|p2a: Okidogi\n|-damage|p2a: Okidogi|63/262\n|move|p2a: Okidogi|Drain Punch|p1a: Toxicroak\n|-resisted|p1a: Toxicroak\n|-crit|p1a: Toxicroak\n|-damage|p1a: Toxicroak|15/100\n|-heal|p2a: Okidogi|122/262|[from] drain|[of] p1a: Toxicroak\n|\n|-heal|p2a: Okidogi|138/262|[from] item: Leftovers\n|upkeep\n|turn|5\n|inactive|Time left: 300 sec this turn | 300 sec total\n|\n|t:|1783546574\n|move|p1a: Toxicroak|Close Combat|p2a: Okidogi\n|-resisted|p2a: Okidogi\n|-damage|p2a: Okidogi|60/262\n|-unboost|p1a: Toxicroak|def|1\n|-unboost|p1a: Toxicroak|spd|1\n|move|p2a: Okidogi|Drain Punch|p1a: Toxicroak\n|-resisted|p1a: Toxicroak\n|-damage|p1a: Toxicroak|0 fnt\n|-heal|p2a: Okidogi|80/262|[from] drain|[of] p1a: Toxicroak\n|faint|p1a: Toxicroak\n|\n|-heal|p2a: Okidogi|96/262|[from] item: Leftovers\n|upkeep\n|\n|t:|1783546575\n|switch|p1a: Plusle|Plusle, L95, F|100/100\n|turn|6\n|inactive|Time left: 300 sec this turn | 300 sec total\n|\n|t:|1783546577\n|switch|p2a: Excadrill|Excadrill, L79, M|303/303\n|-ability|p2a: Excadrill|Mold Breaker\n|move|p1a: Plusle|Thunderbolt|p2a: Excadrill\n|-immune|p2a: Excadrill\n|\n|upkeep\n|turn|7\n|inactive|Time left: 300 sec this turn | 300 sec total\n|\n|t:|1783546578\n|switch|p1a: Chesnaught|Chesnaught, L84, F|100/100\n|move|p2a: Excadrill|Earthquake|p1a: Chesnaught\n|-resisted|p1a: Chesnaught\n|-damage|p1a: Chesnaught|83/100\n|\n|-heal|p1a: Chesnaught|89/100|[from] item: Leftovers\n|upkeep\n|turn|8\n|inactive|Time left: 300 sec this turn | 300 sec total\n|\n|t:|1783546579\n|switch|p2a: Okidogi|Okidogi, L77, M|96/262\n|move|p1a: Chesnaught|Body Press|p2a: Okidogi\n|-resisted|p2a: Okidogi\n|-crit|p2a: Okidogi\n|-damage|p2a: Okidogi|24/262\n|\n|-heal|p2a: Okidogi|40/262|[from] item: Leftovers\n|-heal|p1a: Chesnaught|95/100|[from] item: Leftovers\n|upkeep\n|turn|9\n|inactive|Time left: 300 sec this turn | 300 sec total\n|\n|t:|1783546580\n|move|p2a: Okidogi|Drain Punch|p1a: Chesnaught\n|-damage|p1a: Chesnaught|70/100\n|-heal|p2a: Okidogi|75/262|[from] drain|[of] p1a: Chesnaught\n|-status|p1a: Chesnaught|tox|[from] ability: Toxic Chain|[of] p2a: Okidogi\n|move|p1a: Chesnaught|Trailblaze|p2a: Okidogi\n|-resisted|p2a: Okidogi\n|-damage|p2a: Okidogi|49/262\n|-boost|p1a: Chesnaught|spe|1\n|\n|-heal|p1a: Chesnaught|76/100 tox|[from] item: Leftovers\n|-heal|p2a: Okidogi|65/262|[from] item: Leftovers\n|-damage|p1a: Chesnaught|70/100 tox|[from] psn\n|upkeep\n|turn|10\n|inactive|Time left: 300 sec this turn | 300 sec total\n|\n|t:|1783546581\n|move|p1a: Chesnaught|Iron Defense|p1a: Chesnaught\n|-boost|p1a: Chesnaught|def|2\n|move|p2a: Okidogi|Bulk Up|p2a: Okidogi\n|-boost|p2a: Okidogi|atk|1\n|-boost|p2a: Okidogi|def|1\n|\n|-heal|p1a: Chesnaught|76/100 tox|[from] item: Leftovers\n|-heal|p2a: Okidogi|81/262|[from] item: Leftovers\n|-damage|p1a: Chesnaught|64/100 tox|[from] psn\n|upkeep\n|turn|11\n|inactive|Time left: 300 sec this turn | 300 sec total\n|\n|t:|1783546582\n|move|p1a: Chesnaught|Body Press|p2a: Okidogi\n|-resisted|p2a: Okidogi\n|-damage|p2a: Okidogi|17/262\n|move|p2a: Okidogi|Gunk Shot|p1a: Chesnaught\n|-supereffective|p1a: Chesnaught\n|-damage|p1a: Chesnaught|13/100 tox\n|\n|-heal|p1a: Chesnaught|19/100 tox|[from] item: Leftovers\n|-heal|p2a: Okidogi|33/262|[from] item: Leftovers\n|-damage|p1a: Chesnaught|2/100 tox|[from] psn\n|upkeep\n|turn|12\n|inactive|Time left: 300 sec this turn | 300 sec total\n|\n|t:|1783546583\n|move|p1a: Chesnaught|Body Press|p2a: Okidogi\n|-resisted|p2a: Okidogi\n|-damage|p2a: Okidogi|0 fnt\n|faint|p2a: Okidogi\n|\n|-heal|p1a: Chesnaught|8/100 tox|[from] item: Leftovers\n|-damage|p1a: Chesnaught|0 fnt|[from] psn\n|faint|p1a: Chesnaught\n|upkeep\n|inactive|Time left: 300 sec this turn | 300 sec total | 5 sec grace\n|\n|t:|1783546584\n|switch|p2a: Gouging Fire|Gouging Fire, L74|277/277\n|switch|p1a: Gumshoos|Gumshoos, L95, M|100/100\n|turn|13\n|inactive|Time left: 300 sec this turn | 300 sec total\n|\n|t:|1783546585\n|move|p2a: Gouging Fire|Outrage|p1a: Gumshoos\n|-damage|p1a: Gumshoos|58/100\n|move|p1a: Gumshoos|Double-Edge|p2a: Gouging Fire\n|-damage|p2a: Gouging Fire|0 fnt\n|faint|p2a: Gouging Fire\n|-end|p2a: Gouging Fire|Protosynthesis|[silent]\n|-damage|p1a: Gumshoos|30/100|[from] Recoil\n|\n|upkeep\n|inactive|Time left: 300 sec this turn | 300 sec total | 5 sec grace\n|\n|t:|1783546586\n|switch|p2a: Rillaboom|Rillaboom, L79, F|288/288\n|-fieldstart|move: Grassy Terrain|[from] ability: Grassy Surge|[of] p2a: Rillaboom\n|turn|14\n|inactive|Time left: 300 sec this turn | 300 sec total\n|\n|t:|1783546587\n|move|p2a: Rillaboom|Wood Hammer|p1a: Gumshoos\n|-damage|p1a: Gumshoos|0 fnt\n|faint|p1a: Gumshoos\n|-damage|p2a: Rillaboom|257/288|[from] Recoil\n|\n|-heal|p2a: Rillaboom|275/288|[from] Grassy Terrain\n|upkeep\n|\n|t:|1783546588\n|switch|p1a: Kleavor|Kleavor, L78, F|100/100\n|turn|15\n|inactive|Time left: 300 sec this turn | 300 sec total\n|\n|t:|1783546589\n|-terastallize|p1a: Kleavor|Bug\n|move|p2a: Rillaboom|Wood Hammer|p1a: Kleavor\n|-resisted|p1a: Kleavor\n|-damage|p1a: Kleavor|42/100\n|-damage|p2a: Rillaboom|229/288|[from] Recoil\n|move|p1a: Kleavor|X-Scissor|p2a: Rillaboom\n|-supereffective|p2a: Rillaboom\n|-damage|p2a: Rillaboom|0 fnt\n|faint|p2a: Rillaboom\n|\n|-heal|p1a: Kleavor|48/100|[from] Grassy Terrain\n|upkeep\n|inactive|Time left: 300 sec this turn | 300 sec total | 5 sec grace\n|\n|t:|1783546590\n|switch|p2a: Excadrill|Excadrill, L79, M|303/303\n|-ability|p2a: Excadrill|Mold Breaker\n|turn|16\n|inactive|Time left: 300 sec this turn | 300 sec total\n|\n|t:|1783546591\n|move|p2a: Excadrill|Rock Slide|p1a: Kleavor\n|-supereffective|p1a: Kleavor\n|-damage|p1a: Kleavor|0 fnt\n|faint|p1a: Kleavor\n|\n|upkeep\n|\n|t:|1783546592\n|switch|p1a: Plusle|Plusle, L95, F|100/100\n|turn|17\n|inactive|Time left: 300 sec this turn | 300 sec total\n|\n|t:|1783546593\n|move|p1a: Plusle|Nasty Plot|p1a: Plusle\n|-boost|p1a: Plusle|spa|2\n|move|p2a: Excadrill|Rapid Spin|p1a: Plusle\n|-damage|p1a: Plusle|76/100\n|-boost|p2a: Excadrill|spe|1\n|\n|-heal|p1a: Plusle|82/100|[from] Grassy Terrain\n|upkeep\n|turn|18\n|inactive|Time left: 300 sec this turn | 300 sec total\n|\n|t:|1783546594\n|move|p2a: Excadrill|Earthquake|p1a: Plusle\n|-supereffective|p1a: Plusle\n|-damage|p1a: Plusle|19/100\n|move|p1a: Plusle|Grass Knot|p2a: Excadrill\n|-damage|p2a: Excadrill|144/303\n|-damage|p1a: Plusle|9/100|[from] item: Life Orb\n|\n|-heal|p2a: Excadrill|162/303|[from] Grassy Terrain\n|-heal|p1a: Plusle|15/100|[from] Grassy Terrain\n|-fieldend|move: Grassy Terrain\n|upkeep\n|turn|19\n|inactive|Time left: 300 sec this turn | 300 sec total\n|\n|t:|1783546596\n|-terastallize|p2a: Excadrill|Water\n|move|p2a: Excadrill|Earthquake|p1a: Plusle\n|-supereffective|p1a: Plusle\n|-damage|p1a: Plusle|0 fnt\n|faint|p1a: Plusle\n|\n|upkeep\n|\n|t:|1783546597\n|switch|p1a: Iron Thorns|Iron Thorns, L83|100/100\n|turn|20\n|inactive|Time left: 300 sec this turn | 300 sec total\n|\n|t:|1783546597\n|move|p2a: Excadrill|Earthquake|p1a: Iron Thorns\n|-supereffective|p1a: Iron Thorns\n|-damage|p1a: Iron Thorns|0 fnt\n|faint|p1a: Iron Thorns\n|-end|p1a: Iron Thorns|Quark Drive|[silent]\n|\n|win|p0y5833fb9", "uploadtime": 1783546597, "views": 0, "rating": 0, "private": 0, "password": null, "_winner": "p0y5833fb9", "_our_name": "p0y5833fb9"}