{"id": "battle-gen9randombattle-1142", "formatid": "gen9randombattle", "format": "[Gen 9] Random Battle", "players": ["p0x1142525b", "p0y11423041"], "log": "|init|battle\n|title|p0x1142525b vs. p0y11423041\n|j|\u2606p0x1142525b\n|j|\u2606p0y11423041\n|t:|1783553235\n|gametype|singles\n|player|p1|p0x1142525b|169|\n|player|p2|p0y11423041|1|\n|gen|9\n|tier|[Gen 9] Random Battle\n|rule|Species Clause: Limit one of each Pok\u00e9mon\n|rule|HP Percentage Mod: HP is shown in percentages\n|rule|Sleep Clause Mod: Limit one foe put to sleep\n|rule|Illusion Level Mod: Illusion disguises the Pok\u00e9mon's true level\n|\n|t:|1783553235\n|teamsize|p1|6\n|teamsize|p2|6\n|start\n|switch|p1a: Noctowl|Noctowl, L95, M|344/344\n|switch|p2a: Shaymin|Shaymin, L82|100/100\n|turn|1\n|inactive|Battle timer is ON: inactive players will automatically lose when time's up. (requested by p0x1142525b)\n|inactive|p0y11423041 also wants the timer to be on.\n|\n|t:|1783553236\n|switch|p2a: Brambleghast|Brambleghast, L88, F|100/100\n|move|p1a: Noctowl|Hurricane|p2a: Brambleghast\n|-ability|p2a: Brambleghast|Wind Rider|boost\n|-boost|p2a: Brambleghast|atk|1\n|\n|upkeep\n|turn|2\n|inactive|Time left: 300 sec this turn | 300 sec total\n|\n|t:|1783553237\n|switch|p1a: Incineroar|Incineroar, L82, F|290/290\n|-ability|p1a: Incineroar|Intimidate|boost\n|-unboost|p2a: Brambleghast|atk|1\n|move|p2a: Brambleghast|Rapid Spin|p1a: Incineroar\n|-crit|p1a: Incineroar\n|-damage|p1a: Incineroar|226/290\n|-boost|p2a: Brambleghast|spe|1\n|\n|upkeep\n|turn|3\n|inactive|Time left: 300 sec this turn | 300 sec total\n|\n|t:|1783553239\n|move|p2a: Brambleghast|Strength Sap|p1a: Incineroar\n|-unboost|p1a: Incineroar|atk|1\n|move|p1a: Incineroar|Knock Off|p2a: Brambleghast\n|-supereffective|p2a: Brambleghast\n|-damage|p2a: Brambleghast|33/100\n|-enditem|p2a: Brambleghast|Heavy-Duty Boots|[from] move: Knock Off|[of] p1a: Incineroar\n|\n|upkeep\n|turn|4\n|inactive|Time left: 300 sec this turn | 300 sec total\n|\n|t:|1783553240\n|move|p2a: Brambleghast|Strength Sap|p1a: Incineroar\n|-unboost|p1a: Incineroar|atk|1\n|-heal|p2a: Brambleghast|98/100\n|move|p1a: Incineroar|Swords Dance|p1a: Incineroar\n|-boost|p1a: Incineroar|atk|2\n|\n|upkeep\n|turn|5\n|inactive|Time left: 300 sec this turn | 300 sec total\n|\n|t:|1783553241\n|move|p2a: Brambleghast|Strength Sap|p1a: Incineroar\n|-unboost|p1a: Incineroar|atk|1\n|-heal|p2a: Brambleghast|100/100\n|move|p1a: Incineroar|Flare Blitz|p2a: Brambleghast\n|-supereffective|p2a: Brambleghast\n|-damage|p2a: Brambleghast|20/100\n|-damage|p1a: Incineroar|163/290|[from] Recoil\n|\n|upkeep\n|turn|6\n|inactive|Time left: 300 sec this turn | 300 sec total\n|\n|t:|1783553242\n|move|p2a: Brambleghast|Strength Sap|p1a: Incineroar\n|-unboost|p1a: Incineroar|atk|1\n|-heal|p2a: Brambleghast|86/100\n|move|p1a: Incineroar|Swords Dance|p1a: Incineroar\n|-boost|p1a: Incineroar|atk|2\n|\n|upkeep\n|turn|7\n|inactive|Time left: 300 sec this turn | 300 sec total\n|\n|t:|1783553243\n|move|p2a: Brambleghast|Strength Sap|p1a: Incineroar\n|-unboost|p1a: Incineroar|atk|1\n|-heal|p2a: Brambleghast|100/100\n|move|p1a: Incineroar|Flare Blitz|p2a: Brambleghast\n|-supereffective|p2a: Brambleghast\n|-damage|p2a: Brambleghast|15/100\n|-damage|p1a: Incineroar|96/290|[from] Recoil\n|\n|upkeep\n|turn|8\n|inactive|Time left: 300 sec this turn | 300 sec total\n|\n|t:|1783553244\n|move|p2a: Brambleghast|Strength Sap|p1a: Incineroar\n|-unboost|p1a: Incineroar|atk|1\n|-heal|p2a: Brambleghast|81/100\n|move|p1a: Incineroar|Flare Blitz|p2a: Brambleghast\n|-supereffective|p2a: Brambleghast\n|-damage|p2a: Brambleghast|16/100\n|-damage|p1a: Incineroar|45/290|[from] Recoil\n|\n|upkeep\n|turn|9\n|inactive|Time left: 300 sec this turn | 300 sec total\n|\n|t:|1783553245\n|move|p2a: Brambleghast|Strength Sap|p1a: Incineroar\n|-unboost|p1a: Incineroar|atk|1\n|-heal|p2a: Brambleghast|65/100\n|move|p1a: Incineroar|Flare Blitz|p2a: Brambleghast\n|-supereffective|p2a: Brambleghast\n|-damage|p2a: Brambleghast|17/100\n|-damage|p1a: Incineroar|7/290|[from] Recoil\n|\n|upkeep\n|turn|10\n|inactive|Time left: 300 sec this turn | 300 sec total\n|\n|t:|1783553246\n|move|p2a: Brambleghast|Strength Sap|p1a: Incineroar\n|-unboost|p1a: Incineroar|atk|1\n|-heal|p2a: Brambleghast|56/100\n|move|p1a: Incineroar|Flare Blitz|p2a: Brambleghast\n|-supereffective|p2a: Brambleghast\n|-damage|p2a: Brambleghast|16/100\n|-damage|p1a: Incineroar|0 fnt|[from] Recoil\n|faint|p1a: Incineroar\n|\n|upkeep\n|inactive|Time left: 300 sec this turn | 300 sec total | 5 sec grace\n|\n|t:|1783553247\n|switch|p1a: Mimikyu|Mimikyu, L79, M|216/216\n|turn|11\n|inactive|Time left: 300 sec this turn | 300 sec total\n|\n|t:|1783553248\n|move|p1a: Mimikyu|Shadow Sneak|p2a: Brambleghast\n|-supereffective|p2a: Brambleghast\n|-damage|p2a: Brambleghast|0 fnt\n|faint|p2a: Brambleghast\n|-damage|p1a: Mimikyu|195/216|[from] item: Life Orb\n|\n|upkeep\n|\n|t:|1783553249\n|switch|p2a: Shaymin|Shaymin, L82|100/100\n|turn|12\n|inactive|Time left: 300 sec this turn | 300 sec total\n|\n|t:|1783553250\n|move|p2a: Shaymin|Leech Seed|p1a: Mimikyu\n|-start|p1a: Mimikyu|move: Leech Seed\n|move|p1a: Mimikyu|Swords Dance|p1a: Mimikyu\n|-boost|p1a: Mimikyu|atk|2\n|\n|-damage|p1a: Mimikyu|168/216|[from] Leech Seed|[of] p2a: Shaymin\n|upkeep\n|turn|13\n|inactive|Time left: 300 sec this turn | 300 sec total\n|\n|t:|1783553251\n|move|p2a: Shaymin|Seed Flare|p1a: Mimikyu\n|-activate|p1a: Mimikyu|ability: Disguise\n|-damage|p1a: Mimikyu|168/216\n|detailschange|p1a: Mimikyu|Mimikyu-Busted, L79, M\n|-damage|p1a: Mimikyu|141/216|[from] pokemon: Mimikyu-Busted\n|move|p1a: Mimikyu|Play Rough|p2a: Shaymin\n|-damage|p2a: Shaymin|38/100\n|-damage|p1a: Mimikyu|120/216|[from] item: Life Orb\n|\n|-heal|p2a: Shaymin|44/100|[from] item: Leftovers\n|-damage|p1a: Mimikyu|93/216|[from] Leech Seed|[of] p2a: Shaymin\n|-heal|p2a: Shaymin|54/100|[silent]\n|upkeep\n|turn|14\n|inactive|Time left: 300 sec this turn | 300 sec total\n|\n|t:|1783553252\n|move|p2a: Shaymin|Seed Flare|p1a: Mimikyu|[miss]\n|-miss|p2a: Shaymin|p1a: Mimikyu\n|move|p1a: Mimikyu|Play Rough|p2a: Shaymin\n|-damage|p2a: Shaymin|0 fnt\n|faint|p2a: Shaymin\n|-damage|p1a: Mimikyu|72/216|[from] item: Life Orb\n|\n|upkeep\n|\n|t:|1783553253\n|switch|p2a: Pincurchin|Pincurchin, M|100/100\n|-fieldstart|move: Electric Terrain|[from] ability: Electric Surge|[of] p2a: Pincurchin\n|turn|15\n|inactive|Time left: 300 sec this turn | 300 sec total\n|\n|t:|1783553255\n|move|p1a: Mimikyu|Play Rough|p2a: Pincurchin\n|-damage|p2a: Pincurchin|37/100\n|-damage|p1a: Mimikyu|51/216|[from] item: Life Orb\n|move|p2a: Pincurchin|Thunderbolt|p1a: Mimikyu\n|-crit|p1a: Mimikyu\n|-damage|p1a: Mimikyu|0 fnt\n|faint|p1a: Mimikyu\n|\n|-heal|p2a: Pincurchin|43/100|[from] item: Leftovers\n|upkeep\n|inactive|Time left: 300 sec this turn | 300 sec total | 5 sec grace\n|\n|t:|1783553256\n|switch|p1a: Electivire|Electivire, L84, M|263/263\n|turn|16\n|inactive|Time left: 300 sec this turn | 300 sec total\n|\n|t:|1783553257\n|move|p1a: Electivire|Earthquake|p2a: Pincurchin\n|-supereffective|p2a: Pincurchin\n|-damage|p2a: Pincurchin|0 fnt\n|faint|p2a: Pincurchin\n|\n|upkeep\n|\n|t:|1783553258\n|switch|p2a: Chien-Pao|Chien-Pao, L72|100/100\n|-ability|p2a: Chien-Pao|Sword of Ruin\n|turn|17\n|inactive|Time left: 300 sec this turn | 300 sec total\n|\n|t:|1783553259\n|move|p1a: Electivire|Earthquake|p2a: Chien-Pao\n|-damage|p2a: Chien-Pao|52/100\n|move|p2a: Chien-Pao|Swords Dance|p2a: Chien-Pao\n|-boost|p2a: Chien-Pao|atk|2\n|\n|upkeep\n|turn|18\n|inactive|Time left: 300 sec this turn | 300 sec total\n|\n|t:|1783553260\n|-terastallize|p1a: Electivire|Ground\n|move|p1a: Electivire|Earthquake|p2a: Chien-Pao\n|-damage|p2a: Chien-Pao|0 fnt\n|faint|p2a: Chien-Pao\n|\n|upkeep\n|\n|t:|1783553262\n|switch|p2a: Chimecho|Chimecho, L93, F|100/100\n|turn|19\n|inactive|Time left: 300 sec this turn | 300 sec total\n|\n|t:|1783553263\n|switch|p1a: Politoed|Politoed, L88, F|302/302\n|-weather|RainDance|[from] ability: Drizzle|[of] p1a: Politoed\n|move|p2a: Chimecho|Psychic Noise|p1a: Politoed\n|-damage|p1a: Politoed|214/302\n|-start|p1a: Politoed|move: Heal Block\n|\n|-weather|RainDance|[upkeep]\n|-fieldend|move: Electric Terrain\n|upkeep\n|turn|20\n|inactive|Time left: 300 sec this turn | 300 sec total\n|\n|t:|1783553264\n|move|p2a: Chimecho|Knock Off|p1a: Politoed\n|-damage|p1a: Politoed|159/302\n|-enditem|p1a: Politoed|Leftovers|[from] move: Knock Off|[of] p2a: Chimecho\n|move|p1a: Politoed|Surf|p2a: Chimecho\n|-damage|p2a: Chimecho|54/100\n|\n|-weather|RainDance|[upkeep]\n|-heal|p2a: Chimecho|60/100|[from] item: Leftovers\n|-end|p1a: Politoed|move: Heal Block\n|upkeep\n|turn|21\n|inactive|Time left: 300 sec this turn | 300 sec total\n|\n|t:|1783553266\n|move|p2a: Chimecho|Psychic Noise|p1a: Politoed\n|-damage|p1a: Politoed|72/302\n|-start|p1a: Politoed|move: Heal Block\n|move|p1a: Politoed|Surf|p2a: Chimecho\n|-damage|p2a: Chimecho|15/100\n|\n|-weather|RainDance|[upkeep]\n|-heal|p2a: Chimecho|21/100|[from] item: Leftovers\n|upkeep\n|turn|22\n|inactive|Time left: 300 sec this turn | 300 sec total\n|\n|t:|1783553267\n|move|p2a: Chimecho|Recover|p2a: Chimecho\n|-heal|p2a: Chimecho|71/100\n|move|p1a: Politoed|Surf|p2a: Chimecho\n|-damage|p2a: Chimecho|27/100\n|\n|-weather|RainDance|[upkeep]\n|-heal|p2a: Chimecho|34/100|[from] item: Leftovers\n|-end|p1a: Politoed|move: Heal Block\n|upkeep\n|turn|23\n|inactive|Time left: 300 sec this turn | 300 sec total\n|\n|t:|1783553268\n|move|p2a: Chimecho|Recover|p2a: Chimecho\n|-heal|p2a: Chimecho|84/100\n|move|p1a: Politoed|Surf|p2a: Chimecho\n|-damage|p2a: Chimecho|34/100\n|\n|-weather|none\n|-heal|p2a: Chimecho|40/100|[from] item: Leftovers\n|upkeep\n|turn|24\n|inactive|Time left: 300 sec this turn | 300 sec total\n|\n|t:|1783553270\n|switch|p1a: Noctowl|Noctowl, L95, M|344/344\n|move|p2a: Chimecho|Recover|p2a: Chimecho\n|-heal|p2a: Chimecho|90/100\n|\n|-heal|p2a: Chimecho|96/100|[from] item: Leftovers\n|upkeep\n|turn|25\n|inactive|Time left: 300 sec this turn | 300 sec total\n|\n|t:|1783553271\n|move|p1a: Noctowl|Hurricane|p2a: Chimecho\n|-damage|p2a: Chimecho|52/100\n|move|p2a: Chimecho|Psychic Noise|p1a: Noctowl\n|-damage|p1a: Noctowl|263/344\n|-start|p1a: Noctowl|move: Heal Block\n|\n|-heal|p2a: Chimecho|58/100|[from] item: Leftovers\n|upkeep\n|turn|26\n|inactive|Time left: 300 sec this turn | 300 sec total\n|\n|t:|1783553272\n|move|p1a: Noctowl|Hurricane|p2a: Chimecho\n|-damage|p2a: Chimecho|15/100\n|-start|p2a: Chimecho|confusion\n|-activate|p2a: Chimecho|confusion\n|move|p2a: Chimecho|Recover|p2a: Chimecho\n|-heal|p2a: Chimecho|65/100\n|\n|-heal|p2a: Chimecho|71/100|[from] item: Leftovers\n|-end|p1a: Noctowl|move: Heal Block\n|upkeep\n|turn|27\n|inactive|Time left: 300 sec this turn | 300 sec total\n|\n|t:|1783553274\n|switch|p2a: Scream Tail|Scream Tail, L84|100/100\n|move|p1a: Noctowl|Hurricane|p2a: Scream Tail\n|-damage|p2a: Scream Tail|67/100\n|\n|-heal|p2a: Scream Tail|74/100|[from] item: Leftovers\n|upkeep\n|turn|28\n|inactive|Time left: 300 sec this turn | 300 sec total\n|\n|t:|1783553275\n|move|p2a: Scream Tail|Wish|p2a: Scream Tail\n|move|p1a: Noctowl|Roost|p1a: Noctowl\n|-heal|p1a: Noctowl|344/344\n|-singleturn|p1a: Noctowl|move: Roost\n|\n|-heal|p2a: Scream Tail|80/100|[from] item: Leftovers\n|upkeep\n|turn|29\n|inactive|Time left: 300 sec this turn | 300 sec total\n|\n|t:|1783553275\n|move|p2a: Scream Tail|Encore|p1a: Noctowl\n|-start|p1a: Noctowl|Encore\n|move|p1a: Noctowl|Roost||[still]\n|-fail|p1a: Noctowl|heal\n|\n|-heal|p2a: Scream Tail|100/100|[from] move: Wish|[wisher] Scream Tail\n|upkeep\n|turn|30\n|inactive|Time left: 300 sec this turn | 300 sec total\n|\n|t:|1783553276\n|move|p2a: Scream Tail|Dazzling Gleam|p1a: Noctowl\n|-damage|p1a: Noctowl|289/344\n|move|p1a: Noctowl|Roost|p1a: Noctowl\n|-heal|p1a: Noctowl|344/344\n|-singleturn|p1a: Noctowl|move: Roost\n|\n|upkeep\n|turn|31\n|inactive|Time left: 300 sec this turn | 300 sec total\n|\n|t:|1783553277\n|switch|p1a: Electivire|Electivire, L84, M, tera:Ground|263/263\n|move|p2a: Scream Tail|Dazzling Gleam|p1a: Electivire\n|-damage|p1a: Electivire|199/263\n|\n|upkeep\n|turn|32\n|inactive|Time left: 300 sec this turn | 300 sec total\n|\n|t:|1783553278\n|move|p1a: Electivire|Knock Off|p2a: Scream Tail\n|-damage|p2a: Scream Tail|79/100\n|-enditem|p2a: Scream Tail|Leftovers|[from] move: Knock Off|[of] p1a: Electivire\n|move|p2a: Scream Tail|Dazzling Gleam|p1a: Electivire\n|-damage|p1a: Electivire|139/263\n|\n|upkeep\n|turn|33\n|inactive|Time left: 300 sec this turn | 300 sec total\n|\n|t:|1783553280\n|move|p1a: Electivire|Knock Off|p2a: Scream Tail\n|-damage|p2a: Scream Tail|63/100\n|move|p2a: Scream Tail|Wish|p2a: Scream Tail\n|\n|upkeep\n|turn|34\n|inactive|Time left: 300 sec this turn | 300 sec total\n|\n|t:|1783553281\n|switch|p1a: Noctowl|Noctowl, L95, M|344/344\n|move|p2a: Scream Tail|Dazzling Gleam|p1a: Noctowl\n|-damage|p1a: Noctowl|289/344\n|\n|-heal|p2a: Scream Tail|100/100|[from] move: Wish|[wisher] Scream Tail\n|upkeep\n|turn|35\n|inactive|Time left: 300 sec this turn | 300 sec total\n|\n|t:|1783553282\n|move|p2a: Scream Tail|Wish|p2a: Scream Tail\n|move|p1a: Noctowl|Roost|p1a: Noctowl\n|-heal|p1a: Noctowl|344/344\n|-singleturn|p1a: Noctowl|move: Roost\n|\n|upkeep\n|turn|36\n|inactive|Time left: 300 sec this turn | 300 sec total\n|\n|t:|1783553283\n|move|p2a: Scream Tail|Encore|p1a: Noctowl\n|-start|p1a: Noctowl|Encore\n|move|p1a: Noctowl|Roost||[still]\n|-fail|p1a: Noctowl|heal\n|\n|upkeep\n|turn|37\n|inactive|Time left: 300 sec this turn | 300 sec total\n|\n|t:|1783553284\n|switch|p1a: Electivire|Electivire, L84, M, tera:Ground|139/263\n|move|p2a: Scream Tail|Dazzling Gleam|p1a: Electivire\n|-damage|p1a: Electivire|76/263\n|\n|upkeep\n|turn|38\n|inactive|Time left: 300 sec this turn | 300 sec total\n|\n|t:|1783553285\n|switch|p1a: Noctowl|Noctowl, L95, M|344/344\n|move|p2a: Scream Tail|Protect||[still]\n|-fail|p2a: Scream Tail\n|\n|upkeep\n|turn|39\n|inactive|Time left: 300 sec this turn | 300 sec total\n|\n|t:|1783553286\n|move|p2a: Scream Tail|Dazzling Gleam|p1a: Noctowl\n|-damage|p1a: Noctowl|295/344\n|move|p1a: Noctowl|Hyper Voice|p2a: Scream Tail\n|-damage|p2a: Scream Tail|73/100\n|\n|upkeep\n|turn|40\n|inactive|Time left: 300 sec this turn | 300 sec total\n|\n|t:|1783553287\n|move|p2a: Scream Tail|Wish|p2a: Scream Tail\n|move|p1a: Noctowl|Hyper Voice|p2a: Scream Tail\n|-damage|p2a: Scream Tail|46/100\n|\n|upkeep\n|turn|41\n|inactive|Time left: 300 sec this turn | 300 sec total\n|\n|t:|1783553288\n|move|p2a: Scream Tail|Encore|p1a: Noctowl\n|-start|p1a: Noctowl|Encore\n|move|p1a: Noctowl|Hyper Voice|p2a: Scream Tail\n|-damage|p2a: Scream Tail|19/100\n|\n|-heal|p2a: Scream Tail|69/100|[from] move: Wish|[wisher] Scream Tail\n|upkeep\n|turn|42\n|inactive|Time left: 300 sec this turn | 300 sec total\n|\n|t:|1783553289\n|move|p2a: Scream Tail|Wish|p2a: Scream Tail\n|move|p1a: Noctowl|Hyper Voice|p2a: Scream Tail\n|-damage|p2a: Scream Tail|44/100\n|\n|upkeep\n|turn|43\n|inactive|Time left: 300 sec this turn | 300 sec total\n|\n|t:|1783553291\n|move|p2a: Scream Tail|Dazzling Gleam|p1a: Noctowl\n|-damage|p1a: Noctowl|246/344\n|move|p1a: Noctowl|Hyper Voice|p2a: Scream Tail\n|-damage|p2a: Scream Tail|16/100\n|\n|-heal|p2a: Scream Tail|66/100|[from] move: Wish|[wisher] Scream Tail\n|-end|p1a: Noctowl|Encore\n|upkeep\n|turn|44\n|inactive|Time left: 300 sec this turn | 300 sec total\n|\n|t:|1783553292\n|move|p2a: Scream Tail|Wish|p2a: Scream Tail\n|move|p1a: Noctowl|Hyper Voice|p2a: Scream Tail\n|-damage|p2a: Scream Tail|39/100\n|\n|upkeep\n|turn|45\n|inactive|Time left: 300 sec this turn | 300 sec total\n|\n|t:|1783553293\n|move|p2a: Scream Tail|Encore|p1a: Noctowl\n|-start|p1a: Noctowl|Encore\n|move|p1a: Noctowl|Hyper Voice|p2a: Scream Tail\n|-damage|p2a: Scream Tail|14/100\n|\n|-heal|p2a: Scream Tail|64/100|[from] move: Wish|[wisher] Scream Tail\n|upkeep\n|turn|46\n|inactive|Time left: 300 sec this turn | 300 sec total\n|\n|t:|1783553294\n|move|p2a: Scream Tail|Wish|p2a: Scream Tail\n|move|p1a: Noctowl|Hyper Voice|p2a: Scream Tail\n|-damage|p2a: Scream Tail|34/100\n|\n|upkeep\n|turn|47\n|inactive|Time left: 300 sec this turn | 300 sec total\n|\n|t:|1783553295\n|move|p2a: Scream Tail|Protect|p2a: Scream Tail\n|-singleturn|p2a: Scream Tail|Protect\n|move|p1a: Noctowl|Hyper Voice|p2a: Scream Tail\n|-activate|p2a: Scream Tail|move: Protect\n|\n|-heal|p2a: Scream Tail|84/100|[from] move: Wish|[wisher] Scream Tail\n|-end|p1a: Noctowl|Encore\n|upkeep\n|turn|48\n|inactive|Time left: 300 sec this turn | 300 sec total\n|\n|t:|1783553296\n|move|p2a: Scream Tail|Wish|p2a: Scream Tail\n|move|p1a: Noctowl|Hyper Voice|p2a: Scream Tail\n|-damage|p2a: Scream Tail|57/100\n|\n|upkeep\n|turn|49\n|inactive|Time left: 300 sec this turn | 300 sec total\n|\n|t:|1783553297\n|move|p2a: Scream Tail|Encore|p1a: Noctowl\n|-start|p1a: Noctowl|Encore\n|move|p1a: Noctowl|Hyper Voice|p2a: Scream Tail\n|-damage|p2a: Scream Tail|28/100\n|\n|-heal|p2a: Scream Tail|78/100|[from] move: Wish|[wisher] Scream Tail\n|upkeep\n|turn|50\n|inactive|Time left: 300 sec this turn | 300 sec total\n|\n|t:|1783553298\n|move|p2a: Scream Tail|Wish|p2a: Scream Tail\n|move|p1a: Noctowl|Hyper Voice|p2a: Scream Tail\n|-damage|p2a: Scream Tail|50/100\n|\n|upkeep\n|turn|51\n|inactive|Time left: 300 sec this turn | 300 sec total\n|\n|t:|1783553299\n|move|p2a: Scream Tail|Dazzling Gleam|p1a: Noctowl\n|-damage|p1a: Noctowl|195/344\n|move|p1a: Noctowl|Hyper Voice|p2a: Scream Tail\n|-damage|p2a: Scream Tail|23/100\n|\n|-heal|p2a: Scream Tail|73/100|[from] move: Wish|[wisher] Scream Tail\n|-end|p1a: Noctowl|Encore\n|upkeep\n|turn|52\n|inactive|Time left: 300 sec this turn | 300 sec total\n|\n|t:|1783553300\n|move|p2a: Scream Tail|Wish|p2a: Scream Tail\n|move|p1a: Noctowl|Roost|p1a: Noctowl\n|-heal|p1a: Noctowl|344/344\n|-singleturn|p1a: Noctowl|move: Roost\n|\n|upkeep\n|turn|53\n|inactive|Time left: 300 sec this turn | 300 sec total\n|\n|t:|1783553301\n|move|p2a: Scream Tail|Encore|p1a: Noctowl\n|-start|p1a: Noctowl|Encore\n|move|p1a: Noctowl|Roost||[still]\n|-fail|p1a: Noctowl|heal\n|\n|-heal|p2a: Scream Tail|100/100|[from] move: Wish|[wisher] Scream Tail\n|upkeep\n|turn|54\n|inactive|Time left: 300 sec this turn | 300 sec total\n|\n|t:|1783553302\n|-end|p2a: Scream Tail|Protosynthesis|[silent]\n|switch|p2a: Chimecho|Chimecho, L93, F|71/100\n|switch|p1a: Electivire|Electivire, L84, M, tera:Ground|76/263\n|\n|-heal|p2a: Chimecho|77/100|[from] item: Leftovers\n|upkeep\n|turn|55\n|inactive|Time left: 300 sec this turn | 300 sec total\n|\n|t:|1783553303\n|move|p1a: Electivire|Knock Off|p2a: Chimecho\n|-supereffective|p2a: Chimecho\n|-damage|p2a: Chimecho|17/100\n|-enditem|p2a: Chimecho|Leftovers|[from] move: Knock Off|[of] p1a: Electivire\n|move|p2a: Chimecho|Recover|p2a: Chimecho\n|-heal|p2a: Chimecho|67/100\n|\n|upkeep\n|turn|56\n|inactive|Time left: 300 sec this turn | 300 sec total\n|\n|t:|1783553305\n|switch|p1a: Noctowl|Noctowl, L95, M|344/344\n|move|p2a: Chimecho|Psychic Noise|p1a: Noctowl\n|-damage|p1a: Noctowl|260/344\n|-start|p1a: Noctowl|move: Heal Block\n|\n|upkeep\n|turn|57\n|inactive|Time left: 300 sec this turn | 300 sec total\n|\n|t:|1783553306\n|move|p1a: Noctowl|Hurricane|p2a: Chimecho\n|-damage|p2a: Chimecho|22/100\n|-start|p2a: Chimecho|confusion\n|-activate|p2a: Chimecho|confusion\n|-damage|p2a: Chimecho|15/100|[from] confusion\n|\n|-end|p1a: Noctowl|move: Heal Block\n|upkeep\n|turn|58\n|inactive|Time left: 300 sec this turn | 300 sec total\n|\n|t:|1783553307\n|switch|p2a: Scream Tail|Scream Tail, L84|100/100\n|move|p1a: Noctowl|Hyper Voice|p2a: Scream Tail\n|-damage|p2a: Scream Tail|72/100\n|\n|upkeep\n|turn|59\n|inactive|Time left: 300 sec this turn | 300 sec total\n|\n|t:|1783553308\n|move|p2a: Scream Tail|Wish|p2a: Scream Tail\n|move|p1a: Noctowl|Hurricane|p2a: Scream Tail\n|-damage|p2a: Scream Tail|38/100\n|\n|upkeep\n|turn|60\n|inactive|Time left: 300 sec this turn | 300 sec total\n|\n|t:|1783553309\n|move|p2a: Scream Tail|Encore|p1a: Noctowl\n|-start|p1a: Noctowl|Encore\n|move|p1a: Noctowl|Hurricane|p2a: Scream Tail\n|-damage|p2a: Scream Tail|7/100\n|-start|p2a: Scream Tail|confusion\n|\n|-heal|p2a: Scream Tail|57/100|[from] move: Wish|[wisher] Scream Tail\n|upkeep\n|turn|61\n|inactive|Time left: 300 sec this turn | 300 sec total\n|\n|t:|1783553310\n|-activate|p2a: Scream Tail|confusion\n|move|p2a: Scream Tail|Wish|p2a: Scream Tail\n|move|p1a: Noctowl|Hurricane|p2a: Scream Tail\n|-damage|p2a: Scream Tail|22/100\n|\n|upkeep\n|turn|62\n|inactive|Time left: 300 sec this turn | 300 sec total\n|\n|t:|1783553311\n|-activate|p2a: Scream Tail|confusion\n|-damage|p2a: Scream Tail|18/100|[from] confusion\n|move|p1a: Noctowl|Hurricane|p2a: Scream Tail\n|-damage|p2a: Scream Tail|0 fnt\n|faint|p2a: Scream Tail\n|-end|p2a: Scream Tail|Protosynthesis|[silent]\n|\n|-end|p1a: Noctowl|Encore\n|upkeep\n|\n|t:|1783553312\n|switch|p2a: Chimecho|Chimecho, L93, F|15/100\n|turn|63\n|inactive|Time left: 300 sec this turn | 300 sec total\n|\n|t:|1783553313\n|move|p1a: Noctowl|Hyper Voice|p2a: Chimecho\n|-damage|p2a: Chimecho|0 fnt\n|faint|p2a: Chimecho\n|\n|win|p0x1142525b", "uploadtime": 1783553313, "views": 0, "rating": 0, "private": 0, "password": null, "_winner": "p0x1142525b", "_our_name": "p0x1142525b"}