{"id": "battle-gen9randombattle-49", "formatid": "gen9randombattle", "format": "[Gen 9] Random Battle", "players": ["p0x0492e7f", "p0y0492b47"], "log": "|init|battle\n|title|p0x0492e7f vs. p0y0492b47\n|j|\u2606p0x0492e7f\n|j|\u2606p0y0492b47\n|t:|1783534350\n|gametype|singles\n|player|p1|p0x0492e7f|266|\n|player|p2|p0y0492b47|101|\n|gen|9\n|tier|[Gen 9] Random Battle\n|rule|Species Clause: Limit one of each Pok\u00e9mon\n|rule|HP Percentage Mod: HP is shown in percentages\n|rule|Sleep Clause Mod: Limit one foe put to sleep\n|rule|Illusion Level Mod: Illusion disguises the Pok\u00e9mon's true level\n|\n|t:|1783534350\n|teamsize|p1|6\n|teamsize|p2|6\n|start\n|switch|p1a: Ludicolo|Ludicolo, L90, F|100/100\n|switch|p2a: Lycanroc|Lycanroc-Dusk, L81, M|254/254\n|turn|1\n|inactive|Battle timer is ON: inactive players will automatically lose when time's up. (requested by p0y0492b47)\n|inactive|p0x0492e7f also wants the timer to be on.\n|\n|t:|1783534351\n|-terastallize|p2a: Lycanroc|Fighting\n|move|p2a: Lycanroc|Close Combat|p1a: Ludicolo\n|-crit|p1a: Ludicolo\n|-damage|p1a: Ludicolo|0 fnt\n|-unboost|p2a: Lycanroc|def|1\n|-unboost|p2a: Lycanroc|spd|1\n|faint|p1a: Ludicolo\n|\n|upkeep\n|\n|t:|1783534352\n|switch|p1a: Whimsicott|Whimsicott, L84, M|100/100\n|turn|2\n|inactive|Time left: 300 sec this turn | 300 sec total\n|\n|t:|1783534353\n|switch|p2a: Frosmoth|Frosmoth, L82, M|249/249\n|move|p1a: Whimsicott|Moonblast|p2a: Frosmoth\n|-damage|p2a: Frosmoth|203/249\n|\n|upkeep\n|turn|3\n|inactive|Time left: 300 sec this turn | 300 sec total\n|\n|t:|1783534354\n|switch|p1a: Solgaleo|Solgaleo, L74|100/100\n|move|p2a: Frosmoth|Ice Beam|p1a: Solgaleo\n|-resisted|p1a: Solgaleo\n|-crit|p1a: Solgaleo\n|-damage|p1a: Solgaleo|72/100\n|-status|p1a: Solgaleo|frz\n|\n|-heal|p1a: Solgaleo|79/100 frz|[from] item: Leftovers\n|upkeep\n|turn|4\n|inactive|Time left: 300 sec this turn | 300 sec total\n|\n|t:|1783534356\n|cant|p1a: Solgaleo|frz\n|move|p2a: Frosmoth|Quiver Dance|p2a: Frosmoth\n|-boost|p2a: Frosmoth|spa|1\n|-boost|p2a: Frosmoth|spd|1\n|-boost|p2a: Frosmoth|spe|1\n|\n|-heal|p1a: Solgaleo|85/100 frz|[from] item: Leftovers\n|upkeep\n|turn|5\n|inactive|Time left: 300 sec this turn | 300 sec total\n|\n|t:|1783534357\n|move|p2a: Frosmoth|Quiver Dance|p2a: Frosmoth\n|-boost|p2a: Frosmoth|spa|1\n|-boost|p2a: Frosmoth|spd|1\n|-boost|p2a: Frosmoth|spe|1\n|cant|p1a: Solgaleo|frz\n|\n|-heal|p1a: Solgaleo|91/100 frz|[from] item: Leftovers\n|upkeep\n|turn|6\n|inactive|Time left: 300 sec this turn | 300 sec total\n|\n|t:|1783534358\n|move|p2a: Frosmoth|Ice Beam|p1a: Solgaleo\n|-resisted|p1a: Solgaleo\n|-damage|p1a: Solgaleo|52/100 frz\n|cant|p1a: Solgaleo|frz\n|\n|-heal|p1a: Solgaleo|58/100 frz|[from] item: Leftovers\n|upkeep\n|turn|7\n|inactive|Time left: 300 sec this turn | 300 sec total\n|\n|t:|1783534359\n|move|p2a: Frosmoth|Ice Beam|p1a: Solgaleo\n|-resisted|p1a: Solgaleo\n|-damage|p1a: Solgaleo|20/100 frz\n|cant|p1a: Solgaleo|frz\n|\n|-heal|p1a: Solgaleo|26/100 frz|[from] item: Leftovers\n|upkeep\n|turn|8\n|inactive|Time left: 300 sec this turn | 300 sec total\n|\n|t:|1783534360\n|move|p2a: Frosmoth|Ice Beam|p1a: Solgaleo\n|-resisted|p1a: Solgaleo\n|-damage|p1a: Solgaleo|0 fnt\n|faint|p1a: Solgaleo\n|\n|upkeep\n|\n|t:|1783534361\n|switch|p1a: Probopass|Probopass, L91, F|100/100\n|turn|9\n|inactive|Time left: 300 sec this turn | 300 sec total\n|\n|t:|1783534362\n|move|p2a: Frosmoth|Hurricane|p1a: Probopass|[miss]\n|-miss|p2a: Frosmoth|p1a: Probopass\n|move|p1a: Probopass|Body Press|p2a: Frosmoth\n|-damage|p2a: Frosmoth|74/249\n|\n|upkeep\n|turn|10\n|inactive|Time left: 300 sec this turn | 300 sec total\n|\n|t:|1783534363\n|move|p2a: Frosmoth|Ice Beam|p1a: Probopass\n|-resisted|p1a: Probopass\n|-damage|p1a: Probopass|75/100\n|move|p1a: Probopass|Body Press|p2a: Frosmoth\n|-damage|p2a: Frosmoth|0 fnt\n|faint|p2a: Frosmoth\n|\n|upkeep\n|inactive|Time left: 300 sec this turn | 300 sec total | 5 sec grace\n|\n|t:|1783534363\n|switch|p2a: Lycanroc|Lycanroc-Dusk, L81, M, tera:Fighting|254/254\n|turn|11\n|inactive|Time left: 300 sec this turn | 300 sec total\n|\n|t:|1783534364\n|-terastallize|p1a: Probopass|Fighting\n|move|p2a: Lycanroc|Close Combat|p1a: Probopass\n|-damage|p1a: Probopass|7/100\n|-unboost|p2a: Lycanroc|def|1\n|-unboost|p2a: Lycanroc|spd|1\n|move|p1a: Probopass|Body Press|p2a: Lycanroc\n|-damage|p2a: Lycanroc|0 fnt\n|faint|p2a: Lycanroc\n|\n|upkeep\n|inactive|Time left: 300 sec this turn | 300 sec total | 5 sec grace\n|\n|t:|1783534365\n|switch|p2a: Eiscue|Eiscue, L88, M|274/274\n|turn|12\n|inactive|Time left: 300 sec this turn | 300 sec total\n|\n|t:|1783534366\n|move|p2a: Eiscue|Ice Spinner|p1a: Probopass\n|-damage|p1a: Probopass|0 fnt\n|faint|p1a: Probopass\n|\n|upkeep\n|\n|t:|1783534367\n|switch|p1a: Noctowl|Noctowl, L95, M|100/100\n|turn|13\n|inactive|Time left: 300 sec this turn | 300 sec total\n|\n|t:|1783534368\n|move|p1a: Noctowl|Hurricane|p2a: Eiscue\n|-damage|p2a: Eiscue|147/274\n|move|p2a: Eiscue|Ice Spinner|p1a: Noctowl\n|-supereffective|p1a: Noctowl\n|-damage|p1a: Noctowl|43/100\n|\n|upkeep\n|turn|14\n|inactive|Time left: 300 sec this turn | 300 sec total\n|\n|t:|1783534369\n|move|p1a: Noctowl|Roost|p1a: Noctowl\n|-heal|p1a: Noctowl|93/100\n|-singleturn|p1a: Noctowl|move: Roost\n|move|p2a: Eiscue|Ice Spinner|p1a: Noctowl\n|-damage|p1a: Noctowl|65/100\n|\n|upkeep\n|turn|15\n|inactive|Time left: 300 sec this turn | 300 sec total\n|\n|t:|1783534370\n|move|p1a: Noctowl|Roost|p1a: Noctowl\n|-heal|p1a: Noctowl|100/100\n|-singleturn|p1a: Noctowl|move: Roost\n|move|p2a: Eiscue|Ice Spinner|p1a: Noctowl\n|-damage|p1a: Noctowl|67/100\n|\n|upkeep\n|turn|16\n|inactive|Time left: 300 sec this turn | 300 sec total\n|\n|t:|1783534371\n|move|p1a: Noctowl|Roost|p1a: Noctowl\n|-heal|p1a: Noctowl|100/100\n|-singleturn|p1a: Noctowl|move: Roost\n|move|p2a: Eiscue|Ice Spinner|p1a: Noctowl\n|-damage|p1a: Noctowl|72/100\n|\n|upkeep\n|turn|17\n|inactive|Time left: 300 sec this turn | 300 sec total\n|\n|t:|1783534372\n|move|p1a: Noctowl|Roost|p1a: Noctowl\n|-heal|p1a: Noctowl|100/100\n|-singleturn|p1a: Noctowl|move: Roost\n|move|p2a: Eiscue|Ice Spinner|p1a: Noctowl\n|-damage|p1a: Noctowl|68/100\n|\n|upkeep\n|turn|18\n|inactive|Time left: 300 sec this turn | 300 sec total\n|\n|t:|1783534373\n|move|p1a: Noctowl|Hyper Voice|p2a: Eiscue\n|-damage|p2a: Eiscue|39/274\n|-enditem|p2a: Eiscue|Sitrus Berry|[eat]\n|-heal|p2a: Eiscue|107/274|[from] item: Sitrus Berry\n|move|p2a: Eiscue|Ice Spinner|p1a: Noctowl\n|-supereffective|p1a: Noctowl\n|-damage|p1a: Noctowl|10/100\n|\n|upkeep\n|turn|19\n|inactive|Time left: 300 sec this turn | 300 sec total\n|\n|t:|1783534374\n|move|p1a: Noctowl|Roost|p1a: Noctowl\n|-heal|p1a: Noctowl|60/100\n|-singleturn|p1a: Noctowl|move: Roost\n|move|p2a: Eiscue|Ice Spinner|p1a: Noctowl\n|-damage|p1a: Noctowl|32/100\n|\n|upkeep\n|turn|20\n|inactive|Time left: 300 sec this turn | 300 sec total\n|\n|t:|1783534375\n|move|p1a: Noctowl|Roost|p1a: Noctowl\n|-heal|p1a: Noctowl|82/100\n|-singleturn|p1a: Noctowl|move: Roost\n|move|p2a: Eiscue|Ice Spinner|p1a: Noctowl\n|-damage|p1a: Noctowl|50/100\n|\n|upkeep\n|turn|21\n|inactive|Time left: 300 sec this turn | 300 sec total\n|\n|t:|1783534376\n|move|p1a: Noctowl|Roost|p1a: Noctowl\n|-heal|p1a: Noctowl|99/100\n|-singleturn|p1a: Noctowl|move: Roost\n|move|p2a: Eiscue|Ice Spinner|p1a: Noctowl\n|-damage|p1a: Noctowl|71/100\n|\n|upkeep\n|turn|22\n|inactive|Time left: 300 sec this turn | 300 sec total\n|\n|t:|1783534377\n|move|p1a: Noctowl|Hurricane|p2a: Eiscue\n|-damage|p2a: Eiscue|0 fnt\n|faint|p2a: Eiscue\n|\n|upkeep\n|inactive|Time left: 300 sec this turn | 300 sec total | 5 sec grace\n|\n|t:|1783534378\n|switch|p2a: Wugtrio|Wugtrio, L91, F|212/212\n|turn|23\n|inactive|Time left: 300 sec this turn | 300 sec total\n|\n|t:|1783534379\n|move|p2a: Wugtrio|Liquidation|p1a: Noctowl\n|-damage|p1a: Noctowl|4/100\n|move|p1a: Noctowl|Hurricane|p2a: Wugtrio\n|-damage|p2a: Wugtrio|74/212\n|-start|p2a: Wugtrio|confusion\n|\n|upkeep\n|turn|24\n|inactive|Time left: 300 sec this turn | 300 sec total\n|\n|t:|1783534380\n|-activate|p2a: Wugtrio|confusion\n|-damage|p2a: Wugtrio|25/212|[from] confusion\n|move|p1a: Noctowl|Roost|p1a: Noctowl\n|-heal|p1a: Noctowl|54/100\n|-singleturn|p1a: Noctowl|move: Roost\n|\n|upkeep\n|turn|25\n|inactive|Time left: 300 sec this turn | 300 sec total\n|\n|t:|1783534381\n|switch|p1a: Whimsicott|Whimsicott, L84, M|100/100\n|-end|p2a: Wugtrio|confusion\n|move|p2a: Wugtrio|Liquidation|p1a: Whimsicott\n|-resisted|p1a: Whimsicott\n|-damage|p1a: Whimsicott|66/100\n|\n|-heal|p1a: Whimsicott|72/100|[from] item: Leftovers\n|upkeep\n|turn|26\n|inactive|Time left: 300 sec this turn | 300 sec total\n|\n|t:|1783534382\n|move|p1a: Whimsicott|Leech Seed|p2a: Wugtrio|[miss]\n|-miss|p1a: Whimsicott|p2a: Wugtrio\n|move|p2a: Wugtrio|Liquidation|p1a: Whimsicott\n|-resisted|p1a: Whimsicott\n|-damage|p1a: Whimsicott|35/100\n|\n|-heal|p1a: Whimsicott|40/100|[from] item: Leftovers\n|upkeep\n|turn|27\n|inactive|Time left: 300 sec this turn | 300 sec total\n|\n|t:|1783534383\n|move|p2a: Wugtrio|Liquidation|p1a: Whimsicott\n|-resisted|p1a: Whimsicott\n|-damage|p1a: Whimsicott|6/100\n|move|p1a: Whimsicott|Moonblast|p2a: Wugtrio\n|-crit|p2a: Wugtrio\n|-damage|p2a: Wugtrio|0 fnt\n|faint|p2a: Wugtrio\n|\n|-heal|p1a: Whimsicott|12/100|[from] item: Leftovers\n|upkeep\n|inactive|Time left: 300 sec this turn | 300 sec total | 5 sec grace\n|\n|t:|1783534384\n|switch|p2a: Gouging Fire|Gouging Fire, L74|277/277\n|turn|28\n|inactive|Time left: 300 sec this turn | 300 sec total\n|\n|t:|1783534385\n|move|p1a: Whimsicott|Leech Seed|p2a: Gouging Fire\n|-start|p2a: Gouging Fire|move: Leech Seed\n|move|p2a: Gouging Fire|Heat Crash|p1a: Whimsicott\n|-supereffective|p1a: Whimsicott\n|-damage|p1a: Whimsicott|0 fnt\n|faint|p1a: Whimsicott\n|\n|upkeep\n|\n|t:|1783534386\n|switch|p1a: Maushold|Maushold-Four, L76|100/100\n|turn|29\n|inactive|Time left: 300 sec this turn | 300 sec total\n|\n|t:|1783534387\n|-end|p2a: Gouging Fire|Protosynthesis|[silent]\n|switch|p2a: Scrafty|Scrafty, L83, M|244/244\n|move|p1a: Maushold|Tidy Up|p1a: Maushold\n|-boost|p1a: Maushold|atk|1\n|-boost|p1a: Maushold|spe|1\n|\n|upkeep\n|turn|30\n|inactive|Time left: 300 sec this turn | 300 sec total\n|\n|t:|1783534388\n|switch|p2a: Gouging Fire|Gouging Fire, L74|277/277\n|move|p1a: Maushold|Population Bomb|p2a: Gouging Fire\n|-damage|p2a: Gouging Fire|247/277\n|-damage|p2a: Gouging Fire|216/277\n|-damage|p2a: Gouging Fire|183/277\n|-damage|p2a: Gouging Fire|153/277\n|-damage|p2a: Gouging Fire|125/277\n|-damage|p2a: Gouging Fire|97/277\n|-damage|p2a: Gouging Fire|66/277\n|-damage|p2a: Gouging Fire|38/277\n|-damage|p2a: Gouging Fire|7/277\n|-damage|p2a: Gouging Fire|0 fnt\n|faint|p2a: Gouging Fire\n|-end|p2a: Gouging Fire|Protosynthesis|[silent]\n|-hitcount|p2: Gouging Fire|10\n|\n|upkeep\n|inactive|Time left: 300 sec this turn | 300 sec total | 5 sec grace\n|\n|t:|1783534388\n|switch|p2a: Scrafty|Scrafty, L83, M|244/244\n|turn|31\n|inactive|Time left: 300 sec this turn | 300 sec total\n|\n|t:|1783534389\n|move|p1a: Maushold|Population Bomb|p2a: Scrafty\n|-damage|p2a: Scrafty|219/244\n|-damage|p2a: Scrafty|189/244\n|-damage|p2a: Scrafty|158/244\n|-damage|p2a: Scrafty|130/244\n|-damage|p2a: Scrafty|103/244\n|-damage|p2a: Scrafty|75/244\n|-damage|p2a: Scrafty|47/244\n|-crit|p2a: Scrafty\n|-damage|p2a: Scrafty|5/244\n|-damage|p2a: Scrafty|0 fnt\n|faint|p2a: Scrafty\n|-hitcount|p2: Scrafty|9\n|\n|win|p0x0492e7f", "uploadtime": 1783534389, "views": 0, "rating": 0, "private": 0, "password": null, "_winner": "p0x0492e7f", "_our_name": "p0y0492b47"}