{"id": "battle-gen9randombattle-255", "formatid": "gen9randombattle", "format": "[Gen 9] Random Battle", "players": ["p0x2551119", "p0y2550a1f"], "log": "|init|battle\n|title|p0x2551119 vs. p0y2550a1f\n|j|\u2606p0x2551119\n|j|\u2606p0y2550a1f\n|t:|1783542529\n|gametype|singles\n|player|p1|p0x2551119|170|\n|player|p2|p0y2550a1f|265|\n|gen|9\n|tier|[Gen 9] Random Battle\n|rule|Species Clause: Limit one of each Pok\u00e9mon\n|rule|HP Percentage Mod: HP is shown in percentages\n|rule|Sleep Clause Mod: Limit one foe put to sleep\n|rule|Illusion Level Mod: Illusion disguises the Pok\u00e9mon's true level\n|\n|t:|1783542529\n|teamsize|p1|6\n|teamsize|p2|6\n|start\n|switch|p1a: Polteageist|Polteageist, L78|100/100\n|switch|p2a: Falinks|Falinks, L84|246/246\n|turn|1\n|inactive|Battle timer is ON: inactive players will automatically lose when time's up. (requested by p0y2550a1f)\n|inactive|p0x2551119 also wants the timer to be on.\n|\n|t:|1783542531\n|move|p2a: Falinks|No Retreat|p2a: Falinks\n|-boost|p2a: Falinks|atk|1\n|-boost|p2a: Falinks|def|1\n|-boost|p2a: Falinks|spa|1\n|-boost|p2a: Falinks|spd|1\n|-boost|p2a: Falinks|spe|1\n|-start|p2a: Falinks|move: No Retreat\n|move|p1a: Polteageist|Shell Smash|p1a: Polteageist\n|-unboost|p1a: Polteageist|def|1\n|-unboost|p1a: Polteageist|spd|1\n|-boost|p1a: Polteageist|atk|2\n|-boost|p1a: Polteageist|spa|2\n|-boost|p1a: Polteageist|spe|2\n|-enditem|p1a: Polteageist|White Herb\n|-clearnegativeboost|p1a: Polteageist|[silent]\n|\n|upkeep\n|turn|2\n|inactive|Time left: 300 sec this turn | 300 sec total\n|\n|t:|1783542532\n|-terastallize|p1a: Polteageist|Fighting\n|-terastallize|p2a: Falinks|Steel\n|move|p1a: Polteageist|Tera Blast|p2a: Falinks|[anim] Tera Blast Fighting\n|-supereffective|p2a: Falinks\n|-damage|p2a: Falinks|0 fnt\n|faint|p2a: Falinks\n|\n|upkeep\n|inactive|Time left: 300 sec this turn | 300 sec total | 5 sec grace\n|\n|t:|1783542533\n|switch|p2a: Florges|Florges-Orange, L85, F|271/271\n|turn|3\n|inactive|Time left: 300 sec this turn | 300 sec total\n|\n|t:|1783542534\n|move|p1a: Polteageist|Shadow Ball|p2a: Florges\n|-damage|p2a: Florges|159/271\n|move|p2a: Florges|Moonblast|p1a: Polteageist\n|-supereffective|p1a: Polteageist\n|-damage|p1a: Polteageist|10/100\n|\n|-heal|p2a: Florges|175/271|[from] item: Leftovers\n|upkeep\n|turn|4\n|inactive|Time left: 300 sec this turn | 300 sec total\n|\n|t:|1783542535\n|move|p1a: Polteageist|Stored Power|p2a: Florges\n|-damage|p2a: Florges|43/271\n|move|p2a: Florges|Moonblast|p1a: Polteageist\n|-supereffective|p1a: Polteageist\n|-damage|p1a: Polteageist|0 fnt\n|faint|p1a: Polteageist\n|\n|-heal|p2a: Florges|59/271|[from] item: Leftovers\n|upkeep\n|\n|t:|1783542536\n|switch|p1a: Armarouge|Armarouge, L80, F|100/100\n|turn|5\n|inactive|Time left: 300 sec this turn | 300 sec total\n|\n|t:|1783542537\n|move|p2a: Florges|Synthesis|p2a: Florges\n|-heal|p2a: Florges|194/271\n|move|p1a: Armarouge|Meteor Beam||[still]\n|-prepare|p1a: Armarouge|Meteor Beam\n|-boost|p1a: Armarouge|spa|1\n|-enditem|p1a: Armarouge|Power Herb\n|-anim|p1a: Armarouge|Meteor Beam|p2a: Florges\n|-damage|p2a: Florges|104/271\n|\n|-heal|p2a: Florges|120/271|[from] item: Leftovers\n|upkeep\n|turn|6\n|inactive|Time left: 300 sec this turn | 300 sec total\n|\n|t:|1783542538\n|move|p2a: Florges|Synthesis|p2a: Florges\n|-heal|p2a: Florges|255/271\n|move|p1a: Armarouge|Psyshock|p2a: Florges\n|-damage|p2a: Florges|75/271\n|\n|-heal|p2a: Florges|91/271|[from] item: Leftovers\n|upkeep\n|turn|7\n|inactive|Time left: 300 sec this turn | 300 sec total\n|\n|t:|1783542539\n|move|p2a: Florges|Synthesis|p2a: Florges\n|-heal|p2a: Florges|226/271\n|move|p1a: Armarouge|Psyshock|p2a: Florges\n|-damage|p2a: Florges|55/271\n|\n|-heal|p2a: Florges|71/271|[from] item: Leftovers\n|upkeep\n|turn|8\n|inactive|Time left: 300 sec this turn | 300 sec total\n|\n|t:|1783542540\n|move|p2a: Florges|Synthesis|p2a: Florges\n|-heal|p2a: Florges|206/271\n|move|p1a: Armarouge|Psyshock|p2a: Florges\n|-damage|p2a: Florges|34/271\n|\n|-heal|p2a: Florges|50/271|[from] item: Leftovers\n|upkeep\n|turn|9\n|inactive|Time left: 300 sec this turn | 300 sec total\n|\n|t:|1783542541\n|move|p2a: Florges|Moonblast|p1a: Armarouge\n|-resisted|p1a: Armarouge\n|-damage|p1a: Armarouge|75/100\n|move|p1a: Armarouge|Psyshock|p2a: Florges\n|-damage|p2a: Florges|0 fnt\n|faint|p2a: Florges\n|\n|upkeep\n|inactive|Time left: 300 sec this turn | 300 sec total | 5 sec grace\n|\n|t:|1783542542\n|switch|p2a: Sandy Shocks|Sandy Shocks, L80|267/267\n|turn|10\n|inactive|Time left: 300 sec this turn | 300 sec total\n|\n|t:|1783542543\n|switch|p1a: Tsareena|Tsareena, L87, F|100/100\n|move|p2a: Sandy Shocks|Earth Power|p1a: Tsareena\n|-resisted|p1a: Tsareena\n|-damage|p1a: Tsareena|84/100\n|\n|upkeep\n|turn|11\n|inactive|Time left: 300 sec this turn | 300 sec total\n|\n|t:|1783542545\n|-end|p2a: Sandy Shocks|Protosynthesis|[silent]\n|switch|p2a: Tropius|Tropius, L91, M|328/328\n|move|p1a: Tsareena|Power Whip|p2a: Tropius|[miss]\n|-miss|p1a: Tsareena|p2a: Tropius\n|\n|upkeep\n|turn|12\n|inactive|Time left: 300 sec this turn | 300 sec total\n|\n|t:|1783542546\n|switch|p1a: Roaring Moon|Roaring Moon, L72|100/100\n|move|p2a: Tropius|Dragon Dance|p2a: Tropius\n|-boost|p2a: Tropius|atk|1\n|-boost|p2a: Tropius|spe|1\n|\n|upkeep\n|turn|13\n|inactive|Time left: 300 sec this turn | 300 sec total\n|\n|t:|1783542547\n|move|p2a: Tropius|Dual Wingbeat|p1a: Roaring Moon\n|-damage|p1a: Roaring Moon|74/100\n|-damage|p1a: Roaring Moon|47/100\n|-hitcount|p1a: Roaring Moon|2\n|move|p1a: Roaring Moon|Outrage|p2a: Tropius\n|-damage|p2a: Tropius|139/328\n|-enditem|p2a: Tropius|Sitrus Berry|[eat]\n|-heal|p2a: Tropius|221/328|[from] item: Sitrus Berry\n|\n|-item|p2a: Tropius|Sitrus Berry|[from] ability: Harvest\n|upkeep\n|turn|14\n|inactive|Time left: 300 sec this turn | 300 sec total\n|\n|t:|1783542548\n|move|p2a: Tropius|Dragon Dance|p2a: Tropius\n|-boost|p2a: Tropius|atk|1\n|-boost|p2a: Tropius|spe|1\n|move|p1a: Roaring Moon|Outrage|p2a: Tropius|[from] lockedmove\n|-damage|p2a: Tropius|46/328\n|-enditem|p2a: Tropius|Sitrus Berry|[eat]\n|-heal|p2a: Tropius|128/328|[from] item: Sitrus Berry\n|-start|p1a: Roaring Moon|confusion|[fatigue]\n|\n|upkeep\n|turn|15\n|inactive|Time left: 300 sec this turn | 300 sec total\n|\n|t:|1783542549\n|-end|p1a: Roaring Moon|Protosynthesis|[silent]\n|switch|p1a: Bronzong|Bronzong, L88|100/100\n|move|p2a: Tropius|Synthesis|p2a: Tropius\n|-heal|p2a: Tropius|292/328\n|\n|upkeep\n|turn|16\n|inactive|Time left: 300 sec this turn | 300 sec total\n|\n|t:|1783542550\n|move|p2a: Tropius|Dragon Dance|p2a: Tropius\n|-boost|p2a: Tropius|atk|1\n|-boost|p2a: Tropius|spe|1\n|move|p1a: Bronzong|Hypnosis|p2a: Tropius|[miss]\n|-miss|p1a: Bronzong|p2a: Tropius\n|\n|upkeep\n|turn|17\n|inactive|Time left: 300 sec this turn | 300 sec total\n|\n|t:|1783542551\n|move|p2a: Tropius|Dragon Dance|p2a: Tropius\n|-boost|p2a: Tropius|atk|1\n|-boost|p2a: Tropius|spe|1\n|move|p1a: Bronzong|Hypnosis|p2a: Tropius\n|-status|p2a: Tropius|slp|[from] move: Hypnosis\n|\n|upkeep\n|turn|18\n|inactive|Time left: 300 sec this turn | 300 sec total\n|\n|t:|1783542552\n|switch|p1a: Revavroom|Revavroom, L79, M|100/100\n|cant|p2a: Tropius|slp\n|\n|upkeep\n|turn|19\n|inactive|Time left: 300 sec this turn | 300 sec total\n|\n|t:|1783542553\n|-curestatus|p2a: Tropius|slp|[msg]\n|move|p2a: Tropius|Earthquake|p1a: Revavroom\n|-supereffective|p1a: Revavroom\n|-damage|p1a: Revavroom|0 fnt\n|faint|p1a: Revavroom\n|\n|upkeep\n|\n|t:|1783542554\n|switch|p1a: Bronzong|Bronzong, L88|100/100\n|turn|20\n|inactive|Time left: 300 sec this turn | 300 sec total\n|\n|t:|1783542555\n|move|p2a: Tropius|Dual Wingbeat|p1a: Bronzong\n|-resisted|p1a: Bronzong\n|-damage|p1a: Bronzong|83/100\n|-resisted|p1a: Bronzong\n|-crit|p1a: Bronzong\n|-damage|p1a: Bronzong|58/100\n|-hitcount|p1a: Bronzong|2\n|move|p1a: Bronzong|Hypnosis|p2a: Tropius\n|-status|p2a: Tropius|slp|[from] move: Hypnosis\n|\n|-heal|p1a: Bronzong|64/100|[from] item: Leftovers\n|upkeep\n|turn|21\n|inactive|Time left: 300 sec this turn | 300 sec total\n|\n|t:|1783542556\n|cant|p2a: Tropius|slp\n|move|p1a: Bronzong|Iron Head|p2a: Tropius\n|-damage|p2a: Tropius|214/328 slp\n|\n|-heal|p1a: Bronzong|70/100|[from] item: Leftovers\n|upkeep\n|turn|22\n|inactive|Time left: 300 sec this turn | 300 sec total\n|\n|t:|1783542557\n|cant|p2a: Tropius|slp\n|move|p1a: Bronzong|Psychic|p2a: Tropius\n|-damage|p2a: Tropius|138/328 slp\n|\n|-heal|p1a: Bronzong|76/100|[from] item: Leftovers\n|-item|p2a: Tropius|Sitrus Berry|[from] ability: Harvest\n|upkeep\n|-enditem|p2a: Tropius|Sitrus Berry|[eat]\n|-heal|p2a: Tropius|220/328 slp|[from] item: Sitrus Berry\n|turn|23\n|inactive|Time left: 300 sec this turn | 300 sec total\n|\n|t:|1783542558\n|cant|p2a: Tropius|slp\n|move|p1a: Bronzong|Psychic|p2a: Tropius\n|-damage|p2a: Tropius|133/328 slp\n|\n|-heal|p1a: Bronzong|82/100|[from] item: Leftovers\n|-item|p2a: Tropius|Sitrus Berry|[from] ability: Harvest\n|upkeep\n|-enditem|p2a: Tropius|Sitrus Berry|[eat]\n|-heal|p2a: Tropius|215/328 slp|[from] item: Sitrus Berry\n|turn|24\n|inactive|Time left: 300 sec this turn | 300 sec total\n|\n|t:|1783542559\n|-curestatus|p2a: Tropius|slp|[msg]\n|move|p2a: Tropius|Dual Wingbeat|p1a: Bronzong\n|-resisted|p1a: Bronzong\n|-damage|p1a: Bronzong|66/100\n|-resisted|p1a: Bronzong\n|-damage|p1a: Bronzong|50/100\n|-hitcount|p1a: Bronzong|2\n|move|p1a: Bronzong|Hypnosis|p2a: Tropius\n|-status|p2a: Tropius|slp|[from] move: Hypnosis\n|\n|-heal|p1a: Bronzong|56/100|[from] item: Leftovers\n|-item|p2a: Tropius|Sitrus Berry|[from] ability: Harvest\n|upkeep\n|turn|25\n|inactive|Time left: 300 sec this turn | 300 sec total\n|\n|t:|1783542561\n|switch|p1a: Tsareena|Tsareena, L87, F|84/100\n|cant|p2a: Tropius|slp\n|\n|upkeep\n|turn|26\n|inactive|Time left: 300 sec this turn | 300 sec total\n|\n|t:|1783542562\n|-curestatus|p2a: Tropius|slp|[msg]\n|move|p2a: Tropius|Dual Wingbeat|p1a: Tsareena\n|-supereffective|p1a: Tsareena\n|-damage|p1a: Tsareena|5/100\n|-supereffective|p1a: Tsareena\n|-damage|p1a: Tsareena|0 fnt\n|faint|p1a: Tsareena\n|-hitcount|p1: Tsareena|2\n|\n|upkeep\n|\n|t:|1783542563\n|switch|p1a: Bronzong|Bronzong, L88|56/100\n|turn|27\n|inactive|Time left: 300 sec this turn | 300 sec total\n|\n|t:|1783542564\n|move|p2a: Tropius|Dual Wingbeat|p1a: Bronzong\n|-resisted|p1a: Bronzong\n|-damage|p1a: Bronzong|38/100\n|-resisted|p1a: Bronzong\n|-damage|p1a: Bronzong|22/100\n|-hitcount|p1a: Bronzong|2\n|move|p1a: Bronzong|Hypnosis|p2a: Tropius\n|-status|p2a: Tropius|slp|[from] move: Hypnosis\n|\n|-heal|p1a: Bronzong|28/100|[from] item: Leftovers\n|upkeep\n|turn|28\n|inactive|Time left: 300 sec this turn | 300 sec total\n|\n|t:|1783542565\n|cant|p2a: Tropius|slp\n|move|p1a: Bronzong|Iron Head|p2a: Tropius\n|-damage|p2a: Tropius|128/328 slp\n|-enditem|p2a: Tropius|Sitrus Berry|[eat]\n|-heal|p2a: Tropius|210/328 slp|[from] item: Sitrus Berry\n|\n|-heal|p1a: Bronzong|35/100|[from] item: Leftovers\n|-item|p2a: Tropius|Sitrus Berry|[from] ability: Harvest\n|upkeep\n|turn|29\n|inactive|Time left: 300 sec this turn | 300 sec total\n|\n|t:|1783542566\n|cant|p2a: Tropius|slp\n|move|p1a: Bronzong|Psychic|p2a: Tropius\n|-damage|p2a: Tropius|129/328 slp\n|-enditem|p2a: Tropius|Sitrus Berry|[eat]\n|-heal|p2a: Tropius|211/328 slp|[from] item: Sitrus Berry\n|\n|-heal|p1a: Bronzong|41/100|[from] item: Leftovers\n|upkeep\n|turn|30\n|inactive|Time left: 300 sec this turn | 300 sec total\n|\n|t:|1783542567\n|cant|p2a: Tropius|slp\n|move|p1a: Bronzong|Iron Head|p2a: Tropius\n|-damage|p2a: Tropius|126/328 slp\n|\n|-heal|p1a: Bronzong|47/100|[from] item: Leftovers\n|-item|p2a: Tropius|Sitrus Berry|[from] ability: Harvest\n|upkeep\n|-enditem|p2a: Tropius|Sitrus Berry|[eat]\n|-heal|p2a: Tropius|208/328 slp|[from] item: Sitrus Berry\n|turn|31\n|inactive|Time left: 300 sec this turn | 300 sec total\n|\n|t:|1783542568\n|-curestatus|p2a: Tropius|slp|[msg]\n|move|p2a: Tropius|Dual Wingbeat|p1a: Bronzong\n|-resisted|p1a: Bronzong\n|-damage|p1a: Bronzong|30/100\n|-resisted|p1a: Bronzong\n|-damage|p1a: Bronzong|13/100\n|-hitcount|p1a: Bronzong|2\n|move|p1a: Bronzong|Hypnosis|p2a: Tropius|[miss]\n|-miss|p1a: Bronzong|p2a: Tropius\n|\n|-heal|p1a: Bronzong|19/100|[from] item: Leftovers\n|-item|p2a: Tropius|Sitrus Berry|[from] ability: Harvest\n|upkeep\n|turn|32\n|inactive|Time left: 300 sec this turn | 300 sec total\n|\n|t:|1783542569\n|move|p2a: Tropius|Dual Wingbeat|p1a: Bronzong\n|-resisted|p1a: Bronzong\n|-damage|p1a: Bronzong|3/100\n|-resisted|p1a: Bronzong\n|-damage|p1a: Bronzong|0 fnt\n|faint|p1a: Bronzong\n|-hitcount|p1: Bronzong|2\n|\n|upkeep\n|\n|t:|1783542570\n|switch|p1a: Roaring Moon|Roaring Moon, L72|47/100\n|turn|33\n|inactive|Time left: 300 sec this turn | 300 sec total\n|\n|t:|1783542571\n|move|p2a: Tropius|Earthquake|p1a: Roaring Moon\n|-damage|p1a: Roaring Moon|0 fnt\n|faint|p1a: Roaring Moon\n|-end|p1a: Roaring Moon|Protosynthesis|[silent]\n|\n|upkeep\n|\n|t:|1783542572\n|switch|p1a: Armarouge|Armarouge, L80, F|75/100\n|turn|34\n|inactive|Time left: 300 sec this turn | 300 sec total\n|\n|t:|1783542573\n|move|p2a: Tropius|Earthquake|p1a: Armarouge\n|-supereffective|p1a: Armarouge\n|-damage|p1a: Armarouge|0 fnt\n|faint|p1a: Armarouge\n|\n|win|p0y2550a1f", "uploadtime": 1783542573, "views": 0, "rating": 0, "private": 0, "password": null, "_winner": "p0y2550a1f", "_our_name": "p0y2550a1f"}