{"id": "battle-gen9randombattle-2557", "formatid": "gen9randombattle", "format": "[Gen 9] Random Battle", "players": ["p0x2557e94d", "p0y255795b0"], "log": "|init|battle\n|title|p0x2557e94d vs. p0y255795b0\n|j|\u2606p0x2557e94d\n|j|\u2606p0y255795b0\n|t:|1783569568\n|gametype|singles\n|player|p1|p0x2557e94d|266|\n|player|p2|p0y255795b0|169|\n|gen|9\n|tier|[Gen 9] Random Battle\n|rule|Species Clause: Limit one of each Pok\u00e9mon\n|rule|HP Percentage Mod: HP is shown in percentages\n|rule|Sleep Clause Mod: Limit one foe put to sleep\n|rule|Illusion Level Mod: Illusion disguises the Pok\u00e9mon's true level\n|\n|t:|1783569568\n|teamsize|p1|6\n|teamsize|p2|6\n|start\n|switch|p1a: Girafarig|Girafarig, L89, M|269/269\n|switch|p2a: Latios|Latios, L78, M|100/100\n|turn|1\n|inactive|Battle timer is ON: inactive players will automatically lose when time's up. (requested by p0y255795b0)\n|inactive|Time left: 300 sec this turn | 300 sec total | 60 sec grace\n|inactive|p0x2557e94d also wants the timer to be on.\n|\n|t:|1783569570\n|move|p2a: Latios|Luster Purge|p1a: Girafarig\n|-resisted|p1a: Girafarig\n|-damage|p1a: Girafarig|218/269\n|move|p1a: Girafarig|Nasty Plot|p1a: Girafarig\n|-boost|p1a: Girafarig|spa|2\n|\n|upkeep\n|turn|2\n|inactive|Time left: 300 sec this turn | 300 sec total\n|\n|t:|1783569571\n|move|p2a: Latios|Luster Purge|p1a: Girafarig\n|-resisted|p1a: Girafarig\n|-damage|p1a: Girafarig|164/269\n|-unboost|p1a: Girafarig|spd|1\n|move|p1a: Girafarig|Hyper Voice|p2a: Latios\n|-damage|p2a: Latios|34/100\n|\n|upkeep\n|turn|3\n|inactive|Time left: 300 sec this turn | 300 sec total\n|\n|t:|1783569572\n|move|p2a: Latios|Draco Meteor|p1a: Girafarig\n|-damage|p1a: Girafarig|0 fnt\n|-unboost|p2a: Latios|spa|2\n|faint|p1a: Girafarig\n|\n|upkeep\n|inactive|Time left: 300 sec this turn | 300 sec total | 5 sec grace\n|\n|t:|1783569573\n|switch|p1a: Hariyama|Hariyama, L87, F|392/392\n|turn|4\n|inactive|Time left: 300 sec this turn | 300 sec total\n|\n|t:|1783569574\n|switch|p2a: Wo-Chien|Wo-Chien, L83|100/100\n|-ability|p2a: Wo-Chien|Tablets of Ruin\n|move|p1a: Hariyama|Knock Off|p2a: Wo-Chien\n|-resisted|p2a: Wo-Chien\n|-damage|p2a: Wo-Chien|89/100\n|-enditem|p2a: Wo-Chien|Leftovers|[from] move: Knock Off|[of] p1a: Hariyama\n|\n|-status|p1a: Hariyama|brn|[from] item: Flame Orb\n|upkeep\n|turn|5\n|inactive|Time left: 300 sec this turn | 300 sec total\n|\n|t:|1783569575\n|move|p2a: Wo-Chien|Ruination|p1a: Hariyama\n|-damage|p1a: Hariyama|196/392 brn\n|move|p1a: Hariyama|Close Combat|p2a: Wo-Chien\n|-supereffective|p2a: Wo-Chien\n|-damage|p2a: Wo-Chien|0 fnt\n|-unboost|p1a: Hariyama|def|1\n|-unboost|p1a: Hariyama|spd|1\n|faint|p2a: Wo-Chien\n|\n|-damage|p1a: Hariyama|172/392 brn|[from] brn\n|upkeep\n|\n|t:|1783569576\n|switch|p2a: Gengar|Gengar, L81, M|100/100\n|turn|6\n|inactive|Time left: 300 sec this turn | 300 sec total\n|\n|t:|1783569577\n|switch|p1a: Registeel|Registeel, L81|262/262\n|move|p2a: Gengar|Sludge Wave|p1a: Registeel\n|-immune|p1a: Registeel\n|\n|upkeep\n|turn|7\n|inactive|Time left: 300 sec this turn | 300 sec total\n|\n|t:|1783569579\n|move|p2a: Gengar|Toxic Spikes|p1a: Registeel\n|-sidestart|p1: p0x2557e94d|move: Toxic Spikes\n|move|p1a: Registeel|Iron Head|p2a: Gengar\n|-damage|p2a: Gengar|64/100\n|\n|upkeep\n|turn|8\n|inactive|Time left: 300 sec this turn | 300 sec total\n|\n|t:|1783569580\n|move|p2a: Gengar|Focus Blast|p1a: Registeel\n|-supereffective|p1a: Registeel\n|-damage|p1a: Registeel|77/262\n|-damage|p2a: Gengar|54/100|[from] item: Life Orb\n|move|p1a: Registeel|Iron Head|p2a: Gengar\n|-damage|p2a: Gengar|15/100\n|\n|upkeep\n|turn|9\n|inactive|Time left: 300 sec this turn | 300 sec total\n|\n|t:|1783569581\n|move|p2a: Gengar|Shadow Ball|p1a: Registeel\n|-damage|p1a: Registeel|0 fnt\n|faint|p1a: Registeel\n|-damage|p2a: Gengar|5/100|[from] item: Life Orb\n|\n|upkeep\n|inactive|Time left: 300 sec this turn | 300 sec total | 5 sec grace\n|\n|t:|1783569582\n|switch|p1a: Feraligatr|Feraligatr, L79, F|264/264\n|-status|p1a: Feraligatr|psn\n|turn|10\n|inactive|Time left: 300 sec this turn | 300 sec total\n|\n|t:|1783569583\n|move|p2a: Gengar|Sludge Wave|p1a: Feraligatr\n|-crit|p1a: Feraligatr\n|-damage|p1a: Feraligatr|22/264 psn\n|-damage|p2a: Gengar|0 fnt|[from] item: Life Orb\n|faint|p2a: Gengar\n|move|p1a: Feraligatr|Dragon Dance|p1a: Feraligatr\n|-boost|p1a: Feraligatr|atk|1\n|-boost|p1a: Feraligatr|spe|1\n|\n|-damage|p1a: Feraligatr|0 fnt|[from] psn\n|faint|p1a: Feraligatr\n|upkeep\n|inactive|Time left: 300 sec this turn | 300 sec total | 5 sec grace\n|\n|t:|1783569584\n|switch|p2a: Metagross|Metagross, L79|100/100\n|switch|p1a: Oricorio|Oricorio-Pa'u, L87, M|272/272\n|turn|11\n|inactive|Time left: 300 sec this turn | 300 sec total\n|\n|t:|1783569585\n|move|p1a: Oricorio|Quiver Dance|p1a: Oricorio\n|-boost|p1a: Oricorio|spa|1\n|-boost|p1a: Oricorio|spd|1\n|-boost|p1a: Oricorio|spe|1\n|move|p2a: Metagross|Heavy Slam|p1a: Oricorio\n|-damage|p1a: Oricorio|98/272\n|\n|upkeep\n|turn|12\n|inactive|Time left: 300 sec this turn | 300 sec total\n|\n|t:|1783569585\n|move|p1a: Oricorio|Hurricane|p2a: Metagross\n|-resisted|p2a: Metagross\n|-damage|p2a: Metagross|60/100\n|move|p2a: Metagross|Heavy Slam|p1a: Oricorio\n|-damage|p1a: Oricorio|0 fnt\n|faint|p1a: Oricorio\n|\n|upkeep\n|inactive|Time left: 300 sec this turn | 300 sec total | 5 sec grace\n|\n|t:|1783569586\n|switch|p1a: Annihilape|Annihilape, L76, F|292/292\n|-status|p1a: Annihilape|psn\n|turn|13\n|inactive|Time left: 300 sec this turn | 300 sec total\n|\n|t:|1783569587\n|-terastallize|p1a: Annihilape|Water\n|move|p1a: Annihilape|Bulk Up|p1a: Annihilape\n|-boost|p1a: Annihilape|atk|1\n|-boost|p1a: Annihilape|def|1\n|move|p2a: Metagross|Psychic Fangs|p1a: Annihilape\n|-damage|p1a: Annihilape|202/292 psn\n|\n|-heal|p1a: Annihilape|220/292 psn|[from] item: Leftovers\n|-damage|p1a: Annihilape|184/292 psn|[from] psn\n|upkeep\n|turn|14\n|inactive|Time left: 300 sec this turn | 300 sec total\n|\n|t:|1783569588\n|switch|p2a: Oricorio|Oricorio-Pom-Pom, L82, F|100/100\n|move|p1a: Annihilape|Drain Punch|p2a: Oricorio\n|-resisted|p2a: Oricorio\n|-damage|p2a: Oricorio|75/100\n|-heal|p1a: Annihilape|217/292 psn|[from] drain|[of] p2a: Oricorio\n|\n|-heal|p1a: Annihilape|235/292 psn|[from] item: Leftovers\n|-damage|p1a: Annihilape|199/292 psn|[from] psn\n|upkeep\n|turn|15\n|inactive|Time left: 300 sec this turn | 300 sec total\n|\n|t:|1783569589\n|move|p2a: Oricorio|Revelation Dance|p1a: Annihilape\n|-supereffective|p1a: Annihilape\n|-damage|p1a: Annihilape|1/292 psn\n|move|p1a: Annihilape|Drain Punch|p2a: Oricorio\n|-resisted|p2a: Oricorio\n|-damage|p2a: Oricorio|47/100\n|-heal|p1a: Annihilape|37/292 psn|[from] drain|[of] p2a: Oricorio\n|\n|-heal|p1a: Annihilape|55/292 psn|[from] item: Leftovers\n|-damage|p1a: Annihilape|19/292 psn|[from] psn\n|upkeep\n|turn|16\n|inactive|Time left: 300 sec this turn | 300 sec total\n|\n|t:|1783569590\n|move|p2a: Oricorio|Revelation Dance|p1a: Annihilape\n|-supereffective|p1a: Annihilape\n|-damage|p1a: Annihilape|0 fnt\n|faint|p1a: Annihilape\n|\n|upkeep\n|inactive|Time left: 300 sec this turn | 300 sec total | 5 sec grace\n|\n|t:|1783569590\n|switch|p1a: Hariyama|Hariyama, L87, F|172/392 brn\n|turn|17\n|inactive|Time left: 300 sec this turn | 300 sec total\n|\n|t:|1783569591\n|move|p1a: Hariyama|Bullet Punch|p2a: Oricorio\n|-resisted|p2a: Oricorio\n|-damage|p2a: Oricorio|34/100\n|move|p2a: Oricorio|Hurricane|p1a: Hariyama|[miss]\n|-miss|p2a: Oricorio|p1a: Hariyama\n|\n|-damage|p1a: Hariyama|148/392 brn|[from] brn\n|upkeep\n|turn|18\n|inactive|Time left: 300 sec this turn | 300 sec total\n|\n|t:|1783569592\n|move|p1a: Hariyama|Bullet Punch|p2a: Oricorio\n|-resisted|p2a: Oricorio\n|-damage|p2a: Oricorio|23/100\n|move|p2a: Oricorio|Revelation Dance|p1a: Hariyama\n|-damage|p1a: Hariyama|39/392 brn\n|\n|-damage|p1a: Hariyama|15/392 brn|[from] brn\n|upkeep\n|turn|19\n|inactive|Time left: 300 sec this turn | 300 sec total\n|\n|t:|1783569592\n|switch|p2a: Latios|Latios, L78, M|34/100\n|move|p1a: Hariyama|Facade|p2a: Latios\n|-crit|p2a: Latios\n|-damage|p2a: Latios|0 fnt\n|faint|p2a: Latios\n|\n|-damage|p1a: Hariyama|0 fnt|[from] brn\n|faint|p1a: Hariyama\n|\n|win|p0y255795b0", "uploadtime": 1783569592, "views": 0, "rating": 0, "private": 0, "password": null, "_winner": "p0y255795b0", "_our_name": "p0x2557e94d"}