{"id": "battle-gen9randombattle-129", "formatid": "gen9randombattle", "format": "[Gen 9] Random Battle", "players": ["p0x129692a", "p0y1297ec0"], "log": "|init|battle\n|title|p0x129692a vs. p0y1297ec0\n|j|\u2606p0x129692a\n|j|\u2606p0y1297ec0\n|t:|1783540978\n|gametype|singles\n|player|p1|p0x129692a|266|\n|player|p2|p0y1297ec0|1|\n|gen|9\n|tier|[Gen 9] Random Battle\n|rule|Species Clause: Limit one of each Pok\u00e9mon\n|rule|HP Percentage Mod: HP is shown in percentages\n|rule|Sleep Clause Mod: Limit one foe put to sleep\n|rule|Illusion Level Mod: Illusion disguises the Pok\u00e9mon's true level\n|\n|t:|1783540978\n|teamsize|p1|6\n|teamsize|p2|6\n|start\n|switch|p1a: Chi-Yu|Chi-Yu, L77|211/211\n|switch|p2a: Archaludon|Archaludon, L78, F|100/100\n|-ability|p1a: Chi-Yu|Beads of Ruin\n|turn|1\n|inactive|Battle timer is ON: inactive players will automatically lose when time's up. (requested by p0y1297ec0)\n|inactive|Time left: 300 sec this turn | 300 sec total | 60 sec grace\n|\n|t:|1783540979\n|move|p1a: Chi-Yu|Nasty Plot|p1a: Chi-Yu\n|-boost|p1a: Chi-Yu|spa|2\n|move|p2a: Archaludon|Body Press|p1a: Chi-Yu\n|-supereffective|p1a: Chi-Yu\n|-damage|p1a: Chi-Yu|65/211\n|\n|upkeep\n|turn|2\n|inactive|Time left: 300 sec this turn | 300 sec total\n|inactive|p0x129692a also wants the timer to be on.\n|\n|t:|1783540980\n|switch|p2a: Golduck|Golduck, L90, F|100/100\n|-ability|p2a: Golduck|Cloud Nine\n|move|p1a: Chi-Yu|Fire Blast|p2a: Golduck\n|-resisted|p2a: Golduck\n|-damage|p2a: Golduck|38/100\n|\n|-heal|p2a: Golduck|45/100|[from] item: Leftovers\n|upkeep\n|turn|3\n|inactive|Time left: 300 sec this turn | 300 sec total\n|\n|t:|1783540981\n|move|p2a: Golduck|Hydro Pump|p1a: Chi-Yu\n|-supereffective|p1a: Chi-Yu\n|-damage|p1a: Chi-Yu|0 fnt\n|faint|p1a: Chi-Yu\n|\n|-heal|p2a: Golduck|51/100|[from] item: Leftovers\n|upkeep\n|inactive|Time left: 300 sec this turn | 300 sec total | 5 sec grace\n|\n|t:|1783540982\n|switch|p1a: Zamazenta|Zamazenta, L71|248/248\n|-ability|p1a: Zamazenta|Dauntless Shield|boost\n|-boost|p1a: Zamazenta|def|1\n|turn|4\n|inactive|Time left: 300 sec this turn | 300 sec total\n|\n|t:|1783540983\n|move|p1a: Zamazenta|Close Combat|p2a: Golduck\n|-damage|p2a: Golduck|0 fnt\n|-unboost|p1a: Zamazenta|def|1\n|-unboost|p1a: Zamazenta|spd|1\n|faint|p2a: Golduck\n|\n|upkeep\n|\n|t:|1783540984\n|switch|p2a: Raging Bolt|Raging Bolt, L78|100/100\n|-enditem|p2a: Raging Bolt|Booster Energy\n|-activate|p2a: Raging Bolt|ability: Protosynthesis|[fromitem]\n|-start|p2a: Raging Bolt|protosynthesisspa\n|turn|5\n|inactive|Time left: 300 sec this turn | 300 sec total\n|\n|t:|1783540986\n|switch|p1a: Lilligant|Lilligant-Hisui, L79, F|240/240\n|move|p2a: Raging Bolt|Dragon Pulse|p1a: Lilligant\n|-damage|p1a: Lilligant|87/240\n|\n|upkeep\n|turn|6\n|inactive|Time left: 300 sec this turn | 300 sec total\n|\n|t:|1783540987\n|move|p1a: Lilligant|Sleep Powder|p2a: Raging Bolt\n|-status|p2a: Raging Bolt|slp|[from] move: Sleep Powder\n|cant|p2a: Raging Bolt|slp\n|\n|upkeep\n|turn|7\n|inactive|Time left: 300 sec this turn | 300 sec total\n|\n|t:|1783540988\n|move|p1a: Lilligant|Victory Dance|p1a: Lilligant\n|-boost|p1a: Lilligant|atk|1\n|-boost|p1a: Lilligant|def|1\n|-boost|p1a: Lilligant|spe|1\n|-curestatus|p2a: Raging Bolt|slp|[msg]\n|move|p2a: Raging Bolt|Dragon Pulse|p1a: Lilligant\n|-damage|p1a: Lilligant|0 fnt\n|faint|p1a: Lilligant\n|\n|upkeep\n|inactive|Time left: 300 sec this turn | 300 sec total | 5 sec grace\n|\n|t:|1783540989\n|switch|p1a: Appletun|Appletun, L92, F|352/352\n|turn|8\n|inactive|Time left: 300 sec this turn | 300 sec total\n|\n|t:|1783540990\n|move|p2a: Raging Bolt|Calm Mind|p2a: Raging Bolt\n|-boost|p2a: Raging Bolt|spa|1\n|-boost|p2a: Raging Bolt|spd|1\n|move|p1a: Appletun|Dragon Pulse|p2a: Raging Bolt\n|-supereffective|p2a: Raging Bolt\n|-damage|p2a: Raging Bolt|53/100\n|\n|upkeep\n|turn|9\n|inactive|Time left: 300 sec this turn | 300 sec total\n|\n|t:|1783540991\n|-terastallize|p1a: Appletun|Steel\n|move|p2a: Raging Bolt|Dragon Pulse|p1a: Appletun\n|-resisted|p1a: Appletun\n|-damage|p1a: Appletun|259/352\n|move|p1a: Appletun|Dragon Tail|p2a: Raging Bolt\n|-supereffective|p2a: Raging Bolt\n|-damage|p2a: Raging Bolt|8/100\n|-end|p2a: Raging Bolt|Protosynthesis|[silent]\n|drag|p2a: Archaludon|Archaludon, L78, F|100/100\n|\n|-heal|p1a: Appletun|281/352|[from] item: Leftovers\n|upkeep\n|turn|10\n|inactive|Time left: 300 sec this turn | 300 sec total\n|\n|t:|1783540992\n|move|p2a: Archaludon|Body Press|p1a: Appletun\n|-supereffective|p1a: Appletun\n|-crit|p1a: Appletun\n|-damage|p1a: Appletun|97/352\n|move|p1a: Appletun|Dragon Pulse|p2a: Archaludon\n|-damage|p2a: Archaludon|64/100\n|-ability|p2a: Archaludon|Stamina|boost\n|-boost|p2a: Archaludon|def|1\n|\n|-heal|p1a: Appletun|119/352|[from] item: Leftovers\n|upkeep\n|turn|11\n|inactive|Time left: 300 sec this turn | 300 sec total\n|\n|t:|1783540994\n|switch|p1a: Deoxys|Deoxys-Defense, L84|221/221\n|-ability|p1a: Deoxys|Pressure\n|move|p2a: Archaludon|Body Press|p1a: Deoxys\n|-resisted|p1a: Deoxys\n|-damage|p1a: Deoxys|194/221\n|\n|-heal|p1a: Deoxys|207/221|[from] item: Leftovers\n|upkeep\n|turn|12\n|inactive|Time left: 300 sec this turn | 300 sec total\n|\n|t:|1783540995\n|switch|p2a: Quaquaval|Quaquaval, L79, M|100/100\n|move|p1a: Deoxys|Cosmic Power|p1a: Deoxys\n|-boost|p1a: Deoxys|def|1\n|-boost|p1a: Deoxys|spd|1\n|\n|-heal|p1a: Deoxys|220/221|[from] item: Leftovers\n|upkeep\n|turn|13\n|inactive|Time left: 300 sec this turn | 300 sec total\n|\n|t:|1783540996\n|move|p1a: Deoxys|Stored Power|p2a: Quaquaval\n|-supereffective|p2a: Quaquaval\n|-damage|p2a: Quaquaval|54/100\n|move|p2a: Quaquaval|Swords Dance|p2a: Quaquaval\n|-boost|p2a: Quaquaval|atk|2\n|\n|-heal|p1a: Deoxys|221/221|[from] item: Leftovers\n|-heal|p2a: Quaquaval|60/100|[from] item: Leftovers\n|upkeep\n|turn|14\n|inactive|Time left: 300 sec this turn | 300 sec total\n|\n|t:|1783540997\n|move|p1a: Deoxys|Cosmic Power|p1a: Deoxys\n|-boost|p1a: Deoxys|def|1\n|-boost|p1a: Deoxys|spd|1\n|move|p2a: Quaquaval|Roost|p2a: Quaquaval\n|-heal|p2a: Quaquaval|100/100\n|-singleturn|p2a: Quaquaval|move: Roost\n|\n|upkeep\n|turn|15\n|inactive|Time left: 300 sec this turn | 300 sec total\n|\n|t:|1783540998\n|-terastallize|p2a: Quaquaval|Steel\n|move|p1a: Deoxys|Stored Power|p2a: Quaquaval\n|-resisted|p2a: Quaquaval\n|-damage|p2a: Quaquaval|81/100\n|move|p2a: Quaquaval|Aqua Step|p1a: Deoxys\n|-damage|p1a: Deoxys|163/221\n|-boost|p2a: Quaquaval|spe|1\n|\n|-heal|p2a: Quaquaval|87/100|[from] item: Leftovers\n|-heal|p1a: Deoxys|176/221|[from] item: Leftovers\n|upkeep\n|turn|16\n|inactive|Time left: 300 sec this turn | 300 sec total\n|\n|t:|1783540999\n|move|p2a: Quaquaval|Swords Dance|p2a: Quaquaval\n|-boost|p2a: Quaquaval|atk|2\n|move|p1a: Deoxys|Night Shade|p2a: Quaquaval\n|-damage|p2a: Quaquaval|55/100\n|\n|-heal|p2a: Quaquaval|61/100|[from] item: Leftovers\n|-heal|p1a: Deoxys|189/221|[from] item: Leftovers\n|upkeep\n|turn|17\n|inactive|Time left: 300 sec this turn | 300 sec total\n|\n|t:|1783541000\n|move|p2a: Quaquaval|Aqua Step|p1a: Deoxys\n|-damage|p1a: Deoxys|108/221\n|-boost|p2a: Quaquaval|spe|1\n|move|p1a: Deoxys|Recover|p1a: Deoxys\n|-heal|p1a: Deoxys|219/221\n|\n|-heal|p2a: Quaquaval|68/100|[from] item: Leftovers\n|-heal|p1a: Deoxys|221/221|[from] item: Leftovers\n|upkeep\n|turn|18\n|inactive|Time left: 300 sec this turn | 300 sec total\n|\n|t:|1783541001\n|move|p2a: Quaquaval|Aqua Step|p1a: Deoxys\n|-damage|p1a: Deoxys|136/221\n|-boost|p2a: Quaquaval|spe|1\n|move|p1a: Deoxys|Night Shade|p2a: Quaquaval\n|-damage|p2a: Quaquaval|36/100\n|\n|-heal|p2a: Quaquaval|42/100|[from] item: Leftovers\n|-heal|p1a: Deoxys|149/221|[from] item: Leftovers\n|upkeep\n|turn|19\n|inactive|Time left: 300 sec this turn | 300 sec total\n|\n|t:|1783541003\n|move|p2a: Quaquaval|Aqua Step|p1a: Deoxys\n|-damage|p1a: Deoxys|67/221\n|-boost|p2a: Quaquaval|spe|1\n|move|p1a: Deoxys|Night Shade|p2a: Quaquaval\n|-damage|p2a: Quaquaval|10/100\n|\n|-heal|p2a: Quaquaval|16/100|[from] item: Leftovers\n|-heal|p1a: Deoxys|80/221|[from] item: Leftovers\n|upkeep\n|turn|20\n|inactive|Time left: 300 sec this turn | 300 sec total\n|\n|t:|1783541004\n|move|p2a: Quaquaval|Roost|p2a: Quaquaval\n|-heal|p2a: Quaquaval|66/100\n|move|p1a: Deoxys|Stored Power|p2a: Quaquaval\n|-resisted|p2a: Quaquaval\n|-damage|p2a: Quaquaval|47/100\n|\n|-heal|p2a: Quaquaval|53/100|[from] item: Leftovers\n|-heal|p1a: Deoxys|93/221|[from] item: Leftovers\n|upkeep\n|turn|21\n|inactive|Time left: 300 sec this turn | 300 sec total\n|\n|t:|1783541005\n|move|p2a: Quaquaval|Aqua Step|p1a: Deoxys\n|-damage|p1a: Deoxys|15/221\n|-boost|p2a: Quaquaval|spe|1\n|move|p1a: Deoxys|Recover|p1a: Deoxys\n|-heal|p1a: Deoxys|126/221\n|\n|-heal|p2a: Quaquaval|59/100|[from] item: Leftovers\n|-heal|p1a: Deoxys|139/221|[from] item: Leftovers\n|upkeep\n|turn|22\n|inactive|Time left: 300 sec this turn | 300 sec total\n|\n|t:|1783541006\n|move|p2a: Quaquaval|Aqua Step|p1a: Deoxys\n|-damage|p1a: Deoxys|52/221\n|-boost|p2a: Quaquaval|spe|1\n|move|p1a: Deoxys|Recover|p1a: Deoxys\n|-heal|p1a: Deoxys|163/221\n|\n|-heal|p2a: Quaquaval|65/100|[from] item: Leftovers\n|-heal|p1a: Deoxys|176/221|[from] item: Leftovers\n|upkeep\n|turn|23\n|inactive|Time left: 300 sec this turn | 300 sec total\n|\n|t:|1783541007\n|move|p2a: Quaquaval|Aqua Step|p1a: Deoxys\n|-damage|p1a: Deoxys|95/221\n|move|p1a: Deoxys|Night Shade|p2a: Quaquaval\n|-damage|p2a: Quaquaval|33/100\n|\n|-heal|p2a: Quaquaval|39/100|[from] item: Leftovers\n|-heal|p1a: Deoxys|108/221|[from] item: Leftovers\n|upkeep\n|turn|24\n|inactive|Time left: 300 sec this turn | 300 sec total\n|\n|t:|1783541009\n|move|p2a: Quaquaval|Roost|p2a: Quaquaval\n|-heal|p2a: Quaquaval|89/100\n|move|p1a: Deoxys|Recover|p1a: Deoxys\n|-heal|p1a: Deoxys|219/221\n|\n|-heal|p2a: Quaquaval|95/100|[from] item: Leftovers\n|-heal|p1a: Deoxys|221/221|[from] item: Leftovers\n|upkeep\n|turn|25\n|inactive|Time left: 300 sec this turn | 300 sec total\n|\n|t:|1783541010\n|move|p2a: Quaquaval|Swords Dance|p2a: Quaquaval\n|-boost|p2a: Quaquaval|atk|2\n|move|p1a: Deoxys|Cosmic Power|p1a: Deoxys\n|-boost|p1a: Deoxys|def|1\n|-boost|p1a: Deoxys|spd|1\n|\n|-heal|p2a: Quaquaval|100/100|[from] item: Leftovers\n|upkeep\n|turn|26\n|inactive|Time left: 300 sec this turn | 300 sec total\n|\n|t:|1783541011\n|move|p2a: Quaquaval|Swords Dance|p2a: Quaquaval\n|-boost|p2a: Quaquaval|atk|0\n|move|p1a: Deoxys|Cosmic Power|p1a: Deoxys\n|-boost|p1a: Deoxys|def|1\n|-boost|p1a: Deoxys|spd|1\n|\n|upkeep\n|turn|27\n|inactive|Time left: 300 sec this turn | 300 sec total\n|\n|t:|1783541013\n|move|p2a: Quaquaval|Roost||[still]\n|-fail|p2a: Quaquaval|heal\n|move|p1a: Deoxys|Stored Power|p2a: Quaquaval\n|-resisted|p2a: Quaquaval\n|-damage|p2a: Quaquaval|69/100\n|\n|-heal|p2a: Quaquaval|75/100|[from] item: Leftovers\n|upkeep\n|turn|28\n|inactive|Time left: 300 sec this turn | 300 sec total\n|\n|t:|1783541014\n|move|p2a: Quaquaval|Roost|p2a: Quaquaval\n|-heal|p2a: Quaquaval|100/100\n|move|p1a: Deoxys|Stored Power|p2a: Quaquaval\n|-resisted|p2a: Quaquaval\n|-damage|p2a: Quaquaval|69/100\n|\n|-heal|p2a: Quaquaval|75/100|[from] item: Leftovers\n|upkeep\n|turn|29\n|inactive|Time left: 300 sec this turn | 300 sec total\n|\n|t:|1783541015\n|move|p2a: Quaquaval|Roost|p2a: Quaquaval\n|-heal|p2a: Quaquaval|100/100\n|move|p1a: Deoxys|Stored Power|p2a: Quaquaval\n|-resisted|p2a: Quaquaval\n|-damage|p2a: Quaquaval|67/100\n|\n|-heal|p2a: Quaquaval|73/100|[from] item: Leftovers\n|upkeep\n|turn|30\n|inactive|Time left: 300 sec this turn | 300 sec total\n|\n|t:|1783541016\n|move|p2a: Quaquaval|Roost|p2a: Quaquaval\n|-heal|p2a: Quaquaval|100/100\n|move|p1a: Deoxys|Stored Power|p2a: Quaquaval\n|-resisted|p2a: Quaquaval\n|-damage|p2a: Quaquaval|68/100\n|\n|-heal|p2a: Quaquaval|74/100|[from] item: Leftovers\n|upkeep\n|turn|31\n|inactive|Time left: 300 sec this turn | 300 sec total\n|\n|t:|1783541017\n|move|p2a: Quaquaval|Aqua Step|p1a: Deoxys\n|-damage|p1a: Deoxys|152/221\n|move|p1a: Deoxys|Stored Power|p2a: Quaquaval\n|-resisted|p2a: Quaquaval\n|-damage|p2a: Quaquaval|40/100\n|\n|-heal|p2a: Quaquaval|46/100|[from] item: Leftovers\n|-heal|p1a: Deoxys|165/221|[from] item: Leftovers\n|upkeep\n|turn|32\n|inactive|Time left: 300 sec this turn | 300 sec total\n|\n|t:|1783541019\n|move|p2a: Quaquaval|Roost|p2a: Quaquaval\n|-heal|p2a: Quaquaval|96/100\n|move|p1a: Deoxys|Stored Power|p2a: Quaquaval\n|-resisted|p2a: Quaquaval\n|-damage|p2a: Quaquaval|60/100\n|\n|-heal|p2a: Quaquaval|66/100|[from] item: Leftovers\n|-heal|p1a: Deoxys|178/221|[from] item: Leftovers\n|upkeep\n|turn|33\n|inactive|Time left: 300 sec this turn | 300 sec total\n|\n|t:|1783541020\n|move|p2a: Quaquaval|Close Combat|p1a: Deoxys\n|-resisted|p1a: Deoxys\n|-damage|p1a: Deoxys|123/221\n|-unboost|p2a: Quaquaval|def|1\n|-unboost|p2a: Quaquaval|spd|1\n|move|p1a: Deoxys|Stored Power|p2a: Quaquaval\n|-resisted|p2a: Quaquaval\n|-damage|p2a: Quaquaval|12/100\n|\n|-heal|p2a: Quaquaval|18/100|[from] item: Leftovers\n|-heal|p1a: Deoxys|136/221|[from] item: Leftovers\n|upkeep\n|turn|34\n|inactive|Time left: 300 sec this turn | 300 sec total\n|\n|t:|1783541021\n|move|p2a: Quaquaval|Close Combat|p1a: Deoxys\n|-resisted|p1a: Deoxys\n|-damage|p1a: Deoxys|79/221\n|-unboost|p2a: Quaquaval|def|1\n|-unboost|p2a: Quaquaval|spd|1\n|move|p1a: Deoxys|Stored Power|p2a: Quaquaval\n|-resisted|p2a: Quaquaval\n|-damage|p2a: Quaquaval|0 fnt\n|faint|p2a: Quaquaval\n|\n|-heal|p1a: Deoxys|92/221|[from] item: Leftovers\n|upkeep\n|\n|t:|1783541022\n|switch|p2a: Klefki|Klefki, L84, F|100/100\n|turn|35\n|inactive|Time left: 300 sec this turn | 300 sec total\n|\n|t:|1783541023\n|move|p2a: Klefki|Spikes|p1a: Deoxys\n|-sidestart|p1: p0x129692a|Spikes\n|move|p1a: Deoxys|Recover|p1a: Deoxys\n|-heal|p1a: Deoxys|203/221\n|\n|-heal|p1a: Deoxys|216/221|[from] item: Leftovers\n|upkeep\n|turn|36\n|inactive|Time left: 300 sec this turn | 300 sec total\n|\n|t:|1783541024\n|move|p2a: Klefki|Spikes|p1a: Deoxys\n|-sidestart|p1: p0x129692a|Spikes\n|move|p1a: Deoxys|Night Shade|p2a: Klefki\n|-damage|p2a: Klefki|64/100\n|\n|-heal|p1a: Deoxys|221/221|[from] item: Leftovers\n|-heal|p2a: Klefki|70/100|[from] item: Leftovers\n|upkeep\n|turn|37\n|inactive|Time left: 300 sec this turn | 300 sec total\n|\n|t:|1783541025\n|move|p2a: Klefki|Thunder Wave|p1a: Deoxys\n|-status|p1a: Deoxys|par\n|move|p1a: Deoxys|Stored Power|p2a: Klefki\n|-resisted|p2a: Klefki\n|-damage|p2a: Klefki|39/100\n|\n|-heal|p2a: Klefki|45/100|[from] item: Leftovers\n|upkeep\n|turn|38\n|inactive|Time left: 300 sec this turn | 300 sec total\n|\n|t:|1783541026\n|move|p2a: Klefki|Spikes|p1a: Deoxys\n|-sidestart|p1: p0x129692a|Spikes\n|cant|p1a: Deoxys|par\n|\n|-heal|p2a: Klefki|51/100|[from] item: Leftovers\n|upkeep\n|turn|39\n|inactive|Time left: 300 sec this turn | 300 sec total\n|\n|t:|1783541027\n|move|p2a: Klefki|Play Rough|p1a: Deoxys\n|-damage|p1a: Deoxys|202/221 par\n|move|p1a: Deoxys|Stored Power|p2a: Klefki\n|-resisted|p2a: Klefki\n|-damage|p2a: Klefki|17/100\n|\n|-heal|p2a: Klefki|23/100|[from] item: Leftovers\n|-heal|p1a: Deoxys|215/221 par|[from] item: Leftovers\n|upkeep\n|turn|40\n|inactive|Time left: 300 sec this turn | 300 sec total\n|\n|t:|1783541029\n|switch|p2a: Shiftry|Shiftry, L89, M|100/100\n|move|p1a: Deoxys|Night Shade|p2a: Shiftry\n|-damage|p2a: Shiftry|73/100\n|\n|-heal|p1a: Deoxys|221/221 par|[from] item: Leftovers\n|upkeep\n|turn|41\n|inactive|Time left: 300 sec this turn | 300 sec total\n|\n|t:|1783541030\n|move|p2a: Shiftry|Knock Off|p1a: Deoxys\n|-supereffective|p1a: Deoxys\n|-damage|p1a: Deoxys|167/221 par\n|-enditem|p1a: Deoxys|Leftovers|[from] move: Knock Off|[of] p2a: Shiftry\n|move|p1a: Deoxys|Night Shade|p2a: Shiftry\n|-damage|p2a: Shiftry|45/100\n|\n|upkeep\n|turn|42\n|inactive|Time left: 300 sec this turn | 300 sec total\n|\n|t:|1783541031\n|move|p2a: Shiftry|Knock Off|p1a: Deoxys\n|-supereffective|p1a: Deoxys\n|-damage|p1a: Deoxys|135/221 par\n|move|p1a: Deoxys|Night Shade|p2a: Shiftry\n|-damage|p2a: Shiftry|18/100\n|\n|upkeep\n|turn|43\n|inactive|Time left: 300 sec this turn | 300 sec total\n|\n|t:|1783541033\n|move|p2a: Shiftry|Knock Off|p1a: Deoxys\n|-supereffective|p1a: Deoxys\n|-damage|p1a: Deoxys|99/221 par\n|cant|p1a: Deoxys|par\n|\n|upkeep\n|turn|44\n|inactive|Time left: 300 sec this turn | 300 sec total\n|\n|t:|1783541034\n|move|p2a: Shiftry|Knock Off|p1a: Deoxys\n|-supereffective|p1a: Deoxys\n|-damage|p1a: Deoxys|67/221 par\n|move|p1a: Deoxys|Recover|p1a: Deoxys\n|-heal|p1a: Deoxys|178/221 par\n|\n|upkeep\n|turn|45\n|inactive|Time left: 300 sec this turn | 300 sec total\n|\n|t:|1783541035\n|switch|p2a: Archaludon|Archaludon, L78, F|64/100\n|cant|p1a: Deoxys|par\n|\n|upkeep\n|turn|46\n|inactive|Time left: 300 sec this turn | 300 sec total\n|\n|t:|1783541036\n|move|p2a: Archaludon|Thunderbolt|p1a: Deoxys\n|-damage|p1a: Deoxys|163/221 par\n|move|p1a: Deoxys|Night Shade|p2a: Archaludon\n|-damage|p2a: Archaludon|33/100\n|-ability|p2a: Archaludon|Stamina|boost\n|-boost|p2a: Archaludon|def|1\n|\n|upkeep\n|turn|47\n|inactive|Time left: 300 sec this turn | 300 sec total\n|\n|t:|1783541038\n|move|p2a: Archaludon|Flash Cannon|p1a: Deoxys\n|-damage|p1a: Deoxys|144/221 par\n|move|p1a: Deoxys|Night Shade|p2a: Archaludon\n|-damage|p2a: Archaludon|2/100\n|-ability|p2a: Archaludon|Stamina|boost\n|-boost|p2a: Archaludon|def|1\n|\n|upkeep\n|turn|48\n|inactive|Time left: 300 sec this turn | 300 sec total\n|\n|t:|1783541039\n|move|p2a: Archaludon|Flash Cannon|p1a: Deoxys\n|-damage|p1a: Deoxys|123/221 par\n|move|p1a: Deoxys|Night Shade|p2a: Archaludon\n|-damage|p2a: Archaludon|0 fnt\n|faint|p2a: Archaludon\n|\n|upkeep\n|\n|t:|1783541040\n|switch|p2a: Shiftry|Shiftry, L89, M|18/100\n|turn|49\n|inactive|Time left: 300 sec this turn | 300 sec total\n|\n|t:|1783541041\n|move|p2a: Shiftry|Knock Off|p1a: Deoxys\n|-supereffective|p1a: Deoxys\n|-damage|p1a: Deoxys|91/221 par\n|move|p1a: Deoxys|Night Shade|p2a: Shiftry\n|-damage|p2a: Shiftry|0 fnt\n|faint|p2a: Shiftry\n|\n|upkeep\n|\n|t:|1783541043\n|switch|p2a: Klefki|Klefki, L84, F|23/100\n|turn|50\n|inactive|Time left: 300 sec this turn | 300 sec total\n|\n|t:|1783541044\n|move|p2a: Klefki|Play Rough|p1a: Deoxys\n|-damage|p1a: Deoxys|72/221 par\n|move|p1a: Deoxys|Night Shade|p2a: Klefki\n|-damage|p2a: Klefki|0 fnt\n|faint|p2a: Klefki\n|\n|upkeep\n|\n|t:|1783541045\n|switch|p2a: Raging Bolt|Raging Bolt, L78|8/100\n|turn|51\n|inactive|Time left: 300 sec this turn | 300 sec total\n|\n|t:|1783541045\n|move|p2a: Raging Bolt|Dragon Pulse|p1a: Deoxys\n|-damage|p1a: Deoxys|50/221 par\n|move|p1a: Deoxys|Night Shade|p2a: Raging Bolt\n|-damage|p2a: Raging Bolt|0 fnt\n|faint|p2a: Raging Bolt\n|-end|p2a: Raging Bolt|Protosynthesis|[silent]\n|\n|win|p0x129692a", "uploadtime": 1783541045, "views": 0, "rating": 0, "private": 0, "password": null, "_winner": "p0x129692a", "_our_name": "p0x129692a"}