{"id": "battle-gen9randombattle-176", "formatid": "gen9randombattle", "format": "[Gen 9] Random Battle", "players": ["p0x176b270", "p0y176c2be"], "log": "|init|battle\n|title|p0x176b270 vs. p0y176c2be\n|j|\u2606p0x176b270\n|j|\u2606p0y176c2be\n|t:|1783535806\n|gametype|singles\n|player|p1|p0x176b270|101|\n|player|p2|p0y176c2be|102|\n|gen|9\n|tier|[Gen 9] Random Battle\n|rule|Species Clause: Limit one of each Pok\u00e9mon\n|rule|HP Percentage Mod: HP is shown in percentages\n|rule|Sleep Clause Mod: Limit one foe put to sleep\n|rule|Illusion Level Mod: Illusion disguises the Pok\u00e9mon's true level\n|\n|t:|1783535806\n|teamsize|p1|6\n|teamsize|p2|6\n|start\n|switch|p1a: Overqwil|Overqwil, L82, F|100/100\n|switch|p2a: Porygon-Z|Porygon-Z, L83|277/277\n|-ability|p2a: Porygon-Z|Download|boost\n|-boost|p2a: Porygon-Z|spa|1\n|-ability|p1a: Overqwil|Intimidate|boost\n|-unboost|p2a: Porygon-Z|atk|1\n|turn|1\n|inactive|Battle timer is ON: inactive players will automatically lose when time's up. (requested by p0x176b270)\n|inactive|Time left: 300 sec this turn | 300 sec total | 60 sec grace\n|inactive|p0y176c2be also wants the timer to be on.\n|\n|t:|1783535808\n|move|p2a: Porygon-Z|Tri Attack|p1a: Overqwil\n|-damage|p1a: Overqwil|5/100\n|-damage|p2a: Porygon-Z|250/277|[from] item: Life Orb\n|move|p1a: Overqwil|Gunk Shot|p2a: Porygon-Z|[miss]\n|-miss|p1a: Overqwil|p2a: Porygon-Z\n|\n|upkeep\n|turn|2\n|inactive|Time left: 300 sec this turn | 300 sec total\n|\n|t:|1783535809\n|switch|p1a: Carbink|Carbink, L90|100/100\n|move|p2a: Porygon-Z|Thunderbolt|p1a: Carbink\n|-damage|p1a: Carbink|60/100\n|-damage|p2a: Porygon-Z|223/277|[from] item: Life Orb\n|\n|upkeep\n|turn|3\n|inactive|Time left: 300 sec this turn | 300 sec total\n|\n|t:|1783535810\n|-terastallize|p2a: Porygon-Z|Electric\n|move|p2a: Porygon-Z|Thunderbolt|p1a: Carbink\n|-damage|p1a: Carbink|0 fnt\n|faint|p1a: Carbink\n|-damage|p2a: Porygon-Z|196/277|[from] item: Life Orb\n|\n|upkeep\n|\n|t:|1783535811\n|switch|p1a: Kyogre|Kyogre, L71|100/100\n|-weather|RainDance|[from] ability: Drizzle|[of] p1a: Kyogre\n|turn|4\n|inactive|Time left: 300 sec this turn | 300 sec total\n|\n|t:|1783535812\n|move|p1a: Kyogre|Water Spout|p2a: Porygon-Z\n|-damage|p2a: Porygon-Z|0 fnt\n|faint|p2a: Porygon-Z\n|\n|-weather|RainDance|[upkeep]\n|upkeep\n|inactive|Time left: 300 sec this turn | 300 sec total | 5 sec grace\n|\n|t:|1783535813\n|switch|p2a: Urshifu|Urshifu, L74, F|270/270\n|turn|5\n|inactive|Time left: 300 sec this turn | 300 sec total\n|\n|t:|1783535814\n|move|p2a: Urshifu|Sucker Punch|p1a: Kyogre\n|-damage|p1a: Kyogre|51/100\n|move|p1a: Kyogre|Water Spout|p2a: Urshifu\n|-damage|p2a: Urshifu|93/270\n|\n|-weather|RainDance|[upkeep]\n|upkeep\n|turn|6\n|inactive|Time left: 300 sec this turn | 300 sec total\n|\n|t:|1783535815\n|switch|p1a: Sandaconda|Sandaconda, L84, M|100/100\n|move|p2a: Urshifu|Sucker Punch||[still]\n|-fail|p2a: Urshifu\n|\n|-weather|RainDance|[upkeep]\n|upkeep\n|turn|7\n|inactive|Time left: 300 sec this turn | 300 sec total\n|\n|t:|1783535816\n|switch|p2a: Dudunsparce|Dudunsparce, L83, M|343/343\n|move|p1a: Sandaconda|Coil|p1a: Sandaconda\n|-boost|p1a: Sandaconda|atk|1\n|-boost|p1a: Sandaconda|def|1\n|-boost|p1a: Sandaconda|accuracy|1\n|\n|-weather|RainDance|[upkeep]\n|upkeep\n|turn|8\n|inactive|Time left: 300 sec this turn | 300 sec total\n|\n|t:|1783535817\n|move|p1a: Sandaconda|Earthquake|p2a: Dudunsparce\n|-damage|p2a: Dudunsparce|156/343\n|move|p2a: Dudunsparce|Roost|p2a: Dudunsparce\n|-heal|p2a: Dudunsparce|328/343\n|-singleturn|p2a: Dudunsparce|move: Roost\n|\n|-weather|none\n|-heal|p2a: Dudunsparce|343/343|[from] item: Leftovers\n|upkeep\n|turn|9\n|inactive|Time left: 300 sec this turn | 300 sec total\n|\n|t:|1783535818\n|move|p1a: Sandaconda|Earthquake|p2a: Dudunsparce\n|-damage|p2a: Dudunsparce|151/343\n|move|p2a: Dudunsparce|Roost|p2a: Dudunsparce\n|-heal|p2a: Dudunsparce|323/343\n|-singleturn|p2a: Dudunsparce|move: Roost\n|\n|-heal|p2a: Dudunsparce|343/343|[from] item: Leftovers\n|upkeep\n|turn|10\n|inactive|Time left: 300 sec this turn | 300 sec total\n|\n|t:|1783535819\n|move|p1a: Sandaconda|Earthquake|p2a: Dudunsparce\n|-damage|p2a: Dudunsparce|154/343\n|move|p2a: Dudunsparce|Roost|p2a: Dudunsparce\n|-heal|p2a: Dudunsparce|326/343\n|-singleturn|p2a: Dudunsparce|move: Roost\n|\n|-heal|p2a: Dudunsparce|343/343|[from] item: Leftovers\n|upkeep\n|turn|11\n|inactive|Time left: 300 sec this turn | 300 sec total\n|\n|t:|1783535820\n|move|p1a: Sandaconda|Earthquake|p2a: Dudunsparce\n|-damage|p2a: Dudunsparce|169/343\n|move|p2a: Dudunsparce|Roost|p2a: Dudunsparce\n|-heal|p2a: Dudunsparce|341/343\n|-singleturn|p2a: Dudunsparce|move: Roost\n|\n|-heal|p2a: Dudunsparce|343/343|[from] item: Leftovers\n|upkeep\n|turn|12\n|inactive|Time left: 300 sec this turn | 300 sec total\n|\n|t:|1783535821\n|move|p1a: Sandaconda|Earthquake|p2a: Dudunsparce\n|-damage|p2a: Dudunsparce|151/343\n|move|p2a: Dudunsparce|Roost|p2a: Dudunsparce\n|-heal|p2a: Dudunsparce|323/343\n|-singleturn|p2a: Dudunsparce|move: Roost\n|\n|-heal|p2a: Dudunsparce|343/343|[from] item: Leftovers\n|upkeep\n|turn|13\n|inactive|Time left: 300 sec this turn | 300 sec total\n|\n|t:|1783535822\n|move|p1a: Sandaconda|Earthquake|p2a: Dudunsparce\n|-damage|p2a: Dudunsparce|150/343\n|move|p2a: Dudunsparce|Roost|p2a: Dudunsparce\n|-heal|p2a: Dudunsparce|322/343\n|-singleturn|p2a: Dudunsparce|move: Roost\n|\n|-heal|p2a: Dudunsparce|343/343|[from] item: Leftovers\n|upkeep\n|turn|14\n|inactive|Time left: 300 sec this turn | 300 sec total\n|\n|t:|1783535823\n|move|p1a: Sandaconda|Earthquake|p2a: Dudunsparce\n|-damage|p2a: Dudunsparce|162/343\n|move|p2a: Dudunsparce|Roost|p2a: Dudunsparce\n|-heal|p2a: Dudunsparce|334/343\n|-singleturn|p2a: Dudunsparce|move: Roost\n|\n|-heal|p2a: Dudunsparce|343/343|[from] item: Leftovers\n|upkeep\n|turn|15\n|inactive|Time left: 300 sec this turn | 300 sec total\n|\n|t:|1783535824\n|move|p1a: Sandaconda|Earthquake|p2a: Dudunsparce\n|-damage|p2a: Dudunsparce|157/343\n|move|p2a: Dudunsparce|Roost|p2a: Dudunsparce\n|-heal|p2a: Dudunsparce|329/343\n|-singleturn|p2a: Dudunsparce|move: Roost\n|\n|-heal|p2a: Dudunsparce|343/343|[from] item: Leftovers\n|upkeep\n|turn|16\n|inactive|Time left: 300 sec this turn | 300 sec total\n|\n|t:|1783535825\n|move|p1a: Sandaconda|Earthquake|p2a: Dudunsparce\n|-damage|p2a: Dudunsparce|163/343\n|move|p2a: Dudunsparce|Earthquake|p1a: Sandaconda\n|-damage|p1a: Sandaconda|86/100\n|\n|-heal|p2a: Dudunsparce|184/343|[from] item: Leftovers\n|upkeep\n|turn|17\n|inactive|Time left: 300 sec this turn | 300 sec total\n|\n|t:|1783535826\n|move|p1a: Sandaconda|Earthquake|p2a: Dudunsparce\n|-damage|p2a: Dudunsparce|0 fnt\n|faint|p2a: Dudunsparce\n|\n|upkeep\n|inactive|Time left: 300 sec this turn | 300 sec total | 5 sec grace\n|\n|t:|1783535827\n|switch|p2a: Urshifu|Urshifu, L74, F|93/270\n|turn|18\n|inactive|Time left: 300 sec this turn | 300 sec total\n|\n|t:|1783535828\n|move|p2a: Urshifu|Wicked Blow|p1a: Sandaconda\n|-crit|p1a: Sandaconda\n|-damage|p1a: Sandaconda|37/100\n|move|p1a: Sandaconda|Scale Shot|p2a: Urshifu\n|-damage|p2a: Urshifu|64/270\n|-damage|p2a: Urshifu|35/270\n|-damage|p2a: Urshifu|6/270\n|-damage|p2a: Urshifu|0 fnt\n|faint|p2a: Urshifu\n|-hitcount|p2: Urshifu|4\n|-unboost|p1a: Sandaconda|def|1\n|-boost|p1a: Sandaconda|spe|1\n|\n|upkeep\n|inactive|Time left: 300 sec this turn | 300 sec total | 5 sec grace\n|\n|t:|1783535829\n|switch|p2a: Metagross|Metagross, L79|256/256\n|turn|19\n|inactive|Time left: 300 sec this turn | 300 sec total\n|\n|t:|1783535831\n|move|p2a: Metagross|Bullet Punch|p1a: Sandaconda\n|-damage|p1a: Sandaconda|14/100\n|move|p1a: Sandaconda|Earthquake|p2a: Metagross\n|-supereffective|p2a: Metagross\n|-damage|p2a: Metagross|0 fnt\n|faint|p2a: Metagross\n|\n|upkeep\n|inactive|Time left: 300 sec this turn | 300 sec total | 5 sec grace\n|\n|t:|1783535832\n|switch|p2a: Zacian|Zacian-Crowned, L64|225/225\n|-ability|p2a: Zacian|Intrepid Sword|boost\n|-boost|p2a: Zacian|atk|1\n|turn|20\n|inactive|Time left: 300 sec this turn | 300 sec total\n|\n|t:|1783535832\n|move|p1a: Sandaconda|Earthquake|p2a: Zacian\n|-supereffective|p2a: Zacian\n|-damage|p2a: Zacian|0 fnt\n|faint|p2a: Zacian\n|\n|upkeep\n|inactive|Time left: 300 sec this turn | 300 sec total | 5 sec grace\n|\n|t:|1783535833\n|switch|p2a: Armarouge|Armarouge, L80, M|267/267\n|turn|21\n|inactive|Time left: 300 sec this turn | 300 sec total\n|\n|t:|1783535834\n|-terastallize|p1a: Sandaconda|Dragon\n|move|p1a: Sandaconda|Earthquake|p2a: Armarouge\n|-supereffective|p2a: Armarouge\n|-damage|p2a: Armarouge|0 fnt\n|faint|p2a: Armarouge\n|\n|win|p0x176b270", "uploadtime": 1783535834, "views": 0, "rating": 0, "private": 0, "password": null, "_winner": "p0x176b270", "_our_name": "p0y176c2be"}