{"id": "battle-gen9randombattle-2218", "formatid": "gen9randombattle", "format": "[Gen 9] Random Battle", "players": ["p0x22180eb4", "p0y2218b1cb"], "log": "|init|battle\n|title|p0x22180eb4 vs. p0y2218b1cb\n|j|\u2606p0x22180eb4\n|j|\u2606p0y2218b1cb\n|t:|1783564755\n|gametype|singles\n|player|p1|p0x22180eb4|265|\n|player|p2|p0y2218b1cb|2|\n|gen|9\n|tier|[Gen 9] Random Battle\n|rule|Species Clause: Limit one of each Pok\u00e9mon\n|rule|HP Percentage Mod: HP is shown in percentages\n|rule|Sleep Clause Mod: Limit one foe put to sleep\n|rule|Illusion Level Mod: Illusion disguises the Pok\u00e9mon's true level\n|\n|t:|1783564755\n|teamsize|p1|6\n|teamsize|p2|6\n|start\n|switch|p1a: Drifblim|Drifblim, L86, F|100/100\n|switch|p2a: Magnezone|Magnezone, L85|258/258\n|turn|1\n|inactive|Battle timer is ON: inactive players will automatically lose when time's up. (requested by p0x22180eb4)\n|inactive|Time left: 300 sec this turn | 300 sec total | 60 sec grace\n|inactive|p0y2218b1cb also wants the timer to be on.\n|\n|t:|1783564756\n|switch|p1a: Gliscor|Gliscor, L76, F|100/100\n|move|p2a: Magnezone|Thunderbolt|p1a: Gliscor\n|-immune|p1a: Gliscor\n|\n|-status|p1a: Gliscor|tox|[from] item: Toxic Orb\n|upkeep\n|turn|2\n|inactive|Time left: 300 sec this turn | 300 sec total\n|\n|t:|1783564758\n|move|p2a: Magnezone|Thunderbolt|p1a: Gliscor\n|-immune|p1a: Gliscor\n|move|p1a: Gliscor|Earthquake|p2a: Magnezone\n|-supereffective|p2a: Magnezone\n|-damage|p2a: Magnezone|2/258\n|\n|upkeep\n|turn|3\n|inactive|Time left: 300 sec this turn | 300 sec total\n|\n|t:|1783564759\n|move|p2a: Magnezone|Thunderbolt|p1a: Gliscor\n|-immune|p1a: Gliscor\n|move|p1a: Gliscor|Earthquake|p2a: Magnezone\n|-supereffective|p2a: Magnezone\n|-crit|p2a: Magnezone\n|-damage|p2a: Magnezone|0 fnt\n|faint|p2a: Magnezone\n|\n|upkeep\n|inactive|Time left: 300 sec this turn | 300 sec total | 5 sec grace\n|\n|t:|1783564760\n|switch|p2a: Cryogonal|Cryogonal, L89|287/287\n|turn|4\n|inactive|Time left: 300 sec this turn | 300 sec total\n|\n|t:|1783564761\n|switch|p1a: Probopass|Probopass, L91, M|100/100\n|move|p2a: Cryogonal|Ice Beam|p1a: Probopass\n|-resisted|p1a: Probopass\n|-damage|p1a: Probopass|89/100\n|\n|upkeep\n|turn|5\n|inactive|Time left: 300 sec this turn | 300 sec total\n|\n|t:|1783564762\n|switch|p2a: Drifblim|Drifblim, L86, M|396/396\n|move|p1a: Probopass|Body Press|p2a: Drifblim\n|-immune|p2a: Drifblim\n|\n|upkeep\n|turn|6\n|inactive|Time left: 300 sec this turn | 300 sec total\n|\n|t:|1783564764\n|move|p2a: Drifblim|Calm Mind|p2a: Drifblim\n|-boost|p2a: Drifblim|spa|1\n|-boost|p2a: Drifblim|spd|1\n|move|p1a: Probopass|Flash Cannon|p2a: Drifblim\n|-damage|p2a: Drifblim|324/396\n|\n|upkeep\n|turn|7\n|inactive|Time left: 300 sec this turn | 300 sec total\n|\n|t:|1783564765\n|move|p2a: Drifblim|Strength Sap|p1a: Probopass\n|-unboost|p1a: Probopass|atk|1\n|-heal|p2a: Drifblim|396/396\n|move|p1a: Probopass|Rest|p1a: Probopass\n|-status|p1a: Probopass|slp|[from] move: Rest\n|-heal|p1a: Probopass|100/100 slp|[silent]\n|-enditem|p1a: Probopass|Chesto Berry|[eat]\n|-curestatus|p1a: Probopass|slp|[msg]\n|\n|upkeep\n|turn|8\n|inactive|Time left: 300 sec this turn | 300 sec total\n|\n|t:|1783564766\n|move|p2a: Drifblim|Shadow Ball|p1a: Probopass\n|-damage|p1a: Probopass|69/100\n|move|p1a: Probopass|Flash Cannon|p2a: Drifblim\n|-damage|p2a: Drifblim|315/396\n|\n|upkeep\n|turn|9\n|inactive|Time left: 300 sec this turn | 300 sec total\n|\n|t:|1783564766\n|move|p2a: Drifblim|Shadow Ball|p1a: Probopass\n|-damage|p1a: Probopass|39/100\n|move|p1a: Probopass|Flash Cannon|p2a: Drifblim\n|-damage|p2a: Drifblim|243/396\n|\n|upkeep\n|turn|10\n|inactive|Time left: 300 sec this turn | 300 sec total\n|\n|t:|1783564768\n|move|p2a: Drifblim|Calm Mind|p2a: Drifblim\n|-boost|p2a: Drifblim|spa|1\n|-boost|p2a: Drifblim|spd|1\n|move|p1a: Probopass|Rest|p1a: Probopass\n|-status|p1a: Probopass|slp|[from] move: Rest\n|-heal|p1a: Probopass|100/100 slp|[silent]\n|\n|upkeep\n|turn|11\n|inactive|Time left: 300 sec this turn | 300 sec total\n|\n|t:|1783564768\n|switch|p1a: Darkrai|Darkrai, L77|100/100\n|move|p2a: Drifblim|Shadow Ball|p1a: Darkrai\n|-resisted|p1a: Darkrai\n|-damage|p1a: Darkrai|64/100\n|\n|upkeep\n|turn|12\n|inactive|Time left: 300 sec this turn | 300 sec total\n|\n|t:|1783564769\n|move|p1a: Darkrai|Hypnosis|p2a: Drifblim|[miss]\n|-miss|p1a: Darkrai|p2a: Drifblim\n|move|p2a: Drifblim|Air Slash|p1a: Darkrai\n|-damage|p1a: Darkrai|0 fnt\n|faint|p1a: Darkrai\n|\n|upkeep\n|\n|t:|1783564770\n|switch|p1a: Azelf|Azelf, L82|100/100\n|turn|13\n|inactive|Time left: 300 sec this turn | 300 sec total\n|\n|t:|1783564771\n|-terastallize|p1a: Azelf|Psychic\n|move|p1a: Azelf|Psyshock|p2a: Drifblim\n|-damage|p2a: Drifblim|0 fnt\n|faint|p2a: Drifblim\n|-damage|p1a: Azelf|91/100|[from] item: Life Orb\n|\n|upkeep\n|inactive|Time left: 300 sec this turn | 300 sec total | 5 sec grace\n|\n|t:|1783564772\n|switch|p2a: Jolteon|Jolteon, L84, F|246/246\n|turn|14\n|inactive|Time left: 300 sec this turn | 300 sec total\n|\n|t:|1783564773\n|move|p2a: Jolteon|Shadow Ball|p1a: Azelf\n|-supereffective|p1a: Azelf\n|-damage|p1a: Azelf|0 fnt\n|faint|p1a: Azelf\n|\n|upkeep\n|\n|t:|1783564774\n|switch|p1a: Glalie|Glalie, L96, M|100/100\n|turn|15\n|inactive|Time left: 300 sec this turn | 300 sec total\n|\n|t:|1783564775\n|switch|p2a: Cryogonal|Cryogonal, L89|287/287\n|move|p1a: Glalie|Freeze-Dry|p2a: Cryogonal\n|-resisted|p2a: Cryogonal\n|-damage|p2a: Cryogonal|257/287\n|\n|upkeep\n|turn|16\n|inactive|Time left: 300 sec this turn | 300 sec total\n|\n|t:|1783564775\n|move|p2a: Cryogonal|Rapid Spin|p1a: Glalie\n|-damage|p1a: Glalie|92/100\n|-boost|p2a: Cryogonal|spe|1\n|move|p1a: Glalie|Spikes|p2a: Cryogonal\n|-sidestart|p2: p0y2218b1cb|Spikes\n|\n|upkeep\n|turn|17\n|inactive|Time left: 300 sec this turn | 300 sec total\n|\n|t:|1783564776\n|move|p2a: Cryogonal|Rapid Spin|p1a: Glalie\n|-damage|p1a: Glalie|85/100\n|-boost|p2a: Cryogonal|spe|1\n|-sideend|p2: p0y2218b1cb|Spikes|[from] move: Rapid Spin|[of] p2a: Cryogonal\n|move|p1a: Glalie|Freeze-Dry|p2a: Cryogonal\n|-resisted|p2a: Cryogonal\n|-damage|p2a: Cryogonal|230/287\n|\n|upkeep\n|turn|18\n|inactive|Time left: 300 sec this turn | 300 sec total\n|\n|t:|1783564777\n|move|p2a: Cryogonal|Ice Beam|p1a: Glalie\n|-resisted|p1a: Glalie\n|-damage|p1a: Glalie|68/100\n|move|p1a: Glalie|Spikes|p2a: Cryogonal\n|-sidestart|p2: p0y2218b1cb|Spikes\n|\n|upkeep\n|turn|19\n|inactive|Time left: 300 sec this turn | 300 sec total\n|\n|t:|1783564778\n|move|p2a: Cryogonal|Ice Beam|p1a: Glalie\n|-resisted|p1a: Glalie\n|-damage|p1a: Glalie|54/100\n|move|p1a: Glalie|Freeze-Dry|p2a: Cryogonal\n|-resisted|p2a: Cryogonal\n|-damage|p2a: Cryogonal|201/287\n|\n|upkeep\n|turn|20\n|inactive|Time left: 300 sec this turn | 300 sec total\n|\n|t:|1783564779\n|move|p2a: Cryogonal|Ice Beam|p1a: Glalie\n|-resisted|p1a: Glalie\n|-damage|p1a: Glalie|37/100\n|move|p1a: Glalie|Spikes|p2a: Cryogonal\n|-sidestart|p2: p0y2218b1cb|Spikes\n|\n|upkeep\n|turn|21\n|inactive|Time left: 300 sec this turn | 300 sec total\n|\n|t:|1783564779\n|move|p2a: Cryogonal|Ice Beam|p1a: Glalie\n|-resisted|p1a: Glalie\n|-damage|p1a: Glalie|22/100\n|move|p1a: Glalie|Spikes|p2a: Cryogonal\n|-sidestart|p2: p0y2218b1cb|Spikes\n|\n|upkeep\n|turn|22\n|inactive|Time left: 300 sec this turn | 300 sec total\n|\n|t:|1783564780\n|switch|p1a: Probopass|Probopass, L91, M|100/100 slp\n|move|p2a: Cryogonal|Ice Beam|p1a: Probopass\n|-resisted|p1a: Probopass\n|-damage|p1a: Probopass|87/100 slp\n|\n|upkeep\n|turn|23\n|inactive|Time left: 300 sec this turn | 300 sec total\n|\n|t:|1783564781\n|move|p2a: Cryogonal|Rapid Spin|p1a: Probopass\n|-resisted|p1a: Probopass\n|-damage|p1a: Probopass|86/100 slp\n|-boost|p2a: Cryogonal|spe|1\n|-sideend|p2: p0y2218b1cb|Spikes|[from] move: Rapid Spin|[of] p2a: Cryogonal\n|cant|p1a: Probopass|slp\n|\n|upkeep\n|turn|24\n|inactive|Time left: 300 sec this turn | 300 sec total\n|\n|t:|1783564782\n|move|p2a: Cryogonal|Recover|p2a: Cryogonal\n|-heal|p2a: Cryogonal|287/287\n|cant|p1a: Probopass|slp\n|\n|upkeep\n|turn|25\n|inactive|Time left: 300 sec this turn | 300 sec total\n|\n|t:|1783564783\n|-terastallize|p2a: Cryogonal|Electric\n|move|p2a: Cryogonal|Rapid Spin|p1a: Probopass\n|-resisted|p1a: Probopass\n|-damage|p1a: Probopass|84/100 slp\n|-boost|p2a: Cryogonal|spe|1\n|-curestatus|p1a: Probopass|slp|[msg]\n|move|p1a: Probopass|Body Press|p2a: Cryogonal\n|-damage|p2a: Cryogonal|151/287\n|\n|upkeep\n|turn|26\n|inactive|Time left: 300 sec this turn | 300 sec total\n|\n|t:|1783564784\n|move|p2a: Cryogonal|Recover|p2a: Cryogonal\n|-heal|p2a: Cryogonal|287/287\n|move|p1a: Probopass|Iron Defense|p1a: Probopass\n|-boost|p1a: Probopass|def|2\n|\n|upkeep\n|turn|27\n|inactive|Time left: 300 sec this turn | 300 sec total\n|\n|t:|1783564785\n|move|p2a: Cryogonal|Ice Beam|p1a: Probopass\n|-resisted|p1a: Probopass\n|-damage|p1a: Probopass|72/100\n|move|p1a: Probopass|Body Press|p2a: Cryogonal\n|-damage|p2a: Cryogonal|28/287\n|\n|upkeep\n|turn|28\n|inactive|Time left: 300 sec this turn | 300 sec total\n|\n|t:|1783564786\n|move|p2a: Cryogonal|Tera Blast|p1a: Probopass|[anim] Tera Blast Electric\n|-damage|p1a: Probopass|47/100\n|move|p1a: Probopass|Body Press|p2a: Cryogonal\n|-damage|p2a: Cryogonal|0 fnt\n|faint|p2a: Cryogonal\n|\n|upkeep\n|inactive|Time left: 300 sec this turn | 300 sec total | 5 sec grace\n|\n|t:|1783564786\n|switch|p2a: Cobalion|Cobalion, L80|277/277\n|turn|29\n|inactive|Time left: 300 sec this turn | 300 sec total\n|\n|t:|1783564787\n|switch|p1a: Gliscor|Gliscor, L76, F|100/100 tox\n|move|p2a: Cobalion|Close Combat|p1a: Gliscor\n|-resisted|p1a: Gliscor\n|-damage|p1a: Gliscor|83/100 tox\n|-unboost|p2a: Cobalion|def|1\n|-unboost|p2a: Cobalion|spd|1\n|\n|-heal|p1a: Gliscor|95/100 tox|[from] ability: Poison Heal\n|upkeep\n|turn|30\n|inactive|Time left: 300 sec this turn | 300 sec total\n|\n|t:|1783564788\n|switch|p2a: Ogerpon|Ogerpon-Wellspring, L76, F|247/247\n|move|p1a: Gliscor|Earthquake|p2a: Ogerpon\n|-resisted|p2a: Ogerpon\n|-damage|p2a: Ogerpon|202/247\n|\n|-heal|p1a: Gliscor|100/100 tox|[from] ability: Poison Heal\n|upkeep\n|turn|31\n|inactive|Time left: 300 sec this turn | 300 sec total\n|\n|t:|1783564789\n|move|p1a: Gliscor|Protect|p1a: Gliscor\n|-singleturn|p1a: Gliscor|Protect\n|move|p2a: Ogerpon|Ivy Cudgel|p1a: Gliscor|[anim] Ivy Cudgel Water\n|-activate|p1a: Gliscor|move: Protect\n|\n|upkeep\n|turn|32\n|inactive|Time left: 300 sec this turn | 300 sec total\n|\n|t:|1783564790\n|switch|p1a: Drifblim|Drifblim, L86, F|100/100\n|move|p2a: Ogerpon|Ivy Cudgel|p1a: Drifblim|[anim] Ivy Cudgel Water\n|-damage|p1a: Drifblim|55/100\n|\n|upkeep\n|turn|33\n|inactive|Time left: 300 sec this turn | 300 sec total\n|\n|t:|1783564791\n|switch|p2a: Jolteon|Jolteon, L84, F|246/246\n|move|p1a: Drifblim|Strength Sap|p2a: Jolteon\n|-unboost|p2a: Jolteon|atk|1\n|-heal|p1a: Drifblim|84/100\n|\n|upkeep\n|turn|34\n|inactive|Time left: 300 sec this turn | 300 sec total\n|\n|t:|1783564792\n|switch|p1a: Gliscor|Gliscor, L76, F|100/100 tox\n|move|p2a: Jolteon|Shadow Ball|p1a: Gliscor\n|-damage|p1a: Gliscor|49/100 tox\n|\n|-heal|p1a: Gliscor|62/100 tox|[from] ability: Poison Heal\n|upkeep\n|turn|35\n|inactive|Time left: 300 sec this turn | 300 sec total\n|\n|t:|1783564793\n|move|p2a: Jolteon|Shadow Ball|p1a: Gliscor\n|-damage|p1a: Gliscor|17/100 tox\n|move|p1a: Gliscor|Earthquake|p2a: Jolteon\n|-supereffective|p2a: Jolteon\n|-damage|p2a: Jolteon|18/246\n|\n|-heal|p1a: Gliscor|29/100 tox|[from] ability: Poison Heal\n|upkeep\n|turn|36\n|inactive|Time left: 300 sec this turn | 300 sec total\n|\n|t:|1783564794\n|move|p1a: Gliscor|Protect|p1a: Gliscor\n|-singleturn|p1a: Gliscor|Protect\n|move|p2a: Jolteon|Shadow Ball|p1a: Gliscor\n|-activate|p1a: Gliscor|move: Protect\n|\n|-heal|p1a: Gliscor|41/100 tox|[from] ability: Poison Heal\n|upkeep\n|turn|37\n|inactive|Time left: 300 sec this turn | 300 sec total\n|\n|t:|1783564795\n|switch|p1a: Probopass|Probopass, L91, M|47/100\n|move|p2a: Jolteon|Shadow Ball|p1a: Probopass\n|-crit|p1a: Probopass\n|-damage|p1a: Probopass|11/100\n|\n|upkeep\n|turn|38\n|inactive|Time left: 300 sec this turn | 300 sec total\n|\n|t:|1783564796\n|move|p2a: Jolteon|Shadow Ball|p1a: Probopass\n|-damage|p1a: Probopass|0 fnt\n|faint|p1a: Probopass\n|\n|upkeep\n|\n|t:|1783564797\n|switch|p1a: Gliscor|Gliscor, L76, F|41/100 tox\n|turn|39\n|inactive|Time left: 300 sec this turn | 300 sec total\n|\n|t:|1783564798\n|move|p1a: Gliscor|Protect|p1a: Gliscor\n|-singleturn|p1a: Gliscor|Protect\n|move|p2a: Jolteon|Shadow Ball|p1a: Gliscor\n|-activate|p1a: Gliscor|move: Protect\n|\n|-heal|p1a: Gliscor|53/100 tox|[from] ability: Poison Heal\n|upkeep\n|turn|40\n|inactive|Time left: 300 sec this turn | 300 sec total\n|\n|t:|1783564799\n|move|p2a: Jolteon|Shadow Ball|p1a: Gliscor\n|-damage|p1a: Gliscor|5/100 tox\n|move|p1a: Gliscor|Earthquake|p2a: Jolteon\n|-supereffective|p2a: Jolteon\n|-damage|p2a: Jolteon|0 fnt\n|faint|p2a: Jolteon\n|\n|-heal|p1a: Gliscor|17/100 tox|[from] ability: Poison Heal\n|upkeep\n|inactive|Time left: 300 sec this turn | 300 sec total | 5 sec grace\n|\n|t:|1783564800\n|switch|p2a: Cobalion|Cobalion, L80|277/277\n|turn|41\n|inactive|Time left: 300 sec this turn | 300 sec total\n|\n|t:|1783564800\n|move|p1a: Gliscor|Protect|p1a: Gliscor\n|-singleturn|p1a: Gliscor|Protect\n|move|p2a: Cobalion|Swords Dance|p2a: Cobalion\n|-boost|p2a: Cobalion|atk|2\n|\n|-heal|p1a: Gliscor|29/100 tox|[from] ability: Poison Heal\n|upkeep\n|turn|42\n|inactive|Time left: 300 sec this turn | 300 sec total\n|\n|t:|1783564801\n|switch|p1a: Glalie|Glalie, L96, M|22/100\n|move|p2a: Cobalion|Iron Head|p1a: Glalie\n|-supereffective|p1a: Glalie\n|-damage|p1a: Glalie|0 fnt\n|faint|p1a: Glalie\n|\n|upkeep\n|\n|t:|1783564802\n|switch|p1a: Drifblim|Drifblim, L86, F|84/100\n|turn|43\n|inactive|Time left: 300 sec this turn | 300 sec total\n|\n|t:|1783564803\n|move|p2a: Cobalion|Swords Dance|p2a: Cobalion\n|-boost|p2a: Cobalion|atk|2\n|move|p1a: Drifblim|Strength Sap|p2a: Cobalion\n|-unboost|p2a: Cobalion|atk|1\n|-heal|p1a: Drifblim|100/100\n|\n|upkeep\n|turn|44\n|inactive|Time left: 300 sec this turn | 300 sec total\n|\n|t:|1783564804\n|move|p2a: Cobalion|Iron Head|p1a: Drifblim\n|-damage|p1a: Drifblim|29/100\n|move|p1a: Drifblim|Strength Sap|p2a: Cobalion\n|-unboost|p2a: Cobalion|atk|1\n|-heal|p1a: Drifblim|100/100\n|\n|upkeep\n|turn|45\n|inactive|Time left: 300 sec this turn | 300 sec total\n|\n|t:|1783564805\n|move|p2a: Cobalion|Swords Dance|p2a: Cobalion\n|-boost|p2a: Cobalion|atk|2\n|move|p1a: Drifblim|Strength Sap|p2a: Cobalion\n|-unboost|p2a: Cobalion|atk|1\n|\n|upkeep\n|turn|46\n|inactive|Time left: 300 sec this turn | 300 sec total\n|\n|t:|1783564806\n|move|p2a: Cobalion|Iron Head|p1a: Drifblim\n|-damage|p1a: Drifblim|27/100\n|cant|p1a: Drifblim|flinch\n|\n|upkeep\n|turn|47\n|inactive|Time left: 300 sec this turn | 300 sec total\n|\n|t:|1783564807\n|move|p2a: Cobalion|Iron Head|p1a: Drifblim\n|-damage|p1a: Drifblim|0 fnt\n|-damage|p2a: Cobalion|208/277|[from] ability: Aftermath|[of] p1a: Drifblim\n|faint|p1a: Drifblim\n|\n|-heal|p2a: Cobalion|225/277|[from] item: Leftovers\n|upkeep\n|\n|t:|1783564808\n|switch|p1a: Gliscor|Gliscor, L76, F|29/100 tox\n|turn|48\n|inactive|Time left: 300 sec this turn | 300 sec total\n|\n|t:|1783564809\n|move|p1a: Gliscor|Protect|p1a: Gliscor\n|-singleturn|p1a: Gliscor|Protect\n|move|p2a: Cobalion|Close Combat|p1a: Gliscor\n|-activate|p1a: Gliscor|move: Protect\n|\n|-heal|p2a: Cobalion|242/277|[from] item: Leftovers\n|-heal|p1a: Gliscor|42/100 tox|[from] ability: Poison Heal\n|upkeep\n|turn|49\n|inactive|Time left: 300 sec this turn | 300 sec total\n|\n|t:|1783564810\n|move|p1a: Gliscor|Protect||[still]\n|-fail|p1a: Gliscor\n|move|p2a: Cobalion|Iron Head|p1a: Gliscor\n|-damage|p1a: Gliscor|0 fnt\n|faint|p1a: Gliscor\n|\n|win|p0y2218b1cb", "uploadtime": 1783564810, "views": 0, "rating": 0, "private": 0, "password": null, "_winner": "p0y2218b1cb", "_our_name": "p0y2218b1cb"}