{"id": "battle-gen9randombattle-1201", "formatid": "gen9randombattle", "format": "[Gen 9] Random Battle", "players": ["p0x1201d0d0", "p0y12019c3f"], "log": "|init|battle\n|title|p0x1201d0d0 vs. p0y12019c3f\n|j|\u2606p0x1201d0d0\n|j|\u2606p0y12019c3f\n|t:|1783553915\n|gametype|singles\n|player|p1|p0x1201d0d0|1|\n|player|p2|p0y12019c3f|101|\n|gen|9\n|tier|[Gen 9] Random Battle\n|rule|Species Clause: Limit one of each Pok\u00e9mon\n|rule|HP Percentage Mod: HP is shown in percentages\n|rule|Sleep Clause Mod: Limit one foe put to sleep\n|rule|Illusion Level Mod: Illusion disguises the Pok\u00e9mon's true level\n|\n|t:|1783553915\n|teamsize|p1|6\n|teamsize|p2|6\n|start\n|switch|p1a: Flareon|Flareon, L90, M|263/263\n|switch|p2a: Salamence|Salamence, L77, M|100/100\n|turn|1\n|inactive|Battle timer is ON: inactive players will automatically lose when time's up. (requested by p0y12019c3f)\n|inactive|Time left: 300 sec this turn | 300 sec total | 60 sec grace\n|inactive|p0x1201d0d0 also wants the timer to be on.\n|\n|t:|1783553917\n|move|p2a: Salamence|Outrage|p1a: Flareon\n|-damage|p1a: Flareon|106/263\n|move|p1a: Flareon|Trailblaze|p2a: Salamence\n|-resisted|p2a: Salamence\n|-damage|p2a: Salamence|95/100\n|-boost|p1a: Flareon|spe|1\n|\n|-status|p1a: Flareon|tox|[from] item: Toxic Orb\n|upkeep\n|turn|2\n|inactive|Time left: 300 sec this turn | 300 sec total\n|\n|t:|1783553918\n|-terastallize|p1a: Flareon|Normal\n|move|p1a: Flareon|Facade|p2a: Salamence\n|-crit|p2a: Salamence\n|-damage|p2a: Salamence|0 fnt\n|faint|p2a: Salamence\n|\n|-damage|p1a: Flareon|90/263 tox|[from] psn\n|upkeep\n|\n|t:|1783553919\n|switch|p2a: Zacian|Zacian-Crowned, L64|100/100\n|-ability|p2a: Zacian|Intrepid Sword|boost\n|-boost|p2a: Zacian|atk|1\n|turn|3\n|inactive|Time left: 300 sec this turn | 300 sec total\n|\n|t:|1783553920\n|move|p1a: Flareon|Flare Blitz|p2a: Zacian\n|-supereffective|p2a: Zacian\n|-damage|p2a: Zacian|0 fnt\n|faint|p2a: Zacian\n|-damage|p1a: Flareon|16/263 tox|[from] Recoil\n|\n|-damage|p1a: Flareon|0 fnt|[from] psn\n|faint|p1a: Flareon\n|upkeep\n|inactive|Time left: 300 sec this turn | 300 sec total | 5 sec grace\n|\n|t:|1783553921\n|switch|p2a: Scrafty|Scrafty, L83, F|100/100\n|switch|p1a: Regice|Regice, L88|284/284\n|turn|4\n|inactive|Time left: 300 sec this turn | 300 sec total\n|\n|t:|1783553922\n|switch|p1a: Pincurchin|Pincurchin, F|258/258\n|-fieldstart|move: Electric Terrain|[from] ability: Electric Surge|[of] p1a: Pincurchin\n|move|p2a: Scrafty|Bulk Up|p2a: Scrafty\n|-boost|p2a: Scrafty|atk|1\n|-boost|p2a: Scrafty|def|1\n|\n|upkeep\n|turn|5\n|inactive|Time left: 300 sec this turn | 300 sec total\n|\n|t:|1783553923\n|move|p2a: Scrafty|Knock Off|p1a: Pincurchin\n|-damage|p1a: Pincurchin|141/258\n|-enditem|p1a: Pincurchin|Leftovers|[from] move: Knock Off|[of] p2a: Scrafty\n|move|p1a: Pincurchin|Discharge|p2a: Scrafty\n|-damage|p2a: Scrafty|50/100\n|\n|-heal|p2a: Scrafty|56/100|[from] item: Leftovers\n|upkeep\n|turn|6\n|inactive|Time left: 300 sec this turn | 300 sec total\n|\n|t:|1783553924\n|move|p2a: Scrafty|Drain Punch|p1a: Pincurchin\n|-damage|p1a: Pincurchin|53/258\n|-heal|p2a: Scrafty|74/100|[from] drain|[of] p1a: Pincurchin\n|move|p1a: Pincurchin|Recover|p1a: Pincurchin\n|-heal|p1a: Pincurchin|182/258\n|\n|-heal|p2a: Scrafty|80/100|[from] item: Leftovers\n|upkeep\n|turn|7\n|inactive|Time left: 300 sec this turn | 300 sec total\n|\n|t:|1783553925\n|move|p2a: Scrafty|Drain Punch|p1a: Pincurchin\n|-damage|p1a: Pincurchin|91/258\n|-heal|p2a: Scrafty|99/100|[from] drain|[of] p1a: Pincurchin\n|move|p1a: Pincurchin|Discharge|p2a: Scrafty\n|-damage|p2a: Scrafty|45/100\n|\n|-heal|p2a: Scrafty|51/100|[from] item: Leftovers\n|upkeep\n|turn|8\n|inactive|Time left: 300 sec this turn | 300 sec total\n|\n|t:|1783553926\n|move|p2a: Scrafty|Drain Punch|p1a: Pincurchin\n|-crit|p1a: Pincurchin\n|-damage|p1a: Pincurchin|0 fnt\n|-heal|p2a: Scrafty|70/100|[from] drain|[of] p1a: Pincurchin\n|faint|p1a: Pincurchin\n|\n|-heal|p2a: Scrafty|76/100|[from] item: Leftovers\n|-fieldend|move: Electric Terrain\n|upkeep\n|inactive|Time left: 300 sec this turn | 300 sec total | 5 sec grace\n|\n|t:|1783553927\n|switch|p1a: Brambleghast|Brambleghast, L88, F|240/240\n|turn|9\n|inactive|Time left: 300 sec this turn | 300 sec total\n|\n|t:|1783553928\n|move|p1a: Brambleghast|Substitute|p1a: Brambleghast\n|-start|p1a: Brambleghast|Substitute\n|-damage|p1a: Brambleghast|180/240\n|move|p2a: Scrafty|Knock Off|p1a: Brambleghast\n|-supereffective|p1a: Brambleghast\n|-end|p1a: Brambleghast|Substitute\n|\n|-heal|p1a: Brambleghast|195/240|[from] item: Leftovers\n|-heal|p2a: Scrafty|82/100|[from] item: Leftovers\n|upkeep\n|turn|10\n|inactive|Time left: 300 sec this turn | 300 sec total\n|\n|t:|1783553929\n|move|p1a: Brambleghast|Substitute|p1a: Brambleghast\n|-start|p1a: Brambleghast|Substitute\n|-damage|p1a: Brambleghast|135/240\n|move|p2a: Scrafty|Knock Off|p1a: Brambleghast\n|-supereffective|p1a: Brambleghast\n|-end|p1a: Brambleghast|Substitute\n|\n|-heal|p1a: Brambleghast|150/240|[from] item: Leftovers\n|-heal|p2a: Scrafty|89/100|[from] item: Leftovers\n|upkeep\n|turn|11\n|inactive|Time left: 300 sec this turn | 300 sec total\n|\n|t:|1783553930\n|move|p1a: Brambleghast|Substitute|p1a: Brambleghast\n|-start|p1a: Brambleghast|Substitute\n|-damage|p1a: Brambleghast|90/240\n|move|p2a: Scrafty|Knock Off|p1a: Brambleghast\n|-supereffective|p1a: Brambleghast\n|-end|p1a: Brambleghast|Substitute\n|\n|-heal|p1a: Brambleghast|105/240|[from] item: Leftovers\n|-heal|p2a: Scrafty|95/100|[from] item: Leftovers\n|upkeep\n|turn|12\n|inactive|Time left: 300 sec this turn | 300 sec total\n|\n|t:|1783553931\n|move|p1a: Brambleghast|Substitute|p1a: Brambleghast\n|-start|p1a: Brambleghast|Substitute\n|-damage|p1a: Brambleghast|45/240\n|move|p2a: Scrafty|Knock Off|p1a: Brambleghast\n|-supereffective|p1a: Brambleghast\n|-end|p1a: Brambleghast|Substitute\n|\n|-heal|p1a: Brambleghast|60/240|[from] item: Leftovers\n|-heal|p2a: Scrafty|100/100|[from] item: Leftovers\n|upkeep\n|turn|13\n|inactive|Time left: 300 sec this turn | 300 sec total\n|\n|t:|1783553932\n|move|p1a: Brambleghast|Leech Seed|p2a: Scrafty\n|-start|p2a: Scrafty|move: Leech Seed\n|move|p2a: Scrafty|Knock Off|p1a: Brambleghast\n|-supereffective|p1a: Brambleghast\n|-damage|p1a: Brambleghast|0 fnt\n|-enditem|p1a: Brambleghast|Leftovers|[from] move: Knock Off|[of] p2a: Scrafty\n|faint|p1a: Brambleghast\n|\n|upkeep\n|inactive|Time left: 300 sec this turn | 300 sec total | 5 sec grace\n|\n|t:|1783553933\n|switch|p1a: Grafaiai|Grafaiai, L86, F|249/249\n|turn|14\n|inactive|Time left: 300 sec this turn | 300 sec total\n|\n|t:|1783553933\n|move|p1a: Grafaiai|Super Fang|p2a: Scrafty\n|-damage|p2a: Scrafty|50/100\n|-status|p2a: Scrafty|psn|[from] ability: Poison Touch|[of] p1a: Grafaiai\n|move|p2a: Scrafty|Knock Off|p1a: Grafaiai\n|-damage|p1a: Grafaiai|66/249\n|-enditem|p1a: Grafaiai|Assault Vest|[from] move: Knock Off|[of] p2a: Scrafty\n|\n|-heal|p2a: Scrafty|57/100 psn|[from] item: Leftovers\n|-damage|p2a: Scrafty|44/100 psn|[from] Leech Seed|[of] p1a: Grafaiai\n|-heal|p1a: Grafaiai|96/249|[silent]\n|-damage|p2a: Scrafty|32/100 psn|[from] psn\n|upkeep\n|turn|15\n|inactive|Time left: 300 sec this turn | 300 sec total\n|\n|t:|1783553935\n|move|p1a: Grafaiai|Gunk Shot|p2a: Scrafty|[miss]\n|-miss|p1a: Grafaiai|p2a: Scrafty\n|move|p2a: Scrafty|Rest|p2a: Scrafty\n|-status|p2a: Scrafty|slp|[from] move: Rest\n|-heal|p2a: Scrafty|100/100 slp|[silent]\n|\n|-activate|p2a: Scrafty|ability: Shed Skin\n|-curestatus|p2a: Scrafty|slp|[msg]\n|-damage|p2a: Scrafty|88/100|[from] Leech Seed|[of] p1a: Grafaiai\n|-heal|p1a: Grafaiai|126/249|[silent]\n|upkeep\n|turn|16\n|inactive|Time left: 300 sec this turn | 300 sec total\n|\n|t:|1783553936\n|move|p1a: Grafaiai|Super Fang|p2a: Scrafty\n|-damage|p2a: Scrafty|44/100\n|-status|p2a: Scrafty|psn|[from] ability: Poison Touch|[of] p1a: Grafaiai\n|move|p2a: Scrafty|Drain Punch|p1a: Grafaiai\n|-damage|p1a: Grafaiai|2/249\n|-heal|p2a: Scrafty|70/100 psn|[from] drain|[of] p1a: Grafaiai\n|\n|-heal|p2a: Scrafty|76/100 psn|[from] item: Leftovers\n|-damage|p2a: Scrafty|64/100 psn|[from] Leech Seed|[of] p1a: Grafaiai\n|-heal|p1a: Grafaiai|32/249|[silent]\n|-damage|p2a: Scrafty|51/100 psn|[from] psn\n|upkeep\n|turn|17\n|inactive|Time left: 300 sec this turn | 300 sec total\n|\n|t:|1783553937\n|move|p1a: Grafaiai|Gunk Shot|p2a: Scrafty\n|-damage|p2a: Scrafty|22/100 psn\n|move|p2a: Scrafty|Rest|p2a: Scrafty\n|-status|p2a: Scrafty|slp|[from] move: Rest\n|-heal|p2a: Scrafty|100/100 slp|[silent]\n|\n|-damage|p2a: Scrafty|88/100 slp|[from] Leech Seed|[of] p1a: Grafaiai\n|-heal|p1a: Grafaiai|62/249|[silent]\n|upkeep\n|turn|18\n|inactive|Time left: 300 sec this turn | 300 sec total\n|\n|t:|1783553938\n|move|p1a: Grafaiai|Super Fang|p2a: Scrafty\n|-damage|p2a: Scrafty|44/100 slp\n|cant|p2a: Scrafty|slp\n|\n|-heal|p2a: Scrafty|50/100 slp|[from] item: Leftovers\n|-damage|p2a: Scrafty|38/100 slp|[from] Leech Seed|[of] p1a: Grafaiai\n|-heal|p1a: Grafaiai|92/249|[silent]\n|upkeep\n|turn|19\n|inactive|Time left: 300 sec this turn | 300 sec total\n|\n|t:|1783553939\n|move|p1a: Grafaiai|Super Fang|p2a: Scrafty\n|-damage|p2a: Scrafty|19/100 slp\n|cant|p2a: Scrafty|slp\n|\n|-activate|p2a: Scrafty|ability: Shed Skin\n|-curestatus|p2a: Scrafty|slp|[msg]\n|-heal|p2a: Scrafty|25/100|[from] item: Leftovers\n|-damage|p2a: Scrafty|13/100|[from] Leech Seed|[of] p1a: Grafaiai\n|-heal|p1a: Grafaiai|122/249|[silent]\n|upkeep\n|turn|20\n|inactive|Time left: 300 sec this turn | 300 sec total\n|\n|t:|1783553940\n|move|p1a: Grafaiai|Gunk Shot|p2a: Scrafty\n|-damage|p2a: Scrafty|0 fnt\n|faint|p2a: Scrafty\n|\n|upkeep\n|\n|t:|1783553941\n|switch|p2a: Latios|Latios, L78, M|100/100\n|turn|21\n|inactive|Time left: 300 sec this turn | 300 sec total\n|\n|t:|1783553942\n|move|p1a: Grafaiai|Knock Off|p2a: Latios\n|-supereffective|p2a: Latios\n|-damage|p2a: Latios|35/100\n|-enditem|p2a: Latios|Soul Dew|[from] move: Knock Off|[of] p1a: Grafaiai\n|move|p2a: Latios|Psyshock|p1a: Grafaiai\n|-supereffective|p1a: Grafaiai\n|-damage|p1a: Grafaiai|0 fnt\n|faint|p1a: Grafaiai\n|\n|upkeep\n|inactive|Time left: 300 sec this turn | 300 sec total | 5 sec grace\n|\n|t:|1783553943\n|switch|p1a: Komala|Komala, L87, M|255/255\n|-ability|p1a: Komala|Comatose\n|turn|22\n|inactive|Time left: 300 sec this turn | 300 sec total\n|\n|t:|1783553944\n|-terastallize|p2a: Latios|Steel\n|move|p2a: Latios|Recover|p2a: Latios\n|-heal|p2a: Latios|85/100\n|move|p1a: Komala|Rapid Spin|p2a: Latios\n|-resisted|p2a: Latios\n|-damage|p2a: Latios|70/100\n|-boost|p1a: Komala|spe|1\n|\n|upkeep\n|turn|23\n|inactive|Time left: 300 sec this turn | 300 sec total\n|\n|t:|1783553945\n|move|p1a: Komala|Body Slam|p2a: Latios\n|-resisted|p2a: Latios\n|-damage|p2a: Latios|43/100\n|move|p2a: Latios|Recover|p2a: Latios\n|-heal|p2a: Latios|93/100\n|\n|upkeep\n|turn|24\n|inactive|Time left: 300 sec this turn | 300 sec total\n|\n|t:|1783553947\n|move|p1a: Komala|Body Slam|p2a: Latios\n|-resisted|p2a: Latios\n|-damage|p2a: Latios|69/100\n|move|p2a: Latios|Calm Mind|p2a: Latios\n|-boost|p2a: Latios|spa|1\n|-boost|p2a: Latios|spd|1\n|\n|upkeep\n|turn|25\n|inactive|Time left: 300 sec this turn | 300 sec total\n|\n|t:|1783553948\n|move|p1a: Komala|Body Slam|p2a: Latios\n|-resisted|p2a: Latios\n|-damage|p2a: Latios|42/100\n|-status|p2a: Latios|par\n|move|p2a: Latios|Psyshock|p1a: Komala\n|-crit|p1a: Komala\n|-damage|p1a: Komala|0 fnt\n|faint|p1a: Komala\n|\n|upkeep\n|inactive|Time left: 300 sec this turn | 300 sec total | 5 sec grace\n|\n|t:|1783553949\n|switch|p1a: Regice|Regice, L88|284/284\n|turn|26\n|inactive|Time left: 300 sec this turn | 300 sec total\n|\n|t:|1783553950\n|move|p1a: Regice|Ice Beam|p2a: Latios\n|-resisted|p2a: Latios\n|-damage|p2a: Latios|30/100 par\n|cant|p2a: Latios|par\n|\n|upkeep\n|turn|27\n|inactive|Time left: 300 sec this turn | 300 sec total\n|\n|t:|1783553951\n|move|p1a: Regice|Body Press|p2a: Latios\n|-supereffective|p2a: Latios\n|-damage|p2a: Latios|0 fnt\n|faint|p2a: Latios\n|\n|upkeep\n|\n|t:|1783553952\n|switch|p2a: Pachirisu|Pachirisu, L96, M|100/100\n|turn|28\n|inactive|Time left: 300 sec this turn | 300 sec total\n|\n|t:|1783553953\n|move|p2a: Pachirisu|Super Fang|p1a: Regice\n|-damage|p1a: Regice|142/284\n|move|p1a: Regice|Ice Beam|p2a: Pachirisu\n|-damage|p2a: Pachirisu|78/100\n|\n|upkeep\n|turn|29\n|inactive|Time left: 300 sec this turn | 300 sec total\n|\n|t:|1783553954\n|move|p2a: Pachirisu|Super Fang|p1a: Regice\n|-damage|p1a: Regice|71/284\n|move|p1a: Regice|Ice Beam|p2a: Pachirisu\n|-damage|p2a: Pachirisu|53/100\n|\n|upkeep\n|turn|30\n|inactive|Time left: 300 sec this turn | 300 sec total\n|\n|t:|1783553955\n|move|p2a: Pachirisu|Thunderbolt|p1a: Regice\n|-damage|p1a: Regice|34/284\n|move|p1a: Regice|Ice Beam|p2a: Pachirisu\n|-damage|p2a: Pachirisu|30/100\n|-status|p2a: Pachirisu|frz\n|\n|upkeep\n|turn|31\n|inactive|Time left: 300 sec this turn | 300 sec total\n|\n|t:|1783553956\n|switch|p2a: Phione|Phione, L91|100/100\n|move|p1a: Regice|Thunder Wave|p2a: Phione|[miss]\n|-miss|p1a: Regice|p2a: Phione\n|\n|upkeep\n|turn|32\n|inactive|Time left: 300 sec this turn | 300 sec total\n|\n|t:|1783553957\n|move|p2a: Phione|Scald|p1a: Regice\n|-damage|p1a: Regice|0 fnt\n|faint|p1a: Regice\n|\n|win|p0y12019c3f", "uploadtime": 1783553957, "views": 0, "rating": 0, "private": 0, "password": null, "_winner": "p0y12019c3f", "_our_name": "p0x1201d0d0"}