{"id": "battle-gen9randombattle-95", "formatid": "gen9randombattle", "format": "[Gen 9] Random Battle", "players": ["p0x0951311", "p0y0951e41"], "log": "|init|battle\n|title|p0x0951311 vs. p0y0951e41\n|j|\u2606p0x0951311\n|j|\u2606p0y0951e41\n|t:|1783534362\n|gametype|singles\n|player|p1|p0x0951311|1|\n|player|p2|p0y0951e41|265|\n|gen|9\n|tier|[Gen 9] Random Battle\n|rule|Species Clause: Limit one of each Pok\u00e9mon\n|rule|HP Percentage Mod: HP is shown in percentages\n|rule|Sleep Clause Mod: Limit one foe put to sleep\n|rule|Illusion Level Mod: Illusion disguises the Pok\u00e9mon's true level\n|\n|t:|1783534362\n|teamsize|p1|6\n|teamsize|p2|6\n|start\n|switch|p1a: Alcremie|Alcremie-Mint-Cream, L90, F|100/100\n|switch|p2a: Magcargo|Magcargo, L95, M|268/268\n|turn|1\n|inactive|Battle timer is ON: inactive players will automatically lose when time's up. (requested by p0y0951e41)\n|inactive|p0x0951311 also wants the timer to be on.\n|\n|t:|1783534363\n|move|p1a: Alcremie|Calm Mind|p1a: Alcremie\n|-boost|p1a: Alcremie|spa|1\n|-boost|p1a: Alcremie|spd|1\n|move|p2a: Magcargo|Stealth Rock|p1a: Alcremie\n|-sidestart|p1: p0x0951311|move: Stealth Rock\n|\n|upkeep\n|turn|2\n|inactive|Time left: 300 sec this turn | 300 sec total\n|\n|t:|1783534364\n|switch|p2a: Masquerain|Masquerain, L87, F|264/264\n|-ability|p2a: Masquerain|Intimidate|boost\n|-unboost|p1a: Alcremie|atk|1\n|move|p1a: Alcremie|Calm Mind|p1a: Alcremie\n|-boost|p1a: Alcremie|spa|1\n|-boost|p1a: Alcremie|spd|1\n|\n|upkeep\n|turn|3\n|inactive|Time left: 300 sec this turn | 300 sec total\n|\n|t:|1783534365\n|move|p2a: Masquerain|Sticky Web|p1a: Alcremie\n|-sidestart|p1: p0x0951311|move: Sticky Web\n|move|p1a: Alcremie|Alluring Voice|p2a: Masquerain\n|-damage|p2a: Masquerain|33/264\n|\n|upkeep\n|turn|4\n|inactive|Time left: 300 sec this turn | 300 sec total\n|\n|t:|1783534366\n|move|p2a: Masquerain|Stun Spore|p1a: Alcremie\n|-status|p1a: Alcremie|par\n|cant|p1a: Alcremie|par\n|\n|upkeep\n|turn|5\n|inactive|Time left: 300 sec this turn | 300 sec total\n|\n|t:|1783534367\n|switch|p2a: Seviper|Seviper, L93, F|287/287\n|cant|p1a: Alcremie|par\n|\n|upkeep\n|turn|6\n|inactive|Time left: 300 sec this turn | 300 sec total\n|\n|t:|1783534368\n|move|p2a: Seviper|Gunk Shot|p1a: Alcremie\n|-supereffective|p1a: Alcremie\n|-damage|p1a: Alcremie|0 fnt\n|faint|p1a: Alcremie\n|\n|upkeep\n|\n|t:|1783534369\n|switch|p1a: Meowstic|Meowstic-F, L89, F|100/100\n|-damage|p1a: Meowstic|88/100|[from] Stealth Rock\n|-activate|p1a: Meowstic|move: Sticky Web\n|-unboost|p1a: Meowstic|spe|1\n|-ability|p1a: Meowstic|Competitive|boost\n|-boost|p1a: Meowstic|spa|2\n|turn|7\n|inactive|Time left: 300 sec this turn | 300 sec total\n|\n|t:|1783534370\n|move|p2a: Seviper|Gunk Shot|p1a: Meowstic\n|-damage|p1a: Meowstic|33/100\n|move|p1a: Meowstic|Psychic|p2a: Seviper\n|-supereffective|p2a: Seviper\n|-damage|p2a: Seviper|0 fnt\n|faint|p2a: Seviper\n|-damage|p1a: Meowstic|23/100|[from] item: Life Orb\n|\n|upkeep\n|inactive|Time left: 300 sec this turn | 300 sec total | 5 sec grace\n|\n|t:|1783534371\n|switch|p2a: Floatzel|Floatzel, L86, F|286/286\n|turn|8\n|inactive|Time left: 300 sec this turn | 300 sec total\n|\n|t:|1783534373\n|move|p2a: Floatzel|Wave Crash|p1a: Meowstic\n|-damage|p1a: Meowstic|0 fnt\n|faint|p1a: Meowstic\n|-damage|p2a: Floatzel|266/286|[from] Recoil\n|\n|upkeep\n|\n|t:|1783534374\n|switch|p1a: Gouging Fire|Gouging Fire, L74|100/100\n|turn|9\n|inactive|Time left: 300 sec this turn | 300 sec total\n|\n|t:|1783534375\n|move|p2a: Floatzel|Wave Crash|p1a: Gouging Fire\n|-damage|p1a: Gouging Fire|28/100\n|-damage|p2a: Floatzel|200/286|[from] Recoil\n|move|p1a: Gouging Fire|Dragon Dance|p1a: Gouging Fire\n|-boost|p1a: Gouging Fire|atk|1\n|-boost|p1a: Gouging Fire|spe|1\n|\n|upkeep\n|turn|10\n|inactive|Time left: 300 sec this turn | 300 sec total\n|\n|t:|1783534376\n|switch|p2a: Masquerain|Masquerain, L87, F|33/264\n|-ability|p2a: Masquerain|Intimidate|boost\n|-unboost|p1a: Gouging Fire|atk|1\n|move|p1a: Gouging Fire|Outrage|p2a: Masquerain\n|-damage|p2a: Masquerain|0 fnt\n|faint|p2a: Masquerain\n|\n|upkeep\n|inactive|Time left: 300 sec this turn | 300 sec total | 5 sec grace\n|\n|t:|1783534377\n|switch|p2a: Polteageist|Polteageist, L78|222/222\n|turn|11\n|inactive|Time left: 300 sec this turn | 300 sec total\n|\n|t:|1783534378\n|move|p1a: Gouging Fire|Outrage|p2a: Polteageist|[from] lockedmove\n|-damage|p2a: Polteageist|63/222\n|move|p2a: Polteageist|Shell Smash|p2a: Polteageist\n|-unboost|p2a: Polteageist|def|1\n|-unboost|p2a: Polteageist|spd|1\n|-boost|p2a: Polteageist|atk|2\n|-boost|p2a: Polteageist|spa|2\n|-boost|p2a: Polteageist|spe|2\n|-enditem|p2a: Polteageist|White Herb\n|-clearnegativeboost|p2a: Polteageist|[silent]\n|\n|upkeep\n|turn|12\n|inactive|Time left: 300 sec this turn | 300 sec total\n|\n|t:|1783534379\n|move|p2a: Polteageist|Shadow Ball|p1a: Gouging Fire\n|-damage|p1a: Gouging Fire|0 fnt\n|faint|p1a: Gouging Fire\n|-end|p1a: Gouging Fire|Protosynthesis|[silent]\n|\n|upkeep\n|\n|t:|1783534380\n|switch|p1a: Cetitan|Cetitan, L82, M|100/100\n|-damage|p1a: Cetitan|76/100|[from] Stealth Rock\n|-activate|p1a: Cetitan|move: Sticky Web\n|-unboost|p1a: Cetitan|spe|1\n|turn|13\n|inactive|Time left: 300 sec this turn | 300 sec total\n|\n|t:|1783534381\n|move|p1a: Cetitan|Ice Shard|p2a: Polteageist\n|-damage|p2a: Polteageist|0 fnt\n|-start|p1a: Cetitan|Disable|Ice Shard|[from] ability: Cursed Body|[of] p2a: Polteageist\n|faint|p2a: Polteageist\n|-damage|p1a: Cetitan|66/100|[from] item: Life Orb\n|\n|upkeep\n|inactive|Time left: 300 sec this turn | 300 sec total | 5 sec grace\n|\n|t:|1783534382\n|switch|p2a: Floatzel|Floatzel, L86, F|200/286\n|turn|14\n|inactive|Time left: 300 sec this turn | 300 sec total\n|\n|t:|1783534383\n|move|p2a: Floatzel|Wave Crash|p1a: Cetitan\n|-damage|p1a: Cetitan|0 fnt\n|faint|p1a: Cetitan\n|-damage|p2a: Floatzel|111/286|[from] Recoil\n|\n|upkeep\n|\n|t:|1783534384\n|switch|p1a: Dusknoir|Dusknoir, L89, M|100/100\n|-damage|p1a: Dusknoir|88/100|[from] Stealth Rock\n|-activate|p1a: Dusknoir|move: Sticky Web\n|-unboost|p1a: Dusknoir|spe|1\n|-item|p2a: Floatzel|Choice Band|[from] ability: Frisk|[of] p1a: Dusknoir\n|turn|15\n|inactive|Time left: 300 sec this turn | 300 sec total\n|\n|t:|1783534384\n|move|p2a: Floatzel|Wave Crash|p1a: Dusknoir\n|-damage|p1a: Dusknoir|23/100\n|-damage|p2a: Floatzel|62/286|[from] Recoil\n|move|p1a: Dusknoir|Poltergeist|p2a: Floatzel\n|-activate|p2a: Floatzel|move: Poltergeist|Choice Band\n|-damage|p2a: Floatzel|0 fnt\n|faint|p2a: Floatzel\n|\n|-heal|p1a: Dusknoir|29/100|[from] item: Leftovers\n|upkeep\n|inactive|Time left: 300 sec this turn | 300 sec total | 5 sec grace\n|\n|t:|1783534385\n|switch|p2a: Magcargo|Magcargo, L95, M|268/268\n|turn|16\n|inactive|Time left: 300 sec this turn | 300 sec total\n|\n|t:|1783534386\n|move|p2a: Magcargo|Lava Plume|p1a: Dusknoir\n|-damage|p1a: Dusknoir|0 fnt\n|faint|p1a: Dusknoir\n|\n|upkeep\n|\n|t:|1783534387\n|switch|p1a: Raichu|Raichu-Alola, L87, M|100/100\n|-damage|p1a: Raichu|88/100|[from] Stealth Rock\n|-activate|p1a: Raichu|move: Sticky Web\n|-unboost|p1a: Raichu|spe|1\n|turn|17\n|inactive|Time left: 300 sec this turn | 300 sec total\n|\n|t:|1783534387\n|switch|p2a: Froslass|Froslass, L87, F|263/263\n|move|p1a: Raichu|Thunderbolt|p2a: Froslass\n|-damage|p2a: Froslass|86/263\n|\n|upkeep\n|turn|18\n|inactive|Time left: 300 sec this turn | 300 sec total\n|\n|t:|1783534388\n|-terastallize|p1a: Raichu|Fairy\n|move|p2a: Froslass|Destiny Bond|p2a: Froslass\n|-singlemove|p2a: Froslass|Destiny Bond\n|move|p1a: Raichu|Thunderbolt|p2a: Froslass\n|-damage|p2a: Froslass|0 fnt\n|-start|p1a: Raichu|Disable|Thunderbolt|[from] ability: Cursed Body|[of] p2a: Froslass\n|faint|p2a: Froslass\n|-activate|p2a: Froslass|move: Destiny Bond\n|faint|p1a: Raichu\n|\n|win|p0y0951e41", "uploadtime": 1783534388, "views": 0, "rating": 0, "private": 0, "password": null, "_winner": "p0y0951e41", "_our_name": "p0y0951e41"}