{"id": "battle-gen9randombattle-1", "formatid": "gen9randombattle", "format": "[Gen 9] Random Battle", "players": ["p0x0021286", "p0y0020e37"], "log": "|init|battle\n|title|p0x0021286 vs. p0y0020e37\n|j|\u2606p0x0021286\n|j|\u2606p0y0020e37\n|t:|1783533861\n|gametype|singles\n|player|p1|p0x0021286|102|\n|player|p2|p0y0020e37|1|\n|gen|9\n|tier|[Gen 9] Random Battle\n|rule|Species Clause: Limit one of each Pok\u00e9mon\n|rule|HP Percentage Mod: HP is shown in percentages\n|rule|Sleep Clause Mod: Limit one foe put to sleep\n|rule|Illusion Level Mod: Illusion disguises the Pok\u00e9mon's true level\n|\n|t:|1783533862\n|teamsize|p1|6\n|teamsize|p2|6\n|start\n|switch|p1a: Kommo-o|Kommo-o, L77, M|100/100\n|switch|p2a: Scyther|Scyther, L82, M|249/249\n|turn|1\n|inactive|Battle timer is ON: inactive players will automatically lose when time's up. (requested by p0x0021286)\n|inactive|Time left: 300 sec this turn | 300 sec total | 60 sec grace\n|inactive|p0y0020e37 also wants the timer to be on.\n|\n|t:|1783533864\n|move|p2a: Scyther|Dual Wingbeat|p1a: Kommo-o\n|-supereffective|p1a: Kommo-o\n|-damage|p1a: Kommo-o|53/100\n|-supereffective|p1a: Kommo-o\n|-damage|p1a: Kommo-o|5/100\n|-hitcount|p1a: Kommo-o|2\n|move|p1a: Kommo-o|Scale Shot|p2a: Scyther\n|-damage|p2a: Scyther|219/249\n|-damage|p2a: Scyther|192/249\n|-damage|p2a: Scyther|165/249\n|-damage|p2a: Scyther|135/249\n|-damage|p2a: Scyther|107/249\n|-hitcount|p2a: Scyther|5\n|-unboost|p1a: Kommo-o|def|1\n|-boost|p1a: Kommo-o|spe|1\n|\n|upkeep\n|turn|2\n|inactive|Time left: 300 sec this turn | 300 sec total\n|\n|t:|1783533865\n|switch|p2a: Espathra|Espathra, L80, M|283/283\n|move|p1a: Kommo-o|Scale Shot|p2a: Espathra\n|-damage|p2a: Espathra|247/283\n|-damage|p2a: Espathra|210/283\n|-damage|p2a: Espathra|174/283\n|-damage|p2a: Espathra|140/283\n|-crit|p2a: Espathra\n|-damage|p2a: Espathra|85/283\n|-hitcount|p2a: Espathra|5\n|-unboost|p1a: Kommo-o|def|1\n|-boost|p1a: Kommo-o|spe|1\n|\n|-heal|p2a: Espathra|102/283|[from] item: Leftovers\n|upkeep\n|turn|3\n|inactive|Time left: 300 sec this turn | 300 sec total\n|\n|t:|1783533866\n|move|p1a: Kommo-o|Scale Shot|p2a: Espathra\n|-damage|p2a: Espathra|69/283\n|-damage|p2a: Espathra|35/283\n|-damage|p2a: Espathra|0 fnt\n|faint|p2a: Espathra\n|-hitcount|p2: Espathra|3\n|-unboost|p1a: Kommo-o|def|1\n|-boost|p1a: Kommo-o|spe|1\n|\n|upkeep\n|inactive|Time left: 300 sec this turn | 300 sec total | 5 sec grace\n|\n|t:|1783533867\n|switch|p2a: Swanna|Swanna, L89, F|278/278\n|turn|4\n|inactive|Time left: 300 sec this turn | 300 sec total\n|\n|t:|1783533868\n|move|p1a: Kommo-o|Close Combat|p2a: Swanna\n|-resisted|p2a: Swanna\n|-damage|p2a: Swanna|203/278\n|-unboost|p1a: Kommo-o|def|1\n|-unboost|p1a: Kommo-o|spd|1\n|move|p2a: Swanna|Brave Bird|p1a: Kommo-o\n|-supereffective|p1a: Kommo-o\n|-damage|p1a: Kommo-o|0 fnt\n|faint|p1a: Kommo-o\n|-damage|p2a: Swanna|199/278|[from] Recoil\n|\n|upkeep\n|\n|t:|1783533869\n|switch|p1a: Regidrago|Regidrago, L77|100/100\n|turn|5\n|inactive|Time left: 300 sec this turn | 300 sec total\n|\n|t:|1783533871\n|move|p2a: Swanna|Roost|p2a: Swanna\n|-heal|p2a: Swanna|278/278\n|-singleturn|p2a: Swanna|move: Roost\n|move|p1a: Regidrago|Outrage|p2a: Swanna\n|-damage|p2a: Swanna|83/278\n|\n|upkeep\n|turn|6\n|inactive|Time left: 300 sec this turn | 300 sec total\n|\n|t:|1783533872\n|move|p2a: Swanna|Brave Bird|p1a: Regidrago\n|-crit|p1a: Regidrago\n|-damage|p1a: Regidrago|27/100\n|-damage|p2a: Swanna|0 fnt|[from] Recoil\n|faint|p2a: Swanna\n|move|p1a: Regidrago|Outrage|p2: Swanna|[from] lockedmove|[notarget]\n|-fail|p1a: Regidrago\n|\n|upkeep\n|inactive|Time left: 300 sec this turn | 300 sec total | 5 sec grace\n|\n|t:|1783533873\n|switch|p2a: Golduck|Golduck, L90, F|290/290\n|-ability|p2a: Golduck|Cloud Nine\n|turn|7\n|inactive|Time left: 300 sec this turn | 300 sec total\n|\n|t:|1783533874\n|move|p2a: Golduck|Ice Beam|p1a: Regidrago\n|-supereffective|p1a: Regidrago\n|-damage|p1a: Regidrago|0 fnt\n|faint|p1a: Regidrago\n|\n|upkeep\n|\n|t:|1783533875\n|switch|p1a: Gumshoos|Gumshoos, L95, F|100/100\n|turn|8\n|inactive|Time left: 300 sec this turn | 300 sec total\n|\n|t:|1783533876\n|move|p2a: Golduck|Nasty Plot|p2a: Golduck\n|-boost|p2a: Golduck|spa|2\n|move|p1a: Gumshoos|Double-Edge|p2a: Golduck\n|-crit|p2a: Golduck\n|-damage|p2a: Golduck|0 fnt\n|faint|p2a: Golduck\n|-damage|p1a: Gumshoos|71/100|[from] Recoil\n|\n|upkeep\n|inactive|Time left: 300 sec this turn | 300 sec total | 5 sec grace\n|\n|t:|1783533877\n|switch|p2a: Scyther|Scyther, L82, M|107/249\n|turn|9\n|inactive|Time left: 300 sec this turn | 300 sec total\n|\n|t:|1783533878\n|move|p2a: Scyther|U-turn|p1a: Gumshoos\n|-damage|p1a: Gumshoos|42/100\n|inactive|Time left: 300 sec this turn | 300 sec total | 5 sec grace\n|\n|t:|1783533879\n|switch|p2a: Houndstone|Houndstone, L86, M|264/264|[from] U-turn\n|move|p1a: Gumshoos|Double-Edge|p2a: Houndstone\n|-immune|p2a: Houndstone\n|\n|upkeep\n|turn|10\n|inactive|Time left: 300 sec this turn | 300 sec total\n|\n|t:|1783533880\n|switch|p1a: Iron Jugulis|Iron Jugulis, L77|100/100\n|move|p2a: Houndstone|Poltergeist|p1a: Iron Jugulis\n|-activate|p1a: Iron Jugulis|move: Poltergeist|Power Herb\n|-resisted|p1a: Iron Jugulis\n|-damage|p1a: Iron Jugulis|76/100\n|\n|upkeep\n|turn|11\n|inactive|Time left: 300 sec this turn | 300 sec total\n|\n|t:|1783533881\n|switch|p2a: Hoopa|Hoopa-Unbound, L80|259/259\n|move|p1a: Iron Jugulis|Meteor Beam||[still]\n|-prepare|p1a: Iron Jugulis|Meteor Beam\n|-boost|p1a: Iron Jugulis|spa|1\n|-enditem|p1a: Iron Jugulis|Power Herb\n|-anim|p1a: Iron Jugulis|Meteor Beam|p2a: Hoopa\n|-damage|p2a: Hoopa|190/259\n|\n|upkeep\n|turn|12\n|inactive|Time left: 300 sec this turn | 300 sec total\n|\n|t:|1783533882\n|move|p1a: Iron Jugulis|Hurricane|p2a: Hoopa\n|-damage|p2a: Hoopa|102/259\n|move|p2a: Hoopa|Gunk Shot|p1a: Iron Jugulis\n|-damage|p1a: Iron Jugulis|31/100\n|\n|upkeep\n|turn|13\n|inactive|Time left: 300 sec this turn | 300 sec total\n|\n|t:|1783533883\n|move|p1a: Iron Jugulis|Hurricane|p2a: Hoopa\n|-damage|p2a: Hoopa|9/259\n|move|p2a: Hoopa|Gunk Shot|p1a: Iron Jugulis\n|-damage|p1a: Iron Jugulis|0 fnt\n|faint|p1a: Iron Jugulis\n|-end|p1a: Iron Jugulis|Quark Drive|[silent]\n|\n|upkeep\n|\n|t:|1783533884\n|switch|p1a: Chi-Yu|Chi-Yu, L77|100/100\n|-ability|p1a: Chi-Yu|Beads of Ruin\n|turn|14\n|inactive|Time left: 300 sec this turn | 300 sec total\n|\n|t:|1783533885\n|move|p1a: Chi-Yu|Dark Pulse|p2a: Hoopa\n|-damage|p2a: Hoopa|0 fnt\n|faint|p2a: Hoopa\n|\n|upkeep\n|inactive|Time left: 300 sec this turn | 300 sec total | 5 sec grace\n|\n|t:|1783533886\n|switch|p2a: Scyther|Scyther, L82, M|107/249\n|turn|15\n|inactive|Time left: 300 sec this turn | 300 sec total\n|\n|t:|1783533886\n|-terastallize|p2a: Scyther|Fighting\n|-terastallize|p1a: Chi-Yu|Fire\n|move|p2a: Scyther|Close Combat|p1a: Chi-Yu\n|-crit|p1a: Chi-Yu\n|-damage|p1a: Chi-Yu|0 fnt\n|-unboost|p2a: Scyther|def|1\n|-unboost|p2a: Scyther|spd|1\n|faint|p1a: Chi-Yu\n|\n|upkeep\n|\n|t:|1783533887\n|switch|p1a: Raichu|Raichu, L88, M|100/100\n|turn|16\n|inactive|Time left: 300 sec this turn | 300 sec total\n|\n|t:|1783533888\n|switch|p2a: Houndstone|Houndstone, L86, M|264/264\n|move|p1a: Raichu|Thunderbolt|p2a: Houndstone\n|-damage|p2a: Houndstone|146/264\n|-damage|p1a: Raichu|91/100|[from] item: Life Orb\n|\n|-heal|p2a: Houndstone|162/264|[from] item: Leftovers\n|upkeep\n|turn|17\n|inactive|Time left: 300 sec this turn | 300 sec total\n|\n|t:|1783533889\n|move|p1a: Raichu|Nasty Plot|p1a: Raichu\n|-boost|p1a: Raichu|spa|2\n|move|p2a: Houndstone|Rest|p2a: Houndstone\n|-status|p2a: Houndstone|slp|[from] move: Rest\n|-heal|p2a: Houndstone|264/264 slp|[silent]\n|\n|upkeep\n|turn|18\n|inactive|Time left: 300 sec this turn | 300 sec total\n|\n|t:|1783533890\n|move|p1a: Raichu|Thunderbolt|p2a: Houndstone\n|-damage|p2a: Houndstone|14/264 slp\n|-damage|p1a: Raichu|81/100|[from] item: Life Orb\n|cant|p2a: Houndstone|slp\n|move|p2a: Houndstone|Sleep Talk|p2a: Houndstone\n|move|p2a: Houndstone|Rest||[from] move: Sleep Talk|[still]\n|-fail|p2a: Houndstone\n|\n|-heal|p2a: Houndstone|30/264 slp|[from] item: Leftovers\n|upkeep\n|turn|19\n|inactive|Time left: 300 sec this turn | 300 sec total\n|\n|t:|1783533890\n|switch|p2a: Scyther|Scyther, L82, M, tera:Fighting|107/249\n|move|p1a: Raichu|Thunderbolt|p2a: Scyther\n|-damage|p2a: Scyther|0 fnt\n|faint|p2a: Scyther\n|-damage|p1a: Raichu|72/100|[from] item: Life Orb\n|\n|upkeep\n|inactive|Time left: 300 sec this turn | 300 sec total | 5 sec grace\n|\n|t:|1783533891\n|switch|p2a: Houndstone|Houndstone, L86, M|30/264 slp\n|turn|20\n|inactive|Time left: 300 sec this turn | 300 sec total\n|\n|t:|1783533892\n|move|p1a: Raichu|Thunderbolt|p2a: Houndstone\n|-damage|p2a: Houndstone|0 fnt\n|faint|p2a: Houndstone\n|-damage|p1a: Raichu|62/100|[from] item: Life Orb\n|\n|win|p0x0021286", "uploadtime": 1783533892, "views": 0, "rating": 0, "private": 0, "password": null, "_winner": "p0x0021286", "_our_name": "p0y0020e37"}