{"id": "battle-gen9randombattle-1336", "formatid": "gen9randombattle", "format": "[Gen 9] Random Battle", "players": ["p0x133670df", "p0y133652a6"], "log": "|init|battle\n|title|p0x133670df vs. p0y133652a6\n|j|\u2606p0x133670df\n|j|\u2606p0y133652a6\n|t:|1783555523\n|gametype|singles\n|player|p1|p0x133670df|266|\n|player|p2|p0y133652a6|2|\n|gen|9\n|tier|[Gen 9] Random Battle\n|rule|Species Clause: Limit one of each Pok\u00e9mon\n|rule|HP Percentage Mod: HP is shown in percentages\n|rule|Sleep Clause Mod: Limit one foe put to sleep\n|rule|Illusion Level Mod: Illusion disguises the Pok\u00e9mon's true level\n|\n|t:|1783555523\n|teamsize|p1|6\n|teamsize|p2|6\n|start\n|switch|p1a: Mesprit|Mesprit, L85|275/275\n|switch|p2a: Granbull|Granbull, L88, M|100/100\n|-ability|p2a: Granbull|Intimidate|boost\n|-unboost|p1a: Mesprit|atk|1\n|turn|1\n|inactive|Battle timer is ON: inactive players will automatically lose when time's up. (requested by p0y133652a6)\n|inactive|Time left: 300 sec this turn | 300 sec total | 60 sec grace\n|inactive|p0x133670df also wants the timer to be on.\n|\n|t:|1783555525\n|move|p1a: Mesprit|Stealth Rock|p2a: Granbull\n|-sidestart|p2: p0y133652a6|move: Stealth Rock\n|move|p2a: Granbull|Play Rough|p1a: Mesprit|[miss]\n|-miss|p2a: Granbull|p1a: Mesprit\n|\n|upkeep\n|turn|2\n|inactive|Time left: 300 sec this turn | 300 sec total\n|\n|t:|1783555526\n|switch|p1a: Arboliva|Arboliva, L91, M|290/290\n|move|p2a: Granbull|Play Rough|p1a: Arboliva\n|-damage|p1a: Arboliva|179/290\n|-fieldstart|move: Grassy Terrain|[from] ability: Seed Sower|[of] p1a: Arboliva\n|\n|-heal|p1a: Arboliva|197/290|[from] Grassy Terrain\n|-heal|p1a: Arboliva|215/290|[from] item: Leftovers\n|upkeep\n|turn|3\n|inactive|Time left: 300 sec this turn | 300 sec total\n|\n|t:|1783555528\n|switch|p2a: Kricketune|Kricketune, L99, M|100/100\n|move|p1a: Arboliva|Energy Ball|p2a: Kricketune\n|-resisted|p2a: Kricketune\n|-damage|p2a: Kricketune|66/100\n|\n|-heal|p2a: Kricketune|72/100|[from] Grassy Terrain\n|-heal|p1a: Arboliva|233/290|[from] Grassy Terrain\n|-heal|p1a: Arboliva|251/290|[from] item: Leftovers\n|upkeep\n|turn|4\n|inactive|Time left: 300 sec this turn | 300 sec total\n|\n|t:|1783555529\n|move|p2a: Kricketune|Sticky Web|p1a: Arboliva\n|-sidestart|p1: p0x133670df|move: Sticky Web\n|move|p1a: Arboliva|Energy Ball|p2a: Kricketune\n|-resisted|p2a: Kricketune\n|-damage|p2a: Kricketune|35/100\n|\n|-heal|p2a: Kricketune|42/100|[from] Grassy Terrain\n|-heal|p1a: Arboliva|269/290|[from] Grassy Terrain\n|-heal|p1a: Arboliva|287/290|[from] item: Leftovers\n|upkeep\n|turn|5\n|inactive|Time left: 300 sec this turn | 300 sec total\n|\n|t:|1783555530\n|move|p2a: Kricketune|Pounce|p1a: Arboliva\n|-supereffective|p1a: Arboliva\n|-damage|p1a: Arboliva|123/290\n|-unboost|p1a: Arboliva|spe|1\n|move|p1a: Arboliva|Hyper Voice|p2a: Kricketune\n|-damage|p2a: Kricketune|0 fnt\n|faint|p2a: Kricketune\n|\n|-heal|p1a: Arboliva|141/290|[from] Grassy Terrain\n|-heal|p1a: Arboliva|159/290|[from] item: Leftovers\n|upkeep\n|\n|t:|1783555531\n|switch|p2a: Koraidon|Koraidon, L64|100/100\n|-damage|p2a: Koraidon|95/100|[from] Stealth Rock\n|-weather|SunnyDay|[from] ability: Orichalcum Pulse|[of] p2a: Koraidon\n|-activate|p2a: Koraidon|Orichalcum Pulse|[source]\n|turn|6\n|inactive|Time left: 300 sec this turn | 300 sec total\n|\n|t:|1783555533\n|switch|p1a: Moltres|Moltres, L81|278/278\n|move|p2a: Koraidon|Flare Blitz|p1a: Moltres\n|-resisted|p1a: Moltres\n|-damage|p1a: Moltres|215/278\n|-damage|p2a: Koraidon|86/100|[from] Recoil\n|\n|-weather|SunnyDay|[upkeep]\n|-heal|p2a: Koraidon|92/100|[from] Grassy Terrain\n|-fieldend|move: Grassy Terrain\n|upkeep\n|turn|7\n|inactive|Time left: 300 sec this turn | 300 sec total\n|\n|t:|1783555534\n|move|p2a: Koraidon|Scale Shot|p1a: Moltres|[miss]\n|-miss|p2a: Koraidon|p1a: Moltres\n|move|p1a: Moltres|Brave Bird|p2a: Koraidon\n|-supereffective|p2a: Koraidon\n|-damage|p2a: Koraidon|0 fnt\n|faint|p2a: Koraidon\n|-damage|p1a: Moltres|144/278|[from] Recoil\n|\n|-weather|SunnyDay|[upkeep]\n|upkeep\n|\n|t:|1783555535\n|switch|p2a: Primarina|Primarina, L83, F|100/100\n|-damage|p2a: Primarina|88/100|[from] Stealth Rock\n|turn|8\n|inactive|Time left: 300 sec this turn | 300 sec total\n|\n|t:|1783555536\n|move|p1a: Moltres|Roost|p1a: Moltres\n|-heal|p1a: Moltres|278/278\n|-singleturn|p1a: Moltres|move: Roost\n|move|p2a: Primarina|Calm Mind|p2a: Primarina\n|-boost|p2a: Primarina|spa|1\n|-boost|p2a: Primarina|spd|1\n|\n|-weather|SunnyDay|[upkeep]\n|-heal|p2a: Primarina|94/100|[from] item: Leftovers\n|upkeep\n|turn|9\n|inactive|Time left: 300 sec this turn | 300 sec total\n|\n|t:|1783555537\n|switch|p1a: Sandslash|Sandslash-Alola, L88, F|275/275\n|-activate|p1a: Sandslash|move: Sticky Web\n|-unboost|p1a: Sandslash|spe|1\n|move|p2a: Primarina|Psychic Noise|p1a: Sandslash\n|-damage|p1a: Sandslash|188/275\n|-start|p1a: Sandslash|move: Heal Block\n|\n|-weather|SunnyDay|[upkeep]\n|-heal|p2a: Primarina|99/100|[from] item: Leftovers\n|upkeep\n|turn|10\n|inactive|Time left: 300 sec this turn | 300 sec total\n|\n|t:|1783555538\n|move|p2a: Primarina|Calm Mind|p2a: Primarina\n|-boost|p2a: Primarina|spa|1\n|-boost|p2a: Primarina|spd|1\n|move|p1a: Sandslash|Rapid Spin|p2a: Primarina\n|-damage|p2a: Primarina|84/100\n|-boost|p1a: Sandslash|spe|1\n|-sideend|p1: p0x133670df|Sticky Web|[from] move: Rapid Spin|[of] p1a: Sandslash\n|\n|-weather|none\n|-heal|p2a: Primarina|90/100|[from] item: Leftovers\n|-end|p1a: Sandslash|move: Heal Block\n|upkeep\n|turn|11\n|inactive|Time left: 300 sec this turn | 300 sec total\n|\n|t:|1783555539\n|move|p1a: Sandslash|Earthquake|p2a: Primarina\n|-damage|p2a: Primarina|59/100\n|move|p2a: Primarina|Psychic Noise|p1a: Sandslash\n|-damage|p1a: Sandslash|0 fnt\n|faint|p1a: Sandslash\n|\n|-heal|p2a: Primarina|65/100|[from] item: Leftovers\n|upkeep\n|inactive|Time left: 300 sec this turn | 300 sec total | 5 sec grace\n|\n|t:|1783555540\n|switch|p1a: Meloetta|Meloetta, L82|298/298\n|turn|12\n|inactive|Time left: 300 sec this turn | 300 sec total\n|\n|t:|1783555541\n|-terastallize|p1a: Meloetta|Psychic\n|move|p1a: Meloetta|Psyshock|p2a: Primarina\n|-damage|p2a: Primarina|0 fnt\n|faint|p2a: Primarina\n|\n|upkeep\n|\n|t:|1783555542\n|switch|p2a: Sableye|Sableye, L88, F|100/100\n|-damage|p2a: Sableye|88/100|[from] Stealth Rock\n|turn|13\n|inactive|Time left: 300 sec this turn | 300 sec total\n|\n|t:|1783555543\n|switch|p1a: Arboliva|Arboliva, L91, M|159/290\n|move|p2a: Sableye|Knock Off|p1a: Arboliva\n|-damage|p1a: Arboliva|74/290\n|-fieldstart|move: Grassy Terrain|[from] ability: Seed Sower|[of] p1a: Arboliva\n|-enditem|p1a: Arboliva|Leftovers|[from] move: Knock Off|[of] p2a: Sableye\n|\n|-heal|p2a: Sableye|94/100|[from] Grassy Terrain\n|-heal|p2a: Sableye|100/100|[from] item: Leftovers\n|-heal|p1a: Arboliva|92/290|[from] Grassy Terrain\n|upkeep\n|turn|14\n|inactive|Time left: 300 sec this turn | 300 sec total\n|\n|t:|1783555544\n|switch|p2a: Lilligant|Lilligant, L86, F|100/100\n|-damage|p2a: Lilligant|88/100|[from] Stealth Rock\n|move|p1a: Arboliva|Strength Sap|p2a: Lilligant\n|-unboost|p2a: Lilligant|atk|1\n|-heal|p1a: Arboliva|200/290\n|\n|-heal|p2a: Lilligant|94/100|[from] Grassy Terrain\n|-heal|p1a: Arboliva|218/290|[from] Grassy Terrain\n|upkeep\n|turn|15\n|inactive|Time left: 300 sec this turn | 300 sec total\n|\n|t:|1783555545\n|move|p2a: Lilligant|Quiver Dance|p2a: Lilligant\n|-boost|p2a: Lilligant|spa|1\n|-boost|p2a: Lilligant|spd|1\n|-boost|p2a: Lilligant|spe|1\n|move|p1a: Arboliva|Hyper Voice|p2a: Lilligant\n|-damage|p2a: Lilligant|58/100\n|\n|-heal|p2a: Lilligant|64/100|[from] Grassy Terrain\n|-heal|p1a: Arboliva|236/290|[from] Grassy Terrain\n|upkeep\n|turn|16\n|inactive|Time left: 300 sec this turn | 300 sec total\n|\n|t:|1783555546\n|move|p2a: Lilligant|Quiver Dance|p2a: Lilligant\n|-boost|p2a: Lilligant|spa|1\n|-boost|p2a: Lilligant|spd|1\n|-boost|p2a: Lilligant|spe|1\n|move|p1a: Arboliva|Hyper Voice|p2a: Lilligant\n|-damage|p2a: Lilligant|35/100\n|\n|-heal|p2a: Lilligant|41/100|[from] Grassy Terrain\n|-heal|p1a: Arboliva|254/290|[from] Grassy Terrain\n|upkeep\n|turn|17\n|inactive|Time left: 300 sec this turn | 300 sec total\n|\n|t:|1783555547\n|move|p2a: Lilligant|Giga Drain|p1a: Arboliva\n|-resisted|p1a: Arboliva\n|-damage|p1a: Arboliva|127/290\n|-heal|p2a: Lilligant|65/100|[from] drain|[of] p1a: Arboliva\n|-damage|p2a: Lilligant|55/100|[from] item: Life Orb\n|move|p1a: Arboliva|Hyper Voice|p2a: Lilligant\n|-damage|p2a: Lilligant|24/100\n|\n|-heal|p2a: Lilligant|30/100|[from] Grassy Terrain\n|-heal|p1a: Arboliva|145/290|[from] Grassy Terrain\n|-fieldend|move: Grassy Terrain\n|upkeep\n|turn|18\n|inactive|Time left: 300 sec this turn | 300 sec total\n|\n|t:|1783555548\n|move|p2a: Lilligant|Giga Drain|p1a: Arboliva\n|-resisted|p1a: Arboliva\n|-damage|p1a: Arboliva|57/290\n|-heal|p2a: Lilligant|47/100|[from] drain|[of] p1a: Arboliva\n|-fieldstart|move: Grassy Terrain|[from] ability: Seed Sower|[of] p1a: Arboliva\n|-damage|p2a: Lilligant|37/100|[from] item: Life Orb\n|move|p1a: Arboliva|Strength Sap|p2a: Lilligant\n|-unboost|p2a: Lilligant|atk|1\n|-heal|p1a: Arboliva|129/290\n|\n|-heal|p2a: Lilligant|43/100|[from] Grassy Terrain\n|-heal|p1a: Arboliva|147/290|[from] Grassy Terrain\n|upkeep\n|turn|19\n|inactive|Time left: 300 sec this turn | 300 sec total\n|\n|t:|1783555549\n|move|p2a: Lilligant|Giga Drain|p1a: Arboliva\n|-resisted|p1a: Arboliva\n|-damage|p1a: Arboliva|26/290\n|-heal|p2a: Lilligant|67/100|[from] drain|[of] p1a: Arboliva\n|-damage|p2a: Lilligant|57/100|[from] item: Life Orb\n|move|p1a: Arboliva|Hyper Voice|p2a: Lilligant\n|-damage|p2a: Lilligant|28/100\n|\n|-heal|p2a: Lilligant|34/100|[from] Grassy Terrain\n|-heal|p1a: Arboliva|44/290|[from] Grassy Terrain\n|upkeep\n|turn|20\n|inactive|Time left: 300 sec this turn | 300 sec total\n|\n|t:|1783555550\n|move|p2a: Lilligant|Giga Drain|p1a: Arboliva\n|-resisted|p1a: Arboliva\n|-damage|p1a: Arboliva|0 fnt\n|-heal|p2a: Lilligant|42/100|[from] drain|[of] p1a: Arboliva\n|faint|p1a: Arboliva\n|-damage|p2a: Lilligant|32/100|[from] item: Life Orb\n|\n|-heal|p2a: Lilligant|38/100|[from] Grassy Terrain\n|upkeep\n|inactive|Time left: 300 sec this turn | 300 sec total | 5 sec grace\n|\n|t:|1783555550\n|switch|p1a: Meloetta|Meloetta, L82, tera:Psychic|298/298\n|turn|21\n|inactive|Time left: 300 sec this turn | 300 sec total\n|\n|t:|1783555551\n|move|p2a: Lilligant|Sleep Powder|p1a: Meloetta|[miss]\n|-miss|p2a: Lilligant|p1a: Meloetta\n|move|p1a: Meloetta|Psyshock|p2a: Lilligant\n|-damage|p2a: Lilligant|0 fnt\n|faint|p2a: Lilligant\n|\n|upkeep\n|\n|t:|1783555552\n|switch|p2a: Sableye|Sableye, L88, F|100/100\n|-damage|p2a: Sableye|88/100|[from] Stealth Rock\n|turn|22\n|inactive|Time left: 300 sec this turn | 300 sec total\n|\n|t:|1783555553\n|switch|p1a: Moltres|Moltres, L81|278/278\n|move|p2a: Sableye|Knock Off|p1a: Moltres\n|-damage|p1a: Moltres|184/278\n|-enditem|p1a: Moltres|Heavy-Duty Boots|[from] move: Knock Off|[of] p2a: Sableye\n|\n|-heal|p2a: Sableye|94/100|[from] Grassy Terrain\n|-heal|p2a: Sableye|100/100|[from] item: Leftovers\n|-fieldend|move: Grassy Terrain\n|upkeep\n|turn|23\n|inactive|Time left: 300 sec this turn | 300 sec total\n|\n|t:|1783555554\n|switch|p2a: Granbull|Granbull, L88, M|100/100\n|-damage|p2a: Granbull|88/100|[from] Stealth Rock\n|-ability|p2a: Granbull|Intimidate|boost\n|-unboost|p1a: Moltres|atk|1\n|move|p1a: Moltres|Fire Blast|p2a: Granbull|[miss]\n|-miss|p1a: Moltres|p2a: Granbull\n|\n|-heal|p2a: Granbull|94/100|[from] item: Leftovers\n|upkeep\n|turn|24\n|inactive|Time left: 300 sec this turn | 300 sec total\n|\n|t:|1783555555\n|move|p1a: Moltres|Fire Blast|p2a: Granbull\n|-damage|p2a: Granbull|38/100\n|move|p2a: Granbull|Thunder Wave|p1a: Moltres\n|-status|p1a: Moltres|par\n|\n|-heal|p2a: Granbull|44/100|[from] item: Leftovers\n|upkeep\n|turn|25\n|inactive|Time left: 300 sec this turn | 300 sec total\n|\n|t:|1783555556\n|move|p2a: Granbull|Play Rough|p1a: Moltres\n|-resisted|p1a: Moltres\n|-damage|p1a: Moltres|126/278 par\n|-status|p2a: Granbull|brn|[from] ability: Flame Body|[of] p1a: Moltres\n|cant|p1a: Moltres|par\n|\n|-heal|p2a: Granbull|50/100 brn|[from] item: Leftovers\n|-damage|p2a: Granbull|44/100 brn|[from] brn\n|upkeep\n|turn|26\n|inactive|Time left: 300 sec this turn | 300 sec total\n|\n|t:|1783555557\n|move|p2a: Granbull|Play Rough|p1a: Moltres\n|-resisted|p1a: Moltres\n|-damage|p1a: Moltres|92/278 par\n|move|p1a: Moltres|Roost|p1a: Moltres\n|-heal|p1a: Moltres|231/278 par\n|-singleturn|p1a: Moltres|move: Roost\n|\n|-heal|p2a: Granbull|50/100 brn|[from] item: Leftovers\n|-damage|p2a: Granbull|44/100 brn|[from] brn\n|upkeep\n|turn|27\n|inactive|Time left: 300 sec this turn | 300 sec total\n|\n|t:|1783555558\n|move|p2a: Granbull|Thunder Wave|p1a: Moltres\n|-fail|p1a: Moltres|par\n|move|p1a: Moltres|Fire Blast|p2a: Granbull\n|-damage|p2a: Granbull|0 fnt\n|faint|p2a: Granbull\n|\n|upkeep\n|\n|t:|1783555559\n|switch|p2a: Sableye|Sableye, L88, F|100/100\n|-damage|p2a: Sableye|88/100|[from] Stealth Rock\n|turn|28\n|inactive|Time left: 300 sec this turn | 300 sec total\n|\n|t:|1783555560\n|move|p2a: Sableye|Knock Off|p1a: Moltres\n|-damage|p1a: Moltres|170/278 par\n|cant|p1a: Moltres|par\n|\n|-heal|p2a: Sableye|94/100|[from] item: Leftovers\n|upkeep\n|turn|29\n|inactive|Time left: 300 sec this turn | 300 sec total\n|\n|t:|1783555562\n|move|p2a: Sableye|Knock Off|p1a: Moltres\n|-damage|p1a: Moltres|101/278 par\n|cant|p1a: Moltres|par\n|\n|-heal|p2a: Sableye|100/100|[from] item: Leftovers\n|upkeep\n|turn|30\n|inactive|Time left: 300 sec this turn | 300 sec total\n|\n|t:|1783555563\n|move|p2a: Sableye|Knock Off|p1a: Moltres\n|-damage|p1a: Moltres|41/278 par\n|move|p1a: Moltres|Fire Blast|p2a: Sableye\n|-damage|p2a: Sableye|38/100\n|\n|-heal|p2a: Sableye|44/100|[from] item: Leftovers\n|upkeep\n|turn|31\n|inactive|Time left: 300 sec this turn | 300 sec total\n|\n|t:|1783555564\n|switch|p1a: Skuntank|Skuntank, L84, M|310/310\n|move|p2a: Sableye|Recover|p2a: Sableye\n|-heal|p2a: Sableye|94/100\n|\n|-heal|p2a: Sableye|100/100|[from] item: Leftovers\n|upkeep\n|turn|32\n|inactive|Time left: 300 sec this turn | 300 sec total\n|\n|t:|1783555565\n|move|p1a: Skuntank|Knock Off|p2a: Sableye\n|-damage|p2a: Sableye|42/100\n|-enditem|p2a: Sableye|Leftovers|[from] move: Knock Off|[of] p1a: Skuntank\n|-damage|p1a: Skuntank|279/310|[from] item: Life Orb\n|move|p2a: Sableye|Knock Off|p1a: Skuntank\n|-resisted|p1a: Skuntank\n|-damage|p1a: Skuntank|226/310\n|-enditem|p1a: Skuntank|Life Orb|[from] move: Knock Off|[of] p2a: Sableye\n|\n|upkeep\n|turn|33\n|inactive|Time left: 300 sec this turn | 300 sec total\n|\n|t:|1783555566\n|move|p1a: Skuntank|Fire Blast|p2a: Sableye\n|-damage|p2a: Sableye|10/100\n|move|p2a: Sableye|Knock Off|p1a: Skuntank\n|-resisted|p1a: Skuntank\n|-damage|p1a: Skuntank|190/310\n|\n|upkeep\n|turn|34\n|inactive|Time left: 300 sec this turn | 300 sec total\n|\n|t:|1783555567\n|-terastallize|p2a: Sableye|Poison\n|move|p1a: Skuntank|Knock Off|p2a: Sableye\n|-damage|p2a: Sableye|0 fnt\n|faint|p2a: Sableye\n|\n|win|p0x133670df", "uploadtime": 1783555567, "views": 0, "rating": 0, "private": 0, "password": null, "_winner": "p0x133670df", "_our_name": "p0x133670df"}