{"id": "battle-gen9randombattle-381", "formatid": "gen9randombattle", "format": "[Gen 9] Random Battle", "players": ["p0x3813b33", "p0y3817048"], "log": "|init|battle\n|title|p0x3813b33 vs. p0y3817048\n|j|\u2606p0x3813b33\n|j|\u2606p0y3817048\n|t:|1783543521\n|gametype|singles\n|player|p1|p0x3813b33|1|\n|player|p2|p0y3817048|265|\n|gen|9\n|tier|[Gen 9] Random Battle\n|rule|Species Clause: Limit one of each Pok\u00e9mon\n|rule|HP Percentage Mod: HP is shown in percentages\n|rule|Sleep Clause Mod: Limit one foe put to sleep\n|rule|Illusion Level Mod: Illusion disguises the Pok\u00e9mon's true level\n|\n|t:|1783543521\n|teamsize|p1|6\n|teamsize|p2|6\n|start\n|switch|p1a: Delphox|Delphox, L84, M|100/100\n|switch|p2a: Wugtrio|Wugtrio, L91, M|212/212\n|turn|1\n|inactive|Battle timer is ON: inactive players will automatically lose when time's up. (requested by p0x3813b33)\n|inactive|Time left: 300 sec this turn | 300 sec total | 60 sec grace\n|inactive|p0y3817048 also wants the timer to be on.\n|\n|t:|1783543522\n|switch|p1a: Azumarill|Azumarill, L82, M|100/100\n|move|p2a: Wugtrio|Liquidation|p1a: Azumarill\n|-resisted|p1a: Azumarill\n|-damage|p1a: Azumarill|71/100\n|\n|upkeep\n|turn|2\n|inactive|Time left: 300 sec this turn | 300 sec total\n|\n|t:|1783543524\n|switch|p2a: Magnezone|Magnezone, L85|258/258\n|move|p1a: Azumarill|Play Rough|p2a: Magnezone\n|-resisted|p2a: Magnezone\n|-damage|p2a: Magnezone|195/258\n|\n|-heal|p2a: Magnezone|211/258|[from] item: Leftovers\n|upkeep\n|turn|3\n|inactive|Time left: 300 sec this turn | 300 sec total\n|\n|t:|1783543525\n|switch|p1a: Delphox|Delphox, L84, M|100/100\n|move|p2a: Magnezone|Thunderbolt|p1a: Delphox\n|-damage|p1a: Delphox|41/100\n|\n|-heal|p2a: Magnezone|227/258|[from] item: Leftovers\n|upkeep\n|turn|4\n|inactive|Time left: 300 sec this turn | 300 sec total\n|\n|t:|1783543526\n|switch|p2a: Wugtrio|Wugtrio, L91, M|212/212\n|move|p1a: Delphox|Fire Blast|p2a: Wugtrio\n|-resisted|p2a: Wugtrio\n|-damage|p2a: Wugtrio|144/212\n|\n|upkeep\n|turn|5\n|inactive|Time left: 300 sec this turn | 300 sec total\n|\n|t:|1783543527\n|switch|p1a: Azumarill|Azumarill, L82, M|71/100\n|move|p2a: Wugtrio|Liquidation|p1a: Azumarill\n|-resisted|p1a: Azumarill\n|-damage|p1a: Azumarill|43/100\n|\n|upkeep\n|turn|6\n|inactive|Time left: 300 sec this turn | 300 sec total\n|\n|t:|1783543528\n|move|p2a: Wugtrio|Liquidation|p1a: Azumarill\n|-resisted|p1a: Azumarill\n|-damage|p1a: Azumarill|16/100\n|-unboost|p1a: Azumarill|def|1\n|move|p1a: Azumarill|Knock Off|p2a: Wugtrio\n|-damage|p2a: Wugtrio|0 fnt\n|-ability|p2a: Wugtrio|Gooey\n|-unboost|p1a: Azumarill|spe|1\n|-enditem|p2a: Wugtrio|Choice Band|[from] move: Knock Off|[of] p1a: Azumarill\n|faint|p2a: Wugtrio\n|\n|upkeep\n|inactive|Time left: 300 sec this turn | 300 sec total | 5 sec grace\n|\n|t:|1783543529\n|switch|p2a: Magnezone|Magnezone, L85|227/258\n|turn|7\n|inactive|Time left: 300 sec this turn | 300 sec total\n|\n|t:|1783543530\n|move|p2a: Magnezone|Thunderbolt|p1a: Azumarill\n|-supereffective|p1a: Azumarill\n|-crit|p1a: Azumarill\n|-damage|p1a: Azumarill|0 fnt\n|faint|p1a: Azumarill\n|\n|-heal|p2a: Magnezone|243/258|[from] item: Leftovers\n|upkeep\n|\n|t:|1783543531\n|switch|p1a: Delphox|Delphox, L84, M|41/100\n|turn|8\n|inactive|Time left: 300 sec this turn | 300 sec total\n|\n|t:|1783543532\n|-terastallize|p2a: Magnezone|Fighting\n|move|p1a: Delphox|Fire Blast|p2a: Magnezone\n|-damage|p2a: Magnezone|114/258\n|move|p2a: Magnezone|Thunderbolt|p1a: Delphox\n|-damage|p1a: Delphox|0 fnt\n|faint|p1a: Delphox\n|\n|-heal|p2a: Magnezone|130/258|[from] item: Leftovers\n|upkeep\n|\n|t:|1783543533\n|switch|p1a: Bombirdier|Bombirdier, L85, F|100/100\n|turn|9\n|inactive|Time left: 300 sec this turn | 300 sec total\n|\n|t:|1783543534\n|move|p1a: Bombirdier|Brave Bird|p2a: Magnezone\n|-supereffective|p2a: Magnezone\n|-damage|p2a: Magnezone|0 fnt\n|faint|p2a: Magnezone\n|-damage|p1a: Bombirdier|84/100|[from] Recoil\n|\n|upkeep\n|inactive|Time left: 300 sec this turn | 300 sec total | 5 sec grace\n|\n|t:|1783543535\n|switch|p2a: Braviary|Braviary, L85, M|309/309\n|turn|10\n|inactive|Time left: 300 sec this turn | 300 sec total\n|\n|t:|1783543536\n|move|p1a: Bombirdier|Knock Off|p2a: Braviary\n|-damage|p2a: Braviary|192/309\n|-enditem|p2a: Braviary|Heavy-Duty Boots|[from] move: Knock Off|[of] p1a: Bombirdier\n|move|p2a: Braviary|Brave Bird|p1a: Bombirdier\n|-damage|p1a: Bombirdier|22/100\n|-damage|p2a: Braviary|139/309|[from] Recoil\n|\n|upkeep\n|turn|11\n|inactive|Time left: 300 sec this turn | 300 sec total\n|\n|t:|1783543537\n|move|p1a: Bombirdier|Brave Bird|p2a: Braviary\n|-damage|p2a: Braviary|0 fnt\n|faint|p2a: Braviary\n|-damage|p1a: Bombirdier|4/100|[from] Recoil\n|\n|upkeep\n|inactive|Time left: 300 sec this turn | 300 sec total | 5 sec grace\n|\n|t:|1783543538\n|switch|p2a: Darkrai|Darkrai, L77|234/234\n|turn|12\n|inactive|Time left: 300 sec this turn | 300 sec total\n|\n|t:|1783543539\n|move|p2a: Darkrai|Sludge Bomb|p1a: Bombirdier\n|-damage|p1a: Bombirdier|0 fnt\n|faint|p1a: Bombirdier\n|\n|upkeep\n|\n|t:|1783543539\n|switch|p1a: Wugtrio|Wugtrio, L91, F|100/100\n|turn|13\n|inactive|Time left: 300 sec this turn | 300 sec total\n|\n|t:|1783543540\n|switch|p2a: Koraidon|Koraidon, L64|235/235\n|-weather|SunnyDay|[from] ability: Orichalcum Pulse|[of] p2a: Koraidon\n|-activate|p2a: Koraidon|Orichalcum Pulse|[source]\n|move|p1a: Wugtrio|Liquidation|p2a: Koraidon\n|-resisted|p2a: Koraidon\n|-damage|p2a: Koraidon|194/235\n|\n|-weather|SunnyDay|[upkeep]\n|upkeep\n|turn|14\n|inactive|Time left: 300 sec this turn | 300 sec total\n|\n|t:|1783543541\n|move|p1a: Wugtrio|Liquidation|p2a: Koraidon\n|-resisted|p2a: Koraidon\n|-damage|p2a: Koraidon|153/235\n|move|p2a: Koraidon|Swords Dance|p2a: Koraidon\n|-boost|p2a: Koraidon|atk|2\n|\n|-weather|SunnyDay|[upkeep]\n|upkeep\n|turn|15\n|inactive|Time left: 300 sec this turn | 300 sec total\n|\n|t:|1783543542\n|move|p1a: Wugtrio|Liquidation|p2a: Koraidon\n|-resisted|p2a: Koraidon\n|-damage|p2a: Koraidon|110/235\n|-unboost|p2a: Koraidon|def|1\n|move|p2a: Koraidon|Scale Shot|p1a: Wugtrio\n|-damage|p1a: Wugtrio|63/100\n|-damage|p1a: Wugtrio|30/100\n|-damage|p1a: Wugtrio|0 fnt\n|faint|p1a: Wugtrio\n|-hitcount|p1: Wugtrio|3\n|-unboost|p2a: Koraidon|def|1\n|-boost|p2a: Koraidon|spe|1\n|\n|-weather|SunnyDay|[upkeep]\n|upkeep\n|\n|t:|1783543543\n|switch|p1a: Incineroar|Incineroar, L82, F|100/100\n|-ability|p1a: Incineroar|Intimidate|boost\n|-unboost|p2a: Koraidon|atk|1\n|turn|16\n|inactive|Time left: 300 sec this turn | 300 sec total\n|\n|t:|1783543544\n|-terastallize|p1a: Incineroar|Water\n|move|p2a: Koraidon|Collision Course|p1a: Incineroar\n|-damage|p1a: Incineroar|48/100\n|move|p1a: Incineroar|Knock Off|p2a: Koraidon\n|-resisted|p2a: Koraidon\n|-damage|p2a: Koraidon|0 fnt\n|-enditem|p2a: Koraidon|Loaded Dice|[from] move: Knock Off|[of] p1a: Incineroar\n|faint|p2a: Koraidon\n|\n|-weather|SunnyDay|[upkeep]\n|upkeep\n|inactive|Time left: 300 sec this turn | 300 sec total | 5 sec grace\n|\n|t:|1783543545\n|switch|p2a: Vivillon|Vivillon-Garden, L83, F|268/268\n|turn|17\n|inactive|Time left: 300 sec this turn | 300 sec total\n|\n|t:|1783543546\n|move|p2a: Vivillon|Sleep Powder|p1a: Incineroar\n|-status|p1a: Incineroar|slp|[from] move: Sleep Powder\n|cant|p1a: Incineroar|slp\n|\n|-weather|none\n|upkeep\n|turn|18\n|inactive|Time left: 300 sec this turn | 300 sec total\n|\n|t:|1783543547\n|switch|p1a: Iron Crown|Iron Crown, L78|100/100\n|move|p2a: Vivillon|Quiver Dance|p2a: Vivillon\n|-boost|p2a: Vivillon|spa|1\n|-boost|p2a: Vivillon|spd|1\n|-boost|p2a: Vivillon|spe|1\n|\n|upkeep\n|turn|19\n|inactive|Time left: 300 sec this turn | 300 sec total\n|\n|t:|1783543548\n|move|p2a: Vivillon|Hurricane|p1a: Iron Crown\n|-resisted|p1a: Iron Crown\n|-damage|p1a: Iron Crown|75/100\n|move|p1a: Iron Crown|Calm Mind|p1a: Iron Crown\n|-boost|p1a: Iron Crown|spa|1\n|-boost|p1a: Iron Crown|spd|1\n|\n|-heal|p1a: Iron Crown|81/100|[from] item: Leftovers\n|upkeep\n|turn|20\n|inactive|Time left: 300 sec this turn | 300 sec total\n|\n|t:|1783543549\n|move|p2a: Vivillon|Hurricane|p1a: Iron Crown\n|-resisted|p1a: Iron Crown\n|-damage|p1a: Iron Crown|62/100\n|move|p1a: Iron Crown|Tachyon Cutter|p2a: Vivillon\n|-damage|p2a: Vivillon|192/268\n|-damage|p2a: Vivillon|113/268\n|-hitcount|p2a: Vivillon|2\n|\n|-heal|p1a: Iron Crown|68/100|[from] item: Leftovers\n|upkeep\n|turn|21\n|inactive|Time left: 300 sec this turn | 300 sec total\n|\n|t:|1783543550\n|move|p2a: Vivillon|Hurricane|p1a: Iron Crown\n|-resisted|p1a: Iron Crown\n|-damage|p1a: Iron Crown|49/100\n|-start|p1a: Iron Crown|confusion\n|-activate|p1a: Iron Crown|confusion\n|move|p1a: Iron Crown|Calm Mind|p1a: Iron Crown\n|-boost|p1a: Iron Crown|spa|1\n|-boost|p1a: Iron Crown|spd|1\n|\n|-heal|p1a: Iron Crown|55/100|[from] item: Leftovers\n|upkeep\n|turn|22\n|inactive|Time left: 300 sec this turn | 300 sec total\n|\n|t:|1783543552\n|move|p2a: Vivillon|Quiver Dance|p2a: Vivillon\n|-boost|p2a: Vivillon|spa|1\n|-boost|p2a: Vivillon|spd|1\n|-boost|p2a: Vivillon|spe|1\n|-activate|p1a: Iron Crown|confusion\n|move|p1a: Iron Crown|Tachyon Cutter|p2a: Vivillon\n|-damage|p2a: Vivillon|28/268\n|-damage|p2a: Vivillon|0 fnt\n|faint|p2a: Vivillon\n|-hitcount|p2: Vivillon|2\n|\n|-heal|p1a: Iron Crown|61/100|[from] item: Leftovers\n|upkeep\n|inactive|Time left: 300 sec this turn | 300 sec total | 5 sec grace\n|\n|t:|1783543552\n|switch|p2a: Darkrai|Darkrai, L77|234/234\n|turn|23\n|inactive|Time left: 300 sec this turn | 300 sec total\n|\n|t:|1783543553\n|move|p2a: Darkrai|Substitute|p2a: Darkrai\n|-start|p2a: Darkrai|Substitute\n|-damage|p2a: Darkrai|176/234\n|-activate|p1a: Iron Crown|confusion\n|move|p1a: Iron Crown|Tachyon Cutter|p2a: Darkrai\n|-end|p2a: Darkrai|Substitute\n|-damage|p2a: Darkrai|52/234\n|-hitcount|p2a: Darkrai|2\n|\n|-heal|p2a: Darkrai|66/234|[from] item: Leftovers\n|-heal|p1a: Iron Crown|67/100|[from] item: Leftovers\n|upkeep\n|turn|24\n|inactive|Time left: 300 sec this turn | 300 sec total\n|\n|t:|1783543554\n|move|p2a: Darkrai|Dark Pulse|p1a: Iron Crown\n|-supereffective|p1a: Iron Crown\n|-damage|p1a: Iron Crown|37/100\n|-end|p1a: Iron Crown|confusion\n|move|p1a: Iron Crown|Tachyon Cutter|p2a: Darkrai\n|-damage|p2a: Darkrai|0 fnt\n|faint|p2a: Darkrai\n|-hitcount|p2: Darkrai|1\n|\n|win|p0x3813b33", "uploadtime": 1783543554, "views": 0, "rating": 0, "private": 0, "password": null, "_winner": "p0x3813b33", "_our_name": "p0y3817048"}