{"id": "battle-gen9randombattle-954", "formatid": "gen9randombattle", "format": "[Gen 9] Random Battle", "players": ["p0x9546e2e", "p0y95427a0"], "log": "|init|battle\n|title|p0x9546e2e vs. p0y95427a0\n|j|\u2606p0x9546e2e\n|j|\u2606p0y95427a0\n|t:|1783550200\n|gametype|singles\n|player|p1|p0x9546e2e|2|\n|player|p2|p0y95427a0|1|\n|gen|9\n|tier|[Gen 9] Random Battle\n|rule|Species Clause: Limit one of each Pok\u00e9mon\n|rule|HP Percentage Mod: HP is shown in percentages\n|rule|Sleep Clause Mod: Limit one foe put to sleep\n|rule|Illusion Level Mod: Illusion disguises the Pok\u00e9mon's true level\n|\n|t:|1783550200\n|teamsize|p1|6\n|teamsize|p2|6\n|start\n|switch|p1a: Feraligatr|Feraligatr, L79, F|100/100\n|switch|p2a: Hypno|Hypno, L95, F|315/315\n|turn|1\n|inactive|Battle timer is ON: inactive players will automatically lose when time's up. (requested by p0x9546e2e)\n|inactive|Time left: 300 sec this turn | 300 sec total | 60 sec grace\n|inactive|p0y95427a0 also wants the timer to be on.\n|\n|t:|1783550202\n|switch|p2a: Conkeldurr|Conkeldurr, L80, F|299/299\n|move|p1a: Feraligatr|Dragon Dance|p1a: Feraligatr\n|-boost|p1a: Feraligatr|atk|1\n|-boost|p1a: Feraligatr|spe|1\n|\n|-status|p2a: Conkeldurr|brn|[from] item: Flame Orb\n|upkeep\n|turn|2\n|inactive|Time left: 300 sec this turn | 300 sec total\n|\n|t:|1783550203\n|move|p1a: Feraligatr|Liquidation|p2a: Conkeldurr\n|-damage|p2a: Conkeldurr|92/299 brn\n|move|p2a: Conkeldurr|Close Combat|p1a: Feraligatr\n|-damage|p1a: Feraligatr|13/100\n|-unboost|p2a: Conkeldurr|def|1\n|-unboost|p2a: Conkeldurr|spd|1\n|\n|-damage|p2a: Conkeldurr|74/299 brn|[from] brn\n|upkeep\n|turn|3\n|inactive|Time left: 300 sec this turn | 300 sec total\n|\n|t:|1783550204\n|move|p2a: Conkeldurr|Mach Punch|p1a: Feraligatr\n|-damage|p1a: Feraligatr|0 fnt\n|faint|p1a: Feraligatr\n|\n|-damage|p2a: Conkeldurr|56/299 brn|[from] brn\n|upkeep\n|\n|t:|1783550205\n|switch|p1a: Sinistcha|Sinistcha, L83|100/100\n|turn|4\n|inactive|Time left: 300 sec this turn | 300 sec total\n|\n|t:|1783550206\n|switch|p2a: Reshiram|Reshiram, L76|277/277\n|-ability|p2a: Reshiram|Turboblaze\n|move|p1a: Sinistcha|Matcha Gotcha|p2a: Reshiram\n|-resisted|p2a: Reshiram\n|-damage|p2a: Reshiram|254/277\n|\n|upkeep\n|turn|5\n|inactive|Time left: 300 sec this turn | 300 sec total\n|\n|t:|1783550208\n|switch|p1a: Cresselia|Cresselia, L80, F|100/100\n|move|p2a: Reshiram|Dragon Dance|p2a: Reshiram\n|-boost|p2a: Reshiram|atk|1\n|-boost|p2a: Reshiram|spe|1\n|\n|upkeep\n|turn|6\n|inactive|Time left: 300 sec this turn | 300 sec total\n|\n|t:|1783550209\n|move|p2a: Reshiram|Dragon Dance|p2a: Reshiram\n|-boost|p2a: Reshiram|atk|1\n|-boost|p2a: Reshiram|spe|1\n|move|p1a: Cresselia|Moonlight|p1a: Cresselia\n|-fail|p1a: Cresselia|heal\n|\n|upkeep\n|turn|7\n|inactive|Time left: 300 sec this turn | 300 sec total\n|\n|t:|1783550210\n|switch|p1a: Registeel|Registeel, L81|100/100\n|move|p2a: Reshiram|Outrage|p1a: Registeel\n|-resisted|p1a: Registeel\n|-damage|p1a: Registeel|69/100\n|\n|upkeep\n|turn|8\n|inactive|Time left: 300 sec this turn | 300 sec total\n|\n|t:|1783550211\n|move|p2a: Reshiram|Outrage|p1a: Registeel|[from] lockedmove\n|-resisted|p1a: Registeel\n|-damage|p1a: Registeel|35/100\n|-start|p2a: Reshiram|confusion|[fatigue]\n|move|p1a: Registeel|Iron Defense|p1a: Registeel\n|-boost|p1a: Registeel|def|2\n|\n|upkeep\n|turn|9\n|inactive|Time left: 300 sec this turn | 300 sec total\n|\n|t:|1783550212\n|-activate|p2a: Reshiram|confusion\n|move|p2a: Reshiram|Flare Blitz|p1a: Registeel\n|-supereffective|p1a: Registeel\n|-damage|p1a: Registeel|0 fnt\n|faint|p1a: Registeel\n|-damage|p2a: Reshiram|224/277|[from] Recoil\n|\n|upkeep\n|\n|t:|1783550213\n|switch|p1a: Toucannon|Toucannon, L88, F|100/100\n|turn|10\n|inactive|Time left: 300 sec this turn | 300 sec total\n|\n|t:|1783550214\n|-singleturn|p1a: Toucannon|move: Beak Blast\n|-end|p2a: Reshiram|confusion\n|move|p2a: Reshiram|Stone Edge|p1a: Toucannon\n|-supereffective|p1a: Toucannon\n|-damage|p1a: Toucannon|3/100\n|move|p1a: Toucannon|Beak Blast|p2a: Reshiram\n|-damage|p2a: Reshiram|77/277\n|\n|upkeep\n|turn|11\n|inactive|Time left: 300 sec this turn | 300 sec total\n|\n|t:|1783550215\n|-singleturn|p1a: Toucannon|move: Beak Blast\n|move|p2a: Reshiram|Outrage|p1a: Toucannon\n|-damage|p1a: Toucannon|0 fnt\n|faint|p1a: Toucannon\n|\n|upkeep\n|\n|t:|1783550216\n|switch|p1a: Sinistcha|Sinistcha, L83|100/100\n|turn|12\n|inactive|Time left: 300 sec this turn | 300 sec total\n|\n|t:|1783550217\n|-terastallize|p1a: Sinistcha|Steel\n|move|p2a: Reshiram|Outrage|p1a: Sinistcha|[from] lockedmove\n|-resisted|p1a: Sinistcha\n|-damage|p1a: Sinistcha|60/100\n|move|p1a: Sinistcha|Shadow Ball|p2a: Reshiram\n|-damage|p2a: Reshiram|0 fnt\n|faint|p2a: Reshiram\n|\n|-heal|p1a: Sinistcha|66/100|[from] item: Leftovers\n|upkeep\n|inactive|Time left: 300 sec this turn | 300 sec total | 5 sec grace\n|\n|t:|1783550218\n|switch|p2a: Jolteon|Jolteon, L84, F|246/246\n|turn|13\n|inactive|Time left: 300 sec this turn | 300 sec total\n|\n|t:|1783550219\n|move|p2a: Jolteon|Calm Mind|p2a: Jolteon\n|-boost|p2a: Jolteon|spa|1\n|-boost|p2a: Jolteon|spd|1\n|move|p1a: Sinistcha|Strength Sap|p2a: Jolteon\n|-unboost|p2a: Jolteon|atk|1\n|-heal|p1a: Sinistcha|100/100\n|\n|upkeep\n|turn|14\n|inactive|Time left: 300 sec this turn | 300 sec total\n|\n|t:|1783550220\n|move|p2a: Jolteon|Thunderbolt|p1a: Sinistcha\n|-damage|p1a: Sinistcha|36/100\n|-status|p1a: Sinistcha|par\n|move|p1a: Sinistcha|Strength Sap|p2a: Jolteon\n|-unboost|p2a: Jolteon|atk|1\n|-heal|p1a: Sinistcha|66/100 par\n|\n|-heal|p1a: Sinistcha|72/100 par|[from] item: Leftovers\n|upkeep\n|turn|15\n|inactive|Time left: 300 sec this turn | 300 sec total\n|\n|t:|1783550221\n|move|p2a: Jolteon|Thunderbolt|p1a: Sinistcha\n|-damage|p1a: Sinistcha|10/100 par\n|move|p1a: Sinistcha|Strength Sap|p2a: Jolteon\n|-unboost|p2a: Jolteon|atk|1\n|-heal|p1a: Sinistcha|33/100 par\n|\n|-heal|p1a: Sinistcha|39/100 par|[from] item: Leftovers\n|upkeep\n|turn|16\n|inactive|Time left: 300 sec this turn | 300 sec total\n|\n|t:|1783550222\n|switch|p1a: Cresselia|Cresselia, L80, F|100/100\n|move|p2a: Jolteon|Thunderbolt|p1a: Cresselia\n|-damage|p1a: Cresselia|62/100\n|\n|-heal|p1a: Cresselia|68/100|[from] item: Leftovers\n|upkeep\n|turn|17\n|inactive|Time left: 300 sec this turn | 300 sec total\n|\n|t:|1783550223\n|move|p2a: Jolteon|Thunderbolt|p1a: Cresselia\n|-damage|p1a: Cresselia|27/100\n|move|p1a: Cresselia|Calm Mind|p1a: Cresselia\n|-boost|p1a: Cresselia|spa|1\n|-boost|p1a: Cresselia|spd|1\n|\n|-heal|p1a: Cresselia|34/100|[from] item: Leftovers\n|upkeep\n|turn|18\n|inactive|Time left: 300 sec this turn | 300 sec total\n|\n|t:|1783550224\n|switch|p2a: Incineroar|Incineroar, L82, F|290/290\n|-ability|p2a: Incineroar|Intimidate|boost\n|-unboost|p1a: Cresselia|atk|1\n|move|p1a: Cresselia|Moonlight|p1a: Cresselia\n|-heal|p1a: Cresselia|83/100\n|\n|-heal|p1a: Cresselia|90/100|[from] item: Leftovers\n|upkeep\n|turn|19\n|inactive|Time left: 300 sec this turn | 300 sec total\n|\n|t:|1783550225\n|move|p1a: Cresselia|Calm Mind|p1a: Cresselia\n|-boost|p1a: Cresselia|spa|1\n|-boost|p1a: Cresselia|spd|1\n|move|p2a: Incineroar|Knock Off|p1a: Cresselia\n|-supereffective|p1a: Cresselia\n|-damage|p1a: Cresselia|33/100\n|-enditem|p1a: Cresselia|Leftovers|[from] move: Knock Off|[of] p2a: Incineroar\n|\n|upkeep\n|turn|20\n|inactive|Time left: 300 sec this turn | 300 sec total\n|\n|t:|1783550226\n|move|p1a: Cresselia|Moonlight|p1a: Cresselia\n|-heal|p1a: Cresselia|83/100\n|move|p2a: Incineroar|Knock Off|p1a: Cresselia\n|-supereffective|p1a: Cresselia\n|-damage|p1a: Cresselia|40/100\n|\n|upkeep\n|turn|21\n|inactive|Time left: 300 sec this turn | 300 sec total\n|\n|t:|1783550227\n|move|p1a: Cresselia|Moonlight|p1a: Cresselia\n|-heal|p1a: Cresselia|90/100\n|move|p2a: Incineroar|Knock Off|p1a: Cresselia\n|-supereffective|p1a: Cresselia\n|-damage|p1a: Cresselia|49/100\n|\n|upkeep\n|turn|22\n|inactive|Time left: 300 sec this turn | 300 sec total\n|\n|t:|1783550229\n|move|p1a: Cresselia|Moonlight|p1a: Cresselia\n|-heal|p1a: Cresselia|99/100\n|move|p2a: Incineroar|Knock Off|p1a: Cresselia\n|-supereffective|p1a: Cresselia\n|-damage|p1a: Cresselia|55/100\n|\n|upkeep\n|turn|23\n|inactive|Time left: 300 sec this turn | 300 sec total\n|\n|t:|1783550230\n|move|p1a: Cresselia|Moonlight|p1a: Cresselia\n|-heal|p1a: Cresselia|100/100\n|move|p2a: Incineroar|Knock Off|p1a: Cresselia\n|-supereffective|p1a: Cresselia\n|-damage|p1a: Cresselia|60/100\n|\n|upkeep\n|turn|24\n|inactive|Time left: 300 sec this turn | 300 sec total\n|\n|t:|1783550231\n|move|p1a: Cresselia|Moonlight|p1a: Cresselia\n|-heal|p1a: Cresselia|100/100\n|move|p2a: Incineroar|Knock Off|p1a: Cresselia\n|-supereffective|p1a: Cresselia\n|-damage|p1a: Cresselia|60/100\n|\n|upkeep\n|turn|25\n|inactive|Time left: 300 sec this turn | 300 sec total\n|\n|t:|1783550232\n|move|p1a: Cresselia|Thunderbolt|p2a: Incineroar\n|-damage|p2a: Incineroar|227/290\n|move|p2a: Incineroar|Knock Off|p1a: Cresselia\n|-supereffective|p1a: Cresselia\n|-damage|p1a: Cresselia|22/100\n|\n|upkeep\n|turn|26\n|inactive|Time left: 300 sec this turn | 300 sec total\n|\n|t:|1783550233\n|move|p1a: Cresselia|Moonlight|p1a: Cresselia\n|-heal|p1a: Cresselia|72/100\n|move|p2a: Incineroar|Knock Off|p1a: Cresselia\n|-supereffective|p1a: Cresselia\n|-damage|p1a: Cresselia|27/100\n|\n|upkeep\n|turn|27\n|inactive|Time left: 300 sec this turn | 300 sec total\n|\n|t:|1783550234\n|move|p1a: Cresselia|Thunderbolt|p2a: Incineroar\n|-damage|p2a: Incineroar|163/290\n|move|p2a: Incineroar|U-turn|p1a: Cresselia\n|-supereffective|p1a: Cresselia\n|-crit|p1a: Cresselia\n|-damage|p1a: Cresselia|0 fnt\n|faint|p1a: Cresselia\n|inactive|Time left: 300 sec this turn | 300 sec total | 5 sec grace\n|\n|t:|1783550235\n|switch|p2a: Jolteon|Jolteon, L84, F|246/246|[from] U-turn\n|\n|upkeep\n|\n|t:|1783550236\n|switch|p1a: Sinistcha|Sinistcha, L83, tera:Steel|39/100 par\n|turn|28\n|inactive|Time left: 300 sec this turn | 300 sec total\n|\n|t:|1783550237\n|move|p2a: Jolteon|Thunderbolt|p1a: Sinistcha\n|-crit|p1a: Sinistcha\n|-damage|p1a: Sinistcha|0 fnt\n|faint|p1a: Sinistcha\n|\n|upkeep\n|\n|t:|1783550237\n|switch|p1a: Scyther|Scyther, L82, M|100/100\n|turn|29\n|inactive|Time left: 300 sec this turn | 300 sec total\n|\n|t:|1783550238\n|move|p2a: Jolteon|Thunderbolt|p1a: Scyther\n|-supereffective|p1a: Scyther\n|-damage|p1a: Scyther|2/100\n|move|p1a: Scyther|Close Combat|p2a: Jolteon\n|-damage|p2a: Jolteon|133/246\n|-unboost|p1a: Scyther|def|1\n|-unboost|p1a: Scyther|spd|1\n|\n|upkeep\n|turn|30\n|inactive|Time left: 300 sec this turn | 300 sec total\n|\n|t:|1783550239\n|move|p2a: Jolteon|Alluring Voice|p1a: Scyther\n|-crit|p1a: Scyther\n|-damage|p1a: Scyther|0 fnt\n|faint|p1a: Scyther\n|\n|win|p0y95427a0", "uploadtime": 1783550239, "views": 0, "rating": 0, "private": 0, "password": null, "_winner": "p0y95427a0", "_our_name": "p0y95427a0"}