{"id": "battle-gen9randombattle-2202", "formatid": "gen9randombattle", "format": "[Gen 9] Random Battle", "players": ["p0x2202293a", "p0y2202c70d"], "log": "|init|battle\n|title|p0x2202293a vs. p0y2202c70d\n|j|\u2606p0x2202293a\n|j|\u2606p0y2202c70d\n|t:|1783564604\n|gametype|singles\n|player|p1|p0x2202293a|1|\n|player|p2|p0y2202c70d|266|\n|gen|9\n|tier|[Gen 9] Random Battle\n|rule|Species Clause: Limit one of each Pok\u00e9mon\n|rule|HP Percentage Mod: HP is shown in percentages\n|rule|Sleep Clause Mod: Limit one foe put to sleep\n|rule|Illusion Level Mod: Illusion disguises the Pok\u00e9mon's true level\n|\n|t:|1783564604\n|teamsize|p1|6\n|teamsize|p2|6\n|start\n|switch|p1a: Magcargo|Magcargo, L95, F|268/268\n|switch|p2a: Whiscash|Whiscash, L88, M|100/100\n|turn|1\n|inactive|Battle timer is ON: inactive players will automatically lose when time's up. (requested by p0x2202293a)\n|inactive|p0y2202c70d also wants the timer to be on.\n|\n|t:|1783564605\n|switch|p1a: Bellossom|Bellossom, L84, M|263/263\n|move|p2a: Whiscash|Earthquake|p1a: Bellossom\n|-resisted|p1a: Bellossom\n|-damage|p1a: Bellossom|214/263\n|\n|-heal|p1a: Bellossom|230/263|[from] item: Leftovers\n|upkeep\n|turn|2\n|inactive|Time left: 300 sec this turn | 300 sec total\n|\n|t:|1783564606\n|switch|p2a: Blaziken|Blaziken, L76, F|100/100\n|move|p1a: Bellossom|Quiver Dance|p1a: Bellossom\n|-boost|p1a: Bellossom|spa|1\n|-boost|p1a: Bellossom|spd|1\n|-boost|p1a: Bellossom|spe|1\n|\n|-heal|p1a: Bellossom|246/263|[from] item: Leftovers\n|upkeep\n|turn|3\n|inactive|Time left: 300 sec this turn | 300 sec total\n|\n|t:|1783564607\n|-terastallize|p1a: Bellossom|Poison\n|move|p1a: Bellossom|Sludge Bomb|p2a: Blaziken\n|-damage|p2a: Blaziken|25/100\n|move|p2a: Blaziken|Flare Blitz|p1a: Bellossom\n|-damage|p1a: Bellossom|93/263\n|-damage|p2a: Blaziken|5/100|[from] Recoil\n|-damage|p2a: Blaziken|0 fnt|[from] item: Life Orb\n|faint|p2a: Blaziken\n|\n|-heal|p1a: Bellossom|109/263|[from] item: Leftovers\n|upkeep\n|\n|t:|1783564608\n|switch|p2a: Zebstrika|Zebstrika, L87, F|100/100\n|turn|4\n|inactive|Time left: 300 sec this turn | 300 sec total\n|\n|t:|1783564609\n|switch|p1a: Quagsire|Quagsire, L84, F|297/297\n|move|p2a: Zebstrika|Supercell Slam|p1a: Quagsire\n|-immune|p1a: Quagsire\n|-damage|p2a: Zebstrika|50/100|[from] supercellslam\n|\n|upkeep\n|turn|5\n|inactive|Time left: 300 sec this turn | 300 sec total\n|\n|t:|1783564611\n|switch|p2a: Noctowl|Noctowl, L95, M|100/100\n|move|p1a: Quagsire|Earthquake|p2a: Noctowl\n|-immune|p2a: Noctowl\n|\n|upkeep\n|turn|6\n|inactive|Time left: 300 sec this turn | 300 sec total\n|\n|t:|1783564612\n|move|p2a: Noctowl|Nasty Plot|p2a: Noctowl\n|-boost|p2a: Noctowl|spa|2\n|move|p1a: Quagsire|Toxic|p2a: Noctowl\n|-status|p2a: Noctowl|tox\n|\n|-damage|p2a: Noctowl|94/100 tox|[from] psn\n|upkeep\n|turn|7\n|inactive|Time left: 300 sec this turn | 300 sec total\n|\n|t:|1783564613\n|move|p2a: Noctowl|Hurricane|p1a: Quagsire\n|-damage|p1a: Quagsire|140/297\n|move|p1a: Quagsire|Recover|p1a: Quagsire\n|-heal|p1a: Quagsire|289/297\n|\n|-heal|p1a: Quagsire|297/297|[from] item: Leftovers\n|-damage|p2a: Noctowl|82/100 tox|[from] psn\n|upkeep\n|turn|8\n|inactive|Time left: 300 sec this turn | 300 sec total\n|\n|t:|1783564614\n|move|p2a: Noctowl|Hurricane|p1a: Quagsire|[miss]\n|-miss|p2a: Noctowl|p1a: Quagsire\n|move|p1a: Quagsire|Spikes|p2a: Noctowl\n|-sidestart|p2: p0y2202c70d|Spikes\n|\n|-damage|p2a: Noctowl|64/100 tox|[from] psn\n|upkeep\n|turn|9\n|inactive|Time left: 300 sec this turn | 300 sec total\n|\n|t:|1783564615\n|move|p2a: Noctowl|Hurricane|p1a: Quagsire\n|-crit|p1a: Quagsire\n|-damage|p1a: Quagsire|27/297\n|-start|p1a: Quagsire|confusion\n|-activate|p1a: Quagsire|confusion\n|move|p1a: Quagsire|Recover|p1a: Quagsire\n|-heal|p1a: Quagsire|176/297\n|\n|-heal|p1a: Quagsire|194/297|[from] item: Leftovers\n|-damage|p2a: Noctowl|39/100 tox|[from] psn\n|upkeep\n|turn|10\n|inactive|Time left: 300 sec this turn | 300 sec total\n|\n|t:|1783564616\n|move|p2a: Noctowl|Hyper Voice|p1a: Quagsire\n|-damage|p1a: Quagsire|56/297\n|-activate|p1a: Quagsire|confusion\n|-damage|p1a: Quagsire|29/297|[from] confusion\n|\n|-heal|p1a: Quagsire|47/297|[from] item: Leftovers\n|-damage|p2a: Noctowl|9/100 tox|[from] psn\n|upkeep\n|turn|11\n|inactive|Time left: 300 sec this turn | 300 sec total\n|\n|t:|1783564617\n|move|p2a: Noctowl|Hyper Voice|p1a: Quagsire\n|-damage|p1a: Quagsire|0 fnt\n|faint|p1a: Quagsire\n|\n|-damage|p2a: Noctowl|0 fnt|[from] psn\n|faint|p2a: Noctowl\n|upkeep\n|inactive|Time left: 300 sec this turn | 300 sec total | 5 sec grace\n|\n|t:|1783564618\n|switch|p2a: Zebstrika|Zebstrika, L87, F|50/100\n|switch|p1a: Cinccino|Cinccino, L83, F|260/260\n|-damage|p2a: Zebstrika|38/100|[from] Spikes\n|turn|12\n|inactive|Time left: 300 sec this turn | 300 sec total\n|\n|t:|1783564619\n|move|p2a: Zebstrika|Supercell Slam|p1a: Cinccino\n|-damage|p1a: Cinccino|53/260\n|-damage|p2a: Zebstrika|28/100|[from] item: Life Orb\n|move|p1a: Cinccino|Triple Axel|p2a: Zebstrika\n|-damage|p2a: Zebstrika|19/100\n|-damage|p2a: Zebstrika|0 fnt\n|faint|p2a: Zebstrika\n|-hitcount|p2: Zebstrika|2\n|\n|upkeep\n|\n|t:|1783564619\n|switch|p2a: Camerupt|Camerupt, L91, M|100/100\n|-damage|p2a: Camerupt|88/100|[from] Spikes\n|turn|13\n|inactive|Time left: 300 sec this turn | 300 sec total\n|\n|t:|1783564620\n|move|p1a: Cinccino|Tail Slap|p2a: Camerupt\n|-damage|p2a: Camerupt|72/100\n|-damage|p2a: Camerupt|56/100\n|-damage|p2a: Camerupt|40/100\n|-damage|p2a: Camerupt|25/100\n|-hitcount|p2a: Camerupt|4\n|move|p2a: Camerupt|Earthquake|p1a: Cinccino\n|-damage|p1a: Cinccino|0 fnt\n|faint|p1a: Cinccino\n|\n|-heal|p2a: Camerupt|31/100|[from] item: Leftovers\n|upkeep\n|inactive|Time left: 300 sec this turn | 300 sec total | 5 sec grace\n|\n|t:|1783564621\n|switch|p1a: Bellossom|Bellossom, L84, M, tera:Poison|109/263\n|turn|14\n|inactive|Time left: 300 sec this turn | 300 sec total\n|\n|t:|1783564622\n|move|p1a: Bellossom|Strength Sap|p2a: Camerupt\n|-unboost|p2a: Camerupt|atk|1\n|-heal|p1a: Bellossom|263/263\n|move|p2a: Camerupt|Earthquake|p1a: Bellossom\n|-supereffective|p1a: Bellossom\n|-damage|p1a: Bellossom|113/263\n|\n|-heal|p1a: Bellossom|129/263|[from] item: Leftovers\n|-heal|p2a: Camerupt|38/100|[from] item: Leftovers\n|upkeep\n|turn|15\n|inactive|Time left: 300 sec this turn | 300 sec total\n|\n|t:|1783564623\n|move|p1a: Bellossom|Strength Sap|p2a: Camerupt\n|-unboost|p2a: Camerupt|atk|1\n|-heal|p1a: Bellossom|263/263\n|move|p2a: Camerupt|Earthquake|p1a: Bellossom\n|-supereffective|p1a: Bellossom\n|-damage|p1a: Bellossom|149/263\n|\n|-heal|p1a: Bellossom|165/263|[from] item: Leftovers\n|-heal|p2a: Camerupt|44/100|[from] item: Leftovers\n|upkeep\n|turn|16\n|inactive|Time left: 300 sec this turn | 300 sec total\n|\n|t:|1783564624\n|move|p1a: Bellossom|Strength Sap|p2a: Camerupt\n|-unboost|p2a: Camerupt|atk|1\n|-heal|p1a: Bellossom|263/263\n|move|p2a: Camerupt|Earthquake|p1a: Bellossom\n|-supereffective|p1a: Bellossom\n|-damage|p1a: Bellossom|173/263\n|\n|-heal|p1a: Bellossom|189/263|[from] item: Leftovers\n|-heal|p2a: Camerupt|50/100|[from] item: Leftovers\n|upkeep\n|turn|17\n|inactive|Time left: 300 sec this turn | 300 sec total\n|\n|t:|1783564625\n|switch|p2a: Scyther|Scyther, L82, M|100/100\n|move|p1a: Bellossom|Quiver Dance|p1a: Bellossom\n|-boost|p1a: Bellossom|spa|1\n|-boost|p1a: Bellossom|spd|1\n|-boost|p1a: Bellossom|spe|1\n|\n|-heal|p1a: Bellossom|205/263|[from] item: Leftovers\n|upkeep\n|turn|18\n|inactive|Time left: 300 sec this turn | 300 sec total\n|\n|t:|1783564626\n|move|p2a: Scyther|Swords Dance|p2a: Scyther\n|-boost|p2a: Scyther|atk|2\n|move|p1a: Bellossom|Strength Sap|p2a: Scyther\n|-unboost|p2a: Scyther|atk|1\n|-heal|p1a: Bellossom|263/263\n|\n|upkeep\n|turn|19\n|inactive|Time left: 300 sec this turn | 300 sec total\n|\n|t:|1783564627\n|move|p2a: Scyther|Swords Dance|p2a: Scyther\n|-boost|p2a: Scyther|atk|2\n|move|p1a: Bellossom|Strength Sap|p2a: Scyther\n|-unboost|p2a: Scyther|atk|1\n|\n|upkeep\n|turn|20\n|inactive|Time left: 300 sec this turn | 300 sec total\n|\n|t:|1783564628\n|move|p2a: Scyther|Swords Dance|p2a: Scyther\n|-boost|p2a: Scyther|atk|2\n|move|p1a: Bellossom|Sludge Bomb|p2a: Scyther\n|-damage|p2a: Scyther|41/100\n|\n|upkeep\n|turn|21\n|inactive|Time left: 300 sec this turn | 300 sec total\n|\n|t:|1783564629\n|switch|p1a: Magcargo|Magcargo, L95, F|268/268\n|move|p2a: Scyther|Dual Wingbeat|p1a: Magcargo\n|-resisted|p1a: Magcargo\n|-damage|p1a: Magcargo|202/268\n|-resisted|p1a: Magcargo\n|-damage|p1a: Magcargo|139/268\n|-status|p2a: Scyther|brn|[from] ability: Flame Body|[of] p1a: Magcargo\n|-hitcount|p1a: Magcargo|2\n|\n|-damage|p2a: Scyther|35/100 brn|[from] brn\n|upkeep\n|turn|22\n|inactive|Time left: 300 sec this turn | 300 sec total\n|\n|t:|1783564630\n|switch|p1a: Toxapex|Toxapex, L82, F|216/216\n|move|p2a: Scyther|Close Combat|p1a: Toxapex\n|-resisted|p1a: Toxapex\n|-damage|p1a: Toxapex|173/216\n|-unboost|p2a: Scyther|def|1\n|-unboost|p2a: Scyther|spd|1\n|-damage|p2a: Scyther|19/100 brn|[from] item: Rocky Helmet|[of] p1a: Toxapex\n|\n|-damage|p2a: Scyther|13/100 brn|[from] brn\n|upkeep\n|turn|23\n|inactive|Time left: 300 sec this turn | 300 sec total\n|\n|t:|1783564631\n|move|p2a: Scyther|Dual Wingbeat|p1a: Toxapex\n|-damage|p1a: Toxapex|107/216\n|-damage|p2a: Scyther|0 fnt|[from] item: Rocky Helmet|[of] p1a: Toxapex\n|faint|p2a: Scyther\n|-hitcount|p1a: Toxapex|1\n|move|p1a: Toxapex|Recover|p1a: Toxapex\n|-heal|p1a: Toxapex|215/216\n|\n|upkeep\n|\n|t:|1783564632\n|switch|p2a: Whiscash|Whiscash, L88, M|100/100\n|-damage|p2a: Whiscash|88/100|[from] Spikes\n|turn|24\n|inactive|Time left: 300 sec this turn | 300 sec total\n|\n|t:|1783564633\n|move|p2a: Whiscash|Earthquake|p1a: Toxapex\n|-supereffective|p1a: Toxapex\n|-damage|p1a: Toxapex|81/216\n|move|p1a: Toxapex|Toxic|p2a: Whiscash\n|-status|p2a: Whiscash|tox\n|\n|-heal|p2a: Whiscash|94/100 tox|[from] item: Leftovers\n|-damage|p2a: Whiscash|88/100 tox|[from] psn\n|upkeep\n|turn|25\n|inactive|Time left: 300 sec this turn | 300 sec total\n|\n|t:|1783564634\n|move|p2a: Whiscash|Earthquake|p1a: Toxapex\n|-supereffective|p1a: Toxapex\n|-damage|p1a: Toxapex|0 fnt\n|faint|p1a: Toxapex\n|\n|-heal|p2a: Whiscash|94/100 tox|[from] item: Leftovers\n|-damage|p2a: Whiscash|82/100 tox|[from] psn\n|upkeep\n|inactive|Time left: 300 sec this turn | 300 sec total | 5 sec grace\n|\n|t:|1783564635\n|switch|p1a: Bellossom|Bellossom, L84, M, tera:Poison|263/263\n|turn|26\n|inactive|Time left: 300 sec this turn | 300 sec total\n|\n|t:|1783564636\n|switch|p2a: Camerupt|Camerupt, L91, M|50/100\n|-damage|p2a: Camerupt|38/100|[from] Spikes\n|move|p1a: Bellossom|Quiver Dance|p1a: Bellossom\n|-boost|p1a: Bellossom|spa|1\n|-boost|p1a: Bellossom|spd|1\n|-boost|p1a: Bellossom|spe|1\n|\n|-heal|p2a: Camerupt|44/100|[from] item: Leftovers\n|upkeep\n|turn|27\n|inactive|Time left: 300 sec this turn | 300 sec total\n|\n|t:|1783564637\n|move|p1a: Bellossom|Giga Drain|p2a: Camerupt\n|-crit|p2a: Camerupt\n|-damage|p2a: Camerupt|0 fnt\n|faint|p2a: Camerupt\n|\n|upkeep\n|\n|t:|1783564638\n|switch|p2a: Whiscash|Whiscash, L88, M|82/100 tox\n|-damage|p2a: Whiscash|69/100 tox|[from] Spikes\n|turn|28\n|inactive|Time left: 300 sec this turn | 300 sec total\n|\n|t:|1783564639\n|-terastallize|p2a: Whiscash|Ghost\n|move|p1a: Bellossom|Giga Drain|p2a: Whiscash\n|-damage|p2a: Whiscash|29/100 tox\n|move|p2a: Whiscash|Stealth Rock|p1a: Bellossom\n|-sidestart|p1: p0x2202293a|move: Stealth Rock\n|\n|-heal|p2a: Whiscash|35/100 tox|[from] item: Leftovers\n|-damage|p2a: Whiscash|29/100 tox|[from] psn\n|upkeep\n|turn|29\n|inactive|Time left: 300 sec this turn | 300 sec total\n|\n|t:|1783564640\n|move|p1a: Bellossom|Sludge Bomb|p2a: Whiscash\n|-resisted|p2a: Whiscash\n|-crit|p2a: Whiscash\n|-damage|p2a: Whiscash|0 fnt\n|faint|p2a: Whiscash\n|\n|win|p0x2202293a", "uploadtime": 1783564640, "views": 0, "rating": 0, "private": 0, "password": null, "_winner": "p0x2202293a", "_our_name": "p0x2202293a"}