{"id": "battle-gen9randombattle-2404", "formatid": "gen9randombattle", "format": "[Gen 9] Random Battle", "players": ["p0x24046024", "p0y240450d9"], "log": "|init|battle\n|title|p0x24046024 vs. p0y240450d9\n|j|\u2606p0x24046024\n|j|\u2606p0y240450d9\n|t:|1783566886\n|gametype|singles\n|player|p1|p0x24046024|101|\n|player|p2|p0y240450d9|102|\n|gen|9\n|tier|[Gen 9] Random Battle\n|rule|Species Clause: Limit one of each Pok\u00e9mon\n|rule|HP Percentage Mod: HP is shown in percentages\n|rule|Sleep Clause Mod: Limit one foe put to sleep\n|rule|Illusion Level Mod: Illusion disguises the Pok\u00e9mon's true level\n|\n|t:|1783566886\n|teamsize|p1|6\n|teamsize|p2|6\n|start\n|switch|p1a: Scrafty|Scrafty, L83, M|100/100\n|switch|p2a: Cyclizar|Cyclizar, L84, M|255/255\n|-ability|p1a: Scrafty|Intimidate|boost\n|-unboost|p2a: Cyclizar|atk|1\n|turn|1\n|inactive|Battle timer is ON: inactive players will automatically lose when time's up. (requested by p0x24046024)\n|inactive|Time left: 300 sec this turn | 300 sec total | 60 sec grace\n|inactive|p0y240450d9 also wants the timer to be on.\n|\n|t:|1783566887\n|move|p2a: Cyclizar|Shed Tail|p2a: Cyclizar\n|-start|p2a: Cyclizar|Substitute|[from] move: Shed Tail\n|-damage|p2a: Cyclizar|127/255\n|inactive|Time left: 300 sec this turn | 300 sec total | 65 sec grace\n|\n|t:|1783566888\n|switch|p2a: Polteageist|Polteageist-Antique, L78|222/222|[from] Shed Tail\n|move|p1a: Scrafty|Knock Off|p2a: Polteageist\n|-supereffective|p2a: Polteageist\n|-end|p2a: Polteageist|Substitute\n|\n|upkeep\n|turn|2\n|inactive|Time left: 300 sec this turn | 300 sec total\n|\n|t:|1783566889\n|-terastallize|p2a: Polteageist|Fighting\n|move|p2a: Polteageist|Shell Smash|p2a: Polteageist\n|-unboost|p2a: Polteageist|def|1\n|-unboost|p2a: Polteageist|spd|1\n|-boost|p2a: Polteageist|atk|2\n|-boost|p2a: Polteageist|spa|2\n|-boost|p2a: Polteageist|spe|2\n|-enditem|p2a: Polteageist|White Herb\n|-clearnegativeboost|p2a: Polteageist|[silent]\n|move|p1a: Scrafty|Knock Off|p2a: Polteageist\n|-resisted|p2a: Polteageist\n|-damage|p2a: Polteageist|177/222\n|-start|p1a: Scrafty|Disable|Knock Off|[from] ability: Cursed Body|[of] p2a: Polteageist\n|\n|upkeep\n|turn|3\n|inactive|Time left: 300 sec this turn | 300 sec total\n|\n|t:|1783566890\n|switch|p1a: Alcremie|Alcremie-Salted-Cream, L90, F|100/100\n|move|p2a: Polteageist|Tera Blast|p1a: Alcremie|[anim] Tera Blast Fighting\n|-resisted|p1a: Alcremie\n|-damage|p1a: Alcremie|76/100\n|\n|-heal|p1a: Alcremie|82/100|[from] item: Leftovers\n|upkeep\n|turn|4\n|inactive|Time left: 300 sec this turn | 300 sec total\n|\n|t:|1783566891\n|move|p2a: Polteageist|Stored Power|p1a: Alcremie\n|-damage|p1a: Alcremie|24/100\n|move|p1a: Alcremie|Alluring Voice|p2a: Polteageist\n|-supereffective|p2a: Polteageist\n|-damage|p2a: Polteageist|0 fnt\n|faint|p2a: Polteageist\n|\n|-heal|p1a: Alcremie|30/100|[from] item: Leftovers\n|upkeep\n|inactive|Time left: 300 sec this turn | 300 sec total | 5 sec grace\n|\n|t:|1783566892\n|switch|p2a: Klawf|Klawf, L90, M|272/272\n|turn|5\n|inactive|Time left: 300 sec this turn | 300 sec total\n|\n|t:|1783566894\n|switch|p1a: Scrafty|Scrafty, L83, M|100/100\n|-ability|p1a: Scrafty|Intimidate|boost\n|-unboost|p2a: Klawf|atk|1\n|move|p2a: Klawf|Swords Dance|p2a: Klawf\n|-boost|p2a: Klawf|atk|2\n|\n|upkeep\n|turn|6\n|inactive|Time left: 300 sec this turn | 300 sec total\n|\n|t:|1783566895\n|move|p2a: Klawf|Swords Dance|p2a: Klawf\n|-boost|p2a: Klawf|atk|2\n|move|p1a: Scrafty|Dragon Dance|p1a: Scrafty\n|-boost|p1a: Scrafty|atk|1\n|-boost|p1a: Scrafty|spe|1\n|\n|upkeep\n|turn|7\n|inactive|Time left: 300 sec this turn | 300 sec total\n|\n|t:|1783566896\n|move|p1a: Scrafty|Drain Punch|p2a: Klawf\n|-supereffective|p2a: Klawf\n|-damage|p2a: Klawf|92/272\n|-ability|p2a: Klawf|Anger Shell|boost\n|-boost|p2a: Klawf|atk|1\n|-boost|p2a: Klawf|spa|1\n|-boost|p2a: Klawf|spe|1\n|-unboost|p2a: Klawf|def|1\n|-unboost|p2a: Klawf|spd|1\n|-enditem|p2a: Klawf|Sitrus Berry|[eat]\n|-heal|p2a: Klawf|160/272|[from] item: Sitrus Berry\n|move|p2a: Klawf|Crabhammer|p1a: Scrafty\n|-damage|p1a: Scrafty|21/100\n|\n|-heal|p1a: Scrafty|27/100|[from] item: Leftovers\n|upkeep\n|turn|8\n|inactive|Time left: 300 sec this turn | 300 sec total\n|\n|t:|1783566897\n|move|p2a: Klawf|Crabhammer|p1a: Scrafty\n|-damage|p1a: Scrafty|0 fnt\n|faint|p1a: Scrafty\n|\n|upkeep\n|\n|t:|1783566898\n|switch|p1a: Forretress|Forretress, L84, F|100/100\n|turn|9\n|inactive|Time left: 300 sec this turn | 300 sec total\n|\n|t:|1783566899\n|move|p2a: Klawf|Knock Off|p1a: Forretress\n|-damage|p1a: Forretress|36/100\n|-enditem|p1a: Forretress|Leftovers|[from] move: Knock Off|[of] p2a: Klawf\n|move|p1a: Forretress|Iron Head|p2a: Klawf\n|-supereffective|p2a: Klawf\n|-damage|p2a: Klawf|0 fnt\n|faint|p2a: Klawf\n|\n|upkeep\n|inactive|Time left: 300 sec this turn | 300 sec total | 5 sec grace\n|\n|t:|1783566900\n|switch|p2a: Oinkologne|Oinkologne, L92, M|352/352\n|turn|10\n|inactive|Time left: 300 sec this turn | 300 sec total\n|\n|t:|1783566901\n|switch|p1a: Bronzong|Bronzong, L88|100/100\n|move|p2a: Oinkologne|High Horsepower|p1a: Bronzong\n|-immune|p1a: Bronzong|[from] ability: Levitate\n|\n|upkeep\n|turn|11\n|inactive|Time left: 300 sec this turn | 300 sec total\n|\n|t:|1783566902\n|move|p2a: Oinkologne|Curse|p2a: Oinkologne\n|-unboost|p2a: Oinkologne|spe|1\n|-boost|p2a: Oinkologne|atk|1\n|-boost|p2a: Oinkologne|def|1\n|move|p1a: Bronzong|Body Press|p2a: Oinkologne\n|-supereffective|p2a: Oinkologne\n|-damage|p2a: Oinkologne|252/352\n|\n|-heal|p2a: Oinkologne|274/352|[from] item: Leftovers\n|upkeep\n|turn|12\n|inactive|Time left: 300 sec this turn | 300 sec total\n|\n|t:|1783566903\n|move|p2a: Oinkologne|Lash Out|p1a: Bronzong\n|-supereffective|p1a: Bronzong\n|-damage|p1a: Bronzong|43/100\n|move|p1a: Bronzong|Iron Defense|p1a: Bronzong\n|-boost|p1a: Bronzong|def|2\n|\n|-heal|p2a: Oinkologne|296/352|[from] item: Leftovers\n|-heal|p1a: Bronzong|49/100|[from] item: Leftovers\n|upkeep\n|turn|13\n|inactive|Time left: 300 sec this turn | 300 sec total\n|\n|t:|1783566904\n|-terastallize|p1a: Bronzong|Fighting\n|move|p2a: Oinkologne|Body Slam|p1a: Bronzong\n|-damage|p1a: Bronzong|23/100\n|move|p1a: Bronzong|Body Press|p2a: Oinkologne\n|-supereffective|p2a: Oinkologne\n|-damage|p2a: Oinkologne|14/352\n|\n|-heal|p2a: Oinkologne|36/352|[from] item: Leftovers\n|-heal|p1a: Bronzong|29/100|[from] item: Leftovers\n|upkeep\n|turn|14\n|inactive|Time left: 300 sec this turn | 300 sec total\n|\n|t:|1783566905\n|move|p2a: Oinkologne|Body Slam|p1a: Bronzong\n|-damage|p1a: Bronzong|4/100\n|move|p1a: Bronzong|Psychic Noise|p2a: Oinkologne\n|-damage|p2a: Oinkologne|0 fnt\n|faint|p2a: Oinkologne\n|\n|-heal|p1a: Bronzong|10/100|[from] item: Leftovers\n|upkeep\n|inactive|Time left: 300 sec this turn | 300 sec total | 5 sec grace\n|\n|t:|1783566906\n|switch|p2a: Altaria|Altaria, L89, F|278/278\n|turn|15\n|inactive|Time left: 300 sec this turn | 300 sec total\n|\n|t:|1783566907\n|switch|p1a: Arceus|Arceus, L68|100/100\n|move|p2a: Altaria|Brave Bird|p1a: Arceus\n|-damage|p1a: Arceus|65/100\n|-damage|p2a: Altaria|245/278|[from] Recoil\n|\n|upkeep\n|turn|16\n|inactive|Time left: 300 sec this turn | 300 sec total\n|\n|t:|1783566908\n|move|p1a: Arceus|Swords Dance|p1a: Arceus\n|-boost|p1a: Arceus|atk|2\n|move|p2a: Altaria|Will-O-Wisp|p1a: Arceus\n|-status|p1a: Arceus|brn\n|\n|-damage|p1a: Arceus|58/100 brn|[from] brn\n|upkeep\n|turn|17\n|inactive|Time left: 300 sec this turn | 300 sec total\n|\n|t:|1783566909\n|move|p1a: Arceus|Recover|p1a: Arceus\n|-heal|p1a: Arceus|100/100 brn\n|move|p2a: Altaria|Brave Bird|p1a: Arceus\n|-damage|p1a: Arceus|62/100 brn\n|-damage|p2a: Altaria|210/278|[from] Recoil\n|\n|-damage|p1a: Arceus|56/100 brn|[from] brn\n|upkeep\n|turn|18\n|inactive|Time left: 300 sec this turn | 300 sec total\n|\n|t:|1783566910\n|move|p1a: Arceus|Recover|p1a: Arceus\n|-heal|p1a: Arceus|100/100 brn\n|move|p2a: Altaria|Brave Bird|p1a: Arceus\n|-damage|p1a: Arceus|58/100 brn\n|-damage|p2a: Altaria|171/278|[from] Recoil\n|\n|-damage|p1a: Arceus|52/100 brn|[from] brn\n|upkeep\n|turn|19\n|inactive|Time left: 300 sec this turn | 300 sec total\n|\n|t:|1783566911\n|move|p1a: Arceus|Recover|p1a: Arceus\n|-heal|p1a: Arceus|100/100 brn\n|move|p2a: Altaria|Roost|p2a: Altaria\n|-heal|p2a: Altaria|278/278\n|-singleturn|p2a: Altaria|move: Roost\n|\n|-damage|p1a: Arceus|94/100 brn|[from] brn\n|upkeep\n|turn|20\n|inactive|Time left: 300 sec this turn | 300 sec total\n|\n|t:|1783566913\n|move|p1a: Arceus|Extreme Speed|p2a: Altaria\n|-damage|p2a: Altaria|192/278\n|-damage|p1a: Arceus|85/100 brn|[from] item: Life Orb\n|move|p2a: Altaria|Brave Bird|p1a: Arceus\n|-damage|p1a: Arceus|47/100 brn\n|-damage|p2a: Altaria|157/278|[from] Recoil\n|\n|-damage|p1a: Arceus|40/100 brn|[from] brn\n|upkeep\n|turn|21\n|inactive|Time left: 300 sec this turn | 300 sec total\n|\n|t:|1783566914\n|move|p1a: Arceus|Recover|p1a: Arceus\n|-heal|p1a: Arceus|90/100 brn\n|move|p2a: Altaria|Roost|p2a: Altaria\n|-heal|p2a: Altaria|278/278\n|-singleturn|p2a: Altaria|move: Roost\n|\n|-damage|p1a: Arceus|84/100 brn|[from] brn\n|upkeep\n|turn|22\n|inactive|Time left: 300 sec this turn | 300 sec total\n|\n|t:|1783566915\n|move|p1a: Arceus|Swords Dance|p1a: Arceus\n|-boost|p1a: Arceus|atk|2\n|move|p2a: Altaria|Brave Bird|p1a: Arceus\n|-damage|p1a: Arceus|46/100 brn\n|-damage|p2a: Altaria|243/278|[from] Recoil\n|\n|-damage|p1a: Arceus|40/100 brn|[from] brn\n|upkeep\n|turn|23\n|inactive|Time left: 300 sec this turn | 300 sec total\n|\n|t:|1783566916\n|move|p1a: Arceus|Recover|p1a: Arceus\n|-heal|p1a: Arceus|90/100 brn\n|move|p2a: Altaria|Brave Bird|p1a: Arceus\n|-damage|p1a: Arceus|48/100 brn\n|-damage|p2a: Altaria|205/278|[from] Recoil\n|\n|-damage|p1a: Arceus|42/100 brn|[from] brn\n|upkeep\n|turn|24\n|inactive|Time left: 300 sec this turn | 300 sec total\n|\n|t:|1783566917\n|move|p1a: Arceus|Recover|p1a: Arceus\n|-heal|p1a: Arceus|92/100 brn\n|move|p2a: Altaria|Brave Bird|p1a: Arceus\n|-damage|p1a: Arceus|54/100 brn\n|-damage|p2a: Altaria|170/278|[from] Recoil\n|\n|-damage|p1a: Arceus|48/100 brn|[from] brn\n|upkeep\n|turn|25\n|inactive|Time left: 300 sec this turn | 300 sec total\n|\n|t:|1783566918\n|move|p1a: Arceus|Recover|p1a: Arceus\n|-heal|p1a: Arceus|98/100 brn\n|move|p2a: Altaria|Roost|p2a: Altaria\n|-heal|p2a: Altaria|278/278\n|-singleturn|p2a: Altaria|move: Roost\n|\n|-damage|p1a: Arceus|92/100 brn|[from] brn\n|upkeep\n|turn|26\n|inactive|Time left: 300 sec this turn | 300 sec total\n|\n|t:|1783566919\n|move|p1a: Arceus|Extreme Speed|p2a: Altaria\n|-damage|p2a: Altaria|149/278\n|-damage|p1a: Arceus|82/100 brn|[from] item: Life Orb\n|move|p2a: Altaria|Haze|p2a: Altaria\n|-clearallboost\n|\n|-damage|p1a: Arceus|76/100 brn|[from] brn\n|upkeep\n|turn|27\n|inactive|Time left: 300 sec this turn | 300 sec total\n|\n|t:|1783566920\n|move|p1a: Arceus|Swords Dance|p1a: Arceus\n|-boost|p1a: Arceus|atk|2\n|move|p2a: Altaria|Roost|p2a: Altaria\n|-heal|p2a: Altaria|278/278\n|-singleturn|p2a: Altaria|move: Roost\n|\n|-damage|p1a: Arceus|70/100 brn|[from] brn\n|upkeep\n|turn|28\n|inactive|Time left: 300 sec this turn | 300 sec total\n|\n|t:|1783566921\n|move|p1a: Arceus|Extreme Speed|p2a: Altaria\n|-damage|p2a: Altaria|190/278\n|-damage|p1a: Arceus|60/100 brn|[from] item: Life Orb\n|move|p2a: Altaria|Brave Bird|p1a: Arceus\n|-damage|p1a: Arceus|20/100 brn\n|-damage|p2a: Altaria|154/278|[from] Recoil\n|\n|-damage|p1a: Arceus|14/100 brn|[from] brn\n|upkeep\n|turn|29\n|inactive|Time left: 300 sec this turn | 300 sec total\n|\n|t:|1783566922\n|move|p1a: Arceus|Recover|p1a: Arceus\n|-heal|p1a: Arceus|64/100 brn\n|move|p2a: Altaria|Roost|p2a: Altaria\n|-heal|p2a: Altaria|278/278\n|-singleturn|p2a: Altaria|move: Roost\n|\n|-damage|p1a: Arceus|58/100 brn|[from] brn\n|upkeep\n|turn|30\n|inactive|Time left: 300 sec this turn | 300 sec total\n|\n|t:|1783566923\n|move|p1a: Arceus|Extreme Speed|p2a: Altaria\n|-damage|p2a: Altaria|191/278\n|-damage|p1a: Arceus|48/100 brn|[from] item: Life Orb\n|move|p2a: Altaria|Brave Bird|p1a: Arceus\n|-damage|p1a: Arceus|11/100 brn\n|-damage|p2a: Altaria|157/278|[from] Recoil\n|\n|-damage|p1a: Arceus|5/100 brn|[from] brn\n|upkeep\n|turn|31\n|inactive|Time left: 300 sec this turn | 300 sec total\n|\n|t:|1783566924\n|move|p1a: Arceus|Extreme Speed|p2a: Altaria\n|-damage|p2a: Altaria|71/278\n|-damage|p1a: Arceus|0 fnt|[from] item: Life Orb\n|faint|p1a: Arceus\n|move|p2a: Altaria|Roost|p2a: Altaria\n|-heal|p2a: Altaria|210/278\n|-singleturn|p2a: Altaria|move: Roost\n|\n|upkeep\n|\n|t:|1783566925\n|switch|p1a: Forretress|Forretress, L84, F|36/100\n|turn|32\n|inactive|Time left: 300 sec this turn | 300 sec total\n|\n|t:|1783566926\n|move|p2a: Altaria|Brave Bird|p1a: Forretress\n|-damage|p1a: Forretress|6/100\n|-damage|p2a: Altaria|184/278|[from] Recoil\n|move|p1a: Forretress|Iron Head|p2a: Altaria\n|-damage|p2a: Altaria|112/278\n|\n|upkeep\n|turn|33\n|inactive|Time left: 300 sec this turn | 300 sec total\n|\n|t:|1783566927\n|move|p2a: Altaria|Roost|p2a: Altaria\n|-heal|p2a: Altaria|251/278\n|-singleturn|p2a: Altaria|move: Roost\n|move|p1a: Forretress|Iron Head|p2a: Altaria\n|-damage|p2a: Altaria|179/278\n|\n|upkeep\n|turn|34\n|inactive|Time left: 300 sec this turn | 300 sec total\n|\n|t:|1783566928\n|move|p2a: Altaria|Brave Bird|p1a: Forretress\n|-damage|p1a: Forretress|0 fnt\n|faint|p1a: Forretress\n|-damage|p2a: Altaria|174/278|[from] Recoil\n|\n|upkeep\n|\n|t:|1783566928\n|switch|p1a: Flamigo|Flamigo, L82, M|100/100\n|turn|35\n|inactive|Time left: 300 sec this turn | 300 sec total\n|\n|t:|1783566929\n|move|p1a: Flamigo|Brave Bird|p2a: Altaria\n|-damage|p2a: Altaria|5/278\n|-damage|p1a: Flamigo|80/100|[from] Recoil\n|-damage|p1a: Flamigo|70/100|[from] item: Life Orb\n|move|p2a: Altaria|Roost|p2a: Altaria\n|-heal|p2a: Altaria|144/278\n|-singleturn|p2a: Altaria|move: Roost\n|\n|upkeep\n|turn|36\n|inactive|Time left: 300 sec this turn | 300 sec total\n|\n|t:|1783566930\n|move|p1a: Flamigo|Brave Bird|p2a: Altaria\n|-damage|p2a: Altaria|0 fnt\n|faint|p2a: Altaria\n|-damage|p1a: Flamigo|52/100|[from] Recoil\n|-damage|p1a: Flamigo|43/100|[from] item: Life Orb\n|\n|upkeep\n|inactive|Time left: 300 sec this turn | 300 sec total | 5 sec grace\n|\n|t:|1783566931\n|switch|p2a: Cyclizar|Cyclizar, L84, M|212/255\n|turn|37\n|inactive|Time left: 300 sec this turn | 300 sec total\n|\n|t:|1783566932\n|switch|p1a: Alcremie|Alcremie-Salted-Cream, L90, F|30/100\n|move|p2a: Cyclizar|Shed Tail|p2a: Cyclizar\n|-start|p2a: Cyclizar|Substitute|[from] move: Shed Tail\n|-damage|p2a: Cyclizar|84/255\n|inactive|Time left: 300 sec this turn | 300 sec total | 5 sec grace\n|\n|t:|1783566933\n|switch|p2a: Klefki|Klefki, L84, F|233/233|[from] Shed Tail\n|\n|-heal|p1a: Alcremie|36/100|[from] item: Leftovers\n|upkeep\n|turn|38\n|inactive|Time left: 300 sec this turn | 300 sec total\n|\n|t:|1783566933\n|move|p2a: Klefki|Thunder Wave|p1a: Alcremie\n|-status|p1a: Alcremie|par\n|move|p1a: Alcremie|Calm Mind|p1a: Alcremie\n|-boost|p1a: Alcremie|spa|1\n|-boost|p1a: Alcremie|spd|1\n|\n|-heal|p1a: Alcremie|42/100 par|[from] item: Leftovers\n|upkeep\n|turn|39\n|inactive|Time left: 300 sec this turn | 300 sec total\n|\n|t:|1783566934\n|move|p2a: Klefki|Dazzling Gleam|p1a: Alcremie\n|-damage|p1a: Alcremie|27/100 par\n|move|p1a: Alcremie|Calm Mind|p1a: Alcremie\n|-boost|p1a: Alcremie|spa|1\n|-boost|p1a: Alcremie|spd|1\n|\n|-heal|p1a: Alcremie|34/100 par|[from] item: Leftovers\n|upkeep\n|turn|40\n|inactive|Time left: 300 sec this turn | 300 sec total\n|\n|t:|1783566935\n|move|p2a: Klefki|Foul Play|p1a: Alcremie\n|-resisted|p1a: Alcremie\n|-damage|p1a: Alcremie|26/100 par\n|move|p1a: Alcremie|Recover|p1a: Alcremie\n|-heal|p1a: Alcremie|76/100 par\n|\n|-heal|p1a: Alcremie|82/100 par|[from] item: Leftovers\n|upkeep\n|turn|41\n|inactive|Time left: 300 sec this turn | 300 sec total\n|\n|t:|1783566936\n|move|p2a: Klefki|Spikes|p1a: Alcremie\n|-sidestart|p1: p0x24046024|Spikes\n|move|p1a: Alcremie|Alluring Voice|p2a: Klefki\n|-resisted|p2a: Klefki\n|-damage|p2a: Klefki|131/233\n|\n|-heal|p2a: Klefki|145/233|[from] item: Leftovers\n|-heal|p1a: Alcremie|88/100 par|[from] item: Leftovers\n|upkeep\n|turn|42\n|inactive|Time left: 300 sec this turn | 300 sec total\n|\n|t:|1783566937\n|move|p2a: Klefki|Foul Play|p1a: Alcremie\n|-resisted|p1a: Alcremie\n|-damage|p1a: Alcremie|81/100 par\n|move|p1a: Alcremie|Alluring Voice|p2a: Klefki\n|-resisted|p2a: Klefki\n|-damage|p2a: Klefki|27/233\n|\n|-heal|p2a: Klefki|41/233|[from] item: Leftovers\n|-heal|p1a: Alcremie|87/100 par|[from] item: Leftovers\n|upkeep\n|turn|43\n|inactive|Time left: 300 sec this turn | 300 sec total\n|\n|t:|1783566938\n|move|p2a: Klefki|Dazzling Gleam|p1a: Alcremie\n|-damage|p1a: Alcremie|77/100 par\n|move|p1a: Alcremie|Alluring Voice|p2a: Klefki\n|-resisted|p2a: Klefki\n|-damage|p2a: Klefki|0 fnt\n|faint|p2a: Klefki\n|\n|-heal|p1a: Alcremie|83/100 par|[from] item: Leftovers\n|upkeep\n|inactive|Time left: 300 sec this turn | 300 sec total | 5 sec grace\n|\n|t:|1783566939\n|switch|p2a: Cyclizar|Cyclizar, L84, M|169/255\n|turn|44\n|inactive|Time left: 300 sec this turn | 300 sec total\n|\n|t:|1783566939\n|move|p2a: Cyclizar|Draco Meteor|p1a: Alcremie\n|-immune|p1a: Alcremie\n|move|p1a: Alcremie|Alluring Voice|p2a: Cyclizar\n|-supereffective|p2a: Cyclizar\n|-damage|p2a: Cyclizar|0 fnt\n|faint|p2a: Cyclizar\n|\n|win|p0x24046024", "uploadtime": 1783566939, "views": 0, "rating": 0, "private": 0, "password": null, "_winner": "p0x24046024", "_our_name": "p0y240450d9"}