{"id": "battle-gen9randombattle-2478", "formatid": "gen9randombattle", "format": "[Gen 9] Random Battle", "players": ["p0x2478b052", "p0y24788a56"], "log": "|init|battle\n|title|p0x2478b052 vs. p0y24788a56\n|j|\u2606p0x2478b052\n|j|\u2606p0y24788a56\n|t:|1783567765\n|gametype|singles\n|player|p1|p0x2478b052|170|\n|player|p2|p0y24788a56|2|\n|gen|9\n|tier|[Gen 9] Random Battle\n|rule|Species Clause: Limit one of each Pok\u00e9mon\n|rule|HP Percentage Mod: HP is shown in percentages\n|rule|Sleep Clause Mod: Limit one foe put to sleep\n|rule|Illusion Level Mod: Illusion disguises the Pok\u00e9mon's true level\n|\n|t:|1783567765\n|teamsize|p1|6\n|teamsize|p2|6\n|start\n|switch|p1a: Pawmot|Pawmot, L80, F|100/100\n|switch|p2a: Muk|Muk, L86, M|321/321\n|turn|1\n|inactive|Battle timer is ON: inactive players will automatically lose when time's up. (requested by p0x2478b052)\n|inactive|Time left: 300 sec this turn | 300 sec total | 60 sec grace\n|inactive|p0y24788a56 also wants the timer to be on.\n|\n|t:|1783567767\n|move|p1a: Pawmot|Double Shock|p2a: Muk\n|-damage|p2a: Muk|167/321\n|-start|p1a: Pawmot|typechange|???/Fighting|[from] move: Double Shock\n|move|p2a: Muk|Poison Jab|p1a: Pawmot\n|-damage|p1a: Pawmot|54/100\n|-status|p1a: Pawmot|psn\n|\n|-damage|p1a: Pawmot|42/100 psn|[from] psn\n|upkeep\n|turn|2\n|inactive|Time left: 300 sec this turn | 300 sec total\n|\n|t:|1783567768\n|move|p1a: Pawmot|Nuzzle|p2a: Muk\n|-damage|p2a: Muk|150/321\n|-status|p2a: Muk|par\n|move|p2a: Muk|Poison Jab|p1a: Pawmot\n|-damage|p1a: Pawmot|0 fnt\n|faint|p1a: Pawmot\n|\n|upkeep\n|\n|t:|1783567769\n|switch|p1a: Entei|Entei, L78|100/100\n|turn|3\n|inactive|Time left: 300 sec this turn | 300 sec total\n|\n|t:|1783567771\n|switch|p2a: Glimmora|Glimmora, L75, F|248/248\n|move|p1a: Entei|Sacred Fire|p2a: Glimmora\n|-resisted|p2a: Glimmora\n|-damage|p2a: Glimmora|161/248\n|-status|p2a: Glimmora|brn\n|-activate|p2a: Glimmora|ability: Toxic Debris\n|-sidestart|p1: p0x2478b052|move: Toxic Spikes\n|\n|-damage|p2a: Glimmora|146/248 brn|[from] brn\n|upkeep\n|turn|4\n|inactive|Time left: 300 sec this turn | 300 sec total\n|\n|t:|1783567772\n|move|p1a: Entei|Sacred Fire|p2a: Glimmora\n|-resisted|p2a: Glimmora\n|-damage|p2a: Glimmora|53/248 brn\n|-activate|p2a: Glimmora|ability: Toxic Debris\n|-sidestart|p1: p0x2478b052|move: Toxic Spikes\n|move|p2a: Glimmora|Meteor Beam||[still]\n|-prepare|p2a: Glimmora|Meteor Beam\n|-boost|p2a: Glimmora|spa|1\n|-enditem|p2a: Glimmora|Power Herb\n|-anim|p2a: Glimmora|Meteor Beam|p1a: Entei\n|-supereffective|p1a: Entei\n|-damage|p1a: Entei|0 fnt\n|faint|p1a: Entei\n|\n|-damage|p2a: Glimmora|38/248 brn|[from] brn\n|upkeep\n|\n|t:|1783567773\n|switch|p1a: Ribombee|Ribombee, L83, M|100/100\n|turn|5\n|inactive|Time left: 300 sec this turn | 300 sec total\n|\n|t:|1783567774\n|move|p1a: Ribombee|Moonblast|p2a: Glimmora\n|-resisted|p2a: Glimmora\n|-damage|p2a: Glimmora|0 fnt\n|faint|p2a: Glimmora\n|\n|upkeep\n|inactive|Time left: 300 sec this turn | 300 sec total | 5 sec grace\n|\n|t:|1783567775\n|switch|p2a: Ninetales|Ninetales-Alola, L78, M|242/242\n|-weather|Snowscape|[from] ability: Snow Warning|[of] p2a: Ninetales\n|turn|6\n|inactive|Time left: 300 sec this turn | 300 sec total\n|\n|t:|1783567776\n|move|p1a: Ribombee|Quiver Dance|p1a: Ribombee\n|-boost|p1a: Ribombee|spa|1\n|-boost|p1a: Ribombee|spd|1\n|-boost|p1a: Ribombee|spe|1\n|move|p2a: Ninetales|Aurora Veil|p2a: Ninetales\n|-sidestart|p2: p0y24788a56|move: Aurora Veil\n|\n|-weather|Snowscape|[upkeep]\n|upkeep\n|turn|7\n|inactive|Time left: 300 sec this turn | 300 sec total\n|\n|t:|1783567777\n|switch|p2a: Furret|Furret, L94, F|312/312\n|-item|p1a: Ribombee|Heavy-Duty Boots|[from] ability: Frisk|[of] p2a: Furret\n|move|p1a: Ribombee|Quiver Dance|p1a: Ribombee\n|-boost|p1a: Ribombee|spa|1\n|-boost|p1a: Ribombee|spd|1\n|-boost|p1a: Ribombee|spe|1\n|\n|-weather|Snowscape|[upkeep]\n|upkeep\n|turn|8\n|inactive|Time left: 300 sec this turn | 300 sec total\n|\n|t:|1783567778\n|-terastallize|p2a: Furret|Normal\n|move|p1a: Ribombee|Moonblast|p2a: Furret\n|-damage|p2a: Furret|181/312\n|-unboost|p2a: Furret|spa|1\n|move|p2a: Furret|Double-Edge|p1a: Ribombee\n|-damage|p1a: Ribombee|0 fnt\n|faint|p1a: Ribombee\n|-damage|p2a: Furret|103/312|[from] Recoil\n|-damage|p2a: Furret|72/312|[from] item: Life Orb\n|\n|-weather|Snowscape|[upkeep]\n|upkeep\n|\n|t:|1783567779\n|switch|p1a: Toucannon|Toucannon, L88, M|100/100\n|turn|9\n|inactive|Time left: 300 sec this turn | 300 sec total\n|\n|t:|1783567780\n|move|p2a: Furret|Double-Edge|p1a: Toucannon\n|-damage|p1a: Toucannon|18/100\n|-damage|p2a: Furret|0 fnt|[from] Recoil\n|faint|p2a: Furret\n|move|p1a: Toucannon|Roost|p1a: Toucannon\n|-heal|p1a: Toucannon|68/100\n|-singleturn|p1a: Toucannon|move: Roost\n|\n|-weather|Snowscape|[upkeep]\n|upkeep\n|inactive|Time left: 300 sec this turn | 300 sec total | 5 sec grace\n|\n|t:|1783567781\n|switch|p2a: Kyurem|Kyurem, L77|319/319\n|-ability|p2a: Kyurem|Pressure\n|turn|10\n|inactive|Time left: 300 sec this turn | 300 sec total\n|\n|t:|1783567782\n|-terastallize|p1a: Toucannon|Steel\n|move|p2a: Kyurem|Dragon Dance|p2a: Kyurem\n|-boost|p2a: Kyurem|atk|1\n|-boost|p2a: Kyurem|spe|1\n|move|p1a: Toucannon|Roost|p1a: Toucannon\n|-heal|p1a: Toucannon|100/100\n|\n|-weather|none\n|upkeep\n|turn|11\n|inactive|Time left: 300 sec this turn | 300 sec total\n|\n|t:|1783567782\n|move|p2a: Kyurem|Dragon Dance|p2a: Kyurem\n|-boost|p2a: Kyurem|atk|1\n|-boost|p2a: Kyurem|spe|1\n|move|p1a: Toucannon|Knock Off|p2a: Kyurem\n|-damage|p2a: Kyurem|275/319\n|-enditem|p2a: Kyurem|Loaded Dice|[from] move: Knock Off|[of] p1a: Toucannon\n|\n|upkeep\n|turn|12\n|inactive|Time left: 300 sec this turn | 300 sec total\n|\n|t:|1783567783\n|-singleturn|p1a: Toucannon|move: Beak Blast\n|move|p2a: Kyurem|Icicle Spear|p1a: Toucannon\n|-resisted|p1a: Toucannon\n|-damage|p1a: Toucannon|90/100\n|-resisted|p1a: Toucannon\n|-damage|p1a: Toucannon|80/100\n|-hitcount|p1a: Toucannon|2\n|move|p1a: Toucannon|Beak Blast|p2a: Kyurem\n|-damage|p2a: Kyurem|199/319\n|\n|upkeep\n|turn|13\n|inactive|Time left: 300 sec this turn | 300 sec total\n|\n|t:|1783567784\n|-singleturn|p1a: Toucannon|move: Beak Blast\n|move|p2a: Kyurem|Icicle Spear|p1a: Toucannon\n|-resisted|p1a: Toucannon\n|-damage|p1a: Toucannon|69/100\n|-resisted|p1a: Toucannon\n|-damage|p1a: Toucannon|58/100\n|-hitcount|p1a: Toucannon|2\n|move|p1a: Toucannon|Beak Blast|p2a: Kyurem\n|-damage|p2a: Kyurem|128/319\n|\n|-sideend|p2: p0y24788a56|move: Aurora Veil\n|upkeep\n|turn|14\n|inactive|Time left: 300 sec this turn | 300 sec total\n|\n|t:|1783567785\n|move|p2a: Kyurem|Icicle Spear|p1a: Toucannon\n|-resisted|p1a: Toucannon\n|-damage|p1a: Toucannon|47/100\n|-resisted|p1a: Toucannon\n|-damage|p1a: Toucannon|37/100\n|-resisted|p1a: Toucannon\n|-damage|p1a: Toucannon|26/100\n|-hitcount|p1a: Toucannon|3\n|move|p1a: Toucannon|Boomburst|p2a: Kyurem\n|-damage|p2a: Kyurem|0 fnt\n|faint|p2a: Kyurem\n|\n|upkeep\n|inactive|Time left: 300 sec this turn | 300 sec total | 5 sec grace\n|\n|t:|1783567786\n|switch|p2a: Toedscruel|Toedscruel, L87, M|281/281\n|turn|15\n|inactive|Time left: 300 sec this turn | 300 sec total\n|\n|t:|1783567786\n|switch|p1a: Hydreigon|Hydreigon, L79, M|100/100\n|move|p2a: Toedscruel|Earth Power|p1a: Hydreigon\n|-immune|p1a: Hydreigon|[from] ability: Levitate\n|\n|upkeep\n|turn|16\n|inactive|Time left: 300 sec this turn | 300 sec total\n|\n|t:|1783567787\n|move|p1a: Hydreigon|Fire Blast|p2a: Toedscruel|[miss]\n|-miss|p1a: Hydreigon|p2a: Toedscruel\n|move|p2a: Toedscruel|Toxic|p1a: Hydreigon\n|-status|p1a: Hydreigon|tox\n|\n|-damage|p1a: Hydreigon|94/100 tox|[from] psn\n|upkeep\n|turn|17\n|inactive|Time left: 300 sec this turn | 300 sec total\n|\n|t:|1783567788\n|move|p1a: Hydreigon|Fire Blast|p2a: Toedscruel\n|-supereffective|p2a: Toedscruel\n|-damage|p2a: Toedscruel|157/281\n|-status|p2a: Toedscruel|brn\n|move|p2a: Toedscruel|Earth Power|p1a: Hydreigon\n|-immune|p1a: Hydreigon|[from] ability: Levitate\n|\n|-heal|p2a: Toedscruel|174/281 brn|[from] item: Leftovers\n|-damage|p1a: Hydreigon|82/100 tox|[from] psn\n|-damage|p2a: Toedscruel|157/281 brn|[from] brn\n|upkeep\n|turn|18\n|inactive|Time left: 300 sec this turn | 300 sec total\n|\n|t:|1783567789\n|move|p1a: Hydreigon|Fire Blast|p2a: Toedscruel|[miss]\n|-miss|p1a: Hydreigon|p2a: Toedscruel\n|move|p2a: Toedscruel|Giga Drain|p1a: Hydreigon\n|-resisted|p1a: Hydreigon\n|-damage|p1a: Hydreigon|69/100 tox\n|-heal|p2a: Toedscruel|175/281 brn|[from] drain|[of] p1a: Hydreigon\n|\n|-heal|p2a: Toedscruel|192/281 brn|[from] item: Leftovers\n|-damage|p1a: Hydreigon|50/100 tox|[from] psn\n|-damage|p2a: Toedscruel|175/281 brn|[from] brn\n|upkeep\n|turn|19\n|inactive|Time left: 300 sec this turn | 300 sec total\n|\n|t:|1783567790\n|move|p1a: Hydreigon|Fire Blast|p2a: Toedscruel\n|-supereffective|p2a: Toedscruel\n|-damage|p2a: Toedscruel|53/281 brn\n|move|p2a: Toedscruel|Earth Power|p1a: Hydreigon\n|-immune|p1a: Hydreigon|[from] ability: Levitate\n|\n|-heal|p2a: Toedscruel|70/281 brn|[from] item: Leftovers\n|-damage|p1a: Hydreigon|26/100 tox|[from] psn\n|-damage|p2a: Toedscruel|53/281 brn|[from] brn\n|upkeep\n|turn|20\n|inactive|Time left: 300 sec this turn | 300 sec total\n|\n|t:|1783567791\n|move|p1a: Hydreigon|Fire Blast|p2a: Toedscruel\n|-supereffective|p2a: Toedscruel\n|-damage|p2a: Toedscruel|0 fnt\n|faint|p2a: Toedscruel\n|\n|-damage|p1a: Hydreigon|0 fnt|[from] psn\n|faint|p1a: Hydreigon\n|upkeep\n|inactive|Time left: 300 sec this turn | 300 sec total | 5 sec grace\n|\n|t:|1783567792\n|switch|p2a: Ninetales|Ninetales-Alola, L78, M|242/242\n|switch|p1a: Toucannon|Toucannon, L88, M, tera:Steel|26/100\n|-weather|Snowscape|[from] ability: Snow Warning|[of] p2a: Ninetales\n|turn|21\n|inactive|Time left: 300 sec this turn | 300 sec total\n|\n|t:|1783567793\n|move|p2a: Ninetales|Moonblast|p1a: Toucannon\n|-resisted|p1a: Toucannon\n|-damage|p1a: Toucannon|11/100\n|-unboost|p1a: Toucannon|spa|1\n|move|p1a: Toucannon|Roost|p1a: Toucannon\n|-heal|p1a: Toucannon|61/100\n|\n|-weather|Snowscape|[upkeep]\n|upkeep\n|turn|22\n|inactive|Time left: 300 sec this turn | 300 sec total\n|\n|t:|1783567794\n|-singleturn|p1a: Toucannon|move: Beak Blast\n|move|p2a: Ninetales|Aurora Veil|p2a: Ninetales\n|-sidestart|p2: p0y24788a56|move: Aurora Veil\n|move|p1a: Toucannon|Beak Blast|p2a: Ninetales\n|-damage|p2a: Ninetales|188/242\n|\n|-weather|Snowscape|[upkeep]\n|upkeep\n|turn|23\n|inactive|Time left: 300 sec this turn | 300 sec total\n|\n|t:|1783567795\n|move|p2a: Ninetales|Moonblast|p1a: Toucannon\n|-resisted|p1a: Toucannon\n|-damage|p1a: Toucannon|48/100\n|move|p1a: Toucannon|Roost|p1a: Toucannon\n|-heal|p1a: Toucannon|98/100\n|\n|-weather|Snowscape|[upkeep]\n|upkeep\n|turn|24\n|inactive|Time left: 300 sec this turn | 300 sec total\n|\n|t:|1783567796\n|switch|p2a: Muk|Muk, L86, M|150/321 par\n|-singleturn|p1a: Toucannon|move: Beak Blast\n|move|p1a: Toucannon|Beak Blast|p2a: Muk\n|-damage|p2a: Muk|68/321 par\n|\n|-weather|Snowscape|[upkeep]\n|upkeep\n|turn|25\n|inactive|Time left: 300 sec this turn | 300 sec total\n|\n|t:|1783567797\n|move|p1a: Toucannon|Knock Off|p2a: Muk\n|-damage|p2a: Muk|23/321 par\n|-enditem|p2a: Muk|Assault Vest|[from] move: Knock Off|[of] p1a: Toucannon\n|move|p2a: Muk|Knock Off|p1a: Toucannon\n|-damage|p1a: Toucannon|69/100\n|-enditem|p1a: Toucannon|Heavy-Duty Boots|[from] move: Knock Off|[of] p2a: Muk\n|\n|-weather|none\n|upkeep\n|turn|26\n|inactive|Time left: 300 sec this turn | 300 sec total\n|\n|t:|1783567798\n|move|p1a: Toucannon|Roost|p1a: Toucannon\n|-heal|p1a: Toucannon|100/100\n|cant|p2a: Muk|par\n|\n|upkeep\n|turn|27\n|inactive|Time left: 300 sec this turn | 300 sec total\n|\n|t:|1783567799\n|-singleturn|p1a: Toucannon|move: Beak Blast\n|move|p2a: Muk|Poison Jab|p1a: Toucannon\n|-immune|p1a: Toucannon\n|move|p1a: Toucannon|Beak Blast|p2a: Muk\n|-damage|p2a: Muk|0 fnt\n|faint|p2a: Muk\n|\n|upkeep\n|inactive|Time left: 300 sec this turn | 300 sec total | 5 sec grace\n|\n|t:|1783567800\n|switch|p2a: Ninetales|Ninetales-Alola, L78, M|188/242\n|-weather|Snowscape|[from] ability: Snow Warning|[of] p2a: Ninetales\n|turn|28\n|inactive|Time left: 300 sec this turn | 300 sec total\n|\n|t:|1783567801\n|-singleturn|p1a: Toucannon|move: Beak Blast\n|move|p2a: Ninetales|Moonblast|p1a: Toucannon\n|-resisted|p1a: Toucannon\n|-crit|p1a: Toucannon\n|-damage|p1a: Toucannon|80/100\n|move|p1a: Toucannon|Beak Blast|p2a: Ninetales\n|-damage|p2a: Ninetales|134/242\n|\n|-weather|Snowscape|[upkeep]\n|upkeep\n|turn|29\n|inactive|Time left: 300 sec this turn | 300 sec total\n|\n|t:|1783567802\n|-singleturn|p1a: Toucannon|move: Beak Blast\n|move|p2a: Ninetales|Blizzard|p1a: Toucannon\n|-resisted|p1a: Toucannon\n|-damage|p1a: Toucannon|63/100\n|move|p1a: Toucannon|Beak Blast|p2a: Ninetales\n|-damage|p2a: Ninetales|74/242\n|\n|-weather|Snowscape|[upkeep]\n|-sideend|p2: p0y24788a56|move: Aurora Veil\n|upkeep\n|turn|30\n|inactive|Time left: 300 sec this turn | 300 sec total\n|\n|t:|1783567803\n|-singleturn|p1a: Toucannon|move: Beak Blast\n|move|p2a: Ninetales|Blizzard|p1a: Toucannon\n|-resisted|p1a: Toucannon\n|-damage|p1a: Toucannon|45/100\n|move|p1a: Toucannon|Beak Blast|p2a: Ninetales\n|-damage|p2a: Ninetales|0 fnt\n|faint|p2a: Ninetales\n|\n|win|p0x2478b052", "uploadtime": 1783567803, "views": 0, "rating": 0, "private": 0, "password": null, "_winner": "p0x2478b052", "_our_name": "p0y24788a56"}