{"id": "battle-gen9randombattle-1566", "formatid": "gen9randombattle", "format": "[Gen 9] Random Battle", "players": ["p0x156650cb", "p0y156621c2"], "log": "|init|battle\n|title|p0x156650cb vs. p0y156621c2\n|j|\u2606p0x156650cb\n|j|\u2606p0y156621c2\n|t:|1783558163\n|gametype|singles\n|player|p1|p0x156650cb|101|\n|player|p2|p0y156621c2|265|\n|gen|9\n|tier|[Gen 9] Random Battle\n|rule|Species Clause: Limit one of each Pok\u00e9mon\n|rule|HP Percentage Mod: HP is shown in percentages\n|rule|Sleep Clause Mod: Limit one foe put to sleep\n|rule|Illusion Level Mod: Illusion disguises the Pok\u00e9mon's true level\n|\n|t:|1783558163\n|teamsize|p1|6\n|teamsize|p2|6\n|start\n|switch|p1a: Weezing|Weezing-Galar, L86, M|252/252\n|switch|p2a: Sableye|Sableye, L88, M|100/100\n|turn|1\n|inactive|Battle timer is ON: inactive players will automatically lose when time's up. (requested by p0y156621c2)\n|inactive|Time left: 300 sec this turn | 300 sec total | 60 sec grace\n|inactive|p0x156650cb also wants the timer to be on.\n|\n|t:|1783558164\n|switch|p2a: Glimmora|Glimmora, L75, M|100/100\n|-item|p2a: Glimmora|Air Balloon\n|move|p1a: Weezing|Strange Steam|p2a: Glimmora\n|-resisted|p2a: Glimmora\n|-damage|p2a: Glimmora|79/100\n|-enditem|p2a: Glimmora|Air Balloon\n|\n|upkeep\n|turn|2\n|inactive|Time left: 300 sec this turn | 300 sec total\n|\n|t:|1783558165\n|move|p2a: Glimmora|Stealth Rock|p1a: Weezing\n|-sidestart|p1: p0x156650cb|move: Stealth Rock\n|move|p1a: Weezing|Strange Steam|p2a: Glimmora\n|-resisted|p2a: Glimmora\n|-damage|p2a: Glimmora|57/100\n|\n|upkeep\n|turn|3\n|inactive|Time left: 300 sec this turn | 300 sec total\n|\n|t:|1783558166\n|move|p2a: Glimmora|Sludge Wave|p1a: Weezing\n|-damage|p1a: Weezing|135/252\n|move|p1a: Weezing|Defog|p2a: Glimmora\n|-unboost|p2a: Glimmora|evasion|1\n|-sideend|p1: p0x156650cb|Stealth Rock|[from] move: Defog|[of] p1a: Weezing\n|\n|-heal|p1a: Weezing|150/252|[from] item: Leftovers\n|upkeep\n|turn|4\n|inactive|Time left: 300 sec this turn | 300 sec total\n|\n|t:|1783558167\n|move|p2a: Glimmora|Power Gem|p1a: Weezing\n|-damage|p1a: Weezing|47/252\n|move|p1a: Weezing|Strange Steam|p2a: Glimmora\n|-resisted|p2a: Glimmora\n|-damage|p2a: Glimmora|36/100\n|\n|-heal|p1a: Weezing|62/252|[from] item: Leftovers\n|upkeep\n|turn|5\n|inactive|Time left: 300 sec this turn | 300 sec total\n|\n|t:|1783558168\n|move|p2a: Glimmora|Stealth Rock|p1a: Weezing\n|-sidestart|p1: p0x156650cb|move: Stealth Rock\n|move|p1a: Weezing|Strange Steam|p2a: Glimmora\n|-resisted|p2a: Glimmora\n|-damage|p2a: Glimmora|13/100\n|\n|-heal|p1a: Weezing|77/252|[from] item: Leftovers\n|upkeep\n|turn|6\n|inactive|Time left: 300 sec this turn | 300 sec total\n|\n|t:|1783558169\n|-terastallize|p1a: Weezing|Steel\n|move|p2a: Glimmora|Power Gem|p1a: Weezing\n|-resisted|p1a: Weezing\n|-damage|p1a: Weezing|27/252\n|move|p1a: Weezing|Defog|p2a: Glimmora\n|-unboost|p2a: Glimmora|evasion|1\n|-sideend|p1: p0x156650cb|Stealth Rock|[from] move: Defog|[of] p1a: Weezing\n|\n|-heal|p1a: Weezing|42/252|[from] item: Leftovers\n|upkeep\n|turn|7\n|inactive|Time left: 300 sec this turn | 300 sec total\n|\n|t:|1783558170\n|move|p2a: Glimmora|Power Gem|p1a: Weezing\n|-resisted|p1a: Weezing\n|-damage|p1a: Weezing|0 fnt\n|faint|p1a: Weezing\n|\n|upkeep\n|inactive|Time left: 300 sec this turn | 300 sec total | 5 sec grace\n|\n|t:|1783558171\n|switch|p1a: Whiscash|Whiscash, L88, F|337/337\n|turn|8\n|inactive|Time left: 300 sec this turn | 300 sec total\n|\n|t:|1783558172\n|move|p2a: Glimmora|Stealth Rock|p1a: Whiscash\n|-sidestart|p1: p0x156650cb|move: Stealth Rock\n|move|p1a: Whiscash|Dragon Dance|p1a: Whiscash\n|-boost|p1a: Whiscash|atk|1\n|-boost|p1a: Whiscash|spe|1\n|\n|upkeep\n|turn|9\n|inactive|Time left: 300 sec this turn | 300 sec total\n|\n|t:|1783558173\n|move|p1a: Whiscash|Dragon Dance|p1a: Whiscash\n|-boost|p1a: Whiscash|atk|1\n|-boost|p1a: Whiscash|spe|1\n|move|p2a: Glimmora|Earth Power|p1a: Whiscash\n|-damage|p1a: Whiscash|265/337\n|\n|upkeep\n|turn|10\n|inactive|Time left: 300 sec this turn | 300 sec total\n|\n|t:|1783558174\n|move|p1a: Whiscash|Dragon Dance|p1a: Whiscash\n|-boost|p1a: Whiscash|atk|1\n|-boost|p1a: Whiscash|spe|1\n|move|p2a: Glimmora|Power Gem|p1a: Whiscash\n|-resisted|p1a: Whiscash\n|-damage|p1a: Whiscash|216/337\n|\n|upkeep\n|turn|11\n|inactive|Time left: 300 sec this turn | 300 sec total\n|\n|t:|1783558175\n|move|p1a: Whiscash|Dragon Dance|p1a: Whiscash\n|-boost|p1a: Whiscash|atk|1\n|-boost|p1a: Whiscash|spe|1\n|move|p2a: Glimmora|Sludge Wave|p1a: Whiscash\n|-resisted|p1a: Whiscash\n|-damage|p1a: Whiscash|153/337\n|\n|upkeep\n|turn|12\n|inactive|Time left: 300 sec this turn | 300 sec total\n|\n|t:|1783558176\n|move|p1a: Whiscash|Liquidation|p2a: Glimmora\n|-supereffective|p2a: Glimmora\n|-damage|p2a: Glimmora|0 fnt\n|-activate|p2a: Glimmora|ability: Toxic Debris\n|-sidestart|p1: p0x156650cb|move: Toxic Spikes\n|faint|p2a: Glimmora\n|-damage|p1a: Whiscash|120/337|[from] item: Life Orb\n|\n|upkeep\n|\n|t:|1783558177\n|switch|p2a: Sableye|Sableye, L88, M|100/100\n|turn|13\n|inactive|Time left: 300 sec this turn | 300 sec total\n|\n|t:|1783558178\n|move|p2a: Sableye|Encore|p1a: Whiscash\n|-start|p1a: Whiscash|Encore\n|move|p1a: Whiscash|Liquidation|p2a: Sableye\n|-damage|p2a: Sableye|0 fnt\n|faint|p2a: Sableye\n|-damage|p1a: Whiscash|87/337|[from] item: Life Orb\n|\n|upkeep\n|\n|t:|1783558179\n|switch|p2a: Primarina|Primarina, L83, F|100/100\n|turn|14\n|inactive|Time left: 300 sec this turn | 300 sec total\n|\n|t:|1783558180\n|move|p1a: Whiscash|Liquidation|p2a: Primarina\n|-resisted|p2a: Primarina\n|-damage|p2a: Primarina|34/100\n|-damage|p1a: Whiscash|54/337|[from] item: Life Orb\n|move|p2a: Primarina|Psychic Noise|p1a: Whiscash\n|-damage|p1a: Whiscash|0 fnt\n|faint|p1a: Whiscash\n|\n|-heal|p2a: Primarina|40/100|[from] item: Leftovers\n|upkeep\n|inactive|Time left: 300 sec this turn | 300 sec total | 5 sec grace\n|\n|t:|1783558181\n|switch|p1a: Armarouge|Armarouge, L80, F|267/267\n|-damage|p1a: Armarouge|201/267|[from] Stealth Rock\n|-status|p1a: Armarouge|psn\n|turn|15\n|inactive|Time left: 300 sec this turn | 300 sec total\n|\n|t:|1783558183\n|switch|p2a: Snorlax|Snorlax, L82, F|100/100\n|move|p1a: Armarouge|Psyshock|p2a: Snorlax\n|-damage|p2a: Snorlax|57/100\n|\n|-heal|p2a: Snorlax|63/100|[from] item: Leftovers\n|-damage|p1a: Armarouge|168/267 psn|[from] psn\n|upkeep\n|turn|16\n|inactive|Time left: 300 sec this turn | 300 sec total\n|\n|t:|1783558184\n|move|p1a: Armarouge|Psyshock|p2a: Snorlax\n|-crit|p2a: Snorlax\n|-damage|p2a: Snorlax|0 fnt\n|faint|p2a: Snorlax\n|\n|-damage|p1a: Armarouge|135/267 psn|[from] psn\n|upkeep\n|\n|t:|1783558185\n|switch|p2a: Florges|Florges-Yellow, L85, F|100/100\n|turn|17\n|inactive|Time left: 300 sec this turn | 300 sec total\n|\n|t:|1783558186\n|move|p2a: Florges|Calm Mind|p2a: Florges\n|-boost|p2a: Florges|spa|1\n|-boost|p2a: Florges|spd|1\n|move|p1a: Armarouge|Psyshock|p2a: Florges\n|-damage|p2a: Florges|35/100\n|\n|-heal|p2a: Florges|41/100|[from] item: Leftovers\n|-damage|p1a: Armarouge|102/267 psn|[from] psn\n|upkeep\n|turn|18\n|inactive|Time left: 300 sec this turn | 300 sec total\n|\n|t:|1783558187\n|move|p2a: Florges|Synthesis|p2a: Florges\n|-heal|p2a: Florges|91/100\n|move|p1a: Armarouge|Psyshock|p2a: Florges\n|-damage|p2a: Florges|24/100\n|\n|-heal|p2a: Florges|30/100|[from] item: Leftovers\n|-damage|p1a: Armarouge|69/267 psn|[from] psn\n|upkeep\n|turn|19\n|inactive|Time left: 300 sec this turn | 300 sec total\n|\n|t:|1783558187\n|move|p2a: Florges|Synthesis|p2a: Florges\n|-heal|p2a: Florges|79/100\n|move|p1a: Armarouge|Psyshock|p2a: Florges\n|-damage|p2a: Florges|19/100\n|\n|-heal|p2a: Florges|25/100|[from] item: Leftovers\n|-damage|p1a: Armarouge|36/267 psn|[from] psn\n|upkeep\n|turn|20\n|inactive|Time left: 300 sec this turn | 300 sec total\n|\n|t:|1783558188\n|move|p2a: Florges|Synthesis|p2a: Florges\n|-heal|p2a: Florges|75/100\n|move|p1a: Armarouge|Psyshock|p2a: Florges\n|-damage|p2a: Florges|10/100\n|\n|-heal|p2a: Florges|16/100|[from] item: Leftovers\n|-damage|p1a: Armarouge|3/267 psn|[from] psn\n|upkeep\n|turn|21\n|inactive|Time left: 300 sec this turn | 300 sec total\n|\n|t:|1783558189\n|move|p2a: Florges|Synthesis|p2a: Florges\n|-heal|p2a: Florges|66/100\n|move|p1a: Armarouge|Psyshock|p2a: Florges\n|-damage|p2a: Florges|3/100\n|\n|-heal|p2a: Florges|9/100|[from] item: Leftovers\n|-damage|p1a: Armarouge|0 fnt|[from] psn\n|faint|p1a: Armarouge\n|upkeep\n|inactive|Time left: 300 sec this turn | 300 sec total | 5 sec grace\n|\n|t:|1783558190\n|switch|p1a: Tauros|Tauros-Paldea-Aqua, L81, M|252/252\n|-damage|p1a: Tauros|237/252|[from] Stealth Rock\n|-status|p1a: Tauros|psn\n|turn|22\n|inactive|Time left: 300 sec this turn | 300 sec total\n|\n|t:|1783558191\n|move|p1a: Tauros|Liquidation|p2a: Florges\n|-damage|p2a: Florges|0 fnt\n|faint|p2a: Florges\n|\n|-damage|p1a: Tauros|206/252 psn|[from] psn\n|upkeep\n|\n|t:|1783558192\n|switch|p2a: Primarina|Primarina, L83, F|40/100\n|turn|23\n|inactive|Time left: 300 sec this turn | 300 sec total\n|\n|t:|1783558193\n|move|p1a: Tauros|Substitute|p1a: Tauros\n|-start|p1a: Tauros|Substitute\n|-damage|p1a: Tauros|143/252 psn\n|move|p2a: Primarina|Draining Kiss|p1a: Tauros\n|-supereffective|p1a: Tauros\n|-crit|p1a: Tauros\n|-end|p1a: Tauros|Substitute\n|-heal|p2a: Primarina|58/100|[from] drain|[of] p1a: Tauros\n|\n|-heal|p2a: Primarina|64/100|[from] item: Leftovers\n|-damage|p1a: Tauros|112/252 psn|[from] psn\n|upkeep\n|-enditem|p1a: Tauros|Sitrus Berry|[eat]\n|-heal|p1a: Tauros|175/252 psn|[from] item: Sitrus Berry\n|turn|24\n|inactive|Time left: 300 sec this turn | 300 sec total\n|\n|t:|1783558193\n|move|p1a: Tauros|Close Combat|p2a: Primarina\n|-resisted|p2a: Primarina\n|-damage|p2a: Primarina|36/100\n|-unboost|p1a: Tauros|def|1\n|-unboost|p1a: Tauros|spd|1\n|move|p2a: Primarina|Draining Kiss|p1a: Tauros\n|-supereffective|p1a: Tauros\n|-damage|p1a: Tauros|0 fnt\n|-heal|p2a: Primarina|85/100|[from] drain|[of] p1a: Tauros\n|faint|p1a: Tauros\n|\n|-heal|p2a: Primarina|91/100|[from] item: Leftovers\n|upkeep\n|inactive|Time left: 300 sec this turn | 300 sec total | 5 sec grace\n|\n|t:|1783558194\n|switch|p1a: Dudunsparce|Dudunsparce-Three-Segment, L83, M|343/343\n|-damage|p1a: Dudunsparce|301/343|[from] Stealth Rock\n|-status|p1a: Dudunsparce|psn\n|turn|25\n|inactive|Time left: 300 sec this turn | 300 sec total\n|\n|t:|1783558195\n|move|p2a: Primarina|Calm Mind|p2a: Primarina\n|-boost|p2a: Primarina|spa|1\n|-boost|p2a: Primarina|spd|1\n|move|p1a: Dudunsparce|Glare|p2a: Primarina\n|-status|p2a: Primarina|par\n|\n|-heal|p1a: Dudunsparce|322/343 psn|[from] item: Leftovers\n|-heal|p2a: Primarina|97/100 par|[from] item: Leftovers\n|-damage|p1a: Dudunsparce|280/343 psn|[from] psn\n|upkeep\n|turn|26\n|inactive|Time left: 300 sec this turn | 300 sec total\n|\n|t:|1783558196\n|move|p1a: Dudunsparce|Headbutt|p2a: Primarina\n|-damage|p2a: Primarina|67/100 par\n|move|p2a: Primarina|Calm Mind|p2a: Primarina\n|-boost|p2a: Primarina|spa|1\n|-boost|p2a: Primarina|spd|1\n|\n|-heal|p1a: Dudunsparce|301/343 psn|[from] item: Leftovers\n|-heal|p2a: Primarina|73/100 par|[from] item: Leftovers\n|-damage|p1a: Dudunsparce|259/343 psn|[from] psn\n|upkeep\n|turn|27\n|inactive|Time left: 300 sec this turn | 300 sec total\n|\n|t:|1783558197\n|move|p1a: Dudunsparce|Headbutt|p2a: Primarina\n|-damage|p2a: Primarina|39/100 par\n|cant|p2a: Primarina|flinch\n|\n|-heal|p1a: Dudunsparce|280/343 psn|[from] item: Leftovers\n|-heal|p2a: Primarina|45/100 par|[from] item: Leftovers\n|-damage|p1a: Dudunsparce|238/343 psn|[from] psn\n|upkeep\n|turn|28\n|inactive|Time left: 300 sec this turn | 300 sec total\n|\n|t:|1783558198\n|-terastallize|p2a: Primarina|Fairy\n|move|p1a: Dudunsparce|Headbutt|p2a: Primarina\n|-damage|p2a: Primarina|12/100 par\n|cant|p2a: Primarina|flinch\n|\n|-heal|p1a: Dudunsparce|259/343 psn|[from] item: Leftovers\n|-heal|p2a: Primarina|18/100 par|[from] item: Leftovers\n|-damage|p1a: Dudunsparce|217/343 psn|[from] psn\n|upkeep\n|turn|29\n|inactive|Time left: 300 sec this turn | 300 sec total\n|\n|t:|1783558199\n|move|p1a: Dudunsparce|Headbutt|p2a: Primarina\n|-damage|p2a: Primarina|0 fnt\n|faint|p2a: Primarina\n|\n|-heal|p1a: Dudunsparce|238/343 psn|[from] item: Leftovers\n|-damage|p1a: Dudunsparce|196/343 psn|[from] psn\n|upkeep\n|\n|t:|1783558200\n|switch|p2a: Maushold|Maushold, L76|100/100\n|turn|30\n|inactive|Time left: 300 sec this turn | 300 sec total\n|\n|t:|1783558200\n|switch|p1a: Sudowoodo|Sudowoodo, L94, F|284/284\n|-damage|p1a: Sudowoodo|249/284|[from] Stealth Rock\n|-status|p1a: Sudowoodo|psn\n|move|p2a: Maushold|Population Bomb|p1a: Sudowoodo\n|-resisted|p1a: Sudowoodo\n|-damage|p1a: Sudowoodo|240/284 psn\n|-resisted|p1a: Sudowoodo\n|-damage|p1a: Sudowoodo|231/284 psn\n|-resisted|p1a: Sudowoodo\n|-damage|p1a: Sudowoodo|222/284 psn\n|-resisted|p1a: Sudowoodo\n|-damage|p1a: Sudowoodo|214/284 psn\n|-resisted|p1a: Sudowoodo\n|-damage|p1a: Sudowoodo|205/284 psn\n|-resisted|p1a: Sudowoodo\n|-damage|p1a: Sudowoodo|196/284 psn\n|-resisted|p1a: Sudowoodo\n|-damage|p1a: Sudowoodo|187/284 psn\n|-resisted|p1a: Sudowoodo\n|-crit|p1a: Sudowoodo\n|-damage|p1a: Sudowoodo|175/284 psn\n|-resisted|p1a: Sudowoodo\n|-damage|p1a: Sudowoodo|167/284 psn\n|-resisted|p1a: Sudowoodo\n|-damage|p1a: Sudowoodo|159/284 psn\n|-hitcount|p1a: Sudowoodo|10\n|\n|-damage|p1a: Sudowoodo|124/284 psn|[from] psn\n|upkeep\n|turn|31\n|inactive|Time left: 300 sec this turn | 300 sec total\n|\n|t:|1783558201\n|move|p2a: Maushold|Bite|p1a: Sudowoodo\n|-damage|p1a: Sudowoodo|93/284 psn\n|move|p1a: Sudowoodo|Head Smash|p2a: Maushold\n|-damage|p2a: Maushold|0 fnt\n|faint|p2a: Maushold\n|\n|win|p0x156650cb", "uploadtime": 1783558201, "views": 0, "rating": 0, "private": 0, "password": null, "_winner": "p0x156650cb", "_our_name": "p0x156650cb"}