{"id": "battle-gen9randombattle-1112", "formatid": "gen9randombattle", "format": "[Gen 9] Random Battle", "players": ["p0x11121b52", "p0y11128374"], "log": "|init|battle\n|title|p0x11121b52 vs. p0y11128374\n|j|\u2606p0x11121b52\n|j|\u2606p0y11128374\n|t:|1783552849\n|gametype|singles\n|player|p1|p0x11121b52|265|\n|player|p2|p0y11128374|170|\n|gen|9\n|tier|[Gen 9] Random Battle\n|rule|Species Clause: Limit one of each Pok\u00e9mon\n|rule|HP Percentage Mod: HP is shown in percentages\n|rule|Sleep Clause Mod: Limit one foe put to sleep\n|rule|Illusion Level Mod: Illusion disguises the Pok\u00e9mon's true level\n|\n|t:|1783552849\n|teamsize|p1|6\n|teamsize|p2|6\n|start\n|switch|p1a: Arceus|Arceus-Grass, L73|296/296\n|switch|p2a: Bellibolt|Bellibolt, L84, F|100/100\n|turn|1\n|inactive|Battle timer is ON: inactive players will automatically lose when time's up. (requested by p0x11121b52)\n|inactive|p0y11128374 also wants the timer to be on.\n|\n|t:|1783552851\n|switch|p2a: Armarouge|Armarouge, L80, M|100/100\n|move|p1a: Arceus|Calm Mind|p1a: Arceus\n|-boost|p1a: Arceus|spa|1\n|-boost|p1a: Arceus|spd|1\n|\n|upkeep\n|turn|2\n|inactive|Time left: 300 sec this turn | 300 sec total\n|\n|t:|1783552852\n|-terastallize|p1a: Arceus|Ground\n|move|p1a: Arceus|Earth Power|p2a: Armarouge\n|-supereffective|p2a: Armarouge\n|-damage|p2a: Armarouge|0 fnt\n|faint|p2a: Armarouge\n|\n|upkeep\n|\n|t:|1783552853\n|switch|p2a: Scyther|Scyther, L82, M|100/100\n|turn|3\n|inactive|Time left: 300 sec this turn | 300 sec total\n|\n|t:|1783552855\n|move|p2a: Scyther|Dual Wingbeat|p1a: Arceus\n|-damage|p1a: Arceus|230/296\n|-damage|p1a: Arceus|170/296\n|-hitcount|p1a: Arceus|2\n|move|p1a: Arceus|Ice Beam|p2a: Scyther\n|-supereffective|p2a: Scyther\n|-damage|p2a: Scyther|30/100\n|\n|upkeep\n|turn|4\n|inactive|Time left: 300 sec this turn | 300 sec total\n|\n|t:|1783552856\n|move|p2a: Scyther|Dual Wingbeat|p1a: Arceus\n|-damage|p1a: Arceus|113/296\n|-damage|p1a: Arceus|55/296\n|-hitcount|p1a: Arceus|2\n|move|p1a: Arceus|Ice Beam|p2a: Scyther\n|-supereffective|p2a: Scyther\n|-damage|p2a: Scyther|0 fnt\n|faint|p2a: Scyther\n|\n|upkeep\n|\n|t:|1783552857\n|switch|p2a: Forretress|Forretress, L84, M|100/100\n|turn|5\n|inactive|Time left: 300 sec this turn | 300 sec total\n|\n|t:|1783552858\n|move|p1a: Arceus|Earth Power|p2a: Forretress\n|-damage|p2a: Forretress|34/100\n|move|p2a: Forretress|Iron Head|p1a: Arceus\n|-damage|p1a: Arceus|0 fnt\n|faint|p1a: Arceus\n|\n|-heal|p2a: Forretress|40/100|[from] item: Leftovers\n|upkeep\n|inactive|Time left: 300 sec this turn | 300 sec total | 5 sec grace\n|\n|t:|1783552859\n|switch|p1a: Porygon-Z|Porygon-Z, L83|277/277\n|turn|6\n|inactive|Time left: 300 sec this turn | 300 sec total\n|\n|t:|1783552860\n|switch|p2a: Swampert|Swampert, L83, F|100/100\n|move|p1a: Porygon-Z|Tera Blast|p2a: Swampert\n|-damage|p2a: Swampert|42/100\n|-damage|p1a: Porygon-Z|250/277|[from] item: Life Orb\n|\n|-heal|p2a: Swampert|48/100|[from] item: Leftovers\n|upkeep\n|turn|7\n|inactive|Time left: 300 sec this turn | 300 sec total\n|\n|t:|1783552861\n|move|p1a: Porygon-Z|Tera Blast|p2a: Swampert\n|-damage|p2a: Swampert|0 fnt\n|faint|p2a: Swampert\n|-damage|p1a: Porygon-Z|223/277|[from] item: Life Orb\n|\n|upkeep\n|\n|t:|1783552862\n|switch|p2a: Donphan|Donphan, L84, M|100/100\n|turn|8\n|inactive|Time left: 300 sec this turn | 300 sec total\n|\n|t:|1783552863\n|move|p1a: Porygon-Z|Tera Blast|p2a: Donphan\n|-damage|p2a: Donphan|46/100\n|-damage|p1a: Porygon-Z|196/277|[from] item: Life Orb\n|move|p2a: Donphan|Earthquake|p1a: Porygon-Z\n|-damage|p1a: Porygon-Z|40/277\n|\n|upkeep\n|turn|9\n|inactive|Time left: 300 sec this turn | 300 sec total\n|\n|t:|1783552865\n|switch|p2a: Bellibolt|Bellibolt, L84, F|100/100\n|move|p1a: Porygon-Z|Tera Blast|p2a: Bellibolt\n|-damage|p2a: Bellibolt|36/100\n|-start|p2a: Bellibolt|Charge|Tera Blast|[from] ability: Electromorphosis\n|-damage|p1a: Porygon-Z|13/277|[from] item: Life Orb\n|\n|-heal|p2a: Bellibolt|43/100|[from] item: Leftovers\n|upkeep\n|turn|10\n|inactive|Time left: 300 sec this turn | 300 sec total\n|\n|t:|1783552865\n|move|p1a: Porygon-Z|Tera Blast|p2a: Bellibolt\n|-damage|p2a: Bellibolt|0 fnt\n|faint|p2a: Bellibolt\n|-damage|p1a: Porygon-Z|0 fnt|[from] item: Life Orb\n|faint|p1a: Porygon-Z\n|\n|upkeep\n|inactive|Time left: 300 sec this turn | 300 sec total | 5 sec grace\n|\n|t:|1783552866\n|switch|p1a: Bruxish|Bruxish, L85, M|254/254\n|switch|p2a: Donphan|Donphan, L84, M|46/100\n|turn|11\n|inactive|Time left: 300 sec this turn | 300 sec total\n|\n|t:|1783552868\n|switch|p2a: Forretress|Forretress, L84, M|40/100\n|move|p1a: Bruxish|Psychic Fangs|p2a: Forretress\n|-resisted|p2a: Forretress\n|-damage|p2a: Forretress|11/100\n|\n|-heal|p2a: Forretress|17/100|[from] item: Leftovers\n|upkeep\n|turn|12\n|inactive|Time left: 300 sec this turn | 300 sec total\n|\n|t:|1783552869\n|switch|p2a: Donphan|Donphan, L84, M|46/100\n|move|p1a: Bruxish|Psychic Fangs|p2a: Donphan\n|-damage|p2a: Donphan|0 fnt\n|faint|p2a: Donphan\n|\n|upkeep\n|\n|t:|1783552869\n|switch|p2a: Forretress|Forretress, L84, M|17/100\n|turn|13\n|inactive|Time left: 300 sec this turn | 300 sec total\n|\n|t:|1783552870\n|-terastallize|p2a: Forretress|Water\n|move|p1a: Bruxish|Psychic Fangs|p2a: Forretress\n|-damage|p2a: Forretress|0 fnt\n|faint|p2a: Forretress\n|\n|win|p0x11121b52", "uploadtime": 1783552870, "views": 0, "rating": 0, "private": 0, "password": null, "_winner": "p0x11121b52", "_our_name": "p0x11121b52"}