{"id": "battle-gen9randombattle-2154", "formatid": "gen9randombattle", "format": "[Gen 9] Random Battle", "players": ["p0x215417e7", "p0y215434e7"], "log": "|init|battle\n|title|p0x215417e7 vs. p0y215434e7\n|j|\u2606p0x215417e7\n|j|\u2606p0y215434e7\n|t:|1783564097\n|gametype|singles\n|player|p1|p0x215417e7|265|\n|player|p2|p0y215434e7|266|\n|gen|9\n|tier|[Gen 9] Random Battle\n|rule|Species Clause: Limit one of each Pok\u00e9mon\n|rule|HP Percentage Mod: HP is shown in percentages\n|rule|Sleep Clause Mod: Limit one foe put to sleep\n|rule|Illusion Level Mod: Illusion disguises the Pok\u00e9mon's true level\n|\n|t:|1783564097\n|teamsize|p1|6\n|teamsize|p2|6\n|start\n|switch|p1a: Farigiraf|Farigiraf, L90, M|362/362\n|switch|p2a: Ariados|Ariados, L95, M|100/100\n|turn|1\n|inactive|Battle timer is ON: inactive players will automatically lose when time's up. (requested by p0x215417e7)\n|inactive|p0y215434e7 also wants the timer to be on.\n|\n|t:|1783564098\n|move|p1a: Farigiraf|Psychic Noise|p2a: Ariados\n|-supereffective|p2a: Ariados\n|-damage|p2a: Ariados|32/100\n|-start|p2a: Ariados|move: Heal Block\n|move|p2a: Ariados|Sticky Web|p1a: Farigiraf\n|-sidestart|p1: p0x215417e7|move: Sticky Web\n|\n|upkeep\n|turn|2\n|inactive|Time left: 300 sec this turn | 300 sec total\n|\n|t:|1783564099\n|switch|p2a: Zacian|Zacian, L69|100/100\n|-ability|p2a: Zacian|Intrepid Sword|boost\n|-boost|p2a: Zacian|atk|1\n|move|p1a: Farigiraf|Psychic Noise|p2a: Zacian\n|-damage|p2a: Zacian|59/100\n|-start|p2a: Zacian|move: Heal Block\n|\n|upkeep\n|turn|3\n|inactive|Time left: 300 sec this turn | 300 sec total\n|\n|t:|1783564101\n|move|p2a: Zacian|Crunch|p1a: Farigiraf\n|-supereffective|p1a: Farigiraf\n|-damage|p1a: Farigiraf|122/362\n|-unboost|p1a: Farigiraf|def|1\n|move|p1a: Farigiraf|Body Slam|p2a: Zacian\n|-damage|p2a: Zacian|16/100\n|\n|-heal|p1a: Farigiraf|144/362|[from] item: Leftovers\n|-end|p2a: Zacian|move: Heal Block\n|upkeep\n|turn|4\n|inactive|Time left: 300 sec this turn | 300 sec total\n|\n|t:|1783564102\n|switch|p1a: Conkeldurr|Conkeldurr, L80, M|299/299\n|-activate|p1a: Conkeldurr|move: Sticky Web\n|-unboost|p1a: Conkeldurr|spe|1\n|move|p2a: Zacian|Crunch|p1a: Conkeldurr\n|-resisted|p1a: Conkeldurr\n|-damage|p1a: Conkeldurr|252/299\n|-unboost|p1a: Conkeldurr|def|1\n|\n|-status|p1a: Conkeldurr|brn|[from] item: Flame Orb\n|upkeep\n|turn|5\n|inactive|Time left: 300 sec this turn | 300 sec total\n|\n|t:|1783564103\n|move|p2a: Zacian|Crunch|p1a: Conkeldurr\n|-resisted|p1a: Conkeldurr\n|-damage|p1a: Conkeldurr|172/299 brn\n|move|p1a: Conkeldurr|Facade|p2a: Zacian\n|-damage|p2a: Zacian|0 fnt\n|faint|p2a: Zacian\n|\n|-damage|p1a: Conkeldurr|154/299 brn|[from] brn\n|upkeep\n|\n|t:|1783564104\n|switch|p2a: Lurantis|Lurantis, L87, F|100/100\n|turn|6\n|inactive|Time left: 300 sec this turn | 300 sec total\n|\n|t:|1783564105\n|switch|p1a: Brambleghast|Brambleghast, L88, F|240/240\n|move|p2a: Lurantis|Superpower|p1a: Brambleghast\n|-immune|p1a: Brambleghast\n|\n|upkeep\n|turn|7\n|inactive|Time left: 300 sec this turn | 300 sec total\n|\n|t:|1783564107\n|move|p1a: Brambleghast|Rapid Spin|p2a: Lurantis\n|-damage|p2a: Lurantis|85/100\n|-boost|p1a: Brambleghast|spe|1\n|-sideend|p1: p0x215417e7|Sticky Web|[from] move: Rapid Spin|[of] p1a: Brambleghast\n|move|p2a: Lurantis|Leaf Storm|p1a: Brambleghast|[miss]\n|-miss|p2a: Lurantis|p1a: Brambleghast\n|\n|-heal|p2a: Lurantis|91/100|[from] item: Leftovers\n|upkeep\n|turn|8\n|inactive|Time left: 300 sec this turn | 300 sec total\n|\n|t:|1783564108\n|move|p1a: Brambleghast|Poltergeist|p2a: Lurantis\n|-activate|p2a: Lurantis|move: Poltergeist|Leftovers\n|-damage|p2a: Lurantis|36/100\n|move|p2a: Lurantis|Synthesis|p2a: Lurantis\n|-heal|p2a: Lurantis|86/100\n|\n|-heal|p2a: Lurantis|93/100|[from] item: Leftovers\n|upkeep\n|turn|9\n|inactive|Time left: 300 sec this turn | 300 sec total\n|\n|t:|1783564109\n|move|p1a: Brambleghast|Poltergeist|p2a: Lurantis\n|-activate|p2a: Lurantis|move: Poltergeist|Leftovers\n|-damage|p2a: Lurantis|41/100\n|move|p2a: Lurantis|Leaf Storm|p1a: Brambleghast|[miss]\n|-miss|p2a: Lurantis|p1a: Brambleghast\n|\n|-heal|p2a: Lurantis|47/100|[from] item: Leftovers\n|upkeep\n|turn|10\n|inactive|Time left: 300 sec this turn | 300 sec total\n|\n|t:|1783564110\n|switch|p2a: Heatran|Heatran, L79, M|100/100\n|-item|p2a: Heatran|Air Balloon\n|move|p1a: Brambleghast|Poltergeist|p2a: Heatran\n|-activate|p2a: Heatran|move: Poltergeist|Air Balloon\n|-damage|p2a: Heatran|48/100\n|-enditem|p2a: Heatran|Air Balloon\n|\n|upkeep\n|turn|11\n|inactive|Time left: 300 sec this turn | 300 sec total\n|\n|t:|1783564111\n|move|p1a: Brambleghast|Power Whip|p2a: Heatran\n|-resisted|p2a: Heatran\n|-damage|p2a: Heatran|35/100\n|move|p2a: Heatran|Lava Plume|p1a: Brambleghast\n|-supereffective|p1a: Brambleghast\n|-damage|p1a: Brambleghast|22/240\n|\n|upkeep\n|turn|12\n|inactive|Time left: 300 sec this turn | 300 sec total\n|\n|t:|1783564112\n|move|p1a: Brambleghast|Strength Sap|p2a: Heatran\n|-unboost|p2a: Heatran|atk|1\n|-heal|p1a: Brambleghast|210/240\n|move|p2a: Heatran|Lava Plume|p1a: Brambleghast\n|-supereffective|p1a: Brambleghast\n|-damage|p1a: Brambleghast|0 fnt\n|faint|p1a: Brambleghast\n|\n|upkeep\n|inactive|Time left: 300 sec this turn | 300 sec total | 5 sec grace\n|\n|t:|1783564113\n|switch|p1a: Farigiraf|Farigiraf, L90, M|144/362\n|turn|13\n|inactive|Time left: 300 sec this turn | 300 sec total\n|\n|t:|1783564114\n|move|p2a: Heatran|Lava Plume|p1a: Farigiraf\n|-damage|p1a: Farigiraf|33/362\n|move|p1a: Farigiraf|Wish|p1a: Farigiraf\n|\n|-heal|p1a: Farigiraf|55/362|[from] item: Leftovers\n|upkeep\n|turn|14\n|inactive|Time left: 300 sec this turn | 300 sec total\n|\n|t:|1783564115\n|move|p1a: Farigiraf|Protect|p1a: Farigiraf\n|-singleturn|p1a: Farigiraf|Protect\n|move|p2a: Heatran|Earth Power|p1a: Farigiraf\n|-activate|p1a: Farigiraf|move: Protect\n|\n|-heal|p1a: Farigiraf|236/362|[from] move: Wish|[wisher] Farigiraf\n|-heal|p1a: Farigiraf|258/362|[from] item: Leftovers\n|upkeep\n|turn|15\n|inactive|Time left: 300 sec this turn | 300 sec total\n|\n|t:|1783564116\n|move|p2a: Heatran|Lava Plume|p1a: Farigiraf\n|-damage|p1a: Farigiraf|155/362\n|-status|p1a: Farigiraf|brn\n|move|p1a: Farigiraf|Psychic Noise|p2a: Heatran\n|-resisted|p2a: Heatran\n|-damage|p2a: Heatran|18/100\n|-start|p2a: Heatran|move: Heal Block\n|\n|-heal|p1a: Farigiraf|177/362 brn|[from] item: Leftovers\n|-damage|p1a: Farigiraf|155/362 brn|[from] brn\n|upkeep\n|turn|16\n|inactive|Time left: 300 sec this turn | 300 sec total\n|\n|t:|1783564117\n|move|p2a: Heatran|Stealth Rock|p1a: Farigiraf\n|-sidestart|p1: p0x215417e7|move: Stealth Rock\n|move|p1a: Farigiraf|Wish|p1a: Farigiraf\n|\n|-heal|p1a: Farigiraf|177/362 brn|[from] item: Leftovers\n|-damage|p1a: Farigiraf|155/362 brn|[from] brn\n|-end|p2a: Heatran|move: Heal Block\n|upkeep\n|turn|17\n|inactive|Time left: 300 sec this turn | 300 sec total\n|\n|t:|1783564118\n|switch|p2a: Grumpig|Grumpig, L92, F|100/100\n|move|p1a: Farigiraf|Psychic Noise|p2a: Grumpig\n|-resisted|p2a: Grumpig\n|-damage|p2a: Grumpig|86/100\n|-start|p2a: Grumpig|move: Heal Block\n|\n|-heal|p1a: Farigiraf|336/362 brn|[from] move: Wish|[wisher] Farigiraf\n|-heal|p1a: Farigiraf|358/362 brn|[from] item: Leftovers\n|-damage|p1a: Farigiraf|336/362 brn|[from] brn\n|upkeep\n|turn|18\n|inactive|Time left: 300 sec this turn | 300 sec total\n|\n|t:|1783564118\n|move|p2a: Grumpig|Nasty Plot|p2a: Grumpig\n|-boost|p2a: Grumpig|spa|2\n|move|p1a: Farigiraf|Body Slam|p2a: Grumpig\n|-damage|p2a: Grumpig|68/100\n|-status|p2a: Grumpig|par\n|\n|-heal|p1a: Farigiraf|358/362 brn|[from] item: Leftovers\n|-damage|p1a: Farigiraf|336/362 brn|[from] brn\n|-end|p2a: Grumpig|move: Heal Block\n|upkeep\n|turn|19\n|inactive|Time left: 300 sec this turn | 300 sec total\n|\n|t:|1783564119\n|move|p1a: Farigiraf|Psychic Noise|p2a: Grumpig\n|-resisted|p2a: Grumpig\n|-damage|p2a: Grumpig|55/100 par\n|-start|p2a: Grumpig|move: Heal Block\n|move|p2a: Grumpig|Dazzling Gleam|p1a: Farigiraf\n|-crit|p1a: Farigiraf\n|-damage|p1a: Farigiraf|117/362 brn\n|\n|-heal|p1a: Farigiraf|139/362 brn|[from] item: Leftovers\n|-damage|p1a: Farigiraf|117/362 brn|[from] brn\n|upkeep\n|turn|20\n|inactive|Time left: 300 sec this turn | 300 sec total\n|\n|t:|1783564121\n|move|p1a: Farigiraf|Wish|p1a: Farigiraf\n|cant|p2a: Grumpig|par\n|\n|-heal|p1a: Farigiraf|139/362 brn|[from] item: Leftovers\n|-damage|p1a: Farigiraf|117/362 brn|[from] brn\n|-end|p2a: Grumpig|move: Heal Block\n|upkeep\n|turn|21\n|inactive|Time left: 300 sec this turn | 300 sec total\n|\n|t:|1783564121\n|move|p1a: Farigiraf|Protect|p1a: Farigiraf\n|-singleturn|p1a: Farigiraf|Protect\n|move|p2a: Grumpig|Psychic|p1a: Farigiraf\n|-activate|p1a: Farigiraf|move: Protect\n|\n|-heal|p1a: Farigiraf|298/362 brn|[from] move: Wish|[wisher] Farigiraf\n|-heal|p1a: Farigiraf|320/362 brn|[from] item: Leftovers\n|-heal|p2a: Grumpig|61/100 par|[from] item: Leftovers\n|-damage|p1a: Farigiraf|298/362 brn|[from] brn\n|upkeep\n|turn|22\n|inactive|Time left: 300 sec this turn | 300 sec total\n|\n|t:|1783564122\n|move|p1a: Farigiraf|Wish|p1a: Farigiraf\n|move|p2a: Grumpig|Psychic|p1a: Farigiraf\n|-resisted|p1a: Farigiraf\n|-damage|p1a: Farigiraf|172/362 brn\n|\n|-heal|p1a: Farigiraf|194/362 brn|[from] item: Leftovers\n|-heal|p2a: Grumpig|68/100 par|[from] item: Leftovers\n|-damage|p1a: Farigiraf|172/362 brn|[from] brn\n|upkeep\n|turn|23\n|inactive|Time left: 300 sec this turn | 300 sec total\n|\n|t:|1783564123\n|move|p1a: Farigiraf|Body Slam|p2a: Grumpig\n|-damage|p2a: Grumpig|49/100 par\n|cant|p2a: Grumpig|par\n|\n|-heal|p1a: Farigiraf|353/362 brn|[from] move: Wish|[wisher] Farigiraf\n|-heal|p1a: Farigiraf|362/362 brn|[from] item: Leftovers\n|-heal|p2a: Grumpig|55/100 par|[from] item: Leftovers\n|-damage|p1a: Farigiraf|340/362 brn|[from] brn\n|upkeep\n|turn|24\n|inactive|Time left: 300 sec this turn | 300 sec total\n|\n|t:|1783564124\n|move|p1a: Farigiraf|Wish|p1a: Farigiraf\n|move|p2a: Grumpig|Dazzling Gleam|p1a: Farigiraf\n|-damage|p1a: Farigiraf|196/362 brn\n|\n|-heal|p1a: Farigiraf|218/362 brn|[from] item: Leftovers\n|-heal|p2a: Grumpig|61/100 par|[from] item: Leftovers\n|-damage|p1a: Farigiraf|196/362 brn|[from] brn\n|upkeep\n|turn|25\n|inactive|Time left: 300 sec this turn | 300 sec total\n|\n|t:|1783564126\n|move|p1a: Farigiraf|Protect|p1a: Farigiraf\n|-singleturn|p1a: Farigiraf|Protect\n|move|p2a: Grumpig|Earth Power|p1a: Farigiraf\n|-activate|p1a: Farigiraf|move: Protect\n|\n|-heal|p1a: Farigiraf|362/362 brn|[from] move: Wish|[wisher] Farigiraf\n|-heal|p2a: Grumpig|68/100 par|[from] item: Leftovers\n|-damage|p1a: Farigiraf|340/362 brn|[from] brn\n|upkeep\n|turn|26\n|inactive|Time left: 300 sec this turn | 300 sec total\n|\n|t:|1783564127\n|move|p1a: Farigiraf|Wish|p1a: Farigiraf\n|move|p2a: Grumpig|Psychic|p1a: Farigiraf\n|-resisted|p1a: Farigiraf\n|-damage|p1a: Farigiraf|227/362 brn\n|\n|-heal|p1a: Farigiraf|249/362 brn|[from] item: Leftovers\n|-heal|p2a: Grumpig|74/100 par|[from] item: Leftovers\n|-damage|p1a: Farigiraf|227/362 brn|[from] brn\n|upkeep\n|turn|27\n|inactive|Time left: 300 sec this turn | 300 sec total\n|\n|t:|1783564128\n|move|p1a: Farigiraf|Psychic Noise|p2a: Grumpig\n|-resisted|p2a: Grumpig\n|-damage|p2a: Grumpig|59/100 par\n|-start|p2a: Grumpig|move: Heal Block\n|cant|p2a: Grumpig|par\n|\n|-heal|p1a: Farigiraf|362/362 brn|[from] move: Wish|[wisher] Farigiraf\n|-damage|p1a: Farigiraf|340/362 brn|[from] brn\n|upkeep\n|turn|28\n|inactive|Time left: 300 sec this turn | 300 sec total\n|\n|t:|1783564129\n|move|p1a: Farigiraf|Wish|p1a: Farigiraf\n|move|p2a: Grumpig|Dazzling Gleam|p1a: Farigiraf\n|-damage|p1a: Farigiraf|208/362 brn\n|\n|-heal|p1a: Farigiraf|230/362 brn|[from] item: Leftovers\n|-damage|p1a: Farigiraf|208/362 brn|[from] brn\n|-end|p2a: Grumpig|move: Heal Block\n|upkeep\n|turn|29\n|inactive|Time left: 300 sec this turn | 300 sec total\n|\n|t:|1783564130\n|move|p1a: Farigiraf|Protect|p1a: Farigiraf\n|-singleturn|p1a: Farigiraf|Protect\n|cant|p2a: Grumpig|par\n|\n|-heal|p1a: Farigiraf|362/362 brn|[from] move: Wish|[wisher] Farigiraf\n|-heal|p2a: Grumpig|65/100 par|[from] item: Leftovers\n|-damage|p1a: Farigiraf|340/362 brn|[from] brn\n|upkeep\n|turn|30\n|inactive|Time left: 300 sec this turn | 300 sec total\n|\n|t:|1783564131\n|move|p1a: Farigiraf|Wish|p1a: Farigiraf\n|move|p2a: Grumpig|Psychic|p1a: Farigiraf\n|-resisted|p1a: Farigiraf\n|-damage|p1a: Farigiraf|223/362 brn\n|\n|-heal|p1a: Farigiraf|245/362 brn|[from] item: Leftovers\n|-heal|p2a: Grumpig|72/100 par|[from] item: Leftovers\n|-damage|p1a: Farigiraf|223/362 brn|[from] brn\n|upkeep\n|turn|31\n|inactive|Time left: 300 sec this turn | 300 sec total\n|\n|t:|1783564132\n|move|p1a: Farigiraf|Protect|p1a: Farigiraf\n|-singleturn|p1a: Farigiraf|Protect\n|move|p2a: Grumpig|Nasty Plot|p2a: Grumpig\n|-boost|p2a: Grumpig|spa|2\n|\n|-heal|p1a: Farigiraf|362/362 brn|[from] move: Wish|[wisher] Farigiraf\n|-heal|p2a: Grumpig|78/100 par|[from] item: Leftovers\n|-damage|p1a: Farigiraf|340/362 brn|[from] brn\n|upkeep\n|turn|32\n|inactive|Time left: 300 sec this turn | 300 sec total\n|\n|t:|1783564132\n|move|p1a: Farigiraf|Body Slam|p2a: Grumpig\n|-damage|p2a: Grumpig|58/100 par\n|cant|p2a: Grumpig|par\n|\n|-heal|p1a: Farigiraf|362/362 brn|[from] item: Leftovers\n|-heal|p2a: Grumpig|64/100 par|[from] item: Leftovers\n|-damage|p1a: Farigiraf|340/362 brn|[from] brn\n|upkeep\n|turn|33\n|inactive|Time left: 300 sec this turn | 300 sec total\n|\n|t:|1783564133\n|move|p1a: Farigiraf|Wish|p1a: Farigiraf\n|move|p2a: Grumpig|Earth Power|p1a: Farigiraf\n|-damage|p1a: Farigiraf|97/362 brn\n|\n|-heal|p1a: Farigiraf|119/362 brn|[from] item: Leftovers\n|-heal|p2a: Grumpig|71/100 par|[from] item: Leftovers\n|-damage|p1a: Farigiraf|97/362 brn|[from] brn\n|upkeep\n|turn|34\n|inactive|Time left: 300 sec this turn | 300 sec total\n|\n|t:|1783564134\n|move|p1a: Farigiraf|Body Slam|p2a: Grumpig\n|-damage|p2a: Grumpig|52/100 par\n|cant|p2a: Grumpig|par\n|\n|-heal|p1a: Farigiraf|278/362 brn|[from] move: Wish|[wisher] Farigiraf\n|-heal|p1a: Farigiraf|300/362 brn|[from] item: Leftovers\n|-heal|p2a: Grumpig|58/100 par|[from] item: Leftovers\n|-damage|p1a: Farigiraf|278/362 brn|[from] brn\n|upkeep\n|turn|35\n|inactive|Time left: 300 sec this turn | 300 sec total\n|\n|t:|1783564135\n|move|p1a: Farigiraf|Protect|p1a: Farigiraf\n|-singleturn|p1a: Farigiraf|Protect\n|move|p2a: Grumpig|Psychic|p1a: Farigiraf\n|-activate|p1a: Farigiraf|move: Protect\n|\n|-heal|p1a: Farigiraf|300/362 brn|[from] item: Leftovers\n|-heal|p2a: Grumpig|64/100 par|[from] item: Leftovers\n|-damage|p1a: Farigiraf|278/362 brn|[from] brn\n|upkeep\n|turn|36\n|inactive|Time left: 300 sec this turn | 300 sec total\n|\n|t:|1783564136\n|move|p1a: Farigiraf|Wish|p1a: Farigiraf\n|move|p2a: Grumpig|Earth Power|p1a: Farigiraf\n|-damage|p1a: Farigiraf|37/362 brn\n|\n|-heal|p1a: Farigiraf|59/362 brn|[from] item: Leftovers\n|-heal|p2a: Grumpig|71/100 par|[from] item: Leftovers\n|-damage|p1a: Farigiraf|37/362 brn|[from] brn\n|upkeep\n|turn|37\n|inactive|Time left: 300 sec this turn | 300 sec total\n|\n|t:|1783564137\n|move|p1a: Farigiraf|Body Slam|p2a: Grumpig\n|-damage|p2a: Grumpig|53/100 par\n|move|p2a: Grumpig|Psychic|p1a: Farigiraf\n|-resisted|p1a: Farigiraf\n|-damage|p1a: Farigiraf|0 fnt\n|faint|p1a: Farigiraf\n|\n|-heal|p2a: Grumpig|59/100 par|[from] item: Leftovers\n|upkeep\n|inactive|Time left: 300 sec this turn | 300 sec total | 5 sec grace\n|\n|t:|1783564138\n|switch|p1a: Cinccino|Cinccino, L83, M|260/260\n|-damage|p1a: Cinccino|228/260|[from] Stealth Rock\n|turn|38\n|inactive|Time left: 300 sec this turn | 300 sec total\n|\n|t:|1783564138\n|move|p1a: Cinccino|Tail Slap|p2a: Grumpig\n|-damage|p2a: Grumpig|45/100 par\n|-damage|p2a: Grumpig|30/100 par\n|-damage|p2a: Grumpig|16/100 par\n|-damage|p2a: Grumpig|2/100 par\n|-hitcount|p2a: Grumpig|4\n|cant|p2a: Grumpig|par\n|\n|-heal|p2a: Grumpig|8/100 par|[from] item: Leftovers\n|upkeep\n|turn|39\n|inactive|Time left: 300 sec this turn | 300 sec total\n|\n|t:|1783564139\n|move|p1a: Cinccino|Triple Axel|p2a: Grumpig\n|-damage|p2a: Grumpig|4/100 par\n|-damage|p2a: Grumpig|0 fnt\n|faint|p2a: Grumpig\n|-hitcount|p2: Grumpig|2\n|\n|upkeep\n|\n|t:|1783564140\n|switch|p2a: Heatran|Heatran, L79, M|18/100\n|turn|40\n|inactive|Time left: 300 sec this turn | 300 sec total\n|\n|t:|1783564141\n|move|p1a: Cinccino|Tail Slap|p2a: Heatran\n|-resisted|p2a: Heatran\n|-damage|p2a: Heatran|11/100\n|-resisted|p2a: Heatran\n|-damage|p2a: Heatran|5/100\n|-resisted|p2a: Heatran\n|-damage|p2a: Heatran|0 fnt\n|faint|p2a: Heatran\n|-hitcount|p2: Heatran|3\n|\n|upkeep\n|\n|t:|1783564142\n|switch|p2a: Whiscash|Whiscash, L88, F|100/100\n|turn|41\n|inactive|Time left: 300 sec this turn | 300 sec total\n|\n|t:|1783564143\n|-terastallize|p2a: Whiscash|Steel\n|move|p1a: Cinccino|Bullet Seed|p2a: Whiscash\n|-resisted|p2a: Whiscash\n|-damage|p2a: Whiscash|96/100\n|-resisted|p2a: Whiscash\n|-damage|p2a: Whiscash|92/100\n|-resisted|p2a: Whiscash\n|-damage|p2a: Whiscash|88/100\n|-resisted|p2a: Whiscash\n|-damage|p2a: Whiscash|84/100\n|-hitcount|p2a: Whiscash|4\n|move|p2a: Whiscash|Earthquake|p1a: Cinccino\n|-damage|p1a: Cinccino|96/260\n|\n|-heal|p2a: Whiscash|90/100|[from] item: Leftovers\n|upkeep\n|turn|42\n|inactive|Time left: 300 sec this turn | 300 sec total\n|\n|t:|1783564144\n|move|p1a: Cinccino|Tidy Up|p1a: Cinccino\n|-sideend|p1: p0x215417e7|Stealth Rock\n|-activate|p1a: Cinccino|move: Tidy Up\n|-boost|p1a: Cinccino|atk|1\n|-boost|p1a: Cinccino|spe|1\n|move|p2a: Whiscash|Earthquake|p1a: Cinccino\n|-damage|p1a: Cinccino|0 fnt\n|faint|p1a: Cinccino\n|\n|-heal|p2a: Whiscash|96/100|[from] item: Leftovers\n|upkeep\n|inactive|Time left: 300 sec this turn | 300 sec total | 5 sec grace\n|\n|t:|1783564145\n|switch|p1a: Mienshao|Mienshao, L83, F|244/244\n|turn|43\n|inactive|Time left: 300 sec this turn | 300 sec total\n|\n|t:|1783564146\n|switch|p2a: Ariados|Ariados, L95, M|32/100\n|move|p1a: Mienshao|Swords Dance|p1a: Mienshao\n|-boost|p1a: Mienshao|atk|2\n|\n|upkeep\n|turn|44\n|inactive|Time left: 300 sec this turn | 300 sec total\n|\n|t:|1783564147\n|move|p2a: Ariados|Sucker Punch|p1a: Mienshao\n|-resisted|p1a: Mienshao\n|-damage|p1a: Mienshao|206/244\n|move|p1a: Mienshao|Knock Off|p2a: Ariados\n|-damage|p2a: Ariados|0 fnt\n|-enditem|p2a: Ariados|Focus Sash|[from] move: Knock Off|[of] p1a: Mienshao\n|faint|p2a: Ariados\n|-damage|p1a: Mienshao|182/244|[from] item: Life Orb\n|\n|upkeep\n|\n|t:|1783564148\n|switch|p2a: Lurantis|Lurantis, L87, F|47/100\n|turn|45\n|inactive|Time left: 300 sec this turn | 300 sec total\n|\n|t:|1783564149\n|-terastallize|p1a: Mienshao|Poison\n|move|p1a: Mienshao|Close Combat|p2a: Lurantis\n|-damage|p2a: Lurantis|0 fnt\n|-unboost|p1a: Mienshao|def|1\n|-unboost|p1a: Mienshao|spd|1\n|faint|p2a: Lurantis\n|-damage|p1a: Mienshao|158/244|[from] item: Life Orb\n|\n|upkeep\n|\n|t:|1783564150\n|switch|p2a: Whiscash|Whiscash, L88, F, tera:Steel|96/100\n|turn|46\n|inactive|Time left: 300 sec this turn | 300 sec total\n|\n|t:|1783564151\n|move|p1a: Mienshao|Close Combat|p2a: Whiscash\n|-supereffective|p2a: Whiscash\n|-damage|p2a: Whiscash|0 fnt\n|-unboost|p1a: Mienshao|def|1\n|-unboost|p1a: Mienshao|spd|1\n|faint|p2a: Whiscash\n|-damage|p1a: Mienshao|134/244|[from] item: Life Orb\n|\n|win|p0x215417e7", "uploadtime": 1783564151, "views": 0, "rating": 0, "private": 0, "password": null, "_winner": "p0x215417e7", "_our_name": "p0x215417e7"}