{"id": "battle-gen9randombattle-1261", "formatid": "gen9randombattle", "format": "[Gen 9] Random Battle", "players": ["p0x1261f04e", "p0y126168e1"], "log": "|init|battle\n|title|p0x1261f04e vs. p0y126168e1\n|j|\u2606p0x1261f04e\n|j|\u2606p0y126168e1\n|t:|1783553741\n|gametype|singles\n|player|p1|p0x1261f04e|2|\n|player|p2|p0y126168e1|265|\n|gen|9\n|tier|[Gen 9] Random Battle\n|rule|Species Clause: Limit one of each Pok\u00e9mon\n|rule|HP Percentage Mod: HP is shown in percentages\n|rule|Sleep Clause Mod: Limit one foe put to sleep\n|rule|Illusion Level Mod: Illusion disguises the Pok\u00e9mon's true level\n|\n|t:|1783553741\n|teamsize|p1|6\n|teamsize|p2|6\n|start\n|switch|p1a: Iron Moth|Iron Moth, L78|100/100\n|switch|p2a: Cinccino|Cinccino, L83, M|260/260\n|turn|1\n|inactive|Battle timer is ON: inactive players will automatically lose when time's up. (requested by p0y126168e1)\n|inactive|p0x1261f04e also wants the timer to be on.\n|\n|t:|1783553742\n|move|p2a: Cinccino|Tail Slap|p1a: Iron Moth\n|-damage|p1a: Iron Moth|79/100\n|-damage|p1a: Iron Moth|59/100\n|-damage|p1a: Iron Moth|38/100\n|-damage|p1a: Iron Moth|17/100\n|-damage|p1a: Iron Moth|0 fnt\n|faint|p1a: Iron Moth\n|-end|p1a: Iron Moth|Quark Drive|[silent]\n|-hitcount|p1: Iron Moth|5\n|\n|upkeep\n|\n|t:|1783553743\n|switch|p1a: Lunala|Lunala, L70|100/100\n|turn|2\n|inactive|Time left: 300 sec this turn | 300 sec total\n|\n|t:|1783553744\n|move|p2a: Cinccino|Tidy Up|p2a: Cinccino\n|-boost|p2a: Cinccino|atk|1\n|-boost|p2a: Cinccino|spe|1\n|move|p1a: Lunala|Calm Mind|p1a: Lunala\n|-boost|p1a: Lunala|spa|1\n|-boost|p1a: Lunala|spd|1\n|\n|upkeep\n|turn|3\n|inactive|Time left: 300 sec this turn | 300 sec total\n|\n|t:|1783553745\n|move|p2a: Cinccino|Triple Axel|p1a: Lunala\n|-damage|p1a: Lunala|95/100\n|-damage|p1a: Lunala|72/100\n|-damage|p1a: Lunala|37/100\n|-hitcount|p1a: Lunala|3\n|move|p1a: Lunala|Psyshock|p2a: Cinccino\n|-damage|p2a: Cinccino|113/260\n|\n|-heal|p1a: Lunala|43/100|[from] item: Leftovers\n|upkeep\n|turn|4\n|inactive|Time left: 300 sec this turn | 300 sec total\n|\n|t:|1783553746\n|switch|p1a: Houndstone|Houndstone, L86, M|100/100\n|move|p2a: Cinccino|Triple Axel|p1a: Houndstone\n|-damage|p1a: Houndstone|96/100\n|-damage|p1a: Houndstone|85/100\n|-damage|p1a: Houndstone|69/100\n|-hitcount|p1a: Houndstone|3\n|\n|-heal|p1a: Houndstone|75/100|[from] item: Leftovers\n|upkeep\n|turn|5\n|inactive|Time left: 300 sec this turn | 300 sec total\n|\n|t:|1783553748\n|move|p2a: Cinccino|Bullet Seed|p1a: Houndstone\n|-damage|p1a: Houndstone|63/100\n|-damage|p1a: Houndstone|51/100\n|-damage|p1a: Houndstone|38/100\n|-damage|p1a: Houndstone|25/100\n|-hitcount|p1a: Houndstone|4\n|move|p1a: Houndstone|Body Press|p2a: Cinccino\n|-supereffective|p2a: Cinccino\n|-damage|p2a: Cinccino|0 fnt\n|faint|p2a: Cinccino\n|\n|-heal|p1a: Houndstone|32/100|[from] item: Leftovers\n|upkeep\n|inactive|Time left: 300 sec this turn | 300 sec total | 5 sec grace\n|\n|t:|1783553749\n|switch|p2a: Inteleon|Inteleon, L81, F|246/246\n|turn|6\n|inactive|Time left: 300 sec this turn | 300 sec total\n|\n|t:|1783553750\n|switch|p1a: Chansey|Chansey, L85, F|100/100\n|move|p2a: Inteleon|Scald|p1a: Chansey\n|-damage|p1a: Chansey|85/100\n|\n|upkeep\n|turn|7\n|inactive|Time left: 300 sec this turn | 300 sec total\n|\n|t:|1783553751\n|move|p2a: Inteleon|Scald|p1a: Chansey\n|-damage|p1a: Chansey|71/100\n|move|p1a: Chansey|Seismic Toss|p2a: Inteleon\n|-damage|p2a: Inteleon|161/246\n|\n|upkeep\n|turn|8\n|inactive|Time left: 300 sec this turn | 300 sec total\n|\n|t:|1783553752\n|move|p2a: Inteleon|Scald|p1a: Chansey\n|-damage|p1a: Chansey|57/100\n|move|p1a: Chansey|Soft-Boiled|p1a: Chansey\n|-heal|p1a: Chansey|100/100\n|\n|upkeep\n|turn|9\n|inactive|Time left: 300 sec this turn | 300 sec total\n|\n|t:|1783553753\n|move|p2a: Inteleon|Scald|p1a: Chansey\n|-damage|p1a: Chansey|85/100\n|-status|p1a: Chansey|brn\n|move|p1a: Chansey|Thunder Wave|p2a: Inteleon\n|-status|p2a: Inteleon|par\n|\n|-damage|p1a: Chansey|78/100 brn|[from] brn\n|upkeep\n|turn|10\n|inactive|Time left: 300 sec this turn | 300 sec total\n|\n|t:|1783553754\n|-curestatus|p1a: Chansey|brn|[from] ability: Natural Cure|[silent]\n|switch|p1a: Greninja|Greninja, L80, M|100/100\n|cant|p2a: Inteleon|par\n|\n|upkeep\n|turn|11\n|inactive|Time left: 300 sec this turn | 300 sec total\n|\n|t:|1783553755\n|move|p1a: Greninja|Dark Pulse|p2a: Inteleon\n|-damage|p2a: Inteleon|12/246 par\n|-damage|p1a: Greninja|91/100|[from] item: Life Orb\n|cant|p2a: Inteleon|par\n|\n|upkeep\n|turn|12\n|inactive|Time left: 300 sec this turn | 300 sec total\n|\n|t:|1783553756\n|move|p1a: Greninja|Hydro Pump|p2a: Inteleon|[miss]\n|-miss|p1a: Greninja|p2a: Inteleon\n|move|p2a: Inteleon|Scald|p1a: Greninja\n|-resisted|p1a: Greninja\n|-damage|p1a: Greninja|39/100\n|-status|p1a: Greninja|brn\n|\n|-damage|p1a: Greninja|33/100 brn|[from] brn\n|upkeep\n|turn|13\n|inactive|Time left: 300 sec this turn | 300 sec total\n|\n|t:|1783553757\n|move|p1a: Greninja|Ice Beam|p2a: Inteleon\n|-resisted|p2a: Inteleon\n|-damage|p2a: Inteleon|0 fnt\n|faint|p2a: Inteleon\n|-ability|p1a: Greninja|Battle Bond|boost\n|-boost|p1a: Greninja|atk|1\n|-boost|p1a: Greninja|spa|1\n|-boost|p1a: Greninja|spe|1\n|-activate|p1a: Greninja|ability: Battle Bond\n|-damage|p1a: Greninja|23/100 brn|[from] item: Life Orb\n|\n|-damage|p1a: Greninja|17/100 brn|[from] brn\n|upkeep\n|inactive|Time left: 300 sec this turn | 300 sec total | 5 sec grace\n|\n|t:|1783553758\n|switch|p2a: Tentacruel|Tentacruel, L84, F|272/272\n|turn|14\n|inactive|Time left: 300 sec this turn | 300 sec total\n|\n|t:|1783553759\n|move|p1a: Greninja|Dark Pulse|p2a: Tentacruel\n|-damage|p2a: Tentacruel|155/272\n|-damage|p1a: Greninja|7/100 brn|[from] item: Life Orb\n|cant|p2a: Tentacruel|flinch\n|\n|-heal|p2a: Tentacruel|172/272|[from] item: Leftovers\n|-damage|p1a: Greninja|1/100 brn|[from] brn\n|upkeep\n|turn|15\n|inactive|Time left: 300 sec this turn | 300 sec total\n|\n|t:|1783553759\n|move|p1a: Greninja|Dark Pulse|p2a: Tentacruel\n|-damage|p2a: Tentacruel|54/272\n|-damage|p1a: Greninja|0 fnt|[from] item: Life Orb\n|faint|p1a: Greninja\n|move|p2a: Tentacruel|Toxic Spikes|p1: Greninja\n|-sidestart|p1: p0x1261f04e|move: Toxic Spikes\n|\n|-heal|p2a: Tentacruel|71/272|[from] item: Leftovers\n|upkeep\n|\n|t:|1783553760\n|switch|p1a: Lunala|Lunala, L70|43/100\n|-status|p1a: Lunala|psn\n|turn|16\n|inactive|Time left: 300 sec this turn | 300 sec total\n|\n|t:|1783553761\n|switch|p2a: Houndoom|Houndoom, L87, F|272/272\n|move|p1a: Lunala|Moonlight|p1a: Lunala\n|-heal|p1a: Lunala|93/100 psn\n|\n|-heal|p1a: Lunala|99/100 psn|[from] item: Leftovers\n|-damage|p1a: Lunala|87/100 psn|[from] psn\n|upkeep\n|turn|17\n|inactive|Time left: 300 sec this turn | 300 sec total\n|\n|t:|1783553762\n|switch|p1a: Chansey|Chansey, L85, F|78/100\n|-status|p1a: Chansey|psn\n|move|p2a: Houndoom|Nasty Plot|p2a: Houndoom\n|-boost|p2a: Houndoom|spa|2\n|\n|-damage|p1a: Chansey|66/100 psn|[from] psn\n|upkeep\n|turn|18\n|inactive|Time left: 300 sec this turn | 300 sec total\n|\n|t:|1783553763\n|move|p2a: Houndoom|Nasty Plot|p2a: Houndoom\n|-boost|p2a: Houndoom|spa|2\n|move|p1a: Chansey|Soft-Boiled|p1a: Chansey\n|-heal|p1a: Chansey|100/100 psn\n|\n|-damage|p1a: Chansey|88/100 psn|[from] psn\n|upkeep\n|turn|19\n|inactive|Time left: 300 sec this turn | 300 sec total\n|\n|t:|1783553764\n|move|p2a: Houndoom|Dark Pulse|p1a: Chansey\n|-damage|p1a: Chansey|59/100 psn\n|move|p1a: Chansey|Heal Bell|p1a: Chansey\n|-activate|p1a: Chansey|move: Heal Bell\n|-curestatus|p1a: Chansey|psn|[msg]\n|-curestatus|p1: Lunala|psn|[msg]\n|\n|upkeep\n|turn|20\n|inactive|Time left: 300 sec this turn | 300 sec total\n|\n|t:|1783553765\n|move|p2a: Houndoom|Fire Blast|p1a: Chansey\n|-damage|p1a: Chansey|16/100\n|move|p1a: Chansey|Soft-Boiled|p1a: Chansey\n|-heal|p1a: Chansey|66/100\n|\n|upkeep\n|turn|21\n|inactive|Time left: 300 sec this turn | 300 sec total\n|\n|t:|1783553766\n|move|p2a: Houndoom|Fire Blast|p1a: Chansey\n|-damage|p1a: Chansey|23/100\n|move|p1a: Chansey|Soft-Boiled|p1a: Chansey\n|-heal|p1a: Chansey|73/100\n|\n|upkeep\n|turn|22\n|inactive|Time left: 300 sec this turn | 300 sec total\n|\n|t:|1783553768\n|move|p2a: Houndoom|Fire Blast|p1a: Chansey\n|-damage|p1a: Chansey|27/100\n|move|p1a: Chansey|Soft-Boiled|p1a: Chansey\n|-heal|p1a: Chansey|77/100\n|\n|upkeep\n|turn|23\n|inactive|Time left: 300 sec this turn | 300 sec total\n|\n|t:|1783553769\n|move|p2a: Houndoom|Fire Blast|p1a: Chansey\n|-damage|p1a: Chansey|35/100\n|move|p1a: Chansey|Soft-Boiled|p1a: Chansey\n|-heal|p1a: Chansey|85/100\n|\n|upkeep\n|turn|24\n|inactive|Time left: 300 sec this turn | 300 sec total\n|\n|t:|1783553770\n|move|p2a: Houndoom|Fire Blast|p1a: Chansey\n|-damage|p1a: Chansey|41/100\n|move|p1a: Chansey|Soft-Boiled|p1a: Chansey\n|-heal|p1a: Chansey|91/100\n|\n|upkeep\n|turn|25\n|inactive|Time left: 300 sec this turn | 300 sec total\n|\n|t:|1783553771\n|move|p2a: Houndoom|Dark Pulse|p1a: Chansey\n|-damage|p1a: Chansey|60/100\n|cant|p1a: Chansey|flinch\n|\n|upkeep\n|turn|26\n|inactive|Time left: 300 sec this turn | 300 sec total\n|\n|t:|1783553772\n|move|p2a: Houndoom|Dark Pulse|p1a: Chansey\n|-damage|p1a: Chansey|29/100\n|move|p1a: Chansey|Soft-Boiled|p1a: Chansey\n|-heal|p1a: Chansey|79/100\n|\n|upkeep\n|turn|27\n|inactive|Time left: 300 sec this turn | 300 sec total\n|\n|t:|1783553774\n|move|p2a: Houndoom|Fire Blast|p1a: Chansey\n|-damage|p1a: Chansey|34/100\n|move|p1a: Chansey|Thunder Wave|p2a: Houndoom\n|-status|p2a: Houndoom|par\n|\n|upkeep\n|turn|28\n|inactive|Time left: 300 sec this turn | 300 sec total\n|\n|t:|1783553775\n|move|p1a: Chansey|Seismic Toss|p2a: Houndoom\n|-damage|p2a: Houndoom|187/272 par\n|move|p2a: Houndoom|Fire Blast|p1a: Chansey\n|-crit|p1a: Chansey\n|-damage|p1a: Chansey|0 fnt\n|faint|p1a: Chansey\n|\n|upkeep\n|\n|t:|1783553776\n|switch|p1a: Houndstone|Houndstone, L86, M|32/100\n|-status|p1a: Houndstone|psn\n|turn|29\n|inactive|Time left: 300 sec this turn | 300 sec total\n|\n|t:|1783553777\n|move|p1a: Houndstone|Body Press|p2a: Houndoom\n|-supereffective|p2a: Houndoom\n|-damage|p2a: Houndoom|25/272 par\n|move|p2a: Houndoom|Fire Blast|p1a: Houndstone|[miss]\n|-miss|p2a: Houndoom|p1a: Houndstone\n|\n|-heal|p1a: Houndstone|38/100 psn|[from] item: Leftovers\n|-damage|p1a: Houndstone|25/100 psn|[from] psn\n|upkeep\n|turn|30\n|inactive|Time left: 300 sec this turn | 300 sec total\n|\n|t:|1783553778\n|move|p1a: Houndstone|Body Press|p2a: Houndoom\n|-supereffective|p2a: Houndoom\n|-damage|p2a: Houndoom|0 fnt\n|faint|p2a: Houndoom\n|\n|-heal|p1a: Houndstone|31/100 psn|[from] item: Leftovers\n|-damage|p1a: Houndstone|19/100 psn|[from] psn\n|upkeep\n|inactive|Time left: 300 sec this turn | 300 sec total | 5 sec grace\n|\n|t:|1783553779\n|switch|p2a: Tentacruel|Tentacruel, L84, F|71/272\n|turn|31\n|inactive|Time left: 300 sec this turn | 300 sec total\n|\n|t:|1783553780\n|move|p2a: Tentacruel|Surf|p1a: Houndstone\n|-damage|p1a: Houndstone|0 fnt\n|faint|p1a: Houndstone\n|\n|-heal|p2a: Tentacruel|88/272|[from] item: Leftovers\n|upkeep\n|\n|t:|1783553780\n|switch|p1a: Lunala|Lunala, L70|87/100\n|-status|p1a: Lunala|psn\n|turn|32\n|inactive|Time left: 300 sec this turn | 300 sec total\n|\n|t:|1783553781\n|switch|p2a: Persian|Persian, L92, F|269/269\n|move|p1a: Lunala|Calm Mind|p1a: Lunala\n|-boost|p1a: Lunala|spa|1\n|-boost|p1a: Lunala|spd|1\n|\n|-heal|p1a: Lunala|93/100 psn|[from] item: Leftovers\n|-damage|p1a: Lunala|81/100 psn|[from] psn\n|upkeep\n|turn|33\n|inactive|Time left: 300 sec this turn | 300 sec total\n|\n|t:|1783553782\n|-terastallize|p1a: Lunala|Dark\n|move|p2a: Persian|Knock Off|p1a: Lunala\n|-resisted|p1a: Lunala\n|-damage|p1a: Lunala|62/100 psn\n|-enditem|p1a: Lunala|Leftovers|[from] move: Knock Off|[of] p2a: Persian\n|move|p1a: Lunala|Psyshock|p2a: Persian\n|-damage|p2a: Persian|128/269\n|\n|-damage|p1a: Lunala|49/100 psn|[from] psn\n|upkeep\n|turn|34\n|inactive|Time left: 300 sec this turn | 300 sec total\n|\n|t:|1783553783\n|switch|p2a: Tentacruel|Tentacruel, L84, F|88/272\n|move|p1a: Lunala|Moonlight|p1a: Lunala\n|-heal|p1a: Lunala|99/100 psn\n|\n|-heal|p2a: Tentacruel|105/272|[from] item: Leftovers\n|-damage|p1a: Lunala|87/100 psn|[from] psn\n|upkeep\n|turn|35\n|inactive|Time left: 300 sec this turn | 300 sec total\n|\n|t:|1783553784\n|switch|p2a: Persian|Persian, L92, F|128/269\n|move|p1a: Lunala|Psyshock|p2a: Persian\n|-damage|p2a: Persian|0 fnt\n|faint|p2a: Persian\n|\n|-damage|p1a: Lunala|75/100 psn|[from] psn\n|upkeep\n|inactive|Time left: 300 sec this turn | 300 sec total | 5 sec grace\n|\n|t:|1783553785\n|switch|p2a: Breloom|Breloom, L83, F|235/235\n|turn|36\n|inactive|Time left: 300 sec this turn | 300 sec total\n|\n|t:|1783553786\n|switch|p1a: Brute Bonnet|Brute Bonnet, L80|100/100\n|-status|p1a: Brute Bonnet|psn\n|-terastallize|p2a: Breloom|Fighting\n|move|p2a: Breloom|Mach Punch|p1a: Brute Bonnet\n|-supereffective|p1a: Brute Bonnet\n|-damage|p1a: Brute Bonnet|13/100 psn\n|-damage|p2a: Breloom|212/235|[from] item: Life Orb\n|\n|-heal|p1a: Brute Bonnet|19/100 psn|[from] item: Leftovers\n|-damage|p1a: Brute Bonnet|7/100 psn|[from] psn\n|upkeep\n|turn|37\n|inactive|Time left: 300 sec this turn | 300 sec total\n|\n|t:|1783553787\n|move|p2a: Breloom|Mach Punch|p1a: Brute Bonnet\n|-supereffective|p1a: Brute Bonnet\n|-damage|p1a: Brute Bonnet|0 fnt\n|faint|p1a: Brute Bonnet\n|-end|p1a: Brute Bonnet|Protosynthesis|[silent]\n|-damage|p2a: Breloom|189/235|[from] item: Life Orb\n|\n|upkeep\n|\n|t:|1783553788\n|switch|p1a: Lunala|Lunala, L70, tera:Dark|75/100 psn\n|turn|38\n|inactive|Time left: 300 sec this turn | 300 sec total\n|\n|t:|1783553789\n|move|p2a: Breloom|Mach Punch|p1a: Lunala\n|-supereffective|p1a: Lunala\n|-damage|p1a: Lunala|0 fnt\n|faint|p1a: Lunala\n|-damage|p2a: Breloom|166/235|[from] item: Life Orb\n|\n|win|p0y126168e1", "uploadtime": 1783553789, "views": 0, "rating": 0, "private": 0, "password": null, "_winner": "p0y126168e1", "_our_name": "p0y126168e1"}