{"id": "battle-gen9randombattle-1414", "formatid": "gen9randombattle", "format": "[Gen 9] Random Battle", "players": ["p0x1414c2bb", "p0y1414bc14"], "log": "|init|battle\n|title|p0x1414c2bb vs. p0y1414bc14\n|j|\u2606p0x1414c2bb\n|j|\u2606p0y1414bc14\n|t:|1783555495\n|gametype|singles\n|player|p1|p0x1414c2bb|2|\n|player|p2|p0y1414bc14|265|\n|gen|9\n|tier|[Gen 9] Random Battle\n|rule|Species Clause: Limit one of each Pok\u00e9mon\n|rule|HP Percentage Mod: HP is shown in percentages\n|rule|Sleep Clause Mod: Limit one foe put to sleep\n|rule|Illusion Level Mod: Illusion disguises the Pok\u00e9mon's true level\n|\n|t:|1783555495\n|teamsize|p1|6\n|teamsize|p2|6\n|start\n|switch|p1a: Froslass|Froslass, L87, F|100/100\n|switch|p2a: Phione|Phione, L91|293/293\n|turn|1\n|inactive|Battle timer is ON: inactive players will automatically lose when time's up. (requested by p0y1414bc14)\n|\n|t:|1783555497\n|move|p1a: Froslass|Triple Axel|p2a: Phione\n|-resisted|p2a: Phione\n|-damage|p2a: Phione|284/293\n|-resisted|p2a: Phione\n|-damage|p2a: Phione|263/293\n|-resisted|p2a: Phione\n|-damage|p2a: Phione|233/293\n|-hitcount|p2a: Phione|3\n|move|p2a: Phione|Scald|p1a: Froslass\n|-damage|p1a: Froslass|65/100\n|\n|-heal|p2a: Phione|251/293|[from] item: Leftovers\n|upkeep\n|turn|2\n|inactive|Time left: 300 sec this turn | 300 sec total\n|inactive|p0x1414c2bb also wants the timer to be on.\n|\n|t:|1783555498\n|move|p1a: Froslass|Poltergeist|p2a: Phione\n|-activate|p2a: Phione|move: Poltergeist|Leftovers\n|-damage|p2a: Phione|142/293\n|move|p2a: Phione|Scald|p1a: Froslass\n|-damage|p1a: Froslass|28/100\n|\n|-heal|p2a: Phione|160/293|[from] item: Leftovers\n|upkeep\n|turn|3\n|inactive|Time left: 300 sec this turn | 300 sec total\n|\n|t:|1783555499\n|move|p1a: Froslass|Poltergeist|p2a: Phione\n|-activate|p2a: Phione|move: Poltergeist|Leftovers\n|-damage|p2a: Phione|55/293\n|move|p2a: Phione|Scald|p1a: Froslass\n|-damage|p1a: Froslass|0 fnt\n|faint|p1a: Froslass\n|\n|-heal|p2a: Phione|73/293|[from] item: Leftovers\n|upkeep\n|\n|t:|1783555500\n|switch|p1a: Yanmega|Yanmega, L82, M|100/100\n|turn|4\n|inactive|Time left: 300 sec this turn | 300 sec total\n|\n|t:|1783555501\n|switch|p2a: Typhlosion|Typhlosion, L84, M|267/267\n|move|p1a: Yanmega|Bug Buzz|p2a: Typhlosion\n|-resisted|p2a: Typhlosion\n|-damage|p2a: Typhlosion|115/267\n|\n|upkeep\n|turn|5\n|inactive|Time left: 300 sec this turn | 300 sec total\n|\n|t:|1783555502\n|move|p2a: Typhlosion|Fire Blast|p1a: Yanmega\n|-supereffective|p1a: Yanmega\n|-damage|p1a: Yanmega|0 fnt\n|faint|p1a: Yanmega\n|\n|upkeep\n|\n|t:|1783555503\n|switch|p1a: Mabosstiff|Mabosstiff, L86, F|100/100\n|turn|6\n|inactive|Time left: 300 sec this turn | 300 sec total\n|\n|t:|1783555504\n|move|p2a: Typhlosion|Fire Blast|p1a: Mabosstiff\n|-damage|p1a: Mabosstiff|27/100\n|move|p1a: Mabosstiff|Crunch|p2a: Typhlosion\n|-damage|p2a: Typhlosion|0 fnt\n|faint|p2a: Typhlosion\n|\n|upkeep\n|inactive|Time left: 300 sec this turn | 300 sec total | 5 sec grace\n|\n|t:|1783555505\n|switch|p2a: Ribombee|Ribombee, L83, M|235/235\n|turn|7\n|inactive|Time left: 300 sec this turn | 300 sec total\n|\n|t:|1783555506\n|switch|p1a: Bisharp|Bisharp, L79, F|100/100\n|move|p2a: Ribombee|Sticky Web|p1a: Bisharp\n|-sidestart|p1: p0x1414c2bb|move: Sticky Web\n|\n|upkeep\n|turn|8\n|inactive|Time left: 300 sec this turn | 300 sec total\n|\n|t:|1783555507\n|switch|p2a: Skarmory|Skarmory, L80, M|235/235\n|move|p1a: Bisharp|Swords Dance|p1a: Bisharp\n|-boost|p1a: Bisharp|atk|2\n|\n|upkeep\n|turn|9\n|inactive|Time left: 300 sec this turn | 300 sec total\n|\n|t:|1783555508\n|move|p2a: Skarmory|Iron Defense|p2a: Skarmory\n|-boost|p2a: Skarmory|def|2\n|move|p1a: Bisharp|Throat Chop|p2a: Skarmory\n|-damage|p2a: Skarmory|166/235\n|-start|p2a: Skarmory|Throat Chop|[silent]\n|\n|-heal|p2a: Skarmory|180/235|[from] item: Leftovers\n|upkeep\n|turn|10\n|inactive|Time left: 300 sec this turn | 300 sec total\n|\n|t:|1783555509\n|-terastallize|p1a: Bisharp|Flying\n|move|p2a: Skarmory|Body Press|p1a: Bisharp\n|-resisted|p1a: Bisharp\n|-crit|p1a: Bisharp\n|-damage|p1a: Bisharp|71/100\n|move|p1a: Bisharp|Swords Dance|p1a: Bisharp\n|-boost|p1a: Bisharp|atk|2\n|\n|-heal|p2a: Skarmory|194/235|[from] item: Leftovers\n|-end|p2a: Skarmory|Throat Chop|[silent]\n|upkeep\n|turn|11\n|inactive|Time left: 300 sec this turn | 300 sec total\n|\n|t:|1783555511\n|move|p2a: Skarmory|Iron Defense|p2a: Skarmory\n|-boost|p2a: Skarmory|def|2\n|move|p1a: Bisharp|Throat Chop|p2a: Skarmory\n|-damage|p2a: Skarmory|133/235\n|-start|p2a: Skarmory|Throat Chop|[silent]\n|\n|-heal|p2a: Skarmory|147/235|[from] item: Leftovers\n|upkeep\n|turn|12\n|inactive|Time left: 300 sec this turn | 300 sec total\n|\n|t:|1783555512\n|-terastallize|p2a: Skarmory|Fighting\n|move|p2a: Skarmory|Body Press|p1a: Bisharp\n|-resisted|p1a: Bisharp\n|-damage|p1a: Bisharp|29/100\n|move|p1a: Bisharp|Throat Chop|p2a: Skarmory\n|-resisted|p2a: Skarmory\n|-damage|p2a: Skarmory|115/235\n|\n|-heal|p2a: Skarmory|129/235|[from] item: Leftovers\n|-end|p2a: Skarmory|Throat Chop|[silent]\n|upkeep\n|turn|13\n|inactive|Time left: 300 sec this turn | 300 sec total\n|\n|t:|1783555513\n|move|p1a: Bisharp|Sucker Punch|p2a: Skarmory\n|-resisted|p2a: Skarmory\n|-damage|p2a: Skarmory|98/235\n|move|p2a: Skarmory|Body Press|p1a: Bisharp\n|-resisted|p1a: Bisharp\n|-damage|p1a: Bisharp|0 fnt\n|faint|p1a: Bisharp\n|\n|-heal|p2a: Skarmory|112/235|[from] item: Leftovers\n|upkeep\n|\n|t:|1783555514\n|switch|p1a: Dipplin|Dipplin, L88, M|100/100\n|-activate|p1a: Dipplin|move: Sticky Web\n|-unboost|p1a: Dipplin|spe|1\n|turn|14\n|inactive|Time left: 300 sec this turn | 300 sec total\n|\n|t:|1783555515\n|move|p2a: Skarmory|Roost|p2a: Skarmory\n|-heal|p2a: Skarmory|230/235\n|move|p1a: Dipplin|Dragon Pulse|p2a: Skarmory\n|-damage|p2a: Skarmory|107/235\n|\n|-heal|p2a: Skarmory|121/235|[from] item: Leftovers\n|upkeep\n|turn|15\n|inactive|Time left: 300 sec this turn | 300 sec total\n|\n|t:|1783555517\n|move|p2a: Skarmory|Roost|p2a: Skarmory\n|-heal|p2a: Skarmory|235/235\n|move|p1a: Dipplin|Dragon Pulse|p2a: Skarmory\n|-damage|p2a: Skarmory|106/235\n|\n|-heal|p2a: Skarmory|120/235|[from] item: Leftovers\n|upkeep\n|turn|16\n|inactive|Time left: 300 sec this turn | 300 sec total\n|\n|t:|1783555517\n|move|p2a: Skarmory|Roost|p2a: Skarmory\n|-heal|p2a: Skarmory|235/235\n|move|p1a: Dipplin|Dragon Pulse|p2a: Skarmory\n|-damage|p2a: Skarmory|121/235\n|\n|-heal|p2a: Skarmory|135/235|[from] item: Leftovers\n|upkeep\n|turn|17\n|inactive|Time left: 300 sec this turn | 300 sec total\n|\n|t:|1783555518\n|move|p2a: Skarmory|Body Press|p1a: Dipplin\n|-damage|p1a: Dipplin|40/100\n|move|p1a: Dipplin|Giga Drain|p2a: Skarmory\n|-damage|p2a: Skarmory|21/235\n|-heal|p1a: Dipplin|60/100|[from] drain|[of] p2a: Skarmory\n|\n|-heal|p2a: Skarmory|35/235|[from] item: Leftovers\n|upkeep\n|turn|18\n|inactive|Time left: 300 sec this turn | 300 sec total\n|\n|t:|1783555519\n|move|p2a: Skarmory|Body Press|p1a: Dipplin\n|-damage|p1a: Dipplin|3/100\n|move|p1a: Dipplin|Giga Drain|p2a: Skarmory\n|-damage|p2a: Skarmory|0 fnt\n|-heal|p1a: Dipplin|9/100|[from] drain|[of] p2a: Skarmory\n|faint|p2a: Skarmory\n|\n|upkeep\n|inactive|Time left: 300 sec this turn | 300 sec total | 5 sec grace\n|\n|t:|1783555520\n|switch|p2a: Stantler|Stantler, L92, F|284/284\n|-ability|p2a: Stantler|Intimidate|boost\n|-unboost|p1a: Dipplin|atk|1\n|turn|19\n|inactive|Time left: 300 sec this turn | 300 sec total\n|\n|t:|1783555521\n|move|p2a: Stantler|Calm Mind|p2a: Stantler\n|-boost|p2a: Stantler|spa|1\n|-boost|p2a: Stantler|spd|1\n|move|p1a: Dipplin|Recover|p1a: Dipplin\n|-heal|p1a: Dipplin|59/100\n|\n|upkeep\n|turn|20\n|inactive|Time left: 300 sec this turn | 300 sec total\n|\n|t:|1783555522\n|move|p2a: Stantler|Calm Mind|p2a: Stantler\n|-boost|p2a: Stantler|spa|1\n|-boost|p2a: Stantler|spd|1\n|move|p1a: Dipplin|Giga Drain|p2a: Stantler\n|-damage|p2a: Stantler|250/284\n|-heal|p1a: Dipplin|65/100|[from] drain|[of] p2a: Stantler\n|\n|upkeep\n|turn|21\n|inactive|Time left: 300 sec this turn | 300 sec total\n|\n|t:|1783555522\n|move|p2a: Stantler|Tera Blast|p1a: Dipplin\n|-damage|p1a: Dipplin|22/100\n|move|p1a: Dipplin|Giga Drain|p2a: Stantler\n|-damage|p2a: Stantler|216/284\n|-heal|p1a: Dipplin|28/100|[from] drain|[of] p2a: Stantler\n|\n|upkeep\n|turn|22\n|inactive|Time left: 300 sec this turn | 300 sec total\n|\n|t:|1783555523\n|move|p2a: Stantler|Tera Blast|p1a: Dipplin\n|-damage|p1a: Dipplin|0 fnt\n|faint|p1a: Dipplin\n|\n|upkeep\n|\n|t:|1783555524\n|switch|p1a: Iron Hands|Iron Hands, L79|100/100\n|-activate|p1a: Iron Hands|move: Sticky Web\n|-unboost|p1a: Iron Hands|spe|1\n|turn|23\n|inactive|Time left: 300 sec this turn | 300 sec total\n|\n|t:|1783555525\n|move|p1a: Iron Hands|Fake Out|p2a: Stantler\n|-damage|p2a: Stantler|189/284\n|cant|p2a: Stantler|flinch\n|\n|upkeep\n|turn|24\n|inactive|Time left: 300 sec this turn | 300 sec total\n|\n|t:|1783555526\n|move|p2a: Stantler|Earth Power|p1a: Iron Hands\n|-supereffective|p1a: Iron Hands\n|-crit|p1a: Iron Hands\n|-damage|p1a: Iron Hands|5/100\n|move|p1a: Iron Hands|Wild Charge|p2a: Stantler\n|-damage|p2a: Stantler|101/284\n|-damage|p1a: Iron Hands|0 fnt|[from] Recoil\n|faint|p1a: Iron Hands\n|-end|p1a: Iron Hands|Quark Drive|[silent]\n|\n|upkeep\n|\n|t:|1783555527\n|switch|p1a: Mabosstiff|Mabosstiff, L86, F|27/100\n|-activate|p1a: Mabosstiff|move: Sticky Web\n|-unboost|p1a: Mabosstiff|spe|1\n|turn|25\n|inactive|Time left: 300 sec this turn | 300 sec total\n|\n|t:|1783555528\n|move|p2a: Stantler|Tera Blast|p1a: Mabosstiff\n|-damage|p1a: Mabosstiff|0 fnt\n|faint|p1a: Mabosstiff\n|\n|win|p0y1414bc14", "uploadtime": 1783555528, "views": 0, "rating": 0, "private": 0, "password": null, "_winner": "p0y1414bc14", "_our_name": "p0y1414bc14"}