{"id": "battle-gen9randombattle-344", "formatid": "gen9randombattle", "format": "[Gen 9] Random Battle", "players": ["p0x344da50", "p0y344060c"], "log": "|init|battle\n|title|p0x344da50 vs. p0y344060c\n|j|\u2606p0x344da50\n|j|\u2606p0y344060c\n|t:|1783543658\n|gametype|singles\n|player|p1|p0x344da50|265|\n|player|p2|p0y344060c|1|\n|gen|9\n|tier|[Gen 9] Random Battle\n|rule|Species Clause: Limit one of each Pok\u00e9mon\n|rule|HP Percentage Mod: HP is shown in percentages\n|rule|Sleep Clause Mod: Limit one foe put to sleep\n|rule|Illusion Level Mod: Illusion disguises the Pok\u00e9mon's true level\n|\n|t:|1783543658\n|teamsize|p1|6\n|teamsize|p2|6\n|start\n|switch|p1a: Arceus|Arceus-Grass, L73|100/100\n|switch|p2a: Mesprit|Mesprit, L85|275/275\n|turn|1\n|inactive|Battle timer is ON: inactive players will automatically lose when time's up. (requested by p0x344da50)\n|inactive|Time left: 300 sec this turn | 300 sec total | 60 sec grace\n|inactive|p0y344060c also wants the timer to be on.\n|\n|t:|1783543659\n|move|p1a: Arceus|Calm Mind|p1a: Arceus\n|-boost|p1a: Arceus|spa|1\n|-boost|p1a: Arceus|spd|1\n|move|p2a: Mesprit|Nasty Plot|p2a: Mesprit\n|-boost|p2a: Mesprit|spa|2\n|\n|upkeep\n|turn|2\n|inactive|Time left: 300 sec this turn | 300 sec total\n|\n|t:|1783543660\n|move|p1a: Arceus|Judgment|p2a: Mesprit\n|-damage|p2a: Mesprit|115/275\n|move|p2a: Mesprit|Ice Beam|p1a: Arceus\n|-supereffective|p1a: Arceus\n|-damage|p1a: Arceus|29/100\n|-damage|p2a: Mesprit|88/275|[from] item: Life Orb\n|\n|upkeep\n|turn|3\n|inactive|Time left: 300 sec this turn | 300 sec total\n|\n|t:|1783543661\n|switch|p2a: Gogoat|Gogoat, L88, F|360/360\n|move|p1a: Arceus|Judgment|p2a: Gogoat\n|-ability|p2a: Gogoat|Sap Sipper|boost\n|-boost|p2a: Gogoat|atk|1\n|\n|upkeep\n|turn|4\n|inactive|Time left: 300 sec this turn | 300 sec total\n|\n|t:|1783543663\n|move|p1a: Arceus|Recover|p1a: Arceus\n|-heal|p1a: Arceus|79/100\n|move|p2a: Gogoat|Horn Leech|p1a: Arceus\n|-resisted|p1a: Arceus\n|-damage|p1a: Arceus|58/100\n|\n|upkeep\n|turn|5\n|inactive|Time left: 300 sec this turn | 300 sec total\n|\n|t:|1783543664\n|move|p1a: Arceus|Fire Blast|p2a: Gogoat\n|-supereffective|p2a: Gogoat\n|-damage|p2a: Gogoat|136/360\n|move|p2a: Gogoat|Bulk Up|p2a: Gogoat\n|-boost|p2a: Gogoat|atk|1\n|-boost|p2a: Gogoat|def|1\n|\n|-heal|p2a: Gogoat|158/360|[from] item: Leftovers\n|upkeep\n|turn|6\n|inactive|Time left: 300 sec this turn | 300 sec total\n|\n|t:|1783543665\n|-terastallize|p2a: Gogoat|Water\n|move|p1a: Arceus|Fire Blast|p2a: Gogoat\n|-resisted|p2a: Gogoat\n|-crit|p2a: Gogoat\n|-damage|p2a: Gogoat|74/360\n|move|p2a: Gogoat|Rock Slide|p1a: Arceus\n|-damage|p1a: Arceus|19/100\n|\n|-heal|p2a: Gogoat|96/360|[from] item: Leftovers\n|upkeep\n|turn|7\n|inactive|Time left: 300 sec this turn | 300 sec total\n|\n|t:|1783543666\n|move|p1a: Arceus|Recover|p1a: Arceus\n|-heal|p1a: Arceus|69/100\n|move|p2a: Gogoat|Horn Leech|p1a: Arceus\n|-resisted|p1a: Arceus\n|-damage|p1a: Arceus|43/100\n|-heal|p2a: Gogoat|134/360|[from] drain|[of] p1a: Arceus\n|\n|-heal|p2a: Gogoat|156/360|[from] item: Leftovers\n|upkeep\n|turn|8\n|inactive|Time left: 300 sec this turn | 300 sec total\n|\n|t:|1783543667\n|move|p1a: Arceus|Recover|p1a: Arceus\n|-heal|p1a: Arceus|93/100\n|move|p2a: Gogoat|Rock Slide|p1a: Arceus\n|-damage|p1a: Arceus|60/100\n|\n|-heal|p2a: Gogoat|178/360|[from] item: Leftovers\n|upkeep\n|turn|9\n|inactive|Time left: 300 sec this turn | 300 sec total\n|\n|t:|1783543668\n|move|p1a: Arceus|Recover|p1a: Arceus\n|-heal|p1a: Arceus|100/100\n|move|p2a: Gogoat|Horn Leech|p1a: Arceus\n|-resisted|p1a: Arceus\n|-damage|p1a: Arceus|75/100\n|-heal|p2a: Gogoat|216/360|[from] drain|[of] p1a: Arceus\n|\n|-heal|p2a: Gogoat|238/360|[from] item: Leftovers\n|upkeep\n|turn|10\n|inactive|Time left: 300 sec this turn | 300 sec total\n|\n|t:|1783543669\n|move|p1a: Arceus|Fire Blast|p2a: Gogoat\n|-resisted|p2a: Gogoat\n|-damage|p2a: Gogoat|185/360\n|move|p2a: Gogoat|Rock Slide|p1a: Arceus\n|-damage|p1a: Arceus|36/100\n|\n|-heal|p2a: Gogoat|207/360|[from] item: Leftovers\n|upkeep\n|turn|11\n|inactive|Time left: 300 sec this turn | 300 sec total\n|\n|t:|1783543671\n|move|p1a: Arceus|Recover|p1a: Arceus\n|-heal|p1a: Arceus|86/100\n|move|p2a: Gogoat|Rock Slide|p1a: Arceus\n|-damage|p1a: Arceus|50/100\n|\n|-heal|p2a: Gogoat|229/360|[from] item: Leftovers\n|upkeep\n|turn|12\n|inactive|Time left: 300 sec this turn | 300 sec total\n|\n|t:|1783543671\n|move|p1a: Arceus|Recover|p1a: Arceus\n|-heal|p1a: Arceus|99/100\n|move|p2a: Gogoat|Horn Leech|p1a: Arceus\n|-resisted|p1a: Arceus\n|-damage|p1a: Arceus|73/100\n|-heal|p2a: Gogoat|270/360|[from] drain|[of] p1a: Arceus\n|\n|-heal|p2a: Gogoat|292/360|[from] item: Leftovers\n|upkeep\n|turn|13\n|inactive|Time left: 300 sec this turn | 300 sec total\n|\n|t:|1783543673\n|move|p1a: Arceus|Calm Mind|p1a: Arceus\n|-boost|p1a: Arceus|spa|1\n|-boost|p1a: Arceus|spd|1\n|move|p2a: Gogoat|Rock Slide|p1a: Arceus\n|-damage|p1a: Arceus|35/100\n|\n|-heal|p2a: Gogoat|314/360|[from] item: Leftovers\n|upkeep\n|turn|14\n|inactive|Time left: 300 sec this turn | 300 sec total\n|\n|t:|1783543674\n|move|p1a: Arceus|Recover|p1a: Arceus\n|-heal|p1a: Arceus|85/100\n|move|p2a: Gogoat|Rock Slide|p1a: Arceus\n|-crit|p1a: Arceus\n|-damage|p1a: Arceus|32/100\n|\n|-heal|p2a: Gogoat|336/360|[from] item: Leftovers\n|upkeep\n|turn|15\n|inactive|Time left: 300 sec this turn | 300 sec total\n|\n|t:|1783543675\n|move|p1a: Arceus|Recover|p1a: Arceus\n|-heal|p1a: Arceus|82/100\n|move|p2a: Gogoat|Rock Slide|p1a: Arceus\n|-damage|p1a: Arceus|44/100\n|\n|-heal|p2a: Gogoat|358/360|[from] item: Leftovers\n|upkeep\n|turn|16\n|inactive|Time left: 300 sec this turn | 300 sec total\n|\n|t:|1783543676\n|move|p1a: Arceus|Fire Blast|p2a: Gogoat\n|-resisted|p2a: Gogoat\n|-damage|p2a: Gogoat|287/360\n|move|p2a: Gogoat|Rock Slide|p1a: Arceus\n|-damage|p1a: Arceus|9/100\n|\n|-heal|p2a: Gogoat|309/360|[from] item: Leftovers\n|upkeep\n|turn|17\n|inactive|Time left: 300 sec this turn | 300 sec total\n|\n|t:|1783543676\n|move|p1a: Arceus|Fire Blast|p2a: Gogoat|[miss]\n|-miss|p1a: Arceus|p2a: Gogoat\n|move|p2a: Gogoat|Horn Leech|p1a: Arceus\n|-resisted|p1a: Arceus\n|-damage|p1a: Arceus|0 fnt\n|-heal|p2a: Gogoat|322/360|[from] drain|[of] p1a: Arceus\n|faint|p1a: Arceus\n|\n|-heal|p2a: Gogoat|344/360|[from] item: Leftovers\n|upkeep\n|\n|t:|1783543677\n|switch|p1a: Heracross|Heracross, L80, M|100/100\n|turn|18\n|inactive|Time left: 300 sec this turn | 300 sec total\n|\n|t:|1783543678\n|move|p1a: Heracross|Knock Off|p2a: Gogoat\n|-damage|p2a: Gogoat|283/360\n|-enditem|p2a: Gogoat|Leftovers|[from] move: Knock Off|[of] p1a: Heracross\n|move|p2a: Gogoat|Horn Leech|p1a: Heracross\n|-resisted|p1a: Heracross\n|-damage|p1a: Heracross|62/100\n|-heal|p2a: Gogoat|333/360|[from] drain|[of] p1a: Heracross\n|\n|-status|p1a: Heracross|brn|[from] item: Flame Orb\n|upkeep\n|turn|19\n|inactive|Time left: 300 sec this turn | 300 sec total\n|\n|t:|1783543679\n|move|p1a: Heracross|Facade|p2a: Gogoat\n|-crit|p2a: Gogoat\n|-damage|p2a: Gogoat|17/360\n|move|p2a: Gogoat|Horn Leech|p1a: Heracross\n|-resisted|p1a: Heracross\n|-damage|p1a: Heracross|24/100 brn\n|-heal|p2a: Gogoat|67/360|[from] drain|[of] p1a: Heracross\n|\n|-damage|p1a: Heracross|18/100 brn|[from] brn\n|upkeep\n|turn|20\n|inactive|Time left: 300 sec this turn | 300 sec total\n|\n|t:|1783543680\n|move|p1a: Heracross|Close Combat|p2a: Gogoat\n|-damage|p2a: Gogoat|0 fnt\n|-unboost|p1a: Heracross|def|1\n|-unboost|p1a: Heracross|spd|1\n|faint|p2a: Gogoat\n|\n|-damage|p1a: Heracross|12/100 brn|[from] brn\n|upkeep\n|inactive|Time left: 300 sec this turn | 300 sec total | 5 sec grace\n|\n|t:|1783543681\n|switch|p2a: Braviary|Braviary-Hisui, L85, M|326/326\n|turn|21\n|inactive|Time left: 300 sec this turn | 300 sec total\n|\n|t:|1783543683\n|move|p2a: Braviary|Vacuum Wave|p1a: Heracross\n|-resisted|p1a: Heracross\n|-damage|p1a: Heracross|0 fnt\n|faint|p1a: Heracross\n|\n|upkeep\n|\n|t:|1783543684\n|switch|p1a: Oranguru|Oranguru, L92, F|100/100\n|turn|22\n|inactive|Time left: 300 sec this turn | 300 sec total\n|\n|t:|1783543685\n|switch|p2a: Registeel|Registeel, L81|262/262\n|move|p1a: Oranguru|Nasty Plot|p1a: Oranguru\n|-boost|p1a: Oranguru|spa|2\n|\n|upkeep\n|turn|23\n|inactive|Time left: 300 sec this turn | 300 sec total\n|\n|t:|1783543686\n|move|p1a: Oranguru|Thunderbolt|p2a: Registeel\n|-damage|p2a: Registeel|127/262\n|-damage|p1a: Oranguru|91/100|[from] item: Life Orb\n|move|p2a: Registeel|Iron Head|p1a: Oranguru\n|-damage|p1a: Oranguru|72/100\n|\n|upkeep\n|turn|24\n|inactive|Time left: 300 sec this turn | 300 sec total\n|\n|t:|1783543687\n|move|p1a: Oranguru|Thunderbolt|p2a: Registeel\n|-damage|p2a: Registeel|0 fnt\n|faint|p2a: Registeel\n|-damage|p1a: Oranguru|62/100|[from] item: Life Orb\n|\n|upkeep\n|inactive|Time left: 300 sec this turn | 300 sec total | 5 sec grace\n|\n|t:|1783543688\n|switch|p2a: Persian|Persian, L92, F|269/269\n|turn|25\n|inactive|Time left: 300 sec this turn | 300 sec total\n|\n|t:|1783543689\n|move|p2a: Persian|Double-Edge|p1a: Oranguru\n|-damage|p1a: Oranguru|12/100\n|-damage|p2a: Persian|217/269|[from] Recoil\n|move|p1a: Oranguru|Hyper Voice|p2a: Persian\n|-damage|p2a: Persian|0 fnt\n|faint|p2a: Persian\n|-damage|p1a: Oranguru|2/100|[from] item: Life Orb\n|\n|upkeep\n|inactive|Time left: 300 sec this turn | 300 sec total | 5 sec grace\n|\n|t:|1783543690\n|switch|p2a: Mesprit|Mesprit, L85|88/275\n|turn|26\n|inactive|Time left: 300 sec this turn | 300 sec total\n|\n|t:|1783543692\n|move|p2a: Mesprit|Dazzling Gleam|p1a: Oranguru\n|-damage|p1a: Oranguru|0 fnt\n|faint|p1a: Oranguru\n|-damage|p2a: Mesprit|61/275|[from] item: Life Orb\n|\n|upkeep\n|\n|t:|1783543692\n|switch|p1a: Iron Bundle|Iron Bundle, L78|100/100\n|turn|27\n|inactive|Time left: 300 sec this turn | 300 sec total\n|\n|t:|1783543693\n|move|p1a: Iron Bundle|Ice Beam|p2a: Mesprit\n|-damage|p2a: Mesprit|0 fnt\n|faint|p2a: Mesprit\n|\n|upkeep\n|inactive|Time left: 300 sec this turn | 300 sec total | 5 sec grace\n|\n|t:|1783543694\n|switch|p2a: Cinderace|Cinderace, L77, F|250/250\n|turn|28\n|inactive|Time left: 300 sec this turn | 300 sec total\n|\n|t:|1783543695\n|-terastallize|p1a: Iron Bundle|Water\n|move|p1a: Iron Bundle|Ice Beam|p2a: Cinderace\n|-resisted|p2a: Cinderace\n|-damage|p2a: Cinderace|151/250\n|move|p2a: Cinderace|Pyro Ball|p1a: Iron Bundle\n|-resisted|p1a: Iron Bundle\n|-damage|p1a: Iron Bundle|74/100\n|\n|upkeep\n|turn|29\n|inactive|Time left: 300 sec this turn | 300 sec total\n|\n|t:|1783543696\n|move|p1a: Iron Bundle|Ice Beam|p2a: Cinderace\n|-resisted|p2a: Cinderace\n|-damage|p2a: Cinderace|64/250\n|move|p2a: Cinderace|U-turn|p1a: Iron Bundle\n|-start|p2a: Cinderace|typechange|Bug|[from] ability: Libero\n|-damage|p1a: Iron Bundle|47/100\n|inactive|Time left: 300 sec this turn | 300 sec total | 5 sec grace\n|\n|t:|1783543697\n|switch|p2a: Braviary|Braviary-Hisui, L85, M|326/326|[from] U-turn\n|\n|upkeep\n|turn|30\n|inactive|Time left: 300 sec this turn | 300 sec total\n|\n|t:|1783543698\n|move|p2a: Braviary|Vacuum Wave|p1a: Iron Bundle\n|-damage|p1a: Iron Bundle|15/100\n|move|p1a: Iron Bundle|Ice Beam|p2a: Braviary\n|-supereffective|p2a: Braviary\n|-damage|p2a: Braviary|0 fnt\n|faint|p2a: Braviary\n|\n|upkeep\n|inactive|Time left: 300 sec this turn | 300 sec total | 5 sec grace\n|\n|t:|1783543699\n|switch|p2a: Cinderace|Cinderace, L77, F|64/250\n|turn|31\n|inactive|Time left: 300 sec this turn | 300 sec total\n|\n|t:|1783543700\n|move|p1a: Iron Bundle|Ice Beam|p2a: Cinderace\n|-resisted|p2a: Cinderace\n|-damage|p2a: Cinderace|0 fnt\n|faint|p2a: Cinderace\n|\n|win|p0x344da50", "uploadtime": 1783543700, "views": 0, "rating": 0, "private": 0, "password": null, "_winner": "p0x344da50", "_our_name": "p0y344060c"}