{"id": "battle-gen9randombattle-2702", "formatid": "gen9randombattle", "format": "[Gen 9] Random Battle", "players": ["p0x27029abc", "p0y27027840"], "log": "|init|battle\n|title|p0x27029abc vs. p0y27027840\n|j|\u2606p0x27029abc\n|j|\u2606p0y27027840\n|t:|1783571149\n|gametype|singles\n|player|p1|p0x27029abc|101|\n|player|p2|p0y27027840|2|\n|gen|9\n|tier|[Gen 9] Random Battle\n|rule|Species Clause: Limit one of each Pok\u00e9mon\n|rule|HP Percentage Mod: HP is shown in percentages\n|rule|Sleep Clause Mod: Limit one foe put to sleep\n|rule|Illusion Level Mod: Illusion disguises the Pok\u00e9mon's true level\n|\n|t:|1783571149\n|teamsize|p1|6\n|teamsize|p2|6\n|start\n|switch|p1a: Lurantis|Lurantis, L87, F|264/264\n|switch|p2a: Ludicolo|Ludicolo, L90, F|100/100\n|turn|1\n|inactive|Battle timer is ON: inactive players will automatically lose when time's up. (requested by p0x27029abc)\n|inactive|p0y27027840 also wants the timer to be on.\n|\n|t:|1783571150\n|move|p2a: Ludicolo|Ice Beam|p1a: Lurantis\n|-supereffective|p1a: Lurantis\n|-damage|p1a: Lurantis|150/264\n|-damage|p2a: Ludicolo|90/100|[from] item: Life Orb\n|move|p1a: Lurantis|Superpower|p2a: Ludicolo\n|-damage|p2a: Ludicolo|55/100\n|-boost|p1a: Lurantis|atk|1\n|-boost|p1a: Lurantis|def|1\n|\n|upkeep\n|turn|2\n|inactive|Time left: 300 sec this turn | 300 sec total\n|\n|t:|1783571151\n|move|p2a: Ludicolo|Ice Beam|p1a: Lurantis\n|-supereffective|p1a: Lurantis\n|-damage|p1a: Lurantis|38/264\n|-damage|p2a: Ludicolo|45/100|[from] item: Life Orb\n|move|p1a: Lurantis|Leech Life|p2a: Ludicolo\n|-supereffective|p2a: Ludicolo\n|-damage|p2a: Ludicolo|0 fnt\n|-heal|p1a: Lurantis|103/264|[from] drain|[of] p2a: Ludicolo\n|faint|p2a: Ludicolo\n|\n|upkeep\n|\n|t:|1783571152\n|switch|p2a: Ho-Oh|Ho-Oh, L71|100/100\n|turn|3\n|inactive|Time left: 300 sec this turn | 300 sec total\n|\n|t:|1783571153\n|-terastallize|p1a: Lurantis|Water\n|move|p2a: Ho-Oh|Brave Bird|p1a: Lurantis\n|-damage|p1a: Lurantis|25/264\n|-damage|p2a: Ho-Oh|91/100|[from] Recoil\n|move|p1a: Lurantis|Superpower|p2a: Ho-Oh\n|-resisted|p2a: Ho-Oh\n|-damage|p2a: Ho-Oh|60/100\n|-boost|p1a: Lurantis|atk|1\n|-boost|p1a: Lurantis|def|1\n|\n|upkeep\n|turn|4\n|inactive|Time left: 300 sec this turn | 300 sec total\n|\n|t:|1783571154\n|move|p2a: Ho-Oh|Brave Bird|p1a: Lurantis\n|-damage|p1a: Lurantis|0 fnt\n|faint|p1a: Lurantis\n|-damage|p2a: Ho-Oh|57/100|[from] Recoil\n|\n|upkeep\n|inactive|Time left: 300 sec this turn | 300 sec total | 5 sec grace\n|\n|t:|1783571155\n|switch|p1a: Roaring Moon|Roaring Moon, L72|270/270\n|turn|5\n|inactive|Time left: 300 sec this turn | 300 sec total\n|\n|t:|1783571156\n|switch|p2a: Flamigo|Flamigo, L82, M|100/100\n|move|p1a: Roaring Moon|Outrage|p2a: Flamigo\n|-damage|p2a: Flamigo|16/100\n|\n|upkeep\n|turn|6\n|inactive|Time left: 300 sec this turn | 300 sec total\n|\n|t:|1783571158\n|move|p2a: Flamigo|Close Combat|p1a: Roaring Moon\n|-supereffective|p1a: Roaring Moon\n|-damage|p1a: Roaring Moon|0 fnt\n|-unboost|p2a: Flamigo|def|1\n|-unboost|p2a: Flamigo|spd|1\n|faint|p1a: Roaring Moon\n|-end|p1a: Roaring Moon|Protosynthesis|[silent]\n|\n|upkeep\n|inactive|Time left: 300 sec this turn | 300 sec total | 5 sec grace\n|\n|t:|1783571159\n|switch|p1a: Entei|Entei, L78|307/307\n|turn|7\n|inactive|Time left: 300 sec this turn | 300 sec total\n|\n|t:|1783571160\n|move|p2a: Flamigo|Close Combat|p1a: Entei\n|-damage|p1a: Entei|166/307\n|-unboost|p2a: Flamigo|def|1\n|-unboost|p2a: Flamigo|spd|1\n|move|p1a: Entei|Sacred Fire|p2a: Flamigo\n|-damage|p2a: Flamigo|0 fnt\n|faint|p2a: Flamigo\n|\n|upkeep\n|\n|t:|1783571160\n|switch|p2a: Miraidon|Miraidon, L65|100/100\n|-fieldstart|move: Electric Terrain|[from] ability: Hadron Engine|[of] p2a: Miraidon\n|turn|8\n|inactive|Time left: 300 sec this turn | 300 sec total\n|\n|t:|1783571161\n|switch|p1a: Amoonguss|Amoonguss, L82, F|321/321\n|move|p2a: Miraidon|Electro Drift|p1a: Amoonguss\n|-resisted|p1a: Amoonguss\n|-damage|p1a: Amoonguss|207/321\n|-damage|p2a: Miraidon|91/100|[from] item: Life Orb\n|\n|-heal|p1a: Amoonguss|227/321|[from] item: Leftovers\n|upkeep\n|turn|9\n|inactive|Time left: 300 sec this turn | 300 sec total\n|\n|t:|1783571162\n|move|p2a: Miraidon|Calm Mind|p2a: Miraidon\n|-boost|p2a: Miraidon|spa|1\n|-boost|p2a: Miraidon|spd|1\n|move|p1a: Amoonguss|Stomping Tantrum|p2a: Miraidon\n|-supereffective|p2a: Miraidon\n|-damage|p2a: Miraidon|44/100\n|\n|-heal|p1a: Amoonguss|247/321|[from] item: Leftovers\n|upkeep\n|turn|10\n|inactive|Time left: 300 sec this turn | 300 sec total\n|\n|t:|1783571163\n|move|p2a: Miraidon|Draco Meteor|p1a: Amoonguss\n|-damage|p1a: Amoonguss|0 fnt\n|-unboost|p2a: Miraidon|spa|2\n|faint|p1a: Amoonguss\n|-damage|p2a: Miraidon|34/100|[from] item: Life Orb\n|\n|upkeep\n|inactive|Time left: 300 sec this turn | 300 sec total | 5 sec grace\n|\n|t:|1783571164\n|switch|p1a: Revavroom|Revavroom, L79, M|256/256\n|turn|11\n|inactive|Time left: 300 sec this turn | 300 sec total\n|\n|t:|1783571165\n|-terastallize|p2a: Miraidon|Electric\n|move|p2a: Miraidon|Electro Drift|p1a: Revavroom\n|-damage|p1a: Revavroom|30/256\n|-damage|p2a: Miraidon|24/100|[from] item: Life Orb\n|move|p1a: Revavroom|Shift Gear|p1a: Revavroom\n|-boost|p1a: Revavroom|spe|2\n|-boost|p1a: Revavroom|atk|1\n|\n|upkeep\n|turn|12\n|inactive|Time left: 300 sec this turn | 300 sec total\n|\n|t:|1783571166\n|move|p1a: Revavroom|Gunk Shot|p2a: Miraidon\n|-damage|p2a: Miraidon|0 fnt\n|faint|p2a: Miraidon\n|-damage|p1a: Revavroom|5/256|[from] item: Life Orb\n|\n|-fieldend|move: Electric Terrain\n|upkeep\n|\n|t:|1783571166\n|switch|p2a: Torterra|Torterra, L78, F|100/100\n|turn|13\n|inactive|Time left: 300 sec this turn | 300 sec total\n|\n|t:|1783571167\n|move|p1a: Revavroom|Gunk Shot|p2a: Torterra|[miss]\n|-miss|p1a: Revavroom|p2a: Torterra\n|move|p2a: Torterra|Shell Smash|p2a: Torterra\n|-unboost|p2a: Torterra|def|1\n|-unboost|p2a: Torterra|spd|1\n|-boost|p2a: Torterra|atk|2\n|-boost|p2a: Torterra|spa|2\n|-boost|p2a: Torterra|spe|2\n|\n|upkeep\n|turn|14\n|inactive|Time left: 300 sec this turn | 300 sec total\n|\n|t:|1783571168\n|move|p1a: Revavroom|Gunk Shot|p2a: Torterra\n|-damage|p2a: Torterra|0 fnt\n|faint|p2a: Torterra\n|-damage|p1a: Revavroom|0 fnt|[from] item: Life Orb\n|faint|p1a: Revavroom\n|\n|upkeep\n|inactive|Time left: 300 sec this turn | 300 sec total | 5 sec grace\n|\n|t:|1783571169\n|switch|p1a: Entei|Entei, L78|166/307\n|switch|p2a: Spectrier|Spectrier, L75|100/100\n|turn|15\n|inactive|Time left: 300 sec this turn | 300 sec total\n|\n|t:|1783571170\n|move|p2a: Spectrier|Shadow Ball|p1a: Entei\n|-damage|p1a: Entei|24/307\n|-unboost|p1a: Entei|spd|1\n|-damage|p2a: Spectrier|91/100|[from] item: Life Orb\n|move|p1a: Entei|Sacred Fire|p2a: Spectrier\n|-damage|p2a: Spectrier|5/100\n|-status|p2a: Spectrier|brn\n|\n|-damage|p2a: Spectrier|0 fnt|[from] brn\n|faint|p2a: Spectrier\n|upkeep\n|\n|t:|1783571171\n|switch|p2a: Ho-Oh|Ho-Oh, L71|90/100\n|turn|16\n|inactive|Time left: 300 sec this turn | 300 sec total\n|\n|t:|1783571172\n|switch|p1a: Kleavor|Kleavor, L78, F|237/237\n|move|p2a: Ho-Oh|Recover|p2a: Ho-Oh\n|-heal|p2a: Ho-Oh|100/100\n|\n|upkeep\n|turn|17\n|inactive|Time left: 300 sec this turn | 300 sec total\n|\n|t:|1783571173\n|move|p1a: Kleavor|Stone Axe|p2a: Ho-Oh\n|-supereffective|p2a: Ho-Oh\n|-damage|p2a: Ho-Oh|0 fnt\n|-sidestart|p2: p0y27027840|move: Stealth Rock\n|faint|p2a: Ho-Oh\n|\n|win|p0x27029abc", "uploadtime": 1783571173, "views": 0, "rating": 0, "private": 0, "password": null, "_winner": "p0x27029abc", "_our_name": "p0x27029abc"}