{"id": "battle-gen9randombattle-178", "formatid": "gen9randombattle", "format": "[Gen 9] Random Battle", "players": ["p0x178dbf6", "p0y1780f54"], "log": "|init|battle\n|title|p0x178dbf6 vs. p0y1780f54\n|j|\u2606p0x178dbf6\n|j|\u2606p0y1780f54\n|t:|1783541644\n|gametype|singles\n|player|p1|p0x178dbf6|101|\n|player|p2|p0y1780f54|1|\n|gen|9\n|tier|[Gen 9] Random Battle\n|rule|Species Clause: Limit one of each Pok\u00e9mon\n|rule|HP Percentage Mod: HP is shown in percentages\n|rule|Sleep Clause Mod: Limit one foe put to sleep\n|rule|Illusion Level Mod: Illusion disguises the Pok\u00e9mon's true level\n|\n|t:|1783541644\n|teamsize|p1|6\n|teamsize|p2|6\n|start\n|switch|p1a: Bronzong|Bronzong, L88|100/100\n|switch|p2a: Garganacl|Garganacl, L80, M|291/291\n|turn|1\n|inactive|Battle timer is ON: inactive players will automatically lose when time's up. (requested by p0x178dbf6)\n|inactive|Time left: 300 sec this turn | 300 sec total | 60 sec grace\n|\n|t:|1783541646\n|move|p1a: Bronzong|Iron Defense|p1a: Bronzong\n|-boost|p1a: Bronzong|def|2\n|move|p2a: Garganacl|Salt Cure|p1a: Bronzong\n|-resisted|p1a: Bronzong\n|-damage|p1a: Bronzong|97/100\n|-start|p1a: Bronzong|Salt Cure\n|\n|-heal|p1a: Bronzong|100/100|[from] item: Leftovers\n|-damage|p1a: Bronzong|76/100|[from] Salt Cure\n|upkeep\n|turn|2\n|inactive|Time left: 300 sec this turn | 300 sec total\n|inactive|p0y1780f54 also wants the timer to be on.\n|\n|t:|1783541647\n|move|p1a: Bronzong|Iron Head|p2a: Garganacl\n|-supereffective|p2a: Garganacl\n|-damage|p2a: Garganacl|157/291\n|move|p2a: Garganacl|Stealth Rock|p1a: Bronzong\n|-sidestart|p1: p0x178dbf6|move: Stealth Rock\n|\n|-heal|p1a: Bronzong|82/100|[from] item: Leftovers\n|-heal|p2a: Garganacl|175/291|[from] item: Leftovers\n|-damage|p1a: Bronzong|57/100|[from] Salt Cure\n|upkeep\n|turn|3\n|inactive|Time left: 300 sec this turn | 300 sec total\n|\n|t:|1783541648\n|switch|p2a: Thundurus|Thundurus-Therian, L80, M|258/258\n|move|p1a: Bronzong|Body Press|p2a: Thundurus\n|-resisted|p2a: Thundurus\n|-damage|p2a: Thundurus|172/258\n|\n|-heal|p1a: Bronzong|63/100|[from] item: Leftovers\n|-damage|p1a: Bronzong|38/100|[from] Salt Cure\n|upkeep\n|turn|4\n|inactive|Time left: 300 sec this turn | 300 sec total\n|\n|t:|1783541649\n|move|p2a: Thundurus|Thunderbolt|p1a: Bronzong\n|-damage|p1a: Bronzong|1/100\n|move|p1a: Bronzong|Body Press|p2a: Thundurus\n|-resisted|p2a: Thundurus\n|-damage|p2a: Thundurus|78/258\n|\n|-heal|p1a: Bronzong|7/100|[from] item: Leftovers\n|-damage|p1a: Bronzong|0 fnt|[from] Salt Cure\n|faint|p1a: Bronzong\n|upkeep\n|\n|t:|1783541650\n|switch|p1a: Dragalge|Dragalge, L88, M|100/100\n|-damage|p1a: Dragalge|88/100|[from] Stealth Rock\n|turn|5\n|inactive|Time left: 300 sec this turn | 300 sec total\n|\n|t:|1783541651\n|switch|p2a: Swampert|Swampert, L83, F|302/302\n|move|p1a: Dragalge|Sludge Wave|p2a: Swampert\n|-resisted|p2a: Swampert\n|-damage|p2a: Swampert|227/302\n|\n|-heal|p2a: Swampert|245/302|[from] item: Leftovers\n|-heal|p1a: Dragalge|94/100|[from] item: Leftovers\n|upkeep\n|turn|6\n|inactive|Time left: 300 sec this turn | 300 sec total\n|\n|t:|1783541652\n|move|p2a: Swampert|Earthquake|p1a: Dragalge\n|-supereffective|p1a: Dragalge\n|-damage|p1a: Dragalge|14/100\n|move|p1a: Dragalge|Sludge Wave|p2a: Swampert\n|-resisted|p2a: Swampert\n|-damage|p2a: Swampert|170/302\n|\n|-heal|p2a: Swampert|188/302|[from] item: Leftovers\n|-heal|p1a: Dragalge|21/100|[from] item: Leftovers\n|upkeep\n|turn|7\n|inactive|Time left: 300 sec this turn | 300 sec total\n|\n|t:|1783541653\n|switch|p1a: Dusknoir|Dusknoir, L89, F|100/100\n|-damage|p1a: Dusknoir|88/100|[from] Stealth Rock\n|-item|p2a: Swampert|Leftovers|[from] ability: Frisk|[of] p1a: Dusknoir\n|move|p2a: Swampert|Earthquake|p1a: Dusknoir\n|-damage|p1a: Dusknoir|53/100\n|\n|-heal|p2a: Swampert|206/302|[from] item: Leftovers\n|upkeep\n|turn|8\n|inactive|Time left: 300 sec this turn | 300 sec total\n|\n|t:|1783541654\n|move|p2a: Swampert|Earthquake|p1a: Dusknoir\n|-damage|p1a: Dusknoir|20/100\n|move|p1a: Dusknoir|Poltergeist|p2a: Swampert\n|-activate|p2a: Swampert|move: Poltergeist|Leftovers\n|-damage|p2a: Swampert|0 fnt\n|faint|p2a: Swampert\n|\n|upkeep\n|inactive|Time left: 300 sec this turn | 300 sec total | 5 sec grace\n|\n|t:|1783541655\n|switch|p2a: Thundurus|Thundurus-Therian, L80, M|78/258\n|turn|9\n|inactive|Time left: 300 sec this turn | 300 sec total\n|\n|t:|1783541656\n|move|p2a: Thundurus|Psychic|p1a: Dusknoir\n|-damage|p1a: Dusknoir|0 fnt\n|faint|p1a: Dusknoir\n|\n|upkeep\n|\n|t:|1783541657\n|switch|p1a: Hoopa|Hoopa, L85|100/100\n|-damage|p1a: Hoopa|88/100|[from] Stealth Rock\n|turn|10\n|inactive|Time left: 300 sec this turn | 300 sec total\n|\n|t:|1783541658\n|switch|p2a: Garganacl|Garganacl, L80, M|175/291\n|move|p1a: Hoopa|Psyshock|p2a: Garganacl\n|-damage|p2a: Garganacl|81/291\n|\n|-heal|p2a: Garganacl|99/291|[from] item: Leftovers\n|upkeep\n|turn|11\n|inactive|Time left: 300 sec this turn | 300 sec total\n|\n|t:|1783541659\n|move|p1a: Hoopa|Psyshock|p2a: Garganacl\n|-crit|p2a: Garganacl\n|-damage|p2a: Garganacl|0 fnt\n|faint|p2a: Garganacl\n|\n|upkeep\n|inactive|Time left: 300 sec this turn | 300 sec total | 5 sec grace\n|\n|t:|1783541660\n|switch|p2a: Deoxys|Deoxys-Speed, L82|216/216\n|-ability|p2a: Deoxys|Pressure\n|turn|12\n|inactive|Time left: 300 sec this turn | 300 sec total\n|\n|t:|1783541660\n|move|p2a: Deoxys|Spikes|p1a: Hoopa\n|-sidestart|p1: p0x178dbf6|Spikes\n|move|p1a: Hoopa|Psyshock|p2a: Deoxys\n|-resisted|p2a: Deoxys\n|-damage|p2a: Deoxys|152/216\n|\n|-heal|p2a: Deoxys|165/216|[from] item: Leftovers\n|upkeep\n|turn|13\n|inactive|Time left: 300 sec this turn | 300 sec total\n|\n|t:|1783541662\n|move|p2a: Deoxys|Spikes|p1a: Hoopa\n|-sidestart|p1: p0x178dbf6|Spikes\n|move|p1a: Hoopa|Psyshock|p2a: Deoxys\n|-resisted|p2a: Deoxys\n|-damage|p2a: Deoxys|103/216\n|\n|-heal|p2a: Deoxys|116/216|[from] item: Leftovers\n|upkeep\n|turn|14\n|inactive|Time left: 300 sec this turn | 300 sec total\n|\n|t:|1783541663\n|move|p2a: Deoxys|Spikes|p1a: Hoopa\n|-sidestart|p1: p0x178dbf6|Spikes\n|move|p1a: Hoopa|Psyshock|p2a: Deoxys\n|-resisted|p2a: Deoxys\n|-damage|p2a: Deoxys|56/216\n|\n|-heal|p2a: Deoxys|69/216|[from] item: Leftovers\n|upkeep\n|turn|15\n|inactive|Time left: 300 sec this turn | 300 sec total\n|\n|t:|1783541664\n|move|p2a: Deoxys|Psycho Boost|p1a: Hoopa\n|-resisted|p1a: Hoopa\n|-damage|p1a: Hoopa|69/100\n|-unboost|p2a: Deoxys|spa|2\n|move|p1a: Hoopa|Psyshock|p2a: Deoxys\n|-resisted|p2a: Deoxys\n|-crit|p2a: Deoxys\n|-damage|p2a: Deoxys|0 fnt\n|faint|p2a: Deoxys\n|\n|upkeep\n|inactive|Time left: 300 sec this turn | 300 sec total | 5 sec grace\n|\n|t:|1783541665\n|switch|p2a: Pawmot|Pawmot, L80, F|243/243\n|turn|16\n|inactive|Time left: 300 sec this turn | 300 sec total\n|\n|t:|1783541666\n|-terastallize|p2a: Pawmot|Electric\n|move|p1a: Hoopa|Psyshock|p2a: Pawmot\n|-damage|p2a: Pawmot|99/243\n|move|p2a: Pawmot|Double Shock|p1a: Hoopa\n|-damage|p1a: Hoopa|0 fnt\n|-start|p2a: Pawmot|typechange|Electric|[from] move: Double Shock\n|faint|p1a: Hoopa\n|\n|upkeep\n|\n|t:|1783541667\n|switch|p1a: Honchkrow|Honchkrow, L86, F|100/100\n|turn|17\n|inactive|Time left: 300 sec this turn | 300 sec total\n|\n|t:|1783541668\n|move|p1a: Honchkrow|Sucker Punch|p2a: Pawmot\n|-damage|p2a: Pawmot|0 fnt\n|faint|p2a: Pawmot\n|-ability|p1a: Honchkrow|Moxie|boost\n|-boost|p1a: Honchkrow|atk|1\n|\n|upkeep\n|inactive|Time left: 300 sec this turn | 300 sec total | 5 sec grace\n|\n|t:|1783541668\n|switch|p2a: Whimsicott|Whimsicott, L84, M|238/238\n|turn|18\n|inactive|Time left: 300 sec this turn | 300 sec total\n|\n|t:|1783541669\n|move|p2a: Whimsicott|Moonblast|p1a: Honchkrow\n|-supereffective|p1a: Honchkrow\n|-damage|p1a: Honchkrow|20/100\n|-unboost|p1a: Honchkrow|spa|1\n|move|p1a: Honchkrow|Brave Bird|p2a: Whimsicott\n|-supereffective|p2a: Whimsicott\n|-damage|p2a: Whimsicott|0 fnt\n|faint|p2a: Whimsicott\n|-ability|p1a: Honchkrow|Moxie|boost\n|-boost|p1a: Honchkrow|atk|1\n|-damage|p1a: Honchkrow|0 fnt|[from] Recoil\n|faint|p1a: Honchkrow\n|\n|upkeep\n|inactive|Time left: 300 sec this turn | 300 sec total | 5 sec grace\n|\n|t:|1783541671\n|switch|p2a: Thundurus|Thundurus-Therian, L80, M|78/258\n|switch|p1a: Dragalge|Dragalge, L88, M|21/100\n|-damage|p1a: Dragalge|8/100|[from] Stealth Rock\n|-damage|p1a: Dragalge|0 fnt|[from] Spikes\n|faint|p1a: Dragalge\n|\n|t:|1783541671\n|switch|p1a: Sawsbuck|Sawsbuck-Summer, L88, F|100/100\n|-damage|p1a: Sawsbuck|88/100|[from] Stealth Rock\n|-damage|p1a: Sawsbuck|63/100|[from] Spikes\n|turn|19\n|inactive|Time left: 300 sec this turn | 300 sec total\n|\n|t:|1783541672\n|move|p2a: Thundurus|Focus Blast|p1a: Sawsbuck\n|-supereffective|p1a: Sawsbuck\n|-damage|p1a: Sawsbuck|0 fnt\n|faint|p1a: Sawsbuck\n|\n|win|p0y1780f54", "uploadtime": 1783541672, "views": 0, "rating": 0, "private": 0, "password": null, "_winner": "p0y1780f54", "_our_name": "p0y1780f54"}