{"id": "battle-gen9randombattle-1832", "formatid": "gen9randombattle", "format": "[Gen 9] Random Battle", "players": ["p0x1832a738", "p0y18326983"], "log": "|init|battle\n|title|p0x1832a738 vs. p0y18326983\n|j|\u2606p0x1832a738\n|j|\u2606p0y18326983\n|t:|1783560458\n|gametype|singles\n|player|p1|p0x1832a738|169|\n|player|p2|p0y18326983|170|\n|gen|9\n|tier|[Gen 9] Random Battle\n|rule|Species Clause: Limit one of each Pok\u00e9mon\n|rule|HP Percentage Mod: HP is shown in percentages\n|rule|Sleep Clause Mod: Limit one foe put to sleep\n|rule|Illusion Level Mod: Illusion disguises the Pok\u00e9mon's true level\n|\n|t:|1783560458\n|teamsize|p1|6\n|teamsize|p2|6\n|start\n|switch|p1a: Charizard|Charizard, L85, F|100/100\n|switch|p2a: Conkeldurr|Conkeldurr, L80, F|299/299\n|turn|1\n|inactive|Battle timer is ON: inactive players will automatically lose when time's up. (requested by p0x1832a738)\n|inactive|Time left: 300 sec this turn | 300 sec total | 60 sec grace\n|\n|t:|1783560459\n|move|p1a: Charizard|Hurricane|p2a: Conkeldurr\n|-supereffective|p2a: Conkeldurr\n|-damage|p2a: Conkeldurr|0 fnt\n|faint|p2a: Conkeldurr\n|\n|upkeep\n|inactive|Time left: 300 sec this turn | 300 sec total | 65 sec grace\n|inactive|p0y18326983 also wants the timer to be on.\n|\n|t:|1783560460\n|switch|p2a: Magcargo|Magcargo, L95, F|268/268\n|turn|2\n|inactive|Time left: 300 sec this turn | 300 sec total\n|\n|t:|1783560462\n|-terastallize|p1a: Charizard|Ground\n|move|p1a: Charizard|Earthquake|p2a: Magcargo\n|-supereffective|p2a: Magcargo\n|-damage|p2a: Magcargo|4/268\n|-ability|p2a: Magcargo|Weak Armor|boost\n|-unboost|p2a: Magcargo|def|1\n|-boost|p2a: Magcargo|spe|2\n|move|p2a: Magcargo|Shell Smash|p2a: Magcargo\n|-unboost|p2a: Magcargo|def|1\n|-unboost|p2a: Magcargo|spd|1\n|-boost|p2a: Magcargo|atk|2\n|-boost|p2a: Magcargo|spa|2\n|-boost|p2a: Magcargo|spe|2\n|\n|upkeep\n|turn|3\n|inactive|Time left: 300 sec this turn | 300 sec total\n|\n|t:|1783560463\n|switch|p1a: Clefable|Clefable, L83, F|100/100\n|move|p2a: Magcargo|Fire Blast|p1a: Clefable\n|-damage|p1a: Clefable|49/100\n|\n|-heal|p1a: Clefable|55/100|[from] item: Leftovers\n|upkeep\n|turn|4\n|inactive|Time left: 300 sec this turn | 300 sec total\n|\n|t:|1783560465\n|move|p2a: Magcargo|Power Gem|p1a: Clefable\n|-damage|p1a: Clefable|21/100\n|move|p1a: Clefable|Moonblast|p2a: Magcargo\n|-resisted|p2a: Magcargo\n|-damage|p2a: Magcargo|0 fnt\n|faint|p2a: Magcargo\n|\n|-heal|p1a: Clefable|27/100|[from] item: Leftovers\n|upkeep\n|inactive|Time left: 300 sec this turn | 300 sec total | 5 sec grace\n|\n|t:|1783560466\n|switch|p2a: Brambleghast|Brambleghast, L88, M|240/240\n|turn|5\n|inactive|Time left: 300 sec this turn | 300 sec total\n|\n|t:|1783560467\n|move|p2a: Brambleghast|Power Whip|p1a: Clefable\n|-crit|p1a: Clefable\n|-damage|p1a: Clefable|0 fnt\n|faint|p1a: Clefable\n|\n|upkeep\n|\n|t:|1783560468\n|switch|p1a: Crabominable|Crabominable, L90, F|100/100\n|turn|6\n|inactive|Time left: 300 sec this turn | 300 sec total\n|\n|t:|1783560469\n|move|p2a: Brambleghast|Power Whip|p1a: Crabominable\n|-damage|p1a: Crabominable|48/100\n|move|p1a: Crabominable|Knock Off|p2a: Brambleghast\n|-supereffective|p2a: Brambleghast\n|-damage|p2a: Brambleghast|0 fnt\n|-enditem|p2a: Brambleghast|Heavy-Duty Boots|[from] move: Knock Off|[of] p1a: Crabominable\n|faint|p2a: Brambleghast\n|\n|upkeep\n|inactive|Time left: 300 sec this turn | 300 sec total | 5 sec grace\n|\n|t:|1783560471\n|switch|p2a: Trevenant|Trevenant, L89, F|296/296\n|turn|7\n|inactive|Time left: 300 sec this turn | 300 sec total\n|\n|t:|1783560472\n|move|p2a: Trevenant|Poltergeist|p1a: Crabominable\n|-activate|p1a: Crabominable|move: Poltergeist|Choice Band\n|-damage|p1a: Crabominable|0 fnt\n|faint|p1a: Crabominable\n|-damage|p2a: Trevenant|267/296|[from] item: Life Orb\n|\n|upkeep\n|\n|t:|1783560473\n|switch|p1a: Charizard|Charizard, L85, F, tera:Ground|100/100\n|turn|8\n|inactive|Time left: 300 sec this turn | 300 sec total\n|\n|t:|1783560474\n|move|p1a: Charizard|Hurricane|p2a: Trevenant\n|-supereffective|p2a: Trevenant\n|-damage|p2a: Trevenant|7/296\n|move|p2a: Trevenant|Horn Leech|p1a: Charizard\n|-supereffective|p1a: Charizard\n|-damage|p1a: Charizard|0 fnt\n|-heal|p2a: Trevenant|143/296|[from] drain|[of] p1a: Charizard\n|faint|p1a: Charizard\n|-damage|p2a: Trevenant|114/296|[from] item: Life Orb\n|\n|upkeep\n|\n|t:|1783560475\n|switch|p1a: Iron Treads|Iron Treads, L77|100/100\n|turn|9\n|inactive|Time left: 300 sec this turn | 300 sec total\n|\n|t:|1783560476\n|move|p1a: Iron Treads|Iron Head|p2a: Trevenant\n|-damage|p2a: Trevenant|32/296\n|move|p2a: Trevenant|Drain Punch|p1a: Iron Treads\n|-supereffective|p1a: Iron Treads\n|-damage|p1a: Iron Treads|43/100\n|-heal|p2a: Trevenant|109/296|[from] drain|[of] p1a: Iron Treads\n|-damage|p2a: Trevenant|80/296|[from] item: Life Orb\n|\n|upkeep\n|turn|10\n|inactive|Time left: 300 sec this turn | 300 sec total\n|\n|t:|1783560477\n|switch|p2a: Granbull|Granbull, L88, F|302/302\n|-ability|p2a: Granbull|Intimidate|boost\n|-unboost|p1a: Iron Treads|atk|1\n|move|p1a: Iron Treads|Iron Head|p2a: Granbull\n|-supereffective|p2a: Granbull\n|-damage|p2a: Granbull|192/302\n|\n|-heal|p2a: Granbull|210/302|[from] item: Leftovers\n|upkeep\n|turn|11\n|inactive|Time left: 300 sec this turn | 300 sec total\n|\n|t:|1783560478\n|move|p1a: Iron Treads|Iron Head|p2a: Granbull\n|-supereffective|p2a: Granbull\n|-damage|p2a: Granbull|90/302\n|move|p2a: Granbull|Earthquake|p1a: Iron Treads\n|-supereffective|p1a: Iron Treads\n|-damage|p1a: Iron Treads|0 fnt\n|faint|p1a: Iron Treads\n|-end|p1a: Iron Treads|Quark Drive|[silent]\n|\n|-heal|p2a: Granbull|108/302|[from] item: Leftovers\n|upkeep\n|\n|t:|1783560479\n|switch|p1a: Rhydon|Rhydon, L85, M|100/100\n|turn|12\n|inactive|Time left: 300 sec this turn | 300 sec total\n|\n|t:|1783560480\n|switch|p2a: Trevenant|Trevenant, L89, F|80/296\n|move|p1a: Rhydon|Swords Dance|p1a: Rhydon\n|-boost|p1a: Rhydon|atk|2\n|\n|upkeep\n|turn|13\n|inactive|Time left: 300 sec this turn | 300 sec total\n|\n|t:|1783560481\n|switch|p1a: Illumise|Illumise, L91, F|100/100\n|move|p2a: Trevenant|Horn Leech|p1a: Illumise\n|-resisted|p1a: Illumise\n|-damage|p1a: Illumise|75/100\n|-heal|p2a: Trevenant|115/296|[from] drain|[of] p1a: Illumise\n|-damage|p2a: Trevenant|86/296|[from] item: Life Orb\n|\n|upkeep\n|turn|14\n|inactive|Time left: 300 sec this turn | 300 sec total\n|\n|t:|1783560482\n|switch|p2a: Empoleon|Empoleon, L84, F|278/278\n|move|p1a: Illumise|Bug Buzz|p2a: Empoleon\n|-resisted|p2a: Empoleon\n|-damage|p2a: Empoleon|233/278\n|\n|-heal|p2a: Empoleon|250/278|[from] item: Leftovers\n|upkeep\n|turn|15\n|inactive|Time left: 300 sec this turn | 300 sec total\n|\n|t:|1783560483\n|move|p1a: Illumise|Thunder Wave|p2a: Empoleon\n|-status|p2a: Empoleon|par\n|move|p2a: Empoleon|Surf|p1a: Illumise\n|-damage|p1a: Illumise|35/100\n|\n|-heal|p2a: Empoleon|267/278 par|[from] item: Leftovers\n|upkeep\n|turn|16\n|inactive|Time left: 300 sec this turn | 300 sec total\n|\n|t:|1783560484\n|move|p1a: Illumise|Roost|p1a: Illumise\n|-heal|p1a: Illumise|85/100\n|-singleturn|p1a: Illumise|move: Roost\n|move|p2a: Empoleon|Surf|p1a: Illumise\n|-damage|p1a: Illumise|47/100\n|\n|-heal|p2a: Empoleon|278/278 par|[from] item: Leftovers\n|upkeep\n|turn|17\n|inactive|Time left: 300 sec this turn | 300 sec total\n|\n|t:|1783560485\n|move|p1a: Illumise|Roost|p1a: Illumise\n|-heal|p1a: Illumise|97/100\n|-singleturn|p1a: Illumise|move: Roost\n|move|p2a: Empoleon|Surf|p1a: Illumise\n|-damage|p1a: Illumise|58/100\n|\n|upkeep\n|turn|18\n|inactive|Time left: 300 sec this turn | 300 sec total\n|\n|t:|1783560486\n|move|p1a: Illumise|Roost|p1a: Illumise\n|-heal|p1a: Illumise|100/100\n|-singleturn|p1a: Illumise|move: Roost\n|move|p2a: Empoleon|Surf|p1a: Illumise\n|-damage|p1a: Illumise|63/100\n|\n|upkeep\n|turn|19\n|inactive|Time left: 300 sec this turn | 300 sec total\n|\n|t:|1783560487\n|move|p1a: Illumise|Roost|p1a: Illumise\n|-heal|p1a: Illumise|100/100\n|-singleturn|p1a: Illumise|move: Roost\n|cant|p2a: Empoleon|par\n|\n|upkeep\n|turn|20\n|inactive|Time left: 300 sec this turn | 300 sec total\n|\n|t:|1783560488\n|move|p1a: Illumise|Bug Buzz|p2a: Empoleon\n|-resisted|p2a: Empoleon\n|-damage|p2a: Empoleon|239/278 par\n|move|p2a: Empoleon|Surf|p1a: Illumise\n|-damage|p1a: Illumise|62/100\n|\n|-heal|p2a: Empoleon|256/278 par|[from] item: Leftovers\n|upkeep\n|turn|21\n|inactive|Time left: 300 sec this turn | 300 sec total\n|\n|t:|1783560490\n|move|p1a: Illumise|Roost|p1a: Illumise\n|-heal|p1a: Illumise|100/100\n|-singleturn|p1a: Illumise|move: Roost\n|cant|p2a: Empoleon|par\n|\n|-heal|p2a: Empoleon|273/278 par|[from] item: Leftovers\n|upkeep\n|turn|22\n|inactive|Time left: 300 sec this turn | 300 sec total\n|\n|t:|1783560490\n|move|p1a: Illumise|Bug Buzz|p2a: Empoleon\n|-resisted|p2a: Empoleon\n|-damage|p2a: Empoleon|234/278 par\n|cant|p2a: Empoleon|par\n|\n|-heal|p2a: Empoleon|251/278 par|[from] item: Leftovers\n|upkeep\n|turn|23\n|inactive|Time left: 300 sec this turn | 300 sec total\n|\n|t:|1783560491\n|move|p1a: Illumise|Bug Buzz|p2a: Empoleon\n|-resisted|p2a: Empoleon\n|-damage|p2a: Empoleon|213/278 par\n|move|p2a: Empoleon|Surf|p1a: Illumise\n|-damage|p1a: Illumise|66/100\n|\n|-heal|p2a: Empoleon|230/278 par|[from] item: Leftovers\n|upkeep\n|turn|24\n|inactive|Time left: 300 sec this turn | 300 sec total\n|\n|t:|1783560492\n|move|p1a: Illumise|Roost|p1a: Illumise\n|-heal|p1a: Illumise|100/100\n|-singleturn|p1a: Illumise|move: Roost\n|move|p2a: Empoleon|Surf|p1a: Illumise\n|-damage|p1a: Illumise|66/100\n|\n|-heal|p2a: Empoleon|247/278 par|[from] item: Leftovers\n|upkeep\n|turn|25\n|inactive|Time left: 300 sec this turn | 300 sec total\n|\n|t:|1783560493\n|move|p1a: Illumise|Roost|p1a: Illumise\n|-heal|p1a: Illumise|100/100\n|-singleturn|p1a: Illumise|move: Roost\n|move|p2a: Empoleon|Surf|p1a: Illumise\n|-damage|p1a: Illumise|60/100\n|\n|-heal|p2a: Empoleon|264/278 par|[from] item: Leftovers\n|upkeep\n|turn|26\n|inactive|Time left: 300 sec this turn | 300 sec total\n|\n|t:|1783560495\n|move|p1a: Illumise|Roost|p1a: Illumise\n|-heal|p1a: Illumise|100/100\n|-singleturn|p1a: Illumise|move: Roost\n|move|p2a: Empoleon|Surf|p1a: Illumise\n|-damage|p1a: Illumise|65/100\n|\n|-heal|p2a: Empoleon|278/278 par|[from] item: Leftovers\n|upkeep\n|turn|27\n|inactive|Time left: 300 sec this turn | 300 sec total\n|\n|t:|1783560496\n|move|p1a: Illumise|Thunder Wave|p2a: Empoleon\n|-fail|p2a: Empoleon|par\n|move|p2a: Empoleon|Surf|p1a: Illumise\n|-damage|p1a: Illumise|30/100\n|\n|upkeep\n|turn|28\n|inactive|Time left: 300 sec this turn | 300 sec total\n|\n|t:|1783560497\n|move|p1a: Illumise|Bug Buzz|p2a: Empoleon\n|-resisted|p2a: Empoleon\n|-damage|p2a: Empoleon|236/278 par\n|-unboost|p2a: Empoleon|spd|1\n|-ability|p2a: Empoleon|Competitive|boost\n|-boost|p2a: Empoleon|spa|2\n|cant|p2a: Empoleon|par\n|\n|-heal|p2a: Empoleon|253/278 par|[from] item: Leftovers\n|upkeep\n|turn|29\n|inactive|Time left: 300 sec this turn | 300 sec total\n|\n|t:|1783560498\n|move|p1a: Illumise|Bug Buzz|p2a: Empoleon\n|-resisted|p2a: Empoleon\n|-damage|p2a: Empoleon|190/278 par\n|move|p2a: Empoleon|Surf|p1a: Illumise\n|-damage|p1a: Illumise|0 fnt\n|faint|p1a: Illumise\n|\n|-heal|p2a: Empoleon|207/278 par|[from] item: Leftovers\n|upkeep\n|\n|t:|1783560499\n|switch|p1a: Rhydon|Rhydon, L85, M|100/100\n|turn|30\n|inactive|Time left: 300 sec this turn | 300 sec total\n|\n|t:|1783560500\n|-terastallize|p2a: Empoleon|Flying\n|move|p1a: Rhydon|Swords Dance|p1a: Rhydon\n|-boost|p1a: Rhydon|atk|2\n|move|p2a: Empoleon|Surf|p1a: Rhydon\n|-supereffective|p1a: Rhydon\n|-damage|p1a: Rhydon|0 fnt\n|faint|p1a: Rhydon\n|\n|win|p0y18326983", "uploadtime": 1783560500, "views": 0, "rating": 0, "private": 0, "password": null, "_winner": "p0y18326983", "_our_name": "p0y18326983"}