{"id": "battle-gen9randombattle-2510", "formatid": "gen9randombattle", "format": "[Gen 9] Random Battle", "players": ["p0x2510e1d3", "p0y25101d05"], "log": "|init|battle\n|title|p0x2510e1d3 vs. p0y25101d05\n|j|\u2606p0x2510e1d3\n|j|\u2606p0y25101d05\n|t:|1783569074\n|gametype|singles\n|player|p1|p0x2510e1d3|2|\n|player|p2|p0y25101d05|1|\n|gen|9\n|tier|[Gen 9] Random Battle\n|rule|Species Clause: Limit one of each Pok\u00e9mon\n|rule|HP Percentage Mod: HP is shown in percentages\n|rule|Sleep Clause Mod: Limit one foe put to sleep\n|rule|Illusion Level Mod: Illusion disguises the Pok\u00e9mon's true level\n|\n|t:|1783569074\n|teamsize|p1|6\n|teamsize|p2|6\n|start\n|switch|p1a: Groudon|Groudon, L72|263/263\n|switch|p2a: Flamigo|Flamigo, L82, F|100/100\n|-weather|SunnyDay|[from] ability: Drought|[of] p1a: Groudon\n|turn|1\n|inactive|Battle timer is ON: inactive players will automatically lose when time's up. (requested by p0x2510e1d3)\n|inactive|p0y25101d05 also wants the timer to be on.\n|\n|t:|1783569075\n|move|p2a: Flamigo|Swords Dance|p2a: Flamigo\n|-boost|p2a: Flamigo|atk|2\n|move|p1a: Groudon|Heat Crash|p2a: Flamigo\n|-damage|p2a: Flamigo|41/100\n|\n|-weather|SunnyDay|[upkeep]\n|upkeep\n|turn|2\n|inactive|Time left: 300 sec this turn | 300 sec total\n|\n|t:|1783569076\n|switch|p1a: Reuniclus|Reuniclus, L88, M|337/337\n|move|p2a: Flamigo|Close Combat|p1a: Reuniclus\n|-resisted|p1a: Reuniclus\n|-damage|p1a: Reuniclus|138/337\n|-unboost|p2a: Flamigo|def|1\n|-unboost|p2a: Flamigo|spd|1\n|-damage|p2a: Flamigo|31/100|[from] item: Life Orb\n|\n|-weather|SunnyDay|[upkeep]\n|upkeep\n|turn|3\n|inactive|Time left: 300 sec this turn | 300 sec total\n|\n|t:|1783569077\n|move|p2a: Flamigo|Close Combat|p1a: Reuniclus\n|-resisted|p1a: Reuniclus\n|-damage|p1a: Reuniclus|0 fnt\n|-unboost|p2a: Flamigo|def|1\n|-unboost|p2a: Flamigo|spd|1\n|faint|p1a: Reuniclus\n|-damage|p2a: Flamigo|21/100|[from] item: Life Orb\n|\n|-weather|SunnyDay|[upkeep]\n|upkeep\n|inactive|Time left: 300 sec this turn | 300 sec total | 5 sec grace\n|\n|t:|1783569078\n|switch|p1a: Sunflora|Sunflora, M|312/312\n|turn|4\n|inactive|Time left: 300 sec this turn | 300 sec total\n|\n|t:|1783569079\n|switch|p2a: Chansey|Chansey, L85, F|100/100\n|move|p1a: Sunflora|Weather Ball|p2a: Chansey\n|-damage|p2a: Chansey|80/100\n|-damage|p1a: Sunflora|281/312|[from] item: Life Orb\n|\n|-weather|SunnyDay|[upkeep]\n|upkeep\n|turn|5\n|inactive|Time left: 300 sec this turn | 300 sec total\n|\n|t:|1783569080\n|switch|p1a: Piloswine|Piloswine, L85, F|309/309\n|move|p2a: Chansey|Stealth Rock|p1a: Piloswine\n|-sidestart|p1: p0x2510e1d3|move: Stealth Rock\n|\n|-weather|none\n|upkeep\n|turn|6\n|inactive|Time left: 300 sec this turn | 300 sec total\n|\n|t:|1783569081\n|move|p1a: Piloswine|Earthquake|p2a: Chansey\n|-damage|p2a: Chansey|32/100\n|move|p2a: Chansey|Soft-Boiled|p2a: Chansey\n|-heal|p2a: Chansey|82/100\n|\n|upkeep\n|turn|7\n|inactive|Time left: 300 sec this turn | 300 sec total\n|\n|t:|1783569082\n|move|p2a: Chansey|Soft-Boiled|p2a: Chansey\n|-heal|p2a: Chansey|100/100\n|move|p1a: Piloswine|Icicle Crash|p2a: Chansey\n|-damage|p2a: Chansey|59/100\n|\n|upkeep\n|turn|8\n|inactive|Time left: 300 sec this turn | 300 sec total\n|\n|t:|1783569084\n|move|p2a: Chansey|Soft-Boiled|p2a: Chansey\n|-heal|p2a: Chansey|100/100\n|move|p1a: Piloswine|Icicle Crash|p2a: Chansey\n|-damage|p2a: Chansey|60/100\n|\n|upkeep\n|turn|9\n|inactive|Time left: 300 sec this turn | 300 sec total\n|\n|t:|1783569085\n|move|p1a: Piloswine|Earthquake|p2a: Chansey\n|-damage|p2a: Chansey|14/100\n|move|p2a: Chansey|Soft-Boiled|p2a: Chansey\n|-heal|p2a: Chansey|64/100\n|\n|upkeep\n|turn|10\n|inactive|Time left: 300 sec this turn | 300 sec total\n|\n|t:|1783569086\n|move|p2a: Chansey|Soft-Boiled|p2a: Chansey\n|-heal|p2a: Chansey|100/100\n|move|p1a: Piloswine|Icicle Crash|p2a: Chansey\n|-damage|p2a: Chansey|60/100\n|\n|upkeep\n|turn|11\n|inactive|Time left: 300 sec this turn | 300 sec total\n|\n|t:|1783569087\n|move|p1a: Piloswine|Icicle Crash|p2a: Chansey\n|-damage|p2a: Chansey|19/100\n|cant|p2a: Chansey|flinch\n|\n|upkeep\n|turn|12\n|inactive|Time left: 300 sec this turn | 300 sec total\n|\n|t:|1783569087\n|move|p1a: Piloswine|Earthquake|p2a: Chansey\n|-damage|p2a: Chansey|0 fnt\n|faint|p2a: Chansey\n|\n|upkeep\n|\n|t:|1783569088\n|switch|p2a: Flamigo|Flamigo, L82, F|21/100\n|turn|13\n|inactive|Time left: 300 sec this turn | 300 sec total\n|\n|t:|1783569089\n|-terastallize|p2a: Flamigo|Fighting\n|move|p1a: Piloswine|Ice Shard|p2a: Flamigo\n|-damage|p2a: Flamigo|3/100\n|move|p2a: Flamigo|Close Combat|p1a: Piloswine\n|-supereffective|p1a: Piloswine\n|-damage|p1a: Piloswine|0 fnt\n|-unboost|p2a: Flamigo|def|1\n|-unboost|p2a: Flamigo|spd|1\n|faint|p1a: Piloswine\n|-damage|p2a: Flamigo|0 fnt|[from] item: Life Orb\n|faint|p2a: Flamigo\n|\n|upkeep\n|inactive|Time left: 300 sec this turn | 300 sec total | 5 sec grace\n|\n|t:|1783569090\n|switch|p2a: Roaring Moon|Roaring Moon, L72|100/100\n|switch|p1a: Groudon|Groudon, L72|263/263\n|-damage|p1a: Groudon|247/263|[from] Stealth Rock\n|-weather|SunnyDay|[from] ability: Drought|[of] p1a: Groudon\n|-activate|p2a: Roaring Moon|ability: Protosynthesis\n|-start|p2a: Roaring Moon|protosynthesisatk\n|turn|14\n|inactive|Time left: 300 sec this turn | 300 sec total\n|\n|t:|1783569091\n|move|p2a: Roaring Moon|Outrage|p1a: Groudon\n|-damage|p1a: Groudon|114/263\n|move|p1a: Groudon|Precipice Blades|p2a: Roaring Moon\n|-damage|p2a: Roaring Moon|32/100\n|\n|-weather|SunnyDay|[upkeep]\n|-heal|p1a: Groudon|130/263|[from] item: Leftovers\n|upkeep\n|turn|15\n|inactive|Time left: 300 sec this turn | 300 sec total\n|\n|t:|1783569092\n|move|p2a: Roaring Moon|Outrage|p1a: Groudon|[from] lockedmove\n|-damage|p1a: Groudon|0 fnt\n|faint|p1a: Groudon\n|-start|p2a: Roaring Moon|confusion|[fatigue]\n|\n|-weather|SunnyDay|[upkeep]\n|upkeep\n|inactive|Time left: 300 sec this turn | 300 sec total | 5 sec grace\n|\n|t:|1783569093\n|switch|p1a: Sunflora|Sunflora, M|281/312\n|-damage|p1a: Sunflora|242/312|[from] Stealth Rock\n|turn|16\n|inactive|Time left: 300 sec this turn | 300 sec total\n|\n|t:|1783569094\n|move|p1a: Sunflora|Solar Beam||[still]\n|-prepare|p1a: Sunflora|Solar Beam\n|-anim|p1a: Sunflora|Solar Beam|p2a: Roaring Moon\n|-resisted|p2a: Roaring Moon\n|-damage|p2a: Roaring Moon|0 fnt\n|faint|p2a: Roaring Moon\n|-end|p2a: Roaring Moon|Protosynthesis|[silent]\n|-damage|p1a: Sunflora|211/312|[from] item: Life Orb\n|\n|-weather|SunnyDay|[upkeep]\n|upkeep\n|\n|t:|1783569095\n|switch|p2a: Grafaiai|Grafaiai, L86, M|100/100\n|turn|17\n|inactive|Time left: 300 sec this turn | 300 sec total\n|\n|t:|1783569096\n|-terastallize|p1a: Sunflora|Fire\n|move|p2a: Grafaiai|Gunk Shot|p1a: Sunflora|[miss]\n|-miss|p2a: Grafaiai|p1a: Sunflora\n|move|p1a: Sunflora|Weather Ball|p2a: Grafaiai\n|-damage|p2a: Grafaiai|12/100\n|-damage|p1a: Sunflora|180/312|[from] item: Life Orb\n|\n|-weather|SunnyDay|[upkeep]\n|upkeep\n|turn|18\n|inactive|Time left: 300 sec this turn | 300 sec total\n|\n|t:|1783569097\n|move|p2a: Grafaiai|Super Fang|p1a: Sunflora\n|-damage|p1a: Sunflora|90/312\n|move|p1a: Sunflora|Weather Ball|p2a: Grafaiai\n|-damage|p2a: Grafaiai|0 fnt\n|faint|p2a: Grafaiai\n|-damage|p1a: Sunflora|59/312|[from] item: Life Orb\n|\n|-weather|none\n|upkeep\n|\n|t:|1783569098\n|switch|p2a: Gouging Fire|Gouging Fire, L74|100/100\n|turn|19\n|inactive|Time left: 300 sec this turn | 300 sec total\n|\n|t:|1783569099\n|move|p2a: Gouging Fire|Heat Crash|p1a: Sunflora\n|-resisted|p1a: Sunflora\n|-damage|p1a: Sunflora|0 fnt\n|faint|p1a: Sunflora\n|\n|upkeep\n|inactive|Time left: 300 sec this turn | 300 sec total | 5 sec grace\n|\n|t:|1783569100\n|switch|p1a: Cinderace|Cinderace, L77, F|249/249\n|turn|20\n|inactive|Time left: 300 sec this turn | 300 sec total\n|\n|t:|1783569101\n|move|p1a: Cinderace|Gunk Shot|p2a: Gouging Fire\n|-start|p1a: Cinderace|typechange|Poison|[from] ability: Libero\n|-damage|p2a: Gouging Fire|61/100\n|-status|p2a: Gouging Fire|psn\n|move|p2a: Gouging Fire|Dragon Dance|p2a: Gouging Fire\n|-boost|p2a: Gouging Fire|atk|1\n|-boost|p2a: Gouging Fire|spe|1\n|\n|-damage|p2a: Gouging Fire|49/100 psn|[from] psn\n|upkeep\n|turn|21\n|inactive|Time left: 300 sec this turn | 300 sec total\n|\n|t:|1783569102\n|move|p2a: Gouging Fire|Earthquake|p1a: Cinderace\n|-supereffective|p1a: Cinderace\n|-damage|p1a: Cinderace|17/249\n|move|p1a: Cinderace|Gunk Shot|p2a: Gouging Fire\n|-damage|p2a: Gouging Fire|13/100 psn\n|\n|-damage|p2a: Gouging Fire|0 fnt|[from] psn\n|faint|p2a: Gouging Fire\n|-end|p2a: Gouging Fire|Protosynthesis|[silent]\n|upkeep\n|\n|t:|1783569103\n|switch|p2a: Garganacl|Garganacl, L80, M|100/100\n|turn|22\n|inactive|Time left: 300 sec this turn | 300 sec total\n|\n|t:|1783569104\n|switch|p1a: Leafeon|Leafeon, L88, F|258/258\n|-damage|p1a: Leafeon|226/258|[from] Stealth Rock\n|move|p2a: Garganacl|Salt Cure|p1a: Leafeon\n|-damage|p1a: Leafeon|196/258\n|-start|p1a: Leafeon|Salt Cure\n|\n|-damage|p1a: Leafeon|164/258|[from] Salt Cure\n|upkeep\n|turn|23\n|inactive|Time left: 300 sec this turn | 300 sec total\n|\n|t:|1783569105\n|move|p1a: Leafeon|Leaf Blade|p2a: Garganacl\n|-supereffective|p2a: Garganacl\n|-crit|p2a: Garganacl\n|-damage|p2a: Garganacl|0 fnt\n|faint|p2a: Garganacl\n|-damage|p1a: Leafeon|139/258|[from] item: Life Orb\n|\n|win|p0x2510e1d3", "uploadtime": 1783569105, "views": 0, "rating": 0, "private": 0, "password": null, "_winner": "p0x2510e1d3", "_our_name": "p0x2510e1d3"}