{"id": "battle-gen9randombattle-1053", "formatid": "gen9randombattle", "format": "[Gen 9] Random Battle", "players": ["p0x105337cf", "p0y10533177"], "log": "|init|battle\n|title|p0x105337cf vs. p0y10533177\n|j|\u2606p0x105337cf\n|j|\u2606p0y10533177\n|t:|1783551381\n|gametype|singles\n|player|p1|p0x105337cf|170|\n|player|p2|p0y10533177|169|\n|gen|9\n|tier|[Gen 9] Random Battle\n|rule|Species Clause: Limit one of each Pok\u00e9mon\n|rule|HP Percentage Mod: HP is shown in percentages\n|rule|Sleep Clause Mod: Limit one foe put to sleep\n|rule|Illusion Level Mod: Illusion disguises the Pok\u00e9mon's true level\n|\n|t:|1783551381\n|teamsize|p1|6\n|teamsize|p2|6\n|start\n|switch|p1a: Vileplume|Vileplume, L85, F|266/266\n|switch|p2a: Volcarona|Volcarona, L77, F|100/100\n|turn|1\n|inactive|Battle timer is ON: inactive players will automatically lose when time's up. (requested by p0y10533177)\n|inactive|Time left: 300 sec this turn | 300 sec total | 60 sec grace\n|inactive|p0x105337cf also wants the timer to be on.\n|\n|t:|1783551383\n|switch|p1a: Passimian|Passimian, L83, F|302/302\n|move|p2a: Volcarona|Fiery Dance|p1a: Passimian\n|-damage|p1a: Passimian|170/302\n|-boost|p2a: Volcarona|spa|1\n|\n|upkeep\n|turn|2\n|inactive|Time left: 300 sec this turn | 300 sec total\n|\n|t:|1783551384\n|switch|p1a: Wugtrio|Wugtrio, L91, F|212/212\n|move|p2a: Volcarona|Fiery Dance|p1a: Wugtrio\n|-resisted|p1a: Wugtrio\n|-damage|p1a: Wugtrio|134/212\n|\n|upkeep\n|turn|3\n|inactive|Time left: 300 sec this turn | 300 sec total\n|\n|t:|1783551386\n|switch|p2a: Raging Bolt|Raging Bolt, L78|100/100\n|move|p1a: Wugtrio|Liquidation|p2a: Raging Bolt\n|-resisted|p2a: Raging Bolt\n|-crit|p2a: Raging Bolt\n|-damage|p2a: Raging Bolt|59/100\n|\n|upkeep\n|turn|4\n|inactive|Time left: 300 sec this turn | 300 sec total\n|\n|t:|1783551387\n|switch|p1a: Sceptile|Sceptile, L87, F|264/264\n|move|p2a: Raging Bolt|Volt Switch|p1a: Sceptile\n|-resisted|p1a: Sceptile\n|-damage|p1a: Sceptile|219/264\n|\n|t:|1783551388\n|-end|p2a: Raging Bolt|Protosynthesis|[silent]\n|switch|p2a: Smeargle|Smeargle, L95, F|100/100|[from] Volt Switch\n|\n|upkeep\n|turn|5\n|inactive|Time left: 300 sec this turn | 300 sec total\n|\n|t:|1783551389\n|move|p1a: Sceptile|Swords Dance|p1a: Sceptile\n|-boost|p1a: Sceptile|atk|2\n|move|p2a: Smeargle|Sticky Web|p1a: Sceptile\n|-sidestart|p1: p0x105337cf|move: Sticky Web\n|\n|upkeep\n|turn|6\n|inactive|Time left: 300 sec this turn | 300 sec total\n|\n|t:|1783551390\n|switch|p2a: Farigiraf|Farigiraf, L90, F|100/100\n|move|p1a: Sceptile|Earthquake|p2a: Farigiraf\n|-damage|p2a: Farigiraf|50/100\n|-damage|p1a: Sceptile|193/264|[from] item: Life Orb\n|\n|-heal|p2a: Farigiraf|56/100|[from] item: Leftovers\n|upkeep\n|turn|7\n|inactive|Time left: 300 sec this turn | 300 sec total\n|\n|t:|1783551392\n|move|p1a: Sceptile|Earthquake|p2a: Farigiraf\n|-damage|p2a: Farigiraf|0 fnt\n|faint|p2a: Farigiraf\n|-damage|p1a: Sceptile|167/264|[from] item: Life Orb\n|\n|upkeep\n|\n|t:|1783551393\n|switch|p2a: Raging Bolt|Raging Bolt, L78|59/100\n|turn|8\n|inactive|Time left: 300 sec this turn | 300 sec total\n|\n|t:|1783551394\n|move|p1a: Sceptile|Earthquake|p2a: Raging Bolt\n|-supereffective|p2a: Raging Bolt\n|-damage|p2a: Raging Bolt|0 fnt\n|faint|p2a: Raging Bolt\n|-end|p2a: Raging Bolt|Protosynthesis|[silent]\n|-damage|p1a: Sceptile|141/264|[from] item: Life Orb\n|\n|upkeep\n|\n|t:|1783551395\n|switch|p2a: Volcarona|Volcarona, L77, F|100/100\n|turn|9\n|inactive|Time left: 300 sec this turn | 300 sec total\n|\n|t:|1783551397\n|switch|p2a: Palossand|Palossand, L89, M|100/100\n|move|p1a: Sceptile|Rock Slide|p2a: Palossand\n|-resisted|p2a: Palossand\n|-damage|p2a: Palossand|84/100\n|-damage|p1a: Sceptile|115/264|[from] item: Life Orb\n|\n|-heal|p2a: Palossand|90/100|[from] item: Leftovers\n|upkeep\n|turn|10\n|inactive|Time left: 300 sec this turn | 300 sec total\n|\n|t:|1783551398\n|switch|p2a: Volcarona|Volcarona, L77, F|100/100\n|move|p1a: Sceptile|Leaf Blade|p2a: Volcarona\n|-resisted|p2a: Volcarona\n|-damage|p2a: Volcarona|67/100\n|-damage|p1a: Sceptile|89/264|[from] item: Life Orb\n|\n|upkeep\n|turn|11\n|inactive|Time left: 300 sec this turn | 300 sec total\n|\n|t:|1783551399\n|switch|p2a: Palossand|Palossand, L89, M|90/100\n|move|p1a: Sceptile|Earthquake|p2a: Palossand\n|-damage|p2a: Palossand|40/100\n|-damage|p1a: Sceptile|63/264|[from] item: Life Orb\n|\n|-heal|p2a: Palossand|46/100|[from] item: Leftovers\n|upkeep\n|turn|12\n|inactive|Time left: 300 sec this turn | 300 sec total\n|\n|t:|1783551400\n|move|p1a: Sceptile|Leaf Blade|p2a: Palossand\n|-supereffective|p2a: Palossand\n|-damage|p2a: Palossand|0 fnt\n|faint|p2a: Palossand\n|-damage|p1a: Sceptile|37/264|[from] item: Life Orb\n|\n|upkeep\n|\n|t:|1783551401\n|switch|p2a: Smeargle|Smeargle, L95, F|100/100\n|turn|13\n|inactive|Time left: 300 sec this turn | 300 sec total\n|\n|t:|1783551402\n|move|p1a: Sceptile|Rock Slide|p2a: Smeargle\n|-damage|p2a: Smeargle|15/100\n|-damage|p1a: Sceptile|11/264|[from] item: Life Orb\n|cant|p2a: Smeargle|flinch\n|\n|upkeep\n|turn|14\n|inactive|Time left: 300 sec this turn | 300 sec total\n|\n|t:|1783551404\n|move|p1a: Sceptile|Earthquake|p2a: Smeargle\n|-damage|p2a: Smeargle|0 fnt\n|faint|p2a: Smeargle\n|-damage|p1a: Sceptile|0 fnt|[from] item: Life Orb\n|faint|p1a: Sceptile\n|\n|upkeep\n|inactive|Time left: 300 sec this turn | 300 sec total | 5 sec grace\n|\n|t:|1783551405\n|switch|p1a: Oricorio|Oricorio-Sensu, L85, M|266/266\n|switch|p2a: Flutter Mane|Flutter Mane, L74|100/100\n|turn|15\n|inactive|Time left: 300 sec this turn | 300 sec total\n|\n|t:|1783551406\n|switch|p1a: Vileplume|Vileplume, L85, F|266/266\n|-activate|p1a: Vileplume|move: Sticky Web\n|-unboost|p1a: Vileplume|spe|1\n|move|p2a: Flutter Mane|Shadow Ball|p1a: Vileplume\n|-crit|p1a: Vileplume\n|-damage|p1a: Vileplume|109/266\n|-unboost|p1a: Vileplume|spd|1\n|-damage|p2a: Flutter Mane|91/100|[from] item: Life Orb\n|\n|-heal|p1a: Vileplume|125/266|[from] item: Leftovers\n|upkeep\n|turn|16\n|inactive|Time left: 300 sec this turn | 300 sec total\n|\n|t:|1783551407\n|move|p2a: Flutter Mane|Shadow Ball|p1a: Vileplume\n|-damage|p1a: Vileplume|0 fnt\n|faint|p1a: Vileplume\n|-damage|p2a: Flutter Mane|81/100|[from] item: Life Orb\n|\n|upkeep\n|inactive|Time left: 300 sec this turn | 300 sec total | 5 sec grace\n|\n|t:|1783551408\n|switch|p1a: Wugtrio|Wugtrio, L91, F|134/212\n|-activate|p1a: Wugtrio|move: Sticky Web\n|-unboost|p1a: Wugtrio|spe|1\n|turn|17\n|inactive|Time left: 300 sec this turn | 300 sec total\n|\n|t:|1783551409\n|move|p1a: Wugtrio|Aqua Jet|p2a: Flutter Mane\n|-damage|p2a: Flutter Mane|16/100\n|move|p2a: Flutter Mane|Moonblast|p1a: Wugtrio\n|-damage|p1a: Wugtrio|0 fnt\n|faint|p1a: Wugtrio\n|-damage|p2a: Flutter Mane|6/100|[from] item: Life Orb\n|\n|upkeep\n|inactive|Time left: 300 sec this turn | 300 sec total | 5 sec grace\n|\n|t:|1783551410\n|switch|p1a: Oricorio|Oricorio-Sensu, L85, M|266/266\n|turn|18\n|inactive|Time left: 300 sec this turn | 300 sec total\n|\n|t:|1783551411\n|move|p2a: Flutter Mane|Calm Mind|p2a: Flutter Mane\n|-boost|p2a: Flutter Mane|spa|1\n|-boost|p2a: Flutter Mane|spd|1\n|move|p1a: Oricorio|Quiver Dance|p1a: Oricorio\n|-boost|p1a: Oricorio|spa|1\n|-boost|p1a: Oricorio|spd|1\n|-boost|p1a: Oricorio|spe|1\n|\n|upkeep\n|turn|19\n|inactive|Time left: 300 sec this turn | 300 sec total\n|\n|t:|1783551412\n|move|p1a: Oricorio|Revelation Dance|p2a: Flutter Mane\n|-supereffective|p2a: Flutter Mane\n|-damage|p2a: Flutter Mane|0 fnt\n|faint|p2a: Flutter Mane\n|-end|p2a: Flutter Mane|Protosynthesis|[silent]\n|\n|upkeep\n|\n|t:|1783551412\n|switch|p2a: Volcarona|Volcarona, L77, F|67/100\n|turn|20\n|inactive|Time left: 300 sec this turn | 300 sec total\n|\n|t:|1783551413\n|move|p1a: Oricorio|Revelation Dance|p2a: Volcarona\n|-damage|p2a: Volcarona|15/100\n|move|p2a: Volcarona|Quiver Dance|p2a: Volcarona\n|-boost|p2a: Volcarona|spa|1\n|-boost|p2a: Volcarona|spd|1\n|-boost|p2a: Volcarona|spe|1\n|-activate|p1a: Oricorio|ability: Dancer\n|move|p1a: Oricorio|Quiver Dance|p1a: Oricorio|[from] ability: Dancer\n|-boost|p1a: Oricorio|spa|1\n|-boost|p1a: Oricorio|spd|1\n|-boost|p1a: Oricorio|spe|1\n|\n|upkeep\n|turn|21\n|inactive|Time left: 300 sec this turn | 300 sec total\n|\n|t:|1783551414\n|-terastallize|p1a: Oricorio|Fighting\n|-terastallize|p2a: Volcarona|Fire\n|move|p1a: Oricorio|Revelation Dance|p2a: Volcarona\n|-damage|p2a: Volcarona|0 fnt\n|faint|p2a: Volcarona\n|\n|win|p0x105337cf", "uploadtime": 1783551414, "views": 0, "rating": 0, "private": 0, "password": null, "_winner": "p0x105337cf", "_our_name": "p0x105337cf"}