{"id": "battle-gen9randombattle-2090", "formatid": "gen9randombattle", "format": "[Gen 9] Random Battle", "players": ["p0x20904e50", "p0y209030ff"], "log": "|init|battle\n|title|p0x20904e50 vs. p0y209030ff\n|j|\u2606p0x20904e50\n|j|\u2606p0y209030ff\n|t:|1783563407\n|gametype|singles\n|player|p1|p0x20904e50|1|\n|player|p2|p0y209030ff|265|\n|gen|9\n|tier|[Gen 9] Random Battle\n|rule|Species Clause: Limit one of each Pok\u00e9mon\n|rule|HP Percentage Mod: HP is shown in percentages\n|rule|Sleep Clause Mod: Limit one foe put to sleep\n|rule|Illusion Level Mod: Illusion disguises the Pok\u00e9mon's true level\n|\n|t:|1783563407\n|teamsize|p1|6\n|teamsize|p2|6\n|start\n|switch|p1a: Uxie|Uxie, L83|100/100\n|switch|p2a: Swampert|Swampert, L83, F|302/302\n|turn|1\n|inactive|Battle timer is ON: inactive players will automatically lose when time's up. (requested by p0y209030ff)\n|inactive|p0x20904e50 also wants the timer to be on.\n|\n|t:|1783563408\n|move|p1a: Uxie|Knock Off|p2a: Swampert\n|-damage|p2a: Swampert|245/302\n|-enditem|p2a: Swampert|Leftovers|[from] move: Knock Off|[of] p1a: Uxie\n|move|p2a: Swampert|Stealth Rock|p1a: Uxie\n|-sidestart|p1: p0x20904e50|move: Stealth Rock\n|\n|upkeep\n|turn|2\n|inactive|Time left: 300 sec this turn | 300 sec total\n|\n|t:|1783563409\n|move|p1a: Uxie|Psychic Noise|p2a: Swampert\n|-damage|p2a: Swampert|178/302\n|-start|p2a: Swampert|move: Heal Block\n|move|p2a: Swampert|Flip Turn|p1a: Uxie\n|-damage|p1a: Uxie|82/100\n|inactive|Time left: 300 sec this turn | 300 sec total | 5 sec grace\n|\n|t:|1783563410\n|switch|p2a: Smeargle|Smeargle, L95, F|258/258|[from] Flip Turn\n|\n|-heal|p1a: Uxie|88/100|[from] item: Leftovers\n|upkeep\n|turn|3\n|inactive|Time left: 300 sec this turn | 300 sec total\n|\n|t:|1783563411\n|move|p1a: Uxie|Psychic Noise|p2a: Smeargle\n|-damage|p2a: Smeargle|174/258\n|-start|p2a: Smeargle|move: Heal Block\n|move|p2a: Smeargle|Sticky Web|p1a: Uxie\n|-sidestart|p1: p0x20904e50|move: Sticky Web\n|\n|-heal|p1a: Uxie|94/100|[from] item: Leftovers\n|upkeep\n|turn|4\n|inactive|Time left: 300 sec this turn | 300 sec total\n|\n|t:|1783563412\n|move|p1a: Uxie|Knock Off|p2a: Smeargle\n|-damage|p2a: Smeargle|79/258\n|-enditem|p2a: Smeargle|Focus Sash|[from] move: Knock Off|[of] p1a: Uxie\n|move|p2a: Smeargle|Spore|p1a: Uxie\n|-status|p1a: Uxie|slp|[from] move: Spore\n|\n|-heal|p1a: Uxie|100/100 slp|[from] item: Leftovers\n|-end|p2a: Smeargle|move: Heal Block\n|upkeep\n|turn|5\n|inactive|Time left: 300 sec this turn | 300 sec total\n|\n|t:|1783563413\n|switch|p1a: Gliscor|Gliscor, L76, F|100/100\n|-damage|p1a: Gliscor|88/100|[from] Stealth Rock\n|switch|p2a: Qwilfish|Qwilfish, L86, M|252/252\n|-ability|p2a: Qwilfish|Intimidate|boost\n|-unboost|p1a: Gliscor|atk|1\n|\n|-status|p1a: Gliscor|tox|[from] item: Toxic Orb\n|upkeep\n|turn|6\n|inactive|Time left: 300 sec this turn | 300 sec total\n|\n|t:|1783563414\n|move|p2a: Qwilfish|Flip Turn|p1a: Gliscor\n|-supereffective|p1a: Gliscor\n|-damage|p1a: Gliscor|45/100 tox\n|inactive|Time left: 300 sec this turn | 300 sec total | 5 sec grace\n|\n|t:|1783563416\n|switch|p2a: Tornadus|Tornadus, L82, M|263/263|[from] Flip Turn\n|move|p1a: Gliscor|Earthquake|p2a: Tornadus\n|-immune|p2a: Tornadus\n|\n|-heal|p1a: Gliscor|57/100 tox|[from] ability: Poison Heal\n|upkeep\n|turn|7\n|inactive|Time left: 300 sec this turn | 300 sec total\n|\n|t:|1783563417\n|move|p1a: Gliscor|Protect|p1a: Gliscor\n|-singleturn|p1a: Gliscor|Protect\n|move|p2a: Tornadus|Bleakwind Storm|p1a: Gliscor\n|-activate|p1a: Gliscor|move: Protect\n|\n|-heal|p1a: Gliscor|69/100 tox|[from] ability: Poison Heal\n|upkeep\n|turn|8\n|inactive|Time left: 300 sec this turn | 300 sec total\n|\n|t:|1783563418\n|switch|p1a: Bastiodon|Bastiodon, L89, M|100/100\n|-damage|p1a: Bastiodon|95/100|[from] Stealth Rock\n|-activate|p1a: Bastiodon|move: Sticky Web\n|-unboost|p1a: Bastiodon|spe|1\n|move|p2a: Tornadus|Bleakwind Storm|p1a: Bastiodon\n|-resisted|p1a: Bastiodon\n|-damage|p1a: Bastiodon|83/100\n|\n|upkeep\n|turn|9\n|inactive|Time left: 300 sec this turn | 300 sec total\n|\n|t:|1783563419\n|move|p2a: Tornadus|Bleakwind Storm|p1a: Bastiodon\n|-resisted|p1a: Bastiodon\n|-damage|p1a: Bastiodon|72/100\n|move|p1a: Bastiodon|Foul Play|p2a: Tornadus\n|-damage|p2a: Tornadus|189/263\n|\n|upkeep\n|turn|10\n|inactive|Time left: 300 sec this turn | 300 sec total\n|\n|t:|1783563420\n|move|p2a: Tornadus|Bleakwind Storm|p1a: Bastiodon\n|-resisted|p1a: Bastiodon\n|-damage|p1a: Bastiodon|59/100\n|move|p1a: Bastiodon|Body Press|p2a: Tornadus\n|-resisted|p2a: Tornadus\n|-damage|p2a: Tornadus|132/263\n|\n|upkeep\n|turn|11\n|inactive|Time left: 300 sec this turn | 300 sec total\n|\n|t:|1783563421\n|move|p2a: Tornadus|Bleakwind Storm|p1a: Bastiodon\n|-resisted|p1a: Bastiodon\n|-damage|p1a: Bastiodon|48/100\n|-unboost|p1a: Bastiodon|spe|1\n|move|p1a: Bastiodon|Foul Play|p2a: Tornadus\n|-damage|p2a: Tornadus|60/263\n|\n|upkeep\n|turn|12\n|inactive|Time left: 300 sec this turn | 300 sec total\n|\n|t:|1783563422\n|move|p2a: Tornadus|Bleakwind Storm|p1a: Bastiodon|[miss]\n|-miss|p2a: Tornadus|p1a: Bastiodon\n|move|p1a: Bastiodon|Foul Play|p2a: Tornadus\n|-damage|p2a: Tornadus|0 fnt\n|faint|p2a: Tornadus\n|\n|upkeep\n|inactive|Time left: 300 sec this turn | 300 sec total | 5 sec grace\n|\n|t:|1783563423\n|switch|p2a: Mienshao|Mienshao, L83, M|244/244\n|turn|13\n|inactive|Time left: 300 sec this turn | 300 sec total\n|\n|t:|1783563424\n|move|p2a: Mienshao|Swords Dance|p2a: Mienshao\n|-boost|p2a: Mienshao|atk|2\n|move|p1a: Bastiodon|Body Press|p2a: Mienshao\n|-crit|p2a: Mienshao\n|-damage|p2a: Mienshao|53/244\n|\n|upkeep\n|turn|14\n|inactive|Time left: 300 sec this turn | 300 sec total\n|\n|t:|1783563425\n|move|p2a: Mienshao|Close Combat|p1a: Bastiodon\n|-supereffective|p1a: Bastiodon\n|-damage|p1a: Bastiodon|0 fnt\n|-unboost|p2a: Mienshao|def|1\n|-unboost|p2a: Mienshao|spd|1\n|faint|p1a: Bastiodon\n|-damage|p2a: Mienshao|29/244|[from] item: Life Orb\n|\n|upkeep\n|\n|t:|1783563426\n|switch|p1a: Annihilape|Annihilape, L76, F|100/100\n|-damage|p1a: Annihilape|94/100|[from] Stealth Rock\n|-activate|p1a: Annihilape|move: Sticky Web\n|-unboost|p1a: Annihilape|spe|1\n|-ability|p1a: Annihilape|Defiant|boost\n|-boost|p1a: Annihilape|atk|2\n|turn|15\n|inactive|Time left: 300 sec this turn | 300 sec total\n|\n|t:|1783563427\n|move|p2a: Mienshao|Knock Off|p1a: Annihilape\n|-damage|p1a: Annihilape|12/100\n|-enditem|p1a: Annihilape|Leftovers|[from] move: Knock Off|[of] p2a: Mienshao\n|-damage|p2a: Mienshao|5/244|[from] item: Life Orb\n|move|p1a: Annihilape|Rage Fist|p2a: Mienshao\n|-damage|p2a: Mienshao|0 fnt\n|faint|p2a: Mienshao\n|\n|upkeep\n|inactive|Time left: 300 sec this turn | 300 sec total | 5 sec grace\n|\n|t:|1783563428\n|switch|p2a: Mesprit|Mesprit, L85|275/275\n|turn|16\n|inactive|Time left: 300 sec this turn | 300 sec total\n|\n|t:|1783563429\n|move|p2a: Mesprit|Psychic Noise|p1a: Annihilape\n|-supereffective|p1a: Annihilape\n|-damage|p1a: Annihilape|0 fnt\n|faint|p1a: Annihilape\n|\n|upkeep\n|\n|t:|1783563431\n|switch|p1a: Gliscor|Gliscor, L76, F|69/100 tox\n|-damage|p1a: Gliscor|57/100 tox|[from] Stealth Rock\n|turn|17\n|inactive|Time left: 300 sec this turn | 300 sec total\n|\n|t:|1783563432\n|move|p1a: Gliscor|Knock Off|p2a: Mesprit\n|-supereffective|p2a: Mesprit\n|-damage|p2a: Mesprit|181/275\n|-enditem|p2a: Mesprit|Leftovers|[from] move: Knock Off|[of] p1a: Gliscor\n|move|p2a: Mesprit|Psychic Noise|p1a: Gliscor\n|-damage|p1a: Gliscor|11/100 tox\n|-start|p1a: Gliscor|move: Heal Block\n|\n|upkeep\n|turn|18\n|inactive|Time left: 300 sec this turn | 300 sec total\n|\n|t:|1783563433\n|move|p1a: Gliscor|Protect|p1a: Gliscor\n|-singleturn|p1a: Gliscor|Protect\n|move|p2a: Mesprit|Knock Off|p1a: Gliscor\n|-activate|p1a: Gliscor|move: Protect\n|\n|-end|p1a: Gliscor|move: Heal Block\n|upkeep\n|turn|19\n|inactive|Time left: 300 sec this turn | 300 sec total\n|\n|t:|1783563434\n|move|p1a: Gliscor|Toxic|p2a: Mesprit\n|-status|p2a: Mesprit|tox\n|move|p2a: Mesprit|Knock Off|p1a: Gliscor\n|-damage|p1a: Gliscor|0 fnt\n|-enditem|p1a: Gliscor|Toxic Orb|[from] move: Knock Off|[of] p2a: Mesprit\n|faint|p1a: Gliscor\n|\n|-damage|p2a: Mesprit|164/275 tox|[from] psn\n|upkeep\n|\n|t:|1783563435\n|switch|p1a: Mew|Mew, L82|100/100\n|-damage|p1a: Mew|88/100|[from] Stealth Rock\n|-activate|p1a: Mew|move: Sticky Web\n|-unboost|p1a: Mew|spe|1\n|turn|20\n|inactive|Time left: 300 sec this turn | 300 sec total\n|\n|t:|1783563436\n|move|p2a: Mesprit|Knock Off|p1a: Mew\n|-supereffective|p1a: Mew\n|-damage|p1a: Mew|39/100\n|-enditem|p1a: Mew|Life Orb|[from] move: Knock Off|[of] p2a: Mesprit\n|move|p1a: Mew|Swords Dance|p1a: Mew\n|-boost|p1a: Mew|atk|2\n|\n|-damage|p2a: Mesprit|130/275 tox|[from] psn\n|upkeep\n|turn|21\n|inactive|Time left: 300 sec this turn | 300 sec total\n|\n|t:|1783563438\n|move|p2a: Mesprit|Psychic Noise|p1a: Mew\n|-resisted|p1a: Mew\n|-damage|p1a: Mew|26/100\n|-start|p1a: Mew|move: Heal Block\n|move|p1a: Mew|Psychic Fangs|p2a: Mesprit\n|-resisted|p2a: Mesprit\n|-damage|p2a: Mesprit|59/275 tox\n|\n|-damage|p2a: Mesprit|8/275 tox|[from] psn\n|upkeep\n|turn|22\n|inactive|Time left: 300 sec this turn | 300 sec total\n|\n|t:|1783563440\n|move|p2a: Mesprit|Knock Off|p1a: Mew\n|-supereffective|p1a: Mew\n|-damage|p1a: Mew|0 fnt\n|faint|p1a: Mew\n|\n|-damage|p2a: Mesprit|0 fnt|[from] psn\n|faint|p2a: Mesprit\n|upkeep\n|inactive|Time left: 300 sec this turn | 300 sec total | 5 sec grace\n|\n|t:|1783563441\n|switch|p1a: Palkia|Palkia-Origin, L72|100/100\n|switch|p2a: Swampert|Swampert, L83, F|178/302\n|-damage|p1a: Palkia|88/100|[from] Stealth Rock\n|-activate|p1a: Palkia|move: Sticky Web\n|-unboost|p1a: Palkia|spe|1\n|-ability|p1a: Palkia|Pressure\n|turn|23\n|inactive|Time left: 300 sec this turn | 300 sec total\n|\n|t:|1783563442\n|move|p2a: Swampert|Earthquake|p1a: Palkia\n|-damage|p1a: Palkia|41/100\n|move|p1a: Palkia|Spacial Rend|p2a: Swampert\n|-damage|p2a: Swampert|51/302\n|\n|upkeep\n|turn|24\n|inactive|Time left: 300 sec this turn | 300 sec total\n|\n|t:|1783563443\n|switch|p1a: Uxie|Uxie, L83|100/100 slp\n|-damage|p1a: Uxie|88/100 slp|[from] Stealth Rock\n|move|p2a: Swampert|Earthquake|p1a: Uxie\n|-immune|p1a: Uxie|[from] ability: Levitate\n|\n|-heal|p1a: Uxie|94/100 slp|[from] item: Leftovers\n|upkeep\n|turn|25\n|inactive|Time left: 300 sec this turn | 300 sec total\n|\n|t:|1783563444\n|cant|p1a: Uxie|slp\n|move|p2a: Swampert|Flip Turn|p1a: Uxie\n|-damage|p1a: Uxie|66/100 slp\n|inactive|Time left: 300 sec this turn | 300 sec total | 5 sec grace\n|\n|t:|1783563445\n|switch|p2a: Qwilfish|Qwilfish, L86, M|252/252|[from] Flip Turn\n|-ability|p2a: Qwilfish|Intimidate|boost\n|-unboost|p1a: Uxie|atk|1\n|\n|-heal|p1a: Uxie|72/100 slp|[from] item: Leftovers\n|upkeep\n|turn|26\n|inactive|Time left: 300 sec this turn | 300 sec total\n|\n|t:|1783563446\n|cant|p1a: Uxie|slp\n|move|p2a: Qwilfish|Gunk Shot|p1a: Uxie|[miss]\n|-miss|p2a: Qwilfish|p1a: Uxie\n|\n|-heal|p1a: Uxie|79/100 slp|[from] item: Leftovers\n|upkeep\n|turn|27\n|inactive|Time left: 300 sec this turn | 300 sec total\n|\n|t:|1783563446\n|cant|p1a: Uxie|slp\n|move|p2a: Qwilfish|Gunk Shot|p1a: Uxie\n|-damage|p1a: Uxie|38/100 slp\n|\n|-heal|p1a: Uxie|44/100 slp|[from] item: Leftovers\n|upkeep\n|turn|28\n|inactive|Time left: 300 sec this turn | 300 sec total\n|\n|t:|1783563447\n|-curestatus|p1a: Uxie|slp|[msg]\n|move|p1a: Uxie|Psychic Noise|p2a: Qwilfish\n|-supereffective|p2a: Qwilfish\n|-damage|p2a: Qwilfish|72/252\n|-start|p2a: Qwilfish|move: Heal Block\n|move|p2a: Qwilfish|Gunk Shot|p1a: Uxie\n|-damage|p1a: Uxie|9/100\n|\n|-heal|p1a: Uxie|15/100|[from] item: Leftovers\n|upkeep\n|turn|29\n|inactive|Time left: 300 sec this turn | 300 sec total\n|\n|t:|1783563448\n|-terastallize|p2a: Qwilfish|Dark\n|move|p1a: Uxie|Psychic Noise|p2a: Qwilfish\n|-immune|p2a: Qwilfish\n|move|p2a: Qwilfish|Gunk Shot|p1a: Uxie|[miss]\n|-miss|p2a: Qwilfish|p1a: Uxie\n|\n|-heal|p1a: Uxie|22/100|[from] item: Leftovers\n|-end|p2a: Qwilfish|move: Heal Block\n|upkeep\n|turn|30\n|inactive|Time left: 300 sec this turn | 300 sec total\n|\n|t:|1783563448\n|move|p1a: Uxie|U-turn|p2a: Qwilfish\n|-supereffective|p2a: Qwilfish\n|-damage|p2a: Qwilfish|22/252\n|\n|t:|1783563449\n|switch|p1a: Palkia|Palkia-Origin, L72|41/100|[from] U-turn\n|-damage|p1a: Palkia|29/100|[from] Stealth Rock\n|-activate|p1a: Palkia|move: Sticky Web\n|-unboost|p1a: Palkia|spe|1\n|-ability|p1a: Palkia|Pressure\n|move|p2a: Qwilfish|Gunk Shot|p1a: Palkia\n|-damage|p1a: Palkia|0 fnt\n|faint|p1a: Palkia\n|\n|upkeep\n|\n|t:|1783563449\n|switch|p1a: Uxie|Uxie, L83|22/100\n|-damage|p1a: Uxie|9/100|[from] Stealth Rock\n|turn|31\n|inactive|Time left: 300 sec this turn | 300 sec total\n|\n|t:|1783563450\n|switch|p2a: Swampert|Swampert, L83, F|51/302\n|-terastallize|p1a: Uxie|Dark\n|move|p1a: Uxie|Knock Off|p2a: Swampert\n|-damage|p2a: Swampert|0 fnt\n|faint|p2a: Swampert\n|\n|-heal|p1a: Uxie|15/100|[from] item: Leftovers\n|upkeep\n|inactive|Time left: 300 sec this turn | 300 sec total | 5 sec grace\n|\n|t:|1783563451\n|switch|p2a: Qwilfish|Qwilfish, L86, M, tera:Dark|22/252\n|-ability|p2a: Qwilfish|Intimidate|boost\n|-unboost|p1a: Uxie|atk|1\n|turn|32\n|inactive|Time left: 300 sec this turn | 300 sec total\n|\n|t:|1783563452\n|switch|p2a: Smeargle|Smeargle, L95, F|79/258\n|move|p1a: Uxie|Knock Off|p2a: Smeargle\n|-damage|p2a: Smeargle|13/258\n|\n|-heal|p1a: Uxie|22/100|[from] item: Leftovers\n|upkeep\n|turn|33\n|inactive|Time left: 300 sec this turn | 300 sec total\n|\n|t:|1783563452\n|switch|p2a: Qwilfish|Qwilfish, L86, M, tera:Dark|22/252\n|-ability|p2a: Qwilfish|Intimidate|boost\n|-unboost|p1a: Uxie|atk|1\n|move|p1a: Uxie|U-turn|p2a: Qwilfish\n|-supereffective|p2a: Qwilfish\n|-damage|p2a: Qwilfish|0 fnt\n|faint|p2a: Qwilfish\n|\n|-heal|p1a: Uxie|28/100|[from] item: Leftovers\n|upkeep\n|inactive|Time left: 300 sec this turn | 300 sec total | 5 sec grace\n|\n|t:|1783563453\n|switch|p2a: Smeargle|Smeargle, L95, F|13/258\n|turn|34\n|inactive|Time left: 300 sec this turn | 300 sec total\n|\n|t:|1783563454\n|move|p1a: Uxie|Psychic Noise|p2a: Smeargle\n|-damage|p2a: Smeargle|0 fnt\n|faint|p2a: Smeargle\n|\n|win|p0x20904e50", "uploadtime": 1783563454, "views": 0, "rating": 0, "private": 0, "password": null, "_winner": "p0x20904e50", "_our_name": "p0y209030ff"}