{"id": "battle-gen9randombattle-2140", "formatid": "gen9randombattle", "format": "[Gen 9] Random Battle", "players": ["p0x2140944c", "p0y21403ea3"], "log": "|init|battle\n|title|p0x2140944c vs. p0y21403ea3\n|j|\u2606p0x2140944c\n|j|\u2606p0y21403ea3\n|t:|1783563959\n|gametype|singles\n|player|p1|p0x2140944c|102|\n|player|p2|p0y21403ea3|169|\n|gen|9\n|tier|[Gen 9] Random Battle\n|rule|Species Clause: Limit one of each Pok\u00e9mon\n|rule|HP Percentage Mod: HP is shown in percentages\n|rule|Sleep Clause Mod: Limit one foe put to sleep\n|rule|Illusion Level Mod: Illusion disguises the Pok\u00e9mon's true level\n|\n|t:|1783563959\n|teamsize|p1|6\n|teamsize|p2|6\n|start\n|switch|p1a: Iron Boulder|Iron Boulder, L77|100/100\n|switch|p2a: Braviary|Braviary, L85, M|309/309\n|turn|1\n|inactive|Battle timer is ON: inactive players will automatically lose when time's up. (requested by p0y21403ea3)\n|inactive|p0x2140944c also wants the timer to be on.\n|\n|t:|1783563961\n|move|p1a: Iron Boulder|Swords Dance|p1a: Iron Boulder\n|-boost|p1a: Iron Boulder|atk|2\n|move|p2a: Braviary|Brave Bird|p1a: Iron Boulder\n|-resisted|p1a: Iron Boulder\n|-damage|p1a: Iron Boulder|69/100\n|-damage|p2a: Braviary|281/309|[from] Recoil\n|\n|upkeep\n|turn|2\n|inactive|Time left: 300 sec this turn | 300 sec total\n|\n|t:|1783563962\n|switch|p2a: Iron Treads|Iron Treads, L77|265/265\n|move|p1a: Iron Boulder|Mighty Cleave|p2a: Iron Treads\n|-resisted|p2a: Iron Treads\n|-damage|p2a: Iron Treads|207/265\n|-damage|p1a: Iron Boulder|59/100|[from] item: Life Orb\n|\n|upkeep\n|turn|3\n|inactive|Time left: 300 sec this turn | 300 sec total\n|\n|t:|1783563964\n|-terastallize|p2a: Iron Treads|Ghost\n|move|p1a: Iron Boulder|Close Combat|p2a: Iron Treads\n|-immune|p2a: Iron Treads\n|move|p2a: Iron Treads|Earthquake|p1a: Iron Boulder\n|-supereffective|p1a: Iron Boulder\n|-damage|p1a: Iron Boulder|0 fnt\n|faint|p1a: Iron Boulder\n|-end|p1a: Iron Boulder|Quark Drive|[silent]\n|\n|upkeep\n|\n|t:|1783563965\n|switch|p1a: Abomasnow|Abomasnow, L84, M|100/100\n|-weather|Snowscape|[from] ability: Snow Warning|[of] p1a: Abomasnow\n|turn|4\n|inactive|Time left: 300 sec this turn | 300 sec total\n|\n|t:|1783563966\n|-end|p2a: Iron Treads|Quark Drive|[silent]\n|switch|p2a: Politoed|Politoed, L88, M|302/302\n|-weather|RainDance|[from] ability: Drizzle|[of] p2a: Politoed\n|move|p1a: Abomasnow|Aurora Veil||[still]\n|-fail|p1a: Abomasnow\n|\n|-weather|RainDance|[upkeep]\n|upkeep\n|turn|5\n|inactive|Time left: 300 sec this turn | 300 sec total\n|\n|t:|1783563967\n|move|p2a: Politoed|Surf|p1a: Abomasnow\n|-resisted|p1a: Abomasnow\n|-damage|p1a: Abomasnow|72/100\n|move|p1a: Abomasnow|Earthquake|p2a: Politoed\n|-damage|p2a: Politoed|226/302\n|\n|-weather|RainDance|[upkeep]\n|upkeep\n|turn|6\n|inactive|Time left: 300 sec this turn | 300 sec total\n|\n|t:|1783563968\n|move|p2a: Politoed|Surf|p1a: Abomasnow\n|-resisted|p1a: Abomasnow\n|-damage|p1a: Abomasnow|47/100\n|move|p1a: Abomasnow|Blizzard|p2a: Politoed\n|-resisted|p2a: Politoed\n|-damage|p2a: Politoed|177/302\n|\n|-weather|RainDance|[upkeep]\n|upkeep\n|turn|7\n|inactive|Time left: 300 sec this turn | 300 sec total\n|\n|t:|1783563970\n|move|p2a: Politoed|Surf|p1a: Abomasnow\n|-resisted|p1a: Abomasnow\n|-damage|p1a: Abomasnow|19/100\n|move|p1a: Abomasnow|Earthquake|p2a: Politoed\n|-damage|p2a: Politoed|103/302\n|\n|-weather|RainDance|[upkeep]\n|upkeep\n|turn|8\n|inactive|Time left: 300 sec this turn | 300 sec total\n|\n|t:|1783563971\n|move|p1a: Abomasnow|Ice Shard|p2a: Politoed\n|-resisted|p2a: Politoed\n|-damage|p2a: Politoed|79/302\n|move|p2a: Politoed|Surf|p1a: Abomasnow\n|-resisted|p1a: Abomasnow\n|-damage|p1a: Abomasnow|0 fnt\n|faint|p1a: Abomasnow\n|\n|-weather|none\n|upkeep\n|\n|t:|1783563972\n|switch|p1a: Revavroom|Revavroom, L79, F|100/100\n|turn|9\n|inactive|Time left: 300 sec this turn | 300 sec total\n|\n|t:|1783563973\n|move|p1a: Revavroom|Shift Gear|p1a: Revavroom\n|-boost|p1a: Revavroom|spe|2\n|-boost|p1a: Revavroom|atk|1\n|move|p2a: Politoed|Rest|p2a: Politoed\n|-status|p2a: Politoed|slp|[from] move: Rest\n|-heal|p2a: Politoed|302/302 slp|[silent]\n|-enditem|p2a: Politoed|Chesto Berry|[eat]\n|-curestatus|p2a: Politoed|slp|[msg]\n|\n|upkeep\n|turn|10\n|inactive|Time left: 300 sec this turn | 300 sec total\n|\n|t:|1783563974\n|move|p1a: Revavroom|Gunk Shot|p2a: Politoed\n|-damage|p2a: Politoed|43/302\n|-damage|p1a: Revavroom|91/100|[from] item: Life Orb\n|move|p2a: Politoed|Surf|p1a: Revavroom\n|-damage|p1a: Revavroom|40/100\n|\n|upkeep\n|turn|11\n|inactive|Time left: 300 sec this turn | 300 sec total\n|\n|t:|1783563975\n|move|p1a: Revavroom|High Horsepower|p2a: Politoed\n|-damage|p2a: Politoed|0 fnt\n|faint|p2a: Politoed\n|-damage|p1a: Revavroom|31/100|[from] item: Life Orb\n|\n|upkeep\n|inactive|Time left: 300 sec this turn | 300 sec total | 5 sec grace\n|\n|t:|1783563976\n|switch|p2a: Dragonite|Dragonite, L74, M|257/257\n|turn|12\n|inactive|Time left: 300 sec this turn | 300 sec total\n|\n|t:|1783563977\n|move|p1a: Revavroom|Iron Head|p2a: Dragonite\n|-damage|p2a: Dragonite|167/257\n|-damage|p1a: Revavroom|21/100|[from] item: Life Orb\n|move|p2a: Dragonite|Outrage|p1a: Revavroom\n|-resisted|p1a: Revavroom\n|-damage|p1a: Revavroom|0 fnt\n|faint|p1a: Revavroom\n|\n|upkeep\n|\n|t:|1783563978\n|switch|p1a: Duraludon|Duraludon, L82, F|100/100\n|turn|13\n|inactive|Time left: 300 sec this turn | 300 sec total\n|\n|t:|1783563978\n|move|p1a: Duraludon|Draco Meteor|p2a: Dragonite\n|-supereffective|p2a: Dragonite\n|-damage|p2a: Dragonite|0 fnt\n|-unboost|p1a: Duraludon|spa|2\n|faint|p2a: Dragonite\n|\n|upkeep\n|inactive|Time left: 300 sec this turn | 300 sec total | 5 sec grace\n|\n|t:|1783563979\n|switch|p2a: Braviary|Braviary, L85, M|281/309\n|turn|14\n|inactive|Time left: 300 sec this turn | 300 sec total\n|\n|t:|1783563980\n|move|p1a: Duraludon|Iron Defense|p1a: Duraludon\n|-boost|p1a: Duraludon|def|2\n|move|p2a: Braviary|Bulk Up|p2a: Braviary\n|-boost|p2a: Braviary|atk|1\n|-boost|p2a: Braviary|def|1\n|\n|upkeep\n|turn|15\n|inactive|Time left: 300 sec this turn | 300 sec total\n|\n|t:|1783563981\n|move|p1a: Duraludon|Iron Defense|p1a: Duraludon\n|-boost|p1a: Duraludon|def|2\n|move|p2a: Braviary|Bulk Up|p2a: Braviary\n|-boost|p2a: Braviary|atk|1\n|-boost|p2a: Braviary|def|1\n|\n|upkeep\n|turn|16\n|inactive|Time left: 300 sec this turn | 300 sec total\n|\n|t:|1783563982\n|move|p1a: Duraludon|Body Press|p2a: Braviary\n|-damage|p2a: Braviary|176/309\n|move|p2a: Braviary|Roost|p2a: Braviary\n|-heal|p2a: Braviary|309/309\n|-singleturn|p2a: Braviary|move: Roost\n|\n|upkeep\n|turn|17\n|inactive|Time left: 300 sec this turn | 300 sec total\n|\n|t:|1783563983\n|move|p1a: Duraludon|Body Press|p2a: Braviary\n|-damage|p2a: Braviary|198/309\n|move|p2a: Braviary|Bulk Up|p2a: Braviary\n|-boost|p2a: Braviary|atk|1\n|-boost|p2a: Braviary|def|1\n|\n|upkeep\n|turn|18\n|inactive|Time left: 300 sec this turn | 300 sec total\n|\n|t:|1783563984\n|-terastallize|p1a: Duraludon|Fighting\n|move|p1a: Duraludon|Body Press|p2a: Braviary\n|-damage|p2a: Braviary|78/309\n|move|p2a: Braviary|Roost|p2a: Braviary\n|-heal|p2a: Braviary|233/309\n|-singleturn|p2a: Braviary|move: Roost\n|\n|upkeep\n|turn|19\n|inactive|Time left: 300 sec this turn | 300 sec total\n|\n|t:|1783563985\n|move|p1a: Duraludon|Body Press|p2a: Braviary\n|-damage|p2a: Braviary|100/309\n|move|p2a: Braviary|Roost|p2a: Braviary\n|-heal|p2a: Braviary|255/309\n|-singleturn|p2a: Braviary|move: Roost\n|\n|upkeep\n|turn|20\n|inactive|Time left: 300 sec this turn | 300 sec total\n|\n|t:|1783563986\n|move|p1a: Duraludon|Body Press|p2a: Braviary\n|-damage|p2a: Braviary|134/309\n|move|p2a: Braviary|Roost|p2a: Braviary\n|-heal|p2a: Braviary|289/309\n|-singleturn|p2a: Braviary|move: Roost\n|\n|upkeep\n|turn|21\n|inactive|Time left: 300 sec this turn | 300 sec total\n|\n|t:|1783563987\n|move|p1a: Duraludon|Body Press|p2a: Braviary\n|-damage|p2a: Braviary|162/309\n|move|p2a: Braviary|Roost|p2a: Braviary\n|-heal|p2a: Braviary|309/309\n|-singleturn|p2a: Braviary|move: Roost\n|\n|upkeep\n|turn|22\n|inactive|Time left: 300 sec this turn | 300 sec total\n|\n|t:|1783563987\n|move|p1a: Duraludon|Body Press|p2a: Braviary\n|-damage|p2a: Braviary|180/309\n|move|p2a: Braviary|Brave Bird|p1a: Duraludon\n|-supereffective|p1a: Duraludon\n|-damage|p1a: Duraludon|43/100\n|-damage|p2a: Braviary|132/309|[from] Recoil\n|\n|upkeep\n|turn|23\n|inactive|Time left: 300 sec this turn | 300 sec total\n|\n|t:|1783563988\n|move|p1a: Duraludon|Body Press|p2a: Braviary\n|-damage|p2a: Braviary|9/309\n|move|p2a: Braviary|Roost|p2a: Braviary\n|-heal|p2a: Braviary|164/309\n|-singleturn|p2a: Braviary|move: Roost\n|\n|upkeep\n|turn|24\n|inactive|Time left: 300 sec this turn | 300 sec total\n|\n|t:|1783563989\n|move|p1a: Duraludon|Body Press|p2a: Braviary\n|-damage|p2a: Braviary|43/309\n|move|p2a: Braviary|Roost|p2a: Braviary\n|-heal|p2a: Braviary|198/309\n|-singleturn|p2a: Braviary|move: Roost\n|\n|upkeep\n|turn|25\n|inactive|Time left: 300 sec this turn | 300 sec total\n|\n|t:|1783563990\n|move|p1a: Duraludon|Body Press|p2a: Braviary\n|-damage|p2a: Braviary|68/309\n|move|p2a: Braviary|Roost|p2a: Braviary\n|-heal|p2a: Braviary|223/309\n|-singleturn|p2a: Braviary|move: Roost\n|\n|upkeep\n|turn|26\n|inactive|Time left: 300 sec this turn | 300 sec total\n|\n|t:|1783563991\n|move|p1a: Duraludon|Body Press|p2a: Braviary\n|-damage|p2a: Braviary|105/309\n|move|p2a: Braviary|Brave Bird|p1a: Duraludon\n|-supereffective|p1a: Duraludon\n|-damage|p1a: Duraludon|0 fnt\n|faint|p1a: Duraludon\n|-damage|p2a: Braviary|70/309|[from] Recoil\n|\n|upkeep\n|\n|t:|1783563992\n|switch|p1a: Dugtrio|Dugtrio, L84, F|100/100\n|turn|27\n|inactive|Time left: 300 sec this turn | 300 sec total\n|\n|t:|1783563993\n|move|p1a: Dugtrio|Stone Edge|p2a: Braviary|[miss]\n|-miss|p1a: Dugtrio|p2a: Braviary\n|move|p2a: Braviary|Close Combat|p1a: Dugtrio\n|-damage|p1a: Dugtrio|0 fnt\n|-unboost|p2a: Braviary|def|1\n|-unboost|p2a: Braviary|spd|1\n|faint|p1a: Dugtrio\n|\n|upkeep\n|\n|t:|1783563994\n|switch|p1a: Hawlucha|Hawlucha, L80, F|100/100\n|turn|28\n|inactive|Time left: 300 sec this turn | 300 sec total\n|\n|t:|1783563995\n|move|p1a: Hawlucha|Throat Chop|p2a: Braviary\n|-damage|p2a: Braviary|42/309\n|-start|p2a: Braviary|Throat Chop|[silent]\n|move|p2a: Braviary|Brave Bird|p1a: Hawlucha\n|-supereffective|p1a: Hawlucha\n|-damage|p1a: Hawlucha|0 fnt\n|faint|p1a: Hawlucha\n|-damage|p2a: Braviary|0 fnt|[from] Recoil\n|faint|p2a: Braviary\n|\n|win|p0y21403ea3", "uploadtime": 1783563995, "views": 0, "rating": 0, "private": 0, "password": null, "_winner": "p0y21403ea3", "_our_name": "p0y21403ea3"}