{"id": "battle-gen9randombattle-879", "formatid": "gen9randombattle", "format": "[Gen 9] Random Battle", "players": ["p0x8797ad1", "p0y879c5d1"], "log": "|init|battle\n|title|p0x8797ad1 vs. p0y879c5d1\n|j|\u2606p0x8797ad1\n|j|\u2606p0y879c5d1\n|t:|1783550087\n|gametype|singles\n|player|p1|p0x8797ad1|169|\n|player|p2|p0y879c5d1|169|\n|gen|9\n|tier|[Gen 9] Random Battle\n|rule|Species Clause: Limit one of each Pok\u00e9mon\n|rule|HP Percentage Mod: HP is shown in percentages\n|rule|Sleep Clause Mod: Limit one foe put to sleep\n|rule|Illusion Level Mod: Illusion disguises the Pok\u00e9mon's true level\n|\n|t:|1783550087\n|teamsize|p1|6\n|teamsize|p2|6\n|start\n|switch|p1a: Terrakion|Terrakion, L79|273/273\n|switch|p2a: Serperior|Serperior, L79, M|100/100\n|turn|1\n|inactive|Battle timer is ON: inactive players will automatically lose when time's up. (requested by p0x8797ad1)\n|inactive|p0y879c5d1 also wants the timer to be on.\n|\n|t:|1783550088\n|-terastallize|p1a: Terrakion|Fighting\n|move|p2a: Serperior|Leaf Storm|p1a: Terrakion\n|-damage|p1a: Terrakion|125/273\n|-boost|p2a: Serperior|spa|2\n|-damage|p2a: Serperior|91/100|[from] item: Life Orb\n|move|p1a: Terrakion|Close Combat|p2a: Serperior\n|-damage|p2a: Serperior|0 fnt\n|-unboost|p1a: Terrakion|def|1\n|-unboost|p1a: Terrakion|spd|1\n|faint|p2a: Serperior\n|\n|upkeep\n|\n|t:|1783550089\n|switch|p2a: Enamorus|Enamorus, L79, F|100/100\n|turn|2\n|inactive|Time left: 300 sec this turn | 300 sec total\n|\n|t:|1783550091\n|move|p1a: Terrakion|Close Combat|p2a: Enamorus\n|-resisted|p2a: Enamorus\n|-damage|p2a: Enamorus|64/100\n|-unboost|p1a: Terrakion|def|1\n|-unboost|p1a: Terrakion|spd|1\n|move|p2a: Enamorus|Moonblast|p1a: Terrakion\n|-supereffective|p1a: Terrakion\n|-damage|p1a: Terrakion|0 fnt\n|faint|p1a: Terrakion\n|\n|-heal|p2a: Enamorus|70/100|[from] item: Leftovers\n|upkeep\n|inactive|Time left: 300 sec this turn | 300 sec total | 5 sec grace\n|\n|t:|1783550092\n|switch|p1a: Basculegion|Basculegion, L80, M|323/323\n|turn|3\n|inactive|Time left: 300 sec this turn | 300 sec total\n|\n|t:|1783550093\n|switch|p2a: Lumineon|Lumineon, L93, M|100/100\n|move|p1a: Basculegion|Wave Crash|p2a: Lumineon\n|-ability|p2a: Lumineon|Storm Drain|boost\n|-boost|p2a: Lumineon|spa|1\n|\n|upkeep\n|turn|4\n|inactive|Time left: 300 sec this turn | 300 sec total\n|\n|t:|1783550094\n|move|p2a: Lumineon|Hydro Pump|p1a: Basculegion\n|-resisted|p1a: Basculegion\n|-damage|p1a: Basculegion|258/323\n|move|p1a: Basculegion|Shadow Ball|p2a: Lumineon\n|-damage|p2a: Lumineon|69/100\n|-unboost|p2a: Lumineon|spd|1\n|\n|upkeep\n|turn|5\n|inactive|Time left: 300 sec this turn | 300 sec total\n|\n|t:|1783550095\n|move|p2a: Lumineon|Ice Beam|p1a: Basculegion\n|-resisted|p1a: Basculegion\n|-damage|p1a: Basculegion|219/323\n|move|p1a: Basculegion|Shadow Ball|p2a: Lumineon\n|-crit|p2a: Lumineon\n|-damage|p2a: Lumineon|7/100\n|\n|upkeep\n|turn|6\n|inactive|Time left: 300 sec this turn | 300 sec total\n|\n|t:|1783550096\n|move|p2a: Lumineon|Ice Beam|p1a: Basculegion\n|-resisted|p1a: Basculegion\n|-damage|p1a: Basculegion|181/323\n|move|p1a: Basculegion|Shadow Ball|p2a: Lumineon\n|-damage|p2a: Lumineon|0 fnt\n|faint|p2a: Lumineon\n|\n|upkeep\n|\n|t:|1783550097\n|switch|p2a: Lanturn|Lanturn, L89, F|100/100\n|turn|7\n|inactive|Time left: 300 sec this turn | 300 sec total\n|\n|t:|1783550098\n|move|p1a: Basculegion|Shadow Ball|p2a: Lanturn\n|-damage|p2a: Lanturn|74/100\n|move|p2a: Lanturn|Volt Switch|p1a: Basculegion\n|-supereffective|p1a: Basculegion\n|-damage|p1a: Basculegion|67/323\n|\n|t:|1783550099\n|switch|p2a: Enamorus|Enamorus, L79, F|70/100|[from] Volt Switch\n|\n|-heal|p2a: Enamorus|76/100|[from] item: Leftovers\n|upkeep\n|turn|8\n|inactive|Time left: 300 sec this turn | 300 sec total\n|\n|t:|1783550100\n|move|p1a: Basculegion|Aqua Jet|p2a: Enamorus\n|-damage|p2a: Enamorus|43/100\n|move|p2a: Enamorus|Moonblast|p1a: Basculegion\n|-damage|p1a: Basculegion|0 fnt\n|faint|p1a: Basculegion\n|\n|-heal|p2a: Enamorus|49/100|[from] item: Leftovers\n|upkeep\n|inactive|Time left: 300 sec this turn | 300 sec total | 5 sec grace\n|\n|t:|1783550101\n|switch|p1a: Hatterene|Hatterene, L85, F|236/236\n|turn|9\n|inactive|Time left: 300 sec this turn | 300 sec total\n|\n|t:|1783550102\n|move|p2a: Enamorus|Moonblast|p1a: Hatterene\n|-damage|p1a: Hatterene|136/236\n|-unboost|p1a: Hatterene|spa|1\n|move|p1a: Hatterene|Psychic|p2a: Enamorus\n|-damage|p2a: Enamorus|11/100\n|\n|-heal|p2a: Enamorus|17/100|[from] item: Leftovers\n|-heal|p1a: Hatterene|150/236|[from] item: Leftovers\n|upkeep\n|turn|10\n|inactive|Time left: 300 sec this turn | 300 sec total\n|\n|t:|1783550103\n|move|p2a: Enamorus|Moonblast|p1a: Hatterene\n|-damage|p1a: Hatterene|54/236\n|-unboost|p1a: Hatterene|spa|1\n|move|p1a: Hatterene|Draining Kiss|p2a: Enamorus\n|-damage|p2a: Enamorus|0 fnt\n|-heal|p1a: Hatterene|85/236|[from] drain|[of] p2a: Enamorus\n|faint|p2a: Enamorus\n|\n|-heal|p1a: Hatterene|99/236|[from] item: Leftovers\n|upkeep\n|\n|t:|1783550104\n|switch|p2a: Lanturn|Lanturn, L89, F|74/100\n|turn|11\n|inactive|Time left: 300 sec this turn | 300 sec total\n|\n|t:|1783550105\n|switch|p1a: Toedscruel|Toedscruel, L87, M|281/281\n|move|p2a: Lanturn|Scald|p1a: Toedscruel\n|-crit|p1a: Toedscruel\n|-damage|p1a: Toedscruel|191/281\n|-status|p1a: Toedscruel|brn\n|\n|-heal|p1a: Toedscruel|208/281 brn|[from] item: Leftovers\n|-damage|p1a: Toedscruel|191/281 brn|[from] brn\n|upkeep\n|turn|12\n|inactive|Time left: 300 sec this turn | 300 sec total\n|\n|t:|1783550107\n|switch|p2a: Weezing|Weezing, L88, F|100/100\n|move|p1a: Toedscruel|Toxic|p2a: Weezing\n|-immune|p2a: Weezing\n|\n|-heal|p1a: Toedscruel|208/281 brn|[from] item: Leftovers\n|-damage|p1a: Toedscruel|191/281 brn|[from] brn\n|upkeep\n|turn|13\n|inactive|Time left: 300 sec this turn | 300 sec total\n|\n|t:|1783550108\n|switch|p1a: Rhyperior|Rhyperior, L82, M|323/323\n|move|p2a: Weezing|Gunk Shot|p1a: Rhyperior|[miss]\n|-miss|p2a: Weezing|p1a: Rhyperior\n|\n|upkeep\n|turn|14\n|inactive|Time left: 300 sec this turn | 300 sec total\n|\n|t:|1783550109\n|move|p2a: Weezing|Gunk Shot|p1a: Rhyperior|[miss]\n|-miss|p2a: Weezing|p1a: Rhyperior\n|move|p1a: Rhyperior|Rock Polish|p1a: Rhyperior\n|-boost|p1a: Rhyperior|spe|2\n|\n|upkeep\n|turn|15\n|inactive|Time left: 300 sec this turn | 300 sec total\n|\n|t:|1783550110\n|move|p1a: Rhyperior|Stone Edge|p2a: Weezing\n|-damage|p2a: Weezing|60/100\n|move|p2a: Weezing|Will-O-Wisp|p1a: Rhyperior\n|-status|p1a: Rhyperior|brn\n|\n|-heal|p2a: Weezing|66/100|[from] item: Leftovers\n|-damage|p1a: Rhyperior|303/323 brn|[from] brn\n|upkeep\n|turn|16\n|inactive|Time left: 300 sec this turn | 300 sec total\n|\n|t:|1783550111\n|move|p1a: Rhyperior|Rock Polish|p1a: Rhyperior\n|-boost|p1a: Rhyperior|spe|2\n|move|p2a: Weezing|Pain Split|p1a: Rhyperior\n|-sethp|p1a: Rhyperior|236/323 brn|[from] move: Pain Split|[silent]\n|-sethp|p2a: Weezing|92/100|[from] move: Pain Split\n|\n|-heal|p2a: Weezing|98/100|[from] item: Leftovers\n|-damage|p1a: Rhyperior|216/323 brn|[from] brn\n|upkeep\n|turn|17\n|inactive|Time left: 300 sec this turn | 300 sec total\n|\n|t:|1783550112\n|move|p1a: Rhyperior|Stone Edge|p2a: Weezing\n|-damage|p2a: Weezing|78/100\n|move|p2a: Weezing|Fire Blast|p1a: Rhyperior\n|-resisted|p1a: Rhyperior\n|-damage|p1a: Rhyperior|164/323 brn\n|\n|-heal|p2a: Weezing|85/100|[from] item: Leftovers\n|-damage|p1a: Rhyperior|144/323 brn|[from] brn\n|upkeep\n|turn|18\n|inactive|Time left: 300 sec this turn | 300 sec total\n|\n|t:|1783550114\n|move|p1a: Rhyperior|Earthquake|p2a: Weezing\n|-immune|p2a: Weezing|[from] ability: Levitate\n|move|p2a: Weezing|Fire Blast|p1a: Rhyperior\n|-resisted|p1a: Rhyperior\n|-damage|p1a: Rhyperior|85/323 brn\n|\n|-heal|p2a: Weezing|91/100|[from] item: Leftovers\n|-damage|p1a: Rhyperior|65/323 brn|[from] brn\n|upkeep\n|turn|19\n|inactive|Time left: 300 sec this turn | 300 sec total\n|\n|t:|1783550115\n|move|p1a: Rhyperior|Stone Edge|p2a: Weezing\n|-damage|p2a: Weezing|71/100\n|move|p2a: Weezing|Fire Blast|p1a: Rhyperior\n|-resisted|p1a: Rhyperior\n|-damage|p1a: Rhyperior|11/323 brn\n|\n|-heal|p2a: Weezing|77/100|[from] item: Leftovers\n|-damage|p1a: Rhyperior|0 fnt|[from] brn\n|faint|p1a: Rhyperior\n|upkeep\n|inactive|Time left: 300 sec this turn | 300 sec total | 5 sec grace\n|\n|t:|1783550116\n|switch|p1a: Seviper|Seviper, L93, M|287/287\n|turn|20\n|inactive|Time left: 300 sec this turn | 300 sec total\n|\n|t:|1783550117\n|move|p1a: Seviper|Flamethrower|p2a: Weezing\n|-damage|p2a: Weezing|30/100\n|-damage|p1a: Seviper|259/287|[from] item: Life Orb\n|move|p2a: Weezing|Fire Blast|p1a: Seviper\n|-damage|p1a: Seviper|167/287\n|\n|-heal|p2a: Weezing|36/100|[from] item: Leftovers\n|upkeep\n|turn|21\n|inactive|Time left: 300 sec this turn | 300 sec total\n|\n|t:|1783550118\n|switch|p2a: Salazzle|Salazzle, L83, F|100/100\n|move|p1a: Seviper|Flamethrower|p2a: Salazzle\n|-resisted|p2a: Salazzle\n|-damage|p2a: Salazzle|72/100\n|-damage|p1a: Seviper|139/287|[from] item: Life Orb\n|\n|-heal|p2a: Salazzle|78/100|[from] item: Leftovers\n|upkeep\n|turn|22\n|inactive|Time left: 300 sec this turn | 300 sec total\n|\n|t:|1783550119\n|move|p2a: Salazzle|Flamethrower|p1a: Seviper\n|-damage|p1a: Seviper|4/287\n|move|p1a: Seviper|Knock Off|p2a: Salazzle\n|-damage|p2a: Salazzle|23/100\n|-enditem|p2a: Salazzle|Leftovers|[from] move: Knock Off|[of] p1a: Seviper\n|-damage|p1a: Seviper|0 fnt|[from] item: Life Orb\n|faint|p1a: Seviper\n|\n|upkeep\n|inactive|Time left: 300 sec this turn | 300 sec total | 5 sec grace\n|\n|t:|1783550120\n|switch|p1a: Hatterene|Hatterene, L85, F|99/236\n|turn|23\n|inactive|Time left: 300 sec this turn | 300 sec total\n|\n|t:|1783550121\n|move|p2a: Salazzle|Flamethrower|p1a: Hatterene\n|-damage|p1a: Hatterene|14/236\n|move|p1a: Hatterene|Psychic|p2a: Salazzle\n|-supereffective|p2a: Salazzle\n|-damage|p2a: Salazzle|0 fnt\n|faint|p2a: Salazzle\n|\n|-heal|p1a: Hatterene|28/236|[from] item: Leftovers\n|upkeep\n|\n|t:|1783550122\n|switch|p2a: Weezing|Weezing, L88, F|36/100\n|turn|24\n|inactive|Time left: 300 sec this turn | 300 sec total\n|\n|t:|1783550123\n|move|p2a: Weezing|Fire Blast|p1a: Hatterene\n|-damage|p1a: Hatterene|0 fnt\n|faint|p1a: Hatterene\n|\n|-heal|p2a: Weezing|42/100|[from] item: Leftovers\n|upkeep\n|inactive|Time left: 300 sec this turn | 300 sec total | 5 sec grace\n|\n|t:|1783550125\n|switch|p1a: Toedscruel|Toedscruel, L87, M|191/281 brn\n|turn|25\n|inactive|Time left: 300 sec this turn | 300 sec total\n|\n|t:|1783550126\n|-terastallize|p2a: Weezing|Steel\n|move|p1a: Toedscruel|Rapid Spin|p2a: Weezing\n|-resisted|p2a: Weezing\n|-damage|p2a: Weezing|40/100\n|-boost|p1a: Toedscruel|spe|1\n|move|p2a: Weezing|Pain Split|p1a: Toedscruel\n|-sethp|p1a: Toedscruel|147/281 brn|[from] move: Pain Split|[silent]\n|-sethp|p2a: Weezing|57/100|[from] move: Pain Split\n|\n|-heal|p1a: Toedscruel|164/281 brn|[from] item: Leftovers\n|-heal|p2a: Weezing|64/100|[from] item: Leftovers\n|-damage|p1a: Toedscruel|147/281 brn|[from] brn\n|upkeep\n|turn|26\n|inactive|Time left: 300 sec this turn | 300 sec total\n|\n|t:|1783550127\n|move|p2a: Weezing|Gunk Shot|p1a: Toedscruel\n|-damage|p1a: Toedscruel|0 fnt\n|faint|p1a: Toedscruel\n|\n|win|p0y879c5d1", "uploadtime": 1783550127, "views": 0, "rating": 0, "private": 0, "password": null, "_winner": "p0y879c5d1", "_our_name": "p0x8797ad1"}