{"id": "battle-gen9randombattle-2435", "formatid": "gen9randombattle", "format": "[Gen 9] Random Battle", "players": ["p0x2435dade", "p0y2435403d"], "log": "|init|battle\n|title|p0x2435dade vs. p0y2435403d\n|j|\u2606p0x2435dade\n|j|\u2606p0y2435403d\n|t:|1783568236\n|gametype|singles\n|player|p1|p0x2435dade|169|\n|player|p2|p0y2435403d|2|\n|gen|9\n|tier|[Gen 9] Random Battle\n|rule|Species Clause: Limit one of each Pok\u00e9mon\n|rule|HP Percentage Mod: HP is shown in percentages\n|rule|Sleep Clause Mod: Limit one foe put to sleep\n|rule|Illusion Level Mod: Illusion disguises the Pok\u00e9mon's true level\n|\n|t:|1783568236\n|teamsize|p1|6\n|teamsize|p2|6\n|start\n|switch|p1a: Meowstic|Meowstic, L89, M|100/100\n|switch|p2a: Ursaluna|Ursaluna-Bloodmoon, L79, M|308/308\n|turn|1\n|inactive|Battle timer is ON: inactive players will automatically lose when time's up. (requested by p0x2435dade)\n|inactive|Time left: 300 sec this turn | 300 sec total | 60 sec grace\n|inactive|p0y2435403d also wants the timer to be on.\n|\n|t:|1783568237\n|move|p1a: Meowstic|Psychic Noise|p2a: Ursaluna\n|-damage|p2a: Ursaluna|196/308\n|-start|p2a: Ursaluna|move: Heal Block\n|move|p2a: Ursaluna|Blood Moon|p1a: Meowstic\n|-damage|p1a: Meowstic|38/100\n|\n|-heal|p1a: Meowstic|45/100|[from] item: Leftovers\n|upkeep\n|turn|2\n|inactive|Time left: 300 sec this turn | 300 sec total\n|\n|t:|1783568238\n|move|p1a: Meowstic|Psychic Noise|p2a: Ursaluna\n|-damage|p2a: Ursaluna|85/308\n|move|p2a: Ursaluna|Calm Mind|p2a: Ursaluna\n|-boost|p2a: Ursaluna|spa|1\n|-boost|p2a: Ursaluna|spd|1\n|\n|-heal|p1a: Meowstic|51/100|[from] item: Leftovers\n|-end|p2a: Ursaluna|move: Heal Block\n|upkeep\n|turn|3\n|inactive|Time left: 300 sec this turn | 300 sec total\n|\n|t:|1783568239\n|move|p1a: Meowstic|Psychic Noise|p2a: Ursaluna\n|-damage|p2a: Ursaluna|12/308\n|-start|p2a: Ursaluna|move: Heal Block\n|move|p2a: Ursaluna|Blood Moon|p1a: Meowstic\n|-damage|p1a: Meowstic|0 fnt\n|faint|p1a: Meowstic\n|\n|upkeep\n|\n|t:|1783568240\n|switch|p1a: Wigglytuff|Wigglytuff, L96, F|100/100\n|turn|4\n|inactive|Time left: 300 sec this turn | 300 sec total\n|\n|t:|1783568241\n|move|p2a: Ursaluna|Vacuum Wave|p1a: Wigglytuff\n|-damage|p1a: Wigglytuff|86/100\n|move|p1a: Wigglytuff|Knock Off|p2a: Ursaluna\n|-damage|p2a: Ursaluna|0 fnt\n|-enditem|p2a: Ursaluna|Leftovers|[from] move: Knock Off|[of] p1a: Wigglytuff\n|faint|p2a: Ursaluna\n|\n|-heal|p1a: Wigglytuff|92/100|[from] item: Leftovers\n|upkeep\n|inactive|Time left: 300 sec this turn | 300 sec total | 5 sec grace\n|\n|t:|1783568242\n|switch|p2a: Pyroar|Pyroar, L88, M|295/295\n|-ability|p2a: Pyroar|Unnerve\n|turn|5\n|inactive|Time left: 300 sec this turn | 300 sec total\n|\n|t:|1783568244\n|move|p2a: Pyroar|Work Up|p2a: Pyroar\n|-boost|p2a: Pyroar|atk|1\n|-boost|p2a: Pyroar|spa|1\n|move|p1a: Wigglytuff|Dazzling Gleam|p2a: Pyroar\n|-resisted|p2a: Pyroar\n|-damage|p2a: Pyroar|240/295\n|\n|-heal|p1a: Wigglytuff|99/100|[from] item: Leftovers\n|upkeep\n|turn|6\n|inactive|Time left: 300 sec this turn | 300 sec total\n|\n|t:|1783568245\n|switch|p1a: Rampardos|Rampardos, L90, F|100/100\n|move|p2a: Pyroar|Fire Blast|p1a: Rampardos|[miss]\n|-miss|p2a: Pyroar|p1a: Rampardos\n|\n|upkeep\n|turn|7\n|inactive|Time left: 300 sec this turn | 300 sec total\n|\n|t:|1783568246\n|move|p2a: Pyroar|Will-O-Wisp|p1a: Rampardos\n|-status|p1a: Rampardos|brn\n|move|p1a: Rampardos|Rock Slide|p2a: Pyroar|[miss]\n|-miss|p1a: Rampardos|p2a: Pyroar\n|\n|-damage|p1a: Rampardos|94/100 brn|[from] brn\n|upkeep\n|turn|8\n|inactive|Time left: 300 sec this turn | 300 sec total\n|\n|t:|1783568247\n|move|p2a: Pyroar|Hyper Voice|p1a: Rampardos\n|-resisted|p1a: Rampardos\n|-damage|p1a: Rampardos|54/100 brn\n|move|p1a: Rampardos|Rock Slide|p2a: Pyroar\n|-supereffective|p2a: Pyroar\n|-damage|p2a: Pyroar|0 fnt\n|faint|p2a: Pyroar\n|\n|-damage|p1a: Rampardos|48/100 brn|[from] brn\n|upkeep\n|inactive|Time left: 300 sec this turn | 300 sec total | 5 sec grace\n|\n|t:|1783568248\n|switch|p2a: Azelf|Azelf, L82|257/257\n|turn|9\n|inactive|Time left: 300 sec this turn | 300 sec total\n|\n|t:|1783568249\n|move|p2a: Azelf|Psychic|p1a: Rampardos\n|-damage|p1a: Rampardos|0 fnt\n|faint|p1a: Rampardos\n|\n|upkeep\n|\n|t:|1783568250\n|switch|p1a: Girafarig|Girafarig, L89, F|100/100\n|turn|10\n|inactive|Time left: 300 sec this turn | 300 sec total\n|\n|t:|1783568251\n|switch|p2a: Scizor|Scizor, L79, F|240/240\n|move|p1a: Girafarig|Nasty Plot|p1a: Girafarig\n|-boost|p1a: Girafarig|spa|2\n|\n|upkeep\n|turn|11\n|inactive|Time left: 300 sec this turn | 300 sec total\n|\n|t:|1783568252\n|move|p1a: Girafarig|Thunderbolt|p2a: Scizor\n|-damage|p2a: Scizor|95/240\n|move|p2a: Scizor|Knock Off|p1a: Girafarig\n|-supereffective|p1a: Girafarig\n|-damage|p1a: Girafarig|44/100\n|-enditem|p1a: Girafarig|Eviolite|[from] move: Knock Off|[of] p2a: Scizor\n|-damage|p2a: Scizor|71/240|[from] item: Life Orb\n|\n|upkeep\n|turn|12\n|inactive|Time left: 300 sec this turn | 300 sec total\n|\n|t:|1783568253\n|move|p2a: Scizor|Bullet Punch|p1a: Girafarig\n|-damage|p1a: Girafarig|8/100\n|-damage|p2a: Scizor|47/240|[from] item: Life Orb\n|move|p1a: Girafarig|Thunderbolt|p2a: Scizor\n|-damage|p2a: Scizor|0 fnt\n|faint|p2a: Scizor\n|\n|upkeep\n|inactive|Time left: 300 sec this turn | 300 sec total | 5 sec grace\n|\n|t:|1783568254\n|switch|p2a: Azelf|Azelf, L82|257/257\n|turn|13\n|inactive|Time left: 300 sec this turn | 300 sec total\n|\n|t:|1783568255\n|switch|p1a: Wigglytuff|Wigglytuff, L96, F|99/100\n|move|p2a: Azelf|Psychic|p1a: Wigglytuff\n|-damage|p1a: Wigglytuff|46/100\n|\n|-heal|p1a: Wigglytuff|52/100|[from] item: Leftovers\n|upkeep\n|turn|14\n|inactive|Time left: 300 sec this turn | 300 sec total\n|\n|t:|1783568256\n|move|p2a: Azelf|Psychic|p1a: Wigglytuff\n|-damage|p1a: Wigglytuff|0 fnt\n|faint|p1a: Wigglytuff\n|\n|upkeep\n|\n|t:|1783568257\n|switch|p1a: Comfey|Comfey, L85, F|100/100\n|turn|15\n|inactive|Time left: 300 sec this turn | 300 sec total\n|\n|t:|1783568258\n|move|p2a: Azelf|Psychic|p1a: Comfey\n|-damage|p1a: Comfey|39/100\n|move|p1a: Comfey|Calm Mind|p1a: Comfey\n|-boost|p1a: Comfey|spa|1\n|-boost|p1a: Comfey|spd|1\n|\n|-heal|p1a: Comfey|45/100|[from] item: Leftovers\n|upkeep\n|turn|16\n|inactive|Time left: 300 sec this turn | 300 sec total\n|\n|t:|1783568259\n|-terastallize|p2a: Azelf|Fire\n|move|p1a: Comfey|Draining Kiss|p2a: Azelf\n|-resisted|p2a: Azelf\n|-damage|p2a: Azelf|215/257\n|-heal|p1a: Comfey|59/100|[from] drain|[of] p2a: Azelf\n|move|p2a: Azelf|Psychic|p1a: Comfey\n|-damage|p1a: Comfey|21/100\n|-unboost|p1a: Comfey|spd|1\n|\n|-heal|p1a: Comfey|28/100|[from] item: Leftovers\n|upkeep\n|turn|17\n|inactive|Time left: 300 sec this turn | 300 sec total\n|\n|t:|1783568260\n|move|p1a: Comfey|Giga Drain|p2a: Azelf\n|-resisted|p2a: Azelf\n|-damage|p2a: Azelf|170/257\n|-heal|p1a: Comfey|38/100|[from] drain|[of] p2a: Azelf\n|move|p2a: Azelf|Psychic|p1a: Comfey\n|-damage|p1a: Comfey|0 fnt\n|faint|p1a: Comfey\n|\n|upkeep\n|\n|t:|1783568261\n|switch|p1a: Lanturn|Lanturn, L89, M|100/100\n|turn|18\n|inactive|Time left: 300 sec this turn | 300 sec total\n|\n|t:|1783568262\n|switch|p2a: Comfey|Comfey, L85, F|225/225\n|move|p1a: Lanturn|Scald|p2a: Comfey\n|-damage|p2a: Comfey|158/225\n|\n|-heal|p2a: Comfey|172/225|[from] item: Leftovers\n|upkeep\n|turn|19\n|inactive|Time left: 300 sec this turn | 300 sec total\n|\n|t:|1783568263\n|move|p2a: Comfey|Calm Mind|p2a: Comfey\n|-boost|p2a: Comfey|spa|1\n|-boost|p2a: Comfey|spd|1\n|move|p1a: Lanturn|Thunderbolt|p2a: Comfey\n|-damage|p2a: Comfey|124/225\n|\n|-heal|p2a: Comfey|138/225|[from] item: Leftovers\n|upkeep\n|turn|20\n|inactive|Time left: 300 sec this turn | 300 sec total\n|\n|t:|1783568264\n|move|p2a: Comfey|Giga Drain|p1a: Lanturn\n|-supereffective|p1a: Lanturn\n|-damage|p1a: Lanturn|62/100\n|-heal|p2a: Comfey|208/225|[from] drain|[of] p1a: Lanturn\n|move|p1a: Lanturn|Thunder Wave|p2a: Comfey\n|-status|p2a: Comfey|par\n|\n|-heal|p2a: Comfey|222/225 par|[from] item: Leftovers\n|upkeep\n|turn|21\n|inactive|Time left: 300 sec this turn | 300 sec total\n|\n|t:|1783568264\n|move|p1a: Lanturn|Volt Switch|p2a: Comfey\n|-damage|p2a: Comfey|185/225 par\n|\n|t:|1783568265\n|switch|p1a: Girafarig|Girafarig, L89, F|8/100|[from] Volt Switch\n|move|p2a: Comfey|Calm Mind|p2a: Comfey\n|-boost|p2a: Comfey|spa|1\n|-boost|p2a: Comfey|spd|1\n|\n|-heal|p2a: Comfey|199/225 par|[from] item: Leftovers\n|upkeep\n|turn|22\n|inactive|Time left: 300 sec this turn | 300 sec total\n|\n|t:|1783568266\n|move|p2a: Comfey|Draining Kiss|p1a: Girafarig\n|-damage|p1a: Girafarig|0 fnt\n|-heal|p2a: Comfey|213/225 par|[from] drain|[of] p1a: Girafarig\n|faint|p1a: Girafarig\n|\n|-heal|p2a: Comfey|225/225 par|[from] item: Leftovers\n|upkeep\n|\n|t:|1783568267\n|switch|p1a: Lanturn|Lanturn, L89, M|62/100\n|turn|23\n|inactive|Time left: 300 sec this turn | 300 sec total\n|\n|t:|1783568267\n|move|p1a: Lanturn|Thunder Wave|p2a: Comfey\n|-fail|p2a: Comfey|par\n|cant|p2a: Comfey|par\n|\n|upkeep\n|turn|24\n|inactive|Time left: 300 sec this turn | 300 sec total\n|\n|t:|1783568268\n|move|p1a: Lanturn|Thunder Wave|p2a: Comfey\n|-fail|p2a: Comfey|par\n|move|p2a: Comfey|Stored Power|p1a: Lanturn\n|-damage|p1a: Lanturn|23/100\n|\n|upkeep\n|turn|25\n|inactive|Time left: 300 sec this turn | 300 sec total\n|\n|t:|1783568269\n|-terastallize|p1a: Lanturn|Flying\n|move|p2a: Comfey|Draining Kiss|p1a: Lanturn\n|-damage|p1a: Lanturn|0 fnt\n|faint|p1a: Lanturn\n|\n|win|p0y2435403d", "uploadtime": 1783568269, "views": 0, "rating": 0, "private": 0, "password": null, "_winner": "p0y2435403d", "_our_name": "p0y2435403d"}