{"id": "battle-gen9randombattle-2856", "formatid": "gen9randombattle", "format": "[Gen 9] Random Battle", "players": ["p0x285639d9", "p0y2856377a"], "log": "|init|battle\n|title|p0x285639d9 vs. p0y2856377a\n|j|\u2606p0x285639d9\n|j|\u2606p0y2856377a\n|t:|1783572893\n|gametype|singles\n|player|p1|p0x285639d9|169|\n|player|p2|p0y2856377a|2|\n|gen|9\n|tier|[Gen 9] Random Battle\n|rule|Species Clause: Limit one of each Pok\u00e9mon\n|rule|HP Percentage Mod: HP is shown in percentages\n|rule|Sleep Clause Mod: Limit one foe put to sleep\n|rule|Illusion Level Mod: Illusion disguises the Pok\u00e9mon's true level\n|\n|t:|1783572893\n|teamsize|p1|6\n|teamsize|p2|6\n|start\n|switch|p1a: Iron Thorns|Iron Thorns, L83|100/100\n|switch|p2a: Kilowattrel|Kilowattrel, L83, F|252/252\n|turn|1\n|inactive|Battle timer is ON: inactive players will automatically lose when time's up. (requested by p0y2856377a)\n|\n|t:|1783572895\n|switch|p2a: Hariyama|Hariyama, L87, F|392/392\n|move|p1a: Iron Thorns|Stone Edge|p2a: Hariyama|[miss]\n|-miss|p1a: Iron Thorns|p2a: Hariyama\n|\n|-status|p2a: Hariyama|brn|[from] item: Flame Orb\n|upkeep\n|turn|2\n|inactive|Time left: 300 sec this turn | 300 sec total\n|inactive|p0x285639d9 also wants the timer to be on.\n|\n|t:|1783572896\n|move|p1a: Iron Thorns|Wild Charge|p2a: Hariyama\n|-damage|p2a: Hariyama|241/392 brn\n|-damage|p1a: Iron Thorns|88/100|[from] Recoil\n|move|p2a: Hariyama|Close Combat|p1a: Iron Thorns\n|-supereffective|p1a: Iron Thorns\n|-damage|p1a: Iron Thorns|0 fnt\n|-unboost|p2a: Hariyama|def|1\n|-unboost|p2a: Hariyama|spd|1\n|faint|p1a: Iron Thorns\n|-end|p1a: Iron Thorns|Quark Drive|[silent]\n|\n|-damage|p2a: Hariyama|217/392 brn|[from] brn\n|upkeep\n|\n|t:|1783572897\n|switch|p1a: Inteleon|Inteleon, L81, M|100/100\n|turn|3\n|inactive|Time left: 300 sec this turn | 300 sec total\n|\n|t:|1783572898\n|switch|p2a: Muk|Muk, L86, F|321/321\n|move|p1a: Inteleon|Scald|p2a: Muk\n|-crit|p2a: Muk\n|-damage|p2a: Muk|128/321\n|-status|p2a: Muk|brn\n|\n|-heal|p2a: Muk|148/321 brn|[from] item: Leftovers\n|-damage|p2a: Muk|128/321 brn|[from] brn\n|upkeep\n|turn|4\n|inactive|Time left: 300 sec this turn | 300 sec total\n|\n|t:|1783572899\n|move|p1a: Inteleon|Scald|p2a: Muk\n|-damage|p2a: Muk|0 fnt\n|faint|p2a: Muk\n|\n|upkeep\n|inactive|Time left: 300 sec this turn | 300 sec total | 5 sec grace\n|\n|t:|1783572900\n|switch|p2a: Toucannon|Toucannon, L88, F|284/284\n|turn|5\n|inactive|Time left: 300 sec this turn | 300 sec total\n|\n|t:|1783572901\n|move|p1a: Inteleon|Scald|p2a: Toucannon\n|-damage|p2a: Toucannon|115/284\n|-status|p2a: Toucannon|brn\n|move|p2a: Toucannon|Bullet Seed|p1a: Inteleon\n|-supereffective|p1a: Inteleon\n|-damage|p1a: Inteleon|88/100\n|-supereffective|p1a: Inteleon\n|-damage|p1a: Inteleon|76/100\n|-supereffective|p1a: Inteleon\n|-damage|p1a: Inteleon|63/100\n|-supereffective|p1a: Inteleon\n|-damage|p1a: Inteleon|51/100\n|-supereffective|p1a: Inteleon\n|-damage|p1a: Inteleon|38/100\n|-hitcount|p1a: Inteleon|5\n|\n|-damage|p2a: Toucannon|98/284 brn|[from] brn\n|upkeep\n|turn|6\n|inactive|Time left: 300 sec this turn | 300 sec total\n|\n|t:|1783572902\n|move|p1a: Inteleon|Scald|p2a: Toucannon\n|-damage|p2a: Toucannon|0 fnt\n|faint|p2a: Toucannon\n|\n|upkeep\n|inactive|Time left: 300 sec this turn | 300 sec total | 5 sec grace\n|\n|t:|1783572903\n|switch|p2a: Kilowattrel|Kilowattrel, L83, F|252/252\n|turn|7\n|inactive|Time left: 300 sec this turn | 300 sec total\n|\n|t:|1783572904\n|switch|p1a: Mudsdale|Mudsdale, L83, F|100/100\n|move|p2a: Kilowattrel|Discharge|p1a: Mudsdale\n|-immune|p1a: Mudsdale\n|\n|upkeep\n|turn|8\n|inactive|Time left: 300 sec this turn | 300 sec total\n|\n|t:|1783572905\n|move|p2a: Kilowattrel|Hurricane|p1a: Mudsdale\n|-damage|p1a: Mudsdale|55/100\n|-ability|p1a: Mudsdale|Stamina|boost\n|-boost|p1a: Mudsdale|def|1\n|move|p1a: Mudsdale|Stone Edge|p2a: Kilowattrel|[miss]\n|-miss|p1a: Mudsdale|p2a: Kilowattrel\n|\n|-heal|p1a: Mudsdale|61/100|[from] item: Leftovers\n|upkeep\n|turn|9\n|inactive|Time left: 300 sec this turn | 300 sec total\n|\n|t:|1783572906\n|move|p2a: Kilowattrel|Hurricane|p1a: Mudsdale\n|-damage|p1a: Mudsdale|19/100\n|-ability|p1a: Mudsdale|Stamina|boost\n|-boost|p1a: Mudsdale|def|1\n|move|p1a: Mudsdale|Stone Edge|p2a: Kilowattrel\n|-supereffective|p2a: Kilowattrel\n|-damage|p2a: Kilowattrel|22/252\n|\n|-heal|p1a: Mudsdale|25/100|[from] item: Leftovers\n|upkeep\n|turn|10\n|inactive|Time left: 300 sec this turn | 300 sec total\n|\n|t:|1783572907\n|move|p2a: Kilowattrel|Hurricane|p1a: Mudsdale\n|-damage|p1a: Mudsdale|0 fnt\n|faint|p1a: Mudsdale\n|\n|upkeep\n|\n|t:|1783572908\n|switch|p1a: Gholdengo|Gholdengo, L77|100/100\n|turn|11\n|inactive|Time left: 300 sec this turn | 300 sec total\n|\n|t:|1783572909\n|move|p2a: Kilowattrel|Discharge|p1a: Gholdengo\n|-crit|p1a: Gholdengo\n|-damage|p1a: Gholdengo|43/100\n|move|p1a: Gholdengo|Nasty Plot|p1a: Gholdengo\n|-boost|p1a: Gholdengo|spa|2\n|\n|-heal|p1a: Gholdengo|49/100|[from] item: Leftovers\n|upkeep\n|turn|12\n|inactive|Time left: 300 sec this turn | 300 sec total\n|\n|t:|1783572909\n|move|p2a: Kilowattrel|Discharge|p1a: Gholdengo\n|-damage|p1a: Gholdengo|14/100\n|move|p1a: Gholdengo|Recover|p1a: Gholdengo\n|-heal|p1a: Gholdengo|64/100\n|\n|-heal|p1a: Gholdengo|71/100|[from] item: Leftovers\n|upkeep\n|turn|13\n|inactive|Time left: 300 sec this turn | 300 sec total\n|\n|t:|1783572910\n|move|p2a: Kilowattrel|Discharge|p1a: Gholdengo\n|-damage|p1a: Gholdengo|32/100\n|-status|p1a: Gholdengo|par\n|cant|p1a: Gholdengo|par\n|\n|-heal|p1a: Gholdengo|38/100 par|[from] item: Leftovers\n|upkeep\n|turn|14\n|inactive|Time left: 300 sec this turn | 300 sec total\n|\n|t:|1783572911\n|move|p2a: Kilowattrel|Discharge|p1a: Gholdengo\n|-damage|p1a: Gholdengo|3/100 par\n|move|p1a: Gholdengo|Recover|p1a: Gholdengo\n|-heal|p1a: Gholdengo|53/100 par\n|\n|-heal|p1a: Gholdengo|59/100 par|[from] item: Leftovers\n|upkeep\n|turn|15\n|inactive|Time left: 300 sec this turn | 300 sec total\n|\n|t:|1783572912\n|move|p2a: Kilowattrel|Discharge|p1a: Gholdengo\n|-damage|p1a: Gholdengo|22/100 par\n|move|p1a: Gholdengo|Shadow Ball|p2a: Kilowattrel\n|-damage|p2a: Kilowattrel|0 fnt\n|faint|p2a: Kilowattrel\n|\n|-heal|p1a: Gholdengo|28/100 par|[from] item: Leftovers\n|upkeep\n|inactive|Time left: 300 sec this turn | 300 sec total | 5 sec grace\n|\n|t:|1783572913\n|switch|p2a: Mamoswine|Mamoswine, L81, F|311/311\n|turn|16\n|inactive|Time left: 300 sec this turn | 300 sec total\n|\n|t:|1783572914\n|move|p2a: Mamoswine|Earthquake|p1a: Gholdengo\n|-supereffective|p1a: Gholdengo\n|-damage|p1a: Gholdengo|0 fnt\n|faint|p1a: Gholdengo\n|\n|upkeep\n|\n|t:|1783572914\n|switch|p1a: Inteleon|Inteleon, L81, M|38/100\n|turn|17\n|inactive|Time left: 300 sec this turn | 300 sec total\n|\n|t:|1783572915\n|-terastallize|p2a: Mamoswine|Ice\n|move|p1a: Inteleon|Scald|p2a: Mamoswine\n|-damage|p2a: Mamoswine|103/311\n|move|p2a: Mamoswine|Earthquake|p1a: Inteleon\n|-damage|p1a: Inteleon|0 fnt\n|faint|p1a: Inteleon\n|\n|upkeep\n|\n|t:|1783572916\n|switch|p1a: Cinccino|Cinccino, L83, F|100/100\n|turn|18\n|inactive|Time left: 300 sec this turn | 300 sec total\n|\n|t:|1783572917\n|move|p1a: Cinccino|Bullet Seed|p2a: Mamoswine\n|-damage|p2a: Mamoswine|76/311\n|-damage|p2a: Mamoswine|46/311\n|-damage|p2a: Mamoswine|18/311\n|-damage|p2a: Mamoswine|0 fnt\n|faint|p2a: Mamoswine\n|-hitcount|p2: Mamoswine|4\n|\n|upkeep\n|inactive|Time left: 300 sec this turn | 300 sec total | 5 sec grace\n|\n|t:|1783572918\n|switch|p2a: Ariados|Ariados, L95, F|287/287\n|turn|19\n|inactive|Time left: 300 sec this turn | 300 sec total\n|\n|t:|1783572919\n|move|p1a: Cinccino|Tail Slap|p2a: Ariados\n|-damage|p2a: Ariados|244/287\n|-damage|p2a: Ariados|202/287\n|-damage|p2a: Ariados|162/287\n|-damage|p2a: Ariados|122/287\n|-hitcount|p2a: Ariados|4\n|move|p2a: Ariados|Poison Jab|p1a: Cinccino\n|-damage|p1a: Cinccino|51/100\n|\n|upkeep\n|turn|20\n|inactive|Time left: 300 sec this turn | 300 sec total\n|\n|t:|1783572920\n|move|p1a: Cinccino|Triple Axel|p2a: Ariados\n|-damage|p2a: Ariados|99/287\n|-damage|p2a: Ariados|53/287\n|-damage|p2a: Ariados|0 fnt\n|faint|p2a: Ariados\n|-hitcount|p2: Ariados|3\n|\n|upkeep\n|inactive|Time left: 300 sec this turn | 300 sec total | 5 sec grace\n|\n|t:|1783572921\n|switch|p2a: Hariyama|Hariyama, L87, F|217/392 brn\n|turn|21\n|inactive|Time left: 300 sec this turn | 300 sec total\n|\n|t:|1783572922\n|-terastallize|p1a: Cinccino|Normal\n|move|p1a: Cinccino|Tail Slap|p2a: Hariyama\n|-damage|p2a: Hariyama|149/392 brn\n|-damage|p2a: Hariyama|81/392 brn\n|-damage|p2a: Hariyama|15/392 brn\n|-damage|p2a: Hariyama|0 fnt\n|faint|p2a: Hariyama\n|-hitcount|p2: Hariyama|4\n|\n|win|p0x285639d9", "uploadtime": 1783572922, "views": 0, "rating": 0, "private": 0, "password": null, "_winner": "p0x285639d9", "_our_name": "p0y2856377a"}