{"id": "battle-gen9randombattle-2287", "formatid": "gen9randombattle", "format": "[Gen 9] Random Battle", "players": ["p0x2287fd18", "p0y2287b2e0"], "log": "|init|battle\n|title|p0x2287fd18 vs. p0y2287b2e0\n|j|\u2606p0x2287fd18\n|j|\u2606p0y2287b2e0\n|t:|1783565570\n|gametype|singles\n|player|p1|p0x2287fd18|169|\n|player|p2|p0y2287b2e0|2|\n|gen|9\n|tier|[Gen 9] Random Battle\n|rule|Species Clause: Limit one of each Pok\u00e9mon\n|rule|HP Percentage Mod: HP is shown in percentages\n|rule|Sleep Clause Mod: Limit one foe put to sleep\n|rule|Illusion Level Mod: Illusion disguises the Pok\u00e9mon's true level\n|\n|t:|1783565570\n|teamsize|p1|6\n|teamsize|p2|6\n|start\n|switch|p1a: Revavroom|Revavroom, L79, M|100/100\n|switch|p2a: Volbeat|Volbeat, L90, M|263/263\n|turn|1\n|inactive|Battle timer is ON: inactive players will automatically lose when time's up. (requested by p0x2287fd18)\n|inactive|Time left: 300 sec this turn | 300 sec total | 60 sec grace\n|inactive|p0y2287b2e0 also wants the timer to be on.\n|\n|t:|1783565571\n|move|p2a: Volbeat|Lunge|p1a: Revavroom\n|-resisted|p1a: Revavroom\n|-damage|p1a: Revavroom|92/100\n|-unboost|p1a: Revavroom|atk|1\n|move|p1a: Revavroom|Shift Gear|p1a: Revavroom\n|-boost|p1a: Revavroom|spe|2\n|-boost|p1a: Revavroom|atk|1\n|\n|upkeep\n|turn|2\n|inactive|Time left: 300 sec this turn | 300 sec total\n|\n|t:|1783565572\n|move|p2a: Volbeat|Encore|p1a: Revavroom\n|-start|p1a: Revavroom|Encore\n|move|p1a: Revavroom|Shift Gear|p1a: Revavroom\n|-boost|p1a: Revavroom|spe|2\n|-boost|p1a: Revavroom|atk|1\n|\n|upkeep\n|turn|3\n|inactive|Time left: 300 sec this turn | 300 sec total\n|\n|t:|1783565573\n|switch|p2a: Donphan|Donphan, L84, F|288/288\n|move|p1a: Revavroom|Shift Gear|p1a: Revavroom\n|-boost|p1a: Revavroom|spe|2\n|-boost|p1a: Revavroom|atk|1\n|\n|upkeep\n|turn|4\n|inactive|Time left: 300 sec this turn | 300 sec total\n|\n|t:|1783565574\n|move|p1a: Revavroom|Shift Gear|p1a: Revavroom\n|-boost|p1a: Revavroom|spe|0\n|-boost|p1a: Revavroom|atk|1\n|move|p2a: Donphan|Earthquake|p1a: Revavroom\n|-supereffective|p1a: Revavroom\n|-damage|p1a: Revavroom|0 fnt\n|faint|p1a: Revavroom\n|\n|upkeep\n|\n|t:|1783565575\n|switch|p1a: Inteleon|Inteleon, L81, M|100/100\n|turn|5\n|inactive|Time left: 300 sec this turn | 300 sec total\n|\n|t:|1783565575\n|switch|p2a: Archaludon|Archaludon, L78, F|268/268\n|move|p1a: Inteleon|Scald|p2a: Archaludon\n|-resisted|p2a: Archaludon\n|-damage|p2a: Archaludon|207/268\n|-ability|p2a: Archaludon|Stamina|boost\n|-boost|p2a: Archaludon|def|1\n|\n|upkeep\n|turn|6\n|inactive|Time left: 300 sec this turn | 300 sec total\n|\n|t:|1783565577\n|move|p1a: Inteleon|Scald|p2a: Archaludon\n|-resisted|p2a: Archaludon\n|-damage|p2a: Archaludon|139/268\n|-status|p2a: Archaludon|brn\n|-ability|p2a: Archaludon|Stamina|boost\n|-boost|p2a: Archaludon|def|1\n|move|p2a: Archaludon|Body Press|p1a: Inteleon\n|-damage|p1a: Inteleon|65/100\n|\n|-damage|p2a: Archaludon|123/268 brn|[from] brn\n|upkeep\n|turn|7\n|inactive|Time left: 300 sec this turn | 300 sec total\n|\n|t:|1783565578\n|move|p1a: Inteleon|Scald|p2a: Archaludon\n|-resisted|p2a: Archaludon\n|-damage|p2a: Archaludon|57/268 brn\n|-ability|p2a: Archaludon|Stamina|boost\n|-boost|p2a: Archaludon|def|1\n|move|p2a: Archaludon|Thunderbolt|p1a: Inteleon\n|-supereffective|p1a: Inteleon\n|-damage|p1a: Inteleon|0 fnt\n|faint|p1a: Inteleon\n|\n|-damage|p2a: Archaludon|41/268 brn|[from] brn\n|upkeep\n|\n|t:|1783565578\n|switch|p1a: Noctowl|Noctowl, L95, M|100/100\n|turn|8\n|inactive|Time left: 300 sec this turn | 300 sec total\n|\n|t:|1783565580\n|switch|p2a: Ninetales|Ninetales-Alola, L78, M|242/242\n|-weather|Snowscape|[from] ability: Snow Warning|[of] p2a: Ninetales\n|move|p1a: Noctowl|Hyper Voice|p2a: Ninetales\n|-damage|p2a: Ninetales|139/242\n|\n|-weather|Snowscape|[upkeep]\n|upkeep\n|turn|9\n|inactive|Time left: 300 sec this turn | 300 sec total\n|\n|t:|1783565581\n|move|p2a: Ninetales|Aurora Veil|p2a: Ninetales\n|-sidestart|p2: p0y2287b2e0|move: Aurora Veil\n|move|p1a: Noctowl|Calm Mind|p1a: Noctowl\n|-boost|p1a: Noctowl|spa|1\n|-boost|p1a: Noctowl|spd|1\n|\n|-weather|Snowscape|[upkeep]\n|upkeep\n|turn|10\n|inactive|Time left: 300 sec this turn | 300 sec total\n|\n|t:|1783565582\n|move|p2a: Ninetales|Blizzard|p1a: Noctowl\n|-supereffective|p1a: Noctowl\n|-damage|p1a: Noctowl|70/100\n|move|p1a: Noctowl|Hurricane|p2a: Ninetales\n|-damage|p2a: Ninetales|38/242\n|-start|p2a: Ninetales|confusion\n|\n|-weather|Snowscape|[upkeep]\n|upkeep\n|turn|11\n|inactive|Time left: 300 sec this turn | 300 sec total\n|\n|t:|1783565583\n|switch|p2a: Ambipom|Ambipom, L84, M|263/263\n|move|p1a: Noctowl|Roost|p1a: Noctowl\n|-heal|p1a: Noctowl|100/100\n|-singleturn|p1a: Noctowl|move: Roost\n|\n|-weather|Snowscape|[upkeep]\n|upkeep\n|turn|12\n|inactive|Time left: 300 sec this turn | 300 sec total\n|\n|t:|1783565584\n|move|p2a: Ambipom|Fake Out|p1a: Noctowl\n|-damage|p1a: Noctowl|71/100\n|cant|p1a: Noctowl|flinch\n|\n|-weather|none\n|upkeep\n|turn|13\n|inactive|Time left: 300 sec this turn | 300 sec total\n|\n|t:|1783565585\n|-terastallize|p2a: Ambipom|Normal\n|move|p2a: Ambipom|Double-Edge|p1a: Noctowl\n|-damage|p1a: Noctowl|0 fnt\n|faint|p1a: Noctowl\n|-damage|p2a: Ambipom|183/263|[from] Recoil\n|\n|upkeep\n|\n|t:|1783565586\n|switch|p1a: Grimmsnarl|Grimmsnarl, L83, M|100/100\n|turn|14\n|inactive|Time left: 300 sec this turn | 300 sec total\n|\n|t:|1783565587\n|move|p1a: Grimmsnarl|Reflect|p1a: Grimmsnarl\n|-sidestart|p1: p0x2287fd18|Reflect\n|move|p2a: Ambipom|Double-Edge|p1a: Grimmsnarl\n|-damage|p1a: Grimmsnarl|53/100\n|-damage|p2a: Ambipom|137/263|[from] Recoil\n|\n|upkeep\n|turn|15\n|inactive|Time left: 300 sec this turn | 300 sec total\n|\n|t:|1783565588\n|move|p1a: Grimmsnarl|Light Screen|p1a: Grimmsnarl\n|-sidestart|p1: p0x2287fd18|move: Light Screen\n|move|p2a: Ambipom|Double-Edge|p1a: Grimmsnarl\n|-damage|p1a: Grimmsnarl|12/100\n|-damage|p2a: Ambipom|97/263|[from] Recoil\n|\n|upkeep\n|turn|16\n|inactive|Time left: 300 sec this turn | 300 sec total\n|\n|t:|1783565589\n|switch|p1a: Venomoth|Venomoth, L84, M|100/100\n|move|p2a: Ambipom|Double-Edge|p1a: Venomoth\n|-damage|p1a: Venomoth|51/100\n|-damage|p2a: Ambipom|55/263|[from] Recoil\n|\n|-sideend|p2: p0y2287b2e0|move: Aurora Veil\n|upkeep\n|turn|17\n|inactive|Time left: 300 sec this turn | 300 sec total\n|\n|t:|1783565590\n|move|p2a: Ambipom|Double-Edge|p1a: Venomoth\n|-damage|p1a: Venomoth|0 fnt\n|faint|p1a: Venomoth\n|-damage|p2a: Ambipom|13/263|[from] Recoil\n|\n|upkeep\n|\n|t:|1783565591\n|switch|p1a: Porygon-Z|Porygon-Z, L83|100/100\n|turn|18\n|inactive|Time left: 300 sec this turn | 300 sec total\n|\n|t:|1783565592\n|move|p2a: Ambipom|Knock Off|p1a: Porygon-Z\n|-damage|p1a: Porygon-Z|85/100\n|-enditem|p1a: Porygon-Z|Life Orb|[from] move: Knock Off|[of] p2a: Ambipom\n|move|p1a: Porygon-Z|Nasty Plot|p1a: Porygon-Z\n|-boost|p1a: Porygon-Z|spa|2\n|\n|upkeep\n|turn|19\n|inactive|Time left: 300 sec this turn | 300 sec total\n|\n|t:|1783565593\n|move|p2a: Ambipom|Double-Edge|p1a: Porygon-Z\n|-damage|p1a: Porygon-Z|40/100\n|-damage|p2a: Ambipom|0 fnt|[from] Recoil\n|faint|p2a: Ambipom\n|move|p1a: Porygon-Z|Tri Attack|p2: Ambipom|[notarget]\n|-fail|p1a: Porygon-Z\n|\n|upkeep\n|inactive|Time left: 300 sec this turn | 300 sec total | 5 sec grace\n|\n|t:|1783565594\n|switch|p2a: Ninetales|Ninetales-Alola, L78, M|38/242\n|-weather|Snowscape|[from] ability: Snow Warning|[of] p2a: Ninetales\n|turn|20\n|inactive|Time left: 300 sec this turn | 300 sec total\n|\n|t:|1783565595\n|move|p2a: Ninetales|Aurora Veil|p2a: Ninetales\n|-sidestart|p2: p0y2287b2e0|move: Aurora Veil\n|move|p1a: Porygon-Z|Tri Attack|p2a: Ninetales\n|-damage|p2a: Ninetales|0 fnt\n|faint|p2a: Ninetales\n|\n|-weather|Snowscape|[upkeep]\n|upkeep\n|inactive|Time left: 300 sec this turn | 300 sec total | 5 sec grace\n|\n|t:|1783565596\n|switch|p2a: Ogerpon|Ogerpon-Hearthflame, L74, F|239/239\n|-ability|p2a: Ogerpon|Mold Breaker\n|turn|21\n|inactive|Time left: 300 sec this turn | 300 sec total\n|\n|t:|1783565597\n|move|p2a: Ogerpon|Ivy Cudgel|p1a: Porygon-Z|[anim] Ivy Cudgel Fire\n|-damage|p1a: Porygon-Z|14/100\n|move|p1a: Porygon-Z|Tri Attack|p2a: Ogerpon\n|-damage|p2a: Ogerpon|95/239\n|\n|-weather|Snowscape|[upkeep]\n|-sideend|p1: p0x2287fd18|Reflect\n|upkeep\n|turn|22\n|inactive|Time left: 300 sec this turn | 300 sec total\n|\n|t:|1783565598\n|move|p2a: Ogerpon|Horn Leech|p1a: Porygon-Z\n|-damage|p1a: Porygon-Z|0 fnt\n|-heal|p2a: Ogerpon|114/239|[from] drain|[of] p1a: Porygon-Z\n|faint|p1a: Porygon-Z\n|\n|-weather|Snowscape|[upkeep]\n|-sideend|p1: p0x2287fd18|move: Light Screen\n|upkeep\n|\n|t:|1783565599\n|switch|p1a: Grimmsnarl|Grimmsnarl, L83, M|12/100\n|turn|23\n|inactive|Time left: 300 sec this turn | 300 sec total\n|\n|t:|1783565600\n|move|p1a: Grimmsnarl|Thunder Wave|p2a: Ogerpon\n|-status|p2a: Ogerpon|par\n|move|p2a: Ogerpon|Ivy Cudgel|p1a: Grimmsnarl|[anim] Ivy Cudgel Fire\n|-damage|p1a: Grimmsnarl|0 fnt\n|faint|p1a: Grimmsnarl\n|\n|win|p0y2287b2e0", "uploadtime": 1783565600, "views": 0, "rating": 0, "private": 0, "password": null, "_winner": "p0y2287b2e0", "_our_name": "p0y2287b2e0"}