{"id": "battle-gen9randombattle-2301", "formatid": "gen9randombattle", "format": "[Gen 9] Random Battle", "players": ["p0x230165b9", "p0y2301a56f"], "log": "|init|battle\n|title|p0x230165b9 vs. p0y2301a56f\n|j|\u2606p0x230165b9\n|j|\u2606p0y2301a56f\n|t:|1783566694\n|gametype|singles\n|player|p1|p0x230165b9|265|\n|player|p2|p0y2301a56f|1|\n|gen|9\n|tier|[Gen 9] Random Battle\n|rule|Species Clause: Limit one of each Pok\u00e9mon\n|rule|HP Percentage Mod: HP is shown in percentages\n|rule|Sleep Clause Mod: Limit one foe put to sleep\n|rule|Illusion Level Mod: Illusion disguises the Pok\u00e9mon's true level\n|\n|t:|1783566694\n|teamsize|p1|6\n|teamsize|p2|6\n|start\n|switch|p1a: Chesnaught|Chesnaught, L84, F|100/100\n|switch|p2a: Iron Treads|Iron Treads, L77|265/265\n|turn|1\n|inactive|Battle timer is ON: inactive players will automatically lose when time's up. (requested by p0y2301a56f)\n|inactive|p0x230165b9 also wants the timer to be on.\n|\n|t:|1783566696\n|-end|p2a: Iron Treads|Quark Drive|[silent]\n|switch|p2a: Chesnaught|Chesnaught, L84, M|285/285\n|move|p1a: Chesnaught|Wood Hammer|p2a: Chesnaught\n|-resisted|p2a: Chesnaught\n|-damage|p2a: Chesnaught|231/285\n|-damage|p1a: Chesnaught|94/100|[from] Recoil\n|\n|-heal|p1a: Chesnaught|99/100|[from] item: Leftovers\n|-heal|p2a: Chesnaught|248/285|[from] item: Leftovers\n|upkeep\n|turn|2\n|inactive|Time left: 300 sec this turn | 300 sec total\n|\n|t:|1783566697\n|move|p1a: Chesnaught|Spikes|p2a: Chesnaught\n|-sidestart|p2: p0y2301a56f|Spikes\n|move|p2a: Chesnaught|Iron Defense|p2a: Chesnaught\n|-boost|p2a: Chesnaught|def|2\n|\n|-heal|p1a: Chesnaught|100/100|[from] item: Leftovers\n|-heal|p2a: Chesnaught|265/285|[from] item: Leftovers\n|upkeep\n|turn|3\n|inactive|Time left: 300 sec this turn | 300 sec total\n|\n|t:|1783566698\n|switch|p1a: Volcarona|Volcarona, L77, F|100/100\n|move|p2a: Chesnaught|Body Press|p1a: Volcarona\n|-resisted|p1a: Volcarona\n|-damage|p1a: Volcarona|52/100\n|-status|p2a: Chesnaught|brn|[from] ability: Flame Body|[of] p1a: Volcarona\n|\n|-heal|p2a: Chesnaught|282/285 brn|[from] item: Leftovers\n|-damage|p2a: Chesnaught|265/285 brn|[from] brn\n|upkeep\n|turn|4\n|inactive|Time left: 300 sec this turn | 300 sec total\n|\n|t:|1783566699\n|move|p1a: Volcarona|Fire Blast|p2a: Chesnaught|[miss]\n|-miss|p1a: Volcarona|p2a: Chesnaught\n|move|p2a: Chesnaught|Body Press|p1a: Volcarona\n|-resisted|p1a: Volcarona\n|-damage|p1a: Volcarona|23/100\n|\n|-heal|p2a: Chesnaught|282/285 brn|[from] item: Leftovers\n|-damage|p2a: Chesnaught|265/285 brn|[from] brn\n|upkeep\n|turn|5\n|inactive|Time left: 300 sec this turn | 300 sec total\n|\n|t:|1783566700\n|move|p1a: Volcarona|Fire Blast|p2a: Chesnaught\n|-supereffective|p2a: Chesnaught\n|-damage|p2a: Chesnaught|5/285 brn\n|move|p2a: Chesnaught|Body Press|p1a: Volcarona\n|-resisted|p1a: Volcarona\n|-damage|p1a: Volcarona|0 fnt\n|faint|p1a: Volcarona\n|\n|-heal|p2a: Chesnaught|22/285 brn|[from] item: Leftovers\n|-damage|p2a: Chesnaught|5/285 brn|[from] brn\n|upkeep\n|\n|t:|1783566701\n|switch|p1a: Primarina|Primarina, L83, M|100/100\n|turn|6\n|inactive|Time left: 300 sec this turn | 300 sec total\n|\n|t:|1783566702\n|move|p2a: Chesnaught|Synthesis|p2a: Chesnaught\n|-heal|p2a: Chesnaught|147/285 brn\n|move|p1a: Primarina|Calm Mind|p1a: Primarina\n|-boost|p1a: Primarina|spa|1\n|-boost|p1a: Primarina|spd|1\n|\n|-heal|p2a: Chesnaught|164/285 brn|[from] item: Leftovers\n|-damage|p2a: Chesnaught|147/285 brn|[from] brn\n|upkeep\n|turn|7\n|inactive|Time left: 300 sec this turn | 300 sec total\n|\n|t:|1783566703\n|move|p2a: Chesnaught|Synthesis|p2a: Chesnaught\n|-heal|p2a: Chesnaught|285/285 brn\n|move|p1a: Primarina|Draining Kiss|p2a: Chesnaught\n|-supereffective|p2a: Chesnaught\n|-damage|p2a: Chesnaught|85/285 brn\n|\n|-heal|p2a: Chesnaught|102/285 brn|[from] item: Leftovers\n|-damage|p2a: Chesnaught|85/285 brn|[from] brn\n|upkeep\n|turn|8\n|inactive|Time left: 300 sec this turn | 300 sec total\n|\n|t:|1783566704\n|move|p2a: Chesnaught|Trailblaze|p1a: Primarina\n|-supereffective|p1a: Primarina\n|-damage|p1a: Primarina|78/100\n|-boost|p2a: Chesnaught|spe|1\n|move|p1a: Primarina|Draining Kiss|p2a: Chesnaught\n|-supereffective|p2a: Chesnaught\n|-damage|p2a: Chesnaught|0 fnt\n|-heal|p1a: Primarina|100/100|[from] drain|[of] p2a: Chesnaught\n|faint|p2a: Chesnaught\n|\n|upkeep\n|inactive|Time left: 300 sec this turn | 300 sec total | 5 sec grace\n|\n|t:|1783566705\n|switch|p2a: Iron Crown|Iron Crown, L78|268/268\n|-damage|p2a: Iron Crown|235/268|[from] Spikes\n|turn|9\n|inactive|Time left: 300 sec this turn | 300 sec total\n|\n|t:|1783566706\n|move|p2a: Iron Crown|Calm Mind|p2a: Iron Crown\n|-boost|p2a: Iron Crown|spa|1\n|-boost|p2a: Iron Crown|spd|1\n|move|p1a: Primarina|Sparkling Aria|p2a: Iron Crown\n|-damage|p2a: Iron Crown|121/268\n|\n|-heal|p2a: Iron Crown|137/268|[from] item: Leftovers\n|upkeep\n|turn|10\n|inactive|Time left: 300 sec this turn | 300 sec total\n|\n|t:|1783566707\n|move|p2a: Iron Crown|Psyshock|p1a: Primarina\n|-damage|p1a: Primarina|44/100\n|move|p1a: Primarina|Sparkling Aria|p2a: Iron Crown\n|-damage|p2a: Iron Crown|32/268\n|\n|-heal|p2a: Iron Crown|48/268|[from] item: Leftovers\n|-heal|p1a: Primarina|50/100|[from] item: Leftovers\n|upkeep\n|turn|11\n|inactive|Time left: 300 sec this turn | 300 sec total\n|\n|t:|1783566709\n|move|p2a: Iron Crown|Psyshock|p1a: Primarina\n|-damage|p1a: Primarina|0 fnt\n|faint|p1a: Primarina\n|\n|-heal|p2a: Iron Crown|64/268|[from] item: Leftovers\n|upkeep\n|\n|t:|1783566709\n|switch|p1a: Hitmonlee|Hitmonlee, L85, M|100/100\n|turn|12\n|inactive|Time left: 300 sec this turn | 300 sec total\n|\n|t:|1783566710\n|move|p1a: Hitmonlee|High Jump Kick|p2a: Iron Crown|[miss]\n|-miss|p1a: Hitmonlee|p2a: Iron Crown\n|-damage|p1a: Hitmonlee|51/100|[from] highjumpkick\n|move|p2a: Iron Crown|Psyshock|p1a: Hitmonlee\n|-supereffective|p1a: Hitmonlee\n|-damage|p1a: Hitmonlee|0 fnt\n|faint|p1a: Hitmonlee\n|\n|-heal|p2a: Iron Crown|80/268|[from] item: Leftovers\n|upkeep\n|\n|t:|1783566711\n|switch|p1a: Froslass|Froslass, L87, F|100/100\n|turn|13\n|inactive|Time left: 300 sec this turn | 300 sec total\n|\n|t:|1783566712\n|-end|p2a: Iron Crown|Quark Drive|[silent]\n|switch|p2a: Porygon2|Porygon2, L81|270/270\n|-damage|p2a: Porygon2|237/270|[from] Spikes\n|-ability|p2a: Porygon2|Download|boost\n|-boost|p2a: Porygon2|spa|1\n|move|p1a: Froslass|Poltergeist|p2a: Porygon2\n|-immune|p2a: Porygon2\n|\n|upkeep\n|turn|14\n|inactive|Time left: 300 sec this turn | 300 sec total\n|\n|t:|1783566713\n|switch|p1a: Chesnaught|Chesnaught, L84, F|100/100\n|move|p2a: Porygon2|Discharge|p1a: Chesnaught\n|-resisted|p1a: Chesnaught\n|-damage|p1a: Chesnaught|85/100\n|\n|-heal|p1a: Chesnaught|91/100|[from] item: Leftovers\n|upkeep\n|turn|15\n|inactive|Time left: 300 sec this turn | 300 sec total\n|\n|t:|1783566714\n|move|p1a: Chesnaught|Body Press|p2a: Porygon2\n|-supereffective|p2a: Porygon2\n|-damage|p2a: Porygon2|103/270\n|move|p2a: Porygon2|Ice Beam|p1a: Chesnaught\n|-supereffective|p1a: Chesnaught\n|-damage|p1a: Chesnaught|11/100\n|\n|-heal|p1a: Chesnaught|17/100|[from] item: Leftovers\n|upkeep\n|turn|16\n|inactive|Time left: 300 sec this turn | 300 sec total\n|\n|t:|1783566716\n|-terastallize|p2a: Porygon2|Electric\n|move|p1a: Chesnaught|Body Press|p2a: Porygon2\n|-damage|p2a: Porygon2|27/270\n|move|p2a: Porygon2|Recover|p2a: Porygon2\n|-heal|p2a: Porygon2|162/270\n|\n|-heal|p1a: Chesnaught|23/100|[from] item: Leftovers\n|upkeep\n|turn|17\n|inactive|Time left: 300 sec this turn | 300 sec total\n|\n|t:|1783566717\n|move|p1a: Chesnaught|Wood Hammer|p2a: Porygon2\n|-damage|p2a: Porygon2|71/270\n|-damage|p1a: Chesnaught|13/100|[from] Recoil\n|move|p2a: Porygon2|Ice Beam|p1a: Chesnaught\n|-supereffective|p1a: Chesnaught\n|-damage|p1a: Chesnaught|0 fnt\n|faint|p1a: Chesnaught\n|\n|upkeep\n|\n|t:|1783566718\n|switch|p1a: Froslass|Froslass, L87, F|100/100\n|turn|18\n|inactive|Time left: 300 sec this turn | 300 sec total\n|\n|t:|1783566719\n|switch|p2a: Vaporeon|Vaporeon, L86, F|364/364\n|-damage|p2a: Vaporeon|319/364|[from] Spikes\n|move|p1a: Froslass|Triple Axel|p2a: Vaporeon\n|-resisted|p2a: Vaporeon\n|-damage|p2a: Vaporeon|306/364\n|-resisted|p2a: Vaporeon\n|-damage|p2a: Vaporeon|282/364\n|-resisted|p2a: Vaporeon\n|-damage|p2a: Vaporeon|245/364\n|-hitcount|p2a: Vaporeon|3\n|\n|-heal|p2a: Vaporeon|267/364|[from] item: Leftovers\n|upkeep\n|turn|19\n|inactive|Time left: 300 sec this turn | 300 sec total\n|\n|t:|1783566720\n|move|p1a: Froslass|Poltergeist|p2a: Vaporeon\n|-activate|p2a: Vaporeon|move: Poltergeist|Leftovers\n|-damage|p2a: Vaporeon|131/364\n|move|p2a: Vaporeon|Scald|p1a: Froslass\n|-damage|p1a: Froslass|55/100\n|-status|p1a: Froslass|brn\n|\n|-heal|p2a: Vaporeon|153/364|[from] item: Leftovers\n|-damage|p1a: Froslass|49/100 brn|[from] brn\n|upkeep\n|turn|20\n|inactive|Time left: 300 sec this turn | 300 sec total\n|\n|t:|1783566721\n|move|p1a: Froslass|Triple Axel|p2a: Vaporeon\n|-resisted|p2a: Vaporeon\n|-damage|p2a: Vaporeon|147/364\n|-resisted|p2a: Vaporeon\n|-damage|p2a: Vaporeon|135/364\n|-resisted|p2a: Vaporeon\n|-damage|p2a: Vaporeon|117/364\n|-hitcount|p2a: Vaporeon|3\n|move|p2a: Vaporeon|Wish|p2a: Vaporeon\n|\n|-heal|p2a: Vaporeon|139/364|[from] item: Leftovers\n|-damage|p1a: Froslass|43/100 brn|[from] brn\n|upkeep\n|turn|21\n|inactive|Time left: 300 sec this turn | 300 sec total\n|\n|t:|1783566722\n|move|p1a: Froslass|Triple Axel|p2a: Vaporeon\n|-resisted|p2a: Vaporeon\n|-damage|p2a: Vaporeon|133/364\n|-resisted|p2a: Vaporeon\n|-damage|p2a: Vaporeon|121/364\n|-resisted|p2a: Vaporeon\n|-crit|p2a: Vaporeon\n|-damage|p2a: Vaporeon|91/364\n|-hitcount|p2a: Vaporeon|3\n|move|p2a: Vaporeon|Scald|p1a: Froslass\n|-damage|p1a: Froslass|0 fnt\n|faint|p1a: Froslass\n|\n|-heal|p2a: Vaporeon|273/364|[from] move: Wish|[wisher] Vaporeon\n|-heal|p2a: Vaporeon|295/364|[from] item: Leftovers\n|upkeep\n|\n|t:|1783566723\n|switch|p1a: Ditto|Ditto, L87|100/100\n|-transform|p1a: Ditto|p2a: Vaporeon|[from] ability: Imposter\n|turn|22\n|inactive|Time left: 300 sec this turn | 300 sec total\n|\n|t:|1783566724\n|move|p1a: Ditto|Calm Mind|p1a: Ditto\n|-boost|p1a: Ditto|spa|1\n|-boost|p1a: Ditto|spd|1\n|move|p2a: Vaporeon|Calm Mind|p2a: Vaporeon\n|-boost|p2a: Vaporeon|spa|1\n|-boost|p2a: Vaporeon|spd|1\n|\n|-heal|p2a: Vaporeon|317/364|[from] item: Leftovers\n|upkeep\n|turn|23\n|inactive|Time left: 300 sec this turn | 300 sec total\n|\n|t:|1783566725\n|move|p1a: Ditto|Calm Mind|p1a: Ditto\n|-boost|p1a: Ditto|spa|1\n|-boost|p1a: Ditto|spd|1\n|move|p2a: Vaporeon|Calm Mind|p2a: Vaporeon\n|-boost|p2a: Vaporeon|spa|1\n|-boost|p2a: Vaporeon|spd|1\n|\n|-heal|p2a: Vaporeon|339/364|[from] item: Leftovers\n|upkeep\n|turn|24\n|inactive|Time left: 300 sec this turn | 300 sec total\n|\n|t:|1783566726\n|move|p1a: Ditto|Calm Mind|p1a: Ditto\n|-boost|p1a: Ditto|spa|1\n|-boost|p1a: Ditto|spd|1\n|move|p2a: Vaporeon|Calm Mind|p2a: Vaporeon\n|-boost|p2a: Vaporeon|spa|1\n|-boost|p2a: Vaporeon|spd|1\n|\n|-heal|p2a: Vaporeon|361/364|[from] item: Leftovers\n|upkeep\n|turn|25\n|inactive|Time left: 300 sec this turn | 300 sec total\n|\n|t:|1783566727\n|move|p1a: Ditto|Calm Mind|p1a: Ditto\n|-boost|p1a: Ditto|spa|1\n|-boost|p1a: Ditto|spd|1\n|move|p2a: Vaporeon|Calm Mind|p2a: Vaporeon\n|-boost|p2a: Vaporeon|spa|1\n|-boost|p2a: Vaporeon|spd|1\n|\n|-heal|p2a: Vaporeon|364/364|[from] item: Leftovers\n|upkeep\n|turn|26\n|inactive|Time left: 300 sec this turn | 300 sec total\n|\n|t:|1783566728\n|-terastallize|p1a: Ditto|Ghost\n|move|p1a: Ditto|Calm Mind|p1a: Ditto\n|-boost|p1a: Ditto|spa|1\n|-boost|p1a: Ditto|spd|1\n|move|p2a: Vaporeon|Calm Mind|p2a: Vaporeon\n|-boost|p2a: Vaporeon|spa|1\n|-boost|p2a: Vaporeon|spd|1\n|\n|upkeep\n|turn|27\n|inactive|Time left: 300 sec this turn | 300 sec total\n|\n|t:|1783566730\n|move|p2a: Vaporeon|Protect|p2a: Vaporeon\n|-singleturn|p2a: Vaporeon|Protect\n|-activate|p1a: Ditto|move: Struggle\n|move|p1a: Ditto|Struggle|p2a: Vaporeon\n|-activate|p2a: Vaporeon|move: Protect\n|\n|upkeep\n|turn|28\n|inactive|Time left: 300 sec this turn | 300 sec total\n|\n|t:|1783566731\n|-activate|p1a: Ditto|move: Struggle\n|move|p1a: Ditto|Struggle|p2a: Vaporeon\n|-damage|p2a: Vaporeon|339/364\n|-damage|p1a: Ditto|76/100|[from] recoil\n|move|p2a: Vaporeon|Calm Mind|p2a: Vaporeon\n|-boost|p2a: Vaporeon|spa|1\n|-boost|p2a: Vaporeon|spd|1\n|\n|-heal|p2a: Vaporeon|361/364|[from] item: Leftovers\n|upkeep\n|turn|29\n|inactive|Time left: 300 sec this turn | 300 sec total\n|\n|t:|1783566732\n|-activate|p1a: Ditto|move: Struggle\n|move|p1a: Ditto|Struggle|p2a: Vaporeon\n|-damage|p2a: Vaporeon|334/364\n|-damage|p1a: Ditto|51/100|[from] recoil\n|move|p2a: Vaporeon|Wish|p2a: Vaporeon\n|\n|-heal|p2a: Vaporeon|356/364|[from] item: Leftovers\n|upkeep\n|turn|30\n|inactive|Time left: 300 sec this turn | 300 sec total\n|\n|t:|1783566733\n|switch|p2a: Delphox|Delphox, L84, F|263/263\n|-activate|p1a: Ditto|move: Struggle\n|move|p1a: Ditto|Struggle|p2a: Delphox\n|-damage|p2a: Delphox|238/263\n|-damage|p1a: Ditto|26/100|[from] recoil\n|\n|-heal|p2a: Delphox|263/263|[from] move: Wish|[wisher] Vaporeon\n|upkeep\n|turn|31\n|inactive|Time left: 300 sec this turn | 300 sec total\n|\n|t:|1783566734\n|-activate|p1a: Ditto|move: Struggle\n|move|p1a: Ditto|Struggle|p2a: Delphox\n|-damage|p2a: Delphox|240/263\n|-damage|p1a: Ditto|1/100|[from] recoil\n|move|p2a: Delphox|Psyshock|p1a: Ditto\n|-damage|p1a: Ditto|0 fnt\n|faint|p1a: Ditto\n|\n|win|p0y2301a56f", "uploadtime": 1783566734, "views": 0, "rating": 0, "private": 0, "password": null, "_winner": "p0y2301a56f", "_our_name": "p0y2301a56f"}