{"id": "battle-gen9randombattle-730", "formatid": "gen9randombattle", "format": "[Gen 9] Random Battle", "players": ["p0x7309a88", "p0y730e913"], "log": "|init|battle\n|title|p0x7309a88 vs. p0y730e913\n|j|\u2606p0x7309a88\n|j|\u2606p0y730e913\n|t:|1783547612\n|gametype|singles\n|player|p1|p0x7309a88|265|\n|player|p2|p0y730e913|266|\n|gen|9\n|tier|[Gen 9] Random Battle\n|rule|Species Clause: Limit one of each Pok\u00e9mon\n|rule|HP Percentage Mod: HP is shown in percentages\n|rule|Sleep Clause Mod: Limit one foe put to sleep\n|rule|Illusion Level Mod: Illusion disguises the Pok\u00e9mon's true level\n|\n|t:|1783547612\n|teamsize|p1|6\n|teamsize|p2|6\n|start\n|switch|p1a: Drednaw|Drednaw, L81, F|278/278\n|switch|p2a: Cacturne|Cacturne, L92, M|100/100\n|turn|1\n|inactive|Battle timer is ON: inactive players will automatically lose when time's up. (requested by p0x7309a88)\n|inactive|p0y730e913 also wants the timer to be on.\n|\n|t:|1783547613\n|-terastallize|p1a: Drednaw|Dark\n|move|p1a: Drednaw|Shell Smash|p1a: Drednaw\n|-unboost|p1a: Drednaw|def|1\n|-unboost|p1a: Drednaw|spd|1\n|-boost|p1a: Drednaw|atk|2\n|-boost|p1a: Drednaw|spa|2\n|-boost|p1a: Drednaw|spe|2\n|-enditem|p1a: Drednaw|White Herb\n|-clearnegativeboost|p1a: Drednaw|[silent]\n|move|p2a: Cacturne|Leaf Storm|p1a: Drednaw\n|-damage|p1a: Drednaw|0 fnt\n|-unboost|p2a: Cacturne|spa|2\n|faint|p1a: Drednaw\n|-damage|p2a: Cacturne|91/100|[from] item: Life Orb\n|\n|upkeep\n|inactive|Time left: 300 sec this turn | 300 sec total | 65 sec grace\n|\n|t:|1783547614\n|switch|p1a: Great Tusk|Great Tusk, L77|304/304\n|-enditem|p1a: Great Tusk|Booster Energy\n|-activate|p1a: Great Tusk|ability: Protosynthesis|[fromitem]\n|-start|p1a: Great Tusk|protosynthesisatk\n|turn|2\n|inactive|Time left: 300 sec this turn | 300 sec total\n|\n|t:|1783547616\n|switch|p2a: Lurantis|Lurantis, L87, M|100/100\n|move|p1a: Great Tusk|Close Combat|p2a: Lurantis\n|-damage|p2a: Lurantis|35/100\n|-unboost|p1a: Great Tusk|def|1\n|-unboost|p1a: Great Tusk|spd|1\n|\n|-heal|p2a: Lurantis|41/100|[from] item: Leftovers\n|upkeep\n|turn|3\n|inactive|Time left: 300 sec this turn | 300 sec total\n|\n|t:|1783547617\n|switch|p2a: Basculegion|Basculegion-F, L83, F|100/100\n|move|p1a: Great Tusk|Close Combat|p2a: Basculegion\n|-immune|p2a: Basculegion\n|\n|upkeep\n|turn|4\n|inactive|Time left: 300 sec this turn | 300 sec total\n|\n|t:|1783547618\n|-end|p1a: Great Tusk|Protosynthesis|[silent]\n|switch|p1a: Sunflora|Sunflora, M|312/312\n|move|p2a: Basculegion|Shadow Ball|p1a: Sunflora\n|-damage|p1a: Sunflora|212/312\n|\n|upkeep\n|turn|5\n|inactive|Time left: 300 sec this turn | 300 sec total\n|\n|t:|1783547619\n|move|p2a: Basculegion|Shadow Ball|p1a: Sunflora\n|-damage|p1a: Sunflora|112/312\n|-unboost|p1a: Sunflora|spd|1\n|move|p1a: Sunflora|Leaf Storm|p2a: Basculegion\n|-supereffective|p2a: Basculegion\n|-damage|p2a: Basculegion|0 fnt\n|-unboost|p1a: Sunflora|spa|2\n|faint|p2a: Basculegion\n|\n|upkeep\n|\n|t:|1783547620\n|switch|p2a: Drednaw|Drednaw, L81, F|100/100\n|turn|6\n|inactive|Time left: 300 sec this turn | 300 sec total\n|\n|t:|1783547621\n|-terastallize|p2a: Drednaw|Dark\n|move|p2a: Drednaw|Shell Smash|p2a: Drednaw\n|-unboost|p2a: Drednaw|def|1\n|-unboost|p2a: Drednaw|spd|1\n|-boost|p2a: Drednaw|atk|2\n|-boost|p2a: Drednaw|spa|2\n|-boost|p2a: Drednaw|spe|2\n|-enditem|p2a: Drednaw|White Herb\n|-clearnegativeboost|p2a: Drednaw|[silent]\n|move|p1a: Sunflora|Leaf Storm|p2a: Drednaw\n|-damage|p2a: Drednaw|28/100\n|-unboost|p1a: Sunflora|spa|2\n|\n|upkeep\n|turn|7\n|inactive|Time left: 300 sec this turn | 300 sec total\n|\n|t:|1783547622\n|move|p2a: Drednaw|Crunch|p1a: Sunflora\n|-damage|p1a: Sunflora|0 fnt\n|faint|p1a: Sunflora\n|\n|upkeep\n|inactive|Time left: 300 sec this turn | 300 sec total | 5 sec grace\n|\n|t:|1783547623\n|switch|p1a: Dachsbun|Dachsbun, L92, M|254/254\n|turn|8\n|inactive|Time left: 300 sec this turn | 300 sec total\n|\n|t:|1783547624\n|move|p2a: Drednaw|Stone Edge|p1a: Dachsbun\n|-damage|p1a: Dachsbun|92/254\n|move|p1a: Dachsbun|Body Press|p2a: Drednaw\n|-supereffective|p2a: Drednaw\n|-damage|p2a: Drednaw|0 fnt\n|faint|p2a: Drednaw\n|\n|-heal|p1a: Dachsbun|107/254|[from] item: Leftovers\n|upkeep\n|\n|t:|1783547625\n|switch|p2a: Lurantis|Lurantis, L87, M|41/100\n|turn|9\n|inactive|Time left: 300 sec this turn | 300 sec total\n|\n|t:|1783547627\n|move|p1a: Dachsbun|Play Rough|p2a: Lurantis\n|-damage|p2a: Lurantis|6/100\n|move|p2a: Lurantis|Synthesis|p2a: Lurantis\n|-heal|p2a: Lurantis|56/100\n|\n|-heal|p1a: Dachsbun|122/254|[from] item: Leftovers\n|-heal|p2a: Lurantis|62/100|[from] item: Leftovers\n|upkeep\n|turn|10\n|inactive|Time left: 300 sec this turn | 300 sec total\n|\n|t:|1783547627\n|move|p1a: Dachsbun|Play Rough|p2a: Lurantis\n|-damage|p2a: Lurantis|27/100\n|move|p2a: Lurantis|Leaf Storm|p1a: Dachsbun\n|-damage|p1a: Dachsbun|0 fnt\n|-boost|p2a: Lurantis|spa|2\n|faint|p1a: Dachsbun\n|\n|-heal|p2a: Lurantis|33/100|[from] item: Leftovers\n|upkeep\n|inactive|Time left: 300 sec this turn | 300 sec total | 5 sec grace\n|\n|t:|1783547628\n|switch|p1a: Pawmot|Pawmot, L80, M|243/243\n|turn|11\n|inactive|Time left: 300 sec this turn | 300 sec total\n|\n|t:|1783547629\n|switch|p2a: Arcanine|Arcanine, L84, M|100/100\n|-ability|p2a: Arcanine|Intimidate|boost\n|-unboost|p1a: Pawmot|atk|1\n|move|p1a: Pawmot|Ice Punch|p2a: Arcanine\n|-resisted|p2a: Arcanine\n|-damage|p2a: Arcanine|90/100\n|-damage|p1a: Pawmot|219/243|[from] item: Life Orb\n|\n|upkeep\n|turn|12\n|inactive|Time left: 300 sec this turn | 300 sec total\n|\n|t:|1783547630\n|switch|p1a: Great Tusk|Great Tusk, L77|304/304\n|move|p2a: Arcanine|Will-O-Wisp|p1a: Great Tusk\n|-status|p1a: Great Tusk|brn\n|\n|-damage|p1a: Great Tusk|285/304 brn|[from] brn\n|upkeep\n|turn|13\n|inactive|Time left: 300 sec this turn | 300 sec total\n|\n|t:|1783547631\n|switch|p2a: Lurantis|Lurantis, L87, M|33/100\n|move|p1a: Great Tusk|Bulk Up|p1a: Great Tusk\n|-boost|p1a: Great Tusk|atk|1\n|-boost|p1a: Great Tusk|def|1\n|\n|-heal|p2a: Lurantis|39/100|[from] item: Leftovers\n|-damage|p1a: Great Tusk|266/304 brn|[from] brn\n|upkeep\n|turn|14\n|inactive|Time left: 300 sec this turn | 300 sec total\n|\n|t:|1783547632\n|move|p1a: Great Tusk|Close Combat|p2a: Lurantis\n|-damage|p2a: Lurantis|2/100\n|-unboost|p1a: Great Tusk|def|1\n|-unboost|p1a: Great Tusk|spd|1\n|move|p2a: Lurantis|Synthesis|p2a: Lurantis\n|-heal|p2a: Lurantis|52/100\n|\n|-heal|p2a: Lurantis|58/100|[from] item: Leftovers\n|-damage|p1a: Great Tusk|247/304 brn|[from] brn\n|upkeep\n|turn|15\n|inactive|Time left: 300 sec this turn | 300 sec total\n|\n|t:|1783547633\n|move|p1a: Great Tusk|Close Combat|p2a: Lurantis\n|-damage|p2a: Lurantis|20/100\n|-unboost|p1a: Great Tusk|def|1\n|-unboost|p1a: Great Tusk|spd|1\n|move|p2a: Lurantis|Synthesis|p2a: Lurantis\n|-heal|p2a: Lurantis|70/100\n|\n|-heal|p2a: Lurantis|76/100|[from] item: Leftovers\n|-damage|p1a: Great Tusk|228/304 brn|[from] brn\n|upkeep\n|turn|16\n|inactive|Time left: 300 sec this turn | 300 sec total\n|\n|t:|1783547634\n|move|p1a: Great Tusk|Close Combat|p2a: Lurantis\n|-damage|p2a: Lurantis|43/100\n|-unboost|p1a: Great Tusk|def|1\n|-unboost|p1a: Great Tusk|spd|1\n|move|p2a: Lurantis|Superpower|p1a: Great Tusk\n|-damage|p1a: Great Tusk|83/304 brn\n|-boost|p2a: Lurantis|atk|1\n|-boost|p2a: Lurantis|def|1\n|\n|-heal|p2a: Lurantis|49/100|[from] item: Leftovers\n|-damage|p1a: Great Tusk|64/304 brn|[from] brn\n|upkeep\n|turn|17\n|inactive|Time left: 300 sec this turn | 300 sec total\n|\n|t:|1783547635\n|move|p1a: Great Tusk|Close Combat|p2a: Lurantis\n|-damage|p2a: Lurantis|26/100\n|-unboost|p1a: Great Tusk|def|1\n|-unboost|p1a: Great Tusk|spd|1\n|move|p2a: Lurantis|Synthesis|p2a: Lurantis\n|-heal|p2a: Lurantis|76/100\n|\n|-heal|p2a: Lurantis|82/100|[from] item: Leftovers\n|-damage|p1a: Great Tusk|45/304 brn|[from] brn\n|upkeep\n|turn|18\n|inactive|Time left: 300 sec this turn | 300 sec total\n|\n|t:|1783547636\n|move|p1a: Great Tusk|Close Combat|p2a: Lurantis\n|-damage|p2a: Lurantis|59/100\n|-unboost|p1a: Great Tusk|def|1\n|-unboost|p1a: Great Tusk|spd|1\n|move|p2a: Lurantis|Superpower|p1a: Great Tusk\n|-damage|p1a: Great Tusk|0 fnt\n|-boost|p2a: Lurantis|atk|1\n|-boost|p2a: Lurantis|def|1\n|faint|p1a: Great Tusk\n|-end|p1a: Great Tusk|Protosynthesis|[silent]\n|\n|-heal|p2a: Lurantis|65/100|[from] item: Leftovers\n|upkeep\n|inactive|Time left: 300 sec this turn | 300 sec total | 5 sec grace\n|\n|t:|1783547637\n|switch|p1a: Basculegion|Basculegion-F, L83, F|335/335\n|turn|19\n|inactive|Time left: 300 sec this turn | 300 sec total\n|\n|t:|1783547638\n|move|p1a: Basculegion|Shadow Ball|p2a: Lurantis\n|-damage|p2a: Lurantis|24/100\n|move|p2a: Lurantis|Synthesis|p2a: Lurantis\n|-heal|p2a: Lurantis|74/100\n|\n|-heal|p2a: Lurantis|80/100|[from] item: Leftovers\n|upkeep\n|turn|20\n|inactive|Time left: 300 sec this turn | 300 sec total\n|\n|t:|1783547639\n|move|p1a: Basculegion|Shadow Ball|p2a: Lurantis\n|-damage|p2a: Lurantis|41/100\n|move|p2a: Lurantis|Leaf Storm|p1a: Basculegion\n|-supereffective|p1a: Basculegion\n|-damage|p1a: Basculegion|125/335\n|-boost|p2a: Lurantis|spa|2\n|\n|-heal|p2a: Lurantis|47/100|[from] item: Leftovers\n|upkeep\n|turn|21\n|inactive|Time left: 300 sec this turn | 300 sec total\n|\n|t:|1783547640\n|move|p1a: Basculegion|Shadow Ball|p2a: Lurantis\n|-damage|p2a: Lurantis|2/100\n|-boost|p2a: Lurantis|spd|1\n|move|p2a: Lurantis|Synthesis|p2a: Lurantis\n|-heal|p2a: Lurantis|52/100\n|\n|-heal|p2a: Lurantis|58/100|[from] item: Leftovers\n|upkeep\n|turn|22\n|inactive|Time left: 300 sec this turn | 300 sec total\n|\n|t:|1783547641\n|move|p1a: Basculegion|Shadow Ball|p2a: Lurantis\n|-damage|p2a: Lurantis|27/100\n|move|p2a: Lurantis|Leaf Storm|p1a: Basculegion\n|-supereffective|p1a: Basculegion\n|-damage|p1a: Basculegion|0 fnt\n|-boost|p2a: Lurantis|spa|2\n|faint|p1a: Basculegion\n|\n|-heal|p2a: Lurantis|33/100|[from] item: Leftovers\n|upkeep\n|inactive|Time left: 300 sec this turn | 300 sec total | 5 sec grace\n|\n|t:|1783547641\n|switch|p1a: Pawmot|Pawmot, L80, M|219/243\n|turn|23\n|inactive|Time left: 300 sec this turn | 300 sec total\n|\n|t:|1783547642\n|move|p1a: Pawmot|Ice Punch|p2a: Lurantis\n|-supereffective|p2a: Lurantis\n|-damage|p2a: Lurantis|3/100\n|-damage|p1a: Pawmot|195/243|[from] item: Life Orb\n|move|p2a: Lurantis|Superpower|p1a: Pawmot\n|-damage|p1a: Pawmot|0 fnt\n|-boost|p2a: Lurantis|atk|1\n|-boost|p2a: Lurantis|def|1\n|faint|p1a: Pawmot\n|\n|win|p0y730e913", "uploadtime": 1783547642, "views": 0, "rating": 0, "private": 0, "password": null, "_winner": "p0y730e913", "_our_name": "p0x7309a88"}