{"id": "battle-gen9randombattle-2371", "formatid": "gen9randombattle", "format": "[Gen 9] Random Battle", "players": ["p0x23714c49", "p0y23715226"], "log": "|init|battle\n|title|p0x23714c49 vs. p0y23715226\n|j|\u2606p0x23714c49\n|j|\u2606p0y23715226\n|t:|1783566499\n|gametype|singles\n|player|p1|p0x23714c49|101|\n|player|p2|p0y23715226|102|\n|gen|9\n|tier|[Gen 9] Random Battle\n|rule|Species Clause: Limit one of each Pok\u00e9mon\n|rule|HP Percentage Mod: HP is shown in percentages\n|rule|Sleep Clause Mod: Limit one foe put to sleep\n|rule|Illusion Level Mod: Illusion disguises the Pok\u00e9mon's true level\n|\n|t:|1783566499\n|teamsize|p1|6\n|teamsize|p2|6\n|start\n|switch|p1a: Ampharos|Ampharos, L88, F|302/302\n|switch|p2a: Lunala|Lunala, L70|100/100\n|turn|1\n|inactive|Battle timer is ON: inactive players will automatically lose when time's up. (requested by p0y23715226)\n|inactive|Time left: 300 sec this turn | 300 sec total | 60 sec grace\n|inactive|p0x23714c49 also wants the timer to be on.\n|\n|t:|1783566501\n|switch|p1a: Yanmega|Yanmega, L82, M|275/275\n|move|p2a: Lunala|Calm Mind|p2a: Lunala\n|-boost|p2a: Lunala|spa|1\n|-boost|p2a: Lunala|spd|1\n|\n|upkeep\n|turn|2\n|inactive|Time left: 300 sec this turn | 300 sec total\n|\n|t:|1783566502\n|move|p1a: Yanmega|Protect|p1a: Yanmega\n|-singleturn|p1a: Yanmega|Protect\n|move|p2a: Lunala|Moongeist Beam|p1a: Yanmega\n|-activate|p1a: Yanmega|move: Protect\n|\n|-ability|p1a: Yanmega|Speed Boost|boost\n|-boost|p1a: Yanmega|spe|1\n|upkeep\n|turn|3\n|inactive|Time left: 300 sec this turn | 300 sec total\n|\n|t:|1783566503\n|move|p1a: Yanmega|Air Slash|p2a: Lunala\n|-damage|p2a: Lunala|90/100\n|move|p2a: Lunala|Moongeist Beam|p1a: Yanmega\n|-damage|p1a: Yanmega|50/275\n|\n|-heal|p2a: Lunala|96/100|[from] item: Leftovers\n|-ability|p1a: Yanmega|Speed Boost|boost\n|-boost|p1a: Yanmega|spe|1\n|upkeep\n|turn|4\n|inactive|Time left: 300 sec this turn | 300 sec total\n|\n|t:|1783566504\n|move|p1a: Yanmega|Air Slash|p2a: Lunala\n|-crit|p2a: Lunala\n|-damage|p2a: Lunala|50/100\n|move|p2a: Lunala|Moongeist Beam|p1a: Yanmega\n|-damage|p1a: Yanmega|0 fnt\n|faint|p1a: Yanmega\n|\n|-heal|p2a: Lunala|56/100|[from] item: Leftovers\n|upkeep\n|inactive|Time left: 300 sec this turn | 300 sec total | 5 sec grace\n|\n|t:|1783566505\n|switch|p1a: Okidogi|Okidogi, L77, M|262/262\n|turn|5\n|inactive|Time left: 300 sec this turn | 300 sec total\n|\n|t:|1783566506\n|-terastallize|p1a: Okidogi|Dark\n|move|p2a: Lunala|Psyshock|p1a: Okidogi\n|-immune|p1a: Okidogi\n|move|p1a: Okidogi|Knock Off|p2a: Lunala\n|-supereffective|p2a: Lunala\n|-damage|p2a: Lunala|0 fnt\n|-enditem|p2a: Lunala|Leftovers|[from] move: Knock Off|[of] p1a: Okidogi\n|faint|p2a: Lunala\n|\n|upkeep\n|\n|t:|1783566507\n|switch|p2a: Hitmontop|Hitmontop, L88, M|100/100\n|turn|6\n|inactive|Time left: 300 sec this turn | 300 sec total\n|\n|t:|1783566508\n|move|p2a: Hitmontop|Bulk Up|p2a: Hitmontop\n|-boost|p2a: Hitmontop|atk|1\n|-boost|p2a: Hitmontop|def|1\n|move|p1a: Okidogi|Knock Off|p2a: Hitmontop\n|-resisted|p2a: Hitmontop\n|-damage|p2a: Hitmontop|85/100\n|-enditem|p2a: Hitmontop|Leftovers|[from] move: Knock Off|[of] p1a: Okidogi\n|\n|upkeep\n|turn|7\n|inactive|Time left: 300 sec this turn | 300 sec total\n|\n|t:|1783566509\n|switch|p1a: Slowking|Slowking, L88, F|310/310\n|move|p2a: Hitmontop|Close Combat|p1a: Slowking\n|-resisted|p1a: Slowking\n|-damage|p1a: Slowking|199/310\n|-unboost|p2a: Hitmontop|def|1\n|-unboost|p2a: Hitmontop|spd|1\n|\n|upkeep\n|turn|8\n|inactive|Time left: 300 sec this turn | 300 sec total\n|\n|t:|1783566510\n|move|p2a: Hitmontop|Bulk Up|p2a: Hitmontop\n|-boost|p2a: Hitmontop|atk|1\n|-boost|p2a: Hitmontop|def|1\n|move|p1a: Slowking|Psychic Noise|p2a: Hitmontop\n|-supereffective|p2a: Hitmontop\n|-damage|p2a: Hitmontop|0 fnt\n|faint|p2a: Hitmontop\n|\n|upkeep\n|\n|t:|1783566511\n|switch|p2a: Beartic|Beartic, L91, F|100/100\n|turn|9\n|inactive|Time left: 300 sec this turn | 300 sec total\n|\n|t:|1783566512\n|move|p2a: Beartic|Earthquake|p1a: Slowking\n|-damage|p1a: Slowking|30/310\n|move|p1a: Slowking|Scald|p2a: Beartic\n|-damage|p2a: Beartic|71/100\n|\n|upkeep\n|turn|10\n|inactive|Time left: 300 sec this turn | 300 sec total\n|\n|t:|1783566514\n|switch|p1a: Arcanine|Arcanine, L84, F|288/288\n|-ability|p1a: Arcanine|Intimidate|boost\n|-unboost|p2a: Beartic|atk|1\n|move|p2a: Beartic|Earthquake|p1a: Arcanine\n|-supereffective|p1a: Arcanine\n|-damage|p1a: Arcanine|84/288\n|\n|upkeep\n|turn|11\n|inactive|Time left: 300 sec this turn | 300 sec total\n|\n|t:|1783566515\n|move|p1a: Arcanine|Flare Blitz|p2a: Beartic\n|-supereffective|p2a: Beartic\n|-damage|p2a: Beartic|0 fnt\n|faint|p2a: Beartic\n|-damage|p1a: Arcanine|9/288|[from] Recoil\n|\n|upkeep\n|\n|t:|1783566516\n|switch|p2a: Lanturn|Lanturn, L89, F|100/100\n|turn|12\n|inactive|Time left: 300 sec this turn | 300 sec total\n|\n|t:|1783566517\n|move|p1a: Arcanine|Morning Sun|p1a: Arcanine\n|-heal|p1a: Arcanine|153/288\n|move|p2a: Lanturn|Scald|p1a: Arcanine\n|-supereffective|p1a: Arcanine\n|-damage|p1a: Arcanine|0 fnt\n|faint|p1a: Arcanine\n|\n|upkeep\n|inactive|Time left: 300 sec this turn | 300 sec total | 5 sec grace\n|\n|t:|1783566518\n|switch|p1a: Okidogi|Okidogi, L77, M, tera:Dark|262/262\n|turn|13\n|inactive|Time left: 300 sec this turn | 300 sec total\n|\n|t:|1783566519\n|move|p2a: Lanturn|Scald|p1a: Okidogi\n|-damage|p1a: Okidogi|207/262\n|move|p1a: Okidogi|Knock Off|p2a: Lanturn\n|-damage|p2a: Lanturn|61/100\n|-enditem|p2a: Lanturn|Heavy-Duty Boots|[from] move: Knock Off|[of] p1a: Okidogi\n|\n|upkeep\n|turn|14\n|inactive|Time left: 300 sec this turn | 300 sec total\n|\n|t:|1783566520\n|move|p2a: Lanturn|Scald|p1a: Okidogi\n|-damage|p1a: Okidogi|144/262\n|move|p1a: Okidogi|Drain Punch|p2a: Lanturn\n|-damage|p2a: Lanturn|31/100\n|-heal|p1a: Okidogi|199/262|[from] drain|[of] p2a: Lanturn\n|-status|p2a: Lanturn|tox|[from] ability: Toxic Chain|[of] p1a: Okidogi\n|\n|-damage|p2a: Lanturn|25/100 tox|[from] psn\n|upkeep\n|turn|15\n|inactive|Time left: 300 sec this turn | 300 sec total\n|\n|t:|1783566521\n|move|p2a: Lanturn|Scald|p1a: Okidogi\n|-damage|p1a: Okidogi|139/262\n|move|p1a: Okidogi|Drain Punch|p2a: Lanturn\n|-damage|p2a: Lanturn|0 fnt\n|-heal|p1a: Okidogi|185/262|[from] drain|[of] p2a: Lanturn\n|faint|p2a: Lanturn\n|\n|upkeep\n|\n|t:|1783566522\n|switch|p2a: Toxapex|Toxapex, L82, M|100/100\n|turn|16\n|inactive|Time left: 300 sec this turn | 300 sec total\n|\n|t:|1783566523\n|move|p1a: Okidogi|Knock Off|p2a: Toxapex\n|-damage|p2a: Toxapex|68/100\n|-enditem|p2a: Toxapex|Leftovers|[from] move: Knock Off|[of] p1a: Okidogi\n|move|p2a: Toxapex|Toxic|p1a: Okidogi\n|-status|p1a: Okidogi|tox\n|\n|-damage|p1a: Okidogi|169/262 tox|[from] psn\n|upkeep\n|turn|17\n|inactive|Time left: 300 sec this turn | 300 sec total\n|\n|t:|1783566524\n|switch|p1a: Slowking|Slowking, L88, F|133/310\n|move|p2a: Toxapex|Recover|p2a: Toxapex\n|-heal|p2a: Toxapex|100/100\n|\n|upkeep\n|turn|18\n|inactive|Time left: 300 sec this turn | 300 sec total\n|\n|t:|1783566525\n|move|p2a: Toxapex|Toxic|p1a: Slowking\n|-status|p1a: Slowking|tox\n|move|p1a: Slowking|Psychic Noise|p2a: Toxapex\n|-supereffective|p2a: Toxapex\n|-damage|p2a: Toxapex|37/100\n|-start|p2a: Toxapex|move: Heal Block\n|\n|-damage|p1a: Slowking|114/310 tox|[from] psn\n|upkeep\n|turn|19\n|inactive|Time left: 300 sec this turn | 300 sec total\n|\n|t:|1783566526\n|switch|p2a: Bisharp|Bisharp, L79, F|100/100\n|move|p1a: Slowking|Psychic Noise|p2a: Bisharp\n|-immune|p2a: Bisharp\n|\n|-damage|p1a: Slowking|76/310 tox|[from] psn\n|upkeep\n|turn|20\n|inactive|Time left: 300 sec this turn | 300 sec total\n|\n|t:|1783566527\n|switch|p1a: Ampharos|Ampharos, L88, F|302/302\n|move|p2a: Bisharp|Throat Chop|p1a: Ampharos\n|-damage|p1a: Ampharos|206/302\n|-start|p1a: Ampharos|Throat Chop|[silent]\n|\n|upkeep\n|turn|21\n|inactive|Time left: 300 sec this turn | 300 sec total\n|\n|t:|1783566528\n|move|p2a: Bisharp|Throat Chop|p1a: Ampharos\n|-damage|p1a: Ampharos|122/302\n|-status|p2a: Bisharp|par|[from] ability: Static|[of] p1a: Ampharos\n|move|p1a: Ampharos|Thunderbolt|p2a: Bisharp\n|-damage|p2a: Bisharp|55/100 par\n|\n|-end|p1a: Ampharos|Throat Chop|[silent]\n|upkeep\n|turn|22\n|inactive|Time left: 300 sec this turn | 300 sec total\n|\n|t:|1783566529\n|move|p1a: Ampharos|Thunderbolt|p2a: Bisharp\n|-damage|p2a: Bisharp|10/100 par\n|cant|p2a: Bisharp|par\n|\n|upkeep\n|turn|23\n|inactive|Time left: 300 sec this turn | 300 sec total\n|\n|t:|1783566530\n|move|p2a: Bisharp|Sucker Punch|p1a: Ampharos\n|-damage|p1a: Ampharos|49/302\n|move|p1a: Ampharos|Thunderbolt|p2a: Bisharp\n|-damage|p2a: Bisharp|0 fnt\n|faint|p2a: Bisharp\n|\n|upkeep\n|\n|t:|1783566531\n|switch|p2a: Toxapex|Toxapex, L82, M|70/100\n|turn|24\n|inactive|Time left: 300 sec this turn | 300 sec total\n|\n|t:|1783566532\n|-terastallize|p2a: Toxapex|Fairy\n|move|p1a: Ampharos|Thunderbolt|p2a: Toxapex\n|-damage|p2a: Toxapex|34/100\n|move|p2a: Toxapex|Recover|p2a: Toxapex\n|-heal|p2a: Toxapex|84/100\n|\n|upkeep\n|turn|25\n|inactive|Time left: 300 sec this turn | 300 sec total\n|\n|t:|1783566533\n|switch|p1a: Okidogi|Okidogi, L77, M, tera:Dark|169/262 tox\n|move|p2a: Toxapex|Recover|p2a: Toxapex\n|-heal|p2a: Toxapex|100/100\n|\n|-damage|p1a: Okidogi|153/262 tox|[from] psn\n|upkeep\n|turn|26\n|inactive|Time left: 300 sec this turn | 300 sec total\n|\n|t:|1783566534\n|move|p1a: Okidogi|Gunk Shot|p2a: Toxapex\n|-supereffective|p2a: Toxapex\n|-damage|p2a: Toxapex|17/100\n|-status|p2a: Toxapex|tox|[from] ability: Toxic Chain|[of] p1a: Okidogi\n|move|p2a: Toxapex|Recover|p2a: Toxapex\n|-heal|p2a: Toxapex|67/100 tox\n|\n|-damage|p1a: Okidogi|121/262 tox|[from] psn\n|-damage|p2a: Toxapex|61/100 tox|[from] psn\n|upkeep\n|turn|27\n|inactive|Time left: 300 sec this turn | 300 sec total\n|\n|t:|1783566535\n|move|p1a: Okidogi|Gunk Shot|p2a: Toxapex\n|-supereffective|p2a: Toxapex\n|-damage|p2a: Toxapex|0 fnt\n|faint|p2a: Toxapex\n|\n|win|p0x23714c49", "uploadtime": 1783566535, "views": 0, "rating": 0, "private": 0, "password": null, "_winner": "p0x23714c49", "_our_name": "p0x23714c49"}