{"id": "battle-gen9randombattle-1581", "formatid": "gen9randombattle", "format": "[Gen 9] Random Battle", "players": ["p0x15812ac7", "p0y15814fb6"], "log": "|init|battle\n|title|p0x15812ac7 vs. p0y15814fb6\n|j|\u2606p0x15812ac7\n|j|\u2606p0y15814fb6\n|t:|1783558317\n|gametype|singles\n|player|p1|p0x15812ac7|101|\n|player|p2|p0y15814fb6|170|\n|gen|9\n|tier|[Gen 9] Random Battle\n|rule|Species Clause: Limit one of each Pok\u00e9mon\n|rule|HP Percentage Mod: HP is shown in percentages\n|rule|Sleep Clause Mod: Limit one foe put to sleep\n|rule|Illusion Level Mod: Illusion disguises the Pok\u00e9mon's true level\n|\n|t:|1783558317\n|teamsize|p1|6\n|teamsize|p2|6\n|start\n|switch|p1a: Rampardos|Rampardos, L90, F|321/321\n|switch|p2a: Kilowattrel|Kilowattrel, L83, M|100/100\n|turn|1\n|inactive|Battle timer is ON: inactive players will automatically lose when time's up. (requested by p0y15814fb6)\n|inactive|Time left: 300 sec this turn | 300 sec total | 60 sec grace\n|inactive|p0x15812ac7 also wants the timer to be on.\n|\n|t:|1783558319\n|switch|p2a: Mightyena|Mightyena, L96, M|100/100\n|-ability|p2a: Mightyena|Intimidate|boost\n|-unboost|p1a: Rampardos|atk|1\n|move|p1a: Rampardos|Rock Slide|p2a: Mightyena\n|-damage|p2a: Mightyena|56/100\n|\n|upkeep\n|turn|2\n|inactive|Time left: 300 sec this turn | 300 sec total\n|\n|t:|1783558320\n|move|p1a: Rampardos|Rock Slide|p2a: Mightyena\n|-damage|p2a: Mightyena|13/100\n|move|p2a: Mightyena|Super Fang|p1a: Rampardos\n|-damage|p1a: Rampardos|161/321\n|\n|upkeep\n|turn|3\n|inactive|Time left: 300 sec this turn | 300 sec total\n|\n|t:|1783558321\n|switch|p2a: Heracross|Heracross, L80, M|100/100\n|move|p1a: Rampardos|Rock Slide|p2a: Heracross\n|-damage|p2a: Heracross|45/100\n|\n|-status|p2a: Heracross|brn|[from] item: Flame Orb\n|upkeep\n|turn|4\n|inactive|Time left: 300 sec this turn | 300 sec total\n|\n|t:|1783558323\n|switch|p2a: Mightyena|Mightyena, L96, M|13/100\n|-ability|p2a: Mightyena|Intimidate|boost\n|-unboost|p1a: Rampardos|atk|1\n|move|p1a: Rampardos|Rock Slide|p2a: Mightyena\n|-damage|p2a: Mightyena|0 fnt\n|faint|p2a: Mightyena\n|\n|upkeep\n|\n|t:|1783558324\n|switch|p2a: Kilowattrel|Kilowattrel, L83, M|100/100\n|turn|5\n|inactive|Time left: 300 sec this turn | 300 sec total\n|\n|t:|1783558325\n|move|p1a: Rampardos|Rock Slide|p2a: Kilowattrel\n|-damage|p2a: Kilowattrel|43/100\n|replace|p2a: Zoroark|Zoroark-Hisui, L80, M\n|-end|p2a: Zoroark|Illusion\n|-hint|Illusion Level Mod is active, so this Pok\u00e9mon's true level was hidden.\n|move|p2a: Zoroark|Bitter Malice|p1a: Rampardos\n|-damage|p1a: Rampardos|0 fnt\n|faint|p1a: Rampardos\n|\n|upkeep\n|inactive|Time left: 300 sec this turn | 300 sec total | 5 sec grace\n|\n|t:|1783558326\n|switch|p1a: Smeargle|Smeargle, L95, F|258/258\n|turn|6\n|inactive|Time left: 300 sec this turn | 300 sec total\n|\n|t:|1783558327\n|switch|p2a: Heracross|Heracross, L80, M|45/100 brn\n|move|p1a: Smeargle|Shell Smash|p1a: Smeargle\n|-unboost|p1a: Smeargle|def|1\n|-unboost|p1a: Smeargle|spd|1\n|-boost|p1a: Smeargle|atk|2\n|-boost|p1a: Smeargle|spa|2\n|-boost|p1a: Smeargle|spe|2\n|\n|-damage|p2a: Heracross|38/100 brn|[from] brn\n|upkeep\n|turn|7\n|inactive|Time left: 300 sec this turn | 300 sec total\n|\n|t:|1783558328\n|switch|p2a: Kilowattrel|Kilowattrel, L83, M|43/100\n|move|p1a: Smeargle|Population Bomb|p2a: Kilowattrel\n|-immune|p2a: Kilowattrel\n|\n|upkeep\n|turn|8\n|inactive|Time left: 300 sec this turn | 300 sec total\n|\n|t:|1783558329\n|move|p1a: Smeargle|Power Trip|p2a: Kilowattrel\n|-supereffective|p2a: Kilowattrel\n|-damage|p2a: Kilowattrel|0 fnt\n|replace|p2a: Zoroark|Zoroark-Hisui, L80, M\n|-end|p2a: Zoroark|Illusion\n|faint|p2a: Zoroark\n|\n|upkeep\n|\n|t:|1783558330\n|switch|p2a: Baxcalibur|Baxcalibur, L75, M|100/100\n|turn|9\n|inactive|Time left: 300 sec this turn | 300 sec total\n|\n|t:|1783558330\n|move|p1a: Smeargle|Population Bomb|p2a: Baxcalibur\n|-damage|p2a: Baxcalibur|88/100\n|-crit|p2a: Baxcalibur\n|-damage|p2a: Baxcalibur|69/100\n|-damage|p2a: Baxcalibur|56/100\n|-damage|p2a: Baxcalibur|43/100\n|-crit|p2a: Baxcalibur\n|-damage|p2a: Baxcalibur|26/100\n|-damage|p2a: Baxcalibur|15/100\n|-damage|p2a: Baxcalibur|4/100\n|-damage|p2a: Baxcalibur|0 fnt\n|faint|p2a: Baxcalibur\n|-hitcount|p2: Baxcalibur|8\n|\n|upkeep\n|\n|t:|1783558331\n|switch|p2a: Sneasler|Sneasler, L74, M|100/100\n|turn|10\n|inactive|Time left: 300 sec this turn | 300 sec total\n|\n|t:|1783558332\n|move|p1a: Smeargle|Population Bomb|p2a: Sneasler\n|-damage|p2a: Sneasler|81/100\n|-damage|p2a: Sneasler|61/100\n|-damage|p2a: Sneasler|40/100\n|-damage|p2a: Sneasler|20/100\n|-damage|p2a: Sneasler|0 fnt\n|faint|p2a: Sneasler\n|-hitcount|p2: Sneasler|5\n|\n|upkeep\n|\n|t:|1783558333\n|switch|p2a: Kilowattrel|Kilowattrel, L83, M|100/100\n|turn|11\n|inactive|Time left: 300 sec this turn | 300 sec total\n|\n|t:|1783558333\n|move|p1a: Smeargle|Population Bomb|p2a: Kilowattrel\n|-damage|p2a: Kilowattrel|83/100\n|-damage|p2a: Kilowattrel|67/100\n|-damage|p2a: Kilowattrel|49/100\n|-damage|p2a: Kilowattrel|31/100\n|-crit|p2a: Kilowattrel\n|-damage|p2a: Kilowattrel|3/100\n|-damage|p2a: Kilowattrel|0 fnt\n|faint|p2a: Kilowattrel\n|-hitcount|p2: Kilowattrel|6\n|\n|upkeep\n|\n|t:|1783558334\n|switch|p2a: Heracross|Heracross, L80, M|38/100 brn\n|turn|12\n|inactive|Time left: 300 sec this turn | 300 sec total\n|\n|t:|1783558335\n|-terastallize|p1a: Smeargle|Ghost\n|move|p1a: Smeargle|Population Bomb|p2a: Heracross\n|-damage|p2a: Heracross|23/100 brn\n|-damage|p2a: Heracross|8/100 brn\n|-damage|p2a: Heracross|0 fnt\n|faint|p2a: Heracross\n|-hitcount|p2: Heracross|3\n|\n|win|p0x15812ac7", "uploadtime": 1783558335, "views": 0, "rating": 0, "private": 0, "password": null, "_winner": "p0x15812ac7", "_our_name": "p0x15812ac7"}