{"id": "battle-gen9randombattle-806", "formatid": "gen9randombattle", "format": "[Gen 9] Random Battle", "players": ["p0x806e16c", "p0y806f8bb"], "log": "|init|battle\n|title|p0x806e16c vs. p0y806f8bb\n|j|\u2606p0x806e16c\n|j|\u2606p0y806f8bb\n|t:|1783549233\n|gametype|singles\n|player|p1|p0x806e16c|170|\n|player|p2|p0y806f8bb|265|\n|gen|9\n|tier|[Gen 9] Random Battle\n|rule|Species Clause: Limit one of each Pok\u00e9mon\n|rule|HP Percentage Mod: HP is shown in percentages\n|rule|Sleep Clause Mod: Limit one foe put to sleep\n|rule|Illusion Level Mod: Illusion disguises the Pok\u00e9mon's true level\n|\n|t:|1783549233\n|teamsize|p1|6\n|teamsize|p2|6\n|start\n|switch|p1a: Bronzong|Bronzong, L88|100/100\n|switch|p2a: Porygon2|Porygon2, L81|270/270\n|-ability|p2a: Porygon2|Download|boost\n|-boost|p2a: Porygon2|spa|1\n|turn|1\n|inactive|Battle timer is ON: inactive players will automatically lose when time's up. (requested by p0y806f8bb)\n|inactive|p0x806e16c also wants the timer to be on.\n|\n|t:|1783549235\n|move|p2a: Porygon2|Ice Beam|p1a: Bronzong\n|-resisted|p1a: Bronzong\n|-crit|p1a: Bronzong\n|-damage|p1a: Bronzong|81/100\n|move|p1a: Bronzong|Hypnosis|p2a: Porygon2\n|-status|p2a: Porygon2|slp|[from] move: Hypnosis\n|\n|-heal|p1a: Bronzong|87/100|[from] item: Leftovers\n|upkeep\n|turn|2\n|inactive|Time left: 300 sec this turn | 300 sec total\n|\n|t:|1783549236\n|cant|p2a: Porygon2|slp\n|move|p1a: Bronzong|Earthquake|p2a: Porygon2\n|-damage|p2a: Porygon2|218/270 slp\n|\n|-heal|p1a: Bronzong|93/100|[from] item: Leftovers\n|upkeep\n|turn|3\n|inactive|Time left: 300 sec this turn | 300 sec total\n|\n|t:|1783549237\n|cant|p2a: Porygon2|slp\n|move|p1a: Bronzong|Psychic|p2a: Porygon2\n|-damage|p2a: Porygon2|154/270 slp\n|\n|-heal|p1a: Bronzong|99/100|[from] item: Leftovers\n|upkeep\n|turn|4\n|inactive|Time left: 300 sec this turn | 300 sec total\n|\n|t:|1783549238\n|-curestatus|p2a: Porygon2|slp|[msg]\n|move|p2a: Porygon2|Recover|p2a: Porygon2\n|-heal|p2a: Porygon2|270/270\n|move|p1a: Bronzong|Earthquake|p2a: Porygon2\n|-damage|p2a: Porygon2|224/270\n|\n|-heal|p1a: Bronzong|100/100|[from] item: Leftovers\n|upkeep\n|turn|5\n|inactive|Time left: 300 sec this turn | 300 sec total\n|\n|t:|1783549240\n|move|p2a: Porygon2|Tri Attack|p1a: Bronzong\n|-resisted|p1a: Bronzong\n|-damage|p1a: Bronzong|83/100\n|move|p1a: Bronzong|Psychic|p2a: Porygon2\n|-damage|p2a: Porygon2|161/270\n|\n|-heal|p1a: Bronzong|89/100|[from] item: Leftovers\n|upkeep\n|turn|6\n|inactive|Time left: 300 sec this turn | 300 sec total\n|\n|t:|1783549241\n|move|p2a: Porygon2|Discharge|p1a: Bronzong\n|-damage|p1a: Bronzong|62/100\n|move|p1a: Bronzong|Psychic|p2a: Porygon2\n|-damage|p2a: Porygon2|103/270\n|-unboost|p2a: Porygon2|spd|1\n|\n|-heal|p1a: Bronzong|68/100|[from] item: Leftovers\n|upkeep\n|turn|7\n|inactive|Time left: 300 sec this turn | 300 sec total\n|\n|t:|1783549242\n|move|p2a: Porygon2|Recover|p2a: Porygon2\n|-heal|p2a: Porygon2|238/270\n|move|p1a: Bronzong|Psychic|p2a: Porygon2\n|-damage|p2a: Porygon2|144/270\n|\n|-heal|p1a: Bronzong|74/100|[from] item: Leftovers\n|upkeep\n|turn|8\n|inactive|Time left: 300 sec this turn | 300 sec total\n|\n|t:|1783549243\n|move|p2a: Porygon2|Recover|p2a: Porygon2\n|-heal|p2a: Porygon2|270/270\n|move|p1a: Bronzong|Psychic|p2a: Porygon2\n|-damage|p2a: Porygon2|177/270\n|\n|-heal|p1a: Bronzong|81/100|[from] item: Leftovers\n|upkeep\n|turn|9\n|inactive|Time left: 300 sec this turn | 300 sec total\n|\n|t:|1783549244\n|move|p2a: Porygon2|Tri Attack|p1a: Bronzong\n|-resisted|p1a: Bronzong\n|-damage|p1a: Bronzong|62/100\n|move|p1a: Bronzong|Psychic|p2a: Porygon2\n|-crit|p2a: Porygon2\n|-damage|p2a: Porygon2|44/270\n|\n|-heal|p1a: Bronzong|68/100|[from] item: Leftovers\n|upkeep\n|turn|10\n|inactive|Time left: 300 sec this turn | 300 sec total\n|\n|t:|1783549245\n|move|p2a: Porygon2|Recover|p2a: Porygon2\n|-heal|p2a: Porygon2|179/270\n|move|p1a: Bronzong|Psychic|p2a: Porygon2\n|-crit|p2a: Porygon2\n|-damage|p2a: Porygon2|55/270\n|\n|-heal|p1a: Bronzong|74/100|[from] item: Leftovers\n|upkeep\n|turn|11\n|inactive|Time left: 300 sec this turn | 300 sec total\n|\n|t:|1783549246\n|move|p2a: Porygon2|Recover|p2a: Porygon2\n|-heal|p2a: Porygon2|190/270\n|move|p1a: Bronzong|Psychic|p2a: Porygon2\n|-damage|p2a: Porygon2|99/270\n|-unboost|p2a: Porygon2|spd|1\n|\n|-heal|p1a: Bronzong|80/100|[from] item: Leftovers\n|upkeep\n|turn|12\n|inactive|Time left: 300 sec this turn | 300 sec total\n|\n|t:|1783549247\n|move|p2a: Porygon2|Recover|p2a: Porygon2\n|-heal|p2a: Porygon2|234/270\n|move|p1a: Bronzong|Psychic|p2a: Porygon2\n|-damage|p2a: Porygon2|107/270\n|\n|-heal|p1a: Bronzong|86/100|[from] item: Leftovers\n|upkeep\n|turn|13\n|inactive|Time left: 300 sec this turn | 300 sec total\n|\n|t:|1783549248\n|move|p2a: Porygon2|Recover|p2a: Porygon2\n|-heal|p2a: Porygon2|242/270\n|move|p1a: Bronzong|Psychic|p2a: Porygon2\n|-crit|p2a: Porygon2\n|-damage|p2a: Porygon2|62/270\n|\n|-heal|p1a: Bronzong|92/100|[from] item: Leftovers\n|upkeep\n|turn|14\n|inactive|Time left: 300 sec this turn | 300 sec total\n|\n|t:|1783549250\n|move|p2a: Porygon2|Recover|p2a: Porygon2\n|-heal|p2a: Porygon2|197/270\n|move|p1a: Bronzong|Psychic|p2a: Porygon2\n|-damage|p2a: Porygon2|82/270\n|\n|-heal|p1a: Bronzong|99/100|[from] item: Leftovers\n|upkeep\n|turn|15\n|inactive|Time left: 300 sec this turn | 300 sec total\n|\n|t:|1783549251\n|switch|p2a: Noctowl|Noctowl, L95, M|344/344\n|move|p1a: Bronzong|Psychic|p2a: Noctowl\n|-damage|p2a: Noctowl|272/344\n|\n|-heal|p1a: Bronzong|100/100|[from] item: Leftovers\n|upkeep\n|turn|16\n|inactive|Time left: 300 sec this turn | 300 sec total\n|\n|t:|1783549252\n|move|p2a: Noctowl|Calm Mind|p2a: Noctowl\n|-boost|p2a: Noctowl|spa|1\n|-boost|p2a: Noctowl|spd|1\n|move|p1a: Bronzong|Hypnosis|p2a: Noctowl|[miss]\n|-miss|p1a: Bronzong|p2a: Noctowl\n|\n|upkeep\n|turn|17\n|inactive|Time left: 300 sec this turn | 300 sec total\n|\n|t:|1783549253\n|move|p2a: Noctowl|Hyper Voice|p1a: Bronzong\n|-resisted|p1a: Bronzong\n|-damage|p1a: Bronzong|52/100\n|move|p1a: Bronzong|Hypnosis|p2a: Noctowl|[miss]\n|-miss|p1a: Bronzong|p2a: Noctowl\n|\n|-heal|p1a: Bronzong|58/100|[from] item: Leftovers\n|upkeep\n|turn|18\n|inactive|Time left: 300 sec this turn | 300 sec total\n|\n|t:|1783549254\n|move|p2a: Noctowl|Hurricane|p1a: Bronzong|[miss]\n|-miss|p2a: Noctowl|p1a: Bronzong\n|move|p1a: Bronzong|Hypnosis|p2a: Noctowl|[miss]\n|-miss|p1a: Bronzong|p2a: Noctowl\n|\n|-heal|p1a: Bronzong|64/100|[from] item: Leftovers\n|upkeep\n|turn|19\n|inactive|Time left: 300 sec this turn | 300 sec total\n|\n|t:|1783549255\n|move|p2a: Noctowl|Hurricane|p1a: Bronzong\n|-resisted|p1a: Bronzong\n|-damage|p1a: Bronzong|6/100\n|move|p1a: Bronzong|Hypnosis|p2a: Noctowl\n|-status|p2a: Noctowl|slp|[from] move: Hypnosis\n|\n|-heal|p1a: Bronzong|12/100|[from] item: Leftovers\n|upkeep\n|turn|20\n|inactive|Time left: 300 sec this turn | 300 sec total\n|\n|t:|1783549256\n|cant|p2a: Noctowl|slp\n|move|p1a: Bronzong|Iron Head|p2a: Noctowl\n|-damage|p2a: Noctowl|152/344 slp\n|\n|-heal|p1a: Bronzong|19/100|[from] item: Leftovers\n|upkeep\n|turn|21\n|inactive|Time left: 300 sec this turn | 300 sec total\n|\n|t:|1783549257\n|cant|p2a: Noctowl|slp\n|move|p1a: Bronzong|Iron Head|p2a: Noctowl\n|-damage|p2a: Noctowl|37/344 slp\n|\n|-heal|p1a: Bronzong|25/100|[from] item: Leftovers\n|upkeep\n|turn|22\n|inactive|Time left: 300 sec this turn | 300 sec total\n|\n|t:|1783549258\n|cant|p2a: Noctowl|slp\n|move|p1a: Bronzong|Iron Head|p2a: Noctowl\n|-damage|p2a: Noctowl|0 fnt\n|faint|p2a: Noctowl\n|\n|-heal|p1a: Bronzong|31/100|[from] item: Leftovers\n|upkeep\n|inactive|Time left: 300 sec this turn | 300 sec total | 5 sec grace\n|\n|t:|1783549259\n|switch|p2a: Scrafty|Scrafty, L83, M|244/244\n|turn|23\n|inactive|Time left: 300 sec this turn | 300 sec total\n|\n|t:|1783549260\n|switch|p1a: Exeggutor|Exeggutor-Alola, L89, M|100/100\n|move|p2a: Scrafty|Knock Off|p1a: Exeggutor\n|-damage|p1a: Exeggutor|72/100\n|-enditem|p1a: Exeggutor|Sitrus Berry|[from] move: Knock Off|[of] p2a: Scrafty\n|\n|upkeep\n|turn|24\n|inactive|Time left: 300 sec this turn | 300 sec total\n|\n|t:|1783549261\n|move|p2a: Scrafty|Bulk Up|p2a: Scrafty\n|-boost|p2a: Scrafty|atk|1\n|-boost|p2a: Scrafty|def|1\n|move|p1a: Exeggutor|Wood Hammer|p2a: Scrafty\n|-damage|p2a: Scrafty|165/244\n|-damage|p1a: Exeggutor|63/100|[from] Recoil\n|\n|-heal|p2a: Scrafty|180/244|[from] item: Leftovers\n|upkeep\n|turn|25\n|inactive|Time left: 300 sec this turn | 300 sec total\n|\n|t:|1783549262\n|move|p2a: Scrafty|Drain Punch|p1a: Exeggutor\n|-damage|p1a: Exeggutor|31/100\n|-heal|p2a: Scrafty|230/244|[from] drain|[of] p1a: Exeggutor\n|move|p1a: Exeggutor|Dragon Tail|p2a: Scrafty\n|-damage|p2a: Scrafty|190/244\n|drag|p2a: Rampardos|Rampardos, L90, F|321/321\n|\n|upkeep\n|turn|26\n|inactive|Time left: 300 sec this turn | 300 sec total\n|\n|t:|1783549264\n|move|p2a: Rampardos|Rock Slide|p1a: Exeggutor\n|-damage|p1a: Exeggutor|0 fnt\n|faint|p1a: Exeggutor\n|\n|upkeep\n|\n|t:|1783549265\n|switch|p1a: Iron Crown|Iron Crown, L78|100/100\n|turn|27\n|inactive|Time left: 300 sec this turn | 300 sec total\n|\n|t:|1783549266\n|-terastallize|p2a: Rampardos|Fire\n|move|p1a: Iron Crown|Calm Mind|p1a: Iron Crown\n|-boost|p1a: Iron Crown|spa|1\n|-boost|p1a: Iron Crown|spd|1\n|move|p2a: Rampardos|Fire Punch|p1a: Iron Crown\n|-supereffective|p1a: Iron Crown\n|-damage|p1a: Iron Crown|0 fnt\n|faint|p1a: Iron Crown\n|-end|p1a: Iron Crown|Quark Drive|[silent]\n|\n|upkeep\n|\n|t:|1783549267\n|switch|p1a: Swanna|Swanna, L89, F|100/100\n|turn|28\n|inactive|Time left: 300 sec this turn | 300 sec total\n|\n|t:|1783549268\n|switch|p2a: Tinkaton|Tinkaton, L82, F|274/274\n|-ability|p2a: Tinkaton|Mold Breaker\n|move|p1a: Swanna|Hydro Pump|p2a: Tinkaton|[miss]\n|-miss|p1a: Swanna|p2a: Tinkaton\n|\n|upkeep\n|turn|29\n|inactive|Time left: 300 sec this turn | 300 sec total\n|\n|t:|1783549269\n|move|p1a: Swanna|Hydro Pump|p2a: Tinkaton\n|-damage|p2a: Tinkaton|163/274\n|move|p2a: Tinkaton|Swords Dance|p2a: Tinkaton\n|-boost|p2a: Tinkaton|atk|2\n|\n|-heal|p2a: Tinkaton|180/274|[from] item: Leftovers\n|upkeep\n|turn|30\n|inactive|Time left: 300 sec this turn | 300 sec total\n|\n|t:|1783549270\n|move|p1a: Swanna|Hydro Pump|p2a: Tinkaton\n|-damage|p2a: Tinkaton|63/274\n|move|p2a: Tinkaton|Gigaton Hammer|p1a: Swanna\n|-resisted|p1a: Swanna\n|-damage|p1a: Swanna|43/100\n|\n|-heal|p2a: Tinkaton|80/274|[from] item: Leftovers\n|upkeep\n|turn|31\n|inactive|Time left: 300 sec this turn | 300 sec total\n|\n|t:|1783549271\n|move|p1a: Swanna|Hydro Pump|p2a: Tinkaton\n|-damage|p2a: Tinkaton|0 fnt\n|faint|p2a: Tinkaton\n|\n|upkeep\n|inactive|Time left: 300 sec this turn | 300 sec total | 5 sec grace\n|\n|t:|1783549272\n|switch|p2a: Seviper|Seviper, L93, F|287/287\n|turn|32\n|inactive|Time left: 300 sec this turn | 300 sec total\n|\n|t:|1783549273\n|switch|p1a: Bronzong|Bronzong, L88|31/100\n|move|p2a: Seviper|Trailblaze|p1a: Bronzong\n|-resisted|p1a: Bronzong\n|-damage|p1a: Bronzong|24/100\n|-boost|p2a: Seviper|spe|1\n|\n|-heal|p1a: Bronzong|30/100|[from] item: Leftovers\n|upkeep\n|turn|33\n|inactive|Time left: 300 sec this turn | 300 sec total\n|\n|t:|1783549274\n|switch|p2a: Scrafty|Scrafty, L83, M|190/244\n|move|p1a: Bronzong|Earthquake|p2a: Scrafty\n|-damage|p2a: Scrafty|129/244\n|\n|-heal|p2a: Scrafty|144/244|[from] item: Leftovers\n|-heal|p1a: Bronzong|36/100|[from] item: Leftovers\n|upkeep\n|turn|34\n|inactive|Time left: 300 sec this turn | 300 sec total\n|\n|t:|1783549275\n|switch|p1a: Minun|Minun, L95, M|100/100\n|move|p2a: Scrafty|Bulk Up|p2a: Scrafty\n|-boost|p2a: Scrafty|atk|1\n|-boost|p2a: Scrafty|def|1\n|\n|-heal|p2a: Scrafty|159/244|[from] item: Leftovers\n|upkeep\n|turn|35\n|inactive|Time left: 300 sec this turn | 300 sec total\n|\n|t:|1783549276\n|move|p1a: Minun|Alluring Voice|p2a: Scrafty\n|-supereffective|p2a: Scrafty\n|-damage|p2a: Scrafty|0 fnt\n|faint|p2a: Scrafty\n|-damage|p1a: Minun|91/100|[from] item: Life Orb\n|\n|upkeep\n|inactive|Time left: 300 sec this turn | 300 sec total | 5 sec grace\n|\n|t:|1783549277\n|switch|p2a: Rampardos|Rampardos, L90, F, tera:Fire|321/321\n|turn|36\n|inactive|Time left: 300 sec this turn | 300 sec total\n|\n|t:|1783549278\n|switch|p1a: Bronzong|Bronzong, L88|36/100\n|move|p2a: Rampardos|Fire Punch|p1a: Bronzong\n|-supereffective|p1a: Bronzong\n|-damage|p1a: Bronzong|0 fnt\n|faint|p1a: Bronzong\n|\n|upkeep\n|\n|t:|1783549279\n|switch|p1a: Swanna|Swanna, L89, F|43/100\n|turn|37\n|inactive|Time left: 300 sec this turn | 300 sec total\n|\n|t:|1783549280\n|switch|p2a: Seviper|Seviper, L93, F|287/287\n|move|p1a: Swanna|Hydro Pump|p2a: Seviper|[miss]\n|-miss|p1a: Swanna|p2a: Seviper\n|\n|upkeep\n|turn|38\n|inactive|Time left: 300 sec this turn | 300 sec total\n|\n|t:|1783549281\n|move|p1a: Swanna|Hydro Pump|p2a: Seviper|[miss]\n|-miss|p1a: Swanna|p2a: Seviper\n|move|p2a: Seviper|Trailblaze|p1a: Swanna\n|-damage|p1a: Swanna|24/100\n|-boost|p2a: Seviper|spe|1\n|\n|upkeep\n|turn|39\n|inactive|Time left: 300 sec this turn | 300 sec total\n|\n|t:|1783549283\n|move|p2a: Seviper|Swords Dance|p2a: Seviper\n|-boost|p2a: Seviper|atk|2\n|move|p1a: Swanna|Hydro Pump|p2a: Seviper\n|-damage|p2a: Seviper|155/287\n|\n|-heal|p2a: Seviper|172/287|[from] item: Leftovers\n|upkeep\n|turn|40\n|inactive|Time left: 300 sec this turn | 300 sec total\n|\n|t:|1783549284\n|switch|p1a: Vespiquen|Vespiquen, L99, F|100/100\n|-ability|p1a: Vespiquen|Pressure\n|move|p2a: Seviper|Trailblaze|p1a: Vespiquen\n|-resisted|p1a: Vespiquen\n|-damage|p1a: Vespiquen|95/100\n|-boost|p2a: Seviper|spe|1\n|\n|-heal|p2a: Seviper|189/287|[from] item: Leftovers\n|upkeep\n|turn|41\n|inactive|Time left: 300 sec this turn | 300 sec total\n|\n|t:|1783549285\n|move|p2a: Seviper|Gunk Shot|p1a: Vespiquen\n|-damage|p1a: Vespiquen|10/100\n|-status|p1a: Vespiquen|psn\n|move|p1a: Vespiquen|Air Slash|p2a: Seviper\n|-damage|p2a: Seviper|69/287\n|\n|-heal|p2a: Seviper|86/287|[from] item: Leftovers\n|-damage|p1a: Vespiquen|0 fnt|[from] psn\n|faint|p1a: Vespiquen\n|upkeep\n|\n|t:|1783549286\n|switch|p1a: Minun|Minun, L95, M|91/100\n|turn|42\n|inactive|Time left: 300 sec this turn | 300 sec total\n|\n|t:|1783549287\n|move|p2a: Seviper|Gunk Shot|p1a: Minun\n|-damage|p1a: Minun|0 fnt\n|faint|p1a: Minun\n|\n|-heal|p2a: Seviper|103/287|[from] item: Leftovers\n|upkeep\n|\n|t:|1783549288\n|switch|p1a: Swanna|Swanna, L89, F|24/100\n|turn|43\n|inactive|Time left: 300 sec this turn | 300 sec total\n|\n|t:|1783549289\n|-terastallize|p1a: Swanna|Ground\n|move|p2a: Seviper|Trailblaze|p1a: Swanna\n|-supereffective|p1a: Swanna\n|-damage|p1a: Swanna|0 fnt\n|-boost|p2a: Seviper|spe|1\n|faint|p1a: Swanna\n|\n|win|p0y806f8bb", "uploadtime": 1783549289, "views": 0, "rating": 0, "private": 0, "password": null, "_winner": "p0y806f8bb", "_our_name": "p0y806f8bb"}