{"id": "battle-gen9randombattle-1511", "formatid": "gen9randombattle", "format": "[Gen 9] Random Battle", "players": ["p0x1511b92b", "p0y151159ff"], "log": "|init|battle\n|title|p0x1511b92b vs. p0y151159ff\n|j|\u2606p0x1511b92b\n|j|\u2606p0y151159ff\n|t:|1783557596\n|gametype|singles\n|player|p1|p0x1511b92b|1|\n|player|p2|p0y151159ff|170|\n|gen|9\n|tier|[Gen 9] Random Battle\n|rule|Species Clause: Limit one of each Pok\u00e9mon\n|rule|HP Percentage Mod: HP is shown in percentages\n|rule|Sleep Clause Mod: Limit one foe put to sleep\n|rule|Illusion Level Mod: Illusion disguises the Pok\u00e9mon's true level\n|\n|t:|1783557596\n|teamsize|p1|6\n|teamsize|p2|6\n|start\n|switch|p1a: Meowscarada|Meowscarada, L78, M|247/247\n|switch|p2a: Oricorio|Oricorio-Pa'u, L87, F|100/100\n|turn|1\n|inactive|Battle timer is ON: inactive players will automatically lose when time's up. (requested by p0x1511b92b)\n|inactive|p0y151159ff also wants the timer to be on.\n|\n|t:|1783557597\n|move|p1a: Meowscarada|Triple Axel|p2a: Oricorio\n|-start|p1a: Meowscarada|typechange|Ice|[from] ability: Protean\n|-supereffective|p2a: Oricorio\n|-damage|p2a: Oricorio|83/100\n|-supereffective|p2a: Oricorio\n|-damage|p2a: Oricorio|50/100\n|-supereffective|p2a: Oricorio\n|-damage|p2a: Oricorio|0 fnt\n|faint|p2a: Oricorio\n|-hitcount|p2: Oricorio|3\n|\n|upkeep\n|\n|t:|1783557598\n|switch|p2a: Coalossal|Coalossal, L89, M|100/100\n|turn|2\n|inactive|Time left: 300 sec this turn | 300 sec total\n|\n|t:|1783557600\n|switch|p1a: Clawitzer|Clawitzer, L87, F|265/265\n|move|p2a: Coalossal|Will-O-Wisp|p1a: Clawitzer\n|-status|p1a: Clawitzer|brn\n|\n|-damage|p1a: Clawitzer|249/265 brn|[from] brn\n|upkeep\n|turn|3\n|inactive|Time left: 300 sec this turn | 300 sec total\n|\n|t:|1783557600\n|move|p1a: Clawitzer|Water Pulse|p2a: Coalossal\n|-supereffective|p2a: Coalossal\n|-damage|p2a: Coalossal|0 fnt\n|faint|p2a: Coalossal\n|\n|-damage|p1a: Clawitzer|233/265 brn|[from] brn\n|upkeep\n|\n|t:|1783557601\n|switch|p2a: Sinistcha|Sinistcha, L83|100/100\n|turn|4\n|inactive|Time left: 300 sec this turn | 300 sec total\n|\n|t:|1783557602\n|move|p2a: Sinistcha|Calm Mind|p2a: Sinistcha\n|-boost|p2a: Sinistcha|spa|1\n|-boost|p2a: Sinistcha|spd|1\n|move|p1a: Clawitzer|Water Pulse|p2a: Sinistcha\n|-resisted|p2a: Sinistcha\n|-damage|p2a: Sinistcha|75/100\n|\n|-heal|p2a: Sinistcha|80/100|[from] item: Leftovers\n|-damage|p1a: Clawitzer|217/265 brn|[from] brn\n|upkeep\n|turn|5\n|inactive|Time left: 300 sec this turn | 300 sec total\n|\n|t:|1783557603\n|switch|p1a: Mightyena|Mightyena, L96, M|290/290\n|-ability|p1a: Mightyena|Intimidate|boost\n|-unboost|p2a: Sinistcha|atk|1\n|move|p2a: Sinistcha|Matcha Gotcha|p1a: Mightyena\n|-damage|p1a: Mightyena|184/290\n|-heal|p2a: Sinistcha|100/100|[from] drain|[of] p1a: Mightyena\n|\n|upkeep\n|turn|6\n|inactive|Time left: 300 sec this turn | 300 sec total\n|\n|t:|1783557604\n|move|p1a: Mightyena|Crunch|p2a: Sinistcha\n|-supereffective|p2a: Sinistcha\n|-damage|p2a: Sinistcha|29/100\n|move|p2a: Sinistcha|Matcha Gotcha|p1a: Mightyena|[miss]\n|-miss|p2a: Sinistcha|p1a: Mightyena\n|\n|-heal|p2a: Sinistcha|35/100|[from] item: Leftovers\n|upkeep\n|turn|7\n|inactive|Time left: 300 sec this turn | 300 sec total\n|\n|t:|1783557605\n|switch|p2a: Scyther|Scyther, L82, M|100/100\n|move|p1a: Mightyena|Crunch|p2a: Scyther\n|-damage|p2a: Scyther|55/100\n|\n|upkeep\n|turn|8\n|inactive|Time left: 300 sec this turn | 300 sec total\n|\n|t:|1783557606\n|switch|p1a: Weezing|Weezing-Galar, L86, F|252/252\n|move|p2a: Scyther|Bug Bite|p1a: Weezing\n|-resisted|p1a: Weezing\n|-damage|p1a: Weezing|233/252\n|\n|-heal|p1a: Weezing|248/252|[from] item: Leftovers\n|upkeep\n|turn|9\n|inactive|Time left: 300 sec this turn | 300 sec total\n|\n|t:|1783557606\n|move|p2a: Scyther|Dual Wingbeat|p1a: Weezing\n|-damage|p1a: Weezing|196/252\n|-damage|p1a: Weezing|148/252\n|-hitcount|p1a: Weezing|2\n|move|p1a: Weezing|Gunk Shot|p2a: Scyther\n|-damage|p2a: Scyther|0 fnt\n|faint|p2a: Scyther\n|\n|-heal|p1a: Weezing|163/252|[from] item: Leftovers\n|upkeep\n|\n|t:|1783557607\n|switch|p2a: Sinistcha|Sinistcha, L83|35/100\n|turn|10\n|inactive|Time left: 300 sec this turn | 300 sec total\n|\n|t:|1783557608\n|move|p2a: Sinistcha|Strength Sap|p1a: Weezing\n|-unboost|p1a: Weezing|atk|1\n|-heal|p2a: Sinistcha|100/100\n|move|p1a: Weezing|Gunk Shot|p2a: Sinistcha\n|-damage|p2a: Sinistcha|69/100\n|\n|-heal|p2a: Sinistcha|75/100|[from] item: Leftovers\n|-heal|p1a: Weezing|178/252|[from] item: Leftovers\n|upkeep\n|turn|11\n|inactive|Time left: 300 sec this turn | 300 sec total\n|\n|t:|1783557609\n|switch|p1a: Mightyena|Mightyena, L96, M|184/290\n|-ability|p1a: Mightyena|Intimidate|boost\n|-unboost|p2a: Sinistcha|atk|1\n|move|p2a: Sinistcha|Calm Mind|p2a: Sinistcha\n|-boost|p2a: Sinistcha|spa|1\n|-boost|p2a: Sinistcha|spd|1\n|\n|-heal|p2a: Sinistcha|80/100|[from] item: Leftovers\n|upkeep\n|turn|12\n|inactive|Time left: 300 sec this turn | 300 sec total\n|\n|t:|1783557610\n|-terastallize|p2a: Sinistcha|Steel\n|move|p1a: Mightyena|Crunch|p2a: Sinistcha\n|-damage|p2a: Sinistcha|46/100\n|move|p2a: Sinistcha|Matcha Gotcha|p1a: Mightyena\n|-damage|p1a: Mightyena|76/290\n|-heal|p2a: Sinistcha|67/100|[from] drain|[of] p1a: Mightyena\n|\n|-heal|p2a: Sinistcha|73/100|[from] item: Leftovers\n|upkeep\n|turn|13\n|inactive|Time left: 300 sec this turn | 300 sec total\n|\n|t:|1783557611\n|move|p1a: Mightyena|Crunch|p2a: Sinistcha\n|-damage|p2a: Sinistcha|39/100\n|move|p2a: Sinistcha|Strength Sap|p1a: Mightyena\n|-unboost|p1a: Mightyena|atk|1\n|-heal|p2a: Sinistcha|100/100\n|\n|upkeep\n|turn|14\n|inactive|Time left: 300 sec this turn | 300 sec total\n|\n|t:|1783557612\n|switch|p1a: Pawmot|Pawmot, L80, F|243/243\n|move|p2a: Sinistcha|Matcha Gotcha|p1a: Pawmot\n|-damage|p1a: Pawmot|45/243\n|\n|upkeep\n|turn|15\n|inactive|Time left: 300 sec this turn | 300 sec total\n|\n|t:|1783557613\n|switch|p2a: Uxie|Uxie, L83|100/100\n|move|p1a: Pawmot|Close Combat|p2a: Uxie\n|-resisted|p2a: Uxie\n|-damage|p2a: Uxie|74/100\n|-unboost|p1a: Pawmot|def|1\n|-unboost|p1a: Pawmot|spd|1\n|-damage|p1a: Pawmot|21/243|[from] item: Life Orb\n|\n|-heal|p2a: Uxie|80/100|[from] item: Leftovers\n|upkeep\n|turn|16\n|inactive|Time left: 300 sec this turn | 300 sec total\n|\n|t:|1783557614\n|move|p1a: Pawmot|Double Shock|p2a: Uxie\n|-damage|p2a: Uxie|30/100\n|-start|p1a: Pawmot|typechange|???/Fighting|[from] move: Double Shock\n|-damage|p1a: Pawmot|0 fnt|[from] item: Life Orb\n|faint|p1a: Pawmot\n|move|p2a: Uxie|Stealth Rock|p1: Pawmot\n|-sidestart|p1: p0x1511b92b|move: Stealth Rock\n|\n|-heal|p2a: Uxie|36/100|[from] item: Leftovers\n|upkeep\n|inactive|Time left: 300 sec this turn | 300 sec total | 5 sec grace\n|\n|t:|1783557614\n|switch|p1a: Clawitzer|Clawitzer, L87, F|217/265 brn\n|-damage|p1a: Clawitzer|184/265 brn|[from] Stealth Rock\n|turn|17\n|inactive|Time left: 300 sec this turn | 300 sec total\n|\n|t:|1783557615\n|move|p2a: Uxie|Knock Off|p1a: Clawitzer\n|-damage|p1a: Clawitzer|128/265 brn\n|-enditem|p1a: Clawitzer|Choice Specs|[from] move: Knock Off|[of] p2a: Uxie\n|move|p1a: Clawitzer|Water Pulse|p2a: Uxie\n|-damage|p2a: Uxie|0 fnt\n|faint|p2a: Uxie\n|\n|-damage|p1a: Clawitzer|112/265 brn|[from] brn\n|upkeep\n|\n|t:|1783557616\n|switch|p2a: Sinistcha|Sinistcha, L83, tera:Steel|100/100\n|turn|18\n|inactive|Time left: 300 sec this turn | 300 sec total\n|\n|t:|1783557617\n|move|p2a: Sinistcha|Calm Mind|p2a: Sinistcha\n|-boost|p2a: Sinistcha|spa|1\n|-boost|p2a: Sinistcha|spd|1\n|move|p1a: Clawitzer|Water Pulse|p2a: Sinistcha\n|-damage|p2a: Sinistcha|66/100\n|\n|-heal|p2a: Sinistcha|72/100|[from] item: Leftovers\n|-damage|p1a: Clawitzer|96/265 brn|[from] brn\n|upkeep\n|turn|19\n|inactive|Time left: 300 sec this turn | 300 sec total\n|\n|t:|1783557619\n|move|p2a: Sinistcha|Shadow Ball|p1a: Clawitzer\n|-damage|p1a: Clawitzer|0 fnt\n|faint|p1a: Clawitzer\n|\n|-heal|p2a: Sinistcha|78/100|[from] item: Leftovers\n|upkeep\n|inactive|Time left: 300 sec this turn | 300 sec total | 5 sec grace\n|\n|t:|1783557620\n|switch|p1a: Mightyena|Mightyena, L96, M|76/290\n|-damage|p1a: Mightyena|40/290|[from] Stealth Rock\n|-ability|p1a: Mightyena|Intimidate|boost\n|-unboost|p2a: Sinistcha|atk|1\n|turn|20\n|inactive|Time left: 300 sec this turn | 300 sec total\n|\n|t:|1783557621\n|move|p1a: Mightyena|Crunch|p2a: Sinistcha\n|-damage|p2a: Sinistcha|45/100\n|-unboost|p2a: Sinistcha|def|1\n|move|p2a: Sinistcha|Strength Sap|p1a: Mightyena\n|-unboost|p1a: Mightyena|atk|1\n|-heal|p2a: Sinistcha|100/100\n|\n|upkeep\n|turn|21\n|inactive|Time left: 300 sec this turn | 300 sec total\n|\n|t:|1783557622\n|move|p1a: Mightyena|Crunch|p2a: Sinistcha\n|-damage|p2a: Sinistcha|62/100\n|move|p2a: Sinistcha|Strength Sap|p1a: Mightyena\n|-unboost|p1a: Mightyena|atk|1\n|-heal|p2a: Sinistcha|100/100\n|\n|upkeep\n|turn|22\n|inactive|Time left: 300 sec this turn | 300 sec total\n|\n|t:|1783557623\n|move|p1a: Mightyena|Crunch|p2a: Sinistcha\n|-damage|p2a: Sinistcha|75/100\n|move|p2a: Sinistcha|Calm Mind|p2a: Sinistcha\n|-boost|p2a: Sinistcha|spa|1\n|-boost|p2a: Sinistcha|spd|1\n|\n|-heal|p2a: Sinistcha|80/100|[from] item: Leftovers\n|upkeep\n|turn|23\n|inactive|Time left: 300 sec this turn | 300 sec total\n|\n|t:|1783557624\n|move|p1a: Mightyena|Crunch|p2a: Sinistcha\n|-damage|p2a: Sinistcha|52/100\n|-unboost|p2a: Sinistcha|def|1\n|move|p2a: Sinistcha|Strength Sap|p1a: Mightyena\n|-unboost|p1a: Mightyena|atk|1\n|-heal|p2a: Sinistcha|96/100\n|\n|-heal|p2a: Sinistcha|100/100|[from] item: Leftovers\n|upkeep\n|turn|24\n|inactive|Time left: 300 sec this turn | 300 sec total\n|\n|t:|1783557625\n|switch|p1a: Meloetta|Meloetta, L82|298/298\n|-damage|p1a: Meloetta|261/298|[from] Stealth Rock\n|move|p2a: Sinistcha|Strength Sap|p1a: Meloetta\n|-unboost|p1a: Meloetta|atk|1\n|\n|upkeep\n|turn|25\n|inactive|Time left: 300 sec this turn | 300 sec total\n|\n|t:|1783557626\n|switch|p1a: Mightyena|Mightyena, L96, M|40/290\n|-damage|p1a: Mightyena|4/290|[from] Stealth Rock\n|-ability|p1a: Mightyena|Intimidate|boost\n|-unboost|p2a: Sinistcha|atk|1\n|move|p2a: Sinistcha|Strength Sap|p1a: Mightyena\n|-unboost|p1a: Mightyena|atk|1\n|\n|upkeep\n|turn|26\n|inactive|Time left: 300 sec this turn | 300 sec total\n|\n|t:|1783557627\n|move|p1a: Mightyena|Crunch|p2a: Sinistcha\n|-damage|p2a: Sinistcha|56/100\n|-unboost|p2a: Sinistcha|def|1\n|move|p2a: Sinistcha|Strength Sap|p1a: Mightyena\n|-unboost|p1a: Mightyena|atk|1\n|-heal|p2a: Sinistcha|100/100\n|\n|upkeep\n|turn|27\n|inactive|Time left: 300 sec this turn | 300 sec total\n|\n|t:|1783557628\n|move|p1a: Mightyena|Crunch|p2a: Sinistcha\n|-damage|p2a: Sinistcha|56/100\n|move|p2a: Sinistcha|Strength Sap|p1a: Mightyena\n|-unboost|p1a: Mightyena|atk|1\n|-heal|p2a: Sinistcha|100/100\n|\n|upkeep\n|turn|28\n|inactive|Time left: 300 sec this turn | 300 sec total\n|\n|t:|1783557629\n|move|p1a: Mightyena|Crunch|p2a: Sinistcha\n|-damage|p2a: Sinistcha|65/100\n|move|p2a: Sinistcha|Strength Sap|p1a: Mightyena\n|-unboost|p1a: Mightyena|atk|1\n|-heal|p2a: Sinistcha|100/100\n|\n|upkeep\n|turn|29\n|inactive|Time left: 300 sec this turn | 300 sec total\n|\n|t:|1783557630\n|switch|p1a: Meloetta|Meloetta, L82|261/298\n|-damage|p1a: Meloetta|224/298|[from] Stealth Rock\n|switch|p2a: Greninja|Greninja, L80, M|100/100\n|\n|upkeep\n|turn|30\n|inactive|Time left: 300 sec this turn | 300 sec total\n|\n|t:|1783557631\n|move|p2a: Greninja|Gunk Shot|p1a: Meloetta\n|-start|p2a: Greninja|typechange|Poison|[from] ability: Protean\n|-damage|p1a: Meloetta|63/298\n|-damage|p2a: Greninja|91/100|[from] item: Life Orb\n|move|p1a: Meloetta|Relic Song|p2a: Greninja\n|-damage|p2a: Greninja|31/100\n|-formechange|p1a: Meloetta|Meloetta-Pirouette|[msg]\n|-damage|p1a: Meloetta|34/298|[from] item: Life Orb\n|\n|upkeep\n|turn|31\n|inactive|Time left: 300 sec this turn | 300 sec total\n|\n|t:|1783557632\n|move|p1a: Meloetta|Close Combat|p2a: Greninja\n|-resisted|p2a: Greninja\n|-damage|p2a: Greninja|0 fnt\n|-unboost|p1a: Meloetta|def|1\n|-unboost|p1a: Meloetta|spd|1\n|faint|p2a: Greninja\n|-damage|p1a: Meloetta|5/298|[from] item: Life Orb\n|\n|upkeep\n|\n|t:|1783557633\n|switch|p2a: Sinistcha|Sinistcha, L83, tera:Steel|100/100\n|turn|32\n|inactive|Time left: 300 sec this turn | 300 sec total\n|\n|t:|1783557634\n|-terastallize|p1a: Meloetta|Dark\n|move|p1a: Meloetta|Close Combat|p2a: Sinistcha\n|-supereffective|p2a: Sinistcha\n|-damage|p2a: Sinistcha|0 fnt\n|-unboost|p1a: Meloetta|def|1\n|-unboost|p1a: Meloetta|spd|1\n|faint|p2a: Sinistcha\n|-damage|p1a: Meloetta|0 fnt|[from] item: Life Orb\n|faint|p1a: Meloetta\n|\n|win|p0x1511b92b", "uploadtime": 1783557634, "views": 0, "rating": 0, "private": 0, "password": null, "_winner": "p0x1511b92b", "_our_name": "p0x1511b92b"}