{"id": "battle-gen9randombattle-1274", "formatid": "gen9randombattle", "format": "[Gen 9] Random Battle", "players": ["p0x1274c952", "p0y1274f63f"], "log": "|init|battle\n|title|p0x1274c952 vs. p0y1274f63f\n|j|\u2606p0x1274c952\n|j|\u2606p0y1274f63f\n|t:|1783553896\n|gametype|singles\n|player|p1|p0x1274c952|101|\n|player|p2|p0y1274f63f|170|\n|gen|9\n|tier|[Gen 9] Random Battle\n|rule|Species Clause: Limit one of each Pok\u00e9mon\n|rule|HP Percentage Mod: HP is shown in percentages\n|rule|Sleep Clause Mod: Limit one foe put to sleep\n|rule|Illusion Level Mod: Illusion disguises the Pok\u00e9mon's true level\n|\n|t:|1783553896\n|teamsize|p1|6\n|teamsize|p2|6\n|start\n|switch|p1a: Tornadus|Tornadus, L82, M|100/100\n|switch|p2a: Cryogonal|Cryogonal, L89|287/287\n|turn|1\n|inactive|Battle timer is ON: inactive players will automatically lose when time's up. (requested by p0y1274f63f)\n|inactive|p0x1274c952 also wants the timer to be on.\n|\n|t:|1783553898\n|switch|p1a: Scrafty|Scrafty, L83, M|100/100\n|move|p2a: Cryogonal|Freeze-Dry|p1a: Scrafty\n|-damage|p1a: Scrafty|74/100\n|\n|-heal|p1a: Scrafty|80/100|[from] item: Leftovers\n|upkeep\n|turn|2\n|inactive|Time left: 300 sec this turn | 300 sec total\n|\n|t:|1783553899\n|switch|p2a: Garchomp|Garchomp, L74, M|282/282\n|move|p1a: Scrafty|Knock Off|p2a: Garchomp\n|-damage|p2a: Garchomp|185/282\n|-damage|p1a: Scrafty|68/100|[from] ability: Rough Skin|[of] p2a: Garchomp\n|-enditem|p2a: Garchomp|Loaded Dice|[from] move: Knock Off|[of] p1a: Scrafty\n|\n|-heal|p1a: Scrafty|74/100|[from] item: Leftovers\n|upkeep\n|turn|3\n|inactive|Time left: 300 sec this turn | 300 sec total\n|\n|t:|1783553901\n|move|p2a: Garchomp|Swords Dance|p2a: Garchomp\n|-boost|p2a: Garchomp|atk|2\n|move|p1a: Scrafty|Bulk Up|p1a: Scrafty\n|-boost|p1a: Scrafty|atk|1\n|-boost|p1a: Scrafty|def|1\n|\n|-heal|p1a: Scrafty|80/100|[from] item: Leftovers\n|upkeep\n|turn|4\n|inactive|Time left: 300 sec this turn | 300 sec total\n|\n|t:|1783553902\n|move|p2a: Garchomp|Earthquake|p1a: Scrafty\n|-damage|p1a: Scrafty|30/100\n|move|p1a: Scrafty|Drain Punch|p2a: Garchomp\n|-damage|p2a: Garchomp|59/282\n|-heal|p1a: Scrafty|56/100|[from] drain|[of] p2a: Garchomp\n|-damage|p1a: Scrafty|44/100|[from] ability: Rough Skin|[of] p2a: Garchomp\n|\n|-heal|p1a: Scrafty|50/100|[from] item: Leftovers\n|upkeep\n|turn|5\n|inactive|Time left: 300 sec this turn | 300 sec total\n|\n|t:|1783553903\n|move|p2a: Garchomp|Earthquake|p1a: Scrafty\n|-damage|p1a: Scrafty|0 fnt\n|faint|p1a: Scrafty\n|\n|upkeep\n|\n|t:|1783553904\n|switch|p1a: Tornadus|Tornadus, L82, M|100/100\n|turn|6\n|inactive|Time left: 300 sec this turn | 300 sec total\n|\n|t:|1783553905\n|move|p1a: Tornadus|Bleakwind Storm|p2a: Garchomp\n|-damage|p2a: Garchomp|0 fnt\n|faint|p2a: Garchomp\n|\n|upkeep\n|inactive|Time left: 300 sec this turn | 300 sec total | 5 sec grace\n|\n|t:|1783553906\n|switch|p2a: Articuno|Articuno, L86|295/295\n|-ability|p2a: Articuno|Pressure\n|turn|7\n|inactive|Time left: 300 sec this turn | 300 sec total\n|\n|t:|1783553907\n|move|p1a: Tornadus|Bleakwind Storm|p2a: Articuno\n|-damage|p2a: Articuno|154/295\n|move|p2a: Articuno|Freeze-Dry|p1a: Tornadus\n|-supereffective|p1a: Tornadus\n|-damage|p1a: Tornadus|34/100\n|\n|upkeep\n|turn|8\n|inactive|Time left: 300 sec this turn | 300 sec total\n|\n|t:|1783553908\n|move|p1a: Tornadus|Bleakwind Storm|p2a: Articuno\n|-crit|p2a: Articuno\n|-damage|p2a: Articuno|0 fnt\n|faint|p2a: Articuno\n|\n|upkeep\n|inactive|Time left: 300 sec this turn | 300 sec total | 5 sec grace\n|\n|t:|1783553909\n|switch|p2a: Dragapult|Dragapult, L77, M|262/262\n|turn|9\n|inactive|Time left: 300 sec this turn | 300 sec total\n|\n|t:|1783553910\n|switch|p1a: Sylveon|Sylveon, L85, M|100/100\n|move|p2a: Dragapult|Dragon Darts|p1a: Sylveon\n|-immune|p1a: Sylveon\n|\n|upkeep\n|turn|10\n|inactive|Time left: 300 sec this turn | 300 sec total\n|\n|t:|1783553911\n|switch|p2a: Ogerpon|Ogerpon-Hearthflame, L74, F|239/239\n|-ability|p2a: Ogerpon|Mold Breaker\n|move|p1a: Sylveon|Calm Mind|p1a: Sylveon\n|-boost|p1a: Sylveon|spa|1\n|-boost|p1a: Sylveon|spd|1\n|\n|upkeep\n|turn|11\n|inactive|Time left: 300 sec this turn | 300 sec total\n|\n|t:|1783553912\n|move|p2a: Ogerpon|Swords Dance|p2a: Ogerpon\n|-boost|p2a: Ogerpon|atk|2\n|move|p1a: Sylveon|Hyper Voice|p2a: Ogerpon\n|-resisted|p2a: Ogerpon\n|-damage|p2a: Ogerpon|138/239\n|\n|upkeep\n|turn|12\n|inactive|Time left: 300 sec this turn | 300 sec total\n|\n|t:|1783553913\n|switch|p1a: Zekrom|Zekrom, L71|100/100\n|-ability|p1a: Zekrom|Teravolt\n|move|p2a: Ogerpon|Ivy Cudgel|p1a: Zekrom|[anim] Ivy Cudgel Fire\n|-resisted|p1a: Zekrom\n|-damage|p1a: Zekrom|60/100\n|\n|-heal|p1a: Zekrom|67/100|[from] item: Leftovers\n|upkeep\n|turn|13\n|inactive|Time left: 300 sec this turn | 300 sec total\n|\n|t:|1783553914\n|move|p2a: Ogerpon|Horn Leech|p1a: Zekrom\n|-resisted|p1a: Zekrom\n|-damage|p1a: Zekrom|33/100\n|-heal|p2a: Ogerpon|181/239|[from] drain|[of] p1a: Zekrom\n|move|p1a: Zekrom|Outrage|p2a: Ogerpon\n|-crit|p2a: Ogerpon\n|-damage|p2a: Ogerpon|0 fnt\n|faint|p2a: Ogerpon\n|\n|-heal|p1a: Zekrom|39/100|[from] item: Leftovers\n|upkeep\n|inactive|Time left: 300 sec this turn | 300 sec total | 5 sec grace\n|\n|t:|1783553915\n|switch|p2a: Iron Valiant|Iron Valiant, L78|244/244\n|turn|14\n|inactive|Time left: 300 sec this turn | 300 sec total\n|\n|t:|1783553916\n|move|p2a: Iron Valiant|Knock Off|p1a: Zekrom\n|-damage|p1a: Zekrom|2/100\n|-enditem|p1a: Zekrom|Leftovers|[from] move: Knock Off|[of] p2a: Iron Valiant\n|-damage|p2a: Iron Valiant|220/244|[from] item: Life Orb\n|move|p1a: Zekrom|Outrage|p2a: Iron Valiant|[from] lockedmove\n|-immune|p2a: Iron Valiant\n|-start|p1a: Zekrom|confusion|[fatigue]\n|\n|upkeep\n|turn|15\n|inactive|Time left: 300 sec this turn | 300 sec total\n|\n|t:|1783553917\n|switch|p1a: Lugia|Lugia, L73|100/100\n|move|p2a: Iron Valiant|Moonblast|p1a: Lugia\n|-damage|p1a: Lugia|82/100\n|-damage|p2a: Iron Valiant|196/244|[from] item: Life Orb\n|\n|upkeep\n|turn|16\n|inactive|Time left: 300 sec this turn | 300 sec total\n|\n|t:|1783553919\n|-end|p2a: Iron Valiant|Quark Drive|[silent]\n|switch|p2a: Cryogonal|Cryogonal, L89|287/287\n|move|p1a: Lugia|Aeroblast|p2a: Cryogonal\n|-damage|p2a: Cryogonal|238/287\n|\n|upkeep\n|turn|17\n|inactive|Time left: 300 sec this turn | 300 sec total\n|\n|t:|1783553920\n|move|p2a: Cryogonal|Freeze-Dry|p1a: Lugia\n|-supereffective|p1a: Lugia\n|-damage|p1a: Lugia|34/100\n|move|p1a: Lugia|Calm Mind|p1a: Lugia\n|-boost|p1a: Lugia|spa|1\n|-boost|p1a: Lugia|spd|1\n|\n|upkeep\n|turn|18\n|inactive|Time left: 300 sec this turn | 300 sec total\n|\n|t:|1783553921\n|move|p2a: Cryogonal|Freeze-Dry|p1a: Lugia\n|-supereffective|p1a: Lugia\n|-damage|p1a: Lugia|3/100\n|move|p1a: Lugia|Recover|p1a: Lugia\n|-heal|p1a: Lugia|53/100\n|\n|upkeep\n|turn|19\n|inactive|Time left: 300 sec this turn | 300 sec total\n|\n|t:|1783553922\n|move|p2a: Cryogonal|Freeze-Dry|p1a: Lugia\n|-supereffective|p1a: Lugia\n|-damage|p1a: Lugia|22/100\n|move|p1a: Lugia|Recover|p1a: Lugia\n|-heal|p1a: Lugia|72/100\n|\n|upkeep\n|turn|20\n|inactive|Time left: 300 sec this turn | 300 sec total\n|\n|t:|1783553923\n|move|p2a: Cryogonal|Freeze-Dry|p1a: Lugia\n|-supereffective|p1a: Lugia\n|-damage|p1a: Lugia|43/100\n|move|p1a: Lugia|Calm Mind|p1a: Lugia\n|-boost|p1a: Lugia|spa|1\n|-boost|p1a: Lugia|spd|1\n|\n|upkeep\n|turn|21\n|inactive|Time left: 300 sec this turn | 300 sec total\n|\n|t:|1783553924\n|move|p2a: Cryogonal|Haze|p2a: Cryogonal\n|-clearallboost\n|move|p1a: Lugia|Recover|p1a: Lugia\n|-heal|p1a: Lugia|94/100\n|\n|upkeep\n|turn|22\n|inactive|Time left: 300 sec this turn | 300 sec total\n|\n|t:|1783553925\n|move|p2a: Cryogonal|Freeze-Dry|p1a: Lugia\n|-supereffective|p1a: Lugia\n|-damage|p1a: Lugia|52/100\n|move|p1a: Lugia|Calm Mind|p1a: Lugia\n|-boost|p1a: Lugia|spa|1\n|-boost|p1a: Lugia|spd|1\n|\n|upkeep\n|turn|23\n|inactive|Time left: 300 sec this turn | 300 sec total\n|\n|t:|1783553926\n|move|p2a: Cryogonal|Freeze-Dry|p1a: Lugia\n|-supereffective|p1a: Lugia\n|-damage|p1a: Lugia|23/100\n|move|p1a: Lugia|Recover|p1a: Lugia\n|-heal|p1a: Lugia|73/100\n|\n|upkeep\n|turn|24\n|inactive|Time left: 300 sec this turn | 300 sec total\n|\n|t:|1783553927\n|move|p2a: Cryogonal|Haze|p2a: Cryogonal\n|-clearallboost\n|move|p1a: Lugia|Calm Mind|p1a: Lugia\n|-boost|p1a: Lugia|spa|1\n|-boost|p1a: Lugia|spd|1\n|\n|upkeep\n|turn|25\n|inactive|Time left: 300 sec this turn | 300 sec total\n|\n|t:|1783553928\n|move|p2a: Cryogonal|Freeze-Dry|p1a: Lugia\n|-supereffective|p1a: Lugia\n|-damage|p1a: Lugia|45/100\n|move|p1a: Lugia|Recover|p1a: Lugia\n|-heal|p1a: Lugia|95/100\n|\n|upkeep\n|turn|26\n|inactive|Time left: 300 sec this turn | 300 sec total\n|\n|t:|1783553929\n|move|p2a: Cryogonal|Freeze-Dry|p1a: Lugia\n|-supereffective|p1a: Lugia\n|-damage|p1a: Lugia|64/100\n|move|p1a: Lugia|Calm Mind|p1a: Lugia\n|-boost|p1a: Lugia|spa|1\n|-boost|p1a: Lugia|spd|1\n|\n|upkeep\n|turn|27\n|inactive|Time left: 300 sec this turn | 300 sec total\n|\n|t:|1783553930\n|move|p2a: Cryogonal|Haze|p2a: Cryogonal\n|-clearallboost\n|move|p1a: Lugia|Calm Mind|p1a: Lugia\n|-boost|p1a: Lugia|spa|1\n|-boost|p1a: Lugia|spd|1\n|\n|upkeep\n|turn|28\n|inactive|Time left: 300 sec this turn | 300 sec total\n|\n|t:|1783553931\n|move|p2a: Cryogonal|Freeze-Dry|p1a: Lugia\n|-supereffective|p1a: Lugia\n|-damage|p1a: Lugia|35/100\n|move|p1a: Lugia|Recover|p1a: Lugia\n|-heal|p1a: Lugia|86/100\n|\n|upkeep\n|turn|29\n|inactive|Time left: 300 sec this turn | 300 sec total\n|\n|t:|1783553932\n|move|p2a: Cryogonal|Haze|p2a: Cryogonal\n|-clearallboost\n|move|p1a: Lugia|Calm Mind|p1a: Lugia\n|-boost|p1a: Lugia|spa|1\n|-boost|p1a: Lugia|spd|1\n|\n|upkeep\n|turn|30\n|inactive|Time left: 300 sec this turn | 300 sec total\n|\n|t:|1783553933\n|move|p2a: Cryogonal|Freeze-Dry|p1a: Lugia\n|-supereffective|p1a: Lugia\n|-damage|p1a: Lugia|56/100\n|move|p1a: Lugia|Calm Mind|p1a: Lugia\n|-boost|p1a: Lugia|spa|1\n|-boost|p1a: Lugia|spd|1\n|\n|upkeep\n|turn|31\n|inactive|Time left: 300 sec this turn | 300 sec total\n|\n|t:|1783553934\n|move|p2a: Cryogonal|Haze|p2a: Cryogonal\n|-clearallboost\n|move|p1a: Lugia|Recover|p1a: Lugia\n|-heal|p1a: Lugia|100/100\n|\n|upkeep\n|turn|32\n|inactive|Time left: 300 sec this turn | 300 sec total\n|\n|t:|1783553935\n|move|p2a: Cryogonal|Freeze-Dry|p1a: Lugia\n|-supereffective|p1a: Lugia\n|-damage|p1a: Lugia|78/100\n|move|p1a: Lugia|Calm Mind|p1a: Lugia\n|-boost|p1a: Lugia|spa|1\n|-boost|p1a: Lugia|spd|1\n|\n|upkeep\n|turn|33\n|inactive|Time left: 300 sec this turn | 300 sec total\n|\n|t:|1783553936\n|move|p2a: Cryogonal|Haze|p2a: Cryogonal\n|-clearallboost\n|move|p1a: Lugia|Calm Mind|p1a: Lugia\n|-boost|p1a: Lugia|spa|1\n|-boost|p1a: Lugia|spd|1\n|\n|upkeep\n|turn|34\n|inactive|Time left: 300 sec this turn | 300 sec total\n|\n|t:|1783553937\n|move|p2a: Cryogonal|Freeze-Dry|p1a: Lugia\n|-supereffective|p1a: Lugia\n|-damage|p1a: Lugia|48/100\n|move|p1a: Lugia|Recover|p1a: Lugia\n|-heal|p1a: Lugia|99/100\n|\n|upkeep\n|turn|35\n|inactive|Time left: 300 sec this turn | 300 sec total\n|\n|t:|1783553938\n|move|p2a: Cryogonal|Freeze-Dry|p1a: Lugia\n|-supereffective|p1a: Lugia\n|-damage|p1a: Lugia|68/100\n|move|p1a: Lugia|Calm Mind|p1a: Lugia\n|-boost|p1a: Lugia|spa|1\n|-boost|p1a: Lugia|spd|1\n|\n|upkeep\n|turn|36\n|inactive|Time left: 300 sec this turn | 300 sec total\n|\n|t:|1783553939\n|move|p2a: Cryogonal|Haze|p2a: Cryogonal\n|-clearallboost\n|move|p1a: Lugia|Psychic Noise|p2a: Cryogonal\n|-damage|p2a: Cryogonal|199/287\n|-start|p2a: Cryogonal|move: Heal Block\n|\n|upkeep\n|turn|37\n|inactive|Time left: 300 sec this turn | 300 sec total\n|\n|t:|1783553940\n|switch|p1a: Sylveon|Sylveon, L85, M|100/100\n|move|p2a: Cryogonal|Freeze-Dry|p1a: Sylveon\n|-crit|p1a: Sylveon\n|-damage|p1a: Sylveon|68/100\n|-status|p1a: Sylveon|frz\n|\n|-heal|p1a: Sylveon|74/100 frz|[from] item: Leftovers\n|-end|p2a: Cryogonal|move: Heal Block\n|upkeep\n|turn|38\n|inactive|Time left: 300 sec this turn | 300 sec total\n|\n|t:|1783553941\n|move|p2a: Cryogonal|Recover|p2a: Cryogonal\n|-heal|p2a: Cryogonal|287/287\n|cant|p1a: Sylveon|frz\n|\n|-heal|p1a: Sylveon|80/100 frz|[from] item: Leftovers\n|upkeep\n|turn|39\n|inactive|Time left: 300 sec this turn | 300 sec total\n|\n|t:|1783553942\n|move|p2a: Cryogonal|Rapid Spin|p1a: Sylveon\n|-damage|p1a: Sylveon|69/100 frz\n|-boost|p2a: Cryogonal|spe|1\n|cant|p1a: Sylveon|frz\n|\n|-heal|p1a: Sylveon|75/100 frz|[from] item: Leftovers\n|upkeep\n|turn|40\n|inactive|Time left: 300 sec this turn | 300 sec total\n|\n|t:|1783553943\n|move|p2a: Cryogonal|Rapid Spin|p1a: Sylveon\n|-damage|p1a: Sylveon|65/100 frz\n|-boost|p2a: Cryogonal|spe|1\n|cant|p1a: Sylveon|frz\n|\n|-heal|p1a: Sylveon|71/100 frz|[from] item: Leftovers\n|upkeep\n|turn|41\n|inactive|Time left: 300 sec this turn | 300 sec total\n|\n|t:|1783553945\n|move|p2a: Cryogonal|Freeze-Dry|p1a: Sylveon\n|-damage|p1a: Sylveon|49/100 frz\n|cant|p1a: Sylveon|frz\n|\n|-heal|p1a: Sylveon|55/100 frz|[from] item: Leftovers\n|upkeep\n|turn|42\n|inactive|Time left: 300 sec this turn | 300 sec total\n|\n|t:|1783553946\n|cant|p1a: Sylveon|frz\n|move|p2a: Cryogonal|Freeze-Dry|p1a: Sylveon\n|-damage|p1a: Sylveon|35/100 frz\n|\n|-heal|p1a: Sylveon|41/100 frz|[from] item: Leftovers\n|upkeep\n|turn|43\n|inactive|Time left: 300 sec this turn | 300 sec total\n|\n|t:|1783553947\n|move|p2a: Cryogonal|Freeze-Dry|p1a: Sylveon\n|-damage|p1a: Sylveon|21/100 frz\n|cant|p1a: Sylveon|frz\n|\n|-heal|p1a: Sylveon|27/100 frz|[from] item: Leftovers\n|upkeep\n|turn|44\n|inactive|Time left: 300 sec this turn | 300 sec total\n|\n|t:|1783553948\n|move|p2a: Cryogonal|Freeze-Dry|p1a: Sylveon\n|-damage|p1a: Sylveon|6/100 frz\n|cant|p1a: Sylveon|frz\n|\n|-heal|p1a: Sylveon|12/100 frz|[from] item: Leftovers\n|upkeep\n|turn|45\n|inactive|Time left: 300 sec this turn | 300 sec total\n|\n|t:|1783553949\n|switch|p1a: Salazzle|Salazzle, L83, F|100/100\n|move|p2a: Cryogonal|Freeze-Dry|p1a: Salazzle\n|-resisted|p1a: Salazzle\n|-damage|p1a: Salazzle|78/100\n|\n|-heal|p1a: Salazzle|84/100|[from] item: Leftovers\n|upkeep\n|turn|46\n|inactive|Time left: 300 sec this turn | 300 sec total\n|\n|t:|1783553950\n|move|p2a: Cryogonal|Freeze-Dry|p1a: Salazzle\n|-resisted|p1a: Salazzle\n|-damage|p1a: Salazzle|62/100\n|move|p1a: Salazzle|Flamethrower|p2a: Cryogonal\n|-supereffective|p2a: Cryogonal\n|-damage|p2a: Cryogonal|155/287\n|\n|-heal|p1a: Salazzle|68/100|[from] item: Leftovers\n|upkeep\n|turn|47\n|inactive|Time left: 300 sec this turn | 300 sec total\n|\n|t:|1783553951\n|move|p2a: Cryogonal|Freeze-Dry|p1a: Salazzle\n|-resisted|p1a: Salazzle\n|-damage|p1a: Salazzle|47/100\n|move|p1a: Salazzle|Flamethrower|p2a: Cryogonal\n|-supereffective|p2a: Cryogonal\n|-damage|p2a: Cryogonal|11/287\n|\n|-heal|p1a: Salazzle|53/100|[from] item: Leftovers\n|upkeep\n|turn|48\n|inactive|Time left: 300 sec this turn | 300 sec total\n|\n|t:|1783553952\n|move|p2a: Cryogonal|Recover|p2a: Cryogonal\n|-heal|p2a: Cryogonal|155/287\n|move|p1a: Salazzle|Flamethrower|p2a: Cryogonal\n|-supereffective|p2a: Cryogonal\n|-damage|p2a: Cryogonal|23/287\n|\n|-heal|p1a: Salazzle|59/100|[from] item: Leftovers\n|upkeep\n|turn|49\n|inactive|Time left: 300 sec this turn | 300 sec total\n|\n|t:|1783553954\n|move|p2a: Cryogonal|Recover|p2a: Cryogonal\n|-heal|p2a: Cryogonal|167/287\n|move|p1a: Salazzle|Flamethrower|p2a: Cryogonal\n|-supereffective|p2a: Cryogonal\n|-damage|p2a: Cryogonal|33/287\n|\n|-heal|p1a: Salazzle|65/100|[from] item: Leftovers\n|upkeep\n|turn|50\n|inactive|Time left: 300 sec this turn | 300 sec total\n|\n|t:|1783553955\n|move|p2a: Cryogonal|Recover|p2a: Cryogonal\n|-heal|p2a: Cryogonal|177/287\n|move|p1a: Salazzle|Flamethrower|p2a: Cryogonal\n|-supereffective|p2a: Cryogonal\n|-damage|p2a: Cryogonal|39/287\n|\n|-heal|p1a: Salazzle|71/100|[from] item: Leftovers\n|upkeep\n|turn|51\n|inactive|Time left: 300 sec this turn | 300 sec total\n|\n|t:|1783553956\n|move|p2a: Cryogonal|Recover|p2a: Cryogonal\n|-heal|p2a: Cryogonal|183/287\n|move|p1a: Salazzle|Flamethrower|p2a: Cryogonal\n|-supereffective|p2a: Cryogonal\n|-crit|p2a: Cryogonal\n|-damage|p2a: Cryogonal|0 fnt\n|faint|p2a: Cryogonal\n|\n|-heal|p1a: Salazzle|77/100|[from] item: Leftovers\n|upkeep\n|inactive|Time left: 300 sec this turn | 300 sec total | 5 sec grace\n|\n|t:|1783553957\n|switch|p2a: Dragapult|Dragapult, L77, M|262/262\n|turn|52\n|inactive|Time left: 300 sec this turn | 300 sec total\n|\n|t:|1783553958\n|move|p2a: Dragapult|Dragon Darts|p1a: Salazzle\n|-damage|p1a: Salazzle|48/100\n|-anim|p2a: Dragapult|Dragon Darts|p1a: Salazzle\n|-damage|p1a: Salazzle|20/100\n|move|p1a: Salazzle|Toxic|p2a: Dragapult\n|-status|p2a: Dragapult|tox\n|\n|-heal|p1a: Salazzle|26/100|[from] item: Leftovers\n|-damage|p2a: Dragapult|246/262 tox|[from] psn\n|upkeep\n|turn|53\n|inactive|Time left: 300 sec this turn | 300 sec total\n|\n|t:|1783553959\n|move|p1a: Salazzle|Protect|p1a: Salazzle\n|-singleturn|p1a: Salazzle|Protect\n|move|p2a: Dragapult|Dragon Darts|p1a: Salazzle\n|-activate|p1a: Salazzle|move: Protect\n|\n|-heal|p1a: Salazzle|32/100|[from] item: Leftovers\n|-damage|p2a: Dragapult|214/262 tox|[from] psn\n|upkeep\n|turn|54\n|inactive|Time left: 300 sec this turn | 300 sec total\n|\n|t:|1783553960\n|switch|p1a: Sylveon|Sylveon, L85, M|12/100 frz\n|move|p2a: Dragapult|Dragon Darts|p1a: Sylveon\n|-immune|p1a: Sylveon\n|\n|-heal|p1a: Sylveon|18/100 frz|[from] item: Leftovers\n|-damage|p2a: Dragapult|166/262 tox|[from] psn\n|upkeep\n|turn|55\n|inactive|Time left: 300 sec this turn | 300 sec total\n|\n|t:|1783553961\n|cant|p1a: Sylveon|frz\n|move|p2a: Dragapult|Hex|p1a: Sylveon\n|-damage|p1a: Sylveon|0 fnt\n|faint|p1a: Sylveon\n|\n|-damage|p2a: Dragapult|102/262 tox|[from] psn\n|upkeep\n|\n|t:|1783553961\n|switch|p1a: Lugia|Lugia, L73|68/100\n|turn|56\n|inactive|Time left: 300 sec this turn | 300 sec total\n|\n|t:|1783553962\n|move|p2a: Dragapult|Dragon Darts|p1a: Lugia\n|-damage|p1a: Lugia|51/100\n|-anim|p2a: Dragapult|Dragon Darts|p1a: Lugia\n|-damage|p1a: Lugia|35/100\n|move|p1a: Lugia|Aeroblast|p2a: Dragapult\n|-crit|p2a: Dragapult\n|-damage|p2a: Dragapult|0 fnt\n|faint|p2a: Dragapult\n|\n|upkeep\n|inactive|Time left: 300 sec this turn | 300 sec total | 5 sec grace\n|\n|t:|1783553963\n|switch|p2a: Iron Valiant|Iron Valiant, L78|196/244\n|turn|57\n|inactive|Time left: 300 sec this turn | 300 sec total\n|\n|t:|1783553963\n|move|p2a: Iron Valiant|Moonblast|p1a: Lugia\n|-damage|p1a: Lugia|1/100\n|-damage|p2a: Iron Valiant|172/244|[from] item: Life Orb\n|move|p1a: Lugia|Aeroblast|p2a: Iron Valiant\n|-supereffective|p2a: Iron Valiant\n|-damage|p2a: Iron Valiant|0 fnt\n|faint|p2a: Iron Valiant\n|-end|p2a: Iron Valiant|Quark Drive|[silent]\n|\n|win|p0x1274c952", "uploadtime": 1783553963, "views": 0, "rating": 0, "private": 0, "password": null, "_winner": "p0x1274c952", "_our_name": "p0y1274f63f"}