{"id": "battle-gen9randombattle-2771", "formatid": "gen9randombattle", "format": "[Gen 9] Random Battle", "players": ["p0x2771fadc", "p0y27712dc9"], "log": "|init|battle\n|title|p0x2771fadc vs. p0y27712dc9\n|j|\u2606p0x2771fadc\n|j|\u2606p0y27712dc9\n|t:|1783571929\n|gametype|singles\n|player|p1|p0x2771fadc|102|\n|player|p2|p0y27712dc9|170|\n|gen|9\n|tier|[Gen 9] Random Battle\n|rule|Species Clause: Limit one of each Pok\u00e9mon\n|rule|HP Percentage Mod: HP is shown in percentages\n|rule|Sleep Clause Mod: Limit one foe put to sleep\n|rule|Illusion Level Mod: Illusion disguises the Pok\u00e9mon's true level\n|\n|t:|1783571929\n|teamsize|p1|6\n|teamsize|p2|6\n|start\n|switch|p1a: Virizion|Virizion, L82|100/100\n|switch|p2a: Noivern|Noivern, L82, M|274/274\n|turn|1\n|inactive|Battle timer is ON: inactive players will automatically lose when time's up. (requested by p0x2771fadc)\n|inactive|Time left: 300 sec this turn | 300 sec total | 60 sec grace\n|inactive|p0y27712dc9 also wants the timer to be on.\n|\n|t:|1783571931\n|move|p2a: Noivern|Hurricane|p1a: Virizion\n|-supereffective|p1a: Virizion\n|-damage|p1a: Virizion|0 fnt\n|faint|p1a: Virizion\n|\n|upkeep\n|\n|t:|1783571932\n|switch|p1a: Ampharos|Ampharos, L88, M|100/100\n|turn|2\n|inactive|Time left: 300 sec this turn | 300 sec total\n|\n|t:|1783571933\n|move|p2a: Noivern|Hurricane|p1a: Ampharos\n|-resisted|p1a: Ampharos\n|-damage|p1a: Ampharos|84/100\n|move|p1a: Ampharos|Dazzling Gleam|p2a: Noivern\n|-supereffective|p2a: Noivern\n|-damage|p2a: Noivern|116/274\n|\n|upkeep\n|turn|3\n|inactive|Time left: 300 sec this turn | 300 sec total\n|\n|t:|1783571934\n|switch|p2a: Politoed|Politoed, L88, F|302/302\n|-weather|RainDance|[from] ability: Drizzle|[of] p2a: Politoed\n|move|p1a: Ampharos|Discharge|p2a: Politoed\n|-supereffective|p2a: Politoed\n|-damage|p2a: Politoed|120/302\n|-status|p2a: Politoed|par\n|\n|-weather|RainDance|[upkeep]\n|upkeep\n|turn|4\n|inactive|Time left: 300 sec this turn | 300 sec total\n|\n|t:|1783571935\n|switch|p2a: Heracross|Heracross, L80, F|259/259\n|move|p1a: Ampharos|Discharge|p2a: Heracross\n|-damage|p2a: Heracross|150/259\n|\n|-weather|RainDance|[upkeep]\n|-status|p2a: Heracross|brn|[from] item: Flame Orb\n|upkeep\n|turn|5\n|inactive|Time left: 300 sec this turn | 300 sec total\n|\n|t:|1783571936\n|-terastallize|p2a: Heracross|Normal\n|move|p2a: Heracross|Facade|p1a: Ampharos\n|-damage|p1a: Ampharos|0 fnt\n|faint|p1a: Ampharos\n|\n|-weather|RainDance|[upkeep]\n|-damage|p2a: Heracross|134/259 brn|[from] brn\n|upkeep\n|\n|t:|1783571937\n|switch|p1a: Yanmega|Yanmega, L82, M|100/100\n|turn|6\n|inactive|Time left: 300 sec this turn | 300 sec total\n|\n|t:|1783571938\n|switch|p2a: Ampharos|Ampharos, L88, F|302/302\n|move|p1a: Yanmega|Air Slash|p2a: Ampharos\n|-resisted|p2a: Ampharos\n|-damage|p2a: Ampharos|277/302\n|\n|-weather|RainDance|[upkeep]\n|-ability|p1a: Yanmega|Speed Boost|boost\n|-boost|p1a: Yanmega|spe|1\n|upkeep\n|turn|7\n|inactive|Time left: 300 sec this turn | 300 sec total\n|\n|t:|1783571939\n|-terastallize|p1a: Yanmega|Ground\n|move|p1a: Yanmega|Tera Blast|p2a: Ampharos|[anim] Tera Blast Ground\n|-supereffective|p2a: Ampharos\n|-damage|p2a: Ampharos|161/302\n|move|p2a: Ampharos|Discharge|p1a: Yanmega\n|-immune|p1a: Yanmega\n|\n|-weather|none\n|-ability|p1a: Yanmega|Speed Boost|boost\n|-boost|p1a: Yanmega|spe|1\n|upkeep\n|turn|8\n|inactive|Time left: 300 sec this turn | 300 sec total\n|\n|t:|1783571940\n|move|p1a: Yanmega|Tera Blast|p2a: Ampharos|[anim] Tera Blast Ground\n|-supereffective|p2a: Ampharos\n|-damage|p2a: Ampharos|47/302\n|move|p2a: Ampharos|Dragon Tail|p1a: Yanmega|[miss]\n|-miss|p2a: Ampharos|p1a: Yanmega\n|\n|-ability|p1a: Yanmega|Speed Boost|boost\n|-boost|p1a: Yanmega|spe|1\n|upkeep\n|turn|9\n|inactive|Time left: 300 sec this turn | 300 sec total\n|\n|t:|1783571940\n|switch|p2a: Beartic|Beartic, L91, F|321/321\n|move|p1a: Yanmega|Bug Buzz|p2a: Beartic\n|-damage|p2a: Beartic|219/321\n|\n|-ability|p1a: Yanmega|Speed Boost|boost\n|-boost|p1a: Yanmega|spe|1\n|upkeep\n|turn|10\n|inactive|Time left: 300 sec this turn | 300 sec total\n|\n|t:|1783571941\n|move|p1a: Yanmega|Protect|p1a: Yanmega\n|-singleturn|p1a: Yanmega|Protect\n|move|p2a: Beartic|Icicle Crash|p1a: Yanmega\n|-activate|p1a: Yanmega|move: Protect\n|\n|-ability|p1a: Yanmega|Speed Boost|boost\n|-boost|p1a: Yanmega|spe|1\n|upkeep\n|turn|11\n|inactive|Time left: 300 sec this turn | 300 sec total\n|\n|t:|1783571942\n|move|p1a: Yanmega|Air Slash|p2a: Beartic\n|-damage|p2a: Beartic|140/321\n|cant|p2a: Beartic|flinch\n|\n|-ability|p1a: Yanmega|Speed Boost|boost\n|-boost|p1a: Yanmega|spe|1\n|upkeep\n|turn|12\n|inactive|Time left: 300 sec this turn | 300 sec total\n|\n|t:|1783571943\n|move|p1a: Yanmega|Air Slash|p2a: Beartic\n|-damage|p2a: Beartic|46/321\n|move|p2a: Beartic|Icicle Crash|p1a: Yanmega\n|-supereffective|p1a: Yanmega\n|-damage|p1a: Yanmega|0 fnt\n|faint|p1a: Yanmega\n|\n|upkeep\n|\n|t:|1783571944\n|switch|p1a: Trevenant|Trevenant, L89, M|100/100\n|turn|13\n|inactive|Time left: 300 sec this turn | 300 sec total\n|\n|t:|1783571945\n|move|p1a: Trevenant|Drain Punch|p2a: Beartic\n|-supereffective|p2a: Beartic\n|-damage|p2a: Beartic|0 fnt\n|faint|p2a: Beartic\n|\n|upkeep\n|inactive|Time left: 300 sec this turn | 300 sec total | 5 sec grace\n|\n|t:|1783571946\n|switch|p2a: Sinistcha|Sinistcha-Masterpiece, L83|254/254\n|turn|14\n|inactive|Time left: 300 sec this turn | 300 sec total\n|\n|t:|1783571947\n|move|p2a: Sinistcha|Strength Sap|p1a: Trevenant\n|-unboost|p1a: Trevenant|atk|1\n|move|p1a: Trevenant|Poltergeist|p2a: Sinistcha|[miss]\n|-miss|p1a: Trevenant|p2a: Sinistcha\n|\n|upkeep\n|turn|15\n|inactive|Time left: 300 sec this turn | 300 sec total\n|\n|t:|1783571948\n|move|p2a: Sinistcha|Calm Mind|p2a: Sinistcha\n|-boost|p2a: Sinistcha|spa|1\n|-boost|p2a: Sinistcha|spd|1\n|move|p1a: Trevenant|Poltergeist|p2a: Sinistcha\n|-activate|p2a: Sinistcha|move: Poltergeist|Leftovers\n|-supereffective|p2a: Sinistcha\n|-damage|p2a: Sinistcha|84/254\n|\n|-heal|p2a: Sinistcha|99/254|[from] item: Leftovers\n|upkeep\n|turn|16\n|inactive|Time left: 300 sec this turn | 300 sec total\n|\n|t:|1783571948\n|move|p1a: Trevenant|Protect|p1a: Trevenant\n|-singleturn|p1a: Trevenant|Protect\n|move|p2a: Sinistcha|Strength Sap|p1a: Trevenant\n|-activate|p1a: Trevenant|move: Protect\n|\n|-heal|p2a: Sinistcha|114/254|[from] item: Leftovers\n|upkeep\n|turn|17\n|inactive|Time left: 300 sec this turn | 300 sec total\n|\n|t:|1783571949\n|move|p2a: Sinistcha|Shadow Ball|p1a: Trevenant\n|-supereffective|p1a: Trevenant\n|-damage|p1a: Trevenant|0 fnt\n|faint|p1a: Trevenant\n|\n|-heal|p2a: Sinistcha|129/254|[from] item: Leftovers\n|upkeep\n|\n|t:|1783571950\n|switch|p1a: Gothitelle|Gothitelle, L90, M|100/100\n|turn|18\n|inactive|Time left: 300 sec this turn | 300 sec total\n|\n|t:|1783571951\n|move|p1a: Gothitelle|Dark Pulse|p2a: Sinistcha\n|-supereffective|p2a: Sinistcha\n|-damage|p2a: Sinistcha|35/254\n|move|p2a: Sinistcha|Shadow Ball|p1a: Gothitelle\n|-supereffective|p1a: Gothitelle\n|-damage|p1a: Gothitelle|12/100\n|\n|-heal|p2a: Sinistcha|50/254|[from] item: Leftovers\n|upkeep\n|turn|19\n|inactive|Time left: 300 sec this turn | 300 sec total\n|\n|t:|1783571952\n|switch|p2a: Politoed|Politoed, L88, F|120/302 par\n|-weather|RainDance|[from] ability: Drizzle|[of] p2a: Politoed\n|move|p1a: Gothitelle|Dark Pulse|p2a: Politoed\n|-damage|p2a: Politoed|63/302 par\n|\n|-weather|RainDance|[upkeep]\n|upkeep\n|turn|20\n|inactive|Time left: 300 sec this turn | 300 sec total\n|\n|t:|1783571953\n|switch|p1a: Lapras|Lapras, L87, F|100/100\n|move|p2a: Politoed|Weather Ball|p1a: Lapras\n|-immune|p1a: Lapras|[from] ability: Water Absorb\n|\n|-weather|RainDance|[upkeep]\n|upkeep\n|turn|21\n|inactive|Time left: 300 sec this turn | 300 sec total\n|\n|t:|1783571954\n|move|p1a: Lapras|Sparkling Aria|p2a: Politoed\n|-resisted|p2a: Politoed\n|-damage|p2a: Politoed|0 fnt\n|faint|p2a: Politoed\n|\n|-weather|RainDance|[upkeep]\n|upkeep\n|inactive|Time left: 300 sec this turn | 300 sec total | 5 sec grace\n|\n|t:|1783571955\n|switch|p2a: Sinistcha|Sinistcha-Masterpiece, L83|50/254\n|turn|22\n|inactive|Time left: 300 sec this turn | 300 sec total\n|\n|t:|1783571956\n|move|p2a: Sinistcha|Strength Sap|p1a: Lapras\n|-unboost|p1a: Lapras|atk|1\n|-heal|p2a: Sinistcha|202/254\n|move|p1a: Lapras|Freeze-Dry|p2a: Sinistcha\n|-supereffective|p2a: Sinistcha\n|-damage|p2a: Sinistcha|52/254\n|\n|-weather|RainDance|[upkeep]\n|-heal|p2a: Sinistcha|67/254|[from] item: Leftovers\n|upkeep\n|turn|23\n|inactive|Time left: 300 sec this turn | 300 sec total\n|\n|t:|1783571957\n|move|p2a: Sinistcha|Matcha Gotcha|p1a: Lapras\n|-supereffective|p1a: Lapras\n|-damage|p1a: Lapras|55/100\n|-heal|p2a: Sinistcha|151/254|[from] drain|[of] p1a: Lapras\n|move|p1a: Lapras|Freeze-Dry|p2a: Sinistcha\n|-supereffective|p2a: Sinistcha\n|-damage|p2a: Sinistcha|0 fnt\n|faint|p2a: Sinistcha\n|\n|-weather|none\n|upkeep\n|inactive|Time left: 300 sec this turn | 300 sec total | 5 sec grace\n|\n|t:|1783571958\n|switch|p2a: Heracross|Heracross, L80, F, tera:Normal|134/259 brn\n|turn|24\n|inactive|Time left: 300 sec this turn | 300 sec total\n|\n|t:|1783571958\n|move|p2a: Heracross|Facade|p1a: Lapras\n|-damage|p1a: Lapras|0 fnt\n|faint|p1a: Lapras\n|\n|-damage|p2a: Heracross|118/259 brn|[from] brn\n|upkeep\n|\n|t:|1783571960\n|switch|p1a: Gothitelle|Gothitelle, L90, M|12/100\n|turn|25\n|inactive|Time left: 300 sec this turn | 300 sec total\n|\n|t:|1783571960\n|move|p1a: Gothitelle|Psychic|p2a: Heracross\n|-damage|p2a: Heracross|13/259 brn\n|move|p2a: Heracross|Facade|p1a: Gothitelle\n|-damage|p1a: Gothitelle|0 fnt\n|faint|p1a: Gothitelle\n|\n|win|p0y27712dc9", "uploadtime": 1783571960, "views": 0, "rating": 0, "private": 0, "password": null, "_winner": "p0y27712dc9", "_our_name": "p0y27712dc9"}