{"id": "battle-gen9randombattle-995", "formatid": "gen9randombattle", "format": "[Gen 9] Random Battle", "players": ["p0x9956b12", "p0y995e656"], "log": "|init|battle\n|title|p0x9956b12 vs. p0y995e656\n|j|\u2606p0x9956b12\n|j|\u2606p0y995e656\n|t:|1783551449\n|gametype|singles\n|player|p1|p0x9956b12|102|\n|player|p2|p0y995e656|1|\n|gen|9\n|tier|[Gen 9] Random Battle\n|rule|Species Clause: Limit one of each Pok\u00e9mon\n|rule|HP Percentage Mod: HP is shown in percentages\n|rule|Sleep Clause Mod: Limit one foe put to sleep\n|rule|Illusion Level Mod: Illusion disguises the Pok\u00e9mon's true level\n|\n|t:|1783551449\n|teamsize|p1|6\n|teamsize|p2|6\n|start\n|switch|p1a: Flareon|Flareon, L90, M|263/263\n|switch|p2a: Sunflora|Sunflora, M|100/100\n|turn|1\n|inactive|Battle timer is ON: inactive players will automatically lose when time's up. (requested by p0x9956b12)\n|inactive|p0y995e656 also wants the timer to be on.\n|\n|t:|1783551450\n|switch|p2a: Granbull|Granbull, L88, F|100/100\n|-ability|p2a: Granbull|Intimidate|boost\n|-unboost|p1a: Flareon|atk|1\n|move|p1a: Flareon|Flare Blitz|p2a: Granbull\n|-damage|p2a: Granbull|55/100\n|-damage|p1a: Flareon|217/263|[from] Recoil\n|\n|-heal|p2a: Granbull|61/100|[from] item: Leftovers\n|-status|p1a: Flareon|tox|[from] item: Toxic Orb\n|upkeep\n|turn|2\n|inactive|Time left: 300 sec this turn | 300 sec total\n|\n|t:|1783551451\n|switch|p2a: Hippowdon|Hippowdon, L82, F|100/100\n|-weather|Sandstorm|[from] ability: Sand Stream|[of] p2a: Hippowdon\n|move|p1a: Flareon|Flare Blitz|p2a: Hippowdon\n|-damage|p2a: Hippowdon|49/100\n|-damage|p1a: Flareon|164/263 tox|[from] Recoil\n|\n|-weather|Sandstorm|[upkeep]\n|-damage|p1a: Flareon|148/263 tox|[from] Sandstorm\n|-heal|p2a: Hippowdon|55/100|[from] item: Leftovers\n|-damage|p1a: Flareon|132/263 tox|[from] psn\n|upkeep\n|turn|3\n|inactive|Time left: 300 sec this turn | 300 sec total\n|\n|t:|1783551453\n|switch|p1a: Basculin|Basculin-Blue-Striped, L86, F|261/261\n|move|p2a: Hippowdon|Earthquake|p1a: Basculin\n|-damage|p1a: Basculin|114/261\n|\n|-weather|Sandstorm|[upkeep]\n|-damage|p1a: Basculin|98/261|[from] Sandstorm\n|-heal|p2a: Hippowdon|61/100|[from] item: Leftovers\n|upkeep\n|turn|4\n|inactive|Time left: 300 sec this turn | 300 sec total\n|\n|t:|1783551454\n|switch|p2a: Corviknight|Corviknight, L80, M|100/100\n|-ability|p2a: Corviknight|Pressure\n|move|p1a: Basculin|Wave Crash|p2a: Corviknight\n|-damage|p2a: Corviknight|17/100\n|-damage|p1a: Basculin|55/261|[from] item: Rocky Helmet|[of] p2a: Corviknight\n|-damage|p1a: Basculin|0 fnt|[from] Recoil\n|faint|p1a: Basculin\n|\n|-weather|Sandstorm|[upkeep]\n|upkeep\n|inactive|Time left: 300 sec this turn | 300 sec total | 5 sec grace\n|\n|t:|1783551455\n|switch|p1a: Flareon|Flareon, L90, M|132/263 tox\n|turn|5\n|inactive|Time left: 300 sec this turn | 300 sec total\n|\n|t:|1783551456\n|move|p1a: Flareon|Facade|p2a: Corviknight\n|-resisted|p2a: Corviknight\n|-damage|p2a: Corviknight|0 fnt\n|-damage|p1a: Flareon|89/263 tox|[from] item: Rocky Helmet|[of] p2a: Corviknight\n|faint|p2a: Corviknight\n|\n|-weather|Sandstorm|[upkeep]\n|-damage|p1a: Flareon|73/263 tox|[from] Sandstorm\n|-damage|p1a: Flareon|57/263 tox|[from] psn\n|upkeep\n|\n|t:|1783551457\n|switch|p2a: Kommo-o|Kommo-o, L77, M|100/100\n|turn|6\n|inactive|Time left: 300 sec this turn | 300 sec total\n|\n|t:|1783551458\n|switch|p1a: Ampharos|Ampharos, L88, M|302/302\n|move|p2a: Kommo-o|Scale Shot|p1a: Ampharos\n|-crit|p1a: Ampharos\n|-damage|p1a: Ampharos|266/302\n|-damage|p1a: Ampharos|239/302\n|-damage|p1a: Ampharos|211/302\n|-damage|p1a: Ampharos|186/302\n|-damage|p1a: Ampharos|159/302\n|-hitcount|p1a: Ampharos|5\n|-unboost|p2a: Kommo-o|def|1\n|-boost|p2a: Kommo-o|spe|1\n|\n|-weather|none\n|upkeep\n|turn|7\n|inactive|Time left: 300 sec this turn | 300 sec total\n|\n|t:|1783551459\n|switch|p2a: Hippowdon|Hippowdon, L82, F|61/100\n|-weather|Sandstorm|[from] ability: Sand Stream|[of] p2a: Hippowdon\n|move|p1a: Ampharos|Dazzling Gleam|p2a: Hippowdon\n|-damage|p2a: Hippowdon|36/100\n|\n|-weather|Sandstorm|[upkeep]\n|-damage|p1a: Ampharos|141/302|[from] Sandstorm\n|-heal|p2a: Hippowdon|42/100|[from] item: Leftovers\n|upkeep\n|turn|8\n|inactive|Time left: 300 sec this turn | 300 sec total\n|\n|t:|1783551460\n|-terastallize|p1a: Ampharos|Fairy\n|move|p1a: Ampharos|Dazzling Gleam|p2a: Hippowdon\n|-damage|p2a: Hippowdon|3/100\n|move|p2a: Hippowdon|Earthquake|p1a: Ampharos\n|-crit|p1a: Ampharos\n|-damage|p1a: Ampharos|0 fnt\n|faint|p1a: Ampharos\n|\n|-weather|Sandstorm|[upkeep]\n|-heal|p2a: Hippowdon|9/100|[from] item: Leftovers\n|upkeep\n|inactive|Time left: 300 sec this turn | 300 sec total | 5 sec grace\n|\n|t:|1783551461\n|switch|p1a: Ribombee|Ribombee, L83, M|235/235\n|turn|9\n|inactive|Time left: 300 sec this turn | 300 sec total\n|\n|t:|1783551463\n|move|p1a: Ribombee|Moonblast|p2a: Hippowdon\n|-damage|p2a: Hippowdon|0 fnt\n|faint|p2a: Hippowdon\n|\n|-weather|Sandstorm|[upkeep]\n|-damage|p1a: Ribombee|221/235|[from] Sandstorm\n|upkeep\n|\n|t:|1783551464\n|switch|p2a: Sunflora|Sunflora, M|100/100\n|turn|10\n|inactive|Time left: 300 sec this turn | 300 sec total\n|\n|t:|1783551465\n|switch|p1a: Victreebel|Victreebel, L90, M|290/290\n|move|p2a: Sunflora|Weather Ball|p1a: Victreebel\n|-damage|p1a: Victreebel|144/290\n|-damage|p2a: Sunflora|91/100|[from] item: Life Orb\n|\n|-weather|Sandstorm|[upkeep]\n|-damage|p1a: Victreebel|126/290|[from] Sandstorm\n|-damage|p2a: Sunflora|84/100|[from] Sandstorm\n|upkeep\n|turn|11\n|inactive|Time left: 300 sec this turn | 300 sec total\n|\n|t:|1783551466\n|move|p1a: Victreebel|Sludge Wave|p2a: Sunflora\n|-supereffective|p2a: Sunflora\n|-damage|p2a: Sunflora|0 fnt\n|faint|p2a: Sunflora\n|-damage|p1a: Victreebel|97/290|[from] item: Life Orb\n|\n|-weather|none\n|upkeep\n|\n|t:|1783551467\n|switch|p2a: Glalie|Glalie, L96, M|100/100\n|turn|12\n|inactive|Time left: 300 sec this turn | 300 sec total\n|\n|t:|1783551468\n|switch|p1a: Ribombee|Ribombee, L83, M|221/235\n|move|p2a: Glalie|Freeze-Dry|p1a: Ribombee\n|-damage|p1a: Ribombee|112/235\n|\n|upkeep\n|turn|13\n|inactive|Time left: 300 sec this turn | 300 sec total\n|\n|t:|1783551469\n|move|p1a: Ribombee|Moonblast|p2a: Glalie\n|-damage|p2a: Glalie|69/100\n|move|p2a: Glalie|Freeze-Dry|p1a: Ribombee\n|-damage|p1a: Ribombee|6/235\n|\n|upkeep\n|turn|14\n|inactive|Time left: 300 sec this turn | 300 sec total\n|\n|t:|1783551471\n|move|p1a: Ribombee|Moonblast|p2a: Glalie\n|-damage|p2a: Glalie|39/100\n|move|p2a: Glalie|Freeze-Dry|p1a: Ribombee\n|-damage|p1a: Ribombee|0 fnt\n|faint|p1a: Ribombee\n|\n|upkeep\n|inactive|Time left: 300 sec this turn | 300 sec total | 5 sec grace\n|\n|t:|1783551472\n|switch|p1a: Meowscarada|Meowscarada, L78, F|247/247\n|turn|15\n|inactive|Time left: 300 sec this turn | 300 sec total\n|\n|t:|1783551473\n|move|p1a: Meowscarada|Knock Off|p2a: Glalie\n|-start|p1a: Meowscarada|typechange|Dark|[from] ability: Protean\n|-damage|p2a: Glalie|7/100\n|-enditem|p2a: Glalie|Heavy-Duty Boots|[from] move: Knock Off|[of] p1a: Meowscarada\n|move|p2a: Glalie|Freeze-Dry|p1a: Meowscarada\n|-damage|p1a: Meowscarada|141/247\n|\n|upkeep\n|turn|16\n|inactive|Time left: 300 sec this turn | 300 sec total\n|\n|t:|1783551474\n|switch|p2a: Kommo-o|Kommo-o, L77, M|100/100\n|move|p1a: Meowscarada|U-turn|p2a: Kommo-o\n|-resisted|p2a: Kommo-o\n|-damage|p2a: Kommo-o|92/100\n|inactive|Time left: 300 sec this turn | 300 sec total | 5 sec grace\n|\n|t:|1783551475\n|switch|p1a: Victreebel|Victreebel, L90, M|97/290|[from] U-turn\n|\n|upkeep\n|turn|17\n|inactive|Time left: 300 sec this turn | 300 sec total\n|\n|t:|1783551476\n|-terastallize|p2a: Kommo-o|Steel\n|move|p1a: Victreebel|Sludge Wave|p2a: Kommo-o\n|-immune|p2a: Kommo-o\n|move|p2a: Kommo-o|Scale Shot|p1a: Victreebel|[miss]\n|-miss|p2a: Kommo-o|p1a: Victreebel\n|\n|upkeep\n|turn|18\n|inactive|Time left: 300 sec this turn | 300 sec total\n|\n|t:|1783551477\n|move|p1a: Victreebel|Power Whip|p2a: Kommo-o\n|-resisted|p2a: Kommo-o\n|-damage|p2a: Kommo-o|57/100\n|-damage|p1a: Victreebel|68/290|[from] item: Life Orb\n|move|p2a: Kommo-o|Swords Dance|p2a: Kommo-o\n|-boost|p2a: Kommo-o|atk|2\n|\n|upkeep\n|turn|19\n|inactive|Time left: 300 sec this turn | 300 sec total\n|\n|t:|1783551478\n|move|p1a: Victreebel|Power Whip|p2a: Kommo-o|[miss]\n|-miss|p1a: Victreebel|p2a: Kommo-o\n|move|p2a: Kommo-o|Scale Shot|p1a: Victreebel\n|-damage|p1a: Victreebel|7/290\n|-damage|p1a: Victreebel|0 fnt\n|faint|p1a: Victreebel\n|-hitcount|p1: Victreebel|2\n|-unboost|p2a: Kommo-o|def|1\n|-boost|p2a: Kommo-o|spe|1\n|\n|upkeep\n|inactive|Time left: 300 sec this turn | 300 sec total | 5 sec grace\n|\n|t:|1783551479\n|switch|p1a: Flareon|Flareon, L90, M|57/263 tox\n|turn|20\n|inactive|Time left: 300 sec this turn | 300 sec total\n|\n|t:|1783551480\n|move|p2a: Kommo-o|Iron Head|p1a: Flareon\n|-resisted|p1a: Flareon\n|-damage|p1a: Flareon|0 fnt\n|faint|p1a: Flareon\n|\n|upkeep\n|inactive|Time left: 300 sec this turn | 300 sec total | 5 sec grace\n|\n|t:|1783551481\n|switch|p1a: Meowscarada|Meowscarada, L78, F|141/247\n|turn|21\n|inactive|Time left: 300 sec this turn | 300 sec total\n|\n|t:|1783551482\n|move|p2a: Kommo-o|Close Combat|p1a: Meowscarada\n|-supereffective|p1a: Meowscarada\n|-damage|p1a: Meowscarada|0 fnt\n|-unboost|p2a: Kommo-o|def|1\n|-unboost|p2a: Kommo-o|spd|1\n|faint|p1a: Meowscarada\n|\n|win|p0y995e656", "uploadtime": 1783551482, "views": 0, "rating": 0, "private": 0, "password": null, "_winner": "p0y995e656", "_our_name": "p0x9956b12"}