{"id": "battle-gen9randombattle-2113", "formatid": "gen9randombattle", "format": "[Gen 9] Random Battle", "players": ["p0x2113437f", "p0y21130eaf"], "log": "|init|battle\n|title|p0x2113437f vs. p0y21130eaf\n|j|\u2606p0x2113437f\n|j|\u2606p0y21130eaf\n|t:|1783564465\n|gametype|singles\n|player|p1|p0x2113437f|102|\n|player|p2|p0y21130eaf|102|\n|gen|9\n|tier|[Gen 9] Random Battle\n|rule|Species Clause: Limit one of each Pok\u00e9mon\n|rule|HP Percentage Mod: HP is shown in percentages\n|rule|Sleep Clause Mod: Limit one foe put to sleep\n|rule|Illusion Level Mod: Illusion disguises the Pok\u00e9mon's true level\n|\n|t:|1783564465\n|teamsize|p1|6\n|teamsize|p2|6\n|start\n|switch|p1a: Espeon|Espeon, L84, M|100/100\n|switch|p2a: Spidops|Spidops, L96, M|271/271\n|turn|1\n|inactive|Battle timer is ON: inactive players will automatically lose when time's up. (requested by p0y21130eaf)\n|inactive|p0x2113437f also wants the timer to be on.\n|\n|t:|1783564467\n|move|p1a: Espeon|Psyshock|p2a: Spidops\n|-damage|p2a: Spidops|154/271\n|-damage|p1a: Espeon|91/100|[from] item: Life Orb\n|move|p2a: Spidops|Knock Off|p1a: Espeon\n|-supereffective|p1a: Espeon\n|-damage|p1a: Espeon|9/100\n|-enditem|p1a: Espeon|Life Orb|[from] move: Knock Off|[of] p2a: Spidops\n|\n|upkeep\n|turn|2\n|inactive|Time left: 300 sec this turn | 300 sec total\n|\n|t:|1783564468\n|move|p1a: Espeon|Morning Sun|p1a: Espeon\n|-heal|p1a: Espeon|59/100\n|move|p2a: Spidops|Knock Off|p1a: Espeon\n|-supereffective|p1a: Espeon\n|-damage|p1a: Espeon|3/100\n|\n|upkeep\n|turn|3\n|inactive|Time left: 300 sec this turn | 300 sec total\n|\n|t:|1783564469\n|move|p1a: Espeon|Psyshock|p2a: Spidops\n|-damage|p2a: Spidops|70/271\n|move|p2a: Spidops|Knock Off|p1a: Espeon\n|-supereffective|p1a: Espeon\n|-damage|p1a: Espeon|0 fnt\n|faint|p1a: Espeon\n|\n|upkeep\n|\n|t:|1783564470\n|switch|p1a: Gardevoir|Gardevoir, L83, F|100/100\n|-ability|p1a: Gardevoir|Stakeout|Trace|[from] ability: Trace|[of] p2a: Spidops\n|turn|4\n|inactive|Time left: 300 sec this turn | 300 sec total\n|\n|t:|1783564471\n|move|p1a: Gardevoir|Psyshock|p2a: Spidops\n|-damage|p2a: Spidops|0 fnt\n|faint|p2a: Spidops\n|-damage|p1a: Gardevoir|91/100|[from] item: Life Orb\n|\n|upkeep\n|inactive|Time left: 300 sec this turn | 300 sec total | 5 sec grace\n|\n|t:|1783564472\n|switch|p2a: Passimian|Passimian, L83, F|302/302\n|turn|5\n|inactive|Time left: 300 sec this turn | 300 sec total\n|\n|t:|1783564473\n|-terastallize|p2a: Passimian|Poison\n|move|p2a: Passimian|Gunk Shot|p1a: Gardevoir\n|-supereffective|p1a: Gardevoir\n|-damage|p1a: Gardevoir|0 fnt\n|faint|p1a: Gardevoir\n|\n|upkeep\n|\n|t:|1783564474\n|switch|p1a: Glaceon|Glaceon, L94, F|100/100\n|turn|6\n|inactive|Time left: 300 sec this turn | 300 sec total\n|\n|t:|1783564475\n|move|p2a: Passimian|Drain Punch|p1a: Glaceon\n|-supereffective|p1a: Glaceon\n|-damage|p1a: Glaceon|46/100\n|move|p1a: Glaceon|Freeze-Dry|p2a: Passimian\n|-crit|p2a: Passimian\n|-damage|p2a: Passimian|74/302\n|\n|-heal|p2a: Passimian|92/302|[from] item: Leftovers\n|upkeep\n|turn|7\n|inactive|Time left: 300 sec this turn | 300 sec total\n|\n|t:|1783564477\n|-terastallize|p1a: Glaceon|Water\n|move|p2a: Passimian|Drain Punch|p1a: Glaceon\n|-damage|p1a: Glaceon|21/100\n|-heal|p2a: Passimian|127/302|[from] drain|[of] p1a: Glaceon\n|move|p1a: Glaceon|Freeze-Dry|p2a: Passimian\n|-damage|p2a: Passimian|0 fnt\n|faint|p2a: Passimian\n|\n|upkeep\n|inactive|Time left: 300 sec this turn | 300 sec total | 5 sec grace\n|\n|t:|1783564478\n|switch|p2a: Sandy Shocks|Sandy Shocks, L80|267/267\n|turn|8\n|inactive|Time left: 300 sec this turn | 300 sec total\n|\n|t:|1783564479\n|move|p2a: Sandy Shocks|Earth Power|p1a: Glaceon\n|-damage|p1a: Glaceon|0 fnt\n|faint|p1a: Glaceon\n|\n|upkeep\n|\n|t:|1783564480\n|switch|p1a: Beartic|Beartic, L91, F|100/100\n|turn|9\n|inactive|Time left: 300 sec this turn | 300 sec total\n|\n|t:|1783564481\n|move|p2a: Sandy Shocks|Volt Switch|p1a: Beartic\n|-damage|p1a: Beartic|74/100\n|inactive|Time left: 300 sec this turn | 300 sec total | 5 sec grace\n|\n|t:|1783564482\n|-end|p2a: Sandy Shocks|Protosynthesis|[silent]\n|switch|p2a: Scream Tail|Scream Tail, L84|330/330|[from] Volt Switch\n|move|p1a: Beartic|Icicle Crash|p2a: Scream Tail\n|-damage|p2a: Scream Tail|213/330\n|\n|-heal|p2a: Scream Tail|233/330|[from] item: Leftovers\n|upkeep\n|turn|10\n|inactive|Time left: 300 sec this turn | 300 sec total\n|\n|t:|1783564483\n|move|p2a: Scream Tail|Wish|p2a: Scream Tail\n|move|p1a: Beartic|Icicle Crash|p2a: Scream Tail\n|-damage|p2a: Scream Tail|113/330\n|\n|-heal|p2a: Scream Tail|133/330|[from] item: Leftovers\n|upkeep\n|turn|11\n|inactive|Time left: 300 sec this turn | 300 sec total\n|\n|t:|1783564484\n|move|p2a: Scream Tail|Dazzling Gleam|p1a: Beartic\n|-damage|p1a: Beartic|56/100\n|move|p1a: Beartic|Earthquake|p2a: Scream Tail\n|-damage|p2a: Scream Tail|41/330\n|\n|-heal|p2a: Scream Tail|206/330|[from] move: Wish|[wisher] Scream Tail\n|-heal|p2a: Scream Tail|226/330|[from] item: Leftovers\n|upkeep\n|turn|12\n|inactive|Time left: 300 sec this turn | 300 sec total\n|\n|t:|1783564485\n|move|p2a: Scream Tail|Wish|p2a: Scream Tail\n|move|p1a: Beartic|Icicle Crash|p2a: Scream Tail\n|-damage|p2a: Scream Tail|109/330\n|\n|-heal|p2a: Scream Tail|129/330|[from] item: Leftovers\n|upkeep\n|turn|13\n|inactive|Time left: 300 sec this turn | 300 sec total\n|\n|t:|1783564486\n|move|p2a: Scream Tail|Dazzling Gleam|p1a: Beartic\n|-damage|p1a: Beartic|37/100\n|move|p1a: Beartic|Icicle Crash|p2a: Scream Tail\n|-damage|p2a: Scream Tail|17/330\n|\n|-heal|p2a: Scream Tail|182/330|[from] move: Wish|[wisher] Scream Tail\n|-heal|p2a: Scream Tail|202/330|[from] item: Leftovers\n|upkeep\n|turn|14\n|inactive|Time left: 300 sec this turn | 300 sec total\n|\n|t:|1783564487\n|move|p2a: Scream Tail|Dazzling Gleam|p1a: Beartic\n|-damage|p1a: Beartic|15/100\n|move|p1a: Beartic|Icicle Crash|p2a: Scream Tail\n|-damage|p2a: Scream Tail|87/330\n|\n|-heal|p2a: Scream Tail|107/330|[from] item: Leftovers\n|upkeep\n|turn|15\n|inactive|Time left: 300 sec this turn | 300 sec total\n|\n|t:|1783564488\n|switch|p1a: Orthworm|Orthworm, L88, M|100/100\n|move|p2a: Scream Tail|Dazzling Gleam|p1a: Orthworm\n|-resisted|p1a: Orthworm\n|-damage|p1a: Orthworm|85/100\n|\n|-heal|p2a: Scream Tail|127/330|[from] item: Leftovers\n|-heal|p1a: Orthworm|91/100|[from] item: Leftovers\n|upkeep\n|turn|16\n|inactive|Time left: 300 sec this turn | 300 sec total\n|\n|t:|1783564489\n|-end|p2a: Scream Tail|Protosynthesis|[silent]\n|switch|p2a: Sandy Shocks|Sandy Shocks, L80|267/267\n|move|p1a: Orthworm|Heavy Slam|p2a: Sandy Shocks\n|-resisted|p2a: Sandy Shocks\n|-damage|p2a: Sandy Shocks|205/267\n|\n|-heal|p1a: Orthworm|97/100|[from] item: Leftovers\n|upkeep\n|turn|17\n|inactive|Time left: 300 sec this turn | 300 sec total\n|\n|t:|1783564490\n|move|p2a: Sandy Shocks|Thunderbolt|p1a: Orthworm\n|-damage|p1a: Orthworm|41/100\n|move|p1a: Orthworm|Body Press|p2a: Sandy Shocks\n|-damage|p2a: Sandy Shocks|125/267\n|\n|-heal|p1a: Orthworm|47/100|[from] item: Leftovers\n|upkeep\n|turn|18\n|inactive|Time left: 300 sec this turn | 300 sec total\n|\n|t:|1783564491\n|switch|p1a: Beartic|Beartic, L91, F|15/100\n|move|p2a: Sandy Shocks|Thunderbolt|p1a: Beartic\n|-damage|p1a: Beartic|0 fnt\n|faint|p1a: Beartic\n|\n|upkeep\n|\n|t:|1783564492\n|switch|p1a: Orthworm|Orthworm, L88, M|47/100\n|turn|19\n|inactive|Time left: 300 sec this turn | 300 sec total\n|\n|t:|1783564493\n|move|p2a: Sandy Shocks|Thunderbolt|p1a: Orthworm\n|-damage|p1a: Orthworm|0 fnt\n|faint|p1a: Orthworm\n|\n|upkeep\n|\n|t:|1783564493\n|switch|p1a: Urshifu|Urshifu-Rapid-Strike, L75, M|100/100\n|turn|20\n|inactive|Time left: 300 sec this turn | 300 sec total\n|\n|t:|1783564494\n|move|p1a: Urshifu|Aqua Jet|p2a: Sandy Shocks\n|-supereffective|p2a: Sandy Shocks\n|-damage|p2a: Sandy Shocks|16/267\n|-damage|p1a: Urshifu|91/100|[from] item: Life Orb\n|move|p2a: Sandy Shocks|Thunderbolt|p1a: Urshifu\n|-supereffective|p1a: Urshifu\n|-crit|p1a: Urshifu\n|-damage|p1a: Urshifu|0 fnt\n|faint|p1a: Urshifu\n|\n|win|p0y21130eaf", "uploadtime": 1783564494, "views": 0, "rating": 0, "private": 0, "password": null, "_winner": "p0y21130eaf", "_our_name": "p0y21130eaf"}