{"id": "battle-gen9randombattle-1547", "formatid": "gen9randombattle", "format": "[Gen 9] Random Battle", "players": ["p0x1547d2df", "p0y15476493"], "log": "|init|battle\n|title|p0x1547d2df vs. p0y15476493\n|j|\u2606p0x1547d2df\n|j|\u2606p0y15476493\n|t:|1783557085\n|gametype|singles\n|player|p1|p0x1547d2df|265|\n|player|p2|p0y15476493|265|\n|gen|9\n|tier|[Gen 9] Random Battle\n|rule|Species Clause: Limit one of each Pok\u00e9mon\n|rule|HP Percentage Mod: HP is shown in percentages\n|rule|Sleep Clause Mod: Limit one foe put to sleep\n|rule|Illusion Level Mod: Illusion disguises the Pok\u00e9mon's true level\n|\n|t:|1783557085\n|teamsize|p1|6\n|teamsize|p2|6\n|start\n|switch|p1a: Minun|Minun, L95, M|100/100\n|switch|p2a: Pelipper|Pelipper, L86, M|243/243\n|-weather|RainDance|[from] ability: Drizzle|[of] p2a: Pelipper\n|turn|1\n|inactive|Battle timer is ON: inactive players will automatically lose when time's up. (requested by p0y15476493)\n|inactive|p0x1547d2df also wants the timer to be on.\n|\n|t:|1783557087\n|switch|p2a: Camerupt|Camerupt, L91, F|275/275\n|move|p1a: Minun|Thunderbolt|p2a: Camerupt\n|-immune|p2a: Camerupt\n|\n|-weather|RainDance|[upkeep]\n|upkeep\n|turn|2\n|inactive|Time left: 300 sec this turn | 300 sec total\n|\n|t:|1783557088\n|switch|p1a: Iron Bundle|Iron Bundle, L78|100/100\n|move|p2a: Camerupt|Earthquake|p1a: Iron Bundle\n|-damage|p1a: Iron Bundle|50/100\n|\n|-weather|RainDance|[upkeep]\n|upkeep\n|turn|3\n|inactive|Time left: 300 sec this turn | 300 sec total\n|\n|t:|1783557090\n|move|p1a: Iron Bundle|Hydro Pump|p2a: Camerupt\n|-supereffective|p2a: Camerupt\n|-damage|p2a: Camerupt|0 fnt\n|faint|p2a: Camerupt\n|\n|-weather|RainDance|[upkeep]\n|upkeep\n|inactive|Time left: 300 sec this turn | 300 sec total | 5 sec grace\n|\n|t:|1783557090\n|switch|p2a: Pelipper|Pelipper, L86, M|243/243\n|turn|4\n|inactive|Time left: 300 sec this turn | 300 sec total\n|\n|t:|1783557092\n|move|p1a: Iron Bundle|Hydro Pump|p2a: Pelipper\n|-resisted|p2a: Pelipper\n|-damage|p2a: Pelipper|95/243\n|move|p2a: Pelipper|Weather Ball|p1a: Iron Bundle\n|-resisted|p1a: Iron Bundle\n|-damage|p1a: Iron Bundle|0 fnt\n|faint|p1a: Iron Bundle\n|-end|p1a: Iron Bundle|Quark Drive|[silent]\n|\n|-weather|RainDance|[upkeep]\n|upkeep\n|\n|t:|1783557093\n|switch|p1a: Miraidon|Miraidon, L65|100/100\n|-fieldstart|move: Electric Terrain|[from] ability: Hadron Engine|[of] p1a: Miraidon\n|turn|5\n|inactive|Time left: 300 sec this turn | 300 sec total\n|\n|t:|1783557094\n|switch|p2a: Raikou|Raikou, L81|278/278\n|-ability|p2a: Raikou|Pressure\n|move|p1a: Miraidon|Draco Meteor|p2a: Raikou\n|-damage|p2a: Raikou|58/278\n|-unboost|p1a: Miraidon|spa|2\n|\n|-weather|none\n|-heal|p2a: Raikou|75/278|[from] item: Leftovers\n|upkeep\n|turn|6\n|inactive|Time left: 300 sec this turn | 300 sec total\n|\n|t:|1783557095\n|move|p2a: Raikou|Calm Mind|p2a: Raikou\n|-boost|p2a: Raikou|spa|1\n|-boost|p2a: Raikou|spd|1\n|move|p1a: Miraidon|Draco Meteor|p2a: Raikou\n|-damage|p2a: Raikou|3/278\n|-unboost|p1a: Miraidon|spa|2\n|\n|-heal|p2a: Raikou|20/278|[from] item: Leftovers\n|upkeep\n|turn|7\n|inactive|Time left: 300 sec this turn | 300 sec total\n|\n|t:|1783557096\n|switch|p1a: Minun|Minun, L95, M|100/100\n|move|p2a: Raikou|Thunderbolt|p1a: Minun\n|-immune|p1a: Minun|[from] ability: Volt Absorb\n|\n|-heal|p2a: Raikou|37/278|[from] item: Leftovers\n|upkeep\n|turn|8\n|inactive|Time left: 300 sec this turn | 300 sec total\n|\n|t:|1783557097\n|move|p1a: Minun|Nasty Plot|p1a: Minun\n|-boost|p1a: Minun|spa|2\n|move|p2a: Raikou|Scald|p1a: Minun\n|-damage|p1a: Minun|70/100\n|-status|p1a: Minun|brn\n|\n|-heal|p2a: Raikou|54/278|[from] item: Leftovers\n|-damage|p1a: Minun|64/100 brn|[from] brn\n|upkeep\n|turn|9\n|inactive|Time left: 300 sec this turn | 300 sec total\n|\n|t:|1783557098\n|move|p1a: Minun|Thunderbolt|p2a: Raikou\n|-resisted|p2a: Raikou\n|-damage|p2a: Raikou|0 fnt\n|faint|p2a: Raikou\n|-damage|p1a: Minun|55/100 brn|[from] item: Life Orb\n|\n|-damage|p1a: Minun|49/100 brn|[from] brn\n|-fieldend|move: Electric Terrain\n|upkeep\n|inactive|Time left: 300 sec this turn | 300 sec total | 5 sec grace\n|\n|t:|1783557098\n|switch|p2a: Enamorus|Enamorus-Therian, L83, F|259/259\n|turn|10\n|inactive|Time left: 300 sec this turn | 300 sec total\n|\n|t:|1783557099\n|-terastallize|p2a: Enamorus|Ground\n|move|p1a: Minun|Thunderbolt|p2a: Enamorus\n|-immune|p2a: Enamorus\n|move|p2a: Enamorus|Moonblast|p1a: Minun\n|-damage|p1a: Minun|8/100 brn\n|-unboost|p1a: Minun|spa|1\n|\n|-damage|p1a: Minun|2/100 brn|[from] brn\n|upkeep\n|turn|11\n|inactive|Time left: 300 sec this turn | 300 sec total\n|\n|t:|1783557100\n|move|p1a: Minun|Alluring Voice|p2a: Enamorus\n|-damage|p2a: Enamorus|155/259\n|-damage|p1a: Minun|0 fnt|[from] item: Life Orb\n|faint|p1a: Minun\n|move|p2a: Enamorus|Agility|p2a: Enamorus\n|-boost|p2a: Enamorus|spe|2\n|\n|upkeep\n|\n|t:|1783557101\n|switch|p1a: Golduck|Golduck, L90, M|100/100\n|-ability|p1a: Golduck|Cloud Nine\n|turn|12\n|inactive|Time left: 300 sec this turn | 300 sec total\n|\n|t:|1783557102\n|move|p2a: Enamorus|Moonblast|p1a: Golduck\n|-damage|p1a: Golduck|57/100\n|move|p1a: Golduck|Hydro Pump|p2a: Enamorus\n|-supereffective|p2a: Enamorus\n|-damage|p2a: Enamorus|0 fnt\n|faint|p2a: Enamorus\n|\n|-heal|p1a: Golduck|63/100|[from] item: Leftovers\n|upkeep\n|inactive|Time left: 300 sec this turn | 300 sec total | 5 sec grace\n|\n|t:|1783557103\n|switch|p2a: Cinderace|Cinderace, L77, M|249/249\n|turn|13\n|inactive|Time left: 300 sec this turn | 300 sec total\n|\n|t:|1783557104\n|move|p2a: Cinderace|High Jump Kick|p1a: Golduck\n|-start|p2a: Cinderace|typechange|Fighting|[from] ability: Libero\n|-damage|p1a: Golduck|0 fnt\n|faint|p1a: Golduck\n|\n|upkeep\n|\n|t:|1783557105\n|switch|p1a: Miraidon|Miraidon, L65|100/100\n|-fieldstart|move: Electric Terrain|[from] ability: Hadron Engine|[of] p1a: Miraidon\n|turn|14\n|inactive|Time left: 300 sec this turn | 300 sec total\n|\n|t:|1783557106\n|move|p2a: Cinderace|High Jump Kick|p1a: Miraidon\n|-damage|p1a: Miraidon|6/100\n|move|p1a: Miraidon|Electro Drift|p2a: Cinderace\n|-damage|p2a: Cinderace|0 fnt\n|faint|p2a: Cinderace\n|\n|upkeep\n|inactive|Time left: 300 sec this turn | 300 sec total | 5 sec grace\n|\n|t:|1783557107\n|switch|p2a: Oranguru|Oranguru, L92, M|315/315\n|turn|15\n|inactive|Time left: 300 sec this turn | 300 sec total\n|\n|t:|1783557108\n|move|p1a: Miraidon|Electro Drift|p2a: Oranguru\n|-damage|p2a: Oranguru|137/315\n|move|p2a: Oranguru|Thunderbolt|p1a: Miraidon\n|-resisted|p1a: Miraidon\n|-damage|p1a: Miraidon|0 fnt\n|faint|p1a: Miraidon\n|-damage|p2a: Oranguru|106/315|[from] item: Life Orb\n|\n|upkeep\n|\n|t:|1783557109\n|switch|p1a: Decidueye|Decidueye-Hisui, L87, F|100/100\n|turn|16\n|inactive|Time left: 300 sec this turn | 300 sec total\n|\n|t:|1783557110\n|move|p2a: Oranguru|Thunderbolt|p1a: Decidueye\n|-resisted|p1a: Decidueye\n|-damage|p1a: Decidueye|82/100\n|-damage|p2a: Oranguru|75/315|[from] item: Life Orb\n|move|p1a: Decidueye|Leaf Blade|p2a: Oranguru\n|-damage|p2a: Oranguru|0 fnt\n|faint|p2a: Oranguru\n|\n|-heal|p1a: Decidueye|88/100|[from] item: Leftovers\n|upkeep\n|inactive|Time left: 300 sec this turn | 300 sec total | 5 sec grace\n|\n|t:|1783557111\n|switch|p2a: Pelipper|Pelipper, L86, M|95/243\n|-weather|RainDance|[from] ability: Drizzle|[of] p2a: Pelipper\n|turn|17\n|inactive|Time left: 300 sec this turn | 300 sec total\n|\n|t:|1783557112\n|move|p2a: Pelipper|Hurricane|p1a: Decidueye\n|-supereffective|p1a: Decidueye\n|-damage|p1a: Decidueye|0 fnt\n|faint|p1a: Decidueye\n|\n|-weather|RainDance|[upkeep]\n|upkeep\n|\n|t:|1783557112\n|switch|p1a: Great Tusk|Great Tusk, L77|100/100\n|-enditem|p1a: Great Tusk|Booster Energy\n|-activate|p1a: Great Tusk|ability: Protosynthesis|[fromitem]\n|-start|p1a: Great Tusk|protosynthesisatk\n|turn|18\n|inactive|Time left: 300 sec this turn | 300 sec total\n|\n|t:|1783557113\n|-terastallize|p1a: Great Tusk|Ground\n|move|p1a: Great Tusk|Bulk Up|p1a: Great Tusk\n|-boost|p1a: Great Tusk|atk|1\n|-boost|p1a: Great Tusk|def|1\n|move|p2a: Pelipper|Hurricane|p1a: Great Tusk\n|-damage|p1a: Great Tusk|1/100\n|-start|p1a: Great Tusk|confusion\n|\n|-weather|RainDance|[upkeep]\n|-fieldend|move: Electric Terrain\n|upkeep\n|turn|19\n|inactive|Time left: 300 sec this turn | 300 sec total\n|\n|t:|1783557114\n|-activate|p1a: Great Tusk|confusion\n|move|p1a: Great Tusk|Close Combat|p2a: Pelipper\n|-resisted|p2a: Pelipper\n|-damage|p2a: Pelipper|0 fnt\n|-unboost|p1a: Great Tusk|def|1\n|-unboost|p1a: Great Tusk|spd|1\n|faint|p2a: Pelipper\n|\n|win|p0x1547d2df", "uploadtime": 1783557114, "views": 0, "rating": 0, "private": 0, "password": null, "_winner": "p0x1547d2df", "_our_name": "p0y15476493"}