{"id": "battle-gen9randombattle-547", "formatid": "gen9randombattle", "format": "[Gen 9] Random Battle", "players": ["p0x5470102", "p0y547725b"], "log": "|init|battle\n|title|p0x5470102 vs. p0y547725b\n|j|\u2606p0x5470102\n|j|\u2606p0y547725b\n|t:|1783546144\n|gametype|singles\n|player|p1|p0x5470102|265|\n|player|p2|p0y547725b|2|\n|gen|9\n|tier|[Gen 9] Random Battle\n|rule|Species Clause: Limit one of each Pok\u00e9mon\n|rule|HP Percentage Mod: HP is shown in percentages\n|rule|Sleep Clause Mod: Limit one foe put to sleep\n|rule|Illusion Level Mod: Illusion disguises the Pok\u00e9mon's true level\n|\n|t:|1783546144\n|teamsize|p1|6\n|teamsize|p2|6\n|start\n|switch|p1a: Scovillain|Scovillain, L91, M|100/100\n|switch|p2a: Cinderace|Cinderace, L77, F|250/250\n|turn|1\n|inactive|Battle timer is ON: inactive players will automatically lose when time's up. (requested by p0y547725b)\n|inactive|p0x5470102 also wants the timer to be on.\n|\n|t:|1783546145\n|move|p2a: Cinderace|Pyro Ball|p1a: Scovillain\n|-damage|p1a: Scovillain|50/100\n|move|p1a: Scovillain|Fire Blast|p2a: Cinderace\n|-resisted|p2a: Cinderace\n|-damage|p2a: Cinderace|157/250\n|\n|upkeep\n|turn|2\n|inactive|Time left: 300 sec this turn | 300 sec total\n|\n|t:|1783546146\n|switch|p1a: Alomomola|Alomomola, L87, F|100/100\n|move|p2a: Cinderace|Pyro Ball|p1a: Alomomola\n|-resisted|p1a: Alomomola\n|-damage|p1a: Alomomola|85/100\n|\n|upkeep\n|turn|3\n|inactive|Time left: 300 sec this turn | 300 sec total\n|\n|t:|1783546147\n|move|p2a: Cinderace|U-turn|p1a: Alomomola\n|-start|p2a: Cinderace|typechange|Bug|[from] ability: Libero\n|-damage|p1a: Alomomola|68/100\n|inactive|Time left: 300 sec this turn | 300 sec total | 5 sec grace\n|\n|t:|1783546148\n|switch|p2a: Samurott|Samurott-Hisui, L77, M|265/265|[from] U-turn\n|move|p1a: Alomomola|Flip Turn|p2a: Samurott\n|-resisted|p2a: Samurott\n|-damage|p2a: Samurott|235/265\n|\n|t:|1783546149\n|switch|p1a: Regieleki|Regieleki, L79|100/100|[from] Flip Turn\n|\n|upkeep\n|turn|4\n|inactive|Time left: 300 sec this turn | 300 sec total\n|\n|t:|1783546150\n|switch|p2a: Tsareena|Tsareena, L87, F|267/267\n|move|p1a: Regieleki|Thunderbolt|p2a: Tsareena\n|-resisted|p2a: Tsareena\n|-damage|p2a: Tsareena|208/267\n|\n|upkeep\n|turn|5\n|inactive|Time left: 300 sec this turn | 300 sec total\n|\n|t:|1783546152\n|move|p1a: Regieleki|Volt Switch|p2a: Tsareena\n|-resisted|p2a: Tsareena\n|-damage|p2a: Tsareena|160/267\n|\n|t:|1783546153\n|switch|p1a: Vileplume|Vileplume, L85, F|100/100|[from] Volt Switch\n|move|p2a: Tsareena|Power Whip|p1a: Vileplume|[miss]\n|-miss|p2a: Tsareena|p1a: Vileplume\n|\n|upkeep\n|turn|6\n|inactive|Time left: 300 sec this turn | 300 sec total\n|\n|t:|1783546154\n|move|p2a: Tsareena|Power Whip|p1a: Vileplume|[miss]\n|-miss|p2a: Tsareena|p1a: Vileplume\n|move|p1a: Vileplume|Sludge Bomb|p2a: Tsareena\n|-supereffective|p2a: Tsareena\n|-damage|p2a: Tsareena|0 fnt\n|faint|p2a: Tsareena\n|\n|upkeep\n|inactive|Time left: 300 sec this turn | 300 sec total | 5 sec grace\n|\n|t:|1783546155\n|switch|p2a: Flamigo|Flamigo, L82, M|269/269\n|turn|7\n|inactive|Time left: 300 sec this turn | 300 sec total\n|\n|t:|1783546156\n|move|p2a: Flamigo|Brave Bird|p1a: Vileplume\n|-supereffective|p1a: Vileplume\n|-crit|p1a: Vileplume\n|-damage|p1a: Vileplume|0 fnt\n|faint|p1a: Vileplume\n|-damage|p2a: Flamigo|181/269|[from] Recoil\n|-damage|p2a: Flamigo|155/269|[from] item: Life Orb\n|\n|upkeep\n|\n|t:|1783546157\n|switch|p1a: Chi-Yu|Chi-Yu, L77|100/100\n|-ability|p1a: Chi-Yu|Beads of Ruin\n|turn|8\n|inactive|Time left: 300 sec this turn | 300 sec total\n|\n|t:|1783546158\n|move|p1a: Chi-Yu|Flamethrower|p2a: Flamigo\n|-damage|p2a: Flamigo|0 fnt\n|faint|p2a: Flamigo\n|\n|upkeep\n|inactive|Time left: 300 sec this turn | 300 sec total | 5 sec grace\n|\n|t:|1783546159\n|switch|p2a: Iron Boulder|Iron Boulder, L77|265/265\n|turn|9\n|inactive|Time left: 300 sec this turn | 300 sec total\n|\n|t:|1783546160\n|switch|p1a: Revavroom|Revavroom, L79, M|100/100\n|move|p2a: Iron Boulder|Swords Dance|p2a: Iron Boulder\n|-boost|p2a: Iron Boulder|atk|2\n|\n|upkeep\n|turn|10\n|inactive|Time left: 300 sec this turn | 300 sec total\n|\n|t:|1783546161\n|switch|p1a: Alomomola|Alomomola, L87, F|100/100\n|-terastallize|p2a: Iron Boulder|Fighting\n|move|p2a: Iron Boulder|Close Combat|p1a: Alomomola\n|-damage|p1a: Alomomola|22/100\n|-unboost|p2a: Iron Boulder|def|1\n|-unboost|p2a: Iron Boulder|spd|1\n|-damage|p2a: Iron Boulder|239/265|[from] item: Life Orb\n|\n|upkeep\n|turn|11\n|inactive|Time left: 300 sec this turn | 300 sec total\n|\n|t:|1783546162\n|move|p1a: Alomomola|Protect|p1a: Alomomola\n|-singleturn|p1a: Alomomola|Protect\n|move|p2a: Iron Boulder|Mighty Cleave|p1a: Alomomola\n|-damage|p1a: Alomomola|0 fnt\n|faint|p1a: Alomomola\n|-damage|p2a: Iron Boulder|213/265|[from] item: Life Orb\n|\n|upkeep\n|\n|t:|1783546162\n|switch|p1a: Regieleki|Regieleki, L79|100/100\n|turn|12\n|inactive|Time left: 300 sec this turn | 300 sec total\n|\n|t:|1783546163\n|-end|p2a: Iron Boulder|Quark Drive|[silent]\n|switch|p2a: Illumise|Illumise, L91, F|266/266\n|move|p1a: Regieleki|Thunderbolt|p2a: Illumise\n|-damage|p2a: Illumise|136/266\n|\n|upkeep\n|turn|13\n|inactive|Time left: 300 sec this turn | 300 sec total\n|\n|t:|1783546164\n|move|p2a: Illumise|Roost|p2a: Illumise\n|-heal|p2a: Illumise|266/266\n|-singleturn|p2a: Illumise|move: Roost\n|move|p1a: Regieleki|Thunderbolt|p2a: Illumise\n|-damage|p2a: Illumise|136/266\n|\n|upkeep\n|turn|14\n|inactive|Time left: 300 sec this turn | 300 sec total\n|\n|t:|1783546165\n|move|p2a: Illumise|Roost|p2a: Illumise\n|-heal|p2a: Illumise|266/266\n|-singleturn|p2a: Illumise|move: Roost\n|move|p1a: Regieleki|Thunderbolt|p2a: Illumise\n|-damage|p2a: Illumise|133/266\n|\n|upkeep\n|turn|15\n|inactive|Time left: 300 sec this turn | 300 sec total\n|\n|t:|1783546166\n|move|p2a: Illumise|Roost|p2a: Illumise\n|-heal|p2a: Illumise|266/266\n|-singleturn|p2a: Illumise|move: Roost\n|move|p1a: Regieleki|Thunderbolt|p2a: Illumise\n|-damage|p2a: Illumise|133/266\n|\n|upkeep\n|turn|16\n|inactive|Time left: 300 sec this turn | 300 sec total\n|\n|t:|1783546167\n|move|p2a: Illumise|Roost|p2a: Illumise\n|-heal|p2a: Illumise|266/266\n|-singleturn|p2a: Illumise|move: Roost\n|move|p1a: Regieleki|Thunderbolt|p2a: Illumise\n|-damage|p2a: Illumise|131/266\n|\n|upkeep\n|turn|17\n|inactive|Time left: 300 sec this turn | 300 sec total\n|\n|t:|1783546168\n|move|p2a: Illumise|Roost|p2a: Illumise\n|-heal|p2a: Illumise|264/266\n|-singleturn|p2a: Illumise|move: Roost\n|move|p1a: Regieleki|Thunderbolt|p2a: Illumise\n|-damage|p2a: Illumise|134/266\n|-status|p2a: Illumise|par\n|\n|upkeep\n|turn|18\n|inactive|Time left: 300 sec this turn | 300 sec total\n|\n|t:|1783546169\n|move|p2a: Illumise|Roost|p2a: Illumise\n|-heal|p2a: Illumise|266/266 par\n|-singleturn|p2a: Illumise|move: Roost\n|move|p1a: Regieleki|Thunderbolt|p2a: Illumise\n|-damage|p2a: Illumise|139/266 par\n|\n|upkeep\n|turn|19\n|inactive|Time left: 300 sec this turn | 300 sec total\n|\n|t:|1783546170\n|move|p1a: Regieleki|Volt Switch|p2a: Illumise\n|-damage|p2a: Illumise|46/266 par\n|\n|t:|1783546171\n|switch|p1a: Revavroom|Revavroom, L79, M|100/100|[from] Volt Switch\n|cant|p2a: Illumise|par\n|\n|upkeep\n|turn|20\n|inactive|Time left: 300 sec this turn | 300 sec total\n|\n|t:|1783546172\n|move|p2a: Illumise|Roost|p2a: Illumise\n|-heal|p2a: Illumise|179/266 par\n|-singleturn|p2a: Illumise|move: Roost\n|move|p1a: Revavroom|Shift Gear|p1a: Revavroom\n|-boost|p1a: Revavroom|spe|2\n|-boost|p1a: Revavroom|atk|1\n|\n|upkeep\n|turn|21\n|inactive|Time left: 300 sec this turn | 300 sec total\n|\n|t:|1783546173\n|move|p2a: Illumise|Encore|p1a: Revavroom\n|-start|p1a: Revavroom|Encore\n|move|p1a: Revavroom|Shift Gear|p1a: Revavroom\n|-boost|p1a: Revavroom|spe|2\n|-boost|p1a: Revavroom|atk|1\n|\n|upkeep\n|turn|22\n|inactive|Time left: 300 sec this turn | 300 sec total\n|\n|t:|1783546174\n|switch|p2a: Samurott|Samurott-Hisui, L77, M|235/265\n|move|p1a: Revavroom|Shift Gear|p1a: Revavroom\n|-boost|p1a: Revavroom|spe|2\n|-boost|p1a: Revavroom|atk|1\n|\n|upkeep\n|turn|23\n|inactive|Time left: 300 sec this turn | 300 sec total\n|\n|t:|1783546175\n|move|p1a: Revavroom|Shift Gear|p1a: Revavroom\n|-boost|p1a: Revavroom|spe|0\n|-boost|p1a: Revavroom|atk|1\n|move|p2a: Samurott|Razor Shell|p1a: Revavroom\n|-damage|p1a: Revavroom|43/100\n|-damage|p2a: Samurott|209/265|[from] item: Life Orb\n|\n|-end|p1a: Revavroom|Encore\n|upkeep\n|turn|24\n|inactive|Time left: 300 sec this turn | 300 sec total\n|\n|t:|1783546176\n|move|p2a: Samurott|Sucker Punch|p1a: Revavroom\n|-damage|p1a: Revavroom|6/100\n|-damage|p2a: Samurott|183/265|[from] item: Life Orb\n|move|p1a: Revavroom|High Horsepower|p2a: Samurott\n|-damage|p2a: Samurott|0 fnt\n|faint|p2a: Samurott\n|-damage|p1a: Revavroom|0 fnt|[from] item: Life Orb\n|faint|p1a: Revavroom\n|\n|upkeep\n|inactive|Time left: 300 sec this turn | 300 sec total | 5 sec grace\n|\n|t:|1783546177\n|switch|p1a: Regieleki|Regieleki, L79|100/100\n|switch|p2a: Iron Boulder|Iron Boulder, L77, tera:Fighting|213/265\n|turn|25\n|inactive|Time left: 300 sec this turn | 300 sec total\n|\n|t:|1783546178\n|move|p1a: Regieleki|Thunderbolt|p2a: Iron Boulder\n|-crit|p2a: Iron Boulder\n|-damage|p2a: Iron Boulder|39/265\n|move|p2a: Iron Boulder|Close Combat|p1a: Regieleki\n|-damage|p1a: Regieleki|0 fnt\n|-unboost|p2a: Iron Boulder|def|1\n|-unboost|p2a: Iron Boulder|spd|1\n|faint|p1a: Regieleki\n|-damage|p2a: Iron Boulder|13/265|[from] item: Life Orb\n|\n|upkeep\n|\n|t:|1783546179\n|switch|p1a: Scovillain|Scovillain, L91, M|50/100\n|turn|26\n|inactive|Time left: 300 sec this turn | 300 sec total\n|\n|t:|1783546180\n|move|p2a: Iron Boulder|Zen Headbutt|p1a: Scovillain\n|-damage|p1a: Scovillain|8/100\n|-damage|p2a: Iron Boulder|0 fnt|[from] item: Life Orb\n|faint|p2a: Iron Boulder\n|-end|p2a: Iron Boulder|Quark Drive|[silent]\n|move|p1a: Scovillain|Stomping Tantrum|p2: Iron Boulder|[notarget]\n|-fail|p1a: Scovillain\n|\n|upkeep\n|inactive|Time left: 300 sec this turn | 300 sec total | 5 sec grace\n|\n|t:|1783546181\n|switch|p2a: Illumise|Illumise, L91, F|179/266 par\n|turn|27\n|inactive|Time left: 300 sec this turn | 300 sec total\n|\n|t:|1783546182\n|switch|p1a: Chi-Yu|Chi-Yu, L77|100/100\n|-ability|p1a: Chi-Yu|Beads of Ruin\n|switch|p2a: Cinderace|Cinderace, L77, F|157/250\n|\n|upkeep\n|turn|28\n|inactive|Time left: 300 sec this turn | 300 sec total\n|\n|t:|1783546183\n|move|p2a: Cinderace|U-turn|p1a: Chi-Yu\n|-start|p2a: Cinderace|typechange|Bug|[from] ability: Libero\n|-damage|p1a: Chi-Yu|63/100\n|inactive|Time left: 300 sec this turn | 300 sec total | 5 sec grace\n|\n|t:|1783546184\n|switch|p2a: Illumise|Illumise, L91, F|179/266 par|[from] U-turn\n|move|p1a: Chi-Yu|Dark Pulse|p2a: Illumise\n|-damage|p2a: Illumise|0 fnt\n|faint|p2a: Illumise\n|\n|upkeep\n|inactive|Time left: 300 sec this turn | 300 sec total | 10 sec grace\n|\n|t:|1783546184\n|switch|p2a: Cinderace|Cinderace, L77, F|157/250\n|turn|29\n|inactive|Time left: 300 sec this turn | 300 sec total\n|\n|t:|1783546185\n|move|p2a: Cinderace|Will-O-Wisp|p1a: Chi-Yu\n|-immune|p1a: Chi-Yu\n|move|p1a: Chi-Yu|Dark Pulse|p2a: Cinderace\n|-damage|p2a: Cinderace|0 fnt\n|faint|p2a: Cinderace\n|\n|win|p0x5470102", "uploadtime": 1783546185, "views": 0, "rating": 0, "private": 0, "password": null, "_winner": "p0x5470102", "_our_name": "p0y547725b"}