{"id": "battle-gen9randombattle-194", "formatid": "gen9randombattle", "format": "[Gen 9] Random Battle", "players": ["p0x194079f", "p0y194b6ad"], "log": "|init|battle\n|title|p0x194079f vs. p0y194b6ad\n|j|\u2606p0x194079f\n|j|\u2606p0y194b6ad\n|t:|1783541818\n|gametype|singles\n|player|p1|p0x194079f|170|\n|player|p2|p0y194b6ad|101|\n|gen|9\n|tier|[Gen 9] Random Battle\n|rule|Species Clause: Limit one of each Pok\u00e9mon\n|rule|HP Percentage Mod: HP is shown in percentages\n|rule|Sleep Clause Mod: Limit one foe put to sleep\n|rule|Illusion Level Mod: Illusion disguises the Pok\u00e9mon's true level\n|\n|t:|1783541818\n|teamsize|p1|6\n|teamsize|p2|6\n|start\n|switch|p1a: Glaceon|Glaceon, L94, F|275/275\n|switch|p2a: Slowking|Slowking-Galar, L85, M|100/100\n|turn|1\n|inactive|Battle timer is ON: inactive players will automatically lose when time's up. (requested by p0x194079f)\n|inactive|p0y194b6ad also wants the timer to be on.\n|\n|t:|1783541820\n|move|p1a: Glaceon|Calm Mind|p1a: Glaceon\n|-boost|p1a: Glaceon|spa|1\n|-boost|p1a: Glaceon|spd|1\n|move|p2a: Slowking|Sludge Bomb|p1a: Glaceon\n|-damage|p1a: Glaceon|217/275\n|\n|upkeep\n|turn|2\n|inactive|Time left: 300 sec this turn | 300 sec total\n|\n|t:|1783541821\n|switch|p2a: Ninetales|Ninetales-Alola, L78, F|100/100\n|-weather|Snowscape|[from] ability: Snow Warning|[of] p2a: Ninetales\n|move|p1a: Glaceon|Freeze-Dry|p2a: Ninetales\n|-resisted|p2a: Ninetales\n|-damage|p2a: Ninetales|64/100\n|\n|-weather|Snowscape|[upkeep]\n|-heal|p1a: Glaceon|234/275|[from] ability: Ice Body\n|upkeep\n|turn|3\n|inactive|Time left: 300 sec this turn | 300 sec total\n|\n|t:|1783541822\n|move|p2a: Ninetales|Aurora Veil|p2a: Ninetales\n|-sidestart|p2: p0y194b6ad|move: Aurora Veil\n|move|p1a: Glaceon|Freeze-Dry|p2a: Ninetales\n|-resisted|p2a: Ninetales\n|-damage|p2a: Ninetales|47/100\n|\n|-weather|Snowscape|[upkeep]\n|-heal|p1a: Glaceon|251/275|[from] ability: Ice Body\n|upkeep\n|turn|4\n|inactive|Time left: 300 sec this turn | 300 sec total\n|\n|t:|1783541823\n|move|p2a: Ninetales|Moonblast|p1a: Glaceon\n|-damage|p1a: Glaceon|208/275\n|move|p1a: Glaceon|Calm Mind|p1a: Glaceon\n|-boost|p1a: Glaceon|spa|1\n|-boost|p1a: Glaceon|spd|1\n|\n|-weather|Snowscape|[upkeep]\n|-heal|p1a: Glaceon|225/275|[from] ability: Ice Body\n|upkeep\n|turn|5\n|inactive|Time left: 300 sec this turn | 300 sec total\n|\n|t:|1783541825\n|move|p2a: Ninetales|Encore|p1a: Glaceon\n|-start|p1a: Glaceon|Encore\n|move|p1a: Glaceon|Calm Mind|p1a: Glaceon\n|-boost|p1a: Glaceon|spa|1\n|-boost|p1a: Glaceon|spd|1\n|\n|-weather|Snowscape|[upkeep]\n|-heal|p1a: Glaceon|242/275|[from] ability: Ice Body\n|upkeep\n|turn|6\n|inactive|Time left: 300 sec this turn | 300 sec total\n|\n|t:|1783541826\n|switch|p2a: Sneasler|Sneasler, L74, M|100/100\n|move|p1a: Glaceon|Calm Mind|p1a: Glaceon\n|-boost|p1a: Glaceon|spa|1\n|-boost|p1a: Glaceon|spd|1\n|\n|-weather|none\n|upkeep\n|turn|7\n|inactive|Time left: 300 sec this turn | 300 sec total\n|\n|t:|1783541827\n|move|p2a: Sneasler|Close Combat|p1a: Glaceon\n|-supereffective|p1a: Glaceon\n|-damage|p1a: Glaceon|0 fnt\n|-unboost|p2a: Sneasler|def|1\n|-unboost|p2a: Sneasler|spd|1\n|faint|p1a: Glaceon\n|\n|upkeep\n|inactive|Time left: 300 sec this turn | 300 sec total | 5 sec grace\n|\n|t:|1783541828\n|switch|p1a: Kricketune|Kricketune, L99, M|312/312\n|turn|8\n|inactive|Time left: 300 sec this turn | 300 sec total\n|\n|t:|1783541829\n|move|p2a: Sneasler|Close Combat|p1a: Kricketune\n|-resisted|p1a: Kricketune\n|-damage|p1a: Kricketune|202/312\n|-unboost|p2a: Sneasler|def|1\n|-unboost|p2a: Sneasler|spd|1\n|move|p1a: Kricketune|Sticky Web|p2a: Sneasler\n|-sidestart|p2: p0y194b6ad|move: Sticky Web\n|\n|upkeep\n|turn|9\n|inactive|Time left: 300 sec this turn | 300 sec total\n|\n|t:|1783541830\n|switch|p1a: Gouging Fire|Gouging Fire, L74|277/277\n|move|p2a: Sneasler|Close Combat|p1a: Gouging Fire\n|-damage|p1a: Gouging Fire|120/277\n|-unboost|p2a: Sneasler|def|1\n|-unboost|p2a: Sneasler|spd|1\n|\n|upkeep\n|turn|10\n|inactive|Time left: 300 sec this turn | 300 sec total\n|\n|t:|1783541830\n|move|p2a: Sneasler|Close Combat|p1a: Gouging Fire\n|-damage|p1a: Gouging Fire|0 fnt\n|-unboost|p2a: Sneasler|def|1\n|-unboost|p2a: Sneasler|spd|1\n|faint|p1a: Gouging Fire\n|-end|p1a: Gouging Fire|Protosynthesis|[silent]\n|\n|-sideend|p2: p0y194b6ad|move: Aurora Veil\n|upkeep\n|inactive|Time left: 300 sec this turn | 300 sec total | 5 sec grace\n|\n|t:|1783541831\n|switch|p1a: Ambipom|Ambipom, L84, M|263/263\n|turn|11\n|inactive|Time left: 300 sec this turn | 300 sec total\n|\n|t:|1783541832\n|switch|p2a: Houndstone|Houndstone, L86, F|100/100\n|-activate|p2a: Houndstone|move: Sticky Web\n|-unboost|p2a: Houndstone|spe|1\n|move|p1a: Ambipom|Double-Edge|p2a: Houndstone\n|-immune|p2a: Houndstone\n|\n|upkeep\n|turn|12\n|inactive|Time left: 300 sec this turn | 300 sec total\n|\n|t:|1783541833\n|move|p1a: Ambipom|Knock Off|p2a: Houndstone\n|-supereffective|p2a: Houndstone\n|-damage|p2a: Houndstone|77/100\n|-enditem|p2a: Houndstone|Leftovers|[from] move: Knock Off|[of] p1a: Ambipom\n|move|p2a: Houndstone|Body Press|p1a: Ambipom\n|-supereffective|p1a: Ambipom\n|-damage|p1a: Ambipom|119/263\n|\n|upkeep\n|turn|13\n|inactive|Time left: 300 sec this turn | 300 sec total\n|\n|t:|1783541833\n|move|p1a: Ambipom|U-turn|p2a: Houndstone\n|-resisted|p2a: Houndstone\n|-crit|p2a: Houndstone\n|-damage|p2a: Houndstone|71/100\n|inactive|Time left: 300 sec this turn | 300 sec total | 5 sec grace\n|\n|t:|1783541834\n|switch|p1a: Scrafty|Scrafty, L83, F|244/244|[from] U-turn\n|move|p2a: Houndstone|Body Press|p1a: Scrafty\n|-supereffective|p1a: Scrafty\n|-damage|p1a: Scrafty|142/244\n|\n|-heal|p1a: Scrafty|157/244|[from] item: Leftovers\n|upkeep\n|turn|14\n|inactive|Time left: 300 sec this turn | 300 sec total\n|\n|t:|1783541835\n|switch|p2a: Ninetales|Ninetales-Alola, L78, F|47/100\n|-activate|p2a: Ninetales|move: Sticky Web\n|-unboost|p2a: Ninetales|spe|1\n|-weather|Snowscape|[from] ability: Snow Warning|[of] p2a: Ninetales\n|move|p1a: Scrafty|Bulk Up|p1a: Scrafty\n|-boost|p1a: Scrafty|atk|1\n|-boost|p1a: Scrafty|def|1\n|\n|-weather|Snowscape|[upkeep]\n|-heal|p1a: Scrafty|172/244|[from] item: Leftovers\n|upkeep\n|turn|15\n|inactive|Time left: 300 sec this turn | 300 sec total\n|\n|t:|1783541835\n|-terastallize|p1a: Scrafty|Poison\n|move|p1a: Scrafty|Drain Punch|p2a: Ninetales\n|-damage|p2a: Ninetales|8/100\n|-heal|p1a: Scrafty|219/244|[from] drain|[of] p2a: Ninetales\n|move|p2a: Ninetales|Aurora Veil|p2a: Ninetales\n|-sidestart|p2: p0y194b6ad|move: Aurora Veil\n|\n|-weather|Snowscape|[upkeep]\n|-heal|p1a: Scrafty|234/244|[from] item: Leftovers\n|upkeep\n|turn|16\n|inactive|Time left: 300 sec this turn | 300 sec total\n|\n|t:|1783541836\n|move|p1a: Scrafty|Bulk Up|p1a: Scrafty\n|-boost|p1a: Scrafty|atk|1\n|-boost|p1a: Scrafty|def|1\n|move|p2a: Ninetales|Moonblast|p1a: Scrafty\n|-resisted|p1a: Scrafty\n|-damage|p1a: Scrafty|204/244\n|\n|-weather|Snowscape|[upkeep]\n|-heal|p1a: Scrafty|219/244|[from] item: Leftovers\n|upkeep\n|turn|17\n|inactive|Time left: 300 sec this turn | 300 sec total\n|\n|t:|1783541837\n|move|p1a: Scrafty|Knock Off|p2a: Ninetales\n|-resisted|p2a: Ninetales\n|-damage|p2a: Ninetales|0 fnt\n|-enditem|p2a: Ninetales|Light Clay|[from] move: Knock Off|[of] p1a: Scrafty\n|faint|p2a: Ninetales\n|\n|-weather|Snowscape|[upkeep]\n|-heal|p1a: Scrafty|234/244|[from] item: Leftovers\n|upkeep\n|\n|t:|1783541838\n|switch|p2a: Slowking|Slowking-Galar, L85, M|100/100\n|-activate|p2a: Slowking|move: Sticky Web\n|-unboost|p2a: Slowking|spe|1\n|turn|18\n|inactive|Time left: 300 sec this turn | 300 sec total\n|\n|t:|1783541839\n|-terastallize|p2a: Slowking|Fairy\n|move|p1a: Scrafty|Knock Off|p2a: Slowking\n|-resisted|p2a: Slowking\n|-damage|p2a: Slowking|83/100\n|-enditem|p2a: Slowking|Assault Vest|[from] move: Knock Off|[of] p1a: Scrafty\n|move|p2a: Slowking|Psychic Noise|p1a: Scrafty\n|-supereffective|p1a: Scrafty\n|-damage|p1a: Scrafty|96/244\n|-start|p1a: Scrafty|move: Heal Block\n|\n|-weather|none\n|upkeep\n|turn|19\n|inactive|Time left: 300 sec this turn | 300 sec total\n|\n|t:|1783541840\n|move|p1a: Scrafty|Bulk Up|p1a: Scrafty\n|-boost|p1a: Scrafty|atk|1\n|-boost|p1a: Scrafty|def|1\n|move|p2a: Slowking|Psychic Noise|p1a: Scrafty\n|-supereffective|p1a: Scrafty\n|-damage|p1a: Scrafty|0 fnt\n|faint|p1a: Scrafty\n|\n|upkeep\n|inactive|Time left: 300 sec this turn | 300 sec total | 5 sec grace\n|\n|t:|1783541841\n|switch|p1a: Ambipom|Ambipom, L84, M|119/263\n|turn|20\n|inactive|Time left: 300 sec this turn | 300 sec total\n|\n|t:|1783541842\n|move|p1a: Ambipom|Fake Out|p2a: Slowking\n|-damage|p2a: Slowking|70/100\n|cant|p2a: Slowking|flinch\n|\n|upkeep\n|turn|21\n|inactive|Time left: 300 sec this turn | 300 sec total\n|\n|t:|1783541843\n|move|p1a: Ambipom|U-turn|p2a: Slowking\n|-resisted|p2a: Slowking\n|-crit|p2a: Slowking\n|-damage|p2a: Slowking|56/100\n|inactive|Time left: 300 sec this turn | 300 sec total | 5 sec grace\n|\n|t:|1783541844\n|switch|p1a: Kricketune|Kricketune, L99, M|202/312|[from] U-turn\n|move|p2a: Slowking|Sludge Bomb|p1a: Kricketune\n|-damage|p1a: Kricketune|73/312\n|\n|upkeep\n|turn|22\n|inactive|Time left: 300 sec this turn | 300 sec total\n|\n|t:|1783541845\n|move|p1a: Kricketune|Pounce|p2a: Slowking\n|-resisted|p2a: Slowking\n|-damage|p2a: Slowking|47/100\n|-unboost|p2a: Slowking|spe|1\n|move|p2a: Slowking|Sludge Bomb|p1a: Kricketune\n|-crit|p1a: Kricketune\n|-damage|p1a: Kricketune|0 fnt\n|faint|p1a: Kricketune\n|\n|-sideend|p2: p0y194b6ad|move: Aurora Veil\n|upkeep\n|inactive|Time left: 300 sec this turn | 300 sec total | 5 sec grace\n|\n|t:|1783541847\n|switch|p1a: Virizion|Virizion, L82|283/283\n|turn|23\n|inactive|Time left: 300 sec this turn | 300 sec total\n|\n|t:|1783541848\n|move|p1a: Virizion|Swords Dance|p1a: Virizion\n|-boost|p1a: Virizion|atk|2\n|move|p2a: Slowking|Sludge Bomb|p1a: Virizion\n|-supereffective|p1a: Virizion\n|-crit|p1a: Virizion\n|-damage|p1a: Virizion|43/283\n|-status|p1a: Virizion|psn\n|\n|-damage|p1a: Virizion|8/283 psn|[from] psn\n|upkeep\n|turn|24\n|inactive|Time left: 300 sec this turn | 300 sec total\n|\n|t:|1783541849\n|switch|p2a: Houndstone|Houndstone, L86, F|71/100\n|-activate|p2a: Houndstone|move: Sticky Web\n|-unboost|p2a: Houndstone|spe|1\n|move|p1a: Virizion|Close Combat|p2a: Houndstone\n|-immune|p2a: Houndstone\n|\n|-damage|p1a: Virizion|0 fnt|[from] psn\n|faint|p1a: Virizion\n|upkeep\n|inactive|Time left: 300 sec this turn | 300 sec total | 5 sec grace\n|\n|t:|1783541850\n|switch|p1a: Ambipom|Ambipom, L84, M|119/263\n|turn|25\n|inactive|Time left: 300 sec this turn | 300 sec total\n|\n|t:|1783541851\n|move|p1a: Ambipom|Double-Edge|p2a: Houndstone\n|-immune|p2a: Houndstone\n|move|p2a: Houndstone|Body Press|p1a: Ambipom\n|-supereffective|p1a: Ambipom\n|-damage|p1a: Ambipom|0 fnt\n|faint|p1a: Ambipom\n|\n|win|p0y194b6ad", "uploadtime": 1783541851, "views": 0, "rating": 0, "private": 0, "password": null, "_winner": "p0y194b6ad", "_our_name": "p0x194079f"}