{"id": "battle-gen9randombattle-828", "formatid": "gen9randombattle", "format": "[Gen 9] Random Battle", "players": ["p0x828d05a", "p0y828654b"], "log": "|init|battle\n|title|p0x828d05a vs. p0y828654b\n|j|\u2606p0x828d05a\n|j|\u2606p0y828654b\n|t:|1783549501\n|gametype|singles\n|player|p1|p0x828d05a|265|\n|player|p2|p0y828654b|169|\n|gen|9\n|tier|[Gen 9] Random Battle\n|rule|Species Clause: Limit one of each Pok\u00e9mon\n|rule|HP Percentage Mod: HP is shown in percentages\n|rule|Sleep Clause Mod: Limit one foe put to sleep\n|rule|Illusion Level Mod: Illusion disguises the Pok\u00e9mon's true level\n|\n|t:|1783549501\n|teamsize|p1|6\n|teamsize|p2|6\n|start\n|switch|p1a: Solgaleo|Solgaleo, L74|100/100\n|switch|p2a: Mewtwo|Mewtwo, L72|272/272\n|-ability|p2a: Mewtwo|Unnerve\n|turn|1\n|inactive|Battle timer is ON: inactive players will automatically lose when time's up. (requested by p0x828d05a)\n|inactive|Time left: 300 sec this turn | 300 sec total | 60 sec grace\n|inactive|p0y828654b also wants the timer to be on.\n|\n|t:|1783549503\n|move|p2a: Mewtwo|Nasty Plot|p2a: Mewtwo\n|-boost|p2a: Mewtwo|spa|2\n|move|p1a: Solgaleo|Knock Off|p2a: Mewtwo\n|-supereffective|p2a: Mewtwo\n|-damage|p2a: Mewtwo|118/272\n|-enditem|p2a: Mewtwo|Life Orb|[from] move: Knock Off|[of] p1a: Solgaleo\n|\n|upkeep\n|turn|2\n|inactive|Time left: 300 sec this turn | 300 sec total\n|\n|t:|1783549504\n|move|p2a: Mewtwo|Fire Blast|p1a: Solgaleo\n|-supereffective|p1a: Solgaleo\n|-damage|p1a: Solgaleo|0 fnt\n|faint|p1a: Solgaleo\n|\n|upkeep\n|\n|t:|1783549506\n|switch|p1a: Barraskewda|Barraskewda, L81, F|100/100\n|turn|3\n|inactive|Time left: 300 sec this turn | 300 sec total\n|\n|t:|1783549507\n|move|p1a: Barraskewda|Waterfall|p2a: Mewtwo\n|-damage|p2a: Mewtwo|0 fnt\n|faint|p2a: Mewtwo\n|\n|upkeep\n|inactive|Time left: 300 sec this turn | 300 sec total | 5 sec grace\n|\n|t:|1783549508\n|switch|p2a: Crawdaunt|Crawdaunt, L84, F|243/243\n|turn|4\n|inactive|Time left: 300 sec this turn | 300 sec total\n|\n|t:|1783549509\n|move|p1a: Barraskewda|Waterfall|p2a: Crawdaunt\n|-resisted|p2a: Crawdaunt\n|-damage|p2a: Crawdaunt|173/243\n|move|p2a: Crawdaunt|Knock Off|p1a: Barraskewda\n|-damage|p1a: Barraskewda|0 fnt\n|-enditem|p1a: Barraskewda|Choice Band|[from] move: Knock Off|[of] p2a: Crawdaunt\n|faint|p1a: Barraskewda\n|-damage|p2a: Crawdaunt|149/243|[from] item: Life Orb\n|\n|upkeep\n|\n|t:|1783549510\n|switch|p1a: Ampharos|Ampharos, L88, M|100/100\n|turn|5\n|inactive|Time left: 300 sec this turn | 300 sec total\n|\n|t:|1783549511\n|switch|p2a: Bellibolt|Bellibolt, L84, F|320/320\n|move|p1a: Ampharos|Thunderbolt|p2a: Bellibolt\n|-resisted|p2a: Bellibolt\n|-damage|p2a: Bellibolt|239/320\n|-start|p2a: Bellibolt|Charge|Thunderbolt|[from] ability: Electromorphosis\n|-damage|p1a: Ampharos|91/100|[from] item: Life Orb\n|\n|-heal|p2a: Bellibolt|259/320|[from] item: Leftovers\n|upkeep\n|turn|6\n|inactive|Time left: 300 sec this turn | 300 sec total\n|\n|t:|1783549513\n|move|p1a: Ampharos|Agility|p1a: Ampharos\n|-boost|p1a: Ampharos|spe|2\n|move|p2a: Bellibolt|Thunderbolt|p1a: Ampharos\n|-resisted|p1a: Ampharos\n|-crit|p1a: Ampharos\n|-damage|p1a: Ampharos|43/100\n|-end|p2a: Bellibolt|Charge|[silent]\n|\n|-heal|p2a: Bellibolt|279/320|[from] item: Leftovers\n|upkeep\n|turn|7\n|inactive|Time left: 300 sec this turn | 300 sec total\n|\n|t:|1783549514\n|move|p1a: Ampharos|Focus Blast|p2a: Bellibolt|[miss]\n|-miss|p1a: Ampharos|p2a: Bellibolt\n|move|p2a: Bellibolt|Toxic|p1a: Ampharos\n|-status|p1a: Ampharos|tox\n|\n|-heal|p2a: Bellibolt|299/320|[from] item: Leftovers\n|-damage|p1a: Ampharos|37/100 tox|[from] psn\n|upkeep\n|turn|8\n|inactive|Time left: 300 sec this turn | 300 sec total\n|\n|t:|1783549515\n|switch|p1a: Conkeldurr|Conkeldurr, L80, F|100/100\n|move|p2a: Bellibolt|Muddy Water|p1a: Conkeldurr\n|-damage|p1a: Conkeldurr|72/100\n|\n|-heal|p2a: Bellibolt|319/320|[from] item: Leftovers\n|-status|p1a: Conkeldurr|brn|[from] item: Flame Orb\n|upkeep\n|turn|9\n|inactive|Time left: 300 sec this turn | 300 sec total\n|\n|t:|1783549516\n|move|p2a: Bellibolt|Thunderbolt|p1a: Conkeldurr\n|-damage|p1a: Conkeldurr|26/100 brn\n|move|p1a: Conkeldurr|Knock Off|p2a: Bellibolt\n|-damage|p2a: Bellibolt|202/320\n|-start|p2a: Bellibolt|Charge|Knock Off|[from] ability: Electromorphosis\n|-enditem|p2a: Bellibolt|Leftovers|[from] move: Knock Off|[of] p1a: Conkeldurr\n|\n|-damage|p1a: Conkeldurr|20/100 brn|[from] brn\n|upkeep\n|turn|10\n|inactive|Time left: 300 sec this turn | 300 sec total\n|\n|t:|1783549517\n|switch|p1a: Ampharos|Ampharos, L88, M|37/100 tox\n|move|p2a: Bellibolt|Thunderbolt|p1a: Ampharos\n|-resisted|p1a: Ampharos\n|-damage|p1a: Ampharos|7/100 tox\n|-end|p2a: Bellibolt|Charge|[silent]\n|\n|-damage|p1a: Ampharos|1/100 tox|[from] psn\n|upkeep\n|turn|11\n|inactive|Time left: 300 sec this turn | 300 sec total\n|\n|t:|1783549518\n|move|p1a: Ampharos|Thunderbolt|p2a: Bellibolt\n|-resisted|p2a: Bellibolt\n|-damage|p2a: Bellibolt|120/320\n|-start|p2a: Bellibolt|Charge|Thunderbolt|[from] ability: Electromorphosis\n|-damage|p1a: Ampharos|0 fnt|[from] item: Life Orb\n|faint|p1a: Ampharos\n|move|p2a: Bellibolt|Slack Off|p2a: Bellibolt\n|-heal|p2a: Bellibolt|280/320\n|\n|upkeep\n|\n|t:|1783549518\n|switch|p1a: Enamorus|Enamorus, L79, F|100/100\n|turn|12\n|inactive|Time left: 300 sec this turn | 300 sec total\n|\n|t:|1783549519\n|-terastallize|p1a: Enamorus|Ground\n|move|p1a: Enamorus|Calm Mind|p1a: Enamorus\n|-boost|p1a: Enamorus|spa|1\n|-boost|p1a: Enamorus|spd|1\n|move|p2a: Bellibolt|Thunderbolt|p1a: Enamorus\n|-immune|p1a: Enamorus\n|-end|p2a: Bellibolt|Charge|[silent]\n|\n|upkeep\n|turn|13\n|inactive|Time left: 300 sec this turn | 300 sec total\n|\n|t:|1783549520\n|move|p1a: Enamorus|Earth Power|p2a: Bellibolt\n|-supereffective|p2a: Bellibolt\n|-damage|p2a: Bellibolt|0 fnt\n|faint|p2a: Bellibolt\n|\n|upkeep\n|inactive|Time left: 300 sec this turn | 300 sec total | 5 sec grace\n|\n|t:|1783549521\n|switch|p2a: Crawdaunt|Crawdaunt, L84, F|149/243\n|turn|14\n|inactive|Time left: 300 sec this turn | 300 sec total\n|\n|t:|1783549522\n|move|p2a: Crawdaunt|Aqua Jet|p1a: Enamorus\n|-supereffective|p1a: Enamorus\n|-damage|p1a: Enamorus|10/100\n|-damage|p2a: Crawdaunt|125/243|[from] item: Life Orb\n|move|p1a: Enamorus|Moonblast|p2a: Crawdaunt\n|-supereffective|p2a: Crawdaunt\n|-damage|p2a: Crawdaunt|0 fnt\n|faint|p2a: Crawdaunt\n|\n|upkeep\n|inactive|Time left: 300 sec this turn | 300 sec total | 5 sec grace\n|\n|t:|1783549523\n|switch|p2a: Calyrex|Calyrex-Shadow, L64|235/235\n|-ability|p2a: Calyrex|As One\n|-ability|p2a: Calyrex|Unnerve\n|turn|15\n|inactive|Time left: 300 sec this turn | 300 sec total\n|\n|t:|1783549523\n|move|p2a: Calyrex|Astral Barrage|p1a: Enamorus\n|-damage|p1a: Enamorus|0 fnt\n|faint|p1a: Enamorus\n|-ability|p2a: Calyrex|Grim Neigh|boost\n|-boost|p2a: Calyrex|spa|1\n|\n|upkeep\n|\n|t:|1783549524\n|switch|p1a: Pecharunt|Pecharunt, L77|100/100\n|turn|16\n|inactive|Time left: 300 sec this turn | 300 sec total\n|\n|t:|1783549525\n|move|p2a: Calyrex|Astral Barrage|p1a: Pecharunt\n|-supereffective|p1a: Pecharunt\n|-damage|p1a: Pecharunt|0 fnt\n|faint|p1a: Pecharunt\n|-ability|p2a: Calyrex|Grim Neigh|boost\n|-boost|p2a: Calyrex|spa|1\n|\n|upkeep\n|\n|t:|1783549526\n|switch|p1a: Conkeldurr|Conkeldurr, L80, F|20/100 brn\n|turn|17\n|inactive|Time left: 300 sec this turn | 300 sec total\n|\n|t:|1783549527\n|-terastallize|p2a: Calyrex|Ghost\n|move|p1a: Conkeldurr|Mach Punch|p2a: Calyrex\n|-immune|p2a: Calyrex\n|move|p2a: Calyrex|Astral Barrage|p1a: Conkeldurr\n|-damage|p1a: Conkeldurr|0 fnt\n|faint|p1a: Conkeldurr\n|\n|win|p0y828654b", "uploadtime": 1783549527, "views": 0, "rating": 0, "private": 0, "password": null, "_winner": "p0y828654b", "_our_name": "p0y828654b"}