{"id": "battle-gen9randombattle-1546", "formatid": "gen9randombattle", "format": "[Gen 9] Random Battle", "players": ["p0x1546e8fd", "p0y1546482c"], "log": "|init|battle\n|title|p0x1546e8fd vs. p0y1546482c\n|j|\u2606p0x1546e8fd\n|j|\u2606p0y1546482c\n|t:|1783557070\n|gametype|singles\n|player|p1|p0x1546e8fd|266|\n|player|p2|p0y1546482c|266|\n|gen|9\n|tier|[Gen 9] Random Battle\n|rule|Species Clause: Limit one of each Pok\u00e9mon\n|rule|HP Percentage Mod: HP is shown in percentages\n|rule|Sleep Clause Mod: Limit one foe put to sleep\n|rule|Illusion Level Mod: Illusion disguises the Pok\u00e9mon's true level\n|\n|t:|1783557070\n|teamsize|p1|6\n|teamsize|p2|6\n|start\n|switch|p1a: Toedscruel|Toedscruel, L87, F|281/281\n|switch|p2a: Swalot|Swalot, L90, M|100/100\n|turn|1\n|inactive|Battle timer is ON: inactive players will automatically lose when time's up. (requested by p0y1546482c)\n|inactive|Time left: 300 sec this turn | 300 sec total | 60 sec grace\n|inactive|p0x1546e8fd also wants the timer to be on.\n|\n|t:|1783557072\n|move|p1a: Toedscruel|Earth Power|p2a: Swalot\n|-supereffective|p2a: Swalot\n|-damage|p2a: Swalot|52/100\n|-unboost|p2a: Swalot|spd|1\n|move|p2a: Swalot|Gunk Shot|p1a: Toedscruel\n|-damage|p1a: Toedscruel|140/281\n|-status|p1a: Toedscruel|psn\n|\n|-heal|p1a: Toedscruel|157/281 psn|[from] item: Leftovers\n|-heal|p2a: Swalot|58/100|[from] item: Leftovers\n|-damage|p1a: Toedscruel|122/281 psn|[from] psn\n|upkeep\n|turn|2\n|inactive|Time left: 300 sec this turn | 300 sec total\n|\n|t:|1783557073\n|switch|p2a: Mudsdale|Mudsdale, L83, F|100/100\n|move|p1a: Toedscruel|Earth Power|p2a: Mudsdale\n|-damage|p2a: Mudsdale|70/100\n|-ability|p2a: Mudsdale|Stamina|boost\n|-boost|p2a: Mudsdale|def|1\n|\n|-heal|p1a: Toedscruel|139/281 psn|[from] item: Leftovers\n|-heal|p2a: Mudsdale|76/100|[from] item: Leftovers\n|-damage|p1a: Toedscruel|104/281 psn|[from] psn\n|upkeep\n|turn|3\n|inactive|Time left: 300 sec this turn | 300 sec total\n|\n|t:|1783557074\n|move|p1a: Toedscruel|Giga Drain|p2a: Mudsdale\n|-supereffective|p2a: Mudsdale\n|-damage|p2a: Mudsdale|24/100\n|-heal|p1a: Toedscruel|182/281 psn|[from] drain|[of] p2a: Mudsdale\n|-ability|p2a: Mudsdale|Stamina|boost\n|-boost|p2a: Mudsdale|def|1\n|move|p2a: Mudsdale|Earthquake|p1a: Toedscruel\n|-resisted|p1a: Toedscruel\n|-damage|p1a: Toedscruel|104/281 psn\n|\n|-heal|p1a: Toedscruel|121/281 psn|[from] item: Leftovers\n|-heal|p2a: Mudsdale|30/100|[from] item: Leftovers\n|-damage|p1a: Toedscruel|86/281 psn|[from] psn\n|upkeep\n|turn|4\n|inactive|Time left: 300 sec this turn | 300 sec total\n|\n|t:|1783557075\n|move|p1a: Toedscruel|Earth Power|p2a: Mudsdale\n|-damage|p2a: Mudsdale|0 fnt\n|faint|p2a: Mudsdale\n|\n|-heal|p1a: Toedscruel|103/281 psn|[from] item: Leftovers\n|-damage|p1a: Toedscruel|68/281 psn|[from] psn\n|upkeep\n|\n|t:|1783557076\n|switch|p2a: Froslass|Froslass, L87, F|100/100\n|turn|5\n|inactive|Time left: 300 sec this turn | 300 sec total\n|\n|t:|1783557078\n|switch|p1a: Porygon2|Porygon2, L81|270/270\n|-ability|p1a: Porygon2|Download|boost\n|-boost|p1a: Porygon2|spa|1\n|move|p2a: Froslass|Triple Axel|p1a: Porygon2\n|-damage|p1a: Porygon2|255/270\n|-damage|p1a: Porygon2|227/270\n|-damage|p1a: Porygon2|188/270\n|-hitcount|p1a: Porygon2|3\n|\n|upkeep\n|turn|6\n|inactive|Time left: 300 sec this turn | 300 sec total\n|\n|t:|1783557079\n|switch|p2a: Swalot|Swalot, L90, M|58/100\n|move|p1a: Porygon2|Discharge|p2a: Swalot\n|-damage|p2a: Swalot|35/100\n|\n|-heal|p2a: Swalot|41/100|[from] item: Leftovers\n|upkeep\n|turn|7\n|inactive|Time left: 300 sec this turn | 300 sec total\n|\n|t:|1783557080\n|move|p2a: Swalot|Swords Dance|p2a: Swalot\n|-boost|p2a: Swalot|atk|2\n|move|p1a: Porygon2|Ice Beam|p2a: Swalot\n|-damage|p2a: Swalot|11/100\n|\n|-heal|p2a: Swalot|17/100|[from] item: Leftovers\n|upkeep\n|turn|8\n|inactive|Time left: 300 sec this turn | 300 sec total\n|\n|t:|1783557081\n|move|p2a: Swalot|Gunk Shot|p1a: Porygon2|[miss]\n|-miss|p2a: Swalot|p1a: Porygon2\n|move|p1a: Porygon2|Tri Attack|p2a: Swalot\n|-damage|p2a: Swalot|0 fnt\n|faint|p2a: Swalot\n|\n|upkeep\n|\n|t:|1783557082\n|switch|p2a: Poliwrath|Poliwrath, L88, M|100/100\n|turn|9\n|inactive|Time left: 300 sec this turn | 300 sec total\n|\n|t:|1783557082\n|move|p2a: Poliwrath|Close Combat|p1a: Porygon2\n|-supereffective|p1a: Porygon2\n|-damage|p1a: Porygon2|0 fnt\n|-unboost|p2a: Poliwrath|def|1\n|-unboost|p2a: Poliwrath|spd|1\n|faint|p1a: Porygon2\n|-damage|p2a: Poliwrath|91/100|[from] item: Life Orb\n|\n|upkeep\n|inactive|Time left: 300 sec this turn | 300 sec total | 5 sec grace\n|\n|t:|1783557083\n|switch|p1a: Kricketune|Kricketune, L99, F|312/312\n|turn|10\n|inactive|Time left: 300 sec this turn | 300 sec total\n|\n|t:|1783557085\n|move|p1a: Kricketune|Sticky Web|p2a: Poliwrath\n|-sidestart|p2: p0y1546482c|move: Sticky Web\n|move|p2a: Poliwrath|Knock Off|p1a: Kricketune\n|-damage|p1a: Kricketune|187/312\n|-enditem|p1a: Kricketune|Heavy-Duty Boots|[from] move: Knock Off|[of] p2a: Poliwrath\n|-damage|p2a: Poliwrath|81/100|[from] item: Life Orb\n|\n|upkeep\n|turn|11\n|inactive|Time left: 300 sec this turn | 300 sec total\n|\n|t:|1783557085\n|move|p1a: Kricketune|Pounce|p2a: Poliwrath\n|-resisted|p2a: Poliwrath\n|-damage|p2a: Poliwrath|57/100\n|-unboost|p2a: Poliwrath|spe|1\n|move|p2a: Poliwrath|Liquidation|p1a: Kricketune\n|-damage|p1a: Kricketune|35/312\n|-damage|p2a: Poliwrath|47/100|[from] item: Life Orb\n|\n|upkeep\n|turn|12\n|inactive|Time left: 300 sec this turn | 300 sec total\n|\n|t:|1783557087\n|switch|p2a: Torkoal|Torkoal, L88, M|100/100\n|-weather|SunnyDay|[from] ability: Drought|[of] p2a: Torkoal\n|move|p1a: Kricketune|Knock Off|p2a: Torkoal\n|-damage|p2a: Torkoal|79/100\n|-enditem|p2a: Torkoal|Heavy-Duty Boots|[from] move: Knock Off|[of] p1a: Kricketune\n|\n|-weather|SunnyDay|[upkeep]\n|upkeep\n|turn|13\n|inactive|Time left: 300 sec this turn | 300 sec total\n|\n|t:|1783557088\n|-terastallize|p1a: Kricketune|Ghost\n|move|p1a: Kricketune|Pounce|p2a: Torkoal\n|-resisted|p2a: Torkoal\n|-damage|p2a: Torkoal|68/100\n|-unboost|p2a: Torkoal|spe|1\n|move|p2a: Torkoal|Rapid Spin|p1a: Kricketune\n|-immune|p1a: Kricketune\n|\n|-weather|SunnyDay|[upkeep]\n|upkeep\n|turn|14\n|inactive|Time left: 300 sec this turn | 300 sec total\n|\n|t:|1783557089\n|move|p1a: Kricketune|Pounce|p2a: Torkoal\n|-resisted|p2a: Torkoal\n|-damage|p2a: Torkoal|57/100\n|-unboost|p2a: Torkoal|spe|1\n|move|p2a: Torkoal|Lava Plume|p1a: Kricketune\n|-damage|p1a: Kricketune|0 fnt\n|faint|p1a: Kricketune\n|\n|-weather|SunnyDay|[upkeep]\n|upkeep\n|inactive|Time left: 300 sec this turn | 300 sec total | 5 sec grace\n|\n|t:|1783557090\n|switch|p1a: Groudon|Groudon, L72|263/263\n|turn|15\n|inactive|Time left: 300 sec this turn | 300 sec total\n|\n|t:|1783557091\n|-terastallize|p2a: Torkoal|Dragon\n|move|p1a: Groudon|Precipice Blades|p2a: Torkoal\n|-damage|p2a: Torkoal|24/100\n|move|p2a: Torkoal|Rapid Spin|p1a: Groudon\n|-damage|p1a: Groudon|236/263\n|-boost|p2a: Torkoal|spe|1\n|-sideend|p2: p0y1546482c|Sticky Web|[from] move: Rapid Spin|[of] p2a: Torkoal\n|\n|-weather|SunnyDay|[upkeep]\n|-heal|p1a: Groudon|252/263|[from] item: Leftovers\n|upkeep\n|turn|16\n|inactive|Time left: 300 sec this turn | 300 sec total\n|\n|t:|1783557092\n|move|p1a: Groudon|Precipice Blades|p2a: Torkoal\n|-damage|p2a: Torkoal|0 fnt\n|faint|p2a: Torkoal\n|\n|-weather|none\n|-heal|p1a: Groudon|263/263|[from] item: Leftovers\n|upkeep\n|\n|t:|1783557093\n|switch|p2a: Poliwrath|Poliwrath, L88, M|47/100\n|turn|17\n|inactive|Time left: 300 sec this turn | 300 sec total\n|\n|t:|1783557094\n|switch|p1a: Granbull|Granbull, L88, F|302/302\n|-ability|p1a: Granbull|Intimidate|boost\n|-unboost|p2a: Poliwrath|atk|1\n|move|p2a: Poliwrath|Liquidation|p1a: Granbull\n|-damage|p1a: Granbull|208/302\n|-unboost|p1a: Granbull|def|1\n|-damage|p2a: Poliwrath|37/100|[from] item: Life Orb\n|\n|-heal|p1a: Granbull|226/302|[from] item: Leftovers\n|upkeep\n|turn|18\n|inactive|Time left: 300 sec this turn | 300 sec total\n|\n|t:|1783557095\n|switch|p1a: Groudon|Groudon, L72|263/263\n|-weather|SunnyDay|[from] ability: Drought|[of] p1a: Groudon\n|move|p2a: Poliwrath|Liquidation|p1a: Groudon\n|-supereffective|p1a: Groudon\n|-damage|p1a: Groudon|190/263\n|-damage|p2a: Poliwrath|27/100|[from] item: Life Orb\n|\n|-weather|SunnyDay|[upkeep]\n|-heal|p1a: Groudon|206/263|[from] item: Leftovers\n|upkeep\n|turn|19\n|inactive|Time left: 300 sec this turn | 300 sec total\n|\n|t:|1783557096\n|move|p2a: Poliwrath|Knock Off|p1a: Groudon\n|-damage|p1a: Groudon|154/263\n|-enditem|p1a: Groudon|Leftovers|[from] move: Knock Off|[of] p2a: Poliwrath\n|-damage|p2a: Poliwrath|17/100|[from] item: Life Orb\n|move|p1a: Groudon|Stealth Rock|p2a: Poliwrath\n|-sidestart|p2: p0y1546482c|move: Stealth Rock\n|\n|-weather|SunnyDay|[upkeep]\n|upkeep\n|turn|20\n|inactive|Time left: 300 sec this turn | 300 sec total\n|\n|t:|1783557097\n|switch|p1a: Granbull|Granbull, L88, F|226/302\n|-ability|p1a: Granbull|Intimidate|boost\n|-unboost|p2a: Poliwrath|atk|1\n|move|p2a: Poliwrath|Rain Dance|p2a: Poliwrath\n|-weather|RainDance\n|\n|-weather|RainDance|[upkeep]\n|-heal|p1a: Granbull|244/302|[from] item: Leftovers\n|upkeep\n|turn|21\n|inactive|Time left: 300 sec this turn | 300 sec total\n|\n|t:|1783557098\n|move|p2a: Poliwrath|Liquidation|p1a: Granbull\n|-damage|p1a: Granbull|141/302\n|-damage|p2a: Poliwrath|7/100|[from] item: Life Orb\n|move|p1a: Granbull|Play Rough|p2a: Poliwrath\n|-supereffective|p2a: Poliwrath\n|-damage|p2a: Poliwrath|0 fnt\n|faint|p2a: Poliwrath\n|\n|-weather|RainDance|[upkeep]\n|-heal|p1a: Granbull|159/302|[from] item: Leftovers\n|upkeep\n|\n|t:|1783557099\n|switch|p2a: Froslass|Froslass, L87, F|100/100\n|-damage|p2a: Froslass|76/100|[from] Stealth Rock\n|turn|22\n|inactive|Time left: 300 sec this turn | 300 sec total\n|\n|t:|1783557100\n|move|p2a: Froslass|Triple Axel|p1a: Granbull\n|-damage|p1a: Granbull|137/302\n|-damage|p1a: Granbull|97/302\n|-damage|p1a: Granbull|33/302\n|-hitcount|p1a: Granbull|3\n|move|p1a: Granbull|Thunder Wave|p2a: Froslass\n|-status|p2a: Froslass|par\n|\n|-weather|RainDance|[upkeep]\n|-heal|p1a: Granbull|51/302|[from] item: Leftovers\n|upkeep\n|turn|23\n|inactive|Time left: 300 sec this turn | 300 sec total\n|\n|t:|1783557101\n|move|p1a: Granbull|Play Rough|p2a: Froslass\n|-damage|p2a: Froslass|26/100 par\n|cant|p2a: Froslass|par\n|\n|-weather|RainDance|[upkeep]\n|-heal|p1a: Granbull|69/302|[from] item: Leftovers\n|upkeep\n|turn|24\n|inactive|Time left: 300 sec this turn | 300 sec total\n|\n|t:|1783557102\n|move|p1a: Granbull|Play Rough|p2a: Froslass\n|-damage|p2a: Froslass|0 fnt\n|-start|p1a: Granbull|Disable|Play Rough|[from] ability: Cursed Body|[of] p2a: Froslass\n|faint|p2a: Froslass\n|\n|-weather|none\n|-heal|p1a: Granbull|87/302|[from] item: Leftovers\n|upkeep\n|\n|t:|1783557103\n|switch|p2a: Volbeat|Volbeat, L90, M|100/100\n|turn|25\n|inactive|Time left: 300 sec this turn | 300 sec total\n|\n|t:|1783557104\n|switch|p1a: Groudon|Groudon, L72|154/263\n|-weather|SunnyDay|[from] ability: Drought|[of] p1a: Groudon\n|move|p2a: Volbeat|Roost||[still]\n|-fail|p2a: Volbeat|heal\n|\n|-weather|SunnyDay|[upkeep]\n|upkeep\n|turn|26\n|inactive|Time left: 300 sec this turn | 300 sec total\n|\n|t:|1783557105\n|move|p2a: Volbeat|Encore||[still]\n|-fail|p2a: Volbeat\n|move|p1a: Groudon|Heat Crash|p2a: Volbeat\n|-supereffective|p2a: Volbeat\n|-damage|p2a: Volbeat|0 fnt\n|faint|p2a: Volbeat\n|\n|win|p0x1546e8fd", "uploadtime": 1783557105, "views": 0, "rating": 0, "private": 0, "password": null, "_winner": "p0x1546e8fd", "_our_name": "p0x1546e8fd"}