{"id": "battle-gen9randombattle-1842", "formatid": "gen9randombattle", "format": "[Gen 9] Random Battle", "players": ["p0x1842615c", "p0y1842b6e6"], "log": "|init|battle\n|title|p0x1842615c vs. p0y1842b6e6\n|j|\u2606p0x1842615c\n|j|\u2606p0y1842b6e6\n|t:|1783560584\n|gametype|singles\n|player|p1|p0x1842615c|266|\n|player|p2|p0y1842b6e6|1|\n|gen|9\n|tier|[Gen 9] Random Battle\n|rule|Species Clause: Limit one of each Pok\u00e9mon\n|rule|HP Percentage Mod: HP is shown in percentages\n|rule|Sleep Clause Mod: Limit one foe put to sleep\n|rule|Illusion Level Mod: Illusion disguises the Pok\u00e9mon's true level\n|\n|t:|1783560584\n|teamsize|p1|6\n|teamsize|p2|6\n|start\n|switch|p1a: Ditto|Ditto, L87|225/225\n|switch|p2a: Hawlucha|Hawlucha, L80, F|100/100\n|-transform|p1a: Ditto|p2a: Hawlucha|[from] ability: Imposter\n|turn|1\n|inactive|Battle timer is ON: inactive players will automatically lose when time's up. (requested by p0y1842b6e6)\n|inactive|Time left: 300 sec this turn | 300 sec total | 60 sec grace\n|inactive|p0x1842615c also wants the timer to be on.\n|\n|t:|1783560586\n|switch|p1a: Hariyama|Hariyama, L87, F|392/392\n|move|p2a: Hawlucha|Acrobatics|p1a: Hariyama\n|-supereffective|p1a: Hariyama\n|-damage|p1a: Hariyama|260/392\n|\n|-status|p1a: Hariyama|brn|[from] item: Flame Orb\n|upkeep\n|turn|2\n|inactive|Time left: 300 sec this turn | 300 sec total\n|\n|t:|1783560587\n|move|p2a: Hawlucha|Close Combat|p1a: Hariyama\n|-damage|p1a: Hariyama|113/392 brn\n|-unboost|p2a: Hawlucha|def|1\n|-unboost|p2a: Hawlucha|spd|1\n|-enditem|p2a: Hawlucha|White Herb\n|-clearnegativeboost|p2a: Hawlucha|[silent]\n|move|p1a: Hariyama|Facade|p2a: Hawlucha\n|-damage|p2a: Hawlucha|20/100\n|\n|-damage|p1a: Hariyama|89/392 brn|[from] brn\n|upkeep\n|turn|3\n|inactive|Time left: 300 sec this turn | 300 sec total\n|\n|t:|1783560589\n|move|p1a: Hariyama|Bullet Punch|p2a: Hawlucha\n|-damage|p2a: Hawlucha|0 fnt\n|faint|p2a: Hawlucha\n|\n|-damage|p1a: Hariyama|65/392 brn|[from] brn\n|upkeep\n|\n|t:|1783560590\n|switch|p2a: Necrozma|Necrozma-Dawn-Wings, L76|100/100\n|turn|4\n|inactive|Time left: 300 sec this turn | 300 sec total\n|\n|t:|1783560590\n|switch|p1a: Golduck|Golduck, L90, F|290/290\n|-ability|p1a: Golduck|Cloud Nine\n|move|p2a: Necrozma|Photon Geyser|p1a: Golduck\n|-damage|p1a: Golduck|154/290\n|\n|-heal|p1a: Golduck|172/290|[from] item: Leftovers\n|upkeep\n|turn|5\n|inactive|Time left: 300 sec this turn | 300 sec total\n|\n|t:|1783560592\n|move|p1a: Golduck|Nasty Plot|p1a: Golduck\n|-boost|p1a: Golduck|spa|2\n|move|p2a: Necrozma|Moongeist Beam|p1a: Golduck\n|-damage|p1a: Golduck|36/290\n|\n|-heal|p1a: Golduck|54/290|[from] item: Leftovers\n|upkeep\n|turn|6\n|inactive|Time left: 300 sec this turn | 300 sec total\n|\n|t:|1783560593\n|-terastallize|p1a: Golduck|Water\n|move|p1a: Golduck|Hydro Pump|p2a: Necrozma|[miss]\n|-miss|p1a: Golduck|p2a: Necrozma\n|move|p2a: Necrozma|Photon Geyser|p1a: Golduck\n|-damage|p1a: Golduck|0 fnt\n|faint|p1a: Golduck\n|\n|upkeep\n|inactive|Time left: 300 sec this turn | 300 sec total | 5 sec grace\n|\n|t:|1783560593\n|switch|p1a: Garchomp|Garchomp, L74, F|282/282\n|turn|7\n|inactive|Time left: 300 sec this turn | 300 sec total\n|\n|t:|1783560594\n|move|p1a: Garchomp|Swords Dance|p1a: Garchomp\n|-boost|p1a: Garchomp|atk|2\n|move|p2a: Necrozma|Photon Geyser|p1a: Garchomp\n|-damage|p1a: Garchomp|140/282\n|\n|upkeep\n|turn|8\n|inactive|Time left: 300 sec this turn | 300 sec total\n|\n|t:|1783560595\n|move|p1a: Garchomp|Earthquake|p2a: Necrozma\n|-damage|p2a: Necrozma|25/100\n|move|p2a: Necrozma|Moongeist Beam|p1a: Garchomp\n|-damage|p1a: Garchomp|0 fnt\n|faint|p1a: Garchomp\n|\n|-heal|p2a: Necrozma|31/100|[from] item: Leftovers\n|upkeep\n|inactive|Time left: 300 sec this turn | 300 sec total | 5 sec grace\n|\n|t:|1783560596\n|switch|p1a: Sandaconda|Sandaconda, L84, F|258/258\n|turn|9\n|inactive|Time left: 300 sec this turn | 300 sec total\n|\n|t:|1783560597\n|switch|p2a: Swanna|Swanna, L89, M|100/100\n|move|p1a: Sandaconda|Earthquake|p2a: Swanna\n|-immune|p2a: Swanna\n|\n|upkeep\n|turn|10\n|inactive|Time left: 300 sec this turn | 300 sec total\n|\n|t:|1783560598\n|switch|p1a: Eternatus|Eternatus, L69|308/308\n|-ability|p1a: Eternatus|Pressure\n|move|p2a: Swanna|Hydro Pump|p1a: Eternatus\n|-resisted|p1a: Eternatus\n|-damage|p1a: Eternatus|243/308\n|\n|upkeep\n|turn|11\n|inactive|Time left: 300 sec this turn | 300 sec total\n|\n|t:|1783560599\n|switch|p2a: Stantler|Stantler, L92, M|100/100\n|-ability|p2a: Stantler|Intimidate|boost\n|-unboost|p1a: Eternatus|atk|1\n|move|p1a: Eternatus|Dynamax Cannon|p2a: Stantler\n|-damage|p2a: Stantler|76/100\n|\n|upkeep\n|turn|12\n|inactive|Time left: 300 sec this turn | 300 sec total\n|\n|t:|1783560599\n|move|p1a: Eternatus|Dynamax Cannon|p2a: Stantler\n|-damage|p2a: Stantler|51/100\n|move|p2a: Stantler|Earthquake|p1a: Eternatus\n|-supereffective|p1a: Eternatus\n|-damage|p1a: Eternatus|53/308\n|\n|upkeep\n|turn|13\n|inactive|Time left: 300 sec this turn | 300 sec total\n|\n|t:|1783560600\n|move|p1a: Eternatus|Dynamax Cannon|p2a: Stantler\n|-damage|p2a: Stantler|24/100\n|move|p2a: Stantler|Earthquake|p1a: Eternatus\n|-supereffective|p1a: Eternatus\n|-damage|p1a: Eternatus|0 fnt\n|faint|p1a: Eternatus\n|\n|upkeep\n|inactive|Time left: 300 sec this turn | 300 sec total | 5 sec grace\n|\n|t:|1783560601\n|switch|p1a: Sandaconda|Sandaconda, L84, F|258/258\n|turn|14\n|inactive|Time left: 300 sec this turn | 300 sec total\n|\n|t:|1783560602\n|switch|p2a: Swanna|Swanna, L89, M|100/100\n|move|p1a: Sandaconda|Scale Shot|p2a: Swanna\n|-damage|p2a: Swanna|92/100\n|-damage|p2a: Swanna|84/100\n|-damage|p2a: Swanna|75/100\n|-damage|p2a: Swanna|67/100\n|-hitcount|p2a: Swanna|4\n|-unboost|p1a: Sandaconda|def|1\n|-boost|p1a: Sandaconda|spe|1\n|\n|upkeep\n|turn|15\n|inactive|Time left: 300 sec this turn | 300 sec total\n|\n|t:|1783560603\n|-terastallize|p2a: Swanna|Ground\n|move|p1a: Sandaconda|Earthquake|p2a: Swanna\n|-damage|p2a: Swanna|18/100\n|move|p2a: Swanna|Hydro Pump|p1a: Sandaconda|[miss]\n|-miss|p2a: Swanna|p1a: Sandaconda\n|\n|upkeep\n|turn|16\n|inactive|Time left: 300 sec this turn | 300 sec total\n|\n|t:|1783560604\n|switch|p2a: Stantler|Stantler, L92, M|24/100\n|-ability|p2a: Stantler|Intimidate|boost\n|-unboost|p1a: Sandaconda|atk|1\n|move|p1a: Sandaconda|Earthquake|p2a: Stantler\n|-damage|p2a: Stantler|5/100\n|\n|upkeep\n|turn|17\n|inactive|Time left: 300 sec this turn | 300 sec total\n|\n|t:|1783560605\n|switch|p2a: Regigigas|Regigigas, L84|100/100\n|-start|p2a: Regigigas|ability: Slow Start\n|move|p1a: Sandaconda|Coil|p1a: Sandaconda\n|-boost|p1a: Sandaconda|atk|1\n|-boost|p1a: Sandaconda|def|1\n|-boost|p1a: Sandaconda|accuracy|1\n|\n|upkeep\n|turn|18\n|inactive|Time left: 300 sec this turn | 300 sec total\n|\n|t:|1783560605\n|move|p1a: Sandaconda|Coil|p1a: Sandaconda\n|-boost|p1a: Sandaconda|atk|1\n|-boost|p1a: Sandaconda|def|1\n|-boost|p1a: Sandaconda|accuracy|1\n|move|p2a: Regigigas|Body Slam|p1a: Sandaconda\n|-damage|p1a: Sandaconda|222/258\n|-status|p1a: Sandaconda|par\n|\n|upkeep\n|turn|19\n|inactive|Time left: 300 sec this turn | 300 sec total\n|\n|t:|1783560606\n|cant|p1a: Sandaconda|par\n|move|p2a: Regigigas|Body Slam|p1a: Sandaconda\n|-crit|p1a: Sandaconda\n|-damage|p1a: Sandaconda|146/258 par\n|\n|upkeep\n|turn|20\n|inactive|Time left: 300 sec this turn | 300 sec total\n|\n|t:|1783560607\n|switch|p2a: Stantler|Stantler, L92, M|5/100\n|-ability|p2a: Stantler|Intimidate|boost\n|-unboost|p1a: Sandaconda|atk|1\n|move|p1a: Sandaconda|Coil|p1a: Sandaconda\n|-boost|p1a: Sandaconda|atk|1\n|-boost|p1a: Sandaconda|def|1\n|-boost|p1a: Sandaconda|accuracy|1\n|\n|-activate|p1a: Sandaconda|ability: Shed Skin\n|-curestatus|p1a: Sandaconda|par|[msg]\n|upkeep\n|turn|21\n|inactive|Time left: 300 sec this turn | 300 sec total\n|\n|t:|1783560608\n|switch|p2a: Regigigas|Regigigas, L84|100/100\n|-start|p2a: Regigigas|ability: Slow Start\n|move|p1a: Sandaconda|Coil|p1a: Sandaconda\n|-boost|p1a: Sandaconda|atk|1\n|-boost|p1a: Sandaconda|def|1\n|-boost|p1a: Sandaconda|accuracy|1\n|\n|upkeep\n|turn|22\n|inactive|Time left: 300 sec this turn | 300 sec total\n|\n|t:|1783560609\n|move|p2a: Regigigas|Protect|p2a: Regigigas\n|-singleturn|p2a: Regigigas|Protect\n|move|p1a: Sandaconda|Earthquake|p2a: Regigigas\n|-activate|p2a: Regigigas|move: Protect\n|\n|upkeep\n|turn|23\n|inactive|Time left: 300 sec this turn | 300 sec total\n|\n|t:|1783560610\n|switch|p2a: Stantler|Stantler, L92, M|5/100\n|-ability|p2a: Stantler|Intimidate|boost\n|-unboost|p1a: Sandaconda|atk|1\n|move|p1a: Sandaconda|Coil|p1a: Sandaconda\n|-boost|p1a: Sandaconda|atk|1\n|-boost|p1a: Sandaconda|def|1\n|-boost|p1a: Sandaconda|accuracy|1\n|\n|upkeep\n|turn|24\n|inactive|Time left: 300 sec this turn | 300 sec total\n|\n|t:|1783560611\n|switch|p2a: Regigigas|Regigigas, L84|100/100\n|-start|p2a: Regigigas|ability: Slow Start\n|move|p1a: Sandaconda|Earthquake|p2a: Regigigas\n|-damage|p2a: Regigigas|36/100\n|\n|-heal|p2a: Regigigas|42/100|[from] item: Leftovers\n|upkeep\n|turn|25\n|inactive|Time left: 300 sec this turn | 300 sec total\n|\n|t:|1783560612\n|move|p2a: Regigigas|Protect|p2a: Regigigas\n|-singleturn|p2a: Regigigas|Protect\n|move|p1a: Sandaconda|Coil|p1a: Sandaconda\n|-boost|p1a: Sandaconda|atk|1\n|-boost|p1a: Sandaconda|def|1\n|-boost|p1a: Sandaconda|accuracy|1\n|\n|-heal|p2a: Regigigas|49/100|[from] item: Leftovers\n|upkeep\n|turn|26\n|inactive|Time left: 300 sec this turn | 300 sec total\n|\n|t:|1783560613\n|switch|p2a: Stantler|Stantler, L92, M|5/100\n|-ability|p2a: Stantler|Intimidate|boost\n|-unboost|p1a: Sandaconda|atk|1\n|move|p1a: Sandaconda|Earthquake|p2a: Stantler\n|-damage|p2a: Stantler|0 fnt\n|faint|p2a: Stantler\n|\n|upkeep\n|\n|t:|1783560614\n|switch|p2a: Regigigas|Regigigas, L84|49/100\n|-start|p2a: Regigigas|ability: Slow Start\n|turn|27\n|inactive|Time left: 300 sec this turn | 300 sec total\n|\n|t:|1783560615\n|move|p2a: Regigigas|Protect|p2a: Regigigas\n|-singleturn|p2a: Regigigas|Protect\n|move|p1a: Sandaconda|Earthquake|p2a: Regigigas\n|-activate|p2a: Regigigas|move: Protect\n|\n|-heal|p2a: Regigigas|55/100|[from] item: Leftovers\n|upkeep\n|turn|28\n|inactive|Time left: 300 sec this turn | 300 sec total\n|\n|t:|1783560616\n|move|p2a: Regigigas|Protect|p2a: Regigigas\n|-singleturn|p2a: Regigigas|Protect\n|move|p1a: Sandaconda|Earthquake|p2a: Regigigas\n|-activate|p2a: Regigigas|move: Protect\n|\n|-heal|p2a: Regigigas|61/100|[from] item: Leftovers\n|upkeep\n|turn|29\n|inactive|Time left: 300 sec this turn | 300 sec total\n|\n|t:|1783560617\n|move|p2a: Regigigas|Protect||[still]\n|-fail|p2a: Regigigas\n|move|p1a: Sandaconda|Earthquake|p2a: Regigigas\n|-damage|p2a: Regigigas|0 fnt\n|faint|p2a: Regigigas\n|-end|p2a: Regigigas|Slow Start|[silent]\n|\n|upkeep\n|\n|t:|1783560618\n|switch|p2a: Swanna|Swanna, L89, M, tera:Ground|18/100\n|turn|30\n|inactive|Time left: 300 sec this turn | 300 sec total\n|\n|t:|1783560619\n|move|p1a: Sandaconda|Earthquake|p2a: Swanna\n|-damage|p2a: Swanna|0 fnt\n|faint|p2a: Swanna\n|\n|upkeep\n|\n|t:|1783560620\n|switch|p2a: Necrozma|Necrozma-Dawn-Wings, L76|31/100\n|turn|31\n|inactive|Time left: 300 sec this turn | 300 sec total\n|\n|t:|1783560621\n|move|p1a: Sandaconda|Earthquake|p2a: Necrozma\n|-damage|p2a: Necrozma|0 fnt\n|faint|p2a: Necrozma\n|\n|upkeep\n|\n|t:|1783560621\n|switch|p2a: Sneasler|Sneasler, L74, M|100/100\n|turn|32\n|inactive|Time left: 300 sec this turn | 300 sec total\n|\n|t:|1783560622\n|move|p1a: Sandaconda|Earthquake|p2a: Sneasler\n|-supereffective|p2a: Sneasler\n|-damage|p2a: Sneasler|0 fnt\n|faint|p2a: Sneasler\n|\n|win|p0x1842615c", "uploadtime": 1783560622, "views": 0, "rating": 0, "private": 0, "password": null, "_winner": "p0x1842615c", "_our_name": "p0x1842615c"}