{"id": "battle-gen9randombattle-504", "formatid": "gen9randombattle", "format": "[Gen 9] Random Battle", "players": ["p0x5048e4f", "p0y504ab0c"], "log": "|init|battle\n|title|p0x5048e4f vs. p0y504ab0c\n|j|\u2606p0x5048e4f\n|j|\u2606p0y504ab0c\n|t:|1783545614\n|gametype|singles\n|player|p1|p0x5048e4f|101|\n|player|p2|p0y504ab0c|265|\n|gen|9\n|tier|[Gen 9] Random Battle\n|rule|Species Clause: Limit one of each Pok\u00e9mon\n|rule|HP Percentage Mod: HP is shown in percentages\n|rule|Sleep Clause Mod: Limit one foe put to sleep\n|rule|Illusion Level Mod: Illusion disguises the Pok\u00e9mon's true level\n|\n|t:|1783545614\n|teamsize|p1|6\n|teamsize|p2|6\n|start\n|switch|p1a: Mabosstiff|Mabosstiff, L86, F|100/100\n|switch|p2a: Regice|Regice, L88|284/284\n|turn|1\n|inactive|Battle timer is ON: inactive players will automatically lose when time's up. (requested by p0y504ab0c)\n|inactive|p0x5048e4f also wants the timer to be on.\n|\n|t:|1783545615\n|move|p1a: Mabosstiff|Crunch|p2a: Regice\n|-damage|p2a: Regice|194/284\n|move|p2a: Regice|Ice Beam|p1a: Mabosstiff\n|-damage|p1a: Mabosstiff|54/100\n|\n|upkeep\n|turn|2\n|inactive|Time left: 300 sec this turn | 300 sec total\n|\n|t:|1783545616\n|move|p1a: Mabosstiff|Crunch|p2a: Regice\n|-crit|p2a: Regice\n|-damage|p2a: Regice|44/284\n|move|p2a: Regice|Ice Beam|p1a: Mabosstiff\n|-damage|p1a: Mabosstiff|6/100\n|\n|upkeep\n|turn|3\n|inactive|Time left: 300 sec this turn | 300 sec total\n|\n|t:|1783545617\n|move|p1a: Mabosstiff|Crunch|p2a: Regice\n|-damage|p2a: Regice|0 fnt\n|faint|p2a: Regice\n|\n|upkeep\n|inactive|Time left: 300 sec this turn | 300 sec total | 5 sec grace\n|\n|t:|1783545618\n|switch|p2a: Lurantis|Lurantis, L87, F|264/264\n|turn|4\n|inactive|Time left: 300 sec this turn | 300 sec total\n|\n|t:|1783545619\n|move|p1a: Mabosstiff|Crunch|p2a: Lurantis\n|-damage|p2a: Lurantis|159/264\n|move|p2a: Lurantis|Superpower|p1a: Mabosstiff\n|-supereffective|p1a: Mabosstiff\n|-damage|p1a: Mabosstiff|0 fnt\n|-boost|p2a: Lurantis|atk|1\n|-boost|p2a: Lurantis|def|1\n|faint|p1a: Mabosstiff\n|\n|-heal|p2a: Lurantis|175/264|[from] item: Leftovers\n|upkeep\n|\n|t:|1783545620\n|switch|p1a: Oricorio|Oricorio, L84, F|100/100\n|turn|5\n|inactive|Time left: 300 sec this turn | 300 sec total\n|\n|t:|1783545621\n|-terastallize|p2a: Lurantis|Fighting\n|move|p1a: Oricorio|Hurricane|p2a: Lurantis\n|-supereffective|p2a: Lurantis\n|-damage|p2a: Lurantis|0 fnt\n|faint|p2a: Lurantis\n|\n|upkeep\n|inactive|Time left: 300 sec this turn | 300 sec total | 5 sec grace\n|\n|t:|1783545622\n|switch|p2a: Landorus|Landorus-Therian, L76, M|260/260\n|-ability|p2a: Landorus|Intimidate|boost\n|-unboost|p1a: Oricorio|atk|1\n|turn|6\n|inactive|Time left: 300 sec this turn | 300 sec total\n|\n|t:|1783545623\n|move|p1a: Oricorio|Quiver Dance|p1a: Oricorio\n|-boost|p1a: Oricorio|spa|1\n|-boost|p1a: Oricorio|spd|1\n|-boost|p1a: Oricorio|spe|1\n|move|p2a: Landorus|Stone Edge|p1a: Oricorio\n|-supereffective|p1a: Oricorio\n|-damage|p1a: Oricorio|0 fnt\n|faint|p1a: Oricorio\n|\n|upkeep\n|\n|t:|1783545624\n|switch|p1a: Magcargo|Magcargo, L95, M|100/100\n|turn|7\n|inactive|Time left: 300 sec this turn | 300 sec total\n|\n|t:|1783545624\n|-terastallize|p1a: Magcargo|Grass\n|move|p2a: Landorus|Earthquake|p1a: Magcargo\n|-resisted|p1a: Magcargo\n|-damage|p1a: Magcargo|85/100\n|-ability|p1a: Magcargo|Weak Armor|boost\n|-unboost|p1a: Magcargo|def|1\n|-boost|p1a: Magcargo|spe|2\n|move|p1a: Magcargo|Shell Smash|p1a: Magcargo\n|-unboost|p1a: Magcargo|def|1\n|-unboost|p1a: Magcargo|spd|1\n|-boost|p1a: Magcargo|atk|2\n|-boost|p1a: Magcargo|spa|2\n|-boost|p1a: Magcargo|spe|2\n|\n|upkeep\n|turn|8\n|inactive|Time left: 300 sec this turn | 300 sec total\n|\n|t:|1783545625\n|move|p1a: Magcargo|Fire Blast|p2a: Landorus\n|-crit|p2a: Landorus\n|-damage|p2a: Landorus|0 fnt\n|faint|p2a: Landorus\n|\n|upkeep\n|inactive|Time left: 300 sec this turn | 300 sec total | 5 sec grace\n|\n|t:|1783545626\n|switch|p2a: Piloswine|Piloswine, L85, F|309/309\n|turn|9\n|inactive|Time left: 300 sec this turn | 300 sec total\n|\n|t:|1783545627\n|move|p1a: Magcargo|Fire Blast|p2a: Piloswine\n|-supereffective|p2a: Piloswine\n|-damage|p2a: Piloswine|81/309\n|move|p2a: Piloswine|Icicle Crash|p1a: Magcargo\n|-supereffective|p1a: Magcargo\n|-damage|p1a: Magcargo|0 fnt\n|faint|p1a: Magcargo\n|\n|upkeep\n|\n|t:|1783545628\n|switch|p1a: Perrserker|Perrserker, L89, F|100/100\n|turn|10\n|inactive|Time left: 300 sec this turn | 300 sec total\n|\n|t:|1783545629\n|move|p1a: Perrserker|Iron Head|p2a: Piloswine\n|-supereffective|p2a: Piloswine\n|-damage|p2a: Piloswine|0 fnt\n|faint|p2a: Piloswine\n|\n|upkeep\n|inactive|Time left: 300 sec this turn | 300 sec total | 5 sec grace\n|\n|t:|1783545630\n|switch|p2a: Infernape|Infernape, L82, M|259/259\n|turn|11\n|inactive|Time left: 300 sec this turn | 300 sec total\n|\n|t:|1783545631\n|move|p2a: Infernape|Overheat|p1a: Perrserker\n|-supereffective|p1a: Perrserker\n|-damage|p1a: Perrserker|0 fnt\n|-unboost|p2a: Infernape|spa|2\n|faint|p1a: Perrserker\n|-damage|p2a: Infernape|234/259|[from] item: Life Orb\n|\n|upkeep\n|\n|t:|1783545632\n|switch|p1a: Kingdra|Kingdra, L84, M|100/100\n|turn|12\n|inactive|Time left: 300 sec this turn | 300 sec total\n|\n|t:|1783545633\n|switch|p2a: Wyrdeer|Wyrdeer, L87, F|321/321\n|-ability|p2a: Wyrdeer|Intimidate|boost\n|-unboost|p1a: Kingdra|atk|1\n|move|p1a: Kingdra|Wave Crash|p2a: Wyrdeer\n|-damage|p2a: Wyrdeer|195/321\n|-damage|p1a: Kingdra|85/100|[from] Recoil\n|-damage|p1a: Kingdra|75/100|[from] item: Life Orb\n|\n|-heal|p2a: Wyrdeer|215/321|[from] item: Leftovers\n|upkeep\n|turn|13\n|inactive|Time left: 300 sec this turn | 300 sec total\n|\n|t:|1783545634\n|move|p1a: Kingdra|Draco Meteor|p2a: Wyrdeer\n|-damage|p2a: Wyrdeer|32/321\n|-unboost|p1a: Kingdra|spa|2\n|-damage|p1a: Kingdra|65/100|[from] item: Life Orb\n|move|p2a: Wyrdeer|Thunder Wave|p1a: Kingdra\n|-status|p1a: Kingdra|par\n|\n|-heal|p2a: Wyrdeer|52/321|[from] item: Leftovers\n|upkeep\n|turn|14\n|inactive|Time left: 300 sec this turn | 300 sec total\n|\n|t:|1783545635\n|switch|p1a: Kleavor|Kleavor, L78, M|100/100\n|move|p2a: Wyrdeer|Body Slam|p1a: Kleavor\n|-resisted|p1a: Kleavor\n|-damage|p1a: Kleavor|80/100\n|-status|p1a: Kleavor|par\n|\n|-heal|p2a: Wyrdeer|72/321|[from] item: Leftovers\n|upkeep\n|turn|15\n|inactive|Time left: 300 sec this turn | 300 sec total\n|\n|t:|1783545636\n|switch|p2a: Infernape|Infernape, L82, M|234/259\n|switch|p1a: Kingdra|Kingdra, L84, M|65/100 par\n|\n|upkeep\n|turn|16\n|inactive|Time left: 300 sec this turn | 300 sec total\n|\n|t:|1783545637\n|switch|p2a: Wyrdeer|Wyrdeer, L87, F|72/321\n|-ability|p2a: Wyrdeer|Intimidate|boost\n|-unboost|p1a: Kingdra|atk|1\n|cant|p1a: Kingdra|par\n|\n|-heal|p2a: Wyrdeer|92/321|[from] item: Leftovers\n|upkeep\n|turn|17\n|inactive|Time left: 300 sec this turn | 300 sec total\n|\n|t:|1783545638\n|move|p2a: Wyrdeer|Psychic Noise|p1a: Kingdra\n|-damage|p1a: Kingdra|33/100 par\n|-start|p1a: Kingdra|move: Heal Block\n|move|p1a: Kingdra|Rain Dance|p1a: Kingdra\n|-weather|RainDance\n|\n|-weather|RainDance|[upkeep]\n|-heal|p2a: Wyrdeer|112/321|[from] item: Leftovers\n|upkeep\n|turn|18\n|inactive|Time left: 300 sec this turn | 300 sec total\n|\n|t:|1783545639\n|switch|p1a: Kleavor|Kleavor, L78, M|80/100 par\n|move|p2a: Wyrdeer|Body Slam|p1a: Kleavor\n|-resisted|p1a: Kleavor\n|-damage|p1a: Kleavor|59/100 par\n|\n|-weather|RainDance|[upkeep]\n|-heal|p2a: Wyrdeer|132/321|[from] item: Leftovers\n|upkeep\n|turn|19\n|inactive|Time left: 300 sec this turn | 300 sec total\n|\n|t:|1783545640\n|switch|p1a: Kingdra|Kingdra, L84, M|33/100 par\n|move|p2a: Wyrdeer|Psychic Noise|p1a: Kingdra\n|-damage|p1a: Kingdra|2/100 par\n|-start|p1a: Kingdra|move: Heal Block\n|\n|-weather|RainDance|[upkeep]\n|-heal|p2a: Wyrdeer|152/321|[from] item: Leftovers\n|upkeep\n|turn|20\n|inactive|Time left: 300 sec this turn | 300 sec total\n|\n|t:|1783545641\n|cant|p1a: Kingdra|par\n|move|p2a: Wyrdeer|Psychic Noise|p1a: Kingdra\n|-damage|p1a: Kingdra|0 fnt\n|faint|p1a: Kingdra\n|\n|-weather|RainDance|[upkeep]\n|-heal|p2a: Wyrdeer|172/321|[from] item: Leftovers\n|upkeep\n|\n|t:|1783545642\n|switch|p1a: Kleavor|Kleavor, L78, M|59/100 par\n|turn|21\n|inactive|Time left: 300 sec this turn | 300 sec total\n|\n|t:|1783545643\n|move|p2a: Wyrdeer|Psychic Noise|p1a: Kleavor\n|-damage|p1a: Kleavor|11/100 par\n|-start|p1a: Kleavor|move: Heal Block\n|cant|p1a: Kleavor|par\n|\n|-weather|none\n|-heal|p2a: Wyrdeer|192/321|[from] item: Leftovers\n|upkeep\n|turn|22\n|inactive|Time left: 300 sec this turn | 300 sec total\n|\n|t:|1783545644\n|move|p2a: Wyrdeer|Psychic Noise|p1a: Kleavor\n|-damage|p1a: Kleavor|0 fnt\n|faint|p1a: Kleavor\n|\n|win|p0y504ab0c", "uploadtime": 1783545644, "views": 0, "rating": 0, "private": 0, "password": null, "_winner": "p0y504ab0c", "_our_name": "p0y504ab0c"}