{"id": "battle-gen9randombattle-1593", "formatid": "gen9randombattle", "format": "[Gen 9] Random Battle", "players": ["p0x15932534", "p0y15930c75"], "log": "|init|battle\n|title|p0x15932534 vs. p0y15930c75\n|j|\u2606p0x15932534\n|j|\u2606p0y15930c75\n|t:|1783558445\n|gametype|singles\n|player|p1|p0x15932534|102|\n|player|p2|p0y15930c75|102|\n|gen|9\n|tier|[Gen 9] Random Battle\n|rule|Species Clause: Limit one of each Pok\u00e9mon\n|rule|HP Percentage Mod: HP is shown in percentages\n|rule|Sleep Clause Mod: Limit one foe put to sleep\n|rule|Illusion Level Mod: Illusion disguises the Pok\u00e9mon's true level\n|\n|t:|1783558445\n|teamsize|p1|6\n|teamsize|p2|6\n|start\n|switch|p1a: Rotom|Rotom-Fan, L86|100/100\n|switch|p2a: Bastiodon|Bastiodon, L89, M|252/252\n|turn|1\n|inactive|Battle timer is ON: inactive players will automatically lose when time's up. (requested by p0y15930c75)\n|inactive|p0x15932534 also wants the timer to be on.\n|\n|t:|1783558446\n|switch|p2a: Luxray|Luxray, L88, M|283/283\n|move|p1a: Rotom|Nasty Plot|p1a: Rotom\n|-boost|p1a: Rotom|spa|2\n|\n|-status|p2a: Luxray|brn|[from] item: Flame Orb\n|upkeep\n|turn|2\n|inactive|Time left: 300 sec this turn | 300 sec total\n|\n|t:|1783558447\n|move|p1a: Rotom|Air Slash|p2a: Luxray\n|-resisted|p2a: Luxray\n|-damage|p2a: Luxray|197/283 brn\n|cant|p2a: Luxray|flinch\n|\n|-damage|p2a: Luxray|180/283 brn|[from] brn\n|upkeep\n|turn|3\n|inactive|Time left: 300 sec this turn | 300 sec total\n|\n|t:|1783558448\n|move|p1a: Rotom|Air Slash|p2a: Luxray|[miss]\n|-miss|p1a: Rotom|p2a: Luxray\n|move|p2a: Luxray|Supercell Slam|p1a: Rotom\n|-damage|p1a: Rotom|25/100\n|\n|-damage|p2a: Luxray|163/283 brn|[from] brn\n|upkeep\n|turn|4\n|inactive|Time left: 300 sec this turn | 300 sec total\n|\n|t:|1783558449\n|move|p1a: Rotom|Air Slash|p2a: Luxray\n|-resisted|p2a: Luxray\n|-damage|p2a: Luxray|70/283 brn\n|move|p2a: Luxray|Facade|p1a: Rotom\n|-damage|p1a: Rotom|0 fnt\n|faint|p1a: Rotom\n|\n|-damage|p2a: Luxray|53/283 brn|[from] brn\n|upkeep\n|\n|t:|1783558450\n|switch|p1a: Dodrio|Dodrio, L85, M|100/100\n|turn|5\n|inactive|Time left: 300 sec this turn | 300 sec total\n|\n|t:|1783558451\n|switch|p2a: Bastiodon|Bastiodon, L89, M|252/252\n|move|p1a: Dodrio|Drill Run|p2a: Bastiodon\n|-supereffective|p2a: Bastiodon\n|-crit|p2a: Bastiodon\n|-damage|p2a: Bastiodon|12/252\n|\n|upkeep\n|turn|6\n|inactive|Time left: 300 sec this turn | 300 sec total\n|\n|t:|1783558452\n|switch|p2a: Lugia|Lugia, L73|275/275\n|move|p1a: Dodrio|Double-Edge|p2a: Lugia\n|-damage|p2a: Lugia|214/275\n|-damage|p1a: Dodrio|92/100|[from] Recoil\n|\n|upkeep\n|turn|7\n|inactive|Time left: 300 sec this turn | 300 sec total\n|\n|t:|1783558453\n|move|p1a: Dodrio|Swords Dance|p1a: Dodrio\n|-boost|p1a: Dodrio|atk|2\n|move|p2a: Lugia|Recover|p2a: Lugia\n|-heal|p2a: Lugia|275/275\n|\n|upkeep\n|turn|8\n|inactive|Time left: 300 sec this turn | 300 sec total\n|\n|t:|1783558454\n|move|p1a: Dodrio|Double-Edge|p2a: Lugia\n|-damage|p2a: Lugia|147/275\n|-damage|p1a: Dodrio|75/100|[from] Recoil\n|move|p2a: Lugia|Aeroblast|p1a: Dodrio\n|-damage|p1a: Dodrio|32/100\n|\n|upkeep\n|turn|9\n|inactive|Time left: 300 sec this turn | 300 sec total\n|\n|t:|1783558455\n|switch|p2a: Alomomola|Alomomola, L87, M|429/429\n|move|p1a: Dodrio|Brave Bird|p2a: Alomomola\n|-damage|p2a: Alomomola|104/429\n|-damage|p1a: Dodrio|0 fnt|[from] Recoil\n|faint|p1a: Dodrio\n|\n|upkeep\n|\n|t:|1783558456\n|switch|p1a: Magearna|Magearna-Original, L77|100/100\n|turn|10\n|inactive|Time left: 300 sec this turn | 300 sec total\n|\n|t:|1783558457\n|move|p2a: Alomomola|Flip Turn|p1a: Magearna\n|-damage|p1a: Magearna|80/100\n|inactive|Time left: 300 sec this turn | 300 sec total | 5 sec grace\n|\n|t:|1783558458\n|switch|p2a: Skeledirge|Skeledirge, L79, M|294/294|[from] Flip Turn\n|move|p1a: Magearna|Shift Gear|p1a: Magearna\n|-boost|p1a: Magearna|spe|2\n|-boost|p1a: Magearna|atk|1\n|\n|-heal|p1a: Magearna|86/100|[from] item: Leftovers\n|upkeep\n|turn|11\n|inactive|Time left: 300 sec this turn | 300 sec total\n|\n|t:|1783558459\n|-terastallize|p1a: Magearna|Fairy\n|move|p1a: Magearna|Shift Gear|p1a: Magearna\n|-boost|p1a: Magearna|spe|2\n|-boost|p1a: Magearna|atk|1\n|move|p2a: Skeledirge|Torch Song|p1a: Magearna\n|-damage|p1a: Magearna|57/100\n|-boost|p2a: Skeledirge|spa|1\n|\n|-heal|p1a: Magearna|63/100|[from] item: Leftovers\n|upkeep\n|turn|12\n|inactive|Time left: 300 sec this turn | 300 sec total\n|\n|t:|1783558460\n|move|p1a: Magearna|Flash Cannon|p2a: Skeledirge\n|-resisted|p2a: Skeledirge\n|-damage|p2a: Skeledirge|243/294\n|move|p2a: Skeledirge|Torch Song|p1a: Magearna\n|-damage|p1a: Magearna|16/100\n|-boost|p2a: Skeledirge|spa|1\n|\n|-heal|p1a: Magearna|22/100|[from] item: Leftovers\n|upkeep\n|turn|13\n|inactive|Time left: 300 sec this turn | 300 sec total\n|\n|t:|1783558461\n|move|p1a: Magearna|Fleur Cannon|p2a: Skeledirge|[miss]\n|-miss|p1a: Magearna|p2a: Skeledirge\n|move|p2a: Skeledirge|Torch Song|p1a: Magearna\n|-damage|p1a: Magearna|0 fnt\n|-boost|p2a: Skeledirge|spa|1\n|faint|p1a: Magearna\n|\n|upkeep\n|\n|t:|1783558462\n|switch|p1a: Swampert|Swampert, L83, F|100/100\n|turn|14\n|inactive|Time left: 300 sec this turn | 300 sec total\n|\n|t:|1783558463\n|move|p2a: Skeledirge|Will-O-Wisp|p1a: Swampert\n|-status|p1a: Swampert|brn\n|move|p1a: Swampert|Earthquake|p2a: Skeledirge\n|-supereffective|p2a: Skeledirge\n|-damage|p2a: Skeledirge|128/294\n|\n|-damage|p1a: Swampert|95/100 brn|[from] brn\n|upkeep\n|turn|15\n|inactive|Time left: 300 sec this turn | 300 sec total\n|\n|t:|1783558465\n|move|p2a: Skeledirge|Slack Off|p2a: Skeledirge\n|-heal|p2a: Skeledirge|275/294\n|move|p1a: Swampert|Yawn|p2a: Skeledirge\n|-start|p2a: Skeledirge|move: Yawn|[of] p1a: Swampert\n|\n|-heal|p1a: Swampert|100/100 brn|[from] item: Leftovers\n|-damage|p1a: Swampert|95/100 brn|[from] brn\n|upkeep\n|turn|16\n|inactive|Time left: 300 sec this turn | 300 sec total\n|\n|t:|1783558466\n|move|p2a: Skeledirge|Hex|p1a: Swampert\n|-damage|p1a: Swampert|0 fnt\n|faint|p1a: Swampert\n|\n|-end|p2a: Skeledirge|move: Yawn|[silent]\n|-status|p2a: Skeledirge|slp\n|upkeep\n|\n|t:|1783558466\n|switch|p1a: Iron Boulder|Iron Boulder, L77|100/100\n|-enditem|p1a: Iron Boulder|Booster Energy\n|-activate|p1a: Iron Boulder|ability: Quark Drive|[fromitem]\n|-start|p1a: Iron Boulder|quarkdrivespe\n|turn|17\n|inactive|Time left: 300 sec this turn | 300 sec total\n|\n|t:|1783558468\n|move|p1a: Iron Boulder|Mighty Cleave|p2a: Skeledirge\n|-supereffective|p2a: Skeledirge\n|-damage|p2a: Skeledirge|69/294 slp\n|cant|p2a: Skeledirge|slp\n|\n|upkeep\n|turn|18\n|inactive|Time left: 300 sec this turn | 300 sec total\n|\n|t:|1783558469\n|move|p1a: Iron Boulder|Mighty Cleave|p2a: Skeledirge\n|-supereffective|p2a: Skeledirge\n|-damage|p2a: Skeledirge|0 fnt\n|faint|p2a: Skeledirge\n|\n|upkeep\n|inactive|Time left: 300 sec this turn | 300 sec total | 5 sec grace\n|\n|t:|1783558470\n|switch|p2a: Alomomola|Alomomola, L87, M|247/429\n|turn|19\n|inactive|Time left: 300 sec this turn | 300 sec total\n|\n|t:|1783558471\n|move|p1a: Iron Boulder|Swords Dance|p1a: Iron Boulder\n|-boost|p1a: Iron Boulder|atk|2\n|move|p2a: Alomomola|Flip Turn|p1a: Iron Boulder\n|-supereffective|p1a: Iron Boulder\n|-damage|p1a: Iron Boulder|54/100\n|inactive|Time left: 300 sec this turn | 300 sec total | 5 sec grace\n|\n|t:|1783558471\n|switch|p2a: Drifblim|Drifblim, L86, F|398/398|[from] Flip Turn\n|\n|upkeep\n|turn|20\n|inactive|Time left: 300 sec this turn | 300 sec total\n|\n|t:|1783558472\n|-terastallize|p2a: Drifblim|Dark\n|move|p1a: Iron Boulder|Mighty Cleave|p2a: Drifblim\n|-damage|p2a: Drifblim|80/398\n|move|p2a: Drifblim|Shadow Ball|p1a: Iron Boulder\n|-supereffective|p1a: Iron Boulder\n|-damage|p1a: Iron Boulder|0 fnt\n|faint|p1a: Iron Boulder\n|-end|p1a: Iron Boulder|Quark Drive|[silent]\n|\n|upkeep\n|\n|t:|1783558473\n|switch|p1a: Uxie|Uxie, L83|100/100\n|turn|21\n|inactive|Time left: 300 sec this turn | 300 sec total\n|\n|t:|1783558474\n|move|p1a: Uxie|Yawn|p2a: Drifblim\n|-start|p2a: Drifblim|move: Yawn|[of] p1a: Uxie\n|move|p2a: Drifblim|Strength Sap|p1a: Uxie\n|-unboost|p1a: Uxie|atk|1\n|-heal|p2a: Drifblim|252/398\n|\n|upkeep\n|turn|22\n|inactive|Time left: 300 sec this turn | 300 sec total\n|\n|t:|1783558475\n|move|p1a: Uxie|Knock Off|p2a: Drifblim\n|-resisted|p2a: Drifblim\n|-damage|p2a: Drifblim|223/398\n|-enditem|p2a: Drifblim|Heavy-Duty Boots|[from] move: Knock Off|[of] p1a: Uxie\n|move|p2a: Drifblim|Strength Sap|p1a: Uxie\n|-unboost|p1a: Uxie|atk|1\n|-heal|p2a: Drifblim|337/398\n|\n|-end|p2a: Drifblim|move: Yawn|[silent]\n|-status|p2a: Drifblim|slp\n|upkeep\n|turn|23\n|inactive|Time left: 300 sec this turn | 300 sec total\n|\n|t:|1783558476\n|move|p1a: Uxie|Knock Off|p2a: Drifblim\n|-resisted|p2a: Drifblim\n|-damage|p2a: Drifblim|323/398 slp\n|cant|p2a: Drifblim|slp\n|\n|upkeep\n|turn|24\n|inactive|Time left: 300 sec this turn | 300 sec total\n|\n|t:|1783558478\n|move|p1a: Uxie|Knock Off|p2a: Drifblim\n|-resisted|p2a: Drifblim\n|-damage|p2a: Drifblim|308/398 slp\n|cant|p2a: Drifblim|slp\n|\n|upkeep\n|turn|25\n|inactive|Time left: 300 sec this turn | 300 sec total\n|\n|t:|1783558478\n|move|p1a: Uxie|Knock Off|p2a: Drifblim\n|-resisted|p2a: Drifblim\n|-crit|p2a: Drifblim\n|-damage|p2a: Drifblim|263/398 slp\n|cant|p2a: Drifblim|slp\n|\n|upkeep\n|turn|26\n|inactive|Time left: 300 sec this turn | 300 sec total\n|\n|t:|1783558479\n|move|p1a: Uxie|Encore|p2a: Drifblim\n|-start|p2a: Drifblim|Encore\n|-curestatus|p2a: Drifblim|slp|[msg]\n|move|p2a: Drifblim|Strength Sap|p1a: Uxie\n|-unboost|p1a: Uxie|atk|1\n|-heal|p2a: Drifblim|349/398\n|\n|upkeep\n|turn|27\n|inactive|Time left: 300 sec this turn | 300 sec total\n|\n|t:|1783558481\n|move|p1a: Uxie|Knock Off|p2a: Drifblim\n|-resisted|p2a: Drifblim\n|-damage|p2a: Drifblim|337/398\n|move|p2a: Drifblim|Strength Sap|p1a: Uxie\n|-unboost|p1a: Uxie|atk|1\n|-heal|p2a: Drifblim|398/398\n|\n|upkeep\n|turn|28\n|inactive|Time left: 300 sec this turn | 300 sec total\n|\n|t:|1783558482\n|move|p1a: Uxie|Knock Off|p2a: Drifblim\n|-resisted|p2a: Drifblim\n|-damage|p2a: Drifblim|389/398\n|move|p2a: Drifblim|Strength Sap|p1a: Uxie\n|-unboost|p1a: Uxie|atk|1\n|-heal|p2a: Drifblim|398/398\n|\n|-end|p2a: Drifblim|Encore\n|upkeep\n|turn|29\n|inactive|Time left: 300 sec this turn | 300 sec total\n|\n|t:|1783558483\n|move|p1a: Uxie|Encore|p2a: Drifblim\n|-start|p2a: Drifblim|Encore\n|move|p2a: Drifblim|Strength Sap|p1a: Uxie\n|-unboost|p1a: Uxie|atk|1\n|\n|upkeep\n|turn|30\n|inactive|Time left: 300 sec this turn | 300 sec total\n|\n|t:|1783558484\n|switch|p2a: Alomomola|Alomomola, L87, M|390/429\n|move|p1a: Uxie|Knock Off|p2a: Alomomola\n|-damage|p2a: Alomomola|375/429\n|-enditem|p2a: Alomomola|Heavy-Duty Boots|[from] move: Knock Off|[of] p1a: Uxie\n|\n|upkeep\n|turn|31\n|inactive|Time left: 300 sec this turn | 300 sec total\n|\n|t:|1783558485\n|move|p1a: Uxie|Psychic Noise|p2a: Alomomola\n|-damage|p2a: Alomomola|281/429\n|-start|p2a: Alomomola|move: Heal Block\n|move|p2a: Alomomola|Flip Turn|p1a: Uxie\n|-damage|p1a: Uxie|85/100\n|inactive|Time left: 300 sec this turn | 300 sec total | 5 sec grace\n|\n|t:|1783558486\n|switch|p2a: Drifblim|Drifblim, L86, F, tera:Dark|398/398|[from] Flip Turn\n|\n|-heal|p1a: Uxie|91/100|[from] item: Leftovers\n|upkeep\n|turn|32\n|inactive|Time left: 300 sec this turn | 300 sec total\n|\n|t:|1783558487\n|move|p1a: Uxie|Yawn|p2a: Drifblim\n|-start|p2a: Drifblim|move: Yawn|[of] p1a: Uxie\n|move|p2a: Drifblim|Shadow Ball|p1a: Uxie\n|-supereffective|p1a: Uxie\n|-damage|p1a: Uxie|45/100\n|\n|-heal|p1a: Uxie|51/100|[from] item: Leftovers\n|upkeep\n|turn|33\n|inactive|Time left: 300 sec this turn | 300 sec total\n|\n|t:|1783558488\n|move|p1a: Uxie|Psychic Noise|p2a: Drifblim\n|-immune|p2a: Drifblim\n|move|p2a: Drifblim|Shadow Ball|p1a: Uxie\n|-supereffective|p1a: Uxie\n|-damage|p1a: Uxie|7/100\n|\n|-heal|p1a: Uxie|13/100|[from] item: Leftovers\n|-end|p2a: Drifblim|move: Yawn|[silent]\n|-status|p2a: Drifblim|slp\n|upkeep\n|turn|34\n|inactive|Time left: 300 sec this turn | 300 sec total\n|\n|t:|1783558489\n|switch|p2a: Lugia|Lugia, L73|147/275\n|move|p1a: Uxie|Psychic Noise|p2a: Lugia\n|-resisted|p2a: Lugia\n|-damage|p2a: Lugia|126/275\n|-start|p2a: Lugia|move: Heal Block\n|\n|-heal|p1a: Uxie|19/100|[from] item: Leftovers\n|upkeep\n|turn|35\n|inactive|Time left: 300 sec this turn | 300 sec total\n|\n|t:|1783558490\n|move|p1a: Uxie|Knock Off|p2a: Lugia\n|-supereffective|p2a: Lugia\n|-damage|p2a: Lugia|102/275\n|-enditem|p2a: Lugia|Heavy-Duty Boots|[from] move: Knock Off|[of] p1a: Uxie\n|move|p2a: Lugia|Aeroblast|p1a: Uxie|[miss]\n|-miss|p2a: Lugia|p1a: Uxie\n|\n|-heal|p1a: Uxie|25/100|[from] item: Leftovers\n|-end|p2a: Lugia|move: Heal Block\n|upkeep\n|turn|36\n|inactive|Time left: 300 sec this turn | 300 sec total\n|\n|t:|1783558491\n|move|p1a: Uxie|Psychic Noise|p2a: Lugia\n|-resisted|p2a: Lugia\n|-damage|p2a: Lugia|77/275\n|-start|p2a: Lugia|move: Heal Block\n|move|p2a: Lugia|Aeroblast|p1a: Uxie\n|-crit|p1a: Uxie\n|-damage|p1a: Uxie|0 fnt\n|faint|p1a: Uxie\n|\n|win|p0y15930c75", "uploadtime": 1783558492, "views": 0, "rating": 0, "private": 0, "password": null, "_winner": "p0y15930c75", "_our_name": "p0y15930c75"}