{"id": "battle-gen9randombattle-183", "formatid": "gen9randombattle", "format": "[Gen 9] Random Battle", "players": ["p0x1837c0d", "p0y18376e2"], "log": "|init|battle\n|title|p0x1837c0d vs. p0y18376e2\n|j|\u2606p0x1837c0d\n|j|\u2606p0y18376e2\n|t:|1783541235\n|gametype|singles\n|player|p1|p0x1837c0d|265|\n|player|p2|p0y18376e2|1|\n|gen|9\n|tier|[Gen 9] Random Battle\n|rule|Species Clause: Limit one of each Pok\u00e9mon\n|rule|HP Percentage Mod: HP is shown in percentages\n|rule|Sleep Clause Mod: Limit one foe put to sleep\n|rule|Illusion Level Mod: Illusion disguises the Pok\u00e9mon's true level\n|\n|t:|1783541235\n|teamsize|p1|6\n|teamsize|p2|6\n|start\n|switch|p1a: Sceptile|Sceptile, L87, F|264/264\n|switch|p2a: Darkrai|Darkrai, L77|100/100\n|turn|1\n|inactive|Battle timer is ON: inactive players will automatically lose when time's up. (requested by p0x1837c0d)\n|\n|t:|1783541237\n|move|p1a: Sceptile|Focus Blast|p2a: Darkrai\n|-supereffective|p2a: Darkrai\n|-damage|p2a: Darkrai|0 fnt\n|faint|p2a: Darkrai\n|-damage|p1a: Sceptile|238/264|[from] item: Life Orb\n|\n|upkeep\n|inactive|p0y18376e2 also wants the timer to be on.\n|\n|t:|1783541238\n|switch|p2a: Trevenant|Trevenant, L89, M|100/100\n|turn|2\n|inactive|Time left: 300 sec this turn | 300 sec total\n|\n|t:|1783541239\n|switch|p1a: Rhydon|Rhydon, L85, M|317/317\n|move|p2a: Trevenant|Poltergeist|p1a: Rhydon\n|-activate|p1a: Rhydon|move: Poltergeist|Eviolite\n|-damage|p1a: Rhydon|238/317\n|\n|upkeep\n|turn|3\n|inactive|Time left: 300 sec this turn | 300 sec total\n|\n|t:|1783541241\n|move|p2a: Trevenant|Poltergeist|p1a: Rhydon\n|-activate|p1a: Rhydon|move: Poltergeist|Eviolite\n|-damage|p1a: Rhydon|162/317\n|move|p1a: Rhydon|Swords Dance|p1a: Rhydon\n|-boost|p1a: Rhydon|atk|2\n|\n|upkeep\n|turn|4\n|inactive|Time left: 300 sec this turn | 300 sec total\n|\n|t:|1783541242\n|move|p2a: Trevenant|Protect|p2a: Trevenant\n|-singleturn|p2a: Trevenant|Protect\n|move|p1a: Rhydon|Stone Edge|p2a: Trevenant\n|-activate|p2a: Trevenant|move: Protect\n|\n|upkeep\n|turn|5\n|inactive|Time left: 300 sec this turn | 300 sec total\n|\n|t:|1783541242\n|move|p2a: Trevenant|Toxic|p1a: Rhydon\n|-status|p1a: Rhydon|tox\n|move|p1a: Rhydon|Stone Edge|p2a: Trevenant\n|-damage|p2a: Trevenant|0 fnt\n|faint|p2a: Trevenant\n|\n|-damage|p1a: Rhydon|143/317 tox|[from] psn\n|upkeep\n|\n|t:|1783541243\n|switch|p2a: Basculin|Basculin-Blue-Striped, L86, M|100/100\n|turn|6\n|inactive|Time left: 300 sec this turn | 300 sec total\n|\n|t:|1783541244\n|-terastallize|p1a: Rhydon|Fairy\n|move|p2a: Basculin|Flip Turn|p1a: Rhydon\n|-damage|p1a: Rhydon|81/317 tox\n|\n|t:|1783541245\n|switch|p2a: Ursaluna|Ursaluna-Bloodmoon, L79, M|100/100|[from] Flip Turn\n|move|p1a: Rhydon|Stone Edge|p2a: Ursaluna\n|-resisted|p2a: Ursaluna\n|-damage|p2a: Ursaluna|62/100\n|\n|-heal|p2a: Ursaluna|68/100|[from] item: Leftovers\n|-damage|p1a: Rhydon|43/317 tox|[from] psn\n|upkeep\n|turn|7\n|inactive|Time left: 300 sec this turn | 300 sec total\n|\n|t:|1783541246\n|move|p2a: Ursaluna|Blood Moon|p1a: Rhydon\n|-crit|p1a: Rhydon\n|-damage|p1a: Rhydon|0 fnt\n|faint|p1a: Rhydon\n|\n|-heal|p2a: Ursaluna|74/100|[from] item: Leftovers\n|upkeep\n|inactive|Time left: 300 sec this turn | 300 sec total | 5 sec grace\n|\n|t:|1783541247\n|switch|p1a: Barraskewda|Barraskewda, L81, M|231/231\n|turn|8\n|inactive|Time left: 300 sec this turn | 300 sec total\n|\n|t:|1783541248\n|switch|p2a: Ogerpon|Ogerpon-Wellspring, L76, F|100/100\n|move|p1a: Barraskewda|Waterfall|p2a: Ogerpon\n|-immune|p2a: Ogerpon|[from] ability: Water Absorb\n|\n|upkeep\n|turn|9\n|inactive|Time left: 300 sec this turn | 300 sec total\n|\n|t:|1783541249\n|switch|p1a: Haxorus|Haxorus, L77, M|244/244\n|-ability|p1a: Haxorus|Mold Breaker\n|move|p2a: Ogerpon|Swords Dance|p2a: Ogerpon\n|-boost|p2a: Ogerpon|atk|2\n|\n|upkeep\n|turn|10\n|inactive|Time left: 300 sec this turn | 300 sec total\n|\n|t:|1783541250\n|move|p2a: Ogerpon|Play Rough|p1a: Haxorus|[miss]\n|-miss|p2a: Ogerpon|p1a: Haxorus\n|move|p1a: Haxorus|Dragon Dance|p1a: Haxorus\n|-boost|p1a: Haxorus|atk|1\n|-boost|p1a: Haxorus|spe|1\n|\n|upkeep\n|turn|11\n|inactive|Time left: 300 sec this turn | 300 sec total\n|\n|t:|1783541251\n|move|p1a: Haxorus|Outrage|p2a: Ogerpon\n|-damage|p2a: Ogerpon|0 fnt\n|faint|p2a: Ogerpon\n|\n|upkeep\n|\n|t:|1783541252\n|switch|p2a: Ursaluna|Ursaluna-Bloodmoon, L79, M|74/100\n|turn|12\n|inactive|Time left: 300 sec this turn | 300 sec total\n|\n|t:|1783541253\n|move|p1a: Haxorus|Outrage|p2a: Ursaluna|[from] lockedmove\n|-damage|p2a: Ursaluna|16/100\n|move|p2a: Ursaluna|Blood Moon|p1a: Haxorus\n|-damage|p1a: Haxorus|36/244\n|\n|-heal|p2a: Ursaluna|22/100|[from] item: Leftovers\n|upkeep\n|turn|13\n|inactive|Time left: 300 sec this turn | 300 sec total\n|\n|t:|1783541254\n|move|p2a: Ursaluna|Vacuum Wave|p1a: Haxorus\n|-damage|p1a: Haxorus|0 fnt\n|faint|p1a: Haxorus\n|\n|-heal|p2a: Ursaluna|28/100|[from] item: Leftovers\n|upkeep\n|inactive|Time left: 300 sec this turn | 300 sec total | 5 sec grace\n|\n|t:|1783541254\n|switch|p1a: Raichu|Raichu-Alola, L87, F|246/246\n|turn|14\n|inactive|Time left: 300 sec this turn | 300 sec total\n|\n|t:|1783541255\n|move|p1a: Raichu|Psyshock|p2a: Ursaluna\n|-damage|p2a: Ursaluna|0 fnt\n|faint|p2a: Ursaluna\n|-damage|p1a: Raichu|222/246|[from] item: Life Orb\n|\n|upkeep\n|\n|t:|1783541256\n|switch|p2a: Iron Moth|Iron Moth, L78|100/100\n|turn|15\n|inactive|Time left: 300 sec this turn | 300 sec total\n|\n|t:|1783541257\n|-terastallize|p2a: Iron Moth|Fire\n|move|p1a: Raichu|Psyshock|p2a: Iron Moth\n|-damage|p2a: Iron Moth|42/100\n|-damage|p1a: Raichu|198/246|[from] item: Life Orb\n|move|p2a: Iron Moth|Morning Sun|p2a: Iron Moth\n|-heal|p2a: Iron Moth|91/100\n|\n|upkeep\n|turn|16\n|inactive|Time left: 300 sec this turn | 300 sec total\n|\n|t:|1783541258\n|move|p1a: Raichu|Nasty Plot|p1a: Raichu\n|-boost|p1a: Raichu|spa|2\n|move|p2a: Iron Moth|Fiery Dance|p1a: Raichu\n|-damage|p1a: Raichu|62/246\n|\n|upkeep\n|turn|17\n|inactive|Time left: 300 sec this turn | 300 sec total\n|\n|t:|1783541260\n|move|p1a: Raichu|Psyshock|p2a: Iron Moth\n|-damage|p2a: Iron Moth|0 fnt\n|faint|p2a: Iron Moth\n|-end|p2a: Iron Moth|Quark Drive|[silent]\n|-damage|p1a: Raichu|38/246|[from] item: Life Orb\n|\n|upkeep\n|\n|t:|1783541261\n|switch|p2a: Basculin|Basculin-Blue-Striped, L86, M|100/100\n|turn|18\n|inactive|Time left: 300 sec this turn | 300 sec total\n|\n|t:|1783541261\n|move|p2a: Basculin|Aqua Jet|p1a: Raichu\n|-damage|p1a: Raichu|0 fnt\n|faint|p1a: Raichu\n|\n|upkeep\n|inactive|Time left: 300 sec this turn | 300 sec total | 5 sec grace\n|\n|t:|1783541262\n|switch|p1a: Sceptile|Sceptile, L87, F|238/264\n|turn|19\n|inactive|Time left: 300 sec this turn | 300 sec total\n|\n|t:|1783541263\n|move|p2a: Basculin|Aqua Jet|p1a: Sceptile\n|-resisted|p1a: Sceptile\n|-damage|p1a: Sceptile|189/264\n|move|p1a: Sceptile|Leaf Storm|p2a: Basculin\n|-supereffective|p2a: Basculin\n|-damage|p2a: Basculin|0 fnt\n|-unboost|p1a: Sceptile|spa|2\n|faint|p2a: Basculin\n|-damage|p1a: Sceptile|163/264|[from] item: Life Orb\n|\n|win|p0x1837c0d", "uploadtime": 1783541263, "views": 0, "rating": 0, "private": 0, "password": null, "_winner": "p0x1837c0d", "_our_name": "p0x1837c0d"}