{"id": "battle-gen9randombattle-1369", "formatid": "gen9randombattle", "format": "[Gen 9] Random Battle", "players": ["p0x1369be27", "p0y1369b6b2"], "log": "|init|battle\n|title|p0x1369be27 vs. p0y1369b6b2\n|j|\u2606p0x1369be27\n|j|\u2606p0y1369b6b2\n|t:|1783555021\n|gametype|singles\n|player|p1|p0x1369be27|1|\n|player|p2|p0y1369b6b2|169|\n|gen|9\n|tier|[Gen 9] Random Battle\n|rule|Species Clause: Limit one of each Pok\u00e9mon\n|rule|HP Percentage Mod: HP is shown in percentages\n|rule|Sleep Clause Mod: Limit one foe put to sleep\n|rule|Illusion Level Mod: Illusion disguises the Pok\u00e9mon's true level\n|\n|t:|1783555021\n|teamsize|p1|6\n|teamsize|p2|6\n|start\n|switch|p1a: Lugia|Lugia, L73|100/100\n|switch|p2a: Arceus|Arceus-Dark, L71|288/288\n|turn|1\n|inactive|Battle timer is ON: inactive players will automatically lose when time's up. (requested by p0x1369be27)\n|inactive|Time left: 300 sec this turn | 300 sec total | 60 sec grace\n|inactive|p0y1369b6b2 also wants the timer to be on.\n|\n|t:|1783555022\n|move|p2a: Arceus|Calm Mind|p2a: Arceus\n|-boost|p2a: Arceus|spa|1\n|-boost|p2a: Arceus|spd|1\n|move|p1a: Lugia|Calm Mind|p1a: Lugia\n|-boost|p1a: Lugia|spa|1\n|-boost|p1a: Lugia|spd|1\n|\n|upkeep\n|turn|2\n|inactive|Time left: 300 sec this turn | 300 sec total\n|\n|t:|1783555023\n|move|p2a: Arceus|Calm Mind|p2a: Arceus\n|-boost|p2a: Arceus|spa|1\n|-boost|p2a: Arceus|spd|1\n|move|p1a: Lugia|Calm Mind|p1a: Lugia\n|-boost|p1a: Lugia|spa|1\n|-boost|p1a: Lugia|spd|1\n|\n|upkeep\n|turn|3\n|inactive|Time left: 300 sec this turn | 300 sec total\n|\n|t:|1783555023\n|move|p2a: Arceus|Judgment|p1a: Lugia\n|-supereffective|p1a: Lugia\n|-damage|p1a: Lugia|70/100\n|move|p1a: Lugia|Calm Mind|p1a: Lugia\n|-boost|p1a: Lugia|spa|1\n|-boost|p1a: Lugia|spd|1\n|\n|upkeep\n|turn|4\n|inactive|Time left: 300 sec this turn | 300 sec total\n|\n|t:|1783555024\n|move|p2a: Arceus|Judgment|p1a: Lugia\n|-supereffective|p1a: Lugia\n|-damage|p1a: Lugia|27/100\n|move|p1a: Lugia|Recover|p1a: Lugia\n|-heal|p1a: Lugia|78/100\n|\n|upkeep\n|turn|5\n|inactive|Time left: 300 sec this turn | 300 sec total\n|\n|t:|1783555025\n|move|p2a: Arceus|Judgment|p1a: Lugia\n|-supereffective|p1a: Lugia\n|-damage|p1a: Lugia|30/100\n|move|p1a: Lugia|Recover|p1a: Lugia\n|-heal|p1a: Lugia|80/100\n|\n|upkeep\n|turn|6\n|inactive|Time left: 300 sec this turn | 300 sec total\n|\n|t:|1783555026\n|move|p2a: Arceus|Judgment|p1a: Lugia\n|-supereffective|p1a: Lugia\n|-damage|p1a: Lugia|32/100\n|move|p1a: Lugia|Recover|p1a: Lugia\n|-heal|p1a: Lugia|82/100\n|\n|upkeep\n|turn|7\n|inactive|Time left: 300 sec this turn | 300 sec total\n|\n|t:|1783555027\n|move|p2a: Arceus|Judgment|p1a: Lugia\n|-supereffective|p1a: Lugia\n|-damage|p1a: Lugia|38/100\n|move|p1a: Lugia|Recover|p1a: Lugia\n|-heal|p1a: Lugia|88/100\n|\n|upkeep\n|turn|8\n|inactive|Time left: 300 sec this turn | 300 sec total\n|\n|t:|1783555027\n|move|p2a: Arceus|Judgment|p1a: Lugia\n|-supereffective|p1a: Lugia\n|-damage|p1a: Lugia|42/100\n|move|p1a: Lugia|Recover|p1a: Lugia\n|-heal|p1a: Lugia|92/100\n|\n|upkeep\n|turn|9\n|inactive|Time left: 300 sec this turn | 300 sec total\n|\n|t:|1783555028\n|move|p2a: Arceus|Judgment|p1a: Lugia\n|-supereffective|p1a: Lugia\n|-damage|p1a: Lugia|43/100\n|move|p1a: Lugia|Calm Mind|p1a: Lugia\n|-boost|p1a: Lugia|spa|1\n|-boost|p1a: Lugia|spd|1\n|\n|upkeep\n|turn|10\n|inactive|Time left: 300 sec this turn | 300 sec total\n|\n|t:|1783555030\n|move|p2a: Arceus|Judgment|p1a: Lugia\n|-supereffective|p1a: Lugia\n|-damage|p1a: Lugia|2/100\n|move|p1a: Lugia|Recover|p1a: Lugia\n|-heal|p1a: Lugia|52/100\n|\n|upkeep\n|turn|11\n|inactive|Time left: 300 sec this turn | 300 sec total\n|\n|t:|1783555031\n|move|p2a: Arceus|Judgment|p1a: Lugia\n|-supereffective|p1a: Lugia\n|-damage|p1a: Lugia|15/100\n|move|p1a: Lugia|Recover|p1a: Lugia\n|-heal|p1a: Lugia|65/100\n|\n|upkeep\n|turn|12\n|inactive|Time left: 300 sec this turn | 300 sec total\n|\n|t:|1783555032\n|move|p2a: Arceus|Judgment|p1a: Lugia\n|-supereffective|p1a: Lugia\n|-damage|p1a: Lugia|27/100\n|move|p1a: Lugia|Recover|p1a: Lugia\n|-heal|p1a: Lugia|78/100\n|\n|upkeep\n|turn|13\n|inactive|Time left: 300 sec this turn | 300 sec total\n|\n|t:|1783555033\n|move|p2a: Arceus|Judgment|p1a: Lugia\n|-supereffective|p1a: Lugia\n|-damage|p1a: Lugia|38/100\n|move|p1a: Lugia|Aeroblast|p2a: Arceus\n|-damage|p2a: Arceus|179/288\n|\n|upkeep\n|turn|14\n|inactive|Time left: 300 sec this turn | 300 sec total\n|\n|t:|1783555034\n|-terastallize|p1a: Lugia|Steel\n|move|p2a: Arceus|Judgment|p1a: Lugia\n|-damage|p1a: Lugia|18/100\n|move|p1a: Lugia|Calm Mind|p1a: Lugia\n|-boost|p1a: Lugia|spa|1\n|-boost|p1a: Lugia|spd|1\n|\n|upkeep\n|turn|15\n|inactive|Time left: 300 sec this turn | 300 sec total\n|\n|t:|1783555035\n|move|p2a: Arceus|Judgment|p1a: Lugia\n|-damage|p1a: Lugia|2/100\n|move|p1a: Lugia|Aeroblast|p2a: Arceus\n|-damage|p2a: Arceus|44/288\n|\n|upkeep\n|turn|16\n|inactive|Time left: 300 sec this turn | 300 sec total\n|\n|t:|1783555036\n|move|p2a: Arceus|Judgment|p1a: Lugia\n|-damage|p1a: Lugia|0 fnt\n|faint|p1a: Lugia\n|\n|upkeep\n|\n|t:|1783555037\n|switch|p1a: Ambipom|Ambipom, L84, F|100/100\n|turn|17\n|inactive|Time left: 300 sec this turn | 300 sec total\n|\n|t:|1783555038\n|move|p1a: Ambipom|Double-Edge|p2a: Arceus\n|-damage|p2a: Arceus|0 fnt\n|faint|p2a: Arceus\n|-damage|p1a: Ambipom|95/100|[from] Recoil\n|\n|upkeep\n|inactive|Time left: 300 sec this turn | 300 sec total | 5 sec grace\n|\n|t:|1783555039\n|switch|p2a: Rhydon|Rhydon, L85, M|317/317\n|turn|18\n|inactive|Time left: 300 sec this turn | 300 sec total\n|\n|t:|1783555041\n|switch|p1a: Rotom|Rotom-Wash, L82|100/100\n|move|p2a: Rhydon|Swords Dance|p2a: Rhydon\n|-boost|p2a: Rhydon|atk|2\n|\n|upkeep\n|turn|19\n|inactive|Time left: 300 sec this turn | 300 sec total\n|\n|t:|1783555042\n|-terastallize|p2a: Rhydon|Dragon\n|move|p1a: Rotom|Hydro Pump|p2a: Rhydon\n|-resisted|p2a: Rhydon\n|-damage|p2a: Rhydon|257/317\n|move|p2a: Rhydon|Stone Edge|p1a: Rotom\n|-damage|p1a: Rotom|0 fnt\n|faint|p1a: Rotom\n|\n|upkeep\n|\n|t:|1783555043\n|switch|p1a: Ambipom|Ambipom, L84, F|95/100\n|turn|20\n|inactive|Time left: 300 sec this turn | 300 sec total\n|\n|t:|1783555044\n|move|p1a: Ambipom|Triple Axel|p2a: Rhydon\n|-supereffective|p2a: Rhydon\n|-damage|p2a: Rhydon|223/317\n|-supereffective|p2a: Rhydon\n|-damage|p2a: Rhydon|153/317\n|-supereffective|p2a: Rhydon\n|-damage|p2a: Rhydon|49/317\n|-hitcount|p2a: Rhydon|3\n|move|p2a: Rhydon|Earthquake|p1a: Ambipom\n|-damage|p1a: Ambipom|0 fnt\n|faint|p1a: Ambipom\n|\n|upkeep\n|\n|t:|1783555045\n|switch|p1a: Lurantis|Lurantis, L87, M|100/100\n|turn|21\n|inactive|Time left: 300 sec this turn | 300 sec total\n|\n|t:|1783555046\n|move|p1a: Lurantis|Leaf Storm|p2a: Rhydon\n|-resisted|p2a: Rhydon\n|-damage|p2a: Rhydon|0 fnt\n|-boost|p1a: Lurantis|spa|2\n|faint|p2a: Rhydon\n|\n|upkeep\n|inactive|Time left: 300 sec this turn | 300 sec total | 5 sec grace\n|\n|t:|1783555046\n|switch|p2a: Avalugg|Avalugg-Hisui, L90, M|317/317\n|turn|22\n|inactive|Time left: 300 sec this turn | 300 sec total\n|\n|t:|1783555047\n|move|p1a: Lurantis|Superpower|p2a: Avalugg\n|-supereffective|p2a: Avalugg\n|-damage|p2a: Avalugg|129/317\n|-boost|p1a: Lurantis|atk|1\n|-boost|p1a: Lurantis|def|1\n|move|p2a: Avalugg|Avalanche|p1a: Lurantis\n|-supereffective|p1a: Lurantis\n|-damage|p1a: Lurantis|14/100\n|\n|-heal|p1a: Lurantis|20/100|[from] item: Leftovers\n|upkeep\n|turn|23\n|inactive|Time left: 300 sec this turn | 300 sec total\n|\n|t:|1783555048\n|switch|p2a: Drifblim|Drifblim, L86, F|396/396\n|move|p1a: Lurantis|Synthesis|p1a: Lurantis\n|-heal|p1a: Lurantis|70/100\n|\n|-heal|p1a: Lurantis|76/100|[from] item: Leftovers\n|upkeep\n|turn|24\n|inactive|Time left: 300 sec this turn | 300 sec total\n|\n|t:|1783555049\n|move|p2a: Drifblim|Air Slash|p1a: Lurantis|[miss]\n|-miss|p2a: Drifblim|p1a: Lurantis\n|move|p1a: Lurantis|Synthesis|p1a: Lurantis\n|-heal|p1a: Lurantis|100/100\n|\n|upkeep\n|turn|25\n|inactive|Time left: 300 sec this turn | 300 sec total\n|\n|t:|1783555050\n|move|p2a: Drifblim|Air Slash|p1a: Lurantis\n|-supereffective|p1a: Lurantis\n|-damage|p1a: Lurantis|47/100\n|move|p1a: Lurantis|Synthesis|p1a: Lurantis\n|-heal|p1a: Lurantis|97/100\n|\n|-heal|p1a: Lurantis|100/100|[from] item: Leftovers\n|upkeep\n|turn|26\n|inactive|Time left: 300 sec this turn | 300 sec total\n|\n|t:|1783555051\n|move|p2a: Drifblim|Air Slash|p1a: Lurantis\n|-supereffective|p1a: Lurantis\n|-damage|p1a: Lurantis|41/100\n|move|p1a: Lurantis|Synthesis|p1a: Lurantis\n|-heal|p1a: Lurantis|91/100\n|\n|-heal|p1a: Lurantis|97/100|[from] item: Leftovers\n|upkeep\n|turn|27\n|inactive|Time left: 300 sec this turn | 300 sec total\n|\n|t:|1783555052\n|move|p2a: Drifblim|Air Slash|p1a: Lurantis|[miss]\n|-miss|p2a: Drifblim|p1a: Lurantis\n|move|p1a: Lurantis|Synthesis|p1a: Lurantis\n|-heal|p1a: Lurantis|100/100\n|\n|upkeep\n|turn|28\n|inactive|Time left: 300 sec this turn | 300 sec total\n|\n|t:|1783555053\n|move|p2a: Drifblim|Air Slash|p1a: Lurantis\n|-supereffective|p1a: Lurantis\n|-damage|p1a: Lurantis|41/100\n|cant|p1a: Lurantis|flinch\n|\n|-heal|p1a: Lurantis|47/100|[from] item: Leftovers\n|upkeep\n|turn|29\n|inactive|Time left: 300 sec this turn | 300 sec total\n|\n|t:|1783555054\n|switch|p1a: Eelektross|Eelektross, L87, F|100/100\n|move|p2a: Drifblim|Air Slash|p1a: Eelektross\n|-resisted|p1a: Eelektross\n|-damage|p1a: Eelektross|86/100\n|\n|-heal|p1a: Eelektross|92/100|[from] item: Leftovers\n|upkeep\n|turn|30\n|inactive|Time left: 300 sec this turn | 300 sec total\n|\n|t:|1783555055\n|move|p2a: Drifblim|Strength Sap|p1a: Eelektross\n|-unboost|p1a: Eelektross|atk|1\n|move|p1a: Eelektross|Coil|p1a: Eelektross\n|-boost|p1a: Eelektross|atk|1\n|-boost|p1a: Eelektross|def|1\n|-boost|p1a: Eelektross|accuracy|1\n|\n|-heal|p1a: Eelektross|98/100|[from] item: Leftovers\n|upkeep\n|turn|31\n|inactive|Time left: 300 sec this turn | 300 sec total\n|\n|t:|1783555056\n|move|p2a: Drifblim|Strength Sap|p1a: Eelektross\n|-unboost|p1a: Eelektross|atk|1\n|move|p1a: Eelektross|Coil|p1a: Eelektross\n|-boost|p1a: Eelektross|atk|1\n|-boost|p1a: Eelektross|def|1\n|-boost|p1a: Eelektross|accuracy|1\n|\n|-heal|p1a: Eelektross|100/100|[from] item: Leftovers\n|upkeep\n|turn|32\n|inactive|Time left: 300 sec this turn | 300 sec total\n|\n|t:|1783555057\n|move|p2a: Drifblim|Strength Sap|p1a: Eelektross\n|-unboost|p1a: Eelektross|atk|1\n|move|p1a: Eelektross|Coil|p1a: Eelektross\n|-boost|p1a: Eelektross|atk|1\n|-boost|p1a: Eelektross|def|1\n|-boost|p1a: Eelektross|accuracy|1\n|\n|upkeep\n|turn|33\n|inactive|Time left: 300 sec this turn | 300 sec total\n|\n|t:|1783555058\n|move|p2a: Drifblim|Strength Sap|p1a: Eelektross\n|-unboost|p1a: Eelektross|atk|1\n|move|p1a: Eelektross|Coil|p1a: Eelektross\n|-boost|p1a: Eelektross|atk|1\n|-boost|p1a: Eelektross|def|1\n|-boost|p1a: Eelektross|accuracy|1\n|\n|upkeep\n|turn|34\n|inactive|Time left: 300 sec this turn | 300 sec total\n|\n|t:|1783555059\n|move|p2a: Drifblim|Strength Sap|p1a: Eelektross\n|-unboost|p1a: Eelektross|atk|1\n|move|p1a: Eelektross|Supercell Slam|p2a: Drifblim\n|-supereffective|p2a: Drifblim\n|-damage|p2a: Drifblim|108/396\n|-enditem|p2a: Drifblim|Sitrus Berry|[eat]\n|-heal|p2a: Drifblim|207/396|[from] item: Sitrus Berry\n|\n|upkeep\n|turn|35\n|inactive|Time left: 300 sec this turn | 300 sec total\n|\n|t:|1783555060\n|move|p2a: Drifblim|Strength Sap|p1a: Eelektross\n|-unboost|p1a: Eelektross|atk|1\n|-heal|p2a: Drifblim|373/396\n|move|p1a: Eelektross|Supercell Slam|p2a: Drifblim\n|-supereffective|p2a: Drifblim\n|-damage|p2a: Drifblim|187/396\n|\n|upkeep\n|turn|36\n|inactive|Time left: 300 sec this turn | 300 sec total\n|\n|t:|1783555062\n|move|p2a: Drifblim|Strength Sap|p1a: Eelektross\n|-unboost|p1a: Eelektross|atk|1\n|-heal|p2a: Drifblim|312/396\n|move|p1a: Eelektross|Supercell Slam|p2a: Drifblim\n|-supereffective|p2a: Drifblim\n|-damage|p2a: Drifblim|144/396\n|\n|upkeep\n|turn|37\n|inactive|Time left: 300 sec this turn | 300 sec total\n|\n|t:|1783555063\n|move|p2a: Drifblim|Strength Sap|p1a: Eelektross\n|-unboost|p1a: Eelektross|atk|1\n|-heal|p2a: Drifblim|244/396\n|move|p1a: Eelektross|Supercell Slam|p2a: Drifblim\n|-supereffective|p2a: Drifblim\n|-damage|p2a: Drifblim|116/396\n|\n|upkeep\n|turn|38\n|inactive|Time left: 300 sec this turn | 300 sec total\n|\n|t:|1783555064\n|move|p2a: Drifblim|Strength Sap|p1a: Eelektross\n|-unboost|p1a: Eelektross|atk|1\n|-heal|p2a: Drifblim|199/396\n|move|p1a: Eelektross|Supercell Slam|p2a: Drifblim\n|-supereffective|p2a: Drifblim\n|-damage|p2a: Drifblim|95/396\n|\n|upkeep\n|turn|39\n|inactive|Time left: 300 sec this turn | 300 sec total\n|\n|t:|1783555065\n|move|p2a: Drifblim|Strength Sap|p1a: Eelektross\n|-unboost|p1a: Eelektross|atk|1\n|-heal|p2a: Drifblim|166/396\n|move|p1a: Eelektross|Supercell Slam|p2a: Drifblim\n|-supereffective|p2a: Drifblim\n|-damage|p2a: Drifblim|74/396\n|\n|upkeep\n|turn|40\n|inactive|Time left: 300 sec this turn | 300 sec total\n|\n|t:|1783555066\n|move|p2a: Drifblim|Shadow Ball|p1a: Eelektross\n|-damage|p1a: Eelektross|67/100\n|move|p1a: Eelektross|Supercell Slam|p2a: Drifblim\n|-supereffective|p2a: Drifblim\n|-damage|p2a: Drifblim|0 fnt\n|faint|p2a: Drifblim\n|\n|-heal|p1a: Eelektross|74/100|[from] item: Leftovers\n|upkeep\n|inactive|Time left: 300 sec this turn | 300 sec total | 5 sec grace\n|\n|t:|1783555067\n|switch|p2a: Avalugg|Avalugg-Hisui, L90, M|129/317\n|turn|41\n|inactive|Time left: 300 sec this turn | 300 sec total\n|\n|t:|1783555068\n|switch|p1a: Lurantis|Lurantis, L87, M|47/100\n|move|p2a: Avalugg|Avalanche|p1a: Lurantis\n|-supereffective|p1a: Lurantis\n|-damage|p1a: Lurantis|0 fnt\n|faint|p1a: Lurantis\n|\n|upkeep\n|\n|t:|1783555069\n|switch|p1a: Eelektross|Eelektross, L87, F|74/100\n|turn|42\n|inactive|Time left: 300 sec this turn | 300 sec total\n|\n|t:|1783555070\n|switch|p2a: Sandaconda|Sandaconda, L84, M|258/258\n|move|p1a: Eelektross|Drain Punch|p2a: Sandaconda\n|-damage|p2a: Sandaconda|207/258\n|-heal|p1a: Eelektross|83/100|[from] drain|[of] p2a: Sandaconda\n|\n|-heal|p1a: Eelektross|89/100|[from] item: Leftovers\n|upkeep\n|turn|43\n|inactive|Time left: 300 sec this turn | 300 sec total\n|\n|t:|1783555071\n|move|p2a: Sandaconda|Coil|p2a: Sandaconda\n|-boost|p2a: Sandaconda|atk|1\n|-boost|p2a: Sandaconda|def|1\n|-boost|p2a: Sandaconda|accuracy|1\n|move|p1a: Eelektross|Coil|p1a: Eelektross\n|-boost|p1a: Eelektross|atk|1\n|-boost|p1a: Eelektross|def|1\n|-boost|p1a: Eelektross|accuracy|1\n|\n|-heal|p1a: Eelektross|95/100|[from] item: Leftovers\n|upkeep\n|turn|44\n|inactive|Time left: 300 sec this turn | 300 sec total\n|\n|t:|1783555072\n|move|p2a: Sandaconda|Coil|p2a: Sandaconda\n|-boost|p2a: Sandaconda|atk|1\n|-boost|p2a: Sandaconda|def|1\n|-boost|p2a: Sandaconda|accuracy|1\n|move|p1a: Eelektross|Coil|p1a: Eelektross\n|-boost|p1a: Eelektross|atk|1\n|-boost|p1a: Eelektross|def|1\n|-boost|p1a: Eelektross|accuracy|1\n|\n|-heal|p1a: Eelektross|100/100|[from] item: Leftovers\n|upkeep\n|turn|45\n|inactive|Time left: 300 sec this turn | 300 sec total\n|\n|t:|1783555073\n|move|p2a: Sandaconda|Coil|p2a: Sandaconda\n|-boost|p2a: Sandaconda|atk|1\n|-boost|p2a: Sandaconda|def|1\n|-boost|p2a: Sandaconda|accuracy|1\n|move|p1a: Eelektross|Knock Off|p2a: Sandaconda\n|-damage|p2a: Sandaconda|159/258\n|-enditem|p2a: Sandaconda|Loaded Dice|[from] move: Knock Off|[of] p1a: Eelektross\n|\n|upkeep\n|turn|46\n|inactive|Time left: 300 sec this turn | 300 sec total\n|\n|t:|1783555074\n|move|p2a: Sandaconda|Coil|p2a: Sandaconda\n|-boost|p2a: Sandaconda|atk|1\n|-boost|p2a: Sandaconda|def|1\n|-boost|p2a: Sandaconda|accuracy|1\n|move|p1a: Eelektross|Coil|p1a: Eelektross\n|-boost|p1a: Eelektross|atk|1\n|-boost|p1a: Eelektross|def|1\n|-boost|p1a: Eelektross|accuracy|1\n|\n|upkeep\n|turn|47\n|inactive|Time left: 300 sec this turn | 300 sec total\n|\n|t:|1783555075\n|move|p2a: Sandaconda|Coil|p2a: Sandaconda\n|-boost|p2a: Sandaconda|atk|1\n|-boost|p2a: Sandaconda|def|1\n|-boost|p2a: Sandaconda|accuracy|1\n|move|p1a: Eelektross|Drain Punch|p2a: Sandaconda\n|-damage|p2a: Sandaconda|121/258\n|\n|upkeep\n|turn|48\n|inactive|Time left: 300 sec this turn | 300 sec total\n|\n|t:|1783555076\n|move|p2a: Sandaconda|Rock Blast|p1a: Eelektross\n|-damage|p1a: Eelektross|90/100\n|-damage|p1a: Eelektross|80/100\n|-damage|p1a: Eelektross|71/100\n|-hitcount|p1a: Eelektross|3\n|move|p1a: Eelektross|Drain Punch|p2a: Sandaconda\n|-damage|p2a: Sandaconda|83/258\n|-heal|p1a: Eelektross|78/100|[from] drain|[of] p2a: Sandaconda\n|\n|-heal|p1a: Eelektross|84/100|[from] item: Leftovers\n|upkeep\n|turn|49\n|inactive|Time left: 300 sec this turn | 300 sec total\n|\n|t:|1783555077\n|move|p2a: Sandaconda|Scale Shot|p1a: Eelektross\n|-crit|p1a: Eelektross\n|-damage|p1a: Eelektross|46/100\n|-damage|p1a: Eelektross|37/100\n|-damage|p1a: Eelektross|28/100\n|-hitcount|p1a: Eelektross|3\n|-unboost|p2a: Sandaconda|def|1\n|-boost|p2a: Sandaconda|spe|1\n|move|p1a: Eelektross|Drain Punch|p2a: Sandaconda\n|-damage|p2a: Sandaconda|41/258\n|-heal|p1a: Eelektross|36/100|[from] drain|[of] p2a: Sandaconda\n|\n|-heal|p1a: Eelektross|42/100|[from] item: Leftovers\n|upkeep\n|turn|50\n|inactive|Time left: 300 sec this turn | 300 sec total\n|\n|t:|1783555078\n|move|p2a: Sandaconda|Rock Blast|p1a: Eelektross\n|-damage|p1a: Eelektross|32/100\n|-damage|p1a: Eelektross|23/100\n|-hitcount|p1a: Eelektross|2\n|move|p1a: Eelektross|Drain Punch|p2a: Sandaconda\n|-damage|p2a: Sandaconda|0 fnt\n|-heal|p1a: Eelektross|30/100|[from] drain|[of] p2a: Sandaconda\n|faint|p2a: Sandaconda\n|\n|-heal|p1a: Eelektross|36/100|[from] item: Leftovers\n|upkeep\n|inactive|Time left: 300 sec this turn | 300 sec total | 5 sec grace\n|\n|t:|1783555079\n|switch|p2a: Bellibolt|Bellibolt, L84, M|320/320\n|turn|51\n|inactive|Time left: 300 sec this turn | 300 sec total\n|\n|t:|1783555080\n|move|p1a: Eelektross|Drain Punch|p2a: Bellibolt\n|-damage|p2a: Bellibolt|173/320\n|-heal|p1a: Eelektross|62/100|[from] drain|[of] p2a: Bellibolt\n|-start|p2a: Bellibolt|Charge|Drain Punch|[from] ability: Electromorphosis\n|move|p2a: Bellibolt|Muddy Water|p1a: Eelektross|[miss]\n|-miss|p2a: Bellibolt|p1a: Eelektross\n|\n|-heal|p1a: Eelektross|68/100|[from] item: Leftovers\n|-heal|p2a: Bellibolt|193/320|[from] item: Leftovers\n|upkeep\n|turn|52\n|inactive|Time left: 300 sec this turn | 300 sec total\n|\n|t:|1783555081\n|switch|p2a: Avalugg|Avalugg-Hisui, L90, M|129/317\n|move|p1a: Eelektross|Knock Off|p2a: Avalugg\n|-damage|p2a: Avalugg|18/317\n|-enditem|p2a: Avalugg|Heavy-Duty Boots|[from] move: Knock Off|[of] p1a: Eelektross\n|\n|-heal|p1a: Eelektross|74/100|[from] item: Leftovers\n|upkeep\n|turn|53\n|inactive|Time left: 300 sec this turn | 300 sec total\n|\n|t:|1783555082\n|move|p1a: Eelektross|Knock Off|p2a: Avalugg\n|-damage|p2a: Avalugg|0 fnt\n|faint|p2a: Avalugg\n|\n|-heal|p1a: Eelektross|80/100|[from] item: Leftovers\n|upkeep\n|inactive|Time left: 300 sec this turn | 300 sec total | 5 sec grace\n|\n|t:|1783555083\n|switch|p2a: Bellibolt|Bellibolt, L84, M|193/320\n|turn|54\n|inactive|Time left: 300 sec this turn | 300 sec total\n|\n|t:|1783555084\n|move|p1a: Eelektross|Knock Off|p2a: Bellibolt\n|-damage|p2a: Bellibolt|0 fnt\n|-enditem|p2a: Bellibolt|Leftovers|[from] move: Knock Off|[of] p1a: Eelektross\n|faint|p2a: Bellibolt\n|\n|win|p0x1369be27", "uploadtime": 1783555084, "views": 0, "rating": 0, "private": 0, "password": null, "_winner": "p0x1369be27", "_our_name": "p0y1369b6b2"}