{"id": "battle-gen9randombattle-2233", "formatid": "gen9randombattle", "format": "[Gen 9] Random Battle", "players": ["p0x2233a6b5", "p0y2233cfac"], "log": "|init|battle\n|title|p0x2233a6b5 vs. p0y2233cfac\n|j|\u2606p0x2233a6b5\n|j|\u2606p0y2233cfac\n|t:|1783565879\n|gametype|singles\n|player|p1|p0x2233a6b5|266|\n|player|p2|p0y2233cfac|1|\n|gen|9\n|tier|[Gen 9] Random Battle\n|rule|Species Clause: Limit one of each Pok\u00e9mon\n|rule|HP Percentage Mod: HP is shown in percentages\n|rule|Sleep Clause Mod: Limit one foe put to sleep\n|rule|Illusion Level Mod: Illusion disguises the Pok\u00e9mon's true level\n|\n|t:|1783565879\n|teamsize|p1|6\n|teamsize|p2|6\n|start\n|switch|p1a: Wyrdeer|Wyrdeer, L87, M|321/321\n|switch|p2a: Lunala|Lunala, L70|100/100\n|-ability|p1a: Wyrdeer|Intimidate|boost\n|-unboost|p2a: Lunala|atk|1\n|turn|1\n|inactive|Battle timer is ON: inactive players will automatically lose when time's up. (requested by p0x2233a6b5)\n|inactive|p0y2233cfac also wants the timer to be on.\n|\n|t:|1783565881\n|move|p2a: Lunala|Calm Mind|p2a: Lunala\n|-boost|p2a: Lunala|spa|1\n|-boost|p2a: Lunala|spd|1\n|move|p1a: Wyrdeer|Psychic Noise|p2a: Lunala\n|-resisted|p2a: Lunala\n|-damage|p2a: Lunala|95/100\n|-start|p2a: Lunala|move: Heal Block\n|\n|upkeep\n|turn|2\n|inactive|Time left: 300 sec this turn | 300 sec total\n|\n|t:|1783565882\n|move|p2a: Lunala|Moonblast|p1a: Wyrdeer\n|-damage|p1a: Wyrdeer|255/321\n|-unboost|p1a: Wyrdeer|spa|1\n|move|p1a: Wyrdeer|Megahorn|p2a: Lunala\n|-damage|p2a: Lunala|59/100\n|\n|-end|p2a: Lunala|move: Heal Block\n|upkeep\n|turn|3\n|inactive|Time left: 300 sec this turn | 300 sec total\n|\n|t:|1783565883\n|switch|p1a: Smeargle|Smeargle, L95, M|258/258\n|move|p2a: Lunala|Moonlight|p2a: Lunala\n|-heal|p2a: Lunala|100/100\n|\n|upkeep\n|turn|4\n|inactive|Time left: 300 sec this turn | 300 sec total\n|\n|t:|1783565884\n|move|p1a: Smeargle|Sticky Web|p2a: Lunala\n|-sidestart|p2: p0y2233cfac|move: Sticky Web\n|move|p2a: Lunala|Moonblast|p1a: Smeargle\n|-damage|p1a: Smeargle|127/258\n|\n|upkeep\n|turn|5\n|inactive|Time left: 300 sec this turn | 300 sec total\n|\n|t:|1783565885\n|move|p1a: Smeargle|Spore|p2a: Lunala\n|-status|p2a: Lunala|slp|[from] move: Spore\n|cant|p2a: Lunala|slp\n|\n|upkeep\n|turn|6\n|inactive|Time left: 300 sec this turn | 300 sec total\n|\n|t:|1783565886\n|move|p1a: Smeargle|Ceaseless Edge|p2a: Lunala\n|-supereffective|p2a: Lunala\n|-crit|p2a: Lunala\n|-damage|p2a: Lunala|75/100 slp\n|-sidestart|p2: p0y2233cfac|Spikes\n|cant|p2a: Lunala|slp\n|\n|-heal|p2a: Lunala|81/100 slp|[from] item: Leftovers\n|upkeep\n|turn|7\n|inactive|Time left: 300 sec this turn | 300 sec total\n|\n|t:|1783565887\n|move|p1a: Smeargle|Ceaseless Edge|p2a: Lunala\n|-supereffective|p2a: Lunala\n|-damage|p2a: Lunala|48/100 slp\n|-sidestart|p2: p0y2233cfac|Spikes\n|-curestatus|p2a: Lunala|slp|[msg]\n|move|p2a: Lunala|Moonblast|p1a: Smeargle\n|-damage|p1a: Smeargle|0 fnt\n|faint|p1a: Smeargle\n|\n|-heal|p2a: Lunala|54/100|[from] item: Leftovers\n|upkeep\n|inactive|Time left: 300 sec this turn | 300 sec total | 5 sec grace\n|\n|t:|1783565888\n|switch|p1a: Lycanroc|Lycanroc, L86, M|269/269\n|turn|8\n|inactive|Time left: 300 sec this turn | 300 sec total\n|\n|t:|1783565889\n|move|p1a: Lycanroc|Stone Edge|p2a: Lunala|[miss]\n|-miss|p1a: Lycanroc|p2a: Lunala\n|move|p2a: Lunala|Moonlight|p2a: Lunala\n|-heal|p2a: Lunala|100/100\n|\n|upkeep\n|turn|9\n|inactive|Time left: 300 sec this turn | 300 sec total\n|\n|t:|1783565890\n|switch|p1a: Wyrdeer|Wyrdeer, L87, M|255/321\n|-ability|p1a: Wyrdeer|Intimidate|boost\n|-unboost|p2a: Lunala|atk|1\n|move|p2a: Lunala|Moongeist Beam|p1a: Wyrdeer\n|-immune|p1a: Wyrdeer\n|\n|upkeep\n|turn|10\n|inactive|Time left: 300 sec this turn | 300 sec total\n|\n|t:|1783565891\n|move|p2a: Lunala|Calm Mind|p2a: Lunala\n|-boost|p2a: Lunala|spa|1\n|-boost|p2a: Lunala|spd|1\n|move|p1a: Wyrdeer|Megahorn|p2a: Lunala\n|-damage|p2a: Lunala|81/100\n|\n|-heal|p2a: Lunala|87/100|[from] item: Leftovers\n|upkeep\n|turn|11\n|inactive|Time left: 300 sec this turn | 300 sec total\n|\n|t:|1783565892\n|move|p2a: Lunala|Moonblast|p1a: Wyrdeer\n|-damage|p1a: Wyrdeer|155/321\n|move|p1a: Wyrdeer|Earthquake|p2a: Lunala\n|-damage|p2a: Lunala|59/100\n|\n|-heal|p2a: Lunala|65/100|[from] item: Leftovers\n|upkeep\n|turn|12\n|inactive|Time left: 300 sec this turn | 300 sec total\n|\n|t:|1783565893\n|move|p2a: Lunala|Moonblast|p1a: Wyrdeer\n|-damage|p1a: Wyrdeer|64/321\n|move|p1a: Wyrdeer|Megahorn|p2a: Lunala|[miss]\n|-miss|p1a: Wyrdeer|p2a: Lunala\n|\n|-heal|p2a: Lunala|72/100|[from] item: Leftovers\n|upkeep\n|turn|13\n|inactive|Time left: 300 sec this turn | 300 sec total\n|\n|t:|1783565894\n|move|p2a: Lunala|Moonblast|p1a: Wyrdeer\n|-damage|p1a: Wyrdeer|0 fnt\n|faint|p1a: Wyrdeer\n|\n|-heal|p2a: Lunala|78/100|[from] item: Leftovers\n|upkeep\n|inactive|Time left: 300 sec this turn | 300 sec total | 5 sec grace\n|\n|t:|1783565895\n|switch|p1a: Lycanroc|Lycanroc, L86, M|269/269\n|turn|14\n|inactive|Time left: 300 sec this turn | 300 sec total\n|\n|t:|1783565896\n|-terastallize|p2a: Lunala|Fairy\n|move|p1a: Lycanroc|Stone Edge|p2a: Lunala\n|-damage|p2a: Lunala|13/100\n|-damage|p1a: Lycanroc|243/269|[from] item: Life Orb\n|move|p2a: Lunala|Moonblast|p1a: Lycanroc\n|-damage|p1a: Lycanroc|0 fnt\n|faint|p1a: Lycanroc\n|\n|-heal|p2a: Lunala|19/100|[from] item: Leftovers\n|upkeep\n|inactive|Time left: 300 sec this turn | 300 sec total | 5 sec grace\n|\n|t:|1783565898\n|switch|p1a: Sneasler|Sneasler, L74, F|240/240\n|turn|15\n|inactive|Time left: 300 sec this turn | 300 sec total\n|\n|t:|1783565899\n|move|p1a: Sneasler|Close Combat|p2a: Lunala\n|-resisted|p2a: Lunala\n|-damage|p2a: Lunala|0 fnt\n|-unboost|p1a: Sneasler|def|1\n|-unboost|p1a: Sneasler|spd|1\n|faint|p2a: Lunala\n|-enditem|p1a: Sneasler|White Herb\n|-clearnegativeboost|p1a: Sneasler|[silent]\n|\n|upkeep\n|\n|t:|1783565900\n|switch|p2a: Thundurus|Thundurus-Therian, L80, M|100/100\n|turn|16\n|inactive|Time left: 300 sec this turn | 300 sec total\n|\n|t:|1783565901\n|move|p1a: Sneasler|Dire Claw|p2a: Thundurus\n|-damage|p2a: Thundurus|59/100\n|move|p2a: Thundurus|Thunderbolt|p1a: Sneasler\n|-damage|p1a: Sneasler|96/240\n|\n|upkeep\n|turn|17\n|inactive|Time left: 300 sec this turn | 300 sec total\n|\n|t:|1783565902\n|move|p1a: Sneasler|Dire Claw|p2a: Thundurus\n|-damage|p2a: Thundurus|18/100\n|move|p2a: Thundurus|Thunderbolt|p1a: Sneasler\n|-damage|p1a: Sneasler|0 fnt\n|faint|p1a: Sneasler\n|\n|upkeep\n|inactive|Time left: 300 sec this turn | 300 sec total | 5 sec grace\n|\n|t:|1783565903\n|switch|p1a: Chimecho|Chimecho, L93, M|290/290\n|turn|18\n|inactive|Time left: 300 sec this turn | 300 sec total\n|\n|t:|1783565904\n|switch|p2a: Oricorio|Oricorio-Pa'u, L87, M|100/100\n|move|p1a: Chimecho|Dazzling Gleam|p2a: Oricorio\n|-damage|p2a: Oricorio|74/100\n|\n|upkeep\n|turn|19\n|inactive|Time left: 300 sec this turn | 300 sec total\n|\n|t:|1783565905\n|move|p2a: Oricorio|Quiver Dance|p2a: Oricorio\n|-boost|p2a: Oricorio|spa|1\n|-boost|p2a: Oricorio|spd|1\n|-boost|p2a: Oricorio|spe|1\n|move|p1a: Chimecho|Cosmic Power|p1a: Chimecho\n|-boost|p1a: Chimecho|def|1\n|-boost|p1a: Chimecho|spd|1\n|\n|upkeep\n|turn|20\n|inactive|Time left: 300 sec this turn | 300 sec total\n|\n|t:|1783565906\n|move|p2a: Oricorio|Quiver Dance|p2a: Oricorio\n|-boost|p2a: Oricorio|spa|1\n|-boost|p2a: Oricorio|spd|1\n|-boost|p2a: Oricorio|spe|1\n|move|p1a: Chimecho|Cosmic Power|p1a: Chimecho\n|-boost|p1a: Chimecho|def|1\n|-boost|p1a: Chimecho|spd|1\n|\n|upkeep\n|turn|21\n|inactive|Time left: 300 sec this turn | 300 sec total\n|\n|t:|1783565907\n|move|p2a: Oricorio|Quiver Dance|p2a: Oricorio\n|-boost|p2a: Oricorio|spa|1\n|-boost|p2a: Oricorio|spd|1\n|-boost|p2a: Oricorio|spe|1\n|move|p1a: Chimecho|Cosmic Power|p1a: Chimecho\n|-boost|p1a: Chimecho|def|1\n|-boost|p1a: Chimecho|spd|1\n|\n|upkeep\n|turn|22\n|inactive|Time left: 300 sec this turn | 300 sec total\n|\n|t:|1783565908\n|move|p2a: Oricorio|Quiver Dance|p2a: Oricorio\n|-boost|p2a: Oricorio|spa|1\n|-boost|p2a: Oricorio|spd|1\n|-boost|p2a: Oricorio|spe|1\n|move|p1a: Chimecho|Cosmic Power|p1a: Chimecho\n|-boost|p1a: Chimecho|def|1\n|-boost|p1a: Chimecho|spd|1\n|\n|upkeep\n|turn|23\n|inactive|Time left: 300 sec this turn | 300 sec total\n|\n|t:|1783565909\n|-terastallize|p1a: Chimecho|Steel\n|move|p2a: Oricorio|Roost|p2a: Oricorio\n|-heal|p2a: Oricorio|100/100\n|-singleturn|p2a: Oricorio|move: Roost\n|move|p1a: Chimecho|Stored Power|p2a: Oricorio\n|-resisted|p2a: Oricorio\n|-damage|p2a: Oricorio|84/100\n|\n|upkeep\n|turn|24\n|inactive|Time left: 300 sec this turn | 300 sec total\n|\n|t:|1783565910\n|move|p2a: Oricorio|Hurricane|p1a: Chimecho|[miss]\n|-miss|p2a: Oricorio|p1a: Chimecho\n|move|p1a: Chimecho|Dazzling Gleam|p2a: Oricorio\n|-damage|p2a: Oricorio|73/100\n|\n|upkeep\n|turn|25\n|inactive|Time left: 300 sec this turn | 300 sec total\n|\n|t:|1783565912\n|move|p2a: Oricorio|Roost|p2a: Oricorio\n|-heal|p2a: Oricorio|100/100\n|-singleturn|p2a: Oricorio|move: Roost\n|move|p1a: Chimecho|Stored Power|p2a: Oricorio\n|-resisted|p2a: Oricorio\n|-damage|p2a: Oricorio|84/100\n|\n|upkeep\n|turn|26\n|inactive|Time left: 300 sec this turn | 300 sec total\n|\n|t:|1783565913\n|move|p2a: Oricorio|Quiver Dance|p2a: Oricorio\n|-boost|p2a: Oricorio|spa|1\n|-boost|p2a: Oricorio|spd|1\n|-boost|p2a: Oricorio|spe|1\n|move|p1a: Chimecho|Cosmic Power|p1a: Chimecho\n|-boost|p1a: Chimecho|def|1\n|-boost|p1a: Chimecho|spd|1\n|\n|upkeep\n|turn|27\n|inactive|Time left: 300 sec this turn | 300 sec total\n|\n|t:|1783565914\n|move|p2a: Oricorio|Hurricane|p1a: Chimecho\n|-resisted|p1a: Chimecho\n|-damage|p1a: Chimecho|233/290\n|move|p1a: Chimecho|Stored Power|p2a: Oricorio\n|-resisted|p2a: Oricorio\n|-damage|p2a: Oricorio|67/100\n|\n|-heal|p1a: Chimecho|251/290|[from] item: Leftovers\n|upkeep\n|turn|28\n|inactive|Time left: 300 sec this turn | 300 sec total\n|\n|t:|1783565916\n|move|p2a: Oricorio|Roost|p2a: Oricorio\n|-heal|p2a: Oricorio|100/100\n|-singleturn|p2a: Oricorio|move: Roost\n|move|p1a: Chimecho|Stored Power|p2a: Oricorio\n|-resisted|p2a: Oricorio\n|-damage|p2a: Oricorio|85/100\n|\n|-heal|p1a: Chimecho|269/290|[from] item: Leftovers\n|upkeep\n|turn|29\n|inactive|Time left: 300 sec this turn | 300 sec total\n|\n|t:|1783565917\n|move|p2a: Oricorio|Hurricane|p1a: Chimecho|[miss]\n|-miss|p2a: Oricorio|p1a: Chimecho\n|move|p1a: Chimecho|Stored Power|p2a: Oricorio\n|-resisted|p2a: Oricorio\n|-crit|p2a: Oricorio\n|-damage|p2a: Oricorio|0 fnt\n|faint|p2a: Oricorio\n|\n|-heal|p1a: Chimecho|287/290|[from] item: Leftovers\n|upkeep\n|\n|t:|1783565918\n|switch|p2a: Thundurus|Thundurus-Therian, L80, M|18/100\n|turn|30\n|inactive|Time left: 300 sec this turn | 300 sec total\n|\n|t:|1783565919\n|switch|p2a: Magearna|Magearna-Original, L77|100/100\n|-activate|p2a: Magearna|move: Sticky Web\n|-unboost|p2a: Magearna|spe|1\n|-damage|p2a: Magearna|84/100|[from] Spikes\n|move|p1a: Chimecho|Stored Power|p2a: Magearna\n|-resisted|p2a: Magearna\n|-damage|p2a: Magearna|33/100\n|\n|-heal|p1a: Chimecho|290/290|[from] item: Leftovers\n|-heal|p2a: Magearna|39/100|[from] item: Leftovers\n|upkeep\n|turn|31\n|inactive|Time left: 300 sec this turn | 300 sec total\n|\n|t:|1783565921\n|move|p1a: Chimecho|Stored Power|p2a: Magearna\n|-resisted|p2a: Magearna\n|-crit|p2a: Magearna\n|-damage|p2a: Magearna|0 fnt\n|faint|p2a: Magearna\n|\n|upkeep\n|\n|t:|1783565922\n|switch|p2a: Thundurus|Thundurus-Therian, L80, M|18/100\n|turn|32\n|inactive|Time left: 300 sec this turn | 300 sec total\n|\n|t:|1783565922\n|move|p2a: Thundurus|Thunderbolt|p1a: Chimecho\n|-damage|p1a: Chimecho|259/290\n|move|p1a: Chimecho|Stored Power|p2a: Thundurus\n|-damage|p2a: Thundurus|0 fnt\n|faint|p2a: Thundurus\n|\n|-heal|p1a: Chimecho|277/290|[from] item: Leftovers\n|upkeep\n|\n|t:|1783565923\n|switch|p2a: Annihilape|Annihilape, L76, M|100/100\n|-activate|p2a: Annihilape|move: Sticky Web\n|-unboost|p2a: Annihilape|spe|1\n|-ability|p2a: Annihilape|Defiant|boost\n|-boost|p2a: Annihilape|atk|2\n|-damage|p2a: Annihilape|84/100|[from] Spikes\n|turn|33\n|inactive|Time left: 300 sec this turn | 300 sec total\n|\n|t:|1783565924\n|move|p1a: Chimecho|Stored Power|p2a: Annihilape\n|-supereffective|p2a: Annihilape\n|-damage|p2a: Annihilape|0 fnt\n|faint|p2a: Annihilape\n|\n|-heal|p1a: Chimecho|290/290|[from] item: Leftovers\n|upkeep\n|\n|t:|1783565925\n|switch|p2a: Camerupt|Camerupt, L91, F|100/100\n|-activate|p2a: Camerupt|move: Sticky Web\n|-unboost|p2a: Camerupt|spe|1\n|-damage|p2a: Camerupt|84/100|[from] Spikes\n|turn|34\n|inactive|Time left: 300 sec this turn | 300 sec total\n|\n|t:|1783565926\n|move|p1a: Chimecho|Stored Power|p2a: Camerupt\n|-damage|p2a: Camerupt|0 fnt\n|faint|p2a: Camerupt\n|\n|win|p0x2233a6b5", "uploadtime": 1783565926, "views": 0, "rating": 0, "private": 0, "password": null, "_winner": "p0x2233a6b5", "_our_name": "p0x2233a6b5"}