{"id": "battle-gen9randombattle-2585", "formatid": "gen9randombattle", "format": "[Gen 9] Random Battle", "players": ["p0x25855ed6", "p0y25853904"], "log": "|init|battle\n|title|p0x25855ed6 vs. p0y25853904\n|j|\u2606p0x25855ed6\n|j|\u2606p0y25853904\n|t:|1783568927\n|gametype|singles\n|player|p1|p0x25855ed6|102|\n|player|p2|p0y25853904|170|\n|gen|9\n|tier|[Gen 9] Random Battle\n|rule|Species Clause: Limit one of each Pok\u00e9mon\n|rule|HP Percentage Mod: HP is shown in percentages\n|rule|Sleep Clause Mod: Limit one foe put to sleep\n|rule|Illusion Level Mod: Illusion disguises the Pok\u00e9mon's true level\n|\n|t:|1783568927\n|teamsize|p1|6\n|teamsize|p2|6\n|start\n|switch|p1a: Lokix|Lokix, L82, F|251/251\n|switch|p2a: Cacturne|Cacturne, L92, M|100/100\n|turn|1\n|inactive|Battle timer is ON: inactive players will automatically lose when time's up. (requested by p0y25853904)\n|inactive|Time left: 300 sec this turn | 300 sec total | 60 sec grace\n|inactive|p0x25855ed6 also wants the timer to be on.\n|\n|t:|1783568929\n|switch|p2a: Jumpluff|Jumpluff, L87, F|100/100\n|move|p1a: Lokix|Leech Life|p2a: Jumpluff\n|-damage|p2a: Jumpluff|59/100\n|-damage|p1a: Lokix|226/251|[from] item: Life Orb\n|\n|upkeep\n|turn|2\n|inactive|Time left: 300 sec this turn | 300 sec total\n|\n|t:|1783568930\n|switch|p1a: Goodra|Goodra-Hisui, L82, F|265/265\n|move|p2a: Jumpluff|Strength Sap|p1a: Goodra\n|-ability|p1a: Goodra|Sap Sipper|boost\n|-boost|p1a: Goodra|atk|1\n|\n|upkeep\n|turn|3\n|inactive|Time left: 300 sec this turn | 300 sec total\n|\n|t:|1783568931\n|switch|p2a: Palossand|Palossand, L89, F|100/100\n|move|p1a: Goodra|Heavy Slam|p2a: Palossand\n|-crit|p2a: Palossand\n|-damage|p2a: Palossand|75/100\n|\n|-heal|p2a: Palossand|81/100|[from] item: Leftovers\n|upkeep\n|turn|4\n|inactive|Time left: 300 sec this turn | 300 sec total\n|\n|t:|1783568932\n|move|p1a: Goodra|Knock Off|p2a: Palossand\n|-supereffective|p2a: Palossand\n|-damage|p2a: Palossand|23/100\n|-enditem|p2a: Palossand|Leftovers|[from] move: Knock Off|[of] p1a: Goodra\n|move|p2a: Palossand|Stealth Rock|p1a: Goodra\n|-sidestart|p1: p0x25855ed6|move: Stealth Rock\n|\n|upkeep\n|turn|5\n|inactive|Time left: 300 sec this turn | 300 sec total\n|\n|t:|1783568933\n|move|p1a: Goodra|Knock Off|p2a: Palossand\n|-supereffective|p2a: Palossand\n|-damage|p2a: Palossand|0 fnt\n|faint|p2a: Palossand\n|\n|upkeep\n|\n|t:|1783568934\n|switch|p2a: Cacturne|Cacturne, L92, M|100/100\n|turn|6\n|inactive|Time left: 300 sec this turn | 300 sec total\n|\n|t:|1783568934\n|move|p2a: Cacturne|Knock Off|p1a: Goodra\n|-damage|p1a: Goodra|88/265\n|-enditem|p1a: Goodra|Assault Vest|[from] move: Knock Off|[of] p2a: Cacturne\n|-damage|p2a: Cacturne|91/100|[from] item: Life Orb\n|move|p1a: Goodra|Heavy Slam|p2a: Cacturne\n|-damage|p2a: Cacturne|28/100\n|\n|upkeep\n|turn|7\n|inactive|Time left: 300 sec this turn | 300 sec total\n|\n|t:|1783568935\n|move|p2a: Cacturne|Knock Off|p1a: Goodra\n|-damage|p1a: Goodra|0 fnt\n|faint|p1a: Goodra\n|-damage|p2a: Cacturne|18/100|[from] item: Life Orb\n|\n|upkeep\n|inactive|Time left: 300 sec this turn | 300 sec total | 5 sec grace\n|\n|t:|1783568936\n|switch|p1a: Yanmega|Yanmega, L82, F|275/275\n|turn|8\n|inactive|Time left: 300 sec this turn | 300 sec total\n|\n|t:|1783568937\n|move|p2a: Cacturne|Sucker Punch|p1a: Yanmega\n|-damage|p1a: Yanmega|135/275\n|-damage|p2a: Cacturne|8/100|[from] item: Life Orb\n|move|p1a: Yanmega|Tera Blast|p2a: Cacturne\n|-damage|p2a: Cacturne|0 fnt\n|faint|p2a: Cacturne\n|\n|-ability|p1a: Yanmega|Speed Boost|boost\n|-boost|p1a: Yanmega|spe|1\n|upkeep\n|\n|t:|1783568938\n|switch|p2a: Houndoom|Houndoom, L87, M|100/100\n|turn|9\n|inactive|Time left: 300 sec this turn | 300 sec total\n|\n|t:|1783568938\n|move|p1a: Yanmega|Protect|p1a: Yanmega\n|-singleturn|p1a: Yanmega|Protect\n|move|p2a: Houndoom|Fire Blast|p1a: Yanmega\n|-activate|p1a: Yanmega|move: Protect\n|\n|-ability|p1a: Yanmega|Speed Boost|boost\n|-boost|p1a: Yanmega|spe|1\n|upkeep\n|turn|10\n|inactive|Time left: 300 sec this turn | 300 sec total\n|\n|t:|1783568939\n|move|p1a: Yanmega|Air Slash|p2a: Houndoom\n|-damage|p2a: Houndoom|67/100\n|cant|p2a: Houndoom|flinch\n|\n|-ability|p1a: Yanmega|Speed Boost|boost\n|-boost|p1a: Yanmega|spe|1\n|upkeep\n|turn|11\n|inactive|Time left: 300 sec this turn | 300 sec total\n|\n|t:|1783568940\n|-terastallize|p1a: Yanmega|Ground\n|move|p1a: Yanmega|Tera Blast|p2a: Houndoom|[anim] Tera Blast Ground\n|-supereffective|p2a: Houndoom\n|-damage|p2a: Houndoom|0 fnt\n|faint|p2a: Houndoom\n|\n|-ability|p1a: Yanmega|Speed Boost|boost\n|-boost|p1a: Yanmega|spe|1\n|upkeep\n|\n|t:|1783568941\n|switch|p2a: Ambipom|Ambipom, L84, M|100/100\n|turn|12\n|inactive|Time left: 300 sec this turn | 300 sec total\n|\n|t:|1783568942\n|move|p1a: Yanmega|Protect|p1a: Yanmega\n|-singleturn|p1a: Yanmega|Protect\n|move|p2a: Ambipom|Double-Edge|p1a: Yanmega\n|-activate|p1a: Yanmega|move: Protect\n|\n|-ability|p1a: Yanmega|Speed Boost|boost\n|-boost|p1a: Yanmega|spe|1\n|upkeep\n|turn|13\n|inactive|Time left: 300 sec this turn | 300 sec total\n|\n|t:|1783568943\n|move|p1a: Yanmega|Air Slash|p2a: Ambipom\n|-damage|p2a: Ambipom|58/100\n|move|p2a: Ambipom|Double-Edge|p1a: Yanmega\n|-damage|p1a: Yanmega|0 fnt\n|faint|p1a: Yanmega\n|-damage|p2a: Ambipom|41/100|[from] Recoil\n|\n|upkeep\n|inactive|Time left: 300 sec this turn | 300 sec total | 5 sec grace\n|\n|t:|1783568944\n|switch|p1a: Armarouge|Armarouge, L80, M|267/267\n|-damage|p1a: Armarouge|201/267|[from] Stealth Rock\n|turn|14\n|inactive|Time left: 300 sec this turn | 300 sec total\n|\n|t:|1783568945\n|-terastallize|p2a: Ambipom|Normal\n|move|p2a: Ambipom|Double-Edge|p1a: Armarouge\n|-damage|p1a: Armarouge|15/267\n|-ability|p1a: Armarouge|Weak Armor|boost\n|-unboost|p1a: Armarouge|def|1\n|-boost|p1a: Armarouge|spe|2\n|-damage|p2a: Ambipom|18/100|[from] Recoil\n|move|p1a: Armarouge|Meteor Beam||[still]\n|-prepare|p1a: Armarouge|Meteor Beam\n|-boost|p1a: Armarouge|spa|1\n|-enditem|p1a: Armarouge|Power Herb\n|-anim|p1a: Armarouge|Meteor Beam|p2a: Ambipom|[miss]\n|-miss|p1a: Armarouge|p2a: Ambipom\n|\n|upkeep\n|turn|15\n|inactive|Time left: 300 sec this turn | 300 sec total\n|\n|t:|1783568946\n|move|p1a: Armarouge|Armor Cannon|p2a: Ambipom\n|-damage|p2a: Ambipom|0 fnt\n|-unboost|p1a: Armarouge|def|1\n|-unboost|p1a: Armarouge|spd|1\n|faint|p2a: Ambipom\n|\n|upkeep\n|\n|t:|1783568947\n|switch|p2a: Pachirisu|Pachirisu, L96, F|100/100\n|turn|16\n|inactive|Time left: 300 sec this turn | 300 sec total\n|\n|t:|1783568948\n|move|p1a: Armarouge|Armor Cannon|p2a: Pachirisu\n|-damage|p2a: Pachirisu|31/100\n|-unboost|p1a: Armarouge|def|1\n|-unboost|p1a: Armarouge|spd|1\n|move|p2a: Pachirisu|U-turn|p1a: Armarouge\n|-damage|p1a: Armarouge|0 fnt\n|faint|p1a: Armarouge\n|\n|t:|1783568949\n|switch|p2a: Jumpluff|Jumpluff, L87, F|59/100|[from] U-turn\n|\n|upkeep\n|inactive|Time left: 300 sec this turn | 300 sec total | 10 sec grace\n|\n|t:|1783568949\n|switch|p1a: Blastoise|Blastoise, L80, M|258/258\n|-damage|p1a: Blastoise|226/258|[from] Stealth Rock\n|turn|17\n|inactive|Time left: 300 sec this turn | 300 sec total\n|\n|t:|1783568950\n|move|p2a: Jumpluff|Sleep Powder|p1a: Blastoise\n|-status|p1a: Blastoise|slp|[from] move: Sleep Powder\n|cant|p1a: Blastoise|slp\n|\n|upkeep\n|turn|18\n|inactive|Time left: 300 sec this turn | 300 sec total\n|\n|t:|1783568951\n|move|p2a: Jumpluff|Strength Sap|p1a: Blastoise\n|-unboost|p1a: Blastoise|atk|1\n|-heal|p2a: Jumpluff|100/100\n|-enditem|p1a: Blastoise|White Herb\n|-clearnegativeboost|p1a: Blastoise|[silent]\n|cant|p1a: Blastoise|slp\n|\n|upkeep\n|turn|19\n|inactive|Time left: 300 sec this turn | 300 sec total\n|\n|t:|1783568952\n|move|p2a: Jumpluff|U-turn|p1a: Blastoise\n|-damage|p1a: Blastoise|194/258 slp\n|\n|t:|1783568953\n|switch|p2a: Pachirisu|Pachirisu, L96, F|31/100|[from] U-turn\n|-curestatus|p1a: Blastoise|slp|[msg]\n|move|p1a: Blastoise|Shell Smash|p1a: Blastoise\n|-unboost|p1a: Blastoise|def|1\n|-unboost|p1a: Blastoise|spd|1\n|-boost|p1a: Blastoise|atk|2\n|-boost|p1a: Blastoise|spa|2\n|-boost|p1a: Blastoise|spe|2\n|\n|upkeep\n|turn|20\n|inactive|Time left: 300 sec this turn | 300 sec total\n|\n|t:|1783568954\n|switch|p2a: Jumpluff|Jumpluff, L87, F|100/100\n|move|p1a: Blastoise|Earthquake|p2a: Jumpluff\n|-immune|p2a: Jumpluff\n|\n|upkeep\n|turn|21\n|inactive|Time left: 300 sec this turn | 300 sec total\n|\n|t:|1783568954\n|move|p1a: Blastoise|Ice Beam|p2a: Jumpluff\n|-supereffective|p2a: Jumpluff\n|-damage|p2a: Jumpluff|0 fnt\n|faint|p2a: Jumpluff\n|\n|upkeep\n|\n|t:|1783568955\n|switch|p2a: Pachirisu|Pachirisu, L96, F|31/100\n|turn|22\n|inactive|Time left: 300 sec this turn | 300 sec total\n|\n|t:|1783568956\n|move|p1a: Blastoise|Earthquake|p2a: Pachirisu\n|-supereffective|p2a: Pachirisu\n|-damage|p2a: Pachirisu|0 fnt\n|faint|p2a: Pachirisu\n|\n|win|p0x25855ed6", "uploadtime": 1783568956, "views": 0, "rating": 0, "private": 0, "password": null, "_winner": "p0x25855ed6", "_our_name": "p0x25855ed6"}