{"id": "battle-gen9randombattle-521", "formatid": "gen9randombattle", "format": "[Gen 9] Random Battle", "players": ["p0x521555a", "p0y521c732"], "log": "|init|battle\n|title|p0x521555a vs. p0y521c732\n|j|\u2606p0x521555a\n|j|\u2606p0y521c732\n|t:|1783545091\n|gametype|singles\n|player|p1|p0x521555a|170|\n|player|p2|p0y521c732|2|\n|gen|9\n|tier|[Gen 9] Random Battle\n|rule|Species Clause: Limit one of each Pok\u00e9mon\n|rule|HP Percentage Mod: HP is shown in percentages\n|rule|Sleep Clause Mod: Limit one foe put to sleep\n|rule|Illusion Level Mod: Illusion disguises the Pok\u00e9mon's true level\n|\n|t:|1783545091\n|teamsize|p1|6\n|teamsize|p2|6\n|start\n|switch|p1a: Kingdra|Kingdra, L84, F|100/100\n|switch|p2a: Dragapult|Dragapult, L77, M|262/262\n|turn|1\n|inactive|Battle timer is ON: inactive players will automatically lose when time's up. (requested by p0x521555a)\n|inactive|Time left: 300 sec this turn | 300 sec total | 60 sec grace\n|inactive|p0y521c732 also wants the timer to be on.\n|\n|t:|1783545093\n|switch|p1a: Arceus|Arceus-Flying, L69|100/100\n|move|p2a: Dragapult|Draco Meteor|p1a: Arceus\n|-damage|p1a: Arceus|36/100\n|-unboost|p2a: Dragapult|spa|2\n|\n|upkeep\n|turn|2\n|inactive|Time left: 300 sec this turn | 300 sec total\n|\n|t:|1783545094\n|switch|p2a: Raging Bolt|Raging Bolt, L78|323/323\n|-enditem|p2a: Raging Bolt|Booster Energy\n|-activate|p2a: Raging Bolt|ability: Protosynthesis|[fromitem]\n|-start|p2a: Raging Bolt|protosynthesisspa\n|move|p1a: Arceus|Recover|p1a: Arceus\n|-heal|p1a: Arceus|86/100\n|\n|upkeep\n|turn|3\n|inactive|Time left: 300 sec this turn | 300 sec total\n|\n|t:|1783545095\n|move|p1a: Arceus|Calm Mind|p1a: Arceus\n|-boost|p1a: Arceus|spa|1\n|-boost|p1a: Arceus|spd|1\n|move|p2a: Raging Bolt|Thunderbolt|p1a: Arceus\n|-supereffective|p1a: Arceus\n|-damage|p1a: Arceus|21/100\n|-status|p1a: Arceus|par\n|\n|upkeep\n|turn|4\n|inactive|Time left: 300 sec this turn | 300 sec total\n|\n|t:|1783545096\n|move|p2a: Raging Bolt|Thunderbolt|p1a: Arceus\n|-supereffective|p1a: Arceus\n|-damage|p1a: Arceus|0 fnt\n|faint|p1a: Arceus\n|\n|upkeep\n|\n|t:|1783545097\n|switch|p1a: Torterra|Torterra, L78, F|100/100\n|turn|5\n|inactive|Time left: 300 sec this turn | 300 sec total\n|\n|t:|1783545098\n|move|p2a: Raging Bolt|Dragon Pulse|p1a: Torterra\n|-damage|p1a: Torterra|50/100\n|move|p1a: Torterra|Shell Smash|p1a: Torterra\n|-unboost|p1a: Torterra|def|1\n|-unboost|p1a: Torterra|spd|1\n|-boost|p1a: Torterra|atk|2\n|-boost|p1a: Torterra|spa|2\n|-boost|p1a: Torterra|spe|2\n|\n|upkeep\n|turn|6\n|inactive|Time left: 300 sec this turn | 300 sec total\n|\n|t:|1783545100\n|-terastallize|p2a: Raging Bolt|Fairy\n|move|p1a: Torterra|Headlong Rush|p2a: Raging Bolt\n|-damage|p2a: Raging Bolt|50/323\n|-unboost|p1a: Torterra|def|1\n|-unboost|p1a: Torterra|spd|1\n|move|p2a: Raging Bolt|Dragon Pulse|p1a: Torterra\n|-damage|p1a: Torterra|0 fnt\n|faint|p1a: Torterra\n|\n|upkeep\n|\n|t:|1783545101\n|switch|p1a: Brambleghast|Brambleghast, L88, F|100/100\n|turn|7\n|inactive|Time left: 300 sec this turn | 300 sec total\n|\n|t:|1783545102\n|move|p1a: Brambleghast|Power Whip|p2a: Raging Bolt\n|-damage|p2a: Raging Bolt|0 fnt\n|faint|p2a: Raging Bolt\n|-end|p2a: Raging Bolt|Protosynthesis|[silent]\n|\n|upkeep\n|inactive|Time left: 300 sec this turn | 300 sec total | 5 sec grace\n|\n|t:|1783545103\n|switch|p2a: Glalie|Glalie, L96, M|235/235\n|turn|8\n|inactive|Time left: 300 sec this turn | 300 sec total\n|\n|t:|1783545104\n|move|p2a: Glalie|Dark Pulse|p1a: Brambleghast\n|-supereffective|p1a: Brambleghast\n|-crit|p1a: Brambleghast\n|-damage|p1a: Brambleghast|0 fnt\n|faint|p1a: Brambleghast\n|-damage|p2a: Glalie|212/235|[from] item: Life Orb\n|\n|upkeep\n|\n|t:|1783545105\n|switch|p1a: Grafaiai|Grafaiai, L86, F|100/100\n|turn|9\n|inactive|Time left: 300 sec this turn | 300 sec total\n|\n|t:|1783545106\n|switch|p2a: Garganacl|Garganacl, L80, F|291/291\n|move|p1a: Grafaiai|Gunk Shot|p2a: Garganacl|[miss]\n|-miss|p1a: Grafaiai|p2a: Garganacl\n|\n|upkeep\n|turn|10\n|inactive|Time left: 300 sec this turn | 300 sec total\n|\n|t:|1783545107\n|move|p1a: Grafaiai|Super Fang|p2a: Garganacl\n|-damage|p2a: Garganacl|146/291\n|move|p2a: Garganacl|Salt Cure|p1a: Grafaiai\n|-damage|p1a: Grafaiai|82/100\n|-start|p1a: Grafaiai|Salt Cure\n|\n|-heal|p2a: Garganacl|164/291|[from] item: Leftovers\n|-damage|p1a: Grafaiai|70/100|[from] Salt Cure\n|upkeep\n|turn|11\n|inactive|Time left: 300 sec this turn | 300 sec total\n|\n|t:|1783545108\n|switch|p1a: Kingdra|Kingdra, L84, F|100/100\n|move|p2a: Garganacl|Salt Cure|p1a: Kingdra\n|-crit|p1a: Kingdra\n|-damage|p1a: Kingdra|78/100\n|-start|p1a: Kingdra|Salt Cure\n|\n|-heal|p2a: Garganacl|182/291|[from] item: Leftovers\n|-damage|p1a: Kingdra|54/100|[from] Salt Cure\n|upkeep\n|turn|12\n|inactive|Time left: 300 sec this turn | 300 sec total\n|\n|t:|1783545110\n|move|p1a: Kingdra|Wave Crash|p2a: Garganacl\n|-supereffective|p2a: Garganacl\n|-damage|p2a: Garganacl|0 fnt\n|faint|p2a: Garganacl\n|-damage|p1a: Kingdra|31/100|[from] Recoil\n|-damage|p1a: Kingdra|21/100|[from] item: Life Orb\n|\n|-damage|p1a: Kingdra|0 fnt|[from] Salt Cure\n|faint|p1a: Kingdra\n|upkeep\n|inactive|Time left: 300 sec this turn | 300 sec total | 5 sec grace\n|\n|t:|1783545111\n|switch|p1a: Salazzle|Salazzle, L83, F|100/100\n|switch|p2a: Glalie|Glalie, L96, M|309/309\n|turn|13\n|inactive|Time left: 300 sec this turn | 300 sec total\n|\n|t:|1783545112\n|move|p1a: Salazzle|Substitute|p1a: Salazzle\n|-start|p1a: Salazzle|Substitute\n|-damage|p1a: Salazzle|76/100\n|move|p2a: Glalie|Earthquake|p1a: Salazzle\n|-supereffective|p1a: Salazzle\n|-crit|p1a: Salazzle\n|-end|p1a: Salazzle|Substitute\n|\n|-heal|p1a: Salazzle|82/100|[from] item: Leftovers\n|upkeep\n|turn|14\n|inactive|Time left: 300 sec this turn | 300 sec total\n|\n|t:|1783545113\n|move|p1a: Salazzle|Flamethrower|p2a: Glalie\n|-supereffective|p2a: Glalie\n|-damage|p2a: Glalie|97/309\n|move|p2a: Glalie|Earthquake|p1a: Salazzle\n|-supereffective|p1a: Salazzle\n|-damage|p1a: Salazzle|0 fnt\n|faint|p1a: Salazzle\n|\n|upkeep\n|\n|t:|1783545114\n|switch|p1a: Grafaiai|Grafaiai, L86, F|70/100\n|turn|15\n|inactive|Time left: 300 sec this turn | 300 sec total\n|\n|t:|1783545115\n|move|p1a: Grafaiai|Gunk Shot|p2a: Glalie\n|-damage|p2a: Glalie|0 fnt\n|faint|p2a: Glalie\n|\n|upkeep\n|inactive|Time left: 300 sec this turn | 300 sec total | 5 sec grace\n|\n|t:|1783545116\n|switch|p2a: Dragapult|Dragapult, L77, M|262/262\n|turn|16\n|inactive|Time left: 300 sec this turn | 300 sec total\n|\n|t:|1783545117\n|-terastallize|p1a: Grafaiai|Dark\n|move|p2a: Dragapult|Draco Meteor|p1a: Grafaiai\n|-damage|p1a: Grafaiai|18/100\n|-unboost|p2a: Dragapult|spa|2\n|move|p1a: Grafaiai|Knock Off|p2a: Dragapult\n|-supereffective|p2a: Dragapult\n|-damage|p2a: Dragapult|4/262\n|-enditem|p2a: Dragapult|Choice Specs|[from] move: Knock Off|[of] p1a: Grafaiai\n|\n|upkeep\n|turn|17\n|inactive|Time left: 300 sec this turn | 300 sec total\n|\n|t:|1783545118\n|move|p2a: Dragapult|U-turn|p1a: Grafaiai\n|-supereffective|p1a: Grafaiai\n|-damage|p1a: Grafaiai|0 fnt\n|faint|p1a: Grafaiai\n|\n|win|p0y521c732", "uploadtime": 1783545118, "views": 0, "rating": 0, "private": 0, "password": null, "_winner": "p0y521c732", "_our_name": "p0y521c732"}