{"id": "battle-gen9randombattle-2480", "formatid": "gen9randombattle", "format": "[Gen 9] Random Battle", "players": ["p0x2480dc32", "p0y2480fc25"], "log": "|init|battle\n|title|p0x2480dc32 vs. p0y2480fc25\n|j|\u2606p0x2480dc32\n|j|\u2606p0y2480fc25\n|t:|1783567792\n|gametype|singles\n|player|p1|p0x2480dc32|101|\n|player|p2|p0y2480fc25|265|\n|gen|9\n|tier|[Gen 9] Random Battle\n|rule|Species Clause: Limit one of each Pok\u00e9mon\n|rule|HP Percentage Mod: HP is shown in percentages\n|rule|Sleep Clause Mod: Limit one foe put to sleep\n|rule|Illusion Level Mod: Illusion disguises the Pok\u00e9mon's true level\n|\n|t:|1783567792\n|teamsize|p1|6\n|teamsize|p2|6\n|start\n|switch|p1a: Squawkabilly|Squawkabilly-Blue, L85, M|100/100\n|switch|p2a: Galvantula|Galvantula, L82, F|249/249\n|turn|1\n|inactive|Battle timer is ON: inactive players will automatically lose when time's up. (requested by p0y2480fc25)\n|inactive|p0x2480dc32 also wants the timer to be on.\n|\n|t:|1783567793\n|move|p1a: Squawkabilly|Protect|p1a: Squawkabilly\n|-singleturn|p1a: Squawkabilly|Protect\n|move|p2a: Galvantula|Sticky Web|p1a: Squawkabilly\n|-sidestart|p1: p0x2480dc32|move: Sticky Web\n|\n|-status|p1a: Squawkabilly|brn|[from] item: Flame Orb\n|upkeep\n|turn|2\n|inactive|Time left: 300 sec this turn | 300 sec total\n|\n|t:|1783567794\n|-terastallize|p1a: Squawkabilly|Normal\n|move|p2a: Galvantula|Thunder|p1a: Squawkabilly|[miss]\n|-miss|p2a: Galvantula|p1a: Squawkabilly\n|move|p1a: Squawkabilly|Facade|p2a: Galvantula\n|-enditem|p2a: Galvantula|Focus Sash\n|-damage|p2a: Galvantula|1/249\n|\n|-damage|p1a: Squawkabilly|94/100 brn|[from] brn\n|upkeep\n|turn|3\n|inactive|Time left: 300 sec this turn | 300 sec total\n|\n|t:|1783567795\n|move|p1a: Squawkabilly|Quick Attack|p2a: Galvantula\n|-damage|p2a: Galvantula|0 fnt\n|faint|p2a: Galvantula\n|\n|-damage|p1a: Squawkabilly|88/100 brn|[from] brn\n|upkeep\n|inactive|Time left: 300 sec this turn | 300 sec total | 5 sec grace\n|\n|t:|1783567796\n|switch|p2a: Sandslash|Sandslash-Alola, L88, M|275/275\n|turn|4\n|inactive|Time left: 300 sec this turn | 300 sec total\n|\n|t:|1783567797\n|move|p1a: Squawkabilly|Facade|p2a: Sandslash\n|-resisted|p2a: Sandslash\n|-damage|p2a: Sandslash|169/275\n|move|p2a: Sandslash|Triple Axel|p1a: Squawkabilly\n|-damage|p1a: Squawkabilly|75/100 brn\n|-damage|p1a: Squawkabilly|50/100 brn\n|-hitcount|p1a: Squawkabilly|2\n|\n|-heal|p2a: Sandslash|186/275|[from] item: Leftovers\n|-damage|p1a: Squawkabilly|44/100 brn|[from] brn\n|upkeep\n|turn|5\n|inactive|Time left: 300 sec this turn | 300 sec total\n|\n|t:|1783567798\n|move|p1a: Squawkabilly|Facade|p2a: Sandslash\n|-resisted|p2a: Sandslash\n|-damage|p2a: Sandslash|71/275\n|move|p2a: Sandslash|Triple Axel|p1a: Squawkabilly\n|-damage|p1a: Squawkabilly|32/100 brn\n|-hitcount|p1a: Squawkabilly|1\n|\n|-heal|p2a: Sandslash|88/275|[from] item: Leftovers\n|-damage|p1a: Squawkabilly|26/100 brn|[from] brn\n|upkeep\n|turn|6\n|inactive|Time left: 300 sec this turn | 300 sec total\n|\n|t:|1783567800\n|switch|p2a: Stantler|Stantler, L92, M|284/284\n|-ability|p2a: Stantler|Intimidate|boost\n|-unboost|p1a: Squawkabilly|atk|1\n|move|p1a: Squawkabilly|Facade|p2a: Stantler\n|-damage|p2a: Stantler|118/284\n|\n|-damage|p1a: Squawkabilly|20/100 brn|[from] brn\n|upkeep\n|turn|7\n|inactive|Time left: 300 sec this turn | 300 sec total\n|\n|t:|1783567801\n|move|p2a: Stantler|Earth Power|p1a: Squawkabilly\n|-damage|p1a: Squawkabilly|0 fnt\n|faint|p1a: Squawkabilly\n|\n|upkeep\n|\n|t:|1783567802\n|switch|p1a: Clawitzer|Clawitzer, L87, F|100/100\n|-activate|p1a: Clawitzer|move: Sticky Web\n|-unboost|p1a: Clawitzer|spe|1\n|turn|8\n|inactive|Time left: 300 sec this turn | 300 sec total\n|\n|t:|1783567803\n|move|p2a: Stantler|Calm Mind|p2a: Stantler\n|-boost|p2a: Stantler|spa|1\n|-boost|p2a: Stantler|spd|1\n|move|p1a: Clawitzer|Water Pulse|p2a: Stantler\n|-damage|p2a: Stantler|57/284\n|\n|upkeep\n|turn|9\n|inactive|Time left: 300 sec this turn | 300 sec total\n|\n|t:|1783567804\n|move|p2a: Stantler|Tera Blast|p1a: Clawitzer\n|-damage|p1a: Clawitzer|67/100\n|move|p1a: Clawitzer|Dragon Pulse|p2a: Stantler\n|-damage|p2a: Stantler|1/284\n|\n|upkeep\n|turn|10\n|inactive|Time left: 300 sec this turn | 300 sec total\n|\n|t:|1783567805\n|move|p2a: Stantler|Tera Blast|p1a: Clawitzer\n|-damage|p1a: Clawitzer|37/100\n|move|p1a: Clawitzer|Water Pulse|p2a: Stantler\n|-damage|p2a: Stantler|0 fnt\n|faint|p2a: Stantler\n|\n|upkeep\n|inactive|Time left: 300 sec this turn | 300 sec total | 5 sec grace\n|\n|t:|1783567806\n|switch|p2a: Okidogi|Okidogi, L77, M|262/262\n|turn|11\n|inactive|Time left: 300 sec this turn | 300 sec total\n|\n|t:|1783567807\n|move|p2a: Okidogi|Gunk Shot|p1a: Clawitzer\n|-damage|p1a: Clawitzer|0 fnt\n|faint|p1a: Clawitzer\n|\n|upkeep\n|\n|t:|1783567808\n|switch|p1a: Misdreavus|Misdreavus, L90, M|100/100\n|turn|12\n|inactive|Time left: 300 sec this turn | 300 sec total\n|\n|t:|1783567809\n|move|p1a: Misdreavus|Will-O-Wisp|p2a: Okidogi\n|-status|p2a: Okidogi|brn\n|move|p2a: Okidogi|Knock Off|p1a: Misdreavus\n|-supereffective|p1a: Misdreavus\n|-damage|p1a: Misdreavus|79/100\n|-status|p1a: Misdreavus|tox|[from] ability: Toxic Chain|[of] p2a: Okidogi\n|-enditem|p1a: Misdreavus|Eviolite|[from] move: Knock Off|[of] p2a: Okidogi\n|\n|-damage|p1a: Misdreavus|73/100 tox|[from] psn\n|-damage|p2a: Okidogi|246/262 brn|[from] brn\n|upkeep\n|turn|13\n|inactive|Time left: 300 sec this turn | 300 sec total\n|\n|t:|1783567810\n|move|p1a: Misdreavus|Calm Mind|p1a: Misdreavus\n|-boost|p1a: Misdreavus|spa|1\n|-boost|p1a: Misdreavus|spd|1\n|move|p2a: Okidogi|Bulk Up|p2a: Okidogi\n|-boost|p2a: Okidogi|atk|1\n|-boost|p2a: Okidogi|def|1\n|\n|-heal|p2a: Okidogi|262/262 brn|[from] item: Leftovers\n|-damage|p1a: Misdreavus|61/100 tox|[from] psn\n|-damage|p2a: Okidogi|246/262 brn|[from] brn\n|upkeep\n|turn|14\n|inactive|Time left: 300 sec this turn | 300 sec total\n|\n|t:|1783567811\n|move|p1a: Misdreavus|Shadow Ball|p2a: Okidogi\n|-damage|p2a: Okidogi|111/262 brn\n|move|p2a: Okidogi|Knock Off|p1a: Misdreavus\n|-supereffective|p1a: Misdreavus\n|-damage|p1a: Misdreavus|24/100 tox\n|\n|-heal|p2a: Okidogi|127/262 brn|[from] item: Leftovers\n|-damage|p1a: Misdreavus|6/100 tox|[from] psn\n|-damage|p2a: Okidogi|111/262 brn|[from] brn\n|upkeep\n|turn|15\n|inactive|Time left: 300 sec this turn | 300 sec total\n|\n|t:|1783567812\n|move|p1a: Misdreavus|Shadow Ball|p2a: Okidogi\n|-damage|p2a: Okidogi|0 fnt\n|faint|p2a: Okidogi\n|\n|-damage|p1a: Misdreavus|0 fnt|[from] psn\n|faint|p1a: Misdreavus\n|upkeep\n|inactive|Time left: 300 sec this turn | 300 sec total | 5 sec grace\n|\n|t:|1783567813\n|switch|p1a: Cresselia|Cresselia, L80, F|100/100\n|switch|p2a: Entei|Entei, L78|307/307\n|turn|16\n|inactive|Time left: 300 sec this turn | 300 sec total\n|\n|t:|1783567814\n|move|p2a: Entei|Sacred Fire|p1a: Cresselia|[miss]\n|-miss|p2a: Entei|p1a: Cresselia\n|move|p1a: Cresselia|Moonlight|p1a: Cresselia\n|-fail|p1a: Cresselia|heal\n|\n|upkeep\n|turn|17\n|inactive|Time left: 300 sec this turn | 300 sec total\n|\n|t:|1783567815\n|move|p2a: Entei|Sacred Fire|p1a: Cresselia\n|-damage|p1a: Cresselia|54/100\n|-status|p1a: Cresselia|brn\n|move|p1a: Cresselia|Moonlight|p1a: Cresselia\n|-heal|p1a: Cresselia|100/100 brn\n|\n|-damage|p1a: Cresselia|94/100 brn|[from] brn\n|upkeep\n|turn|18\n|inactive|Time left: 300 sec this turn | 300 sec total\n|\n|t:|1783567816\n|move|p2a: Entei|Sacred Fire|p1a: Cresselia\n|-damage|p1a: Cresselia|53/100 brn\n|move|p1a: Cresselia|Moonlight|p1a: Cresselia\n|-heal|p1a: Cresselia|100/100 brn\n|\n|-damage|p1a: Cresselia|94/100 brn|[from] brn\n|upkeep\n|turn|19\n|inactive|Time left: 300 sec this turn | 300 sec total\n|\n|t:|1783567817\n|move|p2a: Entei|Sacred Fire|p1a: Cresselia\n|-damage|p1a: Cresselia|49/100 brn\n|move|p1a: Cresselia|Moonlight|p1a: Cresselia\n|-heal|p1a: Cresselia|99/100 brn\n|\n|-heal|p1a: Cresselia|100/100 brn|[from] item: Leftovers\n|-damage|p1a: Cresselia|94/100 brn|[from] brn\n|upkeep\n|turn|20\n|inactive|Time left: 300 sec this turn | 300 sec total\n|\n|t:|1783567818\n|move|p2a: Entei|Sacred Fire|p1a: Cresselia\n|-damage|p1a: Cresselia|51/100 brn\n|move|p1a: Cresselia|Moonlight|p1a: Cresselia\n|-heal|p1a: Cresselia|100/100 brn\n|\n|-damage|p1a: Cresselia|94/100 brn|[from] brn\n|upkeep\n|turn|21\n|inactive|Time left: 300 sec this turn | 300 sec total\n|\n|t:|1783567819\n|move|p2a: Entei|Sacred Fire|p1a: Cresselia\n|-damage|p1a: Cresselia|50/100 brn\n|move|p1a: Cresselia|Moonlight|p1a: Cresselia\n|-heal|p1a: Cresselia|99/100 brn\n|\n|-heal|p1a: Cresselia|100/100 brn|[from] item: Leftovers\n|-damage|p1a: Cresselia|94/100 brn|[from] brn\n|upkeep\n|turn|22\n|inactive|Time left: 300 sec this turn | 300 sec total\n|\n|t:|1783567820\n|move|p2a: Entei|Sacred Fire|p1a: Cresselia\n|-damage|p1a: Cresselia|52/100 brn\n|move|p1a: Cresselia|Calm Mind|p1a: Cresselia\n|-boost|p1a: Cresselia|spa|1\n|-boost|p1a: Cresselia|spd|1\n|\n|-heal|p1a: Cresselia|58/100 brn|[from] item: Leftovers\n|-damage|p1a: Cresselia|52/100 brn|[from] brn\n|upkeep\n|turn|23\n|inactive|Time left: 300 sec this turn | 300 sec total\n|\n|t:|1783567821\n|-terastallize|p2a: Entei|Fire\n|move|p2a: Entei|Sacred Fire|p1a: Cresselia\n|-damage|p1a: Cresselia|0 fnt\n|faint|p1a: Cresselia\n|\n|upkeep\n|\n|t:|1783567822\n|switch|p1a: Cloyster|Cloyster, L80, F|100/100\n|-activate|p1a: Cloyster|move: Sticky Web\n|-unboost|p1a: Cloyster|spe|1\n|-enditem|p1a: Cloyster|White Herb\n|-clearnegativeboost|p1a: Cloyster|[silent]\n|turn|24\n|inactive|Time left: 300 sec this turn | 300 sec total\n|\n|t:|1783567823\n|-activate|p2a: Entei|move: Struggle\n|move|p2a: Entei|Struggle|p1a: Cloyster\n|-damage|p1a: Cloyster|86/100\n|-damage|p2a: Entei|230/307|[from] recoil\n|move|p1a: Cloyster|Shell Smash|p1a: Cloyster\n|-unboost|p1a: Cloyster|def|1\n|-unboost|p1a: Cloyster|spd|1\n|-boost|p1a: Cloyster|atk|2\n|-boost|p1a: Cloyster|spa|2\n|-boost|p1a: Cloyster|spe|2\n|\n|upkeep\n|turn|25\n|inactive|Time left: 300 sec this turn | 300 sec total\n|\n|t:|1783567824\n|move|p1a: Cloyster|Shell Smash|p1a: Cloyster\n|-unboost|p1a: Cloyster|def|1\n|-unboost|p1a: Cloyster|spd|1\n|-boost|p1a: Cloyster|atk|2\n|-boost|p1a: Cloyster|spa|2\n|-boost|p1a: Cloyster|spe|2\n|-activate|p2a: Entei|move: Struggle\n|move|p2a: Entei|Struggle|p1a: Cloyster\n|-damage|p1a: Cloyster|55/100\n|-damage|p2a: Entei|153/307|[from] recoil\n|\n|upkeep\n|turn|26\n|inactive|Time left: 300 sec this turn | 300 sec total\n|\n|t:|1783567825\n|move|p1a: Cloyster|Rock Blast|p2a: Entei\n|-supereffective|p2a: Entei\n|-damage|p2a: Entei|53/307\n|-supereffective|p2a: Entei\n|-damage|p2a: Entei|0 fnt\n|faint|p2a: Entei\n|-hitcount|p2: Entei|2\n|\n|upkeep\n|inactive|Time left: 300 sec this turn | 300 sec total | 5 sec grace\n|\n|t:|1783567825\n|switch|p2a: Sandslash|Sandslash-Alola, L88, M|88/275\n|turn|27\n|inactive|Time left: 300 sec this turn | 300 sec total\n|\n|t:|1783567826\n|move|p1a: Cloyster|Rock Blast|p2a: Sandslash\n|-damage|p2a: Sandslash|54/275\n|-damage|p2a: Sandslash|16/275\n|-damage|p2a: Sandslash|0 fnt\n|faint|p2a: Sandslash\n|-hitcount|p2: Sandslash|3\n|\n|upkeep\n|inactive|Time left: 300 sec this turn | 300 sec total | 5 sec grace\n|\n|t:|1783567827\n|switch|p2a: Slither Wing|Slither Wing, L81|270/270\n|turn|28\n|inactive|Time left: 300 sec this turn | 300 sec total\n|\n|t:|1783567828\n|move|p1a: Cloyster|Icicle Spear|p2a: Slither Wing\n|-crit|p2a: Slither Wing\n|-damage|p2a: Slither Wing|158/270\n|-damage|p2a: Slither Wing|83/270\n|-damage|p2a: Slither Wing|0 fnt\n|faint|p2a: Slither Wing\n|-end|p2a: Slither Wing|Protosynthesis|[silent]\n|-hitcount|p2: Slither Wing|3\n|\n|win|p0x2480dc32", "uploadtime": 1783567828, "views": 0, "rating": 0, "private": 0, "password": null, "_winner": "p0x2480dc32", "_our_name": "p0y2480fc25"}