{"id": "battle-gen9randombattle-314", "formatid": "gen9randombattle", "format": "[Gen 9] Random Battle", "players": ["p0x314ed81", "p0y314222f"], "log": "|init|battle\n|title|p0x314ed81 vs. p0y314222f\n|j|\u2606p0x314ed81\n|j|\u2606p0y314222f\n|t:|1783542722\n|gametype|singles\n|player|p1|p0x314ed81|102|\n|player|p2|p0y314222f|2|\n|gen|9\n|tier|[Gen 9] Random Battle\n|rule|Species Clause: Limit one of each Pok\u00e9mon\n|rule|HP Percentage Mod: HP is shown in percentages\n|rule|Sleep Clause Mod: Limit one foe put to sleep\n|rule|Illusion Level Mod: Illusion disguises the Pok\u00e9mon's true level\n|\n|t:|1783542722\n|teamsize|p1|6\n|teamsize|p2|6\n|start\n|switch|p1a: Arceus|Arceus-Water, L71|288/288\n|switch|p2a: Espathra|Espathra, L80, F|100/100\n|turn|1\n|inactive|Battle timer is ON: inactive players will automatically lose when time's up. (requested by p0x314ed81)\n|inactive|p0y314222f also wants the timer to be on.\n|\n|t:|1783542723\n|move|p2a: Espathra|Lumina Crash|p1a: Arceus\n|-crit|p1a: Arceus\n|-damage|p1a: Arceus|111/288\n|-unboost|p1a: Arceus|spd|2\n|move|p1a: Arceus|Judgment|p2a: Espathra\n|-damage|p2a: Espathra|44/100\n|\n|-ability|p2a: Espathra|Speed Boost|boost\n|-boost|p2a: Espathra|spe|1\n|upkeep\n|turn|2\n|inactive|Time left: 300 sec this turn | 300 sec total\n|\n|t:|1783542725\n|switch|p1a: Roaring Moon|Roaring Moon, L72|270/270\n|-enditem|p1a: Roaring Moon|Booster Energy\n|-activate|p1a: Roaring Moon|ability: Protosynthesis|[fromitem]\n|-start|p1a: Roaring Moon|protosynthesisatk\n|move|p2a: Espathra|Lumina Crash|p1a: Roaring Moon\n|-immune|p1a: Roaring Moon\n|\n|-ability|p2a: Espathra|Speed Boost|boost\n|-boost|p2a: Espathra|spe|1\n|upkeep\n|turn|3\n|inactive|Time left: 300 sec this turn | 300 sec total\n|\n|t:|1783542726\n|switch|p2a: Probopass|Probopass, L91, M|100/100\n|move|p1a: Roaring Moon|Outrage|p2a: Probopass\n|-resisted|p2a: Probopass\n|-damage|p2a: Probopass|82/100\n|\n|-heal|p2a: Probopass|88/100|[from] item: Leftovers\n|upkeep\n|turn|4\n|inactive|Time left: 300 sec this turn | 300 sec total\n|\n|t:|1783542727\n|move|p1a: Roaring Moon|Outrage|p2a: Probopass|[from] lockedmove\n|-resisted|p2a: Probopass\n|-damage|p2a: Probopass|69/100\n|move|p2a: Probopass|Body Press|p1a: Roaring Moon\n|-supereffective|p1a: Roaring Moon\n|-damage|p1a: Roaring Moon|22/270\n|\n|-heal|p2a: Probopass|75/100|[from] item: Leftovers\n|upkeep\n|turn|5\n|inactive|Time left: 300 sec this turn | 300 sec total\n|\n|t:|1783542728\n|move|p1a: Roaring Moon|Outrage|p2a: Probopass|[from] lockedmove\n|-resisted|p2a: Probopass\n|-damage|p2a: Probopass|57/100\n|-start|p1a: Roaring Moon|confusion|[fatigue]\n|move|p2a: Probopass|Iron Defense|p2a: Probopass\n|-boost|p2a: Probopass|def|2\n|\n|-heal|p2a: Probopass|63/100|[from] item: Leftovers\n|upkeep\n|turn|6\n|inactive|Time left: 300 sec this turn | 300 sec total\n|\n|t:|1783542729\n|-activate|p1a: Roaring Moon|confusion\n|move|p1a: Roaring Moon|Knock Off|p2a: Probopass\n|-damage|p2a: Probopass|47/100\n|-enditem|p2a: Probopass|Leftovers|[from] move: Knock Off|[of] p1a: Roaring Moon\n|move|p2a: Probopass|Body Press|p1a: Roaring Moon\n|-supereffective|p1a: Roaring Moon\n|-damage|p1a: Roaring Moon|0 fnt\n|faint|p1a: Roaring Moon\n|-end|p1a: Roaring Moon|Protosynthesis|[silent]\n|\n|upkeep\n|inactive|Time left: 300 sec this turn | 300 sec total | 5 sec grace\n|\n|t:|1783542730\n|switch|p1a: Golem|Golem, L87, F|281/281\n|turn|7\n|inactive|Time left: 300 sec this turn | 300 sec total\n|\n|t:|1783542731\n|-terastallize|p2a: Probopass|Fighting\n|move|p1a: Golem|Earthquake|p2a: Probopass\n|-damage|p2a: Probopass|29/100\n|move|p2a: Probopass|Body Press|p1a: Golem\n|-supereffective|p1a: Golem\n|-ability|p1a: Golem|Sturdy\n|-damage|p1a: Golem|1/281\n|-enditem|p1a: Golem|Weakness Policy\n|-boost|p1a: Golem|atk|2|[from] item: Weakness Policy\n|-boost|p1a: Golem|spa|2|[from] item: Weakness Policy\n|\n|upkeep\n|turn|8\n|inactive|Time left: 300 sec this turn | 300 sec total\n|\n|t:|1783542732\n|move|p1a: Golem|Earthquake|p2a: Probopass\n|-damage|p2a: Probopass|0 fnt\n|faint|p2a: Probopass\n|\n|upkeep\n|\n|t:|1783542733\n|switch|p2a: Yanmega|Yanmega, L82, M|100/100\n|turn|9\n|inactive|Time left: 300 sec this turn | 300 sec total\n|\n|t:|1783542735\n|move|p2a: Yanmega|Giga Drain|p1a: Golem\n|-supereffective|p1a: Golem\n|-crit|p1a: Golem\n|-damage|p1a: Golem|0 fnt\n|faint|p1a: Golem\n|\n|upkeep\n|inactive|Time left: 300 sec this turn | 300 sec total | 5 sec grace\n|\n|t:|1783542736\n|switch|p1a: Tinkaton|Tinkaton, L82, F|274/274\n|-ability|p1a: Tinkaton|Mold Breaker\n|turn|10\n|inactive|Time left: 300 sec this turn | 300 sec total\n|\n|t:|1783542737\n|move|p2a: Yanmega|Giga Drain|p1a: Tinkaton\n|-resisted|p1a: Tinkaton\n|-damage|p1a: Tinkaton|194/274\n|move|p1a: Tinkaton|Swords Dance|p1a: Tinkaton\n|-boost|p1a: Tinkaton|atk|2\n|\n|-heal|p1a: Tinkaton|211/274|[from] item: Leftovers\n|upkeep\n|turn|11\n|inactive|Time left: 300 sec this turn | 300 sec total\n|\n|t:|1783542738\n|switch|p2a: Espathra|Espathra, L80, F|44/100\n|move|p1a: Tinkaton|Gigaton Hammer|p2a: Espathra\n|-damage|p2a: Espathra|0 fnt\n|faint|p2a: Espathra\n|\n|-heal|p1a: Tinkaton|228/274|[from] item: Leftovers\n|upkeep\n|\n|t:|1783542739\n|switch|p2a: Ting-Lu|Ting-Lu, L78|100/100\n|-ability|p2a: Ting-Lu|Vessel of Ruin\n|turn|12\n|inactive|Time left: 300 sec this turn | 300 sec total\n|\n|t:|1783542740\n|move|p1a: Tinkaton|Play Rough|p2a: Ting-Lu\n|-supereffective|p2a: Ting-Lu\n|-damage|p2a: Ting-Lu|37/100\n|move|p2a: Ting-Lu|Earthquake|p1a: Tinkaton\n|-supereffective|p1a: Tinkaton\n|-damage|p1a: Tinkaton|0 fnt\n|faint|p1a: Tinkaton\n|\n|upkeep\n|inactive|Time left: 300 sec this turn | 300 sec total | 5 sec grace\n|\n|t:|1783542741\n|switch|p1a: Arceus|Arceus-Water, L71|111/288\n|turn|13\n|inactive|Time left: 300 sec this turn | 300 sec total\n|\n|t:|1783542742\n|move|p1a: Arceus|Judgment|p2a: Ting-Lu\n|-supereffective|p2a: Ting-Lu\n|-damage|p2a: Ting-Lu|0 fnt\n|faint|p2a: Ting-Lu\n|\n|upkeep\n|\n|t:|1783542743\n|switch|p2a: Galvantula|Galvantula, L82, F|100/100\n|turn|14\n|inactive|Time left: 300 sec this turn | 300 sec total\n|\n|t:|1783542744\n|-terastallize|p1a: Arceus|Steel\n|move|p2a: Galvantula|Thunder|p1a: Arceus\n|-damage|p1a: Arceus|12/288\n|-status|p1a: Arceus|par\n|cant|p1a: Arceus|par\n|\n|upkeep\n|turn|15\n|inactive|Time left: 300 sec this turn | 300 sec total\n|\n|t:|1783542745\n|move|p2a: Galvantula|Sticky Web|p1a: Arceus\n|-sidestart|p1: p0x314ed81|move: Sticky Web\n|move|p1a: Arceus|Judgment|p2a: Galvantula\n|-damage|p2a: Galvantula|42/100\n|\n|upkeep\n|turn|16\n|inactive|Time left: 300 sec this turn | 300 sec total\n|\n|t:|1783542746\n|move|p2a: Galvantula|Bug Buzz|p1a: Arceus\n|-resisted|p1a: Arceus\n|-damage|p1a: Arceus|0 fnt\n|faint|p1a: Arceus\n|\n|upkeep\n|inactive|Time left: 300 sec this turn | 300 sec total | 5 sec grace\n|\n|t:|1783542747\n|switch|p1a: Glalie|Glalie, L96, M|309/309\n|turn|17\n|inactive|Time left: 300 sec this turn | 300 sec total\n|\n|t:|1783542748\n|move|p2a: Galvantula|Thunder|p1a: Glalie\n|-crit|p1a: Glalie\n|-damage|p1a: Glalie|155/309\n|move|p1a: Glalie|Freeze-Dry|p2a: Galvantula\n|-damage|p2a: Galvantula|0 fnt\n|faint|p2a: Galvantula\n|\n|upkeep\n|\n|t:|1783542749\n|switch|p2a: Shaymin|Shaymin, L82|100/100\n|turn|18\n|inactive|Time left: 300 sec this turn | 300 sec total\n|\n|t:|1783542751\n|move|p2a: Shaymin|Seed Flare|p1a: Glalie|[miss]\n|-miss|p2a: Shaymin|p1a: Glalie\n|move|p1a: Glalie|Freeze-Dry|p2a: Shaymin\n|-supereffective|p2a: Shaymin\n|-damage|p2a: Shaymin|45/100\n|\n|-heal|p2a: Shaymin|52/100|[from] item: Leftovers\n|upkeep\n|turn|19\n|inactive|Time left: 300 sec this turn | 300 sec total\n|\n|t:|1783542752\n|move|p2a: Shaymin|Substitute|p2a: Shaymin\n|-start|p2a: Shaymin|Substitute\n|-damage|p2a: Shaymin|27/100\n|move|p1a: Glalie|Freeze-Dry|p2a: Shaymin\n|-supereffective|p2a: Shaymin\n|-end|p2a: Shaymin|Substitute\n|\n|-heal|p2a: Shaymin|33/100|[from] item: Leftovers\n|upkeep\n|turn|20\n|inactive|Time left: 300 sec this turn | 300 sec total\n|\n|t:|1783542753\n|move|p2a: Shaymin|Substitute|p2a: Shaymin\n|-start|p2a: Shaymin|Substitute\n|-damage|p2a: Shaymin|8/100\n|move|p1a: Glalie|Freeze-Dry|p2a: Shaymin\n|-supereffective|p2a: Shaymin\n|-end|p2a: Shaymin|Substitute\n|\n|-heal|p2a: Shaymin|14/100|[from] item: Leftovers\n|upkeep\n|turn|21\n|inactive|Time left: 300 sec this turn | 300 sec total\n|\n|t:|1783542753\n|move|p2a: Shaymin|Seed Flare|p1a: Glalie\n|-damage|p1a: Glalie|41/309\n|move|p1a: Glalie|Freeze-Dry|p2a: Shaymin\n|-supereffective|p2a: Shaymin\n|-damage|p2a: Shaymin|0 fnt\n|faint|p2a: Shaymin\n|\n|upkeep\n|\n|t:|1783542754\n|switch|p2a: Yanmega|Yanmega, L82, M|100/100\n|turn|22\n|inactive|Time left: 300 sec this turn | 300 sec total\n|\n|t:|1783542755\n|move|p1a: Glalie|Freeze-Dry|p2a: Yanmega\n|-supereffective|p2a: Yanmega\n|-damage|p2a: Yanmega|12/100\n|move|p2a: Yanmega|Air Slash|p1a: Glalie\n|-damage|p1a: Glalie|0 fnt\n|faint|p1a: Glalie\n|\n|upkeep\n|inactive|Time left: 300 sec this turn | 300 sec total | 5 sec grace\n|\n|t:|1783542756\n|switch|p1a: Illumise|Illumise, L91, F|266/266\n|turn|23\n|inactive|Time left: 300 sec this turn | 300 sec total\n|\n|t:|1783542756\n|move|p1a: Illumise|Bug Buzz|p2a: Yanmega\n|-resisted|p2a: Yanmega\n|-damage|p2a: Yanmega|0 fnt\n|faint|p2a: Yanmega\n|\n|win|p0x314ed81", "uploadtime": 1783542756, "views": 0, "rating": 0, "private": 0, "password": null, "_winner": "p0x314ed81", "_our_name": "p0x314ed81"}