{"id": "battle-gen9randombattle-2818", "formatid": "gen9randombattle", "format": "[Gen 9] Random Battle", "players": ["p0x2818f367", "p0y2818c88e"], "log": "|init|battle\n|title|p0x2818f367 vs. p0y2818c88e\n|j|\u2606p0x2818f367\n|j|\u2606p0y2818c88e\n|t:|1783571482\n|gametype|singles\n|player|p1|p0x2818f367|102|\n|player|p2|p0y2818c88e|101|\n|gen|9\n|tier|[Gen 9] Random Battle\n|rule|Species Clause: Limit one of each Pok\u00e9mon\n|rule|HP Percentage Mod: HP is shown in percentages\n|rule|Sleep Clause Mod: Limit one foe put to sleep\n|rule|Illusion Level Mod: Illusion disguises the Pok\u00e9mon's true level\n|\n|t:|1783571482\n|teamsize|p1|6\n|teamsize|p2|6\n|start\n|switch|p1a: Cresselia|Cresselia, L80, F|323/323\n|switch|p2a: Clawitzer|Clawitzer, L87, M|100/100\n|turn|1\n|inactive|Battle timer is ON: inactive players will automatically lose when time's up. (requested by p0y2818c88e)\n|inactive|Time left: 300 sec this turn | 300 sec total | 60 sec grace\n|inactive|p0x2818f367 also wants the timer to be on.\n|\n|t:|1783571483\n|move|p1a: Cresselia|Calm Mind|p1a: Cresselia\n|-boost|p1a: Cresselia|spa|1\n|-boost|p1a: Cresselia|spd|1\n|move|p2a: Clawitzer|Water Pulse|p1a: Cresselia\n|-damage|p1a: Cresselia|224/323\n|\n|-heal|p1a: Cresselia|244/323|[from] item: Leftovers\n|upkeep\n|turn|2\n|inactive|Time left: 300 sec this turn | 300 sec total\n|\n|t:|1783571484\n|move|p1a: Cresselia|Calm Mind|p1a: Cresselia\n|-boost|p1a: Cresselia|spa|1\n|-boost|p1a: Cresselia|spd|1\n|move|p2a: Clawitzer|Water Pulse|p1a: Cresselia\n|-damage|p1a: Cresselia|175/323\n|\n|-heal|p1a: Cresselia|195/323|[from] item: Leftovers\n|upkeep\n|turn|3\n|inactive|Time left: 300 sec this turn | 300 sec total\n|\n|t:|1783571485\n|switch|p2a: Piloswine|Piloswine, L85, F|100/100\n|move|p1a: Cresselia|Thunderbolt|p2a: Piloswine\n|-immune|p2a: Piloswine\n|\n|-heal|p1a: Cresselia|215/323|[from] item: Leftovers\n|upkeep\n|turn|4\n|inactive|Time left: 300 sec this turn | 300 sec total\n|\n|t:|1783571487\n|move|p1a: Cresselia|Psyshock|p2a: Piloswine\n|-damage|p2a: Piloswine|70/100\n|move|p2a: Piloswine|Roar|p1a: Cresselia\n|drag|p1a: Magearna|Magearna-Original, L77|250/250\n|\n|upkeep\n|turn|5\n|inactive|Time left: 300 sec this turn | 300 sec total\n|\n|t:|1783571488\n|move|p1a: Magearna|Flash Cannon|p2a: Piloswine\n|-supereffective|p2a: Piloswine\n|-damage|p2a: Piloswine|17/100\n|move|p2a: Piloswine|Earthquake|p1a: Magearna\n|-supereffective|p1a: Magearna\n|-damage|p1a: Magearna|44/250\n|\n|-heal|p1a: Magearna|59/250|[from] item: Leftovers\n|upkeep\n|turn|6\n|inactive|Time left: 300 sec this turn | 300 sec total\n|\n|t:|1783571489\n|switch|p2a: Clawitzer|Clawitzer, L87, M|100/100\n|move|p1a: Magearna|Flash Cannon|p2a: Clawitzer\n|-resisted|p2a: Clawitzer\n|-damage|p2a: Clawitzer|85/100\n|\n|-heal|p1a: Magearna|74/250|[from] item: Leftovers\n|upkeep\n|turn|7\n|inactive|Time left: 300 sec this turn | 300 sec total\n|\n|t:|1783571490\n|switch|p1a: Cresselia|Cresselia, L80, F|215/323\n|move|p2a: Clawitzer|Water Pulse|p1a: Cresselia\n|-damage|p1a: Cresselia|59/323\n|\n|-heal|p1a: Cresselia|79/323|[from] item: Leftovers\n|upkeep\n|turn|8\n|inactive|Time left: 300 sec this turn | 300 sec total\n|\n|t:|1783571492\n|move|p1a: Cresselia|Moonlight|p1a: Cresselia\n|-heal|p1a: Cresselia|240/323\n|move|p2a: Clawitzer|Water Pulse|p1a: Cresselia\n|-damage|p1a: Cresselia|80/323\n|-start|p1a: Cresselia|confusion\n|\n|-heal|p1a: Cresselia|100/323|[from] item: Leftovers\n|upkeep\n|turn|9\n|inactive|Time left: 300 sec this turn | 300 sec total\n|\n|t:|1783571493\n|-activate|p1a: Cresselia|confusion\n|move|p1a: Cresselia|Moonlight|p1a: Cresselia\n|-heal|p1a: Cresselia|261/323\n|move|p2a: Clawitzer|Water Pulse|p1a: Cresselia\n|-damage|p1a: Cresselia|122/323\n|\n|-heal|p1a: Cresselia|142/323|[from] item: Leftovers\n|upkeep\n|turn|10\n|inactive|Time left: 300 sec this turn | 300 sec total\n|\n|t:|1783571494\n|-activate|p1a: Cresselia|confusion\n|move|p1a: Cresselia|Moonlight|p1a: Cresselia\n|-heal|p1a: Cresselia|303/323\n|move|p2a: Clawitzer|Water Pulse|p1a: Cresselia\n|-damage|p1a: Cresselia|143/323\n|\n|-heal|p1a: Cresselia|163/323|[from] item: Leftovers\n|upkeep\n|turn|11\n|inactive|Time left: 300 sec this turn | 300 sec total\n|\n|t:|1783571495\n|-end|p1a: Cresselia|confusion\n|move|p1a: Cresselia|Calm Mind|p1a: Cresselia\n|-boost|p1a: Cresselia|spa|1\n|-boost|p1a: Cresselia|spd|1\n|move|p2a: Clawitzer|Water Pulse|p1a: Cresselia\n|-damage|p1a: Cresselia|64/323\n|\n|-heal|p1a: Cresselia|84/323|[from] item: Leftovers\n|upkeep\n|turn|12\n|inactive|Time left: 300 sec this turn | 300 sec total\n|\n|t:|1783571496\n|move|p1a: Cresselia|Moonlight|p1a: Cresselia\n|-heal|p1a: Cresselia|245/323\n|move|p2a: Clawitzer|Water Pulse|p1a: Cresselia\n|-crit|p1a: Cresselia\n|-damage|p1a: Cresselia|40/323\n|\n|-heal|p1a: Cresselia|60/323|[from] item: Leftovers\n|upkeep\n|turn|13\n|inactive|Time left: 300 sec this turn | 300 sec total\n|\n|t:|1783571497\n|move|p1a: Cresselia|Moonlight|p1a: Cresselia\n|-heal|p1a: Cresselia|221/323\n|move|p2a: Clawitzer|Water Pulse|p1a: Cresselia\n|-damage|p1a: Cresselia|121/323\n|\n|-heal|p1a: Cresselia|141/323|[from] item: Leftovers\n|upkeep\n|turn|14\n|inactive|Time left: 300 sec this turn | 300 sec total\n|\n|t:|1783571498\n|move|p1a: Cresselia|Calm Mind|p1a: Cresselia\n|-boost|p1a: Cresselia|spa|1\n|-boost|p1a: Cresselia|spd|1\n|move|p2a: Clawitzer|Water Pulse|p1a: Cresselia\n|-damage|p1a: Cresselia|65/323\n|\n|-heal|p1a: Cresselia|85/323|[from] item: Leftovers\n|upkeep\n|turn|15\n|inactive|Time left: 300 sec this turn | 300 sec total\n|\n|t:|1783571499\n|move|p1a: Cresselia|Moonlight|p1a: Cresselia\n|-heal|p1a: Cresselia|246/323\n|move|p2a: Clawitzer|Water Pulse|p1a: Cresselia\n|-damage|p1a: Cresselia|179/323\n|\n|-heal|p1a: Cresselia|199/323|[from] item: Leftovers\n|upkeep\n|turn|16\n|inactive|Time left: 300 sec this turn | 300 sec total\n|\n|t:|1783571500\n|move|p1a: Cresselia|Psyshock|p2a: Clawitzer\n|-damage|p2a: Clawitzer|41/100\n|move|p2a: Clawitzer|Water Pulse|p1a: Cresselia\n|-damage|p1a: Cresselia|127/323\n|-start|p1a: Cresselia|confusion\n|\n|-heal|p1a: Cresselia|147/323|[from] item: Leftovers\n|upkeep\n|turn|17\n|inactive|Time left: 300 sec this turn | 300 sec total\n|\n|t:|1783571502\n|switch|p2a: Piloswine|Piloswine, L85, F|17/100\n|-activate|p1a: Cresselia|confusion\n|-damage|p1a: Cresselia|132/323|[from] confusion\n|\n|-heal|p1a: Cresselia|152/323|[from] item: Leftovers\n|upkeep\n|turn|18\n|inactive|Time left: 300 sec this turn | 300 sec total\n|\n|t:|1783571502\n|-activate|p1a: Cresselia|confusion\n|-damage|p1a: Cresselia|137/323|[from] confusion\n|move|p2a: Piloswine|Stealth Rock|p1a: Cresselia\n|-sidestart|p1: p0x2818f367|move: Stealth Rock\n|\n|-heal|p1a: Cresselia|157/323|[from] item: Leftovers\n|upkeep\n|turn|19\n|inactive|Time left: 300 sec this turn | 300 sec total\n|\n|t:|1783571503\n|-activate|p1a: Cresselia|confusion\n|-damage|p1a: Cresselia|142/323|[from] confusion\n|move|p2a: Piloswine|Roar|p1a: Cresselia\n|drag|p1a: Samurott|Samurott-Hisui, L77, F|265/265\n|-damage|p1a: Samurott|232/265|[from] Stealth Rock\n|\n|upkeep\n|turn|20\n|inactive|Time left: 300 sec this turn | 300 sec total\n|\n|t:|1783571505\n|switch|p2a: Enamorus|Enamorus, L79, F|100/100\n|move|p1a: Samurott|Ceaseless Edge|p2a: Enamorus|[miss]\n|-miss|p1a: Samurott|p2a: Enamorus\n|\n|upkeep\n|turn|21\n|inactive|Time left: 300 sec this turn | 300 sec total\n|\n|t:|1783571506\n|switch|p1a: Magearna|Magearna-Original, L77|74/250\n|-damage|p1a: Magearna|59/250|[from] Stealth Rock\n|move|p2a: Enamorus|Superpower|p1a: Magearna\n|-damage|p1a: Magearna|0 fnt\n|-boost|p2a: Enamorus|atk|1\n|-boost|p2a: Enamorus|def|1\n|faint|p1a: Magearna\n|\n|upkeep\n|inactive|Time left: 300 sec this turn | 300 sec total | 5 sec grace\n|\n|t:|1783571507\n|switch|p1a: Cresselia|Cresselia, L80, F|142/323\n|-damage|p1a: Cresselia|102/323|[from] Stealth Rock\n|turn|22\n|inactive|Time left: 300 sec this turn | 300 sec total\n|\n|t:|1783571508\n|move|p2a: Enamorus|Play Rough|p1a: Cresselia\n|-damage|p1a: Cresselia|0 fnt\n|faint|p1a: Cresselia\n|\n|upkeep\n|inactive|Time left: 300 sec this turn | 300 sec total | 5 sec grace\n|\n|t:|1783571508\n|switch|p1a: Dialga|Dialga, L73|266/266\n|-damage|p1a: Dialga|250/266|[from] Stealth Rock\n|-ability|p1a: Dialga|Pressure\n|turn|23\n|inactive|Time left: 300 sec this turn | 300 sec total\n|\n|t:|1783571509\n|-terastallize|p1a: Dialga|Flying\n|move|p2a: Enamorus|Superpower|p1a: Dialga\n|-resisted|p1a: Dialga\n|-damage|p1a: Dialga|189/266\n|-boost|p2a: Enamorus|atk|1\n|-boost|p2a: Enamorus|def|1\n|move|p1a: Dialga|Heavy Slam|p2a: Enamorus\n|-supereffective|p2a: Enamorus\n|-damage|p2a: Enamorus|42/100\n|\n|-heal|p1a: Dialga|205/266|[from] item: Leftovers\n|upkeep\n|turn|24\n|inactive|Time left: 300 sec this turn | 300 sec total\n|\n|t:|1783571510\n|-terastallize|p2a: Enamorus|Fighting\n|move|p2a: Enamorus|Superpower|p1a: Dialga\n|-resisted|p1a: Dialga\n|-damage|p1a: Dialga|99/266\n|-boost|p2a: Enamorus|atk|1\n|-boost|p2a: Enamorus|def|1\n|move|p1a: Dialga|Heavy Slam|p2a: Enamorus\n|-damage|p2a: Enamorus|19/100\n|\n|-heal|p1a: Dialga|115/266|[from] item: Leftovers\n|upkeep\n|turn|25\n|inactive|Time left: 300 sec this turn | 300 sec total\n|\n|t:|1783571511\n|move|p2a: Enamorus|Superpower|p1a: Dialga\n|-resisted|p1a: Dialga\n|-damage|p1a: Dialga|0 fnt\n|-boost|p2a: Enamorus|atk|1\n|-boost|p2a: Enamorus|def|1\n|faint|p1a: Dialga\n|\n|upkeep\n|inactive|Time left: 300 sec this turn | 300 sec total | 5 sec grace\n|\n|t:|1783571512\n|switch|p1a: Pawmot|Pawmot, L80, F|243/243\n|-damage|p1a: Pawmot|228/243|[from] Stealth Rock\n|turn|26\n|inactive|Time left: 300 sec this turn | 300 sec total\n|\n|t:|1783571513\n|switch|p2a: Dragalge|Dragalge, L88, F|100/100\n|move|p1a: Pawmot|Close Combat|p2a: Dragalge\n|-resisted|p2a: Dragalge\n|-damage|p2a: Dragalge|71/100\n|-unboost|p1a: Pawmot|def|1\n|-unboost|p1a: Pawmot|spd|1\n|-damage|p1a: Pawmot|204/243|[from] item: Life Orb\n|\n|-heal|p2a: Dragalge|78/100|[from] item: Leftovers\n|upkeep\n|turn|27\n|inactive|Time left: 300 sec this turn | 300 sec total\n|\n|t:|1783571514\n|move|p1a: Pawmot|Ice Punch|p2a: Dragalge\n|-supereffective|p2a: Dragalge\n|-crit|p2a: Dragalge\n|-damage|p2a: Dragalge|0 fnt\n|faint|p2a: Dragalge\n|-damage|p1a: Pawmot|180/243|[from] item: Life Orb\n|\n|upkeep\n|\n|t:|1783571515\n|switch|p2a: Sceptile|Sceptile, L87, M|100/100\n|turn|28\n|inactive|Time left: 300 sec this turn | 300 sec total\n|\n|t:|1783571516\n|switch|p1a: Swampert|Swampert, L83, M|302/302\n|-damage|p1a: Swampert|284/302|[from] Stealth Rock\n|move|p2a: Sceptile|Giga Drain|p1a: Swampert\n|-supereffective|p1a: Swampert\n|-damage|p1a: Swampert|0 fnt\n|faint|p1a: Swampert\n|-damage|p2a: Sceptile|91/100|[from] item: Life Orb\n|\n|upkeep\n|inactive|Time left: 300 sec this turn | 300 sec total | 5 sec grace\n|\n|t:|1783571517\n|switch|p1a: Pawmot|Pawmot, L80, F|180/243\n|-damage|p1a: Pawmot|165/243|[from] Stealth Rock\n|turn|29\n|inactive|Time left: 300 sec this turn | 300 sec total\n|\n|t:|1783571518\n|switch|p1a: Samurott|Samurott-Hisui, L77, F|232/265\n|-damage|p1a: Samurott|199/265|[from] Stealth Rock\n|move|p2a: Sceptile|Earthquake|p1a: Samurott\n|-damage|p1a: Samurott|87/265\n|-damage|p2a: Sceptile|81/100|[from] item: Life Orb\n|\n|upkeep\n|turn|30\n|inactive|Time left: 300 sec this turn | 300 sec total\n|\n|t:|1783571518\n|switch|p1a: Pawmot|Pawmot, L80, F|165/243\n|-damage|p1a: Pawmot|150/243|[from] Stealth Rock\n|move|p2a: Sceptile|Giga Drain|p1a: Pawmot\n|-damage|p1a: Pawmot|0 fnt\n|-heal|p2a: Sceptile|100/100|[from] drain|[of] p1a: Pawmot\n|faint|p1a: Pawmot\n|-damage|p2a: Sceptile|91/100|[from] item: Life Orb\n|\n|upkeep\n|inactive|Time left: 300 sec this turn | 300 sec total | 5 sec grace\n|\n|t:|1783571519\n|switch|p1a: Samurott|Samurott-Hisui, L77, F|87/265\n|-damage|p1a: Samurott|54/265|[from] Stealth Rock\n|turn|31\n|inactive|Time left: 300 sec this turn | 300 sec total\n|\n|t:|1783571520\n|move|p1a: Samurott|Sucker Punch|p2a: Sceptile\n|-damage|p2a: Sceptile|53/100\n|-damage|p1a: Samurott|28/265|[from] item: Life Orb\n|move|p2a: Sceptile|Giga Drain|p1a: Samurott\n|-supereffective|p1a: Samurott\n|-damage|p1a: Samurott|0 fnt\n|-heal|p2a: Sceptile|58/100|[from] drain|[of] p1a: Samurott\n|faint|p1a: Samurott\n|-damage|p2a: Sceptile|49/100|[from] item: Life Orb\n|\n|win|p0y2818c88e", "uploadtime": 1783571520, "views": 0, "rating": 0, "private": 0, "password": null, "_winner": "p0y2818c88e", "_our_name": "p0x2818f367"}