{"id": "battle-gen9randombattle-1243", "formatid": "gen9randombattle", "format": "[Gen 9] Random Battle", "players": ["p0x124323e3", "p0y12433c58"], "log": "|init|battle\n|title|p0x124323e3 vs. p0y12433c58\n|j|\u2606p0x124323e3\n|j|\u2606p0y12433c58\n|t:|1783553550\n|gametype|singles\n|player|p1|p0x124323e3|266|\n|player|p2|p0y12433c58|265|\n|gen|9\n|tier|[Gen 9] Random Battle\n|rule|Species Clause: Limit one of each Pok\u00e9mon\n|rule|HP Percentage Mod: HP is shown in percentages\n|rule|Sleep Clause Mod: Limit one foe put to sleep\n|rule|Illusion Level Mod: Illusion disguises the Pok\u00e9mon's true level\n|\n|t:|1783553550\n|teamsize|p1|6\n|teamsize|p2|6\n|start\n|switch|p1a: Darkrai|Darkrai, L77|234/234\n|switch|p2a: Gardevoir|Gardevoir, L83, M|100/100\n|-ability|p2a: Gardevoir|Bad Dreams|Trace|[from] ability: Trace|[of] p1a: Darkrai\n|turn|1\n|inactive|Battle timer is ON: inactive players will automatically lose when time's up. (requested by p0y12433c58)\n|inactive|Time left: 300 sec this turn | 300 sec total | 60 sec grace\n|inactive|p0x124323e3 also wants the timer to be on.\n|\n|t:|1783553551\n|switch|p1a: Flareon|Flareon, L90, F|263/263\n|move|p2a: Gardevoir|Moonblast|p1a: Flareon\n|-resisted|p1a: Flareon\n|-damage|p1a: Flareon|203/263\n|-damage|p2a: Gardevoir|91/100|[from] item: Life Orb\n|\n|-status|p1a: Flareon|tox|[from] item: Toxic Orb\n|upkeep\n|turn|2\n|inactive|Time left: 300 sec this turn | 300 sec total\n|\n|t:|1783553552\n|move|p2a: Gardevoir|Psyshock|p1a: Flareon\n|-crit|p1a: Flareon\n|-damage|p1a: Flareon|0 fnt\n|faint|p1a: Flareon\n|-damage|p2a: Gardevoir|81/100|[from] item: Life Orb\n|\n|upkeep\n|inactive|Time left: 300 sec this turn | 300 sec total | 5 sec grace\n|\n|t:|1783553552\n|switch|p1a: Vespiquen|Vespiquen, L99, F|299/299\n|-ability|p1a: Vespiquen|Pressure\n|turn|3\n|inactive|Time left: 300 sec this turn | 300 sec total\n|\n|t:|1783553553\n|move|p2a: Gardevoir|Calm Mind|p2a: Gardevoir\n|-boost|p2a: Gardevoir|spa|1\n|-boost|p2a: Gardevoir|spd|1\n|move|p1a: Vespiquen|U-turn|p2a: Gardevoir\n|-damage|p2a: Gardevoir|36/100\n|inactive|Time left: 300 sec this turn | 300 sec total | 5 sec grace\n|\n|t:|1783553554\n|switch|p1a: Hypno|Hypno, L95, F|315/315|[from] U-turn\n|\n|upkeep\n|turn|4\n|inactive|Time left: 300 sec this turn | 300 sec total\n|\n|t:|1783553555\n|move|p1a: Hypno|Knock Off|p2a: Gardevoir\n|-damage|p2a: Gardevoir|0 fnt\n|-enditem|p2a: Gardevoir|Life Orb|[from] move: Knock Off|[of] p1a: Hypno\n|faint|p2a: Gardevoir\n|\n|upkeep\n|\n|t:|1783553556\n|switch|p2a: Cinderace|Cinderace, L77, F|100/100\n|turn|5\n|inactive|Time left: 300 sec this turn | 300 sec total\n|\n|t:|1783553557\n|move|p2a: Cinderace|Pyro Ball|p1a: Hypno\n|-damage|p1a: Hypno|137/315\n|-status|p1a: Hypno|brn\n|move|p1a: Hypno|Psychic Noise|p2a: Cinderace\n|-damage|p2a: Cinderace|59/100\n|-start|p2a: Cinderace|move: Heal Block\n|\n|-heal|p1a: Hypno|156/315 brn|[from] item: Leftovers\n|-damage|p1a: Hypno|137/315 brn|[from] brn\n|upkeep\n|turn|6\n|inactive|Time left: 300 sec this turn | 300 sec total\n|\n|t:|1783553558\n|move|p2a: Cinderace|Pyro Ball|p1a: Hypno\n|-damage|p1a: Hypno|0 fnt\n|faint|p1a: Hypno\n|\n|-end|p2a: Cinderace|move: Heal Block\n|upkeep\n|inactive|Time left: 300 sec this turn | 300 sec total | 5 sec grace\n|\n|t:|1783553559\n|switch|p1a: Eiscue|Eiscue, L88, F|274/274\n|turn|7\n|inactive|Time left: 300 sec this turn | 300 sec total\n|\n|t:|1783553560\n|move|p2a: Cinderace|Pyro Ball|p1a: Eiscue\n|-activate|p1a: Eiscue|ability: Ice Face\n|-damage|p1a: Eiscue|274/274\n|detailschange|p1a: Eiscue|Eiscue-Noice, L88, F\n|move|p1a: Eiscue|Belly Drum|p1a: Eiscue\n|-damage|p1a: Eiscue|137/274\n|-setboost|p1a: Eiscue|atk|6|[from] move: Belly Drum\n|-enditem|p1a: Eiscue|Sitrus Berry|[eat]\n|-heal|p1a: Eiscue|205/274|[from] item: Sitrus Berry\n|\n|upkeep\n|turn|8\n|inactive|Time left: 300 sec this turn | 300 sec total\n|\n|t:|1783553561\n|move|p1a: Eiscue|Ice Spinner|p2a: Cinderace\n|-resisted|p2a: Cinderace\n|-damage|p2a: Cinderace|0 fnt\n|faint|p2a: Cinderace\n|\n|upkeep\n|\n|t:|1783553562\n|switch|p2a: Illumise|Illumise, L91, F|100/100\n|turn|9\n|inactive|Time left: 300 sec this turn | 300 sec total\n|\n|t:|1783553563\n|move|p2a: Illumise|Thunder Wave|p1a: Eiscue\n|-status|p1a: Eiscue|par\n|move|p1a: Eiscue|Ice Spinner|p2a: Illumise\n|-damage|p2a: Illumise|0 fnt\n|faint|p2a: Illumise\n|\n|upkeep\n|\n|t:|1783553565\n|switch|p2a: Florges|Florges-Yellow, L85, F|100/100\n|turn|10\n|inactive|Time left: 300 sec this turn | 300 sec total\n|\n|t:|1783553566\n|move|p2a: Florges|Moonblast|p1a: Eiscue\n|-damage|p1a: Eiscue|51/274 par\n|-unboost|p1a: Eiscue|spa|1\n|move|p1a: Eiscue|Ice Spinner|p2a: Florges\n|-damage|p2a: Florges|0 fnt\n|faint|p2a: Florges\n|\n|upkeep\n|\n|t:|1783553567\n|switch|p2a: Copperajah|Copperajah, L86, M|100/100\n|turn|11\n|inactive|Time left: 300 sec this turn | 300 sec total\n|\n|t:|1783553568\n|cant|p1a: Eiscue|par\n|move|p2a: Copperajah|Iron Head|p1a: Eiscue\n|-supereffective|p1a: Eiscue\n|-damage|p1a: Eiscue|0 fnt\n|faint|p1a: Eiscue\n|\n|upkeep\n|inactive|Time left: 300 sec this turn | 300 sec total | 5 sec grace\n|\n|t:|1783553569\n|switch|p1a: Brute Bonnet|Brute Bonnet, L80|309/309\n|turn|12\n|inactive|Time left: 300 sec this turn | 300 sec total\n|\n|t:|1783553570\n|-terastallize|p2a: Copperajah|Fairy\n|move|p1a: Brute Bonnet|Spore|p2a: Copperajah\n|-status|p2a: Copperajah|slp|[from] move: Spore\n|cant|p2a: Copperajah|slp\n|\n|upkeep\n|turn|13\n|inactive|Time left: 300 sec this turn | 300 sec total\n|\n|t:|1783553571\n|move|p1a: Brute Bonnet|Crunch|p2a: Copperajah\n|-resisted|p2a: Copperajah\n|-damage|p2a: Copperajah|85/100 slp\n|cant|p2a: Copperajah|slp\n|\n|upkeep\n|turn|14\n|inactive|Time left: 300 sec this turn | 300 sec total\n|\n|t:|1783553572\n|-end|p1a: Brute Bonnet|Protosynthesis|[silent]\n|switch|p1a: Vespiquen|Vespiquen, L99, F|299/299\n|-ability|p1a: Vespiquen|Pressure\n|cant|p2a: Copperajah|slp\n|\n|upkeep\n|turn|15\n|inactive|Time left: 300 sec this turn | 300 sec total\n|\n|t:|1783553573\n|move|p1a: Vespiquen|Air Slash|p2a: Copperajah\n|-damage|p2a: Copperajah|51/100 slp\n|-curestatus|p2a: Copperajah|slp|[msg]\n|move|p2a: Copperajah|Rock Slide|p1a: Vespiquen\n|-supereffective|p1a: Vespiquen\n|-damage|p1a: Vespiquen|0 fnt\n|faint|p1a: Vespiquen\n|\n|upkeep\n|inactive|Time left: 300 sec this turn | 300 sec total | 5 sec grace\n|\n|t:|1783553574\n|switch|p1a: Darkrai|Darkrai, L77|234/234\n|turn|16\n|inactive|Time left: 300 sec this turn | 300 sec total\n|\n|t:|1783553575\n|switch|p2a: Chansey|Chansey, L85, F|100/100\n|-terastallize|p1a: Darkrai|Poison\n|move|p1a: Darkrai|Sludge Bomb|p2a: Chansey\n|-damage|p2a: Chansey|90/100\n|-status|p2a: Chansey|psn\n|\n|-damage|p2a: Chansey|77/100 psn|[from] psn\n|upkeep\n|turn|17\n|inactive|Time left: 300 sec this turn | 300 sec total\n|\n|t:|1783553576\n|move|p1a: Darkrai|Nasty Plot|p1a: Darkrai\n|-boost|p1a: Darkrai|spa|2\n|move|p2a: Chansey|Seismic Toss|p1a: Darkrai\n|-damage|p1a: Darkrai|149/234\n|\n|-heal|p1a: Darkrai|163/234|[from] item: Leftovers\n|-damage|p2a: Chansey|65/100 psn|[from] psn\n|upkeep\n|turn|18\n|inactive|Time left: 300 sec this turn | 300 sec total\n|\n|t:|1783553577\n|move|p1a: Darkrai|Nasty Plot|p1a: Darkrai\n|-boost|p1a: Darkrai|spa|2\n|move|p2a: Chansey|Seismic Toss|p1a: Darkrai\n|-damage|p1a: Darkrai|78/234\n|\n|-heal|p1a: Darkrai|92/234|[from] item: Leftovers\n|-damage|p2a: Chansey|53/100 psn|[from] psn\n|upkeep\n|turn|19\n|inactive|Time left: 300 sec this turn | 300 sec total\n|\n|t:|1783553578\n|move|p1a: Darkrai|Dark Pulse|p2a: Chansey\n|-damage|p2a: Chansey|25/100 psn\n|move|p2a: Chansey|Soft-Boiled|p2a: Chansey\n|-heal|p2a: Chansey|75/100 psn\n|\n|-heal|p1a: Darkrai|106/234|[from] item: Leftovers\n|-damage|p2a: Chansey|63/100 psn|[from] psn\n|upkeep\n|turn|20\n|inactive|Time left: 300 sec this turn | 300 sec total\n|\n|t:|1783553579\n|move|p1a: Darkrai|Dark Pulse|p2a: Chansey\n|-damage|p2a: Chansey|34/100 psn\n|move|p2a: Chansey|Soft-Boiled|p2a: Chansey\n|-heal|p2a: Chansey|84/100 psn\n|\n|-heal|p1a: Darkrai|120/234|[from] item: Leftovers\n|-damage|p2a: Chansey|71/100 psn|[from] psn\n|upkeep\n|turn|21\n|inactive|Time left: 300 sec this turn | 300 sec total\n|\n|t:|1783553581\n|move|p1a: Darkrai|Dark Pulse|p2a: Chansey\n|-damage|p2a: Chansey|42/100 psn\n|move|p2a: Chansey|Soft-Boiled|p2a: Chansey\n|-heal|p2a: Chansey|92/100 psn\n|\n|-heal|p1a: Darkrai|134/234|[from] item: Leftovers\n|-damage|p2a: Chansey|80/100 psn|[from] psn\n|upkeep\n|turn|22\n|inactive|Time left: 300 sec this turn | 300 sec total\n|\n|t:|1783553582\n|move|p1a: Darkrai|Dark Pulse|p2a: Chansey\n|-damage|p2a: Chansey|49/100 psn\n|move|p2a: Chansey|Seismic Toss|p1a: Darkrai\n|-damage|p1a: Darkrai|49/234\n|\n|-heal|p1a: Darkrai|63/234|[from] item: Leftovers\n|-damage|p2a: Chansey|37/100 psn|[from] psn\n|upkeep\n|turn|23\n|inactive|Time left: 300 sec this turn | 300 sec total\n|\n|t:|1783553583\n|move|p1a: Darkrai|Dark Pulse|p2a: Chansey\n|-damage|p2a: Chansey|7/100 psn\n|move|p2a: Chansey|Soft-Boiled|p2a: Chansey\n|-heal|p2a: Chansey|57/100 psn\n|\n|-heal|p1a: Darkrai|77/234|[from] item: Leftovers\n|-damage|p2a: Chansey|44/100 psn|[from] psn\n|upkeep\n|turn|24\n|inactive|Time left: 300 sec this turn | 300 sec total\n|\n|t:|1783553584\n|move|p1a: Darkrai|Sludge Bomb|p2a: Chansey\n|-damage|p2a: Chansey|12/100 psn\n|move|p2a: Chansey|Seismic Toss|p1a: Darkrai\n|-damage|p1a: Darkrai|0 fnt\n|faint|p1a: Darkrai\n|\n|-damage|p2a: Chansey|0 fnt|[from] psn\n|faint|p2a: Chansey\n|upkeep\n|inactive|Time left: 300 sec this turn | 300 sec total | 5 sec grace\n|\n|t:|1783553585\n|switch|p1a: Brute Bonnet|Brute Bonnet, L80|309/309\n|switch|p2a: Copperajah|Copperajah, L86, M, tera:Fairy|51/100\n|turn|25\n|inactive|Time left: 300 sec this turn | 300 sec total\n|\n|t:|1783553586\n|move|p1a: Brute Bonnet|Spore|p2a: Copperajah\n|-status|p2a: Copperajah|slp|[from] move: Spore\n|cant|p2a: Copperajah|slp\n|\n|upkeep\n|turn|26\n|inactive|Time left: 300 sec this turn | 300 sec total\n|\n|t:|1783553586\n|move|p1a: Brute Bonnet|Seed Bomb|p2a: Copperajah\n|-damage|p2a: Copperajah|18/100 slp\n|cant|p2a: Copperajah|slp\n|\n|upkeep\n|turn|27\n|inactive|Time left: 300 sec this turn | 300 sec total\n|\n|t:|1783553587\n|move|p1a: Brute Bonnet|Seed Bomb|p2a: Copperajah\n|-damage|p2a: Copperajah|0 fnt\n|faint|p2a: Copperajah\n|\n|win|p0x124323e3", "uploadtime": 1783553587, "views": 0, "rating": 0, "private": 0, "password": null, "_winner": "p0x124323e3", "_our_name": "p0x124323e3"}