{"id": "battle-gen9randombattle-1533", "formatid": "gen9randombattle", "format": "[Gen 9] Random Battle", "players": ["p0x1533e185", "p0y1533344b"], "log": "|init|battle\n|title|p0x1533e185 vs. p0y1533344b\n|j|\u2606p0x1533e185\n|j|\u2606p0y1533344b\n|t:|1783557827\n|gametype|singles\n|player|p1|p0x1533e185|169|\n|player|p2|p0y1533344b|170|\n|gen|9\n|tier|[Gen 9] Random Battle\n|rule|Species Clause: Limit one of each Pok\u00e9mon\n|rule|HP Percentage Mod: HP is shown in percentages\n|rule|Sleep Clause Mod: Limit one foe put to sleep\n|rule|Illusion Level Mod: Illusion disguises the Pok\u00e9mon's true level\n|\n|t:|1783557827\n|teamsize|p1|6\n|teamsize|p2|6\n|start\n|switch|p1a: Mandibuzz|Mandibuzz, L85, F|326/326\n|switch|p2a: Articuno|Articuno-Galar, L84|100/100\n|turn|1\n|inactive|Battle timer is ON: inactive players will automatically lose when time's up. (requested by p0y1533344b)\n|inactive|Time left: 300 sec this turn | 300 sec total | 60 sec grace\n|inactive|p0x1533e185 also wants the timer to be on.\n|\n|t:|1783557829\n|move|p2a: Articuno|Hurricane|p1a: Mandibuzz\n|-damage|p1a: Mandibuzz|190/326\n|-start|p1a: Mandibuzz|confusion\n|-activate|p1a: Mandibuzz|confusion\n|move|p1a: Mandibuzz|Foul Play|p2a: Articuno\n|-supereffective|p2a: Articuno\n|-damage|p2a: Articuno|48/100\n|\n|upkeep\n|turn|2\n|inactive|Time left: 300 sec this turn | 300 sec total\n|\n|t:|1783557830\n|move|p2a: Articuno|Recover|p2a: Articuno\n|-heal|p2a: Articuno|98/100\n|-activate|p1a: Mandibuzz|confusion\n|move|p1a: Mandibuzz|Foul Play|p2a: Articuno\n|-supereffective|p2a: Articuno\n|-damage|p2a: Articuno|48/100\n|\n|upkeep\n|turn|3\n|inactive|Time left: 300 sec this turn | 300 sec total\n|\n|t:|1783557830\n|move|p2a: Articuno|Recover|p2a: Articuno\n|-heal|p2a: Articuno|98/100\n|-activate|p1a: Mandibuzz|confusion\n|-damage|p1a: Mandibuzz|170/326|[from] confusion\n|\n|upkeep\n|turn|4\n|inactive|Time left: 300 sec this turn | 300 sec total\n|\n|t:|1783557831\n|move|p2a: Articuno|Calm Mind|p2a: Articuno\n|-boost|p2a: Articuno|spa|1\n|-boost|p2a: Articuno|spd|1\n|-activate|p1a: Mandibuzz|confusion\n|move|p1a: Mandibuzz|Foul Play|p2a: Articuno\n|-supereffective|p2a: Articuno\n|-damage|p2a: Articuno|48/100\n|\n|upkeep\n|turn|5\n|inactive|Time left: 300 sec this turn | 300 sec total\n|\n|t:|1783557832\n|move|p2a: Articuno|Hurricane|p1a: Mandibuzz|[miss]\n|-miss|p2a: Articuno|p1a: Mandibuzz\n|-end|p1a: Mandibuzz|confusion\n|move|p1a: Mandibuzz|Foul Play|p2a: Articuno\n|-supereffective|p2a: Articuno\n|-damage|p2a: Articuno|0 fnt\n|faint|p2a: Articuno\n|\n|upkeep\n|\n|t:|1783557833\n|switch|p2a: Emboar|Emboar, L84, M|100/100\n|turn|6\n|inactive|Time left: 300 sec this turn | 300 sec total\n|\n|t:|1783557834\n|move|p1a: Mandibuzz|Brave Bird|p2a: Emboar\n|-supereffective|p2a: Emboar\n|-damage|p2a: Emboar|18/100\n|-damage|p1a: Mandibuzz|82/326|[from] Recoil\n|move|p2a: Emboar|Flare Blitz|p1a: Mandibuzz\n|-damage|p1a: Mandibuzz|0 fnt\n|faint|p1a: Mandibuzz\n|-damage|p2a: Emboar|10/100|[from] Recoil\n|\n|upkeep\n|inactive|Time left: 300 sec this turn | 300 sec total | 5 sec grace\n|\n|t:|1783557835\n|switch|p1a: Gothitelle|Gothitelle, L90, M|272/272\n|turn|7\n|inactive|Time left: 300 sec this turn | 300 sec total\n|\n|t:|1783557836\n|move|p1a: Gothitelle|Thunderbolt|p2a: Emboar\n|-damage|p2a: Emboar|0 fnt\n|faint|p2a: Emboar\n|\n|upkeep\n|\n|t:|1783557837\n|switch|p2a: Gardevoir|Gardevoir, L83, F|100/100\n|-ability|p2a: Gardevoir|Shadow Tag|Trace|[from] ability: Trace|[of] p1a: Gothitelle\n|turn|8\n|inactive|Time left: 300 sec this turn | 300 sec total\n|\n|t:|1783557838\n|move|p2a: Gardevoir|Calm Mind|p2a: Gardevoir\n|-boost|p2a: Gardevoir|spa|1\n|-boost|p2a: Gardevoir|spd|1\n|move|p1a: Gothitelle|Calm Mind|p1a: Gothitelle\n|-boost|p1a: Gothitelle|spa|1\n|-boost|p1a: Gothitelle|spd|1\n|\n|upkeep\n|turn|9\n|inactive|Time left: 300 sec this turn | 300 sec total\n|\n|t:|1783557839\n|move|p2a: Gardevoir|Calm Mind|p2a: Gardevoir\n|-boost|p2a: Gardevoir|spa|1\n|-boost|p2a: Gardevoir|spd|1\n|move|p1a: Gothitelle|Calm Mind|p1a: Gothitelle\n|-boost|p1a: Gothitelle|spa|1\n|-boost|p1a: Gothitelle|spd|1\n|\n|upkeep\n|turn|10\n|inactive|Time left: 300 sec this turn | 300 sec total\n|\n|t:|1783557840\n|move|p2a: Gardevoir|Moonblast|p1a: Gothitelle\n|-crit|p1a: Gothitelle\n|-damage|p1a: Gothitelle|0 fnt\n|faint|p1a: Gothitelle\n|-damage|p2a: Gardevoir|91/100|[from] item: Life Orb\n|\n|upkeep\n|inactive|Time left: 300 sec this turn | 300 sec total | 5 sec grace\n|\n|t:|1783557841\n|switch|p1a: Tropius|Tropius, L91, M|328/328\n|turn|11\n|inactive|Time left: 300 sec this turn | 300 sec total\n|\n|t:|1783557842\n|move|p2a: Gardevoir|Mystical Fire|p1a: Tropius\n|-supereffective|p1a: Tropius\n|-damage|p1a: Tropius|13/328\n|-unboost|p1a: Tropius|spa|1\n|-enditem|p1a: Tropius|Sitrus Berry|[eat]\n|-heal|p1a: Tropius|95/328|[from] item: Sitrus Berry\n|-damage|p2a: Gardevoir|81/100|[from] item: Life Orb\n|move|p1a: Tropius|Leech Seed|p2a: Gardevoir|[miss]\n|-miss|p1a: Tropius|p2a: Gardevoir\n|\n|-item|p1a: Tropius|Sitrus Berry|[from] ability: Harvest\n|upkeep\n|-enditem|p1a: Tropius|Sitrus Berry|[eat]\n|-heal|p1a: Tropius|177/328|[from] item: Sitrus Berry\n|turn|12\n|inactive|Time left: 300 sec this turn | 300 sec total\n|\n|t:|1783557843\n|move|p1a: Tropius|Protect|p1a: Tropius\n|-singleturn|p1a: Tropius|Protect\n|move|p2a: Gardevoir|Moonblast|p1a: Tropius\n|-activate|p1a: Tropius|move: Protect\n|\n|upkeep\n|turn|13\n|inactive|Time left: 300 sec this turn | 300 sec total\n|\n|t:|1783557844\n|move|p1a: Tropius|Protect|p1a: Tropius\n|-singleturn|p1a: Tropius|Protect\n|move|p2a: Gardevoir|Mystical Fire|p1a: Tropius\n|-activate|p1a: Tropius|move: Protect\n|\n|upkeep\n|turn|14\n|inactive|Time left: 300 sec this turn | 300 sec total\n|\n|t:|1783557845\n|move|p2a: Gardevoir|Mystical Fire|p1a: Tropius\n|-supereffective|p1a: Tropius\n|-damage|p1a: Tropius|0 fnt\n|faint|p1a: Tropius\n|-damage|p2a: Gardevoir|72/100|[from] item: Life Orb\n|\n|upkeep\n|inactive|Time left: 300 sec this turn | 300 sec total | 5 sec grace\n|\n|t:|1783557846\n|switch|p1a: Porygon2|Porygon2, L81|270/270\n|-ability|p1a: Porygon2|Download|boost\n|-boost|p1a: Porygon2|atk|1\n|turn|15\n|inactive|Time left: 300 sec this turn | 300 sec total\n|\n|t:|1783557847\n|move|p2a: Gardevoir|Moonblast|p1a: Porygon2\n|-damage|p1a: Porygon2|71/270\n|-damage|p2a: Gardevoir|62/100|[from] item: Life Orb\n|move|p1a: Porygon2|Recover|p1a: Porygon2\n|-heal|p1a: Porygon2|206/270\n|\n|upkeep\n|turn|16\n|inactive|Time left: 300 sec this turn | 300 sec total\n|\n|t:|1783557848\n|-terastallize|p1a: Porygon2|Fairy\n|move|p2a: Gardevoir|Moonblast|p1a: Porygon2\n|-damage|p1a: Porygon2|0 fnt\n|faint|p1a: Porygon2\n|-damage|p2a: Gardevoir|52/100|[from] item: Life Orb\n|\n|upkeep\n|inactive|Time left: 300 sec this turn | 300 sec total | 5 sec grace\n|\n|t:|1783557849\n|switch|p1a: Gastrodon|Gastrodon, L86, M|331/331\n|turn|17\n|inactive|Time left: 300 sec this turn | 300 sec total\n|\n|t:|1783557850\n|move|p2a: Gardevoir|Moonblast|p1a: Gastrodon\n|-damage|p1a: Gastrodon|6/331\n|-damage|p2a: Gardevoir|43/100|[from] item: Life Orb\n|move|p1a: Gastrodon|Earthquake|p2a: Gardevoir\n|-damage|p2a: Gardevoir|0 fnt\n|faint|p2a: Gardevoir\n|\n|-heal|p1a: Gastrodon|26/331|[from] item: Leftovers\n|upkeep\n|\n|t:|1783557851\n|switch|p2a: Lumineon|Lumineon, L93, M|100/100\n|turn|18\n|inactive|Time left: 300 sec this turn | 300 sec total\n|\n|t:|1783557852\n|move|p2a: Lumineon|U-turn|p1a: Gastrodon\n|-damage|p1a: Gastrodon|0 fnt\n|faint|p1a: Gastrodon\n|\n|t:|1783557853\n|switch|p2a: Arbok|Arbok, L87, M|100/100|[from] U-turn\n|\n|upkeep\n|inactive|Time left: 300 sec this turn | 300 sec total | 10 sec grace\n|\n|t:|1783557854\n|switch|p1a: Lanturn|Lanturn, L89, M|367/367\n|turn|19\n|inactive|Time left: 300 sec this turn | 300 sec total\n|\n|t:|1783557855\n|move|p2a: Arbok|Earthquake|p1a: Lanturn\n|-supereffective|p1a: Lanturn\n|-damage|p1a: Lanturn|175/367\n|move|p1a: Lanturn|Scald|p2a: Arbok\n|-damage|p2a: Arbok|65/100\n|\n|-heal|p2a: Arbok|71/100|[from] item: Leftovers\n|upkeep\n|turn|20\n|inactive|Time left: 300 sec this turn | 300 sec total\n|\n|t:|1783557856\n|-terastallize|p2a: Arbok|Dark\n|move|p2a: Arbok|Earthquake|p1a: Lanturn\n|-supereffective|p1a: Lanturn\n|-damage|p1a: Lanturn|0 fnt\n|faint|p1a: Lanturn\n|\n|win|p0y1533344b", "uploadtime": 1783557856, "views": 0, "rating": 0, "private": 0, "password": null, "_winner": "p0y1533344b", "_our_name": "p0x1533e185"}