{"id": "battle-gen9randombattle-925", "formatid": "gen9randombattle", "format": "[Gen 9] Random Battle", "players": ["p0x9254218", "p0y925e79d"], "log": "|init|battle\n|title|p0x9254218 vs. p0y925e79d\n|j|\u2606p0x9254218\n|j|\u2606p0y925e79d\n|t:|1783549875\n|gametype|singles\n|player|p1|p0x9254218|266|\n|player|p2|p0y925e79d|1|\n|gen|9\n|tier|[Gen 9] Random Battle\n|rule|Species Clause: Limit one of each Pok\u00e9mon\n|rule|HP Percentage Mod: HP is shown in percentages\n|rule|Sleep Clause Mod: Limit one foe put to sleep\n|rule|Illusion Level Mod: Illusion disguises the Pok\u00e9mon's true level\n|\n|t:|1783549875\n|teamsize|p1|6\n|teamsize|p2|6\n|start\n|switch|p1a: Oranguru|Oranguru, L92, F|315/315\n|switch|p2a: Falinks|Falinks, L84|100/100\n|turn|1\n|inactive|Battle timer is ON: inactive players will automatically lose when time's up. (requested by p0x9254218)\n|\n|t:|1783549877\n|move|p2a: Falinks|No Retreat|p2a: Falinks\n|-boost|p2a: Falinks|atk|1\n|-boost|p2a: Falinks|def|1\n|-boost|p2a: Falinks|spa|1\n|-boost|p2a: Falinks|spd|1\n|-boost|p2a: Falinks|spe|1\n|-start|p2a: Falinks|move: No Retreat\n|move|p1a: Oranguru|Psyshock|p2a: Falinks\n|-supereffective|p2a: Falinks\n|-damage|p2a: Falinks|54/100\n|\n|upkeep\n|turn|2\n|inactive|Time left: 300 sec this turn | 300 sec total\n|inactive|p0y925e79d also wants the timer to be on.\n|\n|t:|1783549878\n|-terastallize|p2a: Falinks|Dark\n|-terastallize|p1a: Oranguru|Fighting\n|move|p2a: Falinks|Knock Off|p1a: Oranguru\n|-resisted|p1a: Oranguru\n|-damage|p1a: Oranguru|207/315\n|-enditem|p1a: Oranguru|Leftovers|[from] move: Knock Off|[of] p2a: Falinks\n|-damage|p2a: Falinks|44/100|[from] item: Life Orb\n|move|p1a: Oranguru|Focus Blast|p2a: Falinks|[miss]\n|-miss|p1a: Oranguru|p2a: Falinks\n|\n|upkeep\n|turn|3\n|inactive|Time left: 300 sec this turn | 300 sec total\n|\n|t:|1783549879\n|switch|p1a: Vespiquen|Vespiquen, L99, F|299/299\n|-ability|p1a: Vespiquen|Pressure\n|move|p2a: Falinks|Close Combat|p1a: Vespiquen\n|-resisted|p1a: Vespiquen\n|-damage|p1a: Vespiquen|252/299\n|-unboost|p2a: Falinks|def|1\n|-unboost|p2a: Falinks|spd|1\n|-damage|p2a: Falinks|35/100|[from] item: Life Orb\n|\n|upkeep\n|turn|4\n|inactive|Time left: 300 sec this turn | 300 sec total\n|\n|t:|1783549880\n|move|p2a: Falinks|Knock Off|p1a: Vespiquen\n|-damage|p1a: Vespiquen|87/299\n|-enditem|p1a: Vespiquen|Heavy-Duty Boots|[from] move: Knock Off|[of] p2a: Falinks\n|-damage|p2a: Falinks|25/100|[from] item: Life Orb\n|move|p1a: Vespiquen|U-turn|p2a: Falinks\n|-supereffective|p2a: Falinks\n|-damage|p2a: Falinks|0 fnt\n|faint|p2a: Falinks\n|inactive|Time left: 300 sec this turn | 300 sec total | 5 sec grace\n|\n|t:|1783549881\n|switch|p1a: Oranguru|Oranguru, L92, F, tera:Fighting|207/315|[from] U-turn\n|\n|upkeep\n|\n|t:|1783549882\n|switch|p2a: Enamorus|Enamorus-Therian, L83, F|100/100\n|turn|5\n|inactive|Time left: 300 sec this turn | 300 sec total\n|\n|t:|1783549883\n|move|p1a: Oranguru|Psyshock|p2a: Enamorus\n|-damage|p2a: Enamorus|68/100\n|move|p2a: Enamorus|Moonblast|p1a: Oranguru\n|-supereffective|p1a: Oranguru\n|-damage|p1a: Oranguru|0 fnt\n|faint|p1a: Oranguru\n|\n|upkeep\n|inactive|Time left: 300 sec this turn | 300 sec total | 5 sec grace\n|\n|t:|1783549884\n|switch|p1a: Mismagius|Mismagius, L86, F|243/243\n|turn|6\n|inactive|Time left: 300 sec this turn | 300 sec total\n|\n|t:|1783549886\n|move|p1a: Mismagius|Thunderbolt|p2a: Enamorus\n|-supereffective|p2a: Enamorus\n|-damage|p2a: Enamorus|0 fnt\n|faint|p2a: Enamorus\n|\n|upkeep\n|\n|t:|1783549887\n|switch|p2a: Baxcalibur|Baxcalibur, L75, M|100/100\n|turn|7\n|inactive|Time left: 300 sec this turn | 300 sec total\n|\n|t:|1783549888\n|move|p1a: Mismagius|Thunderbolt|p2a: Baxcalibur\n|-resisted|p2a: Baxcalibur\n|-damage|p2a: Baxcalibur|80/100\n|move|p2a: Baxcalibur|Glaive Rush|p1a: Mismagius\n|-damage|p1a: Mismagius|0 fnt\n|-singlemove|p2a: Baxcalibur|Glaive Rush|[silent]\n|faint|p1a: Mismagius\n|\n|upkeep\n|inactive|Time left: 300 sec this turn | 300 sec total | 5 sec grace\n|\n|t:|1783549889\n|switch|p1a: Greninja|Greninja, L80, M|246/246\n|turn|8\n|inactive|Time left: 300 sec this turn | 300 sec total\n|\n|t:|1783549890\n|switch|p2a: Vileplume|Vileplume, L85, F|100/100\n|move|p1a: Greninja|Dark Pulse|p2a: Vileplume\n|-start|p1a: Greninja|typechange|Dark|[from] ability: Protean\n|-damage|p2a: Vileplume|63/100\n|-damage|p1a: Greninja|222/246|[from] item: Life Orb\n|\n|-heal|p2a: Vileplume|69/100|[from] item: Leftovers\n|upkeep\n|turn|9\n|inactive|Time left: 300 sec this turn | 300 sec total\n|\n|t:|1783549891\n|move|p1a: Greninja|Ice Beam|p2a: Vileplume\n|-supereffective|p2a: Vileplume\n|-damage|p2a: Vileplume|11/100\n|-damage|p1a: Greninja|198/246|[from] item: Life Orb\n|move|p2a: Vileplume|Sludge Bomb|p1a: Greninja\n|-crit|p1a: Greninja\n|-damage|p1a: Greninja|2/246\n|-status|p1a: Greninja|psn\n|\n|-heal|p2a: Vileplume|17/100|[from] item: Leftovers\n|-damage|p1a: Greninja|0 fnt|[from] psn\n|faint|p1a: Greninja\n|upkeep\n|inactive|Time left: 300 sec this turn | 300 sec total | 5 sec grace\n|\n|t:|1783549892\n|switch|p1a: Vespiquen|Vespiquen, L99, F|87/299\n|-ability|p1a: Vespiquen|Pressure\n|turn|10\n|inactive|Time left: 300 sec this turn | 300 sec total\n|\n|t:|1783549893\n|move|p1a: Vespiquen|U-turn|p2a: Vileplume\n|-damage|p2a: Vileplume|0 fnt\n|faint|p2a: Vileplume\n|inactive|Time left: 300 sec this turn | 300 sec total | 5 sec grace\n|\n|t:|1783549894\n|switch|p1a: Pachirisu|Pachirisu, L96, M|271/271|[from] U-turn\n|\n|upkeep\n|\n|t:|1783549895\n|switch|p2a: Baxcalibur|Baxcalibur, L75, M|80/100\n|turn|11\n|inactive|Time left: 300 sec this turn | 300 sec total\n|\n|t:|1783549896\n|move|p1a: Pachirisu|Discharge|p2a: Baxcalibur\n|-resisted|p2a: Baxcalibur\n|-damage|p2a: Baxcalibur|68/100\n|move|p2a: Baxcalibur|Glaive Rush|p1a: Pachirisu\n|-damage|p1a: Pachirisu|51/271\n|-singlemove|p2a: Baxcalibur|Glaive Rush|[silent]\n|\n|upkeep\n|turn|12\n|inactive|Time left: 300 sec this turn | 300 sec total\n|\n|t:|1783549897\n|move|p1a: Pachirisu|Super Fang|p2a: Baxcalibur\n|-damage|p2a: Baxcalibur|34/100\n|move|p2a: Baxcalibur|Glaive Rush|p1a: Pachirisu\n|-damage|p1a: Pachirisu|0 fnt\n|-singlemove|p2a: Baxcalibur|Glaive Rush|[silent]\n|faint|p1a: Pachirisu\n|\n|upkeep\n|inactive|Time left: 300 sec this turn | 300 sec total | 5 sec grace\n|\n|t:|1783549898\n|switch|p1a: Cramorant|Cramorant, L86, M|261/261\n|turn|13\n|inactive|Time left: 300 sec this turn | 300 sec total\n|\n|t:|1783549899\n|move|p1a: Cramorant|Surf|p2a: Baxcalibur\n|-formechange|p1a: Cramorant|Cramorant-Gulping|\n|-resisted|p2a: Baxcalibur\n|-damage|p2a: Baxcalibur|2/100\n|move|p2a: Baxcalibur|Glaive Rush|p1a: Cramorant\n|-damage|p1a: Cramorant|0 fnt\n|-singlemove|p2a: Baxcalibur|Glaive Rush|[silent]\n|-damage|p2a: Baxcalibur|0 fnt|[from] ability: Gulp Missile|[of] p1a: Cramorant\n|-formechange|p1a: Cramorant|Cramorant|\n|faint|p1a: Cramorant\n|faint|p2a: Baxcalibur\n|\n|upkeep\n|inactive|Time left: 300 sec this turn | 300 sec total | 5 sec grace\n|\n|t:|1783549900\n|switch|p1a: Vespiquen|Vespiquen, L99, F|87/299\n|switch|p2a: Furret|Furret, L94, M|100/100\n|-ability|p1a: Vespiquen|Pressure\n|turn|14\n|inactive|Time left: 300 sec this turn | 300 sec total\n|\n|t:|1783549900\n|move|p2a: Furret|Double-Edge|p1a: Vespiquen\n|-damage|p1a: Vespiquen|0 fnt\n|faint|p1a: Vespiquen\n|-damage|p2a: Furret|91/100|[from] Recoil\n|\n|win|p0y925e79d", "uploadtime": 1783549900, "views": 0, "rating": 0, "private": 0, "password": null, "_winner": "p0y925e79d", "_our_name": "p0x9254218"}