{"id": "battle-gen9randombattle-1110", "formatid": "gen9randombattle", "format": "[Gen 9] Random Battle", "players": ["p0x11104401", "p0y1110195c"], "log": "|init|battle\n|title|p0x11104401 vs. p0y1110195c\n|j|\u2606p0x11104401\n|j|\u2606p0y1110195c\n|t:|1783552035\n|gametype|singles\n|player|p1|p0x11104401|102|\n|player|p2|p0y1110195c|265|\n|gen|9\n|tier|[Gen 9] Random Battle\n|rule|Species Clause: Limit one of each Pok\u00e9mon\n|rule|HP Percentage Mod: HP is shown in percentages\n|rule|Sleep Clause Mod: Limit one foe put to sleep\n|rule|Illusion Level Mod: Illusion disguises the Pok\u00e9mon's true level\n|\n|t:|1783552035\n|teamsize|p1|6\n|teamsize|p2|6\n|start\n|switch|p1a: Appletun|Appletun, L92, M|100/100\n|switch|p2a: Vileplume|Vileplume, L85, M|266/266\n|turn|1\n|inactive|Battle timer is ON: inactive players will automatically lose when time's up. (requested by p0x11104401)\n|inactive|Time left: 300 sec this turn | 300 sec total | 60 sec grace\n|\n|t:|1783552037\n|move|p2a: Vileplume|Sludge Bomb|p1a: Appletun\n|-supereffective|p1a: Appletun\n|-damage|p1a: Appletun|42/100\n|move|p1a: Appletun|Apple Acid|p2a: Vileplume\n|-resisted|p2a: Vileplume\n|-damage|p2a: Vileplume|242/266\n|-unboost|p2a: Vileplume|spd|1\n|\n|-heal|p2a: Vileplume|258/266|[from] item: Leftovers\n|-heal|p1a: Appletun|48/100|[from] item: Leftovers\n|upkeep\n|turn|2\n|inactive|Time left: 300 sec this turn | 300 sec total\n|inactive|p0y1110195c also wants the timer to be on.\n|\n|t:|1783552038\n|-terastallize|p1a: Appletun|Steel\n|move|p2a: Vileplume|Sludge Bomb|p1a: Appletun\n|-immune|p1a: Appletun\n|move|p1a: Appletun|Dragon Pulse|p2a: Vileplume\n|-damage|p2a: Vileplume|86/266\n|\n|-heal|p2a: Vileplume|102/266|[from] item: Leftovers\n|-heal|p1a: Appletun|54/100|[from] item: Leftovers\n|upkeep\n|turn|3\n|inactive|Time left: 300 sec this turn | 300 sec total\n|\n|t:|1783552039\n|move|p2a: Vileplume|Strength Sap|p1a: Appletun\n|-unboost|p1a: Appletun|atk|1\n|-heal|p2a: Vileplume|263/266\n|move|p1a: Appletun|Dragon Pulse|p2a: Vileplume\n|-damage|p2a: Vileplume|91/266\n|\n|-heal|p2a: Vileplume|107/266|[from] item: Leftovers\n|-heal|p1a: Appletun|61/100|[from] item: Leftovers\n|upkeep\n|turn|4\n|inactive|Time left: 300 sec this turn | 300 sec total\n|\n|t:|1783552040\n|move|p2a: Vileplume|Strength Sap|p1a: Appletun\n|-unboost|p1a: Appletun|atk|1\n|-heal|p2a: Vileplume|214/266\n|move|p1a: Appletun|Dragon Pulse|p2a: Vileplume\n|-damage|p2a: Vileplume|60/266\n|\n|-heal|p2a: Vileplume|76/266|[from] item: Leftovers\n|-heal|p1a: Appletun|67/100|[from] item: Leftovers\n|upkeep\n|turn|5\n|inactive|Time left: 300 sec this turn | 300 sec total\n|\n|t:|1783552041\n|move|p2a: Vileplume|Strength Sap|p1a: Appletun\n|-unboost|p1a: Appletun|atk|1\n|-heal|p2a: Vileplume|156/266\n|move|p1a: Appletun|Dragon Pulse|p2a: Vileplume\n|-damage|p2a: Vileplume|0 fnt\n|faint|p2a: Vileplume\n|\n|-heal|p1a: Appletun|73/100|[from] item: Leftovers\n|upkeep\n|inactive|Time left: 300 sec this turn | 300 sec total | 5 sec grace\n|\n|t:|1783552042\n|switch|p2a: Serperior|Serperior, L79, M|248/248\n|turn|6\n|inactive|Time left: 300 sec this turn | 300 sec total\n|\n|t:|1783552043\n|move|p2a: Serperior|Leaf Storm|p1a: Appletun\n|-resisted|p1a: Appletun\n|-damage|p1a: Appletun|58/100\n|-boost|p2a: Serperior|spa|2\n|move|p1a: Appletun|Dragon Pulse|p2a: Serperior\n|-damage|p2a: Serperior|134/248\n|\n|-heal|p2a: Serperior|149/248|[from] item: Leftovers\n|-heal|p1a: Appletun|64/100|[from] item: Leftovers\n|upkeep\n|turn|7\n|inactive|Time left: 300 sec this turn | 300 sec total\n|\n|t:|1783552043\n|move|p2a: Serperior|Leaf Storm|p1a: Appletun|[miss]\n|-miss|p2a: Serperior|p1a: Appletun\n|move|p1a: Appletun|Dragon Pulse|p2a: Serperior\n|-damage|p2a: Serperior|47/248\n|\n|-heal|p2a: Serperior|62/248|[from] item: Leftovers\n|-heal|p1a: Appletun|71/100|[from] item: Leftovers\n|upkeep\n|turn|8\n|inactive|Time left: 300 sec this turn | 300 sec total\n|\n|t:|1783552044\n|move|p2a: Serperior|Leech Seed|p1a: Appletun\n|-start|p1a: Appletun|move: Leech Seed\n|move|p1a: Appletun|Dragon Pulse|p2a: Serperior\n|-crit|p2a: Serperior\n|-damage|p2a: Serperior|0 fnt\n|faint|p2a: Serperior\n|\n|-heal|p1a: Appletun|77/100|[from] item: Leftovers\n|upkeep\n|inactive|Time left: 300 sec this turn | 300 sec total | 5 sec grace\n|\n|t:|1783552045\n|switch|p2a: Toxtricity|Toxtricity, L82, M|257/257\n|turn|9\n|inactive|Time left: 300 sec this turn | 300 sec total\n|\n|t:|1783552047\n|switch|p1a: Mismagius|Mismagius, L86, M|100/100\n|move|p2a: Toxtricity|Boomburst|p1a: Mismagius\n|-immune|p1a: Mismagius\n|\n|upkeep\n|turn|10\n|inactive|Time left: 300 sec this turn | 300 sec total\n|\n|t:|1783552048\n|switch|p2a: Passimian|Passimian, L83, M|302/302\n|move|p1a: Mismagius|Nasty Plot|p1a: Mismagius\n|-boost|p1a: Mismagius|spa|2\n|\n|upkeep\n|turn|11\n|inactive|Time left: 300 sec this turn | 300 sec total\n|\n|t:|1783552048\n|move|p1a: Mismagius|Shadow Ball|p2a: Passimian\n|-damage|p2a: Passimian|35/302\n|move|p2a: Passimian|Knock Off|p1a: Mismagius\n|-supereffective|p1a: Mismagius\n|-crit|p1a: Mismagius\n|-damage|p1a: Mismagius|0 fnt\n|-enditem|p1a: Mismagius|Leftovers|[from] move: Knock Off|[of] p2a: Passimian\n|faint|p1a: Mismagius\n|\n|-heal|p2a: Passimian|53/302|[from] item: Leftovers\n|upkeep\n|\n|t:|1783552049\n|switch|p1a: Hoopa|Hoopa-Unbound, L80|100/100\n|turn|12\n|inactive|Time left: 300 sec this turn | 300 sec total\n|\n|t:|1783552050\n|move|p1a: Hoopa|Hyperspace Fury|p2a: Passimian\n|-resisted|p2a: Passimian\n|-damage|p2a: Passimian|0 fnt\n|-unboost|p1a: Hoopa|def|1\n|faint|p2a: Passimian\n|\n|upkeep\n|inactive|Time left: 300 sec this turn | 300 sec total | 5 sec grace\n|\n|t:|1783552051\n|switch|p2a: Morpeko|Morpeko, L88, F|245/245\n|turn|13\n|inactive|Time left: 300 sec this turn | 300 sec total\n|\n|t:|1783552052\n|switch|p1a: Appletun|Appletun, L92, M, tera:Steel|77/100\n|move|p2a: Morpeko|Aura Wheel|p1a: Appletun\n|-damage|p1a: Appletun|39/100\n|-boost|p2a: Morpeko|spe|1\n|\n|-heal|p1a: Appletun|45/100|[from] item: Leftovers\n|-formechange|p2a: Morpeko|Morpeko-Hangry||[from] ability: Hunger Switch\n|upkeep\n|turn|14\n|inactive|Time left: 300 sec this turn | 300 sec total\n|\n|t:|1783552053\n|move|p2a: Morpeko|Aura Wheel|p1a: Appletun\n|-damage|p1a: Appletun|9/100\n|-boost|p2a: Morpeko|spe|1\n|move|p1a: Appletun|Recover|p1a: Appletun\n|-heal|p1a: Appletun|59/100\n|\n|-heal|p1a: Appletun|66/100|[from] item: Leftovers\n|-formechange|p2a: Morpeko|Morpeko||[from] ability: Hunger Switch\n|upkeep\n|turn|15\n|inactive|Time left: 300 sec this turn | 300 sec total\n|\n|t:|1783552054\n|move|p2a: Morpeko|Knock Off|p1a: Appletun\n|-damage|p1a: Appletun|33/100\n|-enditem|p1a: Appletun|Leftovers|[from] move: Knock Off|[of] p2a: Morpeko\n|move|p1a: Appletun|Apple Acid|p2a: Morpeko\n|-damage|p2a: Morpeko|103/245\n|-unboost|p2a: Morpeko|spd|1\n|\n|-heal|p2a: Morpeko|118/245|[from] item: Leftovers\n|-formechange|p2a: Morpeko|Morpeko-Hangry||[from] ability: Hunger Switch\n|upkeep\n|turn|16\n|inactive|Time left: 300 sec this turn | 300 sec total\n|\n|t:|1783552055\n|move|p2a: Morpeko|Aura Wheel|p1a: Appletun\n|-damage|p1a: Appletun|0 fnt\n|-boost|p2a: Morpeko|spe|1\n|faint|p1a: Appletun\n|\n|-heal|p2a: Morpeko|133/245|[from] item: Leftovers\n|-formechange|p2a: Morpeko|Morpeko||[from] ability: Hunger Switch\n|upkeep\n|\n|t:|1783552055\n|switch|p1a: Magmortar|Magmortar, L88, M|100/100\n|turn|17\n|inactive|Time left: 300 sec this turn | 300 sec total\n|\n|t:|1783552056\n|move|p2a: Morpeko|Protect|p2a: Morpeko\n|-singleturn|p2a: Morpeko|Protect\n|move|p1a: Magmortar|Earthquake|p2a: Morpeko\n|-activate|p2a: Morpeko|move: Protect\n|\n|-heal|p2a: Morpeko|148/245|[from] item: Leftovers\n|-formechange|p2a: Morpeko|Morpeko-Hangry||[from] ability: Hunger Switch\n|upkeep\n|turn|18\n|inactive|Time left: 300 sec this turn | 300 sec total\n|\n|t:|1783552057\n|move|p2a: Morpeko|Knock Off|p1a: Magmortar\n|-damage|p1a: Magmortar|56/100\n|-enditem|p1a: Magmortar|Heavy-Duty Boots|[from] move: Knock Off|[of] p2a: Morpeko\n|move|p1a: Magmortar|Earthquake|p2a: Morpeko\n|-supereffective|p2a: Morpeko\n|-damage|p2a: Morpeko|0 fnt\n|faint|p2a: Morpeko\n|\n|upkeep\n|inactive|Time left: 300 sec this turn | 300 sec total | 5 sec grace\n|\n|t:|1783552059\n|switch|p2a: Braviary|Braviary, L85, M|309/309\n|turn|19\n|inactive|Time left: 300 sec this turn | 300 sec total\n|\n|t:|1783552060\n|move|p1a: Magmortar|Fire Blast|p2a: Braviary|[miss]\n|-miss|p1a: Magmortar|p2a: Braviary\n|move|p2a: Braviary|Brave Bird|p1a: Magmortar\n|-damage|p1a: Magmortar|0 fnt\n|-status|p2a: Braviary|brn|[from] ability: Flame Body|[of] p1a: Magmortar\n|faint|p1a: Magmortar\n|-damage|p2a: Braviary|258/309 brn|[from] Recoil\n|\n|-damage|p2a: Braviary|239/309 brn|[from] brn\n|upkeep\n|\n|t:|1783552061\n|switch|p1a: Azelf|Azelf, L82|100/100\n|turn|20\n|inactive|Time left: 300 sec this turn | 300 sec total\n|\n|t:|1783552062\n|move|p1a: Azelf|Psychic|p2a: Braviary\n|-damage|p2a: Braviary|62/309 brn\n|move|p2a: Braviary|Brave Bird|p1a: Azelf\n|-damage|p1a: Azelf|63/100\n|-damage|p2a: Braviary|30/309 brn|[from] Recoil\n|\n|-damage|p2a: Braviary|11/309 brn|[from] brn\n|upkeep\n|turn|21\n|inactive|Time left: 300 sec this turn | 300 sec total\n|\n|t:|1783552063\n|move|p1a: Azelf|Psychic|p2a: Braviary\n|-damage|p2a: Braviary|0 fnt\n|faint|p2a: Braviary\n|\n|upkeep\n|inactive|Time left: 300 sec this turn | 300 sec total | 5 sec grace\n|\n|t:|1783552064\n|switch|p2a: Toxtricity|Toxtricity, L82, M|257/257\n|turn|22\n|inactive|Time left: 300 sec this turn | 300 sec total\n|\n|t:|1783552065\n|-terastallize|p2a: Toxtricity|Normal\n|move|p1a: Azelf|Psychic|p2a: Toxtricity\n|-damage|p2a: Toxtricity|59/257\n|move|p2a: Toxtricity|Overdrive|p1a: Azelf\n|-damage|p1a: Azelf|0 fnt\n|faint|p1a: Azelf\n|\n|upkeep\n|\n|t:|1783552066\n|switch|p1a: Hoopa|Hoopa-Unbound, L80|100/100\n|turn|23\n|inactive|Time left: 300 sec this turn | 300 sec total\n|\n|t:|1783552067\n|move|p1a: Hoopa|Psychic|p2a: Toxtricity\n|-damage|p2a: Toxtricity|0 fnt\n|faint|p2a: Toxtricity\n|\n|win|p0x11104401", "uploadtime": 1783552067, "views": 0, "rating": 0, "private": 0, "password": null, "_winner": "p0x11104401", "_our_name": "p0y1110195c"}