{"id": "battle-gen9randombattle-2486", "formatid": "gen9randombattle", "format": "[Gen 9] Random Battle", "players": ["p0x24866657", "p0y248647bd"], "log": "|init|battle\n|title|p0x24866657 vs. p0y248647bd\n|j|\u2606p0x24866657\n|j|\u2606p0y248647bd\n|t:|1783568817\n|gametype|singles\n|player|p1|p0x24866657|1|\n|player|p2|p0y248647bd|265|\n|gen|9\n|tier|[Gen 9] Random Battle\n|rule|Species Clause: Limit one of each Pok\u00e9mon\n|rule|HP Percentage Mod: HP is shown in percentages\n|rule|Sleep Clause Mod: Limit one foe put to sleep\n|rule|Illusion Level Mod: Illusion disguises the Pok\u00e9mon's true level\n|\n|t:|1783568817\n|teamsize|p1|6\n|teamsize|p2|6\n|start\n|switch|p1a: Appletun|Appletun, L92, M|100/100\n|switch|p2a: Ogerpon|Ogerpon-Hearthflame, L74, F|239/239\n|-ability|p2a: Ogerpon|Mold Breaker\n|turn|1\n|inactive|Battle timer is ON: inactive players will automatically lose when time's up. (requested by p0x24866657)\n|inactive|Time left: 300 sec this turn | 300 sec total | 60 sec grace\n|inactive|p0y248647bd also wants the timer to be on.\n|\n|t:|1783568818\n|move|p2a: Ogerpon|Swords Dance|p2a: Ogerpon\n|-boost|p2a: Ogerpon|atk|2\n|move|p1a: Appletun|Dragon Pulse|p2a: Ogerpon\n|-damage|p2a: Ogerpon|113/239\n|\n|upkeep\n|turn|2\n|inactive|Time left: 300 sec this turn | 300 sec total\n|\n|t:|1783568819\n|move|p2a: Ogerpon|Ivy Cudgel|p1a: Appletun|[anim] Ivy Cudgel Fire\n|-damage|p1a: Appletun|41/100\n|move|p1a: Appletun|Dragon Pulse|p2a: Ogerpon\n|-damage|p2a: Ogerpon|0 fnt\n|faint|p2a: Ogerpon\n|\n|-heal|p1a: Appletun|47/100|[from] item: Leftovers\n|upkeep\n|inactive|Time left: 300 sec this turn | 300 sec total | 5 sec grace\n|\n|t:|1783568820\n|switch|p2a: Persian|Persian, L92, M|269/269\n|turn|3\n|inactive|Time left: 300 sec this turn | 300 sec total\n|\n|t:|1783568821\n|move|p2a: Persian|Double-Edge|p1a: Appletun\n|-damage|p1a: Appletun|0 fnt\n|faint|p1a: Appletun\n|-damage|p2a: Persian|215/269|[from] Recoil\n|\n|upkeep\n|\n|t:|1783568823\n|switch|p1a: Zapdos|Zapdos-Galar, L77|100/100\n|turn|4\n|inactive|Time left: 300 sec this turn | 300 sec total\n|\n|t:|1783568824\n|move|p2a: Persian|Double-Edge|p1a: Zapdos\n|-damage|p1a: Zapdos|33/100\n|-damage|p2a: Persian|156/269|[from] Recoil\n|move|p1a: Zapdos|Knock Off|p2a: Persian\n|-damage|p2a: Persian|26/269\n|-enditem|p2a: Persian|Choice Band|[from] move: Knock Off|[of] p1a: Zapdos\n|\n|upkeep\n|turn|5\n|inactive|Time left: 300 sec this turn | 300 sec total\n|\n|t:|1783568825\n|move|p2a: Persian|Double-Edge|p1a: Zapdos\n|-damage|p1a: Zapdos|0 fnt\n|faint|p1a: Zapdos\n|-damage|p2a: Persian|0 fnt|[from] Recoil\n|faint|p2a: Persian\n|\n|upkeep\n|inactive|Time left: 300 sec this turn | 300 sec total | 5 sec grace\n|\n|t:|1783568826\n|switch|p2a: Lunala|Lunala, L70|308/308\n|switch|p1a: Urshifu|Urshifu-Rapid-Strike, L75, F|100/100\n|turn|6\n|inactive|Time left: 300 sec this turn | 300 sec total\n|\n|t:|1783568827\n|move|p1a: Urshifu|Surging Strikes|p2a: Lunala\n|-crit|p2a: Lunala\n|-damage|p2a: Lunala|269/308\n|-crit|p2a: Lunala\n|-damage|p2a: Lunala|202/308\n|-crit|p2a: Lunala\n|-damage|p2a: Lunala|124/308\n|-hitcount|p2a: Lunala|3\n|move|p2a: Lunala|Moongeist Beam|p1a: Urshifu\n|-damage|p1a: Urshifu|46/100\n|\n|-heal|p2a: Lunala|143/308|[from] item: Leftovers\n|upkeep\n|turn|7\n|inactive|Time left: 300 sec this turn | 300 sec total\n|\n|t:|1783568828\n|switch|p2a: Skuntank|Skuntank, L84, M|310/310\n|move|p1a: Urshifu|Surging Strikes|p2a: Skuntank\n|-crit|p2a: Skuntank\n|-damage|p2a: Skuntank|231/310\n|-crit|p2a: Skuntank\n|-damage|p2a: Skuntank|155/310\n|-crit|p2a: Skuntank\n|-damage|p2a: Skuntank|80/310\n|-hitcount|p2a: Skuntank|3\n|\n|upkeep\n|turn|8\n|inactive|Time left: 300 sec this turn | 300 sec total\n|\n|t:|1783568829\n|move|p2a: Skuntank|Gunk Shot|p1a: Urshifu\n|-damage|p1a: Urshifu|0 fnt\n|faint|p1a: Urshifu\n|-damage|p2a: Skuntank|49/310|[from] item: Life Orb\n|\n|upkeep\n|\n|t:|1783568830\n|switch|p1a: Ampharos|Ampharos, L88, M|100/100\n|turn|9\n|inactive|Time left: 300 sec this turn | 300 sec total\n|\n|t:|1783568831\n|move|p2a: Skuntank|Gunk Shot|p1a: Ampharos\n|-damage|p1a: Ampharos|45/100\n|-status|p1a: Ampharos|psn\n|-damage|p2a: Skuntank|18/310|[from] item: Life Orb\n|move|p1a: Ampharos|Dazzling Gleam|p2a: Skuntank\n|-damage|p2a: Skuntank|0 fnt\n|faint|p2a: Skuntank\n|\n|-damage|p1a: Ampharos|32/100 psn|[from] psn\n|upkeep\n|inactive|Time left: 300 sec this turn | 300 sec total | 5 sec grace\n|\n|t:|1783568832\n|switch|p2a: Lunala|Lunala, L70|143/308\n|turn|10\n|inactive|Time left: 300 sec this turn | 300 sec total\n|\n|t:|1783568833\n|move|p2a: Lunala|Moonlight|p2a: Lunala\n|-heal|p2a: Lunala|297/308\n|move|p1a: Ampharos|Volt Switch|p2a: Lunala\n|-damage|p2a: Lunala|194/308\n|\n|t:|1783568834\n|switch|p1a: Basculegion|Basculegion, L80, M|100/100|[from] Volt Switch\n|\n|-heal|p2a: Lunala|213/308|[from] item: Leftovers\n|upkeep\n|turn|11\n|inactive|Time left: 300 sec this turn | 300 sec total\n|\n|t:|1783568835\n|move|p2a: Lunala|Moonlight|p2a: Lunala\n|-heal|p2a: Lunala|308/308\n|move|p1a: Basculegion|Shadow Ball|p2a: Lunala\n|-supereffective|p2a: Lunala\n|-damage|p2a: Lunala|112/308\n|-unboost|p2a: Lunala|spd|1\n|\n|-heal|p2a: Lunala|131/308|[from] item: Leftovers\n|upkeep\n|turn|12\n|inactive|Time left: 300 sec this turn | 300 sec total\n|\n|t:|1783568836\n|move|p2a: Lunala|Moongeist Beam|p1a: Basculegion\n|-supereffective|p1a: Basculegion\n|-damage|p1a: Basculegion|52/100\n|move|p1a: Basculegion|Shadow Ball|p2a: Lunala\n|-supereffective|p2a: Lunala\n|-damage|p2a: Lunala|0 fnt\n|faint|p2a: Lunala\n|\n|upkeep\n|inactive|Time left: 300 sec this turn | 300 sec total | 5 sec grace\n|\n|t:|1783568837\n|switch|p2a: Grafaiai|Grafaiai, L86, M|249/249\n|turn|13\n|inactive|Time left: 300 sec this turn | 300 sec total\n|\n|t:|1783568838\n|switch|p1a: Ampharos|Ampharos, L88, M|32/100 psn\n|move|p2a: Grafaiai|Knock Off|p1a: Ampharos\n|-damage|p1a: Ampharos|4/100 psn\n|-status|p2a: Grafaiai|par|[from] ability: Static|[of] p1a: Ampharos\n|-enditem|p1a: Ampharos|Assault Vest|[from] move: Knock Off|[of] p2a: Grafaiai\n|-damage|p2a: Grafaiai|225/249 par|[from] item: Life Orb\n|\n|-damage|p1a: Ampharos|0 fnt|[from] psn\n|faint|p1a: Ampharos\n|upkeep\n|\n|t:|1783568839\n|switch|p1a: Basculegion|Basculegion, L80, M|52/100\n|turn|14\n|inactive|Time left: 300 sec this turn | 300 sec total\n|\n|t:|1783568840\n|switch|p2a: Dugtrio|Dugtrio-Alola, L84, F|196/196\n|move|p1a: Basculegion|Wave Crash|p2a: Dugtrio\n|-supereffective|p2a: Dugtrio\n|-damage|p2a: Dugtrio|0 fnt\n|-ability|p2a: Dugtrio|Tangling Hair\n|-unboost|p1a: Basculegion|spe|1\n|faint|p2a: Dugtrio\n|-damage|p1a: Basculegion|32/100|[from] Recoil\n|\n|upkeep\n|inactive|Time left: 300 sec this turn | 300 sec total | 5 sec grace\n|\n|t:|1783568841\n|switch|p2a: Grafaiai|Grafaiai, L86, M|225/249 par\n|turn|15\n|inactive|Time left: 300 sec this turn | 300 sec total\n|\n|t:|1783568842\n|move|p2a: Grafaiai|Gunk Shot|p1a: Basculegion|[miss]\n|-miss|p2a: Grafaiai|p1a: Basculegion\n|move|p1a: Basculegion|Wave Crash|p2a: Grafaiai\n|-damage|p2a: Grafaiai|1/249 par\n|-damage|p1a: Basculegion|9/100|[from] Recoil\n|\n|upkeep\n|turn|16\n|inactive|Time left: 300 sec this turn | 300 sec total\n|\n|t:|1783568842\n|-terastallize|p2a: Grafaiai|Dark\n|-terastallize|p1a: Basculegion|Water\n|move|p2a: Grafaiai|Knock Off|p1a: Basculegion\n|-damage|p1a: Basculegion|0 fnt\n|-enditem|p1a: Basculegion|Assault Vest|[from] move: Knock Off|[of] p2a: Grafaiai\n|faint|p1a: Basculegion\n|-damage|p2a: Grafaiai|0 fnt|[from] item: Life Orb\n|faint|p2a: Grafaiai\n|\n|win|p0x24866657", "uploadtime": 1783568842, "views": 0, "rating": 0, "private": 0, "password": null, "_winner": "p0x24866657", "_our_name": "p0y248647bd"}