{"id": "battle-gen9randombattle-2261", "formatid": "gen9randombattle", "format": "[Gen 9] Random Battle", "players": ["p0x226175e7", "p0y2261a5e3"], "log": "|init|battle\n|title|p0x226175e7 vs. p0y2261a5e3\n|j|\u2606p0x226175e7\n|j|\u2606p0y2261a5e3\n|t:|1783565274\n|gametype|singles\n|player|p1|p0x226175e7|102|\n|player|p2|p0y2261a5e3|265|\n|gen|9\n|tier|[Gen 9] Random Battle\n|rule|Species Clause: Limit one of each Pok\u00e9mon\n|rule|HP Percentage Mod: HP is shown in percentages\n|rule|Sleep Clause Mod: Limit one foe put to sleep\n|rule|Illusion Level Mod: Illusion disguises the Pok\u00e9mon's true level\n|\n|t:|1783565274\n|teamsize|p1|6\n|teamsize|p2|6\n|start\n|switch|p1a: Primarina|Primarina, L83, F|100/100\n|switch|p2a: Charizard|Charizard, L85, F|271/271\n|turn|1\n|inactive|Battle timer is ON: inactive players will automatically lose when time's up. (requested by p0x226175e7)\n|inactive|Time left: 300 sec this turn | 300 sec total | 60 sec grace\n|inactive|p0y2261a5e3 also wants the timer to be on.\n|\n|t:|1783565276\n|move|p2a: Charizard|Hurricane|p1a: Primarina\n|-crit|p1a: Primarina\n|-damage|p1a: Primarina|44/100\n|move|p1a: Primarina|Moonblast|p2a: Charizard\n|-resisted|p2a: Charizard\n|-damage|p2a: Charizard|211/271\n|\n|-heal|p1a: Primarina|50/100|[from] item: Leftovers\n|upkeep\n|turn|2\n|inactive|Time left: 300 sec this turn | 300 sec total\n|\n|t:|1783565276\n|move|p2a: Charizard|Hurricane|p1a: Primarina|[miss]\n|-miss|p2a: Charizard|p1a: Primarina\n|move|p1a: Primarina|Psychic Noise|p2a: Charizard\n|-supereffective|p2a: Charizard\n|-damage|p2a: Charizard|5/271\n|-start|p2a: Charizard|move: Heal Block\n|\n|-heal|p1a: Primarina|56/100|[from] item: Leftovers\n|upkeep\n|turn|3\n|inactive|Time left: 300 sec this turn | 300 sec total\n|\n|t:|1783565277\n|move|p2a: Charizard|Hurricane|p1a: Primarina\n|-damage|p1a: Primarina|19/100\n|move|p1a: Primarina|Draining Kiss|p2a: Charizard\n|-resisted|p2a: Charizard\n|-damage|p2a: Charizard|0 fnt\n|-heal|p1a: Primarina|20/100|[from] drain|[of] p2a: Charizard\n|faint|p2a: Charizard\n|\n|-heal|p1a: Primarina|26/100|[from] item: Leftovers\n|upkeep\n|inactive|Time left: 300 sec this turn | 300 sec total | 5 sec grace\n|\n|t:|1783565278\n|switch|p2a: Basculin|Basculin-Blue-Striped, L86, M|261/261\n|turn|4\n|inactive|Time left: 300 sec this turn | 300 sec total\n|\n|t:|1783565278\n|switch|p1a: Flapple|Flapple, L88, F|100/100\n|move|p2a: Basculin|Wave Crash|p1a: Flapple\n|-resisted|p1a: Flapple\n|-damage|p1a: Flapple|74/100\n|-damage|p2a: Basculin|238/261|[from] Recoil\n|\n|upkeep\n|turn|5\n|inactive|Time left: 300 sec this turn | 300 sec total\n|\n|t:|1783565279\n|move|p2a: Basculin|Wave Crash|p1a: Flapple\n|-resisted|p1a: Flapple\n|-damage|p1a: Flapple|48/100\n|-damage|p2a: Basculin|215/261|[from] Recoil\n|move|p1a: Flapple|Outrage|p2a: Basculin\n|-damage|p2a: Basculin|0 fnt\n|faint|p2a: Basculin\n|\n|upkeep\n|inactive|Time left: 300 sec this turn | 300 sec total | 5 sec grace\n|\n|t:|1783565280\n|switch|p2a: Greninja|Greninja, L80, M|246/246\n|turn|6\n|inactive|Time left: 300 sec this turn | 300 sec total\n|\n|t:|1783565281\n|move|p2a: Greninja|Dark Pulse|p1a: Flapple\n|-damage|p1a: Flapple|0 fnt\n|faint|p1a: Flapple\n|-ability|p2a: Greninja|Battle Bond|boost\n|-boost|p2a: Greninja|atk|1\n|-boost|p2a: Greninja|spa|1\n|-boost|p2a: Greninja|spe|1\n|-activate|p2a: Greninja|ability: Battle Bond\n|-damage|p2a: Greninja|222/246|[from] item: Life Orb\n|\n|upkeep\n|\n|t:|1783565283\n|switch|p1a: Cryogonal|Cryogonal, L89|100/100\n|turn|7\n|inactive|Time left: 300 sec this turn | 300 sec total\n|\n|t:|1783565284\n|move|p2a: Greninja|Gunk Shot|p1a: Cryogonal\n|-damage|p1a: Cryogonal|34/100\n|-status|p1a: Cryogonal|psn\n|-damage|p2a: Greninja|198/246|[from] item: Life Orb\n|move|p1a: Cryogonal|Freeze-Dry|p2a: Greninja\n|-supereffective|p2a: Greninja\n|-damage|p2a: Greninja|0 fnt\n|faint|p2a: Greninja\n|\n|-damage|p1a: Cryogonal|21/100 psn|[from] psn\n|upkeep\n|inactive|Time left: 300 sec this turn | 300 sec total | 5 sec grace\n|\n|t:|1783565285\n|switch|p2a: Spectrier|Spectrier, L75|274/274\n|turn|8\n|inactive|Time left: 300 sec this turn | 300 sec total\n|\n|t:|1783565286\n|move|p2a: Spectrier|Shadow Ball|p1a: Cryogonal\n|-damage|p1a: Cryogonal|0 fnt\n|faint|p1a: Cryogonal\n|-ability|p2a: Spectrier|Grim Neigh|boost\n|-boost|p2a: Spectrier|spa|1\n|\n|upkeep\n|\n|t:|1783565287\n|switch|p1a: Feraligatr|Feraligatr, L79, F|100/100\n|turn|9\n|inactive|Time left: 300 sec this turn | 300 sec total\n|\n|t:|1783565288\n|move|p2a: Spectrier|Shadow Ball|p1a: Feraligatr\n|-damage|p1a: Feraligatr|40/100\n|move|p1a: Feraligatr|Dragon Dance|p1a: Feraligatr\n|-boost|p1a: Feraligatr|atk|1\n|-boost|p1a: Feraligatr|spe|1\n|\n|upkeep\n|turn|10\n|inactive|Time left: 300 sec this turn | 300 sec total\n|\n|t:|1783565289\n|switch|p2a: Hitmontop|Hitmontop, L88, M|231/231\n|-ability|p2a: Hitmontop|Intimidate|boost\n|-unboost|p1a: Feraligatr|atk|1\n|move|p1a: Feraligatr|Liquidation|p2a: Hitmontop\n|-damage|p2a: Hitmontop|109/231\n|\n|upkeep\n|turn|11\n|inactive|Time left: 300 sec this turn | 300 sec total\n|\n|t:|1783565290\n|switch|p2a: Noivern|Noivern, L82, F|274/274\n|move|p1a: Feraligatr|Liquidation|p2a: Noivern\n|-resisted|p2a: Noivern\n|-damage|p2a: Noivern|199/274\n|\n|upkeep\n|turn|12\n|inactive|Time left: 300 sec this turn | 300 sec total\n|\n|t:|1783565291\n|move|p1a: Feraligatr|Ice Punch|p2a: Noivern\n|-supereffective|p2a: Noivern\n|-damage|p2a: Noivern|0 fnt\n|faint|p2a: Noivern\n|\n|upkeep\n|inactive|Time left: 300 sec this turn | 300 sec total | 5 sec grace\n|\n|t:|1783565292\n|switch|p2a: Hitmontop|Hitmontop, L88, M|109/231\n|-ability|p2a: Hitmontop|Intimidate|boost\n|-unboost|p1a: Feraligatr|atk|1\n|turn|13\n|inactive|Time left: 300 sec this turn | 300 sec total\n|\n|t:|1783565293\n|move|p1a: Feraligatr|Dragon Dance|p1a: Feraligatr\n|-boost|p1a: Feraligatr|atk|1\n|-boost|p1a: Feraligatr|spe|1\n|move|p2a: Hitmontop|Close Combat|p1a: Feraligatr\n|-damage|p1a: Feraligatr|0 fnt\n|-unboost|p2a: Hitmontop|def|1\n|-unboost|p2a: Hitmontop|spd|1\n|faint|p1a: Feraligatr\n|\n|upkeep\n|\n|t:|1783565294\n|switch|p1a: Iron Valiant|Iron Valiant, L78|100/100\n|turn|14\n|inactive|Time left: 300 sec this turn | 300 sec total\n|\n|t:|1783565294\n|move|p1a: Iron Valiant|Moonblast|p2a: Hitmontop\n|-supereffective|p2a: Hitmontop\n|-damage|p2a: Hitmontop|0 fnt\n|faint|p2a: Hitmontop\n|-damage|p1a: Iron Valiant|91/100|[from] item: Life Orb\n|\n|upkeep\n|inactive|Time left: 300 sec this turn | 300 sec total | 5 sec grace\n|\n|t:|1783565295\n|switch|p2a: Spectrier|Spectrier, L75|274/274\n|turn|15\n|inactive|Time left: 300 sec this turn | 300 sec total\n|\n|t:|1783565296\n|move|p2a: Spectrier|Substitute|p2a: Spectrier\n|-start|p2a: Spectrier|Substitute\n|-damage|p2a: Spectrier|206/274\n|move|p1a: Iron Valiant|Knock Off|p2a: Spectrier\n|-supereffective|p2a: Spectrier\n|-end|p2a: Spectrier|Substitute\n|-damage|p1a: Iron Valiant|81/100|[from] item: Life Orb\n|\n|-heal|p2a: Spectrier|223/274|[from] item: Leftovers\n|upkeep\n|turn|16\n|inactive|Time left: 300 sec this turn | 300 sec total\n|\n|t:|1783565298\n|move|p2a: Spectrier|Substitute|p2a: Spectrier\n|-start|p2a: Spectrier|Substitute\n|-damage|p2a: Spectrier|155/274\n|move|p1a: Iron Valiant|Knock Off|p2a: Spectrier\n|-supereffective|p2a: Spectrier\n|-end|p2a: Spectrier|Substitute\n|-damage|p1a: Iron Valiant|71/100|[from] item: Life Orb\n|\n|-heal|p2a: Spectrier|172/274|[from] item: Leftovers\n|upkeep\n|turn|17\n|inactive|Time left: 300 sec this turn | 300 sec total\n|\n|t:|1783565299\n|move|p2a: Spectrier|Substitute|p2a: Spectrier\n|-start|p2a: Spectrier|Substitute\n|-damage|p2a: Spectrier|104/274\n|move|p1a: Iron Valiant|Moonblast|p2a: Spectrier\n|-end|p2a: Spectrier|Substitute\n|-damage|p1a: Iron Valiant|61/100|[from] item: Life Orb\n|\n|-heal|p2a: Spectrier|121/274|[from] item: Leftovers\n|upkeep\n|turn|18\n|inactive|Time left: 300 sec this turn | 300 sec total\n|\n|t:|1783565300\n|-end|p1a: Iron Valiant|Quark Drive|[silent]\n|switch|p1a: Primarina|Primarina, L83, F|26/100\n|move|p2a: Spectrier|Substitute|p2a: Spectrier\n|-start|p2a: Spectrier|Substitute\n|-damage|p2a: Spectrier|53/274\n|\n|-heal|p2a: Spectrier|70/274|[from] item: Leftovers\n|-heal|p1a: Primarina|32/100|[from] item: Leftovers\n|upkeep\n|turn|19\n|inactive|Time left: 300 sec this turn | 300 sec total\n|\n|t:|1783565301\n|-terastallize|p2a: Spectrier|Dark\n|move|p2a: Spectrier|Dark Pulse|p1a: Primarina\n|-resisted|p1a: Primarina\n|-damage|p1a: Primarina|17/100\n|cant|p1a: Primarina|flinch\n|\n|-heal|p2a: Spectrier|87/274|[from] item: Leftovers\n|-heal|p1a: Primarina|23/100|[from] item: Leftovers\n|upkeep\n|turn|20\n|inactive|Time left: 300 sec this turn | 300 sec total\n|\n|t:|1783565302\n|move|p2a: Spectrier|Shadow Ball|p1a: Primarina\n|-damage|p1a: Primarina|0 fnt\n|faint|p1a: Primarina\n|-ability|p2a: Spectrier|Grim Neigh|boost\n|-boost|p2a: Spectrier|spa|1\n|\n|-heal|p2a: Spectrier|104/274|[from] item: Leftovers\n|upkeep\n|\n|t:|1783565303\n|switch|p1a: Bastiodon|Bastiodon, L89, F|100/100\n|turn|21\n|inactive|Time left: 300 sec this turn | 300 sec total\n|\n|t:|1783565304\n|-terastallize|p1a: Bastiodon|Fighting\n|move|p2a: Spectrier|Dark Pulse|p1a: Bastiodon\n|-resisted|p1a: Bastiodon\n|-damage|p1a: Bastiodon|80/100\n|cant|p1a: Bastiodon|flinch\n|\n|-heal|p2a: Spectrier|121/274|[from] item: Leftovers\n|upkeep\n|turn|22\n|inactive|Time left: 300 sec this turn | 300 sec total\n|\n|t:|1783565305\n|move|p2a: Spectrier|Shadow Ball|p1a: Bastiodon\n|-damage|p1a: Bastiodon|45/100\n|-unboost|p1a: Bastiodon|spd|1\n|move|p1a: Bastiodon|Body Press|p2a: Spectrier\n|-supereffective|p2a: Spectrier\n|-end|p2a: Spectrier|Substitute\n|\n|-heal|p2a: Spectrier|138/274|[from] item: Leftovers\n|upkeep\n|turn|23\n|inactive|Time left: 300 sec this turn | 300 sec total\n|\n|t:|1783565306\n|move|p2a: Spectrier|Shadow Ball|p1a: Bastiodon\n|-damage|p1a: Bastiodon|0 fnt\n|faint|p1a: Bastiodon\n|-ability|p2a: Spectrier|Grim Neigh|boost\n|-boost|p2a: Spectrier|spa|1\n|\n|-heal|p2a: Spectrier|155/274|[from] item: Leftovers\n|upkeep\n|\n|t:|1783565307\n|switch|p1a: Iron Valiant|Iron Valiant, L78|61/100\n|turn|24\n|inactive|Time left: 300 sec this turn | 300 sec total\n|\n|t:|1783565308\n|move|p2a: Spectrier|Shadow Ball|p1a: Iron Valiant\n|-damage|p1a: Iron Valiant|0 fnt\n|faint|p1a: Iron Valiant\n|-end|p1a: Iron Valiant|Quark Drive|[silent]\n|\n|win|p0y2261a5e3", "uploadtime": 1783565308, "views": 0, "rating": 0, "private": 0, "password": null, "_winner": "p0y2261a5e3", "_our_name": "p0y2261a5e3"}