{"id": "battle-gen9randombattle-274", "formatid": "gen9randombattle", "format": "[Gen 9] Random Battle", "players": ["p0x27419fa", "p0y274ec22"], "log": "|init|battle\n|title|p0x27419fa vs. p0y274ec22\n|j|\u2606p0x27419fa\n|j|\u2606p0y274ec22\n|t:|1783542249\n|gametype|singles\n|player|p1|p0x27419fa|266|\n|player|p2|p0y274ec22|169|\n|gen|9\n|tier|[Gen 9] Random Battle\n|rule|Species Clause: Limit one of each Pok\u00e9mon\n|rule|HP Percentage Mod: HP is shown in percentages\n|rule|Sleep Clause Mod: Limit one foe put to sleep\n|rule|Illusion Level Mod: Illusion disguises the Pok\u00e9mon's true level\n|\n|t:|1783542249\n|teamsize|p1|6\n|teamsize|p2|6\n|start\n|switch|p1a: Piloswine|Piloswine, L85, F|309/309\n|switch|p2a: Mamoswine|Mamoswine, L81, F|100/100\n|turn|1\n|inactive|Battle timer is ON: inactive players will automatically lose when time's up. (requested by p0x27419fa)\n|inactive|p0y274ec22 also wants the timer to be on.\n|\n|t:|1783542251\n|move|p2a: Mamoswine|Earthquake|p1a: Piloswine\n|-damage|p1a: Piloswine|165/309\n|move|p1a: Piloswine|Earthquake|p2a: Mamoswine\n|-damage|p2a: Mamoswine|61/100\n|\n|upkeep\n|turn|2\n|inactive|Time left: 300 sec this turn | 300 sec total\n|\n|t:|1783542252\n|switch|p1a: Hawlucha|Hawlucha, L80, F|256/256\n|move|p2a: Mamoswine|Earthquake|p1a: Hawlucha\n|-immune|p1a: Hawlucha\n|\n|upkeep\n|turn|3\n|inactive|Time left: 300 sec this turn | 300 sec total\n|\n|t:|1783542253\n|switch|p2a: Mew|Mew, L82|100/100\n|move|p1a: Hawlucha|Swords Dance|p1a: Hawlucha\n|-boost|p1a: Hawlucha|atk|2\n|\n|upkeep\n|turn|4\n|inactive|Time left: 300 sec this turn | 300 sec total\n|\n|t:|1783542254\n|move|p1a: Hawlucha|Brave Bird|p2a: Mew\n|-damage|p2a: Mew|27/100\n|-damage|p1a: Hawlucha|183/256|[from] Recoil\n|move|p2a: Mew|Psychic|p1a: Hawlucha\n|-supereffective|p1a: Hawlucha\n|-damage|p1a: Hawlucha|0 fnt\n|faint|p1a: Hawlucha\n|-damage|p2a: Mew|17/100|[from] item: Life Orb\n|\n|upkeep\n|inactive|Time left: 300 sec this turn | 300 sec total | 5 sec grace\n|\n|t:|1783542255\n|switch|p1a: Meowscarada|Meowscarada, L78, M|247/247\n|turn|5\n|inactive|Time left: 300 sec this turn | 300 sec total\n|\n|t:|1783542256\n|move|p1a: Meowscarada|Flower Trick|p2a: Mew\n|-start|p1a: Meowscarada|typechange|Grass|[from] ability: Protean\n|-crit|p2a: Mew\n|-damage|p2a: Mew|0 fnt\n|faint|p2a: Mew\n|-damage|p1a: Meowscarada|223/247|[from] item: Life Orb\n|\n|upkeep\n|\n|t:|1783542257\n|switch|p2a: Ludicolo|Ludicolo, L90, M|100/100\n|turn|6\n|inactive|Time left: 300 sec this turn | 300 sec total\n|\n|t:|1783542258\n|move|p1a: Meowscarada|Knock Off|p2a: Ludicolo\n|-damage|p2a: Ludicolo|66/100\n|-enditem|p2a: Ludicolo|Life Orb|[from] move: Knock Off|[of] p1a: Meowscarada\n|-damage|p1a: Meowscarada|199/247|[from] item: Life Orb\n|move|p2a: Ludicolo|Ice Beam|p1a: Meowscarada\n|-supereffective|p1a: Meowscarada\n|-damage|p1a: Meowscarada|17/247\n|\n|upkeep\n|turn|7\n|inactive|Time left: 300 sec this turn | 300 sec total\n|\n|t:|1783542259\n|move|p1a: Meowscarada|Flower Trick|p2a: Ludicolo\n|-crit|p2a: Ludicolo\n|-damage|p2a: Ludicolo|14/100\n|-damage|p1a: Meowscarada|0 fnt|[from] item: Life Orb\n|faint|p1a: Meowscarada\n|move|p2a: Ludicolo|Hydro Pump|p1: Meowscarada|[notarget]\n|-fail|p2a: Ludicolo\n|\n|upkeep\n|inactive|Time left: 300 sec this turn | 300 sec total | 5 sec grace\n|\n|t:|1783542260\n|switch|p1a: Reshiram|Reshiram, L76|277/277\n|-ability|p1a: Reshiram|Turboblaze\n|turn|8\n|inactive|Time left: 300 sec this turn | 300 sec total\n|\n|t:|1783542261\n|move|p1a: Reshiram|Blue Flare|p2a: Ludicolo\n|-damage|p2a: Ludicolo|0 fnt\n|faint|p2a: Ludicolo\n|\n|upkeep\n|\n|t:|1783542262\n|switch|p2a: Hydreigon|Hydreigon, L79, F|100/100\n|turn|9\n|inactive|Time left: 300 sec this turn | 300 sec total\n|\n|t:|1783542263\n|move|p2a: Hydreigon|Draco Meteor|p1a: Reshiram\n|-supereffective|p1a: Reshiram\n|-damage|p1a: Reshiram|0 fnt\n|-unboost|p2a: Hydreigon|spa|2\n|faint|p1a: Reshiram\n|-damage|p2a: Hydreigon|91/100|[from] item: Life Orb\n|\n|upkeep\n|inactive|Time left: 300 sec this turn | 300 sec total | 5 sec grace\n|\n|t:|1783542264\n|switch|p1a: Hypno|Hypno, L95, F|315/315\n|turn|10\n|inactive|Time left: 300 sec this turn | 300 sec total\n|\n|t:|1783542265\n|switch|p2a: Garganacl|Garganacl, L80, F|100/100\n|move|p1a: Hypno|Knock Off|p2a: Garganacl\n|-crit|p2a: Garganacl\n|-damage|p2a: Garganacl|73/100\n|-enditem|p2a: Garganacl|Leftovers|[from] move: Knock Off|[of] p1a: Hypno\n|\n|upkeep\n|turn|11\n|inactive|Time left: 300 sec this turn | 300 sec total\n|\n|t:|1783542266\n|move|p1a: Hypno|Psychic Noise|p2a: Garganacl\n|-damage|p2a: Garganacl|42/100\n|-start|p2a: Garganacl|move: Heal Block\n|move|p2a: Garganacl|Salt Cure|p1a: Hypno\n|-damage|p1a: Hypno|270/315\n|-start|p1a: Hypno|Salt Cure\n|\n|-heal|p1a: Hypno|289/315|[from] item: Leftovers\n|-damage|p1a: Hypno|250/315|[from] Salt Cure\n|upkeep\n|turn|12\n|inactive|Time left: 300 sec this turn | 300 sec total\n|\n|t:|1783542267\n|move|p1a: Hypno|Psychic Noise|p2a: Garganacl\n|-damage|p2a: Garganacl|11/100\n|move|p2a: Garganacl|Earthquake|p1a: Hypno\n|-damage|p1a: Hypno|175/315\n|\n|-heal|p1a: Hypno|194/315|[from] item: Leftovers\n|-damage|p1a: Hypno|155/315|[from] Salt Cure\n|-end|p2a: Garganacl|move: Heal Block\n|upkeep\n|turn|13\n|inactive|Time left: 300 sec this turn | 300 sec total\n|\n|t:|1783542268\n|move|p1a: Hypno|Psychic Noise|p2a: Garganacl\n|-damage|p2a: Garganacl|0 fnt\n|faint|p2a: Garganacl\n|\n|-heal|p1a: Hypno|174/315|[from] item: Leftovers\n|-damage|p1a: Hypno|135/315|[from] Salt Cure\n|upkeep\n|\n|t:|1783542269\n|switch|p2a: Dodrio|Dodrio, L85, M|100/100\n|turn|14\n|inactive|Time left: 300 sec this turn | 300 sec total\n|\n|t:|1783542270\n|switch|p1a: Zebstrika|Zebstrika, L87, M|272/272\n|move|p2a: Dodrio|Swords Dance|p2a: Dodrio\n|-boost|p2a: Dodrio|atk|2\n|\n|upkeep\n|turn|15\n|inactive|Time left: 300 sec this turn | 300 sec total\n|\n|t:|1783542271\n|-terastallize|p2a: Dodrio|Ground\n|move|p1a: Zebstrika|Volt Switch|p2a: Dodrio\n|-immune|p2a: Dodrio\n|move|p2a: Dodrio|Drill Run|p1a: Zebstrika\n|-supereffective|p1a: Zebstrika\n|-crit|p1a: Zebstrika\n|-damage|p1a: Zebstrika|0 fnt\n|faint|p1a: Zebstrika\n|\n|upkeep\n|inactive|Time left: 300 sec this turn | 300 sec total | 5 sec grace\n|\n|t:|1783542272\n|switch|p1a: Hypno|Hypno, L95, F|135/315\n|turn|16\n|inactive|Time left: 300 sec this turn | 300 sec total\n|\n|t:|1783542273\n|-terastallize|p1a: Hypno|Steel\n|move|p2a: Dodrio|Brave Bird|p1a: Hypno\n|-resisted|p1a: Hypno\n|-damage|p1a: Hypno|0 fnt\n|faint|p1a: Hypno\n|-damage|p2a: Dodrio|82/100|[from] Recoil\n|\n|upkeep\n|inactive|Time left: 300 sec this turn | 300 sec total | 5 sec grace\n|\n|t:|1783542273\n|switch|p1a: Piloswine|Piloswine, L85, F|165/309\n|turn|17\n|inactive|Time left: 300 sec this turn | 300 sec total\n|\n|t:|1783542274\n|move|p1a: Piloswine|Ice Shard|p2a: Dodrio\n|-supereffective|p2a: Dodrio\n|-damage|p2a: Dodrio|41/100\n|move|p2a: Dodrio|Brave Bird|p1a: Piloswine\n|-damage|p1a: Piloswine|0 fnt\n|faint|p1a: Piloswine\n|-damage|p2a: Dodrio|19/100|[from] Recoil\n|\n|win|p0y274ec22", "uploadtime": 1783542274, "views": 0, "rating": 0, "private": 0, "password": null, "_winner": "p0y274ec22", "_our_name": "p0x27419fa"}