{"id": "battle-gen9randombattle-1716", "formatid": "gen9randombattle", "format": "[Gen 9] Random Battle", "players": ["p0x1716804c", "p0y1716fd8a"], "log": "|init|battle\n|title|p0x1716804c vs. p0y1716fd8a\n|j|\u2606p0x1716804c\n|j|\u2606p0y1716fd8a\n|t:|1783559067\n|gametype|singles\n|player|p1|p0x1716804c|1|\n|player|p2|p0y1716fd8a|169|\n|gen|9\n|tier|[Gen 9] Random Battle\n|rule|Species Clause: Limit one of each Pok\u00e9mon\n|rule|HP Percentage Mod: HP is shown in percentages\n|rule|Sleep Clause Mod: Limit one foe put to sleep\n|rule|Illusion Level Mod: Illusion disguises the Pok\u00e9mon's true level\n|\n|t:|1783559067\n|teamsize|p1|6\n|teamsize|p2|6\n|start\n|switch|p1a: Skeledirge|Skeledirge, L79, M|294/294\n|switch|p2a: Cobalion|Cobalion, L80|100/100\n|turn|1\n|inactive|Battle timer is ON: inactive players will automatically lose when time's up. (requested by p0y1716fd8a)\n|inactive|Time left: 300 sec this turn | 300 sec total | 60 sec grace\n|\n|t:|1783559069\n|move|p2a: Cobalion|Volt Switch|p1a: Skeledirge\n|-damage|p1a: Skeledirge|244/294\n|inactive|p0x1716804c also wants the timer to be on.\n|\n|t:|1783559070\n|switch|p2a: Farigiraf|Farigiraf, L90, F|100/100|[from] Volt Switch\n|move|p1a: Skeledirge|Torch Song|p2a: Farigiraf\n|-damage|p2a: Farigiraf|76/100\n|-boost|p1a: Skeledirge|spa|1\n|\n|-heal|p2a: Farigiraf|82/100|[from] item: Leftovers\n|upkeep\n|turn|2\n|inactive|Time left: 300 sec this turn | 300 sec total\n|\n|t:|1783559072\n|move|p2a: Farigiraf|Psychic Noise|p1a: Skeledirge\n|-damage|p1a: Skeledirge|132/294\n|-start|p1a: Skeledirge|move: Heal Block\n|move|p1a: Skeledirge|Torch Song|p2a: Farigiraf\n|-damage|p2a: Farigiraf|47/100\n|-boost|p1a: Skeledirge|spa|1\n|\n|-heal|p2a: Farigiraf|53/100|[from] item: Leftovers\n|upkeep\n|turn|3\n|inactive|Time left: 300 sec this turn | 300 sec total\n|\n|t:|1783559073\n|move|p2a: Farigiraf|Psychic Noise|p1a: Skeledirge\n|-damage|p1a: Skeledirge|2/294\n|move|p1a: Skeledirge|Torch Song|p2a: Farigiraf\n|-damage|p2a: Farigiraf|0 fnt\n|-boost|p1a: Skeledirge|spa|1\n|faint|p2a: Farigiraf\n|\n|-end|p1a: Skeledirge|move: Heal Block\n|upkeep\n|\n|t:|1783559074\n|switch|p2a: Okidogi|Okidogi, L77, M|100/100\n|turn|4\n|inactive|Time left: 300 sec this turn | 300 sec total\n|\n|t:|1783559075\n|move|p2a: Okidogi|Knock Off|p1a: Skeledirge\n|-supereffective|p1a: Skeledirge\n|-damage|p1a: Skeledirge|0 fnt\n|-enditem|p1a: Skeledirge|Heavy-Duty Boots|[from] move: Knock Off|[of] p2a: Okidogi\n|faint|p1a: Skeledirge\n|\n|upkeep\n|inactive|Time left: 300 sec this turn | 300 sec total | 5 sec grace\n|\n|t:|1783559076\n|switch|p1a: Smeargle|Smeargle, L95, M|258/258\n|turn|5\n|inactive|Time left: 300 sec this turn | 300 sec total\n|\n|t:|1783559077\n|move|p1a: Smeargle|Spore|p2a: Okidogi\n|-status|p2a: Okidogi|slp|[from] move: Spore\n|cant|p2a: Okidogi|slp\n|\n|upkeep\n|turn|6\n|inactive|Time left: 300 sec this turn | 300 sec total\n|\n|t:|1783559078\n|move|p1a: Smeargle|Sticky Web|p2a: Okidogi\n|-sidestart|p2: p0y1716fd8a|move: Sticky Web\n|cant|p2a: Okidogi|slp\n|\n|upkeep\n|turn|7\n|inactive|Time left: 300 sec this turn | 300 sec total\n|\n|t:|1783559079\n|switch|p1a: Orthworm|Orthworm, L88, F|266/266\n|-curestatus|p2a: Okidogi|slp|[msg]\n|move|p2a: Okidogi|Gunk Shot|p1a: Orthworm\n|-immune|p1a: Orthworm\n|\n|upkeep\n|turn|8\n|inactive|Time left: 300 sec this turn | 300 sec total\n|\n|t:|1783559080\n|move|p2a: Okidogi|Bulk Up|p2a: Okidogi\n|-boost|p2a: Okidogi|atk|1\n|-boost|p2a: Okidogi|def|1\n|move|p1a: Orthworm|Coil|p1a: Orthworm\n|-boost|p1a: Orthworm|atk|1\n|-boost|p1a: Orthworm|def|1\n|-boost|p1a: Orthworm|accuracy|1\n|\n|upkeep\n|turn|9\n|inactive|Time left: 300 sec this turn | 300 sec total\n|\n|t:|1783559082\n|move|p2a: Okidogi|Bulk Up|p2a: Okidogi\n|-boost|p2a: Okidogi|atk|1\n|-boost|p2a: Okidogi|def|1\n|move|p1a: Orthworm|Coil|p1a: Orthworm\n|-boost|p1a: Orthworm|atk|1\n|-boost|p1a: Orthworm|def|1\n|-boost|p1a: Orthworm|accuracy|1\n|\n|upkeep\n|turn|10\n|inactive|Time left: 300 sec this turn | 300 sec total\n|\n|t:|1783559083\n|move|p2a: Okidogi|Drain Punch|p1a: Orthworm\n|-supereffective|p1a: Orthworm\n|-damage|p1a: Orthworm|158/266\n|move|p1a: Orthworm|Coil|p1a: Orthworm\n|-boost|p1a: Orthworm|atk|1\n|-boost|p1a: Orthworm|def|1\n|-boost|p1a: Orthworm|accuracy|1\n|\n|upkeep\n|turn|11\n|inactive|Time left: 300 sec this turn | 300 sec total\n|\n|t:|1783559084\n|move|p2a: Okidogi|Drain Punch|p1a: Orthworm\n|-supereffective|p1a: Orthworm\n|-damage|p1a: Orthworm|68/266\n|move|p1a: Orthworm|Rest|p1a: Orthworm\n|-status|p1a: Orthworm|slp|[from] move: Rest\n|-heal|p1a: Orthworm|266/266 slp|[silent]\n|-enditem|p1a: Orthworm|Chesto Berry|[eat]\n|-curestatus|p1a: Orthworm|slp|[msg]\n|\n|upkeep\n|turn|12\n|inactive|Time left: 300 sec this turn | 300 sec total\n|\n|t:|1783559085\n|move|p2a: Okidogi|Bulk Up|p2a: Okidogi\n|-boost|p2a: Okidogi|atk|1\n|-boost|p2a: Okidogi|def|1\n|move|p1a: Orthworm|Coil|p1a: Orthworm\n|-boost|p1a: Orthworm|atk|1\n|-boost|p1a: Orthworm|def|1\n|-boost|p1a: Orthworm|accuracy|1\n|\n|upkeep\n|turn|13\n|inactive|Time left: 300 sec this turn | 300 sec total\n|\n|t:|1783559086\n|move|p2a: Okidogi|Bulk Up|p2a: Okidogi\n|-boost|p2a: Okidogi|atk|1\n|-boost|p2a: Okidogi|def|1\n|move|p1a: Orthworm|Iron Tail|p2a: Okidogi\n|-damage|p2a: Okidogi|65/100\n|\n|-heal|p2a: Okidogi|71/100|[from] item: Leftovers\n|upkeep\n|turn|14\n|inactive|Time left: 300 sec this turn | 300 sec total\n|\n|t:|1783559086\n|move|p2a: Okidogi|Drain Punch|p1a: Orthworm\n|-supereffective|p1a: Orthworm\n|-damage|p1a: Orthworm|150/266\n|-heal|p2a: Okidogi|93/100|[from] drain|[of] p1a: Orthworm\n|move|p1a: Orthworm|Iron Tail|p2a: Okidogi\n|-damage|p2a: Okidogi|59/100\n|\n|-heal|p2a: Okidogi|65/100|[from] item: Leftovers\n|upkeep\n|turn|15\n|inactive|Time left: 300 sec this turn | 300 sec total\n|\n|t:|1783559088\n|move|p2a: Okidogi|Drain Punch|p1a: Orthworm\n|-supereffective|p1a: Orthworm\n|-damage|p1a: Orthworm|36/266\n|-heal|p2a: Okidogi|86/100|[from] drain|[of] p1a: Orthworm\n|move|p1a: Orthworm|Iron Tail|p2a: Okidogi\n|-damage|p2a: Okidogi|49/100\n|\n|-heal|p2a: Okidogi|55/100|[from] item: Leftovers\n|upkeep\n|turn|16\n|inactive|Time left: 300 sec this turn | 300 sec total\n|\n|t:|1783559089\n|move|p2a: Okidogi|Drain Punch|p1a: Orthworm\n|-supereffective|p1a: Orthworm\n|-damage|p1a: Orthworm|0 fnt\n|-heal|p2a: Okidogi|62/100|[from] drain|[of] p1a: Orthworm\n|faint|p1a: Orthworm\n|\n|-heal|p2a: Okidogi|68/100|[from] item: Leftovers\n|upkeep\n|inactive|Time left: 300 sec this turn | 300 sec total | 5 sec grace\n|\n|t:|1783559090\n|switch|p1a: Palkia|Palkia, L75|259/259\n|-ability|p1a: Palkia|Pressure\n|turn|17\n|inactive|Time left: 300 sec this turn | 300 sec total\n|\n|t:|1783559091\n|-terastallize|p1a: Palkia|Dragon\n|move|p1a: Palkia|Draco Meteor|p2a: Okidogi\n|-damage|p2a: Okidogi|0 fnt\n|-unboost|p1a: Palkia|spa|2\n|faint|p2a: Okidogi\n|\n|upkeep\n|\n|t:|1783559092\n|switch|p2a: Polteageist|Polteageist, L78|100/100\n|-activate|p2a: Polteageist|move: Sticky Web\n|-unboost|p2a: Polteageist|spe|1\n|-enditem|p2a: Polteageist|White Herb\n|-clearnegativeboost|p2a: Polteageist|[silent]\n|turn|18\n|inactive|Time left: 300 sec this turn | 300 sec total\n|\n|t:|1783559093\n|switch|p1a: Umbreon|Umbreon, L84, F|297/297\n|move|p2a: Polteageist|Shell Smash|p2a: Polteageist\n|-unboost|p2a: Polteageist|def|1\n|-unboost|p2a: Polteageist|spd|1\n|-boost|p2a: Polteageist|atk|2\n|-boost|p2a: Polteageist|spa|2\n|-boost|p2a: Polteageist|spe|2\n|\n|upkeep\n|turn|19\n|inactive|Time left: 300 sec this turn | 300 sec total\n|\n|t:|1783559094\n|-terastallize|p2a: Polteageist|Fighting\n|move|p2a: Polteageist|Tera Blast|p1a: Umbreon|[anim] Tera Blast Fighting\n|-supereffective|p1a: Umbreon\n|-damage|p1a: Umbreon|9/297\n|move|p1a: Umbreon|Foul Play|p2a: Polteageist\n|-resisted|p2a: Polteageist\n|-damage|p2a: Polteageist|52/100\n|\n|-heal|p1a: Umbreon|27/297|[from] item: Leftovers\n|upkeep\n|turn|20\n|inactive|Time left: 300 sec this turn | 300 sec total\n|\n|t:|1783559095\n|move|p2a: Polteageist|Tera Blast|p1a: Umbreon|[anim] Tera Blast Fighting\n|-supereffective|p1a: Umbreon\n|-damage|p1a: Umbreon|0 fnt\n|faint|p1a: Umbreon\n|\n|upkeep\n|inactive|Time left: 300 sec this turn | 300 sec total | 5 sec grace\n|\n|t:|1783559096\n|switch|p1a: Palkia|Palkia, L75, tera:Dragon|259/259\n|-ability|p1a: Palkia|Pressure\n|turn|21\n|inactive|Time left: 300 sec this turn | 300 sec total\n|\n|t:|1783559097\n|move|p2a: Polteageist|Stored Power|p1a: Palkia\n|-crit|p1a: Palkia\n|-damage|p1a: Palkia|0 fnt\n|faint|p1a: Palkia\n|\n|upkeep\n|inactive|Time left: 300 sec this turn | 300 sec total | 5 sec grace\n|\n|t:|1783559098\n|switch|p1a: Smeargle|Smeargle, L95, M|258/258\n|turn|22\n|inactive|Time left: 300 sec this turn | 300 sec total\n|\n|t:|1783559099\n|move|p2a: Polteageist|Stored Power|p1a: Smeargle\n|-enditem|p1a: Smeargle|Focus Sash\n|-damage|p1a: Smeargle|1/258\n|move|p1a: Smeargle|Spore|p2a: Polteageist\n|-status|p2a: Polteageist|slp|[from] move: Spore\n|\n|upkeep\n|turn|23\n|inactive|Time left: 300 sec this turn | 300 sec total\n|\n|t:|1783559100\n|switch|p1a: Fezandipiti|Fezandipiti, L82, M|278/278\n|cant|p2a: Polteageist|slp\n|\n|upkeep\n|turn|24\n|inactive|Time left: 300 sec this turn | 300 sec total\n|\n|t:|1783559101\n|cant|p2a: Polteageist|slp\n|move|p1a: Fezandipiti|Play Rough|p2a: Polteageist\n|-supereffective|p2a: Polteageist\n|-damage|p2a: Polteageist|0 fnt\n|faint|p2a: Polteageist\n|\n|upkeep\n|\n|t:|1783559102\n|switch|p2a: Cobalion|Cobalion, L80|100/100\n|-activate|p2a: Cobalion|move: Sticky Web\n|-unboost|p2a: Cobalion|spe|1\n|turn|25\n|inactive|Time left: 300 sec this turn | 300 sec total\n|\n|t:|1783559103\n|move|p1a: Fezandipiti|Play Rough|p2a: Cobalion\n|-damage|p2a: Cobalion|75/100\n|move|p2a: Cobalion|Iron Head|p1a: Fezandipiti\n|-supereffective|p1a: Fezandipiti\n|-damage|p1a: Fezandipiti|114/278\n|\n|-heal|p1a: Fezandipiti|131/278|[from] item: Leftovers\n|-heal|p2a: Cobalion|81/100|[from] item: Leftovers\n|upkeep\n|turn|26\n|inactive|Time left: 300 sec this turn | 300 sec total\n|\n|t:|1783559104\n|move|p1a: Fezandipiti|Play Rough|p2a: Cobalion\n|-damage|p2a: Cobalion|55/100\n|move|p2a: Cobalion|Iron Head|p1a: Fezandipiti\n|-supereffective|p1a: Fezandipiti\n|-damage|p1a: Fezandipiti|0 fnt\n|faint|p1a: Fezandipiti\n|\n|-heal|p2a: Cobalion|62/100|[from] item: Leftovers\n|upkeep\n|inactive|Time left: 300 sec this turn | 300 sec total | 5 sec grace\n|\n|t:|1783559105\n|switch|p1a: Smeargle|Smeargle, L95, M|1/258\n|turn|27\n|inactive|Time left: 300 sec this turn | 300 sec total\n|\n|t:|1783559105\n|switch|p2a: Miraidon|Miraidon, L65|100/100\n|-activate|p2a: Miraidon|move: Sticky Web\n|-unboost|p2a: Miraidon|spe|1\n|-fieldstart|move: Electric Terrain|[from] ability: Hadron Engine|[of] p2a: Miraidon\n|move|p1a: Smeargle|Spore|p2a: Miraidon\n|-activate|p2a: Miraidon|move: Electric Terrain\n|\n|upkeep\n|turn|28\n|inactive|Time left: 300 sec this turn | 300 sec total\n|\n|t:|1783559106\n|move|p1a: Smeargle|Spore|p2a: Miraidon\n|-activate|p2a: Miraidon|move: Electric Terrain\n|move|p2a: Miraidon|Dragon Pulse|p1a: Smeargle\n|-damage|p1a: Smeargle|0 fnt\n|faint|p1a: Smeargle\n|-damage|p2a: Miraidon|91/100|[from] item: Life Orb\n|\n|win|p0y1716fd8a", "uploadtime": 1783559106, "views": 0, "rating": 0, "private": 0, "password": null, "_winner": "p0y1716fd8a", "_our_name": "p0x1716804c"}