{"id": "battle-gen9randombattle-2549", "formatid": "gen9randombattle", "format": "[Gen 9] Random Battle", "players": ["p0x2549aa0c", "p0y2549ce26"], "log": "|init|battle\n|title|p0x2549aa0c vs. p0y2549ce26\n|j|\u2606p0x2549aa0c\n|j|\u2606p0y2549ce26\n|t:|1783569483\n|gametype|singles\n|player|p1|p0x2549aa0c|265|\n|player|p2|p0y2549ce26|169|\n|gen|9\n|tier|[Gen 9] Random Battle\n|rule|Species Clause: Limit one of each Pok\u00e9mon\n|rule|HP Percentage Mod: HP is shown in percentages\n|rule|Sleep Clause Mod: Limit one foe put to sleep\n|rule|Illusion Level Mod: Illusion disguises the Pok\u00e9mon's true level\n|\n|t:|1783569483\n|teamsize|p1|6\n|teamsize|p2|6\n|start\n|switch|p1a: Bellibolt|Bellibolt, L84, M|100/100\n|switch|p2a: Victreebel|Victreebel, L90, F|290/290\n|turn|1\n|inactive|Battle timer is ON: inactive players will automatically lose when time's up. (requested by p0y2549ce26)\n|inactive|p0x2549aa0c also wants the timer to be on.\n|\n|t:|1783569485\n|move|p2a: Victreebel|Power Whip|p1a: Bellibolt\n|-damage|p1a: Bellibolt|34/100\n|-start|p1a: Bellibolt|Charge|Power Whip|[from] ability: Electromorphosis\n|-damage|p2a: Victreebel|261/290|[from] item: Life Orb\n|move|p1a: Bellibolt|Volt Switch|p2a: Victreebel\n|-resisted|p2a: Victreebel\n|-damage|p2a: Victreebel|171/290\n|-end|p1a: Bellibolt|Charge|[silent]\n|\n|t:|1783569486\n|switch|p1a: Indeedee|Indeedee-F, L90, F|100/100|[from] Volt Switch\n|-fieldstart|move: Psychic Terrain|[from] ability: Psychic Surge|[of] p1a: Indeedee\n|\n|upkeep\n|turn|2\n|inactive|Time left: 300 sec this turn | 300 sec total\n|\n|t:|1783569487\n|switch|p2a: Spiritomb|Spiritomb, L89, M|234/234\n|move|p1a: Indeedee|Psychic|p2a: Spiritomb\n|-immune|p2a: Spiritomb\n|\n|upkeep\n|turn|3\n|inactive|Time left: 300 sec this turn | 300 sec total\n|\n|t:|1783569488\n|move|p1a: Indeedee|Calm Mind|p1a: Indeedee\n|-boost|p1a: Indeedee|spa|1\n|-boost|p1a: Indeedee|spd|1\n|move|p2a: Spiritomb|Foul Play|p1a: Indeedee\n|-supereffective|p1a: Indeedee\n|-damage|p1a: Indeedee|54/100\n|\n|upkeep\n|turn|4\n|inactive|Time left: 300 sec this turn | 300 sec total\n|\n|t:|1783569489\n|move|p1a: Indeedee|Psychic|p2a: Spiritomb\n|-immune|p2a: Spiritomb\n|move|p2a: Spiritomb|Foul Play|p1a: Indeedee\n|-supereffective|p1a: Indeedee\n|-damage|p1a: Indeedee|5/100\n|\n|upkeep\n|turn|5\n|inactive|Time left: 300 sec this turn | 300 sec total\n|\n|t:|1783569490\n|move|p1a: Indeedee|Shadow Ball|p2a: Spiritomb\n|-damage|p2a: Spiritomb|138/234\n|-damage|p1a: Indeedee|0 fnt|[from] item: Life Orb\n|faint|p1a: Indeedee\n|move|p2a: Spiritomb|Foul Play|p1: Indeedee|[notarget]\n|-fail|p2a: Spiritomb\n|\n|-heal|p2a: Spiritomb|152/234|[from] item: Leftovers\n|-fieldend|move: Psychic Terrain\n|upkeep\n|\n|t:|1783569491\n|switch|p1a: Iron Bundle|Iron Bundle, L78|100/100\n|turn|6\n|inactive|Time left: 300 sec this turn | 300 sec total\n|\n|t:|1783569491\n|move|p1a: Iron Bundle|Hydro Pump|p2a: Spiritomb\n|-damage|p2a: Spiritomb|1/234\n|move|p2a: Spiritomb|Pain Split|p1a: Iron Bundle\n|-sethp|p1a: Iron Bundle|51/100|[from] move: Pain Split|[silent]\n|-sethp|p2a: Spiritomb|108/234|[from] move: Pain Split\n|\n|-heal|p2a: Spiritomb|122/234|[from] item: Leftovers\n|upkeep\n|turn|7\n|inactive|Time left: 300 sec this turn | 300 sec total\n|\n|t:|1783569492\n|switch|p2a: Lunala|Lunala, L70|308/308\n|move|p1a: Iron Bundle|Hydro Pump|p2a: Lunala\n|-damage|p2a: Lunala|206/308\n|\n|-heal|p2a: Lunala|225/308|[from] item: Leftovers\n|upkeep\n|turn|8\n|inactive|Time left: 300 sec this turn | 300 sec total\n|\n|t:|1783569493\n|-terastallize|p1a: Iron Bundle|Water\n|move|p1a: Iron Bundle|Hydro Pump|p2a: Lunala\n|-damage|p2a: Lunala|0 fnt\n|faint|p2a: Lunala\n|\n|upkeep\n|inactive|Time left: 300 sec this turn | 300 sec total | 5 sec grace\n|\n|t:|1783569494\n|switch|p2a: Victreebel|Victreebel, L90, F|171/290\n|turn|9\n|inactive|Time left: 300 sec this turn | 300 sec total\n|\n|t:|1783569495\n|move|p1a: Iron Bundle|Hydro Pump|p2a: Victreebel\n|-resisted|p2a: Victreebel\n|-damage|p2a: Victreebel|34/290\n|move|p2a: Victreebel|Power Whip|p1a: Iron Bundle|[miss]\n|-miss|p2a: Victreebel|p1a: Iron Bundle\n|\n|upkeep\n|turn|10\n|inactive|Time left: 300 sec this turn | 300 sec total\n|\n|t:|1783569496\n|move|p1a: Iron Bundle|Hydro Pump|p2a: Victreebel|[miss]\n|-miss|p1a: Iron Bundle|p2a: Victreebel\n|move|p2a: Victreebel|Sludge Wave|p1a: Iron Bundle\n|-damage|p1a: Iron Bundle|0 fnt\n|faint|p1a: Iron Bundle\n|-end|p1a: Iron Bundle|Quark Drive|[silent]\n|-damage|p2a: Victreebel|5/290|[from] item: Life Orb\n|\n|upkeep\n|\n|t:|1783569497\n|switch|p1a: Scyther|Scyther, L82, M|100/100\n|turn|11\n|inactive|Time left: 300 sec this turn | 300 sec total\n|\n|t:|1783569497\n|move|p1a: Scyther|Dual Wingbeat|p2a: Victreebel\n|-supereffective|p2a: Victreebel\n|-damage|p2a: Victreebel|0 fnt\n|faint|p2a: Victreebel\n|-hitcount|p2: Victreebel|1\n|\n|upkeep\n|inactive|Time left: 300 sec this turn | 300 sec total | 5 sec grace\n|\n|t:|1783569498\n|switch|p2a: Spiritomb|Spiritomb, L89, M|122/234\n|turn|12\n|inactive|Time left: 300 sec this turn | 300 sec total\n|\n|t:|1783569499\n|switch|p1a: Bellibolt|Bellibolt, L84, M|34/100\n|move|p2a: Spiritomb|Pain Split|p1a: Bellibolt\n|-sethp|p1a: Bellibolt|36/100|[from] move: Pain Split|[silent]\n|-sethp|p2a: Spiritomb|114/234|[from] move: Pain Split\n|\n|-heal|p1a: Bellibolt|42/100|[from] item: Leftovers\n|-heal|p2a: Spiritomb|128/234|[from] item: Leftovers\n|upkeep\n|turn|13\n|inactive|Time left: 300 sec this turn | 300 sec total\n|\n|t:|1783569500\n|move|p1a: Bellibolt|Slack Off|p1a: Bellibolt\n|-heal|p1a: Bellibolt|92/100\n|move|p2a: Spiritomb|Pain Split|p1a: Bellibolt\n|-sethp|p1a: Bellibolt|66/100|[from] move: Pain Split|[silent]\n|-sethp|p2a: Spiritomb|211/234|[from] move: Pain Split\n|\n|-heal|p1a: Bellibolt|73/100|[from] item: Leftovers\n|-heal|p2a: Spiritomb|225/234|[from] item: Leftovers\n|upkeep\n|turn|14\n|inactive|Time left: 300 sec this turn | 300 sec total\n|\n|t:|1783569501\n|move|p1a: Bellibolt|Thunderbolt|p2a: Spiritomb\n|-damage|p2a: Spiritomb|144/234\n|move|p2a: Spiritomb|Poltergeist|p1a: Bellibolt\n|-activate|p1a: Bellibolt|move: Poltergeist|Leftovers\n|-damage|p1a: Bellibolt|32/100\n|-start|p1a: Bellibolt|Charge|Poltergeist|[from] ability: Electromorphosis\n|\n|-heal|p1a: Bellibolt|38/100|[from] item: Leftovers\n|-heal|p2a: Spiritomb|158/234|[from] item: Leftovers\n|upkeep\n|turn|15\n|inactive|Time left: 300 sec this turn | 300 sec total\n|\n|t:|1783569502\n|move|p1a: Bellibolt|Thunderbolt|p2a: Spiritomb\n|-damage|p2a: Spiritomb|10/234\n|-end|p1a: Bellibolt|Charge|[silent]\n|move|p2a: Spiritomb|Poltergeist|p1a: Bellibolt\n|-activate|p1a: Bellibolt|move: Poltergeist|Leftovers\n|-damage|p1a: Bellibolt|0 fnt\n|faint|p1a: Bellibolt\n|\n|-heal|p2a: Spiritomb|24/234|[from] item: Leftovers\n|upkeep\n|\n|t:|1783569503\n|switch|p1a: Scyther|Scyther, L82, M|100/100\n|turn|16\n|inactive|Time left: 300 sec this turn | 300 sec total\n|\n|t:|1783569504\n|move|p1a: Scyther|Bug Bite|p2a: Spiritomb\n|-damage|p2a: Spiritomb|0 fnt\n|faint|p2a: Spiritomb\n|\n|upkeep\n|inactive|Time left: 300 sec this turn | 300 sec total | 5 sec grace\n|\n|t:|1783569505\n|switch|p2a: Talonflame|Talonflame, L83, M|265/265\n|turn|17\n|inactive|Time left: 300 sec this turn | 300 sec total\n|\n|t:|1783569505\n|switch|p1a: Gyarados|Gyarados, L79, M|100/100\n|-ability|p1a: Gyarados|Intimidate|boost\n|-unboost|p2a: Talonflame|atk|1\n|move|p2a: Talonflame|Flare Blitz|p1a: Gyarados\n|-resisted|p1a: Gyarados\n|-damage|p1a: Gyarados|85/100\n|-status|p1a: Gyarados|brn\n|-damage|p2a: Talonflame|251/265|[from] Recoil\n|\n|-damage|p1a: Gyarados|79/100 brn|[from] brn\n|upkeep\n|turn|18\n|inactive|Time left: 300 sec this turn | 300 sec total\n|\n|t:|1783569506\n|switch|p2a: Kingambit|Kingambit, L74, M|270/270\n|-activate|p2a: Kingambit|ability: Supreme Overlord\n|-start|p2a: Kingambit|fallen3|[silent]\n|move|p1a: Gyarados|Dragon Dance|p1a: Gyarados\n|-boost|p1a: Gyarados|atk|1\n|-boost|p1a: Gyarados|spe|1\n|\n|-damage|p1a: Gyarados|73/100 brn|[from] brn\n|upkeep\n|turn|19\n|inactive|Time left: 300 sec this turn | 300 sec total\n|\n|t:|1783569507\n|switch|p1a: Hitmontop|Hitmontop, L88, M|100/100\n|-ability|p1a: Hitmontop|Intimidate|boost\n|-unboost|p2a: Kingambit|atk|1\n|move|p2a: Kingambit|Swords Dance|p2a: Kingambit\n|-boost|p2a: Kingambit|atk|2\n|\n|upkeep\n|turn|20\n|inactive|Time left: 300 sec this turn | 300 sec total\n|\n|t:|1783569508\n|-end|p2a: Kingambit|fallen3|[silent]\n|switch|p2a: Talonflame|Talonflame, L83, M|251/265\n|move|p1a: Hitmontop|Close Combat|p2a: Talonflame\n|-resisted|p2a: Talonflame\n|-damage|p2a: Talonflame|176/265\n|-unboost|p1a: Hitmontop|def|1\n|-unboost|p1a: Hitmontop|spd|1\n|\n|upkeep\n|turn|21\n|inactive|Time left: 300 sec this turn | 300 sec total\n|\n|t:|1783569509\n|switch|p1a: Gyarados|Gyarados, L79, M|73/100 brn\n|-ability|p1a: Gyarados|Intimidate|boost\n|-unboost|p2a: Talonflame|atk|1\n|move|p2a: Talonflame|Swords Dance|p2a: Talonflame\n|-boost|p2a: Talonflame|atk|2\n|\n|-damage|p1a: Gyarados|67/100 brn|[from] brn\n|upkeep\n|turn|22\n|inactive|Time left: 300 sec this turn | 300 sec total\n|\n|t:|1783569510\n|move|p2a: Talonflame|Brave Bird|p1a: Gyarados\n|-damage|p1a: Gyarados|0 fnt\n|faint|p1a: Gyarados\n|-damage|p2a: Talonflame|114/265|[from] Recoil\n|\n|upkeep\n|\n|t:|1783569511\n|switch|p1a: Hitmontop|Hitmontop, L88, M|100/100\n|-ability|p1a: Hitmontop|Intimidate|boost\n|-unboost|p2a: Talonflame|atk|1\n|turn|23\n|inactive|Time left: 300 sec this turn | 300 sec total\n|\n|t:|1783569512\n|move|p2a: Talonflame|Brave Bird|p1a: Hitmontop\n|-supereffective|p1a: Hitmontop\n|-damage|p1a: Hitmontop|11/100\n|-damage|p2a: Talonflame|46/265|[from] Recoil\n|move|p1a: Hitmontop|Rapid Spin|p2a: Talonflame\n|-damage|p2a: Talonflame|4/265\n|-boost|p1a: Hitmontop|spe|1\n|\n|upkeep\n|turn|24\n|inactive|Time left: 300 sec this turn | 300 sec total\n|\n|t:|1783569513\n|move|p1a: Hitmontop|Close Combat|p2a: Talonflame\n|-resisted|p2a: Talonflame\n|-damage|p2a: Talonflame|0 fnt\n|-unboost|p1a: Hitmontop|def|1\n|-unboost|p1a: Hitmontop|spd|1\n|faint|p2a: Talonflame\n|\n|upkeep\n|inactive|Time left: 300 sec this turn | 300 sec total | 5 sec grace\n|\n|t:|1783569514\n|switch|p2a: Kingambit|Kingambit, L74, M|270/270\n|-activate|p2a: Kingambit|ability: Supreme Overlord\n|-start|p2a: Kingambit|fallen4|[silent]\n|turn|25\n|inactive|Time left: 300 sec this turn | 300 sec total\n|\n|t:|1783569515\n|move|p2a: Kingambit|Sucker Punch|p1a: Hitmontop\n|-resisted|p1a: Hitmontop\n|-damage|p1a: Hitmontop|0 fnt\n|faint|p1a: Hitmontop\n|\n|upkeep\n|\n|t:|1783569516\n|switch|p1a: Scyther|Scyther, L82, M|100/100\n|turn|26\n|inactive|Time left: 300 sec this turn | 300 sec total\n|\n|t:|1783569517\n|-terastallize|p2a: Kingambit|Dark\n|move|p1a: Scyther|Bug Bite|p2a: Kingambit\n|-supereffective|p2a: Kingambit\n|-damage|p2a: Kingambit|82/270\n|move|p2a: Kingambit|Kowtow Cleave|p1a: Scyther\n|-damage|p1a: Scyther|23/100\n|\n|-heal|p2a: Kingambit|98/270|[from] item: Leftovers\n|upkeep\n|turn|27\n|inactive|Time left: 300 sec this turn | 300 sec total\n|\n|t:|1783569518\n|move|p1a: Scyther|Dual Wingbeat|p2a: Kingambit\n|-damage|p2a: Kingambit|38/270\n|-damage|p2a: Kingambit|0 fnt\n|faint|p2a: Kingambit\n|-end|p2a: Kingambit|fallen4|[silent]\n|-hitcount|p2: Kingambit|2\n|\n|upkeep\n|inactive|Time left: 300 sec this turn | 300 sec total | 5 sec grace\n|\n|t:|1783569519\n|switch|p2a: Tinkaton|Tinkaton, L82, F|274/274\n|-ability|p2a: Tinkaton|Mold Breaker\n|turn|28\n|inactive|Time left: 300 sec this turn | 300 sec total\n|\n|t:|1783569519\n|move|p1a: Scyther|Dual Wingbeat|p2a: Tinkaton\n|-resisted|p2a: Tinkaton\n|-damage|p2a: Tinkaton|233/274\n|-resisted|p2a: Tinkaton\n|-damage|p2a: Tinkaton|196/274\n|-hitcount|p2a: Tinkaton|2\n|move|p2a: Tinkaton|Gigaton Hammer|p1a: Scyther\n|-damage|p1a: Scyther|0 fnt\n|faint|p1a: Scyther\n|\n|win|p0y2549ce26", "uploadtime": 1783569519, "views": 0, "rating": 0, "private": 0, "password": null, "_winner": "p0y2549ce26", "_our_name": "p0y2549ce26"}