{"id": "battle-gen9randombattle-2881", "formatid": "gen9randombattle", "format": "[Gen 9] Random Battle", "players": ["p0x28813857", "p0y288128ec"], "log": "|init|battle\n|title|p0x28813857 vs. p0y288128ec\n|j|\u2606p0x28813857\n|j|\u2606p0y288128ec\n|t:|1783572226\n|gametype|singles\n|player|p1|p0x28813857|169|\n|player|p2|p0y288128ec|169|\n|gen|9\n|tier|[Gen 9] Random Battle\n|rule|Species Clause: Limit one of each Pok\u00e9mon\n|rule|HP Percentage Mod: HP is shown in percentages\n|rule|Sleep Clause Mod: Limit one foe put to sleep\n|rule|Illusion Level Mod: Illusion disguises the Pok\u00e9mon's true level\n|\n|t:|1783572226\n|teamsize|p1|6\n|teamsize|p2|6\n|start\n|switch|p1a: Lunala|Lunala, L70|100/100\n|switch|p2a: Staraptor|Staraptor, L79, F|263/263\n|turn|1\n|inactive|Battle timer is ON: inactive players will automatically lose when time's up. (requested by p0x28813857)\n|inactive|Time left: 300 sec this turn | 300 sec total | 60 sec grace\n|\n|t:|1783572228\n|move|p2a: Staraptor|Brave Bird|p1a: Lunala\n|-damage|p1a: Lunala|52/100\n|-damage|p2a: Staraptor|213/263|[from] Recoil\n|move|p1a: Lunala|Psyshock|p2a: Staraptor\n|-damage|p2a: Staraptor|120/263\n|\n|-heal|p1a: Lunala|58/100|[from] item: Leftovers\n|upkeep\n|turn|2\n|inactive|Time left: 300 sec this turn | 300 sec total\n|inactive|p0y288128ec also wants the timer to be on.\n|\n|t:|1783572229\n|switch|p1a: Orthworm|Orthworm, L88, F|100/100\n|move|p2a: Staraptor|Brave Bird|p1a: Orthworm\n|-resisted|p1a: Orthworm\n|-damage|p1a: Orthworm|71/100\n|-damage|p2a: Staraptor|94/263|[from] Recoil\n|\n|-heal|p1a: Orthworm|77/100|[from] item: Leftovers\n|upkeep\n|turn|3\n|inactive|Time left: 300 sec this turn | 300 sec total\n|\n|t:|1783572230\n|move|p2a: Staraptor|Brave Bird|p1a: Orthworm\n|-resisted|p1a: Orthworm\n|-damage|p1a: Orthworm|50/100\n|-damage|p2a: Staraptor|71/263|[from] Recoil\n|move|p1a: Orthworm|Stealth Rock|p2a: Staraptor\n|-sidestart|p2: p0y288128ec|move: Stealth Rock\n|\n|-heal|p1a: Orthworm|56/100|[from] item: Leftovers\n|upkeep\n|turn|4\n|inactive|Time left: 300 sec this turn | 300 sec total\n|\n|t:|1783572231\n|move|p2a: Staraptor|Brave Bird|p1a: Orthworm\n|-resisted|p1a: Orthworm\n|-damage|p1a: Orthworm|28/100\n|-damage|p2a: Staraptor|46/263|[from] Recoil\n|move|p1a: Orthworm|Heavy Slam|p2a: Staraptor\n|-damage|p2a: Staraptor|0 fnt\n|faint|p2a: Staraptor\n|\n|-heal|p1a: Orthworm|34/100|[from] item: Leftovers\n|upkeep\n|inactive|Time left: 300 sec this turn | 300 sec total | 5 sec grace\n|\n|t:|1783572232\n|switch|p2a: Vivillon|Vivillon-Modern, L83, M|268/268\n|turn|5\n|inactive|Time left: 300 sec this turn | 300 sec total\n|\n|t:|1783572233\n|move|p2a: Vivillon|Quiver Dance|p2a: Vivillon\n|-boost|p2a: Vivillon|spa|1\n|-boost|p2a: Vivillon|spd|1\n|-boost|p2a: Vivillon|spe|1\n|move|p1a: Orthworm|Heavy Slam|p2a: Vivillon\n|-damage|p2a: Vivillon|73/268\n|\n|-heal|p1a: Orthworm|40/100|[from] item: Leftovers\n|upkeep\n|turn|6\n|inactive|Time left: 300 sec this turn | 300 sec total\n|\n|t:|1783572234\n|move|p2a: Vivillon|Hurricane|p1a: Orthworm\n|-resisted|p1a: Orthworm\n|-damage|p1a: Orthworm|0 fnt\n|faint|p1a: Orthworm\n|\n|upkeep\n|\n|t:|1783572235\n|switch|p1a: Vigoroth|Vigoroth, L85, M|100/100\n|turn|7\n|inactive|Time left: 300 sec this turn | 300 sec total\n|\n|t:|1783572236\n|move|p2a: Vivillon|Hurricane|p1a: Vigoroth\n|-damage|p1a: Vigoroth|48/100\n|-start|p1a: Vigoroth|confusion\n|-activate|p1a: Vigoroth|confusion\n|move|p1a: Vigoroth|Body Slam|p2a: Vivillon\n|-damage|p2a: Vivillon|0 fnt\n|faint|p2a: Vivillon\n|\n|upkeep\n|inactive|Time left: 300 sec this turn | 300 sec total | 5 sec grace\n|\n|t:|1783572237\n|switch|p2a: Beartic|Beartic, L91, F|321/321\n|-damage|p2a: Beartic|241/321|[from] Stealth Rock\n|turn|8\n|inactive|Time left: 300 sec this turn | 300 sec total\n|\n|t:|1783572238\n|-activate|p1a: Vigoroth|confusion\n|-damage|p1a: Vigoroth|38/100|[from] confusion\n|move|p2a: Beartic|Icicle Crash|p1a: Vigoroth\n|-damage|p1a: Vigoroth|0 fnt\n|faint|p1a: Vigoroth\n|\n|upkeep\n|\n|t:|1783572239\n|switch|p1a: Braviary|Braviary, L85, M|100/100\n|turn|9\n|inactive|Time left: 300 sec this turn | 300 sec total\n|\n|t:|1783572240\n|-terastallize|p1a: Braviary|Fighting\n|move|p1a: Braviary|Close Combat|p2a: Beartic\n|-supereffective|p2a: Beartic\n|-damage|p2a: Beartic|0 fnt\n|-unboost|p1a: Braviary|def|1\n|-unboost|p1a: Braviary|spd|1\n|faint|p2a: Beartic\n|\n|upkeep\n|inactive|Time left: 300 sec this turn | 300 sec total | 5 sec grace\n|\n|t:|1783572241\n|switch|p2a: Medicham|Medicham, L86, F|243/243\n|-damage|p2a: Medicham|228/243|[from] Stealth Rock\n|turn|10\n|inactive|Time left: 300 sec this turn | 300 sec total\n|\n|t:|1783572242\n|switch|p1a: Lunala|Lunala, L70|58/100\n|move|p2a: Medicham|Zen Headbutt|p1a: Lunala\n|-resisted|p1a: Lunala\n|-damage|p1a: Lunala|20/100\n|\n|-heal|p1a: Lunala|26/100|[from] item: Leftovers\n|upkeep\n|turn|11\n|inactive|Time left: 300 sec this turn | 300 sec total\n|\n|t:|1783572243\n|move|p2a: Medicham|Zen Headbutt|p1a: Lunala\n|-resisted|p1a: Lunala\n|-damage|p1a: Lunala|0 fnt\n|faint|p1a: Lunala\n|\n|upkeep\n|\n|t:|1783572244\n|switch|p1a: Spectrier|Spectrier, L75|100/100\n|turn|12\n|inactive|Time left: 300 sec this turn | 300 sec total\n|\n|t:|1783572245\n|-terastallize|p2a: Medicham|Fighting\n|move|p1a: Spectrier|Shadow Ball|p2a: Medicham\n|-damage|p2a: Medicham|94/243\n|-damage|p1a: Spectrier|91/100|[from] item: Life Orb\n|move|p2a: Medicham|Zen Headbutt|p1a: Spectrier\n|-damage|p1a: Spectrier|0 fnt\n|faint|p1a: Spectrier\n|\n|upkeep\n|\n|t:|1783572246\n|switch|p1a: Venomoth|Venomoth, L84, M|100/100\n|turn|13\n|inactive|Time left: 300 sec this turn | 300 sec total\n|\n|t:|1783572247\n|move|p1a: Venomoth|Sludge Wave|p2a: Medicham\n|-damage|p2a: Medicham|0 fnt\n|faint|p2a: Medicham\n|\n|upkeep\n|inactive|Time left: 300 sec this turn | 300 sec total | 5 sec grace\n|\n|t:|1783572248\n|switch|p2a: Chimecho|Chimecho, L93, M|290/290\n|-damage|p2a: Chimecho|254/290|[from] Stealth Rock\n|turn|14\n|inactive|Time left: 300 sec this turn | 300 sec total\n|\n|t:|1783572249\n|move|p1a: Venomoth|Quiver Dance|p1a: Venomoth\n|-boost|p1a: Venomoth|spa|1\n|-boost|p1a: Venomoth|spd|1\n|-boost|p1a: Venomoth|spe|1\n|move|p2a: Chimecho|Calm Mind|p2a: Chimecho\n|-boost|p2a: Chimecho|spa|1\n|-boost|p2a: Chimecho|spd|1\n|\n|-heal|p2a: Chimecho|272/290|[from] item: Leftovers\n|upkeep\n|turn|15\n|inactive|Time left: 300 sec this turn | 300 sec total\n|\n|t:|1783572250\n|move|p1a: Venomoth|Sleep Powder|p2a: Chimecho\n|-status|p2a: Chimecho|slp|[from] move: Sleep Powder\n|cant|p2a: Chimecho|slp\n|\n|-heal|p2a: Chimecho|290/290 slp|[from] item: Leftovers\n|upkeep\n|turn|16\n|inactive|Time left: 300 sec this turn | 300 sec total\n|\n|t:|1783572251\n|move|p1a: Venomoth|Bug Buzz|p2a: Chimecho\n|-supereffective|p2a: Chimecho\n|-damage|p2a: Chimecho|132/290 slp\n|cant|p2a: Chimecho|slp\n|\n|-heal|p2a: Chimecho|150/290 slp|[from] item: Leftovers\n|upkeep\n|turn|17\n|inactive|Time left: 300 sec this turn | 300 sec total\n|\n|t:|1783572252\n|move|p1a: Venomoth|Bug Buzz|p2a: Chimecho\n|-supereffective|p2a: Chimecho\n|-damage|p2a: Chimecho|0 fnt\n|faint|p2a: Chimecho\n|\n|upkeep\n|inactive|Time left: 300 sec this turn | 300 sec total | 5 sec grace\n|\n|t:|1783572253\n|switch|p2a: Poliwrath|Poliwrath, L88, F|302/302\n|-damage|p2a: Poliwrath|284/302|[from] Stealth Rock\n|turn|18\n|inactive|Time left: 300 sec this turn | 300 sec total\n|\n|t:|1783572254\n|move|p1a: Venomoth|Sludge Wave|p2a: Poliwrath\n|-damage|p2a: Poliwrath|149/302\n|-status|p2a: Poliwrath|psn\n|move|p2a: Poliwrath|Liquidation|p1a: Venomoth\n|-damage|p1a: Venomoth|39/100\n|-damage|p2a: Poliwrath|119/302 psn|[from] item: Life Orb\n|\n|-damage|p2a: Poliwrath|82/302 psn|[from] psn\n|upkeep\n|turn|19\n|inactive|Time left: 300 sec this turn | 300 sec total\n|\n|t:|1783572255\n|switch|p1a: Braviary|Braviary, L85, M, tera:Fighting|100/100\n|move|p2a: Poliwrath|Liquidation|p1a: Braviary\n|-damage|p1a: Braviary|57/100\n|-damage|p2a: Poliwrath|52/302 psn|[from] item: Life Orb\n|\n|-damage|p2a: Poliwrath|15/302 psn|[from] psn\n|upkeep\n|turn|20\n|inactive|Time left: 300 sec this turn | 300 sec total\n|\n|t:|1783572255\n|switch|p1a: Venomoth|Venomoth, L84, M|39/100\n|move|p2a: Poliwrath|Liquidation|p1a: Venomoth\n|-damage|p1a: Venomoth|0 fnt\n|faint|p1a: Venomoth\n|-damage|p2a: Poliwrath|0 fnt|[from] item: Life Orb\n|faint|p2a: Poliwrath\n|\n|win|p0x28813857", "uploadtime": 1783572255, "views": 0, "rating": 0, "private": 0, "password": null, "_winner": "p0x28813857", "_our_name": "p0y288128ec"}