{"id": "battle-gen9randombattle-541", "formatid": "gen9randombattle", "format": "[Gen 9] Random Battle", "players": ["p0x5411914", "p0y5410ef4"], "log": "|init|battle\n|title|p0x5411914 vs. p0y5410ef4\n|j|\u2606p0x5411914\n|j|\u2606p0y5410ef4\n|t:|1783545335\n|gametype|singles\n|player|p1|p0x5411914|265|\n|player|p2|p0y5410ef4|1|\n|gen|9\n|tier|[Gen 9] Random Battle\n|rule|Species Clause: Limit one of each Pok\u00e9mon\n|rule|HP Percentage Mod: HP is shown in percentages\n|rule|Sleep Clause Mod: Limit one foe put to sleep\n|rule|Illusion Level Mod: Illusion disguises the Pok\u00e9mon's true level\n|\n|t:|1783545335\n|teamsize|p1|6\n|teamsize|p2|6\n|start\n|switch|p1a: Mew|Mew, L82|298/298\n|switch|p2a: Groudon|Groudon, L72|100/100\n|-weather|SunnyDay|[from] ability: Drought|[of] p2a: Groudon\n|turn|1\n|inactive|Battle timer is ON: inactive players will automatically lose when time's up. (requested by p0x5411914)\n|inactive|p0y5410ef4 also wants the timer to be on.\n|\n|t:|1783545337\n|move|p1a: Mew|Will-O-Wisp|p2a: Groudon\n|-status|p2a: Groudon|brn\n|move|p2a: Groudon|Heat Crash|p1a: Mew\n|-damage|p1a: Mew|236/298\n|\n|-weather|SunnyDay|[upkeep]\n|-heal|p1a: Mew|254/298|[from] item: Leftovers\n|-damage|p2a: Groudon|94/100 brn|[from] brn\n|upkeep\n|turn|2\n|inactive|Time left: 300 sec this turn | 300 sec total\n|\n|t:|1783545339\n|move|p1a: Mew|Psychic|p2a: Groudon\n|-damage|p2a: Groudon|54/100 brn\n|move|p2a: Groudon|Swords Dance|p2a: Groudon\n|-boost|p2a: Groudon|atk|2\n|\n|-weather|SunnyDay|[upkeep]\n|-heal|p1a: Mew|272/298|[from] item: Leftovers\n|-heal|p2a: Groudon|61/100 brn|[from] item: Leftovers\n|-damage|p2a: Groudon|54/100 brn|[from] brn\n|upkeep\n|turn|3\n|inactive|Time left: 300 sec this turn | 300 sec total\n|\n|t:|1783545340\n|move|p1a: Mew|Encore|p2a: Groudon\n|-start|p2a: Groudon|Encore\n|move|p2a: Groudon|Swords Dance|p2a: Groudon\n|-boost|p2a: Groudon|atk|2\n|\n|-weather|SunnyDay|[upkeep]\n|-heal|p1a: Mew|290/298|[from] item: Leftovers\n|-heal|p2a: Groudon|61/100 brn|[from] item: Leftovers\n|-damage|p2a: Groudon|54/100 brn|[from] brn\n|upkeep\n|turn|4\n|inactive|Time left: 300 sec this turn | 300 sec total\n|\n|t:|1783545341\n|move|p1a: Mew|Psychic|p2a: Groudon\n|-damage|p2a: Groudon|16/100 brn\n|move|p2a: Groudon|Swords Dance|p2a: Groudon\n|-boost|p2a: Groudon|atk|2\n|\n|-weather|SunnyDay|[upkeep]\n|-heal|p1a: Mew|298/298|[from] item: Leftovers\n|-heal|p2a: Groudon|22/100 brn|[from] item: Leftovers\n|-damage|p2a: Groudon|16/100 brn|[from] brn\n|upkeep\n|turn|5\n|inactive|Time left: 300 sec this turn | 300 sec total\n|\n|t:|1783545343\n|switch|p2a: Bombirdier|Bombirdier, L85, M|100/100\n|move|p1a: Mew|U-turn|p2a: Bombirdier\n|-damage|p2a: Bombirdier|80/100\n|inactive|Time left: 300 sec this turn | 300 sec total | 5 sec grace\n|\n|t:|1783545344\n|switch|p1a: Arbok|Arbok, L87, M|246/246|[from] U-turn\n|-ability|p1a: Arbok|Intimidate|boost\n|-unboost|p2a: Bombirdier|atk|1\n|\n|-weather|none\n|upkeep\n|turn|6\n|inactive|Time left: 300 sec this turn | 300 sec total\n|\n|t:|1783545345\n|switch|p2a: Rampardos|Rampardos, L90, M|100/100\n|move|p1a: Arbok|Gunk Shot|p2a: Rampardos\n|-resisted|p2a: Rampardos\n|-damage|p2a: Rampardos|67/100\n|-damage|p1a: Arbok|222/246|[from] item: Life Orb\n|\n|upkeep\n|turn|7\n|inactive|Time left: 300 sec this turn | 300 sec total\n|\n|t:|1783545347\n|move|p2a: Rampardos|Earthquake|p1a: Arbok\n|-supereffective|p1a: Arbok\n|-damage|p1a: Arbok|0 fnt\n|faint|p1a: Arbok\n|\n|upkeep\n|inactive|Time left: 300 sec this turn | 300 sec total | 5 sec grace\n|\n|t:|1783545348\n|switch|p1a: Squawkabilly|Squawkabilly-White, L89, F|291/291\n|turn|8\n|inactive|Time left: 300 sec this turn | 300 sec total\n|\n|t:|1783545349\n|switch|p2a: Groudon|Groudon, L72|16/100 brn\n|-weather|SunnyDay|[from] ability: Drought|[of] p2a: Groudon\n|move|p1a: Squawkabilly|Brave Bird|p2a: Groudon\n|-damage|p2a: Groudon|0 fnt\n|faint|p2a: Groudon\n|-damage|p1a: Squawkabilly|278/291|[from] Recoil\n|\n|-weather|SunnyDay|[upkeep]\n|upkeep\n|\n|t:|1783545350\n|switch|p2a: Rampardos|Rampardos, L90, M|67/100\n|turn|9\n|inactive|Time left: 300 sec this turn | 300 sec total\n|\n|t:|1783545351\n|move|p2a: Rampardos|Rock Slide|p1a: Squawkabilly\n|-supereffective|p1a: Squawkabilly\n|-damage|p1a: Squawkabilly|0 fnt\n|faint|p1a: Squawkabilly\n|\n|-weather|SunnyDay|[upkeep]\n|upkeep\n|inactive|Time left: 300 sec this turn | 300 sec total | 5 sec grace\n|\n|t:|1783545352\n|switch|p1a: Clodsire|Clodsire, L81, M|343/343\n|turn|10\n|inactive|Time left: 300 sec this turn | 300 sec total\n|\n|t:|1783545353\n|move|p2a: Rampardos|Rock Slide|p1a: Clodsire\n|-resisted|p1a: Clodsire\n|-damage|p1a: Clodsire|220/343\n|move|p1a: Clodsire|Earthquake|p2a: Rampardos\n|-supereffective|p2a: Rampardos\n|-damage|p2a: Rampardos|2/100\n|\n|-weather|SunnyDay|[upkeep]\n|-heal|p1a: Clodsire|241/343|[from] item: Leftovers\n|upkeep\n|turn|11\n|inactive|Time left: 300 sec this turn | 300 sec total\n|\n|t:|1783545354\n|move|p2a: Rampardos|Rock Slide|p1a: Clodsire\n|-resisted|p1a: Clodsire\n|-damage|p1a: Clodsire|125/343\n|move|p1a: Clodsire|Recover|p1a: Clodsire\n|-heal|p1a: Clodsire|297/343\n|\n|-weather|SunnyDay|[upkeep]\n|-heal|p1a: Clodsire|318/343|[from] item: Leftovers\n|upkeep\n|turn|12\n|inactive|Time left: 300 sec this turn | 300 sec total\n|\n|t:|1783545356\n|move|p2a: Rampardos|Rock Slide|p1a: Clodsire\n|-resisted|p1a: Clodsire\n|-damage|p1a: Clodsire|194/343\n|move|p1a: Clodsire|Earthquake|p2a: Rampardos\n|-supereffective|p2a: Rampardos\n|-damage|p2a: Rampardos|0 fnt\n|faint|p2a: Rampardos\n|\n|-weather|none\n|-heal|p1a: Clodsire|215/343|[from] item: Leftovers\n|upkeep\n|\n|t:|1783545357\n|switch|p2a: Bombirdier|Bombirdier, L85, M|80/100\n|turn|13\n|inactive|Time left: 300 sec this turn | 300 sec total\n|\n|t:|1783545358\n|move|p2a: Bombirdier|Knock Off|p1a: Clodsire\n|-damage|p1a: Clodsire|61/343\n|-enditem|p1a: Clodsire|Leftovers|[from] move: Knock Off|[of] p2a: Bombirdier\n|move|p1a: Clodsire|Recover|p1a: Clodsire\n|-heal|p1a: Clodsire|233/343\n|\n|upkeep\n|turn|14\n|inactive|Time left: 300 sec this turn | 300 sec total\n|\n|t:|1783545359\n|move|p2a: Bombirdier|Brave Bird|p1a: Clodsire\n|-damage|p1a: Clodsire|56/343\n|-damage|p2a: Bombirdier|57/100|[from] Recoil\n|move|p1a: Clodsire|Recover|p1a: Clodsire\n|-heal|p1a: Clodsire|228/343\n|\n|upkeep\n|turn|15\n|inactive|Time left: 300 sec this turn | 300 sec total\n|\n|t:|1783545360\n|move|p2a: Bombirdier|Roost|p2a: Bombirdier\n|-heal|p2a: Bombirdier|100/100\n|-singleturn|p2a: Bombirdier|move: Roost\n|move|p1a: Clodsire|Recover|p1a: Clodsire\n|-heal|p1a: Clodsire|343/343\n|\n|upkeep\n|turn|16\n|inactive|Time left: 300 sec this turn | 300 sec total\n|\n|t:|1783545361\n|move|p2a: Bombirdier|Knock Off|p1a: Clodsire\n|-damage|p1a: Clodsire|235/343\n|move|p1a: Clodsire|Toxic|p2a: Bombirdier\n|-status|p2a: Bombirdier|tox\n|\n|-damage|p2a: Bombirdier|94/100 tox|[from] psn\n|upkeep\n|turn|17\n|inactive|Time left: 300 sec this turn | 300 sec total\n|\n|t:|1783545362\n|move|p2a: Bombirdier|Knock Off|p1a: Clodsire\n|-damage|p1a: Clodsire|135/343\n|move|p1a: Clodsire|Recover|p1a: Clodsire\n|-heal|p1a: Clodsire|307/343\n|\n|-damage|p2a: Bombirdier|82/100 tox|[from] psn\n|upkeep\n|turn|18\n|inactive|Time left: 300 sec this turn | 300 sec total\n|\n|t:|1783545363\n|move|p2a: Bombirdier|Brave Bird|p1a: Clodsire\n|-damage|p1a: Clodsire|108/343\n|-damage|p2a: Bombirdier|56/100 tox|[from] Recoil\n|move|p1a: Clodsire|Recover|p1a: Clodsire\n|-heal|p1a: Clodsire|280/343\n|\n|-damage|p2a: Bombirdier|38/100 tox|[from] psn\n|upkeep\n|turn|19\n|inactive|Time left: 300 sec this turn | 300 sec total\n|\n|t:|1783545363\n|move|p2a: Bombirdier|Roost|p2a: Bombirdier\n|-heal|p2a: Bombirdier|88/100 tox\n|-singleturn|p2a: Bombirdier|move: Roost\n|move|p1a: Clodsire|Recover|p1a: Clodsire\n|-heal|p1a: Clodsire|343/343\n|\n|-damage|p2a: Bombirdier|63/100 tox|[from] psn\n|upkeep\n|turn|20\n|inactive|Time left: 300 sec this turn | 300 sec total\n|\n|t:|1783545364\n|move|p2a: Bombirdier|Brave Bird|p1a: Clodsire\n|-damage|p1a: Clodsire|169/343\n|-damage|p2a: Bombirdier|41/100 tox|[from] Recoil\n|move|p1a: Clodsire|Recover|p1a: Clodsire\n|-heal|p1a: Clodsire|341/343\n|\n|-damage|p2a: Bombirdier|10/100 tox|[from] psn\n|upkeep\n|turn|21\n|inactive|Time left: 300 sec this turn | 300 sec total\n|\n|t:|1783545365\n|move|p2a: Bombirdier|Brave Bird|p1a: Clodsire\n|-crit|p1a: Clodsire\n|-damage|p1a: Clodsire|73/343\n|-damage|p2a: Bombirdier|0 fnt|[from] Recoil\n|faint|p2a: Bombirdier\n|move|p1a: Clodsire|Spikes|p2: Bombirdier\n|-sidestart|p2: p0y5410ef4|Spikes\n|\n|upkeep\n|\n|t:|1783545366\n|switch|p2a: Noctowl|Noctowl, L95, F|100/100\n|turn|22\n|inactive|Time left: 300 sec this turn | 300 sec total\n|\n|t:|1783545367\n|move|p2a: Noctowl|Hyper Voice|p1a: Clodsire\n|-damage|p1a: Clodsire|0 fnt\n|faint|p1a: Clodsire\n|\n|upkeep\n|inactive|Time left: 300 sec this turn | 300 sec total | 5 sec grace\n|\n|t:|1783545368\n|switch|p1a: Abomasnow|Abomasnow, L84, F|287/287\n|-weather|Snowscape|[from] ability: Snow Warning|[of] p1a: Abomasnow\n|turn|23\n|inactive|Time left: 300 sec this turn | 300 sec total\n|\n|t:|1783545369\n|-terastallize|p1a: Abomasnow|Ghost\n|move|p2a: Noctowl|Hurricane|p1a: Abomasnow\n|-damage|p1a: Abomasnow|154/287\n|-start|p1a: Abomasnow|confusion\n|-activate|p1a: Abomasnow|confusion\n|move|p1a: Abomasnow|Aurora Veil|p1a: Abomasnow\n|-sidestart|p1: p0x5411914|move: Aurora Veil\n|\n|-weather|Snowscape|[upkeep]\n|upkeep\n|turn|24\n|inactive|Time left: 300 sec this turn | 300 sec total\n|\n|t:|1783545370\n|switch|p1a: Kleavor|Kleavor, L78, F|237/237\n|move|p2a: Noctowl|Defog|p1a: Kleavor\n|-unboost|p1a: Kleavor|evasion|1\n|-sideend|p1: p0x5411914|move: Aurora Veil\n|-sideend|p2: p0y5410ef4|Spikes|[from] move: Defog|[of] p2a: Noctowl\n|\n|-weather|Snowscape|[upkeep]\n|upkeep\n|turn|25\n|inactive|Time left: 300 sec this turn | 300 sec total\n|\n|t:|1783545371\n|move|p2a: Noctowl|Hurricane|p1a: Kleavor\n|-damage|p1a: Kleavor|48/237\n|-start|p1a: Kleavor|confusion\n|-activate|p1a: Kleavor|confusion\n|-damage|p1a: Kleavor|17/237|[from] confusion\n|\n|-weather|Snowscape|[upkeep]\n|upkeep\n|turn|26\n|inactive|Time left: 300 sec this turn | 300 sec total\n|\n|t:|1783545372\n|switch|p1a: Abomasnow|Abomasnow, L84, F, tera:Ghost|154/287\n|move|p2a: Noctowl|Hurricane|p1a: Abomasnow\n|-damage|p1a: Abomasnow|6/287\n|\n|-weather|Snowscape|[upkeep]\n|upkeep\n|turn|27\n|inactive|Time left: 300 sec this turn | 300 sec total\n|\n|t:|1783545373\n|move|p2a: Noctowl|Hurricane|p1a: Abomasnow|[miss]\n|-miss|p2a: Noctowl|p1a: Abomasnow\n|move|p1a: Abomasnow|Aurora Veil|p1a: Abomasnow\n|-sidestart|p1: p0x5411914|move: Aurora Veil\n|\n|-weather|none\n|upkeep\n|turn|28\n|inactive|Time left: 300 sec this turn | 300 sec total\n|\n|t:|1783545374\n|move|p2a: Noctowl|Defog|p1a: Abomasnow\n|-unboost|p1a: Abomasnow|evasion|1\n|-sideend|p1: p0x5411914|move: Aurora Veil\n|move|p1a: Abomasnow|Blizzard|p2a: Noctowl\n|-supereffective|p2a: Noctowl\n|-crit|p2a: Noctowl\n|-damage|p2a: Noctowl|15/100\n|\n|upkeep\n|turn|29\n|inactive|Time left: 300 sec this turn | 300 sec total\n|\n|t:|1783545375\n|move|p1a: Abomasnow|Ice Shard|p2a: Noctowl\n|-supereffective|p2a: Noctowl\n|-damage|p2a: Noctowl|0 fnt\n|faint|p2a: Noctowl\n|\n|upkeep\n|\n|t:|1783545376\n|switch|p2a: Dedenne|Dedenne, L88, M|100/100\n|turn|30\n|inactive|Time left: 300 sec this turn | 300 sec total\n|\n|t:|1783545377\n|switch|p1a: Mew|Mew, L82|298/298\n|move|p2a: Dedenne|Thunderbolt|p1a: Mew\n|-crit|p1a: Mew\n|-damage|p1a: Mew|172/298\n|\n|-heal|p1a: Mew|190/298|[from] item: Leftovers\n|upkeep\n|turn|31\n|inactive|Time left: 300 sec this turn | 300 sec total\n|\n|t:|1783545379\n|move|p2a: Dedenne|Thunderbolt|p1a: Mew\n|-damage|p1a: Mew|103/298\n|move|p1a: Mew|Psychic|p2a: Dedenne\n|-damage|p2a: Dedenne|60/100\n|-unboost|p2a: Dedenne|spd|1\n|\n|-heal|p1a: Mew|121/298|[from] item: Leftovers\n|upkeep\n|turn|32\n|inactive|Time left: 300 sec this turn | 300 sec total\n|\n|t:|1783545381\n|move|p2a: Dedenne|U-turn|p1a: Mew\n|-supereffective|p1a: Mew\n|-damage|p1a: Mew|55/298\n|\n|t:|1783545382\n|switch|p2a: Slowking|Slowking, L88, F|100/100|[from] U-turn\n|move|p1a: Mew|Psychic|p2a: Slowking\n|-resisted|p2a: Slowking\n|-damage|p2a: Slowking|90/100\n|\n|-heal|p1a: Mew|73/298|[from] item: Leftovers\n|upkeep\n|turn|33\n|inactive|Time left: 300 sec this turn | 300 sec total\n|\n|t:|1783545383\n|move|p1a: Mew|Will-O-Wisp|p2a: Slowking\n|-status|p2a: Slowking|brn\n|move|p2a: Slowking|Scald|p1a: Mew\n|-damage|p1a: Mew|0 fnt\n|faint|p1a: Mew\n|\n|-damage|p2a: Slowking|84/100 brn|[from] brn\n|upkeep\n|inactive|Time left: 300 sec this turn | 300 sec total | 5 sec grace\n|\n|t:|1783545384\n|switch|p1a: Kleavor|Kleavor, L78, F|17/237\n|turn|34\n|inactive|Time left: 300 sec this turn | 300 sec total\n|\n|t:|1783545385\n|-terastallize|p2a: Slowking|Fairy\n|move|p1a: Kleavor|X-Scissor|p2a: Slowking\n|-resisted|p2a: Slowking\n|-damage|p2a: Slowking|60/100 brn\n|move|p2a: Slowking|Scald|p1a: Kleavor\n|-supereffective|p1a: Kleavor\n|-damage|p1a: Kleavor|0 fnt\n|faint|p1a: Kleavor\n|\n|-damage|p2a: Slowking|53/100 brn|[from] brn\n|upkeep\n|inactive|Time left: 300 sec this turn | 300 sec total | 5 sec grace\n|\n|t:|1783545386\n|switch|p1a: Abomasnow|Abomasnow, L84, F, tera:Ghost|6/287\n|-weather|Snowscape|[from] ability: Snow Warning|[of] p1a: Abomasnow\n|turn|35\n|inactive|Time left: 300 sec this turn | 300 sec total\n|\n|t:|1783545387\n|move|p1a: Abomasnow|Aurora Veil|p1a: Abomasnow\n|-sidestart|p1: p0x5411914|move: Aurora Veil\n|move|p2a: Slowking|Scald|p1a: Abomasnow\n|-damage|p1a: Abomasnow|0 fnt\n|faint|p1a: Abomasnow\n|\n|win|p0y5410ef4", "uploadtime": 1783545387, "views": 0, "rating": 0, "private": 0, "password": null, "_winner": "p0y5410ef4", "_our_name": "p0x5411914"}