{"id": "battle-gen9randombattle-2118", "formatid": "gen9randombattle", "format": "[Gen 9] Random Battle", "players": ["p0x21186302", "p0y21188ac6"], "log": "|init|battle\n|title|p0x21186302 vs. p0y21188ac6\n|j|\u2606p0x21186302\n|j|\u2606p0y21188ac6\n|t:|1783563735\n|gametype|singles\n|player|p1|p0x21186302|102|\n|player|p2|p0y21188ac6|2|\n|gen|9\n|tier|[Gen 9] Random Battle\n|rule|Species Clause: Limit one of each Pok\u00e9mon\n|rule|HP Percentage Mod: HP is shown in percentages\n|rule|Sleep Clause Mod: Limit one foe put to sleep\n|rule|Illusion Level Mod: Illusion disguises the Pok\u00e9mon's true level\n|\n|t:|1783563735\n|teamsize|p1|6\n|teamsize|p2|6\n|start\n|switch|p1a: Grafaiai|Grafaiai, L86, M|100/100\n|switch|p2a: Meloetta|Meloetta, L82|298/298\n|turn|1\n|inactive|Battle timer is ON: inactive players will automatically lose when time's up. (requested by p0x21186302)\n|inactive|Time left: 300 sec this turn | 300 sec total | 60 sec grace\n|inactive|p0y21188ac6 also wants the timer to be on.\n|\n|t:|1783563736\n|move|p1a: Grafaiai|Parting Shot|p2a: Meloetta\n|-unboost|p2a: Meloetta|atk|1\n|-unboost|p2a: Meloetta|spa|1\n|\n|t:|1783563738\n|switch|p1a: Qwilfish|Qwilfish, L86, F|100/100|[from] Parting Shot\n|-ability|p1a: Qwilfish|Intimidate|boost\n|-unboost|p2a: Meloetta|atk|1\n|move|p2a: Meloetta|Psyshock|p1a: Qwilfish\n|-supereffective|p1a: Qwilfish\n|-damage|p1a: Qwilfish|17/100\n|\n|-heal|p1a: Qwilfish|23/100|[from] item: Leftovers\n|upkeep\n|turn|2\n|inactive|Time left: 300 sec this turn | 300 sec total\n|\n|t:|1783563739\n|move|p1a: Qwilfish|Gunk Shot|p2a: Meloetta\n|-damage|p2a: Meloetta|136/298\n|move|p2a: Meloetta|Psyshock|p1a: Qwilfish\n|-supereffective|p1a: Qwilfish\n|-damage|p1a: Qwilfish|0 fnt\n|faint|p1a: Qwilfish\n|\n|upkeep\n|\n|t:|1783563740\n|switch|p1a: Dragonite|Dragonite, L74, F|100/100\n|turn|3\n|inactive|Time left: 300 sec this turn | 300 sec total\n|\n|t:|1783563741\n|move|p2a: Meloetta|Psyshock|p1a: Dragonite\n|-damage|p1a: Dragonite|80/100\n|move|p1a: Dragonite|Dragon Dance|p1a: Dragonite\n|-boost|p1a: Dragonite|atk|1\n|-boost|p1a: Dragonite|spe|1\n|\n|upkeep\n|turn|4\n|inactive|Time left: 300 sec this turn | 300 sec total\n|\n|t:|1783563742\n|move|p1a: Dragonite|Outrage|p2a: Meloetta\n|-damage|p2a: Meloetta|0 fnt\n|faint|p2a: Meloetta\n|\n|upkeep\n|inactive|Time left: 300 sec this turn | 300 sec total | 5 sec grace\n|\n|t:|1783563742\n|switch|p2a: Reuniclus|Reuniclus, L88, F|337/337\n|turn|5\n|inactive|Time left: 300 sec this turn | 300 sec total\n|\n|t:|1783563743\n|-terastallize|p2a: Reuniclus|Steel\n|move|p1a: Dragonite|Outrage|p2a: Reuniclus|[from] lockedmove\n|-resisted|p2a: Reuniclus\n|-damage|p2a: Reuniclus|239/337\n|move|p2a: Reuniclus|Psyshock|p1a: Dragonite\n|-damage|p1a: Dragonite|16/100\n|\n|upkeep\n|turn|6\n|inactive|Time left: 300 sec this turn | 300 sec total\n|\n|t:|1783563744\n|move|p1a: Dragonite|Outrage|p2a: Reuniclus|[from] lockedmove\n|-resisted|p2a: Reuniclus\n|-damage|p2a: Reuniclus|139/337\n|-start|p1a: Dragonite|confusion|[fatigue]\n|move|p2a: Reuniclus|Recover|p2a: Reuniclus\n|-heal|p2a: Reuniclus|308/337\n|\n|upkeep\n|turn|7\n|inactive|Time left: 300 sec this turn | 300 sec total\n|\n|t:|1783563745\n|-activate|p1a: Dragonite|confusion\n|move|p1a: Dragonite|Earthquake|p2a: Reuniclus\n|-supereffective|p2a: Reuniclus\n|-damage|p2a: Reuniclus|86/337\n|move|p2a: Reuniclus|Psyshock|p1a: Dragonite\n|-damage|p1a: Dragonite|0 fnt\n|faint|p1a: Dragonite\n|\n|upkeep\n|\n|t:|1783563746\n|switch|p1a: Whiscash|Whiscash, L88, M|100/100\n|turn|8\n|inactive|Time left: 300 sec this turn | 300 sec total\n|\n|t:|1783563747\n|switch|p2a: Torterra|Torterra, L78, F|276/276\n|move|p1a: Whiscash|Earthquake|p2a: Torterra\n|-resisted|p2a: Torterra\n|-damage|p2a: Torterra|218/276\n|-damage|p1a: Whiscash|91/100|[from] item: Life Orb\n|\n|upkeep\n|turn|9\n|inactive|Time left: 300 sec this turn | 300 sec total\n|\n|t:|1783563748\n|switch|p1a: Shiftry|Shiftry, L89, M|100/100\n|move|p2a: Torterra|Bullet Seed|p1a: Shiftry\n|-resisted|p1a: Shiftry\n|-damage|p1a: Shiftry|95/100\n|-resisted|p1a: Shiftry\n|-damage|p1a: Shiftry|90/100\n|-resisted|p1a: Shiftry\n|-damage|p1a: Shiftry|85/100\n|-resisted|p1a: Shiftry\n|-damage|p1a: Shiftry|80/100\n|-resisted|p1a: Shiftry\n|-damage|p1a: Shiftry|74/100\n|-hitcount|p1a: Shiftry|5\n|\n|upkeep\n|turn|10\n|inactive|Time left: 300 sec this turn | 300 sec total\n|\n|t:|1783563749\n|move|p1a: Shiftry|Swords Dance|p1a: Shiftry\n|-boost|p1a: Shiftry|atk|2\n|move|p2a: Torterra|Shell Smash|p2a: Torterra\n|-unboost|p2a: Torterra|def|1\n|-unboost|p2a: Torterra|spd|1\n|-boost|p2a: Torterra|atk|2\n|-boost|p2a: Torterra|spa|2\n|-boost|p2a: Torterra|spe|2\n|\n|upkeep\n|turn|11\n|inactive|Time left: 300 sec this turn | 300 sec total\n|\n|t:|1783563750\n|move|p2a: Torterra|Headlong Rush|p1a: Shiftry\n|-resisted|p1a: Shiftry\n|-damage|p1a: Shiftry|21/100\n|-unboost|p2a: Torterra|def|1\n|-unboost|p2a: Torterra|spd|1\n|move|p1a: Shiftry|Leaf Blade|p2a: Torterra\n|-damage|p2a: Torterra|0 fnt\n|faint|p2a: Torterra\n|-damage|p1a: Shiftry|12/100|[from] item: Life Orb\n|\n|upkeep\n|inactive|Time left: 300 sec this turn | 300 sec total | 5 sec grace\n|\n|t:|1783563751\n|switch|p2a: Arcanine|Arcanine-Hisui, L79, F|279/279\n|turn|12\n|inactive|Time left: 300 sec this turn | 300 sec total\n|\n|t:|1783563752\n|move|p2a: Arcanine|Extreme Speed|p1a: Shiftry\n|-damage|p1a: Shiftry|0 fnt\n|faint|p1a: Shiftry\n|\n|upkeep\n|\n|t:|1783563753\n|switch|p1a: Whiscash|Whiscash, L88, M|91/100\n|turn|13\n|inactive|Time left: 300 sec this turn | 300 sec total\n|\n|t:|1783563754\n|switch|p2a: Staraptor|Staraptor, L79, F|263/263\n|move|p1a: Whiscash|Dragon Dance|p1a: Whiscash\n|-boost|p1a: Whiscash|atk|1\n|-boost|p1a: Whiscash|spe|1\n|\n|upkeep\n|turn|14\n|inactive|Time left: 300 sec this turn | 300 sec total\n|\n|t:|1783563755\n|switch|p2a: Reuniclus|Reuniclus, L88, F, tera:Steel|86/337\n|move|p1a: Whiscash|Stone Edge|p2a: Reuniclus\n|-resisted|p2a: Reuniclus\n|-damage|p2a: Reuniclus|18/337\n|-damage|p1a: Whiscash|81/100|[from] item: Life Orb\n|\n|upkeep\n|turn|15\n|inactive|Time left: 300 sec this turn | 300 sec total\n|\n|t:|1783563756\n|move|p1a: Whiscash|Liquidation|p2a: Reuniclus\n|-crit|p2a: Reuniclus\n|-damage|p2a: Reuniclus|0 fnt\n|faint|p2a: Reuniclus\n|-damage|p1a: Whiscash|71/100|[from] item: Life Orb\n|\n|upkeep\n|inactive|Time left: 300 sec this turn | 300 sec total | 5 sec grace\n|\n|t:|1783563757\n|switch|p2a: Luvdisc|Luvdisc, F|247/247\n|turn|16\n|inactive|Time left: 300 sec this turn | 300 sec total\n|\n|t:|1783563758\n|move|p2a: Luvdisc|Whirlpool|p1a: Whiscash\n|-damage|p1a: Whiscash|62/100\n|-activate|p1a: Whiscash|move: Whirlpool|[of] p2a: Luvdisc\n|move|p1a: Whiscash|Dragon Dance|p1a: Whiscash\n|-boost|p1a: Whiscash|atk|1\n|-boost|p1a: Whiscash|spe|1\n|\n|-damage|p1a: Whiscash|49/100|[from] move: Whirlpool|[partiallytrapped]\n|upkeep\n|turn|17\n|inactive|Time left: 300 sec this turn | 300 sec total\n|\n|t:|1783563759\n|move|p1a: Whiscash|Earthquake|p2a: Luvdisc\n|-damage|p2a: Luvdisc|0 fnt\n|faint|p2a: Luvdisc\n|-damage|p1a: Whiscash|40/100|[from] item: Life Orb\n|\n|-end|p1a: Whiscash|Whirlpool|[partiallytrapped]|[silent]\n|upkeep\n|inactive|Time left: 300 sec this turn | 300 sec total | 5 sec grace\n|\n|t:|1783563760\n|switch|p2a: Staraptor|Staraptor, L79, F|263/263\n|turn|18\n|inactive|Time left: 300 sec this turn | 300 sec total\n|\n|t:|1783563761\n|move|p2a: Staraptor|Quick Attack|p1a: Whiscash\n|-damage|p1a: Whiscash|17/100\n|move|p1a: Whiscash|Stone Edge|p2a: Staraptor\n|-supereffective|p2a: Staraptor\n|-crit|p2a: Staraptor\n|-damage|p2a: Staraptor|0 fnt\n|faint|p2a: Staraptor\n|-damage|p1a: Whiscash|8/100|[from] item: Life Orb\n|\n|upkeep\n|inactive|Time left: 300 sec this turn | 300 sec total | 5 sec grace\n|\n|t:|1783563762\n|switch|p2a: Arcanine|Arcanine-Hisui, L79, F|279/279\n|turn|19\n|inactive|Time left: 300 sec this turn | 300 sec total\n|\n|t:|1783563763\n|-terastallize|p1a: Whiscash|Ground\n|move|p2a: Arcanine|Extreme Speed|p1a: Whiscash\n|-damage|p1a: Whiscash|0 fnt\n|faint|p1a: Whiscash\n|\n|upkeep\n|\n|t:|1783563764\n|switch|p1a: Plusle|Plusle, L95, M|100/100\n|turn|20\n|inactive|Time left: 300 sec this turn | 300 sec total\n|\n|t:|1783563765\n|move|p2a: Arcanine|Extreme Speed|p1a: Plusle\n|-damage|p1a: Plusle|53/100\n|move|p1a: Plusle|Nasty Plot|p1a: Plusle\n|-boost|p1a: Plusle|spa|2\n|\n|upkeep\n|turn|21\n|inactive|Time left: 300 sec this turn | 300 sec total\n|\n|t:|1783563765\n|move|p2a: Arcanine|Extreme Speed|p1a: Plusle\n|-damage|p1a: Plusle|4/100\n|move|p1a: Plusle|Thunderbolt|p2a: Arcanine\n|-damage|p2a: Arcanine|0 fnt\n|faint|p2a: Arcanine\n|-damage|p1a: Plusle|0 fnt|[from] item: Life Orb\n|faint|p1a: Plusle\n|\n|win|p0x21186302", "uploadtime": 1783563765, "views": 0, "rating": 0, "private": 0, "password": null, "_winner": "p0x21186302", "_our_name": "p0y21188ac6"}