{"id": "battle-gen9randombattle-893", "formatid": "gen9randombattle", "format": "[Gen 9] Random Battle", "players": ["p0x8938fe1", "p0y8939c78"], "log": "|init|battle\n|title|p0x8938fe1 vs. p0y8939c78\n|j|\u2606p0x8938fe1\n|j|\u2606p0y8939c78\n|t:|1783550277\n|gametype|singles\n|player|p1|p0x8938fe1|266|\n|player|p2|p0y8939c78|169|\n|gen|9\n|tier|[Gen 9] Random Battle\n|rule|Species Clause: Limit one of each Pok\u00e9mon\n|rule|HP Percentage Mod: HP is shown in percentages\n|rule|Sleep Clause Mod: Limit one foe put to sleep\n|rule|Illusion Level Mod: Illusion disguises the Pok\u00e9mon's true level\n|\n|t:|1783550277\n|teamsize|p1|6\n|teamsize|p2|6\n|start\n|switch|p1a: Oricorio|Oricorio-Pom-Pom, L82, M|100/100\n|switch|p2a: Ursaring|Ursaring, L84, M|288/288\n|turn|1\n|inactive|Battle timer is ON: inactive players will automatically lose when time's up. (requested by p0x8938fe1)\n|inactive|Time left: 300 sec this turn | 300 sec total | 60 sec grace\n|inactive|p0y8939c78 also wants the timer to be on.\n|\n|t:|1783550278\n|move|p1a: Oricorio|Quiver Dance|p1a: Oricorio\n|-boost|p1a: Oricorio|spa|1\n|-boost|p1a: Oricorio|spd|1\n|-boost|p1a: Oricorio|spe|1\n|move|p2a: Ursaring|Swords Dance|p2a: Ursaring\n|-boost|p2a: Ursaring|atk|2\n|-activate|p1a: Oricorio|ability: Dancer\n|move|p1a: Oricorio|Swords Dance|p1a: Oricorio|[from] ability: Dancer\n|-boost|p1a: Oricorio|atk|2\n|\n|-status|p2a: Ursaring|tox|[from] item: Toxic Orb\n|upkeep\n|turn|2\n|inactive|Time left: 300 sec this turn | 300 sec total\n|\n|t:|1783550279\n|move|p1a: Oricorio|Hurricane|p2a: Ursaring|[miss]\n|-miss|p1a: Oricorio|p2a: Ursaring\n|move|p2a: Ursaring|Facade|p1a: Oricorio\n|-damage|p1a: Oricorio|0 fnt\n|faint|p1a: Oricorio\n|\n|-damage|p2a: Ursaring|270/288 tox|[from] psn\n|upkeep\n|\n|t:|1783550279\n|switch|p1a: Pecharunt|Pecharunt, L77|100/100\n|turn|3\n|inactive|Time left: 300 sec this turn | 300 sec total\n|\n|t:|1783550281\n|move|p2a: Ursaring|Crunch|p1a: Pecharunt\n|-supereffective|p1a: Pecharunt\n|-damage|p1a: Pecharunt|21/100\n|move|p1a: Pecharunt|Nasty Plot|p1a: Pecharunt\n|-boost|p1a: Pecharunt|spa|2\n|\n|-heal|p1a: Pecharunt|27/100|[from] item: Leftovers\n|-damage|p2a: Ursaring|234/288 tox|[from] psn\n|upkeep\n|turn|4\n|inactive|Time left: 300 sec this turn | 300 sec total\n|\n|t:|1783550282\n|-terastallize|p1a: Pecharunt|Dark\n|move|p2a: Ursaring|Crunch|p1a: Pecharunt\n|-resisted|p1a: Pecharunt\n|-damage|p1a: Pecharunt|8/100\n|-unboost|p1a: Pecharunt|def|1\n|move|p1a: Pecharunt|Malignant Chain|p2a: Ursaring\n|-damage|p2a: Ursaring|62/288 tox\n|\n|-heal|p1a: Pecharunt|14/100|[from] item: Leftovers\n|-damage|p2a: Ursaring|8/288 tox|[from] psn\n|upkeep\n|turn|5\n|inactive|Time left: 300 sec this turn | 300 sec total\n|\n|t:|1783550283\n|move|p2a: Ursaring|Facade|p1a: Pecharunt\n|-damage|p1a: Pecharunt|0 fnt\n|faint|p1a: Pecharunt\n|\n|-damage|p2a: Ursaring|0 fnt|[from] psn\n|faint|p2a: Ursaring\n|upkeep\n|inactive|Time left: 300 sec this turn | 300 sec total | 5 sec grace\n|\n|t:|1783550284\n|switch|p1a: Braviary|Braviary-Hisui, L85, M|100/100\n|switch|p2a: Enamorus|Enamorus, L79, F|247/247\n|turn|6\n|inactive|Time left: 300 sec this turn | 300 sec total\n|\n|t:|1783550285\n|move|p2a: Enamorus|Mystical Fire|p1a: Braviary\n|-damage|p1a: Braviary|78/100\n|-unboost|p1a: Braviary|spa|1\n|move|p1a: Braviary|Psychic|p2a: Enamorus\n|-damage|p2a: Enamorus|98/247\n|\n|upkeep\n|turn|7\n|inactive|Time left: 300 sec this turn | 300 sec total\n|\n|t:|1783550286\n|move|p2a: Enamorus|Moonblast|p1a: Braviary\n|-damage|p1a: Braviary|33/100\n|-unboost|p1a: Braviary|spa|1\n|move|p1a: Braviary|Psychic|p2a: Enamorus\n|-damage|p2a: Enamorus|0 fnt\n|faint|p2a: Enamorus\n|\n|upkeep\n|inactive|Time left: 300 sec this turn | 300 sec total | 5 sec grace\n|\n|t:|1783550287\n|switch|p2a: Incineroar|Incineroar, L82, F|290/290\n|-ability|p2a: Incineroar|Intimidate|boost\n|-unboost|p1a: Braviary|atk|1\n|turn|8\n|inactive|Time left: 300 sec this turn | 300 sec total\n|\n|t:|1783550288\n|switch|p1a: Sandaconda|Sandaconda, L84, M|100/100\n|move|p2a: Incineroar|Knock Off|p1a: Sandaconda\n|-damage|p1a: Sandaconda|49/100\n|-enditem|p1a: Sandaconda|Loaded Dice|[from] move: Knock Off|[of] p2a: Incineroar\n|\n|upkeep\n|turn|9\n|inactive|Time left: 300 sec this turn | 300 sec total\n|\n|t:|1783550289\n|switch|p2a: Appletun|Appletun, L92, M|352/352\n|move|p1a: Sandaconda|Earthquake|p2a: Appletun\n|-resisted|p2a: Appletun\n|-damage|p2a: Appletun|292/352\n|\n|-heal|p2a: Appletun|314/352|[from] item: Leftovers\n|upkeep\n|turn|10\n|inactive|Time left: 300 sec this turn | 300 sec total\n|\n|t:|1783550290\n|switch|p1a: Braviary|Braviary-Hisui, L85, M|33/100\n|move|p2a: Appletun|Dragon Pulse|p1a: Braviary\n|-damage|p1a: Braviary|0 fnt\n|faint|p1a: Braviary\n|\n|-heal|p2a: Appletun|336/352|[from] item: Leftovers\n|upkeep\n|\n|t:|1783550291\n|switch|p1a: Oranguru|Oranguru, L92, F|100/100\n|turn|11\n|inactive|Time left: 300 sec this turn | 300 sec total\n|\n|t:|1783550292\n|move|p1a: Oranguru|Hyper Voice|p2a: Appletun\n|-damage|p2a: Appletun|177/352\n|move|p2a: Appletun|Dragon Tail|p1a: Oranguru\n|-damage|p1a: Oranguru|80/100\n|drag|p1a: Kyogre|Kyogre, L71|100/100\n|-weather|RainDance|[from] ability: Drizzle|[of] p1a: Kyogre\n|\n|-weather|RainDance|[upkeep]\n|-heal|p2a: Appletun|199/352|[from] item: Leftovers\n|upkeep\n|turn|12\n|inactive|Time left: 300 sec this turn | 300 sec total\n|\n|t:|1783550294\n|move|p1a: Kyogre|Ice Beam|p2a: Appletun\n|-supereffective|p2a: Appletun\n|-damage|p2a: Appletun|75/352\n|move|p2a: Appletun|Apple Acid|p1a: Kyogre\n|-supereffective|p1a: Kyogre\n|-damage|p1a: Kyogre|30/100\n|-unboost|p1a: Kyogre|spd|1\n|\n|-weather|RainDance|[upkeep]\n|-heal|p1a: Kyogre|36/100|[from] item: Leftovers\n|-heal|p2a: Appletun|97/352|[from] item: Leftovers\n|upkeep\n|turn|13\n|inactive|Time left: 300 sec this turn | 300 sec total\n|\n|t:|1783550295\n|move|p1a: Kyogre|Ice Beam|p2a: Appletun\n|-supereffective|p2a: Appletun\n|-damage|p2a: Appletun|0 fnt\n|faint|p2a: Appletun\n|\n|-weather|RainDance|[upkeep]\n|-heal|p1a: Kyogre|43/100|[from] item: Leftovers\n|upkeep\n|inactive|Time left: 300 sec this turn | 300 sec total | 5 sec grace\n|\n|t:|1783550296\n|switch|p2a: Gogoat|Gogoat, L88, F|360/360\n|turn|14\n|inactive|Time left: 300 sec this turn | 300 sec total\n|\n|t:|1783550297\n|switch|p1a: Oranguru|Oranguru, L92, F|80/100\n|move|p2a: Gogoat|Horn Leech|p1a: Oranguru\n|-damage|p1a: Oranguru|53/100\n|\n|-weather|RainDance|[upkeep]\n|upkeep\n|turn|15\n|inactive|Time left: 300 sec this turn | 300 sec total\n|\n|t:|1783550298\n|move|p2a: Gogoat|Bulk Up|p2a: Gogoat\n|-boost|p2a: Gogoat|atk|1\n|-boost|p2a: Gogoat|def|1\n|move|p1a: Oranguru|Hyper Voice|p2a: Gogoat\n|-damage|p2a: Gogoat|192/360\n|\n|-weather|none\n|-heal|p2a: Gogoat|214/360|[from] item: Leftovers\n|upkeep\n|turn|16\n|inactive|Time left: 300 sec this turn | 300 sec total\n|\n|t:|1783550299\n|move|p2a: Gogoat|Horn Leech|p1a: Oranguru\n|-damage|p1a: Oranguru|7/100\n|-heal|p2a: Gogoat|286/360|[from] drain|[of] p1a: Oranguru\n|move|p1a: Oranguru|Hyper Voice|p2a: Gogoat\n|-damage|p2a: Gogoat|126/360\n|\n|-heal|p2a: Gogoat|148/360|[from] item: Leftovers\n|upkeep\n|turn|17\n|inactive|Time left: 300 sec this turn | 300 sec total\n|\n|t:|1783550300\n|move|p2a: Gogoat|Horn Leech|p1a: Oranguru\n|-damage|p1a: Oranguru|0 fnt\n|-heal|p2a: Gogoat|158/360|[from] drain|[of] p1a: Oranguru\n|faint|p1a: Oranguru\n|\n|-heal|p2a: Gogoat|180/360|[from] item: Leftovers\n|upkeep\n|\n|t:|1783550301\n|switch|p1a: Sandaconda|Sandaconda, L84, M|49/100\n|turn|18\n|inactive|Time left: 300 sec this turn | 300 sec total\n|\n|t:|1783550302\n|switch|p1a: Kyogre|Kyogre, L71|43/100\n|-weather|RainDance|[from] ability: Drizzle|[of] p1a: Kyogre\n|-terastallize|p2a: Gogoat|Ground\n|move|p2a: Gogoat|Horn Leech|p1a: Kyogre\n|-supereffective|p1a: Kyogre\n|-damage|p1a: Kyogre|0 fnt\n|-heal|p2a: Gogoat|235/360|[from] drain|[of] p1a: Kyogre\n|faint|p1a: Kyogre\n|\n|-weather|RainDance|[upkeep]\n|-heal|p2a: Gogoat|257/360|[from] item: Leftovers\n|upkeep\n|\n|t:|1783550303\n|switch|p1a: Sandaconda|Sandaconda, L84, M|49/100\n|turn|19\n|inactive|Time left: 300 sec this turn | 300 sec total\n|\n|t:|1783550304\n|move|p2a: Gogoat|Horn Leech|p1a: Sandaconda\n|-supereffective|p1a: Sandaconda\n|-damage|p1a: Sandaconda|0 fnt\n|-heal|p2a: Gogoat|320/360|[from] drain|[of] p1a: Sandaconda\n|faint|p1a: Sandaconda\n|\n|win|p0y8939c78", "uploadtime": 1783550304, "views": 0, "rating": 0, "private": 0, "password": null, "_winner": "p0y8939c78", "_our_name": "p0y8939c78"}