{"id": "battle-gen9randombattle-1019", "formatid": "gen9randombattle", "format": "[Gen 9] Random Battle", "players": ["p0x10191660", "p0y101940c0"], "log": "|init|battle\n|title|p0x10191660 vs. p0y101940c0\n|j|\u2606p0x10191660\n|j|\u2606p0y101940c0\n|t:|1783551015\n|gametype|singles\n|player|p1|p0x10191660|101|\n|player|p2|p0y101940c0|265|\n|gen|9\n|tier|[Gen 9] Random Battle\n|rule|Species Clause: Limit one of each Pok\u00e9mon\n|rule|HP Percentage Mod: HP is shown in percentages\n|rule|Sleep Clause Mod: Limit one foe put to sleep\n|rule|Illusion Level Mod: Illusion disguises the Pok\u00e9mon's true level\n|\n|t:|1783551015\n|teamsize|p1|6\n|teamsize|p2|6\n|start\n|switch|p1a: Ampharos|Ampharos, L88, M|100/100\n|switch|p2a: Komala|Komala, L87, M|255/255\n|-ability|p2a: Komala|Comatose\n|turn|1\n|inactive|Battle timer is ON: inactive players will automatically lose when time's up. (requested by p0y101940c0)\n|inactive|p0x10191660 also wants the timer to be on.\n|\n|t:|1783551017\n|move|p2a: Komala|Rapid Spin|p1a: Ampharos\n|-damage|p1a: Ampharos|79/100\n|-boost|p2a: Komala|spe|1\n|move|p1a: Ampharos|Thunderbolt|p2a: Komala\n|-damage|p2a: Komala|149/255\n|\n|upkeep\n|turn|2\n|inactive|Time left: 300 sec this turn | 300 sec total\n|\n|t:|1783551019\n|move|p2a: Komala|Knock Off|p1a: Ampharos\n|-damage|p1a: Ampharos|54/100\n|-enditem|p1a: Ampharos|Choice Specs|[from] move: Knock Off|[of] p2a: Komala\n|move|p1a: Ampharos|Thunderbolt|p2a: Komala\n|-damage|p2a: Komala|73/255\n|\n|upkeep\n|turn|3\n|inactive|Time left: 300 sec this turn | 300 sec total\n|\n|t:|1783551020\n|move|p2a: Komala|Body Slam|p1a: Ampharos\n|-damage|p1a: Ampharos|16/100\n|move|p1a: Ampharos|Thunderbolt|p2a: Komala\n|-damage|p2a: Komala|0 fnt\n|faint|p2a: Komala\n|\n|upkeep\n|inactive|Time left: 300 sec this turn | 300 sec total | 5 sec grace\n|\n|t:|1783551021\n|switch|p2a: Overqwil|Overqwil, L82, F|274/274\n|-ability|p2a: Overqwil|Intimidate|boost\n|-unboost|p1a: Ampharos|atk|1\n|turn|4\n|inactive|Time left: 300 sec this turn | 300 sec total\n|\n|t:|1783551022\n|move|p2a: Overqwil|Gunk Shot|p1a: Ampharos|[miss]\n|-miss|p2a: Overqwil|p1a: Ampharos\n|move|p1a: Ampharos|Dazzling Gleam|p2a: Overqwil\n|-damage|p2a: Overqwil|189/274\n|\n|upkeep\n|turn|5\n|inactive|Time left: 300 sec this turn | 300 sec total\n|\n|t:|1783551023\n|move|p2a: Overqwil|Crunch|p1a: Ampharos\n|-damage|p1a: Ampharos|0 fnt\n|-status|p2a: Overqwil|par|[from] ability: Static|[of] p1a: Ampharos\n|faint|p1a: Ampharos\n|-damage|p2a: Overqwil|162/274 par|[from] item: Life Orb\n|\n|upkeep\n|\n|t:|1783551024\n|switch|p1a: Miraidon|Miraidon, L65|100/100\n|-fieldstart|move: Electric Terrain|[from] ability: Hadron Engine|[of] p1a: Miraidon\n|turn|6\n|inactive|Time left: 300 sec this turn | 300 sec total\n|\n|t:|1783551025\n|switch|p2a: Dunsparce|Dunsparce, L86, M|312/312\n|move|p1a: Miraidon|Electro Drift|p2a: Dunsparce\n|-damage|p2a: Dunsparce|143/312\n|\n|upkeep\n|turn|7\n|inactive|Time left: 300 sec this turn | 300 sec total\n|\n|t:|1783551026\n|-terastallize|p2a: Dunsparce|Ground\n|move|p1a: Miraidon|Electro Drift|p2a: Dunsparce\n|-immune|p2a: Dunsparce\n|move|p2a: Dunsparce|Earthquake|p1a: Miraidon\n|-supereffective|p1a: Miraidon\n|-damage|p1a: Miraidon|22/100\n|\n|upkeep\n|turn|8\n|inactive|Time left: 300 sec this turn | 300 sec total\n|\n|t:|1783551027\n|move|p1a: Miraidon|Electro Drift|p2a: Dunsparce\n|-immune|p2a: Dunsparce\n|move|p2a: Dunsparce|Roost|p2a: Dunsparce\n|-heal|p2a: Dunsparce|299/312\n|\n|upkeep\n|turn|9\n|inactive|Time left: 300 sec this turn | 300 sec total\n|\n|t:|1783551028\n|switch|p1a: Toedscruel|Toedscruel, L87, M|100/100\n|move|p2a: Dunsparce|Coil|p2a: Dunsparce\n|-boost|p2a: Dunsparce|atk|1\n|-boost|p2a: Dunsparce|def|1\n|-boost|p2a: Dunsparce|accuracy|1\n|\n|upkeep\n|turn|10\n|inactive|Time left: 300 sec this turn | 300 sec total\n|\n|t:|1783551029\n|move|p1a: Toedscruel|Giga Drain|p2a: Dunsparce\n|-supereffective|p2a: Dunsparce\n|-damage|p2a: Dunsparce|189/312\n|move|p2a: Dunsparce|Body Slam|p1a: Toedscruel\n|-damage|p1a: Toedscruel|55/100\n|\n|-heal|p1a: Toedscruel|61/100|[from] item: Leftovers\n|-fieldend|move: Electric Terrain\n|upkeep\n|turn|11\n|inactive|Time left: 300 sec this turn | 300 sec total\n|\n|t:|1783551030\n|move|p2a: Dunsparce|Body Slam|p1a: Toedscruel\n|-damage|p1a: Toedscruel|17/100\n|-status|p1a: Toedscruel|par\n|move|p1a: Toedscruel|Spore|p2a: Dunsparce\n|-status|p2a: Dunsparce|slp|[from] move: Spore\n|\n|-heal|p1a: Toedscruel|23/100 par|[from] item: Leftovers\n|upkeep\n|turn|12\n|inactive|Time left: 300 sec this turn | 300 sec total\n|\n|t:|1783551031\n|cant|p2a: Dunsparce|slp\n|move|p1a: Toedscruel|Giga Drain|p2a: Dunsparce\n|-supereffective|p2a: Dunsparce\n|-damage|p2a: Dunsparce|79/312 slp\n|-heal|p1a: Toedscruel|42/100 par|[from] drain|[of] p2a: Dunsparce\n|\n|-heal|p1a: Toedscruel|48/100 par|[from] item: Leftovers\n|upkeep\n|turn|13\n|inactive|Time left: 300 sec this turn | 300 sec total\n|\n|t:|1783551032\n|cant|p2a: Dunsparce|slp\n|cant|p1a: Toedscruel|par\n|\n|-heal|p1a: Toedscruel|54/100 par|[from] item: Leftovers\n|upkeep\n|turn|14\n|inactive|Time left: 300 sec this turn | 300 sec total\n|\n|t:|1783551033\n|-curestatus|p2a: Dunsparce|slp|[msg]\n|move|p2a: Dunsparce|Roost|p2a: Dunsparce\n|-heal|p2a: Dunsparce|235/312\n|cant|p1a: Toedscruel|par\n|\n|-heal|p1a: Toedscruel|60/100 par|[from] item: Leftovers\n|upkeep\n|turn|15\n|inactive|Time left: 300 sec this turn | 300 sec total\n|\n|t:|1783551033\n|move|p2a: Dunsparce|Body Slam|p1a: Toedscruel\n|-damage|p1a: Toedscruel|14/100 par\n|move|p1a: Toedscruel|Giga Drain|p2a: Dunsparce\n|-supereffective|p2a: Dunsparce\n|-damage|p2a: Dunsparce|119/312\n|-heal|p1a: Toedscruel|35/100 par|[from] drain|[of] p2a: Dunsparce\n|\n|-heal|p1a: Toedscruel|41/100 par|[from] item: Leftovers\n|upkeep\n|turn|16\n|inactive|Time left: 300 sec this turn | 300 sec total\n|\n|t:|1783551034\n|move|p2a: Dunsparce|Body Slam|p1a: Toedscruel\n|-damage|p1a: Toedscruel|0 fnt\n|faint|p1a: Toedscruel\n|\n|upkeep\n|\n|t:|1783551035\n|switch|p1a: Miraidon|Miraidon, L65|22/100\n|-fieldstart|move: Electric Terrain|[from] ability: Hadron Engine|[of] p1a: Miraidon\n|turn|17\n|inactive|Time left: 300 sec this turn | 300 sec total\n|\n|t:|1783551036\n|move|p1a: Miraidon|Draco Meteor|p2a: Dunsparce\n|-damage|p2a: Dunsparce|0 fnt\n|-unboost|p1a: Miraidon|spa|2\n|faint|p2a: Dunsparce\n|\n|upkeep\n|inactive|Time left: 300 sec this turn | 300 sec total | 5 sec grace\n|\n|t:|1783551037\n|switch|p2a: Spiritomb|Spiritomb, L89, M|234/234\n|turn|18\n|inactive|Time left: 300 sec this turn | 300 sec total\n|\n|t:|1783551038\n|move|p1a: Miraidon|Draco Meteor|p2a: Spiritomb\n|-damage|p2a: Spiritomb|138/234\n|-unboost|p1a: Miraidon|spa|2\n|move|p2a: Spiritomb|Foul Play|p1a: Miraidon\n|-damage|p1a: Miraidon|0 fnt\n|faint|p1a: Miraidon\n|\n|-heal|p2a: Spiritomb|152/234|[from] item: Leftovers\n|upkeep\n|\n|t:|1783551039\n|switch|p1a: Dusknoir|Dusknoir, L89, F|100/100\n|-item|p2a: Spiritomb|Leftovers|[from] ability: Frisk|[of] p1a: Dusknoir\n|turn|19\n|inactive|Time left: 300 sec this turn | 300 sec total\n|\n|t:|1783551040\n|switch|p2a: Overqwil|Overqwil, L82, F|162/274 par\n|-ability|p2a: Overqwil|Intimidate|boost\n|-unboost|p1a: Dusknoir|atk|1\n|move|p1a: Dusknoir|Poltergeist|p2a: Overqwil\n|-activate|p2a: Overqwil|move: Poltergeist|Life Orb\n|-resisted|p2a: Overqwil\n|-damage|p2a: Overqwil|111/274 par\n|-damage|p1a: Dusknoir|91/100|[from] item: Life Orb\n|\n|upkeep\n|turn|20\n|inactive|Time left: 300 sec this turn | 300 sec total\n|\n|t:|1783551041\n|move|p1a: Dusknoir|Earthquake|p2a: Overqwil\n|-supereffective|p2a: Overqwil\n|-damage|p2a: Overqwil|0 fnt\n|faint|p2a: Overqwil\n|-damage|p1a: Dusknoir|81/100|[from] item: Life Orb\n|\n|upkeep\n|inactive|Time left: 300 sec this turn | 300 sec total | 5 sec grace\n|\n|t:|1783551042\n|switch|p2a: Spiritomb|Spiritomb, L89, M|152/234\n|turn|21\n|inactive|Time left: 300 sec this turn | 300 sec total\n|\n|t:|1783551042\n|switch|p1a: Brute Bonnet|Brute Bonnet, L80|100/100\n|move|p2a: Spiritomb|Poltergeist|p1a: Brute Bonnet\n|-activate|p1a: Brute Bonnet|move: Poltergeist|Leftovers\n|-resisted|p1a: Brute Bonnet\n|-damage|p1a: Brute Bonnet|83/100\n|\n|-heal|p1a: Brute Bonnet|89/100|[from] item: Leftovers\n|-heal|p2a: Spiritomb|166/234|[from] item: Leftovers\n|-fieldend|move: Electric Terrain\n|upkeep\n|turn|22\n|inactive|Time left: 300 sec this turn | 300 sec total\n|\n|t:|1783551043\n|move|p1a: Brute Bonnet|Spore|p2a: Spiritomb\n|-status|p2a: Spiritomb|slp|[from] move: Spore\n|cant|p2a: Spiritomb|slp\n|\n|-heal|p1a: Brute Bonnet|95/100|[from] item: Leftovers\n|-heal|p2a: Spiritomb|180/234 slp|[from] item: Leftovers\n|upkeep\n|turn|23\n|inactive|Time left: 300 sec this turn | 300 sec total\n|\n|t:|1783551044\n|move|p1a: Brute Bonnet|Crunch|p2a: Spiritomb\n|-damage|p2a: Spiritomb|98/234 slp\n|-curestatus|p2a: Spiritomb|slp|[msg]\n|move|p2a: Spiritomb|Toxic|p1a: Brute Bonnet\n|-status|p1a: Brute Bonnet|tox\n|\n|-heal|p1a: Brute Bonnet|100/100 tox|[from] item: Leftovers\n|-heal|p2a: Spiritomb|112/234|[from] item: Leftovers\n|-damage|p1a: Brute Bonnet|94/100 tox|[from] psn\n|upkeep\n|turn|24\n|inactive|Time left: 300 sec this turn | 300 sec total\n|\n|t:|1783551046\n|switch|p2a: Eternatus|Eternatus, L69|308/308\n|-ability|p2a: Eternatus|Pressure\n|move|p1a: Brute Bonnet|Crunch|p2a: Eternatus\n|-damage|p2a: Eternatus|197/308\n|-damage|p1a: Brute Bonnet|78/100 tox|[from] item: Rocky Helmet|[of] p2a: Eternatus\n|\n|-heal|p1a: Brute Bonnet|84/100 tox|[from] item: Leftovers\n|-damage|p1a: Brute Bonnet|72/100 tox|[from] psn\n|upkeep\n|turn|25\n|inactive|Time left: 300 sec this turn | 300 sec total\n|\n|t:|1783551047\n|-end|p1a: Brute Bonnet|Protosynthesis|[silent]\n|switch|p1a: Dusknoir|Dusknoir, L89, F|81/100\n|-item|p2a: Eternatus|Rocky Helmet|[from] ability: Frisk|[of] p1a: Dusknoir\n|move|p2a: Eternatus|Dynamax Cannon|p1a: Dusknoir\n|-damage|p1a: Dusknoir|54/100\n|\n|upkeep\n|turn|26\n|inactive|Time left: 300 sec this turn | 300 sec total\n|\n|t:|1783551048\n|move|p2a: Eternatus|Dynamax Cannon|p1a: Dusknoir\n|-damage|p1a: Dusknoir|23/100\n|move|p1a: Dusknoir|Earthquake|p2a: Eternatus\n|-supereffective|p2a: Eternatus\n|-damage|p2a: Eternatus|0 fnt\n|faint|p2a: Eternatus\n|-damage|p1a: Dusknoir|13/100|[from] item: Life Orb\n|\n|upkeep\n|inactive|Time left: 300 sec this turn | 300 sec total | 5 sec grace\n|\n|t:|1783551049\n|switch|p2a: Spiritomb|Spiritomb, L89, M|112/234\n|turn|27\n|inactive|Time left: 300 sec this turn | 300 sec total\n|\n|t:|1783551050\n|move|p2a: Spiritomb|Shadow Sneak|p1a: Dusknoir\n|-supereffective|p1a: Dusknoir\n|-damage|p1a: Dusknoir|0 fnt\n|faint|p1a: Dusknoir\n|\n|-heal|p2a: Spiritomb|126/234|[from] item: Leftovers\n|upkeep\n|\n|t:|1783551051\n|switch|p1a: Brute Bonnet|Brute Bonnet, L80|72/100 tox\n|turn|28\n|inactive|Time left: 300 sec this turn | 300 sec total\n|\n|t:|1783551052\n|move|p1a: Brute Bonnet|Crunch|p2a: Spiritomb\n|-damage|p2a: Spiritomb|51/234\n|move|p2a: Spiritomb|Foul Play|p1a: Brute Bonnet\n|-resisted|p1a: Brute Bonnet\n|-damage|p1a: Brute Bonnet|51/100 tox\n|\n|-heal|p1a: Brute Bonnet|57/100 tox|[from] item: Leftovers\n|-heal|p2a: Spiritomb|65/234|[from] item: Leftovers\n|-damage|p1a: Brute Bonnet|51/100 tox|[from] psn\n|upkeep\n|turn|29\n|inactive|Time left: 300 sec this turn | 300 sec total\n|\n|t:|1783551053\n|move|p1a: Brute Bonnet|Crunch|p2a: Spiritomb\n|-damage|p2a: Spiritomb|0 fnt\n|faint|p2a: Spiritomb\n|\n|-heal|p1a: Brute Bonnet|57/100 tox|[from] item: Leftovers\n|-damage|p1a: Brute Bonnet|45/100 tox|[from] psn\n|upkeep\n|inactive|Time left: 300 sec this turn | 300 sec total | 5 sec grace\n|\n|t:|1783551054\n|switch|p2a: Banette|Banette, L93, F|270/270\n|turn|30\n|inactive|Time left: 300 sec this turn | 300 sec total\n|\n|t:|1783551055\n|move|p2a: Banette|Swords Dance|p2a: Banette\n|-boost|p2a: Banette|atk|2\n|move|p1a: Brute Bonnet|Crunch|p2a: Banette\n|-supereffective|p2a: Banette\n|-damage|p2a: Banette|54/270\n|\n|-heal|p1a: Brute Bonnet|51/100 tox|[from] item: Leftovers\n|-damage|p1a: Brute Bonnet|33/100 tox|[from] psn\n|upkeep\n|turn|31\n|inactive|Time left: 300 sec this turn | 300 sec total\n|\n|t:|1783551057\n|-terastallize|p1a: Brute Bonnet|Poison\n|move|p2a: Banette|Swords Dance|p2a: Banette\n|-boost|p2a: Banette|atk|2\n|move|p1a: Brute Bonnet|Crunch|p2a: Banette\n|-supereffective|p2a: Banette\n|-damage|p2a: Banette|0 fnt\n|faint|p2a: Banette\n|\n|win|p0x10191660", "uploadtime": 1783551057, "views": 0, "rating": 0, "private": 0, "password": null, "_winner": "p0x10191660", "_our_name": "p0y101940c0"}