{"id": "battle-gen9randombattle-1612", "formatid": "gen9randombattle", "format": "[Gen 9] Random Battle", "players": ["p0x16127f4a", "p0y1612d1ca"], "log": "|init|battle\n|title|p0x16127f4a vs. p0y1612d1ca\n|j|\u2606p0x16127f4a\n|j|\u2606p0y1612d1ca\n|t:|1783558651\n|gametype|singles\n|player|p1|p0x16127f4a|266|\n|player|p2|p0y1612d1ca|170|\n|gen|9\n|tier|[Gen 9] Random Battle\n|rule|Species Clause: Limit one of each Pok\u00e9mon\n|rule|HP Percentage Mod: HP is shown in percentages\n|rule|Sleep Clause Mod: Limit one foe put to sleep\n|rule|Illusion Level Mod: Illusion disguises the Pok\u00e9mon's true level\n|\n|t:|1783558651\n|teamsize|p1|6\n|teamsize|p2|6\n|start\n|switch|p1a: Rampardos|Rampardos, L90, M|321/321\n|switch|p2a: Klawf|Klawf, L90, F|100/100\n|turn|1\n|inactive|Battle timer is ON: inactive players will automatically lose when time's up. (requested by p0y1612d1ca)\n|inactive|Time left: 300 sec this turn | 300 sec total | 60 sec grace\n|inactive|p0x16127f4a also wants the timer to be on.\n|\n|t:|1783558652\n|move|p1a: Rampardos|Earthquake|p2a: Klawf\n|-supereffective|p2a: Klawf\n|-damage|p2a: Klawf|28/100\n|move|p2a: Klawf|High Horsepower|p1a: Rampardos\n|-supereffective|p1a: Rampardos\n|-damage|p1a: Rampardos|45/321\n|-damage|p2a: Klawf|18/100|[from] item: Life Orb\n|\n|upkeep\n|turn|2\n|inactive|Time left: 300 sec this turn | 300 sec total\n|\n|t:|1783558653\n|switch|p2a: Gogoat|Gogoat, L88, M|100/100\n|move|p1a: Rampardos|Earthquake|p2a: Gogoat\n|-resisted|p2a: Gogoat\n|-damage|p2a: Gogoat|80/100\n|\n|-heal|p2a: Gogoat|86/100|[from] item: Leftovers\n|upkeep\n|turn|3\n|inactive|Time left: 300 sec this turn | 300 sec total\n|\n|t:|1783558654\n|move|p1a: Rampardos|Earthquake|p2a: Gogoat\n|-resisted|p2a: Gogoat\n|-damage|p2a: Gogoat|63/100\n|move|p2a: Gogoat|Bulk Up|p2a: Gogoat\n|-boost|p2a: Gogoat|atk|1\n|-boost|p2a: Gogoat|def|1\n|\n|-heal|p2a: Gogoat|69/100|[from] item: Leftovers\n|upkeep\n|turn|4\n|inactive|Time left: 300 sec this turn | 300 sec total\n|\n|t:|1783558655\n|switch|p1a: Iron Leaves|Iron Leaves, L80|275/275\n|move|p2a: Gogoat|Bulk Up|p2a: Gogoat\n|-boost|p2a: Gogoat|atk|1\n|-boost|p2a: Gogoat|def|1\n|\n|-heal|p2a: Gogoat|75/100|[from] item: Leftovers\n|upkeep\n|turn|5\n|inactive|Time left: 300 sec this turn | 300 sec total\n|\n|t:|1783558656\n|move|p1a: Iron Leaves|Megahorn|p2a: Gogoat|[miss]\n|-miss|p1a: Iron Leaves|p2a: Gogoat\n|move|p2a: Gogoat|Horn Leech|p1a: Iron Leaves\n|-resisted|p1a: Iron Leaves\n|-damage|p1a: Iron Leaves|188/275\n|-heal|p2a: Gogoat|87/100|[from] drain|[of] p1a: Iron Leaves\n|\n|-heal|p2a: Gogoat|94/100|[from] item: Leftovers\n|upkeep\n|turn|6\n|inactive|Time left: 300 sec this turn | 300 sec total\n|\n|t:|1783558657\n|move|p1a: Iron Leaves|Megahorn|p2a: Gogoat\n|-supereffective|p2a: Gogoat\n|-damage|p2a: Gogoat|46/100\n|move|p2a: Gogoat|Horn Leech|p1a: Iron Leaves\n|-resisted|p1a: Iron Leaves\n|-damage|p1a: Iron Leaves|98/275\n|-heal|p2a: Gogoat|59/100|[from] drain|[of] p1a: Iron Leaves\n|\n|-heal|p2a: Gogoat|65/100|[from] item: Leftovers\n|upkeep\n|turn|7\n|inactive|Time left: 300 sec this turn | 300 sec total\n|\n|t:|1783558658\n|move|p1a: Iron Leaves|Megahorn|p2a: Gogoat\n|-supereffective|p2a: Gogoat\n|-damage|p2a: Gogoat|12/100\n|move|p2a: Gogoat|Milk Drink|p2a: Gogoat\n|-heal|p2a: Gogoat|62/100\n|\n|-heal|p2a: Gogoat|68/100|[from] item: Leftovers\n|upkeep\n|turn|8\n|inactive|Time left: 300 sec this turn | 300 sec total\n|\n|t:|1783558659\n|move|p1a: Iron Leaves|Megahorn|p2a: Gogoat\n|-supereffective|p2a: Gogoat\n|-damage|p2a: Gogoat|17/100\n|move|p2a: Gogoat|Horn Leech|p1a: Iron Leaves\n|-resisted|p1a: Iron Leaves\n|-damage|p1a: Iron Leaves|10/275\n|-heal|p2a: Gogoat|29/100|[from] drain|[of] p1a: Iron Leaves\n|\n|-heal|p2a: Gogoat|35/100|[from] item: Leftovers\n|upkeep\n|turn|9\n|inactive|Time left: 300 sec this turn | 300 sec total\n|\n|t:|1783558660\n|-terastallize|p2a: Gogoat|Water\n|move|p1a: Iron Leaves|Megahorn|p2a: Gogoat\n|-damage|p2a: Gogoat|10/100\n|move|p2a: Gogoat|Milk Drink|p2a: Gogoat\n|-heal|p2a: Gogoat|60/100\n|\n|-heal|p2a: Gogoat|67/100|[from] item: Leftovers\n|upkeep\n|turn|10\n|inactive|Time left: 300 sec this turn | 300 sec total\n|\n|t:|1783558661\n|move|p1a: Iron Leaves|Megahorn|p2a: Gogoat\n|-damage|p2a: Gogoat|42/100\n|move|p2a: Gogoat|Horn Leech|p1a: Iron Leaves\n|-resisted|p1a: Iron Leaves\n|-damage|p1a: Iron Leaves|0 fnt\n|-heal|p2a: Gogoat|43/100|[from] drain|[of] p1a: Iron Leaves\n|faint|p1a: Iron Leaves\n|-end|p1a: Iron Leaves|Quark Drive|[silent]\n|\n|-heal|p2a: Gogoat|49/100|[from] item: Leftovers\n|upkeep\n|inactive|Time left: 300 sec this turn | 300 sec total | 5 sec grace\n|\n|t:|1783558662\n|switch|p1a: Rampardos|Rampardos, L90, M|45/321\n|turn|11\n|inactive|Time left: 300 sec this turn | 300 sec total\n|\n|t:|1783558663\n|move|p1a: Rampardos|Head Smash|p2a: Gogoat\n|-damage|p2a: Gogoat|4/100\n|-damage|p1a: Rampardos|0 fnt|[from] Recoil\n|faint|p1a: Rampardos\n|move|p2a: Gogoat|Milk Drink|p2a: Gogoat\n|-heal|p2a: Gogoat|54/100\n|\n|-heal|p2a: Gogoat|60/100|[from] item: Leftovers\n|upkeep\n|inactive|Time left: 300 sec this turn | 300 sec total | 5 sec grace\n|\n|t:|1783558664\n|switch|p1a: Iron Crown|Iron Crown, L78|268/268\n|turn|12\n|inactive|Time left: 300 sec this turn | 300 sec total\n|\n|t:|1783558666\n|move|p1a: Iron Crown|Calm Mind|p1a: Iron Crown\n|-boost|p1a: Iron Crown|spa|1\n|-boost|p1a: Iron Crown|spd|1\n|move|p2a: Gogoat|Horn Leech|p1a: Iron Crown\n|-resisted|p1a: Iron Crown\n|-damage|p1a: Iron Crown|188/268\n|-heal|p2a: Gogoat|71/100|[from] drain|[of] p1a: Iron Crown\n|\n|-heal|p1a: Iron Crown|204/268|[from] item: Leftovers\n|-heal|p2a: Gogoat|77/100|[from] item: Leftovers\n|upkeep\n|turn|13\n|inactive|Time left: 300 sec this turn | 300 sec total\n|\n|t:|1783558667\n|move|p1a: Iron Crown|Calm Mind|p1a: Iron Crown\n|-boost|p1a: Iron Crown|spa|1\n|-boost|p1a: Iron Crown|spd|1\n|move|p2a: Gogoat|Horn Leech|p1a: Iron Crown\n|-resisted|p1a: Iron Crown\n|-crit|p1a: Iron Crown\n|-damage|p1a: Iron Crown|76/268\n|-heal|p2a: Gogoat|95/100|[from] drain|[of] p1a: Iron Crown\n|\n|-heal|p1a: Iron Crown|92/268|[from] item: Leftovers\n|-heal|p2a: Gogoat|100/100|[from] item: Leftovers\n|upkeep\n|turn|14\n|inactive|Time left: 300 sec this turn | 300 sec total\n|\n|t:|1783558668\n|move|p1a: Iron Crown|Focus Blast|p2a: Gogoat|[miss]\n|-miss|p1a: Iron Crown|p2a: Gogoat\n|move|p2a: Gogoat|Horn Leech|p1a: Iron Crown\n|-resisted|p1a: Iron Crown\n|-damage|p1a: Iron Crown|3/268\n|\n|-heal|p1a: Iron Crown|19/268|[from] item: Leftovers\n|upkeep\n|turn|15\n|inactive|Time left: 300 sec this turn | 300 sec total\n|\n|t:|1783558669\n|move|p1a: Iron Crown|Focus Blast|p2a: Gogoat\n|-damage|p2a: Gogoat|52/100\n|move|p2a: Gogoat|Horn Leech|p1a: Iron Crown\n|-resisted|p1a: Iron Crown\n|-damage|p1a: Iron Crown|0 fnt\n|-heal|p2a: Gogoat|55/100|[from] drain|[of] p1a: Iron Crown\n|faint|p1a: Iron Crown\n|-end|p1a: Iron Crown|Quark Drive|[silent]\n|\n|-heal|p2a: Gogoat|61/100|[from] item: Leftovers\n|upkeep\n|inactive|Time left: 300 sec this turn | 300 sec total | 5 sec grace\n|\n|t:|1783558670\n|switch|p1a: Arceus|Arceus-Fighting, L70|284/284\n|turn|16\n|inactive|Time left: 300 sec this turn | 300 sec total\n|\n|t:|1783558671\n|move|p1a: Arceus|Cosmic Power|p1a: Arceus\n|-boost|p1a: Arceus|def|1\n|-boost|p1a: Arceus|spd|1\n|move|p2a: Gogoat|Horn Leech|p1a: Arceus\n|-damage|p1a: Arceus|170/284\n|-heal|p2a: Gogoat|77/100|[from] drain|[of] p1a: Arceus\n|\n|-heal|p2a: Gogoat|83/100|[from] item: Leftovers\n|upkeep\n|turn|17\n|inactive|Time left: 300 sec this turn | 300 sec total\n|\n|t:|1783558672\n|move|p1a: Arceus|Cosmic Power|p1a: Arceus\n|-boost|p1a: Arceus|def|1\n|-boost|p1a: Arceus|spd|1\n|move|p2a: Gogoat|Horn Leech|p1a: Arceus\n|-damage|p1a: Arceus|85/284\n|-heal|p2a: Gogoat|95/100|[from] drain|[of] p1a: Arceus\n|\n|-heal|p2a: Gogoat|100/100|[from] item: Leftovers\n|upkeep\n|turn|18\n|inactive|Time left: 300 sec this turn | 300 sec total\n|\n|t:|1783558673\n|move|p1a: Arceus|Recover|p1a: Arceus\n|-heal|p1a: Arceus|227/284\n|move|p2a: Gogoat|Horn Leech|p1a: Arceus\n|-damage|p1a: Arceus|137/284\n|\n|upkeep\n|turn|19\n|inactive|Time left: 300 sec this turn | 300 sec total\n|\n|t:|1783558674\n|move|p1a: Arceus|Recover|p1a: Arceus\n|-heal|p1a: Arceus|279/284\n|move|p2a: Gogoat|Horn Leech|p1a: Arceus\n|-damage|p1a: Arceus|189/284\n|\n|upkeep\n|turn|20\n|inactive|Time left: 300 sec this turn | 300 sec total\n|\n|t:|1783558675\n|move|p1a: Arceus|Cosmic Power|p1a: Arceus\n|-boost|p1a: Arceus|def|1\n|-boost|p1a: Arceus|spd|1\n|move|p2a: Gogoat|Bulk Up|p2a: Gogoat\n|-boost|p2a: Gogoat|atk|1\n|-boost|p2a: Gogoat|def|1\n|\n|upkeep\n|turn|21\n|inactive|Time left: 300 sec this turn | 300 sec total\n|\n|t:|1783558676\n|move|p1a: Arceus|Recover|p1a: Arceus\n|-heal|p1a: Arceus|284/284\n|move|p2a: Gogoat|Horn Leech|p1a: Arceus\n|-damage|p1a: Arceus|200/284\n|\n|upkeep\n|turn|22\n|inactive|Time left: 300 sec this turn | 300 sec total\n|\n|t:|1783558677\n|move|p1a: Arceus|Recover|p1a: Arceus\n|-heal|p1a: Arceus|284/284\n|move|p2a: Gogoat|Horn Leech|p1a: Arceus\n|-damage|p1a: Arceus|191/284\n|\n|upkeep\n|turn|23\n|inactive|Time left: 300 sec this turn | 300 sec total\n|\n|t:|1783558678\n|move|p1a: Arceus|Recover|p1a: Arceus\n|-heal|p1a: Arceus|284/284\n|move|p2a: Gogoat|Horn Leech|p1a: Arceus\n|-damage|p1a: Arceus|205/284\n|\n|upkeep\n|turn|24\n|inactive|Time left: 300 sec this turn | 300 sec total\n|\n|t:|1783558679\n|move|p1a: Arceus|Recover|p1a: Arceus\n|-heal|p1a: Arceus|284/284\n|move|p2a: Gogoat|Bulk Up|p2a: Gogoat\n|-boost|p2a: Gogoat|atk|1\n|-boost|p2a: Gogoat|def|1\n|\n|upkeep\n|turn|25\n|inactive|Time left: 300 sec this turn | 300 sec total\n|\n|t:|1783558680\n|move|p1a: Arceus|Cosmic Power|p1a: Arceus\n|-boost|p1a: Arceus|def|1\n|-boost|p1a: Arceus|spd|1\n|move|p2a: Gogoat|Bulk Up|p2a: Gogoat\n|-boost|p2a: Gogoat|atk|1\n|-boost|p2a: Gogoat|def|1\n|\n|upkeep\n|turn|26\n|inactive|Time left: 300 sec this turn | 300 sec total\n|\n|t:|1783558681\n|move|p1a: Arceus|Cosmic Power|p1a: Arceus\n|-boost|p1a: Arceus|def|1\n|-boost|p1a: Arceus|spd|1\n|move|p2a: Gogoat|Milk Drink||[still]\n|-fail|p2a: Gogoat|heal\n|\n|upkeep\n|turn|27\n|inactive|Time left: 300 sec this turn | 300 sec total\n|\n|t:|1783558682\n|move|p1a: Arceus|Body Press|p2a: Gogoat\n|-damage|p2a: Gogoat|73/100\n|move|p2a: Gogoat|Milk Drink|p2a: Gogoat\n|-heal|p2a: Gogoat|100/100\n|\n|upkeep\n|turn|28\n|inactive|Time left: 300 sec this turn | 300 sec total\n|\n|t:|1783558683\n|move|p1a: Arceus|Body Press|p2a: Gogoat\n|-damage|p2a: Gogoat|71/100\n|move|p2a: Gogoat|Horn Leech|p1a: Arceus\n|-crit|p1a: Arceus\n|-damage|p1a: Arceus|0 fnt\n|-heal|p2a: Gogoat|100/100|[from] drain|[of] p1a: Arceus\n|faint|p1a: Arceus\n|\n|upkeep\n|inactive|Time left: 300 sec this turn | 300 sec total | 5 sec grace\n|\n|t:|1783558684\n|switch|p1a: Luvdisc|Luvdisc, F|247/247\n|turn|29\n|inactive|Time left: 300 sec this turn | 300 sec total\n|\n|t:|1783558685\n|move|p1a: Luvdisc|Substitute|p1a: Luvdisc\n|-start|p1a: Luvdisc|Substitute\n|-damage|p1a: Luvdisc|186/247\n|move|p2a: Gogoat|Rock Slide|p1a: Luvdisc\n|-end|p1a: Luvdisc|Substitute\n|\n|upkeep\n|turn|30\n|inactive|Time left: 300 sec this turn | 300 sec total\n|\n|t:|1783558686\n|move|p1a: Luvdisc|Substitute|p1a: Luvdisc\n|-start|p1a: Luvdisc|Substitute\n|-damage|p1a: Luvdisc|125/247\n|move|p2a: Gogoat|Rock Slide|p1a: Luvdisc|[miss]\n|-miss|p2a: Gogoat|p1a: Luvdisc\n|\n|upkeep\n|turn|31\n|inactive|Time left: 300 sec this turn | 300 sec total\n|\n|t:|1783558687\n|move|p1a: Luvdisc|Endeavor|p2a: Gogoat\n|-damage|p2a: Gogoat|35/100\n|move|p2a: Gogoat|Rock Slide|p1a: Luvdisc\n|-end|p1a: Luvdisc|Substitute\n|\n|-heal|p2a: Gogoat|41/100|[from] item: Leftovers\n|upkeep\n|turn|32\n|inactive|Time left: 300 sec this turn | 300 sec total\n|\n|t:|1783558688\n|move|p1a: Luvdisc|Substitute|p1a: Luvdisc\n|-start|p1a: Luvdisc|Substitute\n|-damage|p1a: Luvdisc|64/247\n|move|p2a: Gogoat|Rock Slide|p1a: Luvdisc\n|-end|p1a: Luvdisc|Substitute\n|\n|-heal|p2a: Gogoat|47/100|[from] item: Leftovers\n|upkeep\n|turn|33\n|inactive|Time left: 300 sec this turn | 300 sec total\n|\n|t:|1783558689\n|move|p1a: Luvdisc|Endeavor|p2a: Gogoat\n|-damage|p2a: Gogoat|18/100\n|move|p2a: Gogoat|Rock Slide|p1a: Luvdisc\n|-damage|p1a: Luvdisc|0 fnt\n|faint|p1a: Luvdisc\n|\n|-heal|p2a: Gogoat|24/100|[from] item: Leftovers\n|upkeep\n|inactive|Time left: 300 sec this turn | 300 sec total | 5 sec grace\n|\n|t:|1783558690\n|switch|p1a: Basculegion|Basculegion-F, L83, F|335/335\n|turn|34\n|inactive|Time left: 300 sec this turn | 300 sec total\n|\n|t:|1783558691\n|move|p1a: Basculegion|Shadow Ball|p2a: Gogoat\n|-damage|p2a: Gogoat|0 fnt\n|faint|p2a: Gogoat\n|\n|upkeep\n|\n|t:|1783558692\n|switch|p2a: Vileplume|Vileplume, L85, M|100/100\n|turn|35\n|inactive|Time left: 300 sec this turn | 300 sec total\n|\n|t:|1783558693\n|move|p1a: Basculegion|Shadow Ball|p2a: Vileplume\n|-damage|p2a: Vileplume|57/100\n|move|p2a: Vileplume|Giga Drain|p1a: Basculegion\n|-supereffective|p1a: Basculegion\n|-damage|p1a: Basculegion|197/335\n|-heal|p2a: Vileplume|83/100|[from] drain|[of] p1a: Basculegion\n|\n|-heal|p2a: Vileplume|89/100|[from] item: Leftovers\n|upkeep\n|turn|36\n|inactive|Time left: 300 sec this turn | 300 sec total\n|\n|t:|1783558694\n|move|p1a: Basculegion|Shadow Ball|p2a: Vileplume\n|-damage|p2a: Vileplume|44/100\n|move|p2a: Vileplume|Giga Drain|p1a: Basculegion\n|-supereffective|p1a: Basculegion\n|-damage|p1a: Basculegion|59/335\n|-heal|p2a: Vileplume|70/100|[from] drain|[of] p1a: Basculegion\n|\n|-heal|p2a: Vileplume|76/100|[from] item: Leftovers\n|upkeep\n|turn|37\n|inactive|Time left: 300 sec this turn | 300 sec total\n|\n|t:|1783558694\n|move|p1a: Basculegion|Hydro Pump|p2a: Vileplume\n|-resisted|p2a: Vileplume\n|-damage|p2a: Vileplume|47/100\n|move|p2a: Vileplume|Giga Drain|p1a: Basculegion\n|-supereffective|p1a: Basculegion\n|-damage|p1a: Basculegion|0 fnt\n|-heal|p2a: Vileplume|58/100|[from] drain|[of] p1a: Basculegion\n|faint|p1a: Basculegion\n|\n|win|p0y1612d1ca", "uploadtime": 1783558694, "views": 0, "rating": 0, "private": 0, "password": null, "_winner": "p0y1612d1ca", "_our_name": "p0x16127f4a"}