{"id": "battle-gen9randombattle-2956", "formatid": "gen9randombattle", "format": "[Gen 9] Random Battle", "players": ["p0x295629c0", "p0y29561a3c"], "log": "|init|battle\n|title|p0x295629c0 vs. p0y29561a3c\n|j|\u2606p0x295629c0\n|j|\u2606p0y29561a3c\n|t:|1783574031\n|gametype|singles\n|player|p1|p0x295629c0|1|\n|player|p2|p0y29561a3c|2|\n|gen|9\n|tier|[Gen 9] Random Battle\n|rule|Species Clause: Limit one of each Pok\u00e9mon\n|rule|HP Percentage Mod: HP is shown in percentages\n|rule|Sleep Clause Mod: Limit one foe put to sleep\n|rule|Illusion Level Mod: Illusion disguises the Pok\u00e9mon's true level\n|\n|t:|1783574031\n|teamsize|p1|6\n|teamsize|p2|6\n|start\n|switch|p1a: Mewtwo|Mewtwo, L72|272/272\n|switch|p2a: Masquerain|Masquerain, L87, M|100/100\n|-ability|p1a: Mewtwo|Unnerve\n|-ability|p2a: Masquerain|Intimidate|boost\n|-unboost|p1a: Mewtwo|atk|1\n|turn|1\n|inactive|Battle timer is ON: inactive players will automatically lose when time's up. (requested by p0x295629c0)\n|inactive|p0y29561a3c also wants the timer to be on.\n|\n|t:|1783574033\n|move|p1a: Mewtwo|Nasty Plot|p1a: Mewtwo\n|-boost|p1a: Mewtwo|spa|2\n|move|p2a: Masquerain|Sticky Web|p1a: Mewtwo\n|-sidestart|p1: p0x295629c0|move: Sticky Web\n|\n|upkeep\n|turn|2\n|inactive|Time left: 300 sec this turn | 300 sec total\n|\n|t:|1783574034\n|switch|p2a: Plusle|Plusle, L95, M|100/100\n|move|p1a: Mewtwo|Psystrike|p2a: Plusle\n|-damage|p2a: Plusle|0 fnt\n|faint|p2a: Plusle\n|-damage|p1a: Mewtwo|245/272|[from] item: Life Orb\n|\n|upkeep\n|\n|t:|1783574035\n|switch|p2a: Inteleon|Inteleon, L81, M|100/100\n|turn|3\n|inactive|Time left: 300 sec this turn | 300 sec total\n|\n|t:|1783574036\n|-terastallize|p2a: Inteleon|Water\n|move|p2a: Inteleon|Hydro Pump|p1a: Mewtwo|[miss]\n|-miss|p2a: Inteleon|p1a: Mewtwo\n|move|p1a: Mewtwo|Psystrike|p2a: Inteleon\n|-damage|p2a: Inteleon|0 fnt\n|faint|p2a: Inteleon\n|-damage|p1a: Mewtwo|218/272|[from] item: Life Orb\n|\n|upkeep\n|\n|t:|1783574037\n|switch|p2a: Whimsicott|Whimsicott, L84, M|100/100\n|turn|4\n|inactive|Time left: 300 sec this turn | 300 sec total\n|\n|t:|1783574038\n|move|p2a: Whimsicott|Moonblast|p1a: Mewtwo\n|-damage|p1a: Mewtwo|130/272\n|move|p1a: Mewtwo|Fire Blast|p2a: Whimsicott\n|-supereffective|p2a: Whimsicott\n|-damage|p2a: Whimsicott|0 fnt\n|faint|p2a: Whimsicott\n|-damage|p1a: Mewtwo|103/272|[from] item: Life Orb\n|\n|upkeep\n|\n|t:|1783574039\n|switch|p2a: Masquerain|Masquerain, L87, M|100/100\n|-ability|p2a: Masquerain|Intimidate|boost\n|-unboost|p1a: Mewtwo|atk|1\n|turn|5\n|inactive|Time left: 300 sec this turn | 300 sec total\n|\n|t:|1783574040\n|move|p1a: Mewtwo|Psystrike|p2a: Masquerain\n|-damage|p2a: Masquerain|0 fnt\n|faint|p2a: Masquerain\n|-damage|p1a: Mewtwo|76/272|[from] item: Life Orb\n|\n|upkeep\n|\n|t:|1783574041\n|switch|p2a: Komala|Komala, L87, F|100/100\n|-ability|p2a: Komala|Comatose\n|turn|6\n|inactive|Time left: 300 sec this turn | 300 sec total\n|\n|t:|1783574042\n|move|p1a: Mewtwo|Psystrike|p2a: Komala\n|-damage|p2a: Komala|0 fnt\n|faint|p2a: Komala\n|-damage|p1a: Mewtwo|49/272|[from] item: Life Orb\n|\n|upkeep\n|\n|t:|1783574043\n|switch|p2a: Rotom|Rotom-Wash, L82|100/100\n|turn|7\n|inactive|Time left: 300 sec this turn | 300 sec total\n|\n|t:|1783574044\n|-terastallize|p1a: Mewtwo|Fire\n|move|p1a: Mewtwo|Psystrike|p2a: Rotom\n|-damage|p2a: Rotom|0 fnt\n|faint|p2a: Rotom\n|-damage|p1a: Mewtwo|22/272|[from] item: Life Orb\n|\n|win|p0x295629c0", "uploadtime": 1783574044, "views": 0, "rating": 0, "private": 0, "password": null, "_winner": "p0x295629c0", "_our_name": "p0x295629c0"}