{"id": "battle-gen9randombattle-1981", "formatid": "gen9randombattle", "format": "[Gen 9] Random Battle", "players": ["p0x1981dc51", "p0y19818dc0"], "log": "|init|battle\n|title|p0x1981dc51 vs. p0y19818dc0\n|j|\u2606p0x1981dc51\n|j|\u2606p0y19818dc0\n|t:|1783562185\n|gametype|singles\n|player|p1|p0x1981dc51|265|\n|player|p2|p0y19818dc0|2|\n|gen|9\n|tier|[Gen 9] Random Battle\n|rule|Species Clause: Limit one of each Pok\u00e9mon\n|rule|HP Percentage Mod: HP is shown in percentages\n|rule|Sleep Clause Mod: Limit one foe put to sleep\n|rule|Illusion Level Mod: Illusion disguises the Pok\u00e9mon's true level\n|\n|t:|1783562186\n|teamsize|p1|6\n|teamsize|p2|6\n|start\n|switch|p1a: Mandibuzz|Mandibuzz, L85, F|326/326\n|switch|p2a: Gliscor|Gliscor, L76, F|100/100\n|turn|1\n|inactive|Battle timer is ON: inactive players will automatically lose when time's up. (requested by p0y19818dc0)\n|inactive|Time left: 300 sec this turn | 300 sec total | 60 sec grace\n|inactive|p0x1981dc51 also wants the timer to be on.\n|\n|t:|1783562187\n|switch|p2a: Ursaluna|Ursaluna, L79, M|100/100\n|switch|p1a: Squawkabilly|Squawkabilly, L85, M|278/278\n|\n|-status|p1a: Squawkabilly|brn|[from] item: Flame Orb\n|-status|p2a: Ursaluna|brn|[from] item: Flame Orb\n|upkeep\n|turn|2\n|inactive|Time left: 300 sec this turn | 300 sec total\n|\n|t:|1783562188\n|move|p1a: Squawkabilly|Protect|p1a: Squawkabilly\n|-singleturn|p1a: Squawkabilly|Protect\n|move|p2a: Ursaluna|Facade|p1a: Squawkabilly\n|-activate|p1a: Squawkabilly|move: Protect\n|\n|-damage|p1a: Squawkabilly|261/278 brn|[from] brn\n|-damage|p2a: Ursaluna|95/100 brn|[from] brn\n|upkeep\n|turn|3\n|inactive|Time left: 300 sec this turn | 300 sec total\n|\n|t:|1783562189\n|switch|p1a: Alomomola|Alomomola, L87, M|429/429\n|move|p2a: Ursaluna|Facade|p1a: Alomomola\n|-damage|p1a: Alomomola|167/429\n|-damage|p2a: Ursaluna|78/100 brn|[from] item: Rocky Helmet|[of] p1a: Alomomola\n|\n|-damage|p2a: Ursaluna|72/100 brn|[from] brn\n|upkeep\n|turn|4\n|inactive|Time left: 300 sec this turn | 300 sec total\n|\n|t:|1783562191\n|move|p1a: Alomomola|Scald|p2a: Ursaluna\n|-supereffective|p2a: Ursaluna\n|-damage|p2a: Ursaluna|39/100 brn\n|move|p2a: Ursaluna|Facade|p1a: Alomomola\n|-damage|p1a: Alomomola|0 fnt\n|-damage|p2a: Ursaluna|23/100 brn|[from] item: Rocky Helmet|[of] p1a: Alomomola\n|faint|p1a: Alomomola\n|\n|-damage|p2a: Ursaluna|17/100 brn|[from] brn\n|upkeep\n|inactive|Time left: 300 sec this turn | 300 sec total | 5 sec grace\n|\n|t:|1783562192\n|switch|p1a: Squawkabilly|Squawkabilly, L85, M|261/278 brn\n|turn|5\n|inactive|Time left: 300 sec this turn | 300 sec total\n|\n|t:|1783562193\n|switch|p2a: Gliscor|Gliscor, L76, F|100/100\n|move|p1a: Squawkabilly|Facade|p2a: Gliscor\n|-damage|p2a: Gliscor|24/100\n|\n|-damage|p1a: Squawkabilly|244/278 brn|[from] brn\n|-status|p2a: Gliscor|tox|[from] item: Toxic Orb\n|upkeep\n|turn|6\n|inactive|Time left: 300 sec this turn | 300 sec total\n|\n|t:|1783562194\n|move|p2a: Gliscor|Protect|p2a: Gliscor\n|-singleturn|p2a: Gliscor|Protect\n|move|p1a: Squawkabilly|Facade|p2a: Gliscor\n|-activate|p2a: Gliscor|move: Protect\n|\n|-heal|p2a: Gliscor|36/100 tox|[from] ability: Poison Heal\n|-damage|p1a: Squawkabilly|227/278 brn|[from] brn\n|upkeep\n|turn|7\n|inactive|Time left: 300 sec this turn | 300 sec total\n|\n|t:|1783562195\n|move|p2a: Gliscor|Protect|p2a: Gliscor\n|-singleturn|p2a: Gliscor|Protect\n|move|p1a: Squawkabilly|Facade|p2a: Gliscor\n|-activate|p2a: Gliscor|move: Protect\n|\n|-heal|p2a: Gliscor|48/100 tox|[from] ability: Poison Heal\n|-damage|p1a: Squawkabilly|210/278 brn|[from] brn\n|upkeep\n|turn|8\n|inactive|Time left: 300 sec this turn | 300 sec total\n|\n|t:|1783562196\n|switch|p2a: Glaceon|Glaceon, L94, F|100/100\n|move|p1a: Squawkabilly|Facade|p2a: Glaceon\n|-damage|p2a: Glaceon|37/100\n|\n|-damage|p1a: Squawkabilly|193/278 brn|[from] brn\n|upkeep\n|turn|9\n|inactive|Time left: 300 sec this turn | 300 sec total\n|\n|t:|1783562197\n|move|p2a: Glaceon|Protect|p2a: Glaceon\n|-singleturn|p2a: Glaceon|Protect\n|move|p1a: Squawkabilly|Facade|p2a: Glaceon\n|-activate|p2a: Glaceon|move: Protect\n|\n|-damage|p1a: Squawkabilly|176/278 brn|[from] brn\n|upkeep\n|turn|10\n|inactive|Time left: 300 sec this turn | 300 sec total\n|\n|t:|1783562198\n|move|p1a: Squawkabilly|Facade|p2a: Glaceon\n|-damage|p2a: Glaceon|0 fnt\n|faint|p2a: Glaceon\n|\n|-damage|p1a: Squawkabilly|159/278 brn|[from] brn\n|upkeep\n|\n|t:|1783562198\n|switch|p2a: Phione|Phione, L91|100/100\n|turn|11\n|inactive|Time left: 300 sec this turn | 300 sec total\n|\n|t:|1783562199\n|-terastallize|p1a: Squawkabilly|Normal\n|-terastallize|p2a: Phione|Steel\n|move|p1a: Squawkabilly|Facade|p2a: Phione\n|-resisted|p2a: Phione\n|-damage|p2a: Phione|52/100\n|move|p2a: Phione|Scald|p1a: Squawkabilly\n|-damage|p1a: Squawkabilly|30/278 brn\n|\n|-heal|p2a: Phione|58/100|[from] item: Leftovers\n|-damage|p1a: Squawkabilly|13/278 brn|[from] brn\n|upkeep\n|turn|12\n|inactive|Time left: 300 sec this turn | 300 sec total\n|\n|t:|1783562200\n|move|p1a: Squawkabilly|Facade|p2a: Phione\n|-resisted|p2a: Phione\n|-damage|p2a: Phione|6/100\n|move|p2a: Phione|Scald|p1a: Squawkabilly\n|-damage|p1a: Squawkabilly|0 fnt\n|faint|p1a: Squawkabilly\n|\n|-heal|p2a: Phione|12/100|[from] item: Leftovers\n|upkeep\n|inactive|Time left: 300 sec this turn | 300 sec total | 5 sec grace\n|\n|t:|1783562201\n|switch|p1a: Mew|Mew, L82|298/298\n|turn|13\n|inactive|Time left: 300 sec this turn | 300 sec total\n|\n|t:|1783562202\n|switch|p2a: Chi-Yu|Chi-Yu, L77|100/100\n|-ability|p2a: Chi-Yu|Beads of Ruin\n|move|p1a: Mew|Swords Dance|p1a: Mew\n|-boost|p1a: Mew|atk|2\n|\n|upkeep\n|turn|14\n|inactive|Time left: 300 sec this turn | 300 sec total\n|\n|t:|1783562203\n|switch|p2a: Phione|Phione, L91, tera:Steel|12/100\n|move|p1a: Mew|Close Combat|p2a: Phione\n|-supereffective|p2a: Phione\n|-damage|p2a: Phione|0 fnt\n|-unboost|p1a: Mew|def|1\n|-unboost|p1a: Mew|spd|1\n|faint|p2a: Phione\n|-damage|p1a: Mew|269/298|[from] item: Life Orb\n|\n|upkeep\n|\n|t:|1783562204\n|switch|p2a: Rillaboom|Rillaboom, L79, M|100/100\n|-fieldstart|move: Grassy Terrain|[from] ability: Grassy Surge|[of] p2a: Rillaboom\n|turn|15\n|inactive|Time left: 300 sec this turn | 300 sec total\n|\n|t:|1783562205\n|move|p1a: Mew|Psychic Fangs|p2a: Rillaboom\n|-damage|p2a: Rillaboom|16/100\n|-damage|p1a: Mew|240/298|[from] item: Life Orb\n|move|p2a: Rillaboom|Knock Off|p1a: Mew\n|-supereffective|p1a: Mew\n|-damage|p1a: Mew|0 fnt\n|-enditem|p1a: Mew|Life Orb|[from] move: Knock Off|[of] p2a: Rillaboom\n|faint|p1a: Mew\n|-damage|p2a: Rillaboom|7/100|[from] item: Life Orb\n|\n|-heal|p2a: Rillaboom|13/100|[from] Grassy Terrain\n|upkeep\n|inactive|Time left: 300 sec this turn | 300 sec total | 5 sec grace\n|\n|t:|1783562206\n|switch|p1a: Furret|Furret, L94, F|312/312\n|-item|p2a: Rillaboom|Life Orb|[from] ability: Frisk|[of] p1a: Furret\n|turn|16\n|inactive|Time left: 300 sec this turn | 300 sec total\n|\n|t:|1783562206\n|move|p2a: Rillaboom|Grassy Glide|p1a: Furret\n|-damage|p1a: Furret|198/312\n|-damage|p2a: Rillaboom|3/100|[from] item: Life Orb\n|move|p1a: Furret|Tidy Up|p1a: Furret\n|-boost|p1a: Furret|atk|1\n|-boost|p1a: Furret|spe|1\n|\n|-heal|p1a: Furret|217/312|[from] Grassy Terrain\n|-heal|p2a: Rillaboom|10/100|[from] Grassy Terrain\n|upkeep\n|turn|17\n|inactive|Time left: 300 sec this turn | 300 sec total\n|\n|t:|1783562207\n|move|p2a: Rillaboom|Grassy Glide|p1a: Furret\n|-damage|p1a: Furret|100/312\n|-damage|p2a: Rillaboom|0 fnt|[from] item: Life Orb\n|faint|p2a: Rillaboom\n|move|p1a: Furret|Brick Break|p2: Rillaboom|[notarget]\n|-fail|p1a: Furret\n|\n|-heal|p1a: Furret|119/312|[from] Grassy Terrain\n|upkeep\n|\n|t:|1783562208\n|switch|p2a: Gliscor|Gliscor, L76, F|48/100 tox\n|turn|18\n|inactive|Time left: 300 sec this turn | 300 sec total\n|\n|t:|1783562209\n|move|p2a: Gliscor|Protect|p2a: Gliscor\n|-singleturn|p2a: Gliscor|Protect\n|move|p1a: Furret|Double-Edge|p2a: Gliscor\n|-activate|p2a: Gliscor|move: Protect\n|\n|-heal|p1a: Furret|138/312|[from] Grassy Terrain\n|-heal|p2a: Gliscor|60/100 tox|[from] ability: Poison Heal\n|upkeep\n|turn|19\n|inactive|Time left: 300 sec this turn | 300 sec total\n|\n|t:|1783562210\n|move|p2a: Gliscor|Protect||[still]\n|-fail|p2a: Gliscor\n|move|p1a: Furret|Double-Edge|p2a: Gliscor\n|-damage|p2a: Gliscor|0 fnt\n|faint|p2a: Gliscor\n|-damage|p1a: Furret|91/312|[from] Recoil\n|-damage|p1a: Furret|60/312|[from] item: Life Orb\n|\n|-heal|p1a: Furret|79/312|[from] Grassy Terrain\n|-fieldend|move: Grassy Terrain\n|upkeep\n|\n|t:|1783562211\n|switch|p2a: Ursaluna|Ursaluna, L79, M|17/100 brn\n|turn|20\n|inactive|Time left: 300 sec this turn | 300 sec total\n|\n|t:|1783562212\n|move|p1a: Furret|Brick Break|p2a: Ursaluna\n|-supereffective|p2a: Ursaluna\n|-damage|p2a: Ursaluna|0 fnt\n|faint|p2a: Ursaluna\n|-damage|p1a: Furret|48/312|[from] item: Life Orb\n|\n|upkeep\n|\n|t:|1783562212\n|switch|p2a: Chi-Yu|Chi-Yu, L77|100/100\n|-ability|p2a: Chi-Yu|Beads of Ruin\n|turn|21\n|inactive|Time left: 300 sec this turn | 300 sec total\n|\n|t:|1783562213\n|move|p1a: Furret|Brick Break|p2a: Chi-Yu\n|-supereffective|p2a: Chi-Yu\n|-damage|p2a: Chi-Yu|0 fnt\n|faint|p2a: Chi-Yu\n|-damage|p1a: Furret|17/312|[from] item: Life Orb\n|\n|win|p0x1981dc51", "uploadtime": 1783562213, "views": 0, "rating": 0, "private": 0, "password": null, "_winner": "p0x1981dc51", "_our_name": "p0x1981dc51"}