{"id": "battle-gen9randombattle-2507", "formatid": "gen9randombattle", "format": "[Gen 9] Random Battle", "players": ["p0x2507a2a2", "p0y2507fb6f"], "log": "|init|battle\n|title|p0x2507a2a2 vs. p0y2507fb6f\n|j|\u2606p0x2507a2a2\n|j|\u2606p0y2507fb6f\n|t:|1783569037\n|gametype|singles\n|player|p1|p0x2507a2a2|1|\n|player|p2|p0y2507fb6f|170|\n|gen|9\n|tier|[Gen 9] Random Battle\n|rule|Species Clause: Limit one of each Pok\u00e9mon\n|rule|HP Percentage Mod: HP is shown in percentages\n|rule|Sleep Clause Mod: Limit one foe put to sleep\n|rule|Illusion Level Mod: Illusion disguises the Pok\u00e9mon's true level\n|\n|t:|1783569037\n|teamsize|p1|6\n|teamsize|p2|6\n|start\n|switch|p1a: Reshiram|Reshiram, L76|277/277\n|switch|p2a: Oranguru|Oranguru, L92, M|100/100\n|-ability|p1a: Reshiram|Turboblaze\n|turn|1\n|inactive|Battle timer is ON: inactive players will automatically lose when time's up. (requested by p0x2507a2a2)\n|inactive|p0y2507fb6f also wants the timer to be on.\n|\n|t:|1783569039\n|move|p1a: Reshiram|Blue Flare|p2a: Oranguru\n|-damage|p2a: Oranguru|62/100\n|-status|p2a: Oranguru|brn\n|move|p2a: Oranguru|Psychic|p1a: Reshiram\n|-damage|p1a: Reshiram|190/277\n|\n|-heal|p2a: Oranguru|68/100 brn|[from] item: Leftovers\n|-damage|p2a: Oranguru|62/100 brn|[from] brn\n|upkeep\n|turn|2\n|inactive|Time left: 300 sec this turn | 300 sec total\n|\n|t:|1783569040\n|move|p1a: Reshiram|Blue Flare|p2a: Oranguru\n|-damage|p2a: Oranguru|20/100 brn\n|move|p2a: Oranguru|Nasty Plot|p2a: Oranguru\n|-boost|p2a: Oranguru|spa|2\n|\n|-heal|p2a: Oranguru|26/100 brn|[from] item: Leftovers\n|-damage|p2a: Oranguru|20/100 brn|[from] brn\n|upkeep\n|turn|3\n|inactive|Time left: 300 sec this turn | 300 sec total\n|\n|t:|1783569041\n|move|p1a: Reshiram|Blue Flare|p2a: Oranguru\n|-damage|p2a: Oranguru|0 fnt\n|faint|p2a: Oranguru\n|\n|upkeep\n|\n|t:|1783569042\n|switch|p2a: Drednaw|Drednaw, L81, F|100/100\n|turn|4\n|inactive|Time left: 300 sec this turn | 300 sec total\n|\n|t:|1783569043\n|-terastallize|p1a: Reshiram|Ground\n|move|p1a: Reshiram|Earth Power|p2a: Drednaw\n|-supereffective|p2a: Drednaw\n|-damage|p2a: Drednaw|0 fnt\n|faint|p2a: Drednaw\n|\n|upkeep\n|\n|t:|1783569044\n|switch|p2a: Azumarill|Azumarill, L82, F|100/100\n|turn|5\n|inactive|Time left: 300 sec this turn | 300 sec total\n|\n|t:|1783569045\n|move|p1a: Reshiram|Will-O-Wisp|p2a: Azumarill\n|-status|p2a: Azumarill|brn\n|move|p2a: Azumarill|Liquidation|p1a: Reshiram\n|-supereffective|p1a: Reshiram\n|-damage|p1a: Reshiram|43/277\n|\n|-damage|p2a: Azumarill|94/100 brn|[from] brn\n|upkeep\n|turn|6\n|inactive|Time left: 300 sec this turn | 300 sec total\n|\n|t:|1783569046\n|move|p1a: Reshiram|Earth Power|p2a: Azumarill\n|-crit|p2a: Azumarill\n|-damage|p2a: Azumarill|29/100 brn\n|move|p2a: Azumarill|Liquidation|p1a: Reshiram\n|-supereffective|p1a: Reshiram\n|-damage|p1a: Reshiram|0 fnt\n|faint|p1a: Reshiram\n|\n|-damage|p2a: Azumarill|23/100 brn|[from] brn\n|upkeep\n|inactive|Time left: 300 sec this turn | 300 sec total | 5 sec grace\n|\n|t:|1783569047\n|switch|p1a: Cresselia|Cresselia, L80, F|323/323\n|turn|7\n|inactive|Time left: 300 sec this turn | 300 sec total\n|\n|t:|1783569048\n|move|p1a: Cresselia|Calm Mind|p1a: Cresselia\n|-boost|p1a: Cresselia|spa|1\n|-boost|p1a: Cresselia|spd|1\n|move|p2a: Azumarill|Liquidation|p1a: Cresselia\n|-damage|p1a: Cresselia|248/323\n|-unboost|p1a: Cresselia|def|1\n|\n|-heal|p1a: Cresselia|268/323|[from] item: Leftovers\n|-damage|p2a: Azumarill|17/100 brn|[from] brn\n|upkeep\n|turn|8\n|inactive|Time left: 300 sec this turn | 300 sec total\n|\n|t:|1783569049\n|switch|p2a: Gholdengo|Gholdengo, L77|100/100\n|move|p1a: Cresselia|Moonblast|p2a: Gholdengo\n|-resisted|p2a: Gholdengo\n|-damage|p2a: Gholdengo|84/100\n|\n|-heal|p1a: Cresselia|288/323|[from] item: Leftovers\n|-heal|p2a: Gholdengo|90/100|[from] item: Leftovers\n|upkeep\n|turn|9\n|inactive|Time left: 300 sec this turn | 300 sec total\n|\n|t:|1783569051\n|move|p1a: Cresselia|Calm Mind|p1a: Cresselia\n|-boost|p1a: Cresselia|spa|1\n|-boost|p1a: Cresselia|spd|1\n|move|p2a: Gholdengo|Nasty Plot|p2a: Gholdengo\n|-boost|p2a: Gholdengo|spa|2\n|\n|-heal|p1a: Cresselia|308/323|[from] item: Leftovers\n|-heal|p2a: Gholdengo|96/100|[from] item: Leftovers\n|upkeep\n|turn|10\n|inactive|Time left: 300 sec this turn | 300 sec total\n|\n|t:|1783569052\n|move|p1a: Cresselia|Calm Mind|p1a: Cresselia\n|-boost|p1a: Cresselia|spa|1\n|-boost|p1a: Cresselia|spd|1\n|move|p2a: Gholdengo|Nasty Plot|p2a: Gholdengo\n|-boost|p2a: Gholdengo|spa|2\n|\n|-heal|p1a: Cresselia|323/323|[from] item: Leftovers\n|-heal|p2a: Gholdengo|100/100|[from] item: Leftovers\n|upkeep\n|turn|11\n|inactive|Time left: 300 sec this turn | 300 sec total\n|\n|t:|1783569053\n|move|p1a: Cresselia|Calm Mind|p1a: Cresselia\n|-boost|p1a: Cresselia|spa|1\n|-boost|p1a: Cresselia|spd|1\n|move|p2a: Gholdengo|Shadow Ball|p1a: Cresselia\n|-supereffective|p1a: Cresselia\n|-damage|p1a: Cresselia|183/323\n|-unboost|p1a: Cresselia|spd|1\n|\n|-heal|p1a: Cresselia|203/323|[from] item: Leftovers\n|upkeep\n|turn|12\n|inactive|Time left: 300 sec this turn | 300 sec total\n|\n|t:|1783569054\n|move|p1a: Cresselia|Moonlight|p1a: Cresselia\n|-heal|p1a: Cresselia|323/323\n|move|p2a: Gholdengo|Shadow Ball|p1a: Cresselia\n|-supereffective|p1a: Cresselia\n|-damage|p1a: Cresselia|131/323\n|\n|-heal|p1a: Cresselia|151/323|[from] item: Leftovers\n|upkeep\n|turn|13\n|inactive|Time left: 300 sec this turn | 300 sec total\n|\n|t:|1783569055\n|move|p1a: Cresselia|Moonlight|p1a: Cresselia\n|-heal|p1a: Cresselia|312/323\n|move|p2a: Gholdengo|Shadow Ball|p1a: Cresselia\n|-supereffective|p1a: Cresselia\n|-damage|p1a: Cresselia|114/323\n|\n|-heal|p1a: Cresselia|134/323|[from] item: Leftovers\n|upkeep\n|turn|14\n|inactive|Time left: 300 sec this turn | 300 sec total\n|\n|t:|1783569056\n|move|p1a: Cresselia|Moonlight|p1a: Cresselia\n|-heal|p1a: Cresselia|295/323\n|move|p2a: Gholdengo|Shadow Ball|p1a: Cresselia\n|-supereffective|p1a: Cresselia\n|-damage|p1a: Cresselia|127/323\n|-unboost|p1a: Cresselia|spd|1\n|\n|-heal|p1a: Cresselia|147/323|[from] item: Leftovers\n|upkeep\n|turn|15\n|inactive|Time left: 300 sec this turn | 300 sec total\n|\n|t:|1783569057\n|move|p1a: Cresselia|Moonlight|p1a: Cresselia\n|-heal|p1a: Cresselia|308/323\n|move|p2a: Gholdengo|Shadow Ball|p1a: Cresselia\n|-supereffective|p1a: Cresselia\n|-damage|p1a: Cresselia|84/323\n|-unboost|p1a: Cresselia|spd|1\n|\n|-heal|p1a: Cresselia|104/323|[from] item: Leftovers\n|upkeep\n|turn|16\n|inactive|Time left: 300 sec this turn | 300 sec total\n|\n|t:|1783569058\n|move|p1a: Cresselia|Psyshock|p2a: Gholdengo\n|-resisted|p2a: Gholdengo\n|-damage|p2a: Gholdengo|60/100\n|move|p2a: Gholdengo|Shadow Ball|p1a: Cresselia\n|-supereffective|p1a: Cresselia\n|-damage|p1a: Cresselia|0 fnt\n|faint|p1a: Cresselia\n|\n|-heal|p2a: Gholdengo|66/100|[from] item: Leftovers\n|upkeep\n|inactive|Time left: 300 sec this turn | 300 sec total | 5 sec grace\n|\n|t:|1783569059\n|switch|p1a: Chi-Yu|Chi-Yu, L77|211/211\n|-ability|p1a: Chi-Yu|Beads of Ruin\n|turn|17\n|inactive|Time left: 300 sec this turn | 300 sec total\n|\n|t:|1783569060\n|switch|p2a: Alcremie|Alcremie-Caramel-Swirl, L90, F|100/100\n|move|p1a: Chi-Yu|Fire Blast|p2a: Alcremie\n|-damage|p2a: Alcremie|50/100\n|\n|-heal|p2a: Alcremie|56/100|[from] item: Leftovers\n|upkeep\n|turn|18\n|inactive|Time left: 300 sec this turn | 300 sec total\n|\n|t:|1783569061\n|move|p1a: Chi-Yu|Nasty Plot|p1a: Chi-Yu\n|-boost|p1a: Chi-Yu|spa|2\n|move|p2a: Alcremie|Alluring Voice|p1a: Chi-Yu\n|-damage|p1a: Chi-Yu|109/211\n|-start|p1a: Chi-Yu|confusion\n|\n|-heal|p2a: Alcremie|62/100|[from] item: Leftovers\n|upkeep\n|turn|19\n|inactive|Time left: 300 sec this turn | 300 sec total\n|\n|t:|1783569062\n|-activate|p1a: Chi-Yu|confusion\n|move|p1a: Chi-Yu|Fire Blast|p2a: Alcremie\n|-damage|p2a: Alcremie|0 fnt\n|faint|p2a: Alcremie\n|\n|upkeep\n|\n|t:|1783569063\n|switch|p2a: Hydrapple|Hydrapple, L83, M|100/100\n|turn|20\n|inactive|Time left: 300 sec this turn | 300 sec total\n|\n|t:|1783569064\n|-end|p1a: Chi-Yu|confusion\n|move|p1a: Chi-Yu|Fire Blast|p2a: Hydrapple\n|-damage|p2a: Hydrapple|24/100\n|move|p2a: Hydrapple|Earth Power|p1a: Chi-Yu\n|-supereffective|p1a: Chi-Yu\n|-damage|p1a: Chi-Yu|0 fnt\n|faint|p1a: Chi-Yu\n|\n|upkeep\n|inactive|Time left: 300 sec this turn | 300 sec total | 5 sec grace\n|\n|t:|1783569064\n|switch|p1a: Pelipper|Pelipper, L86, F|243/243\n|-weather|RainDance|[from] ability: Drizzle|[of] p1a: Pelipper\n|turn|21\n|inactive|Time left: 300 sec this turn | 300 sec total\n|\n|t:|1783569065\n|switch|p2a: Azumarill|Azumarill, L82, F|17/100 brn\n|move|p1a: Pelipper|Hurricane|p2a: Azumarill\n|-damage|p2a: Azumarill|0 fnt\n|faint|p2a: Azumarill\n|\n|-weather|RainDance|[upkeep]\n|upkeep\n|\n|t:|1783569066\n|switch|p2a: Hydrapple|Hydrapple, L83, M|58/100\n|turn|22\n|inactive|Time left: 300 sec this turn | 300 sec total\n|\n|t:|1783569067\n|switch|p2a: Gholdengo|Gholdengo, L77|66/100\n|move|p1a: Pelipper|Hurricane|p2a: Gholdengo\n|-resisted|p2a: Gholdengo\n|-damage|p2a: Gholdengo|43/100\n|\n|-weather|RainDance|[upkeep]\n|-heal|p2a: Gholdengo|49/100|[from] item: Leftovers\n|upkeep\n|turn|23\n|inactive|Time left: 300 sec this turn | 300 sec total\n|\n|t:|1783569068\n|move|p2a: Gholdengo|Recover|p2a: Gholdengo\n|-heal|p2a: Gholdengo|99/100\n|move|p1a: Pelipper|Surf|p2a: Gholdengo\n|-damage|p2a: Gholdengo|35/100\n|\n|-weather|RainDance|[upkeep]\n|-heal|p2a: Gholdengo|41/100|[from] item: Leftovers\n|upkeep\n|turn|24\n|inactive|Time left: 300 sec this turn | 300 sec total\n|\n|t:|1783569069\n|move|p2a: Gholdengo|Recover|p2a: Gholdengo\n|-heal|p2a: Gholdengo|91/100\n|move|p1a: Pelipper|Surf|p2a: Gholdengo\n|-damage|p2a: Gholdengo|33/100\n|\n|-weather|RainDance|[upkeep]\n|-heal|p2a: Gholdengo|39/100|[from] item: Leftovers\n|upkeep\n|turn|25\n|inactive|Time left: 300 sec this turn | 300 sec total\n|\n|t:|1783569070\n|move|p2a: Gholdengo|Recover|p2a: Gholdengo\n|-heal|p2a: Gholdengo|89/100\n|move|p1a: Pelipper|Surf|p2a: Gholdengo\n|-damage|p2a: Gholdengo|32/100\n|\n|-weather|none\n|-heal|p2a: Gholdengo|38/100|[from] item: Leftovers\n|upkeep\n|turn|26\n|inactive|Time left: 300 sec this turn | 300 sec total\n|\n|t:|1783569070\n|move|p2a: Gholdengo|Recover|p2a: Gholdengo\n|-heal|p2a: Gholdengo|88/100\n|move|p1a: Pelipper|Knock Off|p2a: Gholdengo\n|-supereffective|p2a: Gholdengo\n|-damage|p2a: Gholdengo|52/100\n|-enditem|p2a: Gholdengo|Leftovers|[from] move: Knock Off|[of] p1a: Pelipper\n|\n|upkeep\n|turn|27\n|inactive|Time left: 300 sec this turn | 300 sec total\n|\n|t:|1783569071\n|move|p2a: Gholdengo|Recover|p2a: Gholdengo\n|-heal|p2a: Gholdengo|100/100\n|move|p1a: Pelipper|Surf|p2a: Gholdengo\n|-damage|p2a: Gholdengo|57/100\n|\n|upkeep\n|turn|28\n|inactive|Time left: 300 sec this turn | 300 sec total\n|\n|t:|1783569072\n|move|p2a: Gholdengo|Recover|p2a: Gholdengo\n|-heal|p2a: Gholdengo|100/100\n|move|p1a: Pelipper|Surf|p2a: Gholdengo\n|-damage|p2a: Gholdengo|58/100\n|\n|upkeep\n|turn|29\n|inactive|Time left: 300 sec this turn | 300 sec total\n|\n|t:|1783569073\n|move|p2a: Gholdengo|Nasty Plot|p2a: Gholdengo\n|-boost|p2a: Gholdengo|spa|2\n|move|p1a: Pelipper|Surf|p2a: Gholdengo\n|-damage|p2a: Gholdengo|21/100\n|\n|upkeep\n|turn|30\n|inactive|Time left: 300 sec this turn | 300 sec total\n|\n|t:|1783569073\n|move|p2a: Gholdengo|Recover|p2a: Gholdengo\n|-heal|p2a: Gholdengo|71/100\n|move|p1a: Pelipper|Surf|p2a: Gholdengo\n|-damage|p2a: Gholdengo|33/100\n|\n|upkeep\n|turn|31\n|inactive|Time left: 300 sec this turn | 300 sec total\n|\n|t:|1783569074\n|move|p2a: Gholdengo|Recover|p2a: Gholdengo\n|-heal|p2a: Gholdengo|83/100\n|move|p1a: Pelipper|Surf|p2a: Gholdengo\n|-damage|p2a: Gholdengo|40/100\n|\n|upkeep\n|turn|32\n|inactive|Time left: 300 sec this turn | 300 sec total\n|\n|t:|1783569075\n|move|p2a: Gholdengo|Shadow Ball|p1a: Pelipper\n|-damage|p1a: Pelipper|41/243\n|move|p1a: Pelipper|Surf|p2a: Gholdengo\n|-damage|p2a: Gholdengo|1/100\n|\n|upkeep\n|turn|33\n|inactive|Time left: 300 sec this turn | 300 sec total\n|\n|t:|1783569076\n|move|p2a: Gholdengo|Shadow Ball|p1a: Pelipper\n|-damage|p1a: Pelipper|0 fnt\n|faint|p1a: Pelipper\n|\n|upkeep\n|inactive|Time left: 300 sec this turn | 300 sec total | 5 sec grace\n|\n|t:|1783569077\n|switch|p1a: Tinkaton|Tinkaton, L82, F|274/274\n|-ability|p1a: Tinkaton|Mold Breaker\n|turn|34\n|inactive|Time left: 300 sec this turn | 300 sec total\n|\n|t:|1783569078\n|move|p1a: Tinkaton|Play Rough|p2a: Gholdengo\n|-resisted|p2a: Gholdengo\n|-damage|p2a: Gholdengo|0 fnt\n|faint|p2a: Gholdengo\n|\n|upkeep\n|\n|t:|1783569079\n|switch|p2a: Hydrapple|Hydrapple, L83, M|91/100\n|turn|35\n|inactive|Time left: 300 sec this turn | 300 sec total\n|\n|t:|1783569080\n|move|p1a: Tinkaton|Gigaton Hammer|p2a: Hydrapple\n|-crit|p2a: Hydrapple\n|-damage|p2a: Hydrapple|39/100\n|move|p2a: Hydrapple|Earth Power|p1a: Tinkaton\n|-supereffective|p1a: Tinkaton\n|-damage|p1a: Tinkaton|146/274\n|\n|-heal|p1a: Tinkaton|163/274|[from] item: Leftovers\n|upkeep\n|turn|36\n|inactive|Time left: 300 sec this turn | 300 sec total\n|\n|t:|1783569081\n|-terastallize|p2a: Hydrapple|Steel\n|move|p1a: Tinkaton|Play Rough|p2a: Hydrapple\n|-resisted|p2a: Hydrapple\n|-damage|p2a: Hydrapple|29/100\n|-unboost|p2a: Hydrapple|atk|1\n|move|p2a: Hydrapple|Earth Power|p1a: Tinkaton\n|-supereffective|p1a: Tinkaton\n|-damage|p1a: Tinkaton|29/274\n|\n|-heal|p1a: Tinkaton|46/274|[from] item: Leftovers\n|upkeep\n|turn|37\n|inactive|Time left: 300 sec this turn | 300 sec total\n|\n|t:|1783569082\n|move|p1a: Tinkaton|Gigaton Hammer|p2a: Hydrapple\n|-resisted|p2a: Hydrapple\n|-damage|p2a: Hydrapple|10/100\n|move|p2a: Hydrapple|Earth Power|p1a: Tinkaton\n|-supereffective|p1a: Tinkaton\n|-damage|p1a: Tinkaton|0 fnt\n|faint|p1a: Tinkaton\n|\n|upkeep\n|inactive|Time left: 300 sec this turn | 300 sec total | 5 sec grace\n|\n|t:|1783569083\n|switch|p1a: Cyclizar|Cyclizar, L84, F|255/255\n|turn|38\n|inactive|Time left: 300 sec this turn | 300 sec total\n|\n|t:|1783569084\n|move|p1a: Cyclizar|Draco Meteor|p2a: Hydrapple\n|-resisted|p2a: Hydrapple\n|-damage|p2a: Hydrapple|0 fnt\n|-unboost|p1a: Cyclizar|spa|2\n|faint|p2a: Hydrapple\n|\n|win|p0x2507a2a2", "uploadtime": 1783569084, "views": 0, "rating": 0, "private": 0, "password": null, "_winner": "p0x2507a2a2", "_our_name": "p0x2507a2a2"}