{"id": "battle-gen9randombattle-2181", "formatid": "gen9randombattle", "format": "[Gen 9] Random Battle", "players": ["p0x21811369", "p0y218107d9"], "log": "|init|battle\n|title|p0x21811369 vs. p0y218107d9\n|j|\u2606p0x21811369\n|j|\u2606p0y218107d9\n|t:|1783564394\n|gametype|singles\n|player|p1|p0x21811369|1|\n|player|p2|p0y218107d9|102|\n|gen|9\n|tier|[Gen 9] Random Battle\n|rule|Species Clause: Limit one of each Pok\u00e9mon\n|rule|HP Percentage Mod: HP is shown in percentages\n|rule|Sleep Clause Mod: Limit one foe put to sleep\n|rule|Illusion Level Mod: Illusion disguises the Pok\u00e9mon's true level\n|\n|t:|1783564394\n|teamsize|p1|6\n|teamsize|p2|6\n|start\n|switch|p1a: Sylveon|Sylveon, L85, M|300/300\n|switch|p2a: Gallade|Gallade, L80, M|100/100\n|turn|1\n|inactive|Battle timer is ON: inactive players will automatically lose when time's up. (requested by p0x21811369)\n|inactive|p0y218107d9 also wants the timer to be on.\n|\n|t:|1783564395\n|move|p2a: Gallade|Psycho Cut|p1a: Sylveon\n|-damage|p1a: Sylveon|60/300\n|move|p1a: Sylveon|Hyper Voice|p2a: Gallade\n|-supereffective|p2a: Gallade\n|-damage|p2a: Gallade|0 fnt\n|faint|p2a: Gallade\n|\n|-heal|p1a: Sylveon|78/300|[from] item: Leftovers\n|upkeep\n|\n|t:|1783564396\n|switch|p2a: Flutter Mane|Flutter Mane, L74|100/100\n|turn|2\n|inactive|Time left: 300 sec this turn | 300 sec total\n|\n|t:|1783564397\n|move|p1a: Sylveon|Protect|p1a: Sylveon\n|-singleturn|p1a: Sylveon|Protect\n|move|p2a: Flutter Mane|Calm Mind|p2a: Flutter Mane\n|-boost|p2a: Flutter Mane|spa|1\n|-boost|p2a: Flutter Mane|spd|1\n|\n|-heal|p1a: Sylveon|96/300|[from] item: Leftovers\n|upkeep\n|turn|3\n|inactive|Time left: 300 sec this turn | 300 sec total\n|\n|t:|1783564398\n|move|p2a: Flutter Mane|Shadow Ball|p1a: Sylveon\n|-damage|p1a: Sylveon|0 fnt\n|faint|p1a: Sylveon\n|-damage|p2a: Flutter Mane|91/100|[from] item: Life Orb\n|\n|upkeep\n|inactive|Time left: 300 sec this turn | 300 sec total | 5 sec grace\n|\n|t:|1783564399\n|switch|p1a: Floatzel|Floatzel, L86, F|286/286\n|turn|4\n|inactive|Time left: 300 sec this turn | 300 sec total\n|\n|t:|1783564400\n|-end|p2a: Flutter Mane|Protosynthesis|[silent]\n|switch|p2a: Wigglytuff|Wigglytuff, L96, F|100/100\n|move|p1a: Floatzel|Wave Crash|p2a: Wigglytuff\n|-damage|p2a: Wigglytuff|55/100\n|-damage|p1a: Floatzel|222/286|[from] Recoil\n|\n|-heal|p1a: Floatzel|239/286|[from] item: Leftovers\n|-heal|p2a: Wigglytuff|61/100|[from] item: Leftovers\n|upkeep\n|turn|5\n|inactive|Time left: 300 sec this turn | 300 sec total\n|\n|t:|1783564401\n|move|p1a: Floatzel|Bulk Up|p1a: Floatzel\n|-boost|p1a: Floatzel|atk|1\n|-boost|p1a: Floatzel|def|1\n|move|p2a: Wigglytuff|Dazzling Gleam|p1a: Floatzel\n|-damage|p1a: Floatzel|103/286\n|\n|-heal|p1a: Floatzel|120/286|[from] item: Leftovers\n|-heal|p2a: Wigglytuff|67/100|[from] item: Leftovers\n|upkeep\n|turn|6\n|inactive|Time left: 300 sec this turn | 300 sec total\n|\n|t:|1783564402\n|move|p1a: Floatzel|Wave Crash|p2a: Wigglytuff\n|-damage|p2a: Wigglytuff|1/100\n|-damage|p1a: Floatzel|29/286|[from] Recoil\n|move|p2a: Wigglytuff|Dazzling Gleam|p1a: Floatzel\n|-damage|p1a: Floatzel|0 fnt\n|faint|p1a: Floatzel\n|\n|-heal|p2a: Wigglytuff|8/100|[from] item: Leftovers\n|upkeep\n|inactive|Time left: 300 sec this turn | 300 sec total | 5 sec grace\n|\n|t:|1783564403\n|switch|p1a: Revavroom|Revavroom, L79, M|256/256\n|turn|7\n|inactive|Time left: 300 sec this turn | 300 sec total\n|\n|t:|1783564404\n|switch|p2a: Charizard|Charizard, L85, F|100/100\n|move|p1a: Revavroom|Shift Gear|p1a: Revavroom\n|-boost|p1a: Revavroom|spe|2\n|-boost|p1a: Revavroom|atk|1\n|\n|upkeep\n|turn|8\n|inactive|Time left: 300 sec this turn | 300 sec total\n|\n|t:|1783564405\n|move|p1a: Revavroom|Gunk Shot|p2a: Charizard|[miss]\n|-miss|p1a: Revavroom|p2a: Charizard\n|move|p2a: Charizard|Flamethrower|p1a: Revavroom\n|-supereffective|p1a: Revavroom\n|-damage|p1a: Revavroom|31/256\n|\n|upkeep\n|turn|9\n|inactive|Time left: 300 sec this turn | 300 sec total\n|\n|t:|1783564406\n|switch|p2a: Coalossal|Coalossal, L89, M|100/100\n|move|p1a: Revavroom|Gunk Shot|p2a: Coalossal\n|-resisted|p2a: Coalossal\n|-damage|p2a: Coalossal|71/100\n|-status|p2a: Coalossal|psn\n|-damage|p1a: Revavroom|6/256|[from] item: Life Orb\n|\n|-damage|p2a: Coalossal|59/100 psn|[from] psn\n|upkeep\n|turn|10\n|inactive|Time left: 300 sec this turn | 300 sec total\n|\n|t:|1783564407\n|move|p1a: Revavroom|High Horsepower|p2a: Coalossal\n|-supereffective|p2a: Coalossal\n|-damage|p2a: Coalossal|0 fnt\n|faint|p2a: Coalossal\n|-damage|p1a: Revavroom|0 fnt|[from] item: Life Orb\n|faint|p1a: Revavroom\n|\n|upkeep\n|inactive|Time left: 300 sec this turn | 300 sec total | 5 sec grace\n|\n|t:|1783564408\n|switch|p1a: Okidogi|Okidogi, L77, M|262/262\n|switch|p2a: Charizard|Charizard, L85, F|100/100\n|turn|11\n|inactive|Time left: 300 sec this turn | 300 sec total\n|\n|t:|1783564409\n|move|p2a: Charizard|Hurricane|p1a: Okidogi\n|-supereffective|p1a: Okidogi\n|-damage|p1a: Okidogi|64/262\n|move|p1a: Okidogi|Knock Off|p2a: Charizard\n|-crit|p2a: Charizard\n|-damage|p2a: Charizard|57/100\n|-enditem|p2a: Charizard|Heavy-Duty Boots|[from] move: Knock Off|[of] p1a: Okidogi\n|\n|upkeep\n|turn|12\n|inactive|Time left: 300 sec this turn | 300 sec total\n|\n|t:|1783564410\n|switch|p1a: Phione|Phione, L91|293/293\n|move|p2a: Charizard|Flamethrower|p1a: Phione\n|-resisted|p1a: Phione\n|-crit|p1a: Phione\n|-damage|p1a: Phione|210/293\n|\n|-heal|p1a: Phione|228/293|[from] item: Leftovers\n|upkeep\n|turn|13\n|inactive|Time left: 300 sec this turn | 300 sec total\n|\n|t:|1783564411\n|switch|p2a: Toedscruel|Toedscruel, L87, F|100/100\n|move|p1a: Phione|Scald|p2a: Toedscruel\n|-damage|p2a: Toedscruel|84/100\n|\n|-heal|p1a: Phione|246/293|[from] item: Leftovers\n|upkeep\n|turn|14\n|inactive|Time left: 300 sec this turn | 300 sec total\n|\n|t:|1783564412\n|switch|p1a: Landorus|Landorus-Therian, L76, M|260/260\n|-ability|p1a: Landorus|Intimidate|boost\n|-unboost|p2a: Toedscruel|atk|1\n|move|p2a: Toedscruel|Giga Drain|p1a: Landorus\n|-damage|p1a: Landorus|169/260\n|-heal|p2a: Toedscruel|100/100|[from] drain|[of] p1a: Landorus\n|\n|-heal|p1a: Landorus|185/260|[from] item: Leftovers\n|upkeep\n|turn|15\n|inactive|Time left: 300 sec this turn | 300 sec total\n|\n|t:|1783564413\n|move|p2a: Toedscruel|Giga Drain|p1a: Landorus\n|-damage|p1a: Landorus|106/260\n|move|p1a: Landorus|Stealth Rock|p2a: Toedscruel\n|-sidestart|p2: p0y218107d9|move: Stealth Rock\n|\n|-heal|p1a: Landorus|122/260|[from] item: Leftovers\n|upkeep\n|turn|16\n|inactive|Time left: 300 sec this turn | 300 sec total\n|\n|t:|1783564415\n|move|p2a: Toedscruel|Rapid Spin|p1a: Landorus\n|-damage|p1a: Landorus|100/260\n|-boost|p2a: Toedscruel|spe|1\n|-sideend|p2: p0y218107d9|Stealth Rock|[from] move: Rapid Spin|[of] p2a: Toedscruel\n|move|p1a: Landorus|U-turn|p2a: Toedscruel\n|-supereffective|p2a: Toedscruel\n|-damage|p2a: Toedscruel|50/100\n|inactive|Time left: 300 sec this turn | 300 sec total | 5 sec grace\n|\n|t:|1783564416\n|switch|p1a: Okidogi|Okidogi, L77, M|64/262|[from] U-turn\n|\n|upkeep\n|turn|17\n|inactive|Time left: 300 sec this turn | 300 sec total\n|\n|t:|1783564417\n|switch|p1a: Landorus|Landorus-Therian, L76, M|100/260\n|-ability|p1a: Landorus|Intimidate|boost\n|-unboost|p2a: Toedscruel|atk|1\n|move|p2a: Toedscruel|Earth Power|p1a: Landorus\n|-immune|p1a: Landorus\n|\n|-heal|p1a: Landorus|116/260|[from] item: Leftovers\n|upkeep\n|turn|18\n|inactive|Time left: 300 sec this turn | 300 sec total\n|\n|t:|1783564417\n|move|p2a: Toedscruel|Giga Drain|p1a: Landorus\n|-damage|p1a: Landorus|28/260\n|-heal|p2a: Toedscruel|66/100|[from] drain|[of] p1a: Landorus\n|move|p1a: Landorus|Earthquake|p2a: Toedscruel\n|-resisted|p2a: Toedscruel\n|-damage|p2a: Toedscruel|41/100\n|\n|-heal|p1a: Landorus|44/260|[from] item: Leftovers\n|upkeep\n|turn|19\n|inactive|Time left: 300 sec this turn | 300 sec total\n|\n|t:|1783564418\n|switch|p1a: Okidogi|Okidogi, L77, M|64/262\n|move|p2a: Toedscruel|Giga Drain|p1a: Okidogi\n|-resisted|p1a: Okidogi\n|-damage|p1a: Okidogi|35/262\n|-heal|p2a: Toedscruel|46/100|[from] drain|[of] p1a: Okidogi\n|\n|upkeep\n|turn|20\n|inactive|Time left: 300 sec this turn | 300 sec total\n|\n|t:|1783564419\n|switch|p1a: Landorus|Landorus-Therian, L76, M|44/260\n|-ability|p1a: Landorus|Intimidate|boost\n|-unboost|p2a: Toedscruel|atk|1\n|move|p2a: Toedscruel|Earth Power|p1a: Landorus\n|-immune|p1a: Landorus\n|\n|-heal|p1a: Landorus|60/260|[from] item: Leftovers\n|upkeep\n|turn|21\n|inactive|Time left: 300 sec this turn | 300 sec total\n|\n|t:|1783564420\n|switch|p1a: Okidogi|Okidogi, L77, M|35/262\n|move|p2a: Toedscruel|Giga Drain|p1a: Okidogi\n|-resisted|p1a: Okidogi\n|-damage|p1a: Okidogi|8/262\n|-heal|p2a: Toedscruel|51/100|[from] drain|[of] p1a: Okidogi\n|\n|upkeep\n|turn|22\n|inactive|Time left: 300 sec this turn | 300 sec total\n|\n|t:|1783564421\n|switch|p1a: Landorus|Landorus-Therian, L76, M|60/260\n|-ability|p1a: Landorus|Intimidate|boost\n|-unboost|p2a: Toedscruel|atk|1\n|move|p2a: Toedscruel|Giga Drain|p1a: Landorus\n|-damage|p1a: Landorus|0 fnt\n|-heal|p2a: Toedscruel|62/100|[from] drain|[of] p1a: Landorus\n|faint|p1a: Landorus\n|\n|upkeep\n|inactive|Time left: 300 sec this turn | 300 sec total | 5 sec grace\n|\n|t:|1783564422\n|switch|p1a: Phione|Phione, L91|246/293\n|turn|23\n|inactive|Time left: 300 sec this turn | 300 sec total\n|\n|t:|1783564423\n|move|p2a: Toedscruel|Giga Drain|p1a: Phione\n|-supereffective|p1a: Phione\n|-damage|p1a: Phione|90/293\n|-heal|p2a: Toedscruel|89/100|[from] drain|[of] p1a: Phione\n|move|p1a: Phione|Scald|p2a: Toedscruel\n|-damage|p2a: Toedscruel|73/100\n|-status|p2a: Toedscruel|brn\n|\n|-heal|p1a: Phione|108/293|[from] item: Leftovers\n|-damage|p2a: Toedscruel|67/100 brn|[from] brn\n|upkeep\n|turn|24\n|inactive|Time left: 300 sec this turn | 300 sec total\n|\n|t:|1783564424\n|-terastallize|p1a: Phione|Steel\n|move|p2a: Toedscruel|Giga Drain|p1a: Phione\n|-resisted|p1a: Phione\n|-damage|p1a: Phione|72/293\n|-heal|p2a: Toedscruel|73/100 brn|[from] drain|[of] p1a: Phione\n|move|p1a: Phione|Rest|p1a: Phione\n|-status|p1a: Phione|slp|[from] move: Rest\n|-heal|p1a: Phione|293/293 slp|[silent]\n|\n|-damage|p2a: Toedscruel|67/100 brn|[from] brn\n|upkeep\n|turn|25\n|inactive|Time left: 300 sec this turn | 300 sec total\n|\n|t:|1783564425\n|move|p2a: Toedscruel|Earth Power|p1a: Phione\n|-supereffective|p1a: Phione\n|-damage|p1a: Phione|125/293 slp\n|-unboost|p1a: Phione|spd|1\n|cant|p1a: Phione|slp\n|move|p1a: Phione|Sleep Talk|p1a: Phione\n|move|p1a: Phione|Rest||[from] move: Sleep Talk|[still]\n|-fail|p1a: Phione\n|\n|-heal|p1a: Phione|143/293 slp|[from] item: Leftovers\n|-damage|p2a: Toedscruel|61/100 brn|[from] brn\n|upkeep\n|turn|26\n|inactive|Time left: 300 sec this turn | 300 sec total\n|\n|t:|1783564426\n|move|p2a: Toedscruel|Earth Power|p1a: Phione\n|-supereffective|p1a: Phione\n|-damage|p1a: Phione|0 fnt\n|faint|p1a: Phione\n|\n|-damage|p2a: Toedscruel|55/100 brn|[from] brn\n|upkeep\n|inactive|Time left: 300 sec this turn | 300 sec total | 5 sec grace\n|\n|t:|1783564427\n|switch|p1a: Okidogi|Okidogi, L77, M|8/262\n|turn|27\n|inactive|Time left: 300 sec this turn | 300 sec total\n|\n|t:|1783564427\n|-terastallize|p2a: Toedscruel|Water\n|move|p2a: Toedscruel|Giga Drain|p1a: Okidogi\n|-resisted|p1a: Okidogi\n|-damage|p1a: Okidogi|0 fnt\n|-heal|p2a: Toedscruel|57/100 brn|[from] drain|[of] p1a: Okidogi\n|faint|p1a: Okidogi\n|\n|win|p0y218107d9", "uploadtime": 1783564427, "views": 0, "rating": 0, "private": 0, "password": null, "_winner": "p0y218107d9", "_our_name": "p0x21811369"}