{"id": "battle-gen9randombattle-2929", "formatid": "gen9randombattle", "format": "[Gen 9] Random Battle", "players": ["p0x2929ffea", "p0y2929cc80"], "log": "|init|battle\n|title|p0x2929ffea vs. p0y2929cc80\n|j|\u2606p0x2929ffea\n|j|\u2606p0y2929cc80\n|t:|1783573733\n|gametype|singles\n|player|p1|p0x2929ffea|102|\n|player|p2|p0y2929cc80|169|\n|gen|9\n|tier|[Gen 9] Random Battle\n|rule|Species Clause: Limit one of each Pok\u00e9mon\n|rule|HP Percentage Mod: HP is shown in percentages\n|rule|Sleep Clause Mod: Limit one foe put to sleep\n|rule|Illusion Level Mod: Illusion disguises the Pok\u00e9mon's true level\n|\n|t:|1783573733\n|teamsize|p1|6\n|teamsize|p2|6\n|start\n|switch|p1a: Hydreigon|Hydreigon, L79, M|100/100\n|switch|p2a: Palossand|Palossand, L89, F|296/296\n|turn|1\n|inactive|Battle timer is ON: inactive players will automatically lose when time's up. (requested by p0y2929cc80)\n|inactive|p0x2929ffea also wants the timer to be on.\n|\n|t:|1783573735\n|switch|p2a: Diancie|Diancie, L82|216/216\n|move|p1a: Hydreigon|Nasty Plot|p1a: Hydreigon\n|-boost|p1a: Hydreigon|spa|2\n|\n|upkeep\n|turn|2\n|inactive|Time left: 300 sec this turn | 300 sec total\n|\n|t:|1783573735\n|move|p1a: Hydreigon|Dark Pulse|p2a: Diancie\n|-resisted|p2a: Diancie\n|-damage|p2a: Diancie|138/216\n|-damage|p1a: Hydreigon|91/100|[from] item: Life Orb\n|move|p2a: Diancie|Moonblast|p1a: Hydreigon\n|-supereffective|p1a: Hydreigon\n|-damage|p1a: Hydreigon|0 fnt\n|faint|p1a: Hydreigon\n|\n|-heal|p2a: Diancie|151/216|[from] item: Leftovers\n|upkeep\n|\n|t:|1783573736\n|switch|p1a: Pecharunt|Pecharunt, L77|100/100\n|turn|3\n|inactive|Time left: 300 sec this turn | 300 sec total\n|\n|t:|1783573737\n|move|p1a: Pecharunt|Malignant Chain|p2a: Diancie\n|-damage|p2a: Diancie|94/216\n|-status|p2a: Diancie|tox\n|-start|p2a: Diancie|confusion|[from] ability: Poison Puppeteer|[of] p1a: Pecharunt\n|-activate|p2a: Diancie|confusion\n|move|p2a: Diancie|Moonblast|p1a: Pecharunt\n|-resisted|p1a: Pecharunt\n|-damage|p1a: Pecharunt|80/100\n|-unboost|p1a: Pecharunt|spa|1\n|\n|-heal|p2a: Diancie|107/216 tox|[from] item: Leftovers\n|-damage|p2a: Diancie|94/216 tox|[from] psn\n|upkeep\n|turn|4\n|inactive|Time left: 300 sec this turn | 300 sec total\n|\n|t:|1783573738\n|move|p1a: Pecharunt|Malignant Chain|p2a: Diancie\n|-damage|p2a: Diancie|60/216 tox\n|-activate|p2a: Diancie|confusion\n|move|p2a: Diancie|Moonblast|p1a: Pecharunt\n|-resisted|p1a: Pecharunt\n|-damage|p1a: Pecharunt|60/100\n|\n|-heal|p2a: Diancie|73/216 tox|[from] item: Leftovers\n|-damage|p2a: Diancie|47/216 tox|[from] psn\n|upkeep\n|turn|5\n|inactive|Time left: 300 sec this turn | 300 sec total\n|\n|t:|1783573738\n|move|p1a: Pecharunt|Recover|p1a: Pecharunt\n|-heal|p1a: Pecharunt|100/100\n|-activate|p2a: Diancie|confusion\n|-damage|p2a: Diancie|28/216 tox|[from] confusion\n|\n|-heal|p2a: Diancie|41/216 tox|[from] item: Leftovers\n|-damage|p2a: Diancie|2/216 tox|[from] psn\n|upkeep\n|turn|6\n|inactive|Time left: 300 sec this turn | 300 sec total\n|\n|t:|1783573739\n|move|p1a: Pecharunt|Parting Shot|p2a: Diancie\n|-fail|p2a: Diancie|unboost|[from] ability: Clear Body|[of] p2a: Diancie\n|-end|p2a: Diancie|confusion\n|move|p2a: Diancie|Body Press|p1a: Pecharunt\n|-immune|p1a: Pecharunt\n|\n|-heal|p2a: Diancie|15/216 tox|[from] item: Leftovers\n|-damage|p2a: Diancie|0 fnt|[from] psn\n|faint|p2a: Diancie\n|upkeep\n|inactive|Time left: 300 sec this turn | 300 sec total | 5 sec grace\n|\n|t:|1783573740\n|switch|p2a: Hydreigon|Hydreigon, L79, M|275/275\n|turn|7\n|inactive|Time left: 300 sec this turn | 300 sec total\n|\n|t:|1783573741\n|switch|p1a: Squawkabilly|Squawkabilly-Yellow, L89, M|100/100\n|move|p2a: Hydreigon|Dark Pulse|p1a: Squawkabilly\n|-damage|p1a: Squawkabilly|35/100\n|\n|upkeep\n|turn|8\n|inactive|Time left: 300 sec this turn | 300 sec total\n|\n|t:|1783573742\n|move|p1a: Squawkabilly|Brave Bird|p2a: Hydreigon\n|-damage|p2a: Hydreigon|0 fnt\n|faint|p2a: Hydreigon\n|-damage|p1a: Squawkabilly|4/100|[from] Recoil\n|\n|upkeep\n|inactive|Time left: 300 sec this turn | 300 sec total | 5 sec grace\n|\n|t:|1783573743\n|switch|p2a: Ambipom|Ambipom, L84, M|263/263\n|turn|9\n|inactive|Time left: 300 sec this turn | 300 sec total\n|\n|t:|1783573744\n|switch|p1a: Chandelure|Chandelure, L83, M|100/100\n|move|p2a: Ambipom|U-turn|p1a: Chandelure\n|-resisted|p1a: Chandelure\n|-damage|p1a: Chandelure|95/100\n|-status|p2a: Ambipom|brn|[from] ability: Flame Body|[of] p1a: Chandelure\n|inactive|Time left: 300 sec this turn | 300 sec total | 5 sec grace\n|\n|t:|1783573745\n|switch|p2a: Palossand|Palossand, L89, F|296/296|[from] U-turn\n|\n|upkeep\n|turn|10\n|inactive|Time left: 300 sec this turn | 300 sec total\n|\n|t:|1783573745\n|-terastallize|p1a: Chandelure|Ghost\n|move|p1a: Chandelure|Shadow Ball|p2a: Palossand\n|-supereffective|p2a: Palossand\n|-damage|p2a: Palossand|0 fnt\n|faint|p2a: Palossand\n|\n|upkeep\n|inactive|Time left: 300 sec this turn | 300 sec total | 5 sec grace\n|\n|t:|1783573746\n|switch|p2a: Oricorio|Oricorio-Sensu, L85, M|266/266\n|turn|11\n|inactive|Time left: 300 sec this turn | 300 sec total\n|\n|t:|1783573747\n|move|p2a: Oricorio|Quiver Dance|p2a: Oricorio\n|-boost|p2a: Oricorio|spa|1\n|-boost|p2a: Oricorio|spd|1\n|-boost|p2a: Oricorio|spe|1\n|move|p1a: Chandelure|Shadow Ball|p2a: Oricorio\n|-supereffective|p2a: Oricorio\n|-damage|p2a: Oricorio|26/266\n|-unboost|p2a: Oricorio|spd|1\n|\n|upkeep\n|turn|12\n|inactive|Time left: 300 sec this turn | 300 sec total\n|\n|t:|1783573748\n|switch|p1a: Squawkabilly|Squawkabilly-Yellow, L89, M|4/100\n|move|p2a: Oricorio|Revelation Dance|p1a: Squawkabilly\n|-immune|p1a: Squawkabilly\n|\n|upkeep\n|turn|13\n|inactive|Time left: 300 sec this turn | 300 sec total\n|\n|t:|1783573749\n|move|p2a: Oricorio|Hurricane|p1a: Squawkabilly\n|-damage|p1a: Squawkabilly|0 fnt\n|faint|p1a: Squawkabilly\n|\n|upkeep\n|\n|t:|1783573750\n|switch|p1a: Staraptor|Staraptor, L79, M|100/100\n|turn|14\n|inactive|Time left: 300 sec this turn | 300 sec total\n|\n|t:|1783573751\n|move|p2a: Oricorio|Hurricane|p1a: Staraptor|[miss]\n|-miss|p2a: Oricorio|p1a: Staraptor\n|move|p1a: Staraptor|Brave Bird|p2a: Oricorio\n|-damage|p2a: Oricorio|0 fnt\n|faint|p2a: Oricorio\n|-damage|p1a: Staraptor|97/100|[from] Recoil\n|\n|upkeep\n|inactive|Time left: 300 sec this turn | 300 sec total | 5 sec grace\n|\n|t:|1783573752\n|switch|p2a: Ambipom|Ambipom, L84, M|263/263 brn\n|turn|15\n|inactive|Time left: 300 sec this turn | 300 sec total\n|\n|t:|1783573753\n|switch|p1a: Regirock|Regirock, L83|100/100\n|move|p2a: Ambipom|Knock Off|p1a: Regirock\n|-damage|p1a: Regirock|94/100\n|-enditem|p1a: Regirock|Chesto Berry|[from] move: Knock Off|[of] p2a: Ambipom\n|\n|-damage|p2a: Ambipom|247/263 brn|[from] brn\n|upkeep\n|turn|16\n|inactive|Time left: 300 sec this turn | 300 sec total\n|\n|t:|1783573753\n|move|p2a: Ambipom|U-turn|p1a: Regirock\n|-damage|p1a: Regirock|89/100\n|inactive|Time left: 300 sec this turn | 300 sec total | 5 sec grace\n|\n|t:|1783573754\n|switch|p2a: Scream Tail|Scream Tail, L84|330/330|[from] U-turn\n|move|p1a: Regirock|Curse|p1a: Regirock\n|-unboost|p1a: Regirock|spe|1\n|-boost|p1a: Regirock|atk|1\n|-boost|p1a: Regirock|def|1\n|\n|upkeep\n|turn|17\n|inactive|Time left: 300 sec this turn | 300 sec total\n|\n|t:|1783573755\n|move|p2a: Scream Tail|Encore|p1a: Regirock\n|-start|p1a: Regirock|Encore\n|move|p1a: Regirock|Curse|p1a: Regirock\n|-unboost|p1a: Regirock|spe|1\n|-boost|p1a: Regirock|atk|1\n|-boost|p1a: Regirock|def|1\n|\n|upkeep\n|turn|18\n|inactive|Time left: 300 sec this turn | 300 sec total\n|\n|t:|1783573756\n|switch|p1a: Pecharunt|Pecharunt, L77|100/100\n|move|p2a: Scream Tail|Dazzling Gleam|p1a: Pecharunt\n|-resisted|p1a: Pecharunt\n|-damage|p1a: Pecharunt|88/100\n|\n|upkeep\n|turn|19\n|inactive|Time left: 300 sec this turn | 300 sec total\n|\n|t:|1783573757\n|move|p2a: Scream Tail|Protect|p2a: Scream Tail\n|-singleturn|p2a: Scream Tail|Protect\n|move|p1a: Pecharunt|Parting Shot|p2a: Scream Tail\n|-activate|p2a: Scream Tail|move: Protect\n|\n|upkeep\n|turn|20\n|inactive|Time left: 300 sec this turn | 300 sec total\n|\n|t:|1783573757\n|-end|p2a: Scream Tail|Protosynthesis|[silent]\n|switch|p2a: Ambipom|Ambipom, L84, M|247/263 brn\n|move|p1a: Pecharunt|Parting Shot|p2a: Ambipom\n|-unboost|p2a: Ambipom|atk|1\n|-unboost|p2a: Ambipom|spa|1\n|\n|t:|1783573758\n|switch|p1a: Chandelure|Chandelure, L83, M, tera:Ghost|95/100|[from] Parting Shot\n|\n|-damage|p2a: Ambipom|231/263 brn|[from] brn\n|upkeep\n|turn|21\n|inactive|Time left: 300 sec this turn | 300 sec total\n|\n|t:|1783573759\n|move|p2a: Ambipom|Knock Off|p1a: Chandelure\n|-supereffective|p1a: Chandelure\n|-damage|p1a: Chandelure|75/100\n|-enditem|p1a: Chandelure|Heavy-Duty Boots|[from] move: Knock Off|[of] p2a: Ambipom\n|move|p1a: Chandelure|Calm Mind|p1a: Chandelure\n|-boost|p1a: Chandelure|spa|1\n|-boost|p1a: Chandelure|spd|1\n|\n|-damage|p2a: Ambipom|215/263 brn|[from] brn\n|upkeep\n|turn|22\n|inactive|Time left: 300 sec this turn | 300 sec total\n|\n|t:|1783573760\n|move|p2a: Ambipom|Knock Off|p1a: Chandelure\n|-supereffective|p1a: Chandelure\n|-damage|p1a: Chandelure|61/100\n|move|p1a: Chandelure|Fire Blast|p2a: Ambipom\n|-damage|p2a: Ambipom|0 fnt\n|faint|p2a: Ambipom\n|\n|upkeep\n|inactive|Time left: 300 sec this turn | 300 sec total | 5 sec grace\n|\n|t:|1783573761\n|switch|p2a: Scream Tail|Scream Tail, L84|330/330\n|turn|23\n|inactive|Time left: 300 sec this turn | 300 sec total\n|\n|t:|1783573761\n|move|p2a: Scream Tail|Encore|p1a: Chandelure\n|-start|p1a: Chandelure|Encore\n|move|p1a: Chandelure|Fire Blast|p2a: Scream Tail\n|-damage|p2a: Scream Tail|150/330\n|\n|-heal|p2a: Scream Tail|170/330|[from] item: Leftovers\n|upkeep\n|turn|24\n|inactive|Time left: 300 sec this turn | 300 sec total\n|\n|t:|1783573763\n|-terastallize|p2a: Scream Tail|Poison\n|move|p2a: Scream Tail|Protect|p2a: Scream Tail\n|-singleturn|p2a: Scream Tail|Protect\n|move|p1a: Chandelure|Fire Blast|p2a: Scream Tail\n|-activate|p2a: Scream Tail|move: Protect\n|\n|-heal|p2a: Scream Tail|190/330|[from] item: Leftovers\n|upkeep\n|turn|25\n|inactive|Time left: 300 sec this turn | 300 sec total\n|\n|t:|1783573763\n|move|p2a: Scream Tail|Wish|p2a: Scream Tail\n|move|p1a: Chandelure|Fire Blast|p2a: Scream Tail\n|-damage|p2a: Scream Tail|0 fnt\n|faint|p2a: Scream Tail\n|-end|p2a: Scream Tail|Protosynthesis|[silent]\n|\n|win|p0x2929ffea", "uploadtime": 1783573763, "views": 0, "rating": 0, "private": 0, "password": null, "_winner": "p0x2929ffea", "_our_name": "p0y2929cc80"}