{"id": "battle-gen9randombattle-508", "formatid": "gen9randombattle", "format": "[Gen 9] Random Battle", "players": ["p0x5080318", "p0y5084a47"], "log": "|init|battle\n|title|p0x5080318 vs. p0y5084a47\n|j|\u2606p0x5080318\n|j|\u2606p0y5084a47\n|t:|1783544928\n|gametype|singles\n|player|p1|p0x5080318|266|\n|player|p2|p0y5084a47|102|\n|gen|9\n|tier|[Gen 9] Random Battle\n|rule|Species Clause: Limit one of each Pok\u00e9mon\n|rule|HP Percentage Mod: HP is shown in percentages\n|rule|Sleep Clause Mod: Limit one foe put to sleep\n|rule|Illusion Level Mod: Illusion disguises the Pok\u00e9mon's true level\n|\n|t:|1783544928\n|teamsize|p1|6\n|teamsize|p2|6\n|start\n|switch|p1a: Chesnaught|Chesnaught, L84, M|285/285\n|switch|p2a: Scizor|Scizor, L79, F|100/100\n|turn|1\n|inactive|Battle timer is ON: inactive players will automatically lose when time's up. (requested by p0y5084a47)\n|inactive|Time left: 300 sec this turn | 300 sec total | 60 sec grace\n|inactive|p0x5080318 also wants the timer to be on.\n|\n|t:|1783544929\n|move|p1a: Chesnaught|Body Press|p2a: Scizor\n|-damage|p2a: Scizor|63/100\n|move|p2a: Scizor|U-turn|p1a: Chesnaught\n|-damage|p1a: Chesnaught|221/285\n|\n|t:|1783544930\n|switch|p2a: Torkoal|Torkoal, L88, M|100/100|[from] U-turn\n|-weather|SunnyDay|[from] ability: Drought|[of] p2a: Torkoal\n|\n|-weather|SunnyDay|[upkeep]\n|-heal|p1a: Chesnaught|238/285|[from] item: Leftovers\n|upkeep\n|turn|2\n|inactive|Time left: 300 sec this turn | 300 sec total\n|\n|t:|1783544932\n|switch|p1a: Typhlosion|Typhlosion-Hisui, L83, M|257/257\n|move|p2a: Torkoal|Lava Plume|p1a: Typhlosion\n|-resisted|p1a: Typhlosion\n|-damage|p1a: Typhlosion|189/257\n|\n|-weather|SunnyDay|[upkeep]\n|upkeep\n|turn|3\n|inactive|Time left: 300 sec this turn | 300 sec total\n|\n|t:|1783544933\n|move|p1a: Typhlosion|Calm Mind|p1a: Typhlosion\n|-boost|p1a: Typhlosion|spa|1\n|-boost|p1a: Typhlosion|spd|1\n|move|p2a: Torkoal|Stealth Rock|p1a: Typhlosion\n|-sidestart|p1: p0x5080318|move: Stealth Rock\n|\n|-weather|SunnyDay|[upkeep]\n|upkeep\n|turn|4\n|inactive|Time left: 300 sec this turn | 300 sec total\n|\n|t:|1783544934\n|move|p1a: Typhlosion|Fire Blast|p2a: Torkoal\n|-resisted|p2a: Torkoal\n|-damage|p2a: Torkoal|40/100\n|move|p2a: Torkoal|Yawn|p1a: Typhlosion\n|-start|p1a: Typhlosion|move: Yawn|[of] p2a: Torkoal\n|\n|-weather|SunnyDay|[upkeep]\n|upkeep\n|turn|5\n|inactive|Time left: 300 sec this turn | 300 sec total\n|\n|t:|1783544935\n|switch|p2a: Scrafty|Scrafty, L83, M|100/100\n|move|p1a: Typhlosion|Fire Blast|p2a: Scrafty\n|-damage|p2a: Scrafty|0 fnt\n|faint|p2a: Scrafty\n|\n|-weather|none\n|-end|p1a: Typhlosion|move: Yawn|[silent]\n|-status|p1a: Typhlosion|slp\n|upkeep\n|\n|t:|1783544936\n|switch|p2a: Furret|Furret, L94, F|100/100\n|-item|p1a: Typhlosion|Heavy-Duty Boots|[from] ability: Frisk|[of] p2a: Furret\n|turn|6\n|inactive|Time left: 300 sec this turn | 300 sec total\n|\n|t:|1783544937\n|switch|p1a: Chesnaught|Chesnaught, L84, M|238/285\n|-damage|p1a: Chesnaught|221/285|[from] Stealth Rock\n|move|p2a: Furret|Knock Off|p1a: Chesnaught\n|-resisted|p1a: Chesnaught\n|-damage|p1a: Chesnaught|183/285\n|-enditem|p1a: Chesnaught|Leftovers|[from] move: Knock Off|[of] p2a: Furret\n|\n|upkeep\n|turn|7\n|inactive|Time left: 300 sec this turn | 300 sec total\n|\n|t:|1783544938\n|switch|p2a: Vileplume|Vileplume, L85, M|100/100\n|move|p1a: Chesnaught|Body Press|p2a: Vileplume\n|-resisted|p2a: Vileplume\n|-damage|p2a: Vileplume|82/100\n|\n|-heal|p2a: Vileplume|88/100|[from] item: Leftovers\n|upkeep\n|turn|8\n|inactive|Time left: 300 sec this turn | 300 sec total\n|\n|t:|1783544939\n|move|p1a: Chesnaught|Synthesis|p1a: Chesnaught\n|-heal|p1a: Chesnaught|285/285\n|move|p2a: Vileplume|Strength Sap|p1a: Chesnaught\n|-unboost|p1a: Chesnaught|atk|1\n|-heal|p2a: Vileplume|100/100\n|\n|upkeep\n|turn|9\n|inactive|Time left: 300 sec this turn | 300 sec total\n|\n|t:|1783544940\n|switch|p1a: Empoleon|Empoleon, L84, F|278/278\n|-damage|p1a: Empoleon|261/278|[from] Stealth Rock\n|move|p2a: Vileplume|Giga Drain|p1a: Empoleon\n|-damage|p1a: Empoleon|183/278\n|\n|-heal|p1a: Empoleon|200/278|[from] item: Leftovers\n|upkeep\n|turn|10\n|inactive|Time left: 300 sec this turn | 300 sec total\n|\n|t:|1783544942\n|move|p1a: Empoleon|Ice Beam|p2a: Vileplume\n|-supereffective|p2a: Vileplume\n|-damage|p2a: Vileplume|44/100\n|move|p2a: Vileplume|Giga Drain|p1a: Empoleon\n|-damage|p1a: Empoleon|110/278\n|-heal|p2a: Vileplume|61/100|[from] drain|[of] p1a: Empoleon\n|\n|-heal|p1a: Empoleon|127/278|[from] item: Leftovers\n|-heal|p2a: Vileplume|67/100|[from] item: Leftovers\n|upkeep\n|turn|11\n|inactive|Time left: 300 sec this turn | 300 sec total\n|\n|t:|1783544943\n|move|p1a: Empoleon|Roost|p1a: Empoleon\n|-heal|p1a: Empoleon|266/278\n|-singleturn|p1a: Empoleon|move: Roost\n|move|p2a: Vileplume|Giga Drain|p1a: Empoleon\n|-damage|p1a: Empoleon|181/278\n|-heal|p2a: Vileplume|83/100|[from] drain|[of] p1a: Empoleon\n|\n|-heal|p1a: Empoleon|198/278|[from] item: Leftovers\n|-heal|p2a: Vileplume|89/100|[from] item: Leftovers\n|upkeep\n|turn|12\n|inactive|Time left: 300 sec this turn | 300 sec total\n|\n|t:|1783544944\n|move|p1a: Empoleon|Ice Beam|p2a: Vileplume\n|-supereffective|p2a: Vileplume\n|-damage|p2a: Vileplume|37/100\n|-status|p2a: Vileplume|frz\n|cant|p2a: Vileplume|frz\n|\n|-heal|p1a: Empoleon|215/278|[from] item: Leftovers\n|-heal|p2a: Vileplume|43/100 frz|[from] item: Leftovers\n|upkeep\n|turn|13\n|inactive|Time left: 300 sec this turn | 300 sec total\n|\n|t:|1783544945\n|move|p1a: Empoleon|Ice Beam|p2a: Vileplume\n|-supereffective|p2a: Vileplume\n|-crit|p2a: Vileplume\n|-damage|p2a: Vileplume|0 fnt\n|faint|p2a: Vileplume\n|\n|-heal|p1a: Empoleon|232/278|[from] item: Leftovers\n|upkeep\n|\n|t:|1783544947\n|switch|p2a: Magnezone|Magnezone, L85|100/100\n|turn|14\n|inactive|Time left: 300 sec this turn | 300 sec total\n|\n|t:|1783544948\n|move|p2a: Magnezone|Discharge|p1a: Empoleon\n|-supereffective|p1a: Empoleon\n|-damage|p1a: Empoleon|32/278\n|-status|p1a: Empoleon|par\n|move|p1a: Empoleon|Roost|p1a: Empoleon\n|-heal|p1a: Empoleon|171/278 par\n|-singleturn|p1a: Empoleon|move: Roost\n|\n|-heal|p1a: Empoleon|188/278 par|[from] item: Leftovers\n|upkeep\n|turn|15\n|inactive|Time left: 300 sec this turn | 300 sec total\n|\n|t:|1783544949\n|move|p2a: Magnezone|Discharge|p1a: Empoleon\n|-supereffective|p1a: Empoleon\n|-damage|p1a: Empoleon|0 fnt\n|faint|p1a: Empoleon\n|\n|upkeep\n|inactive|Time left: 300 sec this turn | 300 sec total | 5 sec grace\n|\n|t:|1783544950\n|switch|p1a: Chesnaught|Chesnaught, L84, M|285/285\n|-damage|p1a: Chesnaught|268/285|[from] Stealth Rock\n|turn|16\n|inactive|Time left: 300 sec this turn | 300 sec total\n|\n|t:|1783544951\n|move|p1a: Chesnaught|Body Press|p2a: Magnezone\n|-supereffective|p2a: Magnezone\n|-damage|p2a: Magnezone|37/100\n|move|p2a: Magnezone|Flash Cannon|p1a: Chesnaught\n|-damage|p1a: Chesnaught|114/285\n|\n|-heal|p2a: Magnezone|43/100|[from] item: Leftovers\n|upkeep\n|turn|17\n|inactive|Time left: 300 sec this turn | 300 sec total\n|\n|t:|1783544952\n|-terastallize|p2a: Magnezone|Fighting\n|move|p1a: Chesnaught|Body Press|p2a: Magnezone\n|-damage|p2a: Magnezone|9/100\n|move|p2a: Magnezone|Flash Cannon|p1a: Chesnaught\n|-damage|p1a: Chesnaught|0 fnt\n|faint|p1a: Chesnaught\n|\n|-heal|p2a: Magnezone|15/100|[from] item: Leftovers\n|upkeep\n|inactive|Time left: 300 sec this turn | 300 sec total | 5 sec grace\n|\n|t:|1783544953\n|switch|p1a: Lucario|Lucario, L84, M|255/255\n|-damage|p1a: Lucario|248/255|[from] Stealth Rock\n|turn|18\n|inactive|Time left: 300 sec this turn | 300 sec total\n|\n|t:|1783544954\n|move|p1a: Lucario|Vacuum Wave|p2a: Magnezone\n|-damage|p2a: Magnezone|0 fnt\n|faint|p2a: Magnezone\n|-damage|p1a: Lucario|223/255|[from] item: Life Orb\n|\n|upkeep\n|\n|t:|1783544955\n|switch|p2a: Torkoal|Torkoal, L88, M|40/100\n|-weather|SunnyDay|[from] ability: Drought|[of] p2a: Torkoal\n|turn|19\n|inactive|Time left: 300 sec this turn | 300 sec total\n|\n|t:|1783544956\n|move|p1a: Lucario|Focus Blast|p2a: Torkoal\n|-damage|p2a: Torkoal|0 fnt\n|faint|p2a: Torkoal\n|-damage|p1a: Lucario|198/255|[from] item: Life Orb\n|\n|-weather|SunnyDay|[upkeep]\n|upkeep\n|\n|t:|1783544957\n|switch|p2a: Furret|Furret, L94, F|100/100\n|-item|p1a: Lucario|Life Orb|[from] ability: Frisk|[of] p2a: Furret\n|turn|20\n|inactive|Time left: 300 sec this turn | 300 sec total\n|\n|t:|1783544958\n|move|p2a: Furret|Double-Edge|p1a: Lucario\n|-resisted|p1a: Lucario\n|-damage|p1a: Lucario|73/255\n|-damage|p2a: Furret|87/100|[from] Recoil\n|move|p1a: Lucario|Focus Blast|p2a: Furret\n|-supereffective|p2a: Furret\n|-damage|p2a: Furret|0 fnt\n|faint|p2a: Furret\n|-damage|p1a: Lucario|48/255|[from] item: Life Orb\n|\n|-weather|SunnyDay|[upkeep]\n|upkeep\n|\n|t:|1783544959\n|switch|p2a: Scizor|Scizor, L79, F|63/100\n|turn|21\n|inactive|Time left: 300 sec this turn | 300 sec total\n|\n|t:|1783544959\n|move|p1a: Lucario|Vacuum Wave|p2a: Scizor\n|-damage|p2a: Scizor|32/100\n|-damage|p1a: Lucario|23/255|[from] item: Life Orb\n|move|p2a: Scizor|Knock Off|p1a: Lucario\n|-resisted|p1a: Lucario\n|-damage|p1a: Lucario|0 fnt\n|-enditem|p1a: Lucario|Life Orb|[from] move: Knock Off|[of] p2a: Scizor\n|faint|p1a: Lucario\n|\n|-weather|SunnyDay|[upkeep]\n|-heal|p2a: Scizor|38/100|[from] item: Leftovers\n|upkeep\n|inactive|Time left: 300 sec this turn | 300 sec total | 5 sec grace\n|\n|t:|1783544960\n|switch|p1a: Maushold|Maushold-Four, L76|238/238\n|-damage|p1a: Maushold|209/238|[from] Stealth Rock\n|turn|22\n|inactive|Time left: 300 sec this turn | 300 sec total\n|\n|t:|1783544961\n|-terastallize|p1a: Maushold|Normal\n|move|p1a: Maushold|Population Bomb|p2a: Scizor\n|-resisted|p2a: Scizor\n|-damage|p2a: Scizor|31/100\n|-resisted|p2a: Scizor\n|-damage|p2a: Scizor|25/100\n|-resisted|p2a: Scizor\n|-damage|p2a: Scizor|20/100\n|-resisted|p2a: Scizor\n|-damage|p2a: Scizor|14/100\n|-resisted|p2a: Scizor\n|-damage|p2a: Scizor|8/100\n|-resisted|p2a: Scizor\n|-damage|p2a: Scizor|2/100\n|-resisted|p2a: Scizor\n|-damage|p2a: Scizor|0 fnt\n|faint|p2a: Scizor\n|-hitcount|p2: Scizor|7\n|\n|win|p0x5080318", "uploadtime": 1783544961, "views": 0, "rating": 0, "private": 0, "password": null, "_winner": "p0x5080318", "_our_name": "p0x5080318"}