{"id": "battle-gen9randombattle-2997", "formatid": "gen9randombattle", "format": "[Gen 9] Random Battle", "players": ["p0x2997ec9d", "p0y2997709c"], "log": "|init|battle\n|title|p0x2997ec9d vs. p0y2997709c\n|j|\u2606p0x2997ec9d\n|j|\u2606p0y2997709c\n|t:|1783573499\n|gametype|singles\n|player|p1|p0x2997ec9d|265|\n|player|p2|p0y2997709c|101|\n|gen|9\n|tier|[Gen 9] Random Battle\n|rule|Species Clause: Limit one of each Pok\u00e9mon\n|rule|HP Percentage Mod: HP is shown in percentages\n|rule|Sleep Clause Mod: Limit one foe put to sleep\n|rule|Illusion Level Mod: Illusion disguises the Pok\u00e9mon's true level\n|\n|t:|1783573499\n|teamsize|p1|6\n|teamsize|p2|6\n|start\n|switch|p1a: Rotom|Rotom-Heat, L83|100/100\n|switch|p2a: Moltres|Moltres-Galar, L79|271/271\n|turn|1\n|inactive|Battle timer is ON: inactive players will automatically lose when time's up. (requested by p0x2997ec9d)\n|inactive|Time left: 300 sec this turn | 300 sec total | 60 sec grace\n|inactive|p0y2997709c also wants the timer to be on.\n|\n|t:|1783573501\n|move|p1a: Rotom|Nasty Plot|p1a: Rotom\n|-boost|p1a: Rotom|spa|2\n|move|p2a: Moltres|Fiery Wrath|p1a: Rotom\n|-damage|p1a: Rotom|65/100\n|\n|upkeep\n|turn|2\n|inactive|Time left: 300 sec this turn | 300 sec total\n|\n|t:|1783573502\n|-terastallize|p2a: Moltres|Steel\n|move|p1a: Rotom|Thunderbolt|p2a: Moltres\n|-damage|p2a: Moltres|96/271\n|-status|p2a: Moltres|par\n|-ability|p2a: Moltres|Berserk|boost\n|-boost|p2a: Moltres|spa|1\n|move|p2a: Moltres|Fiery Wrath|p1a: Rotom\n|-damage|p1a: Rotom|12/100\n|\n|upkeep\n|turn|3\n|inactive|Time left: 300 sec this turn | 300 sec total\n|\n|t:|1783573503\n|move|p1a: Rotom|Thunderbolt|p2a: Moltres\n|-damage|p2a: Moltres|0 fnt\n|faint|p2a: Moltres\n|\n|upkeep\n|inactive|Time left: 300 sec this turn | 300 sec total | 5 sec grace\n|\n|t:|1783573504\n|switch|p2a: Deoxys|Deoxys, L74|196/196\n|-ability|p2a: Deoxys|Pressure\n|turn|4\n|inactive|Time left: 300 sec this turn | 300 sec total\n|\n|t:|1783573505\n|move|p2a: Deoxys|Knock Off|p1a: Rotom\n|-damage|p1a: Rotom|0 fnt\n|-enditem|p1a: Rotom|Heavy-Duty Boots|[from] move: Knock Off|[of] p2a: Deoxys\n|faint|p1a: Rotom\n|-damage|p2a: Deoxys|177/196|[from] item: Life Orb\n|\n|upkeep\n|\n|t:|1783573506\n|switch|p1a: Oranguru|Oranguru, L92, F|100/100\n|turn|5\n|inactive|Time left: 300 sec this turn | 300 sec total\n|\n|t:|1783573507\n|move|p2a: Deoxys|Knock Off|p1a: Oranguru\n|-supereffective|p1a: Oranguru\n|-damage|p1a: Oranguru|44/100\n|-enditem|p1a: Oranguru|Choice Specs|[from] move: Knock Off|[of] p2a: Deoxys\n|-damage|p2a: Deoxys|158/196|[from] item: Life Orb\n|move|p1a: Oranguru|Hyper Voice|p2a: Deoxys\n|-damage|p2a: Deoxys|0 fnt\n|faint|p2a: Deoxys\n|\n|upkeep\n|inactive|Time left: 300 sec this turn | 300 sec total | 5 sec grace\n|\n|t:|1783573508\n|switch|p2a: Basculegion|Basculegion-F, L83, F|335/335\n|turn|6\n|inactive|Time left: 300 sec this turn | 300 sec total\n|\n|t:|1783573509\n|move|p2a: Basculegion|Hydro Pump|p1a: Oranguru|[miss]\n|-miss|p2a: Basculegion|p1a: Oranguru\n|move|p1a: Oranguru|Trick|p2a: Basculegion\n|-activate|p1a: Oranguru|move: Trick|[of] p2a: Basculegion\n|-enditem|p2a: Basculegion|Choice Specs|[silent]|[from] move: Trick\n|-item|p1a: Oranguru|Choice Specs|[from] move: Trick\n|\n|upkeep\n|turn|7\n|inactive|Time left: 300 sec this turn | 300 sec total\n|\n|t:|1783573510\n|move|p2a: Basculegion|Hydro Pump|p1a: Oranguru\n|-damage|p1a: Oranguru|4/100\n|move|p1a: Oranguru|Psyshock|p2a: Basculegion\n|-damage|p2a: Basculegion|167/335\n|\n|upkeep\n|turn|8\n|inactive|Time left: 300 sec this turn | 300 sec total\n|\n|t:|1783573511\n|switch|p1a: Decidueye|Decidueye-Hisui, L87, F|100/100\n|move|p2a: Basculegion|Ice Beam|p1a: Decidueye\n|-supereffective|p1a: Decidueye\n|-damage|p1a: Decidueye|64/100\n|\n|-heal|p1a: Decidueye|70/100|[from] item: Leftovers\n|upkeep\n|turn|9\n|inactive|Time left: 300 sec this turn | 300 sec total\n|\n|t:|1783573512\n|move|p2a: Basculegion|Ice Beam|p1a: Decidueye\n|-supereffective|p1a: Decidueye\n|-damage|p1a: Decidueye|33/100\n|move|p1a: Decidueye|Triple Arrows|p2a: Basculegion\n|-damage|p2a: Basculegion|32/335\n|\n|-heal|p1a: Decidueye|39/100|[from] item: Leftovers\n|upkeep\n|turn|10\n|inactive|Time left: 300 sec this turn | 300 sec total\n|\n|t:|1783573513\n|move|p1a: Decidueye|Sucker Punch|p2a: Basculegion\n|-supereffective|p2a: Basculegion\n|-damage|p2a: Basculegion|0 fnt\n|faint|p2a: Basculegion\n|\n|-heal|p1a: Decidueye|45/100|[from] item: Leftovers\n|upkeep\n|inactive|Time left: 300 sec this turn | 300 sec total | 5 sec grace\n|\n|t:|1783573514\n|switch|p2a: Noctowl|Noctowl, L95, F|344/344\n|turn|11\n|inactive|Time left: 300 sec this turn | 300 sec total\n|\n|t:|1783573515\n|move|p2a: Noctowl|Hurricane|p1a: Decidueye\n|-supereffective|p1a: Decidueye\n|-damage|p1a: Decidueye|0 fnt\n|faint|p1a: Decidueye\n|\n|upkeep\n|\n|t:|1783573515\n|switch|p1a: Stonjourner|Stonjourner, L91, M|100/100\n|turn|12\n|inactive|Time left: 300 sec this turn | 300 sec total\n|\n|t:|1783573516\n|move|p2a: Noctowl|Hurricane|p1a: Stonjourner|[miss]\n|-miss|p2a: Noctowl|p1a: Stonjourner\n|move|p1a: Stonjourner|Stone Edge|p2a: Noctowl\n|-supereffective|p2a: Noctowl\n|-damage|p2a: Noctowl|0 fnt\n|faint|p2a: Noctowl\n|-damage|p1a: Stonjourner|90/100|[from] item: Life Orb\n|\n|upkeep\n|inactive|Time left: 300 sec this turn | 300 sec total | 5 sec grace\n|\n|t:|1783573517\n|switch|p2a: Dudunsparce|Dudunsparce-Three-Segment, L83, M|343/343\n|turn|13\n|inactive|Time left: 300 sec this turn | 300 sec total\n|\n|t:|1783573518\n|move|p1a: Stonjourner|Stone Edge|p2a: Dudunsparce\n|-damage|p2a: Dudunsparce|140/343\n|-damage|p1a: Stonjourner|80/100|[from] item: Life Orb\n|move|p2a: Dudunsparce|Boomburst|p1a: Stonjourner\n|-resisted|p1a: Stonjourner\n|-damage|p1a: Stonjourner|39/100\n|\n|-heal|p2a: Dudunsparce|161/343|[from] item: Leftovers\n|upkeep\n|turn|14\n|inactive|Time left: 300 sec this turn | 300 sec total\n|\n|t:|1783573519\n|move|p1a: Stonjourner|Heat Crash|p2a: Dudunsparce\n|-damage|p2a: Dudunsparce|0 fnt\n|faint|p2a: Dudunsparce\n|-damage|p1a: Stonjourner|29/100|[from] item: Life Orb\n|\n|upkeep\n|inactive|Time left: 300 sec this turn | 300 sec total | 5 sec grace\n|\n|t:|1783573520\n|switch|p2a: Breloom|Breloom, L83, M|235/235\n|turn|15\n|inactive|Time left: 300 sec this turn | 300 sec total\n|\n|t:|1783573521\n|-terastallize|p1a: Stonjourner|Ground\n|move|p2a: Breloom|Mach Punch|p1a: Stonjourner\n|-damage|p1a: Stonjourner|10/100\n|-damage|p2a: Breloom|212/235|[from] item: Life Orb\n|move|p1a: Stonjourner|Heat Crash|p2a: Breloom\n|-supereffective|p2a: Breloom\n|-damage|p2a: Breloom|0 fnt\n|faint|p2a: Breloom\n|-damage|p1a: Stonjourner|0 fnt|[from] item: Life Orb\n|faint|p1a: Stonjourner\n|\n|win|p0x2997ec9d", "uploadtime": 1783573521, "views": 0, "rating": 0, "private": 0, "password": null, "_winner": "p0x2997ec9d", "_our_name": "p0y2997709c"}