{"id": "battle-gen9randombattle-1229", "formatid": "gen9randombattle", "format": "[Gen 9] Random Battle", "players": ["p0x1229e57e", "p0y1229dc0e"], "log": "|init|battle\n|title|p0x1229e57e vs. p0y1229dc0e\n|j|\u2606p0x1229e57e\n|j|\u2606p0y1229dc0e\n|t:|1783553349\n|gametype|singles\n|player|p1|p0x1229e57e|170|\n|player|p2|p0y1229dc0e|102|\n|gen|9\n|tier|[Gen 9] Random Battle\n|rule|Species Clause: Limit one of each Pok\u00e9mon\n|rule|HP Percentage Mod: HP is shown in percentages\n|rule|Sleep Clause Mod: Limit one foe put to sleep\n|rule|Illusion Level Mod: Illusion disguises the Pok\u00e9mon's true level\n|\n|t:|1783553349\n|teamsize|p1|6\n|teamsize|p2|6\n|start\n|switch|p1a: Arbok|Arbok, L87, M|100/100\n|switch|p2a: Farigiraf|Farigiraf, L90, F|362/362\n|-ability|p1a: Arbok|Intimidate|boost\n|-unboost|p2a: Farigiraf|atk|1\n|turn|1\n|inactive|Battle timer is ON: inactive players will automatically lose when time's up. (requested by p0x1229e57e)\n|inactive|Time left: 300 sec this turn | 300 sec total | 60 sec grace\n|inactive|p0y1229dc0e also wants the timer to be on.\n|\n|t:|1783553350\n|switch|p1a: Vespiquen|Vespiquen, L99, F|100/100\n|-ability|p1a: Vespiquen|Pressure\n|switch|p2a: Yanmega|Yanmega, L82, M|275/275\n|\n|upkeep\n|turn|2\n|inactive|Time left: 300 sec this turn | 300 sec total\n|\n|t:|1783553351\n|move|p2a: Yanmega|Protect|p2a: Yanmega\n|-singleturn|p2a: Yanmega|Protect\n|move|p1a: Vespiquen|Hurricane|p2a: Yanmega\n|-activate|p2a: Yanmega|move: Protect\n|\n|-ability|p2a: Yanmega|Speed Boost|boost\n|-boost|p2a: Yanmega|spe|1\n|upkeep\n|turn|3\n|inactive|Time left: 300 sec this turn | 300 sec total\n|\n|t:|1783553352\n|move|p2a: Yanmega|Air Slash|p1a: Vespiquen\n|-supereffective|p1a: Vespiquen\n|-damage|p1a: Vespiquen|58/100\n|move|p1a: Vespiquen|Hurricane|p2a: Yanmega\n|-supereffective|p2a: Yanmega\n|-damage|p2a: Yanmega|0 fnt\n|faint|p2a: Yanmega\n|\n|upkeep\n|inactive|Time left: 300 sec this turn | 300 sec total | 5 sec grace\n|\n|t:|1783553353\n|switch|p2a: Gholdengo|Gholdengo, L77|261/261\n|turn|4\n|inactive|Time left: 300 sec this turn | 300 sec total\n|\n|t:|1783553354\n|move|p2a: Gholdengo|Nasty Plot|p2a: Gholdengo\n|-boost|p2a: Gholdengo|spa|2\n|move|p1a: Vespiquen|Roost|p1a: Vespiquen\n|-heal|p1a: Vespiquen|100/100\n|-singleturn|p1a: Vespiquen|move: Roost\n|\n|upkeep\n|turn|5\n|inactive|Time left: 300 sec this turn | 300 sec total\n|\n|t:|1783553355\n|move|p2a: Gholdengo|Nasty Plot|p2a: Gholdengo\n|-boost|p2a: Gholdengo|spa|2\n|move|p1a: Vespiquen|Roost||[still]\n|-fail|p1a: Vespiquen|heal\n|\n|upkeep\n|turn|6\n|inactive|Time left: 300 sec this turn | 300 sec total\n|\n|t:|1783553356\n|switch|p1a: Suicune|Suicune, L82|100/100\n|-ability|p1a: Suicune|Pressure\n|move|p2a: Gholdengo|Make It Rain|p1a: Suicune\n|-resisted|p1a: Suicune\n|-damage|p1a: Suicune|47/100\n|-unboost|p2a: Gholdengo|spa|1\n|\n|-heal|p1a: Suicune|53/100|[from] item: Leftovers\n|upkeep\n|turn|7\n|inactive|Time left: 300 sec this turn | 300 sec total\n|\n|t:|1783553358\n|move|p1a: Suicune|Calm Mind|p1a: Suicune\n|-boost|p1a: Suicune|spa|1\n|-boost|p1a: Suicune|spd|1\n|move|p2a: Gholdengo|Shadow Ball|p1a: Suicune\n|-damage|p1a: Suicune|8/100\n|-unboost|p1a: Suicune|spd|1\n|\n|-heal|p1a: Suicune|14/100|[from] item: Leftovers\n|upkeep\n|turn|8\n|inactive|Time left: 300 sec this turn | 300 sec total\n|\n|t:|1783553359\n|move|p1a: Suicune|Protect|p1a: Suicune\n|-singleturn|p1a: Suicune|Protect\n|move|p2a: Gholdengo|Shadow Ball|p1a: Suicune\n|-activate|p1a: Suicune|move: Protect\n|\n|-heal|p1a: Suicune|20/100|[from] item: Leftovers\n|upkeep\n|turn|9\n|inactive|Time left: 300 sec this turn | 300 sec total\n|\n|t:|1783553359\n|move|p1a: Suicune|Scald|p2a: Gholdengo\n|-damage|p2a: Gholdengo|137/261\n|-status|p2a: Gholdengo|brn\n|move|p2a: Gholdengo|Shadow Ball|p1a: Suicune\n|-damage|p1a: Suicune|0 fnt\n|faint|p1a: Suicune\n|\n|-heal|p2a: Gholdengo|153/261 brn|[from] item: Leftovers\n|-damage|p2a: Gholdengo|137/261 brn|[from] brn\n|upkeep\n|\n|t:|1783553361\n|switch|p1a: Arbok|Arbok, L87, M|100/100\n|-ability|p1a: Arbok|Intimidate|boost\n|-unboost|p2a: Gholdengo|atk|1\n|turn|10\n|inactive|Time left: 300 sec this turn | 300 sec total\n|\n|t:|1783553362\n|move|p1a: Arbok|Earthquake|p2a: Gholdengo\n|-supereffective|p2a: Gholdengo\n|-damage|p2a: Gholdengo|0 fnt\n|faint|p2a: Gholdengo\n|\n|upkeep\n|inactive|Time left: 300 sec this turn | 300 sec total | 5 sec grace\n|\n|t:|1783553363\n|switch|p2a: Eelektross|Eelektross, L87, M|290/290\n|turn|11\n|inactive|Time left: 300 sec this turn | 300 sec total\n|\n|t:|1783553364\n|move|p1a: Arbok|Coil|p1a: Arbok\n|-boost|p1a: Arbok|atk|1\n|-boost|p1a: Arbok|def|1\n|-boost|p1a: Arbok|accuracy|1\n|move|p2a: Eelektross|Flamethrower|p1a: Arbok\n|-damage|p1a: Arbok|69/100\n|\n|-heal|p1a: Arbok|75/100|[from] item: Leftovers\n|upkeep\n|turn|12\n|inactive|Time left: 300 sec this turn | 300 sec total\n|\n|t:|1783553365\n|move|p1a: Arbok|Gunk Shot|p2a: Eelektross\n|-damage|p2a: Eelektross|85/290\n|move|p2a: Eelektross|Dragon Tail|p1a: Arbok\n|-damage|p1a: Arbok|60/100\n|drag|p1a: Bellossom|Bellossom, L84, M|100/100\n|\n|upkeep\n|turn|13\n|inactive|Time left: 300 sec this turn | 300 sec total\n|\n|t:|1783553367\n|move|p2a: Eelektross|Flamethrower|p1a: Bellossom\n|-supereffective|p1a: Bellossom\n|-damage|p1a: Bellossom|53/100\n|move|p1a: Bellossom|Quiver Dance|p1a: Bellossom\n|-boost|p1a: Bellossom|spa|1\n|-boost|p1a: Bellossom|spd|1\n|-boost|p1a: Bellossom|spe|1\n|\n|-heal|p1a: Bellossom|59/100|[from] item: Leftovers\n|upkeep\n|turn|14\n|inactive|Time left: 300 sec this turn | 300 sec total\n|\n|t:|1783553368\n|move|p1a: Bellossom|Moonblast|p2a: Eelektross\n|-damage|p2a: Eelektross|18/290\n|-unboost|p2a: Eelektross|spa|1\n|move|p2a: Eelektross|Dragon Tail|p1a: Bellossom\n|-damage|p1a: Bellossom|40/100\n|drag|p1a: Arbok|Arbok, L87, M|60/100\n|-ability|p1a: Arbok|Intimidate|boost\n|-unboost|p2a: Eelektross|atk|1\n|\n|-heal|p1a: Arbok|66/100|[from] item: Leftovers\n|upkeep\n|turn|15\n|inactive|Time left: 300 sec this turn | 300 sec total\n|\n|t:|1783553369\n|switch|p2a: Farigiraf|Farigiraf, L90, F|362/362\n|move|p1a: Arbok|Coil|p1a: Arbok\n|-boost|p1a: Arbok|atk|1\n|-boost|p1a: Arbok|def|1\n|-boost|p1a: Arbok|accuracy|1\n|\n|-heal|p1a: Arbok|72/100|[from] item: Leftovers\n|upkeep\n|turn|16\n|inactive|Time left: 300 sec this turn | 300 sec total\n|\n|t:|1783553370\n|-terastallize|p1a: Arbok|Ground\n|move|p1a: Arbok|Gunk Shot|p2a: Farigiraf\n|-damage|p2a: Farigiraf|124/362\n|move|p2a: Farigiraf|Psychic Noise|p1a: Arbok\n|-damage|p1a: Arbok|28/100\n|-start|p1a: Arbok|move: Heal Block\n|\n|-heal|p2a: Farigiraf|146/362|[from] item: Leftovers\n|upkeep\n|turn|17\n|inactive|Time left: 300 sec this turn | 300 sec total\n|\n|t:|1783553372\n|switch|p2a: Phione|Phione, L91|293/293\n|move|p1a: Arbok|Earthquake|p2a: Phione\n|-damage|p2a: Phione|139/293\n|\n|-heal|p2a: Phione|157/293|[from] item: Leftovers\n|-end|p1a: Arbok|move: Heal Block\n|upkeep\n|turn|18\n|inactive|Time left: 300 sec this turn | 300 sec total\n|\n|t:|1783553373\n|switch|p1a: Perrserker|Perrserker, L89, F|100/100\n|move|p2a: Phione|Ice Beam|p1a: Perrserker\n|-resisted|p1a: Perrserker\n|-damage|p1a: Perrserker|85/100\n|\n|-heal|p2a: Phione|175/293|[from] item: Leftovers\n|upkeep\n|turn|19\n|inactive|Time left: 300 sec this turn | 300 sec total\n|\n|t:|1783553374\n|move|p2a: Phione|Scald|p1a: Perrserker\n|-damage|p1a: Perrserker|46/100\n|move|p1a: Perrserker|Knock Off|p2a: Phione\n|-damage|p2a: Phione|41/293\n|-enditem|p2a: Phione|Leftovers|[from] move: Knock Off|[of] p1a: Perrserker\n|-damage|p1a: Perrserker|36/100|[from] item: Life Orb\n|\n|upkeep\n|turn|20\n|inactive|Time left: 300 sec this turn | 300 sec total\n|\n|t:|1783553375\n|switch|p1a: Bellossom|Bellossom, L84, M|40/100\n|move|p2a: Phione|Scald|p1a: Bellossom\n|-resisted|p1a: Bellossom\n|-damage|p1a: Bellossom|24/100\n|-status|p1a: Bellossom|brn\n|\n|-heal|p1a: Bellossom|30/100 brn|[from] item: Leftovers\n|-damage|p1a: Bellossom|24/100 brn|[from] brn\n|upkeep\n|turn|21\n|inactive|Time left: 300 sec this turn | 300 sec total\n|\n|t:|1783553376\n|move|p2a: Phione|Ice Beam|p1a: Bellossom\n|-supereffective|p1a: Bellossom\n|-damage|p1a: Bellossom|0 fnt\n|faint|p1a: Bellossom\n|\n|upkeep\n|\n|t:|1783553377\n|switch|p1a: Cyclizar|Cyclizar, L84, F|100/100\n|turn|22\n|inactive|Time left: 300 sec this turn | 300 sec total\n|\n|t:|1783553378\n|switch|p2a: Regirock|Regirock, L83|268/268\n|move|p1a: Cyclizar|Rapid Spin|p2a: Regirock\n|-resisted|p2a: Regirock\n|-damage|p2a: Regirock|254/268\n|-boost|p1a: Cyclizar|spe|1\n|\n|-heal|p2a: Regirock|268/268|[from] item: Leftovers\n|upkeep\n|turn|23\n|inactive|Time left: 300 sec this turn | 300 sec total\n|\n|t:|1783553379\n|move|p1a: Cyclizar|Shed Tail|p1a: Cyclizar\n|-start|p1a: Cyclizar|Substitute|[from] move: Shed Tail\n|-damage|p1a: Cyclizar|50/100\n|\n|t:|1783553380\n|switch|p1a: Vespiquen|Vespiquen, L99, F|100/100|[from] Shed Tail\n|-ability|p1a: Vespiquen|Pressure\n|move|p2a: Regirock|Body Press|p1a: Vespiquen\n|-resisted|p1a: Vespiquen\n|-activate|p1a: Vespiquen|move: Substitute|[damage]\n|\n|upkeep\n|turn|24\n|inactive|Time left: 300 sec this turn | 300 sec total\n|\n|t:|1783553381\n|move|p1a: Vespiquen|Toxic Spikes|p2a: Regirock\n|-sidestart|p2: p0y1229dc0e|move: Toxic Spikes\n|move|p2a: Regirock|Stone Edge|p1a: Vespiquen\n|-supereffective|p1a: Vespiquen\n|-crit|p1a: Vespiquen\n|-end|p1a: Vespiquen|Substitute\n|\n|upkeep\n|turn|25\n|inactive|Time left: 300 sec this turn | 300 sec total\n|\n|t:|1783553382\n|switch|p1a: Perrserker|Perrserker, L89, F|36/100\n|move|p2a: Regirock|Stone Edge|p1a: Perrserker|[miss]\n|-miss|p2a: Regirock|p1a: Perrserker\n|\n|upkeep\n|turn|26\n|inactive|Time left: 300 sec this turn | 300 sec total\n|\n|t:|1783553383\n|move|p1a: Perrserker|Iron Head|p2a: Regirock\n|-supereffective|p2a: Regirock\n|-damage|p2a: Regirock|86/268\n|-damage|p1a: Perrserker|27/100|[from] item: Life Orb\n|move|p2a: Regirock|Body Press|p1a: Perrserker\n|-supereffective|p1a: Perrserker\n|-damage|p1a: Perrserker|0 fnt\n|faint|p1a: Perrserker\n|\n|-heal|p2a: Regirock|102/268|[from] item: Leftovers\n|upkeep\n|\n|t:|1783553384\n|switch|p1a: Cyclizar|Cyclizar, L84, F|84/100\n|turn|27\n|inactive|Time left: 300 sec this turn | 300 sec total\n|\n|t:|1783553386\n|move|p1a: Cyclizar|Draco Meteor|p2a: Regirock\n|-damage|p2a: Regirock|0 fnt\n|-unboost|p1a: Cyclizar|spa|2\n|faint|p2a: Regirock\n|\n|upkeep\n|inactive|Time left: 300 sec this turn | 300 sec total | 5 sec grace\n|\n|t:|1783553387\n|switch|p2a: Phione|Phione, L91|41/293\n|-status|p2a: Phione|psn\n|turn|28\n|inactive|Time left: 300 sec this turn | 300 sec total\n|\n|t:|1783553388\n|move|p1a: Cyclizar|Rapid Spin|p2a: Phione\n|-damage|p2a: Phione|0 fnt\n|-boost|p1a: Cyclizar|spe|1\n|faint|p2a: Phione\n|\n|upkeep\n|inactive|Time left: 300 sec this turn | 300 sec total | 5 sec grace\n|\n|t:|1783553389\n|switch|p2a: Farigiraf|Farigiraf, L90, F|146/362\n|-status|p2a: Farigiraf|psn\n|turn|29\n|inactive|Time left: 300 sec this turn | 300 sec total\n|\n|t:|1783553390\n|switch|p1a: Arbok|Arbok, L87, M, tera:Ground|28/100\n|-ability|p1a: Arbok|Intimidate|boost\n|-unboost|p2a: Farigiraf|atk|1\n|move|p2a: Farigiraf|Body Slam|p1a: Arbok\n|-damage|p1a: Arbok|0 fnt\n|faint|p1a: Arbok\n|\n|-heal|p2a: Farigiraf|168/362 psn|[from] item: Leftovers\n|-damage|p2a: Farigiraf|123/362 psn|[from] psn\n|upkeep\n|\n|t:|1783553391\n|switch|p1a: Cyclizar|Cyclizar, L84, F|100/100\n|turn|30\n|inactive|Time left: 300 sec this turn | 300 sec total\n|\n|t:|1783553392\n|-terastallize|p2a: Farigiraf|Fairy\n|move|p1a: Cyclizar|Draco Meteor|p2a: Farigiraf\n|-immune|p2a: Farigiraf\n|move|p2a: Farigiraf|Wish|p2a: Farigiraf\n|\n|-heal|p2a: Farigiraf|145/362 psn|[from] item: Leftovers\n|-damage|p2a: Farigiraf|100/362 psn|[from] psn\n|upkeep\n|turn|31\n|inactive|Time left: 300 sec this turn | 300 sec total\n|\n|t:|1783553393\n|move|p1a: Cyclizar|Shed Tail|p1a: Cyclizar\n|-start|p1a: Cyclizar|Substitute|[from] move: Shed Tail\n|-damage|p1a: Cyclizar|50/100\n|\n|t:|1783553394\n|switch|p1a: Vespiquen|Vespiquen, L99, F|100/100|[from] Shed Tail\n|-ability|p1a: Vespiquen|Pressure\n|move|p2a: Farigiraf|Psychic Noise|p1a: Vespiquen\n|-crit|p1a: Vespiquen\n|-damage|p1a: Vespiquen|63/100\n|-start|p1a: Vespiquen|move: Heal Block\n|\n|-heal|p2a: Farigiraf|281/362 psn|[from] move: Wish|[wisher] Farigiraf\n|-heal|p2a: Farigiraf|303/362 psn|[from] item: Leftovers\n|-damage|p2a: Farigiraf|258/362 psn|[from] psn\n|upkeep\n|turn|32\n|inactive|Time left: 300 sec this turn | 300 sec total\n|\n|t:|1783553395\n|move|p2a: Farigiraf|Psychic Noise|p1a: Vespiquen\n|-damage|p1a: Vespiquen|39/100\n|move|p1a: Vespiquen|Hurricane|p2a: Farigiraf\n|-damage|p2a: Farigiraf|107/362 psn\n|\n|-heal|p2a: Farigiraf|129/362 psn|[from] item: Leftovers\n|-damage|p2a: Farigiraf|84/362 psn|[from] psn\n|-end|p1a: Vespiquen|move: Heal Block\n|upkeep\n|turn|33\n|inactive|Time left: 300 sec this turn | 300 sec total\n|\n|t:|1783553396\n|move|p2a: Farigiraf|Protect|p2a: Farigiraf\n|-singleturn|p2a: Farigiraf|Protect\n|move|p1a: Vespiquen|Hurricane|p2a: Farigiraf\n|-activate|p2a: Farigiraf|move: Protect\n|\n|-heal|p2a: Farigiraf|106/362 psn|[from] item: Leftovers\n|-damage|p2a: Farigiraf|61/362 psn|[from] psn\n|upkeep\n|turn|34\n|inactive|Time left: 300 sec this turn | 300 sec total\n|\n|t:|1783553397\n|move|p2a: Farigiraf|Wish|p2a: Farigiraf\n|move|p1a: Vespiquen|Hurricane|p2a: Farigiraf\n|-damage|p2a: Farigiraf|0 fnt\n|faint|p2a: Farigiraf\n|\n|upkeep\n|inactive|Time left: 300 sec this turn | 300 sec total | 5 sec grace\n|\n|t:|1783553398\n|switch|p2a: Eelektross|Eelektross, L87, M|18/290\n|turn|35\n|inactive|Time left: 300 sec this turn | 300 sec total\n|\n|t:|1783553399\n|move|p2a: Eelektross|Discharge|p1a: Vespiquen\n|-supereffective|p1a: Vespiquen\n|-end|p1a: Vespiquen|Substitute\n|move|p1a: Vespiquen|Hurricane|p2a: Eelektross\n|-resisted|p2a: Eelektross\n|-damage|p2a: Eelektross|0 fnt\n|faint|p2a: Eelektross\n|\n|win|p0x1229e57e", "uploadtime": 1783553399, "views": 0, "rating": 0, "private": 0, "password": null, "_winner": "p0x1229e57e", "_our_name": "p0y1229dc0e"}