{"id": "battle-gen9randombattle-2189", "formatid": "gen9randombattle", "format": "[Gen 9] Random Battle", "players": ["p0x2189cf17", "p0y218914ac"], "log": "|init|battle\n|title|p0x2189cf17 vs. p0y218914ac\n|j|\u2606p0x2189cf17\n|j|\u2606p0y218914ac\n|t:|1783564475\n|gametype|singles\n|player|p1|p0x2189cf17|265|\n|player|p2|p0y218914ac|266|\n|gen|9\n|tier|[Gen 9] Random Battle\n|rule|Species Clause: Limit one of each Pok\u00e9mon\n|rule|HP Percentage Mod: HP is shown in percentages\n|rule|Sleep Clause Mod: Limit one foe put to sleep\n|rule|Illusion Level Mod: Illusion disguises the Pok\u00e9mon's true level\n|\n|t:|1783564475\n|teamsize|p1|6\n|teamsize|p2|6\n|start\n|switch|p1a: Tatsugiri|Tatsugiri, L87, M|260/260\n|switch|p2a: Bisharp|Bisharp, L79, M|100/100\n|turn|1\n|inactive|Battle timer is ON: inactive players will automatically lose when time's up. (requested by p0x2189cf17)\n|inactive|p0y218914ac also wants the timer to be on.\n|\n|t:|1783564477\n|move|p1a: Tatsugiri|Nasty Plot|p1a: Tatsugiri\n|-boost|p1a: Tatsugiri|spa|2\n|move|p2a: Bisharp|Throat Chop|p1a: Tatsugiri\n|-damage|p1a: Tatsugiri|137/260\n|-start|p1a: Tatsugiri|Throat Chop|[silent]\n|\n|upkeep\n|turn|2\n|inactive|Time left: 300 sec this turn | 300 sec total\n|\n|t:|1783564478\n|switch|p2a: Virizion|Virizion, L82|100/100\n|move|p1a: Tatsugiri|Surf|p2a: Virizion\n|-resisted|p2a: Virizion\n|-damage|p2a: Virizion|67/100\n|\n|-end|p1a: Tatsugiri|Throat Chop|[silent]\n|upkeep\n|turn|3\n|inactive|Time left: 300 sec this turn | 300 sec total\n|\n|t:|1783564479\n|switch|p1a: Spidops|Spidops, L96, M|271/271\n|move|p2a: Virizion|Close Combat|p1a: Spidops\n|-resisted|p1a: Spidops\n|-damage|p1a: Spidops|214/271\n|-unboost|p2a: Virizion|def|1\n|-unboost|p2a: Virizion|spd|1\n|-damage|p2a: Virizion|57/100|[from] item: Life Orb\n|\n|upkeep\n|turn|4\n|inactive|Time left: 300 sec this turn | 300 sec total\n|\n|t:|1783564480\n|move|p2a: Virizion|Swords Dance|p2a: Virizion\n|-boost|p2a: Virizion|atk|2\n|move|p1a: Spidops|Sticky Web|p2a: Virizion\n|-sidestart|p2: p0y218914ac|move: Sticky Web\n|\n|upkeep\n|turn|5\n|inactive|Time left: 300 sec this turn | 300 sec total\n|\n|t:|1783564481\n|move|p2a: Virizion|Stone Edge|p1a: Spidops\n|-supereffective|p1a: Spidops\n|-damage|p1a: Spidops|0 fnt\n|faint|p1a: Spidops\n|-damage|p2a: Virizion|47/100|[from] item: Life Orb\n|\n|upkeep\n|inactive|Time left: 300 sec this turn | 300 sec total | 5 sec grace\n|\n|t:|1783564482\n|switch|p1a: Spiritomb|Spiritomb, L89, F|234/234\n|turn|6\n|inactive|Time left: 300 sec this turn | 300 sec total\n|\n|t:|1783564483\n|move|p2a: Virizion|Leaf Blade|p1a: Spiritomb\n|-crit|p1a: Spiritomb\n|-damage|p1a: Spiritomb|0 fnt\n|faint|p1a: Spiritomb\n|-damage|p2a: Virizion|37/100|[from] item: Life Orb\n|\n|upkeep\n|inactive|Time left: 300 sec this turn | 300 sec total | 5 sec grace\n|\n|t:|1783564484\n|switch|p1a: Pincurchin|Pincurchin, M|258/258\n|-fieldstart|move: Electric Terrain|[from] ability: Electric Surge|[of] p1a: Pincurchin\n|turn|7\n|inactive|Time left: 300 sec this turn | 300 sec total\n|\n|t:|1783564485\n|move|p2a: Virizion|Close Combat|p1a: Pincurchin\n|-damage|p1a: Pincurchin|5/258\n|-unboost|p2a: Virizion|def|1\n|-unboost|p2a: Virizion|spd|1\n|-damage|p2a: Virizion|27/100|[from] item: Life Orb\n|move|p1a: Pincurchin|Zing Zap|p2a: Virizion\n|-resisted|p2a: Virizion\n|-damage|p2a: Virizion|0 fnt\n|faint|p2a: Virizion\n|\n|-heal|p1a: Pincurchin|21/258|[from] item: Leftovers\n|upkeep\n|\n|t:|1783564486\n|switch|p2a: Volcarona|Volcarona, L77, M|100/100\n|turn|8\n|inactive|Time left: 300 sec this turn | 300 sec total\n|\n|t:|1783564487\n|move|p2a: Volcarona|Fiery Dance|p1a: Pincurchin\n|-damage|p1a: Pincurchin|0 fnt\n|-boost|p2a: Volcarona|spa|1\n|faint|p1a: Pincurchin\n|\n|upkeep\n|inactive|Time left: 300 sec this turn | 300 sec total | 5 sec grace\n|\n|t:|1783564488\n|switch|p1a: Roaring Moon|Roaring Moon, L72|270/270\n|turn|9\n|inactive|Time left: 300 sec this turn | 300 sec total\n|\n|t:|1783564488\n|move|p1a: Roaring Moon|Outrage|p2a: Volcarona\n|-damage|p2a: Volcarona|39/100\n|move|p2a: Volcarona|Bug Buzz|p1a: Roaring Moon\n|-supereffective|p1a: Roaring Moon\n|-damage|p1a: Roaring Moon|0 fnt\n|faint|p1a: Roaring Moon\n|-end|p1a: Roaring Moon|Protosynthesis|[silent]\n|\n|upkeep\n|inactive|Time left: 300 sec this turn | 300 sec total | 5 sec grace\n|\n|t:|1783564489\n|switch|p1a: Dewgong|Dewgong, L94, M|322/322\n|turn|10\n|inactive|Time left: 300 sec this turn | 300 sec total\n|\n|t:|1783564490\n|move|p2a: Volcarona|Bug Buzz|p1a: Dewgong\n|-damage|p1a: Dewgong|193/322\n|move|p1a: Dewgong|Surf|p2a: Volcarona\n|-supereffective|p2a: Volcarona\n|-damage|p2a: Volcarona|0 fnt\n|faint|p2a: Volcarona\n|\n|upkeep\n|\n|t:|1783564491\n|switch|p2a: Crawdaunt|Crawdaunt, L84, M|100/100\n|-activate|p2a: Crawdaunt|move: Sticky Web\n|-unboost|p2a: Crawdaunt|spe|1\n|turn|11\n|inactive|Time left: 300 sec this turn | 300 sec total\n|\n|t:|1783564492\n|move|p1a: Dewgong|Knock Off|p2a: Crawdaunt\n|-resisted|p2a: Crawdaunt\n|-damage|p2a: Crawdaunt|88/100\n|-enditem|p2a: Crawdaunt|Life Orb|[from] move: Knock Off|[of] p1a: Dewgong\n|move|p2a: Crawdaunt|Knock Off|p1a: Dewgong\n|-damage|p1a: Dewgong|47/322\n|-enditem|p1a: Dewgong|Heavy-Duty Boots|[from] move: Knock Off|[of] p2a: Crawdaunt\n|\n|-fieldend|move: Electric Terrain\n|upkeep\n|turn|12\n|inactive|Time left: 300 sec this turn | 300 sec total\n|\n|t:|1783564492\n|move|p1a: Dewgong|Ice Beam|p2a: Crawdaunt\n|-resisted|p2a: Crawdaunt\n|-damage|p2a: Crawdaunt|62/100\n|move|p2a: Crawdaunt|Knock Off|p1a: Dewgong\n|-damage|p1a: Dewgong|0 fnt\n|faint|p1a: Dewgong\n|\n|upkeep\n|inactive|Time left: 300 sec this turn | 300 sec total | 5 sec grace\n|\n|t:|1783564493\n|switch|p1a: Tatsugiri|Tatsugiri, L87, M|137/260\n|turn|13\n|inactive|Time left: 300 sec this turn | 300 sec total\n|\n|t:|1783564494\n|-terastallize|p1a: Tatsugiri|Steel\n|move|p1a: Tatsugiri|Draco Meteor|p2a: Crawdaunt|[miss]\n|-miss|p1a: Tatsugiri|p2a: Crawdaunt\n|move|p2a: Crawdaunt|Knock Off|p1a: Tatsugiri\n|-damage|p1a: Tatsugiri|0 fnt\n|-enditem|p1a: Tatsugiri|Heavy-Duty Boots|[from] move: Knock Off|[of] p2a: Crawdaunt\n|faint|p1a: Tatsugiri\n|\n|win|p0y218914ac", "uploadtime": 1783564494, "views": 0, "rating": 0, "private": 0, "password": null, "_winner": "p0y218914ac", "_our_name": "p0x2189cf17"}