{"id": "battle-gen9randombattle-1093", "formatid": "gen9randombattle", "format": "[Gen 9] Random Battle", "players": ["p0x1093a4ec", "p0y1093ba54"], "log": "|init|battle\n|title|p0x1093a4ec vs. p0y1093ba54\n|j|\u2606p0x1093a4ec\n|j|\u2606p0y1093ba54\n|t:|1783551848\n|gametype|singles\n|player|p1|p0x1093a4ec|266|\n|player|p2|p0y1093ba54|266|\n|gen|9\n|tier|[Gen 9] Random Battle\n|rule|Species Clause: Limit one of each Pok\u00e9mon\n|rule|HP Percentage Mod: HP is shown in percentages\n|rule|Sleep Clause Mod: Limit one foe put to sleep\n|rule|Illusion Level Mod: Illusion disguises the Pok\u00e9mon's true level\n|\n|t:|1783551848\n|teamsize|p1|6\n|teamsize|p2|6\n|start\n|switch|p1a: Weavile|Weavile, L79, F|100/100\n|switch|p2a: Sceptile|Sceptile, L87, F|264/264\n|turn|1\n|inactive|Battle timer is ON: inactive players will automatically lose when time's up. (requested by p0y1093ba54)\n|inactive|p0x1093a4ec also wants the timer to be on.\n|\n|t:|1783551849\n|move|p2a: Sceptile|Focus Blast|p1a: Weavile\n|-supereffective|p1a: Weavile\n|-damage|p1a: Weavile|0 fnt\n|faint|p1a: Weavile\n|\n|upkeep\n|\n|t:|1783551850\n|switch|p1a: Baxcalibur|Baxcalibur, L75, M|100/100\n|turn|2\n|inactive|Time left: 300 sec this turn | 300 sec total\n|\n|t:|1783551852\n|switch|p2a: Chimecho|Chimecho, L93, F|290/290\n|move|p1a: Baxcalibur|Icicle Spear|p2a: Chimecho\n|-damage|p2a: Chimecho|260/290\n|-damage|p2a: Chimecho|229/290\n|-damage|p2a: Chimecho|201/290\n|-damage|p2a: Chimecho|170/290\n|-damage|p2a: Chimecho|139/290\n|-hitcount|p2a: Chimecho|5\n|\n|-heal|p2a: Chimecho|157/290|[from] item: Leftovers\n|upkeep\n|turn|3\n|inactive|Time left: 300 sec this turn | 300 sec total\n|\n|t:|1783551853\n|move|p2a: Chimecho|Dazzling Gleam|p1a: Baxcalibur\n|-supereffective|p1a: Baxcalibur\n|-damage|p1a: Baxcalibur|44/100\n|move|p1a: Baxcalibur|Swords Dance|p1a: Baxcalibur\n|-boost|p1a: Baxcalibur|atk|2\n|\n|-heal|p2a: Chimecho|175/290|[from] item: Leftovers\n|upkeep\n|turn|4\n|inactive|Time left: 300 sec this turn | 300 sec total\n|\n|t:|1783551855\n|move|p1a: Baxcalibur|Icicle Spear|p2a: Chimecho\n|-damage|p2a: Chimecho|115/290\n|-damage|p2a: Chimecho|55/290\n|-crit|p2a: Chimecho\n|-damage|p2a: Chimecho|0 fnt\n|faint|p2a: Chimecho\n|-hitcount|p2: Chimecho|3\n|\n|upkeep\n|inactive|Time left: 300 sec this turn | 300 sec total | 5 sec grace\n|\n|t:|1783551855\n|switch|p2a: Cinderace|Cinderace, L77, M|250/250\n|turn|5\n|inactive|Time left: 300 sec this turn | 300 sec total\n|\n|t:|1783551857\n|move|p2a: Cinderace|Pyro Ball|p1a: Baxcalibur\n|-damage|p1a: Baxcalibur|0 fnt\n|faint|p1a: Baxcalibur\n|\n|upkeep\n|\n|t:|1783551857\n|switch|p1a: Toxtricity|Toxtricity, L82, M|100/100\n|turn|6\n|inactive|Time left: 300 sec this turn | 300 sec total\n|\n|t:|1783551859\n|move|p1a: Toxtricity|Boomburst|p2a: Cinderace\n|-damage|p2a: Cinderace|90/250\n|move|p2a: Cinderace|Pyro Ball|p1a: Toxtricity\n|-damage|p1a: Toxtricity|42/100\n|\n|upkeep\n|turn|7\n|inactive|Time left: 300 sec this turn | 300 sec total\n|\n|t:|1783551860\n|switch|p2a: Sceptile|Sceptile, L87, F|264/264\n|move|p1a: Toxtricity|Boomburst|p2a: Sceptile\n|-damage|p2a: Sceptile|128/264\n|\n|-heal|p2a: Sceptile|144/264|[from] item: Leftovers\n|upkeep\n|turn|8\n|inactive|Time left: 300 sec this turn | 300 sec total\n|\n|t:|1783551861\n|move|p2a: Sceptile|Giga Drain|p1a: Toxtricity\n|-resisted|p1a: Toxtricity\n|-damage|p1a: Toxtricity|19/100\n|-heal|p2a: Sceptile|173/264|[from] drain|[of] p1a: Toxtricity\n|move|p1a: Toxtricity|Boomburst|p2a: Sceptile\n|-damage|p2a: Sceptile|39/264\n|\n|-heal|p2a: Sceptile|55/264|[from] item: Leftovers\n|upkeep\n|turn|9\n|inactive|Time left: 300 sec this turn | 300 sec total\n|\n|t:|1783551862\n|switch|p1a: Tentacruel|Tentacruel, L84, F|100/100\n|move|p2a: Sceptile|Giga Drain|p1a: Tentacruel\n|-damage|p1a: Tentacruel|61/100\n|-damage|p2a: Sceptile|1/264|[from] ability: Liquid Ooze|[of] p1a: Tentacruel\n|\n|-heal|p2a: Sceptile|17/264|[from] item: Leftovers\n|-heal|p1a: Tentacruel|67/100|[from] item: Leftovers\n|upkeep\n|turn|10\n|inactive|Time left: 300 sec this turn | 300 sec total\n|\n|t:|1783551863\n|move|p2a: Sceptile|Giga Drain|p1a: Tentacruel\n|-damage|p1a: Tentacruel|25/100\n|-damage|p2a: Sceptile|0 fnt|[from] ability: Liquid Ooze|[of] p1a: Tentacruel\n|faint|p2a: Sceptile\n|move|p1a: Tentacruel|Rapid Spin|p2: Sceptile|[notarget]\n|-fail|p1a: Tentacruel\n|\n|-heal|p1a: Tentacruel|31/100|[from] item: Leftovers\n|upkeep\n|inactive|Time left: 300 sec this turn | 300 sec total | 5 sec grace\n|\n|t:|1783551864\n|switch|p2a: Galvantula|Galvantula, L82, M|249/249\n|turn|11\n|inactive|Time left: 300 sec this turn | 300 sec total\n|\n|t:|1783551865\n|move|p2a: Galvantula|Thunder|p1a: Tentacruel\n|-supereffective|p1a: Tentacruel\n|-damage|p1a: Tentacruel|0 fnt\n|faint|p1a: Tentacruel\n|\n|upkeep\n|\n|t:|1783551866\n|switch|p1a: Toxtricity|Toxtricity, L82, M|19/100\n|turn|12\n|inactive|Time left: 300 sec this turn | 300 sec total\n|\n|t:|1783551867\n|switch|p2a: Cinderace|Cinderace, L77, M|90/250\n|-terastallize|p1a: Toxtricity|Normal\n|move|p1a: Toxtricity|Boomburst|p2a: Cinderace\n|-damage|p2a: Cinderace|0 fnt\n|faint|p2a: Cinderace\n|\n|upkeep\n|inactive|Time left: 300 sec this turn | 300 sec total | 5 sec grace\n|\n|t:|1783551868\n|switch|p2a: Ludicolo|Ludicolo, L90, M|290/290\n|turn|13\n|inactive|Time left: 300 sec this turn | 300 sec total\n|\n|t:|1783551869\n|-terastallize|p2a: Ludicolo|Steel\n|move|p1a: Toxtricity|Boomburst|p2a: Ludicolo\n|-resisted|p2a: Ludicolo\n|-damage|p2a: Ludicolo|207/290\n|move|p2a: Ludicolo|Rain Dance|p2a: Ludicolo\n|-weather|RainDance\n|\n|-weather|RainDance|[upkeep]\n|upkeep\n|turn|14\n|inactive|Time left: 300 sec this turn | 300 sec total\n|\n|t:|1783551870\n|move|p2a: Ludicolo|Ice Beam|p1a: Toxtricity\n|-damage|p1a: Toxtricity|0 fnt\n|faint|p1a: Toxtricity\n|-damage|p2a: Ludicolo|178/290|[from] item: Life Orb\n|\n|-weather|RainDance|[upkeep]\n|upkeep\n|\n|t:|1783551871\n|switch|p1a: Haxorus|Haxorus, L77, F|100/100\n|-ability|p1a: Haxorus|Mold Breaker\n|turn|15\n|inactive|Time left: 300 sec this turn | 300 sec total\n|\n|t:|1783551872\n|move|p2a: Ludicolo|Ice Beam|p1a: Haxorus\n|-supereffective|p1a: Haxorus\n|-damage|p1a: Haxorus|10/100\n|-damage|p2a: Ludicolo|149/290|[from] item: Life Orb\n|move|p1a: Haxorus|Earthquake|p2a: Ludicolo\n|-supereffective|p2a: Ludicolo\n|-damage|p2a: Ludicolo|0 fnt\n|faint|p2a: Ludicolo\n|\n|-weather|RainDance|[upkeep]\n|upkeep\n|inactive|Time left: 300 sec this turn | 300 sec total | 5 sec grace\n|\n|t:|1783551873\n|switch|p2a: Galvantula|Galvantula, L82, M|249/249\n|turn|16\n|inactive|Time left: 300 sec this turn | 300 sec total\n|\n|t:|1783551874\n|move|p2a: Galvantula|Bug Buzz|p1a: Haxorus\n|-damage|p1a: Haxorus|0 fnt\n|faint|p1a: Haxorus\n|\n|-weather|RainDance|[upkeep]\n|upkeep\n|\n|t:|1783551875\n|switch|p1a: Zangoose|Zangoose, L85, M|100/100\n|turn|17\n|inactive|Time left: 300 sec this turn | 300 sec total\n|\n|t:|1783551876\n|move|p2a: Galvantula|Thunder|p1a: Zangoose\n|-damage|p1a: Zangoose|49/100\n|move|p1a: Zangoose|Knock Off|p2a: Galvantula\n|-damage|p2a: Galvantula|140/249\n|-enditem|p2a: Galvantula|Heavy-Duty Boots|[from] move: Knock Off|[of] p1a: Zangoose\n|\n|-weather|none\n|-status|p1a: Zangoose|tox|[from] item: Toxic Orb\n|upkeep\n|turn|18\n|inactive|Time left: 300 sec this turn | 300 sec total\n|\n|t:|1783551877\n|move|p2a: Galvantula|Bug Buzz|p1a: Zangoose\n|-damage|p1a: Zangoose|0 fnt\n|faint|p1a: Zangoose\n|\n|win|p0y1093ba54", "uploadtime": 1783551877, "views": 0, "rating": 0, "private": 0, "password": null, "_winner": "p0y1093ba54", "_our_name": "p0y1093ba54"}