{"id": "battle-gen9randombattle-2890", "formatid": "gen9randombattle", "format": "[Gen 9] Random Battle", "players": ["p0x2890b01f", "p0y2890e3a7"], "log": "|init|battle\n|title|p0x2890b01f vs. p0y2890e3a7\n|j|\u2606p0x2890b01f\n|j|\u2606p0y2890e3a7\n|t:|1783572315\n|gametype|singles\n|player|p1|p0x2890b01f|169|\n|player|p2|p0y2890e3a7|101|\n|gen|9\n|tier|[Gen 9] Random Battle\n|rule|Species Clause: Limit one of each Pok\u00e9mon\n|rule|HP Percentage Mod: HP is shown in percentages\n|rule|Sleep Clause Mod: Limit one foe put to sleep\n|rule|Illusion Level Mod: Illusion disguises the Pok\u00e9mon's true level\n|\n|t:|1783572315\n|teamsize|p1|6\n|teamsize|p2|6\n|start\n|switch|p1a: Delibird|Delibird, F|100/100\n|switch|p2a: Coalossal|Coalossal, L89, M|341/341\n|turn|1\n|inactive|Battle timer is ON: inactive players will automatically lose when time's up. (requested by p0x2890b01f)\n|inactive|Time left: 300 sec this turn | 300 sec total | 60 sec grace\n|inactive|p0y2890e3a7 also wants the timer to be on.\n|\n|t:|1783572316\n|switch|p1a: Glimmora|Glimmora, L75, F|100/100\n|move|p2a: Coalossal|Stone Edge|p1a: Glimmora\n|-damage|p1a: Glimmora|52/100\n|-activate|p1a: Glimmora|ability: Toxic Debris\n|-sidestart|p2: p0y2890e3a7|move: Toxic Spikes\n|\n|upkeep\n|turn|2\n|inactive|Time left: 300 sec this turn | 300 sec total\n|\n|t:|1783572317\n|-terastallize|p2a: Coalossal|Ghost\n|move|p1a: Glimmora|Earth Power|p2a: Coalossal\n|-damage|p2a: Coalossal|280/341\n|move|p2a: Coalossal|Rapid Spin|p1a: Glimmora\n|-resisted|p1a: Glimmora\n|-damage|p1a: Glimmora|45/100\n|-boost|p2a: Coalossal|spe|1\n|-activate|p1a: Glimmora|ability: Toxic Debris\n|-sidestart|p2: p0y2890e3a7|move: Toxic Spikes\n|-sideend|p2: p0y2890e3a7|Toxic Spikes|[from] move: Rapid Spin|[of] p2a: Coalossal\n|\n|upkeep\n|turn|3\n|inactive|Time left: 300 sec this turn | 300 sec total\n|\n|t:|1783572319\n|move|p1a: Glimmora|Earth Power|p2a: Coalossal\n|-damage|p2a: Coalossal|222/341\n|move|p2a: Coalossal|Flamethrower|p1a: Glimmora\n|-resisted|p1a: Glimmora\n|-damage|p1a: Glimmora|30/100\n|\n|upkeep\n|turn|4\n|inactive|Time left: 300 sec this turn | 300 sec total\n|\n|t:|1783572320\n|move|p1a: Glimmora|Power Gem|p2a: Coalossal\n|-damage|p2a: Coalossal|134/341\n|move|p2a: Coalossal|Stealth Rock|p1a: Glimmora\n|-sidestart|p1: p0x2890b01f|move: Stealth Rock\n|\n|upkeep\n|turn|5\n|inactive|Time left: 300 sec this turn | 300 sec total\n|\n|t:|1783572321\n|move|p1a: Glimmora|Mortal Spin|p2a: Coalossal\n|-resisted|p2a: Coalossal\n|-damage|p2a: Coalossal|127/341\n|-status|p2a: Coalossal|psn\n|-sideend|p1: p0x2890b01f|Stealth Rock|[from] move: Mortal Spin|[of] p1a: Glimmora\n|move|p2a: Coalossal|Rapid Spin|p1a: Glimmora\n|-resisted|p1a: Glimmora\n|-damage|p1a: Glimmora|23/100\n|-boost|p2a: Coalossal|spe|1\n|-activate|p1a: Glimmora|ability: Toxic Debris\n|-sidestart|p2: p0y2890e3a7|move: Toxic Spikes\n|-sideend|p2: p0y2890e3a7|Toxic Spikes|[from] move: Rapid Spin|[of] p2a: Coalossal\n|\n|-damage|p2a: Coalossal|85/341 psn|[from] psn\n|upkeep\n|turn|6\n|inactive|Time left: 300 sec this turn | 300 sec total\n|\n|t:|1783572322\n|move|p2a: Coalossal|Stone Edge|p1a: Glimmora\n|-damage|p1a: Glimmora|0 fnt\n|-activate|p1a: Glimmora|ability: Toxic Debris\n|-sidestart|p2: p0y2890e3a7|move: Toxic Spikes\n|faint|p1a: Glimmora\n|\n|-damage|p2a: Coalossal|43/341 psn|[from] psn\n|upkeep\n|\n|t:|1783572323\n|switch|p1a: Mew|Mew, L82|100/100\n|turn|7\n|inactive|Time left: 300 sec this turn | 300 sec total\n|\n|t:|1783572324\n|move|p1a: Mew|Psychic|p2a: Coalossal\n|-damage|p2a: Coalossal|0 fnt\n|faint|p2a: Coalossal\n|-damage|p1a: Mew|91/100|[from] item: Life Orb\n|\n|upkeep\n|inactive|Time left: 300 sec this turn | 300 sec total | 5 sec grace\n|\n|t:|1783572325\n|switch|p2a: Typhlosion|Typhlosion-Hisui, L83, M|257/257\n|turn|8\n|inactive|Time left: 300 sec this turn | 300 sec total\n|\n|t:|1783572327\n|move|p1a: Mew|Earth Power|p2a: Typhlosion\n|-supereffective|p2a: Typhlosion\n|-damage|p2a: Typhlosion|78/257\n|-damage|p1a: Mew|81/100|[from] item: Life Orb\n|move|p2a: Typhlosion|Shadow Ball|p1a: Mew\n|-supereffective|p1a: Mew\n|-crit|p1a: Mew\n|-damage|p1a: Mew|0 fnt\n|faint|p1a: Mew\n|\n|upkeep\n|\n|t:|1783572328\n|switch|p1a: Delibird|Delibird, F|100/100\n|turn|9\n|inactive|Time left: 300 sec this turn | 300 sec total\n|\n|t:|1783572329\n|move|p1a: Delibird|Brave Bird|p2a: Typhlosion\n|-damage|p2a: Typhlosion|0 fnt\n|faint|p2a: Typhlosion\n|-damage|p1a: Delibird|90/100|[from] Recoil\n|\n|upkeep\n|inactive|Time left: 300 sec this turn | 300 sec total | 5 sec grace\n|\n|t:|1783572330\n|switch|p2a: Azumarill|Azumarill, L82, F|298/298\n|-status|p2a: Azumarill|psn\n|turn|10\n|inactive|Time left: 300 sec this turn | 300 sec total\n|\n|t:|1783572331\n|move|p1a: Delibird|Freeze-Dry|p2a: Azumarill\n|-supereffective|p2a: Azumarill\n|-damage|p2a: Azumarill|136/298 psn\n|move|p2a: Azumarill|Play Rough|p1a: Delibird\n|-damage|p1a: Delibird|0 fnt\n|faint|p1a: Delibird\n|\n|-damage|p2a: Azumarill|99/298 psn|[from] psn\n|upkeep\n|\n|t:|1783572332\n|switch|p1a: Regirock|Regirock, L83|100/100\n|turn|11\n|inactive|Time left: 300 sec this turn | 300 sec total\n|\n|t:|1783572332\n|switch|p2a: Annihilape|Annihilape, L76, M|292/292\n|-status|p2a: Annihilape|psn\n|move|p1a: Regirock|Iron Defense|p1a: Regirock\n|-boost|p1a: Regirock|def|2\n|\n|-damage|p2a: Annihilape|256/292 psn|[from] psn\n|upkeep\n|turn|12\n|inactive|Time left: 300 sec this turn | 300 sec total\n|\n|t:|1783572333\n|switch|p1a: Skeledirge|Skeledirge, L79, F|100/100\n|move|p2a: Annihilape|Bulk Up|p2a: Annihilape\n|-boost|p2a: Annihilape|atk|1\n|-boost|p2a: Annihilape|def|1\n|\n|-damage|p2a: Annihilape|220/292 psn|[from] psn\n|upkeep\n|turn|13\n|inactive|Time left: 300 sec this turn | 300 sec total\n|\n|t:|1783572334\n|move|p2a: Annihilape|Rest|p2a: Annihilape\n|-status|p2a: Annihilape|slp|[from] move: Rest\n|-heal|p2a: Annihilape|292/292 slp|[silent]\n|-enditem|p2a: Annihilape|Chesto Berry|[eat]\n|-curestatus|p2a: Annihilape|slp|[msg]\n|move|p1a: Skeledirge|Hex|p2a: Annihilape\n|-supereffective|p2a: Annihilape\n|-damage|p2a: Annihilape|146/292\n|\n|upkeep\n|turn|14\n|inactive|Time left: 300 sec this turn | 300 sec total\n|\n|t:|1783572335\n|move|p2a: Annihilape|Rage Fist|p1a: Skeledirge\n|-supereffective|p1a: Skeledirge\n|-damage|p1a: Skeledirge|41/100\n|move|p1a: Skeledirge|Torch Song|p2a: Annihilape\n|-damage|p2a: Annihilape|61/292\n|-boost|p1a: Skeledirge|spa|1\n|\n|upkeep\n|turn|15\n|inactive|Time left: 300 sec this turn | 300 sec total\n|\n|t:|1783572336\n|move|p2a: Annihilape|Rage Fist|p1a: Skeledirge\n|-supereffective|p1a: Skeledirge\n|-damage|p1a: Skeledirge|0 fnt\n|faint|p1a: Skeledirge\n|\n|upkeep\n|\n|t:|1783572336\n|switch|p1a: Volbeat|Volbeat, L90, M|100/100\n|turn|16\n|inactive|Time left: 300 sec this turn | 300 sec total\n|\n|t:|1783572337\n|move|p1a: Volbeat|Encore|p2a: Annihilape\n|-start|p2a: Annihilape|Encore\n|move|p2a: Annihilape|Rage Fist|p1a: Volbeat\n|-damage|p1a: Volbeat|8/100\n|\n|upkeep\n|turn|17\n|inactive|Time left: 300 sec this turn | 300 sec total\n|\n|t:|1783572338\n|move|p1a: Volbeat|Roost|p1a: Volbeat\n|-heal|p1a: Volbeat|58/100\n|-singleturn|p1a: Volbeat|move: Roost\n|move|p2a: Annihilape|Rage Fist|p1a: Volbeat\n|-damage|p1a: Volbeat|0 fnt\n|faint|p1a: Volbeat\n|\n|upkeep\n|\n|t:|1783572338\n|switch|p1a: Regirock|Regirock, L83|100/100\n|turn|18\n|inactive|Time left: 300 sec this turn | 300 sec total\n|\n|t:|1783572339\n|move|p2a: Annihilape|Rage Fist|p1a: Regirock\n|-damage|p1a: Regirock|60/100\n|move|p1a: Regirock|Thunder Wave|p2a: Annihilape\n|-status|p2a: Annihilape|par\n|\n|-heal|p1a: Regirock|66/100|[from] item: Leftovers\n|-end|p2a: Annihilape|Encore\n|upkeep\n|turn|19\n|inactive|Time left: 300 sec this turn | 300 sec total\n|\n|t:|1783572340\n|move|p1a: Regirock|Iron Defense|p1a: Regirock\n|-boost|p1a: Regirock|def|2\n|move|p2a: Annihilape|Drain Punch|p1a: Regirock\n|-supereffective|p1a: Regirock\n|-damage|p1a: Regirock|44/100\n|-heal|p2a: Annihilape|91/292 par|[from] drain|[of] p1a: Regirock\n|\n|-heal|p1a: Regirock|50/100|[from] item: Leftovers\n|upkeep\n|turn|20\n|inactive|Time left: 300 sec this turn | 300 sec total\n|\n|t:|1783572341\n|move|p1a: Regirock|Stone Edge|p2a: Annihilape|[miss]\n|-miss|p1a: Regirock|p2a: Annihilape\n|move|p2a: Annihilape|Rest|p2a: Annihilape\n|-status|p2a: Annihilape|slp|[from] move: Rest\n|-heal|p2a: Annihilape|292/292 slp|[silent]\n|\n|-heal|p1a: Regirock|56/100|[from] item: Leftovers\n|upkeep\n|turn|21\n|inactive|Time left: 300 sec this turn | 300 sec total\n|\n|t:|1783572342\n|cant|p2a: Annihilape|slp\n|move|p1a: Regirock|Iron Defense|p1a: Regirock\n|-boost|p1a: Regirock|def|2\n|\n|-heal|p1a: Regirock|62/100|[from] item: Leftovers\n|upkeep\n|turn|22\n|inactive|Time left: 300 sec this turn | 300 sec total\n|\n|t:|1783572343\n|cant|p2a: Annihilape|slp\n|move|p1a: Regirock|Iron Defense|p1a: Regirock\n|-boost|p1a: Regirock|def|2\n|\n|-heal|p1a: Regirock|68/100|[from] item: Leftovers\n|upkeep\n|turn|23\n|inactive|Time left: 300 sec this turn | 300 sec total\n|\n|t:|1783572344\n|-curestatus|p2a: Annihilape|slp|[msg]\n|move|p2a: Annihilape|Bulk Up|p2a: Annihilape\n|-boost|p2a: Annihilape|atk|1\n|-boost|p2a: Annihilape|def|1\n|move|p1a: Regirock|Thunder Wave|p2a: Annihilape\n|-status|p2a: Annihilape|par\n|\n|-heal|p1a: Regirock|74/100|[from] item: Leftovers\n|upkeep\n|turn|24\n|inactive|Time left: 300 sec this turn | 300 sec total\n|\n|t:|1783572345\n|move|p1a: Regirock|Stone Edge|p2a: Annihilape\n|-resisted|p2a: Annihilape\n|-damage|p2a: Annihilape|261/292 par\n|move|p2a: Annihilape|Bulk Up|p2a: Annihilape\n|-boost|p2a: Annihilape|atk|1\n|-boost|p2a: Annihilape|def|1\n|\n|-heal|p1a: Regirock|80/100|[from] item: Leftovers\n|upkeep\n|turn|25\n|inactive|Time left: 300 sec this turn | 300 sec total\n|\n|t:|1783572346\n|move|p1a: Regirock|Stone Edge|p2a: Annihilape\n|-resisted|p2a: Annihilape\n|-damage|p2a: Annihilape|234/292 par\n|move|p2a: Annihilape|Drain Punch|p1a: Regirock\n|-supereffective|p1a: Regirock\n|-damage|p1a: Regirock|62/100\n|-heal|p2a: Annihilape|258/292 par|[from] drain|[of] p1a: Regirock\n|\n|-heal|p1a: Regirock|68/100|[from] item: Leftovers\n|upkeep\n|turn|26\n|inactive|Time left: 300 sec this turn | 300 sec total\n|\n|t:|1783572347\n|move|p1a: Regirock|Stone Edge|p2a: Annihilape\n|-resisted|p2a: Annihilape\n|-damage|p2a: Annihilape|231/292 par\n|move|p2a: Annihilape|Bulk Up|p2a: Annihilape\n|-boost|p2a: Annihilape|atk|1\n|-boost|p2a: Annihilape|def|1\n|\n|-heal|p1a: Regirock|74/100|[from] item: Leftovers\n|upkeep\n|turn|27\n|inactive|Time left: 300 sec this turn | 300 sec total\n|\n|t:|1783572348\n|move|p1a: Regirock|Stone Edge|p2a: Annihilape\n|-resisted|p2a: Annihilape\n|-damage|p2a: Annihilape|210/292 par\n|move|p2a: Annihilape|Drain Punch|p1a: Regirock\n|-supereffective|p1a: Regirock\n|-damage|p1a: Regirock|53/100\n|-heal|p2a: Annihilape|238/292 par|[from] drain|[of] p1a: Regirock\n|\n|-heal|p1a: Regirock|59/100|[from] item: Leftovers\n|upkeep\n|turn|28\n|inactive|Time left: 300 sec this turn | 300 sec total\n|\n|t:|1783572349\n|move|p1a: Regirock|Stone Edge|p2a: Annihilape\n|-resisted|p2a: Annihilape\n|-damage|p2a: Annihilape|215/292 par\n|move|p2a: Annihilape|Drain Punch|p1a: Regirock\n|-supereffective|p1a: Regirock\n|-damage|p1a: Regirock|36/100\n|-heal|p2a: Annihilape|245/292 par|[from] drain|[of] p1a: Regirock\n|\n|-heal|p1a: Regirock|42/100|[from] item: Leftovers\n|upkeep\n|turn|29\n|inactive|Time left: 300 sec this turn | 300 sec total\n|\n|t:|1783572350\n|move|p1a: Regirock|Stone Edge|p2a: Annihilape\n|-resisted|p2a: Annihilape\n|-damage|p2a: Annihilape|224/292 par\n|cant|p2a: Annihilape|par\n|\n|-heal|p1a: Regirock|48/100|[from] item: Leftovers\n|upkeep\n|turn|30\n|inactive|Time left: 300 sec this turn | 300 sec total\n|\n|t:|1783572352\n|move|p1a: Regirock|Stone Edge|p2a: Annihilape\n|-resisted|p2a: Annihilape\n|-damage|p2a: Annihilape|203/292 par\n|cant|p2a: Annihilape|par\n|\n|-heal|p1a: Regirock|54/100|[from] item: Leftovers\n|upkeep\n|turn|31\n|inactive|Time left: 300 sec this turn | 300 sec total\n|\n|t:|1783572353\n|move|p1a: Regirock|Thunder Wave|p2a: Annihilape\n|-fail|p2a: Annihilape|par\n|move|p2a: Annihilape|Drain Punch|p1a: Regirock\n|-supereffective|p1a: Regirock\n|-damage|p1a: Regirock|32/100\n|-heal|p2a: Annihilape|233/292 par|[from] drain|[of] p1a: Regirock\n|\n|-heal|p1a: Regirock|38/100|[from] item: Leftovers\n|upkeep\n|turn|32\n|inactive|Time left: 300 sec this turn | 300 sec total\n|\n|t:|1783572354\n|-terastallize|p1a: Regirock|Fighting\n|move|p1a: Regirock|Body Press|p2a: Annihilape\n|-immune|p2a: Annihilape\n|cant|p2a: Annihilape|par\n|\n|-heal|p1a: Regirock|44/100|[from] item: Leftovers\n|upkeep\n|turn|33\n|inactive|Time left: 300 sec this turn | 300 sec total\n|\n|t:|1783572355\n|move|p1a: Regirock|Body Press|p2a: Annihilape\n|-immune|p2a: Annihilape\n|move|p2a: Annihilape|Drain Punch|p1a: Regirock\n|-damage|p1a: Regirock|33/100\n|-heal|p2a: Annihilape|248/292 par|[from] drain|[of] p1a: Regirock\n|\n|-heal|p1a: Regirock|39/100|[from] item: Leftovers\n|upkeep\n|turn|34\n|inactive|Time left: 300 sec this turn | 300 sec total\n|\n|t:|1783572356\n|move|p1a: Regirock|Iron Defense|p1a: Regirock\n|-boost|p1a: Regirock|def|0\n|move|p2a: Annihilape|Drain Punch|p1a: Regirock\n|-damage|p1a: Regirock|28/100\n|-heal|p2a: Annihilape|262/292 par|[from] drain|[of] p1a: Regirock\n|\n|-heal|p1a: Regirock|34/100|[from] item: Leftovers\n|upkeep\n|turn|35\n|inactive|Time left: 300 sec this turn | 300 sec total\n|\n|t:|1783572357\n|move|p1a: Regirock|Body Press|p2a: Annihilape\n|-immune|p2a: Annihilape\n|move|p2a: Annihilape|Drain Punch|p1a: Regirock\n|-crit|p1a: Regirock\n|-damage|p1a: Regirock|0 fnt\n|-heal|p2a: Annihilape|292/292 par|[from] drain|[of] p1a: Regirock\n|faint|p1a: Regirock\n|\n|win|p0y2890e3a7", "uploadtime": 1783572357, "views": 0, "rating": 0, "private": 0, "password": null, "_winner": "p0y2890e3a7", "_our_name": "p0y2890e3a7"}