{"id": "battle-gen9randombattle-2644", "formatid": "gen9randombattle", "format": "[Gen 9] Random Battle", "players": ["p0x26444c81", "p0y264409b3"], "log": "|init|battle\n|title|p0x26444c81 vs. p0y264409b3\n|j|\u2606p0x26444c81\n|j|\u2606p0y264409b3\n|t:|1783569510\n|gametype|singles\n|player|p1|p0x26444c81|265|\n|player|p2|p0y264409b3|266|\n|gen|9\n|tier|[Gen 9] Random Battle\n|rule|Species Clause: Limit one of each Pok\u00e9mon\n|rule|HP Percentage Mod: HP is shown in percentages\n|rule|Sleep Clause Mod: Limit one foe put to sleep\n|rule|Illusion Level Mod: Illusion disguises the Pok\u00e9mon's true level\n|\n|t:|1783569510\n|teamsize|p1|6\n|teamsize|p2|6\n|start\n|switch|p1a: Enamorus|Enamorus-Therian, L83, F|100/100\n|switch|p2a: Breloom|Breloom, L83, M|235/235\n|turn|1\n|inactive|Battle timer is ON: inactive players will automatically lose when time's up. (requested by p0x26444c81)\n|inactive|Time left: 300 sec this turn | 300 sec total | 60 sec grace\n|inactive|p0y264409b3 also wants the timer to be on.\n|\n|t:|1783569511\n|switch|p2a: Toucannon|Toucannon, L88, F|284/284\n|move|p1a: Enamorus|Moonblast|p2a: Toucannon\n|-damage|p2a: Toucannon|142/284\n|-unboost|p2a: Toucannon|spa|1\n|\n|upkeep\n|turn|2\n|inactive|Time left: 300 sec this turn | 300 sec total\n|\n|t:|1783569513\n|move|p2a: Toucannon|Roost|p2a: Toucannon\n|-heal|p2a: Toucannon|284/284\n|-singleturn|p2a: Toucannon|move: Roost\n|move|p1a: Enamorus|Moonblast|p2a: Toucannon\n|-damage|p2a: Toucannon|149/284\n|\n|upkeep\n|turn|3\n|inactive|Time left: 300 sec this turn | 300 sec total\n|\n|t:|1783569514\n|-singleturn|p2a: Toucannon|move: Beak Blast\n|move|p1a: Enamorus|Moonblast|p2a: Toucannon\n|-damage|p2a: Toucannon|2/284\n|move|p2a: Toucannon|Beak Blast|p1a: Enamorus\n|-damage|p1a: Enamorus|54/100\n|\n|upkeep\n|turn|4\n|inactive|Time left: 300 sec this turn | 300 sec total\n|\n|t:|1783569515\n|move|p2a: Toucannon|Boomburst|p1a: Enamorus\n|-damage|p1a: Enamorus|21/100\n|move|p1a: Enamorus|Moonblast|p2a: Toucannon\n|-damage|p2a: Toucannon|0 fnt\n|faint|p2a: Toucannon\n|\n|upkeep\n|inactive|Time left: 300 sec this turn | 300 sec total | 5 sec grace\n|\n|t:|1783569516\n|switch|p2a: Girafarig|Girafarig, L89, M|269/269\n|turn|5\n|inactive|Time left: 300 sec this turn | 300 sec total\n|\n|t:|1783569517\n|move|p2a: Girafarig|Nasty Plot|p2a: Girafarig\n|-boost|p2a: Girafarig|spa|2\n|move|p1a: Enamorus|Moonblast|p2a: Girafarig\n|-damage|p2a: Girafarig|163/269\n|\n|upkeep\n|turn|6\n|inactive|Time left: 300 sec this turn | 300 sec total\n|\n|t:|1783569518\n|move|p2a: Girafarig|Psyshock|p1a: Enamorus\n|-damage|p1a: Enamorus|0 fnt\n|faint|p1a: Enamorus\n|\n|upkeep\n|\n|t:|1783569519\n|switch|p1a: Munkidori|Munkidori, L79, M|100/100\n|turn|7\n|inactive|Time left: 300 sec this turn | 300 sec total\n|\n|t:|1783569521\n|move|p1a: Munkidori|Sludge Wave|p2a: Girafarig\n|-damage|p2a: Girafarig|31/269\n|move|p2a: Girafarig|Psyshock|p1a: Munkidori\n|-damage|p1a: Munkidori|18/100\n|\n|upkeep\n|turn|8\n|inactive|Time left: 300 sec this turn | 300 sec total\n|\n|t:|1783569522\n|move|p1a: Munkidori|Sludge Wave|p2a: Girafarig\n|-damage|p2a: Girafarig|0 fnt\n|faint|p2a: Girafarig\n|\n|upkeep\n|inactive|Time left: 300 sec this turn | 300 sec total | 5 sec grace\n|\n|t:|1783569523\n|switch|p2a: Glaceon|Glaceon, L94, M|275/275\n|turn|9\n|inactive|Time left: 300 sec this turn | 300 sec total\n|\n|t:|1783569524\n|move|p1a: Munkidori|Sludge Wave|p2a: Glaceon\n|-damage|p2a: Glaceon|134/275\n|-status|p2a: Glaceon|psn\n|move|p2a: Glaceon|Freeze-Dry|p1a: Munkidori\n|-damage|p1a: Munkidori|0 fnt\n|faint|p1a: Munkidori\n|\n|-damage|p2a: Glaceon|100/275 psn|[from] psn\n|upkeep\n|\n|t:|1783569524\n|switch|p1a: Volcanion|Volcanion, L79|100/100\n|turn|10\n|inactive|Time left: 300 sec this turn | 300 sec total\n|\n|t:|1783569526\n|move|p2a: Glaceon|Freeze-Dry|p1a: Volcanion\n|-damage|p1a: Volcanion|71/100\n|move|p1a: Volcanion|Flame Charge|p2a: Glaceon\n|-supereffective|p2a: Glaceon\n|-damage|p2a: Glaceon|22/275 psn\n|-boost|p1a: Volcanion|spe|1\n|\n|-damage|p2a: Glaceon|0 fnt|[from] psn\n|faint|p2a: Glaceon\n|upkeep\n|inactive|Time left: 300 sec this turn | 300 sec total | 5 sec grace\n|\n|t:|1783569527\n|switch|p2a: Carbink|Carbink, L90|236/236\n|turn|11\n|inactive|Time left: 300 sec this turn | 300 sec total\n|\n|t:|1783569528\n|-terastallize|p2a: Carbink|Fighting\n|move|p1a: Volcanion|Steam Eruption|p2a: Carbink\n|-damage|p2a: Carbink|158/236\n|move|p2a: Carbink|Iron Defense|p2a: Carbink\n|-boost|p2a: Carbink|def|2\n|\n|upkeep\n|turn|12\n|inactive|Time left: 300 sec this turn | 300 sec total\n|\n|t:|1783569529\n|move|p1a: Volcanion|Steam Eruption|p2a: Carbink\n|-damage|p2a: Carbink|79/236\n|move|p2a: Carbink|Body Press|p1a: Volcanion\n|-damage|p1a: Volcanion|0 fnt\n|faint|p1a: Volcanion\n|\n|upkeep\n|\n|t:|1783569530\n|switch|p1a: Serperior|Serperior, L79, F|100/100\n|turn|13\n|inactive|Time left: 300 sec this turn | 300 sec total\n|\n|t:|1783569531\n|-terastallize|p1a: Serperior|Grass\n|move|p1a: Serperior|Leaf Storm|p2a: Carbink\n|-damage|p2a: Carbink|0 fnt\n|-boost|p1a: Serperior|spa|2\n|faint|p2a: Carbink\n|-damage|p1a: Serperior|91/100|[from] item: Life Orb\n|\n|upkeep\n|inactive|Time left: 300 sec this turn | 300 sec total | 5 sec grace\n|\n|t:|1783569532\n|switch|p2a: Breloom|Breloom, L83, M|235/235\n|turn|14\n|inactive|Time left: 300 sec this turn | 300 sec total\n|\n|t:|1783569533\n|move|p1a: Serperior|Leaf Storm|p2a: Breloom\n|-resisted|p2a: Breloom\n|-damage|p2a: Breloom|0 fnt\n|-boost|p1a: Serperior|spa|2\n|faint|p2a: Breloom\n|-damage|p1a: Serperior|81/100|[from] item: Life Orb\n|\n|upkeep\n|inactive|Time left: 300 sec this turn | 300 sec total | 5 sec grace\n|\n|t:|1783569534\n|switch|p2a: Comfey|Comfey, L85, M|225/225\n|turn|15\n|inactive|Time left: 300 sec this turn | 300 sec total\n|\n|t:|1783569534\n|move|p1a: Serperior|Leaf Storm|p2a: Comfey\n|-damage|p2a: Comfey|0 fnt\n|-boost|p1a: Serperior|spa|2\n|faint|p2a: Comfey\n|-damage|p1a: Serperior|71/100|[from] item: Life Orb\n|\n|win|p0x26444c81", "uploadtime": 1783569534, "views": 0, "rating": 0, "private": 0, "password": null, "_winner": "p0x26444c81", "_our_name": "p0y264409b3"}