{"id": "battle-gen9randombattle-37", "formatid": "gen9randombattle", "format": "[Gen 9] Random Battle", "players": ["p0x03720e9", "p0y037efb4"], "log": "|init|battle\n|title|p0x03720e9 vs. p0y037efb4\n|j|\u2606p0x03720e9\n|j|\u2606p0y037efb4\n|t:|1783533665\n|gametype|singles\n|player|p1|p0x03720e9|102|\n|player|p2|p0y037efb4|265|\n|gen|9\n|tier|[Gen 9] Random Battle\n|rule|Species Clause: Limit one of each Pok\u00e9mon\n|rule|HP Percentage Mod: HP is shown in percentages\n|rule|Sleep Clause Mod: Limit one foe put to sleep\n|rule|Illusion Level Mod: Illusion disguises the Pok\u00e9mon's true level\n|\n|t:|1783533665\n|teamsize|p1|6\n|teamsize|p2|6\n|start\n|switch|p1a: Espathra|Espathra, L80, F|283/283\n|switch|p2a: Urshifu|Urshifu, L74, M|100/100\n|turn|1\n|inactive|Battle timer is ON: inactive players will automatically lose when time's up. (requested by p0x03720e9)\n|\n|t:|1783533667\n|move|p2a: Urshifu|Sucker Punch|p1a: Espathra\n|-supereffective|p1a: Espathra\n|-damage|p1a: Espathra|0 fnt\n|faint|p1a: Espathra\n|\n|upkeep\n|inactive|Time left: 300 sec this turn | 300 sec total | 65 sec grace\n|inactive|p0y037efb4 also wants the timer to be on.\n|\n|t:|1783533668\n|switch|p1a: Bombirdier|Bombirdier, L85, M|258/258\n|turn|2\n|inactive|Time left: 300 sec this turn | 300 sec total\n|\n|t:|1783533669\n|switch|p2a: Glastrier|Glastrier, L86|100/100\n|move|p1a: Bombirdier|Brave Bird|p2a: Glastrier\n|-damage|p2a: Glastrier|51/100\n|-damage|p1a: Bombirdier|208/258|[from] Recoil\n|\n|upkeep\n|turn|3\n|inactive|Time left: 300 sec this turn | 300 sec total\n|\n|t:|1783533670\n|move|p1a: Bombirdier|Brave Bird|p2a: Glastrier\n|-damage|p2a: Glastrier|2/100\n|-damage|p1a: Bombirdier|158/258|[from] Recoil\n|move|p2a: Glastrier|Icicle Crash|p1a: Bombirdier\n|-supereffective|p1a: Bombirdier\n|-damage|p1a: Bombirdier|0 fnt\n|faint|p1a: Bombirdier\n|-ability|p2a: Glastrier|Chilling Neigh|boost\n|-boost|p2a: Glastrier|atk|1\n|\n|upkeep\n|inactive|Time left: 300 sec this turn | 300 sec total | 5 sec grace\n|\n|t:|1783533671\n|switch|p1a: Flareon|Flareon, L90, M|263/263\n|turn|4\n|inactive|Time left: 300 sec this turn | 300 sec total\n|\n|t:|1783533672\n|switch|p2a: Entei|Entei, L78|100/100\n|move|p1a: Flareon|Trailblaze|p2a: Entei\n|-resisted|p2a: Entei\n|-damage|p2a: Entei|92/100\n|-boost|p1a: Flareon|spe|1\n|\n|-status|p1a: Flareon|tox|[from] item: Toxic Orb\n|upkeep\n|turn|5\n|inactive|Time left: 300 sec this turn | 300 sec total\n|\n|t:|1783533674\n|-terastallize|p1a: Flareon|Normal\n|move|p2a: Entei|Extreme Speed|p1a: Flareon\n|-damage|p1a: Flareon|155/263 tox\n|move|p1a: Flareon|Facade|p2a: Entei\n|-damage|p2a: Entei|0 fnt\n|faint|p2a: Entei\n|\n|-damage|p1a: Flareon|139/263 tox|[from] psn\n|upkeep\n|\n|t:|1783533674\n|switch|p2a: Jirachi|Jirachi, L80|100/100\n|turn|6\n|inactive|Time left: 300 sec this turn | 300 sec total\n|\n|t:|1783533675\n|move|p2a: Jirachi|Protect|p2a: Jirachi\n|-singleturn|p2a: Jirachi|Protect\n|move|p1a: Flareon|Flare Blitz|p2a: Jirachi\n|-activate|p2a: Jirachi|move: Protect\n|\n|-damage|p1a: Flareon|107/263 tox|[from] psn\n|upkeep\n|turn|7\n|inactive|Time left: 300 sec this turn | 300 sec total\n|\n|t:|1783533676\n|move|p1a: Flareon|Flare Blitz|p2a: Jirachi\n|-supereffective|p2a: Jirachi\n|-damage|p2a: Jirachi|0 fnt\n|faint|p2a: Jirachi\n|-damage|p1a: Flareon|11/263 tox|[from] Recoil\n|\n|-damage|p1a: Flareon|0 fnt|[from] psn\n|faint|p1a: Flareon\n|upkeep\n|inactive|Time left: 300 sec this turn | 300 sec total | 5 sec grace\n|\n|t:|1783533677\n|switch|p2a: Keldeo|Keldeo-Resolute, L79|100/100\n|switch|p1a: Iron Jugulis|Iron Jugulis, L77|271/271\n|turn|8\n|inactive|Time left: 300 sec this turn | 300 sec total\n|\n|t:|1783533678\n|move|p2a: Keldeo|Calm Mind|p2a: Keldeo\n|-boost|p2a: Keldeo|spa|1\n|-boost|p2a: Keldeo|spd|1\n|move|p1a: Iron Jugulis|Hurricane|p2a: Keldeo\n|-supereffective|p2a: Keldeo\n|-damage|p2a: Keldeo|45/100\n|-start|p2a: Keldeo|confusion\n|\n|upkeep\n|turn|9\n|inactive|Time left: 300 sec this turn | 300 sec total\n|\n|t:|1783533679\n|-activate|p2a: Keldeo|confusion\n|move|p2a: Keldeo|Hydro Pump|p1a: Iron Jugulis\n|-damage|p1a: Iron Jugulis|0 fnt\n|faint|p1a: Iron Jugulis\n|-end|p1a: Iron Jugulis|Quark Drive|[silent]\n|-damage|p2a: Keldeo|35/100|[from] item: Life Orb\n|\n|upkeep\n|inactive|Time left: 300 sec this turn | 300 sec total | 5 sec grace\n|\n|t:|1783533680\n|switch|p1a: Gothitelle|Gothitelle, L90, F|272/272\n|turn|10\n|inactive|Time left: 300 sec this turn | 300 sec total\n|\n|t:|1783533681\n|-activate|p2a: Keldeo|confusion\n|move|p2a: Keldeo|Hydro Pump|p1a: Gothitelle\n|-damage|p1a: Gothitelle|58/272\n|-damage|p2a: Keldeo|25/100|[from] item: Life Orb\n|move|p1a: Gothitelle|Calm Mind|p1a: Gothitelle\n|-boost|p1a: Gothitelle|spa|1\n|-boost|p1a: Gothitelle|spd|1\n|\n|-heal|p1a: Gothitelle|75/272|[from] item: Leftovers\n|upkeep\n|turn|11\n|inactive|Time left: 300 sec this turn | 300 sec total\n|\n|t:|1783533682\n|-end|p2a: Keldeo|confusion\n|move|p2a: Keldeo|Secret Sword|p1a: Gothitelle\n|-resisted|p1a: Gothitelle\n|-damage|p1a: Gothitelle|0 fnt\n|faint|p1a: Gothitelle\n|-damage|p2a: Keldeo|15/100|[from] item: Life Orb\n|\n|upkeep\n|inactive|Time left: 300 sec this turn | 300 sec total | 5 sec grace\n|\n|t:|1783533683\n|switch|p1a: Haxorus|Haxorus, L77, M|244/244\n|-ability|p1a: Haxorus|Mold Breaker\n|turn|12\n|inactive|Time left: 300 sec this turn | 300 sec total\n|\n|t:|1783533684\n|move|p2a: Keldeo|Secret Sword|p1a: Haxorus\n|-damage|p1a: Haxorus|52/244\n|-damage|p2a: Keldeo|5/100|[from] item: Life Orb\n|move|p1a: Haxorus|Iron Head|p2a: Keldeo\n|-resisted|p2a: Keldeo\n|-damage|p2a: Keldeo|0 fnt\n|faint|p2a: Keldeo\n|\n|upkeep\n|\n|t:|1783533684\n|switch|p2a: Urshifu|Urshifu, L74, M|100/100\n|turn|13\n|inactive|Time left: 300 sec this turn | 300 sec total\n|\n|t:|1783533685\n|-terastallize|p2a: Urshifu|Fighting\n|move|p1a: Haxorus|Iron Head|p2a: Urshifu\n|-damage|p2a: Urshifu|74/100\n|cant|p2a: Urshifu|flinch\n|\n|upkeep\n|turn|14\n|inactive|Time left: 300 sec this turn | 300 sec total\n|\n|t:|1783533686\n|move|p1a: Haxorus|Scale Shot|p2a: Urshifu\n|-damage|p2a: Urshifu|63/100\n|-damage|p2a: Urshifu|51/100\n|-damage|p2a: Urshifu|40/100\n|-damage|p2a: Urshifu|29/100\n|-damage|p2a: Urshifu|16/100\n|-hitcount|p2a: Urshifu|5\n|-unboost|p1a: Haxorus|def|1\n|-boost|p1a: Haxorus|spe|1\n|move|p2a: Urshifu|Close Combat|p1a: Haxorus\n|-damage|p1a: Haxorus|0 fnt\n|-unboost|p2a: Urshifu|def|1\n|-unboost|p2a: Urshifu|spd|1\n|faint|p1a: Haxorus\n|\n|win|p0y037efb4", "uploadtime": 1783533686, "views": 0, "rating": 0, "private": 0, "password": null, "_winner": "p0y037efb4", "_our_name": "p0x03720e9"}