{"id": "battle-gen9randombattle-819", "formatid": "gen9randombattle", "format": "[Gen 9] Random Battle", "players": ["p0x8196855", "p0y819e79a"], "log": "|init|battle\n|title|p0x8196855 vs. p0y819e79a\n|j|\u2606p0x8196855\n|j|\u2606p0y819e79a\n|t:|1783549408\n|gametype|singles\n|player|p1|p0x8196855|265|\n|player|p2|p0y819e79a|2|\n|gen|9\n|tier|[Gen 9] Random Battle\n|rule|Species Clause: Limit one of each Pok\u00e9mon\n|rule|HP Percentage Mod: HP is shown in percentages\n|rule|Sleep Clause Mod: Limit one foe put to sleep\n|rule|Illusion Level Mod: Illusion disguises the Pok\u00e9mon's true level\n|\n|t:|1783549408\n|teamsize|p1|6\n|teamsize|p2|6\n|start\n|switch|p1a: Registeel|Registeel, L81|100/100\n|switch|p2a: Hawlucha|Hawlucha, L80, M|256/256\n|turn|1\n|inactive|Battle timer is ON: inactive players will automatically lose when time's up. (requested by p0y819e79a)\n|inactive|p0x8196855 also wants the timer to be on.\n|\n|t:|1783549409\n|move|p2a: Hawlucha|Swords Dance|p2a: Hawlucha\n|-boost|p2a: Hawlucha|atk|2\n|move|p1a: Registeel|Iron Defense|p1a: Registeel\n|-boost|p1a: Registeel|def|2\n|\n|upkeep\n|turn|2\n|inactive|Time left: 300 sec this turn | 300 sec total\n|\n|t:|1783549410\n|move|p2a: Hawlucha|Close Combat|p1a: Registeel\n|-supereffective|p1a: Registeel\n|-damage|p1a: Registeel|47/100\n|-unboost|p2a: Hawlucha|def|1\n|-unboost|p2a: Hawlucha|spd|1\n|-enditem|p2a: Hawlucha|White Herb\n|-clearnegativeboost|p2a: Hawlucha|[silent]\n|move|p1a: Registeel|Body Press|p2a: Hawlucha\n|-resisted|p2a: Hawlucha\n|-damage|p2a: Hawlucha|173/256\n|\n|-heal|p1a: Registeel|53/100|[from] item: Leftovers\n|upkeep\n|turn|3\n|inactive|Time left: 300 sec this turn | 300 sec total\n|\n|t:|1783549411\n|-terastallize|p1a: Registeel|Fighting\n|move|p2a: Hawlucha|Close Combat|p1a: Registeel\n|-damage|p1a: Registeel|22/100\n|-unboost|p2a: Hawlucha|def|1\n|-unboost|p2a: Hawlucha|spd|1\n|move|p1a: Registeel|Body Press|p2a: Hawlucha\n|-resisted|p2a: Hawlucha\n|-damage|p2a: Hawlucha|0 fnt\n|faint|p2a: Hawlucha\n|\n|-heal|p1a: Registeel|28/100|[from] item: Leftovers\n|upkeep\n|inactive|Time left: 300 sec this turn | 300 sec total | 5 sec grace\n|\n|t:|1783549412\n|switch|p2a: Vikavolt|Vikavolt, L83, F|263/263\n|turn|4\n|inactive|Time left: 300 sec this turn | 300 sec total\n|\n|t:|1783549413\n|move|p1a: Registeel|Body Press|p2a: Vikavolt\n|-resisted|p2a: Vikavolt\n|-damage|p2a: Vikavolt|149/263\n|move|p2a: Vikavolt|Sticky Web|p1a: Registeel\n|-sidestart|p1: p0x8196855|move: Sticky Web\n|\n|-heal|p1a: Registeel|34/100|[from] item: Leftovers\n|upkeep\n|turn|5\n|inactive|Time left: 300 sec this turn | 300 sec total\n|\n|t:|1783549413\n|move|p1a: Registeel|Body Press|p2a: Vikavolt\n|-resisted|p2a: Vikavolt\n|-damage|p2a: Vikavolt|37/263\n|move|p2a: Vikavolt|Thunderbolt|p1a: Registeel\n|-damage|p1a: Registeel|1/100\n|\n|-heal|p1a: Registeel|7/100|[from] item: Leftovers\n|upkeep\n|turn|6\n|inactive|Time left: 300 sec this turn | 300 sec total\n|\n|t:|1783549414\n|move|p1a: Registeel|Body Press|p2a: Vikavolt\n|-resisted|p2a: Vikavolt\n|-damage|p2a: Vikavolt|0 fnt\n|faint|p2a: Vikavolt\n|\n|-heal|p1a: Registeel|13/100|[from] item: Leftovers\n|upkeep\n|inactive|Time left: 300 sec this turn | 300 sec total | 5 sec grace\n|\n|t:|1783549415\n|switch|p2a: Crawdaunt|Crawdaunt, L84, M|243/243\n|turn|7\n|inactive|Time left: 300 sec this turn | 300 sec total\n|\n|t:|1783549416\n|move|p2a: Crawdaunt|Knock Off|p1a: Registeel\n|-resisted|p1a: Registeel\n|-damage|p1a: Registeel|0 fnt\n|-enditem|p1a: Registeel|Leftovers|[from] move: Knock Off|[of] p2a: Crawdaunt\n|faint|p1a: Registeel\n|\n|upkeep\n|\n|t:|1783549417\n|switch|p1a: Slaking|Slaking, L84, F|100/100\n|-activate|p1a: Slaking|move: Sticky Web\n|-unboost|p1a: Slaking|spe|1\n|turn|8\n|inactive|Time left: 300 sec this turn | 300 sec total\n|\n|t:|1783549417\n|move|p1a: Slaking|Giga Impact|p2a: Crawdaunt\n|-damage|p2a: Crawdaunt|0 fnt\n|-mustrecharge|p1a: Slaking\n|faint|p2a: Crawdaunt\n|\n|upkeep\n|inactive|Time left: 300 sec this turn | 300 sec total | 5 sec grace\n|\n|t:|1783549418\n|switch|p2a: Torkoal|Torkoal, L88, F|266/266\n|-weather|SunnyDay|[from] ability: Drought|[of] p2a: Torkoal\n|turn|9\n|inactive|Time left: 300 sec this turn | 300 sec total\n|\n|t:|1783549419\n|cant|p1a: Slaking|recharge\n|move|p2a: Torkoal|Lava Plume|p1a: Slaking\n|-damage|p1a: Slaking|59/100\n|-status|p1a: Slaking|brn\n|\n|-weather|SunnyDay|[upkeep]\n|-damage|p1a: Slaking|53/100 brn|[from] brn\n|upkeep\n|turn|10\n|inactive|Time left: 300 sec this turn | 300 sec total\n|\n|t:|1783549420\n|move|p1a: Slaking|Giga Impact|p2a: Torkoal\n|-damage|p2a: Torkoal|144/266\n|-mustrecharge|p1a: Slaking\n|move|p2a: Torkoal|Rapid Spin|p1a: Slaking\n|-damage|p1a: Slaking|44/100 brn\n|-boost|p2a: Torkoal|spe|1\n|\n|-weather|SunnyDay|[upkeep]\n|-damage|p1a: Slaking|38/100 brn|[from] brn\n|upkeep\n|turn|11\n|inactive|Time left: 300 sec this turn | 300 sec total\n|\n|t:|1783549422\n|cant|p1a: Slaking|recharge\n|move|p2a: Torkoal|Rapid Spin|p1a: Slaking\n|-damage|p1a: Slaking|30/100 brn\n|-boost|p2a: Torkoal|spe|1\n|\n|-weather|SunnyDay|[upkeep]\n|-damage|p1a: Slaking|24/100 brn|[from] brn\n|upkeep\n|turn|12\n|inactive|Time left: 300 sec this turn | 300 sec total\n|\n|t:|1783549423\n|move|p2a: Torkoal|Lava Plume|p1a: Slaking\n|-damage|p1a: Slaking|0 fnt\n|faint|p1a: Slaking\n|\n|-weather|SunnyDay|[upkeep]\n|upkeep\n|\n|t:|1783549424\n|switch|p1a: Magmortar|Magmortar, L88, M|100/100\n|turn|13\n|inactive|Time left: 300 sec this turn | 300 sec total\n|\n|t:|1783549425\n|switch|p2a: Politoed|Politoed, L88, M|302/302\n|-weather|RainDance|[from] ability: Drizzle|[of] p2a: Politoed\n|move|p1a: Magmortar|Fire Blast|p2a: Politoed\n|-resisted|p2a: Politoed\n|-damage|p2a: Politoed|266/302\n|\n|-weather|RainDance|[upkeep]\n|upkeep\n|turn|14\n|inactive|Time left: 300 sec this turn | 300 sec total\n|\n|t:|1783549427\n|switch|p1a: Tropius|Tropius, L91, F|100/100\n|move|p2a: Politoed|Hydro Pump|p1a: Tropius\n|-resisted|p1a: Tropius\n|-damage|p1a: Tropius|77/100\n|\n|-weather|RainDance|[upkeep]\n|upkeep\n|turn|15\n|inactive|Time left: 300 sec this turn | 300 sec total\n|\n|t:|1783549428\n|move|p2a: Politoed|Ice Beam|p1a: Tropius\n|-supereffective|p1a: Tropius\n|-damage|p1a: Tropius|0 fnt\n|faint|p1a: Tropius\n|\n|-weather|RainDance|[upkeep]\n|upkeep\n|\n|t:|1783549429\n|switch|p1a: Shiftry|Shiftry, L89, F|100/100\n|-activate|p1a: Shiftry|move: Sticky Web\n|-unboost|p1a: Shiftry|spe|1\n|turn|16\n|inactive|Time left: 300 sec this turn | 300 sec total\n|\n|t:|1783549430\n|move|p2a: Politoed|Ice Beam|p1a: Shiftry\n|-supereffective|p1a: Shiftry\n|-damage|p1a: Shiftry|51/100\n|move|p1a: Shiftry|Leaf Blade|p2a: Politoed\n|-supereffective|p2a: Politoed\n|-damage|p2a: Politoed|0 fnt\n|faint|p2a: Politoed\n|-damage|p1a: Shiftry|41/100|[from] item: Life Orb\n|\n|-weather|RainDance|[upkeep]\n|upkeep\n|inactive|Time left: 300 sec this turn | 300 sec total | 5 sec grace\n|\n|t:|1783549431\n|switch|p2a: Baxcalibur|Baxcalibur, L75, M|295/295\n|turn|17\n|inactive|Time left: 300 sec this turn | 300 sec total\n|\n|t:|1783549432\n|move|p1a: Shiftry|Sucker Punch|p2a: Baxcalibur\n|-damage|p2a: Baxcalibur|185/295\n|-damage|p1a: Shiftry|31/100|[from] item: Life Orb\n|move|p2a: Baxcalibur|Icicle Spear|p1a: Shiftry\n|-supereffective|p1a: Shiftry\n|-damage|p1a: Shiftry|7/100\n|-supereffective|p1a: Shiftry\n|-damage|p1a: Shiftry|0 fnt\n|faint|p1a: Shiftry\n|-hitcount|p1: Shiftry|2\n|\n|-weather|none\n|upkeep\n|\n|t:|1783549433\n|switch|p1a: Magmortar|Magmortar, L88, M|100/100\n|turn|18\n|inactive|Time left: 300 sec this turn | 300 sec total\n|\n|t:|1783549434\n|-terastallize|p2a: Baxcalibur|Dragon\n|move|p1a: Magmortar|Focus Blast|p2a: Baxcalibur\n|-damage|p2a: Baxcalibur|57/295\n|move|p2a: Baxcalibur|Scale Shot|p1a: Magmortar\n|-damage|p1a: Magmortar|84/100\n|-damage|p1a: Magmortar|66/100\n|-damage|p1a: Magmortar|48/100\n|-crit|p1a: Magmortar\n|-damage|p1a: Magmortar|21/100\n|-damage|p1a: Magmortar|3/100\n|-hitcount|p1a: Magmortar|5\n|-unboost|p2a: Baxcalibur|def|1\n|-boost|p2a: Baxcalibur|spe|1\n|\n|upkeep\n|turn|19\n|inactive|Time left: 300 sec this turn | 300 sec total\n|\n|t:|1783549435\n|move|p2a: Baxcalibur|Earthquake|p1a: Magmortar\n|-supereffective|p1a: Magmortar\n|-damage|p1a: Magmortar|0 fnt\n|faint|p1a: Magmortar\n|\n|upkeep\n|\n|t:|1783549436\n|switch|p1a: Arceus|Arceus-Fire, L72|100/100\n|-activate|p1a: Arceus|move: Sticky Web\n|-unboost|p1a: Arceus|spe|1\n|turn|20\n|inactive|Time left: 300 sec this turn | 300 sec total\n|\n|t:|1783549437\n|move|p2a: Baxcalibur|Scale Shot|p1a: Arceus|[miss]\n|-miss|p2a: Baxcalibur|p1a: Arceus\n|move|p1a: Arceus|Earthquake|p2a: Baxcalibur\n|-damage|p2a: Baxcalibur|0 fnt\n|faint|p2a: Baxcalibur\n|\n|upkeep\n|inactive|Time left: 300 sec this turn | 300 sec total | 5 sec grace\n|\n|t:|1783549438\n|switch|p2a: Torkoal|Torkoal, L88, F|144/266\n|-weather|SunnyDay|[from] ability: Drought|[of] p2a: Torkoal\n|turn|21\n|inactive|Time left: 300 sec this turn | 300 sec total\n|\n|t:|1783549439\n|move|p1a: Arceus|Earthquake|p2a: Torkoal\n|-supereffective|p2a: Torkoal\n|-damage|p2a: Torkoal|60/266\n|move|p2a: Torkoal|Lava Plume|p1a: Arceus\n|-resisted|p1a: Arceus\n|-damage|p1a: Arceus|81/100\n|\n|-weather|SunnyDay|[upkeep]\n|upkeep\n|turn|22\n|inactive|Time left: 300 sec this turn | 300 sec total\n|\n|t:|1783549440\n|move|p1a: Arceus|Flare Blitz|p2a: Torkoal\n|-resisted|p2a: Torkoal\n|-damage|p2a: Torkoal|0 fnt\n|faint|p2a: Torkoal\n|-damage|p1a: Arceus|74/100|[from] Recoil\n|\n|win|p0x8196855", "uploadtime": 1783549440, "views": 0, "rating": 0, "private": 0, "password": null, "_winner": "p0x8196855", "_our_name": "p0y819e79a"}