{"id": "battle-gen9randombattle-1871", "formatid": "gen9randombattle", "format": "[Gen 9] Random Battle", "players": ["p0x187063c0", "p0y187095be"], "log": "|init|battle\n|title|p0x187063c0 vs. p0y187095be\n|j|\u2606p0x187063c0\n|j|\u2606p0y187095be\n|t:|1783560910\n|gametype|singles\n|player|p1|p0x187063c0|169|\n|player|p2|p0y187095be|266|\n|gen|9\n|tier|[Gen 9] Random Battle\n|rule|Species Clause: Limit one of each Pok\u00e9mon\n|rule|HP Percentage Mod: HP is shown in percentages\n|rule|Sleep Clause Mod: Limit one foe put to sleep\n|rule|Illusion Level Mod: Illusion disguises the Pok\u00e9mon's true level\n|\n|t:|1783560910\n|teamsize|p1|6\n|teamsize|p2|6\n|start\n|switch|p1a: Blaziken|Blaziken, L76, F|247/247\n|switch|p2a: Sandy Shocks|Sandy Shocks, L80|100/100\n|turn|1\n|inactive|Battle timer is ON: inactive players will automatically lose when time's up. (requested by p0y187095be)\n|inactive|Time left: 300 sec this turn | 300 sec total | 60 sec grace\n|inactive|p0x187063c0 also wants the timer to be on.\n|\n|t:|1783560912\n|move|p1a: Blaziken|Protect|p1a: Blaziken\n|-singleturn|p1a: Blaziken|Protect\n|move|p2a: Sandy Shocks|Earth Power|p1a: Blaziken\n|-activate|p1a: Blaziken|move: Protect\n|\n|-ability|p1a: Blaziken|Speed Boost|boost\n|-boost|p1a: Blaziken|spe|1\n|upkeep\n|turn|2\n|inactive|Time left: 300 sec this turn | 300 sec total\n|\n|t:|1783560913\n|-terastallize|p1a: Blaziken|Fighting\n|move|p1a: Blaziken|Swords Dance|p1a: Blaziken\n|-boost|p1a: Blaziken|atk|2\n|move|p2a: Sandy Shocks|Earth Power|p1a: Blaziken\n|-damage|p1a: Blaziken|103/247\n|\n|-ability|p1a: Blaziken|Speed Boost|boost\n|-boost|p1a: Blaziken|spe|1\n|upkeep\n|turn|3\n|inactive|Time left: 300 sec this turn | 300 sec total\n|\n|t:|1783560914\n|-end|p2a: Sandy Shocks|Protosynthesis|[silent]\n|switch|p2a: Swalot|Swalot, L90, F|100/100\n|move|p1a: Blaziken|Close Combat|p2a: Swalot\n|-resisted|p2a: Swalot\n|-damage|p2a: Swalot|39/100\n|-unboost|p1a: Blaziken|def|1\n|-unboost|p1a: Blaziken|spd|1\n|-damage|p1a: Blaziken|79/247|[from] item: Life Orb\n|\n|-heal|p2a: Swalot|46/100|[from] item: Leftovers\n|-ability|p1a: Blaziken|Speed Boost|boost\n|-boost|p1a: Blaziken|spe|1\n|upkeep\n|turn|4\n|inactive|Time left: 300 sec this turn | 300 sec total\n|\n|t:|1783560915\n|move|p1a: Blaziken|Close Combat|p2a: Swalot\n|-resisted|p2a: Swalot\n|-damage|p2a: Swalot|0 fnt\n|-unboost|p1a: Blaziken|def|1\n|-unboost|p1a: Blaziken|spd|1\n|faint|p2a: Swalot\n|-damage|p1a: Blaziken|55/247|[from] item: Life Orb\n|\n|-ability|p1a: Blaziken|Speed Boost|boost\n|-boost|p1a: Blaziken|spe|1\n|upkeep\n|\n|t:|1783560916\n|switch|p2a: Oinkologne|Oinkologne-F, L92, F|100/100\n|turn|5\n|inactive|Time left: 300 sec this turn | 300 sec total\n|\n|t:|1783560917\n|-terastallize|p2a: Oinkologne|Fairy\n|move|p1a: Blaziken|Close Combat|p2a: Oinkologne\n|-resisted|p2a: Oinkologne\n|-damage|p2a: Oinkologne|41/100\n|-unboost|p1a: Blaziken|def|1\n|-unboost|p1a: Blaziken|spd|1\n|-damage|p1a: Blaziken|31/247|[from] item: Life Orb\n|move|p2a: Oinkologne|Body Slam|p1a: Blaziken\n|-damage|p1a: Blaziken|0 fnt\n|faint|p1a: Blaziken\n|\n|-heal|p2a: Oinkologne|48/100|[from] item: Leftovers\n|upkeep\n|inactive|Time left: 300 sec this turn | 300 sec total | 5 sec grace\n|\n|t:|1783560918\n|switch|p1a: Gumshoos|Gumshoos, L95, F|321/321\n|turn|6\n|inactive|Time left: 300 sec this turn | 300 sec total\n|\n|t:|1783560919\n|move|p2a: Oinkologne|Body Slam|p1a: Gumshoos\n|-damage|p1a: Gumshoos|200/321\n|-status|p1a: Gumshoos|par\n|move|p1a: Gumshoos|Double-Edge|p2a: Oinkologne\n|-damage|p2a: Oinkologne|0 fnt\n|faint|p2a: Oinkologne\n|-damage|p1a: Gumshoos|144/321 par|[from] Recoil\n|\n|upkeep\n|\n|t:|1783560920\n|switch|p2a: Overqwil|Overqwil, L82, F|100/100\n|-ability|p2a: Overqwil|Intimidate|boost\n|-unboost|p1a: Gumshoos|atk|1\n|turn|7\n|inactive|Time left: 300 sec this turn | 300 sec total\n|\n|t:|1783560921\n|move|p2a: Overqwil|Gunk Shot|p1a: Gumshoos\n|-damage|p1a: Gumshoos|0 fnt\n|faint|p1a: Gumshoos\n|-damage|p2a: Overqwil|91/100|[from] item: Life Orb\n|\n|upkeep\n|inactive|Time left: 300 sec this turn | 300 sec total | 5 sec grace\n|\n|t:|1783560922\n|switch|p1a: Iron Bundle|Iron Bundle, L78|215/215\n|turn|8\n|inactive|Time left: 300 sec this turn | 300 sec total\n|\n|t:|1783560923\n|move|p1a: Iron Bundle|Hydro Pump|p2a: Overqwil\n|-damage|p2a: Overqwil|36/100\n|move|p2a: Overqwil|Gunk Shot|p1a: Iron Bundle|[miss]\n|-miss|p2a: Overqwil|p1a: Iron Bundle\n|\n|upkeep\n|turn|9\n|inactive|Time left: 300 sec this turn | 300 sec total\n|\n|t:|1783560924\n|switch|p2a: Scovillain|Scovillain, L91, F|100/100\n|move|p1a: Iron Bundle|Hydro Pump|p2a: Scovillain|[miss]\n|-miss|p1a: Iron Bundle|p2a: Scovillain\n|\n|upkeep\n|turn|10\n|inactive|Time left: 300 sec this turn | 300 sec total\n|\n|t:|1783560925\n|move|p2a: Scovillain|Energy Ball|p1a: Iron Bundle\n|-supereffective|p1a: Iron Bundle\n|-damage|p1a: Iron Bundle|0 fnt\n|faint|p1a: Iron Bundle\n|-end|p1a: Iron Bundle|Quark Drive|[silent]\n|\n|upkeep\n|inactive|Time left: 300 sec this turn | 300 sec total | 5 sec grace\n|\n|t:|1783560926\n|switch|p1a: Farigiraf|Farigiraf, L90, M|362/362\n|turn|11\n|inactive|Time left: 300 sec this turn | 300 sec total\n|\n|t:|1783560927\n|switch|p2a: Overqwil|Overqwil, L82, F|36/100\n|-ability|p2a: Overqwil|Intimidate|boost\n|-unboost|p1a: Farigiraf|atk|1\n|move|p1a: Farigiraf|Body Slam|p2a: Overqwil\n|-damage|p2a: Overqwil|11/100\n|\n|upkeep\n|turn|12\n|inactive|Time left: 300 sec this turn | 300 sec total\n|\n|t:|1783560927\n|move|p2a: Overqwil|Crunch|p1a: Farigiraf\n|-supereffective|p1a: Farigiraf\n|-damage|p1a: Farigiraf|86/362\n|-damage|p2a: Overqwil|2/100|[from] item: Life Orb\n|move|p1a: Farigiraf|Body Slam|p2a: Overqwil\n|-damage|p2a: Overqwil|0 fnt\n|faint|p2a: Overqwil\n|\n|-heal|p1a: Farigiraf|108/362|[from] item: Leftovers\n|upkeep\n|\n|t:|1783560928\n|switch|p2a: Scovillain|Scovillain, L91, F|100/100\n|turn|13\n|inactive|Time left: 300 sec this turn | 300 sec total\n|\n|t:|1783560929\n|move|p1a: Farigiraf|Protect|p1a: Farigiraf\n|-singleturn|p1a: Farigiraf|Protect\n|move|p2a: Scovillain|Flamethrower|p1a: Farigiraf\n|-activate|p1a: Farigiraf|move: Protect\n|\n|-heal|p1a: Farigiraf|130/362|[from] item: Leftovers\n|upkeep\n|turn|14\n|inactive|Time left: 300 sec this turn | 300 sec total\n|\n|t:|1783560930\n|switch|p1a: Alomomola|Alomomola, L87, M|429/429\n|move|p2a: Scovillain|Flamethrower|p1a: Alomomola\n|-resisted|p1a: Alomomola\n|-crit|p1a: Alomomola\n|-damage|p1a: Alomomola|288/429\n|\n|upkeep\n|turn|15\n|inactive|Time left: 300 sec this turn | 300 sec total\n|\n|t:|1783560931\n|move|p2a: Scovillain|Flamethrower|p1a: Alomomola\n|-resisted|p1a: Alomomola\n|-damage|p1a: Alomomola|201/429\n|move|p1a: Alomomola|Flip Turn|p2a: Scovillain\n|-damage|p2a: Scovillain|76/100\n|inactive|Time left: 300 sec this turn | 300 sec total | 5 sec grace\n|\n|t:|1783560932\n|switch|p1a: Farigiraf|Farigiraf, L90, M|130/362|[from] Flip Turn\n|\n|-heal|p1a: Farigiraf|152/362|[from] item: Leftovers\n|upkeep\n|turn|16\n|inactive|Time left: 300 sec this turn | 300 sec total\n|\n|t:|1783560933\n|move|p1a: Farigiraf|Protect|p1a: Farigiraf\n|-singleturn|p1a: Farigiraf|Protect\n|move|p2a: Scovillain|Flamethrower|p1a: Farigiraf\n|-activate|p1a: Farigiraf|move: Protect\n|\n|-heal|p1a: Farigiraf|174/362|[from] item: Leftovers\n|upkeep\n|turn|17\n|inactive|Time left: 300 sec this turn | 300 sec total\n|\n|t:|1783560933\n|move|p2a: Scovillain|Flamethrower|p1a: Farigiraf\n|-damage|p1a: Farigiraf|38/362\n|-status|p1a: Farigiraf|brn\n|move|p1a: Farigiraf|Wish|p1a: Farigiraf\n|\n|-heal|p1a: Farigiraf|60/362 brn|[from] item: Leftovers\n|-damage|p1a: Farigiraf|38/362 brn|[from] brn\n|upkeep\n|turn|18\n|inactive|Time left: 300 sec this turn | 300 sec total\n|\n|t:|1783560934\n|move|p1a: Farigiraf|Protect|p1a: Farigiraf\n|-singleturn|p1a: Farigiraf|Protect\n|move|p2a: Scovillain|Flamethrower|p1a: Farigiraf\n|-activate|p1a: Farigiraf|move: Protect\n|\n|-heal|p1a: Farigiraf|219/362 brn|[from] move: Wish|[wisher] Farigiraf\n|-heal|p1a: Farigiraf|241/362 brn|[from] item: Leftovers\n|-damage|p1a: Farigiraf|219/362 brn|[from] brn\n|upkeep\n|turn|19\n|inactive|Time left: 300 sec this turn | 300 sec total\n|\n|t:|1783560935\n|switch|p1a: Alomomola|Alomomola, L87, M|344/429\n|move|p2a: Scovillain|Flamethrower|p1a: Alomomola\n|-resisted|p1a: Alomomola\n|-damage|p1a: Alomomola|248/429\n|\n|upkeep\n|turn|20\n|inactive|Time left: 300 sec this turn | 300 sec total\n|\n|t:|1783560937\n|move|p2a: Scovillain|Flamethrower|p1a: Alomomola\n|-resisted|p1a: Alomomola\n|-damage|p1a: Alomomola|150/429\n|move|p1a: Alomomola|Flip Turn|p2a: Scovillain\n|-damage|p2a: Scovillain|52/100\n|inactive|Time left: 300 sec this turn | 300 sec total | 5 sec grace\n|\n|t:|1783560938\n|switch|p1a: Farigiraf|Farigiraf, L90, M|219/362 brn|[from] Flip Turn\n|\n|-heal|p1a: Farigiraf|241/362 brn|[from] item: Leftovers\n|-damage|p1a: Farigiraf|219/362 brn|[from] brn\n|upkeep\n|turn|21\n|inactive|Time left: 300 sec this turn | 300 sec total\n|\n|t:|1783560938\n|move|p2a: Scovillain|Flamethrower|p1a: Farigiraf\n|-damage|p1a: Farigiraf|93/362 brn\n|move|p1a: Farigiraf|Psychic Noise|p2a: Scovillain\n|-damage|p2a: Scovillain|9/100\n|-start|p2a: Scovillain|move: Heal Block\n|\n|-heal|p1a: Farigiraf|115/362 brn|[from] item: Leftovers\n|-damage|p1a: Farigiraf|93/362 brn|[from] brn\n|upkeep\n|turn|22\n|inactive|Time left: 300 sec this turn | 300 sec total\n|\n|t:|1783560939\n|switch|p1a: Alomomola|Alomomola, L87, M|293/429\n|move|p2a: Scovillain|Flamethrower|p1a: Alomomola\n|-resisted|p1a: Alomomola\n|-damage|p1a: Alomomola|197/429\n|\n|-end|p2a: Scovillain|move: Heal Block\n|upkeep\n|turn|23\n|inactive|Time left: 300 sec this turn | 300 sec total\n|\n|t:|1783560940\n|move|p2a: Scovillain|Flamethrower|p1a: Alomomola\n|-resisted|p1a: Alomomola\n|-damage|p1a: Alomomola|99/429\n|move|p1a: Alomomola|Flip Turn|p2a: Scovillain\n|-damage|p2a: Scovillain|0 fnt\n|faint|p2a: Scovillain\n|inactive|Time left: 300 sec this turn | 300 sec total | 5 sec grace\n|\n|t:|1783560941\n|switch|p1a: Farigiraf|Farigiraf, L90, M|93/362 brn|[from] Flip Turn\n|\n|-heal|p1a: Farigiraf|115/362 brn|[from] item: Leftovers\n|-damage|p1a: Farigiraf|93/362 brn|[from] brn\n|upkeep\n|\n|t:|1783560942\n|switch|p2a: Dodrio|Dodrio, L85, M|100/100\n|turn|24\n|inactive|Time left: 300 sec this turn | 300 sec total\n|\n|t:|1783560943\n|move|p2a: Dodrio|Swords Dance|p2a: Dodrio\n|-boost|p2a: Dodrio|atk|2\n|move|p1a: Farigiraf|Psychic Noise|p2a: Dodrio\n|-damage|p2a: Dodrio|48/100\n|-start|p2a: Dodrio|move: Heal Block\n|\n|-heal|p1a: Farigiraf|115/362 brn|[from] item: Leftovers\n|-damage|p1a: Farigiraf|93/362 brn|[from] brn\n|upkeep\n|turn|25\n|inactive|Time left: 300 sec this turn | 300 sec total\n|\n|t:|1783560944\n|move|p2a: Dodrio|Knock Off|p1a: Farigiraf\n|-supereffective|p1a: Farigiraf\n|-damage|p1a: Farigiraf|0 fnt\n|-enditem|p1a: Farigiraf|Leftovers|[from] move: Knock Off|[of] p2a: Dodrio\n|faint|p1a: Farigiraf\n|\n|-end|p2a: Dodrio|move: Heal Block\n|upkeep\n|inactive|Time left: 300 sec this turn | 300 sec total | 5 sec grace\n|\n|t:|1783560945\n|switch|p1a: Alomomola|Alomomola, L87, M|242/429\n|turn|26\n|inactive|Time left: 300 sec this turn | 300 sec total\n|\n|t:|1783560946\n|move|p1a: Alomomola|Protect|p1a: Alomomola\n|-singleturn|p1a: Alomomola|Protect\n|move|p2a: Dodrio|Brave Bird|p1a: Alomomola\n|-activate|p1a: Alomomola|move: Protect\n|\n|upkeep\n|turn|27\n|inactive|Time left: 300 sec this turn | 300 sec total\n|\n|t:|1783560946\n|switch|p1a: Dedenne|Dedenne, L88, M|261/261\n|move|p2a: Dodrio|Brave Bird|p1a: Dedenne\n|-resisted|p1a: Dedenne\n|-damage|p1a: Dedenne|82/261\n|-enditem|p1a: Dedenne|Sitrus Berry|[eat]\n|-heal|p1a: Dedenne|147/261|[from] item: Sitrus Berry\n|-heal|p1a: Dedenne|234/261|[from] ability: Cheek Pouch\n|-damage|p2a: Dodrio|23/100|[from] Recoil\n|\n|upkeep\n|turn|28\n|inactive|Time left: 300 sec this turn | 300 sec total\n|\n|t:|1783560947\n|switch|p1a: Alomomola|Alomomola, L87, M|385/429\n|move|p2a: Dodrio|Drill Run|p1a: Alomomola\n|-damage|p1a: Alomomola|261/429\n|-damage|p2a: Dodrio|7/100|[from] item: Rocky Helmet|[of] p1a: Alomomola\n|\n|upkeep\n|turn|29\n|inactive|Time left: 300 sec this turn | 300 sec total\n|\n|t:|1783560948\n|move|p1a: Alomomola|Protect|p1a: Alomomola\n|-singleturn|p1a: Alomomola|Protect\n|move|p2a: Dodrio|Brave Bird|p1a: Alomomola\n|-activate|p1a: Alomomola|move: Protect\n|\n|upkeep\n|turn|30\n|inactive|Time left: 300 sec this turn | 300 sec total\n|\n|t:|1783560949\n|switch|p1a: Dedenne|Dedenne, L88, M|234/261\n|move|p2a: Dodrio|Brave Bird|p1a: Dedenne\n|-resisted|p1a: Dedenne\n|-damage|p1a: Dedenne|45/261\n|-damage|p2a: Dodrio|0 fnt|[from] Recoil\n|faint|p2a: Dodrio\n|\n|upkeep\n|\n|t:|1783560950\n|switch|p2a: Sandy Shocks|Sandy Shocks, L80|100/100\n|turn|31\n|inactive|Time left: 300 sec this turn | 300 sec total\n|\n|t:|1783560951\n|move|p1a: Dedenne|Super Fang|p2a: Sandy Shocks\n|-damage|p2a: Sandy Shocks|51/100\n|move|p2a: Sandy Shocks|Thunderbolt|p1a: Dedenne\n|-resisted|p1a: Dedenne\n|-damage|p1a: Dedenne|0 fnt\n|faint|p1a: Dedenne\n|\n|-heal|p2a: Sandy Shocks|57/100|[from] item: Leftovers\n|upkeep\n|inactive|Time left: 300 sec this turn | 300 sec total | 5 sec grace\n|\n|t:|1783560952\n|switch|p1a: Alomomola|Alomomola, L87, M|404/429\n|turn|32\n|inactive|Time left: 300 sec this turn | 300 sec total\n|\n|t:|1783560953\n|move|p1a: Alomomola|Protect|p1a: Alomomola\n|-singleturn|p1a: Alomomola|Protect\n|move|p2a: Sandy Shocks|Thunderbolt|p1a: Alomomola\n|-activate|p1a: Alomomola|move: Protect\n|\n|-heal|p2a: Sandy Shocks|63/100|[from] item: Leftovers\n|upkeep\n|turn|33\n|inactive|Time left: 300 sec this turn | 300 sec total\n|\n|t:|1783560954\n|move|p1a: Alomomola|Protect|p1a: Alomomola\n|-singleturn|p1a: Alomomola|Protect\n|move|p2a: Sandy Shocks|Thunderbolt|p1a: Alomomola\n|-activate|p1a: Alomomola|move: Protect\n|\n|-heal|p2a: Sandy Shocks|69/100|[from] item: Leftovers\n|upkeep\n|turn|34\n|inactive|Time left: 300 sec this turn | 300 sec total\n|\n|t:|1783560955\n|move|p1a: Alomomola|Protect||[still]\n|-fail|p1a: Alomomola\n|move|p2a: Sandy Shocks|Thunderbolt|p1a: Alomomola\n|-supereffective|p1a: Alomomola\n|-crit|p1a: Alomomola\n|-damage|p1a: Alomomola|0 fnt\n|faint|p1a: Alomomola\n|\n|win|p0y187095be", "uploadtime": 1783560955, "views": 0, "rating": 0, "private": 0, "password": null, "_winner": "p0y187095be", "_our_name": "p0x187063c0"}