{"id": "battle-gen9randombattle-2896", "formatid": "gen9randombattle", "format": "[Gen 9] Random Battle", "players": ["p0x28955751", "p0y2895ec08"], "log": "|init|battle\n|title|p0x28955751 vs. p0y2895ec08\n|j|\u2606p0x28955751\n|j|\u2606p0y2895ec08\n|t:|1783573342\n|gametype|singles\n|player|p1|p0x28955751|265|\n|player|p2|p0y2895ec08|169|\n|gen|9\n|tier|[Gen 9] Random Battle\n|rule|Species Clause: Limit one of each Pok\u00e9mon\n|rule|HP Percentage Mod: HP is shown in percentages\n|rule|Sleep Clause Mod: Limit one foe put to sleep\n|rule|Illusion Level Mod: Illusion disguises the Pok\u00e9mon's true level\n|\n|t:|1783573342\n|teamsize|p1|6\n|teamsize|p2|6\n|start\n|switch|p1a: Cramorant|Cramorant, L86, F|100/100\n|switch|p2a: Umbreon|Umbreon, L84, F|297/297\n|turn|1\n|inactive|Battle timer is ON: inactive players will automatically lose when time's up. (requested by p0y2895ec08)\n|inactive|p0x28955751 also wants the timer to be on.\n|\n|t:|1783573343\n|move|p1a: Cramorant|Surf|p2a: Umbreon\n|-formechange|p1a: Cramorant|Cramorant-Gulping|\n|-damage|p2a: Umbreon|233/297\n|move|p2a: Umbreon|Foul Play|p1a: Cramorant\n|-damage|p1a: Cramorant|56/100\n|-damage|p2a: Umbreon|159/297|[from] ability: Gulp Missile|[of] p1a: Cramorant\n|-unboost|p2a: Umbreon|def|1\n|-formechange|p1a: Cramorant|Cramorant|\n|\n|-heal|p2a: Umbreon|177/297|[from] item: Leftovers\n|upkeep\n|turn|2\n|inactive|Time left: 300 sec this turn | 300 sec total\n|\n|t:|1783573345\n|move|p1a: Cramorant|Surf|p2a: Umbreon\n|-formechange|p1a: Cramorant|Cramorant-Gulping|\n|-damage|p2a: Umbreon|104/297\n|move|p2a: Umbreon|Foul Play|p1a: Cramorant\n|-damage|p1a: Cramorant|4/100\n|-damage|p2a: Umbreon|30/297|[from] ability: Gulp Missile|[of] p1a: Cramorant\n|-unboost|p2a: Umbreon|def|1\n|-formechange|p1a: Cramorant|Cramorant|\n|\n|-heal|p2a: Umbreon|48/297|[from] item: Leftovers\n|upkeep\n|turn|3\n|inactive|Time left: 300 sec this turn | 300 sec total\n|\n|t:|1783573346\n|switch|p2a: Meloetta|Meloetta, L82|298/298\n|move|p1a: Cramorant|Surf|p2a: Meloetta\n|-formechange|p1a: Cramorant|Cramorant-Gorging|\n|-damage|p2a: Meloetta|222/298\n|\n|upkeep\n|turn|4\n|inactive|Time left: 300 sec this turn | 300 sec total\n|\n|t:|1783573347\n|move|p2a: Meloetta|Hyper Voice|p1a: Cramorant\n|-damage|p1a: Cramorant|0 fnt\n|-damage|p2a: Meloetta|148/298|[from] ability: Gulp Missile|[of] p1a: Cramorant\n|-status|p2a: Meloetta|par\n|-formechange|p1a: Cramorant|Cramorant|\n|faint|p1a: Cramorant\n|\n|upkeep\n|\n|t:|1783573347\n|switch|p1a: Medicham|Medicham, L86, M|100/100\n|turn|5\n|inactive|Time left: 300 sec this turn | 300 sec total\n|\n|t:|1783573349\n|move|p1a: Medicham|Close Combat|p2a: Meloetta\n|-damage|p2a: Meloetta|0 fnt\n|-unboost|p1a: Medicham|def|1\n|-unboost|p1a: Medicham|spd|1\n|faint|p2a: Meloetta\n|\n|upkeep\n|inactive|Time left: 300 sec this turn | 300 sec total | 5 sec grace\n|\n|t:|1783573349\n|switch|p2a: Gallade|Gallade, L80, M|240/240\n|turn|6\n|inactive|Time left: 300 sec this turn | 300 sec total\n|\n|t:|1783573350\n|-terastallize|p1a: Medicham|Fighting\n|move|p1a: Medicham|Close Combat|p2a: Gallade\n|-resisted|p2a: Gallade\n|-damage|p2a: Gallade|3/240\n|-unboost|p1a: Medicham|def|1\n|-unboost|p1a: Medicham|spd|1\n|move|p2a: Gallade|Psycho Cut|p1a: Medicham\n|-supereffective|p1a: Medicham\n|-damage|p1a: Medicham|0 fnt\n|faint|p1a: Medicham\n|-damage|p2a: Gallade|0 fnt|[from] item: Life Orb\n|faint|p2a: Gallade\n|\n|upkeep\n|inactive|Time left: 300 sec this turn | 300 sec total | 5 sec grace\n|\n|t:|1783573352\n|switch|p1a: Pikachu|Pikachu-Sinnoh, L93, M|100/100\n|switch|p2a: Hariyama|Hariyama, L87, M|392/392\n|turn|7\n|inactive|Time left: 300 sec this turn | 300 sec total\n|\n|t:|1783573353\n|move|p1a: Pikachu|Volt Switch|p2a: Hariyama\n|-damage|p2a: Hariyama|301/392\n|\n|t:|1783573354\n|switch|p1a: Avalugg|Avalugg, L88, F|100/100|[from] Volt Switch\n|move|p2a: Hariyama|Knock Off|p1a: Avalugg\n|-damage|p1a: Avalugg|85/100\n|-enditem|p1a: Avalugg|Heavy-Duty Boots|[from] move: Knock Off|[of] p2a: Hariyama\n|\n|upkeep\n|turn|8\n|inactive|Time left: 300 sec this turn | 300 sec total\n|\n|t:|1783573355\n|move|p2a: Hariyama|Close Combat|p1a: Avalugg\n|-supereffective|p1a: Avalugg\n|-damage|p1a: Avalugg|33/100\n|-unboost|p2a: Hariyama|def|1\n|-unboost|p2a: Hariyama|spd|1\n|move|p1a: Avalugg|Body Press|p2a: Hariyama\n|-damage|p2a: Hariyama|102/392\n|\n|upkeep\n|turn|9\n|inactive|Time left: 300 sec this turn | 300 sec total\n|\n|t:|1783573356\n|move|p2a: Hariyama|Close Combat|p1a: Avalugg\n|-supereffective|p1a: Avalugg\n|-damage|p1a: Avalugg|0 fnt\n|-unboost|p2a: Hariyama|def|1\n|-unboost|p2a: Hariyama|spd|1\n|faint|p1a: Avalugg\n|\n|upkeep\n|\n|t:|1783573356\n|switch|p1a: Landorus|Landorus, L75, M|100/100\n|turn|10\n|inactive|Time left: 300 sec this turn | 300 sec total\n|\n|t:|1783573357\n|switch|p2a: Cryogonal|Cryogonal, L89|287/287\n|move|p1a: Landorus|Nasty Plot|p1a: Landorus\n|-boost|p1a: Landorus|spa|2\n|\n|upkeep\n|turn|11\n|inactive|Time left: 300 sec this turn | 300 sec total\n|\n|t:|1783573359\n|switch|p1a: Weezing|Weezing, L88, M|100/100\n|move|p2a: Cryogonal|Ice Beam|p1a: Weezing\n|-damage|p1a: Weezing|52/100\n|\n|-heal|p1a: Weezing|58/100|[from] item: Leftovers\n|upkeep\n|turn|12\n|inactive|Time left: 300 sec this turn | 300 sec total\n|\n|t:|1783573359\n|move|p2a: Cryogonal|Ice Beam|p1a: Weezing\n|-damage|p1a: Weezing|11/100\n|move|p1a: Weezing|Pain Split|p2a: Cryogonal\n|-sethp|p2a: Cryogonal|157/287|[from] move: Pain Split|[silent]\n|-sethp|p1a: Weezing|61/100|[from] move: Pain Split\n|\n|-heal|p1a: Weezing|68/100|[from] item: Leftovers\n|upkeep\n|turn|13\n|inactive|Time left: 300 sec this turn | 300 sec total\n|\n|t:|1783573361\n|move|p2a: Cryogonal|Ice Beam|p1a: Weezing\n|-damage|p1a: Weezing|21/100\n|move|p1a: Weezing|Fire Blast|p2a: Cryogonal\n|-supereffective|p2a: Cryogonal\n|-damage|p2a: Cryogonal|55/287\n|\n|-heal|p1a: Weezing|27/100|[from] item: Leftovers\n|upkeep\n|turn|14\n|inactive|Time left: 300 sec this turn | 300 sec total\n|\n|t:|1783573362\n|move|p2a: Cryogonal|Ice Beam|p1a: Weezing\n|-damage|p1a: Weezing|0 fnt\n|faint|p1a: Weezing\n|\n|upkeep\n|\n|t:|1783573363\n|switch|p1a: Pikachu|Pikachu-Sinnoh, L93, M|100/100\n|turn|15\n|inactive|Time left: 300 sec this turn | 300 sec total\n|\n|t:|1783573364\n|move|p1a: Pikachu|Fake Out|p2a: Cryogonal\n|-damage|p2a: Cryogonal|0 fnt\n|faint|p2a: Cryogonal\n|\n|upkeep\n|inactive|Time left: 300 sec this turn | 300 sec total | 5 sec grace\n|\n|t:|1783573365\n|switch|p2a: Glimmora|Glimmora, L75, F|248/248\n|turn|16\n|inactive|Time left: 300 sec this turn | 300 sec total\n|\n|t:|1783573366\n|switch|p2a: Hariyama|Hariyama, L87, M|102/392\n|move|p1a: Pikachu|Surf|p2a: Hariyama\n|-damage|p2a: Hariyama|13/392\n|\n|upkeep\n|turn|17\n|inactive|Time left: 300 sec this turn | 300 sec total\n|\n|t:|1783573367\n|move|p1a: Pikachu|Volt Switch|p2a: Hariyama\n|-damage|p2a: Hariyama|0 fnt\n|faint|p2a: Hariyama\n|\n|t:|1783573368\n|switch|p1a: Landorus|Landorus, L75, M|100/100|[from] Volt Switch\n|\n|upkeep\n|inactive|Time left: 300 sec this turn | 300 sec total | 10 sec grace\n|\n|t:|1783573369\n|switch|p2a: Umbreon|Umbreon, L84, F|48/297\n|turn|18\n|inactive|Time left: 300 sec this turn | 300 sec total\n|\n|t:|1783573370\n|move|p2a: Umbreon|Protect|p2a: Umbreon\n|-singleturn|p2a: Umbreon|Protect\n|move|p1a: Landorus|Earth Power|p2a: Umbreon\n|-activate|p2a: Umbreon|move: Protect\n|\n|-heal|p2a: Umbreon|66/297|[from] item: Leftovers\n|upkeep\n|turn|19\n|inactive|Time left: 300 sec this turn | 300 sec total\n|\n|t:|1783573371\n|move|p2a: Umbreon|Protect||[still]\n|-fail|p2a: Umbreon\n|move|p1a: Landorus|Earth Power|p2a: Umbreon\n|-damage|p2a: Umbreon|0 fnt\n|faint|p2a: Umbreon\n|\n|upkeep\n|inactive|Time left: 300 sec this turn | 300 sec total | 5 sec grace\n|\n|t:|1783573372\n|switch|p2a: Glimmora|Glimmora, L75, F|248/248\n|turn|20\n|inactive|Time left: 300 sec this turn | 300 sec total\n|\n|t:|1783573373\n|-terastallize|p2a: Glimmora|Ground\n|move|p1a: Landorus|Earth Power|p2a: Glimmora\n|-damage|p2a: Glimmora|67/248\n|move|p2a: Glimmora|Earth Power|p1a: Landorus\n|-immune|p1a: Landorus\n|\n|upkeep\n|turn|21\n|inactive|Time left: 300 sec this turn | 300 sec total\n|\n|t:|1783573374\n|move|p1a: Landorus|Psychic|p2a: Glimmora\n|-damage|p2a: Glimmora|0 fnt\n|faint|p2a: Glimmora\n|\n|win|p0x28955751", "uploadtime": 1783573374, "views": 0, "rating": 0, "private": 0, "password": null, "_winner": "p0x28955751", "_our_name": "p0y2895ec08"}