{"id": "battle-gen9randombattle-116", "formatid": "gen9randombattle", "format": "[Gen 9] Random Battle", "players": ["p0x1163eca", "p0y116ff4a"], "log": "|init|battle\n|title|p0x1163eca vs. p0y116ff4a\n|j|\u2606p0x1163eca\n|j|\u2606p0y116ff4a\n|t:|1783534625\n|gametype|singles\n|player|p1|p0x1163eca|102|\n|player|p2|p0y116ff4a|265|\n|gen|9\n|tier|[Gen 9] Random Battle\n|rule|Species Clause: Limit one of each Pok\u00e9mon\n|rule|HP Percentage Mod: HP is shown in percentages\n|rule|Sleep Clause Mod: Limit one foe put to sleep\n|rule|Illusion Level Mod: Illusion disguises the Pok\u00e9mon's true level\n|\n|t:|1783534625\n|teamsize|p1|6\n|teamsize|p2|6\n|start\n|switch|p1a: Baxcalibur|Baxcalibur, L75, M|296/296\n|switch|p2a: Snorlax|Snorlax, L82, M|100/100\n|turn|1\n|inactive|Battle timer is ON: inactive players will automatically lose when time's up. (requested by p0y116ff4a)\n|inactive|Time left: 300 sec this turn | 300 sec total | 60 sec grace\n|inactive|p0x1163eca also wants the timer to be on.\n|\n|t:|1783534627\n|move|p1a: Baxcalibur|Dragon Dance|p1a: Baxcalibur\n|-boost|p1a: Baxcalibur|atk|1\n|-boost|p1a: Baxcalibur|spe|1\n|move|p2a: Snorlax|Body Slam|p1a: Baxcalibur\n|-damage|p1a: Baxcalibur|194/296\n|\n|upkeep\n|turn|2\n|inactive|Time left: 300 sec this turn | 300 sec total\n|\n|t:|1783534628\n|move|p1a: Baxcalibur|Glaive Rush|p2a: Snorlax\n|-damage|p2a: Snorlax|28/100\n|-singlemove|p1a: Baxcalibur|Glaive Rush|[silent]\n|move|p2a: Snorlax|Body Slam|p1a: Baxcalibur\n|-damage|p1a: Baxcalibur|0 fnt\n|faint|p1a: Baxcalibur\n|\n|-heal|p2a: Snorlax|34/100|[from] item: Leftovers\n|upkeep\n|inactive|Time left: 300 sec this turn | 300 sec total | 5 sec grace\n|\n|t:|1783534628\n|switch|p1a: Cloyster|Cloyster, L80, M|211/211\n|turn|3\n|inactive|Time left: 300 sec this turn | 300 sec total\n|\n|t:|1783534629\n|switch|p2a: Bellibolt|Bellibolt, L84, F|100/100\n|move|p1a: Cloyster|Shell Smash|p1a: Cloyster\n|-unboost|p1a: Cloyster|def|1\n|-unboost|p1a: Cloyster|spd|1\n|-boost|p1a: Cloyster|atk|2\n|-boost|p1a: Cloyster|spa|2\n|-boost|p1a: Cloyster|spe|2\n|-enditem|p1a: Cloyster|White Herb\n|-clearnegativeboost|p1a: Cloyster|[silent]\n|\n|upkeep\n|turn|4\n|inactive|Time left: 300 sec this turn | 300 sec total\n|\n|t:|1783534630\n|switch|p2a: Snorlax|Snorlax, L82, M|34/100\n|-terastallize|p1a: Cloyster|Ground\n|move|p1a: Cloyster|Drill Run|p2a: Snorlax\n|-damage|p2a: Snorlax|0 fnt\n|faint|p2a: Snorlax\n|\n|upkeep\n|\n|t:|1783534631\n|switch|p2a: Basculin|Basculin, L86, M|100/100\n|turn|5\n|inactive|Time left: 300 sec this turn | 300 sec total\n|\n|t:|1783534632\n|move|p1a: Cloyster|Drill Run|p2a: Basculin\n|-damage|p2a: Basculin|27/100\n|move|p2a: Basculin|Wave Crash|p1a: Cloyster\n|-supereffective|p1a: Cloyster\n|-damage|p1a: Cloyster|0 fnt\n|faint|p1a: Cloyster\n|-damage|p2a: Basculin|0 fnt|[from] Recoil\n|faint|p2a: Basculin\n|\n|upkeep\n|inactive|Time left: 300 sec this turn | 300 sec total | 5 sec grace\n|\n|t:|1783534633\n|switch|p2a: Gumshoos|Gumshoos, L95, M|100/100\n|switch|p1a: Porygon-Z|Porygon-Z, L83|277/277\n|turn|6\n|inactive|Time left: 300 sec this turn | 300 sec total\n|\n|t:|1783534634\n|move|p1a: Porygon-Z|Tera Blast|p2a: Gumshoos\n|-damage|p2a: Gumshoos|26/100\n|-damage|p1a: Porygon-Z|250/277|[from] item: Life Orb\n|move|p2a: Gumshoos|Double-Edge|p1a: Porygon-Z\n|-damage|p1a: Porygon-Z|0 fnt\n|faint|p1a: Porygon-Z\n|-damage|p2a: Gumshoos|0 fnt|[from] Recoil\n|faint|p2a: Gumshoos\n|\n|upkeep\n|inactive|Time left: 300 sec this turn | 300 sec total | 5 sec grace\n|\n|t:|1783534635\n|switch|p1a: Magmortar|Magmortar, L88, M|275/275\n|switch|p2a: Wo-Chien|Wo-Chien, L83|100/100\n|-ability|p2a: Wo-Chien|Tablets of Ruin\n|turn|7\n|inactive|Time left: 300 sec this turn | 300 sec total\n|\n|t:|1783534636\n|move|p1a: Magmortar|Fire Blast|p2a: Wo-Chien|[miss]\n|-miss|p1a: Magmortar|p2a: Wo-Chien\n|move|p2a: Wo-Chien|Knock Off|p1a: Magmortar\n|-damage|p1a: Magmortar|176/275\n|-enditem|p1a: Magmortar|Heavy-Duty Boots|[from] move: Knock Off|[of] p2a: Wo-Chien\n|\n|upkeep\n|turn|8\n|inactive|Time left: 300 sec this turn | 300 sec total\n|\n|t:|1783534637\n|move|p1a: Magmortar|Fire Blast|p2a: Wo-Chien|[miss]\n|-miss|p1a: Magmortar|p2a: Wo-Chien\n|move|p2a: Wo-Chien|Leech Seed|p1a: Magmortar\n|-start|p1a: Magmortar|move: Leech Seed\n|\n|-damage|p1a: Magmortar|142/275|[from] Leech Seed|[of] p2a: Wo-Chien\n|upkeep\n|turn|9\n|inactive|Time left: 300 sec this turn | 300 sec total\n|\n|t:|1783534638\n|move|p1a: Magmortar|Fire Blast|p2a: Wo-Chien\n|-supereffective|p2a: Wo-Chien\n|-damage|p2a: Wo-Chien|20/100\n|move|p2a: Wo-Chien|Ruination|p1a: Magmortar\n|-damage|p1a: Magmortar|71/275\n|\n|-heal|p2a: Wo-Chien|26/100|[from] item: Leftovers\n|-damage|p1a: Magmortar|37/275|[from] Leech Seed|[of] p2a: Wo-Chien\n|-heal|p2a: Wo-Chien|38/100|[silent]\n|upkeep\n|turn|10\n|inactive|Time left: 300 sec this turn | 300 sec total\n|\n|t:|1783534640\n|move|p2a: Wo-Chien|Protect|p2a: Wo-Chien\n|-singleturn|p2a: Wo-Chien|Protect\n|move|p1a: Magmortar|Fire Blast|p2a: Wo-Chien\n|-activate|p2a: Wo-Chien|move: Protect\n|\n|-heal|p2a: Wo-Chien|44/100|[from] item: Leftovers\n|-damage|p1a: Magmortar|3/275|[from] Leech Seed|[of] p2a: Wo-Chien\n|-heal|p2a: Wo-Chien|56/100|[silent]\n|upkeep\n|turn|11\n|inactive|Time left: 300 sec this turn | 300 sec total\n|\n|t:|1783534641\n|switch|p2a: Bellibolt|Bellibolt, L84, F|100/100\n|move|p1a: Magmortar|Fire Blast|p2a: Bellibolt\n|-damage|p2a: Bellibolt|52/100\n|-status|p2a: Bellibolt|brn\n|-start|p2a: Bellibolt|Charge|Fire Blast|[from] ability: Electromorphosis\n|\n|-heal|p2a: Bellibolt|59/100 brn|[from] item: Leftovers\n|-damage|p1a: Magmortar|0 fnt|[from] Leech Seed|[of] p2a: Bellibolt\n|-heal|p2a: Bellibolt|60/100 brn|[silent]\n|faint|p1a: Magmortar\n|-damage|p2a: Bellibolt|53/100 brn|[from] brn\n|upkeep\n|inactive|Time left: 300 sec this turn | 300 sec total | 5 sec grace\n|\n|t:|1783534641\n|switch|p1a: Scizor|Scizor, L79, F|240/240\n|turn|12\n|inactive|Time left: 300 sec this turn | 300 sec total\n|\n|t:|1783534643\n|move|p1a: Scizor|Swords Dance|p1a: Scizor\n|-boost|p1a: Scizor|atk|2\n|move|p2a: Bellibolt|Slack Off|p2a: Bellibolt\n|-heal|p2a: Bellibolt|100/100 brn\n|\n|-damage|p2a: Bellibolt|94/100 brn|[from] brn\n|upkeep\n|turn|13\n|inactive|Time left: 300 sec this turn | 300 sec total\n|\n|t:|1783534644\n|move|p1a: Scizor|Swords Dance|p1a: Scizor\n|-boost|p1a: Scizor|atk|2\n|move|p2a: Bellibolt|Thunderbolt|p1a: Scizor\n|-damage|p1a: Scizor|0 fnt\n|faint|p1a: Scizor\n|-end|p2a: Bellibolt|Charge|[silent]\n|\n|-heal|p2a: Bellibolt|100/100 brn|[from] item: Leftovers\n|-damage|p2a: Bellibolt|94/100 brn|[from] brn\n|upkeep\n|inactive|Time left: 300 sec this turn | 300 sec total | 5 sec grace\n|\n|t:|1783534645\n|switch|p1a: Toxapex|Toxapex, L82, F|216/216\n|turn|14\n|inactive|Time left: 300 sec this turn | 300 sec total\n|\n|t:|1783534646\n|-terastallize|p2a: Bellibolt|Electric\n|move|p2a: Bellibolt|Thunderbolt|p1a: Toxapex\n|-supereffective|p1a: Toxapex\n|-damage|p1a: Toxapex|36/216\n|move|p1a: Toxapex|Recover|p1a: Toxapex\n|-heal|p1a: Toxapex|144/216\n|\n|-heal|p2a: Bellibolt|100/100 brn|[from] item: Leftovers\n|-damage|p2a: Bellibolt|94/100 brn|[from] brn\n|upkeep\n|turn|15\n|inactive|Time left: 300 sec this turn | 300 sec total\n|\n|t:|1783534647\n|move|p2a: Bellibolt|Thunderbolt|p1a: Toxapex\n|-supereffective|p1a: Toxapex\n|-damage|p1a: Toxapex|0 fnt\n|faint|p1a: Toxapex\n|\n|win|p0y116ff4a", "uploadtime": 1783534647, "views": 0, "rating": 0, "private": 0, "password": null, "_winner": "p0y116ff4a", "_our_name": "p0x1163eca"}