{"id": "battle-gen9randombattle-1785", "formatid": "gen9randombattle", "format": "[Gen 9] Random Battle", "players": ["p0x178579c1", "p0y1785eb76"], "log": "|init|battle\n|title|p0x178579c1 vs. p0y1785eb76\n|j|\u2606p0x178579c1\n|j|\u2606p0y1785eb76\n|t:|1783559923\n|gametype|singles\n|player|p1|p0x178579c1|265|\n|player|p2|p0y1785eb76|266|\n|gen|9\n|tier|[Gen 9] Random Battle\n|rule|Species Clause: Limit one of each Pok\u00e9mon\n|rule|HP Percentage Mod: HP is shown in percentages\n|rule|Sleep Clause Mod: Limit one foe put to sleep\n|rule|Illusion Level Mod: Illusion disguises the Pok\u00e9mon's true level\n|\n|t:|1783559923\n|teamsize|p1|6\n|teamsize|p2|6\n|start\n|switch|p1a: Rotom|Rotom-Frost, L87|100/100\n|switch|p2a: Furret|Furret, L94, M|312/312\n|-item|p1a: Rotom|Heavy-Duty Boots|[from] ability: Frisk|[of] p2a: Furret\n|turn|1\n|inactive|Battle timer is ON: inactive players will automatically lose when time's up. (requested by p0y1785eb76)\n|\n|t:|1783559925\n|move|p2a: Furret|Double-Edge|p1a: Rotom\n|-damage|p1a: Rotom|26/100\n|-damage|p2a: Furret|256/312|[from] Recoil\n|move|p1a: Rotom|Will-O-Wisp|p2a: Furret\n|-status|p2a: Furret|brn\n|\n|-damage|p2a: Furret|237/312 brn|[from] brn\n|upkeep\n|turn|2\n|inactive|Time left: 300 sec this turn | 300 sec total\n|inactive|p0x178579c1 also wants the timer to be on.\n|\n|t:|1783559926\n|switch|p1a: Orthworm|Orthworm, L88, M|100/100\n|move|p2a: Furret|Double-Edge|p1a: Orthworm\n|-resisted|p1a: Orthworm\n|-damage|p1a: Orthworm|88/100\n|-damage|p2a: Furret|226/312 brn|[from] Recoil\n|\n|-heal|p1a: Orthworm|94/100|[from] item: Leftovers\n|-damage|p2a: Furret|207/312 brn|[from] brn\n|upkeep\n|turn|3\n|inactive|Time left: 300 sec this turn | 300 sec total\n|\n|t:|1783559927\n|switch|p2a: Heracross|Heracross, L80, F|259/259\n|move|p1a: Orthworm|Heavy Slam|p2a: Heracross\n|-damage|p2a: Heracross|97/259\n|\n|-heal|p1a: Orthworm|100/100|[from] item: Leftovers\n|-status|p2a: Heracross|brn|[from] item: Flame Orb\n|upkeep\n|turn|4\n|inactive|Time left: 300 sec this turn | 300 sec total\n|\n|t:|1783559929\n|move|p2a: Heracross|Close Combat|p1a: Orthworm\n|-supereffective|p1a: Orthworm\n|-damage|p1a: Orthworm|0 fnt\n|-unboost|p2a: Heracross|def|1\n|-unboost|p2a: Heracross|spd|1\n|faint|p1a: Orthworm\n|\n|-damage|p2a: Heracross|81/259 brn|[from] brn\n|upkeep\n|\n|t:|1783559930\n|switch|p1a: Walking Wake|Walking Wake, L79|100/100\n|turn|5\n|inactive|Time left: 300 sec this turn | 300 sec total\n|\n|t:|1783559931\n|switch|p2a: Furret|Furret, L94, M|207/312 brn\n|-item|p1a: Walking Wake|Choice Specs|[from] ability: Frisk|[of] p2a: Furret\n|move|p1a: Walking Wake|Flamethrower|p2a: Furret\n|-crit|p2a: Furret\n|-damage|p2a: Furret|18/312 brn\n|\n|-damage|p2a: Furret|0 fnt|[from] brn\n|faint|p2a: Furret\n|upkeep\n|inactive|Time left: 300 sec this turn | 300 sec total | 5 sec grace\n|\n|t:|1783559932\n|switch|p2a: Quaquaval|Quaquaval, L79, F|264/264\n|turn|6\n|inactive|Time left: 300 sec this turn | 300 sec total\n|\n|t:|1783559934\n|move|p1a: Walking Wake|Flamethrower|p2a: Quaquaval\n|-resisted|p2a: Quaquaval\n|-damage|p2a: Quaquaval|204/264\n|-status|p2a: Quaquaval|brn\n|move|p2a: Quaquaval|Swords Dance|p2a: Quaquaval\n|-boost|p2a: Quaquaval|atk|2\n|\n|-damage|p2a: Quaquaval|188/264 brn|[from] brn\n|upkeep\n|turn|7\n|inactive|Time left: 300 sec this turn | 300 sec total\n|\n|t:|1783559935\n|move|p1a: Walking Wake|Flamethrower|p2a: Quaquaval\n|-resisted|p2a: Quaquaval\n|-damage|p2a: Quaquaval|123/264 brn\n|move|p2a: Quaquaval|Knock Off|p1a: Walking Wake\n|-damage|p1a: Walking Wake|65/100\n|-enditem|p1a: Walking Wake|Choice Specs|[from] move: Knock Off|[of] p2a: Quaquaval\n|-damage|p2a: Quaquaval|97/264 brn|[from] item: Life Orb\n|\n|-damage|p2a: Quaquaval|81/264 brn|[from] brn\n|upkeep\n|turn|8\n|inactive|Time left: 300 sec this turn | 300 sec total\n|\n|t:|1783559936\n|move|p1a: Walking Wake|Flamethrower|p2a: Quaquaval\n|-resisted|p2a: Quaquaval\n|-damage|p2a: Quaquaval|40/264 brn\n|move|p2a: Quaquaval|Close Combat|p1a: Walking Wake\n|-damage|p1a: Walking Wake|4/100\n|-unboost|p2a: Quaquaval|def|1\n|-unboost|p2a: Quaquaval|spd|1\n|-damage|p2a: Quaquaval|14/264 brn|[from] item: Life Orb\n|\n|-damage|p2a: Quaquaval|0 fnt|[from] brn\n|faint|p2a: Quaquaval\n|upkeep\n|inactive|Time left: 300 sec this turn | 300 sec total | 5 sec grace\n|\n|t:|1783559937\n|switch|p2a: Dewgong|Dewgong, L94, M|322/322\n|turn|9\n|inactive|Time left: 300 sec this turn | 300 sec total\n|\n|t:|1783559938\n|move|p1a: Walking Wake|Draco Meteor|p2a: Dewgong\n|-damage|p2a: Dewgong|189/322\n|-unboost|p1a: Walking Wake|spa|2\n|move|p2a: Dewgong|Surf|p1a: Walking Wake\n|-resisted|p1a: Walking Wake\n|-damage|p1a: Walking Wake|0 fnt\n|faint|p1a: Walking Wake\n|-end|p1a: Walking Wake|Protosynthesis|[silent]\n|\n|upkeep\n|\n|t:|1783559940\n|switch|p1a: Veluza|Veluza, L85, F|100/100\n|turn|10\n|inactive|Time left: 300 sec this turn | 300 sec total\n|\n|t:|1783559941\n|-terastallize|p1a: Veluza|Dark\n|move|p2a: Dewgong|Knock Off|p1a: Veluza\n|-resisted|p1a: Veluza\n|-damage|p1a: Veluza|89/100\n|-enditem|p1a: Veluza|Sitrus Berry|[from] move: Knock Off|[of] p2a: Dewgong\n|move|p1a: Veluza|Fillet Away|p1a: Veluza\n|-boost|p1a: Veluza|atk|2\n|-boost|p1a: Veluza|spa|2\n|-boost|p1a: Veluza|spe|2\n|-damage|p1a: Veluza|39/100\n|\n|upkeep\n|turn|11\n|inactive|Time left: 300 sec this turn | 300 sec total\n|\n|t:|1783559942\n|move|p1a: Veluza|Psycho Cut|p2a: Dewgong\n|-damage|p2a: Dewgong|0 fnt\n|faint|p2a: Dewgong\n|\n|upkeep\n|inactive|Time left: 300 sec this turn | 300 sec total | 5 sec grace\n|\n|t:|1783559943\n|switch|p2a: Latios|Latios, L78, M|253/253\n|turn|12\n|inactive|Time left: 300 sec this turn | 300 sec total\n|\n|t:|1783559944\n|move|p1a: Veluza|Night Slash|p2a: Latios\n|-supereffective|p2a: Latios\n|-crit|p2a: Latios\n|-damage|p2a: Latios|0 fnt\n|faint|p2a: Latios\n|\n|upkeep\n|inactive|Time left: 300 sec this turn | 300 sec total | 5 sec grace\n|\n|t:|1783559945\n|switch|p2a: Rotom|Rotom-Heat, L83|219/219\n|turn|13\n|inactive|Time left: 300 sec this turn | 300 sec total\n|\n|t:|1783559946\n|-terastallize|p2a: Rotom|Steel\n|move|p1a: Veluza|Aqua Cutter|p2a: Rotom\n|-damage|p2a: Rotom|23/219\n|move|p2a: Rotom|Thunderbolt|p1a: Veluza\n|-damage|p1a: Veluza|0 fnt\n|faint|p1a: Veluza\n|\n|upkeep\n|\n|t:|1783559947\n|switch|p1a: Rotom|Rotom-Frost, L87|26/100\n|turn|14\n|inactive|Time left: 300 sec this turn | 300 sec total\n|\n|t:|1783559948\n|switch|p2a: Heracross|Heracross, L80, F|81/259 brn\n|move|p1a: Rotom|Thunderbolt|p2a: Heracross\n|-damage|p2a: Heracross|0 fnt\n|faint|p2a: Heracross\n|\n|upkeep\n|inactive|Time left: 300 sec this turn | 300 sec total | 5 sec grace\n|\n|t:|1783559949\n|switch|p2a: Rotom|Rotom-Heat, L83, tera:Steel|23/219\n|turn|15\n|inactive|Time left: 300 sec this turn | 300 sec total\n|\n|t:|1783559950\n|move|p1a: Rotom|Volt Switch|p2a: Rotom\n|-crit|p2a: Rotom\n|-damage|p2a: Rotom|0 fnt\n|faint|p2a: Rotom\n|\n|win|p0x178579c1", "uploadtime": 1783559950, "views": 0, "rating": 0, "private": 0, "password": null, "_winner": "p0x178579c1", "_our_name": "p0y1785eb76"}