{"id": "battle-gen9randombattle-1372", "formatid": "gen9randombattle", "format": "[Gen 9] Random Battle", "players": ["p0x1372b7f4", "p0y13726904"], "log": "|init|battle\n|title|p0x1372b7f4 vs. p0y13726904\n|j|\u2606p0x1372b7f4\n|j|\u2606p0y13726904\n|t:|1783555929\n|gametype|singles\n|player|p1|p0x1372b7f4|170|\n|player|p2|p0y13726904|169|\n|gen|9\n|tier|[Gen 9] Random Battle\n|rule|Species Clause: Limit one of each Pok\u00e9mon\n|rule|HP Percentage Mod: HP is shown in percentages\n|rule|Sleep Clause Mod: Limit one foe put to sleep\n|rule|Illusion Level Mod: Illusion disguises the Pok\u00e9mon's true level\n|\n|t:|1783555929\n|teamsize|p1|6\n|teamsize|p2|6\n|start\n|switch|p1a: Diancie|Diancie, L82|100/100\n|switch|p2a: Masquerain|Masquerain, L87, F|264/264\n|-ability|p2a: Masquerain|Intimidate|boost\n|-fail|p1a: Diancie|unboost|[from] ability: Clear Body|[of] p1a: Diancie\n|turn|1\n|inactive|Battle timer is ON: inactive players will automatically lose when time's up. (requested by p0y13726904)\n|inactive|p0x1372b7f4 also wants the timer to be on.\n|\n|t:|1783555931\n|switch|p2a: Pelipper|Pelipper, L86, F|243/243\n|-weather|RainDance|[from] ability: Drizzle|[of] p2a: Pelipper\n|move|p1a: Diancie|Diamond Storm|p2a: Pelipper\n|-supereffective|p2a: Pelipper\n|-damage|p2a: Pelipper|45/243\n|\n|-weather|RainDance|[upkeep]\n|upkeep\n|turn|2\n|inactive|Time left: 300 sec this turn | 300 sec total\n|\n|t:|1783555932\n|move|p2a: Pelipper|Weather Ball|p1a: Diancie\n|-supereffective|p1a: Diancie\n|-damage|p1a: Diancie|0 fnt\n|faint|p1a: Diancie\n|\n|-weather|RainDance|[upkeep]\n|upkeep\n|\n|t:|1783555933\n|switch|p1a: Koraidon|Koraidon, L64|100/100\n|-weather|SunnyDay|[from] ability: Orichalcum Pulse|[of] p1a: Koraidon\n|-activate|p1a: Koraidon|Orichalcum Pulse|[source]\n|turn|3\n|inactive|Time left: 300 sec this turn | 300 sec total\n|\n|t:|1783555934\n|switch|p2a: Masquerain|Masquerain, L87, F|264/264\n|-ability|p2a: Masquerain|Intimidate|boost\n|-unboost|p1a: Koraidon|atk|1\n|move|p1a: Koraidon|Swords Dance|p1a: Koraidon\n|-boost|p1a: Koraidon|atk|2\n|\n|-weather|SunnyDay|[upkeep]\n|upkeep\n|turn|4\n|inactive|Time left: 300 sec this turn | 300 sec total\n|\n|t:|1783555936\n|switch|p2a: Pelipper|Pelipper, L86, F|45/243\n|-weather|RainDance|[from] ability: Drizzle|[of] p2a: Pelipper\n|move|p1a: Koraidon|Flare Blitz|p2a: Pelipper\n|-resisted|p2a: Pelipper\n|-damage|p2a: Pelipper|22/243\n|-status|p2a: Pelipper|brn\n|-damage|p1a: Koraidon|97/100|[from] Recoil\n|\n|-weather|RainDance|[upkeep]\n|-damage|p2a: Pelipper|7/243 brn|[from] brn\n|upkeep\n|turn|5\n|inactive|Time left: 300 sec this turn | 300 sec total\n|\n|t:|1783555937\n|move|p1a: Koraidon|Scale Shot|p2a: Pelipper\n|-damage|p2a: Pelipper|0 fnt\n|faint|p2a: Pelipper\n|-hitcount|p2: Pelipper|1\n|-unboost|p1a: Koraidon|def|1\n|-boost|p1a: Koraidon|spe|1\n|\n|-weather|RainDance|[upkeep]\n|upkeep\n|inactive|Time left: 300 sec this turn | 300 sec total | 5 sec grace\n|\n|t:|1783555938\n|switch|p2a: Masquerain|Masquerain, L87, F|264/264\n|-ability|p2a: Masquerain|Intimidate|boost\n|-unboost|p1a: Koraidon|atk|1\n|turn|6\n|inactive|Time left: 300 sec this turn | 300 sec total\n|\n|t:|1783555939\n|switch|p1a: Jirachi|Jirachi, L80|100/100\n|move|p2a: Masquerain|Hurricane|p1a: Jirachi\n|-resisted|p1a: Jirachi\n|-damage|p1a: Jirachi|81/100\n|\n|-weather|RainDance|[upkeep]\n|-heal|p1a: Jirachi|87/100|[from] item: Leftovers\n|upkeep\n|turn|7\n|inactive|Time left: 300 sec this turn | 300 sec total\n|\n|t:|1783555940\n|move|p1a: Jirachi|Iron Head|p2a: Masquerain\n|-damage|p2a: Masquerain|173/264\n|cant|p2a: Masquerain|flinch\n|\n|-weather|RainDance|[upkeep]\n|-heal|p1a: Jirachi|93/100|[from] item: Leftovers\n|upkeep\n|turn|8\n|inactive|Time left: 300 sec this turn | 300 sec total\n|\n|t:|1783555941\n|move|p1a: Jirachi|Iron Head|p2a: Masquerain\n|-damage|p2a: Masquerain|65/264\n|cant|p2a: Masquerain|flinch\n|\n|-weather|none\n|-heal|p1a: Jirachi|99/100|[from] item: Leftovers\n|upkeep\n|turn|9\n|inactive|Time left: 300 sec this turn | 300 sec total\n|\n|t:|1783555943\n|switch|p2a: Heracross|Heracross, L80, M|259/259\n|move|p1a: Jirachi|Psychic|p2a: Heracross\n|-supereffective|p2a: Heracross\n|-damage|p2a: Heracross|65/259\n|\n|-heal|p1a: Jirachi|100/100|[from] item: Leftovers\n|-status|p2a: Heracross|brn|[from] item: Flame Orb\n|upkeep\n|turn|10\n|inactive|Time left: 300 sec this turn | 300 sec total\n|\n|t:|1783555944\n|switch|p2a: Clawitzer|Clawitzer, L87, M|265/265\n|move|p1a: Jirachi|Iron Head|p2a: Clawitzer\n|-resisted|p2a: Clawitzer\n|-damage|p2a: Clawitzer|227/265\n|\n|upkeep\n|turn|11\n|inactive|Time left: 300 sec this turn | 300 sec total\n|\n|t:|1783555945\n|move|p1a: Jirachi|Iron Head|p2a: Clawitzer\n|-resisted|p2a: Clawitzer\n|-damage|p2a: Clawitzer|188/265\n|cant|p2a: Clawitzer|flinch\n|\n|upkeep\n|turn|12\n|inactive|Time left: 300 sec this turn | 300 sec total\n|\n|t:|1783555946\n|move|p1a: Jirachi|Iron Head|p2a: Clawitzer\n|-resisted|p2a: Clawitzer\n|-damage|p2a: Clawitzer|152/265\n|cant|p2a: Clawitzer|flinch\n|\n|upkeep\n|turn|13\n|inactive|Time left: 300 sec this turn | 300 sec total\n|\n|t:|1783555947\n|move|p1a: Jirachi|Iron Head|p2a: Clawitzer\n|-resisted|p2a: Clawitzer\n|-damage|p2a: Clawitzer|113/265\n|cant|p2a: Clawitzer|flinch\n|\n|upkeep\n|turn|14\n|inactive|Time left: 300 sec this turn | 300 sec total\n|\n|t:|1783555948\n|move|p1a: Jirachi|Psychic|p2a: Clawitzer\n|-damage|p2a: Clawitzer|34/265\n|move|p2a: Clawitzer|Dark Pulse|p1a: Jirachi\n|-supereffective|p1a: Jirachi\n|-damage|p1a: Jirachi|0 fnt\n|faint|p1a: Jirachi\n|\n|upkeep\n|\n|t:|1783555949\n|switch|p1a: Koraidon|Koraidon, L64|97/100\n|-weather|SunnyDay|[from] ability: Orichalcum Pulse|[of] p1a: Koraidon\n|-activate|p1a: Koraidon|Orichalcum Pulse|[source]\n|turn|15\n|inactive|Time left: 300 sec this turn | 300 sec total\n|\n|t:|1783555950\n|move|p1a: Koraidon|Flare Blitz|p2a: Clawitzer\n|-resisted|p2a: Clawitzer\n|-damage|p2a: Clawitzer|0 fnt\n|faint|p2a: Clawitzer\n|-damage|p1a: Koraidon|92/100|[from] Recoil\n|\n|-weather|SunnyDay|[upkeep]\n|upkeep\n|inactive|Time left: 300 sec this turn | 300 sec total | 5 sec grace\n|\n|t:|1783555951\n|switch|p2a: Furret|Furret, L94, F|312/312\n|-item|p1a: Koraidon|Loaded Dice|[from] ability: Frisk|[of] p2a: Furret\n|turn|16\n|inactive|Time left: 300 sec this turn | 300 sec total\n|\n|t:|1783555952\n|-terastallize|p2a: Furret|Normal\n|move|p2a: Furret|Double-Edge|p1a: Koraidon\n|-damage|p1a: Koraidon|0 fnt\n|faint|p1a: Koraidon\n|-damage|p2a: Furret|241/312|[from] Recoil\n|\n|-weather|SunnyDay|[upkeep]\n|upkeep\n|\n|t:|1783555953\n|switch|p1a: Rabsca|Rabsca, L91, M|100/100\n|turn|17\n|inactive|Time left: 300 sec this turn | 300 sec total\n|\n|t:|1783555954\n|move|p2a: Furret|Double-Edge|p1a: Rabsca\n|-damage|p1a: Rabsca|8/100\n|-damage|p2a: Furret|155/312|[from] Recoil\n|move|p1a: Rabsca|Bug Buzz|p2a: Furret\n|-damage|p2a: Furret|0 fnt\n|faint|p2a: Furret\n|\n|-weather|SunnyDay|[upkeep]\n|upkeep\n|inactive|Time left: 300 sec this turn | 300 sec total | 5 sec grace\n|\n|t:|1783555954\n|switch|p2a: Magearna|Magearna, L77|250/250\n|turn|18\n|inactive|Time left: 300 sec this turn | 300 sec total\n|\n|t:|1783555955\n|switch|p1a: Vaporeon|Vaporeon, L86, F|100/100\n|move|p2a: Magearna|Shift Gear|p2a: Magearna\n|-boost|p2a: Magearna|spe|2\n|-boost|p2a: Magearna|atk|1\n|\n|-weather|SunnyDay|[upkeep]\n|upkeep\n|turn|19\n|inactive|Time left: 300 sec this turn | 300 sec total\n|\n|t:|1783555956\n|move|p2a: Magearna|Shift Gear|p2a: Magearna\n|-boost|p2a: Magearna|spe|2\n|-boost|p2a: Magearna|atk|1\n|move|p1a: Vaporeon|Ice Beam|p2a: Magearna\n|-resisted|p2a: Magearna\n|-damage|p2a: Magearna|219/250\n|\n|-weather|none\n|upkeep\n|turn|20\n|inactive|Time left: 300 sec this turn | 300 sec total\n|\n|t:|1783555958\n|move|p2a: Magearna|Iron Head|p1a: Vaporeon\n|-resisted|p1a: Vaporeon\n|-damage|p1a: Vaporeon|77/100\n|move|p1a: Vaporeon|Scald|p2a: Magearna\n|-damage|p2a: Magearna|138/250\n|-status|p2a: Magearna|brn\n|\n|-heal|p1a: Vaporeon|83/100|[from] item: Leftovers\n|-damage|p2a: Magearna|123/250 brn|[from] brn\n|upkeep\n|turn|21\n|inactive|Time left: 300 sec this turn | 300 sec total\n|\n|t:|1783555959\n|move|p2a: Magearna|Iron Head|p1a: Vaporeon\n|-resisted|p1a: Vaporeon\n|-damage|p1a: Vaporeon|71/100\n|move|p1a: Vaporeon|Scald|p2a: Magearna\n|-damage|p2a: Magearna|42/250 brn\n|\n|-heal|p1a: Vaporeon|77/100|[from] item: Leftovers\n|-damage|p2a: Magearna|27/250 brn|[from] brn\n|upkeep\n|turn|22\n|inactive|Time left: 300 sec this turn | 300 sec total\n|\n|t:|1783555961\n|move|p2a: Magearna|Iron Head|p1a: Vaporeon\n|-resisted|p1a: Vaporeon\n|-damage|p1a: Vaporeon|64/100\n|move|p1a: Vaporeon|Wish|p1a: Vaporeon\n|\n|-heal|p1a: Vaporeon|70/100|[from] item: Leftovers\n|-damage|p2a: Magearna|12/250 brn|[from] brn\n|upkeep\n|turn|23\n|inactive|Time left: 300 sec this turn | 300 sec total\n|\n|t:|1783555962\n|move|p2a: Magearna|Fleur Cannon|p1a: Vaporeon\n|-damage|p1a: Vaporeon|34/100\n|-unboost|p2a: Magearna|spa|2\n|move|p1a: Vaporeon|Scald|p2a: Magearna\n|-damage|p2a: Magearna|0 fnt\n|faint|p2a: Magearna\n|\n|-heal|p1a: Vaporeon|84/100|[from] move: Wish|[wisher] Vaporeon\n|-heal|p1a: Vaporeon|90/100|[from] item: Leftovers\n|upkeep\n|inactive|Time left: 300 sec this turn | 300 sec total | 5 sec grace\n|\n|t:|1783555963\n|switch|p2a: Masquerain|Masquerain, L87, F|65/264\n|-ability|p2a: Masquerain|Intimidate|boost\n|-unboost|p1a: Vaporeon|atk|1\n|turn|24\n|inactive|Time left: 300 sec this turn | 300 sec total\n|\n|t:|1783555964\n|move|p2a: Masquerain|Hurricane|p1a: Vaporeon\n|-damage|p1a: Vaporeon|56/100\n|move|p1a: Vaporeon|Ice Beam|p2a: Masquerain\n|-supereffective|p2a: Masquerain\n|-damage|p2a: Masquerain|0 fnt\n|faint|p2a: Masquerain\n|\n|-heal|p1a: Vaporeon|62/100|[from] item: Leftovers\n|upkeep\n|inactive|Time left: 300 sec this turn | 300 sec total | 5 sec grace\n|\n|t:|1783555965\n|switch|p2a: Heracross|Heracross, L80, M|65/259 brn\n|turn|25\n|inactive|Time left: 300 sec this turn | 300 sec total\n|\n|t:|1783555966\n|-terastallize|p1a: Vaporeon|Ground\n|move|p2a: Heracross|Facade|p1a: Vaporeon\n|-damage|p1a: Vaporeon|7/100\n|move|p1a: Vaporeon|Ice Beam|p2a: Heracross\n|-damage|p2a: Heracross|0 fnt\n|faint|p2a: Heracross\n|\n|win|p0x1372b7f4", "uploadtime": 1783555966, "views": 0, "rating": 0, "private": 0, "password": null, "_winner": "p0x1372b7f4", "_our_name": "p0y13726904"}