{"id": "battle-gen9randombattle-645", "formatid": "gen9randombattle", "format": "[Gen 9] Random Battle", "players": ["p0x645ca4a", "p0y6451fcd"], "log": "|init|battle\n|title|p0x645ca4a vs. p0y6451fcd\n|j|\u2606p0x645ca4a\n|j|\u2606p0y6451fcd\n|t:|1783547301\n|gametype|singles\n|player|p1|p0x645ca4a|102|\n|player|p2|p0y6451fcd|2|\n|gen|9\n|tier|[Gen 9] Random Battle\n|rule|Species Clause: Limit one of each Pok\u00e9mon\n|rule|HP Percentage Mod: HP is shown in percentages\n|rule|Sleep Clause Mod: Limit one foe put to sleep\n|rule|Illusion Level Mod: Illusion disguises the Pok\u00e9mon's true level\n|\n|t:|1783547301\n|teamsize|p1|6\n|teamsize|p2|6\n|start\n|switch|p1a: Flutter Mane|Flutter Mane, L74|100/100\n|switch|p2a: Slowbro|Slowbro-Galar, L87, M|307/307\n|turn|1\n|inactive|Battle timer is ON: inactive players will automatically lose when time's up. (requested by p0y6451fcd)\n|inactive|p0x645ca4a also wants the timer to be on.\n|\n|t:|1783547303\n|move|p1a: Flutter Mane|Shadow Ball|p2a: Slowbro\n|-supereffective|p2a: Slowbro\n|-damage|p2a: Slowbro|31/307\n|-damage|p1a: Flutter Mane|91/100|[from] item: Life Orb\n|move|p2a: Slowbro|Psychic|p1a: Flutter Mane\n|-damage|p1a: Flutter Mane|50/100\n|\n|-heal|p2a: Slowbro|50/307|[from] item: Leftovers\n|upkeep\n|turn|2\n|inactive|Time left: 300 sec this turn | 300 sec total\n|\n|t:|1783547304\n|switch|p2a: Zacian|Zacian, L69|241/241\n|-ability|p2a: Zacian|Intrepid Sword|boost\n|-boost|p2a: Zacian|atk|1\n|move|p1a: Flutter Mane|Moonblast|p2a: Zacian\n|-damage|p2a: Zacian|115/241\n|-unboost|p2a: Zacian|spa|1\n|-damage|p1a: Flutter Mane|40/100|[from] item: Life Orb\n|\n|upkeep\n|turn|3\n|inactive|Time left: 300 sec this turn | 300 sec total\n|\n|t:|1783547306\n|switch|p2a: Slowbro|Slowbro-Galar, L87, M|152/307\n|move|p1a: Flutter Mane|Moonblast|p2a: Slowbro\n|-resisted|p2a: Slowbro\n|-damage|p2a: Slowbro|75/307\n|-damage|p1a: Flutter Mane|31/100|[from] item: Life Orb\n|\n|-heal|p2a: Slowbro|94/307|[from] item: Leftovers\n|upkeep\n|turn|4\n|inactive|Time left: 300 sec this turn | 300 sec total\n|\n|t:|1783547307\n|move|p1a: Flutter Mane|Shadow Ball|p2a: Slowbro\n|-supereffective|p2a: Slowbro\n|-damage|p2a: Slowbro|0 fnt\n|faint|p2a: Slowbro\n|-damage|p1a: Flutter Mane|21/100|[from] item: Life Orb\n|\n|upkeep\n|inactive|Time left: 300 sec this turn | 300 sec total | 5 sec grace\n|\n|t:|1783547308\n|switch|p2a: Barraskewda|Barraskewda, L81, M|231/231\n|turn|5\n|inactive|Time left: 300 sec this turn | 300 sec total\n|\n|t:|1783547309\n|-end|p1a: Flutter Mane|Protosynthesis|[silent]\n|switch|p1a: Scrafty|Scrafty, L83, F|100/100\n|-ability|p1a: Scrafty|Intimidate|boost\n|-unboost|p2a: Barraskewda|atk|1\n|move|p2a: Barraskewda|Flip Turn|p1a: Scrafty\n|-damage|p1a: Scrafty|77/100\n|inactive|Time left: 300 sec this turn | 300 sec total | 5 sec grace\n|\n|t:|1783547310\n|switch|p2a: Flamigo|Flamigo, L82, F|269/269|[from] Flip Turn\n|\n|-heal|p1a: Scrafty|83/100|[from] item: Leftovers\n|upkeep\n|turn|6\n|inactive|Time left: 300 sec this turn | 300 sec total\n|\n|t:|1783547311\n|switch|p1a: Reuniclus|Reuniclus, L88, M|100/100\n|move|p2a: Flamigo|Brave Bird|p1a: Reuniclus\n|-damage|p1a: Reuniclus|43/100\n|-damage|p2a: Flamigo|205/269|[from] Recoil\n|-damage|p2a: Flamigo|179/269|[from] item: Life Orb\n|\n|upkeep\n|turn|7\n|inactive|Time left: 300 sec this turn | 300 sec total\n|\n|t:|1783547312\n|move|p2a: Flamigo|Brave Bird|p1a: Reuniclus\n|-damage|p1a: Reuniclus|0 fnt\n|faint|p1a: Reuniclus\n|-damage|p2a: Flamigo|132/269|[from] Recoil\n|-damage|p2a: Flamigo|106/269|[from] item: Life Orb\n|\n|upkeep\n|\n|t:|1783547314\n|switch|p1a: Ninetales|Ninetales-Alola, L78, M|100/100\n|-weather|Snowscape|[from] ability: Snow Warning|[of] p1a: Ninetales\n|turn|8\n|inactive|Time left: 300 sec this turn | 300 sec total\n|\n|t:|1783547315\n|move|p1a: Ninetales|Aurora Veil|p1a: Ninetales\n|-sidestart|p1: p0x645ca4a|move: Aurora Veil\n|move|p2a: Flamigo|Swords Dance|p2a: Flamigo\n|-boost|p2a: Flamigo|atk|2\n|\n|-weather|Snowscape|[upkeep]\n|upkeep\n|turn|9\n|inactive|Time left: 300 sec this turn | 300 sec total\n|\n|t:|1783547316\n|-terastallize|p2a: Flamigo|Steel\n|move|p1a: Ninetales|Moonblast|p2a: Flamigo\n|-resisted|p2a: Flamigo\n|-damage|p2a: Flamigo|55/269\n|move|p2a: Flamigo|Close Combat|p1a: Ninetales\n|-crit|p1a: Ninetales\n|-damage|p1a: Ninetales|0 fnt\n|-unboost|p2a: Flamigo|def|1\n|-unboost|p2a: Flamigo|spd|1\n|faint|p1a: Ninetales\n|-damage|p2a: Flamigo|29/269|[from] item: Life Orb\n|\n|-weather|Snowscape|[upkeep]\n|upkeep\n|\n|t:|1783547317\n|switch|p1a: Rampardos|Rampardos, L90, M|100/100\n|turn|10\n|inactive|Time left: 300 sec this turn | 300 sec total\n|\n|t:|1783547318\n|move|p1a: Rampardos|Earthquake|p2a: Flamigo\n|-supereffective|p2a: Flamigo\n|-damage|p2a: Flamigo|0 fnt\n|faint|p2a: Flamigo\n|\n|-weather|Snowscape|[upkeep]\n|upkeep\n|inactive|Time left: 300 sec this turn | 300 sec total | 5 sec grace\n|\n|t:|1783547319\n|switch|p2a: Meowscarada|Meowscarada, L78, M|247/247\n|turn|11\n|inactive|Time left: 300 sec this turn | 300 sec total\n|\n|t:|1783547320\n|switch|p1a: Scrafty|Scrafty, L83, F|83/100\n|-ability|p1a: Scrafty|Intimidate|boost\n|-unboost|p2a: Meowscarada|atk|1\n|move|p2a: Meowscarada|Flower Trick|p1a: Scrafty\n|-start|p2a: Meowscarada|typechange|Grass|[from] ability: Protean\n|-crit|p1a: Scrafty\n|-damage|p1a: Scrafty|24/100\n|\n|-weather|Snowscape|[upkeep]\n|-heal|p1a: Scrafty|30/100|[from] item: Leftovers\n|upkeep\n|turn|12\n|inactive|Time left: 300 sec this turn | 300 sec total\n|\n|t:|1783547321\n|move|p2a: Meowscarada|Flower Trick|p1a: Scrafty\n|-crit|p1a: Scrafty\n|-damage|p1a: Scrafty|0 fnt\n|faint|p1a: Scrafty\n|\n|-weather|none\n|upkeep\n|\n|t:|1783547322\n|switch|p1a: Flutter Mane|Flutter Mane, L74|21/100\n|turn|13\n|inactive|Time left: 300 sec this turn | 300 sec total\n|\n|t:|1783547323\n|move|p1a: Flutter Mane|Moonblast|p2a: Meowscarada\n|-damage|p2a: Meowscarada|94/247\n|-damage|p1a: Flutter Mane|11/100|[from] item: Life Orb\n|move|p2a: Meowscarada|Flower Trick|p1a: Flutter Mane\n|-crit|p1a: Flutter Mane\n|-damage|p1a: Flutter Mane|0 fnt\n|faint|p1a: Flutter Mane\n|-end|p1a: Flutter Mane|Protosynthesis|[silent]\n|\n|upkeep\n|\n|t:|1783547324\n|switch|p1a: Milotic|Milotic, L83, F|100/100\n|turn|14\n|inactive|Time left: 300 sec this turn | 300 sec total\n|\n|t:|1783547325\n|move|p2a: Meowscarada|Flower Trick|p1a: Milotic\n|-supereffective|p1a: Milotic\n|-crit|p1a: Milotic\n|-damage|p1a: Milotic|0 fnt\n|faint|p1a: Milotic\n|\n|upkeep\n|\n|t:|1783547326\n|switch|p1a: Rampardos|Rampardos, L90, M|100/100\n|turn|15\n|inactive|Time left: 300 sec this turn | 300 sec total\n|\n|t:|1783547327\n|move|p2a: Meowscarada|Flower Trick|p1a: Rampardos\n|-supereffective|p1a: Rampardos\n|-crit|p1a: Rampardos\n|-damage|p1a: Rampardos|0 fnt\n|faint|p1a: Rampardos\n|\n|win|p0y6451fcd", "uploadtime": 1783547327, "views": 0, "rating": 0, "private": 0, "password": null, "_winner": "p0y6451fcd", "_our_name": "p0y6451fcd"}