{"id": "battle-gen9randombattle-1103", "formatid": "gen9randombattle", "format": "[Gen 9] Random Battle", "players": ["p0x1103d0c7", "p0y11031845"], "log": "|init|battle\n|title|p0x1103d0c7 vs. p0y11031845\n|j|\u2606p0x1103d0c7\n|j|\u2606p0y11031845\n|t:|1783551963\n|gametype|singles\n|player|p1|p0x1103d0c7|266|\n|player|p2|p0y11031845|265|\n|gen|9\n|tier|[Gen 9] Random Battle\n|rule|Species Clause: Limit one of each Pok\u00e9mon\n|rule|HP Percentage Mod: HP is shown in percentages\n|rule|Sleep Clause Mod: Limit one foe put to sleep\n|rule|Illusion Level Mod: Illusion disguises the Pok\u00e9mon's true level\n|\n|t:|1783551963\n|teamsize|p1|6\n|teamsize|p2|6\n|start\n|switch|p1a: Cinderace|Cinderace, L77, F|250/250\n|switch|p2a: Delphox|Delphox, L84, M|100/100\n|turn|1\n|inactive|Battle timer is ON: inactive players will automatically lose when time's up. (requested by p0x1103d0c7)\n|inactive|p0y11031845 also wants the timer to be on.\n|\n|t:|1783551964\n|move|p2a: Delphox|Psyshock|p1a: Cinderace\n|-damage|p1a: Cinderace|123/250\n|move|p1a: Cinderace|U-turn|p2a: Delphox\n|-start|p1a: Cinderace|typechange|Bug|[from] ability: Libero\n|-damage|p2a: Delphox|69/100\n|inactive|Time left: 300 sec this turn | 300 sec total | 65 sec grace\n|\n|t:|1783551966\n|switch|p1a: Muk|Muk, L86, M|321/321|[from] U-turn\n|\n|upkeep\n|turn|2\n|inactive|Time left: 300 sec this turn | 300 sec total\n|\n|t:|1783551967\n|move|p2a: Delphox|Psyshock|p1a: Muk\n|-supereffective|p1a: Muk\n|-damage|p1a: Muk|109/321\n|move|p1a: Muk|Knock Off|p2a: Delphox\n|-supereffective|p2a: Delphox\n|-damage|p2a: Delphox|0 fnt\n|-enditem|p2a: Delphox|Choice Scarf|[from] move: Knock Off|[of] p1a: Muk\n|faint|p2a: Delphox\n|\n|upkeep\n|\n|t:|1783551968\n|switch|p2a: Barraskewda|Barraskewda, L81, F|100/100\n|turn|3\n|inactive|Time left: 300 sec this turn | 300 sec total\n|\n|t:|1783551969\n|switch|p1a: Venusaur|Venusaur, L84, M|272/272\n|move|p2a: Barraskewda|Waterfall|p1a: Venusaur\n|-resisted|p1a: Venusaur\n|-damage|p1a: Venusaur|200/272\n|\n|-heal|p1a: Venusaur|217/272|[from] item: Leftovers\n|upkeep\n|turn|4\n|inactive|Time left: 300 sec this turn | 300 sec total\n|\n|t:|1783551970\n|move|p2a: Barraskewda|Waterfall|p1a: Venusaur\n|-resisted|p1a: Venusaur\n|-damage|p1a: Venusaur|141/272\n|move|p1a: Venusaur|Sludge Bomb|p2a: Barraskewda\n|-damage|p2a: Barraskewda|38/100\n|\n|-heal|p1a: Venusaur|158/272|[from] item: Leftovers\n|upkeep\n|turn|5\n|inactive|Time left: 300 sec this turn | 300 sec total\n|\n|t:|1783551972\n|move|p2a: Barraskewda|Waterfall|p1a: Venusaur\n|-resisted|p1a: Venusaur\n|-damage|p1a: Venusaur|89/272\n|move|p1a: Venusaur|Sludge Bomb|p2a: Barraskewda\n|-damage|p2a: Barraskewda|0 fnt\n|faint|p2a: Barraskewda\n|\n|-heal|p1a: Venusaur|106/272|[from] item: Leftovers\n|upkeep\n|\n|t:|1783551973\n|switch|p2a: Stantler|Stantler, L92, M|100/100\n|-ability|p2a: Stantler|Intimidate|boost\n|-unboost|p1a: Venusaur|atk|1\n|turn|6\n|inactive|Time left: 300 sec this turn | 300 sec total\n|\n|t:|1783551974\n|move|p2a: Stantler|Body Slam|p1a: Venusaur\n|-damage|p1a: Venusaur|4/272\n|move|p1a: Venusaur|Synthesis|p1a: Venusaur\n|-heal|p1a: Venusaur|140/272\n|\n|-heal|p1a: Venusaur|157/272|[from] item: Leftovers\n|upkeep\n|turn|7\n|inactive|Time left: 300 sec this turn | 300 sec total\n|\n|t:|1783551975\n|move|p2a: Stantler|Body Slam|p1a: Venusaur\n|-damage|p1a: Venusaur|37/272\n|-status|p1a: Venusaur|par\n|cant|p1a: Venusaur|par\n|\n|-heal|p1a: Venusaur|54/272 par|[from] item: Leftovers\n|upkeep\n|turn|8\n|inactive|Time left: 300 sec this turn | 300 sec total\n|\n|t:|1783551977\n|move|p2a: Stantler|Body Slam|p1a: Venusaur\n|-damage|p1a: Venusaur|0 fnt\n|faint|p1a: Venusaur\n|\n|upkeep\n|inactive|Time left: 300 sec this turn | 300 sec total | 5 sec grace\n|\n|t:|1783551978\n|switch|p1a: Sceptile|Sceptile, L87, M|264/264\n|turn|9\n|inactive|Time left: 300 sec this turn | 300 sec total\n|\n|t:|1783551979\n|move|p1a: Sceptile|Focus Blast|p2a: Stantler|[miss]\n|-miss|p1a: Sceptile|p2a: Stantler\n|move|p2a: Stantler|Body Slam|p1a: Sceptile\n|-damage|p1a: Sceptile|128/264\n|\n|upkeep\n|turn|10\n|inactive|Time left: 300 sec this turn | 300 sec total\n|\n|t:|1783551980\n|move|p1a: Sceptile|Giga Drain|p2a: Stantler\n|-damage|p2a: Stantler|70/100\n|-heal|p1a: Sceptile|172/264|[from] drain|[of] p2a: Stantler\n|-damage|p1a: Sceptile|146/264|[from] item: Life Orb\n|move|p2a: Stantler|Body Slam|p1a: Sceptile\n|-damage|p1a: Sceptile|22/264\n|\n|upkeep\n|turn|11\n|inactive|Time left: 300 sec this turn | 300 sec total\n|\n|t:|1783551981\n|move|p1a: Sceptile|Giga Drain|p2a: Stantler\n|-damage|p2a: Stantler|20/100\n|-heal|p1a: Sceptile|93/264|[from] drain|[of] p2a: Stantler\n|-damage|p1a: Sceptile|67/264|[from] item: Life Orb\n|move|p2a: Stantler|Throat Chop|p1a: Sceptile\n|-damage|p1a: Sceptile|0 fnt\n|faint|p1a: Sceptile\n|\n|upkeep\n|inactive|Time left: 300 sec this turn | 300 sec total | 5 sec grace\n|\n|t:|1783551982\n|switch|p1a: Cinderace|Cinderace, L77, F|123/250\n|turn|12\n|inactive|Time left: 300 sec this turn | 300 sec total\n|\n|t:|1783551983\n|switch|p2a: Emboar|Emboar, L84, M|100/100\n|move|p1a: Cinderace|U-turn|p2a: Emboar\n|-start|p1a: Cinderace|typechange|Bug|[from] ability: Libero\n|-resisted|p2a: Emboar\n|-damage|p2a: Emboar|93/100\n|inactive|Time left: 300 sec this turn | 300 sec total | 5 sec grace\n|\n|t:|1783551985\n|switch|p1a: Rotom|Rotom-Heat, L83|219/219|[from] U-turn\n|\n|-heal|p2a: Emboar|99/100|[from] item: Leftovers\n|upkeep\n|turn|13\n|inactive|Time left: 300 sec this turn | 300 sec total\n|\n|t:|1783551986\n|move|p1a: Rotom|Discharge|p2a: Emboar\n|-crit|p2a: Emboar\n|-damage|p2a: Emboar|47/100\n|move|p2a: Emboar|Bulk Up|p2a: Emboar\n|-boost|p2a: Emboar|atk|1\n|-boost|p2a: Emboar|def|1\n|\n|-heal|p2a: Emboar|53/100|[from] item: Leftovers\n|upkeep\n|turn|14\n|inactive|Time left: 300 sec this turn | 300 sec total\n|\n|t:|1783551987\n|move|p1a: Rotom|Discharge|p2a: Emboar\n|-damage|p2a: Emboar|17/100\n|move|p2a: Emboar|Drain Punch|p1a: Rotom\n|-damage|p1a: Rotom|89/219\n|-heal|p2a: Emboar|37/100|[from] drain|[of] p1a: Rotom\n|\n|-heal|p2a: Emboar|44/100|[from] item: Leftovers\n|upkeep\n|turn|15\n|inactive|Time left: 300 sec this turn | 300 sec total\n|\n|t:|1783551988\n|move|p1a: Rotom|Discharge|p2a: Emboar\n|-damage|p2a: Emboar|8/100\n|-status|p2a: Emboar|par\n|move|p2a: Emboar|Drain Punch|p1a: Rotom\n|-damage|p1a: Rotom|0 fnt\n|-heal|p2a: Emboar|22/100 par|[from] drain|[of] p1a: Rotom\n|faint|p1a: Rotom\n|\n|-heal|p2a: Emboar|28/100 par|[from] item: Leftovers\n|upkeep\n|inactive|Time left: 300 sec this turn | 300 sec total | 5 sec grace\n|\n|t:|1783551989\n|switch|p1a: Muk|Muk, L86, M|109/321\n|turn|16\n|inactive|Time left: 300 sec this turn | 300 sec total\n|\n|t:|1783551990\n|move|p1a: Muk|Gunk Shot|p2a: Emboar\n|-crit|p2a: Emboar\n|-damage|p2a: Emboar|0 fnt\n|faint|p2a: Emboar\n|\n|upkeep\n|\n|t:|1783551991\n|switch|p2a: Zamazenta|Zamazenta-Crowned, L68|100/100\n|-ability|p2a: Zamazenta|Dauntless Shield|boost\n|-boost|p2a: Zamazenta|def|1\n|turn|17\n|inactive|Time left: 300 sec this turn | 300 sec total\n|\n|t:|1783551992\n|move|p2a: Zamazenta|Heavy Slam|p1a: Muk\n|-damage|p1a: Muk|0 fnt\n|faint|p1a: Muk\n|\n|upkeep\n|inactive|Time left: 300 sec this turn | 300 sec total | 5 sec grace\n|\n|t:|1783551992\n|switch|p1a: Cinderace|Cinderace, L77, F|123/250\n|turn|18\n|inactive|Time left: 300 sec this turn | 300 sec total\n|\n|t:|1783551993\n|move|p1a: Cinderace|Will-O-Wisp|p2a: Zamazenta\n|-status|p2a: Zamazenta|brn\n|move|p2a: Zamazenta|Body Press|p1a: Cinderace\n|-damage|p1a: Cinderace|48/250\n|\n|-damage|p2a: Zamazenta|95/100 brn|[from] brn\n|upkeep\n|turn|19\n|inactive|Time left: 300 sec this turn | 300 sec total\n|\n|t:|1783551994\n|move|p1a: Cinderace|U-turn|p2a: Zamazenta\n|-start|p1a: Cinderace|typechange|Bug|[from] ability: Libero\n|-resisted|p2a: Zamazenta\n|-damage|p2a: Zamazenta|90/100 brn\n|inactive|Time left: 300 sec this turn | 300 sec total | 5 sec grace\n|\n|t:|1783551995\n|switch|p1a: Snorlax|Snorlax, L82, M|397/397|[from] U-turn\n|move|p2a: Zamazenta|Body Press|p1a: Snorlax\n|-supereffective|p1a: Snorlax\n|-damage|p1a: Snorlax|252/397\n|\n|-heal|p1a: Snorlax|276/397|[from] item: Leftovers\n|-damage|p2a: Zamazenta|85/100 brn|[from] brn\n|upkeep\n|turn|20\n|inactive|Time left: 300 sec this turn | 300 sec total\n|\n|t:|1783551996\n|move|p2a: Zamazenta|Body Press|p1a: Snorlax\n|-supereffective|p1a: Snorlax\n|-damage|p1a: Snorlax|135/397\n|move|p1a: Snorlax|Curse|p1a: Snorlax\n|-unboost|p1a: Snorlax|spe|1\n|-boost|p1a: Snorlax|atk|1\n|-boost|p1a: Snorlax|def|1\n|\n|-heal|p1a: Snorlax|159/397|[from] item: Leftovers\n|-damage|p2a: Zamazenta|79/100 brn|[from] brn\n|upkeep\n|turn|21\n|inactive|Time left: 300 sec this turn | 300 sec total\n|\n|t:|1783551996\n|move|p2a: Zamazenta|Body Press|p1a: Snorlax\n|-supereffective|p1a: Snorlax\n|-damage|p1a: Snorlax|65/397\n|move|p1a: Snorlax|Rest|p1a: Snorlax\n|-status|p1a: Snorlax|slp|[from] move: Rest\n|-heal|p1a: Snorlax|397/397 slp|[silent]\n|\n|-damage|p2a: Zamazenta|73/100 brn|[from] brn\n|upkeep\n|turn|22\n|inactive|Time left: 300 sec this turn | 300 sec total\n|\n|t:|1783551997\n|switch|p2a: Meowstic|Meowstic, L89, M|100/100\n|cant|p1a: Snorlax|slp\n|\n|upkeep\n|turn|23\n|inactive|Time left: 300 sec this turn | 300 sec total\n|\n|t:|1783551998\n|move|p2a: Meowstic|Light Screen|p2a: Meowstic\n|-sidestart|p2: p0y11031845|move: Light Screen\n|cant|p1a: Snorlax|slp\n|move|p1a: Snorlax|Sleep Talk|p1a: Snorlax\n|move|p1a: Snorlax|Body Slam|p2a: Meowstic|[from] move: Sleep Talk\n|-damage|p2a: Meowstic|51/100\n|\n|upkeep\n|turn|24\n|inactive|Time left: 300 sec this turn | 300 sec total\n|\n|t:|1783551999\n|move|p2a: Meowstic|Reflect|p2a: Meowstic\n|-sidestart|p2: p0y11031845|Reflect\n|-curestatus|p1a: Snorlax|slp|[msg]\n|move|p1a: Snorlax|Body Slam|p2a: Meowstic\n|-damage|p2a: Meowstic|23/100\n|-status|p2a: Meowstic|par\n|\n|upkeep\n|turn|25\n|inactive|Time left: 300 sec this turn | 300 sec total\n|\n|t:|1783552000\n|switch|p2a: Stantler|Stantler, L92, M|20/100\n|-ability|p2a: Stantler|Intimidate|boost\n|-unboost|p1a: Snorlax|atk|1\n|move|p1a: Snorlax|Curse|p1a: Snorlax\n|-unboost|p1a: Snorlax|spe|1\n|-boost|p1a: Snorlax|atk|1\n|-boost|p1a: Snorlax|def|1\n|\n|upkeep\n|turn|26\n|inactive|Time left: 300 sec this turn | 300 sec total\n|\n|t:|1783552001\n|switch|p2a: Zamazenta|Zamazenta-Crowned, L68|73/100 brn\n|move|p1a: Snorlax|Curse|p1a: Snorlax\n|-unboost|p1a: Snorlax|spe|1\n|-boost|p1a: Snorlax|atk|1\n|-boost|p1a: Snorlax|def|1\n|\n|-damage|p2a: Zamazenta|67/100 brn|[from] brn\n|upkeep\n|turn|27\n|inactive|Time left: 300 sec this turn | 300 sec total\n|\n|t:|1783552002\n|move|p2a: Zamazenta|Iron Defense|p2a: Zamazenta\n|-boost|p2a: Zamazenta|def|2\n|move|p1a: Snorlax|Body Slam|p2a: Zamazenta\n|-resisted|p2a: Zamazenta\n|-damage|p2a: Zamazenta|58/100 brn\n|\n|-damage|p2a: Zamazenta|52/100 brn|[from] brn\n|upkeep\n|turn|28\n|inactive|Time left: 300 sec this turn | 300 sec total\n|\n|t:|1783552003\n|move|p2a: Zamazenta|Heavy Slam|p1a: Snorlax\n|-damage|p1a: Snorlax|388/397\n|move|p1a: Snorlax|Curse|p1a: Snorlax\n|-unboost|p1a: Snorlax|spe|1\n|-boost|p1a: Snorlax|atk|1\n|-boost|p1a: Snorlax|def|1\n|\n|-heal|p1a: Snorlax|397/397|[from] item: Leftovers\n|-damage|p2a: Zamazenta|46/100 brn|[from] brn\n|upkeep\n|turn|29\n|inactive|Time left: 300 sec this turn | 300 sec total\n|\n|t:|1783552004\n|move|p2a: Zamazenta|Iron Defense|p2a: Zamazenta\n|-boost|p2a: Zamazenta|def|2\n|move|p1a: Snorlax|Body Slam|p2a: Zamazenta\n|-resisted|p2a: Zamazenta\n|-damage|p2a: Zamazenta|40/100 brn\n|\n|-damage|p2a: Zamazenta|34/100 brn|[from] brn\n|upkeep\n|turn|30\n|inactive|Time left: 300 sec this turn | 300 sec total\n|\n|t:|1783552005\n|move|p2a: Zamazenta|Body Press|p1a: Snorlax\n|-supereffective|p1a: Snorlax\n|-damage|p1a: Snorlax|294/397\n|move|p1a: Snorlax|Curse|p1a: Snorlax\n|-unboost|p1a: Snorlax|spe|1\n|-boost|p1a: Snorlax|atk|1\n|-boost|p1a: Snorlax|def|1\n|\n|-heal|p1a: Snorlax|318/397|[from] item: Leftovers\n|-damage|p2a: Zamazenta|28/100 brn|[from] brn\n|-sideend|p2: p0y11031845|move: Light Screen\n|upkeep\n|turn|31\n|inactive|Time left: 300 sec this turn | 300 sec total\n|\n|t:|1783552006\n|move|p2a: Zamazenta|Body Press|p1a: Snorlax\n|-supereffective|p1a: Snorlax\n|-crit|p1a: Snorlax\n|-damage|p1a: Snorlax|0 fnt\n|faint|p1a: Snorlax\n|\n|-damage|p2a: Zamazenta|22/100 brn|[from] brn\n|-sideend|p2: p0y11031845|Reflect\n|upkeep\n|inactive|Time left: 300 sec this turn | 300 sec total | 5 sec grace\n|\n|t:|1783552007\n|switch|p1a: Cinderace|Cinderace, L77, F|48/250\n|turn|32\n|inactive|Time left: 300 sec this turn | 300 sec total\n|\n|t:|1783552008\n|-terastallize|p2a: Zamazenta|Fighting\n|move|p1a: Cinderace|Pyro Ball|p2a: Zamazenta|[miss]\n|-miss|p1a: Cinderace|p2a: Zamazenta\n|move|p2a: Zamazenta|Body Press|p1a: Cinderace\n|-damage|p1a: Cinderace|0 fnt\n|faint|p1a: Cinderace\n|\n|win|p0y11031845", "uploadtime": 1783552008, "views": 0, "rating": 0, "private": 0, "password": null, "_winner": "p0y11031845", "_our_name": "p0x1103d0c7"}