{"id": "battle-gen9randombattle-76", "formatid": "gen9randombattle", "format": "[Gen 9] Random Battle", "players": ["p0x0761aba", "p0y0761171"], "log": "|init|battle\n|title|p0x0761aba vs. p0y0761171\n|j|\u2606p0x0761aba\n|j|\u2606p0y0761171\n|t:|1783534129\n|gametype|singles\n|player|p1|p0x0761aba|101|\n|player|p2|p0y0761171|1|\n|gen|9\n|tier|[Gen 9] Random Battle\n|rule|Species Clause: Limit one of each Pok\u00e9mon\n|rule|HP Percentage Mod: HP is shown in percentages\n|rule|Sleep Clause Mod: Limit one foe put to sleep\n|rule|Illusion Level Mod: Illusion disguises the Pok\u00e9mon's true level\n|\n|t:|1783534129\n|teamsize|p1|6\n|teamsize|p2|6\n|start\n|switch|p1a: Jumpluff|Jumpluff, L87, F|271/271\n|switch|p2a: Orthworm|Orthworm, L88, M|100/100\n|turn|1\n|inactive|Battle timer is ON: inactive players will automatically lose when time's up. (requested by p0x0761aba)\n|inactive|p0y0761171 also wants the timer to be on.\n|\n|t:|1783534130\n|move|p1a: Jumpluff|Leech Seed|p2a: Orthworm\n|-start|p2a: Orthworm|move: Leech Seed\n|move|p2a: Orthworm|Coil|p2a: Orthworm\n|-boost|p2a: Orthworm|atk|1\n|-boost|p2a: Orthworm|def|1\n|-boost|p2a: Orthworm|accuracy|1\n|\n|-damage|p2a: Orthworm|88/100|[from] Leech Seed|[of] p1a: Jumpluff\n|upkeep\n|turn|2\n|inactive|Time left: 300 sec this turn | 300 sec total\n|\n|t:|1783534131\n|switch|p1a: Palossand|Palossand, L89, F|296/296\n|move|p2a: Orthworm|Coil|p2a: Orthworm\n|-boost|p2a: Orthworm|atk|1\n|-boost|p2a: Orthworm|def|1\n|-boost|p2a: Orthworm|accuracy|1\n|\n|-damage|p2a: Orthworm|76/100|[from] Leech Seed|[of] p1a: Palossand\n|upkeep\n|turn|3\n|inactive|Time left: 300 sec this turn | 300 sec total\n|\n|t:|1783534132\n|move|p2a: Orthworm|Coil|p2a: Orthworm\n|-boost|p2a: Orthworm|atk|1\n|-boost|p2a: Orthworm|def|1\n|-boost|p2a: Orthworm|accuracy|1\n|move|p1a: Palossand|Stealth Rock|p2a: Orthworm\n|-sidestart|p2: p0y0761171|move: Stealth Rock\n|\n|-damage|p2a: Orthworm|63/100|[from] Leech Seed|[of] p1a: Palossand\n|upkeep\n|turn|4\n|inactive|Time left: 300 sec this turn | 300 sec total\n|\n|t:|1783534133\n|move|p2a: Orthworm|Iron Tail|p1a: Palossand\n|-damage|p1a: Palossand|77/296\n|move|p1a: Palossand|Shadow Ball|p2a: Orthworm\n|-damage|p2a: Orthworm|18/100\n|\n|-heal|p1a: Palossand|95/296|[from] item: Leftovers\n|-damage|p2a: Orthworm|5/100|[from] Leech Seed|[of] p1a: Palossand\n|-heal|p1a: Palossand|128/296|[silent]\n|upkeep\n|turn|5\n|inactive|Time left: 300 sec this turn | 300 sec total\n|\n|t:|1783534134\n|move|p2a: Orthworm|Rest|p2a: Orthworm\n|-status|p2a: Orthworm|slp|[from] move: Rest\n|-heal|p2a: Orthworm|100/100 slp|[silent]\n|-enditem|p2a: Orthworm|Chesto Berry|[eat]\n|-curestatus|p2a: Orthworm|slp|[msg]\n|move|p1a: Palossand|Shore Up|p1a: Palossand\n|-heal|p1a: Palossand|276/296\n|\n|-heal|p1a: Palossand|294/296|[from] item: Leftovers\n|-damage|p2a: Orthworm|88/100|[from] Leech Seed|[of] p1a: Palossand\n|-heal|p1a: Palossand|296/296|[silent]\n|upkeep\n|turn|6\n|inactive|Time left: 300 sec this turn | 300 sec total\n|\n|t:|1783534135\n|move|p2a: Orthworm|Iron Tail|p1a: Palossand\n|-damage|p1a: Palossand|89/296\n|move|p1a: Palossand|Shadow Ball|p2a: Orthworm\n|-damage|p2a: Orthworm|37/100\n|\n|-heal|p1a: Palossand|107/296|[from] item: Leftovers\n|-damage|p2a: Orthworm|25/100|[from] Leech Seed|[of] p1a: Palossand\n|-heal|p1a: Palossand|140/296|[silent]\n|upkeep\n|turn|7\n|inactive|Time left: 300 sec this turn | 300 sec total\n|\n|t:|1783534136\n|switch|p1a: Electrode|Electrode, L92|260/260\n|move|p2a: Orthworm|Iron Tail|p1a: Electrode\n|-resisted|p1a: Electrode\n|-damage|p1a: Electrode|110/260\n|\n|-damage|p2a: Orthworm|13/100|[from] Leech Seed|[of] p1a: Electrode\n|-heal|p1a: Electrode|143/260|[silent]\n|upkeep\n|turn|8\n|inactive|Time left: 300 sec this turn | 300 sec total\n|\n|t:|1783534137\n|switch|p2a: Jolteon|Jolteon, L84, M|100/100\n|-damage|p2a: Jolteon|88/100|[from] Stealth Rock\n|move|p1a: Electrode|Volt Switch|p2a: Jolteon\n|-heal|p2a: Jolteon|100/100|[from] ability: Volt Absorb|[of] p1a: Electrode\n|\n|upkeep\n|turn|9\n|inactive|Time left: 300 sec this turn | 300 sec total\n|\n|t:|1783534138\n|switch|p1a: Diancie|Diancie, L82|216/216\n|move|p2a: Jolteon|Calm Mind|p2a: Jolteon\n|-boost|p2a: Jolteon|spa|1\n|-boost|p2a: Jolteon|spd|1\n|\n|upkeep\n|turn|10\n|inactive|Time left: 300 sec this turn | 300 sec total\n|\n|t:|1783534139\n|move|p2a: Jolteon|Thunderbolt|p1a: Diancie\n|-damage|p1a: Diancie|149/216\n|move|p1a: Diancie|Diamond Storm|p2a: Jolteon\n|-damage|p2a: Jolteon|48/100\n|-boost|p1a: Diancie|def|2\n|\n|-heal|p2a: Jolteon|54/100|[from] item: Leftovers\n|upkeep\n|turn|11\n|inactive|Time left: 300 sec this turn | 300 sec total\n|\n|t:|1783534140\n|move|p2a: Jolteon|Substitute|p2a: Jolteon\n|-start|p2a: Jolteon|Substitute\n|-damage|p2a: Jolteon|29/100\n|move|p1a: Diancie|Diamond Storm|p2a: Jolteon\n|-end|p2a: Jolteon|Substitute\n|-boost|p1a: Diancie|def|2\n|\n|-heal|p2a: Jolteon|35/100|[from] item: Leftovers\n|upkeep\n|turn|12\n|inactive|Time left: 300 sec this turn | 300 sec total\n|\n|t:|1783534141\n|move|p2a: Jolteon|Thunderbolt|p1a: Diancie\n|-damage|p1a: Diancie|71/216\n|move|p1a: Diancie|Body Press|p2a: Jolteon\n|-damage|p2a: Jolteon|0 fnt\n|faint|p2a: Jolteon\n|\n|upkeep\n|\n|t:|1783534142\n|switch|p2a: Orthworm|Orthworm, L88, M|13/100\n|-damage|p2a: Orthworm|7/100|[from] Stealth Rock\n|turn|13\n|inactive|Time left: 300 sec this turn | 300 sec total\n|\n|t:|1783534143\n|move|p2a: Orthworm|Iron Tail|p1a: Diancie|[miss]\n|-miss|p2a: Orthworm|p1a: Diancie\n|move|p1a: Diancie|Body Press|p2a: Orthworm\n|-supereffective|p2a: Orthworm\n|-crit|p2a: Orthworm\n|-damage|p2a: Orthworm|0 fnt\n|faint|p2a: Orthworm\n|\n|upkeep\n|\n|t:|1783534144\n|switch|p2a: Gyarados|Gyarados, L79, F|100/100\n|turn|14\n|inactive|Time left: 300 sec this turn | 300 sec total\n|\n|t:|1783534145\n|move|p2a: Gyarados|Waterfall|p1a: Diancie\n|-supereffective|p1a: Diancie\n|-damage|p1a: Diancie|29/216\n|move|p1a: Diancie|Diamond Storm|p2a: Gyarados\n|-supereffective|p2a: Gyarados\n|-damage|p2a: Gyarados|8/100\n|-boost|p1a: Diancie|def|2\n|\n|upkeep\n|turn|15\n|inactive|Time left: 300 sec this turn | 300 sec total\n|\n|t:|1783534146\n|-terastallize|p1a: Diancie|Fighting\n|move|p2a: Gyarados|Waterfall|p1a: Diancie\n|-damage|p1a: Diancie|13/216\n|move|p1a: Diancie|Body Press|p2a: Gyarados\n|-resisted|p2a: Gyarados\n|-damage|p2a: Gyarados|0 fnt\n|faint|p2a: Gyarados\n|\n|upkeep\n|\n|t:|1783534147\n|switch|p2a: Salamence|Salamence, L77, M|100/100\n|turn|16\n|inactive|Time left: 300 sec this turn | 300 sec total\n|\n|t:|1783534148\n|switch|p1a: Jumpluff|Jumpluff, L87, F|271/271\n|move|p2a: Salamence|Outrage|p1a: Jumpluff\n|-damage|p1a: Jumpluff|112/271\n|\n|upkeep\n|turn|17\n|inactive|Time left: 300 sec this turn | 300 sec total\n|\n|t:|1783534149\n|move|p1a: Jumpluff|Strength Sap|p2a: Salamence\n|-unboost|p2a: Salamence|atk|1\n|-heal|p1a: Jumpluff|271/271\n|move|p2a: Salamence|Outrage|p1a: Jumpluff|[from] lockedmove\n|-crit|p1a: Jumpluff\n|-damage|p1a: Jumpluff|21/271\n|\n|upkeep\n|turn|18\n|inactive|Time left: 300 sec this turn | 300 sec total\n|\n|t:|1783534150\n|move|p1a: Jumpluff|Strength Sap|p2a: Salamence\n|-unboost|p2a: Salamence|atk|1\n|-heal|p1a: Jumpluff|189/271\n|move|p2a: Salamence|Outrage|p1a: Jumpluff|[from] lockedmove\n|-damage|p1a: Jumpluff|107/271\n|-start|p2a: Salamence|confusion|[fatigue]\n|\n|upkeep\n|turn|19\n|inactive|Time left: 300 sec this turn | 300 sec total\n|\n|t:|1783534151\n|switch|p2a: Koraidon|Koraidon, L64|100/100\n|-damage|p2a: Koraidon|95/100|[from] Stealth Rock\n|-weather|SunnyDay|[from] ability: Orichalcum Pulse|[of] p2a: Koraidon\n|-activate|p2a: Koraidon|Orichalcum Pulse|[source]\n|move|p1a: Jumpluff|Strength Sap|p2a: Koraidon\n|-unboost|p2a: Koraidon|atk|1\n|-heal|p1a: Jumpluff|271/271\n|\n|-weather|SunnyDay|[upkeep]\n|upkeep\n|turn|20\n|inactive|Time left: 300 sec this turn | 300 sec total\n|\n|t:|1783534152\n|move|p1a: Jumpluff|Acrobatics|p2a: Koraidon\n|-supereffective|p2a: Koraidon\n|-damage|p2a: Koraidon|23/100\n|move|p2a: Koraidon|Flare Blitz|p1a: Jumpluff\n|-supereffective|p1a: Jumpluff\n|-damage|p1a: Jumpluff|0 fnt\n|faint|p1a: Jumpluff\n|-damage|p2a: Koraidon|0 fnt|[from] Recoil\n|faint|p2a: Koraidon\n|\n|-weather|SunnyDay|[upkeep]\n|upkeep\n|inactive|Time left: 300 sec this turn | 300 sec total | 5 sec grace\n|\n|t:|1783534153\n|switch|p1a: Palossand|Palossand, L89, F|140/296\n|switch|p2a: Salamence|Salamence, L77, M|100/100\n|turn|21\n|inactive|Time left: 300 sec this turn | 300 sec total\n|\n|t:|1783534154\n|move|p2a: Salamence|Dragon Dance|p2a: Salamence\n|-boost|p2a: Salamence|atk|1\n|-boost|p2a: Salamence|spe|1\n|move|p1a: Palossand|Shore Up|p1a: Palossand\n|-heal|p1a: Palossand|288/296\n|\n|-weather|SunnyDay|[upkeep]\n|-heal|p1a: Palossand|296/296|[from] item: Leftovers\n|upkeep\n|turn|22\n|inactive|Time left: 300 sec this turn | 300 sec total\n|\n|t:|1783534155\n|move|p2a: Salamence|Outrage|p1a: Palossand\n|-damage|p1a: Palossand|118/296\n|move|p1a: Palossand|Shore Up|p1a: Palossand\n|-heal|p1a: Palossand|266/296\n|\n|-weather|SunnyDay|[upkeep]\n|-heal|p1a: Palossand|284/296|[from] item: Leftovers\n|upkeep\n|turn|23\n|inactive|Time left: 300 sec this turn | 300 sec total\n|\n|t:|1783534156\n|move|p2a: Salamence|Outrage|p1a: Palossand|[from] lockedmove\n|-damage|p1a: Palossand|109/296\n|-start|p2a: Salamence|confusion|[fatigue]\n|move|p1a: Palossand|Shore Up|p1a: Palossand\n|-heal|p1a: Palossand|257/296\n|\n|-weather|none\n|-heal|p1a: Palossand|275/296|[from] item: Leftovers\n|upkeep\n|turn|24\n|inactive|Time left: 300 sec this turn | 300 sec total\n|\n|t:|1783534157\n|-activate|p2a: Salamence|confusion\n|-damage|p2a: Salamence|82/100|[from] confusion\n|move|p1a: Palossand|Shadow Ball|p2a: Salamence\n|-damage|p2a: Salamence|37/100\n|\n|-heal|p1a: Palossand|293/296|[from] item: Leftovers\n|upkeep\n|turn|25\n|inactive|Time left: 300 sec this turn | 300 sec total\n|\n|t:|1783534158\n|-end|p2a: Salamence|confusion\n|move|p2a: Salamence|Outrage|p1a: Palossand\n|-damage|p1a: Palossand|131/296\n|move|p1a: Palossand|Shadow Ball|p2a: Salamence\n|-damage|p2a: Salamence|0 fnt\n|faint|p2a: Salamence\n|\n|-heal|p1a: Palossand|149/296|[from] item: Leftovers\n|upkeep\n|\n|t:|1783534159\n|switch|p2a: Volbeat|Volbeat, L90, M|100/100\n|turn|26\n|inactive|Time left: 300 sec this turn | 300 sec total\n|\n|t:|1783534160\n|move|p2a: Volbeat|U-turn|p1a: Palossand\n|-resisted|p1a: Palossand\n|-damage|p1a: Palossand|124/296\n|move|p1a: Palossand|Shadow Ball|p2a: Volbeat\n|-damage|p2a: Volbeat|67/100\n|-unboost|p2a: Volbeat|spd|1\n|\n|-heal|p1a: Palossand|142/296|[from] item: Leftovers\n|upkeep\n|turn|27\n|inactive|Time left: 300 sec this turn | 300 sec total\n|\n|t:|1783534162\n|move|p2a: Volbeat|Roost|p2a: Volbeat\n|-heal|p2a: Volbeat|100/100\n|-singleturn|p2a: Volbeat|move: Roost\n|move|p1a: Palossand|Shadow Ball|p2a: Volbeat\n|-damage|p2a: Volbeat|48/100\n|\n|-heal|p1a: Palossand|160/296|[from] item: Leftovers\n|upkeep\n|turn|28\n|inactive|Time left: 300 sec this turn | 300 sec total\n|\n|t:|1783534163\n|move|p2a: Volbeat|Roost|p2a: Volbeat\n|-heal|p2a: Volbeat|98/100\n|-singleturn|p2a: Volbeat|move: Roost\n|move|p1a: Palossand|Shadow Ball|p2a: Volbeat\n|-damage|p2a: Volbeat|48/100\n|\n|-heal|p1a: Palossand|178/296|[from] item: Leftovers\n|upkeep\n|turn|29\n|inactive|Time left: 300 sec this turn | 300 sec total\n|\n|t:|1783534164\n|move|p2a: Volbeat|Roost|p2a: Volbeat\n|-heal|p2a: Volbeat|98/100\n|-singleturn|p2a: Volbeat|move: Roost\n|move|p1a: Palossand|Shadow Ball|p2a: Volbeat\n|-damage|p2a: Volbeat|44/100\n|\n|-heal|p1a: Palossand|196/296|[from] item: Leftovers\n|upkeep\n|turn|30\n|inactive|Time left: 300 sec this turn | 300 sec total\n|\n|t:|1783534165\n|move|p2a: Volbeat|Roost|p2a: Volbeat\n|-heal|p2a: Volbeat|94/100\n|-singleturn|p2a: Volbeat|move: Roost\n|move|p1a: Palossand|Shadow Ball|p2a: Volbeat\n|-damage|p2a: Volbeat|45/100\n|-unboost|p2a: Volbeat|spd|1\n|\n|-heal|p1a: Palossand|214/296|[from] item: Leftovers\n|upkeep\n|turn|31\n|inactive|Time left: 300 sec this turn | 300 sec total\n|\n|t:|1783534166\n|move|p2a: Volbeat|Roost|p2a: Volbeat\n|-heal|p2a: Volbeat|95/100\n|-singleturn|p2a: Volbeat|move: Roost\n|move|p1a: Palossand|Shadow Ball|p2a: Volbeat\n|-damage|p2a: Volbeat|22/100\n|\n|-heal|p1a: Palossand|232/296|[from] item: Leftovers\n|upkeep\n|turn|32\n|inactive|Time left: 300 sec this turn | 300 sec total\n|\n|t:|1783534167\n|move|p2a: Volbeat|Roost|p2a: Volbeat\n|-heal|p2a: Volbeat|72/100\n|-singleturn|p2a: Volbeat|move: Roost\n|move|p1a: Palossand|Shadow Ball|p2a: Volbeat\n|-damage|p2a: Volbeat|6/100\n|\n|-heal|p1a: Palossand|250/296|[from] item: Leftovers\n|upkeep\n|turn|33\n|inactive|Time left: 300 sec this turn | 300 sec total\n|\n|t:|1783534168\n|move|p2a: Volbeat|Roost|p2a: Volbeat\n|-heal|p2a: Volbeat|56/100\n|-singleturn|p2a: Volbeat|move: Roost\n|move|p1a: Palossand|Shadow Ball|p2a: Volbeat\n|-damage|p2a: Volbeat|0 fnt\n|faint|p2a: Volbeat\n|\n|win|p0x0761aba", "uploadtime": 1783534168, "views": 0, "rating": 0, "private": 0, "password": null, "_winner": "p0x0761aba", "_our_name": "p0x0761aba"}