{"id": "battle-gen9randombattle-1479", "formatid": "gen9randombattle", "format": "[Gen 9] Random Battle", "players": ["p0x1479bd44", "p0y14795652"], "log": "|init|battle\n|title|p0x1479bd44 vs. p0y14795652\n|j|\u2606p0x1479bd44\n|j|\u2606p0y14795652\n|t:|1783556311\n|gametype|singles\n|player|p1|p0x1479bd44|265|\n|player|p2|p0y14795652|102|\n|gen|9\n|tier|[Gen 9] Random Battle\n|rule|Species Clause: Limit one of each Pok\u00e9mon\n|rule|HP Percentage Mod: HP is shown in percentages\n|rule|Sleep Clause Mod: Limit one foe put to sleep\n|rule|Illusion Level Mod: Illusion disguises the Pok\u00e9mon's true level\n|\n|t:|1783556311\n|teamsize|p1|6\n|teamsize|p2|6\n|start\n|switch|p1a: Garchomp|Garchomp, L74, M|282/282\n|switch|p2a: Vespiquen|Vespiquen, L99, F|100/100\n|-ability|p2a: Vespiquen|Pressure\n|turn|1\n|inactive|Battle timer is ON: inactive players will automatically lose when time's up. (requested by p0y14795652)\n|inactive|Time left: 300 sec this turn | 300 sec total | 60 sec grace\n|inactive|p0x1479bd44 also wants the timer to be on.\n|\n|t:|1783556312\n|switch|p1a: Luxray|Luxray, L88, F|283/283\n|move|p2a: Vespiquen|Air Slash|p1a: Luxray\n|-resisted|p1a: Luxray\n|-damage|p1a: Luxray|234/283\n|\n|-status|p1a: Luxray|brn|[from] item: Flame Orb\n|upkeep\n|turn|2\n|inactive|Time left: 300 sec this turn | 300 sec total\n|\n|t:|1783556314\n|switch|p2a: Stantler|Stantler, L92, M|100/100\n|-ability|p2a: Stantler|Intimidate|boost\n|-unboost|p1a: Luxray|atk|1\n|move|p1a: Luxray|Supercell Slam|p2a: Stantler\n|-damage|p2a: Stantler|61/100\n|\n|-damage|p1a: Luxray|217/283 brn|[from] brn\n|upkeep\n|turn|3\n|inactive|Time left: 300 sec this turn | 300 sec total\n|\n|t:|1783556314\n|switch|p1a: Carbink|Carbink, L90|236/236\n|move|p2a: Stantler|Earth Power|p1a: Carbink\n|-supereffective|p1a: Carbink\n|-damage|p1a: Carbink|156/236\n|\n|upkeep\n|turn|4\n|inactive|Time left: 300 sec this turn | 300 sec total\n|\n|t:|1783556316\n|switch|p2a: Reuniclus|Reuniclus, L88, M|100/100\n|move|p1a: Carbink|Body Press|p2a: Reuniclus\n|-resisted|p2a: Reuniclus\n|-damage|p2a: Reuniclus|86/100\n|\n|upkeep\n|turn|5\n|inactive|Time left: 300 sec this turn | 300 sec total\n|\n|t:|1783556317\n|move|p1a: Carbink|Body Press|p2a: Reuniclus\n|-resisted|p2a: Reuniclus\n|-damage|p2a: Reuniclus|72/100\n|move|p2a: Reuniclus|Calm Mind|p2a: Reuniclus\n|-boost|p2a: Reuniclus|spa|1\n|-boost|p2a: Reuniclus|spd|1\n|\n|upkeep\n|turn|6\n|inactive|Time left: 300 sec this turn | 300 sec total\n|\n|t:|1783556318\n|move|p1a: Carbink|Moonblast|p2a: Reuniclus\n|-damage|p2a: Reuniclus|58/100\n|move|p2a: Reuniclus|Psychic|p1a: Carbink\n|-damage|p1a: Carbink|14/236\n|\n|upkeep\n|turn|7\n|inactive|Time left: 300 sec this turn | 300 sec total\n|\n|t:|1783556319\n|move|p1a: Carbink|Rest|p1a: Carbink\n|-status|p1a: Carbink|slp|[from] move: Rest\n|-heal|p1a: Carbink|236/236 slp|[silent]\n|-enditem|p1a: Carbink|Chesto Berry|[eat]\n|-curestatus|p1a: Carbink|slp|[msg]\n|move|p2a: Reuniclus|Psychic|p1a: Carbink\n|-damage|p1a: Carbink|72/236\n|\n|upkeep\n|turn|8\n|inactive|Time left: 300 sec this turn | 300 sec total\n|\n|t:|1783556320\n|move|p1a: Carbink|Body Press|p2a: Reuniclus\n|-resisted|p2a: Reuniclus\n|-damage|p2a: Reuniclus|43/100\n|move|p2a: Reuniclus|Psychic|p1a: Carbink\n|-damage|p1a: Carbink|0 fnt\n|faint|p1a: Carbink\n|\n|upkeep\n|inactive|Time left: 300 sec this turn | 300 sec total | 5 sec grace\n|\n|t:|1783556321\n|switch|p1a: Luxray|Luxray, L88, F|217/283 brn\n|turn|9\n|inactive|Time left: 300 sec this turn | 300 sec total\n|\n|t:|1783556322\n|switch|p2a: Stantler|Stantler, L92, M|61/100\n|-ability|p2a: Stantler|Intimidate|boost\n|-unboost|p1a: Luxray|atk|1\n|move|p1a: Luxray|Supercell Slam|p2a: Stantler\n|-damage|p2a: Stantler|22/100\n|\n|-damage|p1a: Luxray|200/283 brn|[from] brn\n|upkeep\n|turn|10\n|inactive|Time left: 300 sec this turn | 300 sec total\n|\n|t:|1783556323\n|move|p2a: Stantler|Earth Power|p1a: Luxray\n|-supereffective|p1a: Luxray\n|-damage|p1a: Luxray|68/283 brn\n|move|p1a: Luxray|Facade|p2a: Stantler\n|-damage|p2a: Stantler|0 fnt\n|faint|p2a: Stantler\n|\n|-damage|p1a: Luxray|51/283 brn|[from] brn\n|upkeep\n|\n|t:|1783556325\n|switch|p2a: Manaphy|Manaphy, L78|100/100\n|turn|11\n|inactive|Time left: 300 sec this turn | 300 sec total\n|\n|t:|1783556326\n|switch|p1a: Corviknight|Corviknight, L80, M|288/288\n|-ability|p1a: Corviknight|Pressure\n|move|p2a: Manaphy|Tail Glow|p2a: Manaphy\n|-boost|p2a: Manaphy|spa|3\n|\n|upkeep\n|turn|12\n|inactive|Time left: 300 sec this turn | 300 sec total\n|\n|t:|1783556327\n|move|p2a: Manaphy|Hydro Pump|p1a: Corviknight\n|-damage|p1a: Corviknight|0 fnt\n|faint|p1a: Corviknight\n|\n|upkeep\n|inactive|Time left: 300 sec this turn | 300 sec total | 5 sec grace\n|\n|t:|1783556328\n|switch|p1a: Palafin|Palafin, L77, F|281/281\n|turn|13\n|inactive|Time left: 300 sec this turn | 300 sec total\n|\n|t:|1783556329\n|move|p2a: Manaphy|Energy Ball|p1a: Palafin\n|-supereffective|p1a: Palafin\n|-damage|p1a: Palafin|0 fnt\n|faint|p1a: Palafin\n|\n|upkeep\n|inactive|Time left: 300 sec this turn | 300 sec total | 5 sec grace\n|\n|t:|1783556329\n|switch|p1a: Terapagos|Terapagos, L77, M|265/265\n|-activate|p1a: Terapagos|ability: Tera Shift\n|detailschange|p1a: Terapagos|Terapagos-Terastal, L77, M\n|-heal|p1a: Terapagos|273/273|[silent]\n|turn|14\n|inactive|Time left: 300 sec this turn | 300 sec total\n|\n|t:|1783556331\n|move|p2a: Manaphy|Hydro Pump|p1a: Terapagos\n|-activate|p1a: Terapagos|ability: Tera Shell\n|-resisted|p1a: Terapagos\n|-damage|p1a: Terapagos|162/273\n|move|p1a: Terapagos|Tera Starstorm|p2a: Manaphy\n|-damage|p2a: Manaphy|62/100\n|\n|-heal|p2a: Manaphy|68/100|[from] item: Leftovers\n|upkeep\n|turn|15\n|inactive|Time left: 300 sec this turn | 300 sec total\n|\n|t:|1783556332\n|move|p2a: Manaphy|Hydro Pump|p1a: Terapagos\n|-damage|p1a: Terapagos|0 fnt\n|faint|p1a: Terapagos\n|\n|-heal|p2a: Manaphy|74/100|[from] item: Leftovers\n|upkeep\n|inactive|Time left: 300 sec this turn | 300 sec total | 5 sec grace\n|\n|t:|1783556333\n|switch|p1a: Luxray|Luxray, L88, F|51/283 brn\n|turn|16\n|inactive|Time left: 300 sec this turn | 300 sec total\n|\n|t:|1783556334\n|move|p2a: Manaphy|Ice Beam|p1a: Luxray\n|-damage|p1a: Luxray|0 fnt\n|faint|p1a: Luxray\n|\n|-heal|p2a: Manaphy|80/100|[from] item: Leftovers\n|upkeep\n|inactive|Time left: 300 sec this turn | 300 sec total | 5 sec grace\n|\n|t:|1783556334\n|switch|p1a: Garchomp|Garchomp, L74, M|282/282\n|turn|17\n|inactive|Time left: 300 sec this turn | 300 sec total\n|\n|t:|1783556335\n|-terastallize|p2a: Manaphy|Grass\n|move|p2a: Manaphy|Ice Beam|p1a: Garchomp\n|-supereffective|p1a: Garchomp\n|-damage|p1a: Garchomp|0 fnt\n|faint|p1a: Garchomp\n|\n|win|p0y14795652", "uploadtime": 1783556335, "views": 0, "rating": 0, "private": 0, "password": null, "_winner": "p0y14795652", "_our_name": "p0x1479bd44"}