{"id": "battle-gen9randombattle-2443", "formatid": "gen9randombattle", "format": "[Gen 9] Random Battle", "players": ["p0x2443d7dd", "p0y2443ebbd"], "log": "|init|battle\n|title|p0x2443d7dd vs. p0y2443ebbd\n|j|\u2606p0x2443d7dd\n|j|\u2606p0y2443ebbd\n|t:|1783568318\n|gametype|singles\n|player|p1|p0x2443d7dd|1|\n|player|p2|p0y2443ebbd|266|\n|gen|9\n|tier|[Gen 9] Random Battle\n|rule|Species Clause: Limit one of each Pok\u00e9mon\n|rule|HP Percentage Mod: HP is shown in percentages\n|rule|Sleep Clause Mod: Limit one foe put to sleep\n|rule|Illusion Level Mod: Illusion disguises the Pok\u00e9mon's true level\n|\n|t:|1783568318\n|teamsize|p1|6\n|teamsize|p2|6\n|start\n|switch|p1a: Talonflame|Talonflame, L83, F|265/265\n|switch|p2a: Kricketune|Kricketune, L99, F|100/100\n|turn|1\n|inactive|Battle timer is ON: inactive players will automatically lose when time's up. (requested by p0x2443d7dd)\n|inactive|p0y2443ebbd also wants the timer to be on.\n|\n|t:|1783568320\n|move|p1a: Talonflame|Flare Blitz|p2a: Kricketune\n|-supereffective|p2a: Kricketune\n|-damage|p2a: Kricketune|13/100\n|-damage|p1a: Talonflame|175/265|[from] Recoil\n|move|p2a: Kricketune|Sticky Web|p1a: Talonflame\n|-sidestart|p1: p0x2443d7dd|move: Sticky Web\n|\n|upkeep\n|turn|2\n|inactive|Time left: 300 sec this turn | 300 sec total\n|\n|t:|1783568321\n|switch|p2a: Rampardos|Rampardos, L90, F|100/100\n|move|p1a: Talonflame|Flare Blitz|p2a: Rampardos\n|-resisted|p2a: Rampardos\n|-damage|p2a: Rampardos|81/100\n|-damage|p1a: Talonflame|154/265|[from] Recoil\n|\n|upkeep\n|turn|3\n|inactive|Time left: 300 sec this turn | 300 sec total\n|\n|t:|1783568322\n|move|p1a: Talonflame|Swords Dance|p1a: Talonflame\n|-boost|p1a: Talonflame|atk|2\n|move|p2a: Rampardos|Rock Slide|p1a: Talonflame\n|-supereffective|p1a: Talonflame\n|-damage|p1a: Talonflame|0 fnt\n|faint|p1a: Talonflame\n|\n|upkeep\n|inactive|Time left: 300 sec this turn | 300 sec total | 5 sec grace\n|\n|t:|1783568323\n|switch|p1a: Hawlucha|Hawlucha, L80, M|256/256\n|turn|4\n|inactive|Time left: 300 sec this turn | 300 sec total\n|\n|t:|1783568324\n|switch|p2a: Scream Tail|Scream Tail, L84|100/100\n|move|p1a: Hawlucha|Close Combat|p2a: Scream Tail\n|-resisted|p2a: Scream Tail\n|-damage|p2a: Scream Tail|92/100\n|-unboost|p1a: Hawlucha|def|1\n|-unboost|p1a: Hawlucha|spd|1\n|-enditem|p1a: Hawlucha|White Herb\n|-clearnegativeboost|p1a: Hawlucha|[silent]\n|\n|-heal|p2a: Scream Tail|98/100|[from] item: Leftovers\n|upkeep\n|turn|5\n|inactive|Time left: 300 sec this turn | 300 sec total\n|\n|t:|1783568325\n|move|p1a: Hawlucha|Swords Dance|p1a: Hawlucha\n|-boost|p1a: Hawlucha|atk|2\n|move|p2a: Scream Tail|Dazzling Gleam|p1a: Hawlucha\n|-supereffective|p1a: Hawlucha\n|-damage|p1a: Hawlucha|92/256\n|\n|-heal|p2a: Scream Tail|100/100|[from] item: Leftovers\n|upkeep\n|turn|6\n|inactive|Time left: 300 sec this turn | 300 sec total\n|\n|t:|1783568326\n|-terastallize|p1a: Hawlucha|Flying\n|move|p1a: Hawlucha|Acrobatics|p2a: Scream Tail\n|-damage|p2a: Scream Tail|19/100\n|move|p2a: Scream Tail|Dazzling Gleam|p1a: Hawlucha\n|-damage|p1a: Hawlucha|2/256\n|\n|-heal|p2a: Scream Tail|25/100|[from] item: Leftovers\n|upkeep\n|turn|7\n|inactive|Time left: 300 sec this turn | 300 sec total\n|\n|t:|1783568327\n|move|p2a: Scream Tail|Protect|p2a: Scream Tail\n|-singleturn|p2a: Scream Tail|Protect\n|move|p1a: Hawlucha|Acrobatics|p2a: Scream Tail\n|-activate|p2a: Scream Tail|move: Protect\n|\n|-heal|p2a: Scream Tail|31/100|[from] item: Leftovers\n|upkeep\n|turn|8\n|inactive|Time left: 300 sec this turn | 300 sec total\n|\n|t:|1783568328\n|move|p2a: Scream Tail|Protect||[still]\n|-fail|p2a: Scream Tail\n|move|p1a: Hawlucha|Acrobatics|p2a: Scream Tail\n|-damage|p2a: Scream Tail|0 fnt\n|faint|p2a: Scream Tail\n|-end|p2a: Scream Tail|Protosynthesis|[silent]\n|\n|upkeep\n|\n|t:|1783568329\n|switch|p2a: Chesnaught|Chesnaught, L84, F|100/100\n|turn|9\n|inactive|Time left: 300 sec this turn | 300 sec total\n|\n|t:|1783568330\n|-terastallize|p2a: Chesnaught|Steel\n|move|p1a: Hawlucha|Acrobatics|p2a: Chesnaught\n|-resisted|p2a: Chesnaught\n|-damage|p2a: Chesnaught|62/100\n|move|p2a: Chesnaught|Trailblaze|p1a: Hawlucha\n|-resisted|p1a: Hawlucha\n|-damage|p1a: Hawlucha|0 fnt\n|-boost|p2a: Chesnaught|spe|1\n|faint|p1a: Hawlucha\n|\n|-heal|p2a: Chesnaught|68/100|[from] item: Leftovers\n|upkeep\n|inactive|Time left: 300 sec this turn | 300 sec total | 5 sec grace\n|\n|t:|1783568331\n|switch|p1a: Ninetales|Ninetales-Alola, L78, M|242/242\n|-activate|p1a: Ninetales|move: Sticky Web\n|-unboost|p1a: Ninetales|spe|1\n|-weather|Snowscape|[from] ability: Snow Warning|[of] p1a: Ninetales\n|turn|10\n|inactive|Time left: 300 sec this turn | 300 sec total\n|\n|t:|1783568332\n|move|p2a: Chesnaught|Trailblaze|p1a: Ninetales\n|-damage|p1a: Ninetales|196/242\n|-boost|p2a: Chesnaught|spe|1\n|move|p1a: Ninetales|Aurora Veil|p1a: Ninetales\n|-sidestart|p1: p0x2443d7dd|move: Aurora Veil\n|\n|-weather|Snowscape|[upkeep]\n|-heal|p2a: Chesnaught|74/100|[from] item: Leftovers\n|upkeep\n|turn|11\n|inactive|Time left: 300 sec this turn | 300 sec total\n|\n|t:|1783568333\n|move|p2a: Chesnaught|Iron Defense|p2a: Chesnaught\n|-boost|p2a: Chesnaught|def|2\n|move|p1a: Ninetales|Encore|p2a: Chesnaught\n|-start|p2a: Chesnaught|Encore\n|\n|-weather|Snowscape|[upkeep]\n|-heal|p2a: Chesnaught|80/100|[from] item: Leftovers\n|upkeep\n|turn|12\n|inactive|Time left: 300 sec this turn | 300 sec total\n|\n|t:|1783568334\n|move|p2a: Chesnaught|Iron Defense|p2a: Chesnaught\n|-boost|p2a: Chesnaught|def|2\n|move|p1a: Ninetales|Moonblast|p2a: Chesnaught\n|-resisted|p2a: Chesnaught\n|-crit|p2a: Chesnaught\n|-damage|p2a: Chesnaught|59/100\n|\n|-weather|Snowscape|[upkeep]\n|-heal|p2a: Chesnaught|65/100|[from] item: Leftovers\n|upkeep\n|turn|13\n|inactive|Time left: 300 sec this turn | 300 sec total\n|\n|t:|1783568335\n|move|p2a: Chesnaught|Iron Defense|p2a: Chesnaught\n|-boost|p2a: Chesnaught|def|2\n|move|p1a: Ninetales|Blizzard|p2a: Chesnaught\n|-resisted|p2a: Chesnaught\n|-crit|p2a: Chesnaught\n|-damage|p2a: Chesnaught|41/100\n|\n|-weather|Snowscape|[upkeep]\n|-heal|p2a: Chesnaught|47/100|[from] item: Leftovers\n|upkeep\n|turn|14\n|inactive|Time left: 300 sec this turn | 300 sec total\n|\n|t:|1783568336\n|switch|p2a: Rampardos|Rampardos, L90, F|81/100\n|move|p1a: Ninetales|Encore||[still]\n|-fail|p1a: Ninetales\n|\n|-weather|none\n|upkeep\n|turn|15\n|inactive|Time left: 300 sec this turn | 300 sec total\n|\n|t:|1783568337\n|switch|p1a: Vileplume|Vileplume, L85, M|266/266\n|-activate|p1a: Vileplume|move: Sticky Web\n|-unboost|p1a: Vileplume|spe|1\n|move|p2a: Rampardos|Rock Slide|p1a: Vileplume\n|-damage|p1a: Vileplume|137/266\n|\n|-heal|p1a: Vileplume|153/266|[from] item: Leftovers\n|upkeep\n|turn|16\n|inactive|Time left: 300 sec this turn | 300 sec total\n|\n|t:|1783568338\n|move|p2a: Rampardos|Zen Headbutt|p1a: Vileplume\n|-supereffective|p1a: Vileplume\n|-damage|p1a: Vileplume|0 fnt\n|faint|p1a: Vileplume\n|\n|upkeep\n|inactive|Time left: 300 sec this turn | 300 sec total | 5 sec grace\n|\n|t:|1783568339\n|switch|p1a: Feraligatr|Feraligatr, L79, M|264/264\n|-activate|p1a: Feraligatr|move: Sticky Web\n|-unboost|p1a: Feraligatr|spe|1\n|turn|17\n|inactive|Time left: 300 sec this turn | 300 sec total\n|\n|t:|1783568340\n|switch|p2a: Chesnaught|Chesnaught, L84, F, tera:Steel|47/100\n|move|p1a: Feraligatr|Dragon Dance|p1a: Feraligatr\n|-boost|p1a: Feraligatr|atk|1\n|-boost|p1a: Feraligatr|spe|1\n|\n|-heal|p2a: Chesnaught|53/100|[from] item: Leftovers\n|-sideend|p1: p0x2443d7dd|move: Aurora Veil\n|upkeep\n|turn|18\n|inactive|Time left: 300 sec this turn | 300 sec total\n|\n|t:|1783568341\n|switch|p2a: Altaria|Altaria, L89, M|100/100\n|move|p1a: Feraligatr|Liquidation|p2a: Altaria\n|-resisted|p2a: Altaria\n|-damage|p2a: Altaria|66/100\n|\n|upkeep\n|turn|19\n|inactive|Time left: 300 sec this turn | 300 sec total\n|\n|t:|1783568342\n|move|p2a: Altaria|Will-O-Wisp|p1a: Feraligatr\n|-status|p1a: Feraligatr|brn\n|move|p1a: Feraligatr|Dragon Dance|p1a: Feraligatr\n|-boost|p1a: Feraligatr|atk|1\n|-boost|p1a: Feraligatr|spe|1\n|\n|-damage|p1a: Feraligatr|248/264 brn|[from] brn\n|upkeep\n|turn|20\n|inactive|Time left: 300 sec this turn | 300 sec total\n|\n|t:|1783568343\n|switch|p2a: Chesnaught|Chesnaught, L84, F, tera:Steel|53/100\n|move|p1a: Feraligatr|Ice Punch|p2a: Chesnaught\n|-resisted|p2a: Chesnaught\n|-crit|p2a: Chesnaught\n|-damage|p2a: Chesnaught|35/100\n|\n|-heal|p2a: Chesnaught|41/100|[from] item: Leftovers\n|-damage|p1a: Feraligatr|232/264 brn|[from] brn\n|upkeep\n|turn|21\n|inactive|Time left: 300 sec this turn | 300 sec total\n|\n|t:|1783568344\n|move|p1a: Feraligatr|Liquidation|p2a: Chesnaught\n|-damage|p2a: Chesnaught|2/100\n|move|p2a: Chesnaught|Synthesis|p2a: Chesnaught\n|-heal|p2a: Chesnaught|51/100\n|\n|-heal|p2a: Chesnaught|57/100|[from] item: Leftovers\n|-damage|p1a: Feraligatr|216/264 brn|[from] brn\n|upkeep\n|turn|22\n|inactive|Time left: 300 sec this turn | 300 sec total\n|\n|t:|1783568346\n|move|p1a: Feraligatr|Liquidation|p2a: Chesnaught\n|-damage|p2a: Chesnaught|19/100\n|move|p2a: Chesnaught|Iron Defense|p2a: Chesnaught\n|-boost|p2a: Chesnaught|def|2\n|\n|-heal|p2a: Chesnaught|25/100|[from] item: Leftovers\n|-damage|p1a: Feraligatr|200/264 brn|[from] brn\n|upkeep\n|turn|23\n|inactive|Time left: 300 sec this turn | 300 sec total\n|\n|t:|1783568347\n|move|p1a: Feraligatr|Liquidation|p2a: Chesnaught\n|-damage|p2a: Chesnaught|5/100\n|move|p2a: Chesnaught|Synthesis|p2a: Chesnaught\n|-heal|p2a: Chesnaught|55/100\n|\n|-heal|p2a: Chesnaught|60/100|[from] item: Leftovers\n|-damage|p1a: Feraligatr|184/264 brn|[from] brn\n|upkeep\n|turn|24\n|inactive|Time left: 300 sec this turn | 300 sec total\n|\n|t:|1783568348\n|move|p1a: Feraligatr|Liquidation|p2a: Chesnaught\n|-damage|p2a: Chesnaught|40/100\n|move|p2a: Chesnaught|Trailblaze|p1a: Feraligatr\n|-supereffective|p1a: Feraligatr\n|-damage|p1a: Feraligatr|82/264 brn\n|-boost|p2a: Chesnaught|spe|1\n|\n|-heal|p2a: Chesnaught|46/100|[from] item: Leftovers\n|-damage|p1a: Feraligatr|66/264 brn|[from] brn\n|upkeep\n|turn|25\n|inactive|Time left: 300 sec this turn | 300 sec total\n|\n|t:|1783568349\n|move|p1a: Feraligatr|Liquidation|p2a: Chesnaught\n|-damage|p2a: Chesnaught|27/100\n|move|p2a: Chesnaught|Synthesis|p2a: Chesnaught\n|-heal|p2a: Chesnaught|77/100\n|\n|-heal|p2a: Chesnaught|83/100|[from] item: Leftovers\n|-damage|p1a: Feraligatr|50/264 brn|[from] brn\n|upkeep\n|turn|26\n|inactive|Time left: 300 sec this turn | 300 sec total\n|\n|t:|1783568350\n|move|p1a: Feraligatr|Liquidation|p2a: Chesnaught\n|-damage|p2a: Chesnaught|63/100\n|move|p2a: Chesnaught|Synthesis|p2a: Chesnaught\n|-heal|p2a: Chesnaught|100/100\n|\n|-damage|p1a: Feraligatr|34/264 brn|[from] brn\n|upkeep\n|turn|27\n|inactive|Time left: 300 sec this turn | 300 sec total\n|\n|t:|1783568351\n|move|p1a: Feraligatr|Dragon Dance|p1a: Feraligatr\n|-boost|p1a: Feraligatr|atk|1\n|-boost|p1a: Feraligatr|spe|1\n|move|p2a: Chesnaught|Iron Defense|p2a: Chesnaught\n|-boost|p2a: Chesnaught|def|2\n|\n|-damage|p1a: Feraligatr|18/264 brn|[from] brn\n|upkeep\n|turn|28\n|inactive|Time left: 300 sec this turn | 300 sec total\n|\n|t:|1783568352\n|move|p1a: Feraligatr|Liquidation|p2a: Chesnaught\n|-damage|p2a: Chesnaught|84/100\n|move|p2a: Chesnaught|Iron Defense|p2a: Chesnaught\n|-boost|p2a: Chesnaught|def|2\n|\n|-heal|p2a: Chesnaught|90/100|[from] item: Leftovers\n|-damage|p1a: Feraligatr|2/264 brn|[from] brn\n|upkeep\n|turn|29\n|inactive|Time left: 300 sec this turn | 300 sec total\n|\n|t:|1783568353\n|move|p1a: Feraligatr|Liquidation|p2a: Chesnaught\n|-damage|p2a: Chesnaught|78/100\n|move|p2a: Chesnaught|Synthesis|p2a: Chesnaught\n|-heal|p2a: Chesnaught|100/100\n|\n|-damage|p1a: Feraligatr|0 fnt|[from] brn\n|faint|p1a: Feraligatr\n|upkeep\n|inactive|Time left: 300 sec this turn | 300 sec total | 5 sec grace\n|\n|t:|1783568354\n|switch|p1a: Scream Tail|Scream Tail, L84|330/330\n|-activate|p1a: Scream Tail|move: Sticky Web\n|-unboost|p1a: Scream Tail|spe|1\n|turn|30\n|inactive|Time left: 300 sec this turn | 300 sec total\n|\n|t:|1783568354\n|move|p2a: Chesnaught|Trailblaze|p1a: Scream Tail\n|-damage|p1a: Scream Tail|272/330\n|-boost|p2a: Chesnaught|spe|1\n|move|p1a: Scream Tail|Thunder Wave|p2a: Chesnaught|[miss]\n|-miss|p1a: Scream Tail|p2a: Chesnaught\n|\n|-heal|p1a: Scream Tail|292/330|[from] item: Leftovers\n|upkeep\n|turn|31\n|inactive|Time left: 300 sec this turn | 300 sec total\n|\n|t:|1783568355\n|move|p2a: Chesnaught|Trailblaze|p1a: Scream Tail\n|-damage|p1a: Scream Tail|235/330\n|-boost|p2a: Chesnaught|spe|1\n|move|p1a: Scream Tail|Wish|p1a: Scream Tail\n|\n|-heal|p1a: Scream Tail|255/330|[from] item: Leftovers\n|upkeep\n|turn|32\n|inactive|Time left: 300 sec this turn | 300 sec total\n|\n|t:|1783568356\n|move|p2a: Chesnaught|Trailblaze|p1a: Scream Tail\n|-damage|p1a: Scream Tail|198/330\n|-boost|p2a: Chesnaught|spe|1\n|move|p1a: Scream Tail|Thunder Wave|p2a: Chesnaught\n|-status|p2a: Chesnaught|par\n|\n|-heal|p1a: Scream Tail|330/330|[from] move: Wish|[wisher] Scream Tail\n|upkeep\n|turn|33\n|inactive|Time left: 300 sec this turn | 300 sec total\n|\n|t:|1783568357\n|move|p1a: Scream Tail|Protect|p1a: Scream Tail\n|-singleturn|p1a: Scream Tail|Protect\n|move|p2a: Chesnaught|Body Press|p1a: Scream Tail\n|-activate|p1a: Scream Tail|move: Protect\n|\n|upkeep\n|turn|34\n|inactive|Time left: 300 sec this turn | 300 sec total\n|\n|t:|1783568358\n|cant|p2a: Chesnaught|par\n|move|p1a: Scream Tail|Wish|p1a: Scream Tail\n|\n|upkeep\n|turn|35\n|inactive|Time left: 300 sec this turn | 300 sec total\n|\n|t:|1783568359\n|move|p1a: Scream Tail|Protect|p1a: Scream Tail\n|-singleturn|p1a: Scream Tail|Protect\n|move|p2a: Chesnaught|Body Press|p1a: Scream Tail\n|-activate|p1a: Scream Tail|move: Protect\n|\n|upkeep\n|turn|36\n|inactive|Time left: 300 sec this turn | 300 sec total\n|\n|t:|1783568360\n|move|p2a: Chesnaught|Trailblaze|p1a: Scream Tail\n|-damage|p1a: Scream Tail|275/330\n|-boost|p2a: Chesnaught|spe|1\n|move|p1a: Scream Tail|Wish|p1a: Scream Tail\n|\n|-heal|p1a: Scream Tail|295/330|[from] item: Leftovers\n|upkeep\n|turn|37\n|inactive|Time left: 300 sec this turn | 300 sec total\n|\n|t:|1783568361\n|cant|p2a: Chesnaught|par\n|move|p1a: Scream Tail|Thunder Wave|p2a: Chesnaught|[miss]\n|-miss|p1a: Scream Tail|p2a: Chesnaught\n|\n|-heal|p1a: Scream Tail|330/330|[from] move: Wish|[wisher] Scream Tail\n|upkeep\n|turn|38\n|inactive|Time left: 300 sec this turn | 300 sec total\n|\n|t:|1783568362\n|move|p1a: Scream Tail|Protect|p1a: Scream Tail\n|-singleturn|p1a: Scream Tail|Protect\n|cant|p2a: Chesnaught|par\n|\n|upkeep\n|turn|39\n|inactive|Time left: 300 sec this turn | 300 sec total\n|\n|t:|1783568363\n|move|p2a: Chesnaught|Trailblaze|p1a: Scream Tail\n|-damage|p1a: Scream Tail|273/330\n|-boost|p2a: Chesnaught|spe|1\n|move|p1a: Scream Tail|Wish|p1a: Scream Tail\n|\n|-heal|p1a: Scream Tail|293/330|[from] item: Leftovers\n|upkeep\n|turn|40\n|inactive|Time left: 300 sec this turn | 300 sec total\n|\n|t:|1783568364\n|move|p2a: Chesnaught|Trailblaze|p1a: Scream Tail\n|-crit|p1a: Scream Tail\n|-damage|p1a: Scream Tail|212/330\n|move|p1a: Scream Tail|Thunder Wave|p2a: Chesnaught\n|-fail|p2a: Chesnaught|par\n|\n|-heal|p1a: Scream Tail|330/330|[from] move: Wish|[wisher] Scream Tail\n|upkeep\n|turn|41\n|inactive|Time left: 300 sec this turn | 300 sec total\n|\n|t:|1783568365\n|move|p2a: Chesnaught|Trailblaze|p1a: Scream Tail\n|-damage|p1a: Scream Tail|276/330\n|move|p1a: Scream Tail|Wish|p1a: Scream Tail\n|\n|-heal|p1a: Scream Tail|296/330|[from] item: Leftovers\n|upkeep\n|turn|42\n|inactive|Time left: 300 sec this turn | 300 sec total\n|\n|t:|1783568366\n|move|p2a: Chesnaught|Trailblaze|p1a: Scream Tail\n|-damage|p1a: Scream Tail|247/330\n|move|p1a: Scream Tail|Thunder Wave|p2a: Chesnaught\n|-fail|p2a: Chesnaught|par\n|\n|-heal|p1a: Scream Tail|330/330|[from] move: Wish|[wisher] Scream Tail\n|upkeep\n|turn|43\n|inactive|Time left: 300 sec this turn | 300 sec total\n|\n|t:|1783568367\n|move|p2a: Chesnaught|Trailblaze|p1a: Scream Tail\n|-damage|p1a: Scream Tail|272/330\n|move|p1a: Scream Tail|Wish|p1a: Scream Tail\n|\n|-heal|p1a: Scream Tail|292/330|[from] item: Leftovers\n|upkeep\n|turn|44\n|inactive|Time left: 300 sec this turn | 300 sec total\n|\n|t:|1783568368\n|move|p2a: Chesnaught|Body Press|p1a: Scream Tail\n|-resisted|p1a: Scream Tail\n|-damage|p1a: Scream Tail|202/330\n|move|p1a: Scream Tail|Thunder Wave|p2a: Chesnaught\n|-fail|p2a: Chesnaught|par\n|\n|-heal|p1a: Scream Tail|330/330|[from] move: Wish|[wisher] Scream Tail\n|upkeep\n|turn|45\n|inactive|Time left: 300 sec this turn | 300 sec total\n|\n|t:|1783568369\n|cant|p2a: Chesnaught|par\n|move|p1a: Scream Tail|Wish|p1a: Scream Tail\n|\n|upkeep\n|turn|46\n|inactive|Time left: 300 sec this turn | 300 sec total\n|\n|t:|1783568371\n|move|p1a: Scream Tail|Protect|p1a: Scream Tail\n|-singleturn|p1a: Scream Tail|Protect\n|cant|p2a: Chesnaught|par\n|\n|upkeep\n|turn|47\n|inactive|Time left: 300 sec this turn | 300 sec total\n|\n|t:|1783568371\n|move|p2a: Chesnaught|Body Press|p1a: Scream Tail\n|-resisted|p1a: Scream Tail\n|-damage|p1a: Scream Tail|239/330\n|move|p1a: Scream Tail|Wish|p1a: Scream Tail\n|\n|-heal|p1a: Scream Tail|259/330|[from] item: Leftovers\n|upkeep\n|turn|48\n|inactive|Time left: 300 sec this turn | 300 sec total\n|\n|t:|1783568373\n|move|p1a: Scream Tail|Protect|p1a: Scream Tail\n|-singleturn|p1a: Scream Tail|Protect\n|move|p2a: Chesnaught|Body Press|p1a: Scream Tail\n|-activate|p1a: Scream Tail|move: Protect\n|\n|-heal|p1a: Scream Tail|330/330|[from] move: Wish|[wisher] Scream Tail\n|upkeep\n|turn|49\n|inactive|Time left: 300 sec this turn | 300 sec total\n|\n|t:|1783568374\n|move|p2a: Chesnaught|Body Press|p1a: Scream Tail\n|-resisted|p1a: Scream Tail\n|-damage|p1a: Scream Tail|244/330\n|move|p1a: Scream Tail|Wish|p1a: Scream Tail\n|\n|-heal|p1a: Scream Tail|264/330|[from] item: Leftovers\n|upkeep\n|turn|50\n|inactive|Time left: 300 sec this turn | 300 sec total\n|\n|t:|1783568375\n|move|p2a: Chesnaught|Trailblaze|p1a: Scream Tail\n|-damage|p1a: Scream Tail|209/330\n|move|p1a: Scream Tail|Wish||[still]\n|-fail|p1a: Scream Tail\n|\n|-heal|p1a: Scream Tail|330/330|[from] move: Wish|[wisher] Scream Tail\n|upkeep\n|turn|51\n|inactive|Time left: 300 sec this turn | 300 sec total\n|\n|t:|1783568376\n|move|p1a: Scream Tail|Protect|p1a: Scream Tail\n|-singleturn|p1a: Scream Tail|Protect\n|move|p2a: Chesnaught|Body Press|p1a: Scream Tail\n|-activate|p1a: Scream Tail|move: Protect\n|\n|upkeep\n|turn|52\n|inactive|Time left: 300 sec this turn | 300 sec total\n|\n|t:|1783568377\n|cant|p2a: Chesnaught|par\n|move|p1a: Scream Tail|Wish|p1a: Scream Tail\n|\n|upkeep\n|turn|53\n|inactive|Time left: 300 sec this turn | 300 sec total\n|\n|t:|1783568378\n|move|p1a: Scream Tail|Protect|p1a: Scream Tail\n|-singleturn|p1a: Scream Tail|Protect\n|move|p2a: Chesnaught|Body Press|p1a: Scream Tail\n|-activate|p1a: Scream Tail|move: Protect\n|\n|upkeep\n|turn|54\n|inactive|Time left: 300 sec this turn | 300 sec total\n|\n|t:|1783568379\n|cant|p2a: Chesnaught|par\n|move|p1a: Scream Tail|Wish|p1a: Scream Tail\n|\n|upkeep\n|turn|55\n|inactive|Time left: 300 sec this turn | 300 sec total\n|\n|t:|1783568380\n|move|p1a: Scream Tail|Protect|p1a: Scream Tail\n|-singleturn|p1a: Scream Tail|Protect\n|move|p2a: Chesnaught|Body Press|p1a: Scream Tail\n|-activate|p1a: Scream Tail|move: Protect\n|\n|upkeep\n|turn|56\n|inactive|Time left: 300 sec this turn | 300 sec total\n|\n|t:|1783568381\n|cant|p2a: Chesnaught|par\n|move|p1a: Scream Tail|Wish|p1a: Scream Tail\n|\n|upkeep\n|turn|57\n|inactive|Time left: 300 sec this turn | 300 sec total\n|\n|t:|1783568382\n|move|p2a: Chesnaught|Trailblaze|p1a: Scream Tail\n|-damage|p1a: Scream Tail|279/330\n|move|p1a: Scream Tail|Wish||[still]\n|-fail|p1a: Scream Tail\n|\n|-heal|p1a: Scream Tail|330/330|[from] move: Wish|[wisher] Scream Tail\n|upkeep\n|turn|58\n|inactive|Time left: 300 sec this turn | 300 sec total\n|\n|t:|1783568384\n|move|p2a: Chesnaught|Body Press|p1a: Scream Tail\n|-resisted|p1a: Scream Tail\n|-damage|p1a: Scream Tail|233/330\n|move|p1a: Scream Tail|Wish|p1a: Scream Tail\n|\n|-heal|p1a: Scream Tail|253/330|[from] item: Leftovers\n|upkeep\n|turn|59\n|inactive|Time left: 300 sec this turn | 300 sec total\n|\n|t:|1783568385\n|move|p1a: Scream Tail|Protect|p1a: Scream Tail\n|-singleturn|p1a: Scream Tail|Protect\n|move|p2a: Chesnaught|Body Press|p1a: Scream Tail\n|-activate|p1a: Scream Tail|move: Protect\n|\n|-heal|p1a: Scream Tail|330/330|[from] move: Wish|[wisher] Scream Tail\n|upkeep\n|turn|60\n|inactive|Time left: 300 sec this turn | 300 sec total\n|\n|t:|1783568386\n|cant|p2a: Chesnaught|par\n|move|p1a: Scream Tail|Wish|p1a: Scream Tail\n|\n|upkeep\n|turn|61\n|inactive|Time left: 300 sec this turn | 300 sec total\n|\n|t:|1783568387\n|move|p2a: Chesnaught|Body Press|p1a: Scream Tail\n|-resisted|p1a: Scream Tail\n|-damage|p1a: Scream Tail|240/330\n|move|p1a: Scream Tail|Thunder Wave|p2a: Chesnaught\n|-fail|p2a: Chesnaught|par\n|\n|-heal|p1a: Scream Tail|330/330|[from] move: Wish|[wisher] Scream Tail\n|upkeep\n|turn|62\n|inactive|Time left: 300 sec this turn | 300 sec total\n|\n|t:|1783568388\n|move|p1a: Scream Tail|Protect|p1a: Scream Tail\n|-singleturn|p1a: Scream Tail|Protect\n|move|p2a: Chesnaught|Body Press|p1a: Scream Tail\n|-activate|p1a: Scream Tail|move: Protect\n|\n|upkeep\n|turn|63\n|inactive|Time left: 300 sec this turn | 300 sec total\n|\n|t:|1783568389\n|cant|p2a: Chesnaught|par\n|move|p1a: Scream Tail|Thunder Wave|p2a: Chesnaught\n|-fail|p2a: Chesnaught|par\n|\n|upkeep\n|turn|64\n|inactive|Time left: 300 sec this turn | 300 sec total\n|\n|t:|1783568390\n|move|p1a: Scream Tail|Protect|p1a: Scream Tail\n|-singleturn|p1a: Scream Tail|Protect\n|move|p2a: Chesnaught|Body Press|p1a: Scream Tail\n|-activate|p1a: Scream Tail|move: Protect\n|\n|upkeep\n|turn|65\n|inactive|Time left: 300 sec this turn | 300 sec total\n|\n|t:|1783568391\n|move|p2a: Chesnaught|Body Press|p1a: Scream Tail\n|-resisted|p1a: Scream Tail\n|-damage|p1a: Scream Tail|238/330\n|move|p1a: Scream Tail|Thunder Wave|p2a: Chesnaught\n|-fail|p2a: Chesnaught|par\n|\n|-heal|p1a: Scream Tail|258/330|[from] item: Leftovers\n|upkeep\n|turn|66\n|inactive|Time left: 300 sec this turn | 300 sec total\n|\n|t:|1783568392\n|move|p1a: Scream Tail|Protect|p1a: Scream Tail\n|-singleturn|p1a: Scream Tail|Protect\n|move|p2a: Chesnaught|Trailblaze|p1a: Scream Tail\n|-activate|p1a: Scream Tail|move: Protect\n|\n|-heal|p1a: Scream Tail|278/330|[from] item: Leftovers\n|upkeep\n|turn|67\n|inactive|Time left: 300 sec this turn | 300 sec total\n|\n|t:|1783568393\n|move|p2a: Chesnaught|Trailblaze|p1a: Scream Tail\n|-damage|p1a: Scream Tail|224/330\n|move|p1a: Scream Tail|Thunder Wave|p2a: Chesnaught|[miss]\n|-miss|p1a: Scream Tail|p2a: Chesnaught\n|\n|-heal|p1a: Scream Tail|244/330|[from] item: Leftovers\n|upkeep\n|turn|68\n|inactive|Time left: 300 sec this turn | 300 sec total\n|\n|t:|1783568394\n|move|p1a: Scream Tail|Protect|p1a: Scream Tail\n|-singleturn|p1a: Scream Tail|Protect\n|move|p2a: Chesnaught|Trailblaze|p1a: Scream Tail\n|-activate|p1a: Scream Tail|move: Protect\n|\n|-heal|p1a: Scream Tail|264/330|[from] item: Leftovers\n|upkeep\n|turn|69\n|inactive|Time left: 300 sec this turn | 300 sec total\n|\n|t:|1783568395\n|move|p2a: Chesnaught|Trailblaze|p1a: Scream Tail\n|-damage|p1a: Scream Tail|207/330\n|move|p1a: Scream Tail|Thunder Wave|p2a: Chesnaught\n|-fail|p2a: Chesnaught|par\n|\n|-heal|p1a: Scream Tail|227/330|[from] item: Leftovers\n|upkeep\n|turn|70\n|inactive|Time left: 300 sec this turn | 300 sec total\n|\n|t:|1783568396\n|move|p1a: Scream Tail|Protect|p1a: Scream Tail\n|-singleturn|p1a: Scream Tail|Protect\n|move|p2a: Chesnaught|Trailblaze|p1a: Scream Tail\n|-activate|p1a: Scream Tail|move: Protect\n|\n|-heal|p1a: Scream Tail|247/330|[from] item: Leftovers\n|upkeep\n|turn|71\n|inactive|Time left: 300 sec this turn | 300 sec total\n|\n|t:|1783568396\n|cant|p2a: Chesnaught|par\n|move|p1a: Scream Tail|Thunder Wave|p2a: Chesnaught\n|-fail|p2a: Chesnaught|par\n|\n|-heal|p1a: Scream Tail|267/330|[from] item: Leftovers\n|upkeep\n|turn|72\n|inactive|Time left: 300 sec this turn | 300 sec total\n|\n|t:|1783568397\n|move|p1a: Scream Tail|Protect|p1a: Scream Tail\n|-singleturn|p1a: Scream Tail|Protect\n|move|p2a: Chesnaught|Trailblaze|p1a: Scream Tail\n|-activate|p1a: Scream Tail|move: Protect\n|\n|-heal|p1a: Scream Tail|287/330|[from] item: Leftovers\n|upkeep\n|turn|73\n|inactive|Time left: 300 sec this turn | 300 sec total\n|\n|t:|1783568398\n|move|p1a: Scream Tail|Protect|p1a: Scream Tail\n|-singleturn|p1a: Scream Tail|Protect\n|move|p2a: Chesnaught|Trailblaze|p1a: Scream Tail\n|-activate|p1a: Scream Tail|move: Protect\n|\n|-heal|p1a: Scream Tail|307/330|[from] item: Leftovers\n|upkeep\n|turn|74\n|inactive|Time left: 300 sec this turn | 300 sec total\n|\n|t:|1783568398\n|-end|p1a: Scream Tail|Protosynthesis|[silent]\n|switch|p1a: Ninetales|Ninetales-Alola, L78, M|196/242\n|-activate|p1a: Ninetales|move: Sticky Web\n|-unboost|p1a: Ninetales|spe|1\n|-weather|Snowscape|[from] ability: Snow Warning|[of] p1a: Ninetales\n|move|p2a: Chesnaught|Trailblaze|p1a: Ninetales\n|-damage|p1a: Ninetales|151/242\n|\n|-weather|Snowscape|[upkeep]\n|upkeep\n|turn|75\n|inactive|Time left: 300 sec this turn | 300 sec total\n|\n|t:|1783568399\n|move|p2a: Chesnaught|Body Press|p1a: Ninetales\n|-damage|p1a: Ninetales|0 fnt\n|faint|p1a: Ninetales\n|\n|-weather|Snowscape|[upkeep]\n|upkeep\n|inactive|Time left: 300 sec this turn | 300 sec total | 5 sec grace\n|\n|t:|1783568400\n|switch|p1a: Scream Tail|Scream Tail, L84|307/330\n|-activate|p1a: Scream Tail|move: Sticky Web\n|-unboost|p1a: Scream Tail|spe|1\n|turn|76\n|inactive|Time left: 300 sec this turn | 300 sec total\n|\n|t:|1783568401\n|switch|p2a: Rampardos|Rampardos, L90, F|81/100\n|move|p1a: Scream Tail|Thunder Wave|p2a: Rampardos\n|-status|p2a: Rampardos|par\n|\n|-weather|Snowscape|[upkeep]\n|-heal|p1a: Scream Tail|327/330|[from] item: Leftovers\n|upkeep\n|turn|77\n|inactive|Time left: 300 sec this turn | 300 sec total\n|\n|t:|1783568401\n|move|p1a: Scream Tail|Play Rough|p2a: Rampardos\n|-damage|p2a: Rampardos|53/100 par\n|move|p2a: Rampardos|Rock Slide|p1a: Scream Tail\n|-damage|p1a: Scream Tail|120/330\n|\n|-weather|Snowscape|[upkeep]\n|-heal|p1a: Scream Tail|140/330|[from] item: Leftovers\n|upkeep\n|turn|78\n|inactive|Time left: 300 sec this turn | 300 sec total\n|\n|t:|1783568402\n|move|p1a: Scream Tail|Play Rough|p2a: Rampardos\n|-damage|p2a: Rampardos|27/100 par\n|move|p2a: Rampardos|Rock Slide|p1a: Scream Tail\n|-damage|p1a: Scream Tail|0 fnt\n|faint|p1a: Scream Tail\n|-end|p1a: Scream Tail|Protosynthesis|[silent]\n|\n|win|p0y2443ebbd", "uploadtime": 1783568402, "views": 0, "rating": 0, "private": 0, "password": null, "_winner": "p0y2443ebbd", "_our_name": "p0x2443d7dd"}