{"id": "battle-gen9randombattle-1692", "formatid": "gen9randombattle", "format": "[Gen 9] Random Battle", "players": ["p0x16924c22", "p0y1692be01"], "log": "|init|battle\n|title|p0x16924c22 vs. p0y1692be01\n|j|\u2606p0x16924c22\n|j|\u2606p0y1692be01\n|t:|1783558816\n|gametype|singles\n|player|p1|p0x16924c22|2|\n|player|p2|p0y1692be01|102|\n|gen|9\n|tier|[Gen 9] Random Battle\n|rule|Species Clause: Limit one of each Pok\u00e9mon\n|rule|HP Percentage Mod: HP is shown in percentages\n|rule|Sleep Clause Mod: Limit one foe put to sleep\n|rule|Illusion Level Mod: Illusion disguises the Pok\u00e9mon's true level\n|\n|t:|1783558816\n|teamsize|p1|6\n|teamsize|p2|6\n|start\n|switch|p1a: Haxorus|Haxorus, L77, M|244/244\n|switch|p2a: Sandy Shocks|Sandy Shocks, L80|100/100\n|-ability|p1a: Haxorus|Mold Breaker\n|turn|1\n|inactive|Battle timer is ON: inactive players will automatically lose when time's up. (requested by p0x16924c22)\n|inactive|p0y1692be01 also wants the timer to be on.\n|\n|t:|1783558817\n|move|p2a: Sandy Shocks|Earth Power|p1a: Haxorus\n|-damage|p1a: Haxorus|109/244\n|move|p1a: Haxorus|Outrage|p2a: Sandy Shocks\n|-damage|p2a: Sandy Shocks|45/100\n|\n|-heal|p2a: Sandy Shocks|51/100|[from] item: Leftovers\n|upkeep\n|turn|2\n|inactive|Time left: 300 sec this turn | 300 sec total\n|\n|t:|1783558818\n|move|p2a: Sandy Shocks|Earth Power|p1a: Haxorus\n|-damage|p1a: Haxorus|0 fnt\n|faint|p1a: Haxorus\n|\n|-heal|p2a: Sandy Shocks|57/100|[from] item: Leftovers\n|upkeep\n|inactive|Time left: 300 sec this turn | 300 sec total | 5 sec grace\n|\n|t:|1783558819\n|switch|p1a: Komala|Komala, L87, F|255/255\n|-ability|p1a: Komala|Comatose\n|turn|3\n|inactive|Time left: 300 sec this turn | 300 sec total\n|\n|t:|1783558821\n|move|p2a: Sandy Shocks|Earth Power|p1a: Komala\n|-damage|p1a: Komala|188/255\n|move|p1a: Komala|Earthquake|p2a: Sandy Shocks\n|-supereffective|p2a: Sandy Shocks\n|-damage|p2a: Sandy Shocks|0 fnt\n|faint|p2a: Sandy Shocks\n|-end|p2a: Sandy Shocks|Protosynthesis|[silent]\n|\n|upkeep\n|\n|t:|1783558821\n|switch|p2a: Great Tusk|Great Tusk, L77|100/100\n|-enditem|p2a: Great Tusk|Booster Energy\n|-activate|p2a: Great Tusk|ability: Protosynthesis|[fromitem]\n|-start|p2a: Great Tusk|protosynthesisatk\n|turn|4\n|inactive|Time left: 300 sec this turn | 300 sec total\n|\n|t:|1783558823\n|switch|p1a: Zapdos|Zapdos-Galar, L77|265/265\n|move|p2a: Great Tusk|Bulk Up|p2a: Great Tusk\n|-boost|p2a: Great Tusk|atk|1\n|-boost|p2a: Great Tusk|def|1\n|\n|upkeep\n|turn|5\n|inactive|Time left: 300 sec this turn | 300 sec total\n|\n|t:|1783558824\n|move|p1a: Zapdos|Brave Bird|p2a: Great Tusk\n|-supereffective|p2a: Great Tusk\n|-damage|p2a: Great Tusk|33/100\n|-damage|p1a: Zapdos|197/265|[from] Recoil\n|move|p2a: Great Tusk|Stone Edge|p1a: Zapdos\n|-damage|p1a: Zapdos|47/265\n|\n|upkeep\n|turn|6\n|inactive|Time left: 300 sec this turn | 300 sec total\n|\n|t:|1783558825\n|-terastallize|p2a: Great Tusk|Steel\n|move|p1a: Zapdos|Brave Bird|p2a: Great Tusk\n|-resisted|p2a: Great Tusk\n|-damage|p2a: Great Tusk|15/100\n|-damage|p1a: Zapdos|30/265|[from] Recoil\n|move|p2a: Great Tusk|Bulk Up|p2a: Great Tusk\n|-boost|p2a: Great Tusk|atk|1\n|-boost|p2a: Great Tusk|def|1\n|\n|upkeep\n|turn|7\n|inactive|Time left: 300 sec this turn | 300 sec total\n|\n|t:|1783558826\n|move|p1a: Zapdos|Brave Bird|p2a: Great Tusk\n|-resisted|p2a: Great Tusk\n|-damage|p2a: Great Tusk|2/100\n|-damage|p1a: Zapdos|16/265|[from] Recoil\n|move|p2a: Great Tusk|Stone Edge|p1a: Zapdos\n|-damage|p1a: Zapdos|0 fnt\n|faint|p1a: Zapdos\n|\n|upkeep\n|inactive|Time left: 300 sec this turn | 300 sec total | 5 sec grace\n|\n|t:|1783558827\n|switch|p1a: Crawdaunt|Crawdaunt, L84, F|243/243\n|turn|8\n|inactive|Time left: 300 sec this turn | 300 sec total\n|\n|t:|1783558828\n|move|p1a: Crawdaunt|Aqua Jet|p2a: Great Tusk\n|-damage|p2a: Great Tusk|0 fnt\n|faint|p2a: Great Tusk\n|-end|p2a: Great Tusk|Protosynthesis|[silent]\n|-damage|p1a: Crawdaunt|219/243|[from] item: Life Orb\n|\n|upkeep\n|\n|t:|1783558829\n|switch|p2a: Indeedee|Indeedee-F, L90, F|100/100\n|-fieldstart|move: Psychic Terrain|[from] ability: Psychic Surge|[of] p2a: Indeedee\n|turn|9\n|inactive|Time left: 300 sec this turn | 300 sec total\n|\n|t:|1783558830\n|move|p2a: Indeedee|Dazzling Gleam|p1a: Crawdaunt\n|-supereffective|p1a: Crawdaunt\n|-damage|p1a: Crawdaunt|6/243\n|-damage|p2a: Indeedee|91/100|[from] item: Life Orb\n|move|p1a: Crawdaunt|Knock Off|p2a: Indeedee\n|-supereffective|p2a: Indeedee\n|-damage|p2a: Indeedee|0 fnt\n|-enditem|p2a: Indeedee|Life Orb|[from] move: Knock Off|[of] p1a: Crawdaunt\n|faint|p2a: Indeedee\n|-damage|p1a: Crawdaunt|0 fnt|[from] item: Life Orb\n|faint|p1a: Crawdaunt\n|\n|upkeep\n|inactive|Time left: 300 sec this turn | 300 sec total | 5 sec grace\n|\n|t:|1783558831\n|switch|p2a: Fezandipiti|Fezandipiti, L82, M|100/100\n|switch|p1a: Komala|Komala, L87, F|188/255\n|-ability|p1a: Komala|Comatose\n|turn|10\n|inactive|Time left: 300 sec this turn | 300 sec total\n|\n|t:|1783558832\n|move|p2a: Fezandipiti|Swords Dance|p2a: Fezandipiti\n|-boost|p2a: Fezandipiti|atk|2\n|move|p1a: Komala|Body Slam|p2a: Fezandipiti\n|-damage|p2a: Fezandipiti|58/100\n|\n|-heal|p2a: Fezandipiti|64/100|[from] item: Leftovers\n|upkeep\n|turn|11\n|inactive|Time left: 300 sec this turn | 300 sec total\n|\n|t:|1783558833\n|switch|p1a: Scizor|Scizor, L79, M|240/240\n|move|p2a: Fezandipiti|Play Rough|p1a: Scizor\n|-resisted|p1a: Scizor\n|-damage|p1a: Scizor|157/240\n|\n|-heal|p2a: Fezandipiti|70/100|[from] item: Leftovers\n|upkeep\n|turn|12\n|inactive|Time left: 300 sec this turn | 300 sec total\n|\n|t:|1783558834\n|move|p2a: Fezandipiti|Play Rough|p1a: Scizor|[miss]\n|-miss|p2a: Fezandipiti|p1a: Scizor\n|move|p1a: Scizor|Swords Dance|p1a: Scizor\n|-boost|p1a: Scizor|atk|2\n|\n|-heal|p2a: Fezandipiti|76/100|[from] item: Leftovers\n|upkeep\n|turn|13\n|inactive|Time left: 300 sec this turn | 300 sec total\n|\n|t:|1783558835\n|move|p2a: Fezandipiti|Play Rough|p1a: Scizor\n|-resisted|p1a: Scizor\n|-damage|p1a: Scizor|73/240\n|move|p1a: Scizor|Swords Dance|p1a: Scizor\n|-boost|p1a: Scizor|atk|2\n|\n|-heal|p2a: Fezandipiti|83/100|[from] item: Leftovers\n|-fieldend|move: Psychic Terrain\n|upkeep\n|turn|14\n|inactive|Time left: 300 sec this turn | 300 sec total\n|\n|t:|1783558837\n|move|p1a: Scizor|Bullet Punch|p2a: Fezandipiti\n|-supereffective|p2a: Fezandipiti\n|-damage|p2a: Fezandipiti|0 fnt\n|faint|p2a: Fezandipiti\n|-damage|p1a: Scizor|49/240|[from] item: Life Orb\n|\n|upkeep\n|\n|t:|1783558838\n|switch|p2a: Pyroar|Pyroar, L88, M|100/100\n|-ability|p2a: Pyroar|Unnerve\n|turn|15\n|inactive|Time left: 300 sec this turn | 300 sec total\n|\n|t:|1783558839\n|move|p1a: Scizor|Bullet Punch|p2a: Pyroar\n|-resisted|p2a: Pyroar\n|-damage|p2a: Pyroar|45/100\n|-damage|p1a: Scizor|25/240|[from] item: Life Orb\n|move|p2a: Pyroar|Hyper Voice|p1a: Scizor\n|-resisted|p1a: Scizor\n|-damage|p1a: Scizor|0 fnt\n|faint|p1a: Scizor\n|\n|upkeep\n|inactive|Time left: 300 sec this turn | 300 sec total | 5 sec grace\n|\n|t:|1783558840\n|switch|p1a: Regirock|Regirock, L83|268/268\n|turn|16\n|inactive|Time left: 300 sec this turn | 300 sec total\n|\n|t:|1783558841\n|switch|p2a: Chimecho|Chimecho, L93, M|100/100\n|-terastallize|p1a: Regirock|Fighting\n|move|p1a: Regirock|Body Press|p2a: Chimecho\n|-resisted|p2a: Chimecho\n|-damage|p2a: Chimecho|74/100\n|\n|-heal|p2a: Chimecho|80/100|[from] item: Leftovers\n|upkeep\n|turn|17\n|inactive|Time left: 300 sec this turn | 300 sec total\n|\n|t:|1783558842\n|switch|p1a: Komala|Komala, L87, F|188/255\n|-ability|p1a: Komala|Comatose\n|move|p2a: Chimecho|Cosmic Power|p2a: Chimecho\n|-boost|p2a: Chimecho|def|1\n|-boost|p2a: Chimecho|spd|1\n|\n|-heal|p2a: Chimecho|86/100|[from] item: Leftovers\n|upkeep\n|turn|18\n|inactive|Time left: 300 sec this turn | 300 sec total\n|\n|t:|1783558843\n|move|p2a: Chimecho|Cosmic Power|p2a: Chimecho\n|-boost|p2a: Chimecho|def|1\n|-boost|p2a: Chimecho|spd|1\n|move|p1a: Komala|Knock Off|p2a: Chimecho\n|-supereffective|p2a: Chimecho\n|-damage|p2a: Chimecho|57/100\n|-enditem|p2a: Chimecho|Leftovers|[from] move: Knock Off|[of] p1a: Komala\n|\n|upkeep\n|turn|19\n|inactive|Time left: 300 sec this turn | 300 sec total\n|\n|t:|1783558845\n|move|p2a: Chimecho|Stored Power|p1a: Komala\n|-crit|p1a: Komala\n|-damage|p1a: Komala|79/255\n|move|p1a: Komala|Body Slam|p2a: Chimecho\n|-damage|p2a: Chimecho|40/100\n|\n|upkeep\n|turn|20\n|inactive|Time left: 300 sec this turn | 300 sec total\n|\n|t:|1783558846\n|move|p2a: Chimecho|Stored Power|p1a: Komala\n|-damage|p1a: Komala|1/255\n|move|p1a: Komala|Body Slam|p2a: Chimecho\n|-damage|p2a: Chimecho|22/100\n|\n|upkeep\n|turn|21\n|inactive|Time left: 300 sec this turn | 300 sec total\n|\n|t:|1783558847\n|move|p2a: Chimecho|Stored Power|p1a: Komala\n|-damage|p1a: Komala|0 fnt\n|faint|p1a: Komala\n|\n|upkeep\n|inactive|Time left: 300 sec this turn | 300 sec total | 5 sec grace\n|\n|t:|1783558848\n|switch|p1a: Regirock|Regirock, L83, tera:Fighting|268/268\n|turn|22\n|inactive|Time left: 300 sec this turn | 300 sec total\n|\n|t:|1783558849\n|move|p2a: Chimecho|Stored Power|p1a: Regirock\n|-supereffective|p1a: Regirock\n|-damage|p1a: Regirock|44/268\n|move|p1a: Regirock|Stone Edge|p2a: Chimecho|[miss]\n|-miss|p1a: Regirock|p2a: Chimecho\n|\n|upkeep\n|turn|23\n|inactive|Time left: 300 sec this turn | 300 sec total\n|\n|t:|1783558850\n|move|p2a: Chimecho|Dazzling Gleam|p1a: Regirock\n|-supereffective|p1a: Regirock\n|-damage|p1a: Regirock|0 fnt\n|faint|p1a: Regirock\n|\n|win|p0y1692be01", "uploadtime": 1783558850, "views": 0, "rating": 0, "private": 0, "password": null, "_winner": "p0y1692be01", "_our_name": "p0x16924c22"}