{"id": "battle-gen9randombattle-1125", "formatid": "gen9randombattle", "format": "[Gen 9] Random Battle", "players": ["p0x11253a32", "p0y11259cf3"], "log": "|init|battle\n|title|p0x11253a32 vs. p0y11259cf3\n|j|\u2606p0x11253a32\n|j|\u2606p0y11259cf3\n|t:|1783552193\n|gametype|singles\n|player|p1|p0x11253a32|102|\n|player|p2|p0y11259cf3|2|\n|gen|9\n|tier|[Gen 9] Random Battle\n|rule|Species Clause: Limit one of each Pok\u00e9mon\n|rule|HP Percentage Mod: HP is shown in percentages\n|rule|Sleep Clause Mod: Limit one foe put to sleep\n|rule|Illusion Level Mod: Illusion disguises the Pok\u00e9mon's true level\n|\n|t:|1783552193\n|teamsize|p1|6\n|teamsize|p2|6\n|start\n|switch|p1a: Politoed|Politoed, L88, F|302/302\n|switch|p2a: Minior|Minior-Blue, L79|100/100\n|-weather|RainDance|[from] ability: Drizzle|[of] p1a: Politoed\n|-formechange|p2a: Minior|Minior-Meteor||[from] ability: Shields Down\n|turn|1\n|inactive|Battle timer is ON: inactive players will automatically lose when time's up. (requested by p0x11253a32)\n|inactive|p0y11259cf3 also wants the timer to be on.\n|\n|t:|1783552194\n|switch|p2a: Venusaur|Venusaur, L84, F|100/100\n|move|p1a: Politoed|Hydro Pump|p2a: Venusaur|[miss]\n|-miss|p1a: Politoed|p2a: Venusaur\n|\n|-weather|RainDance|[upkeep]\n|upkeep\n|turn|2\n|inactive|Time left: 300 sec this turn | 300 sec total\n|\n|t:|1783552196\n|move|p2a: Venusaur|Knock Off|p1a: Politoed\n|-damage|p1a: Politoed|235/302\n|-enditem|p1a: Politoed|Chesto Berry|[from] move: Knock Off|[of] p2a: Venusaur\n|move|p1a: Politoed|Ice Beam|p2a: Venusaur\n|-supereffective|p2a: Venusaur\n|-damage|p2a: Venusaur|53/100\n|\n|-weather|RainDance|[upkeep]\n|-heal|p2a: Venusaur|59/100|[from] item: Leftovers\n|upkeep\n|turn|3\n|inactive|Time left: 300 sec this turn | 300 sec total\n|\n|t:|1783552197\n|move|p2a: Venusaur|Sleep Powder|p1a: Politoed\n|-status|p1a: Politoed|slp|[from] move: Sleep Powder\n|cant|p1a: Politoed|slp\n|\n|-weather|RainDance|[upkeep]\n|-heal|p2a: Venusaur|65/100|[from] item: Leftovers\n|upkeep\n|turn|4\n|inactive|Time left: 300 sec this turn | 300 sec total\n|\n|t:|1783552198\n|move|p2a: Venusaur|Sludge Bomb|p1a: Politoed\n|-damage|p1a: Politoed|147/302 slp\n|-curestatus|p1a: Politoed|slp|[msg]\n|move|p1a: Politoed|Ice Beam|p2a: Venusaur\n|-supereffective|p2a: Venusaur\n|-damage|p2a: Venusaur|20/100\n|\n|-weather|RainDance|[upkeep]\n|-heal|p2a: Venusaur|26/100|[from] item: Leftovers\n|upkeep\n|turn|5\n|inactive|Time left: 300 sec this turn | 300 sec total\n|\n|t:|1783552199\n|move|p2a: Venusaur|Sleep Powder|p1a: Politoed|[miss]\n|-miss|p2a: Venusaur|p1a: Politoed\n|move|p1a: Politoed|Ice Beam|p2a: Venusaur\n|-supereffective|p2a: Venusaur\n|-damage|p2a: Venusaur|0 fnt\n|faint|p2a: Venusaur\n|\n|-weather|none\n|upkeep\n|\n|t:|1783552201\n|switch|p2a: Mesprit|Mesprit, L85|100/100\n|turn|6\n|inactive|Time left: 300 sec this turn | 300 sec total\n|\n|t:|1783552202\n|move|p2a: Mesprit|Thunderbolt|p1a: Politoed\n|-supereffective|p1a: Politoed\n|-damage|p1a: Politoed|0 fnt\n|faint|p1a: Politoed\n|\n|upkeep\n|inactive|Time left: 300 sec this turn | 300 sec total | 5 sec grace\n|\n|t:|1783552203\n|switch|p1a: Frosmoth|Frosmoth, L82, F|249/249\n|turn|7\n|inactive|Time left: 300 sec this turn | 300 sec total\n|\n|t:|1783552205\n|switch|p2a: Scizor|Scizor, L79, F|100/100\n|move|p1a: Frosmoth|Quiver Dance|p1a: Frosmoth\n|-boost|p1a: Frosmoth|spa|1\n|-boost|p1a: Frosmoth|spd|1\n|-boost|p1a: Frosmoth|spe|1\n|\n|upkeep\n|turn|8\n|inactive|Time left: 300 sec this turn | 300 sec total\n|\n|t:|1783552206\n|-terastallize|p1a: Frosmoth|Water\n|move|p2a: Scizor|Bullet Punch|p1a: Frosmoth\n|-resisted|p1a: Frosmoth\n|-damage|p1a: Frosmoth|180/249\n|move|p1a: Frosmoth|Ice Beam|p2a: Scizor\n|-resisted|p2a: Scizor\n|-damage|p2a: Scizor|58/100\n|\n|upkeep\n|turn|9\n|inactive|Time left: 300 sec this turn | 300 sec total\n|\n|t:|1783552207\n|move|p2a: Scizor|Bullet Punch|p1a: Frosmoth\n|-resisted|p1a: Frosmoth\n|-damage|p1a: Frosmoth|106/249\n|move|p1a: Frosmoth|Ice Beam|p2a: Scizor\n|-resisted|p2a: Scizor\n|-damage|p2a: Scizor|20/100\n|\n|upkeep\n|turn|10\n|inactive|Time left: 300 sec this turn | 300 sec total\n|\n|t:|1783552208\n|move|p2a: Scizor|Bullet Punch|p1a: Frosmoth\n|-resisted|p1a: Frosmoth\n|-damage|p1a: Frosmoth|37/249\n|move|p1a: Frosmoth|Bug Buzz|p2a: Scizor\n|-resisted|p2a: Scizor\n|-damage|p2a: Scizor|0 fnt\n|faint|p2a: Scizor\n|\n|upkeep\n|\n|t:|1783552209\n|switch|p2a: Arceus|Arceus-Fire, L72|100/100\n|turn|11\n|inactive|Time left: 300 sec this turn | 300 sec total\n|\n|t:|1783552210\n|move|p1a: Frosmoth|Hurricane|p2a: Arceus\n|-damage|p2a: Arceus|62/100\n|-start|p2a: Arceus|confusion\n|-activate|p2a: Arceus|confusion\n|-damage|p2a: Arceus|53/100|[from] confusion\n|\n|upkeep\n|turn|12\n|inactive|Time left: 300 sec this turn | 300 sec total\n|\n|t:|1783552211\n|move|p1a: Frosmoth|Ice Beam|p2a: Arceus\n|-resisted|p2a: Arceus\n|-damage|p2a: Arceus|29/100\n|-activate|p2a: Arceus|confusion\n|-damage|p2a: Arceus|22/100|[from] confusion\n|\n|upkeep\n|turn|13\n|inactive|Time left: 300 sec this turn | 300 sec total\n|\n|t:|1783552211\n|move|p1a: Frosmoth|Quiver Dance|p1a: Frosmoth\n|-boost|p1a: Frosmoth|spa|1\n|-boost|p1a: Frosmoth|spd|1\n|-boost|p1a: Frosmoth|spe|1\n|-end|p2a: Arceus|confusion\n|move|p2a: Arceus|Earthquake|p1a: Frosmoth\n|-crit|p1a: Frosmoth\n|-damage|p1a: Frosmoth|0 fnt\n|faint|p1a: Frosmoth\n|\n|upkeep\n|inactive|Time left: 300 sec this turn | 300 sec total | 5 sec grace\n|\n|t:|1783552212\n|switch|p1a: Articuno|Articuno-Galar, L84|288/288\n|turn|14\n|inactive|Time left: 300 sec this turn | 300 sec total\n|\n|t:|1783552213\n|move|p2a: Arceus|Recover|p2a: Arceus\n|-heal|p2a: Arceus|72/100\n|move|p1a: Articuno|Calm Mind|p1a: Articuno\n|-boost|p1a: Articuno|spa|1\n|-boost|p1a: Articuno|spd|1\n|\n|upkeep\n|turn|15\n|inactive|Time left: 300 sec this turn | 300 sec total\n|\n|t:|1783552214\n|move|p2a: Arceus|Flare Blitz|p1a: Articuno\n|-damage|p1a: Articuno|144/288\n|-damage|p2a: Arceus|55/100|[from] Recoil\n|move|p1a: Articuno|Freezing Glare|p2a: Arceus\n|-damage|p2a: Arceus|1/100\n|\n|upkeep\n|turn|16\n|inactive|Time left: 300 sec this turn | 300 sec total\n|\n|t:|1783552216\n|-terastallize|p2a: Arceus|Fire\n|move|p2a: Arceus|Flare Blitz|p1a: Articuno\n|-damage|p1a: Articuno|0 fnt\n|faint|p1a: Articuno\n|-damage|p2a: Arceus|0 fnt|[from] Recoil\n|faint|p2a: Arceus\n|\n|upkeep\n|inactive|Time left: 300 sec this turn | 300 sec total | 5 sec grace\n|\n|t:|1783552217\n|switch|p2a: Rhydon|Rhydon, L85, F|100/100\n|switch|p1a: Jolteon|Jolteon, L84, M|246/246\n|turn|17\n|inactive|Time left: 300 sec this turn | 300 sec total\n|\n|t:|1783552217\n|move|p1a: Jolteon|Alluring Voice|p2a: Rhydon\n|-damage|p2a: Rhydon|80/100\n|move|p2a: Rhydon|Earthquake|p1a: Jolteon\n|-supereffective|p1a: Jolteon\n|-damage|p1a: Jolteon|0 fnt\n|faint|p1a: Jolteon\n|\n|upkeep\n|inactive|Time left: 300 sec this turn | 300 sec total | 5 sec grace\n|\n|t:|1783552218\n|switch|p1a: Glimmora|Glimmora, L75, F|248/248\n|turn|18\n|inactive|Time left: 300 sec this turn | 300 sec total\n|\n|t:|1783552219\n|move|p1a: Glimmora|Energy Ball|p2a: Rhydon\n|-supereffective|p2a: Rhydon\n|-damage|p2a: Rhydon|0 fnt\n|faint|p2a: Rhydon\n|\n|upkeep\n|\n|t:|1783552220\n|switch|p2a: Mesprit|Mesprit, L85|100/100\n|turn|19\n|inactive|Time left: 300 sec this turn | 300 sec total\n|\n|t:|1783552221\n|switch|p1a: Deoxys|Deoxys-Speed, L82|216/216\n|-ability|p1a: Deoxys|Pressure\n|move|p2a: Mesprit|Psychic|p1a: Deoxys\n|-resisted|p1a: Deoxys\n|-damage|p1a: Deoxys|132/216\n|\n|-heal|p1a: Deoxys|145/216|[from] item: Leftovers\n|upkeep\n|turn|20\n|inactive|Time left: 300 sec this turn | 300 sec total\n|\n|t:|1783552222\n|move|p1a: Deoxys|Spikes|p2a: Mesprit\n|-sidestart|p2: p0y11259cf3|Spikes\n|move|p2a: Mesprit|Psychic|p1a: Deoxys\n|-resisted|p1a: Deoxys\n|-damage|p1a: Deoxys|61/216\n|\n|-heal|p1a: Deoxys|74/216|[from] item: Leftovers\n|upkeep\n|turn|21\n|inactive|Time left: 300 sec this turn | 300 sec total\n|\n|t:|1783552224\n|move|p1a: Deoxys|Psycho Boost|p2a: Mesprit\n|-resisted|p2a: Mesprit\n|-damage|p2a: Mesprit|81/100\n|-unboost|p1a: Deoxys|spa|2\n|move|p2a: Mesprit|Psychic|p1a: Deoxys\n|-resisted|p1a: Deoxys\n|-damage|p1a: Deoxys|0 fnt\n|faint|p1a: Deoxys\n|\n|upkeep\n|inactive|Time left: 300 sec this turn | 300 sec total | 5 sec grace\n|\n|t:|1783552225\n|switch|p1a: Glimmora|Glimmora, L75, F|248/248\n|turn|22\n|inactive|Time left: 300 sec this turn | 300 sec total\n|\n|t:|1783552226\n|move|p2a: Mesprit|Psychic|p1a: Glimmora\n|-supereffective|p1a: Glimmora\n|-damage|p1a: Glimmora|0 fnt\n|faint|p1a: Glimmora\n|\n|win|p0y11259cf3", "uploadtime": 1783552226, "views": 0, "rating": 0, "private": 0, "password": null, "_winner": "p0y11259cf3", "_our_name": "p0x11253a32"}