{"id": "battle-gen9randombattle-2993", "formatid": "gen9randombattle", "format": "[Gen 9] Random Battle", "players": ["p0x29935f7d", "p0y29934a8c"], "log": "|init|battle\n|title|p0x29935f7d vs. p0y29934a8c\n|j|\u2606p0x29935f7d\n|j|\u2606p0y29934a8c\n|t:|1783574478\n|gametype|singles\n|player|p1|p0x29935f7d|2|\n|player|p2|p0y29934a8c|2|\n|gen|9\n|tier|[Gen 9] Random Battle\n|rule|Species Clause: Limit one of each Pok\u00e9mon\n|rule|HP Percentage Mod: HP is shown in percentages\n|rule|Sleep Clause Mod: Limit one foe put to sleep\n|rule|Illusion Level Mod: Illusion disguises the Pok\u00e9mon's true level\n|\n|t:|1783574478\n|teamsize|p1|6\n|teamsize|p2|6\n|start\n|switch|p1a: Palkia|Palkia, L75|100/100\n|switch|p2a: Drifblim|Drifblim, L86, F|398/398\n|-ability|p1a: Palkia|Pressure\n|turn|1\n|inactive|Battle timer is ON: inactive players will automatically lose when time's up. (requested by p0y29934a8c)\n|\n|t:|1783574479\n|move|p1a: Palkia|Hydro Pump|p2a: Drifblim\n|-damage|p2a: Drifblim|224/398\n|move|p2a: Drifblim|Strength Sap|p1a: Palkia\n|-unboost|p1a: Palkia|atk|1\n|-heal|p2a: Drifblim|398/398\n|\n|upkeep\n|turn|2\n|inactive|Time left: 300 sec this turn | 300 sec total\n|inactive|p0x29935f7d also wants the timer to be on.\n|\n|t:|1783574480\n|move|p1a: Palkia|Hydro Pump|p2a: Drifblim|[miss]\n|-miss|p1a: Palkia|p2a: Drifblim\n|move|p2a: Drifblim|Shadow Ball|p1a: Palkia\n|-crit|p1a: Palkia\n|-damage|p1a: Palkia|56/100\n|\n|upkeep\n|turn|3\n|inactive|Time left: 300 sec this turn | 300 sec total\n|\n|t:|1783574481\n|switch|p2a: Stantler|Stantler, L92, F|284/284\n|-ability|p2a: Stantler|Intimidate|boost\n|-unboost|p1a: Palkia|atk|1\n|move|p1a: Palkia|Hydro Pump|p2a: Stantler\n|-damage|p2a: Stantler|182/284\n|\n|upkeep\n|turn|4\n|inactive|Time left: 300 sec this turn | 300 sec total\n|\n|t:|1783574482\n|move|p1a: Palkia|Hydro Pump|p2a: Stantler|[miss]\n|-miss|p1a: Palkia|p2a: Stantler\n|move|p2a: Stantler|Calm Mind|p2a: Stantler\n|-boost|p2a: Stantler|spa|1\n|-boost|p2a: Stantler|spd|1\n|\n|upkeep\n|turn|5\n|inactive|Time left: 300 sec this turn | 300 sec total\n|\n|t:|1783574483\n|move|p1a: Palkia|Hydro Pump|p2a: Stantler\n|-damage|p2a: Stantler|109/284\n|move|p2a: Stantler|Tera Blast|p1a: Palkia\n|-damage|p1a: Palkia|12/100\n|\n|upkeep\n|turn|6\n|inactive|Time left: 300 sec this turn | 300 sec total\n|\n|t:|1783574484\n|move|p1a: Palkia|Hydro Pump|p2a: Stantler\n|-damage|p2a: Stantler|37/284\n|move|p2a: Stantler|Tera Blast|p1a: Palkia\n|-damage|p1a: Palkia|0 fnt\n|faint|p1a: Palkia\n|\n|upkeep\n|\n|t:|1783574485\n|switch|p1a: Swalot|Swalot, L90, F|100/100\n|turn|7\n|inactive|Time left: 300 sec this turn | 300 sec total\n|\n|t:|1783574486\n|move|p2a: Stantler|Earth Power|p1a: Swalot\n|-supereffective|p1a: Swalot\n|-damage|p1a: Swalot|38/100\n|move|p1a: Swalot|Knock Off|p2a: Stantler\n|-damage|p2a: Stantler|0 fnt\n|-enditem|p2a: Stantler|Eviolite|[from] move: Knock Off|[of] p1a: Swalot\n|faint|p2a: Stantler\n|\n|-heal|p1a: Swalot|44/100|[from] item: Leftovers\n|upkeep\n|inactive|Time left: 300 sec this turn | 300 sec total | 5 sec grace\n|\n|t:|1783574487\n|switch|p2a: Enamorus|Enamorus-Therian, L83, F|259/259\n|turn|8\n|inactive|Time left: 300 sec this turn | 300 sec total\n|\n|t:|1783574488\n|move|p1a: Swalot|Knock Off|p2a: Enamorus\n|-resisted|p2a: Enamorus\n|-damage|p2a: Enamorus|231/259\n|-enditem|p2a: Enamorus|Weakness Policy|[from] move: Knock Off|[of] p1a: Swalot\n|move|p2a: Enamorus|Earth Power|p1a: Swalot\n|-supereffective|p1a: Swalot\n|-damage|p1a: Swalot|0 fnt\n|faint|p1a: Swalot\n|\n|upkeep\n|\n|t:|1783574489\n|switch|p1a: Eiscue|Eiscue, L88, F|100/100\n|turn|9\n|inactive|Time left: 300 sec this turn | 300 sec total\n|\n|t:|1783574490\n|move|p1a: Eiscue|Belly Drum|p1a: Eiscue\n|-damage|p1a: Eiscue|50/100\n|-setboost|p1a: Eiscue|atk|6|[from] move: Belly Drum\n|-enditem|p1a: Eiscue|Sitrus Berry|[eat]\n|-heal|p1a: Eiscue|75/100|[from] item: Sitrus Berry\n|move|p2a: Enamorus|Moonblast|p1a: Eiscue\n|-damage|p1a: Eiscue|31/100\n|\n|upkeep\n|turn|10\n|inactive|Time left: 300 sec this turn | 300 sec total\n|\n|t:|1783574491\n|move|p1a: Eiscue|Ice Spinner|p2a: Enamorus\n|-supereffective|p2a: Enamorus\n|-damage|p2a: Enamorus|0 fnt\n|faint|p2a: Enamorus\n|\n|upkeep\n|inactive|Time left: 300 sec this turn | 300 sec total | 5 sec grace\n|\n|t:|1783574492\n|switch|p2a: Azelf|Azelf, L82|257/257\n|turn|11\n|inactive|Time left: 300 sec this turn | 300 sec total\n|\n|t:|1783574493\n|switch|p1a: Honchkrow|Honchkrow, L86, M|100/100\n|move|p2a: Azelf|Psychic|p1a: Honchkrow\n|-immune|p1a: Honchkrow\n|\n|upkeep\n|turn|12\n|inactive|Time left: 300 sec this turn | 300 sec total\n|\n|t:|1783574494\n|switch|p2a: Pecharunt|Pecharunt, L77|262/262\n|move|p1a: Honchkrow|Lash Out|p2a: Pecharunt\n|-supereffective|p2a: Pecharunt\n|-damage|p2a: Pecharunt|134/262\n|\n|-heal|p2a: Pecharunt|150/262|[from] item: Leftovers\n|upkeep\n|turn|13\n|inactive|Time left: 300 sec this turn | 300 sec total\n|\n|t:|1783574495\n|move|p2a: Pecharunt|Parting Shot|p1a: Honchkrow\n|-unboost|p1a: Honchkrow|atk|1\n|-unboost|p1a: Honchkrow|spa|1\n|inactive|Time left: 300 sec this turn | 300 sec total | 5 sec grace\n|\n|t:|1783574496\n|switch|p2a: Krookodile|Krookodile, L79, F|280/280|[from] Parting Shot\n|-ability|p2a: Krookodile|Intimidate|boost\n|-unboost|p1a: Honchkrow|atk|1\n|move|p1a: Honchkrow|Lash Out|p2a: Krookodile\n|-resisted|p2a: Krookodile\n|-damage|p2a: Krookodile|222/280\n|\n|upkeep\n|turn|14\n|inactive|Time left: 300 sec this turn | 300 sec total\n|\n|t:|1783574497\n|switch|p1a: Eiscue|Eiscue, L88, F|31/100\n|move|p2a: Krookodile|Gunk Shot|p1a: Eiscue\n|-activate|p1a: Eiscue|ability: Ice Face\n|-damage|p1a: Eiscue|31/100\n|detailschange|p1a: Eiscue|Eiscue-Noice, L88, F\n|-damage|p2a: Krookodile|194/280|[from] item: Life Orb\n|\n|upkeep\n|turn|15\n|inactive|Time left: 300 sec this turn | 300 sec total\n|\n|t:|1783574498\n|switch|p2a: Pecharunt|Pecharunt, L77|150/262\n|move|p1a: Eiscue|Ice Spinner|p2a: Pecharunt\n|-damage|p2a: Pecharunt|99/262\n|\n|-heal|p2a: Pecharunt|115/262|[from] item: Leftovers\n|upkeep\n|turn|16\n|inactive|Time left: 300 sec this turn | 300 sec total\n|\n|t:|1783574499\n|switch|p1a: Blissey|Blissey, L85, F|100/100\n|move|p2a: Pecharunt|Recover|p2a: Pecharunt\n|-heal|p2a: Pecharunt|246/262\n|\n|-heal|p2a: Pecharunt|262/262|[from] item: Leftovers\n|upkeep\n|turn|17\n|inactive|Time left: 300 sec this turn | 300 sec total\n|\n|t:|1783574500\n|move|p2a: Pecharunt|Parting Shot|p1a: Blissey\n|-unboost|p1a: Blissey|atk|1\n|-unboost|p1a: Blissey|spa|1\n|inactive|Time left: 300 sec this turn | 300 sec total | 5 sec grace\n|\n|t:|1783574501\n|switch|p2a: Krookodile|Krookodile, L79, F|194/280|[from] Parting Shot\n|-ability|p2a: Krookodile|Intimidate|boost\n|-unboost|p1a: Blissey|atk|1\n|move|p1a: Blissey|Stealth Rock|p2a: Krookodile\n|-sidestart|p2: p0y29934a8c|move: Stealth Rock\n|\n|upkeep\n|turn|18\n|inactive|Time left: 300 sec this turn | 300 sec total\n|\n|t:|1783574502\n|switch|p1a: Honchkrow|Honchkrow, L86, M|100/100\n|move|p2a: Krookodile|Knock Off|p1a: Honchkrow\n|-resisted|p1a: Honchkrow\n|-damage|p1a: Honchkrow|72/100\n|-enditem|p1a: Honchkrow|Heavy-Duty Boots|[from] move: Knock Off|[of] p2a: Krookodile\n|-damage|p2a: Krookodile|166/280|[from] item: Life Orb\n|\n|upkeep\n|turn|19\n|inactive|Time left: 300 sec this turn | 300 sec total\n|\n|t:|1783574503\n|move|p2a: Krookodile|Gunk Shot|p1a: Honchkrow\n|-damage|p1a: Honchkrow|17/100\n|-damage|p2a: Krookodile|138/280|[from] item: Life Orb\n|move|p1a: Honchkrow|Brave Bird|p2a: Krookodile\n|-damage|p2a: Krookodile|0 fnt\n|faint|p2a: Krookodile\n|-ability|p1a: Honchkrow|Moxie|boost\n|-boost|p1a: Honchkrow|atk|1\n|-damage|p1a: Honchkrow|3/100|[from] Recoil\n|\n|upkeep\n|inactive|Time left: 300 sec this turn | 300 sec total | 5 sec grace\n|\n|t:|1783574504\n|switch|p2a: Pecharunt|Pecharunt, L77|262/262\n|-damage|p2a: Pecharunt|230/262|[from] Stealth Rock\n|turn|20\n|inactive|Time left: 300 sec this turn | 300 sec total\n|\n|t:|1783574505\n|move|p1a: Honchkrow|Sucker Punch|p2a: Pecharunt\n|-supereffective|p2a: Pecharunt\n|-damage|p2a: Pecharunt|30/262\n|move|p2a: Pecharunt|Shadow Ball|p1a: Honchkrow\n|-resisted|p1a: Honchkrow\n|-damage|p1a: Honchkrow|0 fnt\n|faint|p1a: Honchkrow\n|\n|-heal|p2a: Pecharunt|46/262|[from] item: Leftovers\n|upkeep\n|\n|t:|1783574506\n|switch|p1a: Salazzle|Salazzle, L83, F|100/100\n|turn|21\n|inactive|Time left: 300 sec this turn | 300 sec total\n|\n|t:|1783574507\n|move|p1a: Salazzle|Flamethrower|p2a: Pecharunt\n|-damage|p2a: Pecharunt|0 fnt\n|faint|p2a: Pecharunt\n|\n|upkeep\n|inactive|Time left: 300 sec this turn | 300 sec total | 5 sec grace\n|\n|t:|1783574508\n|switch|p2a: Azelf|Azelf, L82|257/257\n|-damage|p2a: Azelf|225/257|[from] Stealth Rock\n|turn|22\n|inactive|Time left: 300 sec this turn | 300 sec total\n|\n|t:|1783574509\n|move|p1a: Salazzle|Protect|p1a: Salazzle\n|-singleturn|p1a: Salazzle|Protect\n|move|p2a: Azelf|Psychic|p1a: Salazzle\n|-activate|p1a: Salazzle|move: Protect\n|\n|upkeep\n|turn|23\n|inactive|Time left: 300 sec this turn | 300 sec total\n|\n|t:|1783574510\n|move|p1a: Salazzle|Substitute|p1a: Salazzle\n|-start|p1a: Salazzle|Substitute\n|-damage|p1a: Salazzle|76/100\n|move|p2a: Azelf|Psychic|p1a: Salazzle\n|-supereffective|p1a: Salazzle\n|-end|p1a: Salazzle|Substitute\n|-damage|p2a: Azelf|200/257|[from] item: Life Orb\n|\n|-heal|p1a: Salazzle|82/100|[from] item: Leftovers\n|upkeep\n|turn|24\n|inactive|Time left: 300 sec this turn | 300 sec total\n|\n|t:|1783574511\n|move|p1a: Salazzle|Substitute|p1a: Salazzle\n|-start|p1a: Salazzle|Substitute\n|-damage|p1a: Salazzle|57/100\n|move|p2a: Azelf|Psychic|p1a: Salazzle\n|-supereffective|p1a: Salazzle\n|-end|p1a: Salazzle|Substitute\n|-damage|p2a: Azelf|175/257|[from] item: Life Orb\n|\n|-heal|p1a: Salazzle|63/100|[from] item: Leftovers\n|upkeep\n|turn|25\n|inactive|Time left: 300 sec this turn | 300 sec total\n|\n|t:|1783574512\n|move|p1a: Salazzle|Flamethrower|p2a: Azelf\n|-damage|p2a: Azelf|48/257\n|-status|p2a: Azelf|brn\n|move|p2a: Azelf|Psychic|p1a: Salazzle\n|-supereffective|p1a: Salazzle\n|-damage|p1a: Salazzle|0 fnt\n|faint|p1a: Salazzle\n|-damage|p2a: Azelf|23/257 brn|[from] item: Life Orb\n|\n|-damage|p2a: Azelf|7/257 brn|[from] brn\n|upkeep\n|\n|t:|1783574514\n|switch|p1a: Eiscue|Eiscue-Noice, L88, F|31/100\n|turn|26\n|inactive|Time left: 300 sec this turn | 300 sec total\n|\n|t:|1783574514\n|move|p1a: Eiscue|Liquidation|p2a: Azelf\n|-damage|p2a: Azelf|0 fnt\n|faint|p2a: Azelf\n|\n|upkeep\n|inactive|Time left: 300 sec this turn | 300 sec total | 5 sec grace\n|\n|t:|1783574515\n|switch|p2a: Drifblim|Drifblim, L86, F|398/398\n|turn|27\n|inactive|Time left: 300 sec this turn | 300 sec total\n|\n|t:|1783574516\n|switch|p1a: Blissey|Blissey, L85, F|100/100\n|move|p2a: Drifblim|Strength Sap|p1a: Blissey\n|-unboost|p1a: Blissey|atk|1\n|\n|upkeep\n|turn|28\n|inactive|Time left: 300 sec this turn | 300 sec total\n|\n|t:|1783574517\n|move|p2a: Drifblim|Strength Sap|p1a: Blissey\n|-unboost|p1a: Blissey|atk|1\n|move|p1a: Blissey|Thunder Wave|p2a: Drifblim|[miss]\n|-miss|p1a: Blissey|p2a: Drifblim\n|\n|upkeep\n|turn|29\n|inactive|Time left: 300 sec this turn | 300 sec total\n|\n|t:|1783574518\n|move|p2a: Drifblim|Air Slash|p1a: Blissey\n|-damage|p1a: Blissey|91/100\n|move|p1a: Blissey|Thunder Wave|p2a: Drifblim\n|-status|p2a: Drifblim|par\n|\n|-heal|p1a: Blissey|97/100|[from] item: Leftovers\n|upkeep\n|turn|30\n|inactive|Time left: 300 sec this turn | 300 sec total\n|\n|t:|1783574519\n|switch|p1a: Eiscue|Eiscue-Noice, L88, F|31/100\n|move|p2a: Drifblim|Shadow Ball|p1a: Eiscue\n|-damage|p1a: Eiscue|0 fnt\n|faint|p1a: Eiscue\n|\n|upkeep\n|\n|t:|1783574520\n|switch|p1a: Blissey|Blissey, L85, F|97/100\n|turn|31\n|inactive|Time left: 300 sec this turn | 300 sec total\n|\n|t:|1783574521\n|move|p1a: Blissey|Seismic Toss|p2a: Drifblim\n|-immune|p2a: Drifblim\n|move|p2a: Drifblim|Strength Sap|p1a: Blissey\n|-unboost|p1a: Blissey|atk|1\n|\n|-heal|p1a: Blissey|100/100|[from] item: Leftovers\n|upkeep\n|turn|32\n|inactive|Time left: 300 sec this turn | 300 sec total\n|\n|t:|1783574522\n|move|p1a: Blissey|Stealth Rock||[still]\n|-fail|p1a: Blissey\n|move|p2a: Drifblim|Strength Sap|p1a: Blissey\n|-unboost|p1a: Blissey|atk|1\n|\n|upkeep\n|turn|33\n|inactive|Time left: 300 sec this turn | 300 sec total\n|\n|t:|1783574523\n|move|p1a: Blissey|Stealth Rock||[still]\n|-fail|p1a: Blissey\n|move|p2a: Drifblim|Strength Sap|p1a: Blissey\n|-unboost|p1a: Blissey|atk|1\n|\n|upkeep\n|turn|34\n|inactive|Time left: 300 sec this turn | 300 sec total\n|\n|t:|1783574524\n|move|p1a: Blissey|Seismic Toss|p2a: Drifblim\n|-immune|p2a: Drifblim\n|cant|p2a: Drifblim|par\n|\n|upkeep\n|turn|35\n|inactive|Time left: 300 sec this turn | 300 sec total\n|\n|t:|1783574525\n|move|p1a: Blissey|Seismic Toss|p2a: Drifblim\n|-immune|p2a: Drifblim\n|move|p2a: Drifblim|Strength Sap|p1a: Blissey\n|-unboost|p1a: Blissey|atk|1\n|\n|upkeep\n|turn|36\n|inactive|Time left: 300 sec this turn | 300 sec total\n|\n|t:|1783574526\n|move|p1a: Blissey|Thunder Wave|p2a: Drifblim\n|-fail|p2a: Drifblim|par\n|move|p2a: Drifblim|Strength Sap|p1a: Blissey\n|-unboost|p1a: Blissey|atk|1\n|\n|upkeep\n|turn|37\n|inactive|Time left: 300 sec this turn | 300 sec total\n|\n|t:|1783574527\n|move|p1a: Blissey|Seismic Toss|p2a: Drifblim\n|-immune|p2a: Drifblim\n|move|p2a: Drifblim|Air Slash|p1a: Blissey\n|-damage|p1a: Blissey|90/100\n|\n|-heal|p1a: Blissey|96/100|[from] item: Leftovers\n|upkeep\n|turn|38\n|inactive|Time left: 300 sec this turn | 300 sec total\n|\n|t:|1783574528\n|move|p1a: Blissey|Seismic Toss|p2a: Drifblim\n|-immune|p2a: Drifblim\n|move|p2a: Drifblim|Strength Sap|p1a: Blissey\n|-unboost|p1a: Blissey|atk|1\n|\n|-heal|p1a: Blissey|100/100|[from] item: Leftovers\n|upkeep\n|turn|39\n|inactive|Time left: 300 sec this turn | 300 sec total\n|\n|t:|1783574529\n|move|p1a: Blissey|Seismic Toss|p2a: Drifblim\n|-immune|p2a: Drifblim\n|move|p2a: Drifblim|Defog|p1a: Blissey\n|-unboost|p1a: Blissey|evasion|1\n|-sideend|p2: p0y29934a8c|Stealth Rock|[from] move: Defog|[of] p2a: Drifblim\n|\n|upkeep\n|turn|40\n|inactive|Time left: 300 sec this turn | 300 sec total\n|\n|t:|1783574530\n|move|p1a: Blissey|Thunder Wave|p2a: Drifblim\n|-fail|p2a: Drifblim|par\n|move|p2a: Drifblim|Air Slash|p1a: Blissey\n|-damage|p1a: Blissey|91/100\n|\n|-heal|p1a: Blissey|98/100|[from] item: Leftovers\n|upkeep\n|turn|41\n|inactive|Time left: 300 sec this turn | 300 sec total\n|\n|t:|1783574531\n|move|p1a: Blissey|Soft-Boiled|p1a: Blissey\n|-heal|p1a: Blissey|100/100\n|move|p2a: Drifblim|Strength Sap||[still]\n|-fail|p2a: Drifblim\n|\n|upkeep\n|turn|42\n|inactive|Time left: 300 sec this turn | 300 sec total\n|\n|t:|1783574532\n|move|p1a: Blissey|Seismic Toss|p2a: Drifblim\n|-immune|p2a: Drifblim\n|cant|p2a: Drifblim|par\n|\n|upkeep\n|turn|43\n|inactive|Time left: 300 sec this turn | 300 sec total\n|\n|t:|1783574533\n|move|p1a: Blissey|Seismic Toss|p2a: Drifblim\n|-immune|p2a: Drifblim\n|move|p2a: Drifblim|Strength Sap||[still]\n|-fail|p2a: Drifblim\n|\n|upkeep\n|turn|44\n|inactive|Time left: 300 sec this turn | 300 sec total\n|\n|t:|1783574534\n|move|p1a: Blissey|Thunder Wave|p2a: Drifblim|[miss]\n|-miss|p1a: Blissey|p2a: Drifblim\n|move|p2a: Drifblim|Air Slash|p1a: Blissey\n|-damage|p1a: Blissey|91/100\n|\n|-heal|p1a: Blissey|98/100|[from] item: Leftovers\n|upkeep\n|turn|45\n|inactive|Time left: 300 sec this turn | 300 sec total\n|\n|t:|1783574535\n|move|p1a: Blissey|Stealth Rock|p2a: Drifblim\n|-sidestart|p2: p0y29934a8c|move: Stealth Rock\n|cant|p2a: Drifblim|par\n|\n|-heal|p1a: Blissey|100/100|[from] item: Leftovers\n|upkeep\n|turn|46\n|inactive|Time left: 300 sec this turn | 300 sec total\n|\n|t:|1783574536\n|move|p1a: Blissey|Thunder Wave|p2a: Drifblim\n|-fail|p2a: Drifblim|par\n|move|p2a: Drifblim|Strength Sap||[still]\n|-fail|p2a: Drifblim\n|\n|upkeep\n|turn|47\n|inactive|Time left: 300 sec this turn | 300 sec total\n|\n|t:|1783574537\n|move|p1a: Blissey|Seismic Toss|p2a: Drifblim\n|-immune|p2a: Drifblim\n|move|p2a: Drifblim|Defog|p1a: Blissey\n|-unboost|p1a: Blissey|evasion|1\n|-sideend|p2: p0y29934a8c|Stealth Rock|[from] move: Defog|[of] p2a: Drifblim\n|\n|upkeep\n|turn|48\n|inactive|Time left: 300 sec this turn | 300 sec total\n|\n|t:|1783574538\n|move|p1a: Blissey|Stealth Rock|p2a: Drifblim\n|-sidestart|p2: p0y29934a8c|move: Stealth Rock\n|move|p2a: Drifblim|Shadow Ball|p1a: Blissey\n|-immune|p1a: Blissey\n|\n|upkeep\n|turn|49\n|inactive|Time left: 300 sec this turn | 300 sec total\n|\n|t:|1783574539\n|move|p1a: Blissey|Thunder Wave|p2a: Drifblim\n|-fail|p2a: Drifblim|par\n|move|p2a: Drifblim|Strength Sap||[still]\n|-fail|p2a: Drifblim\n|\n|upkeep\n|turn|50\n|inactive|Time left: 300 sec this turn | 300 sec total\n|\n|t:|1783574540\n|move|p1a: Blissey|Soft-Boiled||[still]\n|-fail|p1a: Blissey|heal\n|move|p2a: Drifblim|Air Slash|p1a: Blissey\n|-damage|p1a: Blissey|91/100\n|\n|-heal|p1a: Blissey|97/100|[from] item: Leftovers\n|upkeep\n|turn|51\n|inactive|Time left: 300 sec this turn | 300 sec total\n|\n|t:|1783574541\n|move|p1a: Blissey|Seismic Toss|p2a: Drifblim\n|-immune|p2a: Drifblim\n|move|p2a: Drifblim|Strength Sap||[still]\n|-fail|p2a: Drifblim\n|\n|-heal|p1a: Blissey|100/100|[from] item: Leftovers\n|upkeep\n|turn|52\n|inactive|Time left: 300 sec this turn | 300 sec total\n|\n|t:|1783574542\n|move|p1a: Blissey|Soft-Boiled||[still]\n|-fail|p1a: Blissey|heal\n|cant|p2a: Drifblim|par\n|\n|upkeep\n|turn|53\n|inactive|Time left: 300 sec this turn | 300 sec total\n|\n|t:|1783574543\n|move|p1a: Blissey|Seismic Toss|p2a: Drifblim\n|-immune|p2a: Drifblim\n|move|p2a: Drifblim|Air Slash|p1a: Blissey\n|-damage|p1a: Blissey|90/100\n|\n|-heal|p1a: Blissey|96/100|[from] item: Leftovers\n|upkeep\n|turn|54\n|inactive|Time left: 300 sec this turn | 300 sec total\n|\n|t:|1783574544\n|move|p1a: Blissey|Stealth Rock||[still]\n|-fail|p1a: Blissey\n|move|p2a: Drifblim|Shadow Ball|p1a: Blissey\n|-immune|p1a: Blissey\n|\n|-heal|p1a: Blissey|100/100|[from] item: Leftovers\n|upkeep\n|turn|55\n|inactive|Time left: 300 sec this turn | 300 sec total\n|\n|t:|1783574545\n|move|p1a: Blissey|Thunder Wave|p2a: Drifblim\n|-fail|p2a: Drifblim|par\n|move|p2a: Drifblim|Defog|p1a: Blissey\n|-unboost|p1a: Blissey|evasion|1\n|-sideend|p2: p0y29934a8c|Stealth Rock|[from] move: Defog|[of] p2a: Drifblim\n|\n|upkeep\n|turn|56\n|inactive|Time left: 300 sec this turn | 300 sec total\n|\n|t:|1783574546\n|move|p1a: Blissey|Stealth Rock|p2a: Drifblim\n|-sidestart|p2: p0y29934a8c|move: Stealth Rock\n|move|p2a: Drifblim|Strength Sap||[still]\n|-fail|p2a: Drifblim\n|\n|upkeep\n|turn|57\n|inactive|Time left: 300 sec this turn | 300 sec total\n|\n|t:|1783574548\n|move|p1a: Blissey|Stealth Rock||[still]\n|-fail|p1a: Blissey\n|move|p2a: Drifblim|Air Slash|p1a: Blissey\n|-damage|p1a: Blissey|91/100\n|\n|-heal|p1a: Blissey|98/100|[from] item: Leftovers\n|upkeep\n|turn|58\n|inactive|Time left: 300 sec this turn | 300 sec total\n|\n|t:|1783574548\n|move|p1a: Blissey|Stealth Rock||[still]\n|-fail|p1a: Blissey\n|move|p2a: Drifblim|Shadow Ball|p1a: Blissey\n|-immune|p1a: Blissey\n|\n|-heal|p1a: Blissey|100/100|[from] item: Leftovers\n|upkeep\n|turn|59\n|inactive|Time left: 300 sec this turn | 300 sec total\n|\n|t:|1783574549\n|move|p1a: Blissey|Seismic Toss|p2a: Drifblim\n|-immune|p2a: Drifblim\n|move|p2a: Drifblim|Defog|p1a: Blissey\n|-unboost|p1a: Blissey|evasion|1\n|-sideend|p2: p0y29934a8c|Stealth Rock|[from] move: Defog|[of] p2a: Drifblim\n|\n|upkeep\n|turn|60\n|inactive|Time left: 300 sec this turn | 300 sec total\n|\n|t:|1783574550\n|move|p1a: Blissey|Stealth Rock|p2a: Drifblim\n|-sidestart|p2: p0y29934a8c|move: Stealth Rock\n|move|p2a: Drifblim|Air Slash|p1a: Blissey\n|-damage|p1a: Blissey|90/100\n|\n|-heal|p1a: Blissey|96/100|[from] item: Leftovers\n|upkeep\n|turn|61\n|inactive|Time left: 300 sec this turn | 300 sec total\n|\n|t:|1783574551\n|move|p1a: Blissey|Thunder Wave|p2a: Drifblim\n|-fail|p2a: Drifblim|par\n|move|p2a: Drifblim|Shadow Ball|p1a: Blissey\n|-immune|p1a: Blissey\n|\n|-heal|p1a: Blissey|100/100|[from] item: Leftovers\n|upkeep\n|turn|62\n|inactive|Time left: 300 sec this turn | 300 sec total\n|\n|t:|1783574552\n|move|p1a: Blissey|Stealth Rock||[still]\n|-fail|p1a: Blissey\n|move|p2a: Drifblim|Shadow Ball|p1a: Blissey\n|-immune|p1a: Blissey\n|\n|upkeep\n|turn|63\n|inactive|Time left: 300 sec this turn | 300 sec total\n|\n|t:|1783574553\n|move|p1a: Blissey|Stealth Rock||[still]\n|-fail|p1a: Blissey\n|cant|p2a: Drifblim|par\n|\n|upkeep\n|turn|64\n|inactive|Time left: 300 sec this turn | 300 sec total\n|\n|t:|1783574554\n|move|p1a: Blissey|Seismic Toss|p2a: Drifblim\n|-immune|p2a: Drifblim\n|cant|p2a: Drifblim|par\n|\n|upkeep\n|turn|65\n|inactive|Time left: 300 sec this turn | 300 sec total\n|\n|t:|1783574555\n|move|p1a: Blissey|Soft-Boiled||[still]\n|-fail|p1a: Blissey|heal\n|cant|p2a: Drifblim|par\n|\n|upkeep\n|turn|66\n|inactive|Time left: 300 sec this turn | 300 sec total\n|\n|t:|1783574556\n|move|p1a: Blissey|Soft-Boiled||[still]\n|-fail|p1a: Blissey|heal\n|move|p2a: Drifblim|Defog|p1a: Blissey\n|-unboost|p1a: Blissey|evasion|1\n|-sideend|p2: p0y29934a8c|Stealth Rock|[from] move: Defog|[of] p2a: Drifblim\n|\n|upkeep\n|turn|67\n|inactive|Time left: 300 sec this turn | 300 sec total\n|\n|t:|1783574557\n|move|p1a: Blissey|Stealth Rock|p2a: Drifblim\n|-sidestart|p2: p0y29934a8c|move: Stealth Rock\n|cant|p2a: Drifblim|par\n|\n|upkeep\n|turn|68\n|inactive|Time left: 300 sec this turn | 300 sec total\n|\n|t:|1783574558\n|move|p1a: Blissey|Stealth Rock||[still]\n|-fail|p1a: Blissey\n|move|p2a: Drifblim|Shadow Ball|p1a: Blissey\n|-immune|p1a: Blissey\n|\n|upkeep\n|turn|69\n|inactive|Time left: 300 sec this turn | 300 sec total\n|\n|t:|1783574559\n|move|p1a: Blissey|Soft-Boiled||[still]\n|-fail|p1a: Blissey|heal\n|move|p2a: Drifblim|Shadow Ball|p1a: Blissey\n|-immune|p1a: Blissey\n|\n|upkeep\n|turn|70\n|inactive|Time left: 300 sec this turn | 300 sec total\n|\n|t:|1783574560\n|move|p1a: Blissey|Soft-Boiled||[still]\n|-fail|p1a: Blissey|heal\n|cant|p2a: Drifblim|par\n|\n|upkeep\n|turn|71\n|inactive|Time left: 300 sec this turn | 300 sec total\n|\n|t:|1783574561\n|move|p1a: Blissey|Stealth Rock||[still]\n|-fail|p1a: Blissey\n|cant|p2a: Drifblim|par\n|\n|upkeep\n|turn|72\n|inactive|Time left: 300 sec this turn | 300 sec total\n|\n|t:|1783574563\n|move|p1a: Blissey|Soft-Boiled||[still]\n|-fail|p1a: Blissey|heal\n|move|p2a: Drifblim|Defog|p1a: Blissey\n|-unboost|p1a: Blissey|evasion|1\n|-sideend|p2: p0y29934a8c|Stealth Rock|[from] move: Defog|[of] p2a: Drifblim\n|\n|upkeep\n|turn|73\n|inactive|Time left: 300 sec this turn | 300 sec total\n|\n|t:|1783574564\n|move|p1a: Blissey|Seismic Toss|p2a: Drifblim\n|-immune|p2a: Drifblim\n|move|p2a: Drifblim|Shadow Ball|p1a: Blissey\n|-immune|p1a: Blissey\n|\n|upkeep\n|turn|74\n|inactive|Time left: 300 sec this turn | 300 sec total\n|\n|t:|1783574565\n|move|p1a: Blissey|Thunder Wave|p2a: Drifblim\n|-fail|p2a: Drifblim|par\n|cant|p2a: Drifblim|par\n|\n|upkeep\n|turn|75\n|inactive|Time left: 300 sec this turn | 300 sec total\n|\n|t:|1783574566\n|move|p1a: Blissey|Seismic Toss|p2a: Drifblim\n|-immune|p2a: Drifblim\n|cant|p2a: Drifblim|par\n|\n|upkeep\n|turn|76\n|inactive|Time left: 300 sec this turn | 300 sec total\n|\n|t:|1783574567\n|move|p1a: Blissey|Thunder Wave|p2a: Drifblim\n|-fail|p2a: Drifblim|par\n|move|p2a: Drifblim|Air Slash|p1a: Blissey\n|-damage|p1a: Blissey|91/100\n|\n|-heal|p1a: Blissey|97/100|[from] item: Leftovers\n|upkeep\n|turn|77\n|inactive|Time left: 300 sec this turn | 300 sec total\n|\n|t:|1783574568\n|move|p1a: Blissey|Thunder Wave|p2a: Drifblim|[miss]\n|-miss|p1a: Blissey|p2a: Drifblim\n|move|p2a: Drifblim|Shadow Ball|p1a: Blissey\n|-immune|p1a: Blissey\n|\n|-heal|p1a: Blissey|100/100|[from] item: Leftovers\n|upkeep\n|turn|78\n|inactive|Time left: 300 sec this turn | 300 sec total\n|\n|t:|1783574569\n|move|p1a: Blissey|Seismic Toss|p2a: Drifblim\n|-immune|p2a: Drifblim\n|cant|p2a: Drifblim|par\n|\n|upkeep\n|turn|79\n|inactive|Time left: 300 sec this turn | 300 sec total\n|\n|t:|1783574570\n|move|p1a: Blissey|Stealth Rock|p2a: Drifblim\n|-sidestart|p2: p0y29934a8c|move: Stealth Rock\n|move|p2a: Drifblim|Defog|p1a: Blissey\n|-unboost|p1a: Blissey|evasion|0\n|-sideend|p2: p0y29934a8c|Stealth Rock|[from] move: Defog|[of] p2a: Drifblim\n|\n|upkeep\n|turn|80\n|inactive|Time left: 300 sec this turn | 300 sec total\n|\n|t:|1783574571\n|move|p1a: Blissey|Thunder Wave|p2a: Drifblim|[miss]\n|-miss|p1a: Blissey|p2a: Drifblim\n|move|p2a: Drifblim|Air Slash|p1a: Blissey\n|-damage|p1a: Blissey|91/100\n|\n|-heal|p1a: Blissey|97/100|[from] item: Leftovers\n|upkeep\n|turn|81\n|inactive|Time left: 300 sec this turn | 300 sec total\n|\n|t:|1783574571\n|move|p1a: Blissey|Thunder Wave|p2a: Drifblim\n|-fail|p2a: Drifblim|par\n|move|p2a: Drifblim|Defog||[still]\n|-unboost|p1a: Blissey|evasion|0\n|-fail|p2a: Drifblim\n|\n|-heal|p1a: Blissey|100/100|[from] item: Leftovers\n|upkeep\n|turn|82\n|inactive|Time left: 300 sec this turn | 300 sec total\n|\n|t:|1783574572\n|move|p1a: Blissey|Stealth Rock|p2a: Drifblim\n|-sidestart|p2: p0y29934a8c|move: Stealth Rock\n|cant|p2a: Drifblim|par\n|\n|upkeep\n|turn|83\n|inactive|Time left: 300 sec this turn | 300 sec total\n|\n|t:|1783574573\n|move|p1a: Blissey|Seismic Toss|p2a: Drifblim\n|-immune|p2a: Drifblim\n|move|p2a: Drifblim|Air Slash|p1a: Blissey\n|-damage|p1a: Blissey|90/100\n|\n|-heal|p1a: Blissey|96/100|[from] item: Leftovers\n|upkeep\n|turn|84\n|inactive|Time left: 300 sec this turn | 300 sec total\n|\n|t:|1783574574\n|move|p1a: Blissey|Thunder Wave|p2a: Drifblim\n|-fail|p2a: Drifblim|par\n|cant|p2a: Drifblim|par\n|\n|-heal|p1a: Blissey|100/100|[from] item: Leftovers\n|upkeep\n|turn|85\n|inactive|Time left: 300 sec this turn | 300 sec total\n|\n|t:|1783574575\n|move|p1a: Blissey|Seismic Toss|p2a: Drifblim\n|-immune|p2a: Drifblim\n|move|p2a: Drifblim|Air Slash|p1a: Blissey\n|-damage|p1a: Blissey|91/100\n|\n|-heal|p1a: Blissey|97/100|[from] item: Leftovers\n|upkeep\n|turn|86\n|inactive|Time left: 300 sec this turn | 300 sec total\n|\n|t:|1783574576\n|move|p1a: Blissey|Stealth Rock||[still]\n|-fail|p1a: Blissey\n|move|p2a: Drifblim|Defog|p1a: Blissey\n|-unboost|p1a: Blissey|evasion|0\n|-sideend|p2: p0y29934a8c|Stealth Rock|[from] move: Defog|[of] p2a: Drifblim\n|\n|-heal|p1a: Blissey|100/100|[from] item: Leftovers\n|upkeep\n|turn|87\n|inactive|Time left: 300 sec this turn | 300 sec total\n|\n|t:|1783574577\n|move|p1a: Blissey|Thunder Wave|p2a: Drifblim\n|-fail|p2a: Drifblim|par\n|move|p2a: Drifblim|Defog||[still]\n|-unboost|p1a: Blissey|evasion|0\n|-fail|p2a: Drifblim\n|\n|upkeep\n|turn|88\n|inactive|Time left: 300 sec this turn | 300 sec total\n|\n|t:|1783574578\n|move|p1a: Blissey|Seismic Toss|p2a: Drifblim\n|-immune|p2a: Drifblim\n|move|p2a: Drifblim|Air Slash|p1a: Blissey\n|-damage|p1a: Blissey|91/100\n|\n|-heal|p1a: Blissey|97/100|[from] item: Leftovers\n|upkeep\n|turn|89\n|inactive|Time left: 300 sec this turn | 300 sec total\n|\n|t:|1783574579\n|move|p1a: Blissey|Thunder Wave|p2a: Drifblim\n|-fail|p2a: Drifblim|par\n|move|p2a: Drifblim|Defog||[still]\n|-unboost|p1a: Blissey|evasion|0\n|-fail|p2a: Drifblim\n|\n|-heal|p1a: Blissey|100/100|[from] item: Leftovers\n|upkeep\n|turn|90\n|inactive|Time left: 300 sec this turn | 300 sec total\n|\n|t:|1783574580\n|move|p1a: Blissey|Seismic Toss|p2a: Drifblim\n|-immune|p2a: Drifblim\n|move|p2a: Drifblim|Shadow Ball|p1a: Blissey\n|-immune|p1a: Blissey\n|\n|upkeep\n|turn|91\n|inactive|Time left: 300 sec this turn | 300 sec total\n|\n|t:|1783574581\n|move|p1a: Blissey|Seismic Toss|p2a: Drifblim\n|-immune|p2a: Drifblim\n|move|p2a: Drifblim|Shadow Ball|p1a: Blissey\n|-immune|p1a: Blissey\n|\n|upkeep\n|turn|92\n|inactive|Time left: 300 sec this turn | 300 sec total\n|\n|t:|1783574582\n|move|p1a: Blissey|Stealth Rock|p2a: Drifblim\n|-sidestart|p2: p0y29934a8c|move: Stealth Rock\n|move|p2a: Drifblim|Air Slash|p1a: Blissey\n|-damage|p1a: Blissey|92/100\n|\n|-heal|p1a: Blissey|98/100|[from] item: Leftovers\n|upkeep\n|turn|93\n|inactive|Time left: 300 sec this turn | 300 sec total\n|\n|t:|1783574583\n|move|p1a: Blissey|Stealth Rock||[still]\n|-fail|p1a: Blissey\n|move|p2a: Drifblim|Defog|p1a: Blissey\n|-unboost|p1a: Blissey|evasion|0\n|-sideend|p2: p0y29934a8c|Stealth Rock|[from] move: Defog|[of] p2a: Drifblim\n|\n|-heal|p1a: Blissey|100/100|[from] item: Leftovers\n|upkeep\n|turn|94\n|inactive|Time left: 300 sec this turn | 300 sec total\n|\n|t:|1783574584\n|move|p1a: Blissey|Thunder Wave|p2a: Drifblim\n|-fail|p2a: Drifblim|par\n|move|p2a: Drifblim|Defog||[still]\n|-unboost|p1a: Blissey|evasion|0\n|-fail|p2a: Drifblim\n|\n|upkeep\n|turn|95\n|inactive|Time left: 300 sec this turn | 300 sec total\n|\n|t:|1783574585\n|move|p1a: Blissey|Stealth Rock|p2a: Drifblim\n|-sidestart|p2: p0y29934a8c|move: Stealth Rock\n|move|p2a: Drifblim|Shadow Ball|p1a: Blissey\n|-immune|p1a: Blissey\n|\n|upkeep\n|turn|96\n|inactive|Time left: 300 sec this turn | 300 sec total\n|\n|t:|1783574586\n|move|p1a: Blissey|Stealth Rock||[still]\n|-fail|p1a: Blissey\n|cant|p2a: Drifblim|par\n|\n|upkeep\n|turn|97\n|inactive|Time left: 300 sec this turn | 300 sec total\n|\n|t:|1783574587\n|move|p1a: Blissey|Thunder Wave|p2a: Drifblim\n|-fail|p2a: Drifblim|par\n|cant|p2a: Drifblim|par\n|\n|upkeep\n|turn|98\n|inactive|Time left: 300 sec this turn | 300 sec total\n|\n|t:|1783574587\n|move|p1a: Blissey|Thunder Wave|p2a: Drifblim|[miss]\n|-miss|p1a: Blissey|p2a: Drifblim\n|move|p2a: Drifblim|Shadow Ball|p1a: Blissey\n|-immune|p1a: Blissey\n|\n|upkeep\n|turn|99\n|inactive|Time left: 300 sec this turn | 300 sec total\n|\n|t:|1783574588\n|move|p1a: Blissey|Seismic Toss|p2a: Drifblim\n|-immune|p2a: Drifblim\n|move|p2a: Drifblim|Air Slash|p1a: Blissey\n|-crit|p1a: Blissey\n|-damage|p1a: Blissey|86/100\n|\n|-heal|p1a: Blissey|92/100|[from] item: Leftovers\n|upkeep\n|turn|100\n|inactive|Time left: 300 sec this turn | 300 sec total\n|\n|t:|1783574589\n|move|p1a: Blissey|Stealth Rock||[still]\n|-fail|p1a: Blissey\n|move|p2a: Drifblim|Shadow Ball|p1a: Blissey\n|-immune|p1a: Blissey\n|\n|-heal|p1a: Blissey|98/100|[from] item: Leftovers\n|upkeep\n|turn|101\n|inactive|Time left: 300 sec this turn | 300 sec total\n|\n|t:|1783574590\n|move|p1a: Blissey|Stealth Rock||[still]\n|-fail|p1a: Blissey\n|move|p2a: Drifblim|Shadow Ball|p1a: Blissey\n|-immune|p1a: Blissey\n|\n|-heal|p1a: Blissey|100/100|[from] item: Leftovers\n|upkeep\n|turn|102\n|inactive|Time left: 300 sec this turn | 300 sec total\n|\n|t:|1783574591\n|move|p1a: Blissey|Stealth Rock||[still]\n|-fail|p1a: Blissey\n|move|p2a: Drifblim|Air Slash|p1a: Blissey\n|-damage|p1a: Blissey|92/100\n|\n|-heal|p1a: Blissey|98/100|[from] item: Leftovers\n|upkeep\n|turn|103\n|inactive|Time left: 300 sec this turn | 300 sec total\n|\n|t:|1783574592\n|move|p1a: Blissey|Stealth Rock||[still]\n|-fail|p1a: Blissey\n|move|p2a: Drifblim|Defog|p1a: Blissey\n|-unboost|p1a: Blissey|evasion|0\n|-sideend|p2: p0y29934a8c|Stealth Rock|[from] move: Defog|[of] p2a: Drifblim\n|\n|-heal|p1a: Blissey|100/100|[from] item: Leftovers\n|upkeep\n|turn|104\n|inactive|Time left: 300 sec this turn | 300 sec total\n|\n|t:|1783574593\n|move|p1a: Blissey|Thunder Wave|p2a: Drifblim\n|-fail|p2a: Drifblim|par\n|move|p2a: Drifblim|Shadow Ball|p1a: Blissey\n|-immune|p1a: Blissey\n|\n|upkeep\n|turn|105\n|inactive|Time left: 300 sec this turn | 300 sec total\n|\n|t:|1783574594\n|move|p1a: Blissey|Seismic Toss|p2a: Drifblim\n|-immune|p2a: Drifblim\n|move|p2a: Drifblim|Defog||[still]\n|-unboost|p1a: Blissey|evasion|0\n|-fail|p2a: Drifblim\n|\n|upkeep\n|turn|106\n|inactive|Time left: 300 sec this turn | 300 sec total\n|\n|t:|1783574595\n|move|p1a: Blissey|Thunder Wave|p2a: Drifblim\n|-fail|p2a: Drifblim|par\n|cant|p2a: Drifblim|par\n|\n|upkeep\n|turn|107\n|inactive|Time left: 300 sec this turn | 300 sec total\n|\n|t:|1783574595\n|move|p1a: Blissey|Thunder Wave|p2a: Drifblim|[miss]\n|-miss|p1a: Blissey|p2a: Drifblim\n|move|p2a: Drifblim|Defog||[still]\n|-unboost|p1a: Blissey|evasion|0\n|-fail|p2a: Drifblim\n|\n|upkeep\n|turn|108\n|inactive|Time left: 300 sec this turn | 300 sec total\n|\n|t:|1783574596\n|move|p1a: Blissey|Seismic Toss|p2a: Drifblim\n|-immune|p2a: Drifblim\n|cant|p2a: Drifblim|par\n|\n|upkeep\n|turn|109\n|inactive|Time left: 300 sec this turn | 300 sec total\n|\n|t:|1783574597\n|move|p1a: Blissey|Thunder Wave|p2a: Drifblim\n|-fail|p2a: Drifblim|par\n|move|p2a: Drifblim|Air Slash|p1a: Blissey\n|-damage|p1a: Blissey|90/100\n|\n|-heal|p1a: Blissey|96/100|[from] item: Leftovers\n|upkeep\n|turn|110\n|inactive|Time left: 300 sec this turn | 300 sec total\n|\n|t:|1783574598\n|move|p1a: Blissey|Stealth Rock|p2a: Drifblim\n|-sidestart|p2: p0y29934a8c|move: Stealth Rock\n|move|p2a: Drifblim|Air Slash|p1a: Blissey\n|-damage|p1a: Blissey|85/100\n|\n|-heal|p1a: Blissey|92/100|[from] item: Leftovers\n|upkeep\n|turn|111\n|inactive|Time left: 300 sec this turn | 300 sec total\n|\n|t:|1783574599\n|move|p1a: Blissey|Thunder Wave|p2a: Drifblim\n|-fail|p2a: Drifblim|par\n|cant|p2a: Drifblim|par\n|\n|-heal|p1a: Blissey|98/100|[from] item: Leftovers\n|upkeep\n|turn|112\n|inactive|Time left: 300 sec this turn | 300 sec total\n|\n|t:|1783574599\n|move|p1a: Blissey|Stealth Rock||[still]\n|-fail|p1a: Blissey\n|move|p2a: Drifblim|Defog|p1a: Blissey\n|-unboost|p1a: Blissey|evasion|0\n|-sideend|p2: p0y29934a8c|Stealth Rock|[from] move: Defog|[of] p2a: Drifblim\n|\n|-heal|p1a: Blissey|100/100|[from] item: Leftovers\n|upkeep\n|turn|113\n|inactive|Time left: 300 sec this turn | 300 sec total\n|\n|t:|1783574600\n|move|p1a: Blissey|Seismic Toss|p2a: Drifblim\n|-immune|p2a: Drifblim\n|move|p2a: Drifblim|Defog||[still]\n|-unboost|p1a: Blissey|evasion|0\n|-fail|p2a: Drifblim\n|\n|upkeep\n|turn|114\n|inactive|Time left: 300 sec this turn | 300 sec total\n|\n|t:|1783574601\n|move|p1a: Blissey|Stealth Rock|p2a: Drifblim\n|-sidestart|p2: p0y29934a8c|move: Stealth Rock\n|move|p2a: Drifblim|Defog|p1a: Blissey\n|-unboost|p1a: Blissey|evasion|0\n|-sideend|p2: p0y29934a8c|Stealth Rock|[from] move: Defog|[of] p2a: Drifblim\n|\n|upkeep\n|turn|115\n|inactive|Time left: 300 sec this turn | 300 sec total\n|\n|t:|1783574602\n|move|p1a: Blissey|Stealth Rock|p2a: Drifblim\n|-sidestart|p2: p0y29934a8c|move: Stealth Rock\n|move|p2a: Drifblim|Shadow Ball|p1a: Blissey\n|-immune|p1a: Blissey\n|\n|upkeep\n|turn|116\n|inactive|Time left: 300 sec this turn | 300 sec total\n|\n|t:|1783574602\n|move|p1a: Blissey|Stealth Rock||[still]\n|-fail|p1a: Blissey\n|move|p2a: Drifblim|Shadow Ball|p1a: Blissey\n|-immune|p1a: Blissey\n|\n|upkeep\n|turn|117\n|inactive|Time left: 300 sec this turn | 300 sec total\n|\n|t:|1783574603\n|move|p1a: Blissey|Stealth Rock||[still]\n|-fail|p1a: Blissey\n|move|p2a: Drifblim|Shadow Ball|p1a: Blissey\n|-immune|p1a: Blissey\n|\n|upkeep\n|turn|118\n|inactive|Time left: 300 sec this turn | 300 sec total\n|\n|t:|1783574604\n|move|p1a: Blissey|Seismic Toss|p2a: Drifblim\n|-immune|p2a: Drifblim\n|move|p2a: Drifblim|Defog|p1a: Blissey\n|-unboost|p1a: Blissey|evasion|0\n|-sideend|p2: p0y29934a8c|Stealth Rock|[from] move: Defog|[of] p2a: Drifblim\n|\n|upkeep\n|turn|119\n|inactive|Time left: 300 sec this turn | 300 sec total\n|\n|t:|1783574605\n|move|p1a: Blissey|Thunder Wave|p2a: Drifblim\n|-fail|p2a: Drifblim|par\n|cant|p2a: Drifblim|par\n|\n|upkeep\n|turn|120\n|inactive|Time left: 300 sec this turn | 300 sec total\n|\n|t:|1783574606\n|move|p1a: Blissey|Seismic Toss|p2a: Drifblim\n|-immune|p2a: Drifblim\n|move|p2a: Drifblim|Air Slash|p1a: Blissey\n|-damage|p1a: Blissey|91/100\n|\n|-heal|p1a: Blissey|97/100|[from] item: Leftovers\n|upkeep\n|turn|121\n|inactive|Time left: 300 sec this turn | 300 sec total\n|\n|t:|1783574606\n|move|p1a: Blissey|Thunder Wave|p2a: Drifblim\n|-fail|p2a: Drifblim|par\n|cant|p2a: Drifblim|par\n|\n|-heal|p1a: Blissey|100/100|[from] item: Leftovers\n|upkeep\n|turn|122\n|inactive|Time left: 300 sec this turn | 300 sec total\n|\n|t:|1783574607\n|move|p1a: Blissey|Seismic Toss|p2a: Drifblim\n|-immune|p2a: Drifblim\n|cant|p2a: Drifblim|par\n|\n|upkeep\n|turn|123\n|inactive|Time left: 300 sec this turn | 300 sec total\n|\n|t:|1783574608\n|move|p1a: Blissey|Thunder Wave|p2a: Drifblim|[miss]\n|-miss|p1a: Blissey|p2a: Drifblim\n|move|p2a: Drifblim|Defog||[still]\n|-unboost|p1a: Blissey|evasion|0\n|-fail|p2a: Drifblim\n|\n|upkeep\n|turn|124\n|inactive|Time left: 300 sec this turn | 300 sec total\n|\n|t:|1783574609\n|move|p1a: Blissey|Thunder Wave|p2a: Drifblim\n|-fail|p2a: Drifblim|par\n|move|p2a: Drifblim|Shadow Ball|p1a: Blissey\n|-immune|p1a: Blissey\n|\n|upkeep\n|turn|125\n|inactive|Time left: 300 sec this turn | 300 sec total\n|\n|t:|1783574610\n|move|p1a: Blissey|Seismic Toss|p2a: Drifblim\n|-immune|p2a: Drifblim\n|move|p2a: Drifblim|Shadow Ball|p1a: Blissey\n|-immune|p1a: Blissey\n|\n|upkeep\n|turn|126\n|inactive|Time left: 300 sec this turn | 300 sec total\n|\n|t:|1783574611\n|-terastallize|p1a: Blissey|Poison\n|move|p1a: Blissey|Thunder Wave|p2a: Drifblim\n|-fail|p2a: Drifblim|par\n|move|p2a: Drifblim|Air Slash|p1a: Blissey\n|-damage|p1a: Blissey|92/100\n|\n|-heal|p1a: Blissey|98/100|[from] item: Leftovers\n|upkeep\n|turn|127\n|inactive|Time left: 300 sec this turn | 300 sec total\n|\n|t:|1783574611\n|move|p1a: Blissey|Thunder Wave|p2a: Drifblim\n|-fail|p2a: Drifblim|par\n|move|p2a: Drifblim|Defog||[still]\n|-unboost|p1a: Blissey|evasion|0\n|-fail|p2a: Drifblim\n|\n|-heal|p1a: Blissey|100/100|[from] item: Leftovers\n|upkeep\n|turn|128\n|inactive|Time left: 300 sec this turn | 300 sec total\n|\n|t:|1783574612\n|move|p1a: Blissey|Seismic Toss|p2a: Drifblim\n|-immune|p2a: Drifblim\n|cant|p2a: Drifblim|par\n|\n|upkeep\n|turn|129\n|inactive|Time left: 300 sec this turn | 300 sec total\n|\n|t:|1783574613\n|move|p1a: Blissey|Thunder Wave|p2a: Drifblim\n|-fail|p2a: Drifblim|par\n|move|p2a: Drifblim|Defog||[still]\n|-unboost|p1a: Blissey|evasion|0\n|-fail|p2a: Drifblim\n|\n|upkeep\n|turn|130\n|inactive|Time left: 300 sec this turn | 300 sec total\n|\n|t:|1783574613\n|move|p1a: Blissey|Seismic Toss|p2a: Drifblim\n|-immune|p2a: Drifblim\n|move|p2a: Drifblim|Defog||[still]\n|-unboost|p1a: Blissey|evasion|0\n|-fail|p2a: Drifblim\n|\n|upkeep\n|turn|131\n|inactive|Time left: 300 sec this turn | 300 sec total\n|\n|t:|1783574614\n|move|p1a: Blissey|Seismic Toss|p2a: Drifblim\n|-immune|p2a: Drifblim\n|move|p2a: Drifblim|Air Slash|p1a: Blissey\n|-damage|p1a: Blissey|92/100\n|\n|-heal|p1a: Blissey|98/100|[from] item: Leftovers\n|upkeep\n|turn|132\n|inactive|Time left: 300 sec this turn | 300 sec total\n|\n|t:|1783574615\n|-activate|p1a: Blissey|move: Struggle\n|move|p1a: Blissey|Struggle|p2a: Drifblim\n|-damage|p2a: Drifblim|396/398 par\n|-damage|p1a: Blissey|73/100|[from] recoil\n|cant|p2a: Drifblim|par\n|\n|-heal|p1a: Blissey|79/100|[from] item: Leftovers\n|upkeep\n|turn|133\n|inactive|Time left: 300 sec this turn | 300 sec total\n|\n|t:|1783574615\n|-activate|p1a: Blissey|move: Struggle\n|move|p1a: Blissey|Struggle|p2a: Drifblim\n|-damage|p2a: Drifblim|394/398 par\n|-damage|p1a: Blissey|54/100|[from] recoil\n|move|p2a: Drifblim|Air Slash|p1a: Blissey\n|-damage|p1a: Blissey|45/100\n|\n|-heal|p1a: Blissey|51/100|[from] item: Leftovers\n|upkeep\n|turn|134\n|inactive|Time left: 300 sec this turn | 300 sec total\n|\n|t:|1783574616\n|-activate|p1a: Blissey|move: Struggle\n|move|p1a: Blissey|Struggle|p2a: Drifblim\n|-damage|p2a: Drifblim|392/398 par\n|-damage|p1a: Blissey|26/100|[from] recoil\n|move|p2a: Drifblim|Air Slash|p1a: Blissey\n|-damage|p1a: Blissey|17/100\n|\n|-heal|p1a: Blissey|23/100|[from] item: Leftovers\n|upkeep\n|turn|135\n|inactive|Time left: 300 sec this turn | 300 sec total\n|\n|t:|1783574616\n|-activate|p1a: Blissey|move: Struggle\n|move|p1a: Blissey|Struggle|p2a: Drifblim\n|-damage|p2a: Drifblim|390/398 par\n|-damage|p1a: Blissey|0 fnt|[from] recoil\n|faint|p1a: Blissey\n|\n|win|p0y29934a8c", "uploadtime": 1783574616, "views": 0, "rating": 0, "private": 0, "password": null, "_winner": "p0y29934a8c", "_our_name": "p0y29934a8c"}