{"id": "battle-gen9randombattle-760", "formatid": "gen9randombattle", "format": "[Gen 9] Random Battle", "players": ["p0x760a4a4", "p0y760718e"], "log": "|init|battle\n|title|p0x760a4a4 vs. p0y760718e\n|j|\u2606p0x760a4a4\n|j|\u2606p0y760718e\n|t:|1783547949\n|gametype|singles\n|player|p1|p0x760a4a4|266|\n|player|p2|p0y760718e|101|\n|gen|9\n|tier|[Gen 9] Random Battle\n|rule|Species Clause: Limit one of each Pok\u00e9mon\n|rule|HP Percentage Mod: HP is shown in percentages\n|rule|Sleep Clause Mod: Limit one foe put to sleep\n|rule|Illusion Level Mod: Illusion disguises the Pok\u00e9mon's true level\n|\n|t:|1783547949\n|teamsize|p1|6\n|teamsize|p2|6\n|start\n|switch|p1a: Mimikyu|Mimikyu, L79, M|100/100\n|switch|p2a: Granbull|Granbull, L88, M|302/302\n|-ability|p2a: Granbull|Intimidate|boost\n|-unboost|p1a: Mimikyu|atk|1\n|turn|1\n|inactive|Battle timer is ON: inactive players will automatically lose when time's up. (requested by p0x760a4a4)\n|inactive|Time left: 300 sec this turn | 300 sec total | 60 sec grace\n|inactive|p0y760718e also wants the timer to be on.\n|\n|t:|1783547951\n|move|p1a: Mimikyu|Swords Dance|p1a: Mimikyu\n|-boost|p1a: Mimikyu|atk|2\n|move|p2a: Granbull|Earthquake|p1a: Mimikyu\n|-activate|p1a: Mimikyu|ability: Disguise\n|-damage|p1a: Mimikyu|100/100\n|detailschange|p1a: Mimikyu|Mimikyu-Busted, L79, M\n|-damage|p1a: Mimikyu|88/100|[from] pokemon: Mimikyu-Busted\n|\n|upkeep\n|turn|2\n|inactive|Time left: 300 sec this turn | 300 sec total\n|\n|t:|1783547952\n|move|p1a: Mimikyu|Play Rough|p2a: Granbull\n|-damage|p2a: Granbull|119/302\n|-damage|p1a: Mimikyu|78/100|[from] item: Life Orb\n|move|p2a: Granbull|Play Rough|p1a: Mimikyu\n|-damage|p1a: Mimikyu|12/100\n|-unboost|p1a: Mimikyu|atk|1\n|\n|-heal|p2a: Granbull|137/302|[from] item: Leftovers\n|upkeep\n|turn|3\n|inactive|Time left: 300 sec this turn | 300 sec total\n|\n|t:|1783547953\n|move|p1a: Mimikyu|Play Rough|p2a: Granbull\n|-damage|p2a: Granbull|27/302\n|-damage|p1a: Mimikyu|2/100|[from] item: Life Orb\n|move|p2a: Granbull|Play Rough|p1a: Mimikyu\n|-damage|p1a: Mimikyu|0 fnt\n|faint|p1a: Mimikyu\n|\n|-heal|p2a: Granbull|45/302|[from] item: Leftovers\n|upkeep\n|\n|t:|1783547954\n|switch|p1a: Glimmora|Glimmora, L75, F|100/100\n|turn|4\n|inactive|Time left: 300 sec this turn | 300 sec total\n|\n|t:|1783547954\n|switch|p2a: Wyrdeer|Wyrdeer, L87, M|321/321\n|-ability|p2a: Wyrdeer|Intimidate|boost\n|-unboost|p1a: Glimmora|atk|1\n|move|p1a: Glimmora|Meteor Beam||[still]\n|-prepare|p1a: Glimmora|Meteor Beam\n|-boost|p1a: Glimmora|spa|1\n|-enditem|p1a: Glimmora|Power Herb\n|-anim|p1a: Glimmora|Meteor Beam|p2a: Wyrdeer\n|-damage|p2a: Wyrdeer|119/321\n|\n|-heal|p2a: Wyrdeer|139/321|[from] item: Leftovers\n|upkeep\n|turn|5\n|inactive|Time left: 300 sec this turn | 300 sec total\n|\n|t:|1783547956\n|move|p1a: Glimmora|Sludge Wave|p2a: Wyrdeer\n|-damage|p2a: Wyrdeer|0 fnt\n|faint|p2a: Wyrdeer\n|\n|upkeep\n|inactive|Time left: 300 sec this turn | 300 sec total | 5 sec grace\n|\n|t:|1783547956\n|switch|p2a: Camerupt|Camerupt, L91, F|275/275\n|turn|6\n|inactive|Time left: 300 sec this turn | 300 sec total\n|\n|t:|1783547958\n|move|p1a: Glimmora|Earth Power|p2a: Camerupt\n|-supereffective|p2a: Camerupt\n|-damage|p2a: Camerupt|131/275\n|move|p2a: Camerupt|Earthquake|p1a: Glimmora\n|-supereffective|p1a: Glimmora\n|-damage|p1a: Glimmora|0 fnt\n|-activate|p1a: Glimmora|ability: Toxic Debris\n|-sidestart|p2: p0y760718e|move: Toxic Spikes\n|faint|p1a: Glimmora\n|\n|-heal|p2a: Camerupt|148/275|[from] item: Leftovers\n|upkeep\n|\n|t:|1783547958\n|switch|p1a: Feraligatr|Feraligatr, L79, F|100/100\n|turn|7\n|inactive|Time left: 300 sec this turn | 300 sec total\n|\n|t:|1783547960\n|switch|p2a: Pecharunt|Pecharunt, L77|262/262\n|-sideend|p2: p0y760718e|move: Toxic Spikes|[of] p2a: Pecharunt\n|move|p1a: Feraligatr|Liquidation|p2a: Pecharunt\n|-damage|p2a: Pecharunt|159/262\n|-damage|p1a: Feraligatr|84/100|[from] item: Rocky Helmet|[of] p2a: Pecharunt\n|\n|upkeep\n|turn|8\n|inactive|Time left: 300 sec this turn | 300 sec total\n|\n|t:|1783547961\n|move|p2a: Pecharunt|Malignant Chain|p1a: Feraligatr\n|-damage|p1a: Feraligatr|46/100\n|-status|p1a: Feraligatr|tox\n|-start|p1a: Feraligatr|confusion|[from] ability: Poison Puppeteer|[of] p2a: Pecharunt\n|-activate|p1a: Feraligatr|confusion\n|move|p1a: Feraligatr|Dragon Dance|p1a: Feraligatr\n|-boost|p1a: Feraligatr|atk|1\n|-boost|p1a: Feraligatr|spe|1\n|\n|-damage|p1a: Feraligatr|40/100 tox|[from] psn\n|upkeep\n|turn|9\n|inactive|Time left: 300 sec this turn | 300 sec total\n|\n|t:|1783547961\n|-end|p1a: Feraligatr|confusion\n|move|p1a: Feraligatr|Crunch|p2a: Pecharunt\n|-supereffective|p2a: Pecharunt\n|-damage|p2a: Pecharunt|0 fnt\n|-damage|p1a: Feraligatr|24/100 tox|[from] item: Rocky Helmet|[of] p2a: Pecharunt\n|faint|p2a: Pecharunt\n|\n|-damage|p1a: Feraligatr|11/100 tox|[from] psn\n|upkeep\n|inactive|Time left: 300 sec this turn | 300 sec total | 5 sec grace\n|\n|t:|1783547962\n|switch|p2a: Pincurchin|Pincurchin, M|258/258\n|-fieldstart|move: Electric Terrain|[from] ability: Electric Surge|[of] p2a: Pincurchin\n|turn|10\n|inactive|Time left: 300 sec this turn | 300 sec total\n|\n|t:|1783547963\n|move|p1a: Feraligatr|Liquidation|p2a: Pincurchin\n|-damage|p2a: Pincurchin|85/258\n|move|p2a: Pincurchin|Curse|p2a: Pincurchin\n|-unboost|p2a: Pincurchin|spe|1\n|-boost|p2a: Pincurchin|atk|1\n|-boost|p2a: Pincurchin|def|1\n|\n|-heal|p2a: Pincurchin|101/258|[from] item: Leftovers\n|-damage|p1a: Feraligatr|0 fnt|[from] psn\n|faint|p1a: Feraligatr\n|upkeep\n|\n|t:|1783547964\n|switch|p1a: Chi-Yu|Chi-Yu, L77|100/100\n|-ability|p1a: Chi-Yu|Beads of Ruin\n|turn|11\n|inactive|Time left: 300 sec this turn | 300 sec total\n|\n|t:|1783547965\n|switch|p2a: Granbull|Granbull, L88, M|45/302\n|-ability|p2a: Granbull|Intimidate|boost\n|-unboost|p1a: Chi-Yu|atk|1\n|move|p1a: Chi-Yu|Dark Pulse|p2a: Granbull\n|-resisted|p2a: Granbull\n|-damage|p2a: Granbull|0 fnt\n|faint|p2a: Granbull\n|\n|upkeep\n|inactive|Time left: 300 sec this turn | 300 sec total | 5 sec grace\n|\n|t:|1783547966\n|switch|p2a: Wo-Chien|Wo-Chien, L83|277/277\n|-ability|p2a: Wo-Chien|Tablets of Ruin\n|turn|12\n|inactive|Time left: 300 sec this turn | 300 sec total\n|\n|t:|1783547967\n|move|p1a: Chi-Yu|Dark Pulse|p2a: Wo-Chien\n|-resisted|p2a: Wo-Chien\n|-damage|p2a: Wo-Chien|232/277\n|cant|p2a: Wo-Chien|flinch\n|\n|-heal|p2a: Wo-Chien|249/277|[from] item: Leftovers\n|upkeep\n|turn|13\n|inactive|Time left: 300 sec this turn | 300 sec total\n|\n|t:|1783547968\n|switch|p1a: Granbull|Granbull, L88, M|100/100\n|-ability|p1a: Granbull|Intimidate|boost\n|-unboost|p2a: Wo-Chien|atk|1\n|move|p2a: Wo-Chien|Ruination|p1a: Granbull\n|-damage|p1a: Granbull|50/100\n|\n|-heal|p2a: Wo-Chien|266/277|[from] item: Leftovers\n|-heal|p1a: Granbull|56/100|[from] item: Leftovers\n|upkeep\n|turn|14\n|inactive|Time left: 300 sec this turn | 300 sec total\n|\n|t:|1783547969\n|move|p2a: Wo-Chien|Leech Seed|p1a: Granbull\n|-start|p1a: Granbull|move: Leech Seed\n|move|p1a: Granbull|Play Rough|p2a: Wo-Chien\n|-supereffective|p2a: Wo-Chien\n|-damage|p2a: Wo-Chien|86/277\n|\n|-heal|p2a: Wo-Chien|103/277|[from] item: Leftovers\n|-heal|p1a: Granbull|62/100|[from] item: Leftovers\n|-damage|p1a: Granbull|50/100|[from] Leech Seed|[of] p2a: Wo-Chien\n|-heal|p2a: Wo-Chien|140/277|[silent]\n|-fieldend|move: Electric Terrain\n|upkeep\n|turn|15\n|inactive|Time left: 300 sec this turn | 300 sec total\n|\n|t:|1783547970\n|switch|p1a: Toedscruel|Toedscruel, L87, F|100/100\n|move|p2a: Wo-Chien|Ruination|p1a: Toedscruel\n|-damage|p1a: Toedscruel|51/100\n|\n|-heal|p1a: Toedscruel|57/100|[from] item: Leftovers\n|-heal|p2a: Wo-Chien|157/277|[from] item: Leftovers\n|upkeep\n|turn|16\n|inactive|Time left: 300 sec this turn | 300 sec total\n|\n|t:|1783547971\n|move|p1a: Toedscruel|Earth Power|p2a: Wo-Chien\n|-resisted|p2a: Wo-Chien\n|-damage|p2a: Wo-Chien|127/277\n|move|p2a: Wo-Chien|Knock Off|p1a: Toedscruel\n|-damage|p1a: Toedscruel|31/100\n|-enditem|p1a: Toedscruel|Leftovers|[from] move: Knock Off|[of] p2a: Wo-Chien\n|\n|-heal|p2a: Wo-Chien|144/277|[from] item: Leftovers\n|upkeep\n|turn|17\n|inactive|Time left: 300 sec this turn | 300 sec total\n|\n|t:|1783547972\n|move|p2a: Wo-Chien|Ruination|p1a: Toedscruel\n|-damage|p1a: Toedscruel|16/100\n|move|p1a: Toedscruel|Toxic|p2a: Wo-Chien\n|-status|p2a: Wo-Chien|tox\n|\n|-heal|p2a: Wo-Chien|161/277 tox|[from] item: Leftovers\n|-damage|p2a: Wo-Chien|144/277 tox|[from] psn\n|upkeep\n|turn|18\n|inactive|Time left: 300 sec this turn | 300 sec total\n|\n|t:|1783547973\n|move|p1a: Toedscruel|Earth Power|p2a: Wo-Chien\n|-resisted|p2a: Wo-Chien\n|-damage|p2a: Wo-Chien|112/277 tox\n|-unboost|p2a: Wo-Chien|spd|1\n|move|p2a: Wo-Chien|Knock Off|p1a: Toedscruel\n|-damage|p1a: Toedscruel|0 fnt\n|faint|p1a: Toedscruel\n|\n|-heal|p2a: Wo-Chien|129/277 tox|[from] item: Leftovers\n|-damage|p2a: Wo-Chien|95/277 tox|[from] psn\n|upkeep\n|\n|t:|1783547974\n|switch|p1a: Chi-Yu|Chi-Yu, L77|100/100\n|-ability|p1a: Chi-Yu|Beads of Ruin\n|turn|19\n|inactive|Time left: 300 sec this turn | 300 sec total\n|\n|t:|1783547975\n|move|p1a: Chi-Yu|Dark Pulse|p2a: Wo-Chien\n|-resisted|p2a: Wo-Chien\n|-damage|p2a: Wo-Chien|26/277 tox\n|move|p2a: Wo-Chien|Ruination|p1a: Chi-Yu\n|-damage|p1a: Chi-Yu|51/100\n|\n|-heal|p2a: Wo-Chien|43/277 tox|[from] item: Leftovers\n|-damage|p2a: Wo-Chien|0 fnt|[from] psn\n|faint|p2a: Wo-Chien\n|upkeep\n|inactive|Time left: 300 sec this turn | 300 sec total | 5 sec grace\n|\n|t:|1783547976\n|switch|p2a: Camerupt|Camerupt, L91, F|148/275\n|turn|20\n|inactive|Time left: 300 sec this turn | 300 sec total\n|\n|t:|1783547977\n|move|p1a: Chi-Yu|Dark Pulse|p2a: Camerupt\n|-damage|p2a: Camerupt|16/275\n|move|p2a: Camerupt|Earthquake|p1a: Chi-Yu\n|-supereffective|p1a: Chi-Yu\n|-damage|p1a: Chi-Yu|0 fnt\n|faint|p1a: Chi-Yu\n|\n|-heal|p2a: Camerupt|33/275|[from] item: Leftovers\n|upkeep\n|\n|t:|1783547978\n|switch|p1a: Granbull|Granbull, L88, M|50/100\n|-ability|p1a: Granbull|Intimidate|boost\n|-unboost|p2a: Camerupt|atk|1\n|turn|21\n|inactive|Time left: 300 sec this turn | 300 sec total\n|\n|t:|1783547979\n|-terastallize|p1a: Granbull|Ground\n|move|p1a: Granbull|Earthquake|p2a: Camerupt\n|-supereffective|p2a: Camerupt\n|-damage|p2a: Camerupt|0 fnt\n|faint|p2a: Camerupt\n|\n|-heal|p1a: Granbull|56/100|[from] item: Leftovers\n|upkeep\n|inactive|Time left: 300 sec this turn | 300 sec total | 5 sec grace\n|\n|t:|1783547980\n|switch|p2a: Pincurchin|Pincurchin, M|101/258\n|-fieldstart|move: Electric Terrain|[from] ability: Electric Surge|[of] p2a: Pincurchin\n|turn|22\n|inactive|Time left: 300 sec this turn | 300 sec total\n|\n|t:|1783547981\n|-terastallize|p2a: Pincurchin|Grass\n|move|p1a: Granbull|Play Rough|p2a: Pincurchin\n|-damage|p2a: Pincurchin|2/258\n|move|p2a: Pincurchin|Liquidation|p1a: Granbull\n|-supereffective|p1a: Granbull\n|-damage|p1a: Granbull|0 fnt\n|faint|p1a: Granbull\n|\n|win|p0y760718e", "uploadtime": 1783547981, "views": 0, "rating": 0, "private": 0, "password": null, "_winner": "p0y760718e", "_our_name": "p0y760718e"}