{"id": "battle-gen9randombattle-2954", "formatid": "gen9randombattle", "format": "[Gen 9] Random Battle", "players": ["p0x295430e5", "p0y2954c985"], "log": "|init|battle\n|title|p0x295430e5 vs. p0y2954c985\n|j|\u2606p0x295430e5\n|j|\u2606p0y2954c985\n|t:|1783573043\n|gametype|singles\n|player|p1|p0x295430e5|266|\n|player|p2|p0y2954c985|1|\n|gen|9\n|tier|[Gen 9] Random Battle\n|rule|Species Clause: Limit one of each Pok\u00e9mon\n|rule|HP Percentage Mod: HP is shown in percentages\n|rule|Sleep Clause Mod: Limit one foe put to sleep\n|rule|Illusion Level Mod: Illusion disguises the Pok\u00e9mon's true level\n|\n|t:|1783573043\n|teamsize|p1|6\n|teamsize|p2|6\n|start\n|switch|p1a: Munkidori|Munkidori, L79, M|269/269\n|switch|p2a: Granbull|Granbull, L88, M|100/100\n|-ability|p2a: Granbull|Intimidate|boost\n|-unboost|p1a: Munkidori|atk|1\n|turn|1\n|inactive|Battle timer is ON: inactive players will automatically lose when time's up. (requested by p0x295430e5)\n|inactive|p0y2954c985 also wants the timer to be on.\n|\n|t:|1783573045\n|switch|p2a: Spiritomb|Spiritomb, L89, F|100/100\n|move|p1a: Munkidori|Sludge Wave|p2a: Spiritomb\n|-resisted|p2a: Spiritomb\n|-damage|p2a: Spiritomb|83/100\n|\n|upkeep\n|turn|2\n|inactive|Time left: 300 sec this turn | 300 sec total\n|\n|t:|1783573046\n|switch|p1a: Maushold|Maushold-Four, L76|238/238\n|move|p2a: Spiritomb|Poltergeist|p1a: Maushold\n|-immune|p1a: Maushold\n|\n|upkeep\n|turn|3\n|inactive|Time left: 300 sec this turn | 300 sec total\n|\n|t:|1783573047\n|move|p1a: Maushold|Tidy Up|p1a: Maushold\n|-boost|p1a: Maushold|atk|1\n|-boost|p1a: Maushold|spe|1\n|move|p2a: Spiritomb|Poltergeist|p1a: Maushold\n|-immune|p1a: Maushold\n|\n|upkeep\n|turn|4\n|inactive|Time left: 300 sec this turn | 300 sec total\n|\n|t:|1783573048\n|move|p1a: Maushold|Tidy Up|p1a: Maushold\n|-boost|p1a: Maushold|atk|1\n|-boost|p1a: Maushold|spe|1\n|move|p2a: Spiritomb|Poltergeist|p1a: Maushold\n|-immune|p1a: Maushold\n|\n|upkeep\n|turn|5\n|inactive|Time left: 300 sec this turn | 300 sec total\n|\n|t:|1783573049\n|move|p1a: Maushold|Population Bomb|p2a: Spiritomb\n|-immune|p2a: Spiritomb\n|move|p2a: Spiritomb|Poltergeist|p1a: Maushold\n|-immune|p1a: Maushold\n|\n|upkeep\n|turn|6\n|inactive|Time left: 300 sec this turn | 300 sec total\n|\n|t:|1783573050\n|move|p1a: Maushold|Population Bomb|p2a: Spiritomb\n|-immune|p2a: Spiritomb\n|move|p2a: Spiritomb|Poltergeist|p1a: Maushold\n|-immune|p1a: Maushold\n|\n|upkeep\n|turn|7\n|inactive|Time left: 300 sec this turn | 300 sec total\n|\n|t:|1783573051\n|move|p1a: Maushold|Population Bomb|p2a: Spiritomb\n|-immune|p2a: Spiritomb\n|move|p2a: Spiritomb|Poltergeist|p1a: Maushold\n|-immune|p1a: Maushold\n|\n|upkeep\n|turn|8\n|inactive|Time left: 300 sec this turn | 300 sec total\n|\n|t:|1783573051\n|move|p1a: Maushold|Population Bomb|p2a: Spiritomb\n|-immune|p2a: Spiritomb\n|move|p2a: Spiritomb|Poltergeist|p1a: Maushold\n|-immune|p1a: Maushold\n|\n|upkeep\n|turn|9\n|inactive|Time left: 300 sec this turn | 300 sec total\n|\n|t:|1783573052\n|move|p1a: Maushold|Population Bomb|p2a: Spiritomb\n|-immune|p2a: Spiritomb\n|move|p2a: Spiritomb|Poltergeist|p1a: Maushold\n|-immune|p1a: Maushold\n|\n|upkeep\n|turn|10\n|inactive|Time left: 300 sec this turn | 300 sec total\n|\n|t:|1783573053\n|move|p1a: Maushold|Population Bomb|p2a: Spiritomb\n|-immune|p2a: Spiritomb\n|-activate|p2a: Spiritomb|move: Struggle\n|move|p2a: Spiritomb|Struggle|p1a: Maushold\n|-damage|p1a: Maushold|162/238\n|-damage|p2a: Spiritomb|57/100|[from] recoil\n|\n|upkeep\n|turn|11\n|inactive|Time left: 300 sec this turn | 300 sec total\n|\n|t:|1783573054\n|move|p1a: Maushold|Population Bomb|p2a: Spiritomb\n|-immune|p2a: Spiritomb\n|-activate|p2a: Spiritomb|move: Struggle\n|move|p2a: Spiritomb|Struggle|p1a: Maushold\n|-damage|p1a: Maushold|82/238\n|-damage|p2a: Spiritomb|32/100|[from] recoil\n|\n|upkeep\n|turn|12\n|inactive|Time left: 300 sec this turn | 300 sec total\n|\n|t:|1783573055\n|move|p1a: Maushold|Population Bomb|p2a: Spiritomb\n|-immune|p2a: Spiritomb\n|-activate|p2a: Spiritomb|move: Struggle\n|move|p2a: Spiritomb|Struggle|p1a: Maushold\n|-damage|p1a: Maushold|10/238\n|-damage|p2a: Spiritomb|7/100|[from] recoil\n|\n|upkeep\n|turn|13\n|inactive|Time left: 300 sec this turn | 300 sec total\n|\n|t:|1783573056\n|move|p1a: Maushold|Population Bomb|p2a: Spiritomb\n|-immune|p2a: Spiritomb\n|-activate|p2a: Spiritomb|move: Struggle\n|move|p2a: Spiritomb|Struggle|p1a: Maushold\n|-damage|p1a: Maushold|0 fnt\n|faint|p1a: Maushold\n|-damage|p2a: Spiritomb|0 fnt|[from] recoil\n|faint|p2a: Spiritomb\n|\n|upkeep\n|inactive|Time left: 300 sec this turn | 300 sec total | 5 sec grace\n|\n|t:|1783573057\n|switch|p1a: Zacian|Zacian, L69|241/241\n|switch|p2a: Clefable|Clefable, L83, F|100/100\n|-ability|p1a: Zacian|Intrepid Sword|boost\n|-boost|p1a: Zacian|atk|1\n|turn|14\n|inactive|Time left: 300 sec this turn | 300 sec total\n|\n|t:|1783573058\n|move|p1a: Zacian|Swords Dance|p1a: Zacian\n|-boost|p1a: Zacian|atk|2\n|move|p2a: Clefable|Moonblast|p1a: Zacian\n|-damage|p1a: Zacian|144/241\n|\n|upkeep\n|turn|15\n|inactive|Time left: 300 sec this turn | 300 sec total\n|\n|t:|1783573059\n|move|p1a: Zacian|Play Rough|p2a: Clefable\n|-damage|p2a: Clefable|57/100\n|-damage|p1a: Zacian|120/241|[from] item: Life Orb\n|move|p2a: Clefable|Moonblast|p1a: Zacian\n|-damage|p1a: Zacian|21/241\n|-unboost|p1a: Zacian|spa|1\n|\n|-heal|p2a: Clefable|64/100|[from] item: Leftovers\n|upkeep\n|turn|16\n|inactive|Time left: 300 sec this turn | 300 sec total\n|\n|t:|1783573060\n|move|p1a: Zacian|Play Rough|p2a: Clefable|[miss]\n|-miss|p1a: Zacian|p2a: Clefable\n|move|p2a: Clefable|Calm Mind|p2a: Clefable\n|-boost|p2a: Clefable|spa|1\n|-boost|p2a: Clefable|spd|1\n|\n|-heal|p2a: Clefable|70/100|[from] item: Leftovers\n|upkeep\n|turn|17\n|inactive|Time left: 300 sec this turn | 300 sec total\n|\n|t:|1783573061\n|move|p1a: Zacian|Play Rough|p2a: Clefable\n|-damage|p2a: Clefable|28/100\n|-damage|p1a: Zacian|0 fnt|[from] item: Life Orb\n|faint|p1a: Zacian\n|move|p2a: Clefable|Calm Mind|p2a: Clefable\n|-boost|p2a: Clefable|spa|1\n|-boost|p2a: Clefable|spd|1\n|\n|-heal|p2a: Clefable|34/100|[from] item: Leftovers\n|upkeep\n|inactive|Time left: 300 sec this turn | 300 sec total | 5 sec grace\n|\n|t:|1783573062\n|switch|p1a: Kingdra|Kingdra, L84, F|263/263\n|turn|18\n|inactive|Time left: 300 sec this turn | 300 sec total\n|\n|t:|1783573063\n|switch|p2a: Granbull|Granbull, L88, M|100/100\n|-ability|p2a: Granbull|Intimidate|boost\n|-unboost|p1a: Kingdra|atk|1\n|move|p1a: Kingdra|Wave Crash|p2a: Granbull\n|-damage|p2a: Granbull|71/100\n|-damage|p1a: Kingdra|234/263|[from] Recoil\n|\n|-heal|p2a: Granbull|77/100|[from] item: Leftovers\n|upkeep\n|turn|19\n|inactive|Time left: 300 sec this turn | 300 sec total\n|\n|t:|1783573064\n|move|p1a: Kingdra|Dragon Dance|p1a: Kingdra\n|-boost|p1a: Kingdra|atk|1\n|-boost|p1a: Kingdra|spe|1\n|move|p2a: Granbull|Play Rough|p1a: Kingdra\n|-supereffective|p1a: Kingdra\n|-damage|p1a: Kingdra|0 fnt\n|faint|p1a: Kingdra\n|\n|-heal|p2a: Granbull|83/100|[from] item: Leftovers\n|upkeep\n|inactive|Time left: 300 sec this turn | 300 sec total | 5 sec grace\n|\n|t:|1783573065\n|switch|p1a: Munkidori|Munkidori, L79, M|269/269\n|turn|20\n|inactive|Time left: 300 sec this turn | 300 sec total\n|\n|t:|1783573066\n|-terastallize|p2a: Granbull|Ground\n|move|p1a: Munkidori|Sludge Wave|p2a: Granbull\n|-resisted|p2a: Granbull\n|-damage|p2a: Granbull|59/100\n|-status|p2a: Granbull|tox|[from] ability: Toxic Chain|[of] p1a: Munkidori\n|move|p2a: Granbull|Earthquake|p1a: Munkidori\n|-supereffective|p1a: Munkidori\n|-damage|p1a: Munkidori|0 fnt\n|faint|p1a: Munkidori\n|\n|-heal|p2a: Granbull|65/100 tox|[from] item: Leftovers\n|-damage|p2a: Granbull|59/100 tox|[from] psn\n|upkeep\n|inactive|Time left: 300 sec this turn | 300 sec total | 5 sec grace\n|\n|t:|1783573066\n|switch|p1a: Scyther|Scyther, L82, F|249/249\n|turn|21\n|inactive|Time left: 300 sec this turn | 300 sec total\n|\n|t:|1783573067\n|move|p1a: Scyther|Swords Dance|p1a: Scyther\n|-boost|p1a: Scyther|atk|2\n|move|p2a: Granbull|Play Rough|p1a: Scyther\n|-damage|p1a: Scyther|102/249\n|\n|-heal|p2a: Granbull|65/100 tox|[from] item: Leftovers\n|-damage|p2a: Granbull|53/100 tox|[from] psn\n|upkeep\n|turn|22\n|inactive|Time left: 300 sec this turn | 300 sec total\n|\n|t:|1783573068\n|switch|p2a: Clefable|Clefable, L83, F|34/100\n|move|p1a: Scyther|Bug Bite|p2a: Clefable\n|-resisted|p2a: Clefable\n|-damage|p2a: Clefable|15/100\n|\n|-heal|p2a: Clefable|21/100|[from] item: Leftovers\n|upkeep\n|turn|23\n|inactive|Time left: 300 sec this turn | 300 sec total\n|\n|t:|1783573069\n|move|p1a: Scyther|Dual Wingbeat|p2a: Clefable\n|-damage|p2a: Clefable|0 fnt\n|faint|p2a: Clefable\n|-hitcount|p2: Clefable|1\n|\n|upkeep\n|\n|t:|1783573070\n|switch|p2a: Vaporeon|Vaporeon, L86, M|100/100\n|turn|24\n|inactive|Time left: 300 sec this turn | 300 sec total\n|\n|t:|1783573071\n|move|p1a: Scyther|Dual Wingbeat|p2a: Vaporeon\n|-damage|p2a: Vaporeon|56/100\n|-damage|p2a: Vaporeon|10/100\n|-hitcount|p2a: Vaporeon|2\n|move|p2a: Vaporeon|Scald|p1a: Scyther\n|-damage|p1a: Scyther|0 fnt\n|faint|p1a: Scyther\n|\n|-heal|p2a: Vaporeon|16/100|[from] item: Leftovers\n|upkeep\n|inactive|Time left: 300 sec this turn | 300 sec total | 5 sec grace\n|\n|t:|1783573072\n|switch|p1a: Jolteon|Jolteon, L84, F|246/246\n|turn|25\n|inactive|Time left: 300 sec this turn | 300 sec total\n|\n|t:|1783573073\n|move|p1a: Jolteon|Calm Mind|p1a: Jolteon\n|-boost|p1a: Jolteon|spa|1\n|-boost|p1a: Jolteon|spd|1\n|move|p2a: Vaporeon|Scald|p1a: Jolteon\n|-damage|p1a: Jolteon|180/246\n|\n|-heal|p2a: Vaporeon|22/100|[from] item: Leftovers\n|upkeep\n|turn|26\n|inactive|Time left: 300 sec this turn | 300 sec total\n|\n|t:|1783573074\n|move|p1a: Jolteon|Calm Mind|p1a: Jolteon\n|-boost|p1a: Jolteon|spa|1\n|-boost|p1a: Jolteon|spd|1\n|move|p2a: Vaporeon|Scald|p1a: Jolteon\n|-damage|p1a: Jolteon|134/246\n|-status|p1a: Jolteon|brn\n|\n|-heal|p2a: Vaporeon|29/100|[from] item: Leftovers\n|-damage|p1a: Jolteon|119/246 brn|[from] brn\n|upkeep\n|turn|27\n|inactive|Time left: 300 sec this turn | 300 sec total\n|\n|t:|1783573076\n|move|p2a: Vaporeon|Protect|p2a: Vaporeon\n|-singleturn|p2a: Vaporeon|Protect\n|move|p1a: Jolteon|Calm Mind|p1a: Jolteon\n|-boost|p1a: Jolteon|spa|1\n|-boost|p1a: Jolteon|spd|1\n|\n|-heal|p2a: Vaporeon|35/100|[from] item: Leftovers\n|-damage|p1a: Jolteon|104/246 brn|[from] brn\n|upkeep\n|turn|28\n|inactive|Time left: 300 sec this turn | 300 sec total\n|\n|t:|1783573077\n|switch|p2a: Granbull|Granbull, L88, M, tera:Ground|53/100 tox\n|-ability|p2a: Granbull|Intimidate|boost\n|-unboost|p1a: Jolteon|atk|1\n|move|p1a: Jolteon|Calm Mind|p1a: Jolteon\n|-boost|p1a: Jolteon|spa|1\n|-boost|p1a: Jolteon|spd|1\n|\n|-heal|p2a: Granbull|59/100 tox|[from] item: Leftovers\n|-damage|p2a: Granbull|53/100 tox|[from] psn\n|-damage|p1a: Jolteon|89/246 brn|[from] brn\n|upkeep\n|turn|29\n|inactive|Time left: 300 sec this turn | 300 sec total\n|\n|t:|1783573078\n|move|p1a: Jolteon|Alluring Voice|p2a: Granbull\n|-damage|p2a: Granbull|0 fnt\n|faint|p2a: Granbull\n|\n|-damage|p1a: Jolteon|74/246 brn|[from] brn\n|upkeep\n|\n|t:|1783573079\n|switch|p2a: Toucannon|Toucannon, L88, F|100/100\n|turn|30\n|inactive|Time left: 300 sec this turn | 300 sec total\n|\n|t:|1783573080\n|-terastallize|p1a: Jolteon|Flying\n|move|p1a: Jolteon|Thunderbolt|p2a: Toucannon\n|-supereffective|p2a: Toucannon\n|-damage|p2a: Toucannon|0 fnt\n|faint|p2a: Toucannon\n|\n|-damage|p1a: Jolteon|59/246 brn|[from] brn\n|upkeep\n|\n|t:|1783573080\n|switch|p2a: Vaporeon|Vaporeon, L86, M|35/100\n|turn|31\n|inactive|Time left: 300 sec this turn | 300 sec total\n|\n|t:|1783573081\n|move|p2a: Vaporeon|Protect|p2a: Vaporeon\n|-singleturn|p2a: Vaporeon|Protect\n|move|p1a: Jolteon|Volt Switch|p2a: Vaporeon\n|-activate|p2a: Vaporeon|move: Protect\n|\n|-heal|p2a: Vaporeon|41/100|[from] item: Leftovers\n|-damage|p1a: Jolteon|44/246 brn|[from] brn\n|upkeep\n|turn|32\n|inactive|Time left: 300 sec this turn | 300 sec total\n|\n|t:|1783573082\n|move|p2a: Vaporeon|Protect||[still]\n|-fail|p2a: Vaporeon\n|move|p1a: Jolteon|Thunderbolt|p2a: Vaporeon\n|-supereffective|p2a: Vaporeon\n|-damage|p2a: Vaporeon|0 fnt\n|faint|p2a: Vaporeon\n|\n|-damage|p1a: Jolteon|29/246 brn|[from] brn\n|upkeep\n|\n|t:|1783573083\n|switch|p2a: Zamazenta|Zamazenta, L71|100/100\n|-ability|p2a: Zamazenta|Dauntless Shield|boost\n|-boost|p2a: Zamazenta|def|1\n|turn|33\n|inactive|Time left: 300 sec this turn | 300 sec total\n|\n|t:|1783573084\n|move|p1a: Jolteon|Alluring Voice|p2a: Zamazenta\n|-supereffective|p2a: Zamazenta\n|-damage|p2a: Zamazenta|0 fnt\n|faint|p2a: Zamazenta\n|\n|win|p0x295430e5", "uploadtime": 1783573084, "views": 0, "rating": 0, "private": 0, "password": null, "_winner": "p0x295430e5", "_our_name": "p0x295430e5"}