{"id": "battle-gen9randombattle-171", "formatid": "gen9randombattle", "format": "[Gen 9] Random Battle", "players": ["p0x1713990", "p0y1714d92"], "log": "|init|battle\n|title|p0x1713990 vs. p0y1714d92\n|j|\u2606p0x1713990\n|j|\u2606p0y1714d92\n|t:|1783535207\n|gametype|singles\n|player|p1|p0x1713990|102|\n|player|p2|p0y1714d92|2|\n|gen|9\n|tier|[Gen 9] Random Battle\n|rule|Species Clause: Limit one of each Pok\u00e9mon\n|rule|HP Percentage Mod: HP is shown in percentages\n|rule|Sleep Clause Mod: Limit one foe put to sleep\n|rule|Illusion Level Mod: Illusion disguises the Pok\u00e9mon's true level\n|\n|t:|1783535207\n|teamsize|p1|6\n|teamsize|p2|6\n|start\n|switch|p1a: Wo-Chien|Wo-Chien, L83|277/277\n|switch|p2a: Meganium|Meganium, L90, M|100/100\n|-ability|p1a: Wo-Chien|Tablets of Ruin\n|turn|1\n|inactive|Battle timer is ON: inactive players will automatically lose when time's up. (requested by p0x1713990)\n|\n|t:|1783535209\n|move|p2a: Meganium|Knock Off|p1a: Wo-Chien\n|-resisted|p1a: Wo-Chien\n|-damage|p1a: Wo-Chien|253/277\n|-enditem|p1a: Wo-Chien|Leftovers|[from] move: Knock Off|[of] p2a: Meganium\n|move|p1a: Wo-Chien|Knock Off|p2a: Meganium\n|-damage|p2a: Meganium|72/100\n|-enditem|p2a: Meganium|Leftovers|[from] move: Knock Off|[of] p1a: Wo-Chien\n|\n|upkeep\n|turn|2\n|inactive|Time left: 300 sec this turn | 300 sec total\n|inactive|p0y1714d92 also wants the timer to be on.\n|\n|t:|1783535210\n|move|p2a: Meganium|Leech Seed|p1a: Wo-Chien\n|-immune|p1a: Wo-Chien\n|move|p1a: Wo-Chien|Knock Off|p2a: Meganium\n|-damage|p2a: Meganium|54/100\n|\n|upkeep\n|turn|3\n|inactive|Time left: 300 sec this turn | 300 sec total\n|\n|t:|1783535211\n|move|p2a: Meganium|Synthesis|p2a: Meganium\n|-heal|p2a: Meganium|100/100\n|move|p1a: Wo-Chien|Giga Drain|p2a: Meganium\n|-resisted|p2a: Meganium\n|-damage|p2a: Meganium|89/100\n|-heal|p1a: Wo-Chien|269/277|[from] drain|[of] p2a: Meganium\n|\n|upkeep\n|turn|4\n|inactive|Time left: 300 sec this turn | 300 sec total\n|\n|t:|1783535212\n|switch|p1a: Conkeldurr|Conkeldurr, L80, F|299/299\n|move|p2a: Meganium|Leech Seed|p1a: Conkeldurr\n|-start|p1a: Conkeldurr|move: Leech Seed\n|\n|-damage|p1a: Conkeldurr|262/299|[from] Leech Seed|[of] p2a: Meganium\n|-heal|p2a: Meganium|100/100|[silent]\n|-status|p1a: Conkeldurr|brn|[from] item: Flame Orb\n|upkeep\n|turn|5\n|inactive|Time left: 300 sec this turn | 300 sec total\n|\n|t:|1783535214\n|switch|p1a: Sawsbuck|Sawsbuck-Summer, L88, F|284/284\n|move|p2a: Meganium|Energy Ball|p1a: Sawsbuck\n|-resisted|p1a: Sawsbuck\n|-damage|p1a: Sawsbuck|231/284\n|\n|upkeep\n|turn|6\n|inactive|Time left: 300 sec this turn | 300 sec total\n|\n|t:|1783535215\n|move|p1a: Sawsbuck|Swords Dance|p1a: Sawsbuck\n|-boost|p1a: Sawsbuck|atk|2\n|move|p2a: Meganium|Knock Off|p1a: Sawsbuck\n|-damage|p1a: Sawsbuck|158/284\n|-enditem|p1a: Sawsbuck|Life Orb|[from] move: Knock Off|[of] p2a: Meganium\n|\n|upkeep\n|turn|7\n|inactive|Time left: 300 sec this turn | 300 sec total\n|\n|t:|1783535216\n|move|p1a: Sawsbuck|Horn Leech|p2a: Meganium\n|-resisted|p2a: Meganium\n|-damage|p2a: Meganium|73/100\n|-heal|p1a: Sawsbuck|198/284|[from] drain|[of] p2a: Meganium\n|move|p2a: Meganium|Knock Off|p1a: Sawsbuck\n|-damage|p1a: Sawsbuck|146/284\n|\n|upkeep\n|turn|8\n|inactive|Time left: 300 sec this turn | 300 sec total\n|\n|t:|1783535217\n|move|p1a: Sawsbuck|Headbutt|p2a: Meganium\n|-damage|p2a: Meganium|28/100\n|move|p2a: Meganium|Synthesis|p2a: Meganium\n|-heal|p2a: Meganium|78/100\n|\n|upkeep\n|turn|9\n|inactive|Time left: 300 sec this turn | 300 sec total\n|\n|t:|1783535218\n|move|p1a: Sawsbuck|Headbutt|p2a: Meganium\n|-damage|p2a: Meganium|26/100\n|cant|p2a: Meganium|flinch\n|\n|upkeep\n|turn|10\n|inactive|Time left: 300 sec this turn | 300 sec total\n|\n|t:|1783535220\n|move|p1a: Sawsbuck|Horn Leech|p2a: Meganium\n|-resisted|p2a: Meganium\n|-damage|p2a: Meganium|0 fnt\n|-heal|p1a: Sawsbuck|183/284|[from] drain|[of] p2a: Meganium\n|faint|p2a: Meganium\n|\n|upkeep\n|\n|t:|1783535221\n|switch|p2a: Chien-Pao|Chien-Pao, L72|100/100\n|-ability|p2a: Chien-Pao|Sword of Ruin\n|turn|11\n|inactive|Time left: 300 sec this turn | 300 sec total\n|\n|t:|1783535222\n|switch|p1a: Cresselia|Cresselia, L80, F|323/323\n|move|p2a: Chien-Pao|Sacred Sword|p1a: Cresselia\n|-resisted|p1a: Cresselia\n|-damage|p1a: Cresselia|275/323\n|\n|-heal|p1a: Cresselia|295/323|[from] item: Leftovers\n|upkeep\n|turn|12\n|inactive|Time left: 300 sec this turn | 300 sec total\n|\n|t:|1783535223\n|move|p2a: Chien-Pao|Sacred Sword|p1a: Cresselia\n|-resisted|p1a: Cresselia\n|-damage|p1a: Cresselia|246/323\n|move|p1a: Cresselia|Calm Mind|p1a: Cresselia\n|-boost|p1a: Cresselia|spa|1\n|-boost|p1a: Cresselia|spd|1\n|\n|-heal|p1a: Cresselia|266/323|[from] item: Leftovers\n|upkeep\n|turn|13\n|inactive|Time left: 300 sec this turn | 300 sec total\n|\n|t:|1783535224\n|switch|p2a: Diancie|Diancie, L82|100/100\n|move|p1a: Cresselia|Thunderbolt|p2a: Diancie\n|-damage|p2a: Diancie|77/100\n|\n|-heal|p1a: Cresselia|286/323|[from] item: Leftovers\n|-heal|p2a: Diancie|83/100|[from] item: Leftovers\n|upkeep\n|turn|14\n|inactive|Time left: 300 sec this turn | 300 sec total\n|\n|t:|1783535225\n|move|p1a: Cresselia|Psyshock|p2a: Diancie\n|-damage|p2a: Diancie|55/100\n|move|p2a: Diancie|Diamond Storm|p1a: Cresselia\n|-damage|p1a: Cresselia|196/323\n|\n|-heal|p1a: Cresselia|216/323|[from] item: Leftovers\n|-heal|p2a: Diancie|61/100|[from] item: Leftovers\n|upkeep\n|turn|15\n|inactive|Time left: 300 sec this turn | 300 sec total\n|\n|t:|1783535227\n|move|p1a: Cresselia|Calm Mind|p1a: Cresselia\n|-boost|p1a: Cresselia|spa|1\n|-boost|p1a: Cresselia|spd|1\n|move|p2a: Diancie|Diamond Storm|p1a: Cresselia\n|-damage|p1a: Cresselia|132/323\n|-boost|p2a: Diancie|def|2\n|\n|-heal|p1a: Cresselia|152/323|[from] item: Leftovers\n|-heal|p2a: Diancie|67/100|[from] item: Leftovers\n|upkeep\n|turn|16\n|inactive|Time left: 300 sec this turn | 300 sec total\n|\n|t:|1783535228\n|move|p1a: Cresselia|Moonlight|p1a: Cresselia\n|-heal|p1a: Cresselia|313/323\n|move|p2a: Diancie|Calm Mind|p2a: Diancie\n|-boost|p2a: Diancie|spa|1\n|-boost|p2a: Diancie|spd|1\n|\n|-heal|p1a: Cresselia|323/323|[from] item: Leftovers\n|-heal|p2a: Diancie|73/100|[from] item: Leftovers\n|upkeep\n|turn|17\n|inactive|Time left: 300 sec this turn | 300 sec total\n|\n|t:|1783535229\n|move|p1a: Cresselia|Calm Mind|p1a: Cresselia\n|-boost|p1a: Cresselia|spa|1\n|-boost|p1a: Cresselia|spd|1\n|move|p2a: Diancie|Calm Mind|p2a: Diancie\n|-boost|p2a: Diancie|spa|1\n|-boost|p2a: Diancie|spd|1\n|\n|-heal|p2a: Diancie|79/100|[from] item: Leftovers\n|upkeep\n|turn|18\n|inactive|Time left: 300 sec this turn | 300 sec total\n|\n|t:|1783535230\n|move|p1a: Cresselia|Psyshock|p2a: Diancie\n|-damage|p2a: Diancie|54/100\n|move|p2a: Diancie|Calm Mind|p2a: Diancie\n|-boost|p2a: Diancie|spa|1\n|-boost|p2a: Diancie|spd|1\n|\n|-heal|p2a: Diancie|60/100|[from] item: Leftovers\n|upkeep\n|turn|19\n|inactive|Time left: 300 sec this turn | 300 sec total\n|\n|t:|1783535230\n|move|p1a: Cresselia|Psyshock|p2a: Diancie\n|-damage|p2a: Diancie|36/100\n|move|p2a: Diancie|Calm Mind|p2a: Diancie\n|-boost|p2a: Diancie|spa|1\n|-boost|p2a: Diancie|spd|1\n|\n|-heal|p2a: Diancie|42/100|[from] item: Leftovers\n|upkeep\n|turn|20\n|inactive|Time left: 300 sec this turn | 300 sec total\n|\n|t:|1783535231\n|move|p1a: Cresselia|Psyshock|p2a: Diancie\n|-damage|p2a: Diancie|17/100\n|move|p2a: Diancie|Draining Kiss|p1a: Cresselia\n|-damage|p1a: Cresselia|272/323\n|-heal|p2a: Diancie|35/100|[from] drain|[of] p1a: Cresselia\n|\n|-heal|p1a: Cresselia|292/323|[from] item: Leftovers\n|-heal|p2a: Diancie|41/100|[from] item: Leftovers\n|upkeep\n|turn|21\n|inactive|Time left: 300 sec this turn | 300 sec total\n|\n|t:|1783535232\n|move|p1a: Cresselia|Psyshock|p2a: Diancie\n|-damage|p2a: Diancie|13/100\n|move|p2a: Diancie|Draining Kiss|p1a: Cresselia\n|-damage|p1a: Cresselia|241/323\n|-heal|p2a: Diancie|31/100|[from] drain|[of] p1a: Cresselia\n|\n|-heal|p1a: Cresselia|261/323|[from] item: Leftovers\n|-heal|p2a: Diancie|37/100|[from] item: Leftovers\n|upkeep\n|turn|22\n|inactive|Time left: 300 sec this turn | 300 sec total\n|\n|t:|1783535233\n|move|p1a: Cresselia|Psyshock|p2a: Diancie\n|-damage|p2a: Diancie|12/100\n|move|p2a: Diancie|Draining Kiss|p1a: Cresselia\n|-damage|p1a: Cresselia|210/323\n|-heal|p2a: Diancie|29/100|[from] drain|[of] p1a: Cresselia\n|\n|-heal|p1a: Cresselia|230/323|[from] item: Leftovers\n|-heal|p2a: Diancie|35/100|[from] item: Leftovers\n|upkeep\n|turn|23\n|inactive|Time left: 300 sec this turn | 300 sec total\n|\n|t:|1783535234\n|-terastallize|p1a: Cresselia|Poison\n|move|p1a: Cresselia|Psyshock|p2a: Diancie\n|-damage|p2a: Diancie|10/100\n|move|p2a: Diancie|Draining Kiss|p1a: Cresselia\n|-resisted|p1a: Cresselia\n|-damage|p1a: Cresselia|204/323\n|-heal|p2a: Diancie|19/100|[from] drain|[of] p1a: Cresselia\n|\n|-heal|p1a: Cresselia|224/323|[from] item: Leftovers\n|-heal|p2a: Diancie|25/100|[from] item: Leftovers\n|upkeep\n|turn|24\n|inactive|Time left: 300 sec this turn | 300 sec total\n|\n|t:|1783535235\n|move|p1a: Cresselia|Psyshock|p2a: Diancie\n|-damage|p2a: Diancie|2/100\n|move|p2a: Diancie|Diamond Storm|p1a: Cresselia\n|-damage|p1a: Cresselia|140/323\n|\n|-heal|p1a: Cresselia|160/323|[from] item: Leftovers\n|-heal|p2a: Diancie|8/100|[from] item: Leftovers\n|upkeep\n|turn|25\n|inactive|Time left: 300 sec this turn | 300 sec total\n|\n|t:|1783535236\n|move|p1a: Cresselia|Thunderbolt|p2a: Diancie\n|-damage|p2a: Diancie|0 fnt\n|faint|p2a: Diancie\n|\n|-heal|p1a: Cresselia|180/323|[from] item: Leftovers\n|upkeep\n|\n|t:|1783535237\n|switch|p2a: Ambipom|Ambipom, L84, M|100/100\n|turn|26\n|inactive|Time left: 300 sec this turn | 300 sec total\n|\n|t:|1783535238\n|move|p2a: Ambipom|Fake Out|p1a: Cresselia\n|-damage|p1a: Cresselia|114/323\n|cant|p1a: Cresselia|flinch\n|\n|-heal|p1a: Cresselia|134/323|[from] item: Leftovers\n|upkeep\n|turn|27\n|inactive|Time left: 300 sec this turn | 300 sec total\n|\n|t:|1783535240\n|-terastallize|p2a: Ambipom|Normal\n|move|p2a: Ambipom|Double-Edge|p1a: Cresselia\n|-damage|p1a: Cresselia|0 fnt\n|faint|p1a: Cresselia\n|-damage|p2a: Ambipom|84/100|[from] Recoil\n|\n|upkeep\n|inactive|Time left: 300 sec this turn | 300 sec total | 5 sec grace\n|\n|t:|1783535240\n|switch|p1a: Conkeldurr|Conkeldurr, L80, F|262/299 brn\n|turn|28\n|inactive|Time left: 300 sec this turn | 300 sec total\n|\n|t:|1783535241\n|move|p2a: Ambipom|Double-Edge|p1a: Conkeldurr\n|-damage|p1a: Conkeldurr|70/299 brn\n|-damage|p2a: Ambipom|60/100|[from] Recoil\n|move|p1a: Conkeldurr|Facade|p2a: Ambipom\n|-damage|p2a: Ambipom|0 fnt\n|faint|p2a: Ambipom\n|\n|-damage|p1a: Conkeldurr|52/299 brn|[from] brn\n|upkeep\n|\n|t:|1783535242\n|switch|p2a: Dodrio|Dodrio, L85, M|100/100\n|turn|29\n|inactive|Time left: 300 sec this turn | 300 sec total\n|\n|t:|1783535244\n|switch|p1a: Wo-Chien|Wo-Chien, L83|269/277\n|-ability|p1a: Wo-Chien|Tablets of Ruin\n|move|p2a: Dodrio|Brave Bird|p1a: Wo-Chien\n|-supereffective|p1a: Wo-Chien\n|-damage|p1a: Wo-Chien|51/277\n|-damage|p2a: Dodrio|71/100|[from] Recoil\n|\n|upkeep\n|turn|30\n|inactive|Time left: 300 sec this turn | 300 sec total\n|\n|t:|1783535245\n|move|p2a: Dodrio|Brave Bird|p1a: Wo-Chien\n|-supereffective|p1a: Wo-Chien\n|-damage|p1a: Wo-Chien|0 fnt\n|faint|p1a: Wo-Chien\n|-damage|p2a: Dodrio|64/100|[from] Recoil\n|\n|upkeep\n|inactive|Time left: 300 sec this turn | 300 sec total | 5 sec grace\n|\n|t:|1783535246\n|switch|p1a: Lycanroc|Lycanroc-Dusk, L81, M|254/254\n|turn|31\n|inactive|Time left: 300 sec this turn | 300 sec total\n|\n|t:|1783535247\n|move|p1a: Lycanroc|Accelerock|p2a: Dodrio\n|-supereffective|p2a: Dodrio\n|-damage|p2a: Dodrio|0 fnt\n|faint|p2a: Dodrio\n|-damage|p1a: Lycanroc|229/254|[from] item: Life Orb\n|\n|upkeep\n|\n|t:|1783535248\n|switch|p2a: Chien-Pao|Chien-Pao, L72|100/100\n|-ability|p2a: Chien-Pao|Sword of Ruin\n|turn|32\n|inactive|Time left: 300 sec this turn | 300 sec total\n|\n|t:|1783535249\n|move|p1a: Lycanroc|Accelerock|p2a: Chien-Pao\n|-supereffective|p2a: Chien-Pao\n|-damage|p2a: Chien-Pao|23/100\n|-damage|p1a: Lycanroc|204/254|[from] item: Life Orb\n|move|p2a: Chien-Pao|Sacred Sword|p1a: Lycanroc\n|-supereffective|p1a: Lycanroc\n|-damage|p1a: Lycanroc|0 fnt\n|faint|p1a: Lycanroc\n|\n|upkeep\n|inactive|Time left: 300 sec this turn | 300 sec total | 5 sec grace\n|\n|t:|1783535250\n|switch|p1a: Rayquaza|Rayquaza, L72|270/270\n|-ability|p1a: Rayquaza|Air Lock\n|turn|33\n|inactive|Time left: 300 sec this turn | 300 sec total\n|\n|t:|1783535251\n|switch|p2a: Brute Bonnet|Brute Bonnet, L80|100/100\n|move|p1a: Rayquaza|Scale Shot|p2a: Brute Bonnet\n|-damage|p2a: Brute Bonnet|91/100\n|-damage|p2a: Brute Bonnet|83/100\n|-damage|p2a: Brute Bonnet|74/100\n|-damage|p2a: Brute Bonnet|65/100\n|-hitcount|p2a: Brute Bonnet|4\n|-unboost|p1a: Rayquaza|def|1\n|-boost|p1a: Rayquaza|spe|1\n|\n|-heal|p2a: Brute Bonnet|71/100|[from] item: Leftovers\n|upkeep\n|turn|34\n|inactive|Time left: 300 sec this turn | 300 sec total\n|\n|t:|1783535252\n|move|p2a: Brute Bonnet|Sucker Punch|p1a: Rayquaza\n|-crit|p1a: Rayquaza\n|-damage|p1a: Rayquaza|63/270\n|move|p1a: Rayquaza|Dragon Ascent|p2a: Brute Bonnet\n|-supereffective|p2a: Brute Bonnet\n|-damage|p2a: Brute Bonnet|0 fnt\n|-unboost|p1a: Rayquaza|def|1\n|-unboost|p1a: Rayquaza|spd|1\n|faint|p2a: Brute Bonnet\n|-end|p2a: Brute Bonnet|Protosynthesis|[silent]\n|\n|upkeep\n|\n|t:|1783535253\n|switch|p2a: Chien-Pao|Chien-Pao, L72|23/100\n|-ability|p2a: Chien-Pao|Sword of Ruin\n|turn|35\n|inactive|Time left: 300 sec this turn | 300 sec total\n|\n|t:|1783535254\n|move|p2a: Chien-Pao|Ice Shard|p1a: Rayquaza\n|-supereffective|p1a: Rayquaza\n|-damage|p1a: Rayquaza|0 fnt\n|faint|p1a: Rayquaza\n|\n|upkeep\n|inactive|Time left: 300 sec this turn | 300 sec total | 5 sec grace\n|\n|t:|1783535254\n|switch|p1a: Conkeldurr|Conkeldurr, L80, F|52/299 brn\n|turn|36\n|inactive|Time left: 300 sec this turn | 300 sec total\n|\n|t:|1783535255\n|move|p2a: Chien-Pao|Ice Shard|p1a: Conkeldurr\n|-damage|p1a: Conkeldurr|0 fnt\n|faint|p1a: Conkeldurr\n|\n|upkeep\n|inactive|Time left: 300 sec this turn | 300 sec total | 5 sec grace\n|\n|t:|1783535256\n|switch|p1a: Sawsbuck|Sawsbuck-Summer, L88, F|183/284\n|turn|37\n|inactive|Time left: 300 sec this turn | 300 sec total\n|\n|t:|1783535257\n|move|p2a: Chien-Pao|Ice Shard|p1a: Sawsbuck\n|-supereffective|p1a: Sawsbuck\n|-damage|p1a: Sawsbuck|19/284\n|move|p1a: Sawsbuck|Horn Leech|p2a: Chien-Pao\n|-damage|p2a: Chien-Pao|0 fnt\n|-heal|p1a: Sawsbuck|45/284|[from] drain|[of] p2a: Chien-Pao\n|faint|p2a: Chien-Pao\n|\n|win|p0x1713990", "uploadtime": 1783535257, "views": 0, "rating": 0, "private": 0, "password": null, "_winner": "p0x1713990", "_our_name": "p0x1713990"}