{"id": "battle-gen9randombattle-965", "formatid": "gen9randombattle", "format": "[Gen 9] Random Battle", "players": ["p0x965986d", "p0y965acc8"], "log": "|init|battle\n|title|p0x965986d vs. p0y965acc8\n|j|\u2606p0x965986d\n|j|\u2606p0y965acc8\n|t:|1783550319\n|gametype|singles\n|player|p1|p0x965986d|265|\n|player|p2|p0y965acc8|2|\n|gen|9\n|tier|[Gen 9] Random Battle\n|rule|Species Clause: Limit one of each Pok\u00e9mon\n|rule|HP Percentage Mod: HP is shown in percentages\n|rule|Sleep Clause Mod: Limit one foe put to sleep\n|rule|Illusion Level Mod: Illusion disguises the Pok\u00e9mon's true level\n|\n|t:|1783550319\n|teamsize|p1|6\n|teamsize|p2|6\n|start\n|switch|p1a: Iron Boulder|Iron Boulder, L77|100/100\n|switch|p2a: Dusknoir|Dusknoir, L89, F|225/225\n|-item|p1a: Iron Boulder|Life Orb|[from] ability: Frisk|[of] p2a: Dusknoir\n|turn|1\n|inactive|Battle timer is ON: inactive players will automatically lose when time's up. (requested by p0y965acc8)\n|\n|t:|1783550320\n|-end|p1a: Iron Boulder|Quark Drive|[silent]\n|switch|p1a: Toedscruel|Toedscruel, L87, M|100/100\n|move|p2a: Dusknoir|Poltergeist|p1a: Toedscruel\n|-activate|p1a: Toedscruel|move: Poltergeist|Leftovers\n|-damage|p1a: Toedscruel|42/100\n|\n|-heal|p1a: Toedscruel|48/100|[from] item: Leftovers\n|upkeep\n|turn|2\n|inactive|Time left: 300 sec this turn | 300 sec total\n|inactive|p0x965986d also wants the timer to be on.\n|\n|t:|1783550322\n|move|p2a: Dusknoir|Poltergeist|p1a: Toedscruel\n|-activate|p1a: Toedscruel|move: Poltergeist|Leftovers\n|-damage|p1a: Toedscruel|0 fnt\n|faint|p1a: Toedscruel\n|\n|upkeep\n|\n|t:|1783550323\n|switch|p1a: Darkrai|Darkrai, L77|100/100\n|turn|3\n|inactive|Time left: 300 sec this turn | 300 sec total\n|\n|t:|1783550324\n|move|p1a: Darkrai|Nasty Plot|p1a: Darkrai\n|-boost|p1a: Darkrai|spa|2\n|move|p2a: Dusknoir|Poltergeist|p1a: Darkrai\n|-activate|p1a: Darkrai|move: Poltergeist|Life Orb\n|-resisted|p1a: Darkrai\n|-damage|p1a: Darkrai|72/100\n|\n|upkeep\n|turn|4\n|inactive|Time left: 300 sec this turn | 300 sec total\n|\n|t:|1783550325\n|switch|p2a: Tinkaton|Tinkaton, L82, F|274/274\n|-ability|p2a: Tinkaton|Mold Breaker\n|move|p1a: Darkrai|Dark Pulse|p2a: Tinkaton\n|-resisted|p2a: Tinkaton\n|-damage|p2a: Tinkaton|169/274\n|-damage|p1a: Darkrai|62/100|[from] item: Life Orb\n|\n|-heal|p2a: Tinkaton|186/274|[from] item: Leftovers\n|upkeep\n|turn|5\n|inactive|Time left: 300 sec this turn | 300 sec total\n|\n|t:|1783550326\n|move|p1a: Darkrai|Hypnosis|p2a: Tinkaton\n|-status|p2a: Tinkaton|slp|[from] move: Hypnosis\n|cant|p2a: Tinkaton|slp\n|\n|-heal|p2a: Tinkaton|203/274 slp|[from] item: Leftovers\n|-damage|p2a: Tinkaton|169/274 slp|[from] ability: Bad Dreams|[of] p1a: Darkrai\n|upkeep\n|turn|6\n|inactive|Time left: 300 sec this turn | 300 sec total\n|\n|t:|1783550328\n|move|p1a: Darkrai|Dark Pulse|p2a: Tinkaton\n|-resisted|p2a: Tinkaton\n|-damage|p2a: Tinkaton|64/274 slp\n|-damage|p1a: Darkrai|53/100|[from] item: Life Orb\n|cant|p2a: Tinkaton|slp\n|\n|-heal|p2a: Tinkaton|81/274 slp|[from] item: Leftovers\n|-damage|p2a: Tinkaton|47/274 slp|[from] ability: Bad Dreams|[of] p1a: Darkrai\n|upkeep\n|turn|7\n|inactive|Time left: 300 sec this turn | 300 sec total\n|\n|t:|1783550329\n|move|p1a: Darkrai|Dark Pulse|p2a: Tinkaton\n|-resisted|p2a: Tinkaton\n|-damage|p2a: Tinkaton|0 fnt\n|faint|p2a: Tinkaton\n|-damage|p1a: Darkrai|43/100|[from] item: Life Orb\n|\n|upkeep\n|inactive|Time left: 300 sec this turn | 300 sec total | 5 sec grace\n|\n|t:|1783550330\n|switch|p2a: Gyarados|Gyarados, L79, F|280/280\n|turn|8\n|inactive|Time left: 300 sec this turn | 300 sec total\n|\n|t:|1783550331\n|move|p1a: Darkrai|Hypnosis|p2a: Gyarados\n|-status|p2a: Gyarados|slp|[from] move: Hypnosis\n|cant|p2a: Gyarados|slp\n|\n|-damage|p2a: Gyarados|245/280 slp|[from] ability: Bad Dreams|[of] p1a: Darkrai\n|upkeep\n|turn|9\n|inactive|Time left: 300 sec this turn | 300 sec total\n|\n|t:|1783550332\n|move|p1a: Darkrai|Dark Pulse|p2a: Gyarados\n|-damage|p2a: Gyarados|27/280 slp\n|-damage|p1a: Darkrai|33/100|[from] item: Life Orb\n|cant|p2a: Gyarados|slp\n|\n|-damage|p2a: Gyarados|0 fnt|[from] ability: Bad Dreams|[of] p1a: Darkrai\n|faint|p2a: Gyarados\n|upkeep\n|inactive|Time left: 300 sec this turn | 300 sec total | 5 sec grace\n|\n|t:|1783550333\n|switch|p2a: Kommo-o|Kommo-o, L77, F|242/242\n|turn|10\n|inactive|Time left: 300 sec this turn | 300 sec total\n|\n|t:|1783550334\n|-terastallize|p1a: Darkrai|Poison\n|move|p1a: Darkrai|Sludge Bomb|p2a: Kommo-o\n|-damage|p2a: Kommo-o|3/242\n|-damage|p1a: Darkrai|23/100|[from] item: Life Orb\n|move|p2a: Kommo-o|Scale Shot|p1a: Darkrai\n|-damage|p1a: Darkrai|12/100\n|-damage|p1a: Darkrai|1/100\n|-damage|p1a: Darkrai|0 fnt\n|faint|p1a: Darkrai\n|-hitcount|p1: Darkrai|3\n|-unboost|p2a: Kommo-o|def|1\n|-boost|p2a: Kommo-o|spe|1\n|\n|upkeep\n|\n|t:|1783550335\n|switch|p1a: Basculin|Basculin-Blue-Striped, L86, F|100/100\n|turn|11\n|inactive|Time left: 300 sec this turn | 300 sec total\n|\n|t:|1783550336\n|move|p1a: Basculin|Aqua Jet|p2a: Kommo-o\n|-resisted|p2a: Kommo-o\n|-damage|p2a: Kommo-o|0 fnt\n|faint|p2a: Kommo-o\n|\n|upkeep\n|inactive|Time left: 300 sec this turn | 300 sec total | 5 sec grace\n|\n|t:|1783550337\n|switch|p2a: Banette|Banette, L93, M|270/270\n|turn|12\n|inactive|Time left: 300 sec this turn | 300 sec total\n|\n|t:|1783550338\n|move|p1a: Basculin|Aqua Jet|p2a: Banette\n|-damage|p2a: Banette|166/270\n|move|p2a: Banette|Swords Dance|p2a: Banette\n|-boost|p2a: Banette|atk|2\n|\n|upkeep\n|turn|13\n|inactive|Time left: 300 sec this turn | 300 sec total\n|\n|t:|1783550339\n|move|p1a: Basculin|Aqua Jet|p2a: Banette\n|-damage|p2a: Banette|66/270\n|move|p2a: Banette|Poltergeist|p1a: Basculin\n|-activate|p1a: Basculin|move: Poltergeist|Choice Band\n|-damage|p1a: Basculin|0 fnt\n|faint|p1a: Basculin\n|-damage|p2a: Banette|39/270|[from] item: Life Orb\n|\n|upkeep\n|\n|t:|1783550340\n|switch|p1a: Kingdra|Kingdra, L84, F|100/100\n|turn|14\n|inactive|Time left: 300 sec this turn | 300 sec total\n|\n|t:|1783550341\n|move|p2a: Banette|Shadow Sneak|p1a: Kingdra\n|-damage|p1a: Kingdra|44/100\n|-damage|p2a: Banette|12/270|[from] item: Life Orb\n|move|p1a: Kingdra|Outrage|p2a: Banette\n|-damage|p2a: Banette|0 fnt\n|faint|p2a: Banette\n|\n|upkeep\n|inactive|Time left: 300 sec this turn | 300 sec total | 5 sec grace\n|\n|t:|1783550342\n|switch|p2a: Jirachi|Jirachi, L80|291/291\n|turn|15\n|inactive|Time left: 300 sec this turn | 300 sec total\n|\n|t:|1783550343\n|move|p2a: Jirachi|Psychic|p1a: Kingdra\n|-damage|p1a: Kingdra|14/100\n|move|p1a: Kingdra|Outrage|p2a: Jirachi|[from] lockedmove\n|-resisted|p2a: Jirachi\n|-crit|p2a: Jirachi\n|-damage|p2a: Jirachi|161/291\n|\n|-heal|p2a: Jirachi|179/291|[from] item: Leftovers\n|upkeep\n|turn|16\n|inactive|Time left: 300 sec this turn | 300 sec total\n|\n|t:|1783550344\n|move|p2a: Jirachi|Wish|p2a: Jirachi\n|move|p1a: Kingdra|Outrage|p2a: Jirachi|[from] lockedmove\n|-resisted|p2a: Jirachi\n|-damage|p2a: Jirachi|121/291\n|-start|p1a: Kingdra|confusion|[fatigue]\n|-enditem|p1a: Kingdra|Lum Berry|[eat]\n|-end|p1a: Kingdra|confusion\n|\n|-heal|p2a: Jirachi|139/291|[from] item: Leftovers\n|upkeep\n|turn|17\n|inactive|Time left: 300 sec this turn | 300 sec total\n|\n|t:|1783550345\n|move|p2a: Jirachi|Psychic|p1a: Kingdra\n|-damage|p1a: Kingdra|0 fnt\n|faint|p1a: Kingdra\n|\n|-heal|p2a: Jirachi|284/291|[from] move: Wish|[wisher] Jirachi\n|-heal|p2a: Jirachi|291/291|[from] item: Leftovers\n|upkeep\n|\n|t:|1783550346\n|switch|p1a: Pawmot|Pawmot, L80, F|100/100\n|turn|18\n|inactive|Time left: 300 sec this turn | 300 sec total\n|\n|t:|1783550347\n|switch|p1a: Iron Boulder|Iron Boulder, L77|100/100\n|move|p2a: Jirachi|Psychic|p1a: Iron Boulder\n|-resisted|p1a: Iron Boulder\n|-crit|p1a: Iron Boulder\n|-damage|p1a: Iron Boulder|77/100\n|\n|upkeep\n|turn|19\n|inactive|Time left: 300 sec this turn | 300 sec total\n|\n|t:|1783550348\n|move|p1a: Iron Boulder|Swords Dance|p1a: Iron Boulder\n|-boost|p1a: Iron Boulder|atk|2\n|move|p2a: Jirachi|Iron Head|p1a: Iron Boulder\n|-supereffective|p1a: Iron Boulder\n|-damage|p1a: Iron Boulder|2/100\n|\n|upkeep\n|turn|20\n|inactive|Time left: 300 sec this turn | 300 sec total\n|\n|t:|1783550349\n|move|p1a: Iron Boulder|Close Combat|p2a: Jirachi\n|-damage|p2a: Jirachi|82/291\n|-unboost|p1a: Iron Boulder|def|1\n|-unboost|p1a: Iron Boulder|spd|1\n|-damage|p1a: Iron Boulder|0 fnt|[from] item: Life Orb\n|faint|p1a: Iron Boulder\n|-end|p1a: Iron Boulder|Quark Drive|[silent]\n|move|p2a: Jirachi|Psychic|p1: Iron Boulder|[notarget]\n|-fail|p2a: Jirachi\n|\n|-heal|p2a: Jirachi|100/291|[from] item: Leftovers\n|upkeep\n|\n|t:|1783550350\n|switch|p1a: Pawmot|Pawmot, L80, F|100/100\n|turn|21\n|inactive|Time left: 300 sec this turn | 300 sec total\n|\n|t:|1783550351\n|-terastallize|p2a: Jirachi|Water\n|move|p1a: Pawmot|Double Shock|p2a: Jirachi\n|-supereffective|p2a: Jirachi\n|-damage|p2a: Jirachi|0 fnt\n|-start|p1a: Pawmot|typechange|???/Fighting|[from] move: Double Shock\n|faint|p2a: Jirachi\n|-damage|p1a: Pawmot|91/100|[from] item: Life Orb\n|\n|upkeep\n|inactive|Time left: 300 sec this turn | 300 sec total | 5 sec grace\n|\n|t:|1783550352\n|switch|p2a: Dusknoir|Dusknoir, L89, F|225/225\n|-item|p1a: Pawmot|Life Orb|[from] ability: Frisk|[of] p2a: Dusknoir\n|turn|22\n|inactive|Time left: 300 sec this turn | 300 sec total\n|\n|t:|1783550353\n|move|p1a: Pawmot|Ice Punch|p2a: Dusknoir\n|-damage|p2a: Dusknoir|169/225\n|-damage|p1a: Pawmot|81/100|[from] item: Life Orb\n|move|p2a: Dusknoir|Poltergeist|p1a: Pawmot\n|-activate|p1a: Pawmot|move: Poltergeist|Life Orb\n|-damage|p1a: Pawmot|12/100\n|\n|-heal|p2a: Dusknoir|183/225|[from] item: Leftovers\n|upkeep\n|turn|23\n|inactive|Time left: 300 sec this turn | 300 sec total\n|\n|t:|1783550355\n|move|p1a: Pawmot|Ice Punch|p2a: Dusknoir\n|-damage|p2a: Dusknoir|118/225\n|-damage|p1a: Pawmot|3/100|[from] item: Life Orb\n|move|p2a: Dusknoir|Poltergeist|p1a: Pawmot\n|-activate|p1a: Pawmot|move: Poltergeist|Life Orb\n|-damage|p1a: Pawmot|0 fnt\n|faint|p1a: Pawmot\n|\n|win|p0y965acc8", "uploadtime": 1783550355, "views": 0, "rating": 0, "private": 0, "password": null, "_winner": "p0y965acc8", "_our_name": "p0y965acc8"}