{"id": "battle-gen9randombattle-629", "formatid": "gen9randombattle", "format": "[Gen 9] Random Battle", "players": ["p0x6295761", "p0y629ac8b"], "log": "|init|battle\n|title|p0x6295761 vs. p0y629ac8b\n|j|\u2606p0x6295761\n|j|\u2606p0y629ac8b\n|t:|1783546411\n|gametype|singles\n|player|p1|p0x6295761|265|\n|player|p2|p0y629ac8b|101|\n|gen|9\n|tier|[Gen 9] Random Battle\n|rule|Species Clause: Limit one of each Pok\u00e9mon\n|rule|HP Percentage Mod: HP is shown in percentages\n|rule|Sleep Clause Mod: Limit one foe put to sleep\n|rule|Illusion Level Mod: Illusion disguises the Pok\u00e9mon's true level\n|\n|t:|1783546411\n|teamsize|p1|6\n|teamsize|p2|6\n|start\n|switch|p1a: Tropius|Tropius, L91, M|100/100\n|switch|p2a: Magcargo|Magcargo, L95, M|268/268\n|turn|1\n|inactive|Battle timer is ON: inactive players will automatically lose when time's up. (requested by p0x6295761)\n|inactive|Time left: 300 sec this turn | 300 sec total | 60 sec grace\n|inactive|p0y629ac8b also wants the timer to be on.\n|\n|t:|1783546413\n|-terastallize|p1a: Tropius|Ground\n|move|p1a: Tropius|Earthquake|p2a: Magcargo\n|-supereffective|p2a: Magcargo\n|-damage|p2a: Magcargo|0 fnt\n|faint|p2a: Magcargo\n|\n|upkeep\n|inactive|Time left: 300 sec this turn | 300 sec total | 65 sec grace\n|\n|t:|1783546414\n|switch|p2a: Barraskewda|Barraskewda, L81, M|231/231\n|turn|2\n|inactive|Time left: 300 sec this turn | 300 sec total\n|\n|t:|1783546415\n|switch|p1a: Koraidon|Koraidon, L64|100/100\n|-weather|SunnyDay|[from] ability: Orichalcum Pulse|[of] p1a: Koraidon\n|-activate|p1a: Koraidon|Orichalcum Pulse|[source]\n|move|p2a: Barraskewda|Waterfall|p1a: Koraidon\n|-resisted|p1a: Koraidon\n|-damage|p1a: Koraidon|86/100\n|\n|-weather|SunnyDay|[upkeep]\n|upkeep\n|turn|3\n|inactive|Time left: 300 sec this turn | 300 sec total\n|\n|t:|1783546416\n|switch|p2a: Avalugg|Avalugg, L88, M|310/310\n|move|p1a: Koraidon|Outrage|p2a: Avalugg\n|-damage|p2a: Avalugg|198/310\n|\n|-weather|SunnyDay|[upkeep]\n|upkeep\n|turn|4\n|inactive|Time left: 300 sec this turn | 300 sec total\n|\n|t:|1783546418\n|move|p1a: Koraidon|Outrage|p2a: Avalugg|[from] lockedmove\n|-crit|p2a: Avalugg\n|-damage|p2a: Avalugg|51/310\n|-start|p1a: Koraidon|confusion|[fatigue]\n|move|p2a: Avalugg|Avalanche|p1a: Koraidon\n|-supereffective|p1a: Koraidon\n|-damage|p1a: Koraidon|0 fnt\n|faint|p1a: Koraidon\n|\n|-weather|SunnyDay|[upkeep]\n|upkeep\n|\n|t:|1783546419\n|switch|p1a: Stonjourner|Stonjourner, L91, M|100/100\n|turn|5\n|inactive|Time left: 300 sec this turn | 300 sec total\n|\n|t:|1783546420\n|switch|p2a: Tauros|Tauros-Paldea-Combat, L82, M|257/257\n|-ability|p2a: Tauros|Intimidate|boost\n|-unboost|p1a: Stonjourner|atk|1\n|move|p1a: Stonjourner|Earthquake|p2a: Tauros\n|-damage|p2a: Tauros|182/257\n|-damage|p1a: Stonjourner|90/100|[from] item: Life Orb\n|\n|-weather|SunnyDay|[upkeep]\n|upkeep\n|turn|6\n|inactive|Time left: 300 sec this turn | 300 sec total\n|\n|t:|1783546421\n|move|p2a: Tauros|Bulk Up|p2a: Tauros\n|-boost|p2a: Tauros|atk|1\n|-boost|p2a: Tauros|def|1\n|move|p1a: Stonjourner|Heat Crash|p2a: Tauros\n|-damage|p2a: Tauros|104/257\n|-damage|p1a: Stonjourner|80/100|[from] item: Life Orb\n|\n|-weather|none\n|upkeep\n|turn|7\n|inactive|Time left: 300 sec this turn | 300 sec total\n|\n|t:|1783546422\n|switch|p1a: Oricorio|Oricorio-Pa'u, L87, F|100/100\n|move|p2a: Tauros|Close Combat|p1a: Oricorio\n|-resisted|p1a: Oricorio\n|-damage|p1a: Oricorio|73/100\n|-unboost|p2a: Tauros|def|1\n|-unboost|p2a: Tauros|spd|1\n|-damage|p2a: Tauros|79/257|[from] item: Life Orb\n|\n|upkeep\n|turn|8\n|inactive|Time left: 300 sec this turn | 300 sec total\n|\n|t:|1783546423\n|switch|p2a: Lycanroc|Lycanroc-Midnight, L89, F|296/296\n|move|p1a: Oricorio|Hurricane|p2a: Lycanroc\n|-resisted|p2a: Lycanroc\n|-damage|p2a: Lycanroc|236/296\n|-start|p2a: Lycanroc|confusion\n|\n|upkeep\n|turn|9\n|inactive|Time left: 300 sec this turn | 300 sec total\n|\n|t:|1783546424\n|move|p1a: Oricorio|Roost|p1a: Oricorio\n|-heal|p1a: Oricorio|100/100\n|-singleturn|p1a: Oricorio|move: Roost\n|-activate|p2a: Lycanroc|confusion\n|-damage|p2a: Lycanroc|197/296|[from] confusion\n|\n|upkeep\n|turn|10\n|inactive|Time left: 300 sec this turn | 300 sec total\n|\n|t:|1783546425\n|move|p1a: Oricorio|Revelation Dance|p2a: Lycanroc\n|-damage|p2a: Lycanroc|95/296\n|-activate|p2a: Lycanroc|confusion\n|-damage|p2a: Lycanroc|56/296|[from] confusion\n|\n|upkeep\n|turn|11\n|inactive|Time left: 300 sec this turn | 300 sec total\n|\n|t:|1783546426\n|switch|p2a: Jirachi|Jirachi, L80|291/291\n|move|p1a: Oricorio|Revelation Dance|p2a: Jirachi\n|-resisted|p2a: Jirachi\n|-damage|p2a: Jirachi|269/291\n|\n|-heal|p2a: Jirachi|287/291|[from] item: Leftovers\n|upkeep\n|turn|12\n|inactive|Time left: 300 sec this turn | 300 sec total\n|\n|t:|1783546427\n|move|p1a: Oricorio|Quiver Dance|p1a: Oricorio\n|-boost|p1a: Oricorio|spa|1\n|-boost|p1a: Oricorio|spd|1\n|-boost|p1a: Oricorio|spe|1\n|move|p2a: Jirachi|Body Slam|p1a: Oricorio\n|-damage|p1a: Oricorio|78/100\n|-status|p1a: Oricorio|par\n|\n|-heal|p2a: Jirachi|291/291|[from] item: Leftovers\n|upkeep\n|turn|13\n|inactive|Time left: 300 sec this turn | 300 sec total\n|\n|t:|1783546428\n|move|p2a: Jirachi|Iron Head|p1a: Oricorio\n|-damage|p1a: Oricorio|45/100 par\n|cant|p1a: Oricorio|flinch\n|\n|upkeep\n|turn|14\n|inactive|Time left: 300 sec this turn | 300 sec total\n|\n|t:|1783546429\n|move|p2a: Jirachi|Iron Head|p1a: Oricorio\n|-damage|p1a: Oricorio|13/100 par\n|cant|p1a: Oricorio|flinch\n|\n|upkeep\n|turn|15\n|inactive|Time left: 300 sec this turn | 300 sec total\n|\n|t:|1783546430\n|move|p2a: Jirachi|Iron Head|p1a: Oricorio\n|-damage|p1a: Oricorio|0 fnt\n|faint|p1a: Oricorio\n|\n|upkeep\n|\n|t:|1783546431\n|switch|p1a: Arceus|Arceus-Ghost, L69|100/100\n|turn|16\n|inactive|Time left: 300 sec this turn | 300 sec total\n|\n|t:|1783546432\n|move|p2a: Jirachi|Iron Head|p1a: Arceus\n|-damage|p1a: Arceus|74/100\n|move|p1a: Arceus|Judgment|p2a: Jirachi\n|-supereffective|p2a: Jirachi\n|-damage|p2a: Jirachi|103/291\n|\n|-heal|p2a: Jirachi|121/291|[from] item: Leftovers\n|upkeep\n|turn|17\n|inactive|Time left: 300 sec this turn | 300 sec total\n|\n|t:|1783546433\n|move|p1a: Arceus|Judgment|p2a: Jirachi\n|-supereffective|p2a: Jirachi\n|-damage|p2a: Jirachi|0 fnt\n|faint|p2a: Jirachi\n|\n|upkeep\n|inactive|Time left: 300 sec this turn | 300 sec total | 5 sec grace\n|\n|t:|1783546434\n|switch|p2a: Barraskewda|Barraskewda, L81, M|231/231\n|turn|18\n|inactive|Time left: 300 sec this turn | 300 sec total\n|\n|t:|1783546435\n|move|p2a: Barraskewda|Waterfall|p1a: Arceus\n|-damage|p1a: Arceus|25/100\n|move|p1a: Arceus|Will-O-Wisp|p2a: Barraskewda\n|-status|p2a: Barraskewda|brn\n|\n|-damage|p2a: Barraskewda|217/231 brn|[from] brn\n|upkeep\n|turn|19\n|inactive|Time left: 300 sec this turn | 300 sec total\n|\n|t:|1783546436\n|move|p2a: Barraskewda|Waterfall|p1a: Arceus\n|-damage|p1a: Arceus|2/100\n|move|p1a: Arceus|Recover|p1a: Arceus\n|-heal|p1a: Arceus|52/100\n|\n|-damage|p2a: Barraskewda|203/231 brn|[from] brn\n|upkeep\n|turn|20\n|inactive|Time left: 300 sec this turn | 300 sec total\n|\n|t:|1783546437\n|move|p2a: Barraskewda|Waterfall|p1a: Arceus\n|-damage|p1a: Arceus|25/100\n|move|p1a: Arceus|Recover|p1a: Arceus\n|-heal|p1a: Arceus|75/100\n|\n|-damage|p2a: Barraskewda|189/231 brn|[from] brn\n|upkeep\n|turn|21\n|inactive|Time left: 300 sec this turn | 300 sec total\n|\n|t:|1783546438\n|move|p2a: Barraskewda|Waterfall|p1a: Arceus\n|-damage|p1a: Arceus|49/100\n|move|p1a: Arceus|Recover|p1a: Arceus\n|-heal|p1a: Arceus|99/100\n|\n|-damage|p2a: Barraskewda|175/231 brn|[from] brn\n|upkeep\n|turn|22\n|inactive|Time left: 300 sec this turn | 300 sec total\n|\n|t:|1783546439\n|move|p2a: Barraskewda|Waterfall|p1a: Arceus\n|-damage|p1a: Arceus|74/100\n|move|p1a: Arceus|Judgment|p2a: Barraskewda\n|-damage|p2a: Barraskewda|22/231 brn\n|\n|-damage|p2a: Barraskewda|8/231 brn|[from] brn\n|upkeep\n|turn|23\n|inactive|Time left: 300 sec this turn | 300 sec total\n|\n|t:|1783546440\n|move|p2a: Barraskewda|Waterfall|p1a: Arceus\n|-damage|p1a: Arceus|50/100\n|move|p1a: Arceus|Judgment|p2a: Barraskewda\n|-damage|p2a: Barraskewda|0 fnt\n|faint|p2a: Barraskewda\n|\n|upkeep\n|inactive|Time left: 300 sec this turn | 300 sec total | 5 sec grace\n|\n|t:|1783546441\n|switch|p2a: Lycanroc|Lycanroc-Midnight, L89, F|56/296\n|turn|24\n|inactive|Time left: 300 sec this turn | 300 sec total\n|\n|t:|1783546442\n|move|p1a: Arceus|Judgment|p2a: Lycanroc\n|-damage|p2a: Lycanroc|0 fnt\n|faint|p2a: Lycanroc\n|\n|upkeep\n|inactive|Time left: 300 sec this turn | 300 sec total | 5 sec grace\n|\n|t:|1783546443\n|switch|p2a: Tauros|Tauros-Paldea-Combat, L82, M|79/257\n|-ability|p2a: Tauros|Intimidate|boost\n|-unboost|p1a: Arceus|atk|1\n|turn|25\n|inactive|Time left: 300 sec this turn | 300 sec total\n|\n|t:|1783546444\n|move|p2a: Tauros|Iron Head|p1a: Arceus\n|-damage|p1a: Arceus|22/100\n|-damage|p2a: Tauros|54/257|[from] item: Life Orb\n|move|p1a: Arceus|Judgment|p2a: Tauros\n|-damage|p2a: Tauros|0 fnt\n|faint|p2a: Tauros\n|\n|upkeep\n|inactive|Time left: 300 sec this turn | 300 sec total | 5 sec grace\n|\n|t:|1783546445\n|switch|p2a: Avalugg|Avalugg, L88, M|51/310\n|turn|26\n|inactive|Time left: 300 sec this turn | 300 sec total\n|\n|t:|1783546445\n|-terastallize|p2a: Avalugg|Fighting\n|move|p1a: Arceus|Judgment|p2a: Avalugg\n|-damage|p2a: Avalugg|0 fnt\n|faint|p2a: Avalugg\n|\n|win|p0x6295761", "uploadtime": 1783546446, "views": 0, "rating": 0, "private": 0, "password": null, "_winner": "p0x6295761", "_our_name": "p0y629ac8b"}