{"id": "battle-gen9randombattle-679", "formatid": "gen9randombattle", "format": "[Gen 9] Random Battle", "players": ["p0x6798f8f", "p0y6790d40"], "log": "|init|battle\n|title|p0x6798f8f vs. p0y6790d40\n|j|\u2606p0x6798f8f\n|j|\u2606p0y6790d40\n|t:|1783547001\n|gametype|singles\n|player|p1|p0x6798f8f|170|\n|player|p2|p0y6790d40|2|\n|gen|9\n|tier|[Gen 9] Random Battle\n|rule|Species Clause: Limit one of each Pok\u00e9mon\n|rule|HP Percentage Mod: HP is shown in percentages\n|rule|Sleep Clause Mod: Limit one foe put to sleep\n|rule|Illusion Level Mod: Illusion disguises the Pok\u00e9mon's true level\n|\n|t:|1783547001\n|teamsize|p1|6\n|teamsize|p2|6\n|start\n|switch|p1a: Flutter Mane|Flutter Mane, L74|100/100\n|switch|p2a: Slowbro|Slowbro-Galar, L87, M|307/307\n|turn|1\n|inactive|Battle timer is ON: inactive players will automatically lose when time's up. (requested by p0y6790d40)\n|inactive|p0x6798f8f also wants the timer to be on.\n|\n|t:|1783547002\n|move|p1a: Flutter Mane|Shadow Ball|p2a: Slowbro\n|-supereffective|p2a: Slowbro\n|-damage|p2a: Slowbro|57/307\n|-damage|p1a: Flutter Mane|91/100|[from] item: Life Orb\n|move|p2a: Slowbro|Psychic|p1a: Flutter Mane\n|-damage|p1a: Flutter Mane|37/100\n|-damage|p2a: Slowbro|27/307|[from] item: Life Orb\n|\n|upkeep\n|turn|2\n|inactive|Time left: 300 sec this turn | 300 sec total\n|\n|t:|1783547003\n|switch|p2a: Swampert|Swampert, L83, M|302/302\n|move|p1a: Flutter Mane|Moonblast|p2a: Swampert\n|-damage|p2a: Swampert|164/302\n|-damage|p1a: Flutter Mane|27/100|[from] item: Life Orb\n|\n|-heal|p2a: Swampert|182/302|[from] item: Leftovers\n|upkeep\n|turn|3\n|inactive|Time left: 300 sec this turn | 300 sec total\n|\n|t:|1783547005\n|-end|p1a: Flutter Mane|Protosynthesis|[silent]\n|switch|p1a: Heracross|Heracross, L80, M|100/100\n|move|p2a: Swampert|Knock Off|p1a: Heracross\n|-resisted|p1a: Heracross\n|-damage|p1a: Heracross|85/100\n|-enditem|p1a: Heracross|Flame Orb|[from] move: Knock Off|[of] p2a: Swampert\n|\n|-heal|p2a: Swampert|200/302|[from] item: Leftovers\n|upkeep\n|turn|4\n|inactive|Time left: 300 sec this turn | 300 sec total\n|\n|t:|1783547006\n|move|p1a: Heracross|Trailblaze|p2a: Swampert\n|-supereffective|p2a: Swampert\n|-damage|p2a: Swampert|40/302\n|-boost|p1a: Heracross|spe|1\n|move|p2a: Swampert|Flip Turn|p1a: Heracross\n|-damage|p1a: Heracross|35/100\n|inactive|Time left: 300 sec this turn | 300 sec total | 5 sec grace\n|\n|t:|1783547007\n|switch|p2a: Medicham|Medicham, L86, M|243/243|[from] Flip Turn\n|\n|upkeep\n|turn|5\n|inactive|Time left: 300 sec this turn | 300 sec total\n|\n|t:|1783547008\n|move|p1a: Heracross|Knock Off|p2a: Medicham\n|-damage|p2a: Medicham|151/243\n|-enditem|p2a: Medicham|Choice Band|[from] move: Knock Off|[of] p1a: Heracross\n|move|p2a: Medicham|Poison Jab|p1a: Heracross\n|-damage|p1a: Heracross|0 fnt\n|faint|p1a: Heracross\n|\n|upkeep\n|\n|t:|1783547009\n|switch|p1a: Braviary|Braviary-Hisui, L85, M|100/100\n|turn|6\n|inactive|Time left: 300 sec this turn | 300 sec total\n|\n|t:|1783547010\n|switch|p2a: Vaporeon|Vaporeon, L86, M|364/364\n|move|p1a: Braviary|Psychic|p2a: Vaporeon\n|-damage|p2a: Vaporeon|183/364\n|\n|-heal|p2a: Vaporeon|205/364|[from] item: Leftovers\n|upkeep\n|turn|7\n|inactive|Time left: 300 sec this turn | 300 sec total\n|\n|t:|1783547011\n|move|p2a: Vaporeon|Calm Mind|p2a: Vaporeon\n|-boost|p2a: Vaporeon|spa|1\n|-boost|p2a: Vaporeon|spd|1\n|move|p1a: Braviary|Psychic|p2a: Vaporeon\n|-damage|p2a: Vaporeon|79/364\n|\n|-heal|p2a: Vaporeon|101/364|[from] item: Leftovers\n|upkeep\n|turn|8\n|inactive|Time left: 300 sec this turn | 300 sec total\n|\n|t:|1783547012\n|move|p2a: Vaporeon|Scald|p1a: Braviary\n|-damage|p1a: Braviary|43/100\n|move|p1a: Braviary|Psychic|p2a: Vaporeon\n|-damage|p2a: Vaporeon|0 fnt\n|faint|p2a: Vaporeon\n|\n|upkeep\n|inactive|Time left: 300 sec this turn | 300 sec total | 5 sec grace\n|\n|t:|1783547013\n|switch|p2a: Chien-Pao|Chien-Pao, L72|234/234\n|-ability|p2a: Chien-Pao|Sword of Ruin\n|turn|9\n|inactive|Time left: 300 sec this turn | 300 sec total\n|\n|t:|1783547014\n|switch|p1a: Carbink|Carbink, L90, shiny|100/100\n|move|p2a: Chien-Pao|Icicle Crash|p1a: Carbink\n|-damage|p1a: Carbink|74/100\n|\n|-heal|p1a: Carbink|80/100|[from] item: Leftovers\n|upkeep\n|turn|10\n|inactive|Time left: 300 sec this turn | 300 sec total\n|\n|t:|1783547015\n|switch|p2a: Slowbro|Slowbro-Galar, L87, M|129/307\n|move|p1a: Carbink|Body Press|p2a: Slowbro\n|-resisted|p2a: Slowbro\n|-damage|p2a: Slowbro|109/307\n|\n|-heal|p1a: Carbink|86/100|[from] item: Leftovers\n|upkeep\n|turn|11\n|inactive|Time left: 300 sec this turn | 300 sec total\n|\n|t:|1783547016\n|move|p1a: Carbink|Moonblast|p2a: Slowbro\n|-resisted|p2a: Slowbro\n|-damage|p2a: Slowbro|67/307\n|move|p2a: Slowbro|Shell Side Arm|p1a: Carbink|[anim] Shell Side Arm Physical\n|-damage|p1a: Carbink|50/100\n|-hint|Physical Shell Side Arm\n|-damage|p2a: Slowbro|37/307|[from] item: Life Orb\n|\n|-heal|p1a: Carbink|56/100|[from] item: Leftovers\n|upkeep\n|turn|12\n|inactive|Time left: 300 sec this turn | 300 sec total\n|\n|t:|1783547018\n|switch|p2a: Ogerpon|Ogerpon-Hearthflame, L74, F|239/239\n|-ability|p2a: Ogerpon|Mold Breaker\n|move|p1a: Carbink|Moonblast|p2a: Ogerpon\n|-resisted|p2a: Ogerpon\n|-damage|p2a: Ogerpon|198/239\n|\n|-heal|p1a: Carbink|62/100|[from] item: Leftovers\n|upkeep\n|turn|13\n|inactive|Time left: 300 sec this turn | 300 sec total\n|\n|t:|1783547019\n|-terastallize|p1a: Carbink|Fighting\n|move|p2a: Ogerpon|Power Whip|p1a: Carbink\n|-damage|p1a: Carbink|29/100\n|move|p1a: Carbink|Body Press|p2a: Ogerpon\n|-damage|p2a: Ogerpon|45/239\n|\n|-heal|p1a: Carbink|35/100|[from] item: Leftovers\n|upkeep\n|turn|14\n|inactive|Time left: 300 sec this turn | 300 sec total\n|\n|t:|1783547020\n|move|p2a: Ogerpon|Power Whip|p1a: Carbink\n|-damage|p1a: Carbink|0 fnt\n|faint|p1a: Carbink\n|\n|upkeep\n|\n|t:|1783547021\n|switch|p1a: Flutter Mane|Flutter Mane, L74|27/100\n|turn|15\n|inactive|Time left: 300 sec this turn | 300 sec total\n|\n|t:|1783547022\n|move|p1a: Flutter Mane|Shadow Ball|p2a: Ogerpon\n|-crit|p2a: Ogerpon\n|-damage|p2a: Ogerpon|0 fnt\n|faint|p2a: Ogerpon\n|-damage|p1a: Flutter Mane|17/100|[from] item: Life Orb\n|\n|upkeep\n|inactive|Time left: 300 sec this turn | 300 sec total | 5 sec grace\n|\n|t:|1783547023\n|switch|p2a: Medicham|Medicham, L86, M|151/243\n|turn|16\n|inactive|Time left: 300 sec this turn | 300 sec total\n|\n|t:|1783547024\n|move|p2a: Medicham|Bullet Punch|p1a: Flutter Mane\n|-supereffective|p1a: Flutter Mane\n|-crit|p1a: Flutter Mane\n|-damage|p1a: Flutter Mane|0 fnt\n|faint|p1a: Flutter Mane\n|-end|p1a: Flutter Mane|Protosynthesis|[silent]\n|\n|upkeep\n|\n|t:|1783547025\n|switch|p1a: Braviary|Braviary-Hisui, L85, M|43/100\n|turn|17\n|inactive|Time left: 300 sec this turn | 300 sec total\n|\n|t:|1783547026\n|move|p2a: Medicham|Poison Jab|p1a: Braviary\n|-damage|p1a: Braviary|12/100\n|-status|p1a: Braviary|psn\n|move|p1a: Braviary|Psychic|p2a: Medicham\n|-damage|p2a: Medicham|0 fnt\n|faint|p2a: Medicham\n|\n|-damage|p1a: Braviary|0 fnt|[from] psn\n|faint|p1a: Braviary\n|upkeep\n|inactive|Time left: 300 sec this turn | 300 sec total | 5 sec grace\n|\n|t:|1783547027\n|switch|p2a: Slowbro|Slowbro-Galar, L87, M|139/307\n|switch|p1a: Zangoose|Zangoose, L85, M|100/100\n|turn|18\n|inactive|Time left: 300 sec this turn | 300 sec total\n|\n|t:|1783547028\n|switch|p2a: Chien-Pao|Chien-Pao, L72|234/234\n|-ability|p2a: Chien-Pao|Sword of Ruin\n|move|p1a: Zangoose|Knock Off|p2a: Chien-Pao\n|-resisted|p2a: Chien-Pao\n|-damage|p2a: Chien-Pao|183/234\n|-enditem|p2a: Chien-Pao|Heavy-Duty Boots|[from] move: Knock Off|[of] p1a: Zangoose\n|\n|-status|p1a: Zangoose|tox|[from] item: Toxic Orb\n|upkeep\n|turn|19\n|inactive|Time left: 300 sec this turn | 300 sec total\n|\n|t:|1783547029\n|-terastallize|p2a: Chien-Pao|Fighting\n|move|p2a: Chien-Pao|Sacred Sword|p1a: Zangoose\n|-supereffective|p1a: Zangoose\n|-damage|p1a: Zangoose|0 fnt\n|faint|p1a: Zangoose\n|\n|upkeep\n|\n|t:|1783547030\n|switch|p1a: Incineroar|Incineroar, L82, M|100/100\n|-ability|p1a: Incineroar|Intimidate|boost\n|-unboost|p2a: Chien-Pao|atk|1\n|turn|20\n|inactive|Time left: 300 sec this turn | 300 sec total\n|\n|t:|1783547031\n|move|p2a: Chien-Pao|Sacred Sword|p1a: Incineroar\n|-supereffective|p1a: Incineroar\n|-damage|p1a: Incineroar|45/100\n|move|p1a: Incineroar|Overheat|p2a: Chien-Pao\n|-damage|p2a: Chien-Pao|12/234\n|-unboost|p1a: Incineroar|spa|2\n|\n|upkeep\n|turn|21\n|inactive|Time left: 300 sec this turn | 300 sec total\n|\n|t:|1783547031\n|move|p2a: Chien-Pao|Sacred Sword|p1a: Incineroar\n|-supereffective|p1a: Incineroar\n|-damage|p1a: Incineroar|0 fnt\n|faint|p1a: Incineroar\n|\n|win|p0y6790d40", "uploadtime": 1783547031, "views": 0, "rating": 0, "private": 0, "password": null, "_winner": "p0y6790d40", "_our_name": "p0y6790d40"}