{"id": "battle-gen9randombattle-437", "formatid": "gen9randombattle", "format": "[Gen 9] Random Battle", "players": ["p0x437e26b", "p0y437e6ac"], "log": "|init|battle\n|title|p0x437e26b vs. p0y437e6ac\n|j|\u2606p0x437e26b\n|j|\u2606p0y437e6ac\n|t:|1783544121\n|gametype|singles\n|player|p1|p0x437e26b|169|\n|player|p2|p0y437e6ac|2|\n|gen|9\n|tier|[Gen 9] Random Battle\n|rule|Species Clause: Limit one of each Pok\u00e9mon\n|rule|HP Percentage Mod: HP is shown in percentages\n|rule|Sleep Clause Mod: Limit one foe put to sleep\n|rule|Illusion Level Mod: Illusion disguises the Pok\u00e9mon's true level\n|\n|t:|1783544121\n|teamsize|p1|6\n|teamsize|p2|6\n|start\n|switch|p1a: Leavanny|Leavanny, L86, M|269/269\n|switch|p2a: Necrozma|Necrozma-Dawn-Wings, L76|100/100\n|turn|1\n|inactive|Battle timer is ON: inactive players will automatically lose when time's up. (requested by p0x437e26b)\n|inactive|p0y437e6ac also wants the timer to be on.\n|\n|t:|1783544123\n|move|p1a: Leavanny|Sticky Web|p2a: Necrozma\n|-sidestart|p2: p0y437e6ac|move: Sticky Web\n|move|p2a: Necrozma|Moongeist Beam|p1a: Leavanny\n|-damage|p1a: Leavanny|133/269\n|\n|upkeep\n|turn|2\n|inactive|Time left: 300 sec this turn | 300 sec total\n|\n|t:|1783544124\n|switch|p1a: Ursaluna|Ursaluna, L79, F|335/335\n|move|p2a: Necrozma|Moongeist Beam|p1a: Ursaluna\n|-immune|p1a: Ursaluna\n|\n|-status|p1a: Ursaluna|brn|[from] item: Flame Orb\n|upkeep\n|turn|3\n|inactive|Time left: 300 sec this turn | 300 sec total\n|\n|t:|1783544125\n|move|p2a: Necrozma|Photon Geyser|p1a: Ursaluna\n|-damage|p1a: Ursaluna|190/335 brn\n|move|p1a: Ursaluna|Crunch|p2a: Necrozma\n|-supereffective|p2a: Necrozma\n|-damage|p2a: Necrozma|3/100\n|\n|-heal|p2a: Necrozma|10/100|[from] item: Leftovers\n|-damage|p1a: Ursaluna|170/335 brn|[from] brn\n|upkeep\n|turn|4\n|inactive|Time left: 300 sec this turn | 300 sec total\n|\n|t:|1783544126\n|move|p2a: Necrozma|Photon Geyser|p1a: Ursaluna\n|-crit|p1a: Ursaluna\n|-damage|p1a: Ursaluna|0 fnt\n|faint|p1a: Ursaluna\n|\n|-heal|p2a: Necrozma|16/100|[from] item: Leftovers\n|upkeep\n|inactive|Time left: 300 sec this turn | 300 sec total | 5 sec grace\n|\n|t:|1783544127\n|switch|p1a: Iron Crown|Iron Crown, L78|268/268\n|turn|5\n|inactive|Time left: 300 sec this turn | 300 sec total\n|\n|t:|1783544128\n|move|p1a: Iron Crown|Tachyon Cutter|p2a: Necrozma\n|-damage|p2a: Necrozma|0 fnt\n|faint|p2a: Necrozma\n|-hitcount|p2: Necrozma|1\n|\n|upkeep\n|\n|t:|1783544128\n|switch|p2a: Infernape|Infernape, L82, M|100/100\n|-activate|p2a: Infernape|move: Sticky Web\n|-unboost|p2a: Infernape|spe|1\n|turn|6\n|inactive|Time left: 300 sec this turn | 300 sec total\n|\n|t:|1783544129\n|move|p1a: Iron Crown|Tachyon Cutter|p2a: Infernape\n|-resisted|p2a: Infernape\n|-damage|p2a: Infernape|82/100\n|-resisted|p2a: Infernape\n|-damage|p2a: Infernape|62/100\n|-hitcount|p2a: Infernape|2\n|move|p2a: Infernape|Flare Blitz|p1a: Iron Crown\n|-supereffective|p1a: Iron Crown\n|-damage|p1a: Iron Crown|0 fnt\n|faint|p1a: Iron Crown\n|-end|p1a: Iron Crown|Quark Drive|[silent]\n|-damage|p2a: Infernape|28/100|[from] Recoil\n|\n|upkeep\n|inactive|Time left: 300 sec this turn | 300 sec total | 5 sec grace\n|\n|t:|1783544130\n|switch|p1a: Grumpig|Grumpig, L92, F|297/297\n|turn|7\n|inactive|Time left: 300 sec this turn | 300 sec total\n|\n|t:|1783544131\n|switch|p2a: Mightyena|Mightyena, L96, F|100/100\n|-activate|p2a: Mightyena|move: Sticky Web\n|-unboost|p2a: Mightyena|spe|1\n|-ability|p2a: Mightyena|Intimidate|boost\n|-unboost|p1a: Grumpig|atk|1\n|move|p1a: Grumpig|Nasty Plot|p1a: Grumpig\n|-boost|p1a: Grumpig|spa|2\n|\n|upkeep\n|turn|8\n|inactive|Time left: 300 sec this turn | 300 sec total\n|\n|t:|1783544132\n|-terastallize|p1a: Grumpig|Fairy\n|move|p2a: Mightyena|Sucker Punch|p1a: Grumpig\n|-resisted|p1a: Grumpig\n|-damage|p1a: Grumpig|219/297\n|move|p1a: Grumpig|Dazzling Gleam|p2a: Mightyena\n|-supereffective|p2a: Mightyena\n|-damage|p2a: Mightyena|0 fnt\n|faint|p2a: Mightyena\n|\n|-heal|p1a: Grumpig|237/297|[from] item: Leftovers\n|upkeep\n|\n|t:|1783544133\n|switch|p2a: Mudsdale|Mudsdale, L83, F|100/100\n|-activate|p2a: Mudsdale|move: Sticky Web\n|-unboost|p2a: Mudsdale|spe|1\n|turn|9\n|inactive|Time left: 300 sec this turn | 300 sec total\n|\n|t:|1783544134\n|-terastallize|p2a: Mudsdale|Steel\n|move|p1a: Grumpig|Earth Power|p2a: Mudsdale\n|-supereffective|p2a: Mudsdale\n|-damage|p2a: Mudsdale|7/100\n|-ability|p2a: Mudsdale|Stamina|boost\n|-boost|p2a: Mudsdale|def|1\n|move|p2a: Mudsdale|Heavy Slam|p1a: Grumpig\n|-supereffective|p1a: Grumpig\n|-damage|p1a: Grumpig|0 fnt\n|faint|p1a: Grumpig\n|\n|-heal|p2a: Mudsdale|13/100|[from] item: Leftovers\n|upkeep\n|inactive|Time left: 300 sec this turn | 300 sec total | 5 sec grace\n|\n|t:|1783544135\n|switch|p1a: Leavanny|Leavanny, L86, M|133/269\n|turn|10\n|inactive|Time left: 300 sec this turn | 300 sec total\n|\n|t:|1783544136\n|move|p1a: Leavanny|Knock Off|p2a: Mudsdale\n|-damage|p2a: Mudsdale|0 fnt\n|-enditem|p2a: Mudsdale|Leftovers|[from] move: Knock Off|[of] p1a: Leavanny\n|faint|p2a: Mudsdale\n|\n|upkeep\n|\n|t:|1783544137\n|switch|p2a: Weezing|Weezing, L88, F|100/100\n|turn|11\n|inactive|Time left: 300 sec this turn | 300 sec total\n|\n|t:|1783544138\n|switch|p1a: Sableye|Sableye, L88, F|231/231\n|move|p2a: Weezing|Gunk Shot|p1a: Sableye\n|-resisted|p1a: Sableye\n|-damage|p1a: Sableye|165/231\n|\n|-heal|p1a: Sableye|179/231|[from] item: Leftovers\n|upkeep\n|turn|12\n|inactive|Time left: 300 sec this turn | 300 sec total\n|\n|t:|1783544139\n|switch|p2a: Infernape|Infernape, L82, M|28/100\n|-activate|p2a: Infernape|move: Sticky Web\n|-unboost|p2a: Infernape|spe|1\n|move|p1a: Sableye|Knock Off|p2a: Infernape\n|-resisted|p2a: Infernape\n|-damage|p2a: Infernape|6/100\n|-enditem|p2a: Infernape|Choice Band|[from] move: Knock Off|[of] p1a: Sableye\n|\n|-heal|p1a: Sableye|193/231|[from] item: Leftovers\n|upkeep\n|turn|13\n|inactive|Time left: 300 sec this turn | 300 sec total\n|\n|t:|1783544140\n|switch|p1a: Phione|Phione, L91|293/293\n|move|p2a: Infernape|Flare Blitz|p1a: Phione\n|-resisted|p1a: Phione\n|-damage|p1a: Phione|201/293\n|-damage|p2a: Infernape|0 fnt|[from] Recoil\n|faint|p2a: Infernape\n|\n|-heal|p1a: Phione|219/293|[from] item: Leftovers\n|upkeep\n|\n|t:|1783544141\n|switch|p2a: Weezing|Weezing, L88, F|100/100\n|turn|14\n|inactive|Time left: 300 sec this turn | 300 sec total\n|\n|t:|1783544143\n|move|p1a: Phione|Scald|p2a: Weezing\n|-damage|p2a: Weezing|62/100\n|move|p2a: Weezing|Gunk Shot|p1a: Phione|[miss]\n|-miss|p2a: Weezing|p1a: Phione\n|\n|-heal|p1a: Phione|237/293|[from] item: Leftovers\n|-heal|p2a: Weezing|68/100|[from] item: Leftovers\n|upkeep\n|turn|15\n|inactive|Time left: 300 sec this turn | 300 sec total\n|\n|t:|1783544144\n|move|p1a: Phione|Scald|p2a: Weezing\n|-damage|p2a: Weezing|30/100\n|move|p2a: Weezing|Pain Split|p1a: Phione\n|-sethp|p1a: Phione|156/293|[from] move: Pain Split|[silent]\n|-sethp|p2a: Weezing|61/100|[from] move: Pain Split\n|\n|-heal|p1a: Phione|174/293|[from] item: Leftovers\n|-heal|p2a: Weezing|67/100|[from] item: Leftovers\n|upkeep\n|turn|16\n|inactive|Time left: 300 sec this turn | 300 sec total\n|\n|t:|1783544145\n|move|p1a: Phione|Scald|p2a: Weezing\n|-damage|p2a: Weezing|27/100\n|move|p2a: Weezing|Pain Split|p1a: Phione\n|-sethp|p1a: Phione|121/293|[from] move: Pain Split|[silent]\n|-sethp|p2a: Weezing|47/100|[from] move: Pain Split\n|\n|-heal|p1a: Phione|139/293|[from] item: Leftovers\n|-heal|p2a: Weezing|54/100|[from] item: Leftovers\n|upkeep\n|turn|17\n|inactive|Time left: 300 sec this turn | 300 sec total\n|\n|t:|1783544146\n|move|p1a: Phione|Scald|p2a: Weezing\n|-damage|p2a: Weezing|17/100\n|move|p2a: Weezing|Gunk Shot|p1a: Phione\n|-damage|p1a: Phione|0 fnt\n|faint|p1a: Phione\n|\n|-heal|p2a: Weezing|23/100|[from] item: Leftovers\n|upkeep\n|inactive|Time left: 300 sec this turn | 300 sec total | 5 sec grace\n|\n|t:|1783544147\n|switch|p1a: Sableye|Sableye, L88, F|193/231\n|turn|18\n|inactive|Time left: 300 sec this turn | 300 sec total\n|\n|t:|1783544148\n|move|p2a: Weezing|Pain Split|p1a: Sableye\n|-sethp|p1a: Sableye|126/231|[from] move: Pain Split|[silent]\n|-sethp|p2a: Weezing|49/100|[from] move: Pain Split\n|move|p1a: Sableye|Knock Off|p2a: Weezing\n|-damage|p2a: Weezing|20/100\n|-enditem|p2a: Weezing|Leftovers|[from] move: Knock Off|[of] p1a: Sableye\n|\n|-heal|p1a: Sableye|140/231|[from] item: Leftovers\n|upkeep\n|turn|19\n|inactive|Time left: 300 sec this turn | 300 sec total\n|\n|t:|1783544149\n|move|p1a: Sableye|Encore|p2a: Weezing\n|-start|p2a: Weezing|Encore\n|move|p2a: Weezing|Pain Split|p1a: Sableye\n|-sethp|p1a: Sableye|95/231|[from] move: Pain Split|[silent]\n|-sethp|p2a: Weezing|37/100|[from] move: Pain Split\n|\n|-heal|p1a: Sableye|109/231|[from] item: Leftovers\n|upkeep\n|turn|20\n|inactive|Time left: 300 sec this turn | 300 sec total\n|\n|t:|1783544150\n|move|p2a: Weezing|Pain Split|p1a: Sableye\n|-sethp|p1a: Sableye|102/231|[from] move: Pain Split|[silent]\n|-sethp|p2a: Weezing|40/100|[from] move: Pain Split\n|move|p1a: Sableye|Knock Off|p2a: Weezing\n|-damage|p2a: Weezing|23/100\n|\n|-heal|p1a: Sableye|116/231|[from] item: Leftovers\n|upkeep\n|turn|21\n|inactive|Time left: 300 sec this turn | 300 sec total\n|\n|t:|1783544152\n|move|p1a: Sableye|Will-O-Wisp|p2a: Weezing\n|-status|p2a: Weezing|brn\n|move|p2a: Weezing|Pain Split|p1a: Sableye\n|-sethp|p1a: Sableye|86/231|[from] move: Pain Split|[silent]\n|-sethp|p2a: Weezing|34/100 brn|[from] move: Pain Split\n|\n|-heal|p1a: Sableye|100/231|[from] item: Leftovers\n|-damage|p2a: Weezing|28/100 brn|[from] brn\n|-end|p2a: Weezing|Encore\n|upkeep\n|turn|22\n|inactive|Time left: 300 sec this turn | 300 sec total\n|\n|t:|1783544153\n|move|p1a: Sableye|Recover|p1a: Sableye\n|-heal|p1a: Sableye|216/231\n|move|p2a: Weezing|Fire Blast|p1a: Sableye\n|-damage|p1a: Sableye|121/231\n|\n|-heal|p1a: Sableye|135/231|[from] item: Leftovers\n|-damage|p2a: Weezing|21/100 brn|[from] brn\n|upkeep\n|turn|23\n|inactive|Time left: 300 sec this turn | 300 sec total\n|\n|t:|1783544154\n|move|p2a: Weezing|Pain Split|p1a: Sableye\n|-sethp|p1a: Sableye|94/231|[from] move: Pain Split|[silent]\n|-sethp|p2a: Weezing|37/100 brn|[from] move: Pain Split\n|move|p1a: Sableye|Knock Off|p2a: Weezing\n|-damage|p2a: Weezing|18/100 brn\n|\n|-heal|p1a: Sableye|108/231|[from] item: Leftovers\n|-damage|p2a: Weezing|12/100 brn|[from] brn\n|upkeep\n|turn|24\n|inactive|Time left: 300 sec this turn | 300 sec total\n|\n|t:|1783544155\n|move|p1a: Sableye|Recover|p1a: Sableye\n|-heal|p1a: Sableye|224/231\n|move|p2a: Weezing|Pain Split|p1a: Sableye\n|-sethp|p1a: Sableye|126/231|[from] move: Pain Split|[silent]\n|-sethp|p2a: Weezing|49/100 brn|[from] move: Pain Split\n|\n|-heal|p1a: Sableye|140/231|[from] item: Leftovers\n|-damage|p2a: Weezing|43/100 brn|[from] brn\n|upkeep\n|turn|25\n|inactive|Time left: 300 sec this turn | 300 sec total\n|\n|t:|1783544156\n|move|p1a: Sableye|Encore|p2a: Weezing\n|-start|p2a: Weezing|Encore\n|move|p2a: Weezing|Pain Split|p1a: Sableye\n|-sethp|p1a: Sableye|125/231|[from] move: Pain Split|[silent]\n|-sethp|p2a: Weezing|49/100 brn|[from] move: Pain Split\n|\n|-heal|p1a: Sableye|139/231|[from] item: Leftovers\n|-damage|p2a: Weezing|43/100 brn|[from] brn\n|upkeep\n|turn|26\n|inactive|Time left: 300 sec this turn | 300 sec total\n|\n|t:|1783544157\n|move|p1a: Sableye|Will-O-Wisp|p2a: Weezing|[miss]\n|-miss|p1a: Sableye|p2a: Weezing\n|move|p2a: Weezing|Pain Split|p1a: Sableye\n|-sethp|p1a: Sableye|124/231|[from] move: Pain Split|[silent]\n|-sethp|p2a: Weezing|49/100 brn|[from] move: Pain Split\n|\n|-heal|p1a: Sableye|138/231|[from] item: Leftovers\n|-damage|p2a: Weezing|42/100 brn|[from] brn\n|upkeep\n|turn|27\n|inactive|Time left: 300 sec this turn | 300 sec total\n|\n|t:|1783544158\n|move|p2a: Weezing|Pain Split|p1a: Sableye\n|-sethp|p1a: Sableye|123/231|[from] move: Pain Split|[silent]\n|-sethp|p2a: Weezing|48/100 brn|[from] move: Pain Split\n|move|p1a: Sableye|Knock Off|p2a: Weezing\n|-damage|p2a: Weezing|28/100 brn\n|\n|-heal|p1a: Sableye|137/231|[from] item: Leftovers\n|-damage|p2a: Weezing|22/100 brn|[from] brn\n|-end|p2a: Weezing|Encore\n|upkeep\n|turn|28\n|inactive|Time left: 300 sec this turn | 300 sec total\n|\n|t:|1783544159\n|move|p2a: Weezing|Pain Split|p1a: Sableye\n|-sethp|p1a: Sableye|96/231|[from] move: Pain Split|[silent]\n|-sethp|p2a: Weezing|38/100 brn|[from] move: Pain Split\n|move|p1a: Sableye|Knock Off|p2a: Weezing\n|-damage|p2a: Weezing|18/100 brn\n|\n|-heal|p1a: Sableye|110/231|[from] item: Leftovers\n|-damage|p2a: Weezing|11/100 brn|[from] brn\n|upkeep\n|turn|29\n|inactive|Time left: 300 sec this turn | 300 sec total\n|\n|t:|1783544161\n|move|p2a: Weezing|Pain Split|p1a: Sableye\n|-sethp|p1a: Sableye|69/231|[from] move: Pain Split|[silent]\n|-sethp|p2a: Weezing|27/100 brn|[from] move: Pain Split\n|move|p1a: Sableye|Knock Off|p2a: Weezing\n|-damage|p2a: Weezing|7/100 brn\n|\n|-heal|p1a: Sableye|83/231|[from] item: Leftovers\n|-damage|p2a: Weezing|1/100 brn|[from] brn\n|upkeep\n|turn|30\n|inactive|Time left: 300 sec this turn | 300 sec total\n|\n|t:|1783544162\n|move|p1a: Sableye|Recover|p1a: Sableye\n|-heal|p1a: Sableye|199/231\n|move|p2a: Weezing|Pain Split|p1a: Sableye\n|-sethp|p1a: Sableye|100/231|[from] move: Pain Split|[silent]\n|-sethp|p2a: Weezing|39/100 brn|[from] move: Pain Split\n|\n|-heal|p1a: Sableye|114/231|[from] item: Leftovers\n|-damage|p2a: Weezing|33/100 brn|[from] brn\n|upkeep\n|turn|31\n|inactive|Time left: 300 sec this turn | 300 sec total\n|\n|t:|1783544163\n|move|p1a: Sableye|Recover|p1a: Sableye\n|-heal|p1a: Sableye|230/231\n|move|p2a: Weezing|Fire Blast|p1a: Sableye\n|-damage|p1a: Sableye|145/231\n|\n|-heal|p1a: Sableye|159/231|[from] item: Leftovers\n|-damage|p2a: Weezing|27/100 brn|[from] brn\n|upkeep\n|turn|32\n|inactive|Time left: 300 sec this turn | 300 sec total\n|\n|t:|1783544164\n|move|p2a: Weezing|Pain Split|p1a: Sableye\n|-sethp|p1a: Sableye|113/231|[from] move: Pain Split|[silent]\n|-sethp|p2a: Weezing|44/100 brn|[from] move: Pain Split\n|move|p1a: Sableye|Knock Off|p2a: Weezing\n|-damage|p2a: Weezing|25/100 brn\n|\n|-heal|p1a: Sableye|127/231|[from] item: Leftovers\n|-damage|p2a: Weezing|18/100 brn|[from] brn\n|upkeep\n|turn|33\n|inactive|Time left: 300 sec this turn | 300 sec total\n|\n|t:|1783544165\n|move|p2a: Weezing|Pain Split|p1a: Sableye\n|-sethp|p1a: Sableye|86/231|[from] move: Pain Split|[silent]\n|-sethp|p2a: Weezing|34/100 brn|[from] move: Pain Split\n|move|p1a: Sableye|Knock Off|p2a: Weezing\n|-damage|p2a: Weezing|17/100 brn\n|\n|-heal|p1a: Sableye|100/231|[from] item: Leftovers\n|-damage|p2a: Weezing|11/100 brn|[from] brn\n|upkeep\n|turn|34\n|inactive|Time left: 300 sec this turn | 300 sec total\n|\n|t:|1783544166\n|move|p1a: Sableye|Recover|p1a: Sableye\n|-heal|p1a: Sableye|216/231\n|move|p2a: Weezing|Fire Blast|p1a: Sableye\n|-damage|p1a: Sableye|126/231\n|\n|-heal|p1a: Sableye|140/231|[from] item: Leftovers\n|-damage|p2a: Weezing|5/100 brn|[from] brn\n|upkeep\n|turn|35\n|inactive|Time left: 300 sec this turn | 300 sec total\n|\n|t:|1783544167\n|move|p1a: Sableye|Encore|p2a: Weezing\n|-start|p2a: Weezing|Encore\n|move|p2a: Weezing|Fire Blast|p1a: Sableye\n|-damage|p1a: Sableye|52/231\n|\n|-heal|p1a: Sableye|66/231|[from] item: Leftovers\n|-damage|p2a: Weezing|0 fnt|[from] brn\n|faint|p2a: Weezing\n|upkeep\n|\n|t:|1783544169\n|switch|p2a: Farigiraf|Farigiraf, L90, M|100/100\n|-activate|p2a: Farigiraf|move: Sticky Web\n|-unboost|p2a: Farigiraf|spe|1\n|turn|36\n|inactive|Time left: 300 sec this turn | 300 sec total\n|\n|t:|1783544170\n|move|p2a: Farigiraf|Protect|p2a: Farigiraf\n|-singleturn|p2a: Farigiraf|Protect\n|move|p1a: Sableye|Knock Off|p2a: Farigiraf\n|-activate|p2a: Farigiraf|move: Protect\n|\n|-heal|p1a: Sableye|80/231|[from] item: Leftovers\n|upkeep\n|turn|37\n|inactive|Time left: 300 sec this turn | 300 sec total\n|\n|t:|1783544171\n|move|p1a: Sableye|Knock Off|p2a: Farigiraf\n|-supereffective|p2a: Farigiraf\n|-damage|p2a: Farigiraf|41/100\n|-enditem|p2a: Farigiraf|Leftovers|[from] move: Knock Off|[of] p1a: Sableye\n|move|p2a: Farigiraf|Wish|p2a: Farigiraf\n|\n|-heal|p1a: Sableye|94/231|[from] item: Leftovers\n|upkeep\n|turn|38\n|inactive|Time left: 300 sec this turn | 300 sec total\n|\n|t:|1783544172\n|move|p2a: Farigiraf|Protect|p2a: Farigiraf\n|-singleturn|p2a: Farigiraf|Protect\n|move|p1a: Sableye|Knock Off|p2a: Farigiraf\n|-activate|p2a: Farigiraf|move: Protect\n|\n|-heal|p2a: Farigiraf|91/100|[from] move: Wish|[wisher] Farigiraf\n|-heal|p1a: Sableye|108/231|[from] item: Leftovers\n|upkeep\n|turn|39\n|inactive|Time left: 300 sec this turn | 300 sec total\n|\n|t:|1783544173\n|move|p1a: Sableye|Recover|p1a: Sableye\n|-heal|p1a: Sableye|224/231\n|move|p2a: Farigiraf|Wish|p2a: Farigiraf\n|\n|-heal|p1a: Sableye|231/231|[from] item: Leftovers\n|upkeep\n|turn|40\n|inactive|Time left: 300 sec this turn | 300 sec total\n|\n|t:|1783544174\n|move|p2a: Farigiraf|Protect|p2a: Farigiraf\n|-singleturn|p2a: Farigiraf|Protect\n|move|p1a: Sableye|Will-O-Wisp|p2a: Farigiraf\n|-activate|p2a: Farigiraf|move: Protect\n|\n|-heal|p2a: Farigiraf|100/100|[from] move: Wish|[wisher] Farigiraf\n|upkeep\n|turn|41\n|inactive|Time left: 300 sec this turn | 300 sec total\n|\n|t:|1783544175\n|move|p1a: Sableye|Knock Off|p2a: Farigiraf\n|-supereffective|p2a: Farigiraf\n|-damage|p2a: Farigiraf|62/100\n|move|p2a: Farigiraf|Wish|p2a: Farigiraf\n|\n|upkeep\n|turn|42\n|inactive|Time left: 300 sec this turn | 300 sec total\n|\n|t:|1783544176\n|move|p2a: Farigiraf|Protect|p2a: Farigiraf\n|-singleturn|p2a: Farigiraf|Protect\n|move|p1a: Sableye|Knock Off|p2a: Farigiraf\n|-activate|p2a: Farigiraf|move: Protect\n|\n|-heal|p2a: Farigiraf|100/100|[from] move: Wish|[wisher] Farigiraf\n|upkeep\n|turn|43\n|inactive|Time left: 300 sec this turn | 300 sec total\n|\n|t:|1783544177\n|move|p1a: Sableye|Knock Off|p2a: Farigiraf\n|-supereffective|p2a: Farigiraf\n|-damage|p2a: Farigiraf|60/100\n|move|p2a: Farigiraf|Wish|p2a: Farigiraf\n|\n|upkeep\n|turn|44\n|inactive|Time left: 300 sec this turn | 300 sec total\n|\n|t:|1783544178\n|move|p2a: Farigiraf|Protect|p2a: Farigiraf\n|-singleturn|p2a: Farigiraf|Protect\n|move|p1a: Sableye|Knock Off|p2a: Farigiraf\n|-activate|p2a: Farigiraf|move: Protect\n|\n|-heal|p2a: Farigiraf|100/100|[from] move: Wish|[wisher] Farigiraf\n|upkeep\n|turn|45\n|inactive|Time left: 300 sec this turn | 300 sec total\n|\n|t:|1783544179\n|move|p1a: Sableye|Knock Off|p2a: Farigiraf\n|-supereffective|p2a: Farigiraf\n|-crit|p2a: Farigiraf\n|-damage|p2a: Farigiraf|42/100\n|move|p2a: Farigiraf|Wish|p2a: Farigiraf\n|\n|upkeep\n|turn|46\n|inactive|Time left: 300 sec this turn | 300 sec total\n|\n|t:|1783544180\n|move|p2a: Farigiraf|Protect|p2a: Farigiraf\n|-singleturn|p2a: Farigiraf|Protect\n|move|p1a: Sableye|Knock Off|p2a: Farigiraf\n|-activate|p2a: Farigiraf|move: Protect\n|\n|-heal|p2a: Farigiraf|92/100|[from] move: Wish|[wisher] Farigiraf\n|upkeep\n|turn|47\n|inactive|Time left: 300 sec this turn | 300 sec total\n|\n|t:|1783544181\n|move|p1a: Sableye|Knock Off|p2a: Farigiraf\n|-supereffective|p2a: Farigiraf\n|-damage|p2a: Farigiraf|54/100\n|move|p2a: Farigiraf|Wish|p2a: Farigiraf\n|\n|upkeep\n|turn|48\n|inactive|Time left: 300 sec this turn | 300 sec total\n|\n|t:|1783544182\n|move|p2a: Farigiraf|Protect|p2a: Farigiraf\n|-singleturn|p2a: Farigiraf|Protect\n|move|p1a: Sableye|Knock Off|p2a: Farigiraf\n|-activate|p2a: Farigiraf|move: Protect\n|\n|-heal|p2a: Farigiraf|100/100|[from] move: Wish|[wisher] Farigiraf\n|upkeep\n|turn|49\n|inactive|Time left: 300 sec this turn | 300 sec total\n|\n|t:|1783544183\n|move|p1a: Sableye|Knock Off|p2a: Farigiraf\n|-supereffective|p2a: Farigiraf\n|-damage|p2a: Farigiraf|61/100\n|move|p2a: Farigiraf|Wish|p2a: Farigiraf\n|\n|upkeep\n|turn|50\n|inactive|Time left: 300 sec this turn | 300 sec total\n|\n|t:|1783544184\n|move|p2a: Farigiraf|Protect|p2a: Farigiraf\n|-singleturn|p2a: Farigiraf|Protect\n|move|p1a: Sableye|Knock Off|p2a: Farigiraf\n|-activate|p2a: Farigiraf|move: Protect\n|\n|-heal|p2a: Farigiraf|100/100|[from] move: Wish|[wisher] Farigiraf\n|upkeep\n|turn|51\n|inactive|Time left: 300 sec this turn | 300 sec total\n|\n|t:|1783544185\n|move|p1a: Sableye|Knock Off|p2a: Farigiraf\n|-supereffective|p2a: Farigiraf\n|-damage|p2a: Farigiraf|62/100\n|move|p2a: Farigiraf|Wish|p2a: Farigiraf\n|\n|upkeep\n|turn|52\n|inactive|Time left: 300 sec this turn | 300 sec total\n|\n|t:|1783544186\n|move|p2a: Farigiraf|Protect|p2a: Farigiraf\n|-singleturn|p2a: Farigiraf|Protect\n|move|p1a: Sableye|Knock Off|p2a: Farigiraf\n|-activate|p2a: Farigiraf|move: Protect\n|\n|-heal|p2a: Farigiraf|100/100|[from] move: Wish|[wisher] Farigiraf\n|upkeep\n|turn|53\n|inactive|Time left: 300 sec this turn | 300 sec total\n|\n|t:|1783544187\n|move|p1a: Sableye|Knock Off|p2a: Farigiraf\n|-supereffective|p2a: Farigiraf\n|-damage|p2a: Farigiraf|60/100\n|move|p2a: Farigiraf|Wish|p2a: Farigiraf\n|\n|upkeep\n|turn|54\n|inactive|Time left: 300 sec this turn | 300 sec total\n|\n|t:|1783544188\n|move|p2a: Farigiraf|Protect|p2a: Farigiraf\n|-singleturn|p2a: Farigiraf|Protect\n|move|p1a: Sableye|Knock Off|p2a: Farigiraf\n|-activate|p2a: Farigiraf|move: Protect\n|\n|-heal|p2a: Farigiraf|100/100|[from] move: Wish|[wisher] Farigiraf\n|upkeep\n|turn|55\n|inactive|Time left: 300 sec this turn | 300 sec total\n|\n|t:|1783544189\n|move|p1a: Sableye|Knock Off|p2a: Farigiraf\n|-supereffective|p2a: Farigiraf\n|-damage|p2a: Farigiraf|60/100\n|move|p2a: Farigiraf|Wish|p2a: Farigiraf\n|\n|upkeep\n|turn|56\n|inactive|Time left: 300 sec this turn | 300 sec total\n|\n|t:|1783544190\n|move|p2a: Farigiraf|Protect|p2a: Farigiraf\n|-singleturn|p2a: Farigiraf|Protect\n|move|p1a: Sableye|Knock Off|p2a: Farigiraf\n|-activate|p2a: Farigiraf|move: Protect\n|\n|-heal|p2a: Farigiraf|100/100|[from] move: Wish|[wisher] Farigiraf\n|upkeep\n|turn|57\n|inactive|Time left: 300 sec this turn | 300 sec total\n|\n|t:|1783544191\n|move|p1a: Sableye|Knock Off|p2a: Farigiraf\n|-supereffective|p2a: Farigiraf\n|-damage|p2a: Farigiraf|60/100\n|move|p2a: Farigiraf|Wish|p2a: Farigiraf\n|\n|upkeep\n|turn|58\n|inactive|Time left: 300 sec this turn | 300 sec total\n|\n|t:|1783544192\n|move|p2a: Farigiraf|Protect|p2a: Farigiraf\n|-singleturn|p2a: Farigiraf|Protect\n|move|p1a: Sableye|Knock Off|p2a: Farigiraf\n|-activate|p2a: Farigiraf|move: Protect\n|\n|-heal|p2a: Farigiraf|100/100|[from] move: Wish|[wisher] Farigiraf\n|upkeep\n|turn|59\n|inactive|Time left: 300 sec this turn | 300 sec total\n|\n|t:|1783544193\n|move|p1a: Sableye|Will-O-Wisp|p2a: Farigiraf\n|-status|p2a: Farigiraf|brn\n|move|p2a: Farigiraf|Wish|p2a: Farigiraf\n|\n|-damage|p2a: Farigiraf|94/100 brn|[from] brn\n|upkeep\n|turn|60\n|inactive|Time left: 300 sec this turn | 300 sec total\n|\n|t:|1783544194\n|switch|p1a: Leavanny|Leavanny, L86, M|133/269\n|move|p2a: Farigiraf|Wish||[still]\n|-fail|p2a: Farigiraf\n|\n|-heal|p2a: Farigiraf|100/100 brn|[from] move: Wish|[wisher] Farigiraf\n|-damage|p2a: Farigiraf|94/100 brn|[from] brn\n|upkeep\n|turn|61\n|inactive|Time left: 300 sec this turn | 300 sec total\n|\n|t:|1783544195\n|move|p1a: Leavanny|Lunge|p2a: Farigiraf\n|-supereffective|p2a: Farigiraf\n|-damage|p2a: Farigiraf|36/100 brn\n|-unboost|p2a: Farigiraf|atk|1\n|move|p2a: Farigiraf|Body Slam|p1a: Leavanny\n|-damage|p1a: Leavanny|97/269\n|\n|-damage|p2a: Farigiraf|30/100 brn|[from] brn\n|upkeep\n|turn|62\n|inactive|Time left: 300 sec this turn | 300 sec total\n|\n|t:|1783544196\n|move|p2a: Farigiraf|Protect|p2a: Farigiraf\n|-singleturn|p2a: Farigiraf|Protect\n|move|p1a: Leavanny|Lunge|p2a: Farigiraf\n|-activate|p2a: Farigiraf|move: Protect\n|\n|-damage|p2a: Farigiraf|24/100 brn|[from] brn\n|upkeep\n|turn|63\n|inactive|Time left: 300 sec this turn | 300 sec total\n|\n|t:|1783544197\n|move|p2a: Farigiraf|Protect||[still]\n|-fail|p2a: Farigiraf\n|move|p1a: Leavanny|Lunge|p2a: Farigiraf\n|-supereffective|p2a: Farigiraf\n|-damage|p2a: Farigiraf|0 fnt\n|faint|p2a: Farigiraf\n|\n|win|p0x437e26b", "uploadtime": 1783544197, "views": 0, "rating": 0, "private": 0, "password": null, "_winner": "p0x437e26b", "_our_name": "p0x437e26b"}