{"id": "battle-gen9randombattle-180", "formatid": "gen9randombattle", "format": "[Gen 9] Random Battle", "players": ["p0x18097c1", "p0y18014bb"], "log": "|init|battle\n|title|p0x18097c1 vs. p0y18014bb\n|j|\u2606p0x18097c1\n|j|\u2606p0y18014bb\n|t:|1783535321\n|gametype|singles\n|player|p1|p0x18097c1|170|\n|player|p2|p0y18014bb|266|\n|gen|9\n|tier|[Gen 9] Random Battle\n|rule|Species Clause: Limit one of each Pok\u00e9mon\n|rule|HP Percentage Mod: HP is shown in percentages\n|rule|Sleep Clause Mod: Limit one foe put to sleep\n|rule|Illusion Level Mod: Illusion disguises the Pok\u00e9mon's true level\n|\n|t:|1783535321\n|teamsize|p1|6\n|teamsize|p2|6\n|start\n|switch|p1a: Scrafty|Scrafty, L83, F|100/100\n|switch|p2a: Iron Hands|Iron Hands, L79|373/373\n|-ability|p1a: Scrafty|Intimidate|boost\n|-unboost|p2a: Iron Hands|atk|1\n|turn|1\n|inactive|Battle timer is ON: inactive players will automatically lose when time's up. (requested by p0y18014bb)\n|inactive|p0x18097c1 also wants the timer to be on.\n|\n|t:|1783535322\n|move|p1a: Scrafty|Dragon Dance|p1a: Scrafty\n|-boost|p1a: Scrafty|atk|1\n|-boost|p1a: Scrafty|spe|1\n|move|p2a: Iron Hands|Volt Switch|p1a: Scrafty\n|-damage|p1a: Scrafty|86/100\n|inactive|Time left: 300 sec this turn | 300 sec total | 65 sec grace\n|\n|t:|1783535324\n|-end|p2a: Iron Hands|Quark Drive|[silent]\n|switch|p2a: Vikavolt|Vikavolt, L83, M|263/263|[from] Volt Switch\n|\n|-heal|p1a: Scrafty|92/100|[from] item: Leftovers\n|upkeep\n|turn|2\n|inactive|Time left: 300 sec this turn | 300 sec total\n|\n|t:|1783535325\n|move|p1a: Scrafty|Knock Off|p2a: Vikavolt\n|-damage|p2a: Vikavolt|119/263\n|-enditem|p2a: Vikavolt|Heavy-Duty Boots|[from] move: Knock Off|[of] p1a: Scrafty\n|move|p2a: Vikavolt|Sticky Web|p1a: Scrafty\n|-sidestart|p1: p0x18097c1|move: Sticky Web\n|\n|-heal|p1a: Scrafty|98/100|[from] item: Leftovers\n|upkeep\n|turn|3\n|inactive|Time left: 300 sec this turn | 300 sec total\n|\n|t:|1783535326\n|move|p1a: Scrafty|Dragon Dance|p1a: Scrafty\n|-boost|p1a: Scrafty|atk|1\n|-boost|p1a: Scrafty|spe|1\n|move|p2a: Vikavolt|Bug Buzz|p1a: Scrafty\n|-damage|p1a: Scrafty|55/100\n|\n|-heal|p1a: Scrafty|61/100|[from] item: Leftovers\n|upkeep\n|turn|4\n|inactive|Time left: 300 sec this turn | 300 sec total\n|\n|t:|1783535327\n|move|p1a: Scrafty|Knock Off|p2a: Vikavolt\n|-crit|p2a: Vikavolt\n|-damage|p2a: Vikavolt|0 fnt\n|faint|p2a: Vikavolt\n|\n|-heal|p1a: Scrafty|67/100|[from] item: Leftovers\n|upkeep\n|inactive|Time left: 300 sec this turn | 300 sec total | 5 sec grace\n|\n|t:|1783535328\n|switch|p2a: Iron Hands|Iron Hands, L79|373/373\n|turn|5\n|inactive|Time left: 300 sec this turn | 300 sec total\n|\n|t:|1783535329\n|-terastallize|p1a: Scrafty|Poison\n|move|p1a: Scrafty|Drain Punch|p2a: Iron Hands\n|-damage|p2a: Iron Hands|229/373\n|-heal|p1a: Scrafty|97/100|[from] drain|[of] p2a: Iron Hands\n|move|p2a: Iron Hands|Drain Punch|p1a: Scrafty\n|-resisted|p1a: Scrafty\n|-damage|p1a: Scrafty|80/100\n|-heal|p2a: Iron Hands|250/373|[from] drain|[of] p1a: Scrafty\n|\n|-heal|p1a: Scrafty|86/100|[from] item: Leftovers\n|upkeep\n|turn|6\n|inactive|Time left: 300 sec this turn | 300 sec total\n|\n|t:|1783535330\n|move|p1a: Scrafty|Drain Punch|p2a: Iron Hands\n|-damage|p2a: Iron Hands|112/373\n|-heal|p1a: Scrafty|100/100|[from] drain|[of] p2a: Iron Hands\n|move|p2a: Iron Hands|Volt Switch|p1a: Scrafty\n|-damage|p1a: Scrafty|87/100\n|inactive|Time left: 300 sec this turn | 300 sec total | 5 sec grace\n|\n|t:|1783535331\n|-end|p2a: Iron Hands|Quark Drive|[silent]\n|switch|p2a: Torkoal|Torkoal, L88, F|266/266|[from] Volt Switch\n|-weather|SunnyDay|[from] ability: Drought|[of] p2a: Torkoal\n|\n|-weather|SunnyDay|[upkeep]\n|-heal|p1a: Scrafty|93/100|[from] item: Leftovers\n|upkeep\n|turn|7\n|inactive|Time left: 300 sec this turn | 300 sec total\n|\n|t:|1783535332\n|move|p1a: Scrafty|Knock Off|p2a: Torkoal\n|-damage|p2a: Torkoal|142/266\n|-enditem|p2a: Torkoal|Heavy-Duty Boots|[from] move: Knock Off|[of] p1a: Scrafty\n|move|p2a: Torkoal|Lava Plume|p1a: Scrafty\n|-damage|p1a: Scrafty|50/100\n|\n|-weather|SunnyDay|[upkeep]\n|-heal|p1a: Scrafty|56/100|[from] item: Leftovers\n|upkeep\n|turn|8\n|inactive|Time left: 300 sec this turn | 300 sec total\n|\n|t:|1783535333\n|move|p1a: Scrafty|Drain Punch|p2a: Torkoal\n|-damage|p2a: Torkoal|48/266\n|-heal|p1a: Scrafty|75/100|[from] drain|[of] p2a: Torkoal\n|move|p2a: Torkoal|Lava Plume|p1a: Scrafty\n|-damage|p1a: Scrafty|28/100\n|-status|p1a: Scrafty|brn\n|\n|-weather|SunnyDay|[upkeep]\n|-heal|p1a: Scrafty|35/100 brn|[from] item: Leftovers\n|-damage|p1a: Scrafty|28/100 brn|[from] brn\n|upkeep\n|turn|9\n|inactive|Time left: 300 sec this turn | 300 sec total\n|\n|t:|1783535335\n|move|p1a: Scrafty|Drain Punch|p2a: Torkoal\n|-damage|p2a: Torkoal|3/266\n|-heal|p1a: Scrafty|38/100 brn|[from] drain|[of] p2a: Torkoal\n|move|p2a: Torkoal|Lava Plume|p1a: Scrafty\n|-damage|p1a: Scrafty|0 fnt\n|faint|p1a: Scrafty\n|\n|-weather|SunnyDay|[upkeep]\n|upkeep\n|\n|t:|1783535335\n|switch|p1a: Avalugg|Avalugg, L88, M|100/100\n|turn|10\n|inactive|Time left: 300 sec this turn | 300 sec total\n|\n|t:|1783535336\n|switch|p2a: Primarina|Primarina, L83, M|268/268\n|move|p1a: Avalugg|Rapid Spin|p2a: Primarina\n|-damage|p2a: Primarina|215/268\n|-boost|p1a: Avalugg|spe|1\n|-sideend|p1: p0x18097c1|Sticky Web|[from] move: Rapid Spin|[of] p1a: Avalugg\n|\n|-weather|none\n|-heal|p2a: Primarina|231/268|[from] item: Leftovers\n|upkeep\n|turn|11\n|inactive|Time left: 300 sec this turn | 300 sec total\n|\n|t:|1783535337\n|move|p2a: Primarina|Moonblast|p1a: Avalugg\n|-damage|p1a: Avalugg|42/100\n|-unboost|p1a: Avalugg|spa|1\n|move|p1a: Avalugg|Avalanche|p2a: Primarina\n|-resisted|p2a: Primarina\n|-damage|p2a: Primarina|138/268\n|\n|-heal|p2a: Primarina|154/268|[from] item: Leftovers\n|upkeep\n|turn|12\n|inactive|Time left: 300 sec this turn | 300 sec total\n|\n|t:|1783535338\n|move|p1a: Avalugg|Recover|p1a: Avalugg\n|-heal|p1a: Avalugg|92/100\n|move|p2a: Primarina|Moonblast|p1a: Avalugg\n|-damage|p1a: Avalugg|37/100\n|\n|-heal|p2a: Primarina|170/268|[from] item: Leftovers\n|upkeep\n|turn|13\n|inactive|Time left: 300 sec this turn | 300 sec total\n|\n|t:|1783535339\n|move|p1a: Avalugg|Recover|p1a: Avalugg\n|-heal|p1a: Avalugg|87/100\n|move|p2a: Primarina|Calm Mind|p2a: Primarina\n|-boost|p2a: Primarina|spa|1\n|-boost|p2a: Primarina|spd|1\n|\n|-heal|p2a: Primarina|186/268|[from] item: Leftovers\n|upkeep\n|turn|14\n|inactive|Time left: 300 sec this turn | 300 sec total\n|\n|t:|1783535340\n|switch|p1a: Kyogre|Kyogre, L71|100/100\n|-weather|RainDance|[from] ability: Drizzle|[of] p1a: Kyogre\n|move|p2a: Primarina|Moonblast|p1a: Kyogre\n|-damage|p1a: Kyogre|41/100\n|\n|-weather|RainDance|[upkeep]\n|-heal|p1a: Kyogre|47/100|[from] item: Leftovers\n|-heal|p2a: Primarina|202/268|[from] item: Leftovers\n|upkeep\n|turn|15\n|inactive|Time left: 300 sec this turn | 300 sec total\n|\n|t:|1783535342\n|move|p1a: Kyogre|Calm Mind|p1a: Kyogre\n|-boost|p1a: Kyogre|spa|1\n|-boost|p1a: Kyogre|spd|1\n|move|p2a: Primarina|Moonblast|p1a: Kyogre\n|-damage|p1a: Kyogre|7/100\n|\n|-weather|RainDance|[upkeep]\n|-heal|p1a: Kyogre|13/100|[from] item: Leftovers\n|-heal|p2a: Primarina|218/268|[from] item: Leftovers\n|upkeep\n|turn|16\n|inactive|Time left: 300 sec this turn | 300 sec total\n|\n|t:|1783535343\n|move|p1a: Kyogre|Thunder|p2a: Primarina\n|-supereffective|p2a: Primarina\n|-damage|p2a: Primarina|96/268\n|move|p2a: Primarina|Draining Kiss|p1a: Kyogre\n|-damage|p1a: Kyogre|0 fnt\n|-heal|p2a: Primarina|120/268|[from] drain|[of] p1a: Kyogre\n|faint|p1a: Kyogre\n|\n|-weather|RainDance|[upkeep]\n|-heal|p2a: Primarina|136/268|[from] item: Leftovers\n|upkeep\n|\n|t:|1783535343\n|switch|p1a: Zamazenta|Zamazenta-Crowned, L68|100/100\n|-ability|p1a: Zamazenta|Dauntless Shield|boost\n|-boost|p1a: Zamazenta|def|1\n|turn|17\n|inactive|Time left: 300 sec this turn | 300 sec total\n|\n|t:|1783535344\n|move|p1a: Zamazenta|Heavy Slam|p2a: Primarina\n|-damage|p2a: Primarina|28/268\n|move|p2a: Primarina|Psychic Noise|p1a: Zamazenta\n|-damage|p1a: Zamazenta|19/100\n|-start|p1a: Zamazenta|move: Heal Block\n|\n|-weather|RainDance|[upkeep]\n|-heal|p2a: Primarina|44/268|[from] item: Leftovers\n|upkeep\n|turn|18\n|inactive|Time left: 300 sec this turn | 300 sec total\n|\n|t:|1783535345\n|switch|p2a: Braviary|Braviary-Hisui, L85, M|326/326\n|move|p1a: Zamazenta|Body Press|p2a: Braviary\n|-resisted|p2a: Braviary\n|-damage|p2a: Braviary|290/326\n|\n|-weather|none\n|-end|p1a: Zamazenta|move: Heal Block\n|upkeep\n|turn|19\n|inactive|Time left: 300 sec this turn | 300 sec total\n|\n|t:|1783535346\n|move|p1a: Zamazenta|Heavy Slam|p2a: Braviary\n|-damage|p2a: Braviary|169/326\n|move|p2a: Braviary|Esper Wing|p1a: Zamazenta\n|-damage|p1a: Zamazenta|0 fnt\n|-boost|p2a: Braviary|spe|1\n|faint|p1a: Zamazenta\n|\n|upkeep\n|\n|t:|1783535347\n|switch|p1a: Avalugg|Avalugg, L88, M|87/100\n|turn|20\n|inactive|Time left: 300 sec this turn | 300 sec total\n|\n|t:|1783535348\n|move|p2a: Braviary|Roost|p2a: Braviary\n|-heal|p2a: Braviary|326/326\n|-singleturn|p2a: Braviary|move: Roost\n|move|p1a: Avalugg|Avalanche|p2a: Braviary\n|-damage|p2a: Braviary|227/326\n|\n|upkeep\n|turn|21\n|inactive|Time left: 300 sec this turn | 300 sec total\n|\n|t:|1783535349\n|move|p2a: Braviary|Calm Mind|p2a: Braviary\n|-boost|p2a: Braviary|spa|1\n|-boost|p2a: Braviary|spd|1\n|move|p1a: Avalugg|Avalanche|p2a: Braviary\n|-supereffective|p2a: Braviary\n|-damage|p2a: Braviary|51/326\n|\n|upkeep\n|turn|22\n|inactive|Time left: 300 sec this turn | 300 sec total\n|\n|t:|1783535350\n|move|p2a: Braviary|Hurricane|p1a: Avalugg\n|-damage|p1a: Avalugg|0 fnt\n|faint|p1a: Avalugg\n|\n|upkeep\n|\n|t:|1783535351\n|switch|p1a: Scream Tail|Scream Tail, L84|100/100\n|turn|23\n|inactive|Time left: 300 sec this turn | 300 sec total\n|\n|t:|1783535352\n|move|p2a: Braviary|Roost|p2a: Braviary\n|-heal|p2a: Braviary|214/326\n|-singleturn|p2a: Braviary|move: Roost\n|move|p1a: Scream Tail|Encore|p2a: Braviary\n|-start|p2a: Braviary|Encore\n|\n|upkeep\n|turn|24\n|inactive|Time left: 300 sec this turn | 300 sec total\n|\n|t:|1783535353\n|move|p2a: Braviary|Roost|p2a: Braviary\n|-heal|p2a: Braviary|326/326\n|-singleturn|p2a: Braviary|move: Roost\n|move|p1a: Scream Tail|Play Rough|p2a: Braviary\n|-damage|p2a: Braviary|239/326\n|\n|upkeep\n|turn|25\n|inactive|Time left: 300 sec this turn | 300 sec total\n|\n|t:|1783535355\n|move|p2a: Braviary|Roost|p2a: Braviary\n|-heal|p2a: Braviary|326/326\n|-singleturn|p2a: Braviary|move: Roost\n|move|p1a: Scream Tail|Play Rough|p2a: Braviary\n|-damage|p2a: Braviary|239/326\n|\n|upkeep\n|turn|26\n|inactive|Time left: 300 sec this turn | 300 sec total\n|\n|t:|1783535356\n|move|p2a: Braviary|Roost|p2a: Braviary\n|-heal|p2a: Braviary|326/326\n|-singleturn|p2a: Braviary|move: Roost\n|move|p1a: Scream Tail|Encore||[still]\n|-fail|p1a: Scream Tail\n|\n|-end|p2a: Braviary|Encore\n|upkeep\n|turn|27\n|inactive|Time left: 300 sec this turn | 300 sec total\n|\n|t:|1783535357\n|move|p2a: Braviary|Hurricane|p1a: Scream Tail\n|-damage|p1a: Scream Tail|50/100\n|move|p1a: Scream Tail|Encore|p2a: Braviary\n|-start|p2a: Braviary|Encore\n|\n|-heal|p1a: Scream Tail|56/100|[from] item: Leftovers\n|upkeep\n|turn|28\n|inactive|Time left: 300 sec this turn | 300 sec total\n|\n|t:|1783535358\n|move|p1a: Scream Tail|Protect|p1a: Scream Tail\n|-singleturn|p1a: Scream Tail|Protect\n|move|p2a: Braviary|Hurricane|p1a: Scream Tail\n|-activate|p1a: Scream Tail|move: Protect\n|\n|-heal|p1a: Scream Tail|62/100|[from] item: Leftovers\n|upkeep\n|turn|29\n|inactive|Time left: 300 sec this turn | 300 sec total\n|\n|t:|1783535359\n|move|p2a: Braviary|Hurricane|p1a: Scream Tail\n|-damage|p1a: Scream Tail|17/100\n|move|p1a: Scream Tail|Wish|p1a: Scream Tail\n|\n|-heal|p1a: Scream Tail|23/100|[from] item: Leftovers\n|upkeep\n|turn|30\n|inactive|Time left: 300 sec this turn | 300 sec total\n|\n|t:|1783535360\n|move|p1a: Scream Tail|Protect|p1a: Scream Tail\n|-singleturn|p1a: Scream Tail|Protect\n|move|p2a: Braviary|Hurricane|p1a: Scream Tail\n|-activate|p1a: Scream Tail|move: Protect\n|\n|-heal|p1a: Scream Tail|73/100|[from] move: Wish|[wisher] Scream Tail\n|-heal|p1a: Scream Tail|79/100|[from] item: Leftovers\n|-end|p2a: Braviary|Encore\n|upkeep\n|turn|31\n|inactive|Time left: 300 sec this turn | 300 sec total\n|\n|t:|1783535362\n|move|p2a: Braviary|Esper Wing|p1a: Scream Tail\n|-resisted|p1a: Scream Tail\n|-damage|p1a: Scream Tail|46/100\n|-boost|p2a: Braviary|spe|1\n|move|p1a: Scream Tail|Encore|p2a: Braviary\n|-start|p2a: Braviary|Encore\n|\n|-heal|p1a: Scream Tail|52/100|[from] item: Leftovers\n|upkeep\n|turn|32\n|inactive|Time left: 300 sec this turn | 300 sec total\n|\n|t:|1783535363\n|move|p2a: Braviary|Esper Wing|p1a: Scream Tail\n|-resisted|p1a: Scream Tail\n|-damage|p1a: Scream Tail|16/100\n|-boost|p2a: Braviary|spe|1\n|move|p1a: Scream Tail|Wish|p1a: Scream Tail\n|\n|-heal|p1a: Scream Tail|22/100|[from] item: Leftovers\n|upkeep\n|turn|33\n|inactive|Time left: 300 sec this turn | 300 sec total\n|\n|t:|1783535364\n|move|p1a: Scream Tail|Protect|p1a: Scream Tail\n|-singleturn|p1a: Scream Tail|Protect\n|move|p2a: Braviary|Esper Wing|p1a: Scream Tail\n|-activate|p1a: Scream Tail|move: Protect\n|\n|-heal|p1a: Scream Tail|72/100|[from] move: Wish|[wisher] Scream Tail\n|-heal|p1a: Scream Tail|78/100|[from] item: Leftovers\n|upkeep\n|turn|34\n|inactive|Time left: 300 sec this turn | 300 sec total\n|\n|t:|1783535365\n|move|p2a: Braviary|Esper Wing|p1a: Scream Tail\n|-resisted|p1a: Scream Tail\n|-damage|p1a: Scream Tail|43/100\n|-boost|p2a: Braviary|spe|1\n|move|p1a: Scream Tail|Wish|p1a: Scream Tail\n|\n|-heal|p1a: Scream Tail|49/100|[from] item: Leftovers\n|-end|p2a: Braviary|Encore\n|upkeep\n|turn|35\n|inactive|Time left: 300 sec this turn | 300 sec total\n|\n|t:|1783535366\n|move|p1a: Scream Tail|Protect|p1a: Scream Tail\n|-singleturn|p1a: Scream Tail|Protect\n|move|p2a: Braviary|Hurricane|p1a: Scream Tail\n|-activate|p1a: Scream Tail|move: Protect\n|\n|-heal|p1a: Scream Tail|99/100|[from] move: Wish|[wisher] Scream Tail\n|-heal|p1a: Scream Tail|100/100|[from] item: Leftovers\n|upkeep\n|turn|36\n|inactive|Time left: 300 sec this turn | 300 sec total\n|\n|t:|1783535367\n|move|p2a: Braviary|Hurricane|p1a: Scream Tail\n|-damage|p1a: Scream Tail|47/100\n|move|p1a: Scream Tail|Encore|p2a: Braviary\n|-start|p2a: Braviary|Encore\n|\n|-heal|p1a: Scream Tail|53/100|[from] item: Leftovers\n|upkeep\n|turn|37\n|inactive|Time left: 300 sec this turn | 300 sec total\n|\n|t:|1783535368\n|move|p1a: Scream Tail|Protect|p1a: Scream Tail\n|-singleturn|p1a: Scream Tail|Protect\n|move|p2a: Braviary|Hurricane|p1a: Scream Tail\n|-activate|p1a: Scream Tail|move: Protect\n|\n|-heal|p1a: Scream Tail|59/100|[from] item: Leftovers\n|upkeep\n|turn|38\n|inactive|Time left: 300 sec this turn | 300 sec total\n|\n|t:|1783535369\n|move|p2a: Braviary|Hurricane|p1a: Scream Tail|[miss]\n|-miss|p2a: Braviary|p1a: Scream Tail\n|move|p1a: Scream Tail|Play Rough|p2a: Braviary\n|-damage|p2a: Braviary|242/326\n|\n|-heal|p1a: Scream Tail|65/100|[from] item: Leftovers\n|upkeep\n|turn|39\n|inactive|Time left: 300 sec this turn | 300 sec total\n|\n|t:|1783535370\n|move|p1a: Scream Tail|Protect|p1a: Scream Tail\n|-singleturn|p1a: Scream Tail|Protect\n|move|p2a: Braviary|Hurricane|p1a: Scream Tail\n|-activate|p1a: Scream Tail|move: Protect\n|\n|-heal|p1a: Scream Tail|71/100|[from] item: Leftovers\n|-end|p2a: Braviary|Encore\n|upkeep\n|turn|40\n|inactive|Time left: 300 sec this turn | 300 sec total\n|\n|t:|1783535371\n|move|p2a: Braviary|Hurricane|p1a: Scream Tail\n|-damage|p1a: Scream Tail|19/100\n|move|p1a: Scream Tail|Encore|p2a: Braviary\n|-start|p2a: Braviary|Encore\n|\n|-heal|p1a: Scream Tail|25/100|[from] item: Leftovers\n|upkeep\n|turn|41\n|inactive|Time left: 300 sec this turn | 300 sec total\n|\n|t:|1783535372\n|move|p1a: Scream Tail|Protect|p1a: Scream Tail\n|-singleturn|p1a: Scream Tail|Protect\n|move|p2a: Braviary|Hurricane|p1a: Scream Tail\n|-activate|p1a: Scream Tail|move: Protect\n|\n|-heal|p1a: Scream Tail|31/100|[from] item: Leftovers\n|upkeep\n|turn|42\n|inactive|Time left: 300 sec this turn | 300 sec total\n|\n|t:|1783535373\n|move|p1a: Scream Tail|Protect|p1a: Scream Tail\n|-singleturn|p1a: Scream Tail|Protect\n|move|p2a: Braviary|Hurricane|p1a: Scream Tail\n|-activate|p1a: Scream Tail|move: Protect\n|\n|-heal|p1a: Scream Tail|37/100|[from] item: Leftovers\n|upkeep\n|turn|43\n|inactive|Time left: 300 sec this turn | 300 sec total\n|\n|t:|1783535374\n|move|p1a: Scream Tail|Protect|p1a: Scream Tail\n|-singleturn|p1a: Scream Tail|Protect\n|move|p2a: Braviary|Hurricane|p1a: Scream Tail\n|-activate|p1a: Scream Tail|move: Protect\n|\n|-heal|p1a: Scream Tail|43/100|[from] item: Leftovers\n|-end|p2a: Braviary|Encore\n|upkeep\n|turn|44\n|inactive|Time left: 300 sec this turn | 300 sec total\n|\n|t:|1783535376\n|move|p2a: Braviary|Hurricane|p1a: Scream Tail\n|-damage|p1a: Scream Tail|0 fnt\n|faint|p1a: Scream Tail\n|-end|p1a: Scream Tail|Protosynthesis|[silent]\n|\n|upkeep\n|\n|t:|1783535377\n|switch|p1a: Gothitelle|Gothitelle, L90, M|100/100\n|turn|45\n|inactive|Time left: 300 sec this turn | 300 sec total\n|\n|t:|1783535378\n|-terastallize|p2a: Braviary|Fairy\n|move|p2a: Braviary|Hurricane|p1a: Gothitelle|[miss]\n|-miss|p2a: Braviary|p1a: Gothitelle\n|move|p1a: Gothitelle|Calm Mind|p1a: Gothitelle\n|-boost|p1a: Gothitelle|spa|1\n|-boost|p1a: Gothitelle|spd|1\n|\n|upkeep\n|turn|46\n|inactive|Time left: 300 sec this turn | 300 sec total\n|\n|t:|1783535378\n|move|p2a: Braviary|Calm Mind|p2a: Braviary\n|-boost|p2a: Braviary|spa|1\n|-boost|p2a: Braviary|spd|1\n|move|p1a: Gothitelle|Psychic Noise|p2a: Braviary\n|-damage|p2a: Braviary|164/326\n|-start|p2a: Braviary|move: Heal Block\n|\n|upkeep\n|turn|47\n|inactive|Time left: 300 sec this turn | 300 sec total\n|\n|t:|1783535379\n|move|p2a: Braviary|Esper Wing|p1a: Gothitelle\n|-resisted|p1a: Gothitelle\n|-damage|p1a: Gothitelle|62/100\n|-boost|p2a: Braviary|spe|1\n|move|p1a: Gothitelle|Calm Mind|p1a: Gothitelle\n|-boost|p1a: Gothitelle|spa|1\n|-boost|p1a: Gothitelle|spd|1\n|\n|-heal|p1a: Gothitelle|68/100|[from] item: Leftovers\n|-end|p2a: Braviary|move: Heal Block\n|upkeep\n|turn|48\n|inactive|Time left: 300 sec this turn | 300 sec total\n|\n|t:|1783535380\n|move|p2a: Braviary|Roost|p2a: Braviary\n|-heal|p2a: Braviary|326/326\n|move|p1a: Gothitelle|Psychic Noise|p2a: Braviary\n|-damage|p2a: Braviary|217/326\n|-start|p2a: Braviary|move: Heal Block\n|\n|-heal|p1a: Gothitelle|74/100|[from] item: Leftovers\n|upkeep\n|turn|49\n|inactive|Time left: 300 sec this turn | 300 sec total\n|\n|t:|1783535381\n|move|p2a: Braviary|Esper Wing|p1a: Gothitelle\n|-resisted|p1a: Gothitelle\n|-damage|p1a: Gothitelle|44/100\n|-boost|p2a: Braviary|spe|1\n|move|p1a: Gothitelle|Calm Mind|p1a: Gothitelle\n|-boost|p1a: Gothitelle|spa|1\n|-boost|p1a: Gothitelle|spd|1\n|\n|-heal|p1a: Gothitelle|50/100|[from] item: Leftovers\n|-end|p2a: Braviary|move: Heal Block\n|upkeep\n|turn|50\n|inactive|Time left: 300 sec this turn | 300 sec total\n|\n|t:|1783535382\n|move|p2a: Braviary|Esper Wing|p1a: Gothitelle\n|-resisted|p1a: Gothitelle\n|-damage|p1a: Gothitelle|25/100\n|move|p1a: Gothitelle|Calm Mind|p1a: Gothitelle\n|-boost|p1a: Gothitelle|spa|1\n|-boost|p1a: Gothitelle|spd|1\n|\n|-heal|p1a: Gothitelle|31/100|[from] item: Leftovers\n|upkeep\n|turn|51\n|inactive|Time left: 300 sec this turn | 300 sec total\n|\n|t:|1783535383\n|move|p2a: Braviary|Esper Wing|p1a: Gothitelle\n|-resisted|p1a: Gothitelle\n|-damage|p1a: Gothitelle|12/100\n|move|p1a: Gothitelle|Thunderbolt|p2a: Braviary\n|-damage|p2a: Braviary|85/326\n|\n|-heal|p1a: Gothitelle|18/100|[from] item: Leftovers\n|upkeep\n|turn|52\n|inactive|Time left: 300 sec this turn | 300 sec total\n|\n|t:|1783535384\n|move|p2a: Braviary|Esper Wing|p1a: Gothitelle\n|-resisted|p1a: Gothitelle\n|-damage|p1a: Gothitelle|0 fnt\n|faint|p1a: Gothitelle\n|\n|win|p0y18014bb", "uploadtime": 1783535384, "views": 0, "rating": 0, "private": 0, "password": null, "_winner": "p0y18014bb", "_our_name": "p0y18014bb"}