{"id": "battle-gen9randombattle-1824", "formatid": "gen9randombattle", "format": "[Gen 9] Random Battle", "players": ["p0x1824ec8f", "p0y182424ef"], "log": "|init|battle\n|title|p0x1824ec8f vs. p0y182424ef\n|j|\u2606p0x1824ec8f\n|j|\u2606p0y182424ef\n|t:|1783560376\n|gametype|singles\n|player|p1|p0x1824ec8f|265|\n|player|p2|p0y182424ef|170|\n|gen|9\n|tier|[Gen 9] Random Battle\n|rule|Species Clause: Limit one of each Pok\u00e9mon\n|rule|HP Percentage Mod: HP is shown in percentages\n|rule|Sleep Clause Mod: Limit one foe put to sleep\n|rule|Illusion Level Mod: Illusion disguises the Pok\u00e9mon's true level\n|\n|t:|1783560376\n|teamsize|p1|6\n|teamsize|p2|6\n|start\n|switch|p1a: Hitmonchan|Hitmonchan, L87, M|100/100\n|switch|p2a: Porygon2|Porygon2, L81|270/270\n|-ability|p2a: Porygon2|Download|boost\n|-boost|p2a: Porygon2|atk|1\n|turn|1\n|inactive|Battle timer is ON: inactive players will automatically lose when time's up. (requested by p0y182424ef)\n|\n|t:|1783560378\n|move|p1a: Hitmonchan|Bulk Up|p1a: Hitmonchan\n|-boost|p1a: Hitmonchan|atk|1\n|-boost|p1a: Hitmonchan|def|1\n|move|p2a: Porygon2|Discharge|p1a: Hitmonchan\n|-damage|p1a: Hitmonchan|81/100\n|\n|-heal|p1a: Hitmonchan|87/100|[from] item: Leftovers\n|upkeep\n|turn|2\n|inactive|Time left: 300 sec this turn | 300 sec total\n|inactive|p0x1824ec8f also wants the timer to be on.\n|\n|t:|1783560378\n|move|p1a: Hitmonchan|Drain Punch|p2a: Porygon2\n|-supereffective|p2a: Porygon2\n|-damage|p2a: Porygon2|42/270\n|-heal|p1a: Hitmonchan|100/100|[from] drain|[of] p2a: Porygon2\n|move|p2a: Porygon2|Tri Attack|p1a: Hitmonchan\n|-damage|p1a: Hitmonchan|72/100\n|\n|-heal|p1a: Hitmonchan|78/100|[from] item: Leftovers\n|upkeep\n|turn|3\n|inactive|Time left: 300 sec this turn | 300 sec total\n|\n|t:|1783560379\n|switch|p2a: Arceus|Arceus-Fire, L72|291/291\n|move|p1a: Hitmonchan|Drain Punch|p2a: Arceus\n|-damage|p2a: Arceus|144/291\n|-heal|p1a: Hitmonchan|100/100|[from] drain|[of] p2a: Arceus\n|\n|upkeep\n|turn|4\n|inactive|Time left: 300 sec this turn | 300 sec total\n|\n|t:|1783560380\n|move|p2a: Arceus|Recover|p2a: Arceus\n|-heal|p2a: Arceus|290/291\n|move|p1a: Hitmonchan|Drain Punch|p2a: Arceus\n|-damage|p2a: Arceus|148/291\n|\n|upkeep\n|turn|5\n|inactive|Time left: 300 sec this turn | 300 sec total\n|\n|t:|1783560381\n|move|p2a: Arceus|Recover|p2a: Arceus\n|-heal|p2a: Arceus|291/291\n|move|p1a: Hitmonchan|Drain Punch|p2a: Arceus\n|-damage|p2a: Arceus|146/291\n|\n|upkeep\n|turn|6\n|inactive|Time left: 300 sec this turn | 300 sec total\n|\n|t:|1783560382\n|move|p2a: Arceus|Recover|p2a: Arceus\n|-heal|p2a: Arceus|291/291\n|move|p1a: Hitmonchan|Drain Punch|p2a: Arceus\n|-damage|p2a: Arceus|152/291\n|\n|upkeep\n|turn|7\n|inactive|Time left: 300 sec this turn | 300 sec total\n|\n|t:|1783560383\n|move|p2a: Arceus|Recover|p2a: Arceus\n|-heal|p2a: Arceus|291/291\n|move|p1a: Hitmonchan|Drain Punch|p2a: Arceus\n|-damage|p2a: Arceus|149/291\n|\n|upkeep\n|turn|8\n|inactive|Time left: 300 sec this turn | 300 sec total\n|\n|t:|1783560384\n|move|p2a: Arceus|Recover|p2a: Arceus\n|-heal|p2a: Arceus|291/291\n|move|p1a: Hitmonchan|Drain Punch|p2a: Arceus\n|-damage|p2a: Arceus|137/291\n|\n|upkeep\n|turn|9\n|inactive|Time left: 300 sec this turn | 300 sec total\n|\n|t:|1783560385\n|move|p2a: Arceus|Recover|p2a: Arceus\n|-heal|p2a: Arceus|283/291\n|move|p1a: Hitmonchan|Drain Punch|p2a: Arceus\n|-damage|p2a: Arceus|147/291\n|\n|upkeep\n|turn|10\n|inactive|Time left: 300 sec this turn | 300 sec total\n|\n|t:|1783560386\n|move|p2a: Arceus|Recover|p2a: Arceus\n|-heal|p2a: Arceus|291/291\n|move|p1a: Hitmonchan|Drain Punch|p2a: Arceus\n|-damage|p2a: Arceus|141/291\n|\n|upkeep\n|turn|11\n|inactive|Time left: 300 sec this turn | 300 sec total\n|\n|t:|1783560387\n|move|p2a: Arceus|Recover|p2a: Arceus\n|-heal|p2a: Arceus|287/291\n|move|p1a: Hitmonchan|Drain Punch|p2a: Arceus\n|-damage|p2a: Arceus|143/291\n|\n|upkeep\n|turn|12\n|inactive|Time left: 300 sec this turn | 300 sec total\n|\n|t:|1783560388\n|move|p2a: Arceus|Calm Mind|p2a: Arceus\n|-boost|p2a: Arceus|spa|1\n|-boost|p2a: Arceus|spd|1\n|move|p1a: Hitmonchan|Drain Punch|p2a: Arceus\n|-damage|p2a: Arceus|0 fnt\n|faint|p2a: Arceus\n|\n|upkeep\n|inactive|Time left: 300 sec this turn | 300 sec total | 5 sec grace\n|\n|t:|1783560389\n|switch|p2a: Gastrodon|Gastrodon-East, L86, F|331/331\n|turn|13\n|inactive|Time left: 300 sec this turn | 300 sec total\n|\n|t:|1783560390\n|move|p1a: Hitmonchan|Drain Punch|p2a: Gastrodon\n|-damage|p2a: Gastrodon|153/331\n|move|p2a: Gastrodon|Clear Smog|p1a: Hitmonchan\n|-damage|p1a: Hitmonchan|88/100\n|-clearboost|p1a: Hitmonchan\n|\n|-heal|p1a: Hitmonchan|94/100|[from] item: Leftovers\n|-heal|p2a: Gastrodon|173/331|[from] item: Leftovers\n|upkeep\n|turn|14\n|inactive|Time left: 300 sec this turn | 300 sec total\n|\n|t:|1783560392\n|move|p1a: Hitmonchan|Bulk Up|p1a: Hitmonchan\n|-boost|p1a: Hitmonchan|atk|1\n|-boost|p1a: Hitmonchan|def|1\n|move|p2a: Gastrodon|Recover|p2a: Gastrodon\n|-heal|p2a: Gastrodon|331/331\n|\n|-heal|p1a: Hitmonchan|100/100|[from] item: Leftovers\n|upkeep\n|turn|15\n|inactive|Time left: 300 sec this turn | 300 sec total\n|\n|t:|1783560393\n|move|p1a: Hitmonchan|Drain Punch|p2a: Gastrodon\n|-damage|p2a: Gastrodon|133/331\n|move|p2a: Gastrodon|Clear Smog|p1a: Hitmonchan\n|-damage|p1a: Hitmonchan|87/100\n|-clearboost|p1a: Hitmonchan\n|\n|-heal|p1a: Hitmonchan|93/100|[from] item: Leftovers\n|-heal|p2a: Gastrodon|153/331|[from] item: Leftovers\n|upkeep\n|turn|16\n|inactive|Time left: 300 sec this turn | 300 sec total\n|\n|t:|1783560394\n|move|p1a: Hitmonchan|Bulk Up|p1a: Hitmonchan\n|-boost|p1a: Hitmonchan|atk|1\n|-boost|p1a: Hitmonchan|def|1\n|move|p2a: Gastrodon|Recover|p2a: Gastrodon\n|-heal|p2a: Gastrodon|319/331\n|\n|-heal|p1a: Hitmonchan|99/100|[from] item: Leftovers\n|-heal|p2a: Gastrodon|331/331|[from] item: Leftovers\n|upkeep\n|turn|17\n|inactive|Time left: 300 sec this turn | 300 sec total\n|\n|t:|1783560395\n|move|p1a: Hitmonchan|Drain Punch|p2a: Gastrodon\n|-damage|p2a: Gastrodon|139/331\n|-heal|p1a: Hitmonchan|100/100|[from] drain|[of] p2a: Gastrodon\n|move|p2a: Gastrodon|Clear Smog|p1a: Hitmonchan\n|-damage|p1a: Hitmonchan|88/100\n|-clearboost|p1a: Hitmonchan\n|\n|-heal|p1a: Hitmonchan|94/100|[from] item: Leftovers\n|-heal|p2a: Gastrodon|159/331|[from] item: Leftovers\n|upkeep\n|turn|18\n|inactive|Time left: 300 sec this turn | 300 sec total\n|\n|t:|1783560396\n|move|p1a: Hitmonchan|Bulk Up|p1a: Hitmonchan\n|-boost|p1a: Hitmonchan|atk|1\n|-boost|p1a: Hitmonchan|def|1\n|move|p2a: Gastrodon|Recover|p2a: Gastrodon\n|-heal|p2a: Gastrodon|325/331\n|\n|-heal|p1a: Hitmonchan|100/100|[from] item: Leftovers\n|-heal|p2a: Gastrodon|331/331|[from] item: Leftovers\n|upkeep\n|turn|19\n|inactive|Time left: 300 sec this turn | 300 sec total\n|\n|t:|1783560397\n|move|p1a: Hitmonchan|Knock Off|p2a: Gastrodon\n|-damage|p2a: Gastrodon|206/331\n|-enditem|p2a: Gastrodon|Leftovers|[from] move: Knock Off|[of] p1a: Hitmonchan\n|move|p2a: Gastrodon|Clear Smog|p1a: Hitmonchan\n|-damage|p1a: Hitmonchan|87/100\n|-clearboost|p1a: Hitmonchan\n|\n|-heal|p1a: Hitmonchan|93/100|[from] item: Leftovers\n|upkeep\n|turn|20\n|inactive|Time left: 300 sec this turn | 300 sec total\n|\n|t:|1783560399\n|move|p1a: Hitmonchan|Drain Punch|p2a: Gastrodon\n|-damage|p2a: Gastrodon|74/331\n|-heal|p1a: Hitmonchan|100/100|[from] drain|[of] p2a: Gastrodon\n|move|p2a: Gastrodon|Recover|p2a: Gastrodon\n|-heal|p2a: Gastrodon|240/331\n|\n|upkeep\n|turn|21\n|inactive|Time left: 300 sec this turn | 300 sec total\n|\n|t:|1783560400\n|move|p1a: Hitmonchan|Bulk Up|p1a: Hitmonchan\n|-boost|p1a: Hitmonchan|atk|1\n|-boost|p1a: Hitmonchan|def|1\n|move|p2a: Gastrodon|Earthquake|p1a: Hitmonchan\n|-damage|p1a: Hitmonchan|73/100\n|\n|-heal|p1a: Hitmonchan|79/100|[from] item: Leftovers\n|upkeep\n|turn|22\n|inactive|Time left: 300 sec this turn | 300 sec total\n|\n|t:|1783560401\n|move|p1a: Hitmonchan|Drain Punch|p2a: Gastrodon\n|-damage|p2a: Gastrodon|38/331\n|-heal|p1a: Hitmonchan|100/100|[from] drain|[of] p2a: Gastrodon\n|move|p2a: Gastrodon|Recover|p2a: Gastrodon\n|-heal|p2a: Gastrodon|204/331\n|\n|upkeep\n|turn|23\n|inactive|Time left: 300 sec this turn | 300 sec total\n|\n|t:|1783560402\n|move|p1a: Hitmonchan|Rapid Spin|p2a: Gastrodon\n|-damage|p2a: Gastrodon|130/331\n|-boost|p1a: Hitmonchan|spe|1\n|move|p2a: Gastrodon|Clear Smog|p1a: Hitmonchan\n|-damage|p1a: Hitmonchan|88/100\n|-clearboost|p1a: Hitmonchan\n|\n|-heal|p1a: Hitmonchan|94/100|[from] item: Leftovers\n|upkeep\n|turn|24\n|inactive|Time left: 300 sec this turn | 300 sec total\n|\n|t:|1783560403\n|move|p1a: Hitmonchan|Bulk Up|p1a: Hitmonchan\n|-boost|p1a: Hitmonchan|atk|1\n|-boost|p1a: Hitmonchan|def|1\n|move|p2a: Gastrodon|Recover|p2a: Gastrodon\n|-heal|p2a: Gastrodon|296/331\n|\n|-heal|p1a: Hitmonchan|99/100|[from] item: Leftovers\n|upkeep\n|turn|25\n|inactive|Time left: 300 sec this turn | 300 sec total\n|\n|t:|1783560404\n|move|p1a: Hitmonchan|Rapid Spin|p2a: Gastrodon\n|-damage|p2a: Gastrodon|223/331\n|-boost|p1a: Hitmonchan|spe|1\n|move|p2a: Gastrodon|Clear Smog|p1a: Hitmonchan\n|-damage|p1a: Hitmonchan|86/100\n|-clearboost|p1a: Hitmonchan\n|\n|-heal|p1a: Hitmonchan|92/100|[from] item: Leftovers\n|upkeep\n|turn|26\n|inactive|Time left: 300 sec this turn | 300 sec total\n|\n|t:|1783560405\n|move|p1a: Hitmonchan|Bulk Up|p1a: Hitmonchan\n|-boost|p1a: Hitmonchan|atk|1\n|-boost|p1a: Hitmonchan|def|1\n|move|p2a: Gastrodon|Earthquake|p1a: Hitmonchan\n|-damage|p1a: Hitmonchan|64/100\n|\n|-heal|p1a: Hitmonchan|70/100|[from] item: Leftovers\n|upkeep\n|turn|27\n|inactive|Time left: 300 sec this turn | 300 sec total\n|\n|t:|1783560406\n|move|p1a: Hitmonchan|Knock Off|p2a: Gastrodon\n|-damage|p2a: Gastrodon|128/331\n|move|p2a: Gastrodon|Clear Smog|p1a: Hitmonchan\n|-damage|p1a: Hitmonchan|57/100\n|-clearboost|p1a: Hitmonchan\n|\n|-heal|p1a: Hitmonchan|63/100|[from] item: Leftovers\n|upkeep\n|turn|28\n|inactive|Time left: 300 sec this turn | 300 sec total\n|\n|t:|1783560407\n|move|p1a: Hitmonchan|Bulk Up|p1a: Hitmonchan\n|-boost|p1a: Hitmonchan|atk|1\n|-boost|p1a: Hitmonchan|def|1\n|move|p2a: Gastrodon|Recover|p2a: Gastrodon\n|-heal|p2a: Gastrodon|294/331\n|\n|-heal|p1a: Hitmonchan|69/100|[from] item: Leftovers\n|upkeep\n|turn|29\n|inactive|Time left: 300 sec this turn | 300 sec total\n|\n|t:|1783560408\n|move|p1a: Hitmonchan|Knock Off|p2a: Gastrodon\n|-damage|p2a: Gastrodon|198/331\n|move|p2a: Gastrodon|Clear Smog|p1a: Hitmonchan\n|-damage|p1a: Hitmonchan|58/100\n|-clearboost|p1a: Hitmonchan\n|\n|-heal|p1a: Hitmonchan|64/100|[from] item: Leftovers\n|upkeep\n|turn|30\n|inactive|Time left: 300 sec this turn | 300 sec total\n|\n|t:|1783560410\n|move|p1a: Hitmonchan|Bulk Up|p1a: Hitmonchan\n|-boost|p1a: Hitmonchan|atk|1\n|-boost|p1a: Hitmonchan|def|1\n|move|p2a: Gastrodon|Earthquake|p1a: Hitmonchan\n|-damage|p1a: Hitmonchan|36/100\n|\n|-heal|p1a: Hitmonchan|42/100|[from] item: Leftovers\n|upkeep\n|turn|31\n|inactive|Time left: 300 sec this turn | 300 sec total\n|\n|t:|1783560411\n|move|p1a: Hitmonchan|Knock Off|p2a: Gastrodon\n|-damage|p2a: Gastrodon|104/331\n|move|p2a: Gastrodon|Earthquake|p1a: Hitmonchan\n|-damage|p1a: Hitmonchan|13/100\n|\n|-heal|p1a: Hitmonchan|19/100|[from] item: Leftovers\n|upkeep\n|turn|32\n|inactive|Time left: 300 sec this turn | 300 sec total\n|\n|t:|1783560412\n|-terastallize|p1a: Hitmonchan|Dark\n|move|p1a: Hitmonchan|Knock Off|p2a: Gastrodon\n|-damage|p2a: Gastrodon|0 fnt\n|faint|p2a: Gastrodon\n|\n|-heal|p1a: Hitmonchan|25/100|[from] item: Leftovers\n|upkeep\n|inactive|Time left: 300 sec this turn | 300 sec total | 5 sec grace\n|\n|t:|1783560413\n|switch|p2a: Raikou|Raikou, L81|278/278\n|-ability|p2a: Raikou|Pressure\n|turn|33\n|inactive|Time left: 300 sec this turn | 300 sec total\n|\n|t:|1783560413\n|move|p2a: Raikou|Thunderbolt|p1a: Hitmonchan\n|-damage|p1a: Hitmonchan|0 fnt\n|faint|p1a: Hitmonchan\n|\n|upkeep\n|\n|t:|1783560414\n|switch|p1a: Flareon|Flareon, L90, M|100/100\n|turn|34\n|inactive|Time left: 300 sec this turn | 300 sec total\n|\n|t:|1783560415\n|move|p2a: Raikou|Scald|p1a: Flareon\n|-supereffective|p1a: Flareon\n|-damage|p1a: Flareon|65/100\n|move|p1a: Flareon|Trailblaze|p2a: Raikou\n|-damage|p2a: Raikou|218/278\n|-boost|p1a: Flareon|spe|1\n|\n|-heal|p2a: Raikou|235/278|[from] item: Leftovers\n|-status|p1a: Flareon|tox|[from] item: Toxic Orb\n|upkeep\n|turn|35\n|inactive|Time left: 300 sec this turn | 300 sec total\n|\n|t:|1783560416\n|switch|p2a: Iron Treads|Iron Treads, L77|265/265\n|move|p1a: Flareon|Facade|p2a: Iron Treads\n|-resisted|p2a: Iron Treads\n|-damage|p2a: Iron Treads|177/265\n|\n|-damage|p1a: Flareon|59/100 tox|[from] psn\n|upkeep\n|turn|36\n|inactive|Time left: 300 sec this turn | 300 sec total\n|\n|t:|1783560417\n|-terastallize|p2a: Iron Treads|Dragon\n|move|p1a: Flareon|Flare Blitz|p2a: Iron Treads\n|-resisted|p2a: Iron Treads\n|-damage|p2a: Iron Treads|66/265\n|-damage|p1a: Flareon|45/100 tox|[from] Recoil\n|move|p2a: Iron Treads|Earthquake|p1a: Flareon\n|-supereffective|p1a: Flareon\n|-damage|p1a: Flareon|0 fnt\n|faint|p1a: Flareon\n|\n|upkeep\n|\n|t:|1783560418\n|switch|p1a: Barraskewda|Barraskewda, L81, F|100/100\n|turn|37\n|inactive|Time left: 300 sec this turn | 300 sec total\n|\n|t:|1783560419\n|move|p1a: Barraskewda|Throat Chop|p2a: Iron Treads\n|-damage|p2a: Iron Treads|0 fnt\n|faint|p2a: Iron Treads\n|-end|p2a: Iron Treads|Quark Drive|[silent]\n|\n|upkeep\n|inactive|Time left: 300 sec this turn | 300 sec total | 5 sec grace\n|\n|t:|1783560420\n|switch|p2a: Komala|Komala, L87, F|255/255\n|-ability|p2a: Komala|Comatose\n|turn|38\n|inactive|Time left: 300 sec this turn | 300 sec total\n|\n|t:|1783560421\n|switch|p1a: Diancie|Diancie, L82|100/100\n|move|p2a: Komala|Body Slam|p1a: Diancie\n|-resisted|p1a: Diancie\n|-damage|p1a: Diancie|77/100\n|\n|-heal|p1a: Diancie|83/100|[from] item: Leftovers\n|upkeep\n|turn|39\n|inactive|Time left: 300 sec this turn | 300 sec total\n|\n|t:|1783560422\n|move|p2a: Komala|Body Slam|p1a: Diancie\n|-resisted|p1a: Diancie\n|-damage|p1a: Diancie|58/100\n|move|p1a: Diancie|Body Press|p2a: Komala\n|-supereffective|p2a: Komala\n|-damage|p2a: Komala|67/255\n|\n|-heal|p1a: Diancie|64/100|[from] item: Leftovers\n|upkeep\n|turn|40\n|inactive|Time left: 300 sec this turn | 300 sec total\n|\n|t:|1783560423\n|move|p2a: Komala|Body Slam|p1a: Diancie\n|-resisted|p1a: Diancie\n|-damage|p1a: Diancie|36/100\n|-status|p1a: Diancie|par\n|move|p1a: Diancie|Diamond Storm|p2a: Komala\n|-damage|p2a: Komala|0 fnt\n|faint|p2a: Komala\n|\n|-heal|p1a: Diancie|42/100 par|[from] item: Leftovers\n|upkeep\n|inactive|Time left: 300 sec this turn | 300 sec total | 5 sec grace\n|\n|t:|1783560424\n|switch|p2a: Raikou|Raikou, L81|235/278\n|-ability|p2a: Raikou|Pressure\n|turn|41\n|inactive|Time left: 300 sec this turn | 300 sec total\n|\n|t:|1783560425\n|move|p2a: Raikou|Calm Mind|p2a: Raikou\n|-boost|p2a: Raikou|spa|1\n|-boost|p2a: Raikou|spd|1\n|cant|p1a: Diancie|par\n|\n|-heal|p2a: Raikou|252/278|[from] item: Leftovers\n|-heal|p1a: Diancie|48/100 par|[from] item: Leftovers\n|upkeep\n|turn|42\n|inactive|Time left: 300 sec this turn | 300 sec total\n|\n|t:|1783560426\n|move|p2a: Raikou|Scald|p1a: Diancie\n|-supereffective|p1a: Diancie\n|-damage|p1a: Diancie|0 fnt\n|faint|p1a: Diancie\n|\n|-heal|p2a: Raikou|269/278|[from] item: Leftovers\n|upkeep\n|\n|t:|1783560427\n|switch|p1a: Zebstrika|Zebstrika, L87, F|100/100\n|turn|43\n|inactive|Time left: 300 sec this turn | 300 sec total\n|\n|t:|1783560429\n|move|p1a: Zebstrika|High Horsepower|p2a: Raikou\n|-supereffective|p2a: Raikou\n|-damage|p2a: Raikou|56/278\n|-damage|p1a: Zebstrika|91/100|[from] item: Life Orb\n|move|p2a: Raikou|Scald|p1a: Zebstrika\n|-damage|p1a: Zebstrika|52/100\n|\n|-heal|p2a: Raikou|73/278|[from] item: Leftovers\n|upkeep\n|turn|44\n|inactive|Time left: 300 sec this turn | 300 sec total\n|\n|t:|1783560430\n|move|p1a: Zebstrika|High Horsepower|p2a: Raikou\n|-supereffective|p2a: Raikou\n|-damage|p2a: Raikou|0 fnt\n|faint|p2a: Raikou\n|-damage|p1a: Zebstrika|42/100|[from] item: Life Orb\n|\n|upkeep\n|inactive|Time left: 300 sec this turn | 300 sec total | 5 sec grace\n|\n|t:|1783560431\n|switch|p2a: Porygon2|Porygon2, L81|42/270\n|-ability|p2a: Porygon2|Download|boost\n|-boost|p2a: Porygon2|spa|1\n|turn|45\n|inactive|Time left: 300 sec this turn | 300 sec total\n|\n|t:|1783560432\n|move|p1a: Zebstrika|Volt Switch|p2a: Porygon2\n|-damage|p2a: Porygon2|0 fnt\n|faint|p2a: Porygon2\n|-damage|p1a: Zebstrika|32/100|[from] item: Life Orb\n|\n|win|p0x1824ec8f", "uploadtime": 1783560432, "views": 0, "rating": 0, "private": 0, "password": null, "_winner": "p0x1824ec8f", "_our_name": "p0y182424ef"}