{"id": "battle-gen9randombattle-2847", "formatid": "gen9randombattle", "format": "[Gen 9] Random Battle", "players": ["p0x2847436c", "p0y28475d92"], "log": "|init|battle\n|title|p0x2847436c vs. p0y28475d92\n|j|\u2606p0x2847436c\n|j|\u2606p0y28475d92\n|t:|1783572800\n|gametype|singles\n|player|p1|p0x2847436c|102|\n|player|p2|p0y28475d92|102|\n|gen|9\n|tier|[Gen 9] Random Battle\n|rule|Species Clause: Limit one of each Pok\u00e9mon\n|rule|HP Percentage Mod: HP is shown in percentages\n|rule|Sleep Clause Mod: Limit one foe put to sleep\n|rule|Illusion Level Mod: Illusion disguises the Pok\u00e9mon's true level\n|\n|t:|1783572800\n|teamsize|p1|6\n|teamsize|p2|6\n|start\n|switch|p1a: Iron Treads|Iron Treads, L77|100/100\n|switch|p2a: Kingambit|Kingambit, L74, F|270/270\n|turn|1\n|inactive|Battle timer is ON: inactive players will automatically lose when time's up. (requested by p0x2847436c)\n|inactive|Time left: 300 sec this turn | 300 sec total | 60 sec grace\n|inactive|p0y28475d92 also wants the timer to be on.\n|\n|t:|1783572801\n|move|p1a: Iron Treads|Earthquake|p2a: Kingambit\n|-supereffective|p2a: Kingambit\n|-damage|p2a: Kingambit|90/270\n|move|p2a: Kingambit|Swords Dance|p2a: Kingambit\n|-boost|p2a: Kingambit|atk|2\n|\n|-heal|p2a: Kingambit|106/270|[from] item: Leftovers\n|upkeep\n|turn|2\n|inactive|Time left: 300 sec this turn | 300 sec total\n|\n|t:|1783572802\n|-terastallize|p2a: Kingambit|Dark\n|move|p1a: Iron Treads|Earthquake|p2a: Kingambit\n|-damage|p2a: Kingambit|18/270\n|move|p2a: Kingambit|Kowtow Cleave|p1a: Iron Treads\n|-damage|p1a: Iron Treads|18/100\n|\n|-heal|p2a: Kingambit|34/270|[from] item: Leftovers\n|upkeep\n|turn|3\n|inactive|Time left: 300 sec this turn | 300 sec total\n|\n|t:|1783572803\n|move|p2a: Kingambit|Sucker Punch|p1a: Iron Treads\n|-damage|p1a: Iron Treads|0 fnt\n|faint|p1a: Iron Treads\n|-end|p1a: Iron Treads|Quark Drive|[silent]\n|\n|-heal|p2a: Kingambit|50/270|[from] item: Leftovers\n|upkeep\n|\n|t:|1783572804\n|switch|p1a: Eiscue|Eiscue, L88, F|100/100\n|turn|4\n|inactive|Time left: 300 sec this turn | 300 sec total\n|\n|t:|1783572805\n|-end|p2a: Kingambit|fallenundefined|[silent]\n|switch|p2a: Golduck|Golduck, L90, M|290/290\n|-ability|p2a: Golduck|Cloud Nine\n|move|p1a: Eiscue|Ice Spinner|p2a: Golduck\n|-resisted|p2a: Golduck\n|-damage|p2a: Golduck|246/290\n|\n|-heal|p2a: Golduck|264/290|[from] item: Leftovers\n|upkeep\n|turn|5\n|inactive|Time left: 300 sec this turn | 300 sec total\n|\n|t:|1783572806\n|move|p2a: Golduck|Nasty Plot|p2a: Golduck\n|-boost|p2a: Golduck|spa|2\n|move|p1a: Eiscue|Belly Drum|p1a: Eiscue\n|-damage|p1a: Eiscue|50/100\n|-setboost|p1a: Eiscue|atk|6|[from] move: Belly Drum\n|-enditem|p1a: Eiscue|Sitrus Berry|[eat]\n|-heal|p1a: Eiscue|75/100|[from] item: Sitrus Berry\n|\n|-heal|p2a: Golduck|282/290|[from] item: Leftovers\n|upkeep\n|turn|6\n|inactive|Time left: 300 sec this turn | 300 sec total\n|\n|t:|1783572807\n|move|p2a: Golduck|Encore|p1a: Eiscue\n|-start|p1a: Eiscue|Encore\n|move|p1a: Eiscue|Belly Drum||[still]\n|-fail|p1a: Eiscue\n|\n|-heal|p2a: Golduck|290/290|[from] item: Leftovers\n|upkeep\n|turn|7\n|inactive|Time left: 300 sec this turn | 300 sec total\n|\n|t:|1783572808\n|switch|p1a: Pachirisu|Pachirisu, L96, M|100/100\n|move|p2a: Golduck|Ice Beam|p1a: Pachirisu\n|-damage|p1a: Pachirisu|70/100\n|\n|upkeep\n|turn|8\n|inactive|Time left: 300 sec this turn | 300 sec total\n|\n|t:|1783572809\n|move|p1a: Pachirisu|Thunderbolt|p2a: Golduck\n|-supereffective|p2a: Golduck\n|-damage|p2a: Golduck|152/290\n|move|p2a: Golduck|Hydro Pump|p1a: Pachirisu\n|-damage|p1a: Pachirisu|16/100\n|\n|-heal|p2a: Golduck|170/290|[from] item: Leftovers\n|upkeep\n|turn|9\n|inactive|Time left: 300 sec this turn | 300 sec total\n|\n|t:|1783572810\n|move|p1a: Pachirisu|Thunderbolt|p2a: Golduck\n|-supereffective|p2a: Golduck\n|-damage|p2a: Golduck|32/290\n|move|p2a: Golduck|Ice Beam|p1a: Pachirisu\n|-damage|p1a: Pachirisu|0 fnt\n|faint|p1a: Pachirisu\n|\n|-heal|p2a: Golduck|50/290|[from] item: Leftovers\n|upkeep\n|\n|t:|1783572811\n|switch|p1a: Veluza|Veluza, L85, F|100/100\n|turn|10\n|inactive|Time left: 300 sec this turn | 300 sec total\n|\n|t:|1783572812\n|move|p2a: Golduck|Hydro Pump|p1a: Veluza\n|-resisted|p1a: Veluza\n|-damage|p1a: Veluza|48/100\n|move|p1a: Veluza|Aqua Cutter|p2a: Golduck\n|-resisted|p2a: Golduck\n|-damage|p2a: Golduck|0 fnt\n|faint|p2a: Golduck\n|\n|upkeep\n|inactive|Time left: 300 sec this turn | 300 sec total | 5 sec grace\n|\n|t:|1783572813\n|switch|p2a: Primarina|Primarina, L83, M|268/268\n|turn|11\n|inactive|Time left: 300 sec this turn | 300 sec total\n|\n|t:|1783572814\n|move|p1a: Veluza|Aqua Cutter|p2a: Primarina\n|-resisted|p2a: Primarina\n|-damage|p2a: Primarina|169/268\n|move|p2a: Primarina|Moonblast|p1a: Veluza\n|-damage|p1a: Veluza|0 fnt\n|faint|p1a: Veluza\n|\n|-heal|p2a: Primarina|185/268|[from] item: Leftovers\n|upkeep\n|\n|t:|1783572815\n|switch|p1a: Groudon|Groudon, L72|100/100\n|-weather|SunnyDay|[from] ability: Drought|[of] p1a: Groudon\n|turn|12\n|inactive|Time left: 300 sec this turn | 300 sec total\n|\n|t:|1783572816\n|move|p1a: Groudon|Precipice Blades|p2a: Primarina\n|-damage|p2a: Primarina|23/268\n|move|p2a: Primarina|Moonblast|p1a: Groudon\n|-damage|p1a: Groudon|49/100\n|-unboost|p1a: Groudon|spa|1\n|\n|-weather|SunnyDay|[upkeep]\n|-heal|p1a: Groudon|55/100|[from] item: Leftovers\n|-heal|p2a: Primarina|39/268|[from] item: Leftovers\n|upkeep\n|turn|13\n|inactive|Time left: 300 sec this turn | 300 sec total\n|\n|t:|1783572817\n|switch|p2a: Noivern|Noivern, L82, F|274/274\n|move|p1a: Groudon|Heat Crash|p2a: Noivern\n|-resisted|p2a: Noivern\n|-damage|p2a: Noivern|203/274\n|\n|-weather|SunnyDay|[upkeep]\n|-heal|p1a: Groudon|61/100|[from] item: Leftovers\n|upkeep\n|turn|14\n|inactive|Time left: 300 sec this turn | 300 sec total\n|\n|t:|1783572818\n|switch|p1a: Iron Boulder|Iron Boulder, L77|100/100\n|move|p2a: Noivern|Flamethrower|p1a: Iron Boulder\n|-resisted|p1a: Iron Boulder\n|-damage|p1a: Iron Boulder|85/100\n|\n|-weather|SunnyDay|[upkeep]\n|upkeep\n|turn|15\n|inactive|Time left: 300 sec this turn | 300 sec total\n|\n|t:|1783572819\n|switch|p2a: Gurdurr|Gurdurr, L85, M|283/283\n|move|p1a: Iron Boulder|Swords Dance|p1a: Iron Boulder\n|-boost|p1a: Iron Boulder|atk|2\n|\n|-weather|SunnyDay|[upkeep]\n|upkeep\n|turn|16\n|inactive|Time left: 300 sec this turn | 300 sec total\n|\n|t:|1783572820\n|switch|p2a: Kingambit|Kingambit, L74, F, tera:Dark|50/270\n|-activate|p2a: Kingambit|ability: Supreme Overlord\n|-start|p2a: Kingambit|fallen1|[silent]\n|move|p1a: Iron Boulder|Zen Headbutt|p2a: Kingambit\n|-immune|p2a: Kingambit\n|\n|-weather|none\n|-heal|p2a: Kingambit|66/270|[from] item: Leftovers\n|upkeep\n|turn|17\n|inactive|Time left: 300 sec this turn | 300 sec total\n|\n|t:|1783572821\n|-terastallize|p1a: Iron Boulder|Fighting\n|move|p2a: Kingambit|Sucker Punch|p1a: Iron Boulder\n|-resisted|p1a: Iron Boulder\n|-damage|p1a: Iron Boulder|59/100\n|move|p1a: Iron Boulder|Mighty Cleave|p2a: Kingambit\n|-damage|p2a: Kingambit|0 fnt\n|faint|p2a: Kingambit\n|-end|p2a: Kingambit|fallen1|[silent]\n|-damage|p1a: Iron Boulder|49/100|[from] item: Life Orb\n|\n|upkeep\n|inactive|Time left: 300 sec this turn | 300 sec total | 5 sec grace\n|\n|t:|1783572822\n|switch|p2a: Noivern|Noivern, L82, F|203/274\n|turn|18\n|inactive|Time left: 300 sec this turn | 300 sec total\n|\n|t:|1783572822\n|move|p2a: Noivern|Hurricane|p1a: Iron Boulder|[miss]\n|-miss|p2a: Noivern|p1a: Iron Boulder\n|move|p1a: Iron Boulder|Zen Headbutt|p2a: Noivern\n|-damage|p2a: Noivern|0 fnt\n|faint|p2a: Noivern\n|-damage|p1a: Iron Boulder|39/100|[from] item: Life Orb\n|\n|upkeep\n|inactive|Time left: 300 sec this turn | 300 sec total | 5 sec grace\n|\n|t:|1783572823\n|switch|p2a: Primarina|Primarina, L83, M|39/268\n|turn|19\n|inactive|Time left: 300 sec this turn | 300 sec total\n|\n|t:|1783572824\n|move|p1a: Iron Boulder|Mighty Cleave|p2a: Primarina\n|-damage|p2a: Primarina|0 fnt\n|faint|p2a: Primarina\n|-damage|p1a: Iron Boulder|29/100|[from] item: Life Orb\n|\n|upkeep\n|inactive|Time left: 300 sec this turn | 300 sec total | 5 sec grace\n|\n|t:|1783572825\n|switch|p2a: Cryogonal|Cryogonal, L89|287/287\n|turn|20\n|inactive|Time left: 300 sec this turn | 300 sec total\n|\n|t:|1783572826\n|move|p2a: Cryogonal|Freeze-Dry|p1a: Iron Boulder\n|-damage|p1a: Iron Boulder|0 fnt\n|faint|p1a: Iron Boulder\n|-end|p1a: Iron Boulder|Quark Drive|[silent]\n|\n|upkeep\n|\n|t:|1783572827\n|switch|p1a: Eiscue|Eiscue, L88, F|75/100\n|turn|21\n|inactive|Time left: 300 sec this turn | 300 sec total\n|\n|t:|1783572828\n|move|p2a: Cryogonal|Flash Cannon|p1a: Eiscue\n|-supereffective|p1a: Eiscue\n|-damage|p1a: Eiscue|33/100\n|move|p1a: Eiscue|Liquidation|p2a: Cryogonal\n|-damage|p2a: Cryogonal|210/287\n|\n|upkeep\n|turn|22\n|inactive|Time left: 300 sec this turn | 300 sec total\n|\n|t:|1783572829\n|switch|p1a: Groudon|Groudon, L72|61/100\n|-weather|SunnyDay|[from] ability: Drought|[of] p1a: Groudon\n|move|p2a: Cryogonal|Flash Cannon|p1a: Groudon\n|-damage|p1a: Groudon|34/100\n|\n|-weather|SunnyDay|[upkeep]\n|-heal|p1a: Groudon|40/100|[from] item: Leftovers\n|upkeep\n|turn|23\n|inactive|Time left: 300 sec this turn | 300 sec total\n|\n|t:|1783572830\n|switch|p1a: Eiscue|Eiscue, L88, F|33/100\n|move|p2a: Cryogonal|Freeze-Dry|p1a: Eiscue\n|-resisted|p1a: Eiscue\n|-damage|p1a: Eiscue|18/100\n|\n|-weather|SunnyDay|[upkeep]\n|upkeep\n|turn|24\n|inactive|Time left: 300 sec this turn | 300 sec total\n|\n|t:|1783572831\n|switch|p1a: Groudon|Groudon, L72|40/100\n|move|p2a: Cryogonal|Flash Cannon|p1a: Groudon\n|-damage|p1a: Groudon|13/100\n|\n|-weather|SunnyDay|[upkeep]\n|-heal|p1a: Groudon|19/100|[from] item: Leftovers\n|upkeep\n|turn|25\n|inactive|Time left: 300 sec this turn | 300 sec total\n|\n|t:|1783572832\n|switch|p1a: Eiscue|Eiscue, L88, F|18/100\n|move|p2a: Cryogonal|Flash Cannon|p1a: Eiscue\n|-supereffective|p1a: Eiscue\n|-damage|p1a: Eiscue|0 fnt\n|faint|p1a: Eiscue\n|\n|-weather|SunnyDay|[upkeep]\n|upkeep\n|\n|t:|1783572833\n|switch|p1a: Groudon|Groudon, L72|19/100\n|turn|26\n|inactive|Time left: 300 sec this turn | 300 sec total\n|\n|t:|1783572834\n|move|p2a: Cryogonal|Flash Cannon|p1a: Groudon\n|-damage|p1a: Groudon|0 fnt\n|faint|p1a: Groudon\n|\n|win|p0y28475d92", "uploadtime": 1783572834, "views": 0, "rating": 0, "private": 0, "password": null, "_winner": "p0y28475d92", "_our_name": "p0y28475d92"}