{"id": "battle-gen9randombattle-899", "formatid": "gen9randombattle", "format": "[Gen 9] Random Battle", "players": ["p0x89921b7", "p0y899d8ba"], "log": "|init|battle\n|title|p0x89921b7 vs. p0y899d8ba\n|j|\u2606p0x89921b7\n|j|\u2606p0y899d8ba\n|t:|1783550322\n|gametype|singles\n|player|p1|p0x89921b7|170|\n|player|p2|p0y899d8ba|102|\n|gen|9\n|tier|[Gen 9] Random Battle\n|rule|Species Clause: Limit one of each Pok\u00e9mon\n|rule|HP Percentage Mod: HP is shown in percentages\n|rule|Sleep Clause Mod: Limit one foe put to sleep\n|rule|Illusion Level Mod: Illusion disguises the Pok\u00e9mon's true level\n|\n|t:|1783550322\n|teamsize|p1|6\n|teamsize|p2|6\n|start\n|switch|p1a: Mesprit|Mesprit, L85|100/100\n|switch|p2a: Mew|Mew, L82|298/298\n|turn|1\n|inactive|Battle timer is ON: inactive players will automatically lose when time's up. (requested by p0y899d8ba)\n|inactive|p0x89921b7 also wants the timer to be on.\n|\n|t:|1783550324\n|move|p2a: Mew|Nasty Plot|p2a: Mew\n|-boost|p2a: Mew|spa|2\n|move|p1a: Mesprit|Psychic Noise|p2a: Mew\n|-resisted|p2a: Mew\n|-damage|p2a: Mew|256/298\n|-start|p2a: Mew|move: Heal Block\n|\n|upkeep\n|turn|2\n|inactive|Time left: 300 sec this turn | 300 sec total\n|\n|t:|1783550326\n|move|p2a: Mew|Dark Pulse|p1a: Mesprit\n|-supereffective|p1a: Mesprit\n|-damage|p1a: Mesprit|12/100\n|-damage|p2a: Mew|227/298|[from] item: Life Orb\n|move|p1a: Mesprit|Thunder Wave|p2a: Mew\n|-status|p2a: Mew|par\n|-activate|p2a: Mew|ability: Synchronize\n|-status|p1a: Mesprit|par\n|\n|-heal|p1a: Mesprit|18/100 par|[from] item: Leftovers\n|-end|p2a: Mew|move: Heal Block\n|upkeep\n|turn|3\n|inactive|Time left: 300 sec this turn | 300 sec total\n|\n|t:|1783550327\n|move|p2a: Mew|Psychic|p1a: Mesprit\n|-resisted|p1a: Mesprit\n|-damage|p1a: Mesprit|0 fnt\n|faint|p1a: Mesprit\n|-damage|p2a: Mew|198/298 par|[from] item: Life Orb\n|\n|upkeep\n|\n|t:|1783550329\n|switch|p1a: Smeargle|Smeargle, L95, F|100/100\n|turn|4\n|inactive|Time left: 300 sec this turn | 300 sec total\n|\n|t:|1783550330\n|move|p1a: Smeargle|Sticky Web|p2a: Mew\n|-sidestart|p2: p0y899d8ba|move: Sticky Web\n|cant|p2a: Mew|par\n|\n|upkeep\n|turn|5\n|inactive|Time left: 300 sec this turn | 300 sec total\n|\n|t:|1783550331\n|switch|p1a: Honchkrow|Honchkrow, L86, F|100/100\n|move|p2a: Mew|Fire Blast|p1a: Honchkrow\n|-damage|p1a: Honchkrow|15/100\n|-damage|p2a: Mew|169/298 par|[from] item: Life Orb\n|\n|upkeep\n|turn|6\n|inactive|Time left: 300 sec this turn | 300 sec total\n|\n|t:|1783550332\n|move|p1a: Honchkrow|Lash Out|p2a: Mew\n|-supereffective|p2a: Mew\n|-damage|p2a: Mew|0 fnt\n|faint|p2a: Mew\n|-ability|p1a: Honchkrow|Moxie|boost\n|-boost|p1a: Honchkrow|atk|1\n|\n|upkeep\n|inactive|Time left: 300 sec this turn | 300 sec total | 5 sec grace\n|\n|t:|1783550333\n|switch|p2a: Dondozo|Dondozo, L78, M|362/362\n|-activate|p2a: Dondozo|move: Sticky Web\n|-unboost|p2a: Dondozo|spe|1\n|turn|7\n|inactive|Time left: 300 sec this turn | 300 sec total\n|\n|t:|1783550334\n|switch|p1a: Golduck|Golduck, L90, F|100/100\n|-ability|p1a: Golduck|Cloud Nine\n|move|p2a: Dondozo|Wave Crash|p1a: Golduck\n|-resisted|p1a: Golduck\n|-damage|p1a: Golduck|80/100\n|-damage|p2a: Dondozo|343/362|[from] Recoil\n|\n|-heal|p1a: Golduck|87/100|[from] item: Leftovers\n|-heal|p2a: Dondozo|362/362|[from] item: Leftovers\n|upkeep\n|turn|8\n|inactive|Time left: 300 sec this turn | 300 sec total\n|\n|t:|1783550335\n|move|p1a: Golduck|Nasty Plot|p1a: Golduck\n|-boost|p1a: Golduck|spa|2\n|move|p2a: Dondozo|Curse|p2a: Dondozo\n|-unboost|p2a: Dondozo|spe|1\n|-boost|p2a: Dondozo|atk|1\n|-boost|p2a: Dondozo|def|1\n|\n|-heal|p1a: Golduck|93/100|[from] item: Leftovers\n|upkeep\n|turn|9\n|inactive|Time left: 300 sec this turn | 300 sec total\n|\n|t:|1783550336\n|move|p1a: Golduck|Grass Knot|p2a: Dondozo\n|-supereffective|p2a: Dondozo\n|-damage|p2a: Dondozo|116/362\n|move|p2a: Dondozo|Curse|p2a: Dondozo\n|-unboost|p2a: Dondozo|spe|1\n|-boost|p2a: Dondozo|atk|1\n|-boost|p2a: Dondozo|def|1\n|\n|-heal|p1a: Golduck|99/100|[from] item: Leftovers\n|-heal|p2a: Dondozo|138/362|[from] item: Leftovers\n|upkeep\n|turn|10\n|inactive|Time left: 300 sec this turn | 300 sec total\n|\n|t:|1783550337\n|move|p1a: Golduck|Grass Knot|p2a: Dondozo\n|-supereffective|p2a: Dondozo\n|-damage|p2a: Dondozo|0 fnt\n|faint|p2a: Dondozo\n|\n|-heal|p1a: Golduck|100/100|[from] item: Leftovers\n|upkeep\n|inactive|Time left: 300 sec this turn | 300 sec total | 5 sec grace\n|\n|t:|1783550338\n|switch|p2a: Iron Moth|Iron Moth, L78|253/253\n|-activate|p2a: Iron Moth|move: Sticky Web\n|-unboost|p2a: Iron Moth|spe|1\n|turn|11\n|inactive|Time left: 300 sec this turn | 300 sec total\n|\n|t:|1783550340\n|-terastallize|p2a: Iron Moth|Grass\n|move|p1a: Golduck|Hydro Pump|p2a: Iron Moth\n|-resisted|p2a: Iron Moth\n|-damage|p2a: Iron Moth|128/253\n|move|p2a: Iron Moth|Energy Ball|p1a: Golduck\n|-supereffective|p1a: Golduck\n|-damage|p1a: Golduck|0 fnt\n|faint|p1a: Golduck\n|\n|upkeep\n|\n|t:|1783550341\n|switch|p1a: Honchkrow|Honchkrow, L86, F|15/100\n|turn|12\n|inactive|Time left: 300 sec this turn | 300 sec total\n|\n|t:|1783550342\n|-end|p2a: Iron Moth|Quark Drive|[silent]\n|switch|p2a: Darkrai|Darkrai, L77|234/234\n|-activate|p2a: Darkrai|move: Sticky Web\n|-unboost|p2a: Darkrai|spe|1\n|move|p1a: Honchkrow|Lash Out|p2a: Darkrai\n|-resisted|p2a: Darkrai\n|-damage|p2a: Darkrai|178/234\n|\n|upkeep\n|turn|13\n|inactive|Time left: 300 sec this turn | 300 sec total\n|\n|t:|1783550343\n|move|p1a: Honchkrow|Brave Bird|p2a: Darkrai\n|-damage|p2a: Darkrai|18/234\n|-damage|p1a: Honchkrow|0 fnt|[from] Recoil\n|faint|p1a: Honchkrow\n|move|p2a: Darkrai|Dark Pulse|p1: Honchkrow|[notarget]\n|-fail|p2a: Darkrai\n|\n|upkeep\n|\n|t:|1783550344\n|switch|p1a: Dialga|Dialga-Origin, L73|100/100\n|-ability|p1a: Dialga|Pressure\n|turn|14\n|inactive|Time left: 300 sec this turn | 300 sec total\n|\n|t:|1783550345\n|move|p1a: Dialga|Fire Blast|p2a: Darkrai\n|-damage|p2a: Darkrai|0 fnt\n|faint|p2a: Darkrai\n|\n|upkeep\n|inactive|Time left: 300 sec this turn | 300 sec total | 5 sec grace\n|\n|t:|1783550346\n|switch|p2a: Arboliva|Arboliva, L91, F|288/288\n|-activate|p2a: Arboliva|move: Sticky Web\n|-unboost|p2a: Arboliva|spe|1\n|turn|15\n|inactive|Time left: 300 sec this turn | 300 sec total\n|\n|t:|1783550347\n|move|p1a: Dialga|Fire Blast|p2a: Arboliva|[miss]\n|-miss|p1a: Dialga|p2a: Arboliva\n|move|p2a: Arboliva|Leech Seed|p1a: Dialga\n|-start|p1a: Dialga|move: Leech Seed\n|\n|-damage|p1a: Dialga|88/100|[from] Leech Seed|[of] p2a: Arboliva\n|upkeep\n|turn|16\n|inactive|Time left: 300 sec this turn | 300 sec total\n|\n|t:|1783550347\n|move|p1a: Dialga|Heavy Slam|p2a: Arboliva\n|-damage|p2a: Arboliva|186/288\n|move|p2a: Arboliva|Hyper Voice|p1a: Dialga\n|-resisted|p1a: Dialga\n|-damage|p1a: Dialga|66/100\n|\n|-damage|p1a: Dialga|54/100|[from] Leech Seed|[of] p2a: Arboliva\n|-heal|p2a: Arboliva|219/288|[silent]\n|upkeep\n|turn|17\n|inactive|Time left: 300 sec this turn | 300 sec total\n|\n|t:|1783550348\n|move|p1a: Dialga|Fire Blast|p2a: Arboliva\n|-supereffective|p2a: Arboliva\n|-crit|p2a: Arboliva\n|-damage|p2a: Arboliva|5/288\n|-enditem|p2a: Arboliva|Sitrus Berry|[eat]\n|-heal|p2a: Arboliva|77/288|[from] item: Sitrus Berry\n|move|p2a: Arboliva|Hyper Voice|p1a: Dialga\n|-resisted|p1a: Dialga\n|-damage|p1a: Dialga|29/100\n|\n|-damage|p1a: Dialga|17/100|[from] Leech Seed|[of] p2a: Arboliva\n|-heal|p2a: Arboliva|110/288|[silent]\n|upkeep\n|turn|18\n|inactive|Time left: 300 sec this turn | 300 sec total\n|\n|t:|1783550349\n|move|p2a: Arboliva|Protect|p2a: Arboliva\n|-singleturn|p2a: Arboliva|Protect\n|move|p1a: Dialga|Fire Blast|p2a: Arboliva\n|-activate|p2a: Arboliva|move: Protect\n|\n|-damage|p1a: Dialga|4/100|[from] Leech Seed|[of] p2a: Arboliva\n|-heal|p2a: Arboliva|143/288|[silent]\n|-item|p2a: Arboliva|Sitrus Berry|[from] ability: Harvest\n|upkeep\n|-enditem|p2a: Arboliva|Sitrus Berry|[eat]\n|-heal|p2a: Arboliva|215/288|[from] item: Sitrus Berry\n|turn|19\n|inactive|Time left: 300 sec this turn | 300 sec total\n|\n|t:|1783550350\n|move|p1a: Dialga|Fire Blast|p2a: Arboliva\n|-supereffective|p2a: Arboliva\n|-damage|p2a: Arboliva|85/288\n|move|p2a: Arboliva|Leech Seed||[still]\n|-fail|p2a: Arboliva\n|\n|-damage|p1a: Dialga|0 fnt|[from] Leech Seed|[of] p2a: Arboliva\n|-heal|p2a: Arboliva|95/288|[silent]\n|faint|p1a: Dialga\n|-item|p2a: Arboliva|Sitrus Berry|[from] ability: Harvest\n|upkeep\n|-enditem|p2a: Arboliva|Sitrus Berry|[eat]\n|-heal|p2a: Arboliva|167/288|[from] item: Sitrus Berry\n|\n|t:|1783550350\n|switch|p1a: Lanturn|Lanturn, L89, M|100/100\n|turn|20\n|inactive|Time left: 300 sec this turn | 300 sec total\n|\n|t:|1783550351\n|move|p1a: Lanturn|Thunder Wave|p2a: Arboliva\n|-status|p2a: Arboliva|par\n|move|p2a: Arboliva|Leech Seed|p1a: Lanturn\n|-start|p1a: Lanturn|move: Leech Seed\n|\n|-damage|p1a: Lanturn|88/100|[from] Leech Seed|[of] p2a: Arboliva\n|-heal|p2a: Arboliva|212/288 par|[silent]\n|-item|p2a: Arboliva|Sitrus Berry|[from] ability: Harvest\n|upkeep\n|turn|21\n|inactive|Time left: 300 sec this turn | 300 sec total\n|\n|t:|1783550352\n|move|p1a: Lanturn|Volt Switch|p2a: Arboliva\n|-resisted|p2a: Arboliva\n|-damage|p2a: Arboliva|185/288 par\n|\n|t:|1783550353\n|switch|p1a: Smeargle|Smeargle, L95, F|100/100|[from] Volt Switch\n|move|p2a: Arboliva|Hyper Voice|p1a: Smeargle\n|-damage|p1a: Smeargle|23/100\n|\n|upkeep\n|turn|22\n|inactive|Time left: 300 sec this turn | 300 sec total\n|\n|t:|1783550354\n|move|p1a: Smeargle|Stealth Rock|p2a: Arboliva\n|-sidestart|p2: p0y899d8ba|move: Stealth Rock\n|move|p2a: Arboliva|Leech Seed|p1a: Smeargle\n|-start|p1a: Smeargle|move: Leech Seed\n|\n|-damage|p1a: Smeargle|10/100|[from] Leech Seed|[of] p2a: Arboliva\n|-heal|p2a: Arboliva|217/288 par|[silent]\n|upkeep\n|turn|23\n|inactive|Time left: 300 sec this turn | 300 sec total\n|\n|t:|1783550355\n|switch|p1a: Lanturn|Lanturn, L89, M|88/100\n|move|p2a: Arboliva|Leech Seed|p1a: Lanturn\n|-start|p1a: Lanturn|move: Leech Seed\n|\n|-damage|p1a: Lanturn|76/100|[from] Leech Seed|[of] p2a: Arboliva\n|-heal|p2a: Arboliva|262/288 par|[silent]\n|upkeep\n|turn|24\n|inactive|Time left: 300 sec this turn | 300 sec total\n|\n|t:|1783550356\n|switch|p1a: Smeargle|Smeargle, L95, F|10/100\n|move|p2a: Arboliva|Hyper Voice|p1a: Smeargle\n|-damage|p1a: Smeargle|0 fnt\n|faint|p1a: Smeargle\n|\n|upkeep\n|\n|t:|1783550357\n|switch|p1a: Lanturn|Lanturn, L89, M|76/100\n|turn|25\n|inactive|Time left: 300 sec this turn | 300 sec total\n|\n|t:|1783550358\n|move|p1a: Lanturn|Thunderbolt|p2a: Arboliva\n|-resisted|p2a: Arboliva\n|-damage|p2a: Arboliva|230/288 par\n|move|p2a: Arboliva|Leech Seed|p1a: Lanturn\n|-start|p1a: Lanturn|move: Leech Seed\n|\n|-damage|p1a: Lanturn|64/100|[from] Leech Seed|[of] p2a: Arboliva\n|-heal|p2a: Arboliva|275/288 par|[silent]\n|upkeep\n|turn|26\n|inactive|Time left: 300 sec this turn | 300 sec total\n|\n|t:|1783550359\n|move|p1a: Lanturn|Scald|p2a: Arboliva\n|-resisted|p2a: Arboliva\n|-damage|p2a: Arboliva|242/288 par\n|cant|p2a: Arboliva|par\n|\n|-damage|p1a: Lanturn|51/100|[from] Leech Seed|[of] p2a: Arboliva\n|-heal|p2a: Arboliva|287/288 par|[silent]\n|upkeep\n|turn|27\n|inactive|Time left: 300 sec this turn | 300 sec total\n|\n|t:|1783550360\n|move|p1a: Lanturn|Scald|p2a: Arboliva\n|-resisted|p2a: Arboliva\n|-damage|p2a: Arboliva|254/288 par\n|move|p2a: Arboliva|Hyper Voice|p1a: Lanturn\n|-damage|p1a: Lanturn|9/100\n|\n|-damage|p1a: Lanturn|0 fnt|[from] Leech Seed|[of] p2a: Arboliva\n|-heal|p2a: Arboliva|285/288 par|[silent]\n|faint|p1a: Lanturn\n|\n|win|p0y899d8ba", "uploadtime": 1783550360, "views": 0, "rating": 0, "private": 0, "password": null, "_winner": "p0y899d8ba", "_our_name": "p0y899d8ba"}