{"id": "battle-gen9randombattle-1798", "formatid": "gen9randombattle", "format": "[Gen 9] Random Battle", "players": ["p0x179891f5", "p0y17986967"], "log": "|init|battle\n|title|p0x179891f5 vs. p0y17986967\n|j|\u2606p0x179891f5\n|j|\u2606p0y17986967\n|t:|1783560065\n|gametype|singles\n|player|p1|p0x179891f5|170|\n|player|p2|p0y17986967|265|\n|gen|9\n|tier|[Gen 9] Random Battle\n|rule|Species Clause: Limit one of each Pok\u00e9mon\n|rule|HP Percentage Mod: HP is shown in percentages\n|rule|Sleep Clause Mod: Limit one foe put to sleep\n|rule|Illusion Level Mod: Illusion disguises the Pok\u00e9mon's true level\n|\n|t:|1783560065\n|teamsize|p1|6\n|teamsize|p2|6\n|start\n|switch|p1a: Pelipper|Pelipper, L86, F|243/243\n|switch|p2a: Hippowdon|Hippowdon, L82, F|100/100\n|-weather|RainDance|[from] ability: Drizzle|[of] p1a: Pelipper\n|-weather|Sandstorm|[from] ability: Sand Stream|[of] p2a: Hippowdon\n|turn|1\n|inactive|Battle timer is ON: inactive players will automatically lose when time's up. (requested by p0y17986967)\n|inactive|Time left: 300 sec this turn | 300 sec total | 60 sec grace\n|inactive|p0x179891f5 also wants the timer to be on.\n|\n|t:|1783560066\n|move|p1a: Pelipper|Hydro Pump|p2a: Hippowdon\n|-supereffective|p2a: Hippowdon\n|-damage|p2a: Hippowdon|0 fnt\n|faint|p2a: Hippowdon\n|\n|-weather|Sandstorm|[upkeep]\n|-damage|p1a: Pelipper|228/243|[from] Sandstorm\n|upkeep\n|\n|t:|1783560067\n|switch|p2a: Baxcalibur|Baxcalibur, L75, M|100/100\n|turn|2\n|inactive|Time left: 300 sec this turn | 300 sec total\n|\n|t:|1783560068\n|move|p2a: Baxcalibur|Glaive Rush|p1a: Pelipper\n|-damage|p1a: Pelipper|39/243\n|-singlemove|p2a: Baxcalibur|Glaive Rush|[silent]\n|move|p1a: Pelipper|Hydro Pump|p2a: Baxcalibur\n|-resisted|p2a: Baxcalibur\n|-damage|p2a: Baxcalibur|31/100\n|\n|-weather|Sandstorm|[upkeep]\n|-damage|p2a: Baxcalibur|25/100|[from] Sandstorm\n|-damage|p1a: Pelipper|24/243|[from] Sandstorm\n|upkeep\n|turn|3\n|inactive|Time left: 300 sec this turn | 300 sec total\n|\n|t:|1783560069\n|move|p2a: Baxcalibur|Glaive Rush|p1a: Pelipper\n|-damage|p1a: Pelipper|0 fnt\n|-singlemove|p2a: Baxcalibur|Glaive Rush|[silent]\n|faint|p1a: Pelipper\n|\n|-weather|Sandstorm|[upkeep]\n|-damage|p2a: Baxcalibur|19/100|[from] Sandstorm\n|upkeep\n|inactive|Time left: 300 sec this turn | 300 sec total | 5 sec grace\n|\n|t:|1783560070\n|switch|p1a: Iron Bundle|Iron Bundle, L78|215/215\n|turn|4\n|inactive|Time left: 300 sec this turn | 300 sec total\n|\n|t:|1783560071\n|switch|p2a: Probopass|Probopass, L91, F|100/100\n|move|p1a: Iron Bundle|Ice Beam|p2a: Probopass\n|-resisted|p2a: Probopass\n|-damage|p2a: Probopass|90/100\n|\n|-weather|Sandstorm|[upkeep]\n|-damage|p1a: Iron Bundle|202/215|[from] Sandstorm\n|-heal|p2a: Probopass|96/100|[from] item: Leftovers\n|upkeep\n|turn|5\n|inactive|Time left: 300 sec this turn | 300 sec total\n|\n|t:|1783560072\n|-end|p1a: Iron Bundle|Quark Drive|[silent]\n|switch|p1a: Hydrapple|Hydrapple, L83, M|312/312\n|move|p2a: Probopass|Body Press|p1a: Hydrapple\n|-damage|p1a: Hydrapple|227/312\n|\n|-weather|none\n|-heal|p2a: Probopass|100/100|[from] item: Leftovers\n|upkeep\n|turn|6\n|inactive|Time left: 300 sec this turn | 300 sec total\n|\n|t:|1783560074\n|switch|p2a: Articuno|Articuno, L86|100/100\n|-ability|p2a: Articuno|Pressure\n|move|p1a: Hydrapple|Earth Power|p2a: Articuno\n|-immune|p2a: Articuno\n|\n|upkeep\n|turn|7\n|inactive|Time left: 300 sec this turn | 300 sec total\n|\n|t:|1783560075\n|switch|p1a: Sylveon|Sylveon, L85, M|300/300\n|move|p2a: Articuno|Freeze-Dry|p1a: Sylveon\n|-damage|p1a: Sylveon|249/300\n|\n|-heal|p1a: Sylveon|267/300|[from] item: Leftovers\n|upkeep\n|turn|8\n|inactive|Time left: 300 sec this turn | 300 sec total\n|\n|t:|1783560076\n|move|p2a: Articuno|Freeze-Dry|p1a: Sylveon\n|-damage|p1a: Sylveon|213/300\n|move|p1a: Sylveon|Calm Mind|p1a: Sylveon\n|-boost|p1a: Sylveon|spa|1\n|-boost|p1a: Sylveon|spd|1\n|\n|-heal|p1a: Sylveon|231/300|[from] item: Leftovers\n|upkeep\n|turn|9\n|inactive|Time left: 300 sec this turn | 300 sec total\n|\n|t:|1783560077\n|move|p2a: Articuno|Brave Bird|p1a: Sylveon\n|-damage|p1a: Sylveon|90/300\n|-damage|p2a: Articuno|85/100|[from] Recoil\n|move|p1a: Sylveon|Hyper Voice|p2a: Articuno\n|-damage|p2a: Articuno|37/100\n|\n|-heal|p1a: Sylveon|108/300|[from] item: Leftovers\n|upkeep\n|turn|10\n|inactive|Time left: 300 sec this turn | 300 sec total\n|\n|t:|1783560079\n|move|p1a: Sylveon|Protect|p1a: Sylveon\n|-singleturn|p1a: Sylveon|Protect\n|move|p2a: Articuno|Brave Bird|p1a: Sylveon\n|-activate|p1a: Sylveon|move: Protect\n|\n|-heal|p1a: Sylveon|126/300|[from] item: Leftovers\n|upkeep\n|turn|11\n|inactive|Time left: 300 sec this turn | 300 sec total\n|\n|t:|1783560079\n|-terastallize|p1a: Sylveon|Steel\n|move|p2a: Articuno|Brave Bird|p1a: Sylveon\n|-resisted|p1a: Sylveon\n|-damage|p1a: Sylveon|49/300\n|-damage|p2a: Articuno|29/100|[from] Recoil\n|move|p1a: Sylveon|Hyper Voice|p2a: Articuno\n|-damage|p2a: Articuno|0 fnt\n|faint|p2a: Articuno\n|\n|-heal|p1a: Sylveon|67/300|[from] item: Leftovers\n|upkeep\n|\n|t:|1783560080\n|switch|p2a: Baxcalibur|Baxcalibur, L75, M|19/100\n|turn|12\n|inactive|Time left: 300 sec this turn | 300 sec total\n|\n|t:|1783560081\n|move|p1a: Sylveon|Protect|p1a: Sylveon\n|-singleturn|p1a: Sylveon|Protect\n|move|p2a: Baxcalibur|Glaive Rush|p1a: Sylveon\n|-activate|p1a: Sylveon|move: Protect\n|\n|-heal|p1a: Sylveon|85/300|[from] item: Leftovers\n|upkeep\n|turn|13\n|inactive|Time left: 300 sec this turn | 300 sec total\n|\n|t:|1783560082\n|switch|p1a: Ribombee|Ribombee, L83, F|235/235\n|move|p2a: Baxcalibur|Glaive Rush|p1a: Ribombee\n|-immune|p1a: Ribombee\n|\n|upkeep\n|turn|14\n|inactive|Time left: 300 sec this turn | 300 sec total\n|\n|t:|1783560083\n|switch|p2a: Probopass|Probopass, L91, F|100/100\n|move|p1a: Ribombee|Quiver Dance|p1a: Ribombee\n|-boost|p1a: Ribombee|spa|1\n|-boost|p1a: Ribombee|spd|1\n|-boost|p1a: Ribombee|spe|1\n|\n|upkeep\n|turn|15\n|inactive|Time left: 300 sec this turn | 300 sec total\n|\n|t:|1783560084\n|move|p1a: Ribombee|Quiver Dance|p1a: Ribombee\n|-boost|p1a: Ribombee|spa|1\n|-boost|p1a: Ribombee|spd|1\n|-boost|p1a: Ribombee|spe|1\n|move|p2a: Probopass|Flash Cannon|p1a: Ribombee\n|-supereffective|p1a: Ribombee\n|-damage|p1a: Ribombee|133/235\n|\n|upkeep\n|turn|16\n|inactive|Time left: 300 sec this turn | 300 sec total\n|\n|t:|1783560085\n|move|p1a: Ribombee|Moonblast|p2a: Probopass\n|-resisted|p2a: Probopass\n|-damage|p2a: Probopass|78/100\n|move|p2a: Probopass|Flash Cannon|p1a: Ribombee\n|-supereffective|p1a: Ribombee\n|-damage|p1a: Ribombee|31/235\n|\n|-heal|p2a: Probopass|84/100|[from] item: Leftovers\n|upkeep\n|turn|17\n|inactive|Time left: 300 sec this turn | 300 sec total\n|\n|t:|1783560086\n|move|p1a: Ribombee|Moonblast|p2a: Probopass\n|-resisted|p2a: Probopass\n|-damage|p2a: Probopass|60/100\n|move|p2a: Probopass|Flash Cannon|p1a: Ribombee\n|-supereffective|p1a: Ribombee\n|-damage|p1a: Ribombee|0 fnt\n|faint|p1a: Ribombee\n|\n|-heal|p2a: Probopass|67/100|[from] item: Leftovers\n|upkeep\n|inactive|Time left: 300 sec this turn | 300 sec total | 5 sec grace\n|\n|t:|1783560087\n|switch|p1a: Seviper|Seviper, L93, M|287/287\n|turn|18\n|inactive|Time left: 300 sec this turn | 300 sec total\n|\n|t:|1783560088\n|move|p1a: Seviper|Earthquake|p2a: Probopass\n|-supereffective|p2a: Probopass\n|-damage|p2a: Probopass|0 fnt\n|faint|p2a: Probopass\n|\n|upkeep\n|\n|t:|1783560089\n|switch|p2a: Crawdaunt|Crawdaunt, L84, M|100/100\n|turn|19\n|inactive|Time left: 300 sec this turn | 300 sec total\n|\n|t:|1783560090\n|move|p1a: Seviper|Gunk Shot|p2a: Crawdaunt|[miss]\n|-miss|p1a: Seviper|p2a: Crawdaunt\n|move|p2a: Crawdaunt|Knock Off|p1a: Seviper\n|-crit|p1a: Seviper\n|-damage|p1a: Seviper|0 fnt\n|-enditem|p1a: Seviper|Leftovers|[from] move: Knock Off|[of] p2a: Crawdaunt\n|faint|p1a: Seviper\n|-damage|p2a: Crawdaunt|91/100|[from] item: Life Orb\n|\n|upkeep\n|inactive|Time left: 300 sec this turn | 300 sec total | 5 sec grace\n|\n|t:|1783560091\n|switch|p1a: Iron Bundle|Iron Bundle, L78|202/215\n|turn|20\n|inactive|Time left: 300 sec this turn | 300 sec total\n|\n|t:|1783560092\n|switch|p2a: Baxcalibur|Baxcalibur, L75, M|19/100\n|move|p1a: Iron Bundle|Freeze-Dry|p2a: Baxcalibur\n|-damage|p2a: Baxcalibur|0 fnt\n|faint|p2a: Baxcalibur\n|\n|upkeep\n|\n|t:|1783560093\n|switch|p2a: Mandibuzz|Mandibuzz, L85, F|100/100\n|turn|21\n|inactive|Time left: 300 sec this turn | 300 sec total\n|\n|t:|1783560094\n|-terastallize|p2a: Mandibuzz|Steel\n|move|p1a: Iron Bundle|Freeze-Dry|p2a: Mandibuzz\n|-resisted|p2a: Mandibuzz\n|-damage|p2a: Mandibuzz|85/100\n|move|p2a: Mandibuzz|Foul Play|p1a: Iron Bundle\n|-damage|p1a: Iron Bundle|126/215\n|\n|upkeep\n|turn|22\n|inactive|Time left: 300 sec this turn | 300 sec total\n|\n|t:|1783560095\n|-end|p1a: Iron Bundle|Quark Drive|[silent]\n|switch|p1a: Hydrapple|Hydrapple, L83, M|312/312\n|move|p2a: Mandibuzz|Foul Play|p1a: Hydrapple\n|-damage|p1a: Hydrapple|257/312\n|\n|upkeep\n|turn|23\n|inactive|Time left: 300 sec this turn | 300 sec total\n|\n|t:|1783560096\n|move|p2a: Mandibuzz|Toxic|p1a: Hydrapple\n|-status|p1a: Hydrapple|tox\n|move|p1a: Hydrapple|Earth Power|p2a: Mandibuzz\n|-supereffective|p2a: Mandibuzz\n|-damage|p2a: Mandibuzz|25/100\n|-unboost|p2a: Mandibuzz|spd|1\n|\n|-damage|p1a: Hydrapple|238/312 tox|[from] psn\n|upkeep\n|turn|24\n|inactive|Time left: 300 sec this turn | 300 sec total\n|\n|t:|1783560098\n|move|p2a: Mandibuzz|Roost|p2a: Mandibuzz\n|-heal|p2a: Mandibuzz|75/100\n|move|p1a: Hydrapple|Earth Power|p2a: Mandibuzz\n|-supereffective|p2a: Mandibuzz\n|-damage|p2a: Mandibuzz|0 fnt\n|faint|p2a: Mandibuzz\n|\n|-damage|p1a: Hydrapple|200/312 tox|[from] psn\n|upkeep\n|\n|t:|1783560099\n|switch|p2a: Crawdaunt|Crawdaunt, L84, M|91/100\n|turn|25\n|inactive|Time left: 300 sec this turn | 300 sec total\n|\n|t:|1783560100\n|move|p2a: Crawdaunt|Crabhammer|p1a: Hydrapple\n|-resisted|p1a: Hydrapple\n|-crit|p1a: Hydrapple\n|-damage|p1a: Hydrapple|132/312 tox\n|-damage|p2a: Crawdaunt|81/100|[from] item: Life Orb\n|move|p1a: Hydrapple|Earth Power|p2a: Crawdaunt\n|-damage|p2a: Crawdaunt|16/100\n|\n|-damage|p1a: Hydrapple|75/312 tox|[from] psn\n|upkeep\n|turn|26\n|inactive|Time left: 300 sec this turn | 300 sec total\n|\n|t:|1783560101\n|move|p2a: Crawdaunt|Knock Off|p1a: Hydrapple\n|-damage|p1a: Hydrapple|0 fnt\n|-enditem|p1a: Hydrapple|Choice Specs|[from] move: Knock Off|[of] p2a: Crawdaunt\n|faint|p1a: Hydrapple\n|-damage|p2a: Crawdaunt|6/100|[from] item: Life Orb\n|\n|upkeep\n|inactive|Time left: 300 sec this turn | 300 sec total | 5 sec grace\n|\n|t:|1783560102\n|switch|p1a: Iron Bundle|Iron Bundle, L78|126/215\n|turn|27\n|inactive|Time left: 300 sec this turn | 300 sec total\n|\n|t:|1783560103\n|move|p1a: Iron Bundle|Ice Beam|p2a: Crawdaunt\n|-resisted|p2a: Crawdaunt\n|-damage|p2a: Crawdaunt|0 fnt\n|faint|p2a: Crawdaunt\n|\n|win|p0x179891f5", "uploadtime": 1783560103, "views": 0, "rating": 0, "private": 0, "password": null, "_winner": "p0x179891f5", "_our_name": "p0x179891f5"}