{"id": "battle-gen9randombattle-331", "formatid": "gen9randombattle", "format": "[Gen 9] Random Battle", "players": ["p0x33120bf", "p0y3313dea"], "log": "|init|battle\n|title|p0x33120bf vs. p0y3313dea\n|j|\u2606p0x33120bf\n|j|\u2606p0y3313dea\n|t:|1783542905\n|gametype|singles\n|player|p1|p0x33120bf|170|\n|player|p2|p0y3313dea|169|\n|gen|9\n|tier|[Gen 9] Random Battle\n|rule|Species Clause: Limit one of each Pok\u00e9mon\n|rule|HP Percentage Mod: HP is shown in percentages\n|rule|Sleep Clause Mod: Limit one foe put to sleep\n|rule|Illusion Level Mod: Illusion disguises the Pok\u00e9mon's true level\n|\n|t:|1783542905\n|teamsize|p1|6\n|teamsize|p2|6\n|start\n|switch|p1a: Spectrier|Spectrier, L75|274/274\n|switch|p2a: Golurk|Golurk, L87|100/100\n|turn|1\n|inactive|Battle timer is ON: inactive players will automatically lose when time's up. (requested by p0y3313dea)\n|inactive|Time left: 300 sec this turn | 300 sec total | 60 sec grace\n|inactive|p0x33120bf also wants the timer to be on.\n|\n|t:|1783542907\n|move|p1a: Spectrier|Will-O-Wisp|p2a: Golurk\n|-status|p2a: Golurk|brn\n|move|p2a: Golurk|Poltergeist|p1a: Spectrier\n|-activate|p1a: Spectrier|move: Poltergeist|Life Orb\n|-supereffective|p1a: Spectrier\n|-crit|p1a: Spectrier\n|-damage|p1a: Spectrier|0 fnt\n|faint|p1a: Spectrier\n|\n|-damage|p2a: Golurk|94/100 brn|[from] brn\n|upkeep\n|inactive|Time left: 300 sec this turn | 300 sec total | 65 sec grace\n|\n|t:|1783542909\n|switch|p1a: Arbok|Arbok, L87, M|246/246\n|-ability|p1a: Arbok|Intimidate|boost\n|-unboost|p2a: Golurk|atk|1\n|turn|2\n|inactive|Time left: 300 sec this turn | 300 sec total\n|\n|t:|1783542910\n|move|p1a: Arbok|Knock Off|p2a: Golurk\n|-supereffective|p2a: Golurk\n|-damage|p2a: Golurk|40/100 brn\n|-enditem|p2a: Golurk|Choice Band|[from] move: Knock Off|[of] p1a: Arbok\n|move|p2a: Golurk|Poltergeist|p1a: Arbok\n|-activate|p1a: Arbok|move: Poltergeist|Leftovers\n|-damage|p1a: Arbok|183/246\n|\n|-heal|p1a: Arbok|198/246|[from] item: Leftovers\n|-damage|p2a: Golurk|34/100 brn|[from] brn\n|upkeep\n|turn|3\n|inactive|Time left: 300 sec this turn | 300 sec total\n|\n|t:|1783542911\n|move|p1a: Arbok|Toxic Spikes|p2a: Golurk\n|-sidestart|p2: p0y3313dea|move: Toxic Spikes\n|move|p2a: Golurk|Earthquake|p1a: Arbok\n|-supereffective|p1a: Arbok\n|-damage|p1a: Arbok|87/246\n|\n|-heal|p1a: Arbok|102/246|[from] item: Leftovers\n|-damage|p2a: Golurk|28/100 brn|[from] brn\n|upkeep\n|turn|4\n|inactive|Time left: 300 sec this turn | 300 sec total\n|\n|t:|1783542913\n|move|p1a: Arbok|Knock Off|p2a: Golurk\n|-supereffective|p2a: Golurk\n|-crit|p2a: Golurk\n|-damage|p2a: Golurk|0 fnt\n|faint|p2a: Golurk\n|\n|-heal|p1a: Arbok|117/246|[from] item: Leftovers\n|upkeep\n|\n|t:|1783542914\n|switch|p2a: Volcanion|Volcanion, L79|100/100\n|turn|5\n|inactive|Time left: 300 sec this turn | 300 sec total\n|\n|t:|1783542915\n|switch|p1a: Baxcalibur|Baxcalibur, L75, F|295/295\n|move|p2a: Volcanion|Steam Eruption|p1a: Baxcalibur\n|-resisted|p1a: Baxcalibur\n|-damage|p1a: Baxcalibur|228/295\n|\n|upkeep\n|turn|6\n|inactive|Time left: 300 sec this turn | 300 sec total\n|\n|t:|1783542916\n|move|p1a: Baxcalibur|Earthquake|p2a: Volcanion\n|-supereffective|p2a: Volcanion\n|-damage|p2a: Volcanion|45/100\n|move|p2a: Volcanion|Steam Eruption|p1a: Baxcalibur\n|-resisted|p1a: Baxcalibur\n|-damage|p1a: Baxcalibur|157/295\n|\n|upkeep\n|turn|7\n|inactive|Time left: 300 sec this turn | 300 sec total\n|\n|t:|1783542917\n|switch|p2a: Florges|Florges-Blue, L85, F|100/100\n|-status|p2a: Florges|psn\n|move|p1a: Baxcalibur|Earthquake|p2a: Florges\n|-damage|p2a: Florges|63/100 psn\n|\n|-heal|p2a: Florges|69/100 psn|[from] item: Leftovers\n|-damage|p2a: Florges|57/100 psn|[from] psn\n|upkeep\n|turn|8\n|inactive|Time left: 300 sec this turn | 300 sec total\n|\n|t:|1783542919\n|switch|p1a: Arbok|Arbok, L87, M|117/246\n|-ability|p1a: Arbok|Intimidate|boost\n|-unboost|p2a: Florges|atk|1\n|move|p2a: Florges|Moonblast|p1a: Arbok\n|-resisted|p1a: Arbok\n|-damage|p1a: Arbok|52/246\n|\n|-heal|p1a: Arbok|67/246|[from] item: Leftovers\n|-heal|p2a: Florges|63/100 psn|[from] item: Leftovers\n|-damage|p2a: Florges|51/100 psn|[from] psn\n|upkeep\n|turn|9\n|inactive|Time left: 300 sec this turn | 300 sec total\n|\n|t:|1783542920\n|move|p1a: Arbok|Gunk Shot|p2a: Florges\n|-supereffective|p2a: Florges\n|-damage|p2a: Florges|0 fnt\n|faint|p2a: Florges\n|\n|-heal|p1a: Arbok|82/246|[from] item: Leftovers\n|upkeep\n|\n|t:|1783542921\n|switch|p2a: Clawitzer|Clawitzer, L87, F|100/100\n|-status|p2a: Clawitzer|psn\n|turn|10\n|inactive|Time left: 300 sec this turn | 300 sec total\n|\n|t:|1783542922\n|move|p1a: Arbok|Gunk Shot|p2a: Clawitzer\n|-damage|p2a: Clawitzer|51/100 psn\n|move|p2a: Clawitzer|Water Pulse|p1a: Arbok\n|-damage|p1a: Arbok|0 fnt\n|faint|p1a: Arbok\n|\n|-damage|p2a: Clawitzer|39/100 psn|[from] psn\n|upkeep\n|inactive|Time left: 300 sec this turn | 300 sec total | 5 sec grace\n|\n|t:|1783542923\n|switch|p1a: Baxcalibur|Baxcalibur, L75, F|157/295\n|turn|11\n|inactive|Time left: 300 sec this turn | 300 sec total\n|\n|t:|1783542924\n|switch|p2a: Comfey|Comfey, L85, M|100/100\n|-status|p2a: Comfey|psn\n|move|p1a: Baxcalibur|Scale Shot|p2a: Comfey\n|-immune|p2a: Comfey\n|\n|-damage|p2a: Comfey|88/100 psn|[from] psn\n|upkeep\n|turn|12\n|inactive|Time left: 300 sec this turn | 300 sec total\n|\n|t:|1783542925\n|move|p2a: Comfey|Draining Kiss|p1a: Baxcalibur\n|-supereffective|p1a: Baxcalibur\n|-damage|p1a: Baxcalibur|49/295\n|-heal|p2a: Comfey|100/100 psn|[from] drain|[of] p1a: Baxcalibur\n|move|p1a: Baxcalibur|Icicle Spear|p2a: Comfey\n|-damage|p2a: Comfey|88/100 psn\n|-damage|p2a: Comfey|75/100 psn\n|-damage|p2a: Comfey|62/100 psn\n|-damage|p2a: Comfey|48/100 psn\n|-hitcount|p2a: Comfey|4\n|\n|-heal|p2a: Comfey|55/100 psn|[from] item: Leftovers\n|-damage|p2a: Comfey|42/100 psn|[from] psn\n|upkeep\n|turn|13\n|inactive|Time left: 300 sec this turn | 300 sec total\n|\n|t:|1783542926\n|switch|p1a: Hippowdon|Hippowdon, L82, M|311/311\n|-weather|Sandstorm|[from] ability: Sand Stream|[of] p1a: Hippowdon\n|move|p2a: Comfey|Draining Kiss|p1a: Hippowdon\n|-damage|p1a: Hippowdon|253/311\n|-heal|p2a: Comfey|62/100 psn|[from] drain|[of] p1a: Hippowdon\n|\n|-weather|Sandstorm|[upkeep]\n|-damage|p2a: Comfey|56/100 psn|[from] Sandstorm\n|-heal|p2a: Comfey|62/100 psn|[from] item: Leftovers\n|-heal|p1a: Hippowdon|272/311|[from] item: Leftovers\n|-damage|p2a: Comfey|49/100 psn|[from] psn\n|upkeep\n|turn|14\n|inactive|Time left: 300 sec this turn | 300 sec total\n|\n|t:|1783542928\n|move|p2a: Comfey|Giga Drain|p1a: Hippowdon\n|-supereffective|p1a: Hippowdon\n|-damage|p1a: Hippowdon|158/311\n|-heal|p2a: Comfey|75/100 psn|[from] drain|[of] p1a: Hippowdon\n|move|p1a: Hippowdon|Earthquake|p2a: Comfey\n|-damage|p2a: Comfey|28/100 psn\n|\n|-weather|Sandstorm|[upkeep]\n|-damage|p2a: Comfey|22/100 psn|[from] Sandstorm\n|-heal|p2a: Comfey|28/100 psn|[from] item: Leftovers\n|-heal|p1a: Hippowdon|177/311|[from] item: Leftovers\n|-damage|p2a: Comfey|16/100 psn|[from] psn\n|upkeep\n|turn|15\n|inactive|Time left: 300 sec this turn | 300 sec total\n|\n|t:|1783542929\n|move|p2a: Comfey|Giga Drain|p1a: Hippowdon\n|-supereffective|p1a: Hippowdon\n|-damage|p1a: Hippowdon|55/311\n|-heal|p2a: Comfey|43/100 psn|[from] drain|[of] p1a: Hippowdon\n|move|p1a: Hippowdon|Slack Off|p1a: Hippowdon\n|-heal|p1a: Hippowdon|211/311\n|\n|-weather|Sandstorm|[upkeep]\n|-damage|p2a: Comfey|36/100 psn|[from] Sandstorm\n|-heal|p2a: Comfey|43/100 psn|[from] item: Leftovers\n|-heal|p1a: Hippowdon|230/311|[from] item: Leftovers\n|-damage|p2a: Comfey|30/100 psn|[from] psn\n|upkeep\n|turn|16\n|inactive|Time left: 300 sec this turn | 300 sec total\n|\n|t:|1783542930\n|move|p2a: Comfey|Giga Drain|p1a: Hippowdon\n|-supereffective|p1a: Hippowdon\n|-damage|p1a: Hippowdon|110/311\n|-heal|p2a: Comfey|57/100 psn|[from] drain|[of] p1a: Hippowdon\n|move|p1a: Hippowdon|Earthquake|p2a: Comfey\n|-damage|p2a: Comfey|10/100 psn\n|\n|-weather|Sandstorm|[upkeep]\n|-damage|p2a: Comfey|4/100 psn|[from] Sandstorm\n|-heal|p2a: Comfey|10/100 psn|[from] item: Leftovers\n|-heal|p1a: Hippowdon|129/311|[from] item: Leftovers\n|-damage|p2a: Comfey|0 fnt|[from] psn\n|faint|p2a: Comfey\n|upkeep\n|\n|t:|1783542931\n|switch|p2a: Volcanion|Volcanion, L79|45/100\n|turn|17\n|inactive|Time left: 300 sec this turn | 300 sec total\n|\n|t:|1783542932\n|-terastallize|p1a: Hippowdon|Dragon\n|move|p2a: Volcanion|Steam Eruption|p1a: Hippowdon\n|-resisted|p1a: Hippowdon\n|-crit|p1a: Hippowdon\n|-damage|p1a: Hippowdon|9/311\n|-status|p1a: Hippowdon|brn\n|move|p1a: Hippowdon|Slack Off|p1a: Hippowdon\n|-heal|p1a: Hippowdon|165/311 brn\n|\n|-weather|none\n|-heal|p1a: Hippowdon|184/311 brn|[from] item: Leftovers\n|-damage|p1a: Hippowdon|165/311 brn|[from] brn\n|upkeep\n|turn|18\n|inactive|Time left: 300 sec this turn | 300 sec total\n|\n|t:|1783542933\n|move|p2a: Volcanion|Flamethrower|p1a: Hippowdon\n|-resisted|p1a: Hippowdon\n|-damage|p1a: Hippowdon|105/311 brn\n|move|p1a: Hippowdon|Slack Off|p1a: Hippowdon\n|-heal|p1a: Hippowdon|261/311 brn\n|\n|-heal|p1a: Hippowdon|280/311 brn|[from] item: Leftovers\n|-damage|p1a: Hippowdon|261/311 brn|[from] brn\n|upkeep\n|turn|19\n|inactive|Time left: 300 sec this turn | 300 sec total\n|\n|t:|1783542934\n|move|p2a: Volcanion|Flamethrower|p1a: Hippowdon\n|-resisted|p1a: Hippowdon\n|-damage|p1a: Hippowdon|200/311 brn\n|move|p1a: Hippowdon|Earthquake|p2a: Volcanion\n|-supereffective|p2a: Volcanion\n|-damage|p2a: Volcanion|11/100\n|\n|-heal|p1a: Hippowdon|219/311 brn|[from] item: Leftovers\n|-damage|p1a: Hippowdon|200/311 brn|[from] brn\n|upkeep\n|turn|20\n|inactive|Time left: 300 sec this turn | 300 sec total\n|\n|t:|1783542936\n|move|p2a: Volcanion|Flamethrower|p1a: Hippowdon\n|-resisted|p1a: Hippowdon\n|-damage|p1a: Hippowdon|140/311 brn\n|move|p1a: Hippowdon|Slack Off|p1a: Hippowdon\n|-heal|p1a: Hippowdon|296/311 brn\n|\n|-heal|p1a: Hippowdon|311/311 brn|[from] item: Leftovers\n|-damage|p1a: Hippowdon|292/311 brn|[from] brn\n|upkeep\n|turn|21\n|inactive|Time left: 300 sec this turn | 300 sec total\n|\n|t:|1783542937\n|move|p2a: Volcanion|Flamethrower|p1a: Hippowdon\n|-resisted|p1a: Hippowdon\n|-damage|p1a: Hippowdon|229/311 brn\n|move|p1a: Hippowdon|Earthquake|p2a: Volcanion\n|-supereffective|p2a: Volcanion\n|-damage|p2a: Volcanion|0 fnt\n|faint|p2a: Volcanion\n|\n|-heal|p1a: Hippowdon|248/311 brn|[from] item: Leftovers\n|-damage|p1a: Hippowdon|229/311 brn|[from] brn\n|upkeep\n|\n|t:|1783542938\n|switch|p2a: Clawitzer|Clawitzer, L87, F|39/100 psn\n|turn|22\n|inactive|Time left: 300 sec this turn | 300 sec total\n|\n|t:|1783542939\n|move|p2a: Clawitzer|Dragon Pulse|p1a: Hippowdon\n|-supereffective|p1a: Hippowdon\n|-damage|p1a: Hippowdon|0 fnt\n|faint|p1a: Hippowdon\n|\n|-damage|p2a: Clawitzer|27/100 psn|[from] psn\n|upkeep\n|inactive|Time left: 300 sec this turn | 300 sec total | 5 sec grace\n|\n|t:|1783542940\n|switch|p1a: Iron Valiant|Iron Valiant, L78|244/244\n|turn|23\n|inactive|Time left: 300 sec this turn | 300 sec total\n|\n|t:|1783542941\n|move|p1a: Iron Valiant|Knock Off|p2a: Clawitzer\n|-crit|p2a: Clawitzer\n|-damage|p2a: Clawitzer|0 fnt\n|-enditem|p2a: Clawitzer|Assault Vest|[from] move: Knock Off|[of] p1a: Iron Valiant\n|faint|p2a: Clawitzer\n|-damage|p1a: Iron Valiant|220/244|[from] item: Life Orb\n|\n|upkeep\n|\n|t:|1783542942\n|switch|p2a: Sandy Shocks|Sandy Shocks, L80|100/100\n|-status|p2a: Sandy Shocks|psn\n|turn|24\n|inactive|Time left: 300 sec this turn | 300 sec total\n|\n|t:|1783542943\n|-terastallize|p2a: Sandy Shocks|Ground\n|move|p1a: Iron Valiant|Close Combat|p2a: Sandy Shocks\n|-damage|p2a: Sandy Shocks|36/100 psn\n|-unboost|p1a: Iron Valiant|def|1\n|-unboost|p1a: Iron Valiant|spd|1\n|-damage|p1a: Iron Valiant|196/244|[from] item: Life Orb\n|move|p2a: Sandy Shocks|Earth Power|p1a: Iron Valiant\n|-damage|p1a: Iron Valiant|0 fnt\n|faint|p1a: Iron Valiant\n|-end|p1a: Iron Valiant|Quark Drive|[silent]\n|\n|-heal|p2a: Sandy Shocks|42/100 psn|[from] item: Leftovers\n|-damage|p2a: Sandy Shocks|30/100 psn|[from] psn\n|upkeep\n|inactive|Time left: 300 sec this turn | 300 sec total | 5 sec grace\n|\n|t:|1783542944\n|switch|p1a: Great Tusk|Great Tusk, L77|304/304\n|turn|25\n|inactive|Time left: 300 sec this turn | 300 sec total\n|\n|t:|1783542945\n|move|p2a: Sandy Shocks|Earth Power|p1a: Great Tusk\n|-damage|p1a: Great Tusk|170/304\n|move|p1a: Great Tusk|Rapid Spin|p2a: Sandy Shocks\n|-damage|p2a: Sandy Shocks|15/100 psn\n|-boost|p1a: Great Tusk|spe|1\n|\n|-heal|p2a: Sandy Shocks|21/100 psn|[from] item: Leftovers\n|-damage|p2a: Sandy Shocks|9/100 psn|[from] psn\n|upkeep\n|turn|26\n|inactive|Time left: 300 sec this turn | 300 sec total\n|\n|t:|1783542946\n|-end|p1a: Great Tusk|Protosynthesis|[silent]\n|switch|p1a: Baxcalibur|Baxcalibur, L75, F|49/295\n|move|p2a: Sandy Shocks|Thunder Wave|p1a: Baxcalibur\n|-status|p1a: Baxcalibur|par\n|\n|-heal|p2a: Sandy Shocks|15/100 psn|[from] item: Leftovers\n|-damage|p2a: Sandy Shocks|2/100 psn|[from] psn\n|upkeep\n|turn|27\n|inactive|Time left: 300 sec this turn | 300 sec total\n|\n|t:|1783542947\n|move|p2a: Sandy Shocks|Thunder Wave|p1a: Baxcalibur|[miss]\n|-miss|p2a: Sandy Shocks|p1a: Baxcalibur\n|move|p1a: Baxcalibur|Icicle Spear|p2a: Sandy Shocks\n|-supereffective|p2a: Sandy Shocks\n|-damage|p2a: Sandy Shocks|0 fnt\n|faint|p2a: Sandy Shocks\n|-end|p2a: Sandy Shocks|Protosynthesis|[silent]\n|-hitcount|p2: Sandy Shocks|1\n|\n|win|p0x33120bf", "uploadtime": 1783542947, "views": 0, "rating": 0, "private": 0, "password": null, "_winner": "p0x33120bf", "_our_name": "p0x33120bf"}