{"id": "battle-gen9randombattle-657", "formatid": "gen9randombattle", "format": "[Gen 9] Random Battle", "players": ["p0x657f025", "p0y657c7cd"], "log": "|init|battle\n|title|p0x657f025 vs. p0y657c7cd\n|j|\u2606p0x657f025\n|j|\u2606p0y657c7cd\n|t:|1783547431\n|gametype|singles\n|player|p1|p0x657f025|169|\n|player|p2|p0y657c7cd|265|\n|gen|9\n|tier|[Gen 9] Random Battle\n|rule|Species Clause: Limit one of each Pok\u00e9mon\n|rule|HP Percentage Mod: HP is shown in percentages\n|rule|Sleep Clause Mod: Limit one foe put to sleep\n|rule|Illusion Level Mod: Illusion disguises the Pok\u00e9mon's true level\n|\n|t:|1783547431\n|teamsize|p1|6\n|teamsize|p2|6\n|start\n|switch|p1a: Garganacl|Garganacl, L80, M|100/100\n|switch|p2a: Gengar|Gengar, L81, F|230/230\n|turn|1\n|inactive|Battle timer is ON: inactive players will automatically lose when time's up. (requested by p0x657f025)\n|inactive|Time left: 300 sec this turn | 300 sec total | 60 sec grace\n|inactive|p0y657c7cd also wants the timer to be on.\n|\n|t:|1783547433\n|move|p2a: Gengar|Nasty Plot|p2a: Gengar\n|-boost|p2a: Gengar|spa|2\n|move|p1a: Garganacl|Salt Cure|p2a: Gengar\n|-damage|p2a: Gengar|175/230\n|-start|p2a: Gengar|Salt Cure\n|\n|-damage|p2a: Gengar|147/230|[from] Salt Cure\n|upkeep\n|turn|2\n|inactive|Time left: 300 sec this turn | 300 sec total\n|\n|t:|1783547434\n|move|p2a: Gengar|Focus Blast|p1a: Garganacl\n|-supereffective|p1a: Garganacl\n|-damage|p1a: Garganacl|0 fnt\n|faint|p1a: Garganacl\n|-damage|p2a: Gengar|124/230|[from] item: Life Orb\n|\n|-damage|p2a: Gengar|96/230|[from] Salt Cure\n|upkeep\n|\n|t:|1783547435\n|switch|p1a: Okidogi|Okidogi, L77, M|100/100\n|turn|3\n|inactive|Time left: 300 sec this turn | 300 sec total\n|\n|t:|1783547436\n|move|p2a: Gengar|Shadow Ball|p1a: Okidogi\n|-damage|p1a: Okidogi|21/100\n|-damage|p2a: Gengar|73/230|[from] item: Life Orb\n|move|p1a: Okidogi|Knock Off|p2a: Gengar\n|-supereffective|p2a: Gengar\n|-damage|p2a: Gengar|0 fnt\n|-enditem|p2a: Gengar|Life Orb|[from] move: Knock Off|[of] p1a: Okidogi\n|faint|p2a: Gengar\n|\n|upkeep\n|inactive|Time left: 300 sec this turn | 300 sec total | 5 sec grace\n|\n|t:|1783547437\n|switch|p2a: Tinkaton|Tinkaton, L82, F|274/274\n|-ability|p2a: Tinkaton|Mold Breaker\n|turn|4\n|inactive|Time left: 300 sec this turn | 300 sec total\n|\n|t:|1783547438\n|switch|p1a: Moltres|Moltres, L81|100/100\n|move|p2a: Tinkaton|Gigaton Hammer|p1a: Moltres\n|-resisted|p1a: Moltres\n|-damage|p1a: Moltres|78/100\n|\n|upkeep\n|turn|5\n|inactive|Time left: 300 sec this turn | 300 sec total\n|\n|t:|1783547439\n|move|p2a: Tinkaton|Swords Dance|p2a: Tinkaton\n|-boost|p2a: Tinkaton|atk|2\n|move|p1a: Moltres|Fire Blast|p2a: Tinkaton\n|-supereffective|p2a: Tinkaton\n|-damage|p2a: Tinkaton|40/274\n|\n|-heal|p2a: Tinkaton|57/274|[from] item: Leftovers\n|upkeep\n|turn|6\n|inactive|Time left: 300 sec this turn | 300 sec total\n|\n|t:|1783547441\n|move|p2a: Tinkaton|Gigaton Hammer|p1a: Moltres\n|-resisted|p1a: Moltres\n|-damage|p1a: Moltres|30/100\n|move|p1a: Moltres|Scorching Sands|p2a: Tinkaton\n|-supereffective|p2a: Tinkaton\n|-damage|p2a: Tinkaton|0 fnt\n|faint|p2a: Tinkaton\n|\n|upkeep\n|inactive|Time left: 300 sec this turn | 300 sec total | 5 sec grace\n|\n|t:|1783547442\n|switch|p2a: Floatzel|Floatzel, L86, M|286/286\n|turn|7\n|inactive|Time left: 300 sec this turn | 300 sec total\n|\n|t:|1783547443\n|switch|p1a: Cresselia|Cresselia, L80, F|100/100\n|move|p2a: Floatzel|Wave Crash|p1a: Cresselia\n|-damage|p1a: Cresselia|63/100\n|-damage|p2a: Floatzel|246/286|[from] Recoil\n|\n|-heal|p2a: Floatzel|263/286|[from] item: Leftovers\n|-heal|p1a: Cresselia|70/100|[from] item: Leftovers\n|upkeep\n|turn|8\n|inactive|Time left: 300 sec this turn | 300 sec total\n|\n|t:|1783547444\n|move|p2a: Floatzel|Bulk Up|p2a: Floatzel\n|-boost|p2a: Floatzel|atk|1\n|-boost|p2a: Floatzel|def|1\n|move|p1a: Cresselia|Moonlight|p1a: Cresselia\n|-heal|p1a: Cresselia|100/100\n|\n|-heal|p2a: Floatzel|280/286|[from] item: Leftovers\n|upkeep\n|turn|9\n|inactive|Time left: 300 sec this turn | 300 sec total\n|\n|t:|1783547445\n|move|p2a: Floatzel|Bulk Up|p2a: Floatzel\n|-boost|p2a: Floatzel|atk|1\n|-boost|p2a: Floatzel|def|1\n|move|p1a: Cresselia|Moonblast|p2a: Floatzel\n|-damage|p2a: Floatzel|202/286\n|-unboost|p2a: Floatzel|spa|1\n|\n|-heal|p2a: Floatzel|219/286|[from] item: Leftovers\n|upkeep\n|turn|10\n|inactive|Time left: 300 sec this turn | 300 sec total\n|\n|t:|1783547446\n|move|p2a: Floatzel|Wave Crash|p1a: Cresselia\n|-damage|p1a: Cresselia|23/100\n|-damage|p2a: Floatzel|137/286|[from] Recoil\n|move|p1a: Cresselia|Moonblast|p2a: Floatzel\n|-damage|p2a: Floatzel|63/286\n|\n|-heal|p2a: Floatzel|80/286|[from] item: Leftovers\n|-heal|p1a: Cresselia|30/100|[from] item: Leftovers\n|upkeep\n|turn|11\n|inactive|Time left: 300 sec this turn | 300 sec total\n|\n|t:|1783547448\n|move|p2a: Floatzel|Ice Spinner|p1a: Cresselia\n|-damage|p1a: Cresselia|0 fnt\n|faint|p1a: Cresselia\n|\n|-heal|p2a: Floatzel|97/286|[from] item: Leftovers\n|upkeep\n|\n|t:|1783547449\n|switch|p1a: Mew|Mew, L82|100/100\n|turn|12\n|inactive|Time left: 300 sec this turn | 300 sec total\n|\n|t:|1783547450\n|move|p2a: Floatzel|Wave Crash|p1a: Mew\n|-crit|p1a: Mew\n|-damage|p1a: Mew|0 fnt\n|faint|p1a: Mew\n|-damage|p2a: Floatzel|0 fnt|[from] Recoil\n|faint|p2a: Floatzel\n|\n|upkeep\n|inactive|Time left: 300 sec this turn | 300 sec total | 5 sec grace\n|\n|t:|1783547451\n|switch|p2a: Veluza|Veluza, L85, M|292/292\n|switch|p1a: Ogerpon|Ogerpon-Cornerstone, L76, F|100/100\n|turn|13\n|inactive|Time left: 300 sec this turn | 300 sec total\n|\n|t:|1783547452\n|switch|p2a: Forretress|Forretress, L84, M|263/263\n|move|p1a: Ogerpon|Power Whip|p2a: Forretress|[miss]\n|-miss|p1a: Ogerpon|p2a: Forretress\n|\n|upkeep\n|turn|14\n|inactive|Time left: 300 sec this turn | 300 sec total\n|\n|t:|1783547453\n|switch|p1a: Moltres|Moltres, L81|30/100\n|move|p2a: Forretress|Iron Head|p1a: Moltres\n|-resisted|p1a: Moltres\n|-damage|p1a: Moltres|16/100\n|-status|p2a: Forretress|brn|[from] ability: Flame Body|[of] p1a: Moltres\n|\n|-damage|p2a: Forretress|247/263 brn|[from] brn\n|upkeep\n|turn|15\n|inactive|Time left: 300 sec this turn | 300 sec total\n|\n|t:|1783547454\n|switch|p2a: Veluza|Veluza, L85, M|292/292\n|move|p1a: Moltres|Roost|p1a: Moltres\n|-heal|p1a: Moltres|66/100\n|-singleturn|p1a: Moltres|move: Roost\n|\n|upkeep\n|turn|16\n|inactive|Time left: 300 sec this turn | 300 sec total\n|\n|t:|1783547455\n|move|p1a: Moltres|Scorching Sands|p2a: Veluza\n|-damage|p2a: Veluza|219/292\n|move|p2a: Veluza|Aqua Cutter|p1a: Moltres\n|-supereffective|p1a: Moltres\n|-crit|p1a: Moltres\n|-damage|p1a: Moltres|0 fnt\n|faint|p1a: Moltres\n|\n|upkeep\n|\n|t:|1783547456\n|switch|p1a: Ogerpon|Ogerpon-Cornerstone, L76, F|100/100\n|turn|17\n|inactive|Time left: 300 sec this turn | 300 sec total\n|\n|t:|1783547457\n|switch|p2a: Forretress|Forretress, L84, M|247/263 brn\n|move|p1a: Ogerpon|Swords Dance|p1a: Ogerpon\n|-boost|p1a: Ogerpon|atk|2\n|\n|-heal|p2a: Forretress|263/263 brn|[from] item: Leftovers\n|-damage|p2a: Forretress|247/263 brn|[from] brn\n|upkeep\n|turn|18\n|inactive|Time left: 300 sec this turn | 300 sec total\n|\n|t:|1783547457\n|move|p1a: Ogerpon|Ivy Cudgel|p2a: Forretress|[anim] Ivy Cudgel Rock\n|-damage|p2a: Forretress|88/263 brn\n|move|p2a: Forretress|Iron Head|p1a: Ogerpon\n|-supereffective|p1a: Ogerpon\n|-damage|p1a: Ogerpon|64/100\n|\n|-heal|p2a: Forretress|104/263 brn|[from] item: Leftovers\n|-damage|p2a: Forretress|88/263 brn|[from] brn\n|upkeep\n|turn|19\n|inactive|Time left: 300 sec this turn | 300 sec total\n|\n|t:|1783547459\n|move|p1a: Ogerpon|Ivy Cudgel|p2a: Forretress|[anim] Ivy Cudgel Rock\n|-damage|p2a: Forretress|0 fnt\n|faint|p2a: Forretress\n|\n|upkeep\n|inactive|Time left: 300 sec this turn | 300 sec total | 5 sec grace\n|\n|t:|1783547460\n|switch|p2a: Smeargle|Smeargle, L95, F|258/258\n|turn|20\n|inactive|Time left: 300 sec this turn | 300 sec total\n|\n|t:|1783547461\n|move|p1a: Ogerpon|Ivy Cudgel|p2a: Smeargle|[anim] Ivy Cudgel Rock\n|-enditem|p2a: Smeargle|Focus Sash\n|-damage|p2a: Smeargle|1/258\n|move|p2a: Smeargle|Whirlwind|p1a: Ogerpon\n|drag|p1a: Okidogi|Okidogi, L77, M|21/100\n|\n|upkeep\n|turn|21\n|inactive|Time left: 300 sec this turn | 300 sec total\n|\n|t:|1783547462\n|move|p2a: Smeargle|Sticky Web|p1a: Okidogi\n|-sidestart|p1: p0x657f025|move: Sticky Web\n|move|p1a: Okidogi|Drain Punch|p2a: Smeargle\n|-supereffective|p2a: Smeargle\n|-damage|p2a: Smeargle|0 fnt\n|-heal|p1a: Okidogi|21/100|[from] drain|[of] p2a: Smeargle\n|faint|p2a: Smeargle\n|\n|upkeep\n|inactive|Time left: 300 sec this turn | 300 sec total | 5 sec grace\n|\n|t:|1783547463\n|switch|p2a: Veluza|Veluza, L85, M|219/292\n|turn|22\n|inactive|Time left: 300 sec this turn | 300 sec total\n|\n|t:|1783547464\n|-terastallize|p1a: Okidogi|Dark\n|-terastallize|p2a: Veluza|Dark\n|move|p2a: Veluza|Aqua Cutter|p1a: Okidogi\n|-crit|p1a: Okidogi\n|-damage|p1a: Okidogi|0 fnt\n|faint|p1a: Okidogi\n|\n|upkeep\n|\n|t:|1783547465\n|switch|p1a: Ogerpon|Ogerpon-Cornerstone, L76, F|64/100\n|-activate|p1a: Ogerpon|move: Sticky Web\n|-unboost|p1a: Ogerpon|spe|1\n|turn|23\n|inactive|Time left: 300 sec this turn | 300 sec total\n|\n|t:|1783547466\n|move|p2a: Veluza|Aqua Cutter|p1a: Ogerpon\n|-damage|p1a: Ogerpon|0 fnt\n|faint|p1a: Ogerpon\n|\n|win|p0y657c7cd", "uploadtime": 1783547466, "views": 0, "rating": 0, "private": 0, "password": null, "_winner": "p0y657c7cd", "_our_name": "p0y657c7cd"}