{"id": "battle-gen9randombattle-2872", "formatid": "gen9randombattle", "format": "[Gen 9] Random Battle", "players": ["p0x287228af", "p0y28727355"], "log": "|init|battle\n|title|p0x287228af vs. p0y28727355\n|j|\u2606p0x287228af\n|j|\u2606p0y28727355\n|t:|1783573082\n|gametype|singles\n|player|p1|p0x287228af|169|\n|player|p2|p0y28727355|169|\n|gen|9\n|tier|[Gen 9] Random Battle\n|rule|Species Clause: Limit one of each Pok\u00e9mon\n|rule|HP Percentage Mod: HP is shown in percentages\n|rule|Sleep Clause Mod: Limit one foe put to sleep\n|rule|Illusion Level Mod: Illusion disguises the Pok\u00e9mon's true level\n|\n|t:|1783573082\n|teamsize|p1|6\n|teamsize|p2|6\n|start\n|switch|p1a: Iron Moth|Iron Moth, L78|253/253\n|switch|p2a: Iron Leaves|Iron Leaves, L80|100/100\n|turn|1\n|inactive|Battle timer is ON: inactive players will automatically lose when time's up. (requested by p0x287228af)\n|inactive|p0y28727355 also wants the timer to be on.\n|\n|t:|1783573083\n|move|p1a: Iron Moth|Sludge Wave|p2a: Iron Leaves\n|-supereffective|p2a: Iron Leaves\n|-damage|p2a: Iron Leaves|0 fnt\n|faint|p2a: Iron Leaves\n|-end|p2a: Iron Leaves|Quark Drive|[silent]\n|\n|upkeep\n|\n|t:|1783573084\n|switch|p2a: Minior|Minior-Yellow, L79|100/100\n|-formechange|p2a: Minior|Minior-Meteor||[from] ability: Shields Down\n|turn|2\n|inactive|Time left: 300 sec this turn | 300 sec total\n|\n|t:|1783573086\n|-end|p1a: Iron Moth|Quark Drive|[silent]\n|switch|p1a: Ampharos|Ampharos, L88, F|302/302\n|move|p2a: Minior|Shell Smash|p2a: Minior\n|-unboost|p2a: Minior|def|1\n|-unboost|p2a: Minior|spd|1\n|-boost|p2a: Minior|atk|2\n|-boost|p2a: Minior|spa|2\n|-boost|p2a: Minior|spe|2\n|-enditem|p2a: Minior|White Herb\n|-clearnegativeboost|p2a: Minior|[silent]\n|\n|upkeep\n|turn|3\n|inactive|Time left: 300 sec this turn | 300 sec total\n|\n|t:|1783573087\n|-terastallize|p2a: Minior|Ground\n|move|p2a: Minior|Earthquake|p1a: Ampharos\n|-supereffective|p1a: Ampharos\n|-damage|p1a: Ampharos|42/302\n|move|p1a: Ampharos|Dragon Tail|p2a: Minior\n|-damage|p2a: Minior|85/100\n|drag|p2a: Regirock|Regirock, L83|100/100\n|\n|upkeep\n|turn|4\n|inactive|Time left: 300 sec this turn | 300 sec total\n|\n|t:|1783573088\n|move|p1a: Ampharos|Thunderbolt|p2a: Regirock\n|-crit|p2a: Regirock\n|-damage|p2a: Regirock|39/100\n|move|p2a: Regirock|Stone Edge|p1a: Ampharos|[miss]\n|-miss|p2a: Regirock|p1a: Ampharos\n|\n|upkeep\n|turn|5\n|inactive|Time left: 300 sec this turn | 300 sec total\n|\n|t:|1783573089\n|switch|p2a: Minior|Minior-Yellow, L79, tera:Ground|85/100\n|-formechange|p2a: Minior|Minior-Meteor||[from] ability: Shields Down\n|move|p1a: Ampharos|Thunderbolt|p2a: Minior\n|-immune|p2a: Minior\n|\n|upkeep\n|turn|6\n|inactive|Time left: 300 sec this turn | 300 sec total\n|\n|t:|1783573090\n|move|p2a: Minior|Earthquake|p1a: Ampharos\n|-supereffective|p1a: Ampharos\n|-damage|p1a: Ampharos|0 fnt\n|faint|p1a: Ampharos\n|\n|upkeep\n|inactive|Time left: 300 sec this turn | 300 sec total | 5 sec grace\n|\n|t:|1783573090\n|switch|p1a: Frosmoth|Frosmoth, L82, F|249/249\n|turn|7\n|inactive|Time left: 300 sec this turn | 300 sec total\n|\n|t:|1783573091\n|switch|p2a: Magmortar|Magmortar, L88, M|100/100\n|move|p1a: Frosmoth|Ice Beam|p2a: Magmortar\n|-resisted|p2a: Magmortar\n|-damage|p2a: Magmortar|84/100\n|\n|upkeep\n|turn|8\n|inactive|Time left: 300 sec this turn | 300 sec total\n|\n|t:|1783573093\n|-terastallize|p1a: Frosmoth|Ground\n|move|p2a: Magmortar|Fire Blast|p1a: Frosmoth\n|-damage|p1a: Frosmoth|168/249\n|-status|p1a: Frosmoth|brn\n|move|p1a: Frosmoth|Quiver Dance|p1a: Frosmoth\n|-boost|p1a: Frosmoth|spa|1\n|-boost|p1a: Frosmoth|spd|1\n|-boost|p1a: Frosmoth|spe|1\n|\n|-damage|p1a: Frosmoth|153/249 brn|[from] brn\n|upkeep\n|turn|9\n|inactive|Time left: 300 sec this turn | 300 sec total\n|\n|t:|1783573094\n|move|p1a: Frosmoth|Tera Blast|p2a: Magmortar|[anim] Tera Blast Ground\n|-supereffective|p2a: Magmortar\n|-damage|p2a: Magmortar|0 fnt\n|faint|p2a: Magmortar\n|\n|-damage|p1a: Frosmoth|138/249 brn|[from] brn\n|upkeep\n|\n|t:|1783573095\n|switch|p2a: Minior|Minior-Yellow, L79, tera:Ground|85/100\n|-formechange|p2a: Minior|Minior-Meteor||[from] ability: Shields Down\n|turn|10\n|inactive|Time left: 300 sec this turn | 300 sec total\n|\n|t:|1783573096\n|switch|p2a: Rabsca|Rabsca, L91, F|100/100\n|move|p1a: Frosmoth|Ice Beam|p2a: Rabsca\n|-damage|p2a: Rabsca|48/100\n|\n|-damage|p1a: Frosmoth|123/249 brn|[from] brn\n|upkeep\n|turn|11\n|inactive|Time left: 300 sec this turn | 300 sec total\n|\n|t:|1783573097\n|move|p1a: Frosmoth|Ice Beam|p2a: Rabsca\n|-damage|p2a: Rabsca|0 fnt\n|faint|p2a: Rabsca\n|\n|-damage|p1a: Frosmoth|108/249 brn|[from] brn\n|upkeep\n|\n|t:|1783573098\n|switch|p2a: Minior|Minior-Yellow, L79, tera:Ground|85/100\n|-formechange|p2a: Minior|Minior-Meteor||[from] ability: Shields Down\n|turn|12\n|inactive|Time left: 300 sec this turn | 300 sec total\n|\n|t:|1783573099\n|switch|p2a: Regirock|Regirock, L83|39/100\n|move|p1a: Frosmoth|Ice Beam|p2a: Regirock\n|-damage|p2a: Regirock|0 fnt\n|faint|p2a: Regirock\n|\n|-damage|p1a: Frosmoth|93/249 brn|[from] brn\n|upkeep\n|\n|t:|1783573100\n|switch|p2a: Minior|Minior-Yellow, L79, tera:Ground|85/100\n|-formechange|p2a: Minior|Minior-Meteor||[from] ability: Shields Down\n|turn|13\n|inactive|Time left: 300 sec this turn | 300 sec total\n|\n|t:|1783573101\n|move|p1a: Frosmoth|Ice Beam|p2a: Minior\n|-supereffective|p2a: Minior\n|-damage|p2a: Minior|0 fnt\n|faint|p2a: Minior\n|\n|-damage|p1a: Frosmoth|78/249 brn|[from] brn\n|upkeep\n|\n|t:|1783573101\n|switch|p2a: Brambleghast|Brambleghast, L88, M|100/100\n|turn|14\n|inactive|Time left: 300 sec this turn | 300 sec total\n|\n|t:|1783573102\n|move|p1a: Frosmoth|Ice Beam|p2a: Brambleghast\n|-supereffective|p2a: Brambleghast\n|-damage|p2a: Brambleghast|0 fnt\n|faint|p2a: Brambleghast\n|\n|win|p0x287228af", "uploadtime": 1783573102, "views": 0, "rating": 0, "private": 0, "password": null, "_winner": "p0x287228af", "_our_name": "p0x287228af"}