{"id": "battle-gen9randombattle-1057", "formatid": "gen9randombattle", "format": "[Gen 9] Random Battle", "players": ["p0x10579e97", "p0y10577b1c"], "log": "|init|battle\n|title|p0x10579e97 vs. p0y10577b1c\n|j|\u2606p0x10579e97\n|j|\u2606p0y10577b1c\n|t:|1783552150\n|gametype|singles\n|player|p1|p0x10579e97|266|\n|player|p2|p0y10577b1c|101|\n|gen|9\n|tier|[Gen 9] Random Battle\n|rule|Species Clause: Limit one of each Pok\u00e9mon\n|rule|HP Percentage Mod: HP is shown in percentages\n|rule|Sleep Clause Mod: Limit one foe put to sleep\n|rule|Illusion Level Mod: Illusion disguises the Pok\u00e9mon's true level\n|\n|t:|1783552150\n|teamsize|p1|6\n|teamsize|p2|6\n|start\n|switch|p1a: Smeargle|Smeargle, L95, M|258/258\n|switch|p2a: Iron Treads|Iron Treads, L77|100/100\n|turn|1\n|inactive|Battle timer is ON: inactive players will automatically lose when time's up. (requested by p0x10579e97)\n|inactive|p0y10577b1c also wants the timer to be on.\n|\n|t:|1783552151\n|move|p2a: Iron Treads|Earthquake|p1a: Smeargle\n|-damage|p1a: Smeargle|108/258\n|move|p1a: Smeargle|Sticky Web|p2a: Iron Treads\n|-sidestart|p2: p0y10577b1c|move: Sticky Web\n|\n|upkeep\n|turn|2\n|inactive|Time left: 300 sec this turn | 300 sec total\n|\n|t:|1783552152\n|switch|p1a: Salamence|Salamence, L77, M|273/273\n|move|p2a: Iron Treads|Rapid Spin|p1a: Salamence\n|-damage|p1a: Salamence|235/273\n|-boost|p2a: Iron Treads|spe|1\n|-sideend|p2: p0y10577b1c|Sticky Web|[from] move: Rapid Spin|[of] p2a: Iron Treads\n|\n|upkeep\n|turn|3\n|inactive|Time left: 300 sec this turn | 300 sec total\n|\n|t:|1783552154\n|move|p2a: Iron Treads|Iron Head|p1a: Salamence\n|-damage|p1a: Salamence|135/273\n|cant|p1a: Salamence|flinch\n|\n|upkeep\n|turn|4\n|inactive|Time left: 300 sec this turn | 300 sec total\n|\n|t:|1783552155\n|move|p2a: Iron Treads|Iron Head|p1a: Salamence\n|-damage|p1a: Salamence|42/273\n|cant|p1a: Salamence|flinch\n|\n|upkeep\n|turn|5\n|inactive|Time left: 300 sec this turn | 300 sec total\n|\n|t:|1783552156\n|move|p2a: Iron Treads|Knock Off|p1a: Salamence\n|-damage|p1a: Salamence|0 fnt\n|-enditem|p1a: Salamence|Heavy-Duty Boots|[from] move: Knock Off|[of] p2a: Iron Treads\n|faint|p1a: Salamence\n|\n|upkeep\n|inactive|Time left: 300 sec this turn | 300 sec total | 5 sec grace\n|\n|t:|1783552157\n|switch|p1a: Koraidon|Koraidon, L64|235/235\n|-weather|SunnyDay|[from] ability: Orichalcum Pulse|[of] p1a: Koraidon\n|-activate|p1a: Koraidon|Orichalcum Pulse|[source]\n|turn|6\n|inactive|Time left: 300 sec this turn | 300 sec total\n|\n|t:|1783552159\n|move|p2a: Iron Treads|Knock Off|p1a: Koraidon\n|-resisted|p1a: Koraidon\n|-damage|p1a: Koraidon|201/235\n|-enditem|p1a: Koraidon|Loaded Dice|[from] move: Knock Off|[of] p2a: Iron Treads\n|move|p1a: Koraidon|Collision Course|p2a: Iron Treads\n|-supereffective|p2a: Iron Treads\n|-damage|p2a: Iron Treads|8/100\n|\n|-weather|SunnyDay|[upkeep]\n|upkeep\n|turn|7\n|inactive|Time left: 300 sec this turn | 300 sec total\n|\n|t:|1783552160\n|move|p2a: Iron Treads|Earthquake|p1a: Koraidon\n|-crit|p1a: Koraidon\n|-damage|p1a: Koraidon|54/235\n|move|p1a: Koraidon|Collision Course|p2a: Iron Treads\n|-supereffective|p2a: Iron Treads\n|-crit|p2a: Iron Treads\n|-damage|p2a: Iron Treads|0 fnt\n|faint|p2a: Iron Treads\n|-end|p2a: Iron Treads|Quark Drive|[silent]\n|\n|-weather|SunnyDay|[upkeep]\n|upkeep\n|\n|t:|1783552161\n|switch|p2a: Wugtrio|Wugtrio, L91, M|100/100\n|turn|8\n|inactive|Time left: 300 sec this turn | 300 sec total\n|\n|t:|1783552162\n|move|p2a: Wugtrio|Stomping Tantrum|p1a: Koraidon\n|-damage|p1a: Koraidon|0 fnt\n|faint|p1a: Koraidon\n|\n|-weather|SunnyDay|[upkeep]\n|upkeep\n|inactive|Time left: 300 sec this turn | 300 sec total | 5 sec grace\n|\n|t:|1783552163\n|switch|p1a: Sandy Shocks|Sandy Shocks, L80|267/267\n|-activate|p1a: Sandy Shocks|ability: Protosynthesis\n|-start|p1a: Sandy Shocks|protosynthesisspa\n|turn|9\n|inactive|Time left: 300 sec this turn | 300 sec total\n|\n|t:|1783552164\n|-terastallize|p2a: Wugtrio|Ground\n|move|p2a: Wugtrio|Stomping Tantrum|p1a: Sandy Shocks\n|-supereffective|p1a: Sandy Shocks\n|-damage|p1a: Sandy Shocks|13/267\n|move|p1a: Sandy Shocks|Thunderbolt|p2a: Wugtrio\n|-immune|p2a: Wugtrio\n|\n|-weather|SunnyDay|[upkeep]\n|upkeep\n|turn|10\n|inactive|Time left: 300 sec this turn | 300 sec total\n|\n|t:|1783552165\n|move|p2a: Wugtrio|Stomping Tantrum|p1a: Sandy Shocks\n|-supereffective|p1a: Sandy Shocks\n|-damage|p1a: Sandy Shocks|0 fnt\n|faint|p1a: Sandy Shocks\n|-end|p1a: Sandy Shocks|Protosynthesis|[silent]\n|\n|-weather|none\n|upkeep\n|inactive|Time left: 300 sec this turn | 300 sec total | 5 sec grace\n|\n|t:|1783552166\n|switch|p1a: Scream Tail|Scream Tail, L84|330/330\n|turn|11\n|inactive|Time left: 300 sec this turn | 300 sec total\n|\n|t:|1783552167\n|move|p2a: Wugtrio|Stomping Tantrum|p1a: Scream Tail\n|-damage|p1a: Scream Tail|203/330\n|move|p1a: Scream Tail|Play Rough|p2a: Wugtrio\n|-crit|p2a: Wugtrio\n|-damage|p2a: Wugtrio|25/100\n|-ability|p2a: Wugtrio|Gooey\n|-unboost|p1a: Scream Tail|spe|1\n|\n|-heal|p1a: Scream Tail|223/330|[from] item: Leftovers\n|upkeep\n|turn|12\n|inactive|Time left: 300 sec this turn | 300 sec total\n|\n|t:|1783552168\n|move|p2a: Wugtrio|Stomping Tantrum|p1a: Scream Tail\n|-damage|p1a: Scream Tail|99/330\n|move|p1a: Scream Tail|Play Rough|p2a: Wugtrio\n|-damage|p2a: Wugtrio|0 fnt\n|-ability|p2a: Wugtrio|Gooey\n|-unboost|p1a: Scream Tail|spe|1\n|faint|p2a: Wugtrio\n|\n|-heal|p1a: Scream Tail|119/330|[from] item: Leftovers\n|upkeep\n|\n|t:|1783552169\n|switch|p2a: Shiftry|Shiftry, L89, M|100/100\n|turn|13\n|inactive|Time left: 300 sec this turn | 300 sec total\n|\n|t:|1783552170\n|-end|p1a: Scream Tail|Protosynthesis|[silent]\n|switch|p1a: Iron Hands|Iron Hands, L79|373/373\n|move|p2a: Shiftry|Knock Off|p1a: Iron Hands\n|-resisted|p1a: Iron Hands\n|-damage|p1a: Iron Hands|309/373\n|-enditem|p1a: Iron Hands|Assault Vest|[from] move: Knock Off|[of] p2a: Shiftry\n|-damage|p2a: Shiftry|91/100|[from] item: Life Orb\n|\n|upkeep\n|turn|14\n|inactive|Time left: 300 sec this turn | 300 sec total\n|\n|t:|1783552171\n|switch|p2a: Hypno|Hypno, L95, M|100/100\n|move|p1a: Iron Hands|Drain Punch|p2a: Hypno\n|-resisted|p2a: Hypno\n|-damage|p2a: Hypno|85/100\n|-heal|p1a: Iron Hands|333/373|[from] drain|[of] p2a: Hypno\n|\n|-heal|p2a: Hypno|91/100|[from] item: Leftovers\n|upkeep\n|turn|15\n|inactive|Time left: 300 sec this turn | 300 sec total\n|\n|t:|1783552173\n|-end|p1a: Iron Hands|Quark Drive|[silent]\n|switch|p1a: Scream Tail|Scream Tail, L84|119/330\n|move|p2a: Hypno|Psychic Noise|p1a: Scream Tail\n|-resisted|p1a: Scream Tail\n|-damage|p1a: Scream Tail|84/330\n|-start|p1a: Scream Tail|move: Heal Block\n|\n|-heal|p2a: Hypno|97/100|[from] item: Leftovers\n|upkeep\n|turn|16\n|inactive|Time left: 300 sec this turn | 300 sec total\n|\n|t:|1783552174\n|move|p1a: Scream Tail|Thunder Wave|p2a: Hypno\n|-status|p2a: Hypno|par\n|move|p2a: Hypno|Psychic Noise|p1a: Scream Tail\n|-resisted|p1a: Scream Tail\n|-damage|p1a: Scream Tail|51/330\n|\n|-heal|p2a: Hypno|100/100 par|[from] item: Leftovers\n|-end|p1a: Scream Tail|move: Heal Block\n|upkeep\n|turn|17\n|inactive|Time left: 300 sec this turn | 300 sec total\n|\n|t:|1783552175\n|move|p1a: Scream Tail|Wish|p1a: Scream Tail\n|move|p2a: Hypno|Toxic|p1a: Scream Tail\n|-status|p1a: Scream Tail|tox\n|\n|-heal|p1a: Scream Tail|71/330 tox|[from] item: Leftovers\n|-damage|p1a: Scream Tail|51/330 tox|[from] psn\n|upkeep\n|turn|18\n|inactive|Time left: 300 sec this turn | 300 sec total\n|\n|t:|1783552176\n|move|p1a: Scream Tail|Play Rough|p2a: Hypno\n|-damage|p2a: Hypno|76/100 par\n|cant|p2a: Hypno|par\n|\n|-heal|p1a: Scream Tail|216/330 tox|[from] move: Wish|[wisher] Scream Tail\n|-heal|p1a: Scream Tail|236/330 tox|[from] item: Leftovers\n|-heal|p2a: Hypno|82/100 par|[from] item: Leftovers\n|-damage|p1a: Scream Tail|196/330 tox|[from] psn\n|upkeep\n|turn|19\n|inactive|Time left: 300 sec this turn | 300 sec total\n|\n|t:|1783552177\n|move|p1a: Scream Tail|Wish|p1a: Scream Tail\n|move|p2a: Hypno|Psychic Noise|p1a: Scream Tail\n|-resisted|p1a: Scream Tail\n|-damage|p1a: Scream Tail|164/330 tox\n|-start|p1a: Scream Tail|move: Heal Block\n|\n|-heal|p2a: Hypno|88/100 par|[from] item: Leftovers\n|-damage|p1a: Scream Tail|104/330 tox|[from] psn\n|upkeep\n|turn|20\n|inactive|Time left: 300 sec this turn | 300 sec total\n|\n|t:|1783552178\n|move|p1a: Scream Tail|Play Rough|p2a: Hypno\n|-damage|p2a: Hypno|63/100 par\n|move|p2a: Hypno|Psychic Noise|p1a: Scream Tail\n|-resisted|p1a: Scream Tail\n|-damage|p1a: Scream Tail|68/330 tox\n|\n|-heal|p2a: Hypno|69/100 par|[from] item: Leftovers\n|-damage|p1a: Scream Tail|0 fnt|[from] psn\n|faint|p1a: Scream Tail\n|-end|p1a: Scream Tail|Protosynthesis|[silent]\n|upkeep\n|inactive|Time left: 300 sec this turn | 300 sec total | 5 sec grace\n|\n|t:|1783552179\n|switch|p1a: Smeargle|Smeargle, L95, M|108/258\n|turn|21\n|inactive|Time left: 300 sec this turn | 300 sec total\n|\n|t:|1783552180\n|move|p1a: Smeargle|Sticky Web|p2a: Hypno\n|-sidestart|p2: p0y10577b1c|move: Sticky Web\n|move|p2a: Hypno|Psychic Noise|p1a: Smeargle\n|-damage|p1a: Smeargle|0 fnt\n|faint|p1a: Smeargle\n|\n|-heal|p2a: Hypno|75/100 par|[from] item: Leftovers\n|upkeep\n|inactive|Time left: 300 sec this turn | 300 sec total | 5 sec grace\n|\n|t:|1783552181\n|switch|p1a: Iron Hands|Iron Hands, L79|333/373\n|turn|22\n|inactive|Time left: 300 sec this turn | 300 sec total\n|\n|t:|1783552182\n|-terastallize|p1a: Iron Hands|Electric\n|move|p1a: Iron Hands|Wild Charge|p2a: Hypno\n|-damage|p2a: Hypno|28/100 par\n|-damage|p1a: Iron Hands|296/373|[from] Recoil\n|cant|p2a: Hypno|par\n|\n|-heal|p2a: Hypno|34/100 par|[from] item: Leftovers\n|upkeep\n|turn|23\n|inactive|Time left: 300 sec this turn | 300 sec total\n|\n|t:|1783552183\n|move|p1a: Iron Hands|Ice Punch|p2a: Hypno\n|-damage|p2a: Hypno|14/100 par\n|cant|p2a: Hypno|par\n|\n|-heal|p2a: Hypno|20/100 par|[from] item: Leftovers\n|upkeep\n|turn|24\n|inactive|Time left: 300 sec this turn | 300 sec total\n|\n|t:|1783552184\n|move|p1a: Iron Hands|Drain Punch|p2a: Hypno\n|-resisted|p2a: Hypno\n|-damage|p2a: Hypno|4/100 par\n|-heal|p1a: Iron Hands|322/373|[from] drain|[of] p2a: Hypno\n|move|p2a: Hypno|Psychic Noise|p1a: Iron Hands\n|-damage|p1a: Iron Hands|223/373\n|-start|p1a: Iron Hands|move: Heal Block\n|\n|-heal|p2a: Hypno|10/100 par|[from] item: Leftovers\n|upkeep\n|turn|25\n|inactive|Time left: 300 sec this turn | 300 sec total\n|\n|t:|1783552185\n|switch|p2a: Tatsugiri|Tatsugiri, L87, F|100/100\n|move|p1a: Iron Hands|Ice Punch|p2a: Tatsugiri\n|-damage|p2a: Tatsugiri|69/100\n|\n|-end|p1a: Iron Hands|move: Heal Block\n|upkeep\n|turn|26\n|inactive|Time left: 300 sec this turn | 300 sec total\n|\n|t:|1783552186\n|move|p2a: Tatsugiri|Draco Meteor|p1a: Iron Hands|[miss]\n|-miss|p2a: Tatsugiri|p1a: Iron Hands\n|move|p1a: Iron Hands|Drain Punch|p2a: Tatsugiri\n|-damage|p2a: Tatsugiri|27/100\n|-heal|p1a: Iron Hands|279/373|[from] drain|[of] p2a: Tatsugiri\n|\n|upkeep\n|turn|27\n|inactive|Time left: 300 sec this turn | 300 sec total\n|\n|t:|1783552187\n|move|p2a: Tatsugiri|Draco Meteor|p1a: Iron Hands\n|-damage|p1a: Iron Hands|69/373\n|-unboost|p2a: Tatsugiri|spa|2\n|move|p1a: Iron Hands|Ice Punch|p2a: Tatsugiri\n|-damage|p2a: Tatsugiri|0 fnt\n|faint|p2a: Tatsugiri\n|\n|upkeep\n|\n|t:|1783552189\n|switch|p2a: Shiftry|Shiftry, L89, M|91/100\n|-activate|p2a: Shiftry|move: Sticky Web\n|-unboost|p2a: Shiftry|spe|1\n|turn|28\n|inactive|Time left: 300 sec this turn | 300 sec total\n|\n|t:|1783552190\n|move|p2a: Shiftry|Leaf Blade|p1a: Iron Hands\n|-damage|p1a: Iron Hands|0 fnt\n|faint|p1a: Iron Hands\n|-end|p1a: Iron Hands|Quark Drive|[silent]\n|-damage|p2a: Shiftry|81/100|[from] item: Life Orb\n|\n|win|p0y10577b1c", "uploadtime": 1783552190, "views": 0, "rating": 0, "private": 0, "password": null, "_winner": "p0y10577b1c", "_our_name": "p0x10579e97"}