{"id": "battle-gen9randombattle-439", "formatid": "gen9randombattle", "format": "[Gen 9] Random Battle", "players": ["p0x439e2b2", "p0y439e06e"], "log": "|init|battle\n|title|p0x439e2b2 vs. p0y439e06e\n|j|\u2606p0x439e2b2\n|j|\u2606p0y439e06e\n|t:|1783544133\n|gametype|singles\n|player|p1|p0x439e2b2|169|\n|player|p2|p0y439e06e|1|\n|gen|9\n|tier|[Gen 9] Random Battle\n|rule|Species Clause: Limit one of each Pok\u00e9mon\n|rule|HP Percentage Mod: HP is shown in percentages\n|rule|Sleep Clause Mod: Limit one foe put to sleep\n|rule|Illusion Level Mod: Illusion disguises the Pok\u00e9mon's true level\n|\n|t:|1783544133\n|teamsize|p1|6\n|teamsize|p2|6\n|start\n|switch|p1a: Heatran|Heatran, L79, M|273/273\n|switch|p2a: Calyrex|Calyrex-Ice, L72|100/100\n|-ability|p2a: Calyrex|As One\n|-ability|p2a: Calyrex|Unnerve\n|-item|p1a: Heatran|Air Balloon\n|turn|1\n|inactive|Battle timer is ON: inactive players will automatically lose when time's up. (requested by p0x439e2b2)\n|inactive|p0y439e06e also wants the timer to be on.\n|\n|t:|1783544135\n|move|p1a: Heatran|Lava Plume|p2a: Calyrex\n|-supereffective|p2a: Calyrex\n|-damage|p2a: Calyrex|37/100\n|-enditem|p2a: Calyrex|Weakness Policy\n|-boost|p2a: Calyrex|atk|2|[from] item: Weakness Policy\n|-boost|p2a: Calyrex|spa|2|[from] item: Weakness Policy\n|move|p2a: Calyrex|Glacial Lance|p1a: Heatran\n|-resisted|p1a: Heatran\n|-damage|p1a: Heatran|209/273\n|-enditem|p1a: Heatran|Air Balloon\n|\n|upkeep\n|turn|2\n|inactive|Time left: 300 sec this turn | 300 sec total\n|\n|t:|1783544136\n|-terastallize|p2a: Calyrex|Ground\n|move|p1a: Heatran|Lava Plume|p2a: Calyrex\n|-damage|p2a: Calyrex|6/100\n|move|p2a: Calyrex|Agility|p2a: Calyrex\n|-boost|p2a: Calyrex|spe|2\n|\n|upkeep\n|turn|3\n|inactive|Time left: 300 sec this turn | 300 sec total\n|\n|t:|1783544137\n|-terastallize|p1a: Heatran|Flying\n|move|p2a: Calyrex|Glacial Lance|p1a: Heatran\n|-supereffective|p1a: Heatran\n|-damage|p1a: Heatran|0 fnt\n|faint|p1a: Heatran\n|-ability|p2a: Calyrex|Chilling Neigh|boost\n|-boost|p2a: Calyrex|atk|1\n|\n|upkeep\n|inactive|Time left: 300 sec this turn | 300 sec total | 5 sec grace\n|\n|t:|1783544138\n|switch|p1a: Muk|Muk-Alola, L82, F|306/306\n|turn|4\n|inactive|Time left: 300 sec this turn | 300 sec total\n|\n|t:|1783544139\n|move|p1a: Muk|Shadow Sneak|p2a: Calyrex\n|-crit|p2a: Calyrex\n|-damage|p2a: Calyrex|0 fnt\n|faint|p2a: Calyrex\n|\n|upkeep\n|\n|t:|1783544140\n|switch|p2a: Garchomp|Garchomp, L74, M|100/100\n|turn|5\n|inactive|Time left: 300 sec this turn | 300 sec total\n|\n|t:|1783544141\n|switch|p1a: Hatterene|Hatterene, L85, F|236/236\n|move|p2a: Garchomp|Earthquake|p1a: Hatterene\n|-damage|p1a: Hatterene|142/236\n|\n|upkeep\n|turn|6\n|inactive|Time left: 300 sec this turn | 300 sec total\n|\n|t:|1783544142\n|move|p2a: Garchomp|Iron Head|p1a: Hatterene\n|-supereffective|p1a: Hatterene\n|-damage|p1a: Hatterene|44/236\n|move|p1a: Hatterene|Draining Kiss|p2a: Garchomp\n|-supereffective|p2a: Garchomp\n|-damage|p2a: Garchomp|40/100\n|-heal|p1a: Hatterene|172/236|[from] drain|[of] p2a: Garchomp\n|-damage|p1a: Hatterene|143/236|[from] ability: Rough Skin|[of] p2a: Garchomp\n|\n|upkeep\n|turn|7\n|inactive|Time left: 300 sec this turn | 300 sec total\n|\n|t:|1783544144\n|move|p2a: Garchomp|Iron Head|p1a: Hatterene\n|-supereffective|p1a: Hatterene\n|-damage|p1a: Hatterene|45/236\n|move|p1a: Hatterene|Draining Kiss|p2a: Garchomp\n|-supereffective|p2a: Garchomp\n|-damage|p2a: Garchomp|0 fnt\n|-heal|p1a: Hatterene|129/236|[from] drain|[of] p2a: Garchomp\n|-damage|p1a: Hatterene|100/236|[from] ability: Rough Skin|[of] p2a: Garchomp\n|faint|p2a: Garchomp\n|\n|upkeep\n|\n|t:|1783544145\n|switch|p2a: Sinistcha|Sinistcha-Masterpiece, L83|100/100\n|turn|8\n|inactive|Time left: 300 sec this turn | 300 sec total\n|\n|t:|1783544146\n|switch|p1a: Mightyena|Mightyena, L96, M|290/290\n|-ability|p1a: Mightyena|Intimidate|boost\n|-unboost|p2a: Sinistcha|atk|1\n|move|p2a: Sinistcha|Shadow Ball|p1a: Mightyena\n|-resisted|p1a: Mightyena\n|-damage|p1a: Mightyena|236/290\n|\n|upkeep\n|turn|9\n|inactive|Time left: 300 sec this turn | 300 sec total\n|\n|t:|1783544147\n|switch|p2a: Chesnaught|Chesnaught, L84, M|100/100\n|move|p1a: Mightyena|Throat Chop|p2a: Chesnaught\n|-resisted|p2a: Chesnaught\n|-damage|p2a: Chesnaught|77/100\n|-start|p2a: Chesnaught|Throat Chop|[silent]\n|\n|-heal|p2a: Chesnaught|83/100|[from] item: Leftovers\n|upkeep\n|turn|10\n|inactive|Time left: 300 sec this turn | 300 sec total\n|\n|t:|1783544148\n|switch|p1a: Muk|Muk-Alola, L82, F|306/306\n|move|p2a: Chesnaught|Trailblaze|p1a: Muk\n|-resisted|p1a: Muk\n|-damage|p1a: Muk|275/306\n|-boost|p2a: Chesnaught|spe|1\n|\n|-heal|p2a: Chesnaught|89/100|[from] item: Leftovers\n|-end|p2a: Chesnaught|Throat Chop|[silent]\n|upkeep\n|turn|11\n|inactive|Time left: 300 sec this turn | 300 sec total\n|\n|t:|1783544150\n|move|p2a: Chesnaught|Iron Defense|p2a: Chesnaught\n|-boost|p2a: Chesnaught|def|2\n|move|p1a: Muk|Gunk Shot|p2a: Chesnaught|[miss]\n|-miss|p1a: Muk|p2a: Chesnaught\n|\n|-heal|p2a: Chesnaught|95/100|[from] item: Leftovers\n|upkeep\n|turn|12\n|inactive|Time left: 300 sec this turn | 300 sec total\n|\n|t:|1783544151\n|switch|p1a: Hatterene|Hatterene, L85, F|100/236\n|move|p2a: Chesnaught|Body Press|p1a: Hatterene\n|-resisted|p1a: Hatterene\n|-damage|p1a: Hatterene|51/236\n|\n|-heal|p2a: Chesnaught|100/100|[from] item: Leftovers\n|upkeep\n|turn|13\n|inactive|Time left: 300 sec this turn | 300 sec total\n|\n|t:|1783544152\n|switch|p1a: Mightyena|Mightyena, L96, M|236/290\n|-ability|p1a: Mightyena|Intimidate|boost\n|-unboost|p2a: Chesnaught|atk|1\n|move|p2a: Chesnaught|Trailblaze|p1a: Mightyena\n|-crit|p1a: Mightyena\n|-damage|p1a: Mightyena|140/290\n|-boost|p2a: Chesnaught|spe|1\n|\n|upkeep\n|turn|14\n|inactive|Time left: 300 sec this turn | 300 sec total\n|\n|t:|1783544153\n|move|p2a: Chesnaught|Body Press|p1a: Mightyena\n|-supereffective|p1a: Mightyena\n|-damage|p1a: Mightyena|0 fnt\n|faint|p1a: Mightyena\n|\n|upkeep\n|inactive|Time left: 300 sec this turn | 300 sec total | 5 sec grace\n|\n|t:|1783544154\n|switch|p1a: Hatterene|Hatterene, L85, F|51/236\n|turn|15\n|inactive|Time left: 300 sec this turn | 300 sec total\n|\n|t:|1783544155\n|switch|p2a: Sinistcha|Sinistcha-Masterpiece, L83|100/100\n|move|p1a: Hatterene|Draining Kiss|p2a: Sinistcha\n|-damage|p2a: Sinistcha|68/100\n|-heal|p1a: Hatterene|113/236|[from] drain|[of] p2a: Sinistcha\n|\n|-heal|p2a: Sinistcha|74/100|[from] item: Leftovers\n|upkeep\n|turn|16\n|inactive|Time left: 300 sec this turn | 300 sec total\n|\n|t:|1783544156\n|switch|p1a: Muk|Muk-Alola, L82, F|275/306\n|move|p2a: Sinistcha|Shadow Ball|p1a: Muk\n|-resisted|p1a: Muk\n|-damage|p1a: Muk|246/306\n|\n|-heal|p2a: Sinistcha|80/100|[from] item: Leftovers\n|upkeep\n|turn|17\n|inactive|Time left: 300 sec this turn | 300 sec total\n|\n|t:|1783544158\n|move|p2a: Sinistcha|Strength Sap|p1a: Muk\n|-unboost|p1a: Muk|atk|1\n|-heal|p2a: Sinistcha|100/100\n|move|p1a: Muk|Knock Off|p2a: Sinistcha\n|-supereffective|p2a: Sinistcha\n|-damage|p2a: Sinistcha|50/100\n|-enditem|p2a: Sinistcha|Leftovers|[from] move: Knock Off|[of] p1a: Muk\n|\n|upkeep\n|turn|18\n|inactive|Time left: 300 sec this turn | 300 sec total\n|\n|t:|1783544159\n|move|p2a: Sinistcha|Strength Sap|p1a: Muk\n|-unboost|p1a: Muk|atk|1\n|-heal|p2a: Sinistcha|100/100\n|move|p1a: Muk|Knock Off|p2a: Sinistcha\n|-supereffective|p2a: Sinistcha\n|-damage|p2a: Sinistcha|75/100\n|-status|p2a: Sinistcha|psn|[from] ability: Poison Touch|[of] p1a: Muk\n|\n|-damage|p2a: Sinistcha|62/100 psn|[from] psn\n|upkeep\n|turn|19\n|inactive|Time left: 300 sec this turn | 300 sec total\n|\n|t:|1783544160\n|move|p2a: Sinistcha|Matcha Gotcha|p1a: Muk\n|-resisted|p1a: Muk\n|-damage|p1a: Muk|217/306\n|-heal|p2a: Sinistcha|68/100 psn|[from] drain|[of] p1a: Muk\n|move|p1a: Muk|Knock Off|p2a: Sinistcha\n|-supereffective|p2a: Sinistcha\n|-damage|p2a: Sinistcha|45/100 psn\n|\n|-damage|p2a: Sinistcha|32/100 psn|[from] psn\n|upkeep\n|turn|20\n|inactive|Time left: 300 sec this turn | 300 sec total\n|\n|t:|1783544161\n|move|p2a: Sinistcha|Strength Sap|p1a: Muk\n|-unboost|p1a: Muk|atk|1\n|-heal|p2a: Sinistcha|75/100 psn\n|move|p1a: Muk|Knock Off|p2a: Sinistcha\n|-supereffective|p2a: Sinistcha\n|-damage|p2a: Sinistcha|56/100 psn\n|\n|-damage|p2a: Sinistcha|44/100 psn|[from] psn\n|upkeep\n|turn|21\n|inactive|Time left: 300 sec this turn | 300 sec total\n|\n|t:|1783544162\n|move|p2a: Sinistcha|Strength Sap|p1a: Muk\n|-unboost|p1a: Muk|atk|1\n|-heal|p2a: Sinistcha|78/100 psn\n|move|p1a: Muk|Knock Off|p2a: Sinistcha\n|-supereffective|p2a: Sinistcha\n|-damage|p2a: Sinistcha|62/100 psn\n|\n|-damage|p2a: Sinistcha|50/100 psn|[from] psn\n|upkeep\n|turn|22\n|inactive|Time left: 300 sec this turn | 300 sec total\n|\n|t:|1783544163\n|switch|p1a: Hatterene|Hatterene, L85, F|113/236\n|move|p2a: Sinistcha|Strength Sap|p1a: Hatterene\n|move|p1a: Hatterene|Strength Sap|p2a: Sinistcha|[from] ability: Magic Bounce\n|-unboost|p2a: Sinistcha|atk|1\n|-heal|p1a: Hatterene|217/236\n|\n|-damage|p2a: Sinistcha|38/100 psn|[from] psn\n|upkeep\n|turn|23\n|inactive|Time left: 300 sec this turn | 300 sec total\n|\n|t:|1783544164\n|move|p2a: Sinistcha|Strength Sap|p1a: Hatterene\n|move|p1a: Hatterene|Strength Sap|p2a: Sinistcha|[from] ability: Magic Bounce\n|-unboost|p2a: Sinistcha|atk|1\n|-heal|p1a: Hatterene|236/236\n|move|p1a: Hatterene|Psychic|p2a: Sinistcha\n|-damage|p2a: Sinistcha|0 fnt\n|faint|p2a: Sinistcha\n|\n|upkeep\n|\n|t:|1783544165\n|switch|p2a: Oricorio|Oricorio, L84, M|100/100\n|turn|24\n|inactive|Time left: 300 sec this turn | 300 sec total\n|\n|t:|1783544167\n|move|p2a: Oricorio|Quiver Dance|p2a: Oricorio\n|-boost|p2a: Oricorio|spa|1\n|-boost|p2a: Oricorio|spd|1\n|-boost|p2a: Oricorio|spe|1\n|move|p1a: Hatterene|Nuzzle|p2a: Oricorio\n|-supereffective|p2a: Oricorio\n|-damage|p2a: Oricorio|88/100\n|-status|p2a: Oricorio|par\n|\n|upkeep\n|turn|25\n|inactive|Time left: 300 sec this turn | 300 sec total\n|\n|t:|1783544168\n|move|p2a: Oricorio|Quiver Dance|p2a: Oricorio\n|-boost|p2a: Oricorio|spa|1\n|-boost|p2a: Oricorio|spd|1\n|-boost|p2a: Oricorio|spe|1\n|move|p1a: Hatterene|Mystical Fire|p2a: Oricorio\n|-resisted|p2a: Oricorio\n|-damage|p2a: Oricorio|80/100 par\n|-unboost|p2a: Oricorio|spa|1\n|\n|upkeep\n|turn|26\n|inactive|Time left: 300 sec this turn | 300 sec total\n|\n|t:|1783544169\n|move|p2a: Oricorio|Quiver Dance|p2a: Oricorio\n|-boost|p2a: Oricorio|spa|1\n|-boost|p2a: Oricorio|spd|1\n|-boost|p2a: Oricorio|spe|1\n|move|p1a: Hatterene|Mystical Fire|p2a: Oricorio\n|-resisted|p2a: Oricorio\n|-damage|p2a: Oricorio|73/100 par\n|-unboost|p2a: Oricorio|spa|1\n|\n|upkeep\n|turn|27\n|inactive|Time left: 300 sec this turn | 300 sec total\n|\n|t:|1783544170\n|cant|p2a: Oricorio|par\n|move|p1a: Hatterene|Mystical Fire|p2a: Oricorio\n|-resisted|p2a: Oricorio\n|-damage|p2a: Oricorio|67/100 par\n|-unboost|p2a: Oricorio|spa|1\n|\n|upkeep\n|turn|28\n|inactive|Time left: 300 sec this turn | 300 sec total\n|\n|t:|1783544171\n|cant|p2a: Oricorio|par\n|move|p1a: Hatterene|Mystical Fire|p2a: Oricorio\n|-resisted|p2a: Oricorio\n|-damage|p2a: Oricorio|60/100 par\n|-unboost|p2a: Oricorio|spa|1\n|\n|upkeep\n|turn|29\n|inactive|Time left: 300 sec this turn | 300 sec total\n|\n|t:|1783544172\n|cant|p2a: Oricorio|par\n|move|p1a: Hatterene|Mystical Fire|p2a: Oricorio\n|-resisted|p2a: Oricorio\n|-damage|p2a: Oricorio|53/100 par\n|-unboost|p2a: Oricorio|spa|1\n|\n|upkeep\n|turn|30\n|inactive|Time left: 300 sec this turn | 300 sec total\n|\n|t:|1783544174\n|switch|p1a: Muk|Muk-Alola, L82, F|217/306\n|cant|p2a: Oricorio|par\n|\n|upkeep\n|turn|31\n|inactive|Time left: 300 sec this turn | 300 sec total\n|\n|t:|1783544175\n|move|p2a: Oricorio|Roost|p2a: Oricorio\n|-heal|p2a: Oricorio|100/100 par\n|-singleturn|p2a: Oricorio|move: Roost\n|move|p1a: Muk|Knock Off|p2a: Oricorio\n|-damage|p2a: Oricorio|58/100 par\n|-enditem|p2a: Oricorio|Heavy-Duty Boots|[from] move: Knock Off|[of] p1a: Muk\n|\n|upkeep\n|turn|32\n|inactive|Time left: 300 sec this turn | 300 sec total\n|\n|t:|1783544176\n|move|p2a: Oricorio|Roost|p2a: Oricorio\n|-heal|p2a: Oricorio|100/100 par\n|-singleturn|p2a: Oricorio|move: Roost\n|move|p1a: Muk|Gunk Shot|p2a: Oricorio\n|-damage|p2a: Oricorio|42/100 par\n|\n|upkeep\n|turn|33\n|inactive|Time left: 300 sec this turn | 300 sec total\n|\n|t:|1783544177\n|cant|p2a: Oricorio|par\n|move|p1a: Muk|Gunk Shot|p2a: Oricorio|[miss]\n|-miss|p1a: Muk|p2a: Oricorio\n|\n|upkeep\n|turn|34\n|inactive|Time left: 300 sec this turn | 300 sec total\n|\n|t:|1783544178\n|move|p2a: Oricorio|Roost|p2a: Oricorio\n|-heal|p2a: Oricorio|92/100 par\n|-singleturn|p2a: Oricorio|move: Roost\n|move|p1a: Muk|Gunk Shot|p2a: Oricorio\n|-damage|p2a: Oricorio|35/100 par\n|\n|upkeep\n|turn|35\n|inactive|Time left: 300 sec this turn | 300 sec total\n|\n|t:|1783544179\n|move|p2a: Oricorio|Roost|p2a: Oricorio\n|-heal|p2a: Oricorio|85/100 par\n|-singleturn|p2a: Oricorio|move: Roost\n|move|p1a: Muk|Gunk Shot|p2a: Oricorio\n|-damage|p2a: Oricorio|26/100 par\n|\n|upkeep\n|turn|36\n|inactive|Time left: 300 sec this turn | 300 sec total\n|\n|t:|1783544180\n|move|p2a: Oricorio|Roost|p2a: Oricorio\n|-heal|p2a: Oricorio|76/100 par\n|-singleturn|p2a: Oricorio|move: Roost\n|move|p1a: Muk|Gunk Shot|p2a: Oricorio\n|-damage|p2a: Oricorio|23/100 par\n|\n|upkeep\n|turn|37\n|inactive|Time left: 300 sec this turn | 300 sec total\n|\n|t:|1783544181\n|move|p2a: Oricorio|Roost|p2a: Oricorio\n|-heal|p2a: Oricorio|74/100 par\n|-singleturn|p2a: Oricorio|move: Roost\n|move|p1a: Muk|Gunk Shot|p2a: Oricorio\n|-damage|p2a: Oricorio|13/100 par\n|\n|upkeep\n|turn|38\n|inactive|Time left: 300 sec this turn | 300 sec total\n|\n|t:|1783544182\n|cant|p2a: Oricorio|par\n|move|p1a: Muk|Knock Off|p2a: Oricorio\n|-damage|p2a: Oricorio|0 fnt\n|faint|p2a: Oricorio\n|\n|upkeep\n|\n|t:|1783544183\n|switch|p2a: Iron Bundle|Iron Bundle, L78|100/100\n|turn|39\n|inactive|Time left: 300 sec this turn | 300 sec total\n|\n|t:|1783544183\n|-end|p2a: Iron Bundle|Quark Drive|[silent]\n|switch|p2a: Chesnaught|Chesnaught, L84, M|100/100\n|switch|p1a: Hatterene|Hatterene, L85, F|236/236\n|\n|upkeep\n|turn|40\n|inactive|Time left: 300 sec this turn | 300 sec total\n|\n|t:|1783544184\n|switch|p2a: Iron Bundle|Iron Bundle, L78|100/100\n|move|p1a: Hatterene|Psychic|p2a: Iron Bundle\n|-damage|p2a: Iron Bundle|20/100\n|\n|upkeep\n|turn|41\n|inactive|Time left: 300 sec this turn | 300 sec total\n|\n|t:|1783544185\n|move|p2a: Iron Bundle|Freeze-Dry|p1a: Hatterene\n|-damage|p1a: Hatterene|190/236\n|-status|p1a: Hatterene|frz\n|cant|p1a: Hatterene|frz\n|\n|upkeep\n|turn|42\n|inactive|Time left: 300 sec this turn | 300 sec total\n|\n|t:|1783544186\n|move|p2a: Iron Bundle|Hydro Pump|p1a: Hatterene\n|-damage|p1a: Hatterene|120/236 frz\n|cant|p1a: Hatterene|frz\n|\n|upkeep\n|turn|43\n|inactive|Time left: 300 sec this turn | 300 sec total\n|\n|t:|1783544187\n|move|p2a: Iron Bundle|Ice Beam|p1a: Hatterene\n|-damage|p1a: Hatterene|65/236 frz\n|cant|p1a: Hatterene|frz\n|\n|upkeep\n|turn|44\n|inactive|Time left: 300 sec this turn | 300 sec total\n|\n|t:|1783544188\n|move|p2a: Iron Bundle|Hydro Pump|p1a: Hatterene\n|-damage|p1a: Hatterene|0 fnt\n|faint|p1a: Hatterene\n|\n|upkeep\n|inactive|Time left: 300 sec this turn | 300 sec total | 5 sec grace\n|\n|t:|1783544189\n|switch|p1a: Muk|Muk-Alola, L82, F|217/306\n|turn|45\n|inactive|Time left: 300 sec this turn | 300 sec total\n|\n|t:|1783544190\n|move|p2a: Iron Bundle|Ice Beam|p1a: Muk\n|-damage|p1a: Muk|154/306\n|move|p1a: Muk|Knock Off|p2a: Iron Bundle\n|-damage|p2a: Iron Bundle|0 fnt\n|-enditem|p2a: Iron Bundle|Heavy-Duty Boots|[from] move: Knock Off|[of] p1a: Muk\n|faint|p2a: Iron Bundle\n|-end|p2a: Iron Bundle|Quark Drive|[silent]\n|\n|upkeep\n|\n|t:|1783544191\n|switch|p2a: Chesnaught|Chesnaught, L84, M|100/100\n|turn|46\n|inactive|Time left: 300 sec this turn | 300 sec total\n|\n|t:|1783544192\n|move|p2a: Chesnaught|Iron Defense|p2a: Chesnaught\n|-boost|p2a: Chesnaught|def|2\n|move|p1a: Muk|Knock Off|p2a: Chesnaught\n|-resisted|p2a: Chesnaught\n|-damage|p2a: Chesnaught|93/100\n|-enditem|p2a: Chesnaught|Leftovers|[from] move: Knock Off|[of] p1a: Muk\n|\n|upkeep\n|turn|47\n|inactive|Time left: 300 sec this turn | 300 sec total\n|\n|t:|1783544193\n|move|p1a: Muk|Shadow Sneak|p2a: Chesnaught\n|-damage|p2a: Chesnaught|89/100\n|move|p2a: Chesnaught|Body Press|p1a: Muk\n|-damage|p1a: Muk|0 fnt\n|faint|p1a: Muk\n|\n|upkeep\n|inactive|Time left: 300 sec this turn | 300 sec total | 5 sec grace\n|\n|t:|1783544194\n|switch|p1a: Gastrodon|Gastrodon, L86, M|331/331\n|turn|48\n|inactive|Time left: 300 sec this turn | 300 sec total\n|\n|t:|1783544195\n|move|p2a: Chesnaught|Trailblaze|p1a: Gastrodon\n|-supereffective|p1a: Gastrodon\n|-damage|p1a: Gastrodon|67/331\n|-boost|p2a: Chesnaught|spe|1\n|move|p1a: Gastrodon|Surf|p2a: Chesnaught\n|-resisted|p2a: Chesnaught\n|-damage|p2a: Chesnaught|69/100\n|\n|-heal|p1a: Gastrodon|87/331|[from] item: Leftovers\n|upkeep\n|turn|49\n|inactive|Time left: 300 sec this turn | 300 sec total\n|\n|t:|1783544196\n|move|p2a: Chesnaught|Body Press|p1a: Gastrodon\n|-damage|p1a: Gastrodon|0 fnt\n|faint|p1a: Gastrodon\n|\n|upkeep\n|inactive|Time left: 300 sec this turn | 300 sec total | 5 sec grace\n|\n|t:|1783544197\n|switch|p1a: Dugtrio|Dugtrio, L84, M|196/196\n|turn|50\n|inactive|Time left: 300 sec this turn | 300 sec total\n|\n|t:|1783544198\n|move|p1a: Dugtrio|Stone Edge|p2a: Chesnaught\n|-resisted|p2a: Chesnaught\n|-damage|p2a: Chesnaught|63/100\n|-damage|p1a: Dugtrio|177/196|[from] item: Life Orb\n|move|p2a: Chesnaught|Body Press|p1a: Dugtrio\n|-damage|p1a: Dugtrio|0 fnt\n|faint|p1a: Dugtrio\n|\n|win|p0y439e06e", "uploadtime": 1783544198, "views": 0, "rating": 0, "private": 0, "password": null, "_winner": "p0y439e06e", "_our_name": "p0x439e2b2"}