{"id": "battle-gen9randombattle-1095", "formatid": "gen9randombattle", "format": "[Gen 9] Random Battle", "players": ["p0x10957622", "p0y1095881c"], "log": "|init|battle\n|title|p0x10957622 vs. p0y1095881c\n|j|\u2606p0x10957622\n|j|\u2606p0y1095881c\n|t:|1783552668\n|gametype|singles\n|player|p1|p0x10957622|2|\n|player|p2|p0y1095881c|101|\n|gen|9\n|tier|[Gen 9] Random Battle\n|rule|Species Clause: Limit one of each Pok\u00e9mon\n|rule|HP Percentage Mod: HP is shown in percentages\n|rule|Sleep Clause Mod: Limit one foe put to sleep\n|rule|Illusion Level Mod: Illusion disguises the Pok\u00e9mon's true level\n|\n|t:|1783552668\n|teamsize|p1|6\n|teamsize|p2|6\n|start\n|switch|p1a: Toxicroak|Toxicroak, L84, M|277/277\n|switch|p2a: Gardevoir|Gardevoir, L83, M|100/100\n|-ability|p2a: Gardevoir|Dry Skin|Trace|[from] ability: Trace|[of] p1a: Toxicroak\n|turn|1\n|inactive|Battle timer is ON: inactive players will automatically lose when time's up. (requested by p0x10957622)\n|inactive|p0y1095881c also wants the timer to be on.\n|\n|t:|1783552669\n|move|p2a: Gardevoir|Psychic|p1a: Toxicroak\n|-supereffective|p1a: Toxicroak\n|-damage|p1a: Toxicroak|0 fnt\n|faint|p1a: Toxicroak\n|\n|upkeep\n|inactive|Time left: 300 sec this turn | 300 sec total | 65 sec grace\n|\n|t:|1783552670\n|switch|p1a: Leavanny|Leavanny, L86, F|269/269\n|turn|2\n|inactive|Time left: 300 sec this turn | 300 sec total\n|\n|t:|1783552672\n|switch|p2a: Zacian|Zacian-Crowned, L64|100/100\n|-ability|p2a: Zacian|Intrepid Sword|boost\n|-boost|p2a: Zacian|atk|1\n|move|p1a: Leavanny|Sticky Web|p2a: Zacian\n|-sidestart|p2: p0y1095881c|move: Sticky Web\n|\n|upkeep\n|turn|3\n|inactive|Time left: 300 sec this turn | 300 sec total\n|\n|t:|1783552673\n|switch|p1a: Flareon|Flareon, L90, M|263/263\n|move|p2a: Zacian|Swords Dance|p2a: Zacian\n|-boost|p2a: Zacian|atk|2\n|\n|-status|p1a: Flareon|tox|[from] item: Toxic Orb\n|upkeep\n|turn|4\n|inactive|Time left: 300 sec this turn | 300 sec total\n|\n|t:|1783552674\n|-terastallize|p2a: Zacian|Fighting\n|move|p2a: Zacian|Close Combat|p1a: Flareon\n|-damage|p1a: Flareon|0 fnt\n|-unboost|p2a: Zacian|def|1\n|-unboost|p2a: Zacian|spd|1\n|faint|p1a: Flareon\n|\n|upkeep\n|inactive|Time left: 300 sec this turn | 300 sec total | 5 sec grace\n|\n|t:|1783552675\n|switch|p1a: Slowking|Slowking, L88, F|310/310\n|turn|5\n|inactive|Time left: 300 sec this turn | 300 sec total\n|\n|t:|1783552676\n|move|p2a: Zacian|Play Rough|p1a: Slowking\n|-damage|p1a: Slowking|120/310\n|move|p1a: Slowking|Scald|p2a: Zacian\n|-damage|p2a: Zacian|32/100\n|\n|upkeep\n|turn|6\n|inactive|Time left: 300 sec this turn | 300 sec total\n|\n|t:|1783552677\n|move|p2a: Zacian|Close Combat|p1a: Slowking\n|-resisted|p1a: Slowking\n|-damage|p1a: Slowking|0 fnt\n|-unboost|p2a: Zacian|def|1\n|-unboost|p2a: Zacian|spd|1\n|faint|p1a: Slowking\n|\n|upkeep\n|inactive|Time left: 300 sec this turn | 300 sec total | 5 sec grace\n|\n|t:|1783552678\n|switch|p1a: Chien-Pao|Chien-Pao, L72|234/234\n|-ability|p1a: Chien-Pao|Sword of Ruin\n|turn|7\n|inactive|Time left: 300 sec this turn | 300 sec total\n|\n|t:|1783552679\n|switch|p2a: Scrafty|Scrafty, L83, M|100/100\n|-activate|p2a: Scrafty|move: Sticky Web\n|-unboost|p2a: Scrafty|spe|1\n|-ability|p2a: Scrafty|Intimidate|boost\n|-unboost|p1a: Chien-Pao|atk|1\n|move|p1a: Chien-Pao|Throat Chop|p2a: Scrafty\n|-resisted|p2a: Scrafty\n|-damage|p2a: Scrafty|96/100\n|-start|p2a: Scrafty|Throat Chop|[silent]\n|\n|-heal|p2a: Scrafty|100/100|[from] item: Leftovers\n|upkeep\n|turn|8\n|inactive|Time left: 300 sec this turn | 300 sec total\n|\n|t:|1783552680\n|switch|p1a: Hitmontop|Hitmontop, L88, M|231/231\n|move|p2a: Scrafty|Drain Punch|p1a: Hitmontop\n|-damage|p1a: Hitmontop|159/231\n|\n|-heal|p1a: Hitmontop|173/231|[from] item: Leftovers\n|-end|p2a: Scrafty|Throat Chop|[silent]\n|upkeep\n|turn|9\n|inactive|Time left: 300 sec this turn | 300 sec total\n|\n|t:|1783552682\n|move|p1a: Hitmontop|Bulk Up|p1a: Hitmontop\n|-boost|p1a: Hitmontop|atk|1\n|-boost|p1a: Hitmontop|def|1\n|move|p2a: Scrafty|Drain Punch|p1a: Hitmontop\n|-damage|p1a: Hitmontop|127/231\n|\n|-heal|p1a: Hitmontop|141/231|[from] item: Leftovers\n|upkeep\n|turn|10\n|inactive|Time left: 300 sec this turn | 300 sec total\n|\n|t:|1783552683\n|switch|p2a: Zacian|Zacian-Crowned, L64, tera:Fighting|32/100\n|-activate|p2a: Zacian|move: Sticky Web\n|-unboost|p2a: Zacian|spe|1\n|move|p1a: Hitmontop|Rapid Spin|p2a: Zacian\n|-damage|p2a: Zacian|0 fnt\n|-boost|p1a: Hitmontop|spe|1\n|faint|p2a: Zacian\n|\n|-heal|p1a: Hitmontop|155/231|[from] item: Leftovers\n|upkeep\n|\n|t:|1783552684\n|switch|p2a: Scrafty|Scrafty, L83, M|100/100\n|-activate|p2a: Scrafty|move: Sticky Web\n|-unboost|p2a: Scrafty|spe|1\n|-ability|p2a: Scrafty|Intimidate|boost\n|-unboost|p1a: Hitmontop|atk|1\n|turn|11\n|inactive|Time left: 300 sec this turn | 300 sec total\n|\n|t:|1783552685\n|move|p1a: Hitmontop|Bulk Up|p1a: Hitmontop\n|-boost|p1a: Hitmontop|atk|1\n|-boost|p1a: Hitmontop|def|1\n|move|p2a: Scrafty|Knock Off|p1a: Hitmontop\n|-resisted|p1a: Hitmontop\n|-damage|p1a: Hitmontop|134/231\n|-enditem|p1a: Hitmontop|Leftovers|[from] move: Knock Off|[of] p2a: Scrafty\n|\n|upkeep\n|turn|12\n|inactive|Time left: 300 sec this turn | 300 sec total\n|\n|t:|1783552686\n|move|p1a: Hitmontop|Triple Axel|p2a: Scrafty\n|-damage|p2a: Scrafty|89/100\n|-damage|p2a: Scrafty|68/100\n|-damage|p2a: Scrafty|31/100\n|-hitcount|p2a: Scrafty|3\n|move|p2a: Scrafty|Poison Jab|p1a: Hitmontop\n|-damage|p1a: Hitmontop|110/231\n|-status|p1a: Hitmontop|psn\n|\n|-heal|p2a: Scrafty|37/100|[from] item: Leftovers\n|-damage|p1a: Hitmontop|82/231 psn|[from] psn\n|upkeep\n|turn|13\n|inactive|Time left: 300 sec this turn | 300 sec total\n|\n|t:|1783552687\n|move|p1a: Hitmontop|Triple Axel|p2a: Scrafty\n|-damage|p2a: Scrafty|24/100\n|-damage|p2a: Scrafty|0 fnt\n|faint|p2a: Scrafty\n|-hitcount|p2: Scrafty|2\n|\n|-damage|p1a: Hitmontop|54/231 psn|[from] psn\n|upkeep\n|\n|t:|1783552688\n|switch|p2a: Ho-Oh|Ho-Oh, L71|100/100\n|turn|14\n|inactive|Time left: 300 sec this turn | 300 sec total\n|\n|t:|1783552689\n|-terastallize|p1a: Hitmontop|Ice\n|move|p1a: Hitmontop|Triple Axel|p2a: Ho-Oh|[miss]\n|-miss|p1a: Hitmontop|p2a: Ho-Oh\n|move|p2a: Ho-Oh|Recover||[still]\n|-fail|p2a: Ho-Oh|heal\n|\n|-damage|p1a: Hitmontop|26/231 psn|[from] psn\n|upkeep\n|turn|15\n|inactive|Time left: 300 sec this turn | 300 sec total\n|\n|t:|1783552690\n|switch|p2a: Gardevoir|Gardevoir, L83, M|100/100\n|-activate|p2a: Gardevoir|move: Sticky Web\n|-unboost|p2a: Gardevoir|spe|1\n|-ability|p2a: Gardevoir|Technician|Trace|[from] ability: Trace|[of] p1a: Hitmontop\n|move|p1a: Hitmontop|Triple Axel|p2a: Gardevoir\n|-damage|p2a: Gardevoir|73/100\n|-hitcount|p2a: Gardevoir|1\n|\n|-damage|p1a: Hitmontop|0 fnt|[from] psn\n|faint|p1a: Hitmontop\n|upkeep\n|inactive|Time left: 300 sec this turn | 300 sec total | 5 sec grace\n|\n|t:|1783552691\n|switch|p1a: Leavanny|Leavanny, L86, F|269/269\n|turn|16\n|inactive|Time left: 300 sec this turn | 300 sec total\n|\n|t:|1783552692\n|move|p1a: Leavanny|Bullet Seed|p2a: Gardevoir\n|-damage|p2a: Gardevoir|59/100\n|-damage|p2a: Gardevoir|45/100\n|-damage|p2a: Gardevoir|29/100\n|-damage|p2a: Gardevoir|14/100\n|-damage|p2a: Gardevoir|0 fnt\n|faint|p2a: Gardevoir\n|-hitcount|p2: Gardevoir|5\n|\n|upkeep\n|\n|t:|1783552693\n|switch|p2a: Ho-Oh|Ho-Oh, L71|100/100\n|turn|17\n|inactive|Time left: 300 sec this turn | 300 sec total\n|\n|t:|1783552694\n|move|p1a: Leavanny|Triple Axel|p2a: Ho-Oh\n|-damage|p2a: Ho-Oh|93/100\n|-damage|p2a: Ho-Oh|80/100\n|-damage|p2a: Ho-Oh|58/100\n|-hitcount|p2a: Ho-Oh|3\n|move|p2a: Ho-Oh|Sacred Fire|p1a: Leavanny\n|-supereffective|p1a: Leavanny\n|-damage|p1a: Leavanny|0 fnt\n|faint|p1a: Leavanny\n|\n|upkeep\n|inactive|Time left: 300 sec this turn | 300 sec total | 5 sec grace\n|\n|t:|1783552695\n|switch|p1a: Chien-Pao|Chien-Pao, L72|234/234\n|-ability|p1a: Chien-Pao|Sword of Ruin\n|turn|18\n|inactive|Time left: 300 sec this turn | 300 sec total\n|\n|t:|1783552696\n|move|p1a: Chien-Pao|Icicle Crash|p2a: Ho-Oh\n|-crit|p2a: Ho-Oh\n|-damage|p2a: Ho-Oh|0 fnt\n|faint|p2a: Ho-Oh\n|\n|upkeep\n|\n|t:|1783552696\n|switch|p2a: Iron Leaves|Iron Leaves, L80|100/100\n|-activate|p2a: Iron Leaves|move: Sticky Web\n|-unboost|p2a: Iron Leaves|spe|1\n|turn|19\n|inactive|Time left: 300 sec this turn | 300 sec total\n|\n|t:|1783552697\n|move|p1a: Chien-Pao|Icicle Crash|p2a: Iron Leaves\n|-supereffective|p2a: Iron Leaves\n|-damage|p2a: Iron Leaves|21/100\n|move|p2a: Iron Leaves|Close Combat|p1a: Chien-Pao\n|-supereffective|p1a: Chien-Pao\n|-damage|p1a: Chien-Pao|0 fnt\n|-unboost|p2a: Iron Leaves|def|1\n|-unboost|p2a: Iron Leaves|spd|1\n|faint|p1a: Chien-Pao\n|-damage|p2a: Iron Leaves|11/100|[from] item: Life Orb\n|\n|win|p0y1095881c", "uploadtime": 1783552697, "views": 0, "rating": 0, "private": 0, "password": null, "_winner": "p0y1095881c", "_our_name": "p0x10957622"}