{"id": "battle-gen9randombattle-751", "formatid": "gen9randombattle", "format": "[Gen 9] Random Battle", "players": ["p0x75158eb", "p0y751c5c3"], "log": "|init|battle\n|title|p0x75158eb vs. p0y751c5c3\n|j|\u2606p0x75158eb\n|j|\u2606p0y751c5c3\n|t:|1783548571\n|gametype|singles\n|player|p1|p0x75158eb|1|\n|player|p2|p0y751c5c3|1|\n|gen|9\n|tier|[Gen 9] Random Battle\n|rule|Species Clause: Limit one of each Pok\u00e9mon\n|rule|HP Percentage Mod: HP is shown in percentages\n|rule|Sleep Clause Mod: Limit one foe put to sleep\n|rule|Illusion Level Mod: Illusion disguises the Pok\u00e9mon's true level\n|\n|t:|1783548572\n|teamsize|p1|6\n|teamsize|p2|6\n|start\n|switch|p1a: Furret|Furret, L94, M|100/100\n|switch|p2a: Glastrier|Glastrier, L86|312/312\n|-item|p2a: Glastrier|Heavy-Duty Boots|[from] ability: Frisk|[of] p1a: Furret\n|turn|1\n|inactive|Battle timer is ON: inactive players will automatically lose when time's up. (requested by p0y751c5c3)\n|inactive|p0x75158eb also wants the timer to be on.\n|\n|t:|1783548573\n|switch|p1a: Kricketune|Kricketune, L99, M|100/100\n|move|p2a: Glastrier|Swords Dance|p2a: Glastrier\n|-boost|p2a: Glastrier|atk|2\n|\n|upkeep\n|turn|2\n|inactive|Time left: 300 sec this turn | 300 sec total\n|\n|t:|1783548574\n|move|p1a: Kricketune|Sticky Web|p2a: Glastrier\n|-sidestart|p2: p0y751c5c3|move: Sticky Web\n|move|p2a: Glastrier|Icicle Crash|p1a: Kricketune\n|-damage|p1a: Kricketune|0 fnt\n|faint|p1a: Kricketune\n|-ability|p2a: Glastrier|Chilling Neigh|boost\n|-boost|p2a: Glastrier|atk|1\n|\n|upkeep\n|\n|t:|1783548575\n|switch|p1a: Jumpluff|Jumpluff, L87, F|100/100\n|turn|3\n|inactive|Time left: 300 sec this turn | 300 sec total\n|\n|t:|1783548575\n|-terastallize|p1a: Jumpluff|Steel\n|move|p1a: Jumpluff|Encore|p2a: Glastrier\n|-start|p2a: Glastrier|Encore\n|move|p2a: Glastrier|Icicle Crash|p1a: Jumpluff\n|-resisted|p1a: Jumpluff\n|-damage|p1a: Jumpluff|30/100\n|\n|upkeep\n|turn|4\n|inactive|Time left: 300 sec this turn | 300 sec total\n|\n|t:|1783548576\n|move|p1a: Jumpluff|Strength Sap|p2a: Glastrier\n|-unboost|p2a: Glastrier|atk|1\n|-heal|p1a: Jumpluff|100/100\n|move|p2a: Glastrier|Icicle Crash|p1a: Jumpluff\n|-resisted|p1a: Jumpluff\n|-damage|p1a: Jumpluff|43/100\n|\n|upkeep\n|turn|5\n|inactive|Time left: 300 sec this turn | 300 sec total\n|\n|t:|1783548577\n|move|p1a: Jumpluff|Strength Sap|p2a: Glastrier\n|-unboost|p2a: Glastrier|atk|1\n|-heal|p1a: Jumpluff|100/100\n|move|p2a: Glastrier|Icicle Crash|p1a: Jumpluff|[miss]\n|-miss|p2a: Glastrier|p1a: Jumpluff\n|\n|-end|p2a: Glastrier|Encore\n|upkeep\n|turn|6\n|inactive|Time left: 300 sec this turn | 300 sec total\n|\n|t:|1783548578\n|move|p1a: Jumpluff|Encore|p2a: Glastrier\n|-start|p2a: Glastrier|Encore\n|move|p2a: Glastrier|Icicle Crash|p1a: Jumpluff\n|-resisted|p1a: Jumpluff\n|-damage|p1a: Jumpluff|57/100\n|\n|upkeep\n|turn|7\n|inactive|Time left: 300 sec this turn | 300 sec total\n|\n|t:|1783548579\n|move|p1a: Jumpluff|Strength Sap|p2a: Glastrier\n|-unboost|p2a: Glastrier|atk|1\n|-heal|p1a: Jumpluff|100/100\n|move|p2a: Glastrier|Icicle Crash|p1a: Jumpluff\n|-resisted|p1a: Jumpluff\n|-damage|p1a: Jumpluff|71/100\n|\n|upkeep\n|turn|8\n|inactive|Time left: 300 sec this turn | 300 sec total\n|\n|t:|1783548580\n|move|p1a: Jumpluff|Strength Sap|p2a: Glastrier\n|-unboost|p2a: Glastrier|atk|1\n|-heal|p1a: Jumpluff|100/100\n|move|p2a: Glastrier|Icicle Crash|p1a: Jumpluff\n|-resisted|p1a: Jumpluff\n|-damage|p1a: Jumpluff|81/100\n|\n|-end|p2a: Glastrier|Encore\n|upkeep\n|turn|9\n|inactive|Time left: 300 sec this turn | 300 sec total\n|\n|t:|1783548580\n|move|p1a: Jumpluff|Strength Sap|p2a: Glastrier\n|-unboost|p2a: Glastrier|atk|1\n|-heal|p1a: Jumpluff|100/100\n|move|p2a: Glastrier|Swords Dance|p2a: Glastrier\n|-boost|p2a: Glastrier|atk|2\n|\n|upkeep\n|turn|10\n|inactive|Time left: 300 sec this turn | 300 sec total\n|\n|t:|1783548581\n|move|p1a: Jumpluff|Encore|p2a: Glastrier\n|-start|p2a: Glastrier|Encore\n|move|p2a: Glastrier|Swords Dance|p2a: Glastrier\n|-boost|p2a: Glastrier|atk|2\n|\n|upkeep\n|turn|11\n|inactive|Time left: 300 sec this turn | 300 sec total\n|\n|t:|1783548582\n|move|p1a: Jumpluff|Acrobatics|p2a: Glastrier\n|-damage|p2a: Glastrier|249/312\n|move|p2a: Glastrier|Swords Dance|p2a: Glastrier\n|-boost|p2a: Glastrier|atk|2\n|\n|upkeep\n|turn|12\n|inactive|Time left: 300 sec this turn | 300 sec total\n|\n|t:|1783548583\n|switch|p2a: Beartic|Beartic, L91, F|321/321\n|-activate|p2a: Beartic|move: Sticky Web\n|-unboost|p2a: Beartic|spe|1\n|move|p1a: Jumpluff|Acrobatics|p2a: Beartic\n|-damage|p2a: Beartic|240/321\n|\n|upkeep\n|turn|13\n|inactive|Time left: 300 sec this turn | 300 sec total\n|\n|t:|1783548584\n|move|p1a: Jumpluff|U-turn|p2a: Beartic\n|-damage|p2a: Beartic|203/321\n|\n|t:|1783548585\n|switch|p1a: Oricorio|Oricorio-Pom-Pom, L82, M|100/100|[from] U-turn\n|move|p2a: Beartic|Close Combat|p1a: Oricorio\n|-resisted|p1a: Oricorio\n|-damage|p1a: Oricorio|55/100\n|-unboost|p2a: Beartic|def|1\n|-unboost|p2a: Beartic|spd|1\n|\n|upkeep\n|turn|14\n|inactive|Time left: 300 sec this turn | 300 sec total\n|\n|t:|1783548586\n|move|p1a: Oricorio|Hurricane|p2a: Beartic\n|-damage|p2a: Beartic|23/321\n|move|p2a: Beartic|Close Combat|p1a: Oricorio\n|-resisted|p1a: Oricorio\n|-damage|p1a: Oricorio|14/100\n|-unboost|p2a: Beartic|def|1\n|-unboost|p2a: Beartic|spd|1\n|\n|upkeep\n|turn|15\n|inactive|Time left: 300 sec this turn | 300 sec total\n|\n|t:|1783548587\n|move|p1a: Oricorio|Revelation Dance|p2a: Beartic\n|-damage|p2a: Beartic|0 fnt\n|faint|p2a: Beartic\n|\n|upkeep\n|inactive|Time left: 300 sec this turn | 300 sec total | 5 sec grace\n|\n|t:|1783548588\n|switch|p2a: Glastrier|Glastrier, L86|249/312\n|turn|16\n|inactive|Time left: 300 sec this turn | 300 sec total\n|\n|t:|1783548589\n|move|p1a: Oricorio|Roost|p1a: Oricorio\n|-heal|p1a: Oricorio|64/100\n|-singleturn|p1a: Oricorio|move: Roost\n|move|p2a: Glastrier|Swords Dance|p2a: Glastrier\n|-boost|p2a: Glastrier|atk|2\n|-activate|p1a: Oricorio|ability: Dancer\n|move|p1a: Oricorio|Swords Dance|p1a: Oricorio|[from] ability: Dancer\n|-boost|p1a: Oricorio|atk|2\n|\n|upkeep\n|turn|17\n|inactive|Time left: 300 sec this turn | 300 sec total\n|\n|t:|1783548590\n|move|p1a: Oricorio|Hurricane|p2a: Glastrier\n|-damage|p2a: Glastrier|162/312\n|move|p2a: Glastrier|Icicle Crash|p1a: Oricorio\n|-supereffective|p1a: Oricorio\n|-damage|p1a: Oricorio|0 fnt\n|faint|p1a: Oricorio\n|-ability|p2a: Glastrier|Chilling Neigh|boost\n|-boost|p2a: Glastrier|atk|1\n|\n|upkeep\n|\n|t:|1783548591\n|switch|p1a: Skuntank|Skuntank, L84, F|100/100\n|turn|18\n|inactive|Time left: 300 sec this turn | 300 sec total\n|\n|t:|1783548592\n|move|p1a: Skuntank|Knock Off|p2a: Glastrier\n|-damage|p2a: Glastrier|65/312\n|-enditem|p2a: Glastrier|Heavy-Duty Boots|[from] move: Knock Off|[of] p1a: Skuntank\n|-damage|p1a: Skuntank|90/100|[from] item: Life Orb\n|move|p2a: Glastrier|Icicle Crash|p1a: Skuntank\n|-damage|p1a: Skuntank|0 fnt\n|faint|p1a: Skuntank\n|-ability|p2a: Glastrier|Chilling Neigh|boost\n|-boost|p2a: Glastrier|atk|1\n|\n|upkeep\n|\n|t:|1783548593\n|switch|p1a: Furret|Furret, L94, M|100/100\n|turn|19\n|inactive|Time left: 300 sec this turn | 300 sec total\n|\n|t:|1783548594\n|move|p1a: Furret|Double-Edge|p2a: Glastrier\n|-damage|p2a: Glastrier|0 fnt\n|faint|p2a: Glastrier\n|-damage|p1a: Furret|94/100|[from] Recoil\n|-damage|p1a: Furret|84/100|[from] item: Life Orb\n|\n|upkeep\n|inactive|Time left: 300 sec this turn | 300 sec total | 5 sec grace\n|\n|t:|1783548595\n|switch|p2a: Talonflame|Talonflame, L83, F|265/265\n|turn|20\n|inactive|Time left: 300 sec this turn | 300 sec total\n|\n|t:|1783548596\n|switch|p1a: Tyranitar|Tyranitar, L78, F|100/100\n|-weather|Sandstorm|[from] ability: Sand Stream|[of] p1a: Tyranitar\n|move|p2a: Talonflame|Flare Blitz|p1a: Tyranitar\n|-resisted|p1a: Tyranitar\n|-damage|p1a: Tyranitar|84/100\n|-damage|p2a: Talonflame|250/265|[from] Recoil\n|\n|-weather|Sandstorm|[upkeep]\n|-damage|p2a: Talonflame|234/265|[from] Sandstorm\n|upkeep\n|turn|21\n|inactive|Time left: 300 sec this turn | 300 sec total\n|\n|t:|1783548598\n|-terastallize|p2a: Talonflame|Ground\n|move|p2a: Talonflame|Swords Dance|p2a: Talonflame\n|-boost|p2a: Talonflame|atk|2\n|move|p1a: Tyranitar|Knock Off|p2a: Talonflame\n|-damage|p2a: Talonflame|105/265\n|-enditem|p2a: Talonflame|Heavy-Duty Boots|[from] move: Knock Off|[of] p1a: Tyranitar\n|\n|-weather|Sandstorm|[upkeep]\n|upkeep\n|turn|22\n|inactive|Time left: 300 sec this turn | 300 sec total\n|\n|t:|1783548599\n|switch|p1a: Furret|Furret, L94, M|84/100\n|move|p2a: Talonflame|Tera Blast|p1a: Furret|[anim] Tera Blast Ground\n|-damage|p1a: Furret|27/100\n|\n|-weather|Sandstorm|[upkeep]\n|-damage|p1a: Furret|21/100|[from] Sandstorm\n|upkeep\n|turn|23\n|inactive|Time left: 300 sec this turn | 300 sec total\n|\n|t:|1783548600\n|move|p2a: Talonflame|Tera Blast|p1a: Furret|[anim] Tera Blast Ground\n|-damage|p1a: Furret|0 fnt\n|faint|p1a: Furret\n|\n|-weather|Sandstorm|[upkeep]\n|upkeep\n|\n|t:|1783548601\n|switch|p1a: Jumpluff|Jumpluff, L87, F, tera:Steel|100/100\n|turn|24\n|inactive|Time left: 300 sec this turn | 300 sec total\n|\n|t:|1783548602\n|move|p2a: Talonflame|Tera Blast|p1a: Jumpluff|[anim] Tera Blast Ground\n|-supereffective|p1a: Jumpluff\n|-damage|p1a: Jumpluff|0 fnt\n|faint|p1a: Jumpluff\n|\n|-weather|none\n|upkeep\n|\n|t:|1783548603\n|switch|p1a: Tyranitar|Tyranitar, L78, F|84/100\n|-weather|Sandstorm|[from] ability: Sand Stream|[of] p1a: Tyranitar\n|turn|25\n|inactive|Time left: 300 sec this turn | 300 sec total\n|\n|t:|1783548604\n|move|p2a: Talonflame|Tera Blast|p1a: Tyranitar|[anim] Tera Blast Ground\n|-supereffective|p1a: Tyranitar\n|-damage|p1a: Tyranitar|0 fnt\n|faint|p1a: Tyranitar\n|\n|win|p0y751c5c3", "uploadtime": 1783548604, "views": 0, "rating": 0, "private": 0, "password": null, "_winner": "p0y751c5c3", "_our_name": "p0y751c5c3"}