{"id": "battle-gen9randombattle-1616", "formatid": "gen9randombattle", "format": "[Gen 9] Random Battle", "players": ["p0x16162027", "p0y1616ba10"], "log": "|init|battle\n|title|p0x16162027 vs. p0y1616ba10\n|j|\u2606p0x16162027\n|j|\u2606p0y1616ba10\n|t:|1783557926\n|gametype|singles\n|player|p1|p0x16162027|101|\n|player|p2|p0y1616ba10|266|\n|gen|9\n|tier|[Gen 9] Random Battle\n|rule|Species Clause: Limit one of each Pok\u00e9mon\n|rule|HP Percentage Mod: HP is shown in percentages\n|rule|Sleep Clause Mod: Limit one foe put to sleep\n|rule|Illusion Level Mod: Illusion disguises the Pok\u00e9mon's true level\n|\n|t:|1783557926\n|teamsize|p1|6\n|teamsize|p2|6\n|start\n|switch|p1a: Oricorio|Oricorio-Pom-Pom, L82, F|257/257\n|switch|p2a: Articuno|Articuno-Galar, L84|100/100\n|turn|1\n|inactive|Battle timer is ON: inactive players will automatically lose when time's up. (requested by p0y1616ba10)\n|inactive|Time left: 300 sec this turn | 300 sec total | 60 sec grace\n|inactive|p0x16162027 also wants the timer to be on.\n|\n|t:|1783557928\n|move|p2a: Articuno|Freezing Glare|p1a: Oricorio\n|-damage|p1a: Oricorio|121/257\n|move|p1a: Oricorio|Quiver Dance|p1a: Oricorio\n|-boost|p1a: Oricorio|spa|1\n|-boost|p1a: Oricorio|spd|1\n|-boost|p1a: Oricorio|spe|1\n|\n|upkeep\n|turn|2\n|inactive|Time left: 300 sec this turn | 300 sec total\n|\n|t:|1783557929\n|move|p1a: Oricorio|Revelation Dance|p2a: Articuno\n|-supereffective|p2a: Articuno\n|-damage|p2a: Articuno|17/100\n|move|p2a: Articuno|Freezing Glare|p1a: Oricorio\n|-damage|p1a: Oricorio|27/257\n|\n|upkeep\n|turn|3\n|inactive|Time left: 300 sec this turn | 300 sec total\n|\n|t:|1783557930\n|move|p1a: Oricorio|Roost|p1a: Oricorio\n|-heal|p1a: Oricorio|156/257\n|-singleturn|p1a: Oricorio|move: Roost\n|move|p2a: Articuno|Freezing Glare|p1a: Oricorio\n|-damage|p1a: Oricorio|63/257\n|\n|upkeep\n|turn|4\n|inactive|Time left: 300 sec this turn | 300 sec total\n|\n|t:|1783557931\n|move|p1a: Oricorio|Revelation Dance|p2a: Articuno\n|-supereffective|p2a: Articuno\n|-damage|p2a: Articuno|0 fnt\n|faint|p2a: Articuno\n|\n|upkeep\n|\n|t:|1783557932\n|switch|p2a: Hydreigon|Hydreigon, L79, F|100/100\n|turn|5\n|inactive|Time left: 300 sec this turn | 300 sec total\n|\n|t:|1783557933\n|move|p1a: Oricorio|Roost|p1a: Oricorio\n|-heal|p1a: Oricorio|192/257\n|-singleturn|p1a: Oricorio|move: Roost\n|move|p2a: Hydreigon|Dark Pulse|p1a: Oricorio\n|-damage|p1a: Oricorio|111/257\n|\n|upkeep\n|turn|6\n|inactive|Time left: 300 sec this turn | 300 sec total\n|\n|t:|1783557934\n|move|p2a: Hydreigon|Dark Pulse|p1a: Oricorio\n|-damage|p1a: Oricorio|42/257\n|move|p1a: Oricorio|Roost|p1a: Oricorio\n|-heal|p1a: Oricorio|171/257\n|-singleturn|p1a: Oricorio|move: Roost\n|\n|upkeep\n|turn|7\n|inactive|Time left: 300 sec this turn | 300 sec total\n|\n|t:|1783557936\n|move|p1a: Oricorio|Quiver Dance|p1a: Oricorio\n|-boost|p1a: Oricorio|spa|1\n|-boost|p1a: Oricorio|spd|1\n|-boost|p1a: Oricorio|spe|1\n|move|p2a: Hydreigon|Dark Pulse|p1a: Oricorio\n|-damage|p1a: Oricorio|114/257\n|\n|upkeep\n|turn|8\n|inactive|Time left: 300 sec this turn | 300 sec total\n|\n|t:|1783557937\n|move|p1a: Oricorio|Hurricane|p2a: Hydreigon|[miss]\n|-miss|p1a: Oricorio|p2a: Hydreigon\n|move|p2a: Hydreigon|Dark Pulse|p1a: Oricorio\n|-damage|p1a: Oricorio|60/257\n|\n|upkeep\n|turn|9\n|inactive|Time left: 300 sec this turn | 300 sec total\n|\n|t:|1783557938\n|move|p1a: Oricorio|Roost|p1a: Oricorio\n|-heal|p1a: Oricorio|189/257\n|-singleturn|p1a: Oricorio|move: Roost\n|move|p2a: Hydreigon|Dark Pulse|p1a: Oricorio\n|-damage|p1a: Oricorio|129/257\n|\n|upkeep\n|turn|10\n|inactive|Time left: 300 sec this turn | 300 sec total\n|\n|t:|1783557939\n|switch|p2a: Camerupt|Camerupt, L91, F|100/100\n|move|p1a: Oricorio|Roost|p1a: Oricorio\n|-heal|p1a: Oricorio|257/257\n|-singleturn|p1a: Oricorio|move: Roost\n|\n|upkeep\n|turn|11\n|inactive|Time left: 300 sec this turn | 300 sec total\n|\n|t:|1783557940\n|move|p1a: Oricorio|Hurricane|p2a: Camerupt|[miss]\n|-miss|p1a: Oricorio|p2a: Camerupt\n|move|p2a: Camerupt|Roar|p1a: Oricorio\n|drag|p1a: Arboliva|Arboliva, L91, M|288/288\n|\n|upkeep\n|turn|12\n|inactive|Time left: 300 sec this turn | 300 sec total\n|\n|t:|1783557942\n|move|p2a: Camerupt|Earthquake|p1a: Arboliva\n|-resisted|p1a: Arboliva\n|-damage|p1a: Arboliva|235/288\n|move|p1a: Arboliva|Hyper Voice|p2a: Camerupt\n|-damage|p2a: Camerupt|48/100\n|\n|-heal|p2a: Camerupt|54/100|[from] item: Leftovers\n|upkeep\n|turn|13\n|inactive|Time left: 300 sec this turn | 300 sec total\n|\n|t:|1783557943\n|move|p2a: Camerupt|Overheat|p1a: Arboliva\n|-supereffective|p1a: Arboliva\n|-damage|p1a: Arboliva|0 fnt\n|-unboost|p2a: Camerupt|spa|2\n|faint|p1a: Arboliva\n|\n|-heal|p2a: Camerupt|60/100|[from] item: Leftovers\n|upkeep\n|inactive|Time left: 300 sec this turn | 300 sec total | 5 sec grace\n|\n|t:|1783557944\n|switch|p1a: Gallade|Gallade, L80, M|240/240\n|turn|14\n|inactive|Time left: 300 sec this turn | 300 sec total\n|\n|t:|1783557945\n|switch|p2a: Forretress|Forretress, L84, M|100/100\n|move|p1a: Gallade|Sacred Sword|p2a: Forretress\n|-damage|p2a: Forretress|43/100\n|-damage|p1a: Gallade|216/240|[from] item: Life Orb\n|\n|-heal|p2a: Forretress|49/100|[from] item: Leftovers\n|upkeep\n|turn|15\n|inactive|Time left: 300 sec this turn | 300 sec total\n|\n|t:|1783557946\n|switch|p2a: Bombirdier|Bombirdier, L85, M|100/100\n|move|p1a: Gallade|Sacred Sword|p2a: Bombirdier\n|-damage|p2a: Bombirdier|23/100\n|-damage|p1a: Gallade|192/240|[from] item: Life Orb\n|\n|upkeep\n|turn|16\n|inactive|Time left: 300 sec this turn | 300 sec total\n|\n|t:|1783557947\n|move|p2a: Bombirdier|Brave Bird|p1a: Gallade\n|-supereffective|p1a: Gallade\n|-damage|p1a: Gallade|0 fnt\n|faint|p1a: Gallade\n|-damage|p2a: Bombirdier|0 fnt|[from] Recoil\n|faint|p2a: Bombirdier\n|\n|upkeep\n|inactive|Time left: 300 sec this turn | 300 sec total | 5 sec grace\n|\n|t:|1783557948\n|switch|p2a: Hydreigon|Hydreigon, L79, F|100/100\n|switch|p1a: Oricorio|Oricorio-Pom-Pom, L82, F|257/257\n|turn|17\n|inactive|Time left: 300 sec this turn | 300 sec total\n|\n|t:|1783557949\n|move|p2a: Hydreigon|Dark Pulse|p1a: Oricorio\n|-damage|p1a: Oricorio|149/257\n|move|p1a: Oricorio|Quiver Dance|p1a: Oricorio\n|-boost|p1a: Oricorio|spa|1\n|-boost|p1a: Oricorio|spd|1\n|-boost|p1a: Oricorio|spe|1\n|\n|upkeep\n|turn|18\n|inactive|Time left: 300 sec this turn | 300 sec total\n|\n|t:|1783557950\n|move|p2a: Hydreigon|Dark Pulse|p1a: Oricorio\n|-damage|p1a: Oricorio|80/257\n|cant|p1a: Oricorio|flinch\n|\n|upkeep\n|turn|19\n|inactive|Time left: 300 sec this turn | 300 sec total\n|\n|t:|1783557951\n|move|p1a: Oricorio|Roost|p1a: Oricorio\n|-heal|p1a: Oricorio|209/257\n|-singleturn|p1a: Oricorio|move: Roost\n|move|p2a: Hydreigon|Dark Pulse|p1a: Oricorio\n|-damage|p1a: Oricorio|134/257\n|\n|upkeep\n|turn|20\n|inactive|Time left: 300 sec this turn | 300 sec total\n|\n|t:|1783557952\n|move|p1a: Oricorio|Quiver Dance|p1a: Oricorio\n|-boost|p1a: Oricorio|spa|1\n|-boost|p1a: Oricorio|spd|1\n|-boost|p1a: Oricorio|spe|1\n|move|p2a: Hydreigon|Dark Pulse|p1a: Oricorio\n|-damage|p1a: Oricorio|74/257\n|\n|upkeep\n|turn|21\n|inactive|Time left: 300 sec this turn | 300 sec total\n|\n|t:|1783557953\n|move|p1a: Oricorio|Roost|p1a: Oricorio\n|-heal|p1a: Oricorio|203/257\n|-singleturn|p1a: Oricorio|move: Roost\n|move|p2a: Hydreigon|Dark Pulse|p1a: Oricorio\n|-damage|p1a: Oricorio|146/257\n|\n|upkeep\n|turn|22\n|inactive|Time left: 300 sec this turn | 300 sec total\n|\n|t:|1783557954\n|move|p1a: Oricorio|Hurricane|p2a: Hydreigon\n|-damage|p2a: Hydreigon|12/100\n|move|p2a: Hydreigon|Dark Pulse|p1a: Oricorio\n|-crit|p1a: Oricorio\n|-damage|p1a: Oricorio|0 fnt\n|faint|p1a: Oricorio\n|\n|upkeep\n|inactive|Time left: 300 sec this turn | 300 sec total | 5 sec grace\n|\n|t:|1783557955\n|switch|p1a: Houndoom|Houndoom, L87, M|272/272\n|turn|23\n|inactive|Time left: 300 sec this turn | 300 sec total\n|\n|t:|1783557956\n|move|p2a: Hydreigon|Dark Pulse|p1a: Houndoom\n|-resisted|p1a: Houndoom\n|-damage|p1a: Houndoom|229/272\n|move|p1a: Houndoom|Dark Pulse|p2a: Hydreigon\n|-resisted|p2a: Hydreigon\n|-damage|p2a: Hydreigon|0 fnt\n|faint|p2a: Hydreigon\n|\n|upkeep\n|\n|t:|1783557957\n|switch|p2a: Camerupt|Camerupt, L91, F|60/100\n|turn|24\n|inactive|Time left: 300 sec this turn | 300 sec total\n|\n|t:|1783557958\n|switch|p1a: Tauros|Tauros-Paldea-Aqua, L81, M|254/254\n|-ability|p1a: Tauros|Intimidate|boost\n|-unboost|p2a: Camerupt|atk|1\n|move|p2a: Camerupt|Earthquake|p1a: Tauros\n|-damage|p1a: Tauros|175/254\n|\n|-heal|p2a: Camerupt|67/100|[from] item: Leftovers\n|upkeep\n|turn|25\n|inactive|Time left: 300 sec this turn | 300 sec total\n|\n|t:|1783557959\n|switch|p2a: Forretress|Forretress, L84, M|49/100\n|move|p1a: Tauros|Bulk Up|p1a: Tauros\n|-boost|p1a: Tauros|atk|1\n|-boost|p1a: Tauros|def|1\n|\n|-heal|p2a: Forretress|55/100|[from] item: Leftovers\n|upkeep\n|turn|26\n|inactive|Time left: 300 sec this turn | 300 sec total\n|\n|t:|1783557960\n|move|p1a: Tauros|Close Combat|p2a: Forretress\n|-damage|p2a: Forretress|0 fnt\n|-unboost|p1a: Tauros|def|1\n|-unboost|p1a: Tauros|spd|1\n|faint|p2a: Forretress\n|-damage|p1a: Tauros|150/254|[from] item: Life Orb\n|\n|upkeep\n|\n|t:|1783557961\n|switch|p2a: Phione|Phione, L91|100/100\n|turn|27\n|inactive|Time left: 300 sec this turn | 300 sec total\n|\n|t:|1783557962\n|move|p1a: Tauros|Close Combat|p2a: Phione\n|-damage|p2a: Phione|13/100\n|-unboost|p1a: Tauros|def|1\n|-unboost|p1a: Tauros|spd|1\n|-damage|p1a: Tauros|125/254|[from] item: Life Orb\n|move|p2a: Phione|Scald|p1a: Tauros\n|-resisted|p1a: Tauros\n|-damage|p1a: Tauros|23/254\n|\n|-heal|p2a: Phione|19/100|[from] item: Leftovers\n|upkeep\n|turn|28\n|inactive|Time left: 300 sec this turn | 300 sec total\n|\n|t:|1783557963\n|move|p1a: Tauros|Liquidation|p2a: Phione\n|-resisted|p2a: Phione\n|-damage|p2a: Phione|0 fnt\n|faint|p2a: Phione\n|-damage|p1a: Tauros|0 fnt|[from] item: Life Orb\n|faint|p1a: Tauros\n|\n|upkeep\n|inactive|Time left: 300 sec this turn | 300 sec total | 5 sec grace\n|\n|t:|1783557964\n|switch|p1a: Copperajah|Copperajah, L86, M|350/350\n|switch|p2a: Camerupt|Camerupt, L91, F|67/100\n|turn|29\n|inactive|Time left: 300 sec this turn | 300 sec total\n|\n|t:|1783557965\n|-terastallize|p1a: Copperajah|Fairy\n|move|p2a: Camerupt|Will-O-Wisp|p1a: Copperajah\n|-status|p1a: Copperajah|brn\n|move|p1a: Copperajah|Earthquake|p2a: Camerupt\n|-supereffective|p2a: Camerupt\n|-damage|p2a: Camerupt|28/100\n|-damage|p1a: Copperajah|315/350 brn|[from] item: Life Orb\n|\n|-heal|p2a: Camerupt|35/100|[from] item: Leftovers\n|-damage|p1a: Copperajah|294/350 brn|[from] brn\n|upkeep\n|turn|30\n|inactive|Time left: 300 sec this turn | 300 sec total\n|\n|t:|1783557966\n|move|p2a: Camerupt|Earthquake|p1a: Copperajah\n|-damage|p1a: Copperajah|156/350 brn\n|move|p1a: Copperajah|Earthquake|p2a: Camerupt\n|-supereffective|p2a: Camerupt\n|-damage|p2a: Camerupt|0 fnt\n|faint|p2a: Camerupt\n|-damage|p1a: Copperajah|121/350 brn|[from] item: Life Orb\n|\n|win|p0x16162027", "uploadtime": 1783557966, "views": 0, "rating": 0, "private": 0, "password": null, "_winner": "p0x16162027", "_our_name": "p0x16162027"}