{"id": "battle-gen9randombattle-963", "formatid": "gen9randombattle", "format": "[Gen 9] Random Battle", "players": ["p0x963790f", "p0y9636aee"], "log": "|init|battle\n|title|p0x963790f vs. p0y9636aee\n|j|\u2606p0x963790f\n|j|\u2606p0y9636aee\n|t:|1783550313\n|gametype|singles\n|player|p1|p0x963790f|170|\n|player|p2|p0y9636aee|266|\n|gen|9\n|tier|[Gen 9] Random Battle\n|rule|Species Clause: Limit one of each Pok\u00e9mon\n|rule|HP Percentage Mod: HP is shown in percentages\n|rule|Sleep Clause Mod: Limit one foe put to sleep\n|rule|Illusion Level Mod: Illusion disguises the Pok\u00e9mon's true level\n|\n|t:|1783550313\n|teamsize|p1|6\n|teamsize|p2|6\n|start\n|switch|p1a: Hitmonchan|Hitmonchan, L87, M|229/229\n|switch|p2a: Cacturne|Cacturne, L92, M|100/100\n|turn|1\n|inactive|Battle timer is ON: inactive players will automatically lose when time's up. (requested by p0x963790f)\n|inactive|p0y9636aee also wants the timer to be on.\n|\n|t:|1783550314\n|switch|p2a: Arceus|Arceus-Bug, L73|100/100\n|move|p1a: Hitmonchan|Drain Punch|p2a: Arceus\n|-resisted|p2a: Arceus\n|-damage|p2a: Arceus|78/100\n|-damage|p1a: Hitmonchan|207/229|[from] item: Life Orb\n|\n|upkeep\n|turn|2\n|inactive|Time left: 300 sec this turn | 300 sec total\n|\n|t:|1783550315\n|move|p2a: Arceus|Calm Mind|p2a: Arceus\n|-boost|p2a: Arceus|spa|1\n|-boost|p2a: Arceus|spd|1\n|move|p1a: Hitmonchan|Swords Dance|p1a: Hitmonchan\n|-boost|p1a: Hitmonchan|atk|2\n|\n|upkeep\n|turn|3\n|inactive|Time left: 300 sec this turn | 300 sec total\n|\n|t:|1783550316\n|move|p2a: Arceus|Recover|p2a: Arceus\n|-heal|p2a: Arceus|100/100\n|move|p1a: Hitmonchan|Drain Punch|p2a: Arceus\n|-resisted|p2a: Arceus\n|-damage|p2a: Arceus|59/100\n|-heal|p1a: Hitmonchan|229/229|[from] drain|[of] p2a: Arceus\n|-damage|p1a: Hitmonchan|207/229|[from] item: Life Orb\n|\n|upkeep\n|turn|4\n|inactive|Time left: 300 sec this turn | 300 sec total\n|\n|t:|1783550317\n|move|p2a: Arceus|Recover|p2a: Arceus\n|-heal|p2a: Arceus|100/100\n|move|p1a: Hitmonchan|Drain Punch|p2a: Arceus\n|-resisted|p2a: Arceus\n|-crit|p2a: Arceus\n|-damage|p2a: Arceus|37/100\n|-heal|p1a: Hitmonchan|229/229|[from] drain|[of] p2a: Arceus\n|-damage|p1a: Hitmonchan|207/229|[from] item: Life Orb\n|\n|upkeep\n|turn|5\n|inactive|Time left: 300 sec this turn | 300 sec total\n|\n|t:|1783550318\n|move|p2a: Arceus|Recover|p2a: Arceus\n|-heal|p2a: Arceus|88/100\n|move|p1a: Hitmonchan|Drain Punch|p2a: Arceus\n|-resisted|p2a: Arceus\n|-damage|p2a: Arceus|43/100\n|-heal|p1a: Hitmonchan|229/229|[from] drain|[of] p2a: Arceus\n|-damage|p1a: Hitmonchan|207/229|[from] item: Life Orb\n|\n|upkeep\n|turn|6\n|inactive|Time left: 300 sec this turn | 300 sec total\n|\n|t:|1783550319\n|move|p2a: Arceus|Recover|p2a: Arceus\n|-heal|p2a: Arceus|93/100\n|move|p1a: Hitmonchan|Drain Punch|p2a: Arceus\n|-resisted|p2a: Arceus\n|-damage|p2a: Arceus|50/100\n|-heal|p1a: Hitmonchan|229/229|[from] drain|[of] p2a: Arceus\n|-damage|p1a: Hitmonchan|207/229|[from] item: Life Orb\n|\n|upkeep\n|turn|7\n|inactive|Time left: 300 sec this turn | 300 sec total\n|\n|t:|1783550320\n|move|p2a: Arceus|Recover|p2a: Arceus\n|-heal|p2a: Arceus|99/100\n|move|p1a: Hitmonchan|Drain Punch|p2a: Arceus\n|-resisted|p2a: Arceus\n|-crit|p2a: Arceus\n|-damage|p2a: Arceus|42/100\n|-heal|p1a: Hitmonchan|229/229|[from] drain|[of] p2a: Arceus\n|-damage|p1a: Hitmonchan|207/229|[from] item: Life Orb\n|\n|upkeep\n|turn|8\n|inactive|Time left: 300 sec this turn | 300 sec total\n|\n|t:|1783550321\n|move|p2a: Arceus|Recover|p2a: Arceus\n|-heal|p2a: Arceus|92/100\n|move|p1a: Hitmonchan|Drain Punch|p2a: Arceus\n|-resisted|p2a: Arceus\n|-damage|p2a: Arceus|50/100\n|-heal|p1a: Hitmonchan|229/229|[from] drain|[of] p2a: Arceus\n|-damage|p1a: Hitmonchan|207/229|[from] item: Life Orb\n|\n|upkeep\n|turn|9\n|inactive|Time left: 300 sec this turn | 300 sec total\n|\n|t:|1783550322\n|move|p2a: Arceus|Recover|p2a: Arceus\n|-heal|p2a: Arceus|99/100\n|move|p1a: Hitmonchan|Drain Punch|p2a: Arceus\n|-resisted|p2a: Arceus\n|-damage|p2a: Arceus|55/100\n|-heal|p1a: Hitmonchan|229/229|[from] drain|[of] p2a: Arceus\n|-damage|p1a: Hitmonchan|207/229|[from] item: Life Orb\n|\n|upkeep\n|turn|10\n|inactive|Time left: 300 sec this turn | 300 sec total\n|\n|t:|1783550323\n|move|p2a: Arceus|Recover|p2a: Arceus\n|-heal|p2a: Arceus|100/100\n|move|p1a: Hitmonchan|Drain Punch|p2a: Arceus\n|-resisted|p2a: Arceus\n|-damage|p2a: Arceus|58/100\n|-heal|p1a: Hitmonchan|229/229|[from] drain|[of] p2a: Arceus\n|-damage|p1a: Hitmonchan|207/229|[from] item: Life Orb\n|\n|upkeep\n|turn|11\n|inactive|Time left: 300 sec this turn | 300 sec total\n|\n|t:|1783550324\n|move|p2a: Arceus|Fire Blast|p1a: Hitmonchan\n|-damage|p1a: Hitmonchan|120/229\n|move|p1a: Hitmonchan|Drain Punch|p2a: Arceus\n|-resisted|p2a: Arceus\n|-damage|p2a: Arceus|14/100\n|-heal|p1a: Hitmonchan|185/229|[from] drain|[of] p2a: Arceus\n|-damage|p1a: Hitmonchan|163/229|[from] item: Life Orb\n|\n|upkeep\n|turn|12\n|inactive|Time left: 300 sec this turn | 300 sec total\n|\n|t:|1783550326\n|move|p1a: Hitmonchan|Mach Punch|p2a: Arceus\n|-resisted|p2a: Arceus\n|-damage|p2a: Arceus|0 fnt\n|faint|p2a: Arceus\n|-damage|p1a: Hitmonchan|141/229|[from] item: Life Orb\n|\n|upkeep\n|\n|t:|1783550326\n|switch|p2a: Poliwrath|Poliwrath, L88, F|100/100\n|turn|13\n|inactive|Time left: 300 sec this turn | 300 sec total\n|\n|t:|1783550328\n|move|p1a: Hitmonchan|Drain Punch|p2a: Poliwrath\n|-damage|p2a: Poliwrath|11/100\n|-heal|p1a: Hitmonchan|229/229|[from] drain|[of] p2a: Poliwrath\n|-damage|p1a: Hitmonchan|207/229|[from] item: Life Orb\n|move|p2a: Poliwrath|Close Combat|p1a: Hitmonchan\n|-damage|p1a: Hitmonchan|30/229\n|-unboost|p2a: Poliwrath|def|1\n|-unboost|p2a: Poliwrath|spd|1\n|-damage|p2a: Poliwrath|1/100|[from] item: Life Orb\n|\n|upkeep\n|turn|14\n|inactive|Time left: 300 sec this turn | 300 sec total\n|\n|t:|1783550329\n|move|p1a: Hitmonchan|Drain Punch|p2a: Poliwrath\n|-damage|p2a: Poliwrath|0 fnt\n|-heal|p1a: Hitmonchan|32/229|[from] drain|[of] p2a: Poliwrath\n|faint|p2a: Poliwrath\n|-damage|p1a: Hitmonchan|10/229|[from] item: Life Orb\n|\n|upkeep\n|\n|t:|1783550330\n|switch|p2a: Cacturne|Cacturne, L92, M|100/100\n|turn|15\n|inactive|Time left: 300 sec this turn | 300 sec total\n|\n|t:|1783550331\n|move|p2a: Cacturne|Sucker Punch|p1a: Hitmonchan\n|-resisted|p1a: Hitmonchan\n|-damage|p1a: Hitmonchan|0 fnt\n|faint|p1a: Hitmonchan\n|-damage|p2a: Cacturne|91/100|[from] item: Life Orb\n|\n|upkeep\n|inactive|Time left: 300 sec this turn | 300 sec total | 5 sec grace\n|\n|t:|1783550332\n|switch|p1a: Regidrago|Regidrago, L77|435/435\n|turn|16\n|inactive|Time left: 300 sec this turn | 300 sec total\n|\n|t:|1783550333\n|-terastallize|p1a: Regidrago|Dragon\n|move|p1a: Regidrago|Outrage|p2a: Cacturne\n|-damage|p2a: Cacturne|0 fnt\n|faint|p2a: Cacturne\n|\n|upkeep\n|\n|t:|1783550334\n|switch|p2a: Porygon2|Porygon2, L81|100/100\n|-ability|p2a: Porygon2|Download|boost\n|-boost|p2a: Porygon2|spa|1\n|turn|17\n|inactive|Time left: 300 sec this turn | 300 sec total\n|\n|t:|1783550335\n|move|p1a: Regidrago|Outrage|p2a: Porygon2|[from] lockedmove\n|-damage|p2a: Porygon2|40/100\n|-start|p1a: Regidrago|confusion|[fatigue]\n|move|p2a: Porygon2|Recover|p2a: Porygon2\n|-heal|p2a: Porygon2|90/100\n|\n|upkeep\n|turn|18\n|inactive|Time left: 300 sec this turn | 300 sec total\n|\n|t:|1783550336\n|-activate|p1a: Regidrago|confusion\n|move|p1a: Regidrago|Outrage|p2a: Porygon2\n|-damage|p2a: Porygon2|31/100\n|move|p2a: Porygon2|Tri Attack|p1a: Regidrago\n|-damage|p1a: Regidrago|221/435\n|\n|upkeep\n|turn|19\n|inactive|Time left: 300 sec this turn | 300 sec total\n|\n|t:|1783550337\n|-activate|p1a: Regidrago|confusion\n|move|p1a: Regidrago|Outrage|p2a: Porygon2|[from] lockedmove\n|-damage|p2a: Porygon2|0 fnt\n|faint|p2a: Porygon2\n|\n|upkeep\n|\n|t:|1783550338\n|switch|p2a: Regice|Regice, L88|100/100\n|turn|20\n|inactive|Time left: 300 sec this turn | 300 sec total\n|\n|t:|1783550339\n|-activate|p1a: Regidrago|confusion\n|-damage|p1a: Regidrago|184/435|[from] confusion\n|move|p2a: Regice|Ice Beam|p1a: Regidrago\n|-supereffective|p1a: Regidrago\n|-damage|p1a: Regidrago|0 fnt\n|faint|p1a: Regidrago\n|\n|upkeep\n|inactive|Time left: 300 sec this turn | 300 sec total | 5 sec grace\n|\n|t:|1783550340\n|switch|p1a: Umbreon|Umbreon, L84, F|297/297\n|turn|21\n|inactive|Time left: 300 sec this turn | 300 sec total\n|\n|t:|1783550341\n|move|p1a: Umbreon|Toxic|p2a: Regice\n|-status|p2a: Regice|tox\n|move|p2a: Regice|Ice Beam|p1a: Umbreon\n|-damage|p1a: Umbreon|224/297\n|\n|-heal|p1a: Umbreon|242/297|[from] item: Leftovers\n|-damage|p2a: Regice|95/100 tox|[from] psn\n|upkeep\n|turn|22\n|inactive|Time left: 300 sec this turn | 300 sec total\n|\n|t:|1783550342\n|switch|p2a: Glimmora|Glimmora, L75, F|100/100\n|move|p1a: Umbreon|Foul Play|p2a: Glimmora\n|-damage|p2a: Glimmora|72/100\n|-activate|p2a: Glimmora|ability: Toxic Debris\n|-sidestart|p1: p0x963790f|move: Toxic Spikes\n|\n|-heal|p1a: Umbreon|260/297|[from] item: Leftovers\n|upkeep\n|turn|23\n|inactive|Time left: 300 sec this turn | 300 sec total\n|\n|t:|1783550343\n|move|p2a: Glimmora|Stealth Rock|p1a: Umbreon\n|-sidestart|p1: p0x963790f|move: Stealth Rock\n|move|p1a: Umbreon|Wish|p1a: Umbreon\n|\n|-heal|p1a: Umbreon|278/297|[from] item: Leftovers\n|upkeep\n|turn|24\n|inactive|Time left: 300 sec this turn | 300 sec total\n|\n|t:|1783550344\n|switch|p1a: Pecharunt|Pecharunt, L77|262/262\n|-sideend|p1: p0x963790f|move: Toxic Spikes|[of] p1a: Pecharunt\n|-damage|p1a: Pecharunt|230/262|[from] Stealth Rock\n|move|p2a: Glimmora|Mortal Spin|p1a: Pecharunt\n|-resisted|p1a: Pecharunt\n|-damage|p1a: Pecharunt|227/262\n|\n|-heal|p1a: Pecharunt|262/262|[from] move: Wish|[wisher] Umbreon\n|upkeep\n|turn|25\n|inactive|Time left: 300 sec this turn | 300 sec total\n|\n|t:|1783550345\n|move|p1a: Pecharunt|Nasty Plot|p1a: Pecharunt\n|-boost|p1a: Pecharunt|spa|2\n|move|p2a: Glimmora|Earth Power|p1a: Pecharunt\n|-supereffective|p1a: Pecharunt\n|-damage|p1a: Pecharunt|128/262\n|\n|-heal|p1a: Pecharunt|144/262|[from] item: Leftovers\n|upkeep\n|turn|26\n|inactive|Time left: 300 sec this turn | 300 sec total\n|\n|t:|1783550346\n|move|p1a: Pecharunt|Shadow Ball|p2a: Glimmora\n|-damage|p2a: Glimmora|9/100\n|move|p2a: Glimmora|Earth Power|p1a: Pecharunt\n|-supereffective|p1a: Pecharunt\n|-damage|p1a: Pecharunt|12/262\n|\n|-heal|p1a: Pecharunt|28/262|[from] item: Leftovers\n|upkeep\n|turn|27\n|inactive|Time left: 300 sec this turn | 300 sec total\n|\n|t:|1783550347\n|move|p1a: Pecharunt|Malignant Chain|p2a: Glimmora\n|-resisted|p2a: Glimmora\n|-damage|p2a: Glimmora|0 fnt\n|faint|p2a: Glimmora\n|\n|-heal|p1a: Pecharunt|44/262|[from] item: Leftovers\n|upkeep\n|\n|t:|1783550348\n|switch|p2a: Regice|Regice, L88|95/100 tox\n|turn|28\n|inactive|Time left: 300 sec this turn | 300 sec total\n|\n|t:|1783550350\n|move|p1a: Pecharunt|Recover|p1a: Pecharunt\n|-heal|p1a: Pecharunt|175/262\n|move|p2a: Regice|Ice Beam|p1a: Pecharunt\n|-damage|p1a: Pecharunt|48/262\n|-status|p1a: Pecharunt|frz\n|\n|-heal|p1a: Pecharunt|64/262 frz|[from] item: Leftovers\n|-damage|p2a: Regice|89/100 tox|[from] psn\n|upkeep\n|turn|29\n|inactive|Time left: 300 sec this turn | 300 sec total\n|\n|t:|1783550351\n|-curestatus|p1a: Pecharunt|frz|[msg]\n|move|p1a: Pecharunt|Recover|p1a: Pecharunt\n|-heal|p1a: Pecharunt|195/262\n|move|p2a: Regice|Ice Beam|p1a: Pecharunt\n|-damage|p1a: Pecharunt|77/262\n|\n|-heal|p1a: Pecharunt|93/262|[from] item: Leftovers\n|-damage|p2a: Regice|77/100 tox|[from] psn\n|upkeep\n|turn|30\n|inactive|Time left: 300 sec this turn | 300 sec total\n|\n|t:|1783550352\n|move|p1a: Pecharunt|Recover|p1a: Pecharunt\n|-heal|p1a: Pecharunt|224/262\n|move|p2a: Regice|Rest|p2a: Regice\n|-status|p2a: Regice|slp|[from] move: Rest\n|-heal|p2a: Regice|100/100 slp|[silent]\n|\n|-heal|p1a: Pecharunt|240/262|[from] item: Leftovers\n|upkeep\n|turn|31\n|inactive|Time left: 300 sec this turn | 300 sec total\n|\n|t:|1783550353\n|move|p1a: Pecharunt|Malignant Chain|p2a: Regice\n|-damage|p2a: Regice|70/100 slp\n|cant|p2a: Regice|slp\n|\n|-heal|p1a: Pecharunt|256/262|[from] item: Leftovers\n|upkeep\n|turn|32\n|inactive|Time left: 300 sec this turn | 300 sec total\n|\n|t:|1783550354\n|move|p1a: Pecharunt|Nasty Plot|p1a: Pecharunt\n|-boost|p1a: Pecharunt|spa|2\n|cant|p2a: Regice|slp\n|move|p2a: Regice|Sleep Talk|p2a: Regice\n|move|p2a: Regice|Thunderbolt|p1a: Pecharunt|[from] move: Sleep Talk\n|-damage|p1a: Pecharunt|176/262\n|\n|-heal|p1a: Pecharunt|192/262|[from] item: Leftovers\n|upkeep\n|turn|33\n|inactive|Time left: 300 sec this turn | 300 sec total\n|\n|t:|1783550355\n|move|p1a: Pecharunt|Malignant Chain|p2a: Regice\n|-damage|p2a: Regice|30/100 slp\n|-curestatus|p2a: Regice|slp|[msg]\n|move|p2a: Regice|Rest|p2a: Regice\n|-status|p2a: Regice|slp|[from] move: Rest\n|-heal|p2a: Regice|100/100 slp|[silent]\n|\n|-heal|p1a: Pecharunt|208/262|[from] item: Leftovers\n|upkeep\n|turn|34\n|inactive|Time left: 300 sec this turn | 300 sec total\n|\n|t:|1783550356\n|-terastallize|p2a: Regice|Electric\n|move|p1a: Pecharunt|Malignant Chain|p2a: Regice\n|-damage|p2a: Regice|60/100 slp\n|cant|p2a: Regice|slp\n|move|p2a: Regice|Sleep Talk|p2a: Regice\n|move|p2a: Regice|Rest||[from] move: Sleep Talk|[still]\n|-fail|p2a: Regice\n|\n|-heal|p1a: Pecharunt|224/262|[from] item: Leftovers\n|upkeep\n|turn|35\n|inactive|Time left: 300 sec this turn | 300 sec total\n|\n|t:|1783550357\n|move|p1a: Pecharunt|Malignant Chain|p2a: Regice\n|-damage|p2a: Regice|14/100 slp\n|cant|p2a: Regice|slp\n|move|p2a: Regice|Sleep Talk|p2a: Regice\n|move|p2a: Regice|Rest||[from] move: Sleep Talk|[still]\n|-fail|p2a: Regice\n|\n|-heal|p1a: Pecharunt|240/262|[from] item: Leftovers\n|upkeep\n|turn|36\n|inactive|Time left: 300 sec this turn | 300 sec total\n|\n|t:|1783550358\n|move|p1a: Pecharunt|Malignant Chain|p2a: Regice\n|-damage|p2a: Regice|0 fnt\n|faint|p2a: Regice\n|\n|win|p0x963790f", "uploadtime": 1783550358, "views": 0, "rating": 0, "private": 0, "password": null, "_winner": "p0x963790f", "_our_name": "p0x963790f"}