{"id": "battle-gen9randombattle-78", "formatid": "gen9randombattle", "format": "[Gen 9] Random Battle", "players": ["p0x078f8b8", "p0y078bee6"], "log": "|init|battle\n|title|p0x078f8b8 vs. p0y078bee6\n|j|\u2606p0x078f8b8\n|j|\u2606p0y078bee6\n|t:|1783534138\n|gametype|singles\n|player|p1|p0x078f8b8|1|\n|player|p2|p0y078bee6|265|\n|gen|9\n|tier|[Gen 9] Random Battle\n|rule|Species Clause: Limit one of each Pok\u00e9mon\n|rule|HP Percentage Mod: HP is shown in percentages\n|rule|Sleep Clause Mod: Limit one foe put to sleep\n|rule|Illusion Level Mod: Illusion disguises the Pok\u00e9mon's true level\n|\n|t:|1783534138\n|teamsize|p1|6\n|teamsize|p2|6\n|start\n|switch|p1a: Garganacl|Garganacl, L80, M|291/291\n|switch|p2a: Noivern|Noivern, L82, M|100/100\n|turn|1\n|inactive|Battle timer is ON: inactive players will automatically lose when time's up. (requested by p0x078f8b8)\n|\n|t:|1783534140\n|switch|p2a: Farigiraf|Farigiraf, L90, F|100/100\n|move|p1a: Garganacl|Salt Cure|p2a: Farigiraf\n|-damage|p2a: Farigiraf|87/100\n|-start|p2a: Farigiraf|Salt Cure\n|\n|-heal|p2a: Farigiraf|93/100|[from] item: Leftovers\n|-damage|p2a: Farigiraf|81/100|[from] Salt Cure\n|upkeep\n|turn|2\n|inactive|Time left: 300 sec this turn | 300 sec total\n|inactive|p0y078bee6 also wants the timer to be on.\n|\n|t:|1783534141\n|switch|p1a: Mandibuzz|Mandibuzz, L85, F|326/326\n|move|p2a: Farigiraf|Psychic Noise|p1a: Mandibuzz\n|-immune|p1a: Mandibuzz\n|\n|-heal|p2a: Farigiraf|87/100|[from] item: Leftovers\n|-damage|p2a: Farigiraf|75/100|[from] Salt Cure\n|upkeep\n|turn|3\n|inactive|Time left: 300 sec this turn | 300 sec total\n|\n|t:|1783534143\n|switch|p2a: Glimmora|Glimmora, L75, F|100/100\n|move|p1a: Mandibuzz|Foul Play|p2a: Glimmora\n|-damage|p2a: Glimmora|82/100\n|-activate|p2a: Glimmora|ability: Toxic Debris\n|-sidestart|p1: p0x078f8b8|move: Toxic Spikes\n|\n|upkeep\n|turn|4\n|inactive|Time left: 300 sec this turn | 300 sec total\n|\n|t:|1783534144\n|move|p1a: Mandibuzz|Defog|p2a: Glimmora\n|-unboost|p2a: Glimmora|evasion|1\n|-sideend|p1: p0x078f8b8|Toxic Spikes|[from] move: Defog|[of] p1a: Mandibuzz\n|move|p2a: Glimmora|Meteor Beam||[still]\n|-prepare|p2a: Glimmora|Meteor Beam\n|-boost|p2a: Glimmora|spa|1\n|-enditem|p2a: Glimmora|Power Herb\n|-anim|p2a: Glimmora|Meteor Beam|p1a: Mandibuzz\n|-supereffective|p1a: Mandibuzz\n|-damage|p1a: Mandibuzz|0 fnt\n|faint|p1a: Mandibuzz\n|\n|upkeep\n|inactive|Time left: 300 sec this turn | 300 sec total | 5 sec grace\n|\n|t:|1783534145\n|switch|p1a: Enamorus|Enamorus-Therian, L83, F|259/259\n|turn|5\n|inactive|Time left: 300 sec this turn | 300 sec total\n|\n|t:|1783534146\n|-terastallize|p1a: Enamorus|Ground\n|move|p2a: Glimmora|Sludge Wave|p1a: Enamorus\n|-resisted|p1a: Enamorus\n|-damage|p1a: Enamorus|184/259\n|move|p1a: Enamorus|Earth Power|p2a: Glimmora\n|-supereffective|p2a: Glimmora\n|-damage|p2a: Glimmora|0 fnt\n|faint|p2a: Glimmora\n|\n|upkeep\n|\n|t:|1783534147\n|switch|p2a: Serperior|Serperior, L79, M|100/100\n|turn|6\n|inactive|Time left: 300 sec this turn | 300 sec total\n|\n|t:|1783534148\n|switch|p1a: Lurantis|Lurantis, L87, M|264/264\n|move|p2a: Serperior|Leaf Storm|p1a: Lurantis\n|-resisted|p1a: Lurantis\n|-damage|p1a: Lurantis|202/264\n|-boost|p2a: Serperior|spa|2\n|-damage|p2a: Serperior|91/100|[from] item: Life Orb\n|\n|-heal|p1a: Lurantis|218/264|[from] item: Leftovers\n|upkeep\n|turn|7\n|inactive|Time left: 300 sec this turn | 300 sec total\n|\n|t:|1783534149\n|move|p2a: Serperior|Leaf Storm|p1a: Lurantis\n|-resisted|p1a: Lurantis\n|-damage|p1a: Lurantis|100/264\n|-boost|p2a: Serperior|spa|2\n|-damage|p2a: Serperior|81/100|[from] item: Life Orb\n|move|p1a: Lurantis|Superpower|p2a: Serperior\n|-damage|p2a: Serperior|40/100\n|-boost|p1a: Lurantis|atk|1\n|-boost|p1a: Lurantis|def|1\n|\n|-heal|p1a: Lurantis|116/264|[from] item: Leftovers\n|upkeep\n|turn|8\n|inactive|Time left: 300 sec this turn | 300 sec total\n|\n|t:|1783534150\n|move|p2a: Serperior|Leaf Storm|p1a: Lurantis\n|-resisted|p1a: Lurantis\n|-damage|p1a: Lurantis|0 fnt\n|-boost|p2a: Serperior|spa|2\n|faint|p1a: Lurantis\n|-damage|p2a: Serperior|31/100|[from] item: Life Orb\n|\n|upkeep\n|inactive|Time left: 300 sec this turn | 300 sec total | 5 sec grace\n|\n|t:|1783534151\n|switch|p1a: Komala|Komala, L87, F|255/255\n|-ability|p1a: Komala|Comatose\n|turn|9\n|inactive|Time left: 300 sec this turn | 300 sec total\n|\n|t:|1783534152\n|move|p1a: Komala|Knock Off|p2a: Serperior\n|-damage|p2a: Serperior|0 fnt\n|-enditem|p2a: Serperior|Life Orb|[from] move: Knock Off|[of] p1a: Komala\n|faint|p2a: Serperior\n|\n|upkeep\n|\n|t:|1783534153\n|switch|p2a: Tsareena|Tsareena, L87, F|100/100\n|turn|10\n|inactive|Time left: 300 sec this turn | 300 sec total\n|\n|t:|1783534154\n|switch|p1a: Illumise|Illumise, L91, F|266/266\n|move|p2a: Tsareena|Power Whip|p1a: Illumise\n|-resisted|p1a: Illumise\n|-damage|p1a: Illumise|188/266\n|\n|upkeep\n|turn|11\n|inactive|Time left: 300 sec this turn | 300 sec total\n|\n|t:|1783534155\n|switch|p2a: Emboar|Emboar, L84, F|100/100\n|move|p1a: Illumise|Bug Buzz|p2a: Emboar\n|-resisted|p2a: Emboar\n|-crit|p2a: Emboar\n|-damage|p2a: Emboar|92/100\n|\n|upkeep\n|turn|12\n|inactive|Time left: 300 sec this turn | 300 sec total\n|\n|t:|1783534156\n|move|p1a: Illumise|Thunder Wave|p2a: Emboar\n|-status|p2a: Emboar|par\n|move|p2a: Emboar|Flare Blitz|p1a: Illumise\n|-supereffective|p1a: Illumise\n|-damage|p1a: Illumise|0 fnt\n|faint|p1a: Illumise\n|-damage|p2a: Emboar|73/100 par|[from] Recoil\n|\n|upkeep\n|inactive|Time left: 300 sec this turn | 300 sec total | 5 sec grace\n|\n|t:|1783534158\n|switch|p1a: Enamorus|Enamorus-Therian, L83, F, tera:Ground|184/259\n|turn|13\n|inactive|Time left: 300 sec this turn | 300 sec total\n|\n|t:|1783534159\n|switch|p2a: Tsareena|Tsareena, L87, F|100/100\n|move|p1a: Enamorus|Earth Power|p2a: Tsareena\n|-resisted|p2a: Tsareena\n|-damage|p2a: Tsareena|80/100\n|\n|upkeep\n|turn|14\n|inactive|Time left: 300 sec this turn | 300 sec total\n|\n|t:|1783534160\n|move|p2a: Tsareena|Power Whip|p1a: Enamorus|[miss]\n|-miss|p2a: Tsareena|p1a: Enamorus\n|move|p1a: Enamorus|Moonblast|p2a: Tsareena\n|-damage|p2a: Tsareena|38/100\n|\n|upkeep\n|turn|15\n|inactive|Time left: 300 sec this turn | 300 sec total\n|\n|t:|1783534161\n|switch|p1a: Komala|Komala, L87, F|255/255\n|-ability|p1a: Komala|Comatose\n|move|p2a: Tsareena|Power Whip|p1a: Komala\n|-damage|p1a: Komala|47/255\n|\n|upkeep\n|turn|16\n|inactive|Time left: 300 sec this turn | 300 sec total\n|\n|t:|1783534162\n|move|p2a: Tsareena|Power Whip|p1a: Komala\n|-crit|p1a: Komala\n|-damage|p1a: Komala|0 fnt\n|faint|p1a: Komala\n|\n|upkeep\n|inactive|Time left: 300 sec this turn | 300 sec total | 5 sec grace\n|\n|t:|1783534163\n|switch|p1a: Garganacl|Garganacl, L80, M|291/291\n|turn|17\n|inactive|Time left: 300 sec this turn | 300 sec total\n|\n|t:|1783534165\n|move|p2a: Tsareena|Power Whip|p1a: Garganacl\n|-supereffective|p1a: Garganacl\n|-damage|p1a: Garganacl|39/291\n|move|p1a: Garganacl|Salt Cure|p2a: Tsareena\n|-damage|p2a: Tsareena|24/100\n|-start|p2a: Tsareena|Salt Cure\n|\n|-heal|p1a: Garganacl|57/291|[from] item: Leftovers\n|-damage|p2a: Tsareena|12/100|[from] Salt Cure\n|upkeep\n|turn|18\n|inactive|Time left: 300 sec this turn | 300 sec total\n|\n|t:|1783534166\n|move|p2a: Tsareena|Power Whip|p1a: Garganacl|[miss]\n|-miss|p2a: Tsareena|p1a: Garganacl\n|move|p1a: Garganacl|Recover|p1a: Garganacl\n|-heal|p1a: Garganacl|203/291\n|\n|-heal|p1a: Garganacl|221/291|[from] item: Leftovers\n|-damage|p2a: Tsareena|0 fnt|[from] Salt Cure\n|faint|p2a: Tsareena\n|upkeep\n|\n|t:|1783534167\n|switch|p2a: Farigiraf|Farigiraf, L90, F|75/100\n|turn|19\n|inactive|Time left: 300 sec this turn | 300 sec total\n|\n|t:|1783534168\n|move|p2a: Farigiraf|Psychic Noise|p1a: Garganacl\n|-damage|p1a: Garganacl|118/291\n|-start|p1a: Garganacl|move: Heal Block\n|move|p1a: Garganacl|Salt Cure|p2a: Farigiraf\n|-damage|p2a: Farigiraf|62/100\n|-start|p2a: Farigiraf|Salt Cure\n|\n|-heal|p2a: Farigiraf|68/100|[from] item: Leftovers\n|-damage|p2a: Farigiraf|55/100|[from] Salt Cure\n|upkeep\n|turn|20\n|inactive|Time left: 300 sec this turn | 300 sec total\n|\n|t:|1783534169\n|move|p2a: Farigiraf|Psychic Noise|p1a: Garganacl\n|-damage|p1a: Garganacl|4/291\n|move|p1a: Garganacl|Earthquake|p2a: Farigiraf\n|-damage|p2a: Farigiraf|35/100\n|\n|-heal|p2a: Farigiraf|41/100|[from] item: Leftovers\n|-damage|p2a: Farigiraf|28/100|[from] Salt Cure\n|-end|p1a: Garganacl|move: Heal Block\n|upkeep\n|turn|21\n|inactive|Time left: 300 sec this turn | 300 sec total\n|\n|t:|1783534170\n|move|p2a: Farigiraf|Body Slam|p1a: Garganacl\n|-resisted|p1a: Garganacl\n|-damage|p1a: Garganacl|0 fnt\n|faint|p1a: Garganacl\n|\n|-heal|p2a: Farigiraf|34/100|[from] item: Leftovers\n|-damage|p2a: Farigiraf|22/100|[from] Salt Cure\n|upkeep\n|inactive|Time left: 300 sec this turn | 300 sec total | 5 sec grace\n|\n|t:|1783534171\n|switch|p1a: Enamorus|Enamorus-Therian, L83, F, tera:Ground|184/259\n|turn|22\n|inactive|Time left: 300 sec this turn | 300 sec total\n|\n|t:|1783534172\n|move|p2a: Farigiraf|Psychic Noise|p1a: Enamorus\n|-damage|p1a: Enamorus|88/259\n|-start|p1a: Enamorus|move: Heal Block\n|move|p1a: Enamorus|Agility|p1a: Enamorus\n|-boost|p1a: Enamorus|spe|2\n|\n|-heal|p2a: Farigiraf|28/100|[from] item: Leftovers\n|-damage|p2a: Farigiraf|16/100|[from] Salt Cure\n|upkeep\n|turn|23\n|inactive|Time left: 300 sec this turn | 300 sec total\n|\n|t:|1783534173\n|-terastallize|p2a: Farigiraf|Fairy\n|move|p1a: Enamorus|Moonblast|p2a: Farigiraf\n|-damage|p2a: Farigiraf|0 fnt\n|faint|p2a: Farigiraf\n|\n|-end|p1a: Enamorus|move: Heal Block\n|upkeep\n|\n|t:|1783534173\n|switch|p2a: Noivern|Noivern, L82, M|100/100\n|turn|24\n|inactive|Time left: 300 sec this turn | 300 sec total\n|\n|t:|1783534174\n|move|p2a: Noivern|Draco Meteor|p1a: Enamorus\n|-damage|p1a: Enamorus|0 fnt\n|-unboost|p2a: Noivern|spa|2\n|faint|p1a: Enamorus\n|\n|win|p0y078bee6", "uploadtime": 1783534174, "views": 0, "rating": 0, "private": 0, "password": null, "_winner": "p0y078bee6", "_our_name": "p0x078f8b8"}