{"id": "battle-gen9randombattle-101", "formatid": "gen9randombattle", "format": "[Gen 9] Random Battle", "players": ["p0x1019c65", "p0y1019f65"], "log": "|init|battle\n|title|p0x1019c65 vs. p0y1019f65\n|j|\u2606p0x1019c65\n|j|\u2606p0y1019f65\n|t:|1783540353\n|gametype|singles\n|player|p1|p0x1019c65|1|\n|player|p2|p0y1019f65|2|\n|gen|9\n|tier|[Gen 9] Random Battle\n|rule|Species Clause: Limit one of each Pok\u00e9mon\n|rule|HP Percentage Mod: HP is shown in percentages\n|rule|Sleep Clause Mod: Limit one foe put to sleep\n|rule|Illusion Level Mod: Illusion disguises the Pok\u00e9mon's true level\n|\n|t:|1783540353\n|teamsize|p1|6\n|teamsize|p2|6\n|start\n|switch|p1a: Frosmoth|Frosmoth, L82, M|100/100\n|switch|p2a: Illumise|Illumise, L91, F|266/266\n|turn|1\n|inactive|Battle timer is ON: inactive players will automatically lose when time's up. (requested by p0x1019c65)\n|inactive|Time left: 300 sec this turn | 300 sec total | 60 sec grace\n|\n|t:|1783540355\n|switch|p2a: Tinkaton|Tinkaton, L82, F|274/274\n|-ability|p2a: Tinkaton|Mold Breaker\n|move|p1a: Frosmoth|Quiver Dance|p1a: Frosmoth\n|-boost|p1a: Frosmoth|spa|1\n|-boost|p1a: Frosmoth|spd|1\n|-boost|p1a: Frosmoth|spe|1\n|\n|upkeep\n|turn|2\n|inactive|Time left: 300 sec this turn | 300 sec total\n|inactive|p0y1019f65 also wants the timer to be on.\n|\n|t:|1783540356\n|-terastallize|p1a: Frosmoth|Ground\n|move|p1a: Frosmoth|Tera Blast|p2a: Tinkaton|[anim] Tera Blast Ground\n|-supereffective|p2a: Tinkaton\n|-damage|p2a: Tinkaton|32/274\n|move|p2a: Tinkaton|Gigaton Hammer|p1a: Frosmoth\n|-damage|p1a: Frosmoth|33/100\n|\n|-heal|p2a: Tinkaton|49/274|[from] item: Leftovers\n|upkeep\n|turn|3\n|inactive|Time left: 300 sec this turn | 300 sec total\n|\n|t:|1783540357\n|move|p2a: Tinkaton|Protect|p2a: Tinkaton\n|-singleturn|p2a: Tinkaton|Protect\n|move|p1a: Frosmoth|Ice Beam|p2a: Tinkaton\n|-activate|p2a: Tinkaton|move: Protect\n|\n|-heal|p2a: Tinkaton|66/274|[from] item: Leftovers\n|upkeep\n|turn|4\n|inactive|Time left: 300 sec this turn | 300 sec total\n|\n|t:|1783540358\n|move|p2a: Tinkaton|Protect||[still]\n|-fail|p2a: Tinkaton\n|move|p1a: Frosmoth|Ice Beam|p2a: Tinkaton\n|-resisted|p2a: Tinkaton\n|-damage|p2a: Tinkaton|0 fnt\n|faint|p2a: Tinkaton\n|\n|upkeep\n|inactive|Time left: 300 sec this turn | 300 sec total | 5 sec grace\n|\n|t:|1783540358\n|switch|p2a: Kricketune|Kricketune, L99, M|312/312\n|turn|5\n|inactive|Time left: 300 sec this turn | 300 sec total\n|\n|t:|1783540360\n|move|p1a: Frosmoth|Ice Beam|p2a: Kricketune\n|-crit|p2a: Kricketune\n|-damage|p2a: Kricketune|26/312\n|move|p2a: Kricketune|Knock Off|p1a: Frosmoth\n|-damage|p1a: Frosmoth|0 fnt\n|-enditem|p1a: Frosmoth|Heavy-Duty Boots|[from] move: Knock Off|[of] p2a: Kricketune\n|faint|p1a: Frosmoth\n|\n|upkeep\n|\n|t:|1783540361\n|switch|p1a: Veluza|Veluza, L85, M|100/100\n|turn|6\n|inactive|Time left: 300 sec this turn | 300 sec total\n|\n|t:|1783540362\n|move|p1a: Veluza|Aqua Cutter|p2a: Kricketune\n|-damage|p2a: Kricketune|0 fnt\n|faint|p2a: Kricketune\n|\n|upkeep\n|inactive|Time left: 300 sec this turn | 300 sec total | 5 sec grace\n|\n|t:|1783540363\n|switch|p2a: Hoopa|Hoopa, L85|275/275\n|turn|7\n|inactive|Time left: 300 sec this turn | 300 sec total\n|\n|t:|1783540363\n|move|p1a: Veluza|Aqua Cutter|p2a: Hoopa\n|-damage|p2a: Hoopa|115/275\n|move|p2a: Hoopa|Shadow Ball|p1a: Veluza\n|-supereffective|p1a: Veluza\n|-damage|p1a: Veluza|0 fnt\n|faint|p1a: Veluza\n|-damage|p2a: Hoopa|88/275|[from] item: Life Orb\n|\n|upkeep\n|\n|t:|1783540364\n|switch|p1a: Toedscruel|Toedscruel, L87, F|100/100\n|turn|8\n|inactive|Time left: 300 sec this turn | 300 sec total\n|\n|t:|1783540365\n|move|p1a: Toedscruel|Knock Off|p2a: Hoopa\n|-supereffective|p2a: Hoopa\n|-damage|p2a: Hoopa|0 fnt\n|-enditem|p2a: Hoopa|Life Orb|[from] move: Knock Off|[of] p1a: Toedscruel\n|faint|p2a: Hoopa\n|\n|upkeep\n|inactive|Time left: 300 sec this turn | 300 sec total | 5 sec grace\n|\n|t:|1783540366\n|switch|p2a: Grumpig|Grumpig, L92, M|297/297\n|turn|9\n|inactive|Time left: 300 sec this turn | 300 sec total\n|\n|t:|1783540367\n|move|p2a: Grumpig|Psyshock|p1a: Toedscruel\n|-damage|p1a: Toedscruel|63/100\n|move|p1a: Toedscruel|Knock Off|p2a: Grumpig\n|-supereffective|p2a: Grumpig\n|-damage|p2a: Grumpig|157/297\n|-enditem|p2a: Grumpig|Choice Scarf|[from] move: Knock Off|[of] p1a: Toedscruel\n|\n|-heal|p1a: Toedscruel|69/100|[from] item: Leftovers\n|upkeep\n|turn|10\n|inactive|Time left: 300 sec this turn | 300 sec total\n|\n|t:|1783540368\n|move|p2a: Grumpig|Psyshock|p1a: Toedscruel\n|-damage|p1a: Toedscruel|27/100\n|move|p1a: Toedscruel|Spore|p2a: Grumpig\n|-status|p2a: Grumpig|slp|[from] move: Spore\n|\n|-heal|p1a: Toedscruel|33/100|[from] item: Leftovers\n|upkeep\n|turn|11\n|inactive|Time left: 300 sec this turn | 300 sec total\n|\n|t:|1783540369\n|switch|p2a: Dragalge|Dragalge, L88, F|258/258\n|move|p1a: Toedscruel|Knock Off|p2a: Dragalge\n|-damage|p2a: Dragalge|204/258\n|-enditem|p2a: Dragalge|Assault Vest|[from] move: Knock Off|[of] p1a: Toedscruel\n|\n|-heal|p1a: Toedscruel|39/100|[from] item: Leftovers\n|upkeep\n|turn|12\n|inactive|Time left: 300 sec this turn | 300 sec total\n|\n|t:|1783540370\n|move|p1a: Toedscruel|Earth Power|p2a: Dragalge\n|-supereffective|p2a: Dragalge\n|-damage|p2a: Dragalge|70/258\n|move|p2a: Dragalge|Sludge Wave|p1a: Toedscruel\n|-damage|p1a: Toedscruel|2/100\n|\n|-heal|p1a: Toedscruel|8/100|[from] item: Leftovers\n|upkeep\n|turn|13\n|inactive|Time left: 300 sec this turn | 300 sec total\n|\n|t:|1783540371\n|switch|p2a: Illumise|Illumise, L91, F|266/266\n|move|p1a: Toedscruel|Earth Power|p2a: Illumise\n|-resisted|p2a: Illumise\n|-damage|p2a: Illumise|224/266\n|\n|-heal|p1a: Toedscruel|14/100|[from] item: Leftovers\n|upkeep\n|turn|14\n|inactive|Time left: 300 sec this turn | 300 sec total\n|\n|t:|1783540372\n|move|p1a: Toedscruel|Earth Power|p2a: Illumise\n|-resisted|p2a: Illumise\n|-damage|p2a: Illumise|179/266\n|move|p2a: Illumise|Bug Buzz|p1a: Toedscruel\n|-supereffective|p1a: Toedscruel\n|-damage|p1a: Toedscruel|0 fnt\n|faint|p1a: Toedscruel\n|\n|upkeep\n|\n|t:|1783540373\n|switch|p1a: Ampharos|Ampharos, L88, M|100/100\n|turn|15\n|inactive|Time left: 300 sec this turn | 300 sec total\n|\n|t:|1783540374\n|move|p2a: Illumise|Roost|p2a: Illumise\n|-heal|p2a: Illumise|266/266\n|-singleturn|p2a: Illumise|move: Roost\n|move|p1a: Ampharos|Thunderbolt|p2a: Illumise\n|-damage|p2a: Illumise|114/266\n|-damage|p1a: Ampharos|91/100|[from] item: Life Orb\n|\n|upkeep\n|turn|16\n|inactive|Time left: 300 sec this turn | 300 sec total\n|\n|t:|1783540375\n|move|p2a: Illumise|Roost|p2a: Illumise\n|-heal|p2a: Illumise|247/266\n|-singleturn|p2a: Illumise|move: Roost\n|move|p1a: Ampharos|Thunderbolt|p2a: Illumise\n|-damage|p2a: Illumise|103/266\n|-damage|p1a: Ampharos|81/100|[from] item: Life Orb\n|\n|upkeep\n|turn|17\n|inactive|Time left: 300 sec this turn | 300 sec total\n|\n|t:|1783540376\n|move|p2a: Illumise|Roost|p2a: Illumise\n|-heal|p2a: Illumise|236/266\n|-singleturn|p2a: Illumise|move: Roost\n|move|p1a: Ampharos|Thunderbolt|p2a: Illumise\n|-damage|p2a: Illumise|94/266\n|-damage|p1a: Ampharos|71/100|[from] item: Life Orb\n|\n|upkeep\n|turn|18\n|inactive|Time left: 300 sec this turn | 300 sec total\n|\n|t:|1783540377\n|move|p2a: Illumise|Roost|p2a: Illumise\n|-heal|p2a: Illumise|227/266\n|-singleturn|p2a: Illumise|move: Roost\n|move|p1a: Ampharos|Thunderbolt|p2a: Illumise\n|-damage|p2a: Illumise|83/266\n|-damage|p1a: Ampharos|61/100|[from] item: Life Orb\n|\n|upkeep\n|turn|19\n|inactive|Time left: 300 sec this turn | 300 sec total\n|\n|t:|1783540378\n|move|p2a: Illumise|Roost|p2a: Illumise\n|-heal|p2a: Illumise|216/266\n|-singleturn|p2a: Illumise|move: Roost\n|move|p1a: Ampharos|Thunderbolt|p2a: Illumise\n|-damage|p2a: Illumise|67/266\n|-damage|p1a: Ampharos|51/100|[from] item: Life Orb\n|\n|upkeep\n|turn|20\n|inactive|Time left: 300 sec this turn | 300 sec total\n|\n|t:|1783540379\n|move|p2a: Illumise|Roost|p2a: Illumise\n|-heal|p2a: Illumise|200/266\n|-singleturn|p2a: Illumise|move: Roost\n|move|p1a: Ampharos|Thunderbolt|p2a: Illumise\n|-damage|p2a: Illumise|43/266\n|-damage|p1a: Ampharos|41/100|[from] item: Life Orb\n|\n|upkeep\n|turn|21\n|inactive|Time left: 300 sec this turn | 300 sec total\n|\n|t:|1783540380\n|move|p2a: Illumise|Roost|p2a: Illumise\n|-heal|p2a: Illumise|176/266\n|-singleturn|p2a: Illumise|move: Roost\n|move|p1a: Ampharos|Thunderbolt|p2a: Illumise\n|-damage|p2a: Illumise|30/266\n|-damage|p1a: Ampharos|31/100|[from] item: Life Orb\n|\n|upkeep\n|turn|22\n|inactive|Time left: 300 sec this turn | 300 sec total\n|\n|t:|1783540382\n|move|p2a: Illumise|Roost|p2a: Illumise\n|-heal|p2a: Illumise|163/266\n|-singleturn|p2a: Illumise|move: Roost\n|move|p1a: Ampharos|Thunderbolt|p2a: Illumise\n|-damage|p2a: Illumise|19/266\n|-damage|p1a: Ampharos|21/100|[from] item: Life Orb\n|\n|upkeep\n|turn|23\n|inactive|Time left: 300 sec this turn | 300 sec total\n|\n|t:|1783540383\n|switch|p1a: Torkoal|Torkoal, L88, F|100/100\n|-weather|SunnyDay|[from] ability: Drought|[of] p1a: Torkoal\n|move|p2a: Illumise|Bug Buzz|p1a: Torkoal\n|-resisted|p1a: Torkoal\n|-damage|p1a: Torkoal|82/100\n|\n|-weather|SunnyDay|[upkeep]\n|upkeep\n|turn|24\n|inactive|Time left: 300 sec this turn | 300 sec total\n|\n|t:|1783540384\n|move|p2a: Illumise|Bug Buzz|p1a: Torkoal\n|-resisted|p1a: Torkoal\n|-damage|p1a: Torkoal|63/100\n|move|p1a: Torkoal|Lava Plume|p2a: Illumise\n|-supereffective|p2a: Illumise\n|-damage|p2a: Illumise|0 fnt\n|faint|p2a: Illumise\n|\n|-weather|SunnyDay|[upkeep]\n|upkeep\n|inactive|Time left: 300 sec this turn | 300 sec total | 5 sec grace\n|\n|t:|1783540385\n|switch|p2a: Dragalge|Dragalge, L88, F|70/258\n|turn|25\n|inactive|Time left: 300 sec this turn | 300 sec total\n|\n|t:|1783540386\n|switch|p1a: Weezing|Weezing, L88, F|100/100\n|move|p2a: Dragalge|Sludge Wave|p1a: Weezing\n|-resisted|p1a: Weezing\n|-damage|p1a: Weezing|66/100\n|\n|-weather|SunnyDay|[upkeep]\n|-heal|p1a: Weezing|72/100|[from] item: Leftovers\n|upkeep\n|turn|26\n|inactive|Time left: 300 sec this turn | 300 sec total\n|\n|t:|1783540387\n|move|p1a: Weezing|Fire Blast|p2a: Dragalge\n|-resisted|p2a: Dragalge\n|-damage|p2a: Dragalge|30/258\n|-status|p2a: Dragalge|brn\n|move|p2a: Dragalge|Draco Meteor|p1a: Weezing\n|-damage|p1a: Weezing|0 fnt\n|-unboost|p2a: Dragalge|spa|2\n|faint|p1a: Weezing\n|\n|-weather|SunnyDay|[upkeep]\n|-damage|p2a: Dragalge|14/258 brn|[from] brn\n|upkeep\n|\n|t:|1783540388\n|switch|p1a: Ampharos|Ampharos, L88, M|21/100\n|turn|27\n|inactive|Time left: 300 sec this turn | 300 sec total\n|\n|t:|1783540389\n|move|p1a: Ampharos|Thunderbolt|p2a: Dragalge\n|-resisted|p2a: Dragalge\n|-damage|p2a: Dragalge|0 fnt\n|faint|p2a: Dragalge\n|-damage|p1a: Ampharos|11/100|[from] item: Life Orb\n|\n|-weather|none\n|upkeep\n|inactive|Time left: 300 sec this turn | 300 sec total | 5 sec grace\n|\n|t:|1783540390\n|switch|p2a: Grumpig|Grumpig, L92, M|157/297 slp\n|turn|28\n|inactive|Time left: 300 sec this turn | 300 sec total\n|\n|t:|1783540391\n|cant|p2a: Grumpig|slp\n|move|p1a: Ampharos|Thunderbolt|p2a: Grumpig\n|-damage|p2a: Grumpig|28/297 slp\n|-damage|p1a: Ampharos|1/100|[from] item: Life Orb\n|\n|upkeep\n|turn|29\n|inactive|Time left: 300 sec this turn | 300 sec total\n|\n|t:|1783540392\n|cant|p2a: Grumpig|slp\n|move|p1a: Ampharos|Dazzling Gleam|p2a: Grumpig\n|-damage|p2a: Grumpig|0 fnt\n|faint|p2a: Grumpig\n|-damage|p1a: Ampharos|0 fnt|[from] item: Life Orb\n|faint|p1a: Ampharos\n|\n|win|p0x1019c65", "uploadtime": 1783540392, "views": 0, "rating": 0, "private": 0, "password": null, "_winner": "p0x1019c65", "_our_name": "p0y1019f65"}