{"id": "battle-gen9randombattle-91", "formatid": "gen9randombattle", "format": "[Gen 9] Random Battle", "players": ["p0x091f8fe", "p0y09136e5"], "log": "|init|battle\n|title|p0x091f8fe vs. p0y09136e5\n|j|\u2606p0x091f8fe\n|j|\u2606p0y09136e5\n|t:|1783534830\n|gametype|singles\n|player|p1|p0x091f8fe|265|\n|player|p2|p0y09136e5|102|\n|gen|9\n|tier|[Gen 9] Random Battle\n|rule|Species Clause: Limit one of each Pok\u00e9mon\n|rule|HP Percentage Mod: HP is shown in percentages\n|rule|Sleep Clause Mod: Limit one foe put to sleep\n|rule|Illusion Level Mod: Illusion disguises the Pok\u00e9mon's true level\n|\n|t:|1783534830\n|teamsize|p1|6\n|teamsize|p2|6\n|start\n|switch|p1a: Quaquaval|Quaquaval, L79, M|264/264\n|switch|p2a: Zebstrika|Zebstrika, L87, F|100/100\n|turn|1\n|inactive|Battle timer is ON: inactive players will automatically lose when time's up. (requested by p0y09136e5)\n|inactive|Time left: 300 sec this turn | 300 sec total | 60 sec grace\n|inactive|p0x091f8fe also wants the timer to be on.\n|\n|t:|1783534832\n|switch|p1a: Sandaconda|Sandaconda, L84, F|258/258\n|move|p2a: Zebstrika|Supercell Slam|p1a: Sandaconda\n|-immune|p1a: Sandaconda\n|-damage|p2a: Zebstrika|50/100|[from] supercellslam\n|\n|upkeep\n|turn|2\n|inactive|Time left: 300 sec this turn | 300 sec total\n|\n|t:|1783534833\n|switch|p2a: Crabominable|Crabominable, L90, M|100/100\n|move|p1a: Sandaconda|Earthquake|p2a: Crabominable\n|-damage|p2a: Crabominable|67/100\n|\n|upkeep\n|turn|3\n|inactive|Time left: 300 sec this turn | 300 sec total\n|\n|t:|1783534834\n|move|p1a: Sandaconda|Coil|p1a: Sandaconda\n|-boost|p1a: Sandaconda|atk|1\n|-boost|p1a: Sandaconda|def|1\n|-boost|p1a: Sandaconda|accuracy|1\n|move|p2a: Crabominable|Ice Hammer|p1a: Sandaconda|[miss]\n|-miss|p2a: Crabominable|p1a: Sandaconda\n|\n|upkeep\n|turn|4\n|inactive|Time left: 300 sec this turn | 300 sec total\n|\n|t:|1783534835\n|move|p1a: Sandaconda|Coil|p1a: Sandaconda\n|-boost|p1a: Sandaconda|atk|1\n|-boost|p1a: Sandaconda|def|1\n|-boost|p1a: Sandaconda|accuracy|1\n|move|p2a: Crabominable|Ice Hammer|p1a: Sandaconda\n|-supereffective|p1a: Sandaconda\n|-damage|p1a: Sandaconda|118/258\n|-unboost|p2a: Crabominable|spe|1\n|\n|-heal|p1a: Sandaconda|134/258|[from] item: Leftovers\n|upkeep\n|turn|5\n|inactive|Time left: 300 sec this turn | 300 sec total\n|\n|t:|1783534836\n|switch|p2a: Cresselia|Cresselia, L80, F|100/100\n|move|p1a: Sandaconda|Earthquake|p2a: Cresselia\n|-immune|p2a: Cresselia|[from] ability: Levitate\n|\n|-heal|p1a: Sandaconda|150/258|[from] item: Leftovers\n|upkeep\n|turn|6\n|inactive|Time left: 300 sec this turn | 300 sec total\n|\n|t:|1783534837\n|move|p2a: Cresselia|Calm Mind|p2a: Cresselia\n|-boost|p2a: Cresselia|spa|1\n|-boost|p2a: Cresselia|spd|1\n|move|p1a: Sandaconda|Stone Edge|p2a: Cresselia\n|-damage|p2a: Cresselia|56/100\n|\n|-heal|p2a: Cresselia|62/100|[from] item: Leftovers\n|-heal|p1a: Sandaconda|166/258|[from] item: Leftovers\n|upkeep\n|turn|7\n|inactive|Time left: 300 sec this turn | 300 sec total\n|\n|t:|1783534838\n|move|p2a: Cresselia|Calm Mind|p2a: Cresselia\n|-boost|p2a: Cresselia|spa|1\n|-boost|p2a: Cresselia|spd|1\n|move|p1a: Sandaconda|Stone Edge|p2a: Cresselia\n|-crit|p2a: Cresselia\n|-damage|p2a: Cresselia|0 fnt\n|faint|p2a: Cresselia\n|\n|-heal|p1a: Sandaconda|182/258|[from] item: Leftovers\n|upkeep\n|\n|t:|1783534839\n|switch|p2a: Spidops|Spidops, L96, M|100/100\n|turn|8\n|inactive|Time left: 300 sec this turn | 300 sec total\n|\n|t:|1783534840\n|move|p1a: Sandaconda|Stone Edge|p2a: Spidops\n|-supereffective|p2a: Spidops\n|-damage|p2a: Spidops|6/100\n|move|p2a: Spidops|Sticky Web|p1a: Sandaconda\n|-sidestart|p1: p0x091f8fe|move: Sticky Web\n|\n|-heal|p1a: Sandaconda|198/258|[from] item: Leftovers\n|upkeep\n|turn|9\n|inactive|Time left: 300 sec this turn | 300 sec total\n|\n|t:|1783534841\n|move|p1a: Sandaconda|Earthquake|p2a: Spidops\n|-resisted|p2a: Spidops\n|-damage|p2a: Spidops|0 fnt\n|faint|p2a: Spidops\n|\n|-heal|p1a: Sandaconda|214/258|[from] item: Leftovers\n|upkeep\n|\n|t:|1783534842\n|switch|p2a: Dunsparce|Dunsparce, L86, M|100/100\n|turn|10\n|inactive|Time left: 300 sec this turn | 300 sec total\n|\n|t:|1783534843\n|move|p1a: Sandaconda|Earthquake|p2a: Dunsparce\n|-damage|p2a: Dunsparce|47/100\n|move|p2a: Dunsparce|Coil|p2a: Dunsparce\n|-boost|p2a: Dunsparce|atk|1\n|-boost|p2a: Dunsparce|def|1\n|-boost|p2a: Dunsparce|accuracy|1\n|\n|-heal|p1a: Sandaconda|230/258|[from] item: Leftovers\n|upkeep\n|turn|11\n|inactive|Time left: 300 sec this turn | 300 sec total\n|\n|t:|1783534844\n|move|p1a: Sandaconda|Earthquake|p2a: Dunsparce\n|-damage|p2a: Dunsparce|9/100\n|move|p2a: Dunsparce|Roost|p2a: Dunsparce\n|-heal|p2a: Dunsparce|59/100\n|-singleturn|p2a: Dunsparce|move: Roost\n|\n|-heal|p1a: Sandaconda|246/258|[from] item: Leftovers\n|upkeep\n|turn|12\n|inactive|Time left: 300 sec this turn | 300 sec total\n|\n|t:|1783534845\n|move|p1a: Sandaconda|Earthquake|p2a: Dunsparce\n|-damage|p2a: Dunsparce|20/100\n|move|p2a: Dunsparce|Roost|p2a: Dunsparce\n|-heal|p2a: Dunsparce|70/100\n|-singleturn|p2a: Dunsparce|move: Roost\n|\n|-heal|p1a: Sandaconda|258/258|[from] item: Leftovers\n|upkeep\n|turn|13\n|inactive|Time left: 300 sec this turn | 300 sec total\n|\n|t:|1783534846\n|move|p1a: Sandaconda|Earthquake|p2a: Dunsparce\n|-damage|p2a: Dunsparce|29/100\n|move|p2a: Dunsparce|Coil|p2a: Dunsparce\n|-boost|p2a: Dunsparce|atk|1\n|-boost|p2a: Dunsparce|def|1\n|-boost|p2a: Dunsparce|accuracy|1\n|\n|upkeep\n|turn|14\n|inactive|Time left: 300 sec this turn | 300 sec total\n|\n|t:|1783534847\n|move|p1a: Sandaconda|Earthquake|p2a: Dunsparce\n|-damage|p2a: Dunsparce|0 fnt\n|faint|p2a: Dunsparce\n|\n|upkeep\n|\n|t:|1783534848\n|switch|p2a: Sylveon|Sylveon, L85, M|100/100\n|turn|15\n|inactive|Time left: 300 sec this turn | 300 sec total\n|\n|t:|1783534849\n|move|p2a: Sylveon|Protect|p2a: Sylveon\n|-singleturn|p2a: Sylveon|Protect\n|move|p1a: Sandaconda|Earthquake|p2a: Sylveon\n|-activate|p2a: Sylveon|move: Protect\n|\n|upkeep\n|turn|16\n|inactive|Time left: 300 sec this turn | 300 sec total\n|\n|t:|1783534850\n|move|p1a: Sandaconda|Earthquake|p2a: Sylveon\n|-damage|p2a: Sylveon|3/100\n|move|p2a: Sylveon|Hyper Voice|p1a: Sandaconda\n|-damage|p1a: Sandaconda|99/258\n|\n|-heal|p1a: Sandaconda|115/258|[from] item: Leftovers\n|-heal|p2a: Sylveon|9/100|[from] item: Leftovers\n|upkeep\n|turn|17\n|inactive|Time left: 300 sec this turn | 300 sec total\n|\n|t:|1783534851\n|move|p2a: Sylveon|Protect|p2a: Sylveon\n|-singleturn|p2a: Sylveon|Protect\n|move|p1a: Sandaconda|Earthquake|p2a: Sylveon\n|-activate|p2a: Sylveon|move: Protect\n|\n|-heal|p1a: Sandaconda|131/258|[from] item: Leftovers\n|-heal|p2a: Sylveon|15/100|[from] item: Leftovers\n|upkeep\n|turn|18\n|inactive|Time left: 300 sec this turn | 300 sec total\n|\n|t:|1783534852\n|move|p1a: Sandaconda|Earthquake|p2a: Sylveon\n|-damage|p2a: Sylveon|0 fnt\n|faint|p2a: Sylveon\n|\n|-heal|p1a: Sandaconda|147/258|[from] item: Leftovers\n|upkeep\n|\n|t:|1783534852\n|switch|p2a: Zebstrika|Zebstrika, L87, F|50/100\n|turn|19\n|inactive|Time left: 300 sec this turn | 300 sec total\n|\n|t:|1783534853\n|move|p2a: Zebstrika|Overheat|p1a: Sandaconda\n|-damage|p1a: Sandaconda|7/258\n|-unboost|p2a: Zebstrika|spa|2\n|-damage|p2a: Zebstrika|41/100|[from] item: Life Orb\n|move|p1a: Sandaconda|Earthquake|p2a: Zebstrika\n|-supereffective|p2a: Zebstrika\n|-damage|p2a: Zebstrika|0 fnt\n|faint|p2a: Zebstrika\n|\n|-heal|p1a: Sandaconda|23/258|[from] item: Leftovers\n|upkeep\n|\n|t:|1783534854\n|switch|p2a: Crabominable|Crabominable, L90, M|67/100\n|turn|20\n|inactive|Time left: 300 sec this turn | 300 sec total\n|\n|t:|1783534855\n|-terastallize|p1a: Sandaconda|Steel\n|-terastallize|p2a: Crabominable|Fighting\n|move|p1a: Sandaconda|Earthquake|p2a: Crabominable\n|-damage|p2a: Crabominable|0 fnt\n|faint|p2a: Crabominable\n|\n|win|p0x091f8fe", "uploadtime": 1783534855, "views": 0, "rating": 0, "private": 0, "password": null, "_winner": "p0x091f8fe", "_our_name": "p0x091f8fe"}