{"id": "battle-gen9randombattle-73", "formatid": "gen9randombattle", "format": "[Gen 9] Random Battle", "players": ["p0x0738d0b", "p0y073bda3"], "log": "|init|battle\n|title|p0x0738d0b vs. p0y073bda3\n|j|\u2606p0x0738d0b\n|j|\u2606p0y073bda3\n|t:|1783540033\n|gametype|singles\n|player|p1|p0x0738d0b|265|\n|player|p2|p0y073bda3|102|\n|gen|9\n|tier|[Gen 9] Random Battle\n|rule|Species Clause: Limit one of each Pok\u00e9mon\n|rule|HP Percentage Mod: HP is shown in percentages\n|rule|Sleep Clause Mod: Limit one foe put to sleep\n|rule|Illusion Level Mod: Illusion disguises the Pok\u00e9mon's true level\n|\n|t:|1783540033\n|teamsize|p1|6\n|teamsize|p2|6\n|start\n|switch|p1a: Scrafty|Scrafty, L83, F|100/100\n|switch|p2a: Dunsparce|Dunsparce, L86, F|312/312\n|-ability|p1a: Scrafty|Intimidate|boost\n|-unboost|p2a: Dunsparce|atk|1\n|turn|1\n|inactive|Battle timer is ON: inactive players will automatically lose when time's up. (requested by p0y073bda3)\n|\n|t:|1783540035\n|move|p1a: Scrafty|Dragon Dance|p1a: Scrafty\n|-boost|p1a: Scrafty|atk|1\n|-boost|p1a: Scrafty|spe|1\n|move|p2a: Dunsparce|Coil|p2a: Dunsparce\n|-boost|p2a: Dunsparce|atk|1\n|-boost|p2a: Dunsparce|def|1\n|-boost|p2a: Dunsparce|accuracy|1\n|\n|upkeep\n|turn|2\n|inactive|Time left: 300 sec this turn | 300 sec total\n|inactive|p0x0738d0b also wants the timer to be on.\n|\n|t:|1783540037\n|move|p1a: Scrafty|Dragon Dance|p1a: Scrafty\n|-boost|p1a: Scrafty|atk|1\n|-boost|p1a: Scrafty|spe|1\n|move|p2a: Dunsparce|Coil|p2a: Dunsparce\n|-boost|p2a: Dunsparce|atk|1\n|-boost|p2a: Dunsparce|def|1\n|-boost|p2a: Dunsparce|accuracy|1\n|\n|upkeep\n|turn|3\n|inactive|Time left: 300 sec this turn | 300 sec total\n|\n|t:|1783540038\n|move|p1a: Scrafty|Dragon Dance|p1a: Scrafty\n|-boost|p1a: Scrafty|atk|1\n|-boost|p1a: Scrafty|spe|1\n|move|p2a: Dunsparce|Body Slam|p1a: Scrafty\n|-damage|p1a: Scrafty|64/100\n|-status|p1a: Scrafty|par\n|\n|-heal|p1a: Scrafty|70/100 par|[from] item: Leftovers\n|upkeep\n|turn|4\n|inactive|Time left: 300 sec this turn | 300 sec total\n|\n|t:|1783540039\n|move|p1a: Scrafty|Drain Punch|p2a: Dunsparce\n|-supereffective|p2a: Dunsparce\n|-damage|p2a: Dunsparce|166/312\n|-heal|p1a: Scrafty|99/100 par|[from] drain|[of] p2a: Dunsparce\n|move|p2a: Dunsparce|Body Slam|p1a: Scrafty\n|-damage|p1a: Scrafty|63/100 par\n|\n|-heal|p1a: Scrafty|69/100 par|[from] item: Leftovers\n|upkeep\n|turn|5\n|inactive|Time left: 300 sec this turn | 300 sec total\n|\n|t:|1783540040\n|move|p1a: Scrafty|Drain Punch|p2a: Dunsparce\n|-supereffective|p2a: Dunsparce\n|-damage|p2a: Dunsparce|26/312\n|-heal|p1a: Scrafty|98/100 par|[from] drain|[of] p2a: Dunsparce\n|move|p2a: Dunsparce|Roost|p2a: Dunsparce\n|-heal|p2a: Dunsparce|182/312\n|-singleturn|p2a: Dunsparce|move: Roost\n|\n|-heal|p1a: Scrafty|100/100 par|[from] item: Leftovers\n|upkeep\n|turn|6\n|inactive|Time left: 300 sec this turn | 300 sec total\n|\n|t:|1783540041\n|move|p1a: Scrafty|Drain Punch|p2a: Dunsparce\n|-supereffective|p2a: Dunsparce\n|-damage|p2a: Dunsparce|26/312\n|move|p2a: Dunsparce|Roost|p2a: Dunsparce\n|-heal|p2a: Dunsparce|182/312\n|-singleturn|p2a: Dunsparce|move: Roost\n|\n|upkeep\n|turn|7\n|inactive|Time left: 300 sec this turn | 300 sec total\n|\n|t:|1783540042\n|cant|p1a: Scrafty|par\n|move|p2a: Dunsparce|Roost|p2a: Dunsparce\n|-heal|p2a: Dunsparce|312/312\n|-singleturn|p2a: Dunsparce|move: Roost\n|\n|upkeep\n|turn|8\n|inactive|Time left: 300 sec this turn | 300 sec total\n|\n|t:|1783540043\n|cant|p1a: Scrafty|par\n|move|p2a: Dunsparce|Coil|p2a: Dunsparce\n|-boost|p2a: Dunsparce|atk|1\n|-boost|p2a: Dunsparce|def|1\n|-boost|p2a: Dunsparce|accuracy|1\n|\n|upkeep\n|turn|9\n|inactive|Time left: 300 sec this turn | 300 sec total\n|\n|t:|1783540045\n|cant|p1a: Scrafty|par\n|move|p2a: Dunsparce|Body Slam|p1a: Scrafty\n|-crit|p1a: Scrafty\n|-damage|p1a: Scrafty|23/100 par\n|\n|-heal|p1a: Scrafty|29/100 par|[from] item: Leftovers\n|upkeep\n|turn|10\n|inactive|Time left: 300 sec this turn | 300 sec total\n|\n|t:|1783540046\n|cant|p1a: Scrafty|par\n|move|p2a: Dunsparce|Earthquake|p1a: Scrafty\n|-damage|p1a: Scrafty|0 fnt\n|faint|p1a: Scrafty\n|\n|upkeep\n|\n|t:|1783540046\n|switch|p1a: Carbink|Carbink, L90|100/100\n|turn|11\n|inactive|Time left: 300 sec this turn | 300 sec total\n|\n|t:|1783540048\n|move|p1a: Carbink|Iron Defense|p1a: Carbink\n|-boost|p1a: Carbink|def|2\n|move|p2a: Dunsparce|Body Slam|p1a: Carbink\n|-resisted|p1a: Carbink\n|-damage|p1a: Carbink|91/100\n|-status|p1a: Carbink|par\n|\n|-heal|p1a: Carbink|97/100 par|[from] item: Leftovers\n|upkeep\n|turn|12\n|inactive|Time left: 300 sec this turn | 300 sec total\n|\n|t:|1783540049\n|move|p2a: Dunsparce|Coil|p2a: Dunsparce\n|-boost|p2a: Dunsparce|atk|1\n|-boost|p2a: Dunsparce|def|1\n|-boost|p2a: Dunsparce|accuracy|1\n|move|p1a: Carbink|Rock Polish|p1a: Carbink\n|-boost|p1a: Carbink|spe|2\n|\n|-heal|p1a: Carbink|100/100 par|[from] item: Leftovers\n|upkeep\n|turn|13\n|inactive|Time left: 300 sec this turn | 300 sec total\n|\n|t:|1783540050\n|move|p1a: Carbink|Moonblast|p2a: Dunsparce\n|-damage|p2a: Dunsparce|252/312\n|-unboost|p2a: Dunsparce|spa|1\n|move|p2a: Dunsparce|Earthquake|p1a: Carbink\n|-supereffective|p1a: Carbink\n|-damage|p1a: Carbink|63/100 par\n|\n|-heal|p1a: Carbink|69/100 par|[from] item: Leftovers\n|upkeep\n|turn|14\n|inactive|Time left: 300 sec this turn | 300 sec total\n|\n|t:|1783540051\n|cant|p1a: Carbink|par\n|move|p2a: Dunsparce|Earthquake|p1a: Carbink\n|-supereffective|p1a: Carbink\n|-damage|p1a: Carbink|29/100 par\n|\n|-heal|p1a: Carbink|35/100 par|[from] item: Leftovers\n|upkeep\n|turn|15\n|inactive|Time left: 300 sec this turn | 300 sec total\n|\n|t:|1783540052\n|move|p1a: Carbink|Iron Defense|p1a: Carbink\n|-boost|p1a: Carbink|def|2\n|move|p2a: Dunsparce|Earthquake|p1a: Carbink\n|-supereffective|p1a: Carbink\n|-damage|p1a: Carbink|10/100 par\n|\n|-heal|p1a: Carbink|16/100 par|[from] item: Leftovers\n|upkeep\n|turn|16\n|inactive|Time left: 300 sec this turn | 300 sec total\n|\n|t:|1783540052\n|-terastallize|p1a: Carbink|Fighting\n|cant|p1a: Carbink|par\n|move|p2a: Dunsparce|Earthquake|p1a: Carbink\n|-damage|p1a: Carbink|3/100 par\n|\n|-heal|p1a: Carbink|9/100 par|[from] item: Leftovers\n|upkeep\n|turn|17\n|inactive|Time left: 300 sec this turn | 300 sec total\n|\n|t:|1783540053\n|-terastallize|p2a: Dunsparce|Ghost\n|move|p1a: Carbink|Body Press|p2a: Dunsparce\n|-immune|p2a: Dunsparce\n|move|p2a: Dunsparce|Body Slam|p1a: Carbink\n|-damage|p1a: Carbink|0 fnt\n|faint|p1a: Carbink\n|\n|upkeep\n|\n|t:|1783540054\n|switch|p1a: Dewgong|Dewgong, L94, M|100/100\n|turn|18\n|inactive|Time left: 300 sec this turn | 300 sec total\n|\n|t:|1783540055\n|move|p1a: Dewgong|Ice Beam|p2a: Dunsparce\n|-damage|p2a: Dunsparce|182/312\n|-status|p2a: Dunsparce|frz\n|cant|p2a: Dunsparce|frz\n|\n|upkeep\n|turn|19\n|inactive|Time left: 300 sec this turn | 300 sec total\n|\n|t:|1783540056\n|move|p1a: Dewgong|Knock Off|p2a: Dunsparce\n|-supereffective|p2a: Dunsparce\n|-damage|p2a: Dunsparce|144/312 frz\n|-enditem|p2a: Dunsparce|Eviolite|[from] move: Knock Off|[of] p1a: Dewgong\n|cant|p2a: Dunsparce|frz\n|\n|upkeep\n|turn|20\n|inactive|Time left: 300 sec this turn | 300 sec total\n|\n|t:|1783540056\n|move|p1a: Dewgong|Surf|p2a: Dunsparce\n|-damage|p2a: Dunsparce|29/312 frz\n|cant|p2a: Dunsparce|frz\n|\n|upkeep\n|turn|21\n|inactive|Time left: 300 sec this turn | 300 sec total\n|\n|t:|1783540057\n|move|p1a: Dewgong|Surf|p2a: Dunsparce\n|-damage|p2a: Dunsparce|0 fnt\n|faint|p2a: Dunsparce\n|\n|upkeep\n|inactive|Time left: 300 sec this turn | 300 sec total | 5 sec grace\n|\n|t:|1783540058\n|switch|p2a: Hatterene|Hatterene, L85, F|236/236\n|turn|22\n|inactive|Time left: 300 sec this turn | 300 sec total\n|\n|t:|1783540059\n|move|p1a: Dewgong|Knock Off|p2a: Hatterene\n|-damage|p2a: Hatterene|171/236\n|-enditem|p2a: Hatterene|Assault Vest|[from] move: Knock Off|[of] p1a: Dewgong\n|move|p2a: Hatterene|Psychic|p1a: Dewgong\n|-damage|p1a: Dewgong|67/100\n|\n|upkeep\n|turn|23\n|inactive|Time left: 300 sec this turn | 300 sec total\n|\n|t:|1783540060\n|move|p1a: Dewgong|Ice Beam|p2a: Hatterene\n|-crit|p2a: Hatterene\n|-damage|p2a: Hatterene|57/236\n|move|p2a: Hatterene|Nuzzle|p1a: Dewgong\n|-supereffective|p1a: Dewgong\n|-damage|p1a: Dewgong|59/100\n|-status|p1a: Dewgong|par\n|\n|upkeep\n|turn|24\n|inactive|Time left: 300 sec this turn | 300 sec total\n|\n|t:|1783540061\n|move|p2a: Hatterene|Draining Kiss|p1a: Dewgong\n|-damage|p1a: Dewgong|39/100 par\n|-heal|p2a: Hatterene|105/236|[from] drain|[of] p1a: Dewgong\n|move|p1a: Dewgong|Surf|p2a: Hatterene\n|-damage|p2a: Hatterene|30/236\n|\n|upkeep\n|turn|25\n|inactive|Time left: 300 sec this turn | 300 sec total\n|\n|t:|1783540063\n|move|p2a: Hatterene|Draining Kiss|p1a: Dewgong\n|-damage|p1a: Dewgong|20/100 par\n|-heal|p2a: Hatterene|76/236|[from] drain|[of] p1a: Dewgong\n|move|p1a: Dewgong|Surf|p2a: Hatterene\n|-damage|p2a: Hatterene|0 fnt\n|faint|p2a: Hatterene\n|\n|upkeep\n|inactive|Time left: 300 sec this turn | 300 sec total | 5 sec grace\n|\n|t:|1783540064\n|switch|p2a: Armarouge|Armarouge, L80, F|267/267\n|turn|26\n|inactive|Time left: 300 sec this turn | 300 sec total\n|\n|t:|1783540066\n|move|p2a: Armarouge|Psyshock|p1a: Dewgong\n|-damage|p1a: Dewgong|0 fnt\n|faint|p1a: Dewgong\n|\n|upkeep\n|\n|t:|1783540067\n|switch|p1a: Ursaring|Ursaring, L84, M|100/100\n|turn|27\n|inactive|Time left: 300 sec this turn | 300 sec total\n|\n|t:|1783540068\n|move|p2a: Armarouge|Psyshock|p1a: Ursaring\n|-damage|p1a: Ursaring|42/100\n|move|p1a: Ursaring|Swords Dance|p1a: Ursaring\n|-boost|p1a: Ursaring|atk|2\n|\n|-status|p1a: Ursaring|tox|[from] item: Toxic Orb\n|upkeep\n|turn|28\n|inactive|Time left: 300 sec this turn | 300 sec total\n|\n|t:|1783540069\n|move|p1a: Ursaring|Facade|p2a: Armarouge\n|-damage|p2a: Armarouge|0 fnt\n|faint|p2a: Armarouge\n|\n|-damage|p1a: Ursaring|36/100 tox|[from] psn\n|upkeep\n|inactive|Time left: 300 sec this turn | 300 sec total | 5 sec grace\n|\n|t:|1783540070\n|switch|p2a: Barraskewda|Barraskewda, L81, F|231/231\n|turn|29\n|inactive|Time left: 300 sec this turn | 300 sec total\n|\n|t:|1783540071\n|switch|p1a: Blastoise|Blastoise, L80, F|100/100\n|move|p2a: Barraskewda|Waterfall|p1a: Blastoise\n|-resisted|p1a: Blastoise\n|-damage|p1a: Blastoise|75/100\n|\n|upkeep\n|turn|30\n|inactive|Time left: 300 sec this turn | 300 sec total\n|\n|t:|1783540072\n|move|p2a: Barraskewda|Waterfall|p1a: Blastoise\n|-resisted|p1a: Blastoise\n|-damage|p1a: Blastoise|50/100\n|move|p1a: Blastoise|Shell Smash|p1a: Blastoise\n|-unboost|p1a: Blastoise|def|1\n|-unboost|p1a: Blastoise|spd|1\n|-boost|p1a: Blastoise|atk|2\n|-boost|p1a: Blastoise|spa|2\n|-boost|p1a: Blastoise|spe|2\n|-enditem|p1a: Blastoise|White Herb\n|-clearnegativeboost|p1a: Blastoise|[silent]\n|\n|upkeep\n|turn|31\n|inactive|Time left: 300 sec this turn | 300 sec total\n|\n|t:|1783540073\n|switch|p2a: Rotom|Rotom-Wash, L82|216/216\n|move|p1a: Blastoise|Hydro Pump|p2a: Rotom|[miss]\n|-miss|p1a: Blastoise|p2a: Rotom\n|\n|upkeep\n|turn|32\n|inactive|Time left: 300 sec this turn | 300 sec total\n|\n|t:|1783540074\n|move|p1a: Blastoise|Ice Beam|p2a: Rotom\n|-resisted|p2a: Rotom\n|-damage|p2a: Rotom|168/216\n|move|p2a: Rotom|Thunderbolt|p1a: Blastoise\n|-supereffective|p1a: Blastoise\n|-damage|p1a: Blastoise|0 fnt\n|faint|p1a: Blastoise\n|\n|-heal|p2a: Rotom|181/216|[from] item: Leftovers\n|upkeep\n|\n|t:|1783540075\n|switch|p1a: Ursaring|Ursaring, L84, M|36/100 tox\n|turn|33\n|inactive|Time left: 300 sec this turn | 300 sec total\n|\n|t:|1783540076\n|move|p1a: Ursaring|Facade|p2a: Rotom\n|-damage|p2a: Rotom|28/216\n|move|p2a: Rotom|Thunderbolt|p1a: Ursaring\n|-damage|p1a: Ursaring|0 fnt\n|faint|p1a: Ursaring\n|\n|-heal|p2a: Rotom|41/216|[from] item: Leftovers\n|upkeep\n|\n|t:|1783540077\n|switch|p1a: Delibird|Delibird, M|100/100\n|turn|34\n|inactive|Time left: 300 sec this turn | 300 sec total\n|\n|t:|1783540079\n|move|p1a: Delibird|Ice Spinner|p2a: Rotom|[miss]\n|-miss|p1a: Delibird|p2a: Rotom\n|move|p2a: Rotom|Thunderbolt|p1a: Delibird\n|-supereffective|p1a: Delibird\n|-damage|p1a: Delibird|5/100\n|\n|-heal|p2a: Rotom|54/216|[from] item: Leftovers\n|upkeep\n|turn|35\n|inactive|Time left: 300 sec this turn | 300 sec total\n|\n|t:|1783540080\n|move|p1a: Delibird|Ice Spinner|p2a: Rotom|[miss]\n|-miss|p1a: Delibird|p2a: Rotom\n|move|p2a: Rotom|Thunderbolt|p1a: Delibird\n|-supereffective|p1a: Delibird\n|-damage|p1a: Delibird|0 fnt\n|faint|p1a: Delibird\n|\n|win|p0y073bda3", "uploadtime": 1783540080, "views": 0, "rating": 0, "private": 0, "password": null, "_winner": "p0y073bda3", "_our_name": "p0y073bda3"}