{"id": "battle-gen9randombattle-2836", "formatid": "gen9randombattle", "format": "[Gen 9] Random Battle", "players": ["p0x28368e24", "p0y28364f2b"], "log": "|init|battle\n|title|p0x28368e24 vs. p0y28364f2b\n|j|\u2606p0x28368e24\n|j|\u2606p0y28364f2b\n|t:|1783571696\n|gametype|singles\n|player|p1|p0x28368e24|265|\n|player|p2|p0y28364f2b|2|\n|gen|9\n|tier|[Gen 9] Random Battle\n|rule|Species Clause: Limit one of each Pok\u00e9mon\n|rule|HP Percentage Mod: HP is shown in percentages\n|rule|Sleep Clause Mod: Limit one foe put to sleep\n|rule|Illusion Level Mod: Illusion disguises the Pok\u00e9mon's true level\n|\n|t:|1783571696\n|teamsize|p1|6\n|teamsize|p2|6\n|start\n|switch|p1a: Iron Moth|Iron Moth, L78|100/100\n|switch|p2a: Mabosstiff|Mabosstiff, L86, F|278/278\n|turn|1\n|inactive|Battle timer is ON: inactive players will automatically lose when time's up. (requested by p0y28364f2b)\n|inactive|p0x28368e24 also wants the timer to be on.\n|\n|t:|1783571697\n|-end|p1a: Iron Moth|Quark Drive|[silent]\n|switch|p1a: Incineroar|Incineroar, L82, F|100/100\n|-ability|p1a: Incineroar|Intimidate|boost\n|-unboost|p2a: Mabosstiff|atk|1\n|move|p2a: Mabosstiff|Crunch|p1a: Incineroar\n|-resisted|p1a: Incineroar\n|-damage|p1a: Incineroar|77/100\n|-unboost|p1a: Incineroar|def|1\n|\n|upkeep\n|turn|2\n|inactive|Time left: 300 sec this turn | 300 sec total\n|\n|t:|1783571698\n|move|p2a: Mabosstiff|Crunch|p1a: Incineroar\n|-resisted|p1a: Incineroar\n|-damage|p1a: Incineroar|59/100\n|move|p1a: Incineroar|U-turn|p2a: Mabosstiff\n|-supereffective|p2a: Mabosstiff\n|-damage|p2a: Mabosstiff|178/278\n|\n|t:|1783571699\n|switch|p1a: Zarude|Zarude, L77|100/100|[from] U-turn\n|\n|upkeep\n|turn|3\n|inactive|Time left: 300 sec this turn | 300 sec total\n|\n|t:|1783571700\n|switch|p2a: Gogoat|Gogoat, L88, M|360/360\n|move|p1a: Zarude|Knock Off|p2a: Gogoat\n|-damage|p2a: Gogoat|185/360\n|-enditem|p2a: Gogoat|Leftovers|[from] move: Knock Off|[of] p1a: Zarude\n|\n|upkeep\n|turn|4\n|inactive|Time left: 300 sec this turn | 300 sec total\n|\n|t:|1783571701\n|move|p1a: Zarude|Knock Off|p2a: Gogoat\n|-damage|p2a: Gogoat|68/360\n|move|p2a: Gogoat|Milk Drink|p2a: Gogoat\n|-heal|p2a: Gogoat|248/360\n|\n|upkeep\n|turn|5\n|inactive|Time left: 300 sec this turn | 300 sec total\n|\n|t:|1783571702\n|move|p1a: Zarude|Knock Off|p2a: Gogoat\n|-damage|p2a: Gogoat|127/360\n|move|p2a: Gogoat|Milk Drink|p2a: Gogoat\n|-heal|p2a: Gogoat|307/360\n|\n|upkeep\n|turn|6\n|inactive|Time left: 300 sec this turn | 300 sec total\n|\n|t:|1783571703\n|move|p1a: Zarude|Knock Off|p2a: Gogoat\n|-damage|p2a: Gogoat|187/360\n|move|p2a: Gogoat|Bulk Up|p2a: Gogoat\n|-boost|p2a: Gogoat|atk|1\n|-boost|p2a: Gogoat|def|1\n|\n|upkeep\n|turn|7\n|inactive|Time left: 300 sec this turn | 300 sec total\n|\n|t:|1783571704\n|move|p1a: Zarude|Knock Off|p2a: Gogoat\n|-damage|p2a: Gogoat|103/360\n|move|p2a: Gogoat|Bulk Up|p2a: Gogoat\n|-boost|p2a: Gogoat|atk|1\n|-boost|p2a: Gogoat|def|1\n|\n|upkeep\n|turn|8\n|inactive|Time left: 300 sec this turn | 300 sec total\n|\n|t:|1783571705\n|move|p1a: Zarude|Knock Off|p2a: Gogoat\n|-damage|p2a: Gogoat|37/360\n|move|p2a: Gogoat|Milk Drink|p2a: Gogoat\n|-heal|p2a: Gogoat|217/360\n|\n|upkeep\n|turn|9\n|inactive|Time left: 300 sec this turn | 300 sec total\n|\n|t:|1783571706\n|move|p1a: Zarude|Knock Off|p2a: Gogoat\n|-damage|p2a: Gogoat|153/360\n|move|p2a: Gogoat|Earthquake|p1a: Zarude\n|-resisted|p1a: Zarude\n|-damage|p1a: Zarude|74/100\n|\n|upkeep\n|turn|10\n|inactive|Time left: 300 sec this turn | 300 sec total\n|\n|t:|1783571707\n|move|p1a: Zarude|Knock Off|p2a: Gogoat\n|-damage|p2a: Gogoat|90/360\n|move|p2a: Gogoat|Earthquake|p1a: Zarude\n|-resisted|p1a: Zarude\n|-damage|p1a: Zarude|46/100\n|\n|upkeep\n|turn|11\n|inactive|Time left: 300 sec this turn | 300 sec total\n|\n|t:|1783571709\n|move|p1a: Zarude|Knock Off|p2a: Gogoat\n|-damage|p2a: Gogoat|27/360\n|move|p2a: Gogoat|Milk Drink|p2a: Gogoat\n|-heal|p2a: Gogoat|207/360\n|\n|upkeep\n|turn|12\n|inactive|Time left: 300 sec this turn | 300 sec total\n|\n|t:|1783571710\n|move|p1a: Zarude|Knock Off|p2a: Gogoat\n|-damage|p2a: Gogoat|146/360\n|move|p2a: Gogoat|Horn Leech|p1a: Zarude\n|-resisted|p1a: Zarude\n|-damage|p1a: Zarude|19/100\n|-heal|p2a: Gogoat|185/360|[from] drain|[of] p1a: Zarude\n|\n|upkeep\n|turn|13\n|inactive|Time left: 300 sec this turn | 300 sec total\n|\n|t:|1783571711\n|move|p1a: Zarude|Knock Off|p2a: Gogoat\n|-damage|p2a: Gogoat|118/360\n|move|p2a: Gogoat|Milk Drink|p2a: Gogoat\n|-heal|p2a: Gogoat|298/360\n|\n|upkeep\n|turn|14\n|inactive|Time left: 300 sec this turn | 300 sec total\n|\n|t:|1783571712\n|switch|p1a: Chesnaught|Chesnaught, L84, M|100/100\n|move|p2a: Gogoat|Horn Leech|p1a: Chesnaught\n|-resisted|p1a: Chesnaught\n|-damage|p1a: Chesnaught|78/100\n|-heal|p2a: Gogoat|330/360|[from] drain|[of] p1a: Chesnaught\n|\n|-heal|p1a: Chesnaught|84/100|[from] item: Leftovers\n|upkeep\n|turn|15\n|inactive|Time left: 300 sec this turn | 300 sec total\n|\n|t:|1783571713\n|move|p2a: Gogoat|Bulk Up|p2a: Gogoat\n|-boost|p2a: Gogoat|atk|1\n|-boost|p2a: Gogoat|def|1\n|move|p1a: Chesnaught|Iron Defense|p1a: Chesnaught\n|-boost|p1a: Chesnaught|def|2\n|\n|-heal|p1a: Chesnaught|90/100|[from] item: Leftovers\n|upkeep\n|turn|16\n|inactive|Time left: 300 sec this turn | 300 sec total\n|\n|t:|1783571714\n|move|p2a: Gogoat|Horn Leech|p1a: Chesnaught\n|-resisted|p1a: Chesnaught\n|-damage|p1a: Chesnaught|77/100\n|-heal|p2a: Gogoat|350/360|[from] drain|[of] p1a: Chesnaught\n|move|p1a: Chesnaught|Body Press|p2a: Gogoat\n|-damage|p2a: Gogoat|257/360\n|\n|-heal|p1a: Chesnaught|83/100|[from] item: Leftovers\n|upkeep\n|turn|17\n|inactive|Time left: 300 sec this turn | 300 sec total\n|\n|t:|1783571715\n|move|p2a: Gogoat|Earthquake|p1a: Chesnaught\n|-resisted|p1a: Chesnaught\n|-damage|p1a: Chesnaught|70/100\n|move|p1a: Chesnaught|Body Press|p2a: Gogoat\n|-damage|p2a: Gogoat|164/360\n|\n|-heal|p1a: Chesnaught|76/100|[from] item: Leftovers\n|upkeep\n|turn|18\n|inactive|Time left: 300 sec this turn | 300 sec total\n|\n|t:|1783571716\n|move|p2a: Gogoat|Milk Drink|p2a: Gogoat\n|-heal|p2a: Gogoat|344/360\n|move|p1a: Chesnaught|Body Press|p2a: Gogoat\n|-damage|p2a: Gogoat|238/360\n|\n|-heal|p1a: Chesnaught|82/100|[from] item: Leftovers\n|upkeep\n|turn|19\n|inactive|Time left: 300 sec this turn | 300 sec total\n|\n|t:|1783571717\n|move|p2a: Gogoat|Earthquake|p1a: Chesnaught\n|-resisted|p1a: Chesnaught\n|-damage|p1a: Chesnaught|69/100\n|move|p1a: Chesnaught|Iron Defense|p1a: Chesnaught\n|-boost|p1a: Chesnaught|def|2\n|\n|-heal|p1a: Chesnaught|75/100|[from] item: Leftovers\n|upkeep\n|turn|20\n|inactive|Time left: 300 sec this turn | 300 sec total\n|\n|t:|1783571718\n|move|p2a: Gogoat|Milk Drink|p2a: Gogoat\n|-heal|p2a: Gogoat|360/360\n|move|p1a: Chesnaught|Body Press|p2a: Gogoat\n|-damage|p2a: Gogoat|218/360\n|\n|-heal|p1a: Chesnaught|80/100|[from] item: Leftovers\n|upkeep\n|turn|21\n|inactive|Time left: 300 sec this turn | 300 sec total\n|\n|t:|1783571719\n|move|p2a: Gogoat|Milk Drink|p2a: Gogoat\n|-heal|p2a: Gogoat|360/360\n|move|p1a: Chesnaught|Body Press|p2a: Gogoat\n|-damage|p2a: Gogoat|209/360\n|\n|-heal|p1a: Chesnaught|86/100|[from] item: Leftovers\n|upkeep\n|turn|22\n|inactive|Time left: 300 sec this turn | 300 sec total\n|\n|t:|1783571720\n|move|p2a: Gogoat|Earthquake|p1a: Chesnaught\n|-resisted|p1a: Chesnaught\n|-damage|p1a: Chesnaught|77/100\n|move|p1a: Chesnaught|Body Press|p2a: Gogoat\n|-damage|p2a: Gogoat|46/360\n|\n|-heal|p1a: Chesnaught|83/100|[from] item: Leftovers\n|upkeep\n|turn|23\n|inactive|Time left: 300 sec this turn | 300 sec total\n|\n|t:|1783571721\n|move|p2a: Gogoat|Horn Leech|p1a: Chesnaught\n|-resisted|p1a: Chesnaught\n|-damage|p1a: Chesnaught|72/100\n|-heal|p2a: Gogoat|62/360|[from] drain|[of] p1a: Chesnaught\n|move|p1a: Chesnaught|Body Press|p2a: Gogoat\n|-damage|p2a: Gogoat|0 fnt\n|faint|p2a: Gogoat\n|\n|-heal|p1a: Chesnaught|78/100|[from] item: Leftovers\n|upkeep\n|inactive|Time left: 300 sec this turn | 300 sec total | 5 sec grace\n|\n|t:|1783571722\n|switch|p2a: Toxtricity|Toxtricity, L82, M|257/257\n|turn|24\n|inactive|Time left: 300 sec this turn | 300 sec total\n|\n|t:|1783571723\n|-terastallize|p1a: Chesnaught|Steel\n|move|p2a: Toxtricity|Boomburst|p1a: Chesnaught\n|-resisted|p1a: Chesnaught\n|-damage|p1a: Chesnaught|51/100\n|-enditem|p2a: Toxtricity|Throat Spray\n|-boost|p2a: Toxtricity|spa|1|[from] item: Throat Spray\n|move|p1a: Chesnaught|Body Press|p2a: Toxtricity\n|-resisted|p2a: Toxtricity\n|-damage|p2a: Toxtricity|87/257\n|\n|-heal|p1a: Chesnaught|57/100|[from] item: Leftovers\n|upkeep\n|turn|25\n|inactive|Time left: 300 sec this turn | 300 sec total\n|\n|t:|1783571724\n|move|p2a: Toxtricity|Overdrive|p1a: Chesnaught\n|-damage|p1a: Chesnaught|0 fnt\n|faint|p1a: Chesnaught\n|\n|upkeep\n|\n|t:|1783571725\n|switch|p1a: Zarude|Zarude, L77|19/100\n|turn|26\n|inactive|Time left: 300 sec this turn | 300 sec total\n|\n|t:|1783571726\n|move|p1a: Zarude|Knock Off|p2a: Toxtricity\n|-damage|p2a: Toxtricity|0 fnt\n|faint|p2a: Toxtricity\n|\n|upkeep\n|inactive|Time left: 300 sec this turn | 300 sec total | 5 sec grace\n|\n|t:|1783571726\n|switch|p2a: Blastoise|Blastoise, L80, F|258/258\n|turn|27\n|inactive|Time left: 300 sec this turn | 300 sec total\n|\n|t:|1783571727\n|move|p1a: Zarude|Knock Off|p2a: Blastoise\n|-damage|p2a: Blastoise|113/258\n|-enditem|p2a: Blastoise|White Herb|[from] move: Knock Off|[of] p1a: Zarude\n|move|p2a: Blastoise|Shell Smash|p2a: Blastoise\n|-unboost|p2a: Blastoise|def|1\n|-unboost|p2a: Blastoise|spd|1\n|-boost|p2a: Blastoise|atk|2\n|-boost|p2a: Blastoise|spa|2\n|-boost|p2a: Blastoise|spe|2\n|\n|upkeep\n|turn|28\n|inactive|Time left: 300 sec this turn | 300 sec total\n|\n|t:|1783571728\n|move|p2a: Blastoise|Hydro Pump|p1a: Zarude|[miss]\n|-miss|p2a: Blastoise|p1a: Zarude\n|move|p1a: Zarude|Knock Off|p2a: Blastoise\n|-damage|p2a: Blastoise|0 fnt\n|faint|p2a: Blastoise\n|\n|upkeep\n|inactive|Time left: 300 sec this turn | 300 sec total | 5 sec grace\n|\n|t:|1783571729\n|switch|p2a: Galvantula|Galvantula, L82, F|249/249\n|turn|29\n|inactive|Time left: 300 sec this turn | 300 sec total\n|\n|t:|1783571730\n|move|p2a: Galvantula|Sticky Web|p1a: Zarude\n|-sidestart|p1: p0x28368e24|move: Sticky Web\n|move|p1a: Zarude|Knock Off|p2a: Galvantula\n|-damage|p2a: Galvantula|47/249\n|-enditem|p2a: Galvantula|Heavy-Duty Boots|[from] move: Knock Off|[of] p1a: Zarude\n|\n|upkeep\n|turn|30\n|inactive|Time left: 300 sec this turn | 300 sec total\n|\n|t:|1783571731\n|move|p2a: Galvantula|Thunder|p1a: Zarude\n|-resisted|p1a: Zarude\n|-damage|p1a: Zarude|1/100\n|move|p1a: Zarude|Knock Off|p2a: Galvantula\n|-damage|p2a: Galvantula|0 fnt\n|faint|p2a: Galvantula\n|\n|upkeep\n|inactive|Time left: 300 sec this turn | 300 sec total | 5 sec grace\n|\n|t:|1783571732\n|switch|p2a: Glalie|Glalie, L96, M|309/309\n|turn|31\n|inactive|Time left: 300 sec this turn | 300 sec total\n|\n|t:|1783571733\n|move|p2a: Glalie|Freeze-Dry|p1a: Zarude\n|-supereffective|p1a: Zarude\n|-damage|p1a: Zarude|0 fnt\n|faint|p1a: Zarude\n|\n|upkeep\n|\n|t:|1783571734\n|switch|p1a: Mudsdale|Mudsdale, L83, F|100/100\n|-activate|p1a: Mudsdale|move: Sticky Web\n|-unboost|p1a: Mudsdale|spe|1\n|turn|32\n|inactive|Time left: 300 sec this turn | 300 sec total\n|\n|t:|1783571735\n|move|p2a: Glalie|Freeze-Dry|p1a: Mudsdale\n|-supereffective|p1a: Mudsdale\n|-damage|p1a: Mudsdale|39/100\n|-ability|p1a: Mudsdale|Stamina|boost\n|-boost|p1a: Mudsdale|def|1\n|move|p1a: Mudsdale|Earthquake|p2a: Glalie\n|-damage|p2a: Glalie|185/309\n|\n|-heal|p1a: Mudsdale|45/100|[from] item: Leftovers\n|upkeep\n|turn|33\n|inactive|Time left: 300 sec this turn | 300 sec total\n|\n|t:|1783571735\n|switch|p1a: Incineroar|Incineroar, L82, F|59/100\n|-activate|p1a: Incineroar|move: Sticky Web\n|-unboost|p1a: Incineroar|spe|1\n|-ability|p1a: Incineroar|Intimidate|boost\n|-fail|p2a: Glalie|unboost|Attack|[from] ability: Inner Focus|[of] p2a: Glalie\n|move|p2a: Glalie|Freeze-Dry|p1a: Incineroar\n|-resisted|p1a: Incineroar\n|-damage|p1a: Incineroar|51/100\n|\n|upkeep\n|turn|34\n|inactive|Time left: 300 sec this turn | 300 sec total\n|\n|t:|1783571736\n|switch|p1a: Mudsdale|Mudsdale, L83, F|45/100\n|-activate|p1a: Mudsdale|move: Sticky Web\n|-unboost|p1a: Mudsdale|spe|1\n|move|p2a: Glalie|Earthquake|p1a: Mudsdale\n|-damage|p1a: Mudsdale|19/100\n|-ability|p1a: Mudsdale|Stamina|boost\n|-boost|p1a: Mudsdale|def|1\n|\n|-heal|p1a: Mudsdale|25/100|[from] item: Leftovers\n|upkeep\n|turn|35\n|inactive|Time left: 300 sec this turn | 300 sec total\n|\n|t:|1783571737\n|move|p2a: Glalie|Freeze-Dry|p1a: Mudsdale\n|-supereffective|p1a: Mudsdale\n|-damage|p1a: Mudsdale|0 fnt\n|faint|p1a: Mudsdale\n|\n|upkeep\n|\n|t:|1783571738\n|switch|p1a: Arbok|Arbok, L87, M|100/100\n|-activate|p1a: Arbok|move: Sticky Web\n|-unboost|p1a: Arbok|spe|1\n|-ability|p1a: Arbok|Intimidate|boost\n|-fail|p2a: Glalie|unboost|Attack|[from] ability: Inner Focus|[of] p2a: Glalie\n|turn|36\n|inactive|Time left: 300 sec this turn | 300 sec total\n|\n|t:|1783571739\n|move|p2a: Glalie|Earthquake|p1a: Arbok\n|-supereffective|p1a: Arbok\n|-crit|p1a: Arbok\n|-damage|p1a: Arbok|0 fnt\n|faint|p1a: Arbok\n|\n|upkeep\n|\n|t:|1783571740\n|switch|p1a: Iron Moth|Iron Moth, L78|100/100\n|turn|37\n|inactive|Time left: 300 sec this turn | 300 sec total\n|\n|t:|1783571741\n|-terastallize|p2a: Glalie|Water\n|move|p1a: Iron Moth|Energy Ball|p2a: Glalie\n|-supereffective|p2a: Glalie\n|-damage|p2a: Glalie|55/309\n|-unboost|p2a: Glalie|spd|1\n|move|p2a: Glalie|Earthquake|p1a: Iron Moth\n|-supereffective|p1a: Iron Moth\n|-damage|p1a: Iron Moth|0 fnt\n|faint|p1a: Iron Moth\n|-end|p1a: Iron Moth|Quark Drive|[silent]\n|\n|upkeep\n|\n|t:|1783571742\n|switch|p1a: Incineroar|Incineroar, L82, F|51/100\n|-activate|p1a: Incineroar|move: Sticky Web\n|-unboost|p1a: Incineroar|spe|1\n|-ability|p1a: Incineroar|Intimidate|boost\n|-fail|p2a: Glalie|unboost|Attack|[from] ability: Inner Focus|[of] p2a: Glalie\n|turn|38\n|inactive|Time left: 300 sec this turn | 300 sec total\n|\n|t:|1783571743\n|move|p2a: Glalie|Earthquake|p1a: Incineroar\n|-supereffective|p1a: Incineroar\n|-damage|p1a: Incineroar|0 fnt\n|faint|p1a: Incineroar\n|\n|win|p0y28364f2b", "uploadtime": 1783571743, "views": 0, "rating": 0, "private": 0, "password": null, "_winner": "p0y28364f2b", "_our_name": "p0y28364f2b"}