{"id": "battle-gen9randombattle-1787", "formatid": "gen9randombattle", "format": "[Gen 9] Random Battle", "players": ["p0x1787638b", "p0y1787d058"], "log": "|init|battle\n|title|p0x1787638b vs. p0y1787d058\n|j|\u2606p0x1787638b\n|j|\u2606p0y1787d058\n|t:|1783560713\n|gametype|singles\n|player|p1|p0x1787638b|2|\n|player|p2|p0y1787d058|265|\n|gen|9\n|tier|[Gen 9] Random Battle\n|rule|Species Clause: Limit one of each Pok\u00e9mon\n|rule|HP Percentage Mod: HP is shown in percentages\n|rule|Sleep Clause Mod: Limit one foe put to sleep\n|rule|Illusion Level Mod: Illusion disguises the Pok\u00e9mon's true level\n|\n|t:|1783560713\n|teamsize|p1|6\n|teamsize|p2|6\n|start\n|switch|p1a: Noctowl|Noctowl, L95, M|344/344\n|switch|p2a: Dodrio|Dodrio, L85, M|100/100\n|turn|1\n|inactive|Battle timer is ON: inactive players will automatically lose when time's up. (requested by p0x1787638b)\n|\n|t:|1783560715\n|move|p2a: Dodrio|Knock Off|p1a: Noctowl\n|-damage|p1a: Noctowl|181/344\n|-enditem|p1a: Noctowl|Heavy-Duty Boots|[from] move: Knock Off|[of] p2a: Dodrio\n|move|p1a: Noctowl|Hurricane|p2a: Dodrio\n|-damage|p2a: Dodrio|22/100\n|\n|upkeep\n|turn|2\n|inactive|Time left: 300 sec this turn | 300 sec total\n|inactive|p0y1787d058 also wants the timer to be on.\n|\n|t:|1783560716\n|move|p2a: Dodrio|Knock Off|p1a: Noctowl\n|-damage|p1a: Noctowl|76/344\n|move|p1a: Noctowl|Roost|p1a: Noctowl\n|-heal|p1a: Noctowl|248/344\n|-singleturn|p1a: Noctowl|move: Roost\n|\n|upkeep\n|turn|3\n|inactive|Time left: 300 sec this turn | 300 sec total\n|\n|t:|1783560717\n|move|p2a: Dodrio|Knock Off|p1a: Noctowl\n|-damage|p1a: Noctowl|146/344\n|move|p1a: Noctowl|Hyper Voice|p2a: Dodrio\n|-damage|p2a: Dodrio|0 fnt\n|faint|p2a: Dodrio\n|\n|upkeep\n|\n|t:|1783560718\n|switch|p2a: Typhlosion|Typhlosion, L84, F|100/100\n|turn|4\n|inactive|Time left: 300 sec this turn | 300 sec total\n|\n|t:|1783560719\n|switch|p1a: Appletun|Appletun, L92, F|352/352\n|move|p2a: Typhlosion|Eruption|p1a: Appletun\n|-damage|p1a: Appletun|219/352\n|\n|-heal|p1a: Appletun|241/352|[from] item: Leftovers\n|upkeep\n|turn|5\n|inactive|Time left: 300 sec this turn | 300 sec total\n|\n|t:|1783560720\n|move|p2a: Typhlosion|Eruption|p1a: Appletun\n|-damage|p1a: Appletun|114/352\n|move|p1a: Appletun|Recover|p1a: Appletun\n|-heal|p1a: Appletun|290/352\n|\n|-heal|p1a: Appletun|312/352|[from] item: Leftovers\n|upkeep\n|turn|6\n|inactive|Time left: 300 sec this turn | 300 sec total\n|\n|t:|1783560721\n|move|p2a: Typhlosion|Eruption|p1a: Appletun\n|-damage|p1a: Appletun|188/352\n|move|p1a: Appletun|Draco Meteor|p2a: Typhlosion\n|-damage|p2a: Typhlosion|41/100\n|-unboost|p1a: Appletun|spa|2\n|\n|-heal|p1a: Appletun|210/352|[from] item: Leftovers\n|upkeep\n|turn|7\n|inactive|Time left: 300 sec this turn | 300 sec total\n|\n|t:|1783560722\n|move|p2a: Typhlosion|Eruption|p1a: Appletun\n|-damage|p1a: Appletun|159/352\n|move|p1a: Appletun|Recover|p1a: Appletun\n|-heal|p1a: Appletun|335/352\n|\n|-heal|p1a: Appletun|352/352|[from] item: Leftovers\n|upkeep\n|turn|8\n|inactive|Time left: 300 sec this turn | 300 sec total\n|\n|t:|1783560723\n|switch|p1a: Noctowl|Noctowl, L95, M|146/344\n|move|p2a: Typhlosion|Eruption|p1a: Noctowl\n|-damage|p1a: Noctowl|62/344\n|\n|upkeep\n|turn|9\n|inactive|Time left: 300 sec this turn | 300 sec total\n|\n|t:|1783560724\n|switch|p1a: Appletun|Appletun, L92, F|352/352\n|move|p2a: Typhlosion|Eruption|p1a: Appletun\n|-damage|p1a: Appletun|301/352\n|\n|-heal|p1a: Appletun|323/352|[from] item: Leftovers\n|upkeep\n|turn|10\n|inactive|Time left: 300 sec this turn | 300 sec total\n|\n|t:|1783560725\n|switch|p2a: Serperior|Serperior, L79, M|100/100\n|move|p1a: Appletun|Apple Acid|p2a: Serperior\n|-resisted|p2a: Serperior\n|-damage|p2a: Serperior|78/100\n|-boost|p2a: Serperior|spd|1\n|\n|-heal|p2a: Serperior|84/100|[from] item: Leftovers\n|-heal|p1a: Appletun|345/352|[from] item: Leftovers\n|upkeep\n|turn|11\n|inactive|Time left: 300 sec this turn | 300 sec total\n|\n|t:|1783560726\n|move|p2a: Serperior|Leaf Storm|p1a: Appletun\n|-resisted|p1a: Appletun\n|-damage|p1a: Appletun|321/352\n|-boost|p2a: Serperior|spa|2\n|move|p1a: Appletun|Dragon Tail|p2a: Serperior\n|-damage|p2a: Serperior|56/100\n|drag|p2a: Typhlosion|Typhlosion, L84, F|41/100\n|\n|-heal|p1a: Appletun|343/352|[from] item: Leftovers\n|upkeep\n|turn|12\n|inactive|Time left: 300 sec this turn | 300 sec total\n|\n|t:|1783560727\n|move|p2a: Typhlosion|Fire Blast|p1a: Appletun\n|-damage|p1a: Appletun|247/352\n|move|p1a: Appletun|Draco Meteor|p2a: Typhlosion\n|-damage|p2a: Typhlosion|0 fnt\n|-unboost|p1a: Appletun|spa|2\n|faint|p2a: Typhlosion\n|\n|-heal|p1a: Appletun|269/352|[from] item: Leftovers\n|upkeep\n|\n|t:|1783560728\n|switch|p2a: Smeargle|Smeargle, L95, F|100/100\n|turn|13\n|inactive|Time left: 300 sec this turn | 300 sec total\n|\n|t:|1783560729\n|move|p2a: Smeargle|Sticky Web|p1a: Appletun\n|-sidestart|p1: p0x1787638b|move: Sticky Web\n|move|p1a: Appletun|Dragon Tail|p2a: Smeargle\n|-damage|p2a: Smeargle|61/100\n|drag|p2a: Pawmot|Pawmot, L80, M|100/100\n|\n|-heal|p1a: Appletun|291/352|[from] item: Leftovers\n|upkeep\n|turn|14\n|inactive|Time left: 300 sec this turn | 300 sec total\n|\n|t:|1783560730\n|switch|p2a: Serperior|Serperior, L79, M|56/100\n|move|p1a: Appletun|Dragon Tail|p2a: Serperior\n|-damage|p2a: Serperior|30/100\n|drag|p2a: Zekrom|Zekrom, L71|100/100\n|-ability|p2a: Zekrom|Teravolt\n|\n|-heal|p1a: Appletun|313/352|[from] item: Leftovers\n|upkeep\n|turn|15\n|inactive|Time left: 300 sec this turn | 300 sec total\n|\n|t:|1783560731\n|move|p2a: Zekrom|Outrage|p1a: Appletun\n|-supereffective|p1a: Appletun\n|-damage|p1a: Appletun|77/352\n|move|p1a: Appletun|Dragon Tail|p2a: Zekrom\n|-supereffective|p2a: Zekrom\n|-damage|p2a: Zekrom|49/100\n|drag|p2a: Smeargle|Smeargle, L95, F|61/100\n|\n|-heal|p1a: Appletun|99/352|[from] item: Leftovers\n|upkeep\n|turn|16\n|inactive|Time left: 300 sec this turn | 300 sec total\n|\n|t:|1783560732\n|move|p2a: Smeargle|Stealth Rock|p1a: Appletun\n|-sidestart|p1: p0x1787638b|move: Stealth Rock\n|move|p1a: Appletun|Draco Meteor|p2a: Smeargle\n|-damage|p2a: Smeargle|18/100\n|-unboost|p1a: Appletun|spa|2\n|\n|-heal|p1a: Appletun|121/352|[from] item: Leftovers\n|upkeep\n|turn|17\n|inactive|Time left: 300 sec this turn | 300 sec total\n|\n|t:|1783560733\n|switch|p2a: Serperior|Serperior, L79, M|30/100\n|move|p1a: Appletun|Dragon Tail|p2a: Serperior\n|-damage|p2a: Serperior|4/100\n|drag|p2a: Zekrom|Zekrom, L71|49/100\n|-ability|p2a: Zekrom|Teravolt\n|\n|-heal|p2a: Zekrom|55/100|[from] item: Leftovers\n|-heal|p1a: Appletun|143/352|[from] item: Leftovers\n|upkeep\n|turn|18\n|inactive|Time left: 300 sec this turn | 300 sec total\n|\n|t:|1783560734\n|move|p2a: Zekrom|Outrage|p1a: Appletun\n|-supereffective|p1a: Appletun\n|-damage|p1a: Appletun|0 fnt\n|faint|p1a: Appletun\n|\n|-heal|p2a: Zekrom|61/100|[from] item: Leftovers\n|upkeep\n|inactive|Time left: 300 sec this turn | 300 sec total | 5 sec grace\n|\n|t:|1783560734\n|switch|p1a: Delibird|Delibird, F|252/252\n|turn|19\n|inactive|Time left: 300 sec this turn | 300 sec total\n|\n|t:|1783560735\n|move|p1a: Delibird|Ice Spinner|p2a: Zekrom\n|-supereffective|p2a: Zekrom\n|-damage|p2a: Zekrom|0 fnt\n|faint|p2a: Zekrom\n|\n|upkeep\n|\n|t:|1783560736\n|switch|p2a: Pawmot|Pawmot, L80, M|100/100\n|turn|20\n|inactive|Time left: 300 sec this turn | 300 sec total\n|\n|t:|1783560737\n|-terastallize|p1a: Delibird|Ground\n|move|p2a: Pawmot|Double Shock|p1a: Delibird\n|-immune|p1a: Delibird\n|move|p1a: Delibird|Drill Run|p2a: Pawmot|[miss]\n|-miss|p1a: Delibird|p2a: Pawmot\n|\n|upkeep\n|turn|21\n|inactive|Time left: 300 sec this turn | 300 sec total\n|\n|t:|1783560738\n|move|p2a: Pawmot|Knock Off|p1a: Delibird\n|-damage|p1a: Delibird|125/252\n|-enditem|p1a: Delibird|Heavy-Duty Boots|[from] move: Knock Off|[of] p2a: Pawmot\n|-damage|p2a: Pawmot|91/100|[from] item: Life Orb\n|move|p1a: Delibird|Drill Run|p2a: Pawmot|[miss]\n|-miss|p1a: Delibird|p2a: Pawmot\n|\n|upkeep\n|turn|22\n|inactive|Time left: 300 sec this turn | 300 sec total\n|\n|t:|1783560739\n|move|p2a: Pawmot|Close Combat|p1a: Delibird\n|-damage|p1a: Delibird|0 fnt\n|-unboost|p2a: Pawmot|def|1\n|-unboost|p2a: Pawmot|spd|1\n|faint|p1a: Delibird\n|-damage|p2a: Pawmot|81/100|[from] item: Life Orb\n|\n|upkeep\n|inactive|Time left: 300 sec this turn | 300 sec total | 5 sec grace\n|\n|t:|1783560739\n|switch|p1a: Hypno|Hypno, L95, M|315/315\n|-activate|p1a: Hypno|move: Sticky Web\n|-unboost|p1a: Hypno|spe|1\n|-damage|p1a: Hypno|276/315|[from] Stealth Rock\n|turn|23\n|inactive|Time left: 300 sec this turn | 300 sec total\n|\n|t:|1783560740\n|move|p2a: Pawmot|Knock Off|p1a: Hypno\n|-supereffective|p1a: Hypno\n|-damage|p1a: Hypno|73/315\n|-enditem|p1a: Hypno|Leftovers|[from] move: Knock Off|[of] p2a: Pawmot\n|-damage|p2a: Pawmot|71/100|[from] item: Life Orb\n|move|p1a: Hypno|Psychic Noise|p2a: Pawmot\n|-supereffective|p2a: Pawmot\n|-damage|p2a: Pawmot|0 fnt\n|faint|p2a: Pawmot\n|\n|upkeep\n|\n|t:|1783560741\n|switch|p2a: Serperior|Serperior, L79, M|4/100\n|turn|24\n|inactive|Time left: 300 sec this turn | 300 sec total\n|\n|t:|1783560742\n|-terastallize|p2a: Serperior|Grass\n|move|p2a: Serperior|Leaf Storm|p1a: Hypno\n|-damage|p1a: Hypno|0 fnt\n|-boost|p2a: Serperior|spa|2\n|faint|p1a: Hypno\n|\n|-heal|p2a: Serperior|10/100|[from] item: Leftovers\n|upkeep\n|inactive|Time left: 300 sec this turn | 300 sec total | 5 sec grace\n|\n|t:|1783560742\n|switch|p1a: Cetitan|Cetitan, L82, M|413/413\n|-activate|p1a: Cetitan|move: Sticky Web\n|-unboost|p1a: Cetitan|spe|1\n|-damage|p1a: Cetitan|310/413|[from] Stealth Rock\n|turn|25\n|inactive|Time left: 300 sec this turn | 300 sec total\n|\n|t:|1783560743\n|move|p1a: Cetitan|Ice Shard|p2a: Serperior\n|-supereffective|p2a: Serperior\n|-damage|p2a: Serperior|0 fnt\n|faint|p2a: Serperior\n|-damage|p1a: Cetitan|269/413|[from] item: Life Orb\n|\n|upkeep\n|\n|t:|1783560744\n|switch|p2a: Smeargle|Smeargle, L95, F|18/100\n|turn|26\n|inactive|Time left: 300 sec this turn | 300 sec total\n|\n|t:|1783560745\n|move|p1a: Cetitan|Ice Shard|p2a: Smeargle\n|-damage|p2a: Smeargle|0 fnt\n|faint|p2a: Smeargle\n|-damage|p1a: Cetitan|228/413|[from] item: Life Orb\n|\n|win|p0x1787638b", "uploadtime": 1783560745, "views": 0, "rating": 0, "private": 0, "password": null, "_winner": "p0x1787638b", "_our_name": "p0x1787638b"}