{"id": "battle-gen9randombattle-1326", "formatid": "gen9randombattle", "format": "[Gen 9] Random Battle", "players": ["p0x1326bad9", "p0y13260405"], "log": "|init|battle\n|title|p0x1326bad9 vs. p0y13260405\n|j|\u2606p0x1326bad9\n|j|\u2606p0y13260405\n|t:|1783555386\n|gametype|singles\n|player|p1|p0x1326bad9|2|\n|player|p2|p0y13260405|266|\n|gen|9\n|tier|[Gen 9] Random Battle\n|rule|Species Clause: Limit one of each Pok\u00e9mon\n|rule|HP Percentage Mod: HP is shown in percentages\n|rule|Sleep Clause Mod: Limit one foe put to sleep\n|rule|Illusion Level Mod: Illusion disguises the Pok\u00e9mon's true level\n|\n|t:|1783555386\n|teamsize|p1|6\n|teamsize|p2|6\n|start\n|switch|p1a: Palafin|Palafin, L77, F|281/281\n|switch|p2a: Gurdurr|Gurdurr, L85, M|100/100\n|turn|1\n|inactive|Battle timer is ON: inactive players will automatically lose when time's up. (requested by p0y13260405)\n|inactive|Time left: 300 sec this turn | 300 sec total | 60 sec grace\n|\n|t:|1783555387\n|move|p1a: Palafin|Bulk Up|p1a: Palafin\n|-boost|p1a: Palafin|atk|1\n|-boost|p1a: Palafin|def|1\n|move|p2a: Gurdurr|Knock Off|p1a: Palafin\n|-damage|p1a: Palafin|216/281\n|-enditem|p1a: Palafin|Leftovers|[from] move: Knock Off|[of] p2a: Gurdurr\n|\n|upkeep\n|turn|2\n|inactive|Time left: 300 sec this turn | 300 sec total\n|inactive|p0x1326bad9 also wants the timer to be on.\n|\n|t:|1783555388\n|move|p1a: Palafin|Bulk Up|p1a: Palafin\n|-boost|p1a: Palafin|atk|1\n|-boost|p1a: Palafin|def|1\n|move|p2a: Gurdurr|Bulk Up|p2a: Gurdurr\n|-boost|p2a: Gurdurr|atk|1\n|-boost|p2a: Gurdurr|def|1\n|\n|upkeep\n|turn|3\n|inactive|Time left: 300 sec this turn | 300 sec total\n|\n|t:|1783555389\n|move|p1a: Palafin|Bulk Up|p1a: Palafin\n|-boost|p1a: Palafin|atk|1\n|-boost|p1a: Palafin|def|1\n|move|p2a: Gurdurr|Drain Punch|p1a: Palafin\n|-damage|p1a: Palafin|149/281\n|\n|upkeep\n|turn|4\n|inactive|Time left: 300 sec this turn | 300 sec total\n|\n|t:|1783555390\n|move|p1a: Palafin|Drain Punch|p2a: Gurdurr\n|-damage|p2a: Gurdurr|86/100\n|-heal|p1a: Palafin|170/281|[from] drain|[of] p2a: Gurdurr\n|move|p2a: Gurdurr|Drain Punch|p1a: Palafin\n|-damage|p1a: Palafin|106/281\n|-heal|p2a: Gurdurr|97/100|[from] drain|[of] p1a: Palafin\n|\n|upkeep\n|turn|5\n|inactive|Time left: 300 sec this turn | 300 sec total\n|\n|t:|1783555391\n|move|p1a: Palafin|Drain Punch|p2a: Gurdurr\n|-damage|p2a: Gurdurr|83/100\n|-heal|p1a: Palafin|126/281|[from] drain|[of] p2a: Gurdurr\n|move|p2a: Gurdurr|Drain Punch|p1a: Palafin\n|-damage|p1a: Palafin|65/281\n|-heal|p2a: Gurdurr|94/100|[from] drain|[of] p1a: Palafin\n|\n|upkeep\n|turn|6\n|inactive|Time left: 300 sec this turn | 300 sec total\n|\n|t:|1783555392\n|move|p1a: Palafin|Drain Punch|p2a: Gurdurr\n|-damage|p2a: Gurdurr|80/100\n|-heal|p1a: Palafin|85/281|[from] drain|[of] p2a: Gurdurr\n|move|p2a: Gurdurr|Drain Punch|p1a: Palafin\n|-damage|p1a: Palafin|13/281\n|-heal|p2a: Gurdurr|93/100|[from] drain|[of] p1a: Palafin\n|\n|upkeep\n|turn|7\n|inactive|Time left: 300 sec this turn | 300 sec total\n|\n|t:|1783555393\n|move|p1a: Palafin|Ice Punch|p2a: Gurdurr\n|-damage|p2a: Gurdurr|78/100\n|-status|p2a: Gurdurr|frz\n|cant|p2a: Gurdurr|frz\n|\n|upkeep\n|turn|8\n|inactive|Time left: 300 sec this turn | 300 sec total\n|\n|t:|1783555394\n|move|p1a: Palafin|Drain Punch|p2a: Gurdurr\n|-damage|p2a: Gurdurr|63/100 frz\n|-heal|p1a: Palafin|34/281|[from] drain|[of] p2a: Gurdurr\n|cant|p2a: Gurdurr|frz\n|\n|upkeep\n|turn|9\n|inactive|Time left: 300 sec this turn | 300 sec total\n|\n|t:|1783555395\n|cant|p2a: Gurdurr|frz\n|move|p1a: Palafin|Drain Punch|p2a: Gurdurr\n|-damage|p2a: Gurdurr|48/100 frz\n|-heal|p1a: Palafin|56/281|[from] drain|[of] p2a: Gurdurr\n|\n|upkeep\n|turn|10\n|inactive|Time left: 300 sec this turn | 300 sec total\n|\n|t:|1783555396\n|move|p1a: Palafin|Drain Punch|p2a: Gurdurr\n|-damage|p2a: Gurdurr|34/100 frz\n|-heal|p1a: Palafin|75/281|[from] drain|[of] p2a: Gurdurr\n|cant|p2a: Gurdurr|frz\n|\n|upkeep\n|turn|11\n|inactive|Time left: 300 sec this turn | 300 sec total\n|\n|t:|1783555397\n|move|p1a: Palafin|Drain Punch|p2a: Gurdurr\n|-damage|p2a: Gurdurr|19/100 frz\n|-heal|p1a: Palafin|97/281|[from] drain|[of] p2a: Gurdurr\n|cant|p2a: Gurdurr|frz\n|\n|upkeep\n|turn|12\n|inactive|Time left: 300 sec this turn | 300 sec total\n|\n|t:|1783555398\n|move|p1a: Palafin|Drain Punch|p2a: Gurdurr\n|-damage|p2a: Gurdurr|5/100 frz\n|-heal|p1a: Palafin|117/281|[from] drain|[of] p2a: Gurdurr\n|cant|p2a: Gurdurr|frz\n|\n|upkeep\n|turn|13\n|inactive|Time left: 300 sec this turn | 300 sec total\n|\n|t:|1783555399\n|switch|p2a: Kommo-o|Kommo-o, L77, F|100/100\n|move|p1a: Palafin|Drain Punch|p2a: Kommo-o\n|-damage|p2a: Kommo-o|70/100\n|-heal|p1a: Palafin|155/281|[from] drain|[of] p2a: Kommo-o\n|\n|upkeep\n|turn|14\n|inactive|Time left: 300 sec this turn | 300 sec total\n|\n|t:|1783555401\n|move|p1a: Palafin|Drain Punch|p2a: Kommo-o\n|-damage|p2a: Kommo-o|41/100\n|-heal|p1a: Palafin|190/281|[from] drain|[of] p2a: Kommo-o\n|move|p2a: Kommo-o|Boomburst|p1a: Palafin\n|-damage|p1a: Palafin|61/281\n|-enditem|p2a: Kommo-o|Throat Spray\n|-boost|p2a: Kommo-o|spa|1|[from] item: Throat Spray\n|\n|upkeep\n|turn|15\n|inactive|Time left: 300 sec this turn | 300 sec total\n|\n|t:|1783555402\n|move|p1a: Palafin|Ice Punch|p2a: Kommo-o\n|-supereffective|p2a: Kommo-o\n|-damage|p2a: Kommo-o|0 fnt\n|faint|p2a: Kommo-o\n|\n|upkeep\n|\n|t:|1783555403\n|switch|p2a: Cinccino|Cinccino, L83, M|100/100\n|turn|16\n|inactive|Time left: 300 sec this turn | 300 sec total\n|\n|t:|1783555404\n|move|p1a: Palafin|Jet Punch|p2a: Cinccino\n|-damage|p2a: Cinccino|44/100\n|move|p2a: Cinccino|Bullet Seed|p1a: Palafin\n|-supereffective|p1a: Palafin\n|-damage|p1a: Palafin|35/281\n|-supereffective|p1a: Palafin\n|-crit|p1a: Palafin\n|-damage|p1a: Palafin|0 fnt\n|faint|p1a: Palafin\n|-hitcount|p1: Palafin|2\n|\n|upkeep\n|inactive|Time left: 300 sec this turn | 300 sec total | 5 sec grace\n|\n|t:|1783555405\n|switch|p1a: Torkoal|Torkoal, L88, F|266/266\n|-weather|SunnyDay|[from] ability: Drought|[of] p1a: Torkoal\n|turn|17\n|inactive|Time left: 300 sec this turn | 300 sec total\n|\n|t:|1783555407\n|move|p2a: Cinccino|Tail Slap|p1a: Torkoal\n|-damage|p1a: Torkoal|242/266\n|-crit|p1a: Torkoal\n|-damage|p1a: Torkoal|206/266\n|-damage|p1a: Torkoal|181/266\n|-damage|p1a: Torkoal|153/266\n|-hitcount|p1a: Torkoal|4\n|move|p1a: Torkoal|Fire Blast|p2a: Cinccino\n|-damage|p2a: Cinccino|0 fnt\n|faint|p2a: Cinccino\n|\n|-weather|SunnyDay|[upkeep]\n|upkeep\n|\n|t:|1783555408\n|switch|p2a: Charizard|Charizard, L85, F|100/100\n|turn|18\n|inactive|Time left: 300 sec this turn | 300 sec total\n|\n|t:|1783555409\n|move|p2a: Charizard|Swords Dance|p2a: Charizard\n|-boost|p2a: Charizard|atk|2\n|move|p1a: Torkoal|Fire Blast|p2a: Charizard\n|-resisted|p2a: Charizard\n|-damage|p2a: Charizard|67/100\n|\n|-weather|SunnyDay|[upkeep]\n|upkeep\n|turn|19\n|inactive|Time left: 300 sec this turn | 300 sec total\n|\n|t:|1783555410\n|switch|p1a: Orthworm|Orthworm, L88, M|266/266\n|-terastallize|p2a: Charizard|Dragon\n|move|p2a: Charizard|Outrage|p1a: Orthworm\n|-resisted|p1a: Orthworm\n|-damage|p1a: Orthworm|188/266\n|\n|-weather|SunnyDay|[upkeep]\n|-heal|p1a: Orthworm|204/266|[from] item: Leftovers\n|upkeep\n|turn|20\n|inactive|Time left: 300 sec this turn | 300 sec total\n|\n|t:|1783555412\n|move|p2a: Charizard|Outrage|p1a: Orthworm|[from] lockedmove\n|-resisted|p1a: Orthworm\n|-damage|p1a: Orthworm|126/266\n|-start|p2a: Charizard|confusion|[fatigue]\n|move|p1a: Orthworm|Body Press|p2a: Charizard\n|-damage|p2a: Charizard|34/100\n|\n|-weather|SunnyDay|[upkeep]\n|-heal|p1a: Orthworm|142/266|[from] item: Leftovers\n|upkeep\n|turn|21\n|inactive|Time left: 300 sec this turn | 300 sec total\n|\n|t:|1783555413\n|-activate|p2a: Charizard|confusion\n|-damage|p2a: Charizard|13/100|[from] confusion\n|move|p1a: Orthworm|Heavy Slam|p2a: Charizard\n|-damage|p2a: Charizard|0 fnt\n|faint|p2a: Charizard\n|\n|-weather|none\n|-heal|p1a: Orthworm|158/266|[from] item: Leftovers\n|upkeep\n|\n|t:|1783555414\n|switch|p2a: Phione|Phione, L91|100/100\n|turn|22\n|inactive|Time left: 300 sec this turn | 300 sec total\n|\n|t:|1783555415\n|switch|p1a: Gastrodon|Gastrodon, L86, M|331/331\n|move|p2a: Phione|Scald|p1a: Gastrodon\n|-ability|p1a: Gastrodon|Storm Drain|boost\n|-boost|p1a: Gastrodon|spa|1\n|\n|upkeep\n|turn|23\n|inactive|Time left: 300 sec this turn | 300 sec total\n|\n|t:|1783555416\n|switch|p2a: Gurdurr|Gurdurr, L85, M|5/100 frz\n|move|p1a: Gastrodon|Earthquake|p2a: Gurdurr\n|-damage|p2a: Gurdurr|0 fnt\n|faint|p2a: Gurdurr\n|\n|upkeep\n|\n|t:|1783555417\n|switch|p2a: Krookodile|Krookodile, L79, M|100/100\n|-ability|p2a: Krookodile|Intimidate|boost\n|-unboost|p1a: Gastrodon|atk|1\n|turn|24\n|inactive|Time left: 300 sec this turn | 300 sec total\n|\n|t:|1783555418\n|switch|p2a: Phione|Phione, L91|100/100\n|move|p1a: Gastrodon|Surf|p2a: Phione\n|-resisted|p2a: Phione\n|-damage|p2a: Phione|77/100\n|\n|-heal|p2a: Phione|83/100|[from] item: Leftovers\n|upkeep\n|turn|25\n|inactive|Time left: 300 sec this turn | 300 sec total\n|\n|t:|1783555419\n|move|p2a: Phione|Take Heart|p2a: Phione\n|-boost|p2a: Phione|spa|1\n|-boost|p2a: Phione|spd|1\n|move|p1a: Gastrodon|Sludge Bomb|p2a: Phione\n|-damage|p2a: Phione|59/100\n|\n|-heal|p2a: Phione|65/100|[from] item: Leftovers\n|upkeep\n|turn|26\n|inactive|Time left: 300 sec this turn | 300 sec total\n|\n|t:|1783555420\n|-terastallize|p1a: Gastrodon|Poison\n|move|p2a: Phione|Take Heart|p2a: Phione\n|-boost|p2a: Phione|spa|1\n|-boost|p2a: Phione|spd|1\n|move|p1a: Gastrodon|Sludge Bomb|p2a: Phione\n|-damage|p2a: Phione|40/100\n|\n|-heal|p2a: Phione|46/100|[from] item: Leftovers\n|upkeep\n|turn|27\n|inactive|Time left: 300 sec this turn | 300 sec total\n|\n|t:|1783555421\n|move|p2a: Phione|Rest|p2a: Phione\n|-status|p2a: Phione|slp|[from] move: Rest\n|-heal|p2a: Phione|100/100 slp|[silent]\n|move|p1a: Gastrodon|Sludge Bomb|p2a: Phione\n|-damage|p2a: Phione|78/100 slp\n|\n|-heal|p2a: Phione|84/100 slp|[from] item: Leftovers\n|upkeep\n|turn|28\n|inactive|Time left: 300 sec this turn | 300 sec total\n|\n|t:|1783555422\n|cant|p2a: Phione|slp\n|move|p2a: Phione|Sleep Talk|p2a: Phione\n|move|p2a: Phione|Scald|p1a: Gastrodon|[from] move: Sleep Talk\n|-ability|p1a: Gastrodon|Storm Drain|boost\n|-boost|p1a: Gastrodon|spa|1\n|move|p1a: Gastrodon|Sludge Bomb|p2a: Phione\n|-damage|p2a: Phione|52/100 slp\n|\n|-heal|p2a: Phione|58/100 slp|[from] item: Leftovers\n|upkeep\n|turn|29\n|inactive|Time left: 300 sec this turn | 300 sec total\n|\n|t:|1783555422\n|cant|p2a: Phione|slp\n|move|p1a: Gastrodon|Sludge Bomb|p2a: Phione\n|-damage|p2a: Phione|28/100 slp\n|\n|-heal|p2a: Phione|34/100 slp|[from] item: Leftovers\n|upkeep\n|turn|30\n|inactive|Time left: 300 sec this turn | 300 sec total\n|\n|t:|1783555423\n|-curestatus|p2a: Phione|slp|[msg]\n|move|p2a: Phione|Rest|p2a: Phione\n|-status|p2a: Phione|slp|[from] move: Rest\n|-heal|p2a: Phione|100/100 slp|[silent]\n|move|p1a: Gastrodon|Sludge Bomb|p2a: Phione\n|-damage|p2a: Phione|70/100 slp\n|\n|-heal|p2a: Phione|76/100 slp|[from] item: Leftovers\n|upkeep\n|turn|31\n|inactive|Time left: 300 sec this turn | 300 sec total\n|\n|t:|1783555424\n|cant|p2a: Phione|slp\n|move|p1a: Gastrodon|Sludge Bomb|p2a: Phione\n|-damage|p2a: Phione|45/100 slp\n|\n|-heal|p2a: Phione|51/100 slp|[from] item: Leftovers\n|upkeep\n|turn|32\n|inactive|Time left: 300 sec this turn | 300 sec total\n|\n|t:|1783555425\n|switch|p1a: Lucario|Lucario, L84, M|255/255\n|cant|p2a: Phione|slp\n|\n|-heal|p2a: Phione|57/100 slp|[from] item: Leftovers\n|upkeep\n|turn|33\n|inactive|Time left: 300 sec this turn | 300 sec total\n|\n|t:|1783555426\n|move|p1a: Lucario|Close Combat|p2a: Phione\n|-damage|p2a: Phione|0 fnt\n|-unboost|p1a: Lucario|def|1\n|-unboost|p1a: Lucario|spd|1\n|faint|p2a: Phione\n|-damage|p1a: Lucario|230/255|[from] item: Life Orb\n|\n|upkeep\n|\n|t:|1783555427\n|switch|p2a: Krookodile|Krookodile, L79, M|100/100\n|-ability|p2a: Krookodile|Intimidate|boost\n|-unboost|p1a: Lucario|atk|1\n|turn|34\n|inactive|Time left: 300 sec this turn | 300 sec total\n|\n|t:|1783555428\n|move|p1a: Lucario|Close Combat|p2a: Krookodile\n|-supereffective|p2a: Krookodile\n|-damage|p2a: Krookodile|0 fnt\n|-unboost|p1a: Lucario|def|1\n|-unboost|p1a: Lucario|spd|1\n|faint|p2a: Krookodile\n|-damage|p1a: Lucario|205/255|[from] item: Life Orb\n|\n|win|p0x1326bad9", "uploadtime": 1783555428, "views": 0, "rating": 0, "private": 0, "password": null, "_winner": "p0x1326bad9", "_our_name": "p0x1326bad9"}