{"id": "battle-gen9randombattle-757", "formatid": "gen9randombattle", "format": "[Gen 9] Random Battle", "players": ["p0x7574744", "p0y757aa8a"], "log": "|init|battle\n|title|p0x7574744 vs. p0y757aa8a\n|j|\u2606p0x7574744\n|j|\u2606p0y757aa8a\n|t:|1783547904\n|gametype|singles\n|player|p1|p0x7574744|101|\n|player|p2|p0y757aa8a|265|\n|gen|9\n|tier|[Gen 9] Random Battle\n|rule|Species Clause: Limit one of each Pok\u00e9mon\n|rule|HP Percentage Mod: HP is shown in percentages\n|rule|Sleep Clause Mod: Limit one foe put to sleep\n|rule|Illusion Level Mod: Illusion disguises the Pok\u00e9mon's true level\n|\n|t:|1783547904\n|teamsize|p1|6\n|teamsize|p2|6\n|start\n|switch|p1a: Veluza|Veluza, L85, M|292/292\n|switch|p2a: Gardevoir|Gardevoir, L83, F|100/100\n|-ability|p2a: Gardevoir|Sharpness|Trace|[from] ability: Trace|[of] p1a: Veluza\n|turn|1\n|inactive|Battle timer is ON: inactive players will automatically lose when time's up. (requested by p0x7574744)\n|inactive|p0y757aa8a also wants the timer to be on.\n|\n|t:|1783547905\n|move|p2a: Gardevoir|Moonblast|p1a: Veluza\n|-damage|p1a: Veluza|144/292\n|-unboost|p1a: Veluza|spa|1\n|move|p1a: Veluza|Aqua Cutter|p2a: Gardevoir\n|-damage|p2a: Gardevoir|17/100\n|\n|upkeep\n|turn|2\n|inactive|Time left: 300 sec this turn | 300 sec total\n|\n|t:|1783547907\n|switch|p1a: Florges|Florges-White, L85, F|271/271\n|move|p2a: Gardevoir|Moonblast|p1a: Florges\n|-damage|p1a: Florges|195/271\n|\n|-heal|p1a: Florges|211/271|[from] item: Leftovers\n|upkeep\n|turn|3\n|inactive|Time left: 300 sec this turn | 300 sec total\n|\n|t:|1783547908\n|move|p2a: Gardevoir|Moonblast|p1a: Florges\n|-damage|p1a: Florges|130/271\n|move|p1a: Florges|Moonblast|p2a: Gardevoir\n|-damage|p2a: Gardevoir|0 fnt\n|faint|p2a: Gardevoir\n|\n|-heal|p1a: Florges|146/271|[from] item: Leftovers\n|upkeep\n|\n|t:|1783547909\n|switch|p2a: Victreebel|Victreebel, L90, F|100/100\n|turn|4\n|inactive|Time left: 300 sec this turn | 300 sec total\n|\n|t:|1783547910\n|switch|p1a: Girafarig|Girafarig, L89, M|269/269\n|move|p2a: Victreebel|Sludge Wave|p1a: Girafarig\n|-damage|p1a: Girafarig|144/269\n|-status|p1a: Girafarig|psn\n|-damage|p2a: Victreebel|90/100|[from] item: Life Orb\n|\n|-damage|p1a: Girafarig|111/269 psn|[from] psn\n|upkeep\n|turn|5\n|inactive|Time left: 300 sec this turn | 300 sec total\n|\n|t:|1783547911\n|switch|p2a: Wyrdeer|Wyrdeer, L87, M|100/100\n|-ability|p2a: Wyrdeer|Intimidate|boost\n|-unboost|p1a: Girafarig|atk|1\n|move|p1a: Girafarig|Psychic|p2a: Wyrdeer\n|-resisted|p2a: Wyrdeer\n|-damage|p2a: Wyrdeer|89/100\n|\n|-damage|p1a: Girafarig|78/269 psn|[from] psn\n|upkeep\n|turn|6\n|inactive|Time left: 300 sec this turn | 300 sec total\n|\n|t:|1783547913\n|switch|p1a: Vespiquen|Vespiquen, L99, F|299/299\n|-ability|p1a: Vespiquen|Pressure\n|move|p2a: Wyrdeer|Body Slam|p1a: Vespiquen\n|-damage|p1a: Vespiquen|218/299\n|-status|p1a: Vespiquen|par\n|\n|upkeep\n|turn|7\n|inactive|Time left: 300 sec this turn | 300 sec total\n|\n|t:|1783547914\n|move|p2a: Wyrdeer|Body Slam|p1a: Vespiquen\n|-damage|p1a: Vespiquen|143/299 par\n|cant|p1a: Vespiquen|par\n|\n|upkeep\n|turn|8\n|inactive|Time left: 300 sec this turn | 300 sec total\n|\n|t:|1783547915\n|move|p2a: Wyrdeer|Psychic Noise|p1a: Vespiquen\n|-damage|p1a: Vespiquen|71/299 par\n|-start|p1a: Vespiquen|move: Heal Block\n|move|p1a: Vespiquen|U-turn|p2a: Wyrdeer\n|-supereffective|p2a: Wyrdeer\n|-damage|p2a: Wyrdeer|28/100\n|inactive|Time left: 300 sec this turn | 300 sec total | 5 sec grace\n|\n|t:|1783547916\n|switch|p1a: Koraidon|Koraidon, L64|235/235|[from] U-turn\n|-weather|SunnyDay|[from] ability: Orichalcum Pulse|[of] p1a: Koraidon\n|-activate|p1a: Koraidon|Orichalcum Pulse|[source]\n|\n|-weather|SunnyDay|[upkeep]\n|upkeep\n|turn|9\n|inactive|Time left: 300 sec this turn | 300 sec total\n|\n|t:|1783547917\n|switch|p2a: Vespiquen|Vespiquen, L99, F|100/100\n|-ability|p2a: Vespiquen|Pressure\n|move|p1a: Koraidon|Outrage|p2a: Vespiquen\n|-damage|p2a: Vespiquen|51/100\n|\n|-weather|SunnyDay|[upkeep]\n|upkeep\n|turn|10\n|inactive|Time left: 300 sec this turn | 300 sec total\n|\n|t:|1783547918\n|-terastallize|p2a: Vespiquen|Steel\n|move|p1a: Koraidon|Outrage|p2a: Vespiquen|[from] lockedmove\n|-resisted|p2a: Vespiquen\n|-damage|p2a: Vespiquen|28/100\n|move|p2a: Vespiquen|Roost|p2a: Vespiquen\n|-heal|p2a: Vespiquen|78/100\n|\n|-weather|SunnyDay|[upkeep]\n|upkeep\n|turn|11\n|inactive|Time left: 300 sec this turn | 300 sec total\n|\n|t:|1783547919\n|move|p1a: Koraidon|Outrage|p2a: Vespiquen|[from] lockedmove\n|-resisted|p2a: Vespiquen\n|-damage|p2a: Vespiquen|52/100\n|-start|p1a: Koraidon|confusion|[fatigue]\n|move|p2a: Vespiquen|Toxic Spikes|p1a: Koraidon\n|-sidestart|p1: p0x7574744|move: Toxic Spikes\n|\n|-weather|SunnyDay|[upkeep]\n|upkeep\n|turn|12\n|inactive|Time left: 300 sec this turn | 300 sec total\n|\n|t:|1783547920\n|switch|p1a: Vespiquen|Vespiquen, L99, F|71/299 par\n|-ability|p1a: Vespiquen|Pressure\n|move|p2a: Vespiquen|Roost|p2a: Vespiquen\n|-heal|p2a: Vespiquen|100/100\n|\n|-weather|none\n|upkeep\n|turn|13\n|inactive|Time left: 300 sec this turn | 300 sec total\n|\n|t:|1783547921\n|move|p2a: Vespiquen|Spikes|p1a: Vespiquen\n|-sidestart|p1: p0x7574744|Spikes\n|move|p1a: Vespiquen|Roost|p1a: Vespiquen\n|-heal|p1a: Vespiquen|221/299 par\n|-singleturn|p1a: Vespiquen|move: Roost\n|\n|upkeep\n|turn|14\n|inactive|Time left: 300 sec this turn | 300 sec total\n|\n|t:|1783547922\n|move|p2a: Vespiquen|Hurricane|p1a: Vespiquen|[miss]\n|-miss|p2a: Vespiquen|p1a: Vespiquen\n|cant|p1a: Vespiquen|par\n|\n|upkeep\n|turn|15\n|inactive|Time left: 300 sec this turn | 300 sec total\n|\n|t:|1783547923\n|move|p2a: Vespiquen|Hurricane|p1a: Vespiquen\n|-supereffective|p1a: Vespiquen\n|-crit|p1a: Vespiquen\n|-damage|p1a: Vespiquen|0 fnt\n|faint|p1a: Vespiquen\n|\n|upkeep\n|inactive|Time left: 300 sec this turn | 300 sec total | 5 sec grace\n|\n|t:|1783547924\n|switch|p1a: Koraidon|Koraidon, L64|235/235\n|-status|p1a: Koraidon|psn\n|-damage|p1a: Koraidon|206/235 psn|[from] Spikes\n|-weather|SunnyDay|[from] ability: Orichalcum Pulse|[of] p1a: Koraidon\n|-activate|p1a: Koraidon|Orichalcum Pulse|[source]\n|turn|16\n|inactive|Time left: 300 sec this turn | 300 sec total\n|\n|t:|1783547925\n|switch|p2a: Giratina|Giratina, L75|100/100\n|-ability|p2a: Giratina|Pressure\n|move|p1a: Koraidon|Flare Blitz|p2a: Giratina\n|-resisted|p2a: Giratina\n|-damage|p2a: Giratina|76/100\n|-damage|p1a: Koraidon|177/235 psn|[from] Recoil\n|\n|-weather|SunnyDay|[upkeep]\n|-heal|p2a: Giratina|82/100|[from] item: Leftovers\n|-damage|p1a: Koraidon|148/235 psn|[from] psn\n|upkeep\n|turn|17\n|inactive|Time left: 300 sec this turn | 300 sec total\n|\n|t:|1783547926\n|switch|p1a: Florges|Florges-White, L85, F|146/271\n|-status|p1a: Florges|psn\n|-damage|p1a: Florges|113/271 psn|[from] Spikes\n|move|p2a: Giratina|Shadow Ball|p1a: Florges\n|-damage|p1a: Florges|70/271 psn\n|\n|-weather|SunnyDay|[upkeep]\n|-heal|p2a: Giratina|88/100|[from] item: Leftovers\n|-heal|p1a: Florges|86/271 psn|[from] item: Leftovers\n|-damage|p1a: Florges|53/271 psn|[from] psn\n|upkeep\n|turn|18\n|inactive|Time left: 300 sec this turn | 300 sec total\n|\n|t:|1783547927\n|move|p2a: Giratina|Shadow Ball|p1a: Florges\n|-damage|p1a: Florges|7/271 psn\n|move|p1a: Florges|Synthesis|p1a: Florges\n|-heal|p1a: Florges|188/271 psn\n|\n|-weather|SunnyDay|[upkeep]\n|-heal|p2a: Giratina|94/100|[from] item: Leftovers\n|-heal|p1a: Florges|204/271 psn|[from] item: Leftovers\n|-damage|p1a: Florges|171/271 psn|[from] psn\n|upkeep\n|turn|19\n|inactive|Time left: 300 sec this turn | 300 sec total\n|\n|t:|1783547928\n|switch|p2a: Victreebel|Victreebel, L90, F|90/100\n|move|p1a: Florges|Moonblast|p2a: Victreebel\n|-resisted|p2a: Victreebel\n|-damage|p2a: Victreebel|67/100\n|\n|-weather|SunnyDay|[upkeep]\n|-heal|p1a: Florges|187/271 psn|[from] item: Leftovers\n|-damage|p1a: Florges|154/271 psn|[from] psn\n|upkeep\n|turn|20\n|inactive|Time left: 300 sec this turn | 300 sec total\n|\n|t:|1783547930\n|move|p2a: Victreebel|Power Whip|p1a: Florges\n|-damage|p1a: Florges|0 fnt\n|faint|p1a: Florges\n|-damage|p2a: Victreebel|57/100|[from] item: Life Orb\n|\n|-weather|none\n|upkeep\n|inactive|Time left: 300 sec this turn | 300 sec total | 5 sec grace\n|\n|t:|1783547931\n|switch|p1a: Girafarig|Girafarig, L89, M|78/269 psn\n|-damage|p1a: Girafarig|45/269 psn|[from] Spikes\n|turn|21\n|inactive|Time left: 300 sec this turn | 300 sec total\n|\n|t:|1783547932\n|switch|p2a: Vespiquen|Vespiquen, L99, F, tera:Steel|100/100\n|-ability|p2a: Vespiquen|Pressure\n|move|p1a: Girafarig|Psychic|p2a: Vespiquen\n|-resisted|p2a: Vespiquen\n|-crit|p2a: Vespiquen\n|-damage|p2a: Vespiquen|81/100\n|\n|-damage|p1a: Girafarig|12/269 psn|[from] psn\n|upkeep\n|turn|22\n|inactive|Time left: 300 sec this turn | 300 sec total\n|\n|t:|1783547933\n|move|p1a: Girafarig|Psychic|p2a: Vespiquen\n|-resisted|p2a: Vespiquen\n|-damage|p2a: Vespiquen|69/100\n|move|p2a: Vespiquen|Roost|p2a: Vespiquen\n|-heal|p2a: Vespiquen|100/100\n|\n|-damage|p1a: Girafarig|0 fnt|[from] psn\n|faint|p1a: Girafarig\n|upkeep\n|inactive|Time left: 300 sec this turn | 300 sec total | 5 sec grace\n|\n|t:|1783547933\n|switch|p1a: Koraidon|Koraidon, L64|148/235 psn\n|-damage|p1a: Koraidon|119/235 psn|[from] Spikes\n|-weather|SunnyDay|[from] ability: Orichalcum Pulse|[of] p1a: Koraidon\n|-activate|p1a: Koraidon|Orichalcum Pulse|[source]\n|turn|23\n|inactive|Time left: 300 sec this turn | 300 sec total\n|\n|t:|1783547934\n|switch|p2a: Giratina|Giratina, L75|94/100\n|-ability|p2a: Giratina|Pressure\n|move|p1a: Koraidon|Outrage|p2a: Giratina\n|-supereffective|p2a: Giratina\n|-damage|p2a: Giratina|4/100\n|\n|-weather|SunnyDay|[upkeep]\n|-heal|p2a: Giratina|10/100|[from] item: Leftovers\n|-damage|p1a: Koraidon|90/235 psn|[from] psn\n|upkeep\n|turn|24\n|inactive|Time left: 300 sec this turn | 300 sec total\n|\n|t:|1783547935\n|switch|p2a: Vespiquen|Vespiquen, L99, F, tera:Steel|100/100\n|-ability|p2a: Vespiquen|Pressure\n|move|p1a: Koraidon|Outrage|p2a: Vespiquen|[from] lockedmove\n|-resisted|p2a: Vespiquen\n|-damage|p2a: Vespiquen|77/100\n|-start|p1a: Koraidon|confusion|[fatigue]\n|\n|-weather|SunnyDay|[upkeep]\n|-damage|p1a: Koraidon|61/235 psn|[from] psn\n|upkeep\n|turn|25\n|inactive|Time left: 300 sec this turn | 300 sec total\n|\n|t:|1783547936\n|-activate|p1a: Koraidon|confusion\n|-damage|p1a: Koraidon|39/235 psn|[from] confusion\n|move|p2a: Vespiquen|Roost|p2a: Vespiquen\n|-heal|p2a: Vespiquen|100/100\n|\n|-weather|SunnyDay|[upkeep]\n|-damage|p1a: Koraidon|10/235 psn|[from] psn\n|upkeep\n|turn|26\n|inactive|Time left: 300 sec this turn | 300 sec total\n|\n|t:|1783547937\n|switch|p1a: Electrode|Electrode, L92|260/260\n|move|p2a: Vespiquen|Toxic Spikes|p1a: Electrode\n|-sidestart|p1: p0x7574744|move: Toxic Spikes\n|\n|-weather|SunnyDay|[upkeep]\n|upkeep\n|turn|27\n|inactive|Time left: 300 sec this turn | 300 sec total\n|\n|t:|1783547938\n|move|p1a: Electrode|Thunderbolt|p2a: Vespiquen\n|-damage|p2a: Vespiquen|76/100\n|move|p2a: Vespiquen|Spikes|p1a: Electrode\n|-sidestart|p1: p0x7574744|Spikes\n|\n|-weather|none\n|upkeep\n|turn|28\n|inactive|Time left: 300 sec this turn | 300 sec total\n|\n|t:|1783547939\n|move|p1a: Electrode|Thunderbolt|p2a: Vespiquen\n|-damage|p2a: Vespiquen|51/100\n|move|p2a: Vespiquen|Roost|p2a: Vespiquen\n|-heal|p2a: Vespiquen|100/100\n|\n|upkeep\n|turn|29\n|inactive|Time left: 300 sec this turn | 300 sec total\n|\n|t:|1783547941\n|move|p1a: Electrode|Thunderbolt|p2a: Vespiquen\n|-damage|p2a: Vespiquen|74/100\n|move|p2a: Vespiquen|Hurricane|p1a: Electrode|[miss]\n|-miss|p2a: Vespiquen|p1a: Electrode\n|\n|upkeep\n|turn|30\n|inactive|Time left: 300 sec this turn | 300 sec total\n|\n|t:|1783547942\n|move|p1a: Electrode|Foul Play|p2a: Vespiquen\n|-damage|p2a: Vespiquen|59/100\n|move|p2a: Vespiquen|Roost|p2a: Vespiquen\n|-heal|p2a: Vespiquen|100/100\n|\n|upkeep\n|turn|31\n|inactive|Time left: 300 sec this turn | 300 sec total\n|\n|t:|1783547943\n|move|p1a: Electrode|Thunderbolt|p2a: Vespiquen\n|-damage|p2a: Vespiquen|77/100\n|-status|p2a: Vespiquen|par\n|move|p2a: Vespiquen|Hurricane|p1a: Electrode\n|-resisted|p1a: Electrode\n|-damage|p1a: Electrode|198/260\n|\n|upkeep\n|turn|32\n|inactive|Time left: 300 sec this turn | 300 sec total\n|\n|t:|1783547944\n|move|p1a: Electrode|Foul Play|p2a: Vespiquen\n|-damage|p2a: Vespiquen|62/100 par\n|move|p2a: Vespiquen|Roost|p2a: Vespiquen\n|-heal|p2a: Vespiquen|100/100 par\n|\n|upkeep\n|turn|33\n|inactive|Time left: 300 sec this turn | 300 sec total\n|\n|t:|1783547945\n|move|p1a: Electrode|Thunderbolt|p2a: Vespiquen\n|-damage|p2a: Vespiquen|75/100 par\n|move|p2a: Vespiquen|Hurricane|p1a: Electrode\n|-resisted|p1a: Electrode\n|-damage|p1a: Electrode|135/260\n|\n|upkeep\n|turn|34\n|inactive|Time left: 300 sec this turn | 300 sec total\n|\n|t:|1783547946\n|move|p1a: Electrode|Foul Play|p2a: Vespiquen\n|-damage|p2a: Vespiquen|60/100 par\n|move|p2a: Vespiquen|Roost|p2a: Vespiquen\n|-heal|p2a: Vespiquen|100/100 par\n|\n|upkeep\n|turn|35\n|inactive|Time left: 300 sec this turn | 300 sec total\n|\n|t:|1783547947\n|move|p1a: Electrode|Thunderbolt|p2a: Vespiquen\n|-damage|p2a: Vespiquen|76/100 par\n|move|p2a: Vespiquen|Hurricane|p1a: Electrode\n|-resisted|p1a: Electrode\n|-damage|p1a: Electrode|66/260\n|-start|p1a: Electrode|confusion\n|\n|upkeep\n|turn|36\n|inactive|Time left: 300 sec this turn | 300 sec total\n|\n|t:|1783547948\n|-activate|p1a: Electrode|confusion\n|move|p1a: Electrode|Volt Switch|p2a: Vespiquen\n|-damage|p2a: Vespiquen|56/100 par\n|inactive|Time left: 300 sec this turn | 300 sec total | 5 sec grace\n|\n|t:|1783547949\n|switch|p1a: Koraidon|Koraidon, L64|10/235 psn|[from] Volt Switch\n|-damage|p1a: Koraidon|0 fnt|[from] Spikes\n|faint|p1a: Koraidon\n|move|p2a: Vespiquen|Hurricane|p1: Koraidon|[notarget]\n|-fail|p2a: Vespiquen\n|\n|upkeep\n|inactive|Time left: 300 sec this turn | 300 sec total | 10 sec grace\n|\n|t:|1783547950\n|switch|p1a: Veluza|Veluza, L85, M|144/292\n|-status|p1a: Veluza|tox\n|-damage|p1a: Veluza|96/292 tox|[from] Spikes\n|turn|37\n|inactive|Time left: 300 sec this turn | 300 sec total\n|\n|t:|1783547951\n|switch|p2a: Crawdaunt|Crawdaunt, L84, F|100/100\n|move|p1a: Veluza|Night Slash|p2a: Crawdaunt\n|-resisted|p2a: Crawdaunt\n|-damage|p2a: Crawdaunt|76/100\n|\n|-damage|p1a: Veluza|78/292 tox|[from] psn\n|upkeep\n|turn|38\n|inactive|Time left: 300 sec this turn | 300 sec total\n|\n|t:|1783547952\n|move|p1a: Veluza|Night Slash|p2a: Crawdaunt\n|-resisted|p2a: Crawdaunt\n|-damage|p2a: Crawdaunt|52/100\n|move|p2a: Crawdaunt|Knock Off|p1a: Veluza\n|-supereffective|p1a: Veluza\n|-damage|p1a: Veluza|0 fnt\n|-enditem|p1a: Veluza|Choice Band|[from] move: Knock Off|[of] p2a: Crawdaunt\n|faint|p1a: Veluza\n|-damage|p2a: Crawdaunt|42/100|[from] item: Life Orb\n|\n|upkeep\n|inactive|Time left: 300 sec this turn | 300 sec total | 5 sec grace\n|\n|t:|1783547952\n|switch|p1a: Electrode|Electrode, L92|66/260\n|turn|39\n|inactive|Time left: 300 sec this turn | 300 sec total\n|\n|t:|1783547953\n|move|p2a: Crawdaunt|Aqua Jet|p1a: Electrode\n|-damage|p1a: Electrode|0 fnt\n|faint|p1a: Electrode\n|-damage|p2a: Crawdaunt|32/100|[from] item: Life Orb\n|\n|win|p0y757aa8a", "uploadtime": 1783547953, "views": 0, "rating": 0, "private": 0, "password": null, "_winner": "p0y757aa8a", "_our_name": "p0x7574744"}