{"id": "battle-gen9randombattle-1125", "formatid": "gen9randombattle", "format": "[Gen 9] Random Battle", "players": ["p0x11250d60", "p0y1125d3e9"], "log": "|init|battle\n|title|p0x11250d60 vs. p0y1125d3e9\n|j|\u2606p0x11250d60\n|j|\u2606p0y1125d3e9\n|t:|1783553002\n|gametype|singles\n|player|p1|p0x11250d60|170|\n|player|p2|p0y1125d3e9|101|\n|gen|9\n|tier|[Gen 9] Random Battle\n|rule|Species Clause: Limit one of each Pok\u00e9mon\n|rule|HP Percentage Mod: HP is shown in percentages\n|rule|Sleep Clause Mod: Limit one foe put to sleep\n|rule|Illusion Level Mod: Illusion disguises the Pok\u00e9mon's true level\n|\n|t:|1783553002\n|teamsize|p1|6\n|teamsize|p2|6\n|start\n|switch|p1a: Dondozo|Dondozo, L78, F|100/100\n|switch|p2a: Honchkrow|Honchkrow, L86, F|312/312\n|turn|1\n|inactive|Battle timer is ON: inactive players will automatically lose when time's up. (requested by p0y1125d3e9)\n|inactive|p0x11250d60 also wants the timer to be on.\n|\n|t:|1783553003\n|move|p2a: Honchkrow|Brave Bird|p1a: Dondozo\n|-damage|p1a: Dondozo|63/100\n|-damage|p2a: Honchkrow|267/312|[from] Recoil\n|move|p1a: Dondozo|Wave Crash|p2a: Honchkrow\n|-damage|p2a: Honchkrow|120/312\n|-damage|p1a: Dondozo|49/100|[from] Recoil\n|\n|-heal|p1a: Dondozo|55/100|[from] item: Leftovers\n|upkeep\n|turn|2\n|inactive|Time left: 300 sec this turn | 300 sec total\n|\n|t:|1783553005\n|move|p2a: Honchkrow|U-turn|p1a: Dondozo\n|-crit|p1a: Dondozo\n|-damage|p1a: Dondozo|31/100\n|inactive|Time left: 300 sec this turn | 300 sec total | 5 sec grace\n|\n|t:|1783553006\n|switch|p2a: Ampharos|Ampharos, L88, M|302/302|[from] U-turn\n|move|p1a: Dondozo|Wave Crash|p2a: Ampharos\n|-damage|p2a: Ampharos|194/302\n|-status|p1a: Dondozo|par|[from] ability: Static|[of] p2a: Ampharos\n|-damage|p1a: Dondozo|21/100 par|[from] Recoil\n|\n|-heal|p1a: Dondozo|28/100 par|[from] item: Leftovers\n|upkeep\n|turn|3\n|inactive|Time left: 300 sec this turn | 300 sec total\n|\n|t:|1783553007\n|switch|p1a: Reshiram|Reshiram, L76|100/100\n|-ability|p1a: Reshiram|Turboblaze\n|move|p2a: Ampharos|Discharge|p1a: Reshiram\n|-resisted|p1a: Reshiram\n|-damage|p1a: Reshiram|85/100\n|\n|upkeep\n|turn|4\n|inactive|Time left: 300 sec this turn | 300 sec total\n|\n|t:|1783553008\n|move|p1a: Reshiram|Dragon Dance|p1a: Reshiram\n|-boost|p1a: Reshiram|atk|1\n|-boost|p1a: Reshiram|spe|1\n|move|p2a: Ampharos|Dazzling Gleam|p1a: Reshiram\n|-damage|p1a: Reshiram|62/100\n|\n|upkeep\n|turn|5\n|inactive|Time left: 300 sec this turn | 300 sec total\n|\n|t:|1783553009\n|move|p1a: Reshiram|Outrage|p2a: Ampharos\n|-damage|p2a: Ampharos|14/302\n|move|p2a: Ampharos|Dragon Tail|p1a: Reshiram\n|-supereffective|p1a: Reshiram\n|-damage|p1a: Reshiram|36/100\n|drag|p1a: Galvantula|Galvantula, L82, F|100/100\n|\n|upkeep\n|turn|6\n|inactive|Time left: 300 sec this turn | 300 sec total\n|\n|t:|1783553010\n|move|p1a: Galvantula|Sticky Web|p2a: Ampharos\n|-sidestart|p2: p0y1125d3e9|move: Sticky Web\n|move|p2a: Ampharos|Discharge|p1a: Galvantula\n|-resisted|p1a: Galvantula\n|-damage|p1a: Galvantula|71/100\n|\n|upkeep\n|turn|7\n|inactive|Time left: 300 sec this turn | 300 sec total\n|\n|t:|1783553011\n|move|p1a: Galvantula|Thunder|p2a: Ampharos\n|-resisted|p2a: Ampharos\n|-damage|p2a: Ampharos|0 fnt\n|faint|p2a: Ampharos\n|\n|upkeep\n|inactive|Time left: 300 sec this turn | 300 sec total | 5 sec grace\n|\n|t:|1783553012\n|switch|p2a: Scizor|Scizor, L79, F|240/240\n|-activate|p2a: Scizor|move: Sticky Web\n|-unboost|p2a: Scizor|spe|1\n|turn|8\n|inactive|Time left: 300 sec this turn | 300 sec total\n|\n|t:|1783553013\n|move|p1a: Galvantula|Thunder|p2a: Scizor\n|-damage|p2a: Scizor|107/240\n|move|p2a: Scizor|Defog|p1a: Galvantula\n|-unboost|p1a: Galvantula|evasion|1\n|-sideend|p2: p0y1125d3e9|Sticky Web|[from] move: Defog|[of] p2a: Scizor\n|\n|-heal|p2a: Scizor|122/240|[from] item: Leftovers\n|upkeep\n|turn|9\n|inactive|Time left: 300 sec this turn | 300 sec total\n|\n|t:|1783553014\n|move|p1a: Galvantula|Sticky Web|p2a: Scizor\n|-sidestart|p2: p0y1125d3e9|move: Sticky Web\n|move|p2a: Scizor|U-turn|p1a: Galvantula\n|-damage|p1a: Galvantula|25/100\n|inactive|Time left: 300 sec this turn | 300 sec total | 5 sec grace\n|\n|t:|1783553015\n|switch|p2a: Honchkrow|Honchkrow, L86, F|120/312|[from] U-turn\n|\n|upkeep\n|turn|10\n|inactive|Time left: 300 sec this turn | 300 sec total\n|\n|t:|1783553016\n|switch|p1a: Politoed|Politoed, L88, M|100/100\n|-weather|RainDance|[from] ability: Drizzle|[of] p1a: Politoed\n|move|p2a: Honchkrow|Sucker Punch||[still]\n|-fail|p2a: Honchkrow\n|\n|-weather|RainDance|[upkeep]\n|upkeep\n|turn|11\n|inactive|Time left: 300 sec this turn | 300 sec total\n|\n|t:|1783553017\n|switch|p2a: Blissey|Blissey, L85, F|572/572\n|-activate|p2a: Blissey|move: Sticky Web\n|-unboost|p2a: Blissey|spe|1\n|move|p1a: Politoed|Surf|p2a: Blissey\n|-damage|p2a: Blissey|458/572\n|\n|-weather|RainDance|[upkeep]\n|-heal|p2a: Blissey|493/572|[from] item: Leftovers\n|upkeep\n|turn|12\n|inactive|Time left: 300 sec this turn | 300 sec total\n|\n|t:|1783553018\n|move|p1a: Politoed|Hypnosis|p2a: Blissey|[miss]\n|-miss|p1a: Politoed|p2a: Blissey\n|move|p2a: Blissey|Seismic Toss|p1a: Politoed\n|-damage|p1a: Politoed|72/100\n|\n|-weather|RainDance|[upkeep]\n|-heal|p2a: Blissey|528/572|[from] item: Leftovers\n|upkeep\n|turn|13\n|inactive|Time left: 300 sec this turn | 300 sec total\n|\n|t:|1783553019\n|switch|p1a: Dondozo|Dondozo, L78, F|28/100 par\n|move|p2a: Blissey|Seismic Toss|p1a: Dondozo\n|-damage|p1a: Dondozo|4/100 par\n|\n|-weather|RainDance|[upkeep]\n|-heal|p2a: Blissey|563/572|[from] item: Leftovers\n|-heal|p1a: Dondozo|10/100 par|[from] item: Leftovers\n|upkeep\n|turn|14\n|inactive|Time left: 300 sec this turn | 300 sec total\n|\n|t:|1783553020\n|move|p2a: Blissey|Seismic Toss|p1a: Dondozo\n|-damage|p1a: Dondozo|0 fnt\n|faint|p1a: Dondozo\n|\n|-weather|none\n|-heal|p2a: Blissey|572/572|[from] item: Leftovers\n|upkeep\n|\n|t:|1783553021\n|switch|p1a: Reshiram|Reshiram, L76|36/100\n|-ability|p1a: Reshiram|Turboblaze\n|turn|15\n|inactive|Time left: 300 sec this turn | 300 sec total\n|\n|t:|1783553022\n|move|p1a: Reshiram|Dragon Dance|p1a: Reshiram\n|-boost|p1a: Reshiram|atk|1\n|-boost|p1a: Reshiram|spe|1\n|move|p2a: Blissey|Seismic Toss|p1a: Reshiram\n|-damage|p1a: Reshiram|5/100\n|\n|upkeep\n|turn|16\n|inactive|Time left: 300 sec this turn | 300 sec total\n|\n|t:|1783553023\n|-terastallize|p2a: Blissey|Fairy\n|move|p1a: Reshiram|Outrage|p2a: Blissey\n|-immune|p2a: Blissey\n|move|p2a: Blissey|Seismic Toss|p1a: Reshiram\n|-damage|p1a: Reshiram|0 fnt\n|faint|p1a: Reshiram\n|\n|upkeep\n|\n|t:|1783553024\n|switch|p1a: Arceus|Arceus-Rock, L74|100/100\n|turn|17\n|inactive|Time left: 300 sec this turn | 300 sec total\n|\n|t:|1783553025\n|move|p1a: Arceus|Swords Dance|p1a: Arceus\n|-boost|p1a: Arceus|atk|2\n|move|p2a: Blissey|Seismic Toss|p1a: Arceus\n|-damage|p1a: Arceus|72/100\n|\n|upkeep\n|turn|18\n|inactive|Time left: 300 sec this turn | 300 sec total\n|\n|t:|1783553026\n|switch|p2a: Krookodile|Krookodile, L79, F|280/280\n|-activate|p2a: Krookodile|move: Sticky Web\n|-unboost|p2a: Krookodile|spe|1\n|-ability|p2a: Krookodile|Intimidate|boost\n|-unboost|p1a: Arceus|atk|1\n|move|p1a: Arceus|Stone Edge|p2a: Krookodile\n|-resisted|p2a: Krookodile\n|-damage|p2a: Krookodile|186/280\n|\n|upkeep\n|turn|19\n|inactive|Time left: 300 sec this turn | 300 sec total\n|\n|t:|1783553027\n|-terastallize|p1a: Arceus|Ground\n|move|p1a: Arceus|Earthquake|p2a: Krookodile\n|-damage|p2a: Krookodile|8/280\n|move|p2a: Krookodile|Earthquake|p1a: Arceus\n|-damage|p1a: Arceus|29/100\n|-damage|p2a: Krookodile|0 fnt|[from] item: Life Orb\n|faint|p2a: Krookodile\n|\n|upkeep\n|inactive|Time left: 300 sec this turn | 300 sec total | 5 sec grace\n|\n|t:|1783553028\n|switch|p2a: Slither Wing|Slither Wing, L81|270/270\n|-activate|p2a: Slither Wing|move: Sticky Web\n|-unboost|p2a: Slither Wing|spe|1\n|-enditem|p2a: Slither Wing|Booster Energy\n|-activate|p2a: Slither Wing|ability: Protosynthesis|[fromitem]\n|-start|p2a: Slither Wing|protosynthesisatk\n|turn|20\n|inactive|Time left: 300 sec this turn | 300 sec total\n|\n|t:|1783553028\n|move|p1a: Arceus|Stone Edge|p2a: Slither Wing\n|-damage|p2a: Slither Wing|75/270\n|move|p2a: Slither Wing|Bulk Up|p2a: Slither Wing\n|-boost|p2a: Slither Wing|atk|1\n|-boost|p2a: Slither Wing|def|1\n|\n|upkeep\n|turn|21\n|inactive|Time left: 300 sec this turn | 300 sec total\n|\n|t:|1783553029\n|move|p1a: Arceus|Stone Edge|p2a: Slither Wing|[miss]\n|-miss|p1a: Arceus|p2a: Slither Wing\n|move|p2a: Slither Wing|Close Combat|p1a: Arceus\n|-damage|p1a: Arceus|0 fnt\n|-unboost|p2a: Slither Wing|def|1\n|-unboost|p2a: Slither Wing|spd|1\n|faint|p1a: Arceus\n|\n|upkeep\n|\n|t:|1783553030\n|switch|p1a: Politoed|Politoed, L88, M|72/100\n|-weather|RainDance|[from] ability: Drizzle|[of] p1a: Politoed\n|turn|22\n|inactive|Time left: 300 sec this turn | 300 sec total\n|\n|t:|1783553031\n|-end|p2a: Slither Wing|Protosynthesis|[silent]\n|switch|p2a: Blissey|Blissey, L85, F, tera:Fairy|572/572\n|-activate|p2a: Blissey|move: Sticky Web\n|-unboost|p2a: Blissey|spe|1\n|move|p1a: Politoed|Surf|p2a: Blissey\n|-damage|p2a: Blissey|469/572\n|\n|-weather|RainDance|[upkeep]\n|-heal|p2a: Blissey|504/572|[from] item: Leftovers\n|upkeep\n|turn|23\n|inactive|Time left: 300 sec this turn | 300 sec total\n|\n|t:|1783553032\n|move|p1a: Politoed|Surf|p2a: Blissey\n|-damage|p2a: Blissey|393/572\n|move|p2a: Blissey|Seismic Toss|p1a: Politoed\n|-damage|p1a: Politoed|44/100\n|\n|-weather|RainDance|[upkeep]\n|-heal|p2a: Blissey|428/572|[from] item: Leftovers\n|upkeep\n|turn|24\n|inactive|Time left: 300 sec this turn | 300 sec total\n|\n|t:|1783553033\n|move|p1a: Politoed|Rest|p1a: Politoed\n|-status|p1a: Politoed|slp|[from] move: Rest\n|-heal|p1a: Politoed|100/100 slp|[silent]\n|-enditem|p1a: Politoed|Chesto Berry|[eat]\n|-curestatus|p1a: Politoed|slp|[msg]\n|move|p2a: Blissey|Seismic Toss|p1a: Politoed\n|-damage|p1a: Politoed|72/100\n|\n|-weather|RainDance|[upkeep]\n|-heal|p2a: Blissey|463/572|[from] item: Leftovers\n|upkeep\n|turn|25\n|inactive|Time left: 300 sec this turn | 300 sec total\n|\n|t:|1783553035\n|move|p1a: Politoed|Surf|p2a: Blissey\n|-damage|p2a: Blissey|358/572\n|move|p2a: Blissey|Seismic Toss|p1a: Politoed\n|-damage|p1a: Politoed|44/100\n|\n|-weather|RainDance|[upkeep]\n|-heal|p2a: Blissey|393/572|[from] item: Leftovers\n|upkeep\n|turn|26\n|inactive|Time left: 300 sec this turn | 300 sec total\n|\n|t:|1783553036\n|move|p1a: Politoed|Surf|p2a: Blissey\n|-damage|p2a: Blissey|284/572\n|move|p2a: Blissey|Seismic Toss|p1a: Politoed\n|-damage|p1a: Politoed|16/100\n|\n|-weather|none\n|-heal|p2a: Blissey|319/572|[from] item: Leftovers\n|upkeep\n|turn|27\n|inactive|Time left: 300 sec this turn | 300 sec total\n|\n|t:|1783553037\n|move|p1a: Politoed|Rest|p1a: Politoed\n|-status|p1a: Politoed|slp|[from] move: Rest\n|-heal|p1a: Politoed|100/100 slp|[silent]\n|move|p2a: Blissey|Seismic Toss|p1a: Politoed\n|-damage|p1a: Politoed|72/100 slp\n|\n|-heal|p2a: Blissey|354/572|[from] item: Leftovers\n|upkeep\n|turn|28\n|inactive|Time left: 300 sec this turn | 300 sec total\n|\n|t:|1783553039\n|cant|p1a: Politoed|slp\n|move|p2a: Blissey|Soft-Boiled|p2a: Blissey\n|-heal|p2a: Blissey|572/572\n|\n|upkeep\n|turn|29\n|inactive|Time left: 300 sec this turn | 300 sec total\n|\n|t:|1783553040\n|cant|p1a: Politoed|slp\n|move|p2a: Blissey|Seismic Toss|p1a: Politoed\n|-damage|p1a: Politoed|44/100 slp\n|\n|upkeep\n|turn|30\n|inactive|Time left: 300 sec this turn | 300 sec total\n|\n|t:|1783553041\n|-curestatus|p1a: Politoed|slp|[msg]\n|move|p1a: Politoed|Surf|p2a: Blissey\n|-damage|p2a: Blissey|494/572\n|move|p2a: Blissey|Seismic Toss|p1a: Politoed\n|-damage|p1a: Politoed|16/100\n|\n|-heal|p2a: Blissey|529/572|[from] item: Leftovers\n|upkeep\n|turn|31\n|inactive|Time left: 300 sec this turn | 300 sec total\n|\n|t:|1783553042\n|move|p1a: Politoed|Rest|p1a: Politoed\n|-status|p1a: Politoed|slp|[from] move: Rest\n|-heal|p1a: Politoed|100/100 slp|[silent]\n|move|p2a: Blissey|Seismic Toss|p1a: Politoed\n|-damage|p1a: Politoed|72/100 slp\n|\n|-heal|p2a: Blissey|564/572|[from] item: Leftovers\n|upkeep\n|turn|32\n|inactive|Time left: 300 sec this turn | 300 sec total\n|\n|t:|1783553043\n|switch|p2a: Scizor|Scizor, L79, F|122/240\n|-activate|p2a: Scizor|move: Sticky Web\n|-unboost|p2a: Scizor|spe|1\n|cant|p1a: Politoed|slp\n|\n|-heal|p2a: Scizor|137/240|[from] item: Leftovers\n|upkeep\n|turn|33\n|inactive|Time left: 300 sec this turn | 300 sec total\n|\n|t:|1783553044\n|cant|p1a: Politoed|slp\n|move|p2a: Scizor|Defog|p1a: Politoed\n|-unboost|p1a: Politoed|evasion|1\n|-sideend|p2: p0y1125d3e9|Sticky Web|[from] move: Defog|[of] p2a: Scizor\n|\n|-heal|p2a: Scizor|152/240|[from] item: Leftovers\n|upkeep\n|turn|34\n|inactive|Time left: 300 sec this turn | 300 sec total\n|\n|t:|1783553045\n|switch|p2a: Blissey|Blissey, L85, F, tera:Fairy|564/572\n|-curestatus|p1a: Politoed|slp|[msg]\n|move|p1a: Politoed|Surf|p2a: Blissey\n|-damage|p2a: Blissey|489/572\n|\n|-heal|p2a: Blissey|524/572|[from] item: Leftovers\n|upkeep\n|turn|35\n|inactive|Time left: 300 sec this turn | 300 sec total\n|\n|t:|1783553047\n|move|p1a: Politoed|Hypnosis|p2a: Blissey|[miss]\n|-miss|p1a: Politoed|p2a: Blissey\n|move|p2a: Blissey|Thunder Wave|p1a: Politoed\n|-status|p1a: Politoed|par\n|\n|-heal|p2a: Blissey|559/572|[from] item: Leftovers\n|upkeep\n|turn|36\n|inactive|Time left: 300 sec this turn | 300 sec total\n|\n|t:|1783553048\n|move|p2a: Blissey|Seismic Toss|p1a: Politoed\n|-damage|p1a: Politoed|44/100 par\n|move|p1a: Politoed|Rest|p1a: Politoed\n|-status|p1a: Politoed|slp|[from] move: Rest\n|-heal|p1a: Politoed|100/100 slp|[silent]\n|\n|-heal|p2a: Blissey|572/572|[from] item: Leftovers\n|upkeep\n|turn|37\n|inactive|Time left: 300 sec this turn | 300 sec total\n|\n|t:|1783553049\n|cant|p1a: Politoed|slp\n|move|p2a: Blissey|Seismic Toss|p1a: Politoed\n|-damage|p1a: Politoed|72/100 slp\n|\n|upkeep\n|turn|38\n|inactive|Time left: 300 sec this turn | 300 sec total\n|\n|t:|1783553050\n|cant|p1a: Politoed|slp\n|move|p2a: Blissey|Seismic Toss|p1a: Politoed\n|-damage|p1a: Politoed|44/100 slp\n|\n|upkeep\n|turn|39\n|inactive|Time left: 300 sec this turn | 300 sec total\n|\n|t:|1783553051\n|-curestatus|p1a: Politoed|slp|[msg]\n|move|p1a: Politoed|Hypnosis|p2a: Blissey\n|-status|p2a: Blissey|slp|[from] move: Hypnosis\n|cant|p2a: Blissey|slp\n|\n|upkeep\n|turn|40\n|inactive|Time left: 300 sec this turn | 300 sec total\n|\n|t:|1783553052\n|move|p1a: Politoed|Rest|p1a: Politoed\n|-status|p1a: Politoed|slp|[from] move: Rest\n|-heal|p1a: Politoed|100/100 slp|[silent]\n|cant|p2a: Blissey|slp\n|\n|upkeep\n|turn|41\n|inactive|Time left: 300 sec this turn | 300 sec total\n|\n|t:|1783553053\n|-curestatus|p2a: Blissey|slp|[from] ability: Natural Cure|[silent]\n|switch|p2a: Scizor|Scizor, L79, F|152/240\n|cant|p1a: Politoed|slp\n|\n|-heal|p2a: Scizor|167/240|[from] item: Leftovers\n|upkeep\n|turn|42\n|inactive|Time left: 300 sec this turn | 300 sec total\n|\n|t:|1783553054\n|cant|p1a: Politoed|slp\n|move|p2a: Scizor|Knock Off|p1a: Politoed\n|-damage|p1a: Politoed|80/100 slp\n|\n|-heal|p2a: Scizor|182/240|[from] item: Leftovers\n|upkeep\n|turn|43\n|inactive|Time left: 300 sec this turn | 300 sec total\n|\n|t:|1783553055\n|switch|p2a: Blissey|Blissey, L85, F, tera:Fairy|572/572\n|-curestatus|p1a: Politoed|slp|[msg]\n|move|p1a: Politoed|Surf|p2a: Blissey\n|-damage|p2a: Blissey|499/572\n|\n|-heal|p2a: Blissey|534/572|[from] item: Leftovers\n|upkeep\n|turn|44\n|inactive|Time left: 300 sec this turn | 300 sec total\n|\n|t:|1783553056\n|move|p1a: Politoed|Hypnosis|p2a: Blissey|[miss]\n|-miss|p1a: Politoed|p2a: Blissey\n|move|p2a: Blissey|Seismic Toss|p1a: Politoed\n|-damage|p1a: Politoed|52/100\n|\n|-heal|p2a: Blissey|569/572|[from] item: Leftovers\n|upkeep\n|turn|45\n|inactive|Time left: 300 sec this turn | 300 sec total\n|\n|t:|1783553057\n|move|p1a: Politoed|Hypnosis|p2a: Blissey|[miss]\n|-miss|p1a: Politoed|p2a: Blissey\n|move|p2a: Blissey|Seismic Toss|p1a: Politoed\n|-damage|p1a: Politoed|24/100\n|\n|-heal|p2a: Blissey|572/572|[from] item: Leftovers\n|upkeep\n|turn|46\n|inactive|Time left: 300 sec this turn | 300 sec total\n|\n|t:|1783553059\n|move|p1a: Politoed|Rest|p1a: Politoed\n|-status|p1a: Politoed|slp|[from] move: Rest\n|-heal|p1a: Politoed|100/100 slp|[silent]\n|move|p2a: Blissey|Seismic Toss|p1a: Politoed\n|-damage|p1a: Politoed|72/100 slp\n|\n|upkeep\n|turn|47\n|inactive|Time left: 300 sec this turn | 300 sec total\n|\n|t:|1783553060\n|switch|p1a: Eternatus|Eternatus, L69|100/100\n|-ability|p1a: Eternatus|Pressure\n|move|p2a: Blissey|Seismic Toss|p1a: Eternatus\n|-damage|p1a: Eternatus|73/100\n|-damage|p2a: Blissey|477/572|[from] item: Rocky Helmet|[of] p1a: Eternatus\n|\n|-heal|p2a: Blissey|512/572|[from] item: Leftovers\n|upkeep\n|turn|48\n|inactive|Time left: 300 sec this turn | 300 sec total\n|\n|t:|1783553061\n|move|p1a: Eternatus|Recover|p1a: Eternatus\n|-heal|p1a: Eternatus|100/100\n|move|p2a: Blissey|Thunder Wave|p1a: Eternatus|[miss]\n|-miss|p2a: Blissey|p1a: Eternatus\n|\n|-heal|p2a: Blissey|547/572|[from] item: Leftovers\n|upkeep\n|turn|49\n|inactive|Time left: 300 sec this turn | 300 sec total\n|\n|t:|1783553062\n|move|p1a: Eternatus|Toxic Spikes|p2a: Blissey\n|-sidestart|p2: p0y1125d3e9|move: Toxic Spikes\n|move|p2a: Blissey|Seismic Toss|p1a: Eternatus\n|-damage|p1a: Eternatus|73/100\n|-damage|p2a: Blissey|452/572|[from] item: Rocky Helmet|[of] p1a: Eternatus\n|\n|-heal|p2a: Blissey|487/572|[from] item: Leftovers\n|upkeep\n|turn|50\n|inactive|Time left: 300 sec this turn | 300 sec total\n|\n|t:|1783553063\n|move|p1a: Eternatus|Toxic Spikes|p2a: Blissey\n|-sidestart|p2: p0y1125d3e9|move: Toxic Spikes\n|move|p2a: Blissey|Thunder Wave|p1a: Eternatus\n|-status|p1a: Eternatus|par\n|\n|-heal|p2a: Blissey|522/572|[from] item: Leftovers\n|upkeep\n|turn|51\n|inactive|Time left: 300 sec this turn | 300 sec total\n|\n|t:|1783553064\n|move|p2a: Blissey|Seismic Toss|p1a: Eternatus\n|-damage|p1a: Eternatus|45/100 par\n|-damage|p2a: Blissey|427/572|[from] item: Rocky Helmet|[of] p1a: Eternatus\n|move|p1a: Eternatus|Recover|p1a: Eternatus\n|-heal|p1a: Eternatus|95/100 par\n|\n|-heal|p2a: Blissey|462/572|[from] item: Leftovers\n|upkeep\n|turn|52\n|inactive|Time left: 300 sec this turn | 300 sec total\n|\n|t:|1783553065\n|move|p2a: Blissey|Seismic Toss|p1a: Eternatus\n|-damage|p1a: Eternatus|68/100 par\n|-damage|p2a: Blissey|367/572|[from] item: Rocky Helmet|[of] p1a: Eternatus\n|move|p1a: Eternatus|Recover|p1a: Eternatus\n|-heal|p1a: Eternatus|100/100 par\n|\n|-heal|p2a: Blissey|402/572|[from] item: Leftovers\n|upkeep\n|turn|53\n|inactive|Time left: 300 sec this turn | 300 sec total\n|\n|t:|1783553066\n|move|p2a: Blissey|Seismic Toss|p1a: Eternatus\n|-damage|p1a: Eternatus|73/100 par\n|-damage|p2a: Blissey|307/572|[from] item: Rocky Helmet|[of] p1a: Eternatus\n|move|p1a: Eternatus|Flamethrower|p2a: Blissey\n|-damage|p2a: Blissey|264/572\n|\n|-heal|p2a: Blissey|299/572|[from] item: Leftovers\n|upkeep\n|turn|54\n|inactive|Time left: 300 sec this turn | 300 sec total\n|\n|t:|1783553068\n|move|p2a: Blissey|Soft-Boiled|p2a: Blissey\n|-heal|p2a: Blissey|572/572\n|move|p1a: Eternatus|Recover|p1a: Eternatus\n|-heal|p1a: Eternatus|100/100 par\n|\n|upkeep\n|turn|55\n|inactive|Time left: 300 sec this turn | 300 sec total\n|\n|t:|1783553069\n|move|p2a: Blissey|Seismic Toss|p1a: Eternatus\n|-damage|p1a: Eternatus|73/100 par\n|-damage|p2a: Blissey|477/572|[from] item: Rocky Helmet|[of] p1a: Eternatus\n|cant|p1a: Eternatus|par\n|\n|-heal|p2a: Blissey|512/572|[from] item: Leftovers\n|upkeep\n|turn|56\n|inactive|Time left: 300 sec this turn | 300 sec total\n|\n|t:|1783553070\n|switch|p1a: Galvantula|Galvantula, L82, F|25/100\n|move|p2a: Blissey|Heal Bell||[still]\n|-activate|p2a: Blissey|move: Heal Bell\n|-fail|p2a: Blissey\n|\n|-heal|p2a: Blissey|547/572|[from] item: Leftovers\n|upkeep\n|turn|57\n|inactive|Time left: 300 sec this turn | 300 sec total\n|\n|t:|1783553071\n|switch|p2a: Scizor|Scizor, L79, F|182/240\n|move|p1a: Galvantula|Sticky Web|p2a: Scizor\n|-sidestart|p2: p0y1125d3e9|move: Sticky Web\n|\n|-heal|p2a: Scizor|197/240|[from] item: Leftovers\n|upkeep\n|turn|58\n|inactive|Time left: 300 sec this turn | 300 sec total\n|\n|t:|1783553072\n|move|p1a: Galvantula|Thunder|p2a: Scizor\n|-damage|p2a: Scizor|71/240\n|move|p2a: Scizor|Defog|p1a: Galvantula\n|-unboost|p1a: Galvantula|evasion|1\n|-sideend|p2: p0y1125d3e9|Toxic Spikes|[from] move: Defog|[of] p2a: Scizor\n|-sideend|p2: p0y1125d3e9|Sticky Web|[from] move: Defog|[of] p2a: Scizor\n|\n|-heal|p2a: Scizor|86/240|[from] item: Leftovers\n|upkeep\n|turn|59\n|inactive|Time left: 300 sec this turn | 300 sec total\n|\n|t:|1783553073\n|move|p1a: Galvantula|Thunder|p2a: Scizor\n|-damage|p2a: Scizor|0 fnt\n|faint|p2a: Scizor\n|\n|upkeep\n|inactive|Time left: 300 sec this turn | 300 sec total | 5 sec grace\n|\n|t:|1783553074\n|switch|p2a: Honchkrow|Honchkrow, L86, F|120/312\n|turn|60\n|inactive|Time left: 300 sec this turn | 300 sec total\n|\n|t:|1783553075\n|move|p2a: Honchkrow|Sucker Punch||[still]\n|-fail|p2a: Honchkrow\n|move|p1a: Galvantula|Sticky Web|p2a: Honchkrow\n|-sidestart|p2: p0y1125d3e9|move: Sticky Web\n|\n|upkeep\n|turn|61\n|inactive|Time left: 300 sec this turn | 300 sec total\n|\n|t:|1783553076\n|switch|p1a: Eternatus|Eternatus, L69|73/100 par\n|-ability|p1a: Eternatus|Pressure\n|move|p2a: Honchkrow|Sucker Punch||[still]\n|-fail|p2a: Honchkrow\n|\n|upkeep\n|turn|62\n|inactive|Time left: 300 sec this turn | 300 sec total\n|\n|t:|1783553077\n|move|p2a: Honchkrow|Brave Bird|p1a: Eternatus\n|-damage|p1a: Eternatus|17/100 par\n|-damage|p2a: Honchkrow|68/312|[from] item: Rocky Helmet|[of] p1a: Eternatus\n|-damage|p2a: Honchkrow|12/312|[from] Recoil\n|cant|p1a: Eternatus|par\n|\n|upkeep\n|turn|63\n|inactive|Time left: 300 sec this turn | 300 sec total\n|\n|t:|1783553078\n|move|p2a: Honchkrow|Brave Bird|p1a: Eternatus\n|-damage|p1a: Eternatus|0 fnt\n|-damage|p2a: Honchkrow|0 fnt|[from] item: Rocky Helmet|[of] p1a: Eternatus\n|faint|p1a: Eternatus\n|faint|p2a: Honchkrow\n|\n|upkeep\n|inactive|Time left: 300 sec this turn | 300 sec total | 5 sec grace\n|\n|t:|1783553079\n|switch|p1a: Galvantula|Galvantula, L82, F|25/100\n|switch|p2a: Slither Wing|Slither Wing, L81|75/270\n|-activate|p2a: Slither Wing|move: Sticky Web\n|-unboost|p2a: Slither Wing|spe|1\n|turn|64\n|inactive|Time left: 300 sec this turn | 300 sec total\n|\n|t:|1783553080\n|-end|p2a: Slither Wing|Protosynthesis|[silent]\n|switch|p2a: Blissey|Blissey, L85, F, tera:Fairy|547/572\n|-activate|p2a: Blissey|move: Sticky Web\n|-unboost|p2a: Blissey|spe|1\n|move|p1a: Galvantula|Thunder|p2a: Blissey\n|-damage|p2a: Blissey|471/572\n|\n|-heal|p2a: Blissey|506/572|[from] item: Leftovers\n|upkeep\n|turn|65\n|inactive|Time left: 300 sec this turn | 300 sec total\n|\n|t:|1783553081\n|move|p1a: Galvantula|Thunder|p2a: Blissey\n|-damage|p2a: Blissey|424/572\n|move|p2a: Blissey|Soft-Boiled|p2a: Blissey\n|-heal|p2a: Blissey|572/572\n|\n|upkeep\n|turn|66\n|inactive|Time left: 300 sec this turn | 300 sec total\n|\n|t:|1783553082\n|move|p1a: Galvantula|Thunder|p2a: Blissey\n|-damage|p2a: Blissey|490/572\n|move|p2a: Blissey|Thunder Wave|p1a: Galvantula\n|-immune|p1a: Galvantula\n|\n|-heal|p2a: Blissey|525/572|[from] item: Leftovers\n|upkeep\n|turn|67\n|inactive|Time left: 300 sec this turn | 300 sec total\n|\n|t:|1783553083\n|move|p1a: Galvantula|Thunder|p2a: Blissey\n|-damage|p2a: Blissey|447/572\n|move|p2a: Blissey|Heal Bell||[still]\n|-activate|p2a: Blissey|move: Heal Bell\n|-fail|p2a: Blissey\n|\n|-heal|p2a: Blissey|482/572|[from] item: Leftovers\n|upkeep\n|turn|68\n|inactive|Time left: 300 sec this turn | 300 sec total\n|\n|t:|1783553084\n|move|p1a: Galvantula|Thunder|p2a: Blissey\n|-damage|p2a: Blissey|397/572\n|move|p2a: Blissey|Soft-Boiled|p2a: Blissey\n|-heal|p2a: Blissey|572/572\n|\n|upkeep\n|turn|69\n|inactive|Time left: 300 sec this turn | 300 sec total\n|\n|t:|1783553085\n|move|p1a: Galvantula|Thunder|p2a: Blissey\n|-damage|p2a: Blissey|499/572\n|move|p2a: Blissey|Thunder Wave|p1a: Galvantula\n|-immune|p1a: Galvantula\n|\n|-heal|p2a: Blissey|534/572|[from] item: Leftovers\n|upkeep\n|turn|70\n|inactive|Time left: 300 sec this turn | 300 sec total\n|\n|t:|1783553086\n|move|p1a: Galvantula|Thunder|p2a: Blissey|[miss]\n|-miss|p1a: Galvantula|p2a: Blissey\n|move|p2a: Blissey|Heal Bell||[still]\n|-activate|p2a: Blissey|move: Heal Bell\n|-fail|p2a: Blissey\n|\n|-heal|p2a: Blissey|569/572|[from] item: Leftovers\n|upkeep\n|turn|71\n|inactive|Time left: 300 sec this turn | 300 sec total\n|\n|t:|1783553087\n|move|p1a: Galvantula|Thunder|p2a: Blissey\n|-damage|p2a: Blissey|493/572\n|-status|p2a: Blissey|par\n|move|p2a: Blissey|Heal Bell|p2a: Blissey\n|-activate|p2a: Blissey|move: Heal Bell\n|-curestatus|p2a: Blissey|par|[msg]\n|\n|-heal|p2a: Blissey|528/572|[from] item: Leftovers\n|upkeep\n|turn|72\n|inactive|Time left: 300 sec this turn | 300 sec total\n|\n|t:|1783553087\n|move|p1a: Galvantula|Thunder|p2a: Blissey\n|-damage|p2a: Blissey|450/572\n|move|p2a: Blissey|Heal Bell||[still]\n|-activate|p2a: Blissey|move: Heal Bell\n|-fail|p2a: Blissey\n|\n|-heal|p2a: Blissey|485/572|[from] item: Leftovers\n|upkeep\n|turn|73\n|inactive|Time left: 300 sec this turn | 300 sec total\n|\n|t:|1783553088\n|move|p1a: Galvantula|Thunder|p2a: Blissey\n|-crit|p2a: Blissey\n|-damage|p2a: Blissey|368/572\n|move|p2a: Blissey|Soft-Boiled|p2a: Blissey\n|-heal|p2a: Blissey|572/572\n|\n|upkeep\n|turn|74\n|inactive|Time left: 300 sec this turn | 300 sec total\n|\n|t:|1783553089\n|move|p1a: Galvantula|Thunder|p2a: Blissey\n|-damage|p2a: Blissey|497/572\n|move|p2a: Blissey|Heal Bell||[still]\n|-activate|p2a: Blissey|move: Heal Bell\n|-fail|p2a: Blissey\n|\n|-heal|p2a: Blissey|532/572|[from] item: Leftovers\n|upkeep\n|turn|75\n|inactive|Time left: 300 sec this turn | 300 sec total\n|\n|t:|1783553090\n|move|p1a: Galvantula|Bug Buzz|p2a: Blissey\n|-resisted|p2a: Blissey\n|-crit|p2a: Blissey\n|-damage|p2a: Blissey|484/572\n|move|p2a: Blissey|Soft-Boiled|p2a: Blissey\n|-heal|p2a: Blissey|572/572\n|\n|upkeep\n|turn|76\n|inactive|Time left: 300 sec this turn | 300 sec total\n|\n|t:|1783553091\n|move|p1a: Galvantula|Bug Buzz|p2a: Blissey\n|-resisted|p2a: Blissey\n|-damage|p2a: Blissey|539/572\n|move|p2a: Blissey|Soft-Boiled|p2a: Blissey\n|-heal|p2a: Blissey|572/572\n|\n|upkeep\n|turn|77\n|inactive|Time left: 300 sec this turn | 300 sec total\n|\n|t:|1783553092\n|switch|p2a: Slither Wing|Slither Wing, L81|75/270\n|-activate|p2a: Slither Wing|move: Sticky Web\n|-unboost|p2a: Slither Wing|spe|1\n|move|p1a: Galvantula|Bug Buzz|p2a: Slither Wing\n|-resisted|p2a: Slither Wing\n|-damage|p2a: Slither Wing|33/270\n|\n|upkeep\n|turn|78\n|inactive|Time left: 300 sec this turn | 300 sec total\n|\n|t:|1783553093\n|-end|p2a: Slither Wing|Protosynthesis|[silent]\n|switch|p2a: Blissey|Blissey, L85, F, tera:Fairy|572/572\n|-activate|p2a: Blissey|move: Sticky Web\n|-unboost|p2a: Blissey|spe|1\n|move|p1a: Galvantula|Volt Switch|p2a: Blissey\n|-damage|p2a: Blissey|524/572\n|\n|t:|1783553094\n|switch|p1a: Politoed|Politoed, L88, M|72/100 slp|[from] Volt Switch\n|-weather|RainDance|[from] ability: Drizzle|[of] p1a: Politoed\n|\n|-weather|RainDance|[upkeep]\n|-heal|p2a: Blissey|559/572|[from] item: Leftovers\n|upkeep\n|turn|79\n|inactive|Time left: 300 sec this turn | 300 sec total\n|\n|t:|1783553095\n|switch|p1a: Galvantula|Galvantula, L82, F|25/100\n|switch|p2a: Slither Wing|Slither Wing, L81|33/270\n|-activate|p2a: Slither Wing|move: Sticky Web\n|-unboost|p2a: Slither Wing|spe|1\n|\n|-weather|RainDance|[upkeep]\n|upkeep\n|turn|80\n|inactive|Time left: 300 sec this turn | 300 sec total\n|\n|t:|1783553097\n|-end|p2a: Slither Wing|Protosynthesis|[silent]\n|switch|p2a: Blissey|Blissey, L85, F, tera:Fairy|559/572\n|-activate|p2a: Blissey|move: Sticky Web\n|-unboost|p2a: Blissey|spe|1\n|move|p1a: Galvantula|Volt Switch|p2a: Blissey\n|-damage|p2a: Blissey|508/572\n|\n|t:|1783553098\n|switch|p1a: Politoed|Politoed, L88, M|72/100 slp|[from] Volt Switch\n|\n|-weather|RainDance|[upkeep]\n|-heal|p2a: Blissey|543/572|[from] item: Leftovers\n|upkeep\n|turn|81\n|inactive|Time left: 300 sec this turn | 300 sec total\n|\n|t:|1783553099\n|switch|p1a: Galvantula|Galvantula, L82, F|25/100\n|switch|p2a: Slither Wing|Slither Wing, L81|33/270\n|-activate|p2a: Slither Wing|move: Sticky Web\n|-unboost|p2a: Slither Wing|spe|1\n|\n|-weather|RainDance|[upkeep]\n|upkeep\n|turn|82\n|inactive|Time left: 300 sec this turn | 300 sec total\n|\n|t:|1783553100\n|-end|p2a: Slither Wing|Protosynthesis|[silent]\n|switch|p2a: Blissey|Blissey, L85, F, tera:Fairy|543/572\n|-activate|p2a: Blissey|move: Sticky Web\n|-unboost|p2a: Blissey|spe|1\n|move|p1a: Galvantula|Volt Switch|p2a: Blissey\n|-damage|p2a: Blissey|492/572\n|\n|t:|1783553101\n|switch|p1a: Politoed|Politoed, L88, M|72/100 slp|[from] Volt Switch\n|\n|-weather|none\n|-heal|p2a: Blissey|527/572|[from] item: Leftovers\n|upkeep\n|turn|83\n|inactive|Time left: 300 sec this turn | 300 sec total\n|\n|t:|1783553102\n|switch|p2a: Slither Wing|Slither Wing, L81|33/270\n|-activate|p2a: Slither Wing|move: Sticky Web\n|-unboost|p2a: Slither Wing|spe|1\n|cant|p1a: Politoed|slp\n|\n|upkeep\n|turn|84\n|inactive|Time left: 300 sec this turn | 300 sec total\n|\n|t:|1783553103\n|cant|p1a: Politoed|slp\n|move|p2a: Slither Wing|Close Combat|p1a: Politoed\n|-damage|p1a: Politoed|22/100 slp\n|-unboost|p2a: Slither Wing|def|1\n|-unboost|p2a: Slither Wing|spd|1\n|\n|upkeep\n|turn|85\n|inactive|Time left: 300 sec this turn | 300 sec total\n|\n|t:|1783553105\n|-end|p2a: Slither Wing|Protosynthesis|[silent]\n|switch|p2a: Blissey|Blissey, L85, F, tera:Fairy|527/572\n|-activate|p2a: Blissey|move: Sticky Web\n|-unboost|p2a: Blissey|spe|1\n|-curestatus|p1a: Politoed|slp|[msg]\n|move|p1a: Politoed|Surf|p2a: Blissey\n|-damage|p2a: Blissey|454/572\n|\n|-heal|p2a: Blissey|489/572|[from] item: Leftovers\n|upkeep\n|turn|86\n|inactive|Time left: 300 sec this turn | 300 sec total\n|\n|t:|1783553106\n|switch|p2a: Slither Wing|Slither Wing, L81|33/270\n|-activate|p2a: Slither Wing|move: Sticky Web\n|-unboost|p2a: Slither Wing|spe|1\n|move|p1a: Politoed|Rest|p1a: Politoed\n|-status|p1a: Politoed|slp|[from] move: Rest\n|-heal|p1a: Politoed|100/100 slp|[silent]\n|\n|upkeep\n|turn|87\n|inactive|Time left: 300 sec this turn | 300 sec total\n|\n|t:|1783553107\n|cant|p1a: Politoed|slp\n|move|p2a: Slither Wing|Close Combat|p1a: Politoed\n|-damage|p1a: Politoed|42/100 slp\n|-unboost|p2a: Slither Wing|def|1\n|-unboost|p2a: Slither Wing|spd|1\n|\n|upkeep\n|turn|88\n|inactive|Time left: 300 sec this turn | 300 sec total\n|\n|t:|1783553108\n|cant|p1a: Politoed|slp\n|move|p2a: Slither Wing|Close Combat|p1a: Politoed\n|-damage|p1a: Politoed|0 fnt\n|-unboost|p2a: Slither Wing|def|1\n|-unboost|p2a: Slither Wing|spd|1\n|faint|p1a: Politoed\n|\n|upkeep\n|\n|t:|1783553109\n|switch|p1a: Galvantula|Galvantula, L82, F|25/100\n|turn|89\n|inactive|Time left: 300 sec this turn | 300 sec total\n|\n|t:|1783553110\n|-end|p2a: Slither Wing|Protosynthesis|[silent]\n|switch|p2a: Blissey|Blissey, L85, F, tera:Fairy|489/572\n|-activate|p2a: Blissey|move: Sticky Web\n|-unboost|p2a: Blissey|spe|1\n|move|p1a: Galvantula|Bug Buzz|p2a: Blissey\n|-resisted|p2a: Blissey\n|-damage|p2a: Blissey|456/572\n|\n|-heal|p2a: Blissey|491/572|[from] item: Leftovers\n|upkeep\n|turn|90\n|inactive|Time left: 300 sec this turn | 300 sec total\n|\n|t:|1783553111\n|move|p1a: Galvantula|Thunder|p2a: Blissey\n|-damage|p2a: Blissey|419/572\n|move|p2a: Blissey|Soft-Boiled|p2a: Blissey\n|-heal|p2a: Blissey|572/572\n|\n|upkeep\n|turn|91\n|inactive|Time left: 300 sec this turn | 300 sec total\n|\n|t:|1783553112\n|move|p1a: Galvantula|Volt Switch|p2a: Blissey\n|-damage|p2a: Blissey|518/572\n|move|p2a: Blissey|Thunder Wave|p1a: Galvantula\n|-immune|p1a: Galvantula\n|\n|-heal|p2a: Blissey|553/572|[from] item: Leftovers\n|upkeep\n|turn|92\n|inactive|Time left: 300 sec this turn | 300 sec total\n|\n|t:|1783553113\n|move|p1a: Galvantula|Volt Switch|p2a: Blissey\n|-damage|p2a: Blissey|502/572\n|move|p2a: Blissey|Heal Bell||[still]\n|-activate|p2a: Blissey|move: Heal Bell\n|-fail|p2a: Blissey\n|\n|-heal|p2a: Blissey|537/572|[from] item: Leftovers\n|upkeep\n|turn|93\n|inactive|Time left: 300 sec this turn | 300 sec total\n|\n|t:|1783553115\n|move|p1a: Galvantula|Volt Switch|p2a: Blissey\n|-damage|p2a: Blissey|488/572\n|move|p2a: Blissey|Thunder Wave|p1a: Galvantula|[miss]\n|-miss|p2a: Blissey|p1a: Galvantula\n|\n|-heal|p2a: Blissey|523/572|[from] item: Leftovers\n|upkeep\n|turn|94\n|inactive|Time left: 300 sec this turn | 300 sec total\n|\n|t:|1783553116\n|move|p1a: Galvantula|Volt Switch|p2a: Blissey\n|-damage|p2a: Blissey|475/572\n|move|p2a: Blissey|Thunder Wave|p1a: Galvantula\n|-immune|p1a: Galvantula\n|\n|-heal|p2a: Blissey|510/572|[from] item: Leftovers\n|upkeep\n|turn|95\n|inactive|Time left: 300 sec this turn | 300 sec total\n|\n|t:|1783553117\n|move|p1a: Galvantula|Volt Switch|p2a: Blissey\n|-damage|p2a: Blissey|456/572\n|move|p2a: Blissey|Thunder Wave|p1a: Galvantula\n|-immune|p1a: Galvantula\n|\n|-heal|p2a: Blissey|491/572|[from] item: Leftovers\n|upkeep\n|turn|96\n|inactive|Time left: 300 sec this turn | 300 sec total\n|\n|t:|1783553118\n|move|p1a: Galvantula|Volt Switch|p2a: Blissey\n|-damage|p2a: Blissey|436/572\n|move|p2a: Blissey|Thunder Wave|p1a: Galvantula\n|-immune|p1a: Galvantula\n|\n|-heal|p2a: Blissey|471/572|[from] item: Leftovers\n|upkeep\n|turn|97\n|inactive|Time left: 300 sec this turn | 300 sec total\n|\n|t:|1783553119\n|move|p1a: Galvantula|Bug Buzz|p2a: Blissey\n|-resisted|p2a: Blissey\n|-damage|p2a: Blissey|442/572\n|move|p2a: Blissey|Thunder Wave|p1a: Galvantula\n|-immune|p1a: Galvantula\n|\n|-heal|p2a: Blissey|477/572|[from] item: Leftovers\n|upkeep\n|turn|98\n|inactive|Time left: 300 sec this turn | 300 sec total\n|\n|t:|1783553120\n|move|p1a: Galvantula|Volt Switch|p2a: Blissey\n|-damage|p2a: Blissey|426/572\n|move|p2a: Blissey|Thunder Wave|p1a: Galvantula\n|-immune|p1a: Galvantula\n|\n|-heal|p2a: Blissey|461/572|[from] item: Leftovers\n|upkeep\n|turn|99\n|inactive|Time left: 300 sec this turn | 300 sec total\n|\n|t:|1783553121\n|move|p1a: Galvantula|Volt Switch|p2a: Blissey\n|-damage|p2a: Blissey|409/572\n|move|p2a: Blissey|Thunder Wave|p1a: Galvantula\n|-immune|p1a: Galvantula\n|\n|-heal|p2a: Blissey|444/572|[from] item: Leftovers\n|upkeep\n|turn|100\n|inactive|Time left: 300 sec this turn | 300 sec total\n|\n|t:|1783553122\n|move|p1a: Galvantula|Volt Switch|p2a: Blissey\n|-damage|p2a: Blissey|398/572\n|move|p2a: Blissey|Heal Bell||[still]\n|-activate|p2a: Blissey|move: Heal Bell\n|-fail|p2a: Blissey\n|\n|-heal|p2a: Blissey|433/572|[from] item: Leftovers\n|upkeep\n|turn|101\n|inactive|Time left: 300 sec this turn | 300 sec total\n|\n|t:|1783553123\n|move|p1a: Galvantula|Bug Buzz|p2a: Blissey\n|-resisted|p2a: Blissey\n|-damage|p2a: Blissey|400/572\n|move|p2a: Blissey|Thunder Wave|p1a: Galvantula\n|-immune|p1a: Galvantula\n|\n|-heal|p2a: Blissey|435/572|[from] item: Leftovers\n|upkeep\n|turn|102\n|inactive|Time left: 300 sec this turn | 300 sec total\n|\n|t:|1783553123\n|move|p1a: Galvantula|Bug Buzz|p2a: Blissey\n|-resisted|p2a: Blissey\n|-damage|p2a: Blissey|404/572\n|move|p2a: Blissey|Thunder Wave|p1a: Galvantula\n|-immune|p1a: Galvantula\n|\n|-heal|p2a: Blissey|439/572|[from] item: Leftovers\n|upkeep\n|turn|103\n|inactive|Time left: 300 sec this turn | 300 sec total\n|\n|t:|1783553124\n|move|p1a: Galvantula|Bug Buzz|p2a: Blissey\n|-resisted|p2a: Blissey\n|-damage|p2a: Blissey|406/572\n|move|p2a: Blissey|Thunder Wave|p1a: Galvantula\n|-immune|p1a: Galvantula\n|\n|-heal|p2a: Blissey|441/572|[from] item: Leftovers\n|upkeep\n|turn|104\n|inactive|Time left: 300 sec this turn | 300 sec total\n|\n|t:|1783553125\n|move|p1a: Galvantula|Bug Buzz|p2a: Blissey\n|-resisted|p2a: Blissey\n|-damage|p2a: Blissey|408/572\n|-unboost|p2a: Blissey|spd|1\n|move|p2a: Blissey|Thunder Wave|p1a: Galvantula\n|-immune|p1a: Galvantula\n|\n|-heal|p2a: Blissey|443/572|[from] item: Leftovers\n|upkeep\n|turn|105\n|inactive|Time left: 300 sec this turn | 300 sec total\n|\n|t:|1783553126\n|switch|p2a: Slither Wing|Slither Wing, L81|33/270\n|-activate|p2a: Slither Wing|move: Sticky Web\n|-unboost|p2a: Slither Wing|spe|1\n|move|p1a: Galvantula|Bug Buzz|p2a: Slither Wing\n|-resisted|p2a: Slither Wing\n|-damage|p2a: Slither Wing|0 fnt\n|faint|p2a: Slither Wing\n|-end|p2a: Slither Wing|Protosynthesis|[silent]\n|\n|upkeep\n|inactive|Time left: 300 sec this turn | 300 sec total | 5 sec grace\n|\n|t:|1783553127\n|switch|p2a: Blissey|Blissey, L85, F, tera:Fairy|443/572\n|-activate|p2a: Blissey|move: Sticky Web\n|-unboost|p2a: Blissey|spe|1\n|turn|106\n|inactive|Time left: 300 sec this turn | 300 sec total\n|\n|t:|1783553128\n|move|p1a: Galvantula|Bug Buzz|p2a: Blissey\n|-resisted|p2a: Blissey\n|-damage|p2a: Blissey|413/572\n|move|p2a: Blissey|Thunder Wave|p1a: Galvantula|[miss]\n|-miss|p2a: Blissey|p1a: Galvantula\n|\n|-heal|p2a: Blissey|448/572|[from] item: Leftovers\n|upkeep\n|turn|107\n|inactive|Time left: 300 sec this turn | 300 sec total\n|\n|t:|1783553129\n|move|p1a: Galvantula|Bug Buzz|p2a: Blissey\n|-resisted|p2a: Blissey\n|-crit|p2a: Blissey\n|-damage|p2a: Blissey|403/572\n|move|p2a: Blissey|Thunder Wave|p1a: Galvantula\n|-immune|p1a: Galvantula\n|\n|-heal|p2a: Blissey|438/572|[from] item: Leftovers\n|upkeep\n|turn|108\n|inactive|Time left: 300 sec this turn | 300 sec total\n|\n|t:|1783553130\n|move|p1a: Galvantula|Volt Switch|p2a: Blissey\n|-damage|p2a: Blissey|390/572\n|move|p2a: Blissey|Thunder Wave|p1a: Galvantula|[miss]\n|-miss|p2a: Blissey|p1a: Galvantula\n|\n|-heal|p2a: Blissey|425/572|[from] item: Leftovers\n|upkeep\n|turn|109\n|inactive|Time left: 300 sec this turn | 300 sec total\n|\n|t:|1783553132\n|move|p1a: Galvantula|Volt Switch|p2a: Blissey\n|-damage|p2a: Blissey|379/572\n|move|p2a: Blissey|Thunder Wave|p1a: Galvantula\n|-immune|p1a: Galvantula\n|\n|-heal|p2a: Blissey|414/572|[from] item: Leftovers\n|upkeep\n|turn|110\n|inactive|Time left: 300 sec this turn | 300 sec total\n|\n|t:|1783553133\n|move|p1a: Galvantula|Bug Buzz|p2a: Blissey\n|-resisted|p2a: Blissey\n|-crit|p2a: Blissey\n|-damage|p2a: Blissey|362/572\n|move|p2a: Blissey|Thunder Wave|p1a: Galvantula\n|-immune|p1a: Galvantula\n|\n|-heal|p2a: Blissey|397/572|[from] item: Leftovers\n|upkeep\n|turn|111\n|inactive|Time left: 300 sec this turn | 300 sec total\n|\n|t:|1783553134\n|move|p1a: Galvantula|Volt Switch|p2a: Blissey\n|-damage|p2a: Blissey|348/572\n|move|p2a: Blissey|Thunder Wave|p1a: Galvantula\n|-immune|p1a: Galvantula\n|\n|-heal|p2a: Blissey|383/572|[from] item: Leftovers\n|upkeep\n|turn|112\n|inactive|Time left: 300 sec this turn | 300 sec total\n|\n|t:|1783553135\n|move|p1a: Galvantula|Bug Buzz|p2a: Blissey\n|-resisted|p2a: Blissey\n|-damage|p2a: Blissey|351/572\n|move|p2a: Blissey|Thunder Wave|p1a: Galvantula\n|-immune|p1a: Galvantula\n|\n|-heal|p2a: Blissey|386/572|[from] item: Leftovers\n|upkeep\n|turn|113\n|inactive|Time left: 300 sec this turn | 300 sec total\n|\n|t:|1783553136\n|move|p1a: Galvantula|Bug Buzz|p2a: Blissey\n|-resisted|p2a: Blissey\n|-damage|p2a: Blissey|353/572\n|move|p2a: Blissey|Thunder Wave|p1a: Galvantula|[miss]\n|-miss|p2a: Blissey|p1a: Galvantula\n|\n|-heal|p2a: Blissey|388/572|[from] item: Leftovers\n|upkeep\n|turn|114\n|inactive|Time left: 300 sec this turn | 300 sec total\n|\n|t:|1783553137\n|move|p1a: Galvantula|Volt Switch|p2a: Blissey\n|-damage|p2a: Blissey|340/572\n|move|p2a: Blissey|Thunder Wave|p1a: Galvantula\n|-immune|p1a: Galvantula\n|\n|-heal|p2a: Blissey|375/572|[from] item: Leftovers\n|upkeep\n|turn|115\n|inactive|Time left: 300 sec this turn | 300 sec total\n|\n|t:|1783553139\n|move|p1a: Galvantula|Volt Switch|p2a: Blissey\n|-damage|p2a: Blissey|323/572\n|move|p2a: Blissey|Thunder Wave|p1a: Galvantula\n|-immune|p1a: Galvantula\n|\n|-heal|p2a: Blissey|358/572|[from] item: Leftovers\n|upkeep\n|turn|116\n|inactive|Time left: 300 sec this turn | 300 sec total\n|\n|t:|1783553140\n|move|p1a: Galvantula|Volt Switch|p2a: Blissey\n|-crit|p2a: Blissey\n|-damage|p2a: Blissey|285/572\n|move|p2a: Blissey|Thunder Wave|p1a: Galvantula\n|-immune|p1a: Galvantula\n|\n|-heal|p2a: Blissey|320/572|[from] item: Leftovers\n|upkeep\n|turn|117\n|inactive|Time left: 300 sec this turn | 300 sec total\n|\n|t:|1783553141\n|move|p1a: Galvantula|Volt Switch|p2a: Blissey\n|-damage|p2a: Blissey|269/572\n|move|p2a: Blissey|Thunder Wave|p1a: Galvantula\n|-immune|p1a: Galvantula\n|\n|-heal|p2a: Blissey|304/572|[from] item: Leftovers\n|upkeep\n|turn|118\n|inactive|Time left: 300 sec this turn | 300 sec total\n|\n|t:|1783553142\n|move|p1a: Galvantula|Volt Switch|p2a: Blissey\n|-damage|p2a: Blissey|258/572\n|move|p2a: Blissey|Thunder Wave|p1a: Galvantula\n|-immune|p1a: Galvantula\n|\n|-heal|p2a: Blissey|293/572|[from] item: Leftovers\n|upkeep\n|turn|119\n|inactive|Time left: 300 sec this turn | 300 sec total\n|\n|t:|1783553143\n|move|p1a: Galvantula|Volt Switch|p2a: Blissey\n|-damage|p2a: Blissey|245/572\n|-activate|p2a: Blissey|move: Struggle\n|move|p2a: Blissey|Struggle|p1a: Galvantula\n|-damage|p1a: Galvantula|23/100\n|-damage|p2a: Blissey|102/572|[from] recoil\n|\n|-heal|p2a: Blissey|137/572|[from] item: Leftovers\n|upkeep\n|turn|120\n|inactive|Time left: 300 sec this turn | 300 sec total\n|\n|t:|1783553144\n|move|p1a: Galvantula|Bug Buzz|p2a: Blissey\n|-resisted|p2a: Blissey\n|-damage|p2a: Blissey|104/572\n|-activate|p2a: Blissey|move: Struggle\n|move|p2a: Blissey|Struggle|p1a: Galvantula\n|-damage|p1a: Galvantula|20/100\n|-damage|p2a: Blissey|0 fnt|[from] recoil\n|faint|p2a: Blissey\n|\n|win|p0x11250d60", "uploadtime": 1783553144, "views": 0, "rating": 0, "private": 0, "password": null, "_winner": "p0x11250d60", "_our_name": "p0y1125d3e9"}