{"id": "battle-gen9randombattle-2459", "formatid": "gen9randombattle", "format": "[Gen 9] Random Battle", "players": ["p0x2459a9bb", "p0y24592c9b"], "log": "|init|battle\n|title|p0x2459a9bb vs. p0y24592c9b\n|j|\u2606p0x2459a9bb\n|j|\u2606p0y24592c9b\n|t:|1783567539\n|gametype|singles\n|player|p1|p0x2459a9bb|266|\n|player|p2|p0y24592c9b|265|\n|gen|9\n|tier|[Gen 9] Random Battle\n|rule|Species Clause: Limit one of each Pok\u00e9mon\n|rule|HP Percentage Mod: HP is shown in percentages\n|rule|Sleep Clause Mod: Limit one foe put to sleep\n|rule|Illusion Level Mod: Illusion disguises the Pok\u00e9mon's true level\n|\n|t:|1783567539\n|teamsize|p1|6\n|teamsize|p2|6\n|start\n|switch|p1a: Rhydon|Rhydon, L85, F|317/317\n|switch|p2a: Terrakion|Terrakion, L79|100/100\n|turn|1\n|inactive|Battle timer is ON: inactive players will automatically lose when time's up. (requested by p0x2459a9bb)\n|inactive|p0y24592c9b also wants the timer to be on.\n|\n|t:|1783567540\n|switch|p2a: Cloyster|Cloyster, L80, F|100/100\n|move|p1a: Rhydon|Earthquake|p2a: Cloyster\n|-crit|p2a: Cloyster\n|-damage|p2a: Cloyster|46/100\n|\n|upkeep\n|turn|2\n|inactive|Time left: 300 sec this turn | 300 sec total\n|\n|t:|1783567542\n|move|p2a: Cloyster|Icicle Spear|p1a: Rhydon\n|-supereffective|p1a: Rhydon\n|-damage|p1a: Rhydon|291/317\n|-supereffective|p1a: Rhydon\n|-damage|p1a: Rhydon|267/317\n|-supereffective|p1a: Rhydon\n|-damage|p1a: Rhydon|237/317\n|-supereffective|p1a: Rhydon\n|-damage|p1a: Rhydon|213/317\n|-supereffective|p1a: Rhydon\n|-damage|p1a: Rhydon|187/317\n|-hitcount|p1a: Rhydon|5\n|move|p1a: Rhydon|Swords Dance|p1a: Rhydon\n|-boost|p1a: Rhydon|atk|2\n|\n|upkeep\n|turn|3\n|inactive|Time left: 300 sec this turn | 300 sec total\n|\n|t:|1783567543\n|move|p2a: Cloyster|Icicle Spear|p1a: Rhydon\n|-supereffective|p1a: Rhydon\n|-damage|p1a: Rhydon|161/317\n|-supereffective|p1a: Rhydon\n|-damage|p1a: Rhydon|135/317\n|-supereffective|p1a: Rhydon\n|-damage|p1a: Rhydon|111/317\n|-supereffective|p1a: Rhydon\n|-damage|p1a: Rhydon|85/317\n|-supereffective|p1a: Rhydon\n|-damage|p1a: Rhydon|59/317\n|-hitcount|p1a: Rhydon|5\n|move|p1a: Rhydon|Earthquake|p2a: Cloyster\n|-damage|p2a: Cloyster|0 fnt\n|faint|p2a: Cloyster\n|\n|upkeep\n|\n|t:|1783567543\n|switch|p2a: Toxtricity|Toxtricity, L82, F|100/100\n|turn|4\n|inactive|Time left: 300 sec this turn | 300 sec total\n|\n|t:|1783567545\n|move|p2a: Toxtricity|Boomburst|p1a: Rhydon\n|-resisted|p1a: Rhydon\n|-damage|p1a: Rhydon|0 fnt\n|faint|p1a: Rhydon\n|-enditem|p2a: Toxtricity|Throat Spray\n|-boost|p2a: Toxtricity|spa|1|[from] item: Throat Spray\n|\n|upkeep\n|inactive|Time left: 300 sec this turn | 300 sec total | 5 sec grace\n|\n|t:|1783567546\n|switch|p1a: Glastrier|Glastrier, L86|311/311\n|turn|5\n|inactive|Time left: 300 sec this turn | 300 sec total\n|\n|t:|1783567547\n|-terastallize|p2a: Toxtricity|Normal\n|move|p2a: Toxtricity|Boomburst|p1a: Glastrier\n|-damage|p1a: Glastrier|41/311\n|move|p1a: Glastrier|High Horsepower|p2a: Toxtricity\n|-damage|p2a: Toxtricity|31/100\n|\n|upkeep\n|turn|6\n|inactive|Time left: 300 sec this turn | 300 sec total\n|\n|t:|1783567548\n|switch|p1a: Brambleghast|Brambleghast, L88, M|240/240\n|move|p2a: Toxtricity|Boomburst|p1a: Brambleghast\n|-immune|p1a: Brambleghast\n|\n|upkeep\n|turn|7\n|inactive|Time left: 300 sec this turn | 300 sec total\n|\n|t:|1783567549\n|move|p1a: Brambleghast|Power Whip|p2a: Toxtricity\n|-damage|p2a: Toxtricity|0 fnt\n|faint|p2a: Toxtricity\n|\n|upkeep\n|\n|t:|1783567550\n|switch|p2a: Spectrier|Spectrier, L75|100/100\n|turn|8\n|inactive|Time left: 300 sec this turn | 300 sec total\n|\n|t:|1783567551\n|-terastallize|p1a: Brambleghast|Steel\n|move|p2a: Spectrier|Shadow Ball|p1a: Brambleghast\n|-damage|p1a: Brambleghast|110/240\n|-damage|p2a: Spectrier|91/100|[from] item: Life Orb\n|move|p1a: Brambleghast|Poltergeist|p2a: Spectrier\n|-activate|p2a: Spectrier|move: Poltergeist|Life Orb\n|-supereffective|p2a: Spectrier\n|-damage|p2a: Spectrier|0 fnt\n|faint|p2a: Spectrier\n|\n|-heal|p1a: Brambleghast|125/240|[from] item: Leftovers\n|upkeep\n|\n|t:|1783567552\n|switch|p2a: Terrakion|Terrakion, L79|100/100\n|turn|9\n|inactive|Time left: 300 sec this turn | 300 sec total\n|\n|t:|1783567553\n|switch|p1a: Thundurus|Thundurus, L80, M|258/258\n|move|p2a: Terrakion|Earthquake|p1a: Thundurus\n|-immune|p1a: Thundurus\n|\n|upkeep\n|turn|10\n|inactive|Time left: 300 sec this turn | 300 sec total\n|\n|t:|1783567554\n|move|p1a: Thundurus|Thunderbolt|p2a: Terrakion\n|-damage|p2a: Terrakion|58/100\n|move|p2a: Terrakion|Stone Edge|p1a: Thundurus|[miss]\n|-miss|p2a: Terrakion|p1a: Thundurus\n|\n|upkeep\n|turn|11\n|inactive|Time left: 300 sec this turn | 300 sec total\n|\n|t:|1783567556\n|move|p1a: Thundurus|Grass Knot|p2a: Terrakion\n|-supereffective|p2a: Terrakion\n|-damage|p2a: Terrakion|0 fnt\n|faint|p2a: Terrakion\n|\n|upkeep\n|\n|t:|1783567557\n|switch|p2a: Regidrago|Regidrago, L77|100/100\n|turn|12\n|inactive|Time left: 300 sec this turn | 300 sec total\n|\n|t:|1783567558\n|move|p1a: Thundurus|Knock Off|p2a: Regidrago\n|-damage|p2a: Regidrago|75/100\n|-enditem|p2a: Regidrago|Life Orb|[from] move: Knock Off|[of] p1a: Thundurus\n|move|p2a: Regidrago|Dragon Dance|p2a: Regidrago\n|-boost|p2a: Regidrago|atk|1\n|-boost|p2a: Regidrago|spe|1\n|\n|upkeep\n|turn|13\n|inactive|Time left: 300 sec this turn | 300 sec total\n|\n|t:|1783567560\n|switch|p1a: Glastrier|Glastrier, L86|41/311\n|move|p2a: Regidrago|Dragon Claw|p1a: Glastrier\n|-crit|p1a: Glastrier\n|-damage|p1a: Glastrier|0 fnt\n|faint|p1a: Glastrier\n|\n|upkeep\n|inactive|Time left: 300 sec this turn | 300 sec total | 5 sec grace\n|\n|t:|1783567561\n|switch|p1a: Goodra|Goodra-Hisui, L82, M|265/265\n|turn|14\n|inactive|Time left: 300 sec this turn | 300 sec total\n|\n|t:|1783567562\n|move|p2a: Regidrago|Earthquake|p1a: Goodra\n|-supereffective|p1a: Goodra\n|-damage|p1a: Goodra|95/265\n|move|p1a: Goodra|Draco Meteor|p2a: Regidrago\n|-supereffective|p2a: Regidrago\n|-damage|p2a: Regidrago|0 fnt\n|-unboost|p1a: Goodra|spa|2\n|faint|p2a: Regidrago\n|\n|upkeep\n|\n|t:|1783567563\n|switch|p2a: Cobalion|Cobalion, L80|100/100\n|turn|15\n|inactive|Time left: 300 sec this turn | 300 sec total\n|\n|t:|1783567564\n|switch|p1a: Araquanid|Araquanid, L82, F|246/246\n|move|p2a: Cobalion|Swords Dance|p2a: Cobalion\n|-boost|p2a: Cobalion|atk|2\n|\n|upkeep\n|turn|16\n|inactive|Time left: 300 sec this turn | 300 sec total\n|\n|t:|1783567565\n|move|p2a: Cobalion|Iron Head|p1a: Araquanid\n|-resisted|p1a: Araquanid\n|-damage|p1a: Araquanid|175/246\n|move|p1a: Araquanid|Hydro Pump|p2a: Cobalion|[miss]\n|-miss|p1a: Araquanid|p2a: Cobalion\n|\n|upkeep\n|turn|17\n|inactive|Time left: 300 sec this turn | 300 sec total\n|\n|t:|1783567566\n|move|p2a: Cobalion|Iron Head|p1a: Araquanid\n|-resisted|p1a: Araquanid\n|-damage|p1a: Araquanid|106/246\n|move|p1a: Araquanid|Hydro Pump|p2a: Cobalion|[miss]\n|-miss|p1a: Araquanid|p2a: Cobalion\n|\n|upkeep\n|turn|18\n|inactive|Time left: 300 sec this turn | 300 sec total\n|\n|t:|1783567567\n|move|p2a: Cobalion|Iron Head|p1a: Araquanid\n|-resisted|p1a: Araquanid\n|-damage|p1a: Araquanid|31/246\n|move|p1a: Araquanid|Hydro Pump|p2a: Cobalion\n|-damage|p2a: Cobalion|43/100\n|\n|-heal|p2a: Cobalion|49/100|[from] item: Leftovers\n|upkeep\n|turn|19\n|inactive|Time left: 300 sec this turn | 300 sec total\n|\n|t:|1783567568\n|move|p2a: Cobalion|Taunt|p1a: Araquanid\n|-start|p1a: Araquanid|move: Taunt\n|move|p1a: Araquanid|Hydro Pump|p2a: Cobalion\n|-damage|p2a: Cobalion|0 fnt\n|faint|p2a: Cobalion\n|\n|win|p0x2459a9bb", "uploadtime": 1783567568, "views": 0, "rating": 0, "private": 0, "password": null, "_winner": "p0x2459a9bb", "_our_name": "p0x2459a9bb"}