{"id": "battle-gen9randombattle-11", "formatid": "gen9randombattle", "format": "[Gen 9] Random Battle", "players": ["p0x0119a95", "p0y011b16c"], "log": "|init|battle\n|title|p0x0119a95 vs. p0y011b16c\n|j|\u2606p0x0119a95\n|j|\u2606p0y011b16c\n|t:|1783533947\n|gametype|singles\n|player|p1|p0x0119a95|169|\n|player|p2|p0y011b16c|170|\n|gen|9\n|tier|[Gen 9] Random Battle\n|rule|Species Clause: Limit one of each Pok\u00e9mon\n|rule|HP Percentage Mod: HP is shown in percentages\n|rule|Sleep Clause Mod: Limit one foe put to sleep\n|rule|Illusion Level Mod: Illusion disguises the Pok\u00e9mon's true level\n|\n|t:|1783533947\n|teamsize|p1|6\n|teamsize|p2|6\n|start\n|switch|p1a: Tauros|Tauros, L82, M|100/100\n|switch|p2a: Arbok|Arbok, L87, M|246/246\n|-ability|p2a: Arbok|Intimidate|boost\n|-unboost|p1a: Tauros|atk|1\n|turn|1\n|inactive|Battle timer is ON: inactive players will automatically lose when time's up. (requested by p0x0119a95)\n|inactive|Time left: 300 sec this turn | 300 sec total | 60 sec grace\n|inactive|p0y011b16c also wants the timer to be on.\n|\n|t:|1783533949\n|switch|p1a: Moltres|Moltres, L81|100/100\n|move|p2a: Arbok|Gunk Shot|p1a: Moltres\n|-damage|p1a: Moltres|50/100\n|\n|upkeep\n|turn|2\n|inactive|Time left: 300 sec this turn | 300 sec total\n|\n|t:|1783533950\n|move|p1a: Moltres|Fire Blast|p2a: Arbok\n|-damage|p2a: Arbok|113/246\n|move|p2a: Arbok|Gunk Shot|p1a: Moltres\n|-damage|p1a: Moltres|4/100\n|\n|-heal|p2a: Arbok|128/246|[from] item: Leftovers\n|upkeep\n|turn|3\n|inactive|Time left: 300 sec this turn | 300 sec total\n|\n|t:|1783533951\n|switch|p2a: Primarina|Primarina, L83, M|268/268\n|move|p1a: Moltres|Fire Blast|p2a: Primarina\n|-resisted|p2a: Primarina\n|-damage|p2a: Primarina|217/268\n|-status|p2a: Primarina|brn\n|\n|-heal|p2a: Primarina|233/268 brn|[from] item: Leftovers\n|-damage|p2a: Primarina|217/268 brn|[from] brn\n|upkeep\n|turn|4\n|inactive|Time left: 300 sec this turn | 300 sec total\n|\n|t:|1783533952\n|move|p1a: Moltres|Brave Bird|p2a: Primarina\n|-damage|p2a: Primarina|78/268 brn\n|-damage|p1a: Moltres|0 fnt|[from] Recoil\n|faint|p1a: Moltres\n|move|p2a: Primarina|Psychic Noise|p1: Moltres|[notarget]\n|-fail|p2a: Primarina\n|\n|-heal|p2a: Primarina|94/268 brn|[from] item: Leftovers\n|-damage|p2a: Primarina|78/268 brn|[from] brn\n|upkeep\n|\n|t:|1783533953\n|switch|p1a: Banette|Banette, L93, M|100/100\n|turn|5\n|inactive|Time left: 300 sec this turn | 300 sec total\n|\n|t:|1783533954\n|switch|p2a: Bombirdier|Bombirdier, L85, F|258/258\n|move|p1a: Banette|Poltergeist|p2a: Bombirdier\n|-activate|p2a: Bombirdier|move: Poltergeist|Heavy-Duty Boots\n|-resisted|p2a: Bombirdier\n|-damage|p2a: Bombirdier|153/258\n|-damage|p1a: Banette|90/100|[from] item: Life Orb\n|\n|upkeep\n|turn|6\n|inactive|Time left: 300 sec this turn | 300 sec total\n|\n|t:|1783533955\n|switch|p1a: Eelektross|Eelektross, L87, M|100/100\n|move|p2a: Bombirdier|Knock Off|p1a: Eelektross\n|-damage|p1a: Eelektross|63/100\n|-enditem|p1a: Eelektross|Leftovers|[from] move: Knock Off|[of] p2a: Bombirdier\n|\n|upkeep\n|turn|7\n|inactive|Time left: 300 sec this turn | 300 sec total\n|\n|t:|1783533956\n|move|p2a: Bombirdier|Knock Off|p1a: Eelektross\n|-damage|p1a: Eelektross|38/100\n|move|p1a: Eelektross|Coil|p1a: Eelektross\n|-boost|p1a: Eelektross|atk|1\n|-boost|p1a: Eelektross|def|1\n|-boost|p1a: Eelektross|accuracy|1\n|\n|upkeep\n|turn|8\n|inactive|Time left: 300 sec this turn | 300 sec total\n|\n|t:|1783533957\n|-terastallize|p2a: Bombirdier|Rock\n|move|p2a: Bombirdier|Stone Edge|p1a: Eelektross\n|-damage|p1a: Eelektross|0 fnt\n|faint|p1a: Eelektross\n|\n|upkeep\n|\n|t:|1783533958\n|switch|p1a: Barraskewda|Barraskewda, L81, M|100/100\n|turn|9\n|inactive|Time left: 300 sec this turn | 300 sec total\n|\n|t:|1783533959\n|switch|p2a: Noivern|Noivern, L82, M|274/274\n|move|p1a: Barraskewda|Waterfall|p2a: Noivern\n|-resisted|p2a: Noivern\n|-damage|p2a: Noivern|192/274\n|\n|upkeep\n|turn|10\n|inactive|Time left: 300 sec this turn | 300 sec total\n|\n|t:|1783533960\n|move|p1a: Barraskewda|Waterfall|p2a: Noivern\n|-resisted|p2a: Noivern\n|-damage|p2a: Noivern|113/274\n|move|p2a: Noivern|Draco Meteor|p1a: Barraskewda\n|-damage|p1a: Barraskewda|0 fnt\n|-unboost|p2a: Noivern|spa|2\n|faint|p1a: Barraskewda\n|\n|upkeep\n|\n|t:|1783533961\n|switch|p1a: Banette|Banette, L93, M|90/100\n|turn|11\n|inactive|Time left: 300 sec this turn | 300 sec total\n|\n|t:|1783533962\n|move|p2a: Noivern|Draco Meteor|p1a: Banette\n|-damage|p1a: Banette|48/100\n|-unboost|p2a: Noivern|spa|2\n|move|p1a: Banette|Swords Dance|p1a: Banette\n|-boost|p1a: Banette|atk|2\n|\n|upkeep\n|turn|12\n|inactive|Time left: 300 sec this turn | 300 sec total\n|\n|t:|1783533963\n|switch|p2a: Arbok|Arbok, L87, M|128/246\n|-ability|p2a: Arbok|Intimidate|boost\n|-unboost|p1a: Banette|atk|1\n|move|p1a: Banette|Shadow Sneak|p2a: Arbok\n|-damage|p2a: Arbok|0 fnt\n|faint|p2a: Arbok\n|-damage|p1a: Banette|38/100|[from] item: Life Orb\n|\n|upkeep\n|inactive|Time left: 300 sec this turn | 300 sec total | 5 sec grace\n|\n|t:|1783533964\n|switch|p2a: Cyclizar|Cyclizar, L84, F|255/255\n|turn|13\n|inactive|Time left: 300 sec this turn | 300 sec total\n|\n|t:|1783533965\n|switch|p1a: Iron Treads|Iron Treads, L77|100/100\n|move|p2a: Cyclizar|Knock Off|p1a: Iron Treads\n|-damage|p1a: Iron Treads|78/100\n|-enditem|p1a: Iron Treads|Assault Vest|[from] move: Knock Off|[of] p2a: Cyclizar\n|\n|upkeep\n|turn|14\n|inactive|Time left: 300 sec this turn | 300 sec total\n|\n|t:|1783533966\n|move|p2a: Cyclizar|Shed Tail|p2a: Cyclizar\n|-start|p2a: Cyclizar|Substitute|[from] move: Shed Tail\n|-damage|p2a: Cyclizar|127/255\n|inactive|Time left: 300 sec this turn | 300 sec total | 5 sec grace\n|\n|t:|1783533967\n|switch|p2a: Noivern|Noivern, L82, M|113/274|[from] Shed Tail\n|move|p1a: Iron Treads|Rapid Spin|p2a: Noivern\n|-activate|p2a: Noivern|move: Substitute|[damage]\n|-boost|p1a: Iron Treads|spe|1\n|\n|upkeep\n|turn|15\n|inactive|Time left: 300 sec this turn | 300 sec total\n|\n|t:|1783533968\n|move|p1a: Iron Treads|Iron Head|p2a: Noivern\n|-end|p2a: Noivern|Substitute\n|move|p2a: Noivern|Flamethrower|p1a: Iron Treads\n|-supereffective|p1a: Iron Treads\n|-damage|p1a: Iron Treads|0 fnt\n|faint|p1a: Iron Treads\n|-end|p1a: Iron Treads|Quark Drive|[silent]\n|\n|upkeep\n|\n|t:|1783533969\n|switch|p1a: Tauros|Tauros, L82, M|100/100\n|turn|16\n|inactive|Time left: 300 sec this turn | 300 sec total\n|\n|t:|1783533970\n|move|p2a: Noivern|Flamethrower|p1a: Tauros\n|-damage|p1a: Tauros|61/100\n|move|p1a: Tauros|Body Slam|p2a: Noivern\n|-damage|p2a: Noivern|0 fnt\n|faint|p2a: Noivern\n|\n|upkeep\n|inactive|Time left: 300 sec this turn | 300 sec total | 5 sec grace\n|\n|t:|1783533971\n|switch|p2a: Cyclizar|Cyclizar, L84, F|212/255\n|turn|17\n|inactive|Time left: 300 sec this turn | 300 sec total\n|\n|t:|1783533972\n|switch|p1a: Banette|Banette, L93, M|38/100\n|move|p2a: Cyclizar|Draco Meteor|p1a: Banette\n|-damage|p1a: Banette|0 fnt\n|-unboost|p2a: Cyclizar|spa|2\n|faint|p1a: Banette\n|\n|upkeep\n|\n|t:|1783533973\n|switch|p1a: Tauros|Tauros, L82, M|61/100\n|turn|18\n|inactive|Time left: 300 sec this turn | 300 sec total\n|\n|t:|1783533973\n|move|p2a: Cyclizar|Draco Meteor|p1a: Tauros\n|-damage|p1a: Tauros|34/100\n|-unboost|p2a: Cyclizar|spa|2\n|move|p1a: Tauros|Earthquake|p2a: Cyclizar\n|-damage|p2a: Cyclizar|99/255\n|-damage|p1a: Tauros|25/100|[from] item: Life Orb\n|\n|upkeep\n|turn|19\n|inactive|Time left: 300 sec this turn | 300 sec total\n|\n|t:|1783533974\n|-terastallize|p1a: Tauros|Ground\n|move|p2a: Cyclizar|Rapid Spin|p1a: Tauros\n|-damage|p1a: Tauros|4/100\n|-boost|p2a: Cyclizar|spe|1\n|move|p1a: Tauros|Body Slam|p2a: Cyclizar\n|-damage|p2a: Cyclizar|0 fnt\n|faint|p2a: Cyclizar\n|\n|upkeep\n|inactive|Time left: 300 sec this turn | 300 sec total | 5 sec grace\n|\n|t:|1783533975\n|switch|p2a: Bombirdier|Bombirdier, L85, F, tera:Rock|153/258\n|turn|20\n|inactive|Time left: 300 sec this turn | 300 sec total\n|\n|t:|1783533976\n|move|p1a: Tauros|Earthquake|p2a: Bombirdier\n|-supereffective|p2a: Bombirdier\n|-damage|p2a: Bombirdier|0 fnt\n|faint|p2a: Bombirdier\n|-damage|p1a: Tauros|0 fnt|[from] item: Life Orb\n|faint|p1a: Tauros\n|\n|win|p0y011b16c", "uploadtime": 1783533976, "views": 0, "rating": 0, "private": 0, "password": null, "_winner": "p0y011b16c", "_our_name": "p0y011b16c"}