{"id": "battle-gen9randombattle-2122", "formatid": "gen9randombattle", "format": "[Gen 9] Random Battle", "players": ["p0x2122da1d", "p0y212261da"], "log": "|init|battle\n|title|p0x2122da1d vs. p0y212261da\n|j|\u2606p0x2122da1d\n|j|\u2606p0y212261da\n|t:|1783564576\n|gametype|singles\n|player|p1|p0x2122da1d|1|\n|player|p2|p0y212261da|1|\n|gen|9\n|tier|[Gen 9] Random Battle\n|rule|Species Clause: Limit one of each Pok\u00e9mon\n|rule|HP Percentage Mod: HP is shown in percentages\n|rule|Sleep Clause Mod: Limit one foe put to sleep\n|rule|Illusion Level Mod: Illusion disguises the Pok\u00e9mon's true level\n|\n|t:|1783564576\n|teamsize|p1|6\n|teamsize|p2|6\n|start\n|switch|p1a: Glaceon|Glaceon, L94, F|100/100\n|switch|p2a: Dodrio|Dodrio, L85, M|241/241\n|turn|1\n|inactive|Battle timer is ON: inactive players will automatically lose when time's up. (requested by p0y212261da)\n|inactive|p0x2122da1d also wants the timer to be on.\n|\n|t:|1783564577\n|switch|p2a: Magnezone|Magnezone, L85|258/258\n|move|p1a: Glaceon|Freeze-Dry|p2a: Magnezone\n|-resisted|p2a: Magnezone\n|-damage|p2a: Magnezone|220/258\n|\n|upkeep\n|turn|2\n|inactive|Time left: 300 sec this turn | 300 sec total\n|\n|t:|1783564579\n|move|p1a: Glaceon|Mud Shot|p2a: Magnezone\n|-supereffective|p2a: Magnezone\n|-damage|p2a: Magnezone|64/258\n|-unboost|p2a: Magnezone|spe|1\n|move|p2a: Magnezone|Flash Cannon|p1a: Glaceon\n|-supereffective|p1a: Glaceon\n|-damage|p1a: Glaceon|8/100\n|\n|upkeep\n|turn|3\n|inactive|Time left: 300 sec this turn | 300 sec total\n|\n|t:|1783564579\n|move|p1a: Glaceon|Mud Shot|p2a: Magnezone\n|-supereffective|p2a: Magnezone\n|-damage|p2a: Magnezone|0 fnt\n|faint|p2a: Magnezone\n|\n|upkeep\n|inactive|Time left: 300 sec this turn | 300 sec total | 5 sec grace\n|\n|t:|1783564580\n|switch|p2a: Galvantula|Galvantula, L82, M|249/249\n|turn|4\n|inactive|Time left: 300 sec this turn | 300 sec total\n|\n|t:|1783564581\n|switch|p1a: Kommo-o|Kommo-o, L77, M|100/100\n|move|p2a: Galvantula|Sticky Web|p1a: Kommo-o\n|-sidestart|p1: p0x2122da1d|move: Sticky Web\n|\n|upkeep\n|turn|5\n|inactive|Time left: 300 sec this turn | 300 sec total\n|\n|t:|1783564582\n|switch|p2a: Slowbro|Slowbro, L85, M|300/300\n|move|p1a: Kommo-o|Clangorous Soul|p1a: Kommo-o\n|-boost|p1a: Kommo-o|atk|1\n|-boost|p1a: Kommo-o|def|1\n|-boost|p1a: Kommo-o|spa|1\n|-boost|p1a: Kommo-o|spd|1\n|-boost|p1a: Kommo-o|spe|1\n|-damage|p1a: Kommo-o|68/100\n|-enditem|p1a: Kommo-o|Throat Spray\n|-boost|p1a: Kommo-o|spa|1|[from] item: Throat Spray\n|\n|upkeep\n|turn|6\n|inactive|Time left: 300 sec this turn | 300 sec total\n|\n|t:|1783564583\n|move|p1a: Kommo-o|Clangorous Soul|p1a: Kommo-o\n|-boost|p1a: Kommo-o|atk|1\n|-boost|p1a: Kommo-o|def|1\n|-boost|p1a: Kommo-o|spa|1\n|-boost|p1a: Kommo-o|spd|1\n|-boost|p1a: Kommo-o|spe|1\n|-damage|p1a: Kommo-o|35/100\n|move|p2a: Slowbro|Psyshock|p1a: Kommo-o\n|-supereffective|p1a: Kommo-o\n|-crit|p1a: Kommo-o\n|-damage|p1a: Kommo-o|0 fnt\n|faint|p1a: Kommo-o\n|\n|upkeep\n|\n|t:|1783564584\n|switch|p1a: Crawdaunt|Crawdaunt, L84, M|100/100\n|-activate|p1a: Crawdaunt|move: Sticky Web\n|-unboost|p1a: Crawdaunt|spe|1\n|turn|7\n|inactive|Time left: 300 sec this turn | 300 sec total\n|\n|t:|1783564585\n|move|p2a: Slowbro|Scald|p1a: Crawdaunt\n|-resisted|p1a: Crawdaunt\n|-damage|p1a: Crawdaunt|77/100\n|move|p1a: Crawdaunt|Knock Off|p2a: Slowbro\n|-supereffective|p2a: Slowbro\n|-damage|p2a: Slowbro|0 fnt\n|-damage|p1a: Crawdaunt|60/100|[from] item: Rocky Helmet|[of] p2a: Slowbro\n|-enditem|p2a: Slowbro|Rocky Helmet|[from] move: Knock Off|[of] p1a: Crawdaunt\n|faint|p2a: Slowbro\n|-damage|p1a: Crawdaunt|50/100|[from] item: Life Orb\n|\n|upkeep\n|inactive|Time left: 300 sec this turn | 300 sec total | 5 sec grace\n|\n|t:|1783564586\n|switch|p2a: Leafeon|Leafeon, L88, F|258/258\n|turn|8\n|inactive|Time left: 300 sec this turn | 300 sec total\n|\n|t:|1783564587\n|switch|p1a: Noivern|Noivern, L82, M|100/100\n|move|p2a: Leafeon|Swords Dance|p2a: Leafeon\n|-boost|p2a: Leafeon|atk|2\n|\n|upkeep\n|turn|9\n|inactive|Time left: 300 sec this turn | 300 sec total\n|\n|t:|1783564588\n|-terastallize|p2a: Leafeon|Dark\n|move|p1a: Noivern|Hurricane|p2a: Leafeon\n|-damage|p2a: Leafeon|68/258\n|move|p2a: Leafeon|Knock Off|p1a: Noivern\n|-damage|p1a: Noivern|0 fnt\n|-enditem|p1a: Noivern|Choice Specs|[from] move: Knock Off|[of] p2a: Leafeon\n|faint|p1a: Noivern\n|-damage|p2a: Leafeon|43/258|[from] item: Life Orb\n|\n|upkeep\n|\n|t:|1783564589\n|switch|p1a: Delphox|Delphox, L84, M|100/100\n|-activate|p1a: Delphox|move: Sticky Web\n|-unboost|p1a: Delphox|spe|1\n|turn|10\n|inactive|Time left: 300 sec this turn | 300 sec total\n|\n|t:|1783564590\n|move|p1a: Delphox|Fire Blast|p2a: Leafeon\n|-damage|p2a: Leafeon|0 fnt\n|faint|p2a: Leafeon\n|\n|upkeep\n|inactive|Time left: 300 sec this turn | 300 sec total | 5 sec grace\n|\n|t:|1783564591\n|switch|p2a: Whiscash|Whiscash, L88, F|337/337\n|turn|11\n|inactive|Time left: 300 sec this turn | 300 sec total\n|\n|t:|1783564592\n|switch|p1a: Crawdaunt|Crawdaunt, L84, M|50/100\n|-activate|p1a: Crawdaunt|move: Sticky Web\n|-unboost|p1a: Crawdaunt|spe|1\n|move|p2a: Whiscash|Dragon Dance|p2a: Whiscash\n|-boost|p2a: Whiscash|atk|1\n|-boost|p2a: Whiscash|spe|1\n|\n|upkeep\n|turn|12\n|inactive|Time left: 300 sec this turn | 300 sec total\n|\n|t:|1783564593\n|move|p1a: Crawdaunt|Aqua Jet|p2a: Whiscash\n|-damage|p2a: Whiscash|236/337\n|-damage|p1a: Crawdaunt|40/100|[from] item: Life Orb\n|move|p2a: Whiscash|Earthquake|p1a: Crawdaunt\n|-damage|p1a: Crawdaunt|0 fnt\n|faint|p1a: Crawdaunt\n|-damage|p2a: Whiscash|203/337|[from] item: Life Orb\n|\n|upkeep\n|\n|t:|1783564594\n|switch|p1a: Delphox|Delphox, L84, M|100/100\n|-activate|p1a: Delphox|move: Sticky Web\n|-unboost|p1a: Delphox|spe|1\n|turn|13\n|inactive|Time left: 300 sec this turn | 300 sec total\n|\n|t:|1783564595\n|-terastallize|p1a: Delphox|Grass\n|move|p2a: Whiscash|Earthquake|p1a: Delphox\n|-resisted|p1a: Delphox\n|-damage|p1a: Delphox|58/100\n|-damage|p2a: Whiscash|170/337|[from] item: Life Orb\n|move|p1a: Delphox|Grass Knot|p2a: Whiscash\n|-supereffective|p2a: Whiscash\n|-damage|p2a: Whiscash|0 fnt\n|faint|p2a: Whiscash\n|\n|upkeep\n|inactive|Time left: 300 sec this turn | 300 sec total | 5 sec grace\n|\n|t:|1783564596\n|switch|p2a: Dodrio|Dodrio, L85, M|241/241\n|turn|14\n|inactive|Time left: 300 sec this turn | 300 sec total\n|\n|t:|1783564597\n|move|p2a: Dodrio|Brave Bird|p1a: Delphox\n|-supereffective|p1a: Delphox\n|-damage|p1a: Delphox|0 fnt\n|faint|p1a: Delphox\n|-damage|p2a: Dodrio|191/241|[from] Recoil\n|\n|upkeep\n|\n|t:|1783564598\n|switch|p1a: Glaceon|Glaceon, L94, F|8/100\n|turn|15\n|inactive|Time left: 300 sec this turn | 300 sec total\n|\n|t:|1783564599\n|move|p1a: Glaceon|Protect|p1a: Glaceon\n|-singleturn|p1a: Glaceon|Protect\n|move|p2a: Dodrio|Brave Bird|p1a: Glaceon\n|-activate|p1a: Glaceon|move: Protect\n|\n|upkeep\n|turn|16\n|inactive|Time left: 300 sec this turn | 300 sec total\n|\n|t:|1783564600\n|move|p1a: Glaceon|Protect||[still]\n|-fail|p1a: Glaceon\n|move|p2a: Dodrio|Brave Bird|p1a: Glaceon\n|-damage|p1a: Glaceon|0 fnt\n|faint|p1a: Glaceon\n|-damage|p2a: Dodrio|184/241|[from] Recoil\n|\n|upkeep\n|\n|t:|1783564601\n|switch|p1a: Gardevoir|Gardevoir, L83, F|100/100\n|-activate|p1a: Gardevoir|move: Sticky Web\n|-unboost|p1a: Gardevoir|spe|1\n|-ability|p1a: Gardevoir|Early Bird|Trace|[from] ability: Trace|[of] p2a: Dodrio\n|turn|17\n|inactive|Time left: 300 sec this turn | 300 sec total\n|\n|t:|1783564602\n|move|p2a: Dodrio|Brave Bird|p1a: Gardevoir\n|-damage|p1a: Gardevoir|0 fnt\n|faint|p1a: Gardevoir\n|-damage|p2a: Dodrio|102/241|[from] Recoil\n|\n|win|p0y212261da", "uploadtime": 1783564602, "views": 0, "rating": 0, "private": 0, "password": null, "_winner": "p0y212261da", "_our_name": "p0y212261da"}