{"id": "battle-gen9randombattle-1579", "formatid": "gen9randombattle", "format": "[Gen 9] Random Battle", "players": ["p0x15791b15", "p0y1579b8e6"], "log": "|init|battle\n|title|p0x15791b15 vs. p0y1579b8e6\n|j|\u2606p0x15791b15\n|j|\u2606p0y1579b8e6\n|t:|1783558294\n|gametype|singles\n|player|p1|p0x15791b15|265|\n|player|p2|p0y1579b8e6|102|\n|gen|9\n|tier|[Gen 9] Random Battle\n|rule|Species Clause: Limit one of each Pok\u00e9mon\n|rule|HP Percentage Mod: HP is shown in percentages\n|rule|Sleep Clause Mod: Limit one foe put to sleep\n|rule|Illusion Level Mod: Illusion disguises the Pok\u00e9mon's true level\n|\n|t:|1783558294\n|teamsize|p1|6\n|teamsize|p2|6\n|start\n|switch|p1a: Electivire|Electivire, L84, F|100/100\n|switch|p2a: Miraidon|Miraidon, L65|238/238\n|-fieldstart|move: Electric Terrain|[from] ability: Hadron Engine|[of] p2a: Miraidon\n|turn|1\n|inactive|Battle timer is ON: inactive players will automatically lose when time's up. (requested by p0y1579b8e6)\n|inactive|p0x15791b15 also wants the timer to be on.\n|\n|t:|1783558295\n|switch|p2a: Hydrapple|Hydrapple, L83, M|312/312\n|move|p1a: Electivire|Earthquake|p2a: Hydrapple\n|-resisted|p2a: Hydrapple\n|-damage|p2a: Hydrapple|269/312\n|-damage|p1a: Electivire|91/100|[from] item: Life Orb\n|\n|-heal|p2a: Hydrapple|288/312|[from] item: Leftovers\n|upkeep\n|turn|2\n|inactive|Time left: 300 sec this turn | 300 sec total\n|\n|t:|1783558297\n|move|p1a: Electivire|Ice Punch|p2a: Hydrapple\n|-supereffective|p2a: Hydrapple\n|-damage|p2a: Hydrapple|2/312\n|-damage|p1a: Electivire|81/100|[from] item: Life Orb\n|move|p2a: Hydrapple|Giga Drain|p1a: Electivire\n|-damage|p1a: Electivire|44/100\n|-heal|p2a: Hydrapple|51/312|[from] drain|[of] p1a: Electivire\n|\n|-heal|p2a: Hydrapple|70/312|[from] item: Leftovers\n|upkeep\n|turn|3\n|inactive|Time left: 300 sec this turn | 300 sec total\n|\n|t:|1783558298\n|switch|p2a: Eiscue|Eiscue, L88, M|274/274\n|move|p1a: Electivire|Ice Punch|p2a: Eiscue\n|-activate|p2a: Eiscue|ability: Ice Face\n|-damage|p2a: Eiscue|274/274\n|detailschange|p2a: Eiscue|Eiscue-Noice, L88, M\n|-damage|p1a: Electivire|34/100|[from] item: Life Orb\n|\n|upkeep\n|turn|4\n|inactive|Time left: 300 sec this turn | 300 sec total\n|\n|t:|1783558299\n|switch|p1a: Espathra|Espathra, L80, M|100/100\n|move|p2a: Eiscue|Ice Spinner|p1a: Espathra\n|-damage|p1a: Espathra|61/100\n|-fieldend|move: Electric Terrain\n|\n|upkeep\n|turn|5\n|inactive|Time left: 300 sec this turn | 300 sec total\n|\n|t:|1783558300\n|switch|p2a: Registeel|Registeel, L81|262/262\n|move|p1a: Espathra|Lumina Crash|p2a: Registeel\n|-resisted|p2a: Registeel\n|-damage|p2a: Registeel|223/262\n|\n|-ability|p1a: Espathra|Speed Boost|boost\n|-boost|p1a: Espathra|spe|1\n|upkeep\n|turn|6\n|inactive|Time left: 300 sec this turn | 300 sec total\n|\n|t:|1783558301\n|move|p1a: Espathra|Lumina Crash|p2a: Registeel\n|-resisted|p2a: Registeel\n|-damage|p2a: Registeel|181/262\n|move|p2a: Registeel|Iron Defense|p2a: Registeel\n|-boost|p2a: Registeel|def|2\n|\n|-ability|p1a: Espathra|Speed Boost|boost\n|-boost|p1a: Espathra|spe|1\n|upkeep\n|turn|7\n|inactive|Time left: 300 sec this turn | 300 sec total\n|\n|t:|1783558302\n|move|p1a: Espathra|Lumina Crash|p2a: Registeel\n|-resisted|p2a: Registeel\n|-damage|p2a: Registeel|143/262\n|move|p2a: Registeel|Body Press|p1a: Espathra\n|-resisted|p1a: Espathra\n|-damage|p1a: Espathra|23/100\n|\n|-ability|p1a: Espathra|Speed Boost|boost\n|-boost|p1a: Espathra|spe|1\n|upkeep\n|turn|8\n|inactive|Time left: 300 sec this turn | 300 sec total\n|\n|t:|1783558303\n|move|p1a: Espathra|Lumina Crash|p2a: Registeel\n|-resisted|p2a: Registeel\n|-damage|p2a: Registeel|105/262\n|move|p2a: Registeel|Body Press|p1a: Espathra\n|-resisted|p1a: Espathra\n|-damage|p1a: Espathra|0 fnt\n|faint|p1a: Espathra\n|\n|upkeep\n|\n|t:|1783558304\n|switch|p1a: Delphox|Delphox, L84, M|100/100\n|turn|9\n|inactive|Time left: 300 sec this turn | 300 sec total\n|\n|t:|1783558305\n|move|p1a: Delphox|Fire Blast|p2a: Registeel\n|-supereffective|p2a: Registeel\n|-damage|p2a: Registeel|0 fnt\n|faint|p2a: Registeel\n|\n|upkeep\n|inactive|Time left: 300 sec this turn | 300 sec total | 5 sec grace\n|\n|t:|1783558306\n|switch|p2a: Hydrapple|Hydrapple, L83, M|174/312\n|turn|10\n|inactive|Time left: 300 sec this turn | 300 sec total\n|\n|t:|1783558307\n|move|p1a: Delphox|Fire Blast|p2a: Hydrapple\n|-damage|p2a: Hydrapple|41/312\n|move|p2a: Hydrapple|Fickle Beam|p1a: Delphox\n|-damage|p1a: Delphox|68/100\n|\n|-heal|p2a: Hydrapple|60/312|[from] item: Leftovers\n|upkeep\n|turn|11\n|inactive|Time left: 300 sec this turn | 300 sec total\n|\n|t:|1783558308\n|switch|p2a: Miraidon|Miraidon, L65|238/238\n|-fieldstart|move: Electric Terrain|[from] ability: Hadron Engine|[of] p2a: Miraidon\n|move|p1a: Delphox|Fire Blast|p2a: Miraidon\n|-resisted|p2a: Miraidon\n|-damage|p2a: Miraidon|169/238\n|\n|upkeep\n|turn|12\n|inactive|Time left: 300 sec this turn | 300 sec total\n|\n|t:|1783558309\n|move|p1a: Delphox|Fire Blast|p2a: Miraidon\n|-resisted|p2a: Miraidon\n|-damage|p2a: Miraidon|98/238\n|move|p2a: Miraidon|Electro Drift|p1a: Delphox\n|-damage|p1a: Delphox|2/100\n|-damage|p2a: Miraidon|75/238|[from] item: Life Orb\n|\n|upkeep\n|turn|13\n|inactive|Time left: 300 sec this turn | 300 sec total\n|\n|t:|1783558310\n|move|p1a: Delphox|Fire Blast|p2a: Miraidon\n|-resisted|p2a: Miraidon\n|-damage|p2a: Miraidon|0 fnt\n|faint|p2a: Miraidon\n|\n|upkeep\n|inactive|Time left: 300 sec this turn | 300 sec total | 5 sec grace\n|\n|t:|1783558311\n|switch|p2a: Cryogonal|Cryogonal, L89|287/287\n|turn|14\n|inactive|Time left: 300 sec this turn | 300 sec total\n|\n|t:|1783558312\n|move|p1a: Delphox|Fire Blast|p2a: Cryogonal\n|-supereffective|p2a: Cryogonal\n|-damage|p2a: Cryogonal|5/287\n|move|p2a: Cryogonal|Ice Beam|p1a: Delphox\n|-resisted|p1a: Delphox\n|-damage|p1a: Delphox|0 fnt\n|faint|p1a: Delphox\n|\n|upkeep\n|\n|t:|1783558313\n|switch|p1a: Sylveon|Sylveon, L85, F|100/100\n|turn|15\n|inactive|Time left: 300 sec this turn | 300 sec total\n|\n|t:|1783558314\n|move|p2a: Cryogonal|Recover|p2a: Cryogonal\n|-heal|p2a: Cryogonal|149/287\n|move|p1a: Sylveon|Calm Mind|p1a: Sylveon\n|-boost|p1a: Sylveon|spa|1\n|-boost|p1a: Sylveon|spd|1\n|\n|-fieldend|move: Electric Terrain\n|upkeep\n|turn|16\n|inactive|Time left: 300 sec this turn | 300 sec total\n|\n|t:|1783558315\n|move|p2a: Cryogonal|Recover|p2a: Cryogonal\n|-heal|p2a: Cryogonal|287/287\n|move|p1a: Sylveon|Calm Mind|p1a: Sylveon\n|-boost|p1a: Sylveon|spa|1\n|-boost|p1a: Sylveon|spd|1\n|\n|upkeep\n|turn|17\n|inactive|Time left: 300 sec this turn | 300 sec total\n|\n|t:|1783558316\n|move|p2a: Cryogonal|Ice Beam|p1a: Sylveon\n|-damage|p1a: Sylveon|87/100\n|-status|p1a: Sylveon|frz\n|cant|p1a: Sylveon|frz\n|\n|-heal|p1a: Sylveon|93/100 frz|[from] item: Leftovers\n|upkeep\n|turn|18\n|inactive|Time left: 300 sec this turn | 300 sec total\n|\n|t:|1783558317\n|switch|p2a: Hydrapple|Hydrapple, L83, M|164/312\n|cant|p1a: Sylveon|frz\n|\n|-heal|p1a: Sylveon|99/100 frz|[from] item: Leftovers\n|-heal|p2a: Hydrapple|183/312|[from] item: Leftovers\n|upkeep\n|turn|19\n|inactive|Time left: 300 sec this turn | 300 sec total\n|\n|t:|1783558318\n|-curestatus|p1a: Sylveon|frz|[msg]\n|move|p1a: Sylveon|Hyper Voice|p2a: Hydrapple\n|-supereffective|p2a: Hydrapple\n|-damage|p2a: Hydrapple|0 fnt\n|faint|p2a: Hydrapple\n|\n|-heal|p1a: Sylveon|100/100|[from] item: Leftovers\n|upkeep\n|inactive|Time left: 300 sec this turn | 300 sec total | 5 sec grace\n|\n|t:|1783558318\n|switch|p2a: Cryogonal|Cryogonal, L89|287/287\n|turn|20\n|inactive|Time left: 300 sec this turn | 300 sec total\n|\n|t:|1783558319\n|move|p2a: Cryogonal|Rapid Spin|p1a: Sylveon\n|-damage|p1a: Sylveon|89/100\n|-boost|p2a: Cryogonal|spe|1\n|move|p1a: Sylveon|Hyper Voice|p2a: Cryogonal\n|-damage|p2a: Cryogonal|109/287\n|\n|-heal|p1a: Sylveon|95/100|[from] item: Leftovers\n|upkeep\n|turn|21\n|inactive|Time left: 300 sec this turn | 300 sec total\n|\n|t:|1783558320\n|move|p2a: Cryogonal|Recover|p2a: Cryogonal\n|-heal|p2a: Cryogonal|253/287\n|move|p1a: Sylveon|Hyper Voice|p2a: Cryogonal\n|-damage|p2a: Cryogonal|61/287\n|\n|-heal|p1a: Sylveon|100/100|[from] item: Leftovers\n|upkeep\n|turn|22\n|inactive|Time left: 300 sec this turn | 300 sec total\n|\n|t:|1783558321\n|move|p2a: Cryogonal|Recover|p2a: Cryogonal\n|-heal|p2a: Cryogonal|205/287\n|move|p1a: Sylveon|Hyper Voice|p2a: Cryogonal\n|-damage|p2a: Cryogonal|37/287\n|\n|upkeep\n|turn|23\n|inactive|Time left: 300 sec this turn | 300 sec total\n|\n|t:|1783558322\n|move|p2a: Cryogonal|Recover|p2a: Cryogonal\n|-heal|p2a: Cryogonal|181/287\n|move|p1a: Sylveon|Hyper Voice|p2a: Cryogonal\n|-damage|p2a: Cryogonal|9/287\n|\n|upkeep\n|turn|24\n|inactive|Time left: 300 sec this turn | 300 sec total\n|\n|t:|1783558324\n|move|p2a: Cryogonal|Recover|p2a: Cryogonal\n|-heal|p2a: Cryogonal|153/287\n|move|p1a: Sylveon|Hyper Voice|p2a: Cryogonal\n|-damage|p2a: Cryogonal|0 fnt\n|faint|p2a: Cryogonal\n|\n|upkeep\n|inactive|Time left: 300 sec this turn | 300 sec total | 5 sec grace\n|\n|t:|1783558325\n|switch|p2a: Oricorio|Oricorio-Pom-Pom, L82, M|257/257\n|turn|25\n|inactive|Time left: 300 sec this turn | 300 sec total\n|\n|t:|1783558326\n|move|p2a: Oricorio|Quiver Dance|p2a: Oricorio\n|-boost|p2a: Oricorio|spa|1\n|-boost|p2a: Oricorio|spd|1\n|-boost|p2a: Oricorio|spe|1\n|move|p1a: Sylveon|Hyper Voice|p2a: Oricorio\n|-damage|p2a: Oricorio|35/257\n|\n|upkeep\n|turn|26\n|inactive|Time left: 300 sec this turn | 300 sec total\n|\n|t:|1783558326\n|move|p2a: Oricorio|Hurricane|p1a: Sylveon|[miss]\n|-miss|p2a: Oricorio|p1a: Sylveon\n|move|p1a: Sylveon|Hyper Voice|p2a: Oricorio\n|-damage|p2a: Oricorio|0 fnt\n|faint|p2a: Oricorio\n|\n|upkeep\n|inactive|Time left: 300 sec this turn | 300 sec total | 5 sec grace\n|\n|t:|1783558327\n|switch|p2a: Eiscue|Eiscue-Noice, L88, M|274/274\n|turn|27\n|inactive|Time left: 300 sec this turn | 300 sec total\n|\n|t:|1783558328\n|-terastallize|p2a: Eiscue|Water\n|-terastallize|p1a: Sylveon|Steel\n|move|p2a: Eiscue|Zen Headbutt|p1a: Sylveon\n|-resisted|p1a: Sylveon\n|-damage|p1a: Sylveon|90/100\n|move|p1a: Sylveon|Hyper Voice|p2a: Eiscue\n|-damage|p2a: Eiscue|0 fnt\n|faint|p2a: Eiscue\n|\n|win|p0x15791b15", "uploadtime": 1783558328, "views": 0, "rating": 0, "private": 0, "password": null, "_winner": "p0x15791b15", "_our_name": "p0y1579b8e6"}