{"id": "battle-gen9randombattle-1916", "formatid": "gen9randombattle", "format": "[Gen 9] Random Battle", "players": ["p0x191600be", "p0y1916bfc0"], "log": "|init|battle\n|title|p0x191600be vs. p0y1916bfc0\n|j|\u2606p0x191600be\n|j|\u2606p0y1916bfc0\n|t:|1783562162\n|gametype|singles\n|player|p1|p0x191600be|102|\n|player|p2|p0y1916bfc0|102|\n|gen|9\n|tier|[Gen 9] Random Battle\n|rule|Species Clause: Limit one of each Pok\u00e9mon\n|rule|HP Percentage Mod: HP is shown in percentages\n|rule|Sleep Clause Mod: Limit one foe put to sleep\n|rule|Illusion Level Mod: Illusion disguises the Pok\u00e9mon's true level\n|\n|t:|1783562162\n|teamsize|p1|6\n|teamsize|p2|6\n|start\n|switch|p1a: Tyranitar|Tyranitar, L78, F|100/100\n|switch|p2a: Cobalion|Cobalion, L80|277/277\n|-weather|Sandstorm|[from] ability: Sand Stream|[of] p1a: Tyranitar\n|turn|1\n|inactive|Battle timer is ON: inactive players will automatically lose when time's up. (requested by p0y1916bfc0)\n|inactive|p0x191600be also wants the timer to be on.\n|\n|t:|1783562164\n|move|p2a: Cobalion|Swords Dance|p2a: Cobalion\n|-boost|p2a: Cobalion|atk|2\n|move|p1a: Tyranitar|Stealth Rock|p2a: Cobalion\n|-sidestart|p2: p0y1916bfc0|move: Stealth Rock\n|\n|-weather|Sandstorm|[upkeep]\n|upkeep\n|turn|2\n|inactive|Time left: 300 sec this turn | 300 sec total\n|\n|t:|1783562164\n|switch|p1a: Uxie|Uxie, L83|100/100\n|move|p2a: Cobalion|Close Combat|p1a: Uxie\n|-resisted|p1a: Uxie\n|-damage|p1a: Uxie|70/100\n|-unboost|p2a: Cobalion|def|1\n|-unboost|p2a: Cobalion|spd|1\n|\n|-weather|Sandstorm|[upkeep]\n|-damage|p1a: Uxie|64/100|[from] Sandstorm\n|-heal|p1a: Uxie|70/100|[from] item: Leftovers\n|upkeep\n|turn|3\n|inactive|Time left: 300 sec this turn | 300 sec total\n|\n|t:|1783562165\n|move|p2a: Cobalion|Iron Head|p1a: Uxie\n|-damage|p1a: Uxie|31/100\n|move|p1a: Uxie|Psychic Noise|p2a: Cobalion\n|-damage|p2a: Cobalion|153/277\n|-start|p2a: Cobalion|move: Heal Block\n|\n|-weather|Sandstorm|[upkeep]\n|-damage|p1a: Uxie|25/100|[from] Sandstorm\n|-heal|p1a: Uxie|31/100|[from] item: Leftovers\n|upkeep\n|turn|4\n|inactive|Time left: 300 sec this turn | 300 sec total\n|\n|t:|1783562167\n|move|p2a: Cobalion|Iron Head|p1a: Uxie\n|-damage|p1a: Uxie|0 fnt\n|faint|p1a: Uxie\n|\n|-weather|Sandstorm|[upkeep]\n|-end|p2a: Cobalion|move: Heal Block\n|upkeep\n|\n|t:|1783562168\n|switch|p1a: Jolteon|Jolteon, L84, F|100/100\n|turn|5\n|inactive|Time left: 300 sec this turn | 300 sec total\n|\n|t:|1783562169\n|switch|p2a: Reuniclus|Reuniclus, L88, F|337/337\n|move|p1a: Jolteon|Thunderbolt|p2a: Reuniclus\n|-damage|p2a: Reuniclus|234/337\n|\n|-weather|none\n|upkeep\n|turn|6\n|inactive|Time left: 300 sec this turn | 300 sec total\n|\n|t:|1783562170\n|move|p1a: Jolteon|Calm Mind|p1a: Jolteon\n|-boost|p1a: Jolteon|spa|1\n|-boost|p1a: Jolteon|spd|1\n|move|p2a: Reuniclus|Recover|p2a: Reuniclus\n|-heal|p2a: Reuniclus|337/337\n|\n|upkeep\n|turn|7\n|inactive|Time left: 300 sec this turn | 300 sec total\n|\n|t:|1783562171\n|move|p1a: Jolteon|Thunderbolt|p2a: Reuniclus\n|-damage|p2a: Reuniclus|171/337\n|move|p2a: Reuniclus|Calm Mind|p2a: Reuniclus\n|-boost|p2a: Reuniclus|spa|1\n|-boost|p2a: Reuniclus|spd|1\n|\n|upkeep\n|turn|8\n|inactive|Time left: 300 sec this turn | 300 sec total\n|\n|t:|1783562172\n|move|p1a: Jolteon|Thunderbolt|p2a: Reuniclus\n|-damage|p2a: Reuniclus|68/337\n|move|p2a: Reuniclus|Recover|p2a: Reuniclus\n|-heal|p2a: Reuniclus|237/337\n|\n|upkeep\n|turn|9\n|inactive|Time left: 300 sec this turn | 300 sec total\n|\n|t:|1783562173\n|move|p1a: Jolteon|Substitute|p1a: Jolteon\n|-start|p1a: Jolteon|Substitute\n|-damage|p1a: Jolteon|76/100\n|move|p2a: Reuniclus|Psychic|p1a: Jolteon\n|-end|p1a: Jolteon|Substitute\n|\n|-heal|p1a: Jolteon|82/100|[from] item: Leftovers\n|upkeep\n|turn|10\n|inactive|Time left: 300 sec this turn | 300 sec total\n|\n|t:|1783562174\n|move|p1a: Jolteon|Calm Mind|p1a: Jolteon\n|-boost|p1a: Jolteon|spa|1\n|-boost|p1a: Jolteon|spd|1\n|move|p2a: Reuniclus|Psychic|p1a: Jolteon\n|-damage|p1a: Jolteon|34/100\n|\n|-heal|p1a: Jolteon|40/100|[from] item: Leftovers\n|upkeep\n|turn|11\n|inactive|Time left: 300 sec this turn | 300 sec total\n|\n|t:|1783562175\n|move|p1a: Jolteon|Thunderbolt|p2a: Reuniclus\n|-damage|p2a: Reuniclus|107/337\n|-status|p2a: Reuniclus|par\n|move|p2a: Reuniclus|Psychic|p1a: Jolteon\n|-damage|p1a: Jolteon|0 fnt\n|faint|p1a: Jolteon\n|\n|upkeep\n|\n|t:|1783562176\n|switch|p1a: Iron Leaves|Iron Leaves, L80|100/100\n|turn|12\n|inactive|Time left: 300 sec this turn | 300 sec total\n|\n|t:|1783562177\n|move|p1a: Iron Leaves|Leaf Blade|p2a: Reuniclus\n|-damage|p2a: Reuniclus|0 fnt\n|faint|p2a: Reuniclus\n|-damage|p1a: Iron Leaves|91/100|[from] item: Life Orb\n|\n|upkeep\n|inactive|Time left: 300 sec this turn | 300 sec total | 5 sec grace\n|\n|t:|1783562178\n|switch|p2a: Volcanion|Volcanion, L79|255/255\n|-damage|p2a: Volcanion|192/255|[from] Stealth Rock\n|turn|13\n|inactive|Time left: 300 sec this turn | 300 sec total\n|\n|t:|1783562179\n|move|p1a: Iron Leaves|Swords Dance|p1a: Iron Leaves\n|-boost|p1a: Iron Leaves|atk|2\n|move|p2a: Volcanion|Flame Charge|p1a: Iron Leaves\n|-supereffective|p1a: Iron Leaves\n|-damage|p1a: Iron Leaves|48/100\n|-boost|p2a: Volcanion|spe|1\n|\n|upkeep\n|turn|14\n|inactive|Time left: 300 sec this turn | 300 sec total\n|\n|t:|1783562180\n|-terastallize|p2a: Volcanion|Fire\n|-terastallize|p1a: Iron Leaves|Fighting\n|move|p2a: Volcanion|Flamethrower|p1a: Iron Leaves\n|-damage|p1a: Iron Leaves|3/100\n|move|p1a: Iron Leaves|Leaf Blade|p2a: Volcanion\n|-resisted|p2a: Volcanion\n|-damage|p2a: Volcanion|79/255\n|-damage|p1a: Iron Leaves|0 fnt|[from] item: Life Orb\n|faint|p1a: Iron Leaves\n|-end|p1a: Iron Leaves|Quark Drive|[silent]\n|\n|upkeep\n|\n|t:|1783562181\n|switch|p1a: Drednaw|Drednaw, L81, M|100/100\n|turn|15\n|inactive|Time left: 300 sec this turn | 300 sec total\n|\n|t:|1783562182\n|switch|p2a: Lilligant|Lilligant-Hisui, L79, F|240/240\n|-damage|p2a: Lilligant|225/240|[from] Stealth Rock\n|move|p1a: Drednaw|Shell Smash|p1a: Drednaw\n|-unboost|p1a: Drednaw|def|1\n|-unboost|p1a: Drednaw|spd|1\n|-boost|p1a: Drednaw|atk|2\n|-boost|p1a: Drednaw|spa|2\n|-boost|p1a: Drednaw|spe|2\n|-enditem|p1a: Drednaw|White Herb\n|-clearnegativeboost|p1a: Drednaw|[silent]\n|\n|upkeep\n|turn|16\n|inactive|Time left: 300 sec this turn | 300 sec total\n|\n|t:|1783562183\n|move|p1a: Drednaw|Stone Edge|p2a: Lilligant\n|-resisted|p2a: Lilligant\n|-damage|p2a: Lilligant|91/240\n|move|p2a: Lilligant|Leaf Blade|p1a: Drednaw\n|-supereffective|p1a: Drednaw\n|-damage|p1a: Drednaw|0 fnt\n|faint|p1a: Drednaw\n|-damage|p2a: Lilligant|67/240|[from] item: Life Orb\n|\n|upkeep\n|\n|t:|1783562184\n|switch|p1a: Slither Wing|Slither Wing, L81|100/100\n|turn|17\n|inactive|Time left: 300 sec this turn | 300 sec total\n|\n|t:|1783562185\n|move|p2a: Lilligant|Leaf Blade|p1a: Slither Wing\n|-resisted|p1a: Slither Wing\n|-damage|p1a: Slither Wing|65/100\n|-damage|p2a: Lilligant|43/240|[from] item: Life Orb\n|move|p1a: Slither Wing|Close Combat|p2a: Lilligant\n|-damage|p2a: Lilligant|0 fnt\n|-unboost|p1a: Slither Wing|def|1\n|-unboost|p1a: Slither Wing|spd|1\n|faint|p2a: Lilligant\n|\n|upkeep\n|inactive|Time left: 300 sec this turn | 300 sec total | 5 sec grace\n|\n|t:|1783562186\n|switch|p2a: Swalot|Swalot, L90, M|326/326\n|-damage|p2a: Swalot|286/326|[from] Stealth Rock\n|turn|18\n|inactive|Time left: 300 sec this turn | 300 sec total\n|\n|t:|1783562188\n|move|p1a: Slither Wing|U-turn|p2a: Swalot\n|-resisted|p2a: Swalot\n|-damage|p2a: Swalot|243/326\n|\n|t:|1783562189\n|-end|p1a: Slither Wing|Protosynthesis|[silent]\n|switch|p1a: Tyranitar|Tyranitar, L78, F|100/100|[from] U-turn\n|-weather|Sandstorm|[from] ability: Sand Stream|[of] p1a: Tyranitar\n|move|p2a: Swalot|Toxic|p1a: Tyranitar\n|-status|p1a: Tyranitar|tox\n|\n|-weather|Sandstorm|[upkeep]\n|-damage|p2a: Swalot|223/326|[from] Sandstorm\n|-heal|p2a: Swalot|243/326|[from] item: Leftovers\n|-damage|p1a: Tyranitar|95/100 tox|[from] psn\n|upkeep\n|turn|19\n|inactive|Time left: 300 sec this turn | 300 sec total\n|\n|t:|1783562190\n|switch|p2a: Cobalion|Cobalion, L80|153/277\n|-damage|p2a: Cobalion|145/277|[from] Stealth Rock\n|switch|p1a: Slither Wing|Slither Wing, L81|65/100\n|\n|-weather|Sandstorm|[upkeep]\n|-damage|p1a: Slither Wing|59/100|[from] Sandstorm\n|-heal|p2a: Cobalion|162/277|[from] item: Leftovers\n|upkeep\n|turn|20\n|inactive|Time left: 300 sec this turn | 300 sec total\n|\n|t:|1783562191\n|move|p2a: Cobalion|Iron Head|p1a: Slither Wing\n|-damage|p1a: Slither Wing|29/100\n|move|p1a: Slither Wing|Close Combat|p2a: Cobalion\n|-supereffective|p2a: Cobalion\n|-damage|p2a: Cobalion|0 fnt\n|-unboost|p1a: Slither Wing|def|1\n|-unboost|p1a: Slither Wing|spd|1\n|faint|p2a: Cobalion\n|\n|-weather|Sandstorm|[upkeep]\n|-damage|p1a: Slither Wing|23/100|[from] Sandstorm\n|upkeep\n|inactive|Time left: 300 sec this turn | 300 sec total | 5 sec grace\n|\n|t:|1783562192\n|switch|p2a: Ludicolo|Ludicolo, L90, M|290/290\n|-damage|p2a: Ludicolo|254/290|[from] Stealth Rock\n|turn|21\n|inactive|Time left: 300 sec this turn | 300 sec total\n|\n|t:|1783562193\n|move|p1a: Slither Wing|U-turn|p2a: Ludicolo\n|-supereffective|p2a: Ludicolo\n|-damage|p2a: Ludicolo|44/290\n|\n|t:|1783562193\n|-end|p1a: Slither Wing|Protosynthesis|[silent]\n|switch|p1a: Tyranitar|Tyranitar, L78, F|95/100 tox|[from] U-turn\n|move|p2a: Ludicolo|Hydro Pump|p1a: Tyranitar|[miss]\n|-miss|p2a: Ludicolo|p1a: Tyranitar\n|\n|-weather|Sandstorm|[upkeep]\n|-damage|p2a: Ludicolo|26/290|[from] Sandstorm\n|-heal|p1a: Tyranitar|100/100 tox|[from] item: Leftovers\n|-damage|p1a: Tyranitar|95/100 tox|[from] psn\n|upkeep\n|turn|22\n|inactive|Time left: 300 sec this turn | 300 sec total\n|\n|t:|1783562194\n|move|p2a: Ludicolo|Hydro Pump|p1a: Tyranitar\n|-supereffective|p1a: Tyranitar\n|-damage|p1a: Tyranitar|6/100 tox\n|move|p1a: Tyranitar|Thunder Wave|p2a: Ludicolo\n|-status|p2a: Ludicolo|par\n|\n|-weather|none\n|-heal|p1a: Tyranitar|12/100 tox|[from] item: Leftovers\n|-damage|p1a: Tyranitar|0 fnt|[from] psn\n|faint|p1a: Tyranitar\n|upkeep\n|\n|t:|1783562195\n|switch|p1a: Slither Wing|Slither Wing, L81|23/100\n|turn|23\n|inactive|Time left: 300 sec this turn | 300 sec total\n|\n|t:|1783562196\n|move|p1a: Slither Wing|Morning Sun|p1a: Slither Wing\n|-heal|p1a: Slither Wing|73/100\n|move|p2a: Ludicolo|Hydro Pump|p1a: Slither Wing|[miss]\n|-miss|p2a: Ludicolo|p1a: Slither Wing\n|\n|upkeep\n|turn|24\n|inactive|Time left: 300 sec this turn | 300 sec total\n|\n|t:|1783562197\n|move|p1a: Slither Wing|Morning Sun|p1a: Slither Wing\n|-heal|p1a: Slither Wing|100/100\n|cant|p2a: Ludicolo|par\n|\n|upkeep\n|turn|25\n|inactive|Time left: 300 sec this turn | 300 sec total\n|\n|t:|1783562198\n|move|p1a: Slither Wing|U-turn|p2a: Ludicolo\n|-supereffective|p2a: Ludicolo\n|-damage|p2a: Ludicolo|0 fnt\n|faint|p2a: Ludicolo\n|\n|upkeep\n|inactive|Time left: 300 sec this turn | 300 sec total | 5 sec grace\n|\n|t:|1783562199\n|switch|p2a: Swalot|Swalot, L90, M|243/326\n|-damage|p2a: Swalot|203/326|[from] Stealth Rock\n|turn|26\n|inactive|Time left: 300 sec this turn | 300 sec total\n|\n|t:|1783562200\n|move|p1a: Slither Wing|Will-O-Wisp|p2a: Swalot|[miss]\n|-miss|p1a: Slither Wing|p2a: Swalot\n|move|p2a: Swalot|Toxic|p1a: Slither Wing\n|-status|p1a: Slither Wing|tox\n|\n|-heal|p2a: Swalot|223/326|[from] item: Leftovers\n|-damage|p1a: Slither Wing|95/100 tox|[from] psn\n|upkeep\n|turn|27\n|inactive|Time left: 300 sec this turn | 300 sec total\n|\n|t:|1783562201\n|move|p1a: Slither Wing|Will-O-Wisp|p2a: Swalot\n|-status|p2a: Swalot|brn\n|move|p2a: Swalot|Sludge Bomb|p1a: Slither Wing\n|-damage|p1a: Slither Wing|66/100 tox\n|\n|-heal|p2a: Swalot|243/326 brn|[from] item: Leftovers\n|-damage|p1a: Slither Wing|55/100 tox|[from] psn\n|-damage|p2a: Swalot|223/326 brn|[from] brn\n|upkeep\n|turn|28\n|inactive|Time left: 300 sec this turn | 300 sec total\n|\n|t:|1783562202\n|move|p1a: Slither Wing|Morning Sun|p1a: Slither Wing\n|-heal|p1a: Slither Wing|100/100 tox\n|move|p2a: Swalot|Sludge Bomb|p1a: Slither Wing\n|-damage|p1a: Slither Wing|68/100 tox\n|\n|-heal|p2a: Swalot|243/326 brn|[from] item: Leftovers\n|-damage|p1a: Slither Wing|50/100 tox|[from] psn\n|-damage|p2a: Swalot|223/326 brn|[from] brn\n|upkeep\n|turn|29\n|inactive|Time left: 300 sec this turn | 300 sec total\n|\n|t:|1783562203\n|move|p1a: Slither Wing|Morning Sun|p1a: Slither Wing\n|-heal|p1a: Slither Wing|99/100 tox\n|move|p2a: Swalot|Sludge Bomb|p1a: Slither Wing\n|-crit|p1a: Slither Wing\n|-damage|p1a: Slither Wing|56/100 tox\n|\n|-heal|p2a: Swalot|243/326 brn|[from] item: Leftovers\n|-damage|p1a: Slither Wing|32/100 tox|[from] psn\n|-damage|p2a: Swalot|223/326 brn|[from] brn\n|upkeep\n|turn|30\n|inactive|Time left: 300 sec this turn | 300 sec total\n|\n|t:|1783562204\n|move|p1a: Slither Wing|Morning Sun|p1a: Slither Wing\n|-heal|p1a: Slither Wing|82/100 tox\n|move|p2a: Swalot|Sludge Bomb|p1a: Slither Wing\n|-damage|p1a: Slither Wing|53/100 tox\n|\n|-heal|p2a: Swalot|243/326 brn|[from] item: Leftovers\n|-damage|p1a: Slither Wing|23/100 tox|[from] psn\n|-damage|p2a: Swalot|223/326 brn|[from] brn\n|upkeep\n|turn|31\n|inactive|Time left: 300 sec this turn | 300 sec total\n|\n|t:|1783562205\n|move|p1a: Slither Wing|Close Combat|p2a: Swalot\n|-resisted|p2a: Swalot\n|-damage|p2a: Swalot|150/326 brn\n|-unboost|p1a: Slither Wing|def|1\n|-unboost|p1a: Slither Wing|spd|1\n|move|p2a: Swalot|Sludge Bomb|p1a: Slither Wing\n|-damage|p1a: Slither Wing|0 fnt\n|faint|p1a: Slither Wing\n|-end|p1a: Slither Wing|Protosynthesis|[silent]\n|\n|win|p0y1916bfc0", "uploadtime": 1783562205, "views": 0, "rating": 0, "private": 0, "password": null, "_winner": "p0y1916bfc0", "_our_name": "p0y1916bfc0"}