{"id": "battle-gen9randombattle-1652", "formatid": "gen9randombattle", "format": "[Gen 9] Random Battle", "players": ["p0x1652bbff", "p0y16529a4e"], "log": "|init|battle\n|title|p0x1652bbff vs. p0y16529a4e\n|j|\u2606p0x1652bbff\n|j|\u2606p0y16529a4e\n|t:|1783558387\n|gametype|singles\n|player|p1|p0x1652bbff|266|\n|player|p2|p0y16529a4e|266|\n|gen|9\n|tier|[Gen 9] Random Battle\n|rule|Species Clause: Limit one of each Pok\u00e9mon\n|rule|HP Percentage Mod: HP is shown in percentages\n|rule|Sleep Clause Mod: Limit one foe put to sleep\n|rule|Illusion Level Mod: Illusion disguises the Pok\u00e9mon's true level\n|\n|t:|1783558387\n|teamsize|p1|6\n|teamsize|p2|6\n|start\n|switch|p1a: Camerupt|Camerupt, L91, M|100/100\n|switch|p2a: Toxicroak|Toxicroak, L84, F|277/277\n|turn|1\n|inactive|Battle timer is ON: inactive players will automatically lose when time's up. (requested by p0y16529a4e)\n|inactive|p0x1652bbff also wants the timer to be on.\n|\n|t:|1783558389\n|move|p2a: Toxicroak|Close Combat|p1a: Camerupt\n|-damage|p1a: Camerupt|35/100\n|-unboost|p2a: Toxicroak|def|1\n|-unboost|p2a: Toxicroak|spd|1\n|-damage|p2a: Toxicroak|250/277|[from] item: Life Orb\n|move|p1a: Camerupt|Earthquake|p2a: Toxicroak\n|-supereffective|p2a: Toxicroak\n|-damage|p2a: Toxicroak|0 fnt\n|faint|p2a: Toxicroak\n|\n|-heal|p1a: Camerupt|42/100|[from] item: Leftovers\n|upkeep\n|inactive|Time left: 300 sec this turn | 300 sec total | 65 sec grace\n|\n|t:|1783558390\n|switch|p2a: Rillaboom|Rillaboom, L79, F|288/288\n|-fieldstart|move: Grassy Terrain|[from] ability: Grassy Surge|[of] p2a: Rillaboom\n|turn|2\n|inactive|Time left: 300 sec this turn | 300 sec total\n|\n|t:|1783558391\n|switch|p1a: Dipplin|Dipplin, L88, M|100/100\n|move|p2a: Rillaboom|Wood Hammer|p1a: Dipplin\n|-resisted|p1a: Dipplin\n|-damage|p1a: Dipplin|89/100\n|-damage|p2a: Rillaboom|277/288|[from] Recoil\n|\n|-heal|p2a: Rillaboom|288/288|[from] Grassy Terrain\n|-heal|p1a: Dipplin|95/100|[from] Grassy Terrain\n|upkeep\n|turn|3\n|inactive|Time left: 300 sec this turn | 300 sec total\n|\n|t:|1783558392\n|move|p2a: Rillaboom|Wood Hammer|p1a: Dipplin\n|-resisted|p1a: Dipplin\n|-damage|p1a: Dipplin|82/100\n|-damage|p2a: Rillaboom|276/288|[from] Recoil\n|move|p1a: Dipplin|Dragon Pulse|p2a: Rillaboom\n|-damage|p2a: Rillaboom|162/288\n|\n|-heal|p2a: Rillaboom|180/288|[from] Grassy Terrain\n|-heal|p1a: Dipplin|88/100|[from] Grassy Terrain\n|upkeep\n|turn|4\n|inactive|Time left: 300 sec this turn | 300 sec total\n|\n|t:|1783558393\n|move|p2a: Rillaboom|Wood Hammer|p1a: Dipplin\n|-resisted|p1a: Dipplin\n|-damage|p1a: Dipplin|76/100\n|-damage|p2a: Rillaboom|169/288|[from] Recoil\n|move|p1a: Dipplin|Giga Drain|p2a: Rillaboom\n|-resisted|p2a: Rillaboom\n|-damage|p2a: Rillaboom|97/288\n|-heal|p1a: Dipplin|89/100|[from] drain|[of] p2a: Rillaboom\n|\n|-heal|p2a: Rillaboom|115/288|[from] Grassy Terrain\n|-heal|p1a: Dipplin|95/100|[from] Grassy Terrain\n|upkeep\n|turn|5\n|inactive|Time left: 300 sec this turn | 300 sec total\n|\n|t:|1783558393\n|switch|p2a: Oricorio|Oricorio-Pa'u, L87, M|272/272\n|move|p1a: Dipplin|Dragon Pulse|p2a: Oricorio\n|-damage|p2a: Oricorio|167/272\n|\n|-heal|p1a: Dipplin|100/100|[from] Grassy Terrain\n|upkeep\n|turn|6\n|inactive|Time left: 300 sec this turn | 300 sec total\n|\n|t:|1783558395\n|move|p2a: Oricorio|Quiver Dance|p2a: Oricorio\n|-boost|p2a: Oricorio|spa|1\n|-boost|p2a: Oricorio|spd|1\n|-boost|p2a: Oricorio|spe|1\n|move|p1a: Dipplin|Dragon Pulse|p2a: Oricorio\n|-damage|p2a: Oricorio|89/272\n|\n|-fieldend|move: Grassy Terrain\n|upkeep\n|turn|7\n|inactive|Time left: 300 sec this turn | 300 sec total\n|\n|t:|1783558395\n|move|p2a: Oricorio|Roost|p2a: Oricorio\n|-heal|p2a: Oricorio|225/272\n|-singleturn|p2a: Oricorio|move: Roost\n|move|p1a: Dipplin|Dragon Tail|p2a: Oricorio\n|-damage|p2a: Oricorio|159/272\n|drag|p2a: Toucannon|Toucannon, L88, M|284/284\n|\n|upkeep\n|turn|8\n|inactive|Time left: 300 sec this turn | 300 sec total\n|\n|t:|1783558396\n|-singleturn|p2a: Toucannon|move: Beak Blast\n|move|p1a: Dipplin|Dragon Pulse|p2a: Toucannon\n|-damage|p2a: Toucannon|178/284\n|move|p2a: Toucannon|Beak Blast|p1a: Dipplin\n|-supereffective|p1a: Dipplin\n|-damage|p1a: Dipplin|51/100\n|\n|upkeep\n|turn|9\n|inactive|Time left: 300 sec this turn | 300 sec total\n|\n|t:|1783558398\n|-singleturn|p2a: Toucannon|move: Beak Blast\n|move|p1a: Dipplin|Recover|p1a: Dipplin\n|-heal|p1a: Dipplin|100/100\n|move|p2a: Toucannon|Beak Blast|p1a: Dipplin\n|-supereffective|p1a: Dipplin\n|-damage|p1a: Dipplin|46/100\n|\n|upkeep\n|turn|10\n|inactive|Time left: 300 sec this turn | 300 sec total\n|\n|t:|1783558398\n|-singleturn|p2a: Toucannon|move: Beak Blast\n|move|p1a: Dipplin|Recover|p1a: Dipplin\n|-heal|p1a: Dipplin|96/100\n|move|p2a: Toucannon|Beak Blast|p1a: Dipplin\n|-supereffective|p1a: Dipplin\n|-damage|p1a: Dipplin|43/100\n|\n|upkeep\n|turn|11\n|inactive|Time left: 300 sec this turn | 300 sec total\n|\n|t:|1783558400\n|-singleturn|p2a: Toucannon|move: Beak Blast\n|move|p1a: Dipplin|Recover|p1a: Dipplin\n|-heal|p1a: Dipplin|93/100\n|move|p2a: Toucannon|Beak Blast|p1a: Dipplin\n|-supereffective|p1a: Dipplin\n|-damage|p1a: Dipplin|42/100\n|\n|upkeep\n|turn|12\n|inactive|Time left: 300 sec this turn | 300 sec total\n|\n|t:|1783558401\n|-singleturn|p2a: Toucannon|move: Beak Blast\n|move|p1a: Dipplin|Recover|p1a: Dipplin\n|-heal|p1a: Dipplin|92/100\n|move|p2a: Toucannon|Beak Blast|p1a: Dipplin\n|-supereffective|p1a: Dipplin\n|-damage|p1a: Dipplin|39/100\n|\n|upkeep\n|turn|13\n|inactive|Time left: 300 sec this turn | 300 sec total\n|\n|t:|1783558402\n|-singleturn|p2a: Toucannon|move: Beak Blast\n|move|p1a: Dipplin|Recover|p1a: Dipplin\n|-heal|p1a: Dipplin|89/100\n|move|p2a: Toucannon|Beak Blast|p1a: Dipplin\n|-supereffective|p1a: Dipplin\n|-damage|p1a: Dipplin|41/100\n|\n|upkeep\n|turn|14\n|inactive|Time left: 300 sec this turn | 300 sec total\n|\n|t:|1783558403\n|-singleturn|p2a: Toucannon|move: Beak Blast\n|move|p1a: Dipplin|Recover|p1a: Dipplin\n|-heal|p1a: Dipplin|91/100\n|move|p2a: Toucannon|Beak Blast|p1a: Dipplin\n|-supereffective|p1a: Dipplin\n|-damage|p1a: Dipplin|43/100\n|\n|upkeep\n|turn|15\n|inactive|Time left: 300 sec this turn | 300 sec total\n|\n|t:|1783558404\n|-singleturn|p2a: Toucannon|move: Beak Blast\n|move|p1a: Dipplin|Recover|p1a: Dipplin\n|-heal|p1a: Dipplin|93/100\n|move|p2a: Toucannon|Beak Blast|p1a: Dipplin\n|-supereffective|p1a: Dipplin\n|-damage|p1a: Dipplin|45/100\n|\n|upkeep\n|turn|16\n|inactive|Time left: 300 sec this turn | 300 sec total\n|\n|t:|1783558405\n|-singleturn|p2a: Toucannon|move: Beak Blast\n|move|p1a: Dipplin|Recover|p1a: Dipplin\n|-heal|p1a: Dipplin|95/100\n|move|p2a: Toucannon|Beak Blast|p1a: Dipplin\n|-supereffective|p1a: Dipplin\n|-damage|p1a: Dipplin|42/100\n|\n|upkeep\n|turn|17\n|inactive|Time left: 300 sec this turn | 300 sec total\n|\n|t:|1783558406\n|-singleturn|p2a: Toucannon|move: Beak Blast\n|move|p1a: Dipplin|Dragon Pulse|p2a: Toucannon\n|-damage|p2a: Toucannon|66/284\n|move|p2a: Toucannon|Beak Blast|p1a: Dipplin\n|-supereffective|p1a: Dipplin\n|-damage|p1a: Dipplin|0 fnt\n|faint|p1a: Dipplin\n|\n|upkeep\n|\n|t:|1783558407\n|switch|p1a: Staraptor|Staraptor, L79, M|100/100\n|turn|18\n|inactive|Time left: 300 sec this turn | 300 sec total\n|\n|t:|1783558408\n|move|p1a: Staraptor|Brave Bird|p2a: Toucannon\n|-damage|p2a: Toucannon|0 fnt\n|faint|p2a: Toucannon\n|-damage|p1a: Staraptor|92/100|[from] Recoil\n|\n|upkeep\n|inactive|Time left: 300 sec this turn | 300 sec total | 5 sec grace\n|\n|t:|1783558409\n|switch|p2a: Jolteon|Jolteon, L84, F|246/246\n|turn|19\n|inactive|Time left: 300 sec this turn | 300 sec total\n|\n|t:|1783558410\n|switch|p1a: Revavroom|Revavroom, L79, F|100/100\n|move|p2a: Jolteon|Thunderbolt|p1a: Revavroom\n|-crit|p1a: Revavroom\n|-damage|p1a: Revavroom|0 fnt\n|faint|p1a: Revavroom\n|\n|upkeep\n|\n|t:|1783558411\n|switch|p1a: Camerupt|Camerupt, L91, M|42/100\n|turn|20\n|inactive|Time left: 300 sec this turn | 300 sec total\n|\n|t:|1783558412\n|switch|p2a: Oricorio|Oricorio-Pa'u, L87, M|159/272\n|move|p1a: Camerupt|Earthquake|p2a: Oricorio\n|-immune|p2a: Oricorio\n|\n|-heal|p1a: Camerupt|48/100|[from] item: Leftovers\n|upkeep\n|turn|21\n|inactive|Time left: 300 sec this turn | 300 sec total\n|\n|t:|1783558413\n|switch|p1a: Bombirdier|Bombirdier, L85, F|100/100\n|move|p2a: Oricorio|Quiver Dance|p2a: Oricorio\n|-boost|p2a: Oricorio|spa|1\n|-boost|p2a: Oricorio|spd|1\n|-boost|p2a: Oricorio|spe|1\n|\n|upkeep\n|turn|22\n|inactive|Time left: 300 sec this turn | 300 sec total\n|\n|t:|1783558414\n|move|p2a: Oricorio|Roost|p2a: Oricorio\n|-heal|p2a: Oricorio|272/272\n|-singleturn|p2a: Oricorio|move: Roost\n|move|p1a: Bombirdier|Knock Off|p2a: Oricorio\n|-supereffective|p2a: Oricorio\n|-damage|p2a: Oricorio|0 fnt\n|-enditem|p2a: Oricorio|Heavy-Duty Boots|[from] move: Knock Off|[of] p1a: Bombirdier\n|faint|p2a: Oricorio\n|\n|upkeep\n|inactive|Time left: 300 sec this turn | 300 sec total | 5 sec grace\n|\n|t:|1783558415\n|switch|p2a: Azumarill|Azumarill, L82, F|298/298\n|turn|23\n|inactive|Time left: 300 sec this turn | 300 sec total\n|\n|t:|1783558416\n|move|p1a: Bombirdier|Knock Off|p2a: Azumarill\n|-resisted|p2a: Azumarill\n|-damage|p2a: Azumarill|232/298\n|-enditem|p2a: Azumarill|Sitrus Berry|[from] move: Knock Off|[of] p1a: Bombirdier\n|move|p2a: Azumarill|Play Rough|p1a: Bombirdier\n|-supereffective|p1a: Bombirdier\n|-damage|p1a: Bombirdier|9/100\n|\n|upkeep\n|turn|24\n|inactive|Time left: 300 sec this turn | 300 sec total\n|\n|t:|1783558417\n|move|p2a: Azumarill|Aqua Jet|p1a: Bombirdier\n|-damage|p1a: Bombirdier|0 fnt\n|faint|p1a: Bombirdier\n|\n|upkeep\n|\n|t:|1783558418\n|switch|p1a: Staraptor|Staraptor, L79, M|92/100\n|turn|25\n|inactive|Time left: 300 sec this turn | 300 sec total\n|\n|t:|1783558419\n|move|p2a: Azumarill|Aqua Jet|p1a: Staraptor\n|-damage|p1a: Staraptor|68/100\n|move|p1a: Staraptor|Double-Edge|p2a: Azumarill\n|-damage|p2a: Azumarill|0 fnt\n|faint|p2a: Azumarill\n|-damage|p1a: Staraptor|39/100|[from] Recoil\n|\n|upkeep\n|inactive|Time left: 300 sec this turn | 300 sec total | 5 sec grace\n|\n|t:|1783558420\n|switch|p2a: Jolteon|Jolteon, L84, F|246/246\n|turn|26\n|inactive|Time left: 300 sec this turn | 300 sec total\n|\n|t:|1783558421\n|switch|p1a: Camerupt|Camerupt, L91, M|48/100\n|move|p2a: Jolteon|Alluring Voice|p1a: Camerupt\n|-resisted|p1a: Camerupt\n|-damage|p1a: Camerupt|30/100\n|\n|-heal|p1a: Camerupt|36/100|[from] item: Leftovers\n|upkeep\n|turn|27\n|inactive|Time left: 300 sec this turn | 300 sec total\n|\n|t:|1783558422\n|switch|p2a: Rillaboom|Rillaboom, L79, F|115/288\n|-fieldstart|move: Grassy Terrain|[from] ability: Grassy Surge|[of] p2a: Rillaboom\n|move|p1a: Camerupt|Earthquake|p2a: Rillaboom\n|-resisted|p2a: Rillaboom\n|-damage|p2a: Rillaboom|80/288\n|\n|-heal|p2a: Rillaboom|98/288|[from] Grassy Terrain\n|-heal|p1a: Camerupt|42/100|[from] Grassy Terrain\n|-heal|p1a: Camerupt|48/100|[from] item: Leftovers\n|upkeep\n|turn|28\n|inactive|Time left: 300 sec this turn | 300 sec total\n|\n|t:|1783558423\n|move|p2a: Rillaboom|Grassy Glide|p1a: Camerupt\n|-damage|p1a: Camerupt|0 fnt\n|faint|p1a: Camerupt\n|\n|-heal|p2a: Rillaboom|116/288|[from] Grassy Terrain\n|upkeep\n|\n|t:|1783558423\n|switch|p1a: Pawmot|Pawmot, L80, M|100/100\n|turn|29\n|inactive|Time left: 300 sec this turn | 300 sec total\n|\n|t:|1783558424\n|move|p2a: Rillaboom|Grassy Glide|p1a: Pawmot\n|-damage|p1a: Pawmot|41/100\n|move|p1a: Pawmot|Nuzzle|p2a: Rillaboom\n|-resisted|p2a: Rillaboom\n|-damage|p2a: Rillaboom|104/288\n|-status|p2a: Rillaboom|par\n|\n|-heal|p1a: Pawmot|47/100|[from] Grassy Terrain\n|-heal|p2a: Rillaboom|122/288 par|[from] Grassy Terrain\n|upkeep\n|turn|30\n|inactive|Time left: 300 sec this turn | 300 sec total\n|\n|t:|1783558425\n|switch|p1a: Staraptor|Staraptor, L79, M|39/100\n|move|p2a: Rillaboom|Grassy Glide|p1a: Staraptor\n|-resisted|p1a: Staraptor\n|-damage|p1a: Staraptor|7/100\n|\n|-heal|p2a: Rillaboom|140/288 par|[from] Grassy Terrain\n|upkeep\n|turn|31\n|inactive|Time left: 300 sec this turn | 300 sec total\n|\n|t:|1783558427\n|switch|p1a: Pawmot|Pawmot, L80, M|47/100\n|move|p2a: Rillaboom|Grassy Glide|p1a: Pawmot\n|-damage|p1a: Pawmot|0 fnt\n|faint|p1a: Pawmot\n|\n|-heal|p2a: Rillaboom|158/288 par|[from] Grassy Terrain\n|-fieldend|move: Grassy Terrain\n|upkeep\n|\n|t:|1783558427\n|switch|p1a: Staraptor|Staraptor, L79, M|7/100\n|turn|32\n|inactive|Time left: 300 sec this turn | 300 sec total\n|\n|t:|1783558428\n|-terastallize|p2a: Rillaboom|Grass\n|move|p1a: Staraptor|U-turn|p2a: Rillaboom\n|-supereffective|p2a: Rillaboom\n|-damage|p2a: Rillaboom|0 fnt\n|faint|p2a: Rillaboom\n|\n|upkeep\n|inactive|Time left: 300 sec this turn | 300 sec total | 5 sec grace\n|\n|t:|1783558429\n|switch|p2a: Jolteon|Jolteon, L84, F|246/246\n|turn|33\n|inactive|Time left: 300 sec this turn | 300 sec total\n|\n|t:|1783558430\n|move|p2a: Jolteon|Alluring Voice|p1a: Staraptor\n|-damage|p1a: Staraptor|0 fnt\n|faint|p1a: Staraptor\n|\n|win|p0y16529a4e", "uploadtime": 1783558430, "views": 0, "rating": 0, "private": 0, "password": null, "_winner": "p0y16529a4e", "_our_name": "p0y16529a4e"}