{"id": "battle-gen9randombattle-2542", "formatid": "gen9randombattle", "format": "[Gen 9] Random Battle", "players": ["p0x25421b5d", "p0y254243f7"], "log": "|init|battle\n|title|p0x25421b5d vs. p0y254243f7\n|j|\u2606p0x25421b5d\n|j|\u2606p0y254243f7\n|t:|1783568455\n|gametype|singles\n|player|p1|p0x25421b5d|2|\n|player|p2|p0y254243f7|2|\n|gen|9\n|tier|[Gen 9] Random Battle\n|rule|Species Clause: Limit one of each Pok\u00e9mon\n|rule|HP Percentage Mod: HP is shown in percentages\n|rule|Sleep Clause Mod: Limit one foe put to sleep\n|rule|Illusion Level Mod: Illusion disguises the Pok\u00e9mon's true level\n|\n|t:|1783568455\n|teamsize|p1|6\n|teamsize|p2|6\n|start\n|switch|p1a: Oricorio|Oricorio-Sensu, L85, M|266/266\n|switch|p2a: Venusaur|Venusaur, L84, F|100/100\n|turn|1\n|inactive|Battle timer is ON: inactive players will automatically lose when time's up. (requested by p0x25421b5d)\n|inactive|p0y254243f7 also wants the timer to be on.\n|\n|t:|1783568457\n|switch|p2a: Ursaluna|Ursaluna, L79, M|100/100\n|move|p1a: Oricorio|Quiver Dance|p1a: Oricorio\n|-boost|p1a: Oricorio|spa|1\n|-boost|p1a: Oricorio|spd|1\n|-boost|p1a: Oricorio|spe|1\n|\n|-status|p2a: Ursaluna|brn|[from] item: Flame Orb\n|upkeep\n|turn|2\n|inactive|Time left: 300 sec this turn | 300 sec total\n|\n|t:|1783568458\n|switch|p2a: Enamorus|Enamorus-Therian, L83, F|100/100\n|move|p1a: Oricorio|Hurricane|p2a: Enamorus\n|-crit|p2a: Enamorus\n|-damage|p2a: Enamorus|7/100\n|\n|upkeep\n|turn|3\n|inactive|Time left: 300 sec this turn | 300 sec total\n|\n|t:|1783568459\n|move|p1a: Oricorio|Quiver Dance|p1a: Oricorio\n|-boost|p1a: Oricorio|spa|1\n|-boost|p1a: Oricorio|spd|1\n|-boost|p1a: Oricorio|spe|1\n|move|p2a: Enamorus|Mystical Fire|p1a: Oricorio\n|-damage|p1a: Oricorio|203/266\n|-unboost|p1a: Oricorio|spa|1\n|\n|upkeep\n|turn|4\n|inactive|Time left: 300 sec this turn | 300 sec total\n|\n|t:|1783568460\n|move|p1a: Oricorio|Quiver Dance|p1a: Oricorio\n|-boost|p1a: Oricorio|spa|1\n|-boost|p1a: Oricorio|spd|1\n|-boost|p1a: Oricorio|spe|1\n|move|p2a: Enamorus|Mystical Fire|p1a: Oricorio\n|-damage|p1a: Oricorio|155/266\n|-unboost|p1a: Oricorio|spa|1\n|\n|upkeep\n|turn|5\n|inactive|Time left: 300 sec this turn | 300 sec total\n|\n|t:|1783568461\n|move|p1a: Oricorio|Quiver Dance|p1a: Oricorio\n|-boost|p1a: Oricorio|spa|1\n|-boost|p1a: Oricorio|spd|1\n|-boost|p1a: Oricorio|spe|1\n|move|p2a: Enamorus|Mystical Fire|p1a: Oricorio\n|-damage|p1a: Oricorio|112/266\n|-unboost|p1a: Oricorio|spa|1\n|\n|upkeep\n|turn|6\n|inactive|Time left: 300 sec this turn | 300 sec total\n|\n|t:|1783568462\n|move|p1a: Oricorio|Roost|p1a: Oricorio\n|-heal|p1a: Oricorio|245/266\n|-singleturn|p1a: Oricorio|move: Roost\n|move|p2a: Enamorus|Mystical Fire|p1a: Oricorio\n|-damage|p1a: Oricorio|207/266\n|-unboost|p1a: Oricorio|spa|1\n|\n|upkeep\n|turn|7\n|inactive|Time left: 300 sec this turn | 300 sec total\n|\n|t:|1783568463\n|move|p1a: Oricorio|Quiver Dance|p1a: Oricorio\n|-boost|p1a: Oricorio|spa|1\n|-boost|p1a: Oricorio|spd|1\n|-boost|p1a: Oricorio|spe|1\n|move|p2a: Enamorus|Mystical Fire|p1a: Oricorio\n|-damage|p1a: Oricorio|174/266\n|-unboost|p1a: Oricorio|spa|1\n|\n|upkeep\n|turn|8\n|inactive|Time left: 300 sec this turn | 300 sec total\n|\n|t:|1783568464\n|move|p1a: Oricorio|Quiver Dance|p1a: Oricorio\n|-boost|p1a: Oricorio|spa|1\n|-boost|p1a: Oricorio|spd|1\n|-boost|p1a: Oricorio|spe|1\n|move|p2a: Enamorus|Mystical Fire|p1a: Oricorio\n|-damage|p1a: Oricorio|145/266\n|-unboost|p1a: Oricorio|spa|1\n|\n|upkeep\n|turn|9\n|inactive|Time left: 300 sec this turn | 300 sec total\n|\n|t:|1783568465\n|move|p1a: Oricorio|Quiver Dance|p1a: Oricorio\n|-boost|p1a: Oricorio|spa|1\n|-boost|p1a: Oricorio|spd|0\n|-boost|p1a: Oricorio|spe|0\n|move|p2a: Enamorus|Mystical Fire|p1a: Oricorio\n|-damage|p1a: Oricorio|115/266\n|-unboost|p1a: Oricorio|spa|1\n|\n|upkeep\n|turn|10\n|inactive|Time left: 300 sec this turn | 300 sec total\n|\n|t:|1783568466\n|move|p1a: Oricorio|Hurricane|p2a: Enamorus\n|-damage|p2a: Enamorus|0 fnt\n|faint|p2a: Enamorus\n|\n|upkeep\n|\n|t:|1783568467\n|switch|p2a: Ursaluna|Ursaluna, L79, M|100/100 brn\n|turn|11\n|inactive|Time left: 300 sec this turn | 300 sec total\n|\n|t:|1783568468\n|move|p1a: Oricorio|Hurricane|p2a: Ursaluna\n|-damage|p2a: Ursaluna|55/100 brn\n|move|p2a: Ursaluna|Trailblaze|p1a: Oricorio\n|-resisted|p1a: Oricorio\n|-damage|p1a: Oricorio|77/266\n|-boost|p2a: Ursaluna|spe|1\n|\n|-damage|p2a: Ursaluna|49/100 brn|[from] brn\n|upkeep\n|turn|12\n|inactive|Time left: 300 sec this turn | 300 sec total\n|\n|t:|1783568469\n|switch|p2a: Chansey|Chansey, L85, F|100/100\n|-terastallize|p1a: Oricorio|Fighting\n|move|p1a: Oricorio|Revelation Dance|p2a: Chansey\n|-supereffective|p2a: Chansey\n|-crit|p2a: Chansey\n|-damage|p2a: Chansey|68/100\n|\n|upkeep\n|turn|13\n|inactive|Time left: 300 sec this turn | 300 sec total\n|\n|t:|1783568470\n|move|p1a: Oricorio|Roost|p1a: Oricorio\n|-heal|p1a: Oricorio|210/266\n|move|p2a: Chansey|Soft-Boiled|p2a: Chansey\n|-heal|p2a: Chansey|100/100\n|\n|upkeep\n|turn|14\n|inactive|Time left: 300 sec this turn | 300 sec total\n|\n|t:|1783568471\n|move|p1a: Oricorio|Quiver Dance|p1a: Oricorio\n|-boost|p1a: Oricorio|spa|1\n|-boost|p1a: Oricorio|spd|0\n|-boost|p1a: Oricorio|spe|0\n|move|p2a: Chansey|Seismic Toss|p1a: Oricorio\n|-damage|p1a: Oricorio|125/266\n|\n|upkeep\n|turn|15\n|inactive|Time left: 300 sec this turn | 300 sec total\n|\n|t:|1783568472\n|move|p1a: Oricorio|Roost|p1a: Oricorio\n|-heal|p1a: Oricorio|258/266\n|move|p2a: Chansey|Seismic Toss|p1a: Oricorio\n|-damage|p1a: Oricorio|173/266\n|\n|upkeep\n|turn|16\n|inactive|Time left: 300 sec this turn | 300 sec total\n|\n|t:|1783568473\n|move|p1a: Oricorio|Hurricane|p2a: Chansey\n|-damage|p2a: Chansey|81/100\n|move|p2a: Chansey|Seismic Toss|p1a: Oricorio\n|-damage|p1a: Oricorio|88/266\n|\n|upkeep\n|turn|17\n|inactive|Time left: 300 sec this turn | 300 sec total\n|\n|t:|1783568474\n|move|p1a: Oricorio|Roost|p1a: Oricorio\n|-heal|p1a: Oricorio|221/266\n|move|p2a: Chansey|Seismic Toss|p1a: Oricorio\n|-damage|p1a: Oricorio|136/266\n|\n|upkeep\n|turn|18\n|inactive|Time left: 300 sec this turn | 300 sec total\n|\n|t:|1783568475\n|move|p1a: Oricorio|Roost|p1a: Oricorio\n|-heal|p1a: Oricorio|266/266\n|move|p2a: Chansey|Seismic Toss|p1a: Oricorio\n|-damage|p1a: Oricorio|181/266\n|\n|upkeep\n|turn|19\n|inactive|Time left: 300 sec this turn | 300 sec total\n|\n|t:|1783568476\n|move|p1a: Oricorio|Roost|p1a: Oricorio\n|-heal|p1a: Oricorio|266/266\n|move|p2a: Chansey|Seismic Toss|p1a: Oricorio\n|-damage|p1a: Oricorio|181/266\n|\n|upkeep\n|turn|20\n|inactive|Time left: 300 sec this turn | 300 sec total\n|\n|t:|1783568477\n|move|p1a: Oricorio|Quiver Dance|p1a: Oricorio\n|-boost|p1a: Oricorio|spa|1\n|-boost|p1a: Oricorio|spd|0\n|-boost|p1a: Oricorio|spe|0\n|move|p2a: Chansey|Seismic Toss|p1a: Oricorio\n|-damage|p1a: Oricorio|96/266\n|\n|upkeep\n|turn|21\n|inactive|Time left: 300 sec this turn | 300 sec total\n|\n|t:|1783568478\n|move|p1a: Oricorio|Roost|p1a: Oricorio\n|-heal|p1a: Oricorio|229/266\n|move|p2a: Chansey|Seismic Toss|p1a: Oricorio\n|-damage|p1a: Oricorio|144/266\n|\n|upkeep\n|turn|22\n|inactive|Time left: 300 sec this turn | 300 sec total\n|\n|t:|1783568478\n|move|p1a: Oricorio|Roost|p1a: Oricorio\n|-heal|p1a: Oricorio|266/266\n|move|p2a: Chansey|Seismic Toss|p1a: Oricorio\n|-damage|p1a: Oricorio|181/266\n|\n|upkeep\n|turn|23\n|inactive|Time left: 300 sec this turn | 300 sec total\n|\n|t:|1783568479\n|move|p1a: Oricorio|Quiver Dance|p1a: Oricorio\n|-boost|p1a: Oricorio|spa|1\n|-boost|p1a: Oricorio|spd|0\n|-boost|p1a: Oricorio|spe|0\n|move|p2a: Chansey|Seismic Toss|p1a: Oricorio\n|-damage|p1a: Oricorio|96/266\n|\n|upkeep\n|turn|24\n|inactive|Time left: 300 sec this turn | 300 sec total\n|\n|t:|1783568480\n|-terastallize|p2a: Chansey|Ghost\n|move|p1a: Oricorio|Hurricane|p2a: Chansey\n|-damage|p2a: Chansey|52/100\n|-start|p2a: Chansey|confusion\n|-activate|p2a: Chansey|confusion\n|move|p2a: Chansey|Seismic Toss|p1a: Oricorio\n|-damage|p1a: Oricorio|11/266\n|\n|upkeep\n|turn|25\n|inactive|Time left: 300 sec this turn | 300 sec total\n|\n|t:|1783568482\n|move|p1a: Oricorio|Hurricane|p2a: Chansey\n|-damage|p2a: Chansey|18/100\n|-activate|p2a: Chansey|confusion\n|move|p2a: Chansey|Seismic Toss|p1a: Oricorio\n|-damage|p1a: Oricorio|0 fnt\n|faint|p1a: Oricorio\n|\n|upkeep\n|inactive|Time left: 300 sec this turn | 300 sec total | 5 sec grace\n|\n|t:|1783568483\n|switch|p1a: Slaking|Slaking, L84, M|389/389\n|turn|26\n|inactive|Time left: 300 sec this turn | 300 sec total\n|\n|t:|1783568484\n|move|p1a: Slaking|Earthquake|p2a: Chansey\n|-damage|p2a: Chansey|0 fnt\n|faint|p2a: Chansey\n|\n|upkeep\n|\n|t:|1783568485\n|switch|p2a: Volcarona|Volcarona, L77, F|100/100\n|turn|27\n|inactive|Time left: 300 sec this turn | 300 sec total\n|\n|t:|1783568486\n|switch|p1a: Vaporeon|Vaporeon, L86, M|364/364\n|move|p2a: Volcarona|Quiver Dance|p2a: Volcarona\n|-boost|p2a: Volcarona|spa|1\n|-boost|p2a: Volcarona|spd|1\n|-boost|p2a: Volcarona|spe|1\n|\n|upkeep\n|turn|28\n|inactive|Time left: 300 sec this turn | 300 sec total\n|\n|t:|1783568487\n|move|p2a: Volcarona|Quiver Dance|p2a: Volcarona\n|-boost|p2a: Volcarona|spa|1\n|-boost|p2a: Volcarona|spd|1\n|-boost|p2a: Volcarona|spe|1\n|move|p1a: Vaporeon|Flip Turn|p2a: Volcarona\n|-supereffective|p2a: Volcarona\n|-crit|p2a: Volcarona\n|-damage|p2a: Volcarona|23/100\n|inactive|Time left: 300 sec this turn | 300 sec total | 5 sec grace\n|\n|t:|1783568488\n|switch|p1a: Empoleon|Empoleon, L84, F|278/278|[from] Flip Turn\n|\n|upkeep\n|turn|29\n|inactive|Time left: 300 sec this turn | 300 sec total\n|\n|t:|1783568489\n|move|p2a: Volcarona|Giga Drain|p1a: Empoleon\n|-damage|p1a: Empoleon|170/278\n|-heal|p2a: Volcarona|44/100|[from] drain|[of] p1a: Empoleon\n|move|p1a: Empoleon|Surf|p2a: Volcarona\n|-supereffective|p2a: Volcarona\n|-damage|p2a: Volcarona|5/100\n|\n|-heal|p1a: Empoleon|187/278|[from] item: Leftovers\n|upkeep\n|turn|30\n|inactive|Time left: 300 sec this turn | 300 sec total\n|\n|t:|1783568491\n|move|p2a: Volcarona|Fire Blast|p1a: Empoleon\n|-damage|p1a: Empoleon|0 fnt\n|faint|p1a: Empoleon\n|\n|upkeep\n|inactive|Time left: 300 sec this turn | 300 sec total | 5 sec grace\n|\n|t:|1783568492\n|switch|p1a: Rillaboom|Rillaboom, L79, F|288/288\n|-fieldstart|move: Grassy Terrain|[from] ability: Grassy Surge|[of] p1a: Rillaboom\n|turn|31\n|inactive|Time left: 300 sec this turn | 300 sec total\n|\n|t:|1783568493\n|switch|p2a: Venusaur|Venusaur, L84, F|100/100\n|move|p1a: Rillaboom|Grassy Glide|p2a: Venusaur\n|-resisted|p2a: Venusaur\n|-damage|p2a: Venusaur|88/100\n|\n|-heal|p2a: Venusaur|95/100|[from] Grassy Terrain\n|-heal|p2a: Venusaur|100/100|[from] item: Leftovers\n|upkeep\n|turn|32\n|inactive|Time left: 300 sec this turn | 300 sec total\n|\n|t:|1783568494\n|switch|p1a: Slaking|Slaking, L84, M|389/389\n|move|p2a: Venusaur|Substitute|p2a: Venusaur\n|-start|p2a: Venusaur|Substitute\n|-damage|p2a: Venusaur|75/100\n|\n|-heal|p2a: Venusaur|82/100|[from] Grassy Terrain\n|-heal|p2a: Venusaur|88/100|[from] item: Leftovers\n|upkeep\n|turn|33\n|inactive|Time left: 300 sec this turn | 300 sec total\n|\n|t:|1783568495\n|move|p1a: Slaking|Giga Impact|p2a: Venusaur\n|-end|p2a: Venusaur|Substitute\n|-mustrecharge|p1a: Slaking\n|move|p2a: Venusaur|Sludge Bomb|p1a: Slaking\n|-damage|p1a: Slaking|275/389\n|\n|-heal|p1a: Slaking|299/389|[from] Grassy Terrain\n|-heal|p2a: Venusaur|94/100|[from] Grassy Terrain\n|-heal|p2a: Venusaur|100/100|[from] item: Leftovers\n|upkeep\n|turn|34\n|inactive|Time left: 300 sec this turn | 300 sec total\n|\n|t:|1783568496\n|cant|p1a: Slaking|recharge\n|move|p2a: Venusaur|Substitute|p2a: Venusaur\n|-start|p2a: Venusaur|Substitute\n|-damage|p2a: Venusaur|75/100\n|\n|-heal|p1a: Slaking|323/389|[from] Grassy Terrain\n|-heal|p2a: Venusaur|82/100|[from] Grassy Terrain\n|-heal|p2a: Venusaur|88/100|[from] item: Leftovers\n|upkeep\n|turn|35\n|inactive|Time left: 300 sec this turn | 300 sec total\n|\n|t:|1783568497\n|move|p1a: Slaking|Giga Impact|p2a: Venusaur\n|-end|p2a: Venusaur|Substitute\n|-mustrecharge|p1a: Slaking\n|move|p2a: Venusaur|Sludge Bomb|p1a: Slaking\n|-damage|p1a: Slaking|200/389\n|\n|-heal|p1a: Slaking|224/389|[from] Grassy Terrain\n|-heal|p2a: Venusaur|94/100|[from] Grassy Terrain\n|-heal|p2a: Venusaur|100/100|[from] item: Leftovers\n|-fieldend|move: Grassy Terrain\n|upkeep\n|turn|36\n|inactive|Time left: 300 sec this turn | 300 sec total\n|\n|t:|1783568499\n|cant|p1a: Slaking|recharge\n|move|p2a: Venusaur|Substitute|p2a: Venusaur\n|-start|p2a: Venusaur|Substitute\n|-damage|p2a: Venusaur|75/100\n|\n|-heal|p2a: Venusaur|82/100|[from] item: Leftovers\n|upkeep\n|turn|37\n|inactive|Time left: 300 sec this turn | 300 sec total\n|\n|t:|1783568500\n|switch|p1a: Snorlax|Snorlax, L82, M|397/397\n|move|p2a: Venusaur|Sludge Bomb|p1a: Snorlax\n|-damage|p1a: Snorlax|312/397\n|\n|-heal|p2a: Venusaur|88/100|[from] item: Leftovers\n|-heal|p1a: Snorlax|336/397|[from] item: Leftovers\n|upkeep\n|turn|38\n|inactive|Time left: 300 sec this turn | 300 sec total\n|\n|t:|1783568501\n|move|p2a: Venusaur|Sludge Bomb|p1a: Snorlax\n|-crit|p1a: Snorlax\n|-damage|p1a: Snorlax|216/397\n|move|p1a: Snorlax|Body Slam|p2a: Venusaur\n|-end|p2a: Venusaur|Substitute\n|\n|-heal|p2a: Venusaur|94/100|[from] item: Leftovers\n|-heal|p1a: Snorlax|240/397|[from] item: Leftovers\n|upkeep\n|turn|39\n|inactive|Time left: 300 sec this turn | 300 sec total\n|\n|t:|1783568502\n|move|p2a: Venusaur|Leech Seed|p1a: Snorlax\n|-start|p1a: Snorlax|move: Leech Seed\n|move|p1a: Snorlax|Body Slam|p2a: Venusaur\n|-damage|p2a: Venusaur|56/100\n|\n|-heal|p2a: Venusaur|63/100|[from] item: Leftovers\n|-heal|p1a: Snorlax|264/397|[from] item: Leftovers\n|-damage|p1a: Snorlax|215/397|[from] Leech Seed|[of] p2a: Venusaur\n|-heal|p2a: Venusaur|81/100|[silent]\n|upkeep\n|turn|40\n|inactive|Time left: 300 sec this turn | 300 sec total\n|\n|t:|1783568503\n|switch|p1a: Slaking|Slaking, L84, M|224/389\n|move|p2a: Venusaur|Substitute|p2a: Venusaur\n|-start|p2a: Venusaur|Substitute\n|-damage|p2a: Venusaur|56/100\n|\n|-heal|p2a: Venusaur|62/100|[from] item: Leftovers\n|upkeep\n|turn|41\n|inactive|Time left: 300 sec this turn | 300 sec total\n|\n|t:|1783568504\n|switch|p1a: Snorlax|Snorlax, L82, M|215/397\n|move|p2a: Venusaur|Sludge Bomb|p1a: Snorlax\n|-damage|p1a: Snorlax|131/397\n|\n|-heal|p2a: Venusaur|68/100|[from] item: Leftovers\n|-heal|p1a: Snorlax|155/397|[from] item: Leftovers\n|upkeep\n|turn|42\n|inactive|Time left: 300 sec this turn | 300 sec total\n|\n|t:|1783568505\n|move|p2a: Venusaur|Leech Seed|p1a: Snorlax\n|-start|p1a: Snorlax|move: Leech Seed\n|move|p1a: Snorlax|Body Slam|p2a: Venusaur\n|-end|p2a: Venusaur|Substitute\n|\n|-heal|p2a: Venusaur|74/100|[from] item: Leftovers\n|-heal|p1a: Snorlax|179/397|[from] item: Leftovers\n|-damage|p1a: Snorlax|130/397|[from] Leech Seed|[of] p2a: Venusaur\n|-heal|p2a: Venusaur|92/100|[silent]\n|upkeep\n|turn|43\n|inactive|Time left: 300 sec this turn | 300 sec total\n|\n|t:|1783568506\n|switch|p1a: Slaking|Slaking, L84, M|224/389\n|move|p2a: Venusaur|Substitute|p2a: Venusaur\n|-start|p2a: Venusaur|Substitute\n|-damage|p2a: Venusaur|67/100\n|\n|-heal|p2a: Venusaur|74/100|[from] item: Leftovers\n|upkeep\n|turn|44\n|inactive|Time left: 300 sec this turn | 300 sec total\n|\n|t:|1783568506\n|move|p1a: Slaking|Giga Impact|p2a: Venusaur\n|-crit|p2a: Venusaur\n|-end|p2a: Venusaur|Substitute\n|-mustrecharge|p1a: Slaking\n|move|p2a: Venusaur|Sludge Bomb|p1a: Slaking\n|-crit|p1a: Slaking\n|-damage|p1a: Slaking|35/389\n|\n|-heal|p2a: Venusaur|80/100|[from] item: Leftovers\n|upkeep\n|turn|45\n|inactive|Time left: 300 sec this turn | 300 sec total\n|\n|t:|1783568507\n|cant|p1a: Slaking|recharge\n|move|p2a: Venusaur|Giga Drain|p1a: Slaking\n|-damage|p1a: Slaking|0 fnt\n|-heal|p2a: Venusaur|87/100|[from] drain|[of] p1a: Slaking\n|faint|p1a: Slaking\n|\n|-heal|p2a: Venusaur|93/100|[from] item: Leftovers\n|upkeep\n|inactive|Time left: 300 sec this turn | 300 sec total | 5 sec grace\n|\n|t:|1783568508\n|switch|p1a: Snorlax|Snorlax, L82, M|130/397\n|turn|46\n|inactive|Time left: 300 sec this turn | 300 sec total\n|\n|t:|1783568509\n|move|p2a: Venusaur|Leech Seed|p1a: Snorlax\n|-start|p1a: Snorlax|move: Leech Seed\n|move|p1a: Snorlax|Rest|p1a: Snorlax\n|-status|p1a: Snorlax|slp|[from] move: Rest\n|-heal|p1a: Snorlax|397/397 slp|[silent]\n|\n|-heal|p2a: Venusaur|99/100|[from] item: Leftovers\n|-damage|p1a: Snorlax|348/397 slp|[from] Leech Seed|[of] p2a: Venusaur\n|-heal|p2a: Venusaur|100/100|[silent]\n|upkeep\n|turn|47\n|inactive|Time left: 300 sec this turn | 300 sec total\n|\n|t:|1783568510\n|switch|p1a: Vaporeon|Vaporeon, L86, M|364/364\n|move|p2a: Venusaur|Sludge Bomb|p1a: Vaporeon\n|-damage|p1a: Vaporeon|279/364\n|\n|-heal|p1a: Vaporeon|301/364|[from] item: Leftovers\n|upkeep\n|turn|48\n|inactive|Time left: 300 sec this turn | 300 sec total\n|\n|t:|1783568511\n|move|p2a: Venusaur|Giga Drain|p1a: Vaporeon\n|-supereffective|p1a: Vaporeon\n|-damage|p1a: Vaporeon|155/364\n|move|p1a: Vaporeon|Wish|p1a: Vaporeon\n|\n|-heal|p1a: Vaporeon|177/364|[from] item: Leftovers\n|upkeep\n|turn|49\n|inactive|Time left: 300 sec this turn | 300 sec total\n|\n|t:|1783568512\n|move|p1a: Vaporeon|Protect|p1a: Vaporeon\n|-singleturn|p1a: Vaporeon|Protect\n|move|p2a: Venusaur|Giga Drain|p1a: Vaporeon\n|-activate|p1a: Vaporeon|move: Protect\n|\n|-heal|p1a: Vaporeon|359/364|[from] move: Wish|[wisher] Vaporeon\n|-heal|p1a: Vaporeon|364/364|[from] item: Leftovers\n|upkeep\n|turn|50\n|inactive|Time left: 300 sec this turn | 300 sec total\n|\n|t:|1783568512\n|move|p2a: Venusaur|Sludge Bomb|p1a: Vaporeon\n|-damage|p1a: Vaporeon|268/364\n|move|p1a: Vaporeon|Wish|p1a: Vaporeon\n|\n|-heal|p1a: Vaporeon|290/364|[from] item: Leftovers\n|upkeep\n|turn|51\n|inactive|Time left: 300 sec this turn | 300 sec total\n|\n|t:|1783568513\n|move|p2a: Venusaur|Leech Seed|p1a: Vaporeon\n|-start|p1a: Vaporeon|move: Leech Seed\n|move|p1a: Vaporeon|Scald|p2a: Venusaur\n|-resisted|p2a: Venusaur\n|-damage|p2a: Venusaur|83/100\n|-status|p2a: Venusaur|brn\n|\n|-heal|p1a: Vaporeon|364/364|[from] move: Wish|[wisher] Vaporeon\n|-heal|p2a: Venusaur|89/100 brn|[from] item: Leftovers\n|-damage|p1a: Vaporeon|319/364|[from] Leech Seed|[of] p2a: Venusaur\n|-heal|p2a: Venusaur|100/100 brn|[silent]\n|-damage|p2a: Venusaur|94/100 brn|[from] brn\n|upkeep\n|turn|52\n|inactive|Time left: 300 sec this turn | 300 sec total\n|\n|t:|1783568514\n|switch|p1a: Snorlax|Snorlax, L82, M|348/397 slp\n|move|p2a: Venusaur|Sludge Bomb|p1a: Snorlax\n|-damage|p1a: Snorlax|269/397 slp\n|\n|-heal|p2a: Venusaur|100/100 brn|[from] item: Leftovers\n|-heal|p1a: Snorlax|293/397 slp|[from] item: Leftovers\n|-damage|p2a: Venusaur|94/100 brn|[from] brn\n|upkeep\n|turn|53\n|inactive|Time left: 300 sec this turn | 300 sec total\n|\n|t:|1783568515\n|move|p2a: Venusaur|Leech Seed|p1a: Snorlax\n|-start|p1a: Snorlax|move: Leech Seed\n|cant|p1a: Snorlax|slp\n|move|p1a: Snorlax|Sleep Talk|p1a: Snorlax\n|move|p1a: Snorlax|Body Slam|p2a: Venusaur|[from] move: Sleep Talk\n|-damage|p2a: Venusaur|56/100 brn\n|\n|-heal|p2a: Venusaur|63/100 brn|[from] item: Leftovers\n|-heal|p1a: Snorlax|317/397 slp|[from] item: Leftovers\n|-damage|p1a: Snorlax|268/397 slp|[from] Leech Seed|[of] p2a: Venusaur\n|-heal|p2a: Venusaur|81/100 brn|[silent]\n|-damage|p2a: Venusaur|74/100 brn|[from] brn\n|upkeep\n|turn|54\n|inactive|Time left: 300 sec this turn | 300 sec total\n|\n|t:|1783568516\n|move|p2a: Venusaur|Sludge Bomb|p1a: Snorlax\n|-damage|p1a: Snorlax|177/397 slp\n|cant|p1a: Snorlax|slp\n|move|p1a: Snorlax|Sleep Talk|p1a: Snorlax\n|move|p1a: Snorlax|Curse|p1a: Snorlax|[from] move: Sleep Talk\n|-unboost|p1a: Snorlax|spe|1\n|-boost|p1a: Snorlax|atk|1\n|-boost|p1a: Snorlax|def|1\n|\n|-heal|p2a: Venusaur|81/100 brn|[from] item: Leftovers\n|-heal|p1a: Snorlax|201/397 slp|[from] item: Leftovers\n|-damage|p1a: Snorlax|152/397 slp|[from] Leech Seed|[of] p2a: Venusaur\n|-heal|p2a: Venusaur|99/100 brn|[silent]\n|-damage|p2a: Venusaur|92/100 brn|[from] brn\n|upkeep\n|turn|55\n|inactive|Time left: 300 sec this turn | 300 sec total\n|\n|t:|1783568517\n|move|p2a: Venusaur|Giga Drain|p1a: Snorlax\n|-damage|p1a: Snorlax|79/397 slp\n|-heal|p2a: Venusaur|100/100 brn|[from] drain|[of] p1a: Snorlax\n|-curestatus|p1a: Snorlax|slp|[msg]\n|move|p1a: Snorlax|Body Slam|p2a: Venusaur\n|-damage|p2a: Venusaur|44/100 brn\n|\n|-heal|p2a: Venusaur|50/100 brn|[from] item: Leftovers\n|-heal|p1a: Snorlax|103/397|[from] item: Leftovers\n|-damage|p1a: Snorlax|54/397|[from] Leech Seed|[of] p2a: Venusaur\n|-heal|p2a: Venusaur|68/100 brn|[silent]\n|-damage|p2a: Venusaur|62/100 brn|[from] brn\n|upkeep\n|turn|56\n|inactive|Time left: 300 sec this turn | 300 sec total\n|\n|t:|1783568518\n|move|p2a: Venusaur|Giga Drain|p1a: Snorlax\n|-crit|p1a: Snorlax\n|-damage|p1a: Snorlax|0 fnt\n|-heal|p2a: Venusaur|72/100 brn|[from] drain|[of] p1a: Snorlax\n|faint|p1a: Snorlax\n|\n|-heal|p2a: Venusaur|78/100 brn|[from] item: Leftovers\n|-damage|p2a: Venusaur|72/100 brn|[from] brn\n|upkeep\n|inactive|Time left: 300 sec this turn | 300 sec total | 5 sec grace\n|\n|t:|1783568519\n|switch|p1a: Vaporeon|Vaporeon, L86, M|319/364\n|turn|57\n|inactive|Time left: 300 sec this turn | 300 sec total\n|\n|t:|1783568520\n|move|p1a: Vaporeon|Protect|p1a: Vaporeon\n|-singleturn|p1a: Vaporeon|Protect\n|move|p2a: Venusaur|Giga Drain|p1a: Vaporeon\n|-activate|p1a: Vaporeon|move: Protect\n|\n|-heal|p2a: Venusaur|78/100 brn|[from] item: Leftovers\n|-heal|p1a: Vaporeon|341/364|[from] item: Leftovers\n|-damage|p2a: Venusaur|72/100 brn|[from] brn\n|upkeep\n|turn|58\n|inactive|Time left: 300 sec this turn | 300 sec total\n|\n|t:|1783568521\n|move|p2a: Venusaur|Giga Drain|p1a: Vaporeon\n|-supereffective|p1a: Vaporeon\n|-damage|p1a: Vaporeon|189/364\n|-heal|p2a: Venusaur|99/100 brn|[from] drain|[of] p1a: Vaporeon\n|move|p1a: Vaporeon|Wish|p1a: Vaporeon\n|\n|-heal|p2a: Venusaur|100/100 brn|[from] item: Leftovers\n|-heal|p1a: Vaporeon|211/364|[from] item: Leftovers\n|-damage|p2a: Venusaur|94/100 brn|[from] brn\n|upkeep\n|turn|59\n|inactive|Time left: 300 sec this turn | 300 sec total\n|\n|t:|1783568522\n|move|p1a: Vaporeon|Protect|p1a: Vaporeon\n|-singleturn|p1a: Vaporeon|Protect\n|move|p2a: Venusaur|Giga Drain|p1a: Vaporeon\n|-activate|p1a: Vaporeon|move: Protect\n|\n|-heal|p1a: Vaporeon|364/364|[from] move: Wish|[wisher] Vaporeon\n|-heal|p2a: Venusaur|100/100 brn|[from] item: Leftovers\n|-damage|p2a: Venusaur|94/100 brn|[from] brn\n|upkeep\n|turn|60\n|inactive|Time left: 300 sec this turn | 300 sec total\n|\n|t:|1783568524\n|move|p2a: Venusaur|Sludge Bomb|p1a: Vaporeon\n|-damage|p1a: Vaporeon|267/364\n|move|p1a: Vaporeon|Wish|p1a: Vaporeon\n|\n|-heal|p2a: Venusaur|100/100 brn|[from] item: Leftovers\n|-heal|p1a: Vaporeon|289/364|[from] item: Leftovers\n|-damage|p2a: Venusaur|94/100 brn|[from] brn\n|upkeep\n|turn|61\n|inactive|Time left: 300 sec this turn | 300 sec total\n|\n|t:|1783568525\n|move|p2a: Venusaur|Leech Seed|p1a: Vaporeon\n|-start|p1a: Vaporeon|move: Leech Seed\n|move|p1a: Vaporeon|Scald|p2a: Venusaur\n|-resisted|p2a: Venusaur\n|-damage|p2a: Venusaur|78/100 brn\n|\n|-heal|p1a: Vaporeon|364/364|[from] move: Wish|[wisher] Vaporeon\n|-heal|p2a: Venusaur|84/100 brn|[from] item: Leftovers\n|-damage|p1a: Vaporeon|319/364|[from] Leech Seed|[of] p2a: Venusaur\n|-heal|p2a: Venusaur|100/100 brn|[silent]\n|-damage|p2a: Venusaur|94/100 brn|[from] brn\n|upkeep\n|turn|62\n|inactive|Time left: 300 sec this turn | 300 sec total\n|\n|t:|1783568526\n|move|p2a: Venusaur|Sludge Bomb|p1a: Vaporeon\n|-damage|p1a: Vaporeon|225/364\n|move|p1a: Vaporeon|Flip Turn|p2a: Venusaur\n|-resisted|p2a: Venusaur\n|-damage|p2a: Venusaur|84/100 brn\n|inactive|Time left: 300 sec this turn | 300 sec total | 5 sec grace\n|\n|t:|1783568527\n|switch|p1a: Rillaboom|Rillaboom, L79, F|288/288|[from] Flip Turn\n|-fieldstart|move: Grassy Terrain|[from] ability: Grassy Surge|[of] p1a: Rillaboom\n|\n|-heal|p2a: Venusaur|91/100 brn|[from] Grassy Terrain\n|-heal|p2a: Venusaur|97/100 brn|[from] item: Leftovers\n|-damage|p2a: Venusaur|91/100 brn|[from] brn\n|upkeep\n|turn|63\n|inactive|Time left: 300 sec this turn | 300 sec total\n|\n|t:|1783568529\n|move|p2a: Venusaur|Sludge Bomb|p1a: Rillaboom\n|-supereffective|p1a: Rillaboom\n|-damage|p1a: Rillaboom|40/288\n|move|p1a: Rillaboom|Knock Off|p2a: Venusaur\n|-damage|p2a: Venusaur|51/100 brn\n|-enditem|p2a: Venusaur|Leftovers|[from] move: Knock Off|[of] p1a: Rillaboom\n|\n|-heal|p2a: Venusaur|57/100 brn|[from] Grassy Terrain\n|-heal|p1a: Rillaboom|58/288|[from] Grassy Terrain\n|-damage|p2a: Venusaur|51/100 brn|[from] brn\n|upkeep\n|turn|64\n|inactive|Time left: 300 sec this turn | 300 sec total\n|\n|t:|1783568530\n|move|p2a: Venusaur|Giga Drain|p1a: Rillaboom\n|-resisted|p1a: Rillaboom\n|-damage|p1a: Rillaboom|0 fnt\n|-heal|p2a: Venusaur|62/100 brn|[from] drain|[of] p1a: Rillaboom\n|faint|p1a: Rillaboom\n|\n|-heal|p2a: Venusaur|68/100 brn|[from] Grassy Terrain\n|-damage|p2a: Venusaur|62/100 brn|[from] brn\n|upkeep\n|inactive|Time left: 300 sec this turn | 300 sec total | 5 sec grace\n|\n|t:|1783568531\n|switch|p1a: Vaporeon|Vaporeon, L86, M|225/364\n|turn|65\n|inactive|Time left: 300 sec this turn | 300 sec total\n|\n|t:|1783568532\n|move|p1a: Vaporeon|Protect|p1a: Vaporeon\n|-singleturn|p1a: Vaporeon|Protect\n|move|p2a: Venusaur|Giga Drain|p1a: Vaporeon\n|-activate|p1a: Vaporeon|move: Protect\n|\n|-heal|p2a: Venusaur|68/100 brn|[from] Grassy Terrain\n|-heal|p1a: Vaporeon|247/364|[from] Grassy Terrain\n|-heal|p1a: Vaporeon|269/364|[from] item: Leftovers\n|-damage|p2a: Venusaur|62/100 brn|[from] brn\n|upkeep\n|turn|66\n|inactive|Time left: 300 sec this turn | 300 sec total\n|\n|t:|1783568533\n|move|p2a: Venusaur|Giga Drain|p1a: Vaporeon\n|-supereffective|p1a: Vaporeon\n|-damage|p1a: Vaporeon|77/364\n|-heal|p2a: Venusaur|97/100 brn|[from] drain|[of] p1a: Vaporeon\n|move|p1a: Vaporeon|Wish|p1a: Vaporeon\n|\n|-heal|p2a: Venusaur|100/100 brn|[from] Grassy Terrain\n|-heal|p1a: Vaporeon|99/364|[from] Grassy Terrain\n|-heal|p1a: Vaporeon|121/364|[from] item: Leftovers\n|-damage|p2a: Venusaur|94/100 brn|[from] brn\n|-fieldend|move: Grassy Terrain\n|upkeep\n|turn|67\n|inactive|Time left: 300 sec this turn | 300 sec total\n|\n|t:|1783568534\n|move|p1a: Vaporeon|Protect|p1a: Vaporeon\n|-singleturn|p1a: Vaporeon|Protect\n|move|p2a: Venusaur|Giga Drain|p1a: Vaporeon\n|-activate|p1a: Vaporeon|move: Protect\n|\n|-heal|p1a: Vaporeon|303/364|[from] move: Wish|[wisher] Vaporeon\n|-heal|p1a: Vaporeon|325/364|[from] item: Leftovers\n|-damage|p2a: Venusaur|88/100 brn|[from] brn\n|upkeep\n|turn|68\n|inactive|Time left: 300 sec this turn | 300 sec total\n|\n|t:|1783568535\n|move|p2a: Venusaur|Leech Seed|p1a: Vaporeon\n|-start|p1a: Vaporeon|move: Leech Seed\n|move|p1a: Vaporeon|Wish|p1a: Vaporeon\n|\n|-heal|p1a: Vaporeon|347/364|[from] item: Leftovers\n|-damage|p1a: Vaporeon|302/364|[from] Leech Seed|[of] p2a: Venusaur\n|-heal|p2a: Venusaur|100/100 brn|[silent]\n|-damage|p2a: Venusaur|94/100 brn|[from] brn\n|upkeep\n|turn|69\n|inactive|Time left: 300 sec this turn | 300 sec total\n|\n|t:|1783568536\n|move|p2a: Venusaur|Sludge Bomb|p1a: Vaporeon\n|-crit|p1a: Vaporeon\n|-damage|p1a: Vaporeon|170/364\n|move|p1a: Vaporeon|Scald|p2a: Venusaur\n|-resisted|p2a: Venusaur\n|-damage|p2a: Venusaur|78/100 brn\n|\n|-heal|p1a: Vaporeon|352/364|[from] move: Wish|[wisher] Vaporeon\n|-heal|p1a: Vaporeon|364/364|[from] item: Leftovers\n|-damage|p1a: Vaporeon|319/364|[from] Leech Seed|[of] p2a: Venusaur\n|-heal|p2a: Venusaur|94/100 brn|[silent]\n|-damage|p2a: Venusaur|88/100 brn|[from] brn\n|upkeep\n|turn|70\n|inactive|Time left: 300 sec this turn | 300 sec total\n|\n|t:|1783568538\n|move|p2a: Venusaur|Giga Drain|p1a: Vaporeon\n|-supereffective|p1a: Vaporeon\n|-damage|p1a: Vaporeon|161/364\n|-heal|p2a: Venusaur|100/100 brn|[from] drain|[of] p1a: Vaporeon\n|move|p1a: Vaporeon|Wish|p1a: Vaporeon\n|\n|-heal|p1a: Vaporeon|183/364|[from] item: Leftovers\n|-damage|p1a: Vaporeon|138/364|[from] Leech Seed|[of] p2a: Venusaur\n|-damage|p2a: Venusaur|94/100 brn|[from] brn\n|upkeep\n|turn|71\n|inactive|Time left: 300 sec this turn | 300 sec total\n|\n|t:|1783568539\n|move|p1a: Vaporeon|Protect|p1a: Vaporeon\n|-singleturn|p1a: Vaporeon|Protect\n|move|p2a: Venusaur|Giga Drain|p1a: Vaporeon\n|-activate|p1a: Vaporeon|move: Protect\n|\n|-heal|p1a: Vaporeon|320/364|[from] move: Wish|[wisher] Vaporeon\n|-heal|p1a: Vaporeon|342/364|[from] item: Leftovers\n|-damage|p1a: Vaporeon|297/364|[from] Leech Seed|[of] p2a: Venusaur\n|-heal|p2a: Venusaur|100/100 brn|[silent]\n|-damage|p2a: Venusaur|94/100 brn|[from] brn\n|upkeep\n|turn|72\n|inactive|Time left: 300 sec this turn | 300 sec total\n|\n|t:|1783568539\n|move|p2a: Venusaur|Giga Drain|p1a: Vaporeon\n|-supereffective|p1a: Vaporeon\n|-damage|p1a: Vaporeon|159/364\n|-heal|p2a: Venusaur|100/100 brn|[from] drain|[of] p1a: Vaporeon\n|move|p1a: Vaporeon|Wish|p1a: Vaporeon\n|\n|-heal|p1a: Vaporeon|181/364|[from] item: Leftovers\n|-damage|p1a: Vaporeon|136/364|[from] Leech Seed|[of] p2a: Venusaur\n|-damage|p2a: Venusaur|94/100 brn|[from] brn\n|upkeep\n|turn|73\n|inactive|Time left: 300 sec this turn | 300 sec total\n|\n|t:|1783568540\n|move|p1a: Vaporeon|Protect|p1a: Vaporeon\n|-singleturn|p1a: Vaporeon|Protect\n|move|p2a: Venusaur|Substitute|p2a: Venusaur\n|-start|p2a: Venusaur|Substitute\n|-damage|p2a: Venusaur|69/100 brn\n|\n|-heal|p1a: Vaporeon|318/364|[from] move: Wish|[wisher] Vaporeon\n|-heal|p1a: Vaporeon|340/364|[from] item: Leftovers\n|-damage|p1a: Vaporeon|295/364|[from] Leech Seed|[of] p2a: Venusaur\n|-heal|p2a: Venusaur|86/100 brn|[silent]\n|-damage|p2a: Venusaur|80/100 brn|[from] brn\n|upkeep\n|turn|74\n|inactive|Time left: 300 sec this turn | 300 sec total\n|\n|t:|1783568541\n|move|p2a: Venusaur|Sludge Bomb|p1a: Vaporeon\n|-crit|p1a: Vaporeon\n|-damage|p1a: Vaporeon|169/364\n|move|p1a: Vaporeon|Wish|p1a: Vaporeon\n|\n|-heal|p1a: Vaporeon|191/364|[from] item: Leftovers\n|-damage|p1a: Vaporeon|146/364|[from] Leech Seed|[of] p2a: Venusaur\n|-heal|p2a: Venusaur|96/100 brn|[silent]\n|-damage|p2a: Venusaur|90/100 brn|[from] brn\n|upkeep\n|turn|75\n|inactive|Time left: 300 sec this turn | 300 sec total\n|\n|t:|1783568542\n|move|p1a: Vaporeon|Protect|p1a: Vaporeon\n|-singleturn|p1a: Vaporeon|Protect\n|move|p2a: Venusaur|Giga Drain|p1a: Vaporeon\n|-activate|p1a: Vaporeon|move: Protect\n|\n|-heal|p1a: Vaporeon|328/364|[from] move: Wish|[wisher] Vaporeon\n|-heal|p1a: Vaporeon|350/364|[from] item: Leftovers\n|-damage|p1a: Vaporeon|305/364|[from] Leech Seed|[of] p2a: Venusaur\n|-heal|p2a: Venusaur|100/100 brn|[silent]\n|-damage|p2a: Venusaur|94/100 brn|[from] brn\n|upkeep\n|turn|76\n|inactive|Time left: 300 sec this turn | 300 sec total\n|\n|t:|1783568543\n|move|p2a: Venusaur|Sludge Bomb|p1a: Vaporeon\n|-damage|p1a: Vaporeon|218/364\n|-status|p1a: Vaporeon|psn\n|move|p1a: Vaporeon|Scald|p2a: Venusaur\n|-resisted|p2a: Venusaur\n|-activate|p2a: Venusaur|move: Substitute|[damage]\n|\n|-heal|p1a: Vaporeon|240/364 psn|[from] item: Leftovers\n|-damage|p1a: Vaporeon|195/364 psn|[from] Leech Seed|[of] p2a: Venusaur\n|-heal|p2a: Venusaur|100/100 brn|[silent]\n|-damage|p1a: Vaporeon|150/364 psn|[from] psn\n|-damage|p2a: Venusaur|94/100 brn|[from] brn\n|upkeep\n|turn|77\n|inactive|Time left: 300 sec this turn | 300 sec total\n|\n|t:|1783568544\n|switch|p2a: Iron Moth|Iron Moth, L78|100/100\n|move|p1a: Vaporeon|Wish|p1a: Vaporeon\n|\n|-heal|p1a: Vaporeon|172/364 psn|[from] item: Leftovers\n|-damage|p1a: Vaporeon|127/364 psn|[from] Leech Seed|[of] p2a: Iron Moth\n|-damage|p1a: Vaporeon|82/364 psn|[from] psn\n|upkeep\n|turn|78\n|inactive|Time left: 300 sec this turn | 300 sec total\n|\n|t:|1783568545\n|move|p1a: Vaporeon|Protect|p1a: Vaporeon\n|-singleturn|p1a: Vaporeon|Protect\n|move|p2a: Iron Moth|Energy Ball|p1a: Vaporeon\n|-activate|p1a: Vaporeon|move: Protect\n|\n|-heal|p1a: Vaporeon|264/364 psn|[from] move: Wish|[wisher] Vaporeon\n|-heal|p1a: Vaporeon|286/364 psn|[from] item: Leftovers\n|-damage|p1a: Vaporeon|241/364 psn|[from] Leech Seed|[of] p2a: Iron Moth\n|-damage|p1a: Vaporeon|196/364 psn|[from] psn\n|upkeep\n|turn|79\n|inactive|Time left: 300 sec this turn | 300 sec total\n|\n|t:|1783568546\n|move|p1a: Vaporeon|Protect||[still]\n|-fail|p1a: Vaporeon\n|move|p2a: Iron Moth|Energy Ball|p1a: Vaporeon\n|-supereffective|p1a: Vaporeon\n|-damage|p1a: Vaporeon|50/364 psn\n|-unboost|p1a: Vaporeon|spd|1\n|\n|-heal|p1a: Vaporeon|72/364 psn|[from] item: Leftovers\n|-damage|p1a: Vaporeon|27/364 psn|[from] Leech Seed|[of] p2a: Iron Moth\n|-damage|p1a: Vaporeon|0 fnt|[from] psn\n|faint|p1a: Vaporeon\n|\n|win|p0y254243f7", "uploadtime": 1783568546, "views": 0, "rating": 0, "private": 0, "password": null, "_winner": "p0y254243f7", "_our_name": "p0x25421b5d"}