{"id": "battle-gen9randombattle-1917", "formatid": "gen9randombattle", "format": "[Gen 9] Random Battle", "players": ["p0x191711a8", "p0y19173652"], "log": "|init|battle\n|title|p0x191711a8 vs. p0y19173652\n|j|\u2606p0x191711a8\n|j|\u2606p0y19173652\n|t:|1783562163\n|gametype|singles\n|player|p1|p0x191711a8|101|\n|player|p2|p0y19173652|101|\n|gen|9\n|tier|[Gen 9] Random Battle\n|rule|Species Clause: Limit one of each Pok\u00e9mon\n|rule|HP Percentage Mod: HP is shown in percentages\n|rule|Sleep Clause Mod: Limit one foe put to sleep\n|rule|Illusion Level Mod: Illusion disguises the Pok\u00e9mon's true level\n|\n|t:|1783562163\n|teamsize|p1|6\n|teamsize|p2|6\n|start\n|switch|p1a: Frosmoth|Frosmoth, L82, M|249/249\n|switch|p2a: Medicham|Medicham, L86, M|100/100\n|turn|1\n|inactive|Battle timer is ON: inactive players will automatically lose when time's up. (requested by p0x191711a8)\n|\n|t:|1783562165\n|switch|p1a: Gothitelle|Gothitelle, L90, M|272/272\n|move|p2a: Medicham|Close Combat|p1a: Gothitelle\n|-resisted|p1a: Gothitelle\n|-damage|p1a: Gothitelle|185/272\n|-unboost|p2a: Medicham|def|1\n|-unboost|p2a: Medicham|spd|1\n|\n|-heal|p1a: Gothitelle|202/272|[from] item: Leftovers\n|upkeep\n|turn|2\n|inactive|Time left: 300 sec this turn | 300 sec total\n|inactive|p0y19173652 also wants the timer to be on.\n|\n|t:|1783562166\n|switch|p1a: Flutter Mane|Flutter Mane, L74|203/203\n|move|p2a: Medicham|Close Combat|p1a: Flutter Mane\n|-immune|p1a: Flutter Mane\n|\n|upkeep\n|turn|3\n|inactive|Time left: 300 sec this turn | 300 sec total\n|\n|t:|1783562167\n|switch|p2a: Milotic|Milotic, L83, F|100/100\n|move|p1a: Flutter Mane|Moonblast|p2a: Milotic\n|-damage|p2a: Milotic|63/100\n|-unboost|p2a: Milotic|spa|1\n|-ability|p2a: Milotic|Competitive|boost\n|-boost|p2a: Milotic|spa|2\n|-damage|p1a: Flutter Mane|183/203|[from] item: Life Orb\n|\n|-heal|p2a: Milotic|69/100|[from] item: Leftovers\n|upkeep\n|turn|4\n|inactive|Time left: 300 sec this turn | 300 sec total\n|\n|t:|1783562168\n|move|p1a: Flutter Mane|Calm Mind|p1a: Flutter Mane\n|-boost|p1a: Flutter Mane|spa|1\n|-boost|p1a: Flutter Mane|spd|1\n|move|p2a: Milotic|Scald|p1a: Flutter Mane\n|-damage|p1a: Flutter Mane|116/203\n|\n|-heal|p2a: Milotic|76/100|[from] item: Leftovers\n|upkeep\n|turn|5\n|inactive|Time left: 300 sec this turn | 300 sec total\n|\n|t:|1783562169\n|move|p1a: Flutter Mane|Moonblast|p2a: Milotic\n|-damage|p2a: Milotic|25/100\n|-damage|p1a: Flutter Mane|96/203|[from] item: Life Orb\n|move|p2a: Milotic|Scald|p1a: Flutter Mane\n|-damage|p1a: Flutter Mane|23/203\n|-status|p1a: Flutter Mane|brn\n|\n|-heal|p2a: Milotic|31/100|[from] item: Leftovers\n|-damage|p1a: Flutter Mane|11/203 brn|[from] brn\n|upkeep\n|turn|6\n|inactive|Time left: 300 sec this turn | 300 sec total\n|\n|t:|1783562170\n|switch|p2a: Gogoat|Gogoat, L88, M|100/100\n|move|p1a: Flutter Mane|Shadow Ball|p2a: Gogoat\n|-damage|p2a: Gogoat|53/100\n|-damage|p1a: Flutter Mane|0 fnt|[from] item: Life Orb\n|faint|p1a: Flutter Mane\n|-end|p1a: Flutter Mane|Protosynthesis|[silent]\n|\n|-heal|p2a: Gogoat|59/100|[from] item: Leftovers\n|upkeep\n|inactive|Time left: 300 sec this turn | 300 sec total | 5 sec grace\n|\n|t:|1783562171\n|switch|p1a: Frosmoth|Frosmoth, L82, M|249/249\n|turn|7\n|inactive|Time left: 300 sec this turn | 300 sec total\n|\n|t:|1783562172\n|move|p2a: Gogoat|Milk Drink|p2a: Gogoat\n|-heal|p2a: Gogoat|100/100\n|move|p1a: Frosmoth|Quiver Dance|p1a: Frosmoth\n|-boost|p1a: Frosmoth|spa|1\n|-boost|p1a: Frosmoth|spd|1\n|-boost|p1a: Frosmoth|spe|1\n|\n|upkeep\n|turn|8\n|inactive|Time left: 300 sec this turn | 300 sec total\n|\n|t:|1783562173\n|switch|p2a: Reshiram|Reshiram, L76|100/100\n|-ability|p2a: Reshiram|Turboblaze\n|move|p1a: Frosmoth|Ice Beam|p2a: Reshiram\n|-damage|p2a: Reshiram|45/100\n|\n|upkeep\n|turn|9\n|inactive|Time left: 300 sec this turn | 300 sec total\n|\n|t:|1783562174\n|-terastallize|p2a: Reshiram|Fire\n|move|p1a: Frosmoth|Ice Beam|p2a: Reshiram\n|-resisted|p2a: Reshiram\n|-damage|p2a: Reshiram|20/100\n|move|p2a: Reshiram|Outrage|p1a: Frosmoth\n|-damage|p1a: Frosmoth|93/249\n|\n|upkeep\n|turn|10\n|inactive|Time left: 300 sec this turn | 300 sec total\n|\n|t:|1783562175\n|move|p1a: Frosmoth|Ice Beam|p2a: Reshiram\n|-resisted|p2a: Reshiram\n|-damage|p2a: Reshiram|0 fnt\n|faint|p2a: Reshiram\n|\n|upkeep\n|\n|t:|1783562176\n|switch|p2a: Medicham|Medicham, L86, M|100/100\n|turn|11\n|inactive|Time left: 300 sec this turn | 300 sec total\n|\n|t:|1783562178\n|-terastallize|p1a: Frosmoth|Water\n|move|p2a: Medicham|Poison Jab|p1a: Frosmoth\n|-damage|p1a: Frosmoth|0 fnt\n|faint|p1a: Frosmoth\n|\n|upkeep\n|inactive|Time left: 300 sec this turn | 300 sec total | 5 sec grace\n|\n|t:|1783562178\n|switch|p1a: Cobalion|Cobalion, L80|277/277\n|turn|12\n|inactive|Time left: 300 sec this turn | 300 sec total\n|\n|t:|1783562180\n|switch|p2a: Gogoat|Gogoat, L88, M|100/100\n|move|p1a: Cobalion|Iron Defense|p1a: Cobalion\n|-boost|p1a: Cobalion|def|2\n|\n|upkeep\n|turn|13\n|inactive|Time left: 300 sec this turn | 300 sec total\n|\n|t:|1783562181\n|switch|p2a: Scream Tail|Scream Tail, L84|100/100\n|move|p1a: Cobalion|Body Press|p2a: Scream Tail\n|-resisted|p2a: Scream Tail\n|-damage|p2a: Scream Tail|88/100\n|\n|-heal|p2a: Scream Tail|94/100|[from] item: Leftovers\n|upkeep\n|turn|14\n|inactive|Time left: 300 sec this turn | 300 sec total\n|\n|t:|1783562182\n|move|p2a: Scream Tail|Thunder Wave|p1a: Cobalion\n|-status|p1a: Cobalion|par\n|move|p1a: Cobalion|Thunder Wave|p2a: Scream Tail\n|-status|p2a: Scream Tail|par\n|\n|-heal|p2a: Scream Tail|99/100 par|[from] item: Leftovers\n|upkeep\n|turn|15\n|inactive|Time left: 300 sec this turn | 300 sec total\n|\n|t:|1783562183\n|cant|p2a: Scream Tail|par\n|cant|p1a: Cobalion|par\n|\n|-heal|p2a: Scream Tail|100/100 par|[from] item: Leftovers\n|upkeep\n|turn|16\n|inactive|Time left: 300 sec this turn | 300 sec total\n|\n|t:|1783562184\n|move|p2a: Scream Tail|Wish|p2a: Scream Tail\n|move|p1a: Cobalion|Body Press|p2a: Scream Tail\n|-resisted|p2a: Scream Tail\n|-damage|p2a: Scream Tail|86/100 par\n|\n|-heal|p2a: Scream Tail|92/100 par|[from] item: Leftovers\n|upkeep\n|turn|17\n|inactive|Time left: 300 sec this turn | 300 sec total\n|\n|t:|1783562185\n|-end|p2a: Scream Tail|Protosynthesis|[silent]\n|switch|p2a: Milotic|Milotic, L83, F|31/100\n|cant|p1a: Cobalion|par\n|\n|-heal|p2a: Milotic|87/100|[from] move: Wish|[wisher] Scream Tail\n|-heal|p2a: Milotic|93/100|[from] item: Leftovers\n|upkeep\n|turn|18\n|inactive|Time left: 300 sec this turn | 300 sec total\n|\n|t:|1783562186\n|move|p2a: Milotic|Scald|p1a: Cobalion\n|-damage|p1a: Cobalion|171/277 par\n|move|p1a: Cobalion|Body Press|p2a: Milotic\n|-damage|p2a: Milotic|20/100\n|\n|-heal|p2a: Milotic|26/100|[from] item: Leftovers\n|-heal|p1a: Cobalion|188/277 par|[from] item: Leftovers\n|upkeep\n|turn|19\n|inactive|Time left: 300 sec this turn | 300 sec total\n|\n|t:|1783562187\n|move|p2a: Milotic|Scald|p1a: Cobalion\n|-damage|p1a: Cobalion|85/277 par\n|move|p1a: Cobalion|Body Press|p2a: Milotic\n|-damage|p2a: Milotic|0 fnt\n|faint|p2a: Milotic\n|\n|-heal|p1a: Cobalion|102/277 par|[from] item: Leftovers\n|upkeep\n|\n|t:|1783562188\n|switch|p2a: Gogoat|Gogoat, L88, M|100/100\n|turn|20\n|inactive|Time left: 300 sec this turn | 300 sec total\n|\n|t:|1783562189\n|move|p2a: Gogoat|Bulk Up|p2a: Gogoat\n|-boost|p2a: Gogoat|atk|1\n|-boost|p2a: Gogoat|def|1\n|move|p1a: Cobalion|Body Press|p2a: Gogoat\n|-damage|p2a: Gogoat|56/100\n|\n|-heal|p2a: Gogoat|62/100|[from] item: Leftovers\n|-heal|p1a: Cobalion|119/277 par|[from] item: Leftovers\n|upkeep\n|turn|21\n|inactive|Time left: 300 sec this turn | 300 sec total\n|\n|t:|1783562190\n|move|p2a: Gogoat|Earthquake|p1a: Cobalion\n|-supereffective|p1a: Cobalion\n|-damage|p1a: Cobalion|33/277 par\n|cant|p1a: Cobalion|par\n|\n|-heal|p2a: Gogoat|69/100|[from] item: Leftovers\n|-heal|p1a: Cobalion|50/277 par|[from] item: Leftovers\n|upkeep\n|turn|22\n|inactive|Time left: 300 sec this turn | 300 sec total\n|\n|t:|1783562191\n|move|p2a: Gogoat|Earthquake|p1a: Cobalion\n|-supereffective|p1a: Cobalion\n|-damage|p1a: Cobalion|0 fnt\n|faint|p1a: Cobalion\n|\n|-heal|p2a: Gogoat|75/100|[from] item: Leftovers\n|upkeep\n|inactive|Time left: 300 sec this turn | 300 sec total | 5 sec grace\n|\n|t:|1783562192\n|switch|p1a: Tauros|Tauros-Paldea-Blaze, L81, M|252/252\n|turn|23\n|inactive|Time left: 300 sec this turn | 300 sec total\n|\n|t:|1783562193\n|move|p1a: Tauros|Bulk Up|p1a: Tauros\n|-boost|p1a: Tauros|atk|1\n|-boost|p1a: Tauros|def|1\n|move|p2a: Gogoat|Bulk Up|p2a: Gogoat\n|-boost|p2a: Gogoat|atk|1\n|-boost|p2a: Gogoat|def|1\n|\n|-heal|p2a: Gogoat|81/100|[from] item: Leftovers\n|upkeep\n|turn|24\n|inactive|Time left: 300 sec this turn | 300 sec total\n|\n|t:|1783562194\n|move|p1a: Tauros|Raging Bull|p2a: Gogoat\n|-supereffective|p2a: Gogoat\n|-damage|p2a: Gogoat|26/100\n|move|p2a: Gogoat|Milk Drink|p2a: Gogoat\n|-heal|p2a: Gogoat|76/100\n|\n|-heal|p2a: Gogoat|82/100|[from] item: Leftovers\n|upkeep\n|turn|25\n|inactive|Time left: 300 sec this turn | 300 sec total\n|\n|t:|1783562195\n|move|p1a: Tauros|Raging Bull|p2a: Gogoat\n|-supereffective|p2a: Gogoat\n|-damage|p2a: Gogoat|30/100\n|move|p2a: Gogoat|Milk Drink|p2a: Gogoat\n|-heal|p2a: Gogoat|80/100\n|\n|-heal|p2a: Gogoat|86/100|[from] item: Leftovers\n|upkeep\n|turn|26\n|inactive|Time left: 300 sec this turn | 300 sec total\n|\n|t:|1783562196\n|move|p1a: Tauros|Bulk Up|p1a: Tauros\n|-boost|p1a: Tauros|atk|1\n|-boost|p1a: Tauros|def|1\n|move|p2a: Gogoat|Milk Drink|p2a: Gogoat\n|-heal|p2a: Gogoat|100/100\n|\n|upkeep\n|turn|27\n|inactive|Time left: 300 sec this turn | 300 sec total\n|\n|t:|1783562197\n|move|p1a: Tauros|Raging Bull|p2a: Gogoat\n|-supereffective|p2a: Gogoat\n|-damage|p2a: Gogoat|35/100\n|move|p2a: Gogoat|Milk Drink|p2a: Gogoat\n|-heal|p2a: Gogoat|85/100\n|\n|-heal|p2a: Gogoat|91/100|[from] item: Leftovers\n|upkeep\n|turn|28\n|inactive|Time left: 300 sec this turn | 300 sec total\n|\n|t:|1783562198\n|move|p1a: Tauros|Raging Bull|p2a: Gogoat\n|-supereffective|p2a: Gogoat\n|-damage|p2a: Gogoat|19/100\n|move|p2a: Gogoat|Milk Drink|p2a: Gogoat\n|-heal|p2a: Gogoat|69/100\n|\n|-heal|p2a: Gogoat|75/100|[from] item: Leftovers\n|upkeep\n|turn|29\n|inactive|Time left: 300 sec this turn | 300 sec total\n|\n|t:|1783562199\n|move|p1a: Tauros|Raging Bull|p2a: Gogoat\n|-supereffective|p2a: Gogoat\n|-damage|p2a: Gogoat|4/100\n|move|p2a: Gogoat|Earthquake|p1a: Tauros\n|-supereffective|p1a: Tauros\n|-damage|p1a: Tauros|108/252\n|-enditem|p1a: Tauros|Sitrus Berry|[eat]\n|-heal|p1a: Tauros|171/252|[from] item: Sitrus Berry\n|\n|-heal|p2a: Gogoat|10/100|[from] item: Leftovers\n|upkeep\n|turn|30\n|inactive|Time left: 300 sec this turn | 300 sec total\n|\n|t:|1783562200\n|move|p1a: Tauros|Raging Bull|p2a: Gogoat\n|-supereffective|p2a: Gogoat\n|-damage|p2a: Gogoat|0 fnt\n|faint|p2a: Gogoat\n|\n|-activate|p1a: Tauros|ability: Cud Chew\n|-enditem|p1a: Tauros|Sitrus Berry|[eat]\n|-heal|p1a: Tauros|234/252|[from] item: Sitrus Berry\n|upkeep\n|\n|t:|1783562201\n|switch|p2a: Medicham|Medicham, L86, M|100/100\n|turn|31\n|inactive|Time left: 300 sec this turn | 300 sec total\n|\n|t:|1783562202\n|move|p2a: Medicham|Zen Headbutt|p1a: Tauros\n|-supereffective|p1a: Tauros\n|-damage|p1a: Tauros|112/252\n|cant|p1a: Tauros|flinch\n|\n|upkeep\n|turn|32\n|inactive|Time left: 300 sec this turn | 300 sec total\n|\n|t:|1783562203\n|move|p2a: Medicham|Zen Headbutt|p1a: Tauros\n|-supereffective|p1a: Tauros\n|-damage|p1a: Tauros|2/252\n|cant|p1a: Tauros|flinch\n|\n|upkeep\n|turn|33\n|inactive|Time left: 300 sec this turn | 300 sec total\n|\n|t:|1783562204\n|move|p2a: Medicham|Zen Headbutt|p1a: Tauros\n|-supereffective|p1a: Tauros\n|-damage|p1a: Tauros|0 fnt\n|faint|p1a: Tauros\n|\n|upkeep\n|inactive|Time left: 300 sec this turn | 300 sec total | 5 sec grace\n|\n|t:|1783562205\n|switch|p1a: Gothitelle|Gothitelle, L90, M|202/272\n|turn|34\n|inactive|Time left: 300 sec this turn | 300 sec total\n|\n|t:|1783562205\n|move|p2a: Medicham|Zen Headbutt|p1a: Gothitelle|[miss]\n|-miss|p2a: Medicham|p1a: Gothitelle\n|move|p1a: Gothitelle|Calm Mind|p1a: Gothitelle\n|-boost|p1a: Gothitelle|spa|1\n|-boost|p1a: Gothitelle|spd|1\n|\n|-heal|p1a: Gothitelle|219/272|[from] item: Leftovers\n|upkeep\n|turn|35\n|inactive|Time left: 300 sec this turn | 300 sec total\n|\n|t:|1783562206\n|move|p2a: Medicham|Zen Headbutt|p1a: Gothitelle|[miss]\n|-miss|p2a: Medicham|p1a: Gothitelle\n|move|p1a: Gothitelle|Psychic Noise|p2a: Medicham\n|-crit|p2a: Medicham\n|-damage|p2a: Medicham|2/100\n|-start|p2a: Medicham|move: Heal Block\n|\n|-heal|p1a: Gothitelle|236/272|[from] item: Leftovers\n|upkeep\n|turn|36\n|inactive|Time left: 300 sec this turn | 300 sec total\n|\n|t:|1783562207\n|move|p2a: Medicham|Zen Headbutt|p1a: Gothitelle\n|-resisted|p1a: Gothitelle\n|-damage|p1a: Gothitelle|180/272\n|cant|p1a: Gothitelle|flinch\n|\n|-heal|p1a: Gothitelle|197/272|[from] item: Leftovers\n|-end|p2a: Medicham|move: Heal Block\n|upkeep\n|turn|37\n|inactive|Time left: 300 sec this turn | 300 sec total\n|\n|t:|1783562208\n|move|p2a: Medicham|Zen Headbutt|p1a: Gothitelle\n|-resisted|p1a: Gothitelle\n|-damage|p1a: Gothitelle|139/272\n|move|p1a: Gothitelle|Calm Mind|p1a: Gothitelle\n|-boost|p1a: Gothitelle|spa|1\n|-boost|p1a: Gothitelle|spd|1\n|\n|-heal|p1a: Gothitelle|156/272|[from] item: Leftovers\n|upkeep\n|turn|38\n|inactive|Time left: 300 sec this turn | 300 sec total\n|\n|t:|1783562209\n|move|p2a: Medicham|Zen Headbutt|p1a: Gothitelle\n|-resisted|p1a: Gothitelle\n|-damage|p1a: Gothitelle|102/272\n|move|p1a: Gothitelle|Calm Mind|p1a: Gothitelle\n|-boost|p1a: Gothitelle|spa|1\n|-boost|p1a: Gothitelle|spd|1\n|\n|-heal|p1a: Gothitelle|119/272|[from] item: Leftovers\n|upkeep\n|turn|39\n|inactive|Time left: 300 sec this turn | 300 sec total\n|\n|t:|1783562209\n|move|p2a: Medicham|Zen Headbutt|p1a: Gothitelle\n|-resisted|p1a: Gothitelle\n|-damage|p1a: Gothitelle|68/272\n|move|p1a: Gothitelle|Psychic Noise|p2a: Medicham\n|-damage|p2a: Medicham|0 fnt\n|faint|p2a: Medicham\n|\n|-heal|p1a: Gothitelle|85/272|[from] item: Leftovers\n|upkeep\n|\n|t:|1783562210\n|switch|p2a: Great Tusk|Great Tusk, L77|100/100\n|turn|40\n|inactive|Time left: 300 sec this turn | 300 sec total\n|\n|t:|1783562211\n|switch|p1a: Thundurus|Thundurus, L80, M|258/258\n|move|p2a: Great Tusk|Headlong Rush|p1a: Thundurus\n|-immune|p1a: Thundurus\n|\n|upkeep\n|turn|41\n|inactive|Time left: 300 sec this turn | 300 sec total\n|\n|t:|1783562212\n|move|p1a: Thundurus|Grass Knot|p2a: Great Tusk\n|-supereffective|p2a: Great Tusk\n|-damage|p2a: Great Tusk|33/100\n|move|p2a: Great Tusk|Stone Edge|p1a: Thundurus\n|-supereffective|p1a: Thundurus\n|-damage|p1a: Thundurus|66/258\n|\n|upkeep\n|turn|42\n|inactive|Time left: 300 sec this turn | 300 sec total\n|\n|t:|1783562213\n|-end|p2a: Great Tusk|Protosynthesis|[silent]\n|switch|p2a: Scream Tail|Scream Tail, L84|92/100 par\n|move|p1a: Thundurus|Grass Knot|p2a: Scream Tail\n|-damage|p2a: Scream Tail|88/100 par\n|\n|-heal|p2a: Scream Tail|94/100 par|[from] item: Leftovers\n|upkeep\n|turn|43\n|inactive|Time left: 300 sec this turn | 300 sec total\n|\n|t:|1783562215\n|switch|p1a: Gothitelle|Gothitelle, L90, M|85/272\n|move|p2a: Scream Tail|Play Rough|p1a: Gothitelle\n|-damage|p1a: Gothitelle|18/272\n|\n|-heal|p1a: Gothitelle|35/272|[from] item: Leftovers\n|-heal|p2a: Scream Tail|99/100 par|[from] item: Leftovers\n|upkeep\n|turn|44\n|inactive|Time left: 300 sec this turn | 300 sec total\n|\n|t:|1783562216\n|move|p1a: Gothitelle|Dark Pulse|p2a: Scream Tail\n|-damage|p2a: Scream Tail|85/100 par\n|move|p2a: Scream Tail|Play Rough|p1a: Gothitelle|[miss]\n|-miss|p2a: Scream Tail|p1a: Gothitelle\n|\n|-heal|p1a: Gothitelle|52/272|[from] item: Leftovers\n|-heal|p2a: Scream Tail|91/100 par|[from] item: Leftovers\n|upkeep\n|turn|45\n|inactive|Time left: 300 sec this turn | 300 sec total\n|\n|t:|1783562216\n|move|p1a: Gothitelle|Dark Pulse|p2a: Scream Tail\n|-damage|p2a: Scream Tail|75/100 par\n|move|p2a: Scream Tail|Play Rough|p1a: Gothitelle\n|-damage|p1a: Gothitelle|0 fnt\n|faint|p1a: Gothitelle\n|\n|-heal|p2a: Scream Tail|81/100 par|[from] item: Leftovers\n|upkeep\n|inactive|Time left: 300 sec this turn | 300 sec total | 5 sec grace\n|\n|t:|1783562217\n|switch|p1a: Thundurus|Thundurus, L80, M|66/258\n|turn|46\n|inactive|Time left: 300 sec this turn | 300 sec total\n|\n|t:|1783562218\n|move|p1a: Thundurus|Grass Knot|p2a: Scream Tail\n|-damage|p2a: Scream Tail|78/100 par\n|move|p2a: Scream Tail|Play Rough|p1a: Thundurus\n|-damage|p1a: Thundurus|0 fnt\n|faint|p1a: Thundurus\n|\n|win|p0y19173652", "uploadtime": 1783562218, "views": 0, "rating": 0, "private": 0, "password": null, "_winner": "p0y19173652", "_our_name": "p0x191711a8"}