{"id": "battle-gen9randombattle-137", "formatid": "gen9randombattle", "format": "[Gen 9] Random Battle", "players": ["p0x137e205", "p0y137aee6"], "log": "|init|battle\n|title|p0x137e205 vs. p0y137aee6\n|j|\u2606p0x137e205\n|j|\u2606p0y137aee6\n|t:|1783535336\n|gametype|singles\n|player|p1|p0x137e205|102|\n|player|p2|p0y137aee6|1|\n|gen|9\n|tier|[Gen 9] Random Battle\n|rule|Species Clause: Limit one of each Pok\u00e9mon\n|rule|HP Percentage Mod: HP is shown in percentages\n|rule|Sleep Clause Mod: Limit one foe put to sleep\n|rule|Illusion Level Mod: Illusion disguises the Pok\u00e9mon's true level\n|\n|t:|1783535336\n|teamsize|p1|6\n|teamsize|p2|6\n|start\n|switch|p1a: Weezing|Weezing-Galar, L86, M|252/252\n|switch|p2a: Noctowl|Noctowl, L95, F|100/100\n|turn|1\n|inactive|Battle timer is ON: inactive players will automatically lose when time's up. (requested by p0x137e205)\n|inactive|p0y137aee6 also wants the timer to be on.\n|\n|t:|1783535338\n|move|p2a: Noctowl|Nasty Plot|p2a: Noctowl\n|-boost|p2a: Noctowl|spa|2\n|move|p1a: Weezing|Strange Steam|p2a: Noctowl\n|-damage|p2a: Noctowl|79/100\n|\n|upkeep\n|turn|2\n|inactive|Time left: 300 sec this turn | 300 sec total\n|\n|t:|1783535339\n|switch|p1a: Dusknoir|Dusknoir, L89, F|225/225\n|-item|p2a: Noctowl|Heavy-Duty Boots|[from] ability: Frisk|[of] p1a: Dusknoir\n|move|p2a: Noctowl|Hyper Voice|p1a: Dusknoir\n|-immune|p1a: Dusknoir\n|\n|upkeep\n|turn|3\n|inactive|Time left: 300 sec this turn | 300 sec total\n|\n|t:|1783535340\n|move|p2a: Noctowl|Hurricane|p1a: Dusknoir\n|-damage|p1a: Dusknoir|35/225\n|move|p1a: Dusknoir|Trick|p2a: Noctowl\n|-activate|p1a: Dusknoir|move: Trick|[of] p2a: Noctowl\n|-item|p2a: Noctowl|Choice Band|[from] move: Trick\n|-item|p1a: Dusknoir|Heavy-Duty Boots|[from] move: Trick\n|\n|upkeep\n|turn|4\n|inactive|Time left: 300 sec this turn | 300 sec total\n|\n|t:|1783535341\n|move|p2a: Noctowl|Hurricane|p1a: Dusknoir\n|-damage|p1a: Dusknoir|0 fnt\n|faint|p1a: Dusknoir\n|\n|upkeep\n|inactive|Time left: 300 sec this turn | 300 sec total | 5 sec grace\n|\n|t:|1783535342\n|switch|p1a: Indeedee|Indeedee-F, L90, F|272/272\n|-fieldstart|move: Psychic Terrain|[from] ability: Psychic Surge|[of] p1a: Indeedee\n|turn|5\n|inactive|Time left: 300 sec this turn | 300 sec total\n|\n|t:|1783535343\n|move|p1a: Indeedee|Psychic|p2a: Noctowl\n|-damage|p2a: Noctowl|46/100\n|move|p2a: Noctowl|Hurricane|p1a: Indeedee\n|-crit|p1a: Indeedee\n|-damage|p1a: Indeedee|0 fnt\n|faint|p1a: Indeedee\n|\n|upkeep\n|inactive|Time left: 300 sec this turn | 300 sec total | 5 sec grace\n|\n|t:|1783535344\n|switch|p1a: Qwilfish|Qwilfish, L86, F|252/252\n|-ability|p1a: Qwilfish|Intimidate|boost\n|-unboost|p2a: Noctowl|atk|1\n|turn|6\n|inactive|Time left: 300 sec this turn | 300 sec total\n|\n|t:|1783535345\n|move|p1a: Qwilfish|Gunk Shot|p2a: Noctowl\n|-damage|p2a: Noctowl|0 fnt\n|faint|p2a: Noctowl\n|\n|upkeep\n|\n|t:|1783535346\n|switch|p2a: Delphox|Delphox, L84, F|100/100\n|turn|7\n|inactive|Time left: 300 sec this turn | 300 sec total\n|\n|t:|1783535346\n|move|p2a: Delphox|Psyshock|p1a: Qwilfish\n|-supereffective|p1a: Qwilfish\n|-damage|p1a: Qwilfish|0 fnt\n|faint|p1a: Qwilfish\n|\n|upkeep\n|inactive|Time left: 300 sec this turn | 300 sec total | 5 sec grace\n|\n|t:|1783535347\n|switch|p1a: Brute Bonnet|Brute Bonnet, L80|309/309\n|turn|8\n|inactive|Time left: 300 sec this turn | 300 sec total\n|\n|t:|1783535348\n|switch|p2a: Iron Valiant|Iron Valiant, L78|100/100\n|move|p1a: Brute Bonnet|Crunch|p2a: Iron Valiant\n|-resisted|p2a: Iron Valiant\n|-damage|p2a: Iron Valiant|90/100\n|\n|upkeep\n|turn|9\n|inactive|Time left: 300 sec this turn | 300 sec total\n|\n|t:|1783535349\n|-end|p1a: Brute Bonnet|Protosynthesis|[silent]\n|switch|p1a: Weezing|Weezing-Galar, L86, M|252/252\n|move|p2a: Iron Valiant|Moonblast|p1a: Weezing\n|-resisted|p1a: Weezing\n|-damage|p1a: Weezing|179/252\n|-unboost|p1a: Weezing|spa|1\n|-damage|p2a: Iron Valiant|80/100|[from] item: Life Orb\n|\n|-heal|p1a: Weezing|194/252|[from] item: Leftovers\n|-fieldend|move: Psychic Terrain\n|upkeep\n|turn|10\n|inactive|Time left: 300 sec this turn | 300 sec total\n|\n|t:|1783535350\n|-end|p2a: Iron Valiant|Quark Drive|[silent]\n|switch|p2a: Tyranitar|Tyranitar, L78, F|100/100\n|-weather|Sandstorm|[from] ability: Sand Stream|[of] p2a: Tyranitar\n|move|p1a: Weezing|Gunk Shot|p2a: Tyranitar\n|-resisted|p2a: Tyranitar\n|-damage|p2a: Tyranitar|80/100\n|\n|-weather|Sandstorm|[upkeep]\n|-damage|p1a: Weezing|179/252|[from] Sandstorm\n|-heal|p1a: Weezing|194/252|[from] item: Leftovers\n|-heal|p2a: Tyranitar|86/100|[from] item: Leftovers\n|upkeep\n|turn|11\n|inactive|Time left: 300 sec this turn | 300 sec total\n|\n|t:|1783535351\n|switch|p1a: Brute Bonnet|Brute Bonnet, L80|309/309\n|move|p2a: Tyranitar|Knock Off|p1a: Brute Bonnet\n|-resisted|p1a: Brute Bonnet\n|-damage|p1a: Brute Bonnet|258/309\n|-enditem|p1a: Brute Bonnet|Leftovers|[from] move: Knock Off|[of] p2a: Tyranitar\n|\n|-weather|Sandstorm|[upkeep]\n|-damage|p1a: Brute Bonnet|239/309|[from] Sandstorm\n|-heal|p2a: Tyranitar|92/100|[from] item: Leftovers\n|upkeep\n|turn|12\n|inactive|Time left: 300 sec this turn | 300 sec total\n|\n|t:|1783535352\n|move|p2a: Tyranitar|Stone Edge|p1a: Brute Bonnet\n|-damage|p1a: Brute Bonnet|128/309\n|move|p1a: Brute Bonnet|Close Combat|p2a: Tyranitar\n|-supereffective|p2a: Tyranitar\n|-damage|p2a: Tyranitar|0 fnt\n|-unboost|p1a: Brute Bonnet|def|1\n|-unboost|p1a: Brute Bonnet|spd|1\n|faint|p2a: Tyranitar\n|\n|-weather|Sandstorm|[upkeep]\n|-damage|p1a: Brute Bonnet|109/309|[from] Sandstorm\n|upkeep\n|\n|t:|1783535353\n|switch|p2a: Eiscue|Eiscue, L88, M|100/100\n|turn|13\n|inactive|Time left: 300 sec this turn | 300 sec total\n|\n|t:|1783535354\n|move|p2a: Eiscue|Ice Spinner|p1a: Brute Bonnet\n|-supereffective|p1a: Brute Bonnet\n|-damage|p1a: Brute Bonnet|0 fnt\n|faint|p1a: Brute Bonnet\n|-end|p1a: Brute Bonnet|Protosynthesis|[silent]\n|\n|-weather|Sandstorm|[upkeep]\n|-damage|p2a: Eiscue|94/100|[from] Sandstorm\n|upkeep\n|inactive|Time left: 300 sec this turn | 300 sec total | 5 sec grace\n|\n|t:|1783535355\n|switch|p1a: Weezing|Weezing-Galar, L86, M|194/252\n|turn|14\n|inactive|Time left: 300 sec this turn | 300 sec total\n|\n|t:|1783535356\n|move|p1a: Weezing|Fire Blast|p2a: Eiscue\n|-supereffective|p2a: Eiscue\n|-damage|p2a: Eiscue|44/100\n|-enditem|p2a: Eiscue|Sitrus Berry|[eat]\n|-heal|p2a: Eiscue|69/100|[from] item: Sitrus Berry\n|move|p2a: Eiscue|Belly Drum|p2a: Eiscue\n|-damage|p2a: Eiscue|19/100\n|-setboost|p2a: Eiscue|atk|6|[from] move: Belly Drum\n|\n|-weather|none\n|-heal|p1a: Weezing|209/252|[from] item: Leftovers\n|upkeep\n|turn|15\n|inactive|Time left: 300 sec this turn | 300 sec total\n|\n|t:|1783535357\n|switch|p2a: Delphox|Delphox, L84, F|100/100\n|move|p1a: Weezing|Strange Steam|p2a: Delphox|[miss]\n|-miss|p1a: Weezing|p2a: Delphox\n|\n|-heal|p1a: Weezing|224/252|[from] item: Leftovers\n|upkeep\n|turn|16\n|inactive|Time left: 300 sec this turn | 300 sec total\n|\n|t:|1783535358\n|move|p2a: Delphox|Fire Blast|p1a: Weezing\n|-damage|p1a: Weezing|14/252\n|move|p1a: Weezing|Gunk Shot|p2a: Delphox\n|-damage|p2a: Delphox|45/100\n|\n|-heal|p1a: Weezing|29/252|[from] item: Leftovers\n|upkeep\n|turn|17\n|inactive|Time left: 300 sec this turn | 300 sec total\n|\n|t:|1783535359\n|switch|p1a: Jirachi|Jirachi, L80|291/291\n|move|p2a: Delphox|Fire Blast|p1a: Jirachi\n|-supereffective|p1a: Jirachi\n|-damage|p1a: Jirachi|0 fnt\n|faint|p1a: Jirachi\n|\n|upkeep\n|inactive|Time left: 300 sec this turn | 300 sec total | 5 sec grace\n|\n|t:|1783535360\n|switch|p1a: Weezing|Weezing-Galar, L86, M|29/252\n|turn|18\n|inactive|Time left: 300 sec this turn | 300 sec total\n|\n|t:|1783535361\n|-terastallize|p1a: Weezing|Steel\n|move|p2a: Delphox|Fire Blast|p1a: Weezing\n|-supereffective|p1a: Weezing\n|-damage|p1a: Weezing|0 fnt\n|faint|p1a: Weezing\n|\n|win|p0y137aee6", "uploadtime": 1783535361, "views": 0, "rating": 0, "private": 0, "password": null, "_winner": "p0y137aee6", "_our_name": "p0x137e205"}