{"id": "battle-gen9randombattle-655", "formatid": "gen9randombattle", "format": "[Gen 9] Random Battle", "players": ["p0x655a20a", "p0y655956e"], "log": "|init|battle\n|title|p0x655a20a vs. p0y655956e\n|j|\u2606p0x655a20a\n|j|\u2606p0y655956e\n|t:|1783546694\n|gametype|singles\n|player|p1|p0x655a20a|170|\n|player|p2|p0y655956e|1|\n|gen|9\n|tier|[Gen 9] Random Battle\n|rule|Species Clause: Limit one of each Pok\u00e9mon\n|rule|HP Percentage Mod: HP is shown in percentages\n|rule|Sleep Clause Mod: Limit one foe put to sleep\n|rule|Illusion Level Mod: Illusion disguises the Pok\u00e9mon's true level\n|\n|t:|1783546694\n|teamsize|p1|6\n|teamsize|p2|6\n|start\n|switch|p1a: Minior|Minior-Yellow, L79|100/100\n|switch|p2a: Amoonguss|Amoonguss, L82, F|321/321\n|-formechange|p1a: Minior|Minior-Meteor||[from] ability: Shields Down\n|turn|1\n|inactive|Battle timer is ON: inactive players will automatically lose when time's up. (requested by p0x655a20a)\n|inactive|Time left: 300 sec this turn | 300 sec total | 60 sec grace\n|inactive|p0y655956e also wants the timer to be on.\n|\n|t:|1783546696\n|switch|p2a: Rhydon|Rhydon, L85, F|317/317\n|move|p1a: Minior|Shell Smash|p1a: Minior\n|-unboost|p1a: Minior|def|1\n|-unboost|p1a: Minior|spd|1\n|-boost|p1a: Minior|atk|2\n|-boost|p1a: Minior|spa|2\n|-boost|p1a: Minior|spe|2\n|-enditem|p1a: Minior|White Herb\n|-clearnegativeboost|p1a: Minior|[silent]\n|\n|upkeep\n|turn|2\n|inactive|Time left: 300 sec this turn | 300 sec total\n|\n|t:|1783546698\n|move|p1a: Minior|Power Gem|p2a: Rhydon\n|-resisted|p2a: Rhydon\n|-damage|p2a: Rhydon|260/317\n|move|p2a: Rhydon|Stone Edge|p1a: Minior\n|-supereffective|p1a: Minior\n|-damage|p1a: Minior|0 fnt\n|faint|p1a: Minior\n|\n|upkeep\n|\n|t:|1783546699\n|switch|p1a: Annihilape|Annihilape, L76, F|100/100\n|turn|3\n|inactive|Time left: 300 sec this turn | 300 sec total\n|\n|t:|1783546700\n|move|p1a: Annihilape|Bulk Up|p1a: Annihilape\n|-boost|p1a: Annihilape|atk|1\n|-boost|p1a: Annihilape|def|1\n|move|p2a: Rhydon|Earthquake|p1a: Annihilape\n|-damage|p1a: Annihilape|64/100\n|\n|-heal|p1a: Annihilape|70/100|[from] item: Leftovers\n|upkeep\n|turn|4\n|inactive|Time left: 300 sec this turn | 300 sec total\n|\n|t:|1783546701\n|move|p1a: Annihilape|Drain Punch|p2a: Rhydon\n|-supereffective|p2a: Rhydon\n|-damage|p2a: Rhydon|152/317\n|-heal|p1a: Annihilape|88/100|[from] drain|[of] p2a: Rhydon\n|move|p2a: Rhydon|Earthquake|p1a: Annihilape\n|-damage|p1a: Annihilape|49/100\n|\n|-heal|p1a: Annihilape|55/100|[from] item: Leftovers\n|upkeep\n|turn|5\n|inactive|Time left: 300 sec this turn | 300 sec total\n|\n|t:|1783546702\n|move|p1a: Annihilape|Drain Punch|p2a: Rhydon\n|-supereffective|p2a: Rhydon\n|-damage|p2a: Rhydon|36/317\n|-heal|p1a: Annihilape|75/100|[from] drain|[of] p2a: Rhydon\n|move|p2a: Rhydon|Earthquake|p1a: Annihilape\n|-damage|p1a: Annihilape|40/100\n|\n|-heal|p1a: Annihilape|46/100|[from] item: Leftovers\n|upkeep\n|turn|6\n|inactive|Time left: 300 sec this turn | 300 sec total\n|\n|t:|1783546704\n|switch|p2a: Gothitelle|Gothitelle, L90, F|272/272\n|move|p1a: Annihilape|Drain Punch|p2a: Gothitelle\n|-resisted|p2a: Gothitelle\n|-damage|p2a: Gothitelle|227/272\n|-heal|p1a: Annihilape|54/100|[from] drain|[of] p2a: Gothitelle\n|\n|-heal|p1a: Annihilape|60/100|[from] item: Leftovers\n|-heal|p2a: Gothitelle|244/272|[from] item: Leftovers\n|upkeep\n|turn|7\n|inactive|Time left: 300 sec this turn | 300 sec total\n|\n|t:|1783546705\n|-terastallize|p1a: Annihilape|Fairy\n|move|p1a: Annihilape|Rage Fist|p2a: Gothitelle\n|-supereffective|p2a: Gothitelle\n|-damage|p2a: Gothitelle|0 fnt\n|faint|p2a: Gothitelle\n|\n|-heal|p1a: Annihilape|66/100|[from] item: Leftovers\n|upkeep\n|inactive|Time left: 300 sec this turn | 300 sec total | 5 sec grace\n|\n|t:|1783546706\n|switch|p2a: Gengar|Gengar, L81, M|230/230\n|turn|8\n|inactive|Time left: 300 sec this turn | 300 sec total\n|\n|t:|1783546707\n|switch|p1a: Arceus|Arceus-Rock, L74|100/100\n|move|p2a: Gengar|Sludge Wave|p1a: Arceus\n|-resisted|p1a: Arceus\n|-damage|p1a: Arceus|79/100\n|-damage|p2a: Gengar|207/230|[from] item: Life Orb\n|\n|upkeep\n|turn|9\n|inactive|Time left: 300 sec this turn | 300 sec total\n|\n|t:|1783546708\n|move|p2a: Gengar|Focus Blast|p1a: Arceus|[miss]\n|-miss|p2a: Gengar|p1a: Arceus\n|move|p1a: Arceus|Judgment|p2a: Gengar\n|-damage|p2a: Gengar|74/230\n|\n|upkeep\n|turn|10\n|inactive|Time left: 300 sec this turn | 300 sec total\n|\n|t:|1783546709\n|move|p2a: Gengar|Focus Blast|p1a: Arceus\n|-supereffective|p1a: Arceus\n|-damage|p1a: Arceus|9/100\n|-damage|p2a: Gengar|51/230|[from] item: Life Orb\n|move|p1a: Arceus|Judgment|p2a: Gengar\n|-damage|p2a: Gengar|0 fnt\n|faint|p2a: Gengar\n|\n|upkeep\n|inactive|Time left: 300 sec this turn | 300 sec total | 5 sec grace\n|\n|t:|1783546710\n|switch|p2a: Great Tusk|Great Tusk, L77|304/304\n|-enditem|p2a: Great Tusk|Booster Energy\n|-activate|p2a: Great Tusk|ability: Protosynthesis|[fromitem]\n|-start|p2a: Great Tusk|protosynthesisatk\n|turn|11\n|inactive|Time left: 300 sec this turn | 300 sec total\n|\n|t:|1783546711\n|move|p1a: Arceus|Fire Blast|p2a: Great Tusk\n|-damage|p2a: Great Tusk|198/304\n|move|p2a: Great Tusk|Earthquake|p1a: Arceus\n|-supereffective|p1a: Arceus\n|-damage|p1a: Arceus|0 fnt\n|faint|p1a: Arceus\n|\n|upkeep\n|\n|t:|1783546712\n|switch|p1a: Rotom|Rotom-Fan, L86|100/100\n|turn|12\n|inactive|Time left: 300 sec this turn | 300 sec total\n|\n|t:|1783546714\n|-end|p2a: Great Tusk|Protosynthesis|[silent]\n|switch|p2a: Amoonguss|Amoonguss, L82, F|321/321\n|move|p1a: Rotom|Air Slash|p2a: Amoonguss|[miss]\n|-miss|p1a: Rotom|p2a: Amoonguss\n|\n|upkeep\n|turn|13\n|inactive|Time left: 300 sec this turn | 300 sec total\n|\n|t:|1783546715\n|move|p1a: Rotom|Air Slash|p2a: Amoonguss\n|-supereffective|p2a: Amoonguss\n|-damage|p2a: Amoonguss|141/321\n|move|p2a: Amoonguss|Spore|p1a: Rotom\n|-status|p1a: Rotom|slp|[from] move: Spore\n|\n|-heal|p2a: Amoonguss|161/321|[from] item: Leftovers\n|upkeep\n|turn|14\n|inactive|Time left: 300 sec this turn | 300 sec total\n|\n|t:|1783546716\n|switch|p1a: Florges|Florges-Yellow, L85, F|100/100\n|switch|p2a: Great Tusk|Great Tusk, L77|198/304\n|\n|upkeep\n|turn|15\n|inactive|Time left: 300 sec this turn | 300 sec total\n|\n|t:|1783546717\n|-end|p2a: Great Tusk|Protosynthesis|[silent]\n|switch|p2a: Amoonguss|Amoonguss, L82, F|268/321\n|move|p1a: Florges|Moonblast|p2a: Amoonguss\n|-resisted|p2a: Amoonguss\n|-damage|p2a: Amoonguss|209/321\n|\n|-heal|p2a: Amoonguss|229/321|[from] item: Leftovers\n|upkeep\n|turn|16\n|inactive|Time left: 300 sec this turn | 300 sec total\n|\n|t:|1783546718\n|move|p1a: Florges|Calm Mind|p1a: Florges\n|-boost|p1a: Florges|spa|1\n|-boost|p1a: Florges|spd|1\n|move|p2a: Amoonguss|Sludge Bomb|p1a: Florges\n|-supereffective|p1a: Florges\n|-damage|p1a: Florges|73/100\n|\n|-heal|p1a: Florges|79/100|[from] item: Leftovers\n|-heal|p2a: Amoonguss|249/321|[from] item: Leftovers\n|upkeep\n|turn|17\n|inactive|Time left: 300 sec this turn | 300 sec total\n|\n|t:|1783546719\n|move|p1a: Florges|Calm Mind|p1a: Florges\n|-boost|p1a: Florges|spa|1\n|-boost|p1a: Florges|spd|1\n|move|p2a: Amoonguss|Sludge Bomb|p1a: Florges\n|-supereffective|p1a: Florges\n|-damage|p1a: Florges|59/100\n|\n|-heal|p1a: Florges|65/100|[from] item: Leftovers\n|-heal|p2a: Amoonguss|269/321|[from] item: Leftovers\n|upkeep\n|turn|18\n|inactive|Time left: 300 sec this turn | 300 sec total\n|\n|t:|1783546720\n|move|p1a: Florges|Moonblast|p2a: Amoonguss\n|-resisted|p2a: Amoonguss\n|-damage|p2a: Amoonguss|143/321\n|-unboost|p2a: Amoonguss|spa|1\n|move|p2a: Amoonguss|Sludge Bomb|p1a: Florges\n|-supereffective|p1a: Florges\n|-damage|p1a: Florges|51/100\n|\n|-heal|p1a: Florges|57/100|[from] item: Leftovers\n|-heal|p2a: Amoonguss|163/321|[from] item: Leftovers\n|upkeep\n|turn|19\n|inactive|Time left: 300 sec this turn | 300 sec total\n|\n|t:|1783546721\n|switch|p2a: Rhydon|Rhydon, L85, F|36/317\n|move|p1a: Florges|Moonblast|p2a: Rhydon\n|-damage|p2a: Rhydon|0 fnt\n|faint|p2a: Rhydon\n|\n|-heal|p1a: Florges|63/100|[from] item: Leftovers\n|upkeep\n|inactive|Time left: 300 sec this turn | 300 sec total | 5 sec grace\n|\n|t:|1783546722\n|switch|p2a: Great Tusk|Great Tusk, L77|198/304\n|turn|20\n|inactive|Time left: 300 sec this turn | 300 sec total\n|\n|t:|1783546724\n|-terastallize|p2a: Great Tusk|Steel\n|move|p2a: Great Tusk|Earthquake|p1a: Florges\n|-damage|p1a: Florges|10/100\n|move|p1a: Florges|Moonblast|p2a: Great Tusk\n|-resisted|p2a: Great Tusk\n|-damage|p2a: Great Tusk|7/304\n|\n|-heal|p1a: Florges|16/100|[from] item: Leftovers\n|upkeep\n|turn|21\n|inactive|Time left: 300 sec this turn | 300 sec total\n|\n|t:|1783546725\n|switch|p1a: Annihilape|Annihilape, L76, F, tera:Fairy|66/100\n|move|p2a: Great Tusk|Earthquake|p1a: Annihilape\n|-damage|p1a: Annihilape|22/100\n|\n|-heal|p1a: Annihilape|28/100|[from] item: Leftovers\n|upkeep\n|turn|22\n|inactive|Time left: 300 sec this turn | 300 sec total\n|\n|t:|1783546726\n|-end|p2a: Great Tusk|Protosynthesis|[silent]\n|switch|p2a: Amoonguss|Amoonguss, L82, F|270/321\n|move|p1a: Annihilape|Rage Fist|p2a: Amoonguss\n|-damage|p2a: Amoonguss|0 fnt\n|faint|p2a: Amoonguss\n|\n|-heal|p1a: Annihilape|34/100|[from] item: Leftovers\n|upkeep\n|inactive|Time left: 300 sec this turn | 300 sec total | 5 sec grace\n|\n|t:|1783546727\n|switch|p2a: Great Tusk|Great Tusk, L77, tera:Steel|7/304\n|turn|23\n|inactive|Time left: 300 sec this turn | 300 sec total\n|\n|t:|1783546728\n|-end|p2a: Great Tusk|Protosynthesis|[silent]\n|switch|p2a: Ditto|Ditto, L87|225/225\n|-transform|p2a: Ditto|p1a: Annihilape|[from] ability: Imposter\n|move|p1a: Annihilape|Drain Punch|p2a: Ditto\n|-immune|p2a: Ditto\n|\n|-heal|p1a: Annihilape|40/100|[from] item: Leftovers\n|upkeep\n|turn|24\n|inactive|Time left: 300 sec this turn | 300 sec total\n|\n|t:|1783546729\n|switch|p1a: Mewtwo|Mewtwo, L72|100/100\n|-ability|p1a: Mewtwo|Pressure\n|move|p2a: Ditto|Gunk Shot|p1a: Mewtwo\n|-damage|p1a: Mewtwo|63/100\n|\n|upkeep\n|turn|25\n|inactive|Time left: 300 sec this turn | 300 sec total\n|\n|t:|1783546730\n|switch|p2a: Great Tusk|Great Tusk, L77, tera:Steel|7/304\n|move|p1a: Mewtwo|Psystrike|p2a: Great Tusk\n|-resisted|p2a: Great Tusk\n|-damage|p2a: Great Tusk|0 fnt\n|faint|p2a: Great Tusk\n|-end|p2a: Great Tusk|Protosynthesis|[silent]\n|-damage|p1a: Mewtwo|53/100|[from] item: Life Orb\n|\n|upkeep\n|inactive|Time left: 300 sec this turn | 300 sec total | 5 sec grace\n|\n|t:|1783546731\n|switch|p2a: Ditto|Ditto, L87|225/225\n|-transform|p2a: Ditto|p1a: Mewtwo|[from] ability: Imposter\n|-ability|p2a: Ditto|Pressure\n|turn|26\n|inactive|Time left: 300 sec this turn | 300 sec total\n|\n|t:|1783546732\n|move|p2a: Ditto|Fire Blast|p1a: Mewtwo\n|-damage|p1a: Mewtwo|8/100\n|move|p1a: Mewtwo|Dark Pulse|p2a: Ditto\n|-supereffective|p2a: Ditto\n|-damage|p2a: Ditto|38/225\n|-damage|p1a: Mewtwo|0 fnt|[from] item: Life Orb\n|faint|p1a: Mewtwo\n|\n|upkeep\n|\n|t:|1783546733\n|switch|p1a: Annihilape|Annihilape, L76, F, tera:Fairy|40/100\n|turn|27\n|inactive|Time left: 300 sec this turn | 300 sec total\n|\n|t:|1783546734\n|move|p2a: Ditto|Fire Blast|p1a: Annihilape\n|-damage|p1a: Annihilape|2/100\n|move|p1a: Annihilape|Rage Fist|p2a: Ditto\n|-supereffective|p2a: Ditto\n|-damage|p2a: Ditto|0 fnt\n|faint|p2a: Ditto\n|\n|win|p0x655a20a", "uploadtime": 1783546734, "views": 0, "rating": 0, "private": 0, "password": null, "_winner": "p0x655a20a", "_our_name": "p0y655956e"}