{"id": "battle-gen9randombattle-2964", "formatid": "gen9randombattle", "format": "[Gen 9] Random Battle", "players": ["p0x29643f3c", "p0y2964736e"], "log": "|init|battle\n|title|p0x29643f3c vs. p0y2964736e\n|j|\u2606p0x29643f3c\n|j|\u2606p0y2964736e\n|t:|1783574118\n|gametype|singles\n|player|p1|p0x29643f3c|265|\n|player|p2|p0y2964736e|169|\n|gen|9\n|tier|[Gen 9] Random Battle\n|rule|Species Clause: Limit one of each Pok\u00e9mon\n|rule|HP Percentage Mod: HP is shown in percentages\n|rule|Sleep Clause Mod: Limit one foe put to sleep\n|rule|Illusion Level Mod: Illusion disguises the Pok\u00e9mon's true level\n|\n|t:|1783574118\n|teamsize|p1|6\n|teamsize|p2|6\n|start\n|switch|p1a: Klawf|Klawf, L90, F|100/100\n|switch|p2a: Plusle|Plusle, L95, M|268/268\n|turn|1\n|inactive|Battle timer is ON: inactive players will automatically lose when time's up. (requested by p0x29643f3c)\n|inactive|Time left: 300 sec this turn | 300 sec total | 60 sec grace\n|inactive|p0y2964736e also wants the timer to be on.\n|\n|t:|1783574120\n|move|p2a: Plusle|Thunderbolt|p1a: Klawf\n|-damage|p1a: Klawf|27/100\n|-damage|p2a: Plusle|242/268|[from] item: Life Orb\n|move|p1a: Klawf|High Horsepower|p2a: Plusle\n|-supereffective|p2a: Plusle\n|-damage|p2a: Plusle|0 fnt\n|faint|p2a: Plusle\n|\n|upkeep\n|inactive|Time left: 300 sec this turn | 300 sec total | 65 sec grace\n|\n|t:|1783574121\n|switch|p2a: Kingambit|Kingambit, L74, F|270/270\n|-activate|p2a: Kingambit|ability: Supreme Overlord\n|-start|p2a: Kingambit|fallen1|[silent]\n|turn|2\n|inactive|Time left: 300 sec this turn | 300 sec total\n|\n|t:|1783574123\n|switch|p1a: Luxray|Luxray, L88, F|100/100\n|move|p2a: Kingambit|Swords Dance|p2a: Kingambit\n|-boost|p2a: Kingambit|atk|2\n|\n|-status|p1a: Luxray|brn|[from] item: Flame Orb\n|upkeep\n|turn|3\n|inactive|Time left: 300 sec this turn | 300 sec total\n|\n|t:|1783574124\n|move|p1a: Luxray|Supercell Slam|p2a: Kingambit\n|-damage|p2a: Kingambit|99/270\n|move|p2a: Kingambit|Kowtow Cleave|p1a: Luxray\n|-damage|p1a: Luxray|22/100 brn\n|\n|-heal|p2a: Kingambit|115/270|[from] item: Leftovers\n|-damage|p1a: Luxray|16/100 brn|[from] brn\n|upkeep\n|turn|4\n|inactive|Time left: 300 sec this turn | 300 sec total\n|\n|t:|1783574125\n|switch|p1a: Klawf|Klawf, L90, F|60/100\n|move|p2a: Kingambit|Sucker Punch||[still]\n|-fail|p2a: Kingambit\n|\n|-heal|p2a: Kingambit|131/270|[from] item: Leftovers\n|upkeep\n|turn|5\n|inactive|Time left: 300 sec this turn | 300 sec total\n|\n|t:|1783574126\n|move|p1a: Klawf|High Horsepower|p2a: Kingambit\n|-supereffective|p2a: Kingambit\n|-damage|p2a: Kingambit|0 fnt\n|faint|p2a: Kingambit\n|-end|p2a: Kingambit|fallen1|[silent]\n|\n|upkeep\n|inactive|Time left: 300 sec this turn | 300 sec total | 5 sec grace\n|\n|t:|1783574127\n|switch|p2a: Grumpig|Grumpig, L92, M|297/297\n|turn|6\n|inactive|Time left: 300 sec this turn | 300 sec total\n|\n|t:|1783574129\n|switch|p1a: Oranguru|Oranguru, L92, F|100/100\n|move|p2a: Grumpig|Focus Blast|p1a: Oranguru|[miss]\n|-miss|p2a: Grumpig|p1a: Oranguru\n|\n|upkeep\n|turn|7\n|inactive|Time left: 300 sec this turn | 300 sec total\n|\n|t:|1783574130\n|move|p2a: Grumpig|Focus Blast|p1a: Oranguru\n|-damage|p1a: Oranguru|77/100\n|move|p1a: Oranguru|Nasty Plot|p1a: Oranguru\n|-boost|p1a: Oranguru|spa|2\n|\n|-heal|p1a: Oranguru|83/100|[from] item: Leftovers\n|upkeep\n|turn|8\n|inactive|Time left: 300 sec this turn | 300 sec total\n|\n|t:|1783574131\n|move|p2a: Grumpig|Focus Blast|p1a: Oranguru\n|-damage|p1a: Oranguru|60/100\n|move|p1a: Oranguru|Psyshock|p2a: Grumpig\n|-resisted|p2a: Grumpig\n|-damage|p2a: Grumpig|183/297\n|\n|-heal|p1a: Oranguru|67/100|[from] item: Leftovers\n|upkeep\n|turn|9\n|inactive|Time left: 300 sec this turn | 300 sec total\n|\n|t:|1783574132\n|move|p2a: Grumpig|Focus Blast|p1a: Oranguru\n|-damage|p1a: Oranguru|45/100\n|move|p1a: Oranguru|Psyshock|p2a: Grumpig\n|-resisted|p2a: Grumpig\n|-damage|p2a: Grumpig|83/297\n|\n|-heal|p1a: Oranguru|51/100|[from] item: Leftovers\n|upkeep\n|turn|10\n|inactive|Time left: 300 sec this turn | 300 sec total\n|\n|t:|1783574134\n|move|p2a: Grumpig|Focus Blast|p1a: Oranguru|[miss]\n|-miss|p2a: Grumpig|p1a: Oranguru\n|move|p1a: Oranguru|Psyshock|p2a: Grumpig\n|-resisted|p2a: Grumpig\n|-damage|p2a: Grumpig|0 fnt\n|faint|p2a: Grumpig\n|\n|-heal|p1a: Oranguru|57/100|[from] item: Leftovers\n|upkeep\n|inactive|Time left: 300 sec this turn | 300 sec total | 5 sec grace\n|\n|t:|1783574135\n|switch|p2a: Grafaiai|Grafaiai, L86, F|249/249\n|turn|11\n|inactive|Time left: 300 sec this turn | 300 sec total\n|\n|t:|1783574136\n|-terastallize|p2a: Grafaiai|Dark\n|-terastallize|p1a: Oranguru|Electric\n|move|p2a: Grafaiai|Knock Off|p1a: Oranguru\n|-damage|p1a: Oranguru|24/100\n|-enditem|p1a: Oranguru|Leftovers|[from] move: Knock Off|[of] p2a: Grafaiai\n|move|p1a: Oranguru|Thunderbolt|p2a: Grafaiai\n|-damage|p2a: Grafaiai|12/249\n|\n|upkeep\n|turn|12\n|inactive|Time left: 300 sec this turn | 300 sec total\n|\n|t:|1783574137\n|move|p2a: Grafaiai|Gunk Shot|p1a: Oranguru\n|-damage|p1a: Oranguru|0 fnt\n|faint|p1a: Oranguru\n|\n|upkeep\n|\n|t:|1783574138\n|switch|p1a: Barraskewda|Barraskewda, L81, M|100/100\n|turn|13\n|inactive|Time left: 300 sec this turn | 300 sec total\n|\n|t:|1783574139\n|switch|p2a: Houndstone|Houndstone, L86, F|264/264\n|move|p1a: Barraskewda|Flip Turn|p2a: Houndstone\n|-damage|p2a: Houndstone|216/264\n|\n|t:|1783574140\n|switch|p1a: Klawf|Klawf, L90, F|93/100|[from] Flip Turn\n|\n|-heal|p2a: Houndstone|232/264|[from] item: Leftovers\n|upkeep\n|turn|14\n|inactive|Time left: 300 sec this turn | 300 sec total\n|\n|t:|1783574141\n|move|p1a: Klawf|Stone Edge|p2a: Houndstone\n|-damage|p2a: Houndstone|73/264\n|move|p2a: Houndstone|Poltergeist|p1a: Klawf\n|-activate|p1a: Klawf|move: Poltergeist|Choice Band\n|-damage|p1a: Klawf|58/100\n|\n|-heal|p2a: Houndstone|89/264|[from] item: Leftovers\n|upkeep\n|turn|15\n|inactive|Time left: 300 sec this turn | 300 sec total\n|\n|t:|1783574142\n|switch|p2a: Grafaiai|Grafaiai, L86, F, tera:Dark|12/249\n|move|p1a: Klawf|Stone Edge|p2a: Grafaiai\n|-damage|p2a: Grafaiai|0 fnt\n|faint|p2a: Grafaiai\n|\n|upkeep\n|inactive|Time left: 300 sec this turn | 300 sec total | 5 sec grace\n|\n|t:|1783574143\n|switch|p2a: Deoxys|Deoxys, L74|196/196\n|-ability|p2a: Deoxys|Pressure\n|turn|16\n|inactive|Time left: 300 sec this turn | 300 sec total\n|\n|t:|1783574144\n|switch|p1a: Regigigas|Regigigas, L84|100/100\n|-start|p1a: Regigigas|ability: Slow Start\n|move|p2a: Deoxys|Psycho Boost|p1a: Regigigas\n|-damage|p1a: Regigigas|44/100\n|-unboost|p2a: Deoxys|spa|2\n|-damage|p2a: Deoxys|177/196|[from] item: Life Orb\n|\n|-heal|p1a: Regigigas|50/100|[from] item: Leftovers\n|upkeep\n|turn|17\n|inactive|Time left: 300 sec this turn | 300 sec total\n|\n|t:|1783574145\n|switch|p1a: Oricorio|Oricorio, L84, M|100/100\n|move|p2a: Deoxys|Superpower|p1a: Oricorio\n|-resisted|p1a: Oricorio\n|-damage|p1a: Oricorio|73/100\n|-unboost|p2a: Deoxys|atk|1\n|-unboost|p2a: Deoxys|def|1\n|-damage|p2a: Deoxys|158/196|[from] item: Life Orb\n|\n|upkeep\n|turn|18\n|inactive|Time left: 300 sec this turn | 300 sec total\n|\n|t:|1783574146\n|move|p2a: Deoxys|Psycho Boost|p1a: Oricorio\n|-damage|p1a: Oricorio|24/100\n|-unboost|p2a: Deoxys|spa|2\n|-damage|p2a: Deoxys|139/196|[from] item: Life Orb\n|move|p1a: Oricorio|Revelation Dance|p2a: Deoxys\n|-damage|p2a: Deoxys|0 fnt\n|faint|p2a: Deoxys\n|\n|upkeep\n|inactive|Time left: 300 sec this turn | 300 sec total | 5 sec grace\n|\n|t:|1783574147\n|switch|p2a: Houndstone|Houndstone, L86, F|89/264\n|turn|19\n|inactive|Time left: 300 sec this turn | 300 sec total\n|\n|t:|1783574148\n|move|p1a: Oricorio|Revelation Dance|p2a: Houndstone\n|-damage|p2a: Houndstone|0 fnt\n|faint|p2a: Houndstone\n|\n|win|p0x29643f3c", "uploadtime": 1783574148, "views": 0, "rating": 0, "private": 0, "password": null, "_winner": "p0x29643f3c", "_our_name": "p0y2964736e"}