{"id": "battle-gen9randombattle-1714", "formatid": "gen9randombattle", "format": "[Gen 9] Random Battle", "players": ["p0x171424b1", "p0y17144a93"], "log": "|init|battle\n|title|p0x171424b1 vs. p0y17144a93\n|j|\u2606p0x171424b1\n|j|\u2606p0y17144a93\n|t:|1783559838\n|gametype|singles\n|player|p1|p0x171424b1|266|\n|player|p2|p0y17144a93|265|\n|gen|9\n|tier|[Gen 9] Random Battle\n|rule|Species Clause: Limit one of each Pok\u00e9mon\n|rule|HP Percentage Mod: HP is shown in percentages\n|rule|Sleep Clause Mod: Limit one foe put to sleep\n|rule|Illusion Level Mod: Illusion disguises the Pok\u00e9mon's true level\n|\n|t:|1783559838\n|teamsize|p1|6\n|teamsize|p2|6\n|start\n|switch|p1a: Scyther|Scyther, L82, F|100/100\n|switch|p2a: Dudunsparce|Dudunsparce-Three-Segment, L83, F|343/343\n|turn|1\n|inactive|Battle timer is ON: inactive players will automatically lose when time's up. (requested by p0y17144a93)\n|inactive|p0x171424b1 also wants the timer to be on.\n|\n|t:|1783559840\n|switch|p1a: Slaking|Slaking, L84, F|100/100\n|move|p2a: Dudunsparce|Boomburst|p1a: Slaking\n|-damage|p1a: Slaking|60/100\n|\n|upkeep\n|turn|2\n|inactive|Time left: 300 sec this turn | 300 sec total\n|\n|t:|1783559841\n|switch|p2a: Registeel|Registeel, L81|262/262\n|move|p1a: Slaking|Giga Impact|p2a: Registeel\n|-resisted|p2a: Registeel\n|-damage|p2a: Registeel|134/262\n|-mustrecharge|p1a: Slaking\n|\n|upkeep\n|turn|3\n|inactive|Time left: 300 sec this turn | 300 sec total\n|\n|t:|1783559842\n|cant|p1a: Slaking|recharge\n|move|p2a: Registeel|Iron Defense|p2a: Registeel\n|-boost|p2a: Registeel|def|2\n|\n|upkeep\n|turn|4\n|inactive|Time left: 300 sec this turn | 300 sec total\n|\n|t:|1783559843\n|move|p1a: Slaking|Giga Impact|p2a: Registeel\n|-resisted|p2a: Registeel\n|-damage|p2a: Registeel|77/262\n|-mustrecharge|p1a: Slaking\n|move|p2a: Registeel|Body Press|p1a: Slaking\n|-supereffective|p1a: Slaking\n|-damage|p1a: Slaking|0 fnt\n|faint|p1a: Slaking\n|\n|upkeep\n|\n|t:|1783559844\n|switch|p1a: Glimmora|Glimmora, L75, F|100/100\n|turn|5\n|inactive|Time left: 300 sec this turn | 300 sec total\n|\n|t:|1783559845\n|move|p1a: Glimmora|Earth Power|p2a: Registeel\n|-supereffective|p2a: Registeel\n|-damage|p2a: Registeel|0 fnt\n|faint|p2a: Registeel\n|\n|upkeep\n|inactive|Time left: 300 sec this turn | 300 sec total | 5 sec grace\n|\n|t:|1783559846\n|switch|p2a: Medicham|Medicham, L86, F|243/243\n|turn|6\n|inactive|Time left: 300 sec this turn | 300 sec total\n|\n|t:|1783559848\n|switch|p1a: Uxie|Uxie, L83|100/100\n|move|p2a: Medicham|Close Combat|p1a: Uxie\n|-resisted|p1a: Uxie\n|-damage|p1a: Uxie|58/100\n|-unboost|p2a: Medicham|def|1\n|-unboost|p2a: Medicham|spd|1\n|\n|-heal|p1a: Uxie|64/100|[from] item: Leftovers\n|upkeep\n|turn|7\n|inactive|Time left: 300 sec this turn | 300 sec total\n|\n|t:|1783559849\n|move|p1a: Uxie|Stealth Rock|p2a: Medicham\n|-sidestart|p2: p0y17144a93|move: Stealth Rock\n|move|p2a: Medicham|Close Combat|p1a: Uxie\n|-resisted|p1a: Uxie\n|-damage|p1a: Uxie|21/100\n|-unboost|p2a: Medicham|def|1\n|-unboost|p2a: Medicham|spd|1\n|\n|-heal|p1a: Uxie|27/100|[from] item: Leftovers\n|upkeep\n|turn|8\n|inactive|Time left: 300 sec this turn | 300 sec total\n|\n|t:|1783559850\n|move|p1a: Uxie|Knock Off|p2a: Medicham\n|-damage|p2a: Medicham|128/243\n|-enditem|p2a: Medicham|Choice Band|[from] move: Knock Off|[of] p1a: Uxie\n|move|p2a: Medicham|Close Combat|p1a: Uxie\n|-resisted|p1a: Uxie\n|-damage|p1a: Uxie|3/100\n|-unboost|p2a: Medicham|def|1\n|-unboost|p2a: Medicham|spd|1\n|\n|-heal|p1a: Uxie|9/100|[from] item: Leftovers\n|upkeep\n|turn|9\n|inactive|Time left: 300 sec this turn | 300 sec total\n|\n|t:|1783559851\n|switch|p2a: Dudunsparce|Dudunsparce-Three-Segment, L83, F|343/343\n|-damage|p2a: Dudunsparce|301/343|[from] Stealth Rock\n|move|p1a: Uxie|Psychic Noise|p2a: Dudunsparce\n|-damage|p2a: Dudunsparce|226/343\n|-start|p2a: Dudunsparce|move: Heal Block\n|\n|-heal|p1a: Uxie|15/100|[from] item: Leftovers\n|upkeep\n|turn|10\n|inactive|Time left: 300 sec this turn | 300 sec total\n|\n|t:|1783559852\n|switch|p1a: Blastoise|Blastoise, L80, M|100/100\n|move|p2a: Dudunsparce|Boomburst|p1a: Blastoise\n|-crit|p1a: Blastoise\n|-damage|p1a: Blastoise|32/100\n|\n|-end|p2a: Dudunsparce|move: Heal Block\n|upkeep\n|turn|11\n|inactive|Time left: 300 sec this turn | 300 sec total\n|\n|t:|1783559853\n|move|p1a: Blastoise|Hydro Pump|p2a: Dudunsparce\n|-damage|p2a: Dudunsparce|60/343\n|move|p2a: Dudunsparce|Boomburst|p1a: Blastoise\n|-damage|p1a: Blastoise|0 fnt\n|faint|p1a: Blastoise\n|\n|-heal|p2a: Dudunsparce|81/343|[from] item: Leftovers\n|upkeep\n|\n|t:|1783559854\n|switch|p1a: Glimmora|Glimmora, L75, F|100/100\n|turn|12\n|inactive|Time left: 300 sec this turn | 300 sec total\n|\n|t:|1783559855\n|move|p1a: Glimmora|Meteor Beam||[still]\n|-prepare|p1a: Glimmora|Meteor Beam\n|-boost|p1a: Glimmora|spa|1\n|-enditem|p1a: Glimmora|Power Herb\n|-anim|p1a: Glimmora|Meteor Beam|p2a: Dudunsparce\n|-damage|p2a: Dudunsparce|0 fnt\n|faint|p2a: Dudunsparce\n|\n|upkeep\n|inactive|Time left: 300 sec this turn | 300 sec total | 5 sec grace\n|\n|t:|1783559856\n|switch|p2a: Medicham|Medicham, L86, F|128/243\n|-damage|p2a: Medicham|113/243|[from] Stealth Rock\n|turn|13\n|inactive|Time left: 300 sec this turn | 300 sec total\n|\n|t:|1783559857\n|move|p2a: Medicham|Zen Headbutt|p1a: Glimmora|[miss]\n|-miss|p2a: Medicham|p1a: Glimmora\n|move|p1a: Glimmora|Meteor Beam||[still]\n|-prepare|p1a: Glimmora|Meteor Beam\n|-boost|p1a: Glimmora|spa|1\n|\n|upkeep\n|turn|14\n|inactive|Time left: 300 sec this turn | 300 sec total\n|\n|t:|1783559858\n|move|p2a: Medicham|Zen Headbutt|p1a: Glimmora\n|-supereffective|p1a: Glimmora\n|-damage|p1a: Glimmora|0 fnt\n|-activate|p1a: Glimmora|ability: Toxic Debris\n|-sidestart|p2: p0y17144a93|move: Toxic Spikes\n|faint|p1a: Glimmora\n|\n|upkeep\n|\n|t:|1783559859\n|switch|p1a: Scyther|Scyther, L82, F|100/100\n|turn|15\n|inactive|Time left: 300 sec this turn | 300 sec total\n|\n|t:|1783559860\n|move|p2a: Medicham|Bullet Punch|p1a: Scyther\n|-damage|p1a: Scyther|83/100\n|move|p1a: Scyther|Dual Wingbeat|p2a: Medicham\n|-supereffective|p2a: Medicham\n|-damage|p2a: Medicham|0 fnt\n|faint|p2a: Medicham\n|-hitcount|p2: Medicham|1\n|\n|upkeep\n|inactive|Time left: 300 sec this turn | 300 sec total | 5 sec grace\n|\n|t:|1783559861\n|switch|p2a: Hydrapple|Hydrapple, L83, M|312/312\n|-damage|p2a: Hydrapple|273/312|[from] Stealth Rock\n|-status|p2a: Hydrapple|psn\n|turn|16\n|inactive|Time left: 300 sec this turn | 300 sec total\n|\n|t:|1783559862\n|-terastallize|p2a: Hydrapple|Steel\n|move|p1a: Scyther|Dual Wingbeat|p2a: Hydrapple\n|-resisted|p2a: Hydrapple\n|-damage|p2a: Hydrapple|243/312 psn\n|-resisted|p2a: Hydrapple\n|-damage|p2a: Hydrapple|216/312 psn\n|-hitcount|p2a: Hydrapple|2\n|move|p2a: Hydrapple|Fickle Beam|p1a: Scyther|[anim] Fickle Beam All Out\n|-activate|p2a: Hydrapple|move: Fickle Beam\n|-damage|p1a: Scyther|0 fnt\n|faint|p1a: Scyther\n|-damage|p2a: Hydrapple|185/312 psn|[from] item: Life Orb\n|\n|-damage|p2a: Hydrapple|146/312 psn|[from] psn\n|upkeep\n|\n|t:|1783559863\n|switch|p1a: Pachirisu|Pachirisu, L96, F|100/100\n|turn|17\n|inactive|Time left: 300 sec this turn | 300 sec total\n|\n|t:|1783559864\n|move|p1a: Pachirisu|Super Fang|p2a: Hydrapple\n|-damage|p2a: Hydrapple|73/312 psn\n|move|p2a: Hydrapple|Giga Drain|p1a: Pachirisu\n|-damage|p1a: Pachirisu|61/100\n|-heal|p2a: Hydrapple|127/312 psn|[from] drain|[of] p1a: Pachirisu\n|-damage|p2a: Hydrapple|96/312 psn|[from] item: Life Orb\n|\n|-damage|p2a: Hydrapple|57/312 psn|[from] psn\n|upkeep\n|turn|18\n|inactive|Time left: 300 sec this turn | 300 sec total\n|\n|t:|1783559864\n|move|p1a: Pachirisu|Discharge|p2a: Hydrapple\n|-damage|p2a: Hydrapple|0 fnt\n|faint|p2a: Hydrapple\n|\n|upkeep\n|inactive|Time left: 300 sec this turn | 300 sec total | 5 sec grace\n|\n|t:|1783559865\n|switch|p2a: Ursaring|Ursaring, L84, M|288/288\n|-damage|p2a: Ursaring|252/288|[from] Stealth Rock\n|-status|p2a: Ursaring|psn\n|turn|19\n|inactive|Time left: 300 sec this turn | 300 sec total\n|\n|t:|1783559866\n|move|p1a: Pachirisu|Encore||[still]\n|-fail|p1a: Pachirisu\n|move|p2a: Ursaring|Facade|p1a: Pachirisu\n|-damage|p1a: Pachirisu|0 fnt\n|faint|p1a: Pachirisu\n|\n|-damage|p2a: Ursaring|216/288 psn|[from] psn\n|upkeep\n|\n|t:|1783559866\n|switch|p1a: Uxie|Uxie, L83|15/100\n|turn|20\n|inactive|Time left: 300 sec this turn | 300 sec total\n|\n|t:|1783559867\n|move|p2a: Ursaring|Facade|p1a: Uxie\n|-damage|p1a: Uxie|0 fnt\n|faint|p1a: Uxie\n|\n|win|p0y17144a93", "uploadtime": 1783559867, "views": 0, "rating": 0, "private": 0, "password": null, "_winner": "p0y17144a93", "_our_name": "p0y17144a93"}