{"id": "battle-gen9randombattle-2215", "formatid": "gen9randombattle", "format": "[Gen 9] Random Battle", "players": ["p0x2215e6f7", "p0y22159c86"], "log": "|init|battle\n|title|p0x2215e6f7 vs. p0y22159c86\n|j|\u2606p0x2215e6f7\n|j|\u2606p0y22159c86\n|t:|1783564737\n|gametype|singles\n|player|p1|p0x2215e6f7|102|\n|player|p2|p0y22159c86|2|\n|gen|9\n|tier|[Gen 9] Random Battle\n|rule|Species Clause: Limit one of each Pok\u00e9mon\n|rule|HP Percentage Mod: HP is shown in percentages\n|rule|Sleep Clause Mod: Limit one foe put to sleep\n|rule|Illusion Level Mod: Illusion disguises the Pok\u00e9mon's true level\n|\n|t:|1783564737\n|teamsize|p1|6\n|teamsize|p2|6\n|start\n|switch|p1a: Okidogi|Okidogi, L77, M|100/100\n|switch|p2a: Iron Crown|Iron Crown, L78|268/268\n|turn|1\n|inactive|Battle timer is ON: inactive players will automatically lose when time's up. (requested by p0x2215e6f7)\n|inactive|Time left: 300 sec this turn | 300 sec total | 60 sec grace\n|inactive|p0y22159c86 also wants the timer to be on.\n|\n|t:|1783564739\n|-terastallize|p1a: Okidogi|Dark\n|move|p2a: Iron Crown|Psyshock|p1a: Okidogi\n|-immune|p1a: Okidogi\n|move|p1a: Okidogi|Knock Off|p2a: Iron Crown\n|-supereffective|p2a: Iron Crown\n|-damage|p2a: Iron Crown|44/268\n|-enditem|p2a: Iron Crown|Choice Specs|[from] move: Knock Off|[of] p1a: Okidogi\n|\n|upkeep\n|turn|2\n|inactive|Time left: 300 sec this turn | 300 sec total\n|\n|t:|1783564740\n|move|p2a: Iron Crown|Tachyon Cutter|p1a: Okidogi\n|-damage|p1a: Okidogi|78/100\n|-damage|p1a: Okidogi|54/100\n|-hitcount|p1a: Okidogi|2\n|move|p1a: Okidogi|Drain Punch|p2a: Iron Crown\n|-damage|p2a: Iron Crown|0 fnt\n|-heal|p1a: Okidogi|62/100|[from] drain|[of] p2a: Iron Crown\n|faint|p2a: Iron Crown\n|-end|p2a: Iron Crown|Quark Drive|[silent]\n|\n|-heal|p1a: Okidogi|68/100|[from] item: Leftovers\n|upkeep\n|inactive|Time left: 300 sec this turn | 300 sec total | 5 sec grace\n|\n|t:|1783564741\n|switch|p2a: Reshiram|Reshiram, L76|277/277\n|-ability|p2a: Reshiram|Turboblaze\n|turn|3\n|inactive|Time left: 300 sec this turn | 300 sec total\n|\n|t:|1783564742\n|move|p2a: Reshiram|Blue Flare|p1a: Okidogi\n|-damage|p1a: Okidogi|6/100\n|move|p1a: Okidogi|Drain Punch|p2a: Reshiram\n|-damage|p2a: Reshiram|189/277\n|-heal|p1a: Okidogi|23/100|[from] drain|[of] p2a: Reshiram\n|\n|-heal|p1a: Okidogi|29/100|[from] item: Leftovers\n|upkeep\n|turn|4\n|inactive|Time left: 300 sec this turn | 300 sec total\n|\n|t:|1783564742\n|switch|p1a: Enamorus|Enamorus-Therian, L83, F|100/100\n|move|p2a: Reshiram|Blue Flare|p1a: Enamorus|[miss]\n|-miss|p2a: Reshiram|p1a: Enamorus\n|\n|upkeep\n|turn|5\n|inactive|Time left: 300 sec this turn | 300 sec total\n|\n|t:|1783564744\n|move|p2a: Reshiram|Blue Flare|p1a: Enamorus\n|-damage|p1a: Enamorus|41/100\n|move|p1a: Enamorus|Moonblast|p2a: Reshiram\n|-damage|p2a: Reshiram|72/277\n|-unboost|p2a: Reshiram|spa|1\n|\n|upkeep\n|turn|6\n|inactive|Time left: 300 sec this turn | 300 sec total\n|\n|t:|1783564745\n|move|p2a: Reshiram|Blue Flare|p1a: Enamorus\n|-damage|p1a: Enamorus|0 fnt\n|faint|p1a: Enamorus\n|\n|upkeep\n|\n|t:|1783564745\n|switch|p1a: Pikachu|Pikachu-Unova, L93, F|100/100\n|turn|7\n|inactive|Time left: 300 sec this turn | 300 sec total\n|\n|t:|1783564746\n|switch|p2a: Tsareena|Tsareena, L87, F|267/267\n|move|p1a: Pikachu|Surf|p2a: Tsareena\n|-resisted|p2a: Tsareena\n|-damage|p2a: Tsareena|221/267\n|\n|upkeep\n|turn|8\n|inactive|Time left: 300 sec this turn | 300 sec total\n|\n|t:|1783564747\n|switch|p1a: Dusknoir|Dusknoir, L89, M|100/100\n|-item|p2a: Tsareena|Choice Scarf|[from] ability: Frisk|[of] p1a: Dusknoir\n|move|p2a: Tsareena|Power Whip|p1a: Dusknoir|[miss]\n|-miss|p2a: Tsareena|p1a: Dusknoir\n|\n|upkeep\n|turn|9\n|inactive|Time left: 300 sec this turn | 300 sec total\n|\n|t:|1783564748\n|move|p2a: Tsareena|Power Whip|p1a: Dusknoir\n|-damage|p1a: Dusknoir|54/100\n|move|p1a: Dusknoir|Leech Life|p2a: Tsareena\n|-supereffective|p2a: Tsareena\n|-damage|p2a: Tsareena|73/267\n|-heal|p1a: Dusknoir|87/100|[from] drain|[of] p2a: Tsareena\n|-damage|p1a: Dusknoir|77/100|[from] item: Life Orb\n|\n|upkeep\n|turn|10\n|inactive|Time left: 300 sec this turn | 300 sec total\n|\n|t:|1783564749\n|move|p2a: Tsareena|Power Whip|p1a: Dusknoir\n|-damage|p1a: Dusknoir|30/100\n|move|p1a: Dusknoir|Leech Life|p2a: Tsareena\n|-supereffective|p2a: Tsareena\n|-damage|p2a: Tsareena|0 fnt\n|-heal|p1a: Dusknoir|47/100|[from] drain|[of] p2a: Tsareena\n|faint|p2a: Tsareena\n|-damage|p1a: Dusknoir|37/100|[from] item: Life Orb\n|\n|upkeep\n|inactive|Time left: 300 sec this turn | 300 sec total | 5 sec grace\n|\n|t:|1783564750\n|switch|p2a: Reshiram|Reshiram, L76|72/277\n|-ability|p2a: Reshiram|Turboblaze\n|turn|11\n|inactive|Time left: 300 sec this turn | 300 sec total\n|\n|t:|1783564751\n|move|p1a: Dusknoir|Shadow Sneak|p2a: Reshiram\n|-damage|p2a: Reshiram|4/277\n|-damage|p1a: Dusknoir|27/100|[from] item: Life Orb\n|move|p2a: Reshiram|Blue Flare|p1a: Dusknoir\n|-damage|p1a: Dusknoir|0 fnt\n|faint|p1a: Dusknoir\n|\n|upkeep\n|\n|t:|1783564752\n|switch|p1a: Clefable|Clefable, L83, F|100/100\n|turn|12\n|inactive|Time left: 300 sec this turn | 300 sec total\n|\n|t:|1783564753\n|move|p2a: Reshiram|Blue Flare|p1a: Clefable\n|-damage|p1a: Clefable|43/100\n|move|p1a: Clefable|Calm Mind|p1a: Clefable\n|-boost|p1a: Clefable|spa|1\n|-boost|p1a: Clefable|spd|1\n|\n|-heal|p1a: Clefable|49/100|[from] item: Leftovers\n|upkeep\n|turn|13\n|inactive|Time left: 300 sec this turn | 300 sec total\n|\n|t:|1783564754\n|-terastallize|p2a: Reshiram|Fire\n|move|p2a: Reshiram|Blue Flare|p1a: Clefable\n|-damage|p1a: Clefable|0 fnt\n|faint|p1a: Clefable\n|\n|upkeep\n|\n|t:|1783564755\n|switch|p1a: Pikachu|Pikachu-Unova, L93, F|100/100\n|turn|14\n|inactive|Time left: 300 sec this turn | 300 sec total\n|\n|t:|1783564756\n|switch|p2a: Whimsicott|Whimsicott, L84, F|238/238\n|move|p1a: Pikachu|Volt Tackle|p2a: Whimsicott\n|-resisted|p2a: Whimsicott\n|-damage|p2a: Whimsicott|125/238\n|-damage|p1a: Pikachu|83/100|[from] Recoil\n|\n|-heal|p2a: Whimsicott|139/238|[from] item: Leftovers\n|upkeep\n|turn|15\n|inactive|Time left: 300 sec this turn | 300 sec total\n|\n|t:|1783564757\n|move|p2a: Whimsicott|Giga Drain|p1a: Pikachu\n|-damage|p1a: Pikachu|40/100\n|-heal|p2a: Whimsicott|186/238|[from] drain|[of] p1a: Pikachu\n|move|p1a: Pikachu|Play Rough|p2a: Whimsicott\n|-damage|p2a: Whimsicott|88/238\n|-unboost|p2a: Whimsicott|atk|1\n|\n|-heal|p2a: Whimsicott|102/238|[from] item: Leftovers\n|upkeep\n|turn|16\n|inactive|Time left: 300 sec this turn | 300 sec total\n|\n|t:|1783564758\n|move|p2a: Whimsicott|Giga Drain|p1a: Pikachu\n|-damage|p1a: Pikachu|0 fnt\n|-heal|p2a: Whimsicott|145/238|[from] drain|[of] p1a: Pikachu\n|faint|p1a: Pikachu\n|\n|-heal|p2a: Whimsicott|159/238|[from] item: Leftovers\n|upkeep\n|\n|t:|1783564759\n|switch|p1a: Donphan|Donphan, L84, F|100/100\n|turn|17\n|inactive|Time left: 300 sec this turn | 300 sec total\n|\n|t:|1783564760\n|move|p2a: Whimsicott|Giga Drain|p1a: Donphan\n|-supereffective|p1a: Donphan\n|-damage|p1a: Donphan|61/100\n|-heal|p2a: Whimsicott|216/238|[from] drain|[of] p1a: Donphan\n|move|p1a: Donphan|Ice Spinner|p2a: Whimsicott\n|-supereffective|p2a: Whimsicott\n|-crit|p2a: Whimsicott\n|-damage|p2a: Whimsicott|0 fnt\n|faint|p2a: Whimsicott\n|\n|upkeep\n|inactive|Time left: 300 sec this turn | 300 sec total | 5 sec grace\n|\n|t:|1783564761\n|switch|p2a: Reshiram|Reshiram, L76, tera:Fire|4/277\n|-ability|p2a: Reshiram|Turboblaze\n|turn|18\n|inactive|Time left: 300 sec this turn | 300 sec total\n|\n|t:|1783564761\n|move|p1a: Donphan|Ice Shard|p2a: Reshiram\n|-resisted|p2a: Reshiram\n|-damage|p2a: Reshiram|0 fnt\n|faint|p2a: Reshiram\n|\n|upkeep\n|inactive|Time left: 300 sec this turn | 300 sec total | 5 sec grace\n|\n|t:|1783564762\n|switch|p2a: Azelf|Azelf, L82|257/257\n|turn|19\n|inactive|Time left: 300 sec this turn | 300 sec total\n|\n|t:|1783564763\n|move|p2a: Azelf|Explosion|p1a: Donphan\n|-damage|p1a: Donphan|0 fnt\n|faint|p2a: Azelf\n|faint|p1a: Donphan\n|\n|upkeep\n|inactive|Time left: 300 sec this turn | 300 sec total | 5 sec grace\n|\n|t:|1783564764\n|switch|p2a: Hawlucha|Hawlucha, L80, M|256/256\n|switch|p1a: Okidogi|Okidogi, L77, M, tera:Dark|29/100\n|turn|20\n|inactive|Time left: 300 sec this turn | 300 sec total\n|\n|t:|1783564765\n|move|p2a: Hawlucha|Brave Bird|p1a: Okidogi\n|-crit|p1a: Okidogi\n|-damage|p1a: Okidogi|0 fnt\n|faint|p1a: Okidogi\n|-damage|p2a: Hawlucha|231/256|[from] Recoil\n|\n|win|p0y22159c86", "uploadtime": 1783564765, "views": 0, "rating": 0, "private": 0, "password": null, "_winner": "p0y22159c86", "_our_name": "p0y22159c86"}