{"id": "battle-gen9randombattle-689", "formatid": "gen9randombattle", "format": "[Gen 9] Random Battle", "players": ["p0x689e8b2", "p0y689576f"], "log": "|init|battle\n|title|p0x689e8b2 vs. p0y689576f\n|j|\u2606p0x689e8b2\n|j|\u2606p0y689576f\n|t:|1783547820\n|gametype|singles\n|player|p1|p0x689e8b2|170|\n|player|p2|p0y689576f|2|\n|gen|9\n|tier|[Gen 9] Random Battle\n|rule|Species Clause: Limit one of each Pok\u00e9mon\n|rule|HP Percentage Mod: HP is shown in percentages\n|rule|Sleep Clause Mod: Limit one foe put to sleep\n|rule|Illusion Level Mod: Illusion disguises the Pok\u00e9mon's true level\n|\n|t:|1783547820\n|teamsize|p1|6\n|teamsize|p2|6\n|start\n|switch|p1a: Krookodile|Krookodile, L79, F|100/100\n|switch|p2a: Tropius|Tropius, L91, F|328/328\n|-ability|p1a: Krookodile|Intimidate|boost\n|-unboost|p2a: Tropius|atk|1\n|turn|1\n|inactive|Battle timer is ON: inactive players will automatically lose when time's up. (requested by p0y689576f)\n|\n|t:|1783547821\n|switch|p2a: Crabominable|Crabominable, L90, M|321/321\n|move|p1a: Krookodile|Knock Off|p2a: Crabominable\n|-resisted|p2a: Crabominable\n|-damage|p2a: Crabominable|269/321\n|-enditem|p2a: Crabominable|Choice Band|[from] move: Knock Off|[of] p1a: Krookodile\n|\n|upkeep\n|turn|2\n|inactive|Time left: 300 sec this turn | 300 sec total\n|inactive|p0x689e8b2 also wants the timer to be on.\n|\n|t:|1783547822\n|switch|p1a: Spidops|Spidops, L96, F|100/100\n|move|p2a: Crabominable|Ice Hammer|p1a: Spidops\n|-damage|p1a: Spidops|39/100\n|-unboost|p2a: Crabominable|spe|1\n|\n|upkeep\n|turn|3\n|inactive|Time left: 300 sec this turn | 300 sec total\n|\n|t:|1783547823\n|move|p1a: Spidops|Sticky Web|p2a: Crabominable\n|-sidestart|p2: p0y689576f|move: Sticky Web\n|move|p2a: Crabominable|Ice Hammer|p1a: Spidops\n|-damage|p1a: Spidops|0 fnt\n|-unboost|p2a: Crabominable|spe|1\n|faint|p1a: Spidops\n|\n|upkeep\n|\n|t:|1783547824\n|switch|p1a: Krookodile|Krookodile, L79, F|100/100\n|-ability|p1a: Krookodile|Intimidate|boost\n|-unboost|p2a: Crabominable|atk|1\n|turn|4\n|inactive|Time left: 300 sec this turn | 300 sec total\n|\n|t:|1783547825\n|switch|p2a: Vespiquen|Vespiquen, L99, F|299/299\n|-ability|p2a: Vespiquen|Pressure\n|move|p1a: Krookodile|Bulk Up|p1a: Krookodile\n|-boost|p1a: Krookodile|atk|1\n|-boost|p1a: Krookodile|def|1\n|\n|upkeep\n|turn|5\n|inactive|Time left: 300 sec this turn | 300 sec total\n|\n|t:|1783547827\n|move|p1a: Krookodile|Bulk Up|p1a: Krookodile\n|-boost|p1a: Krookodile|atk|1\n|-boost|p1a: Krookodile|def|1\n|move|p2a: Vespiquen|Hurricane|p1a: Krookodile\n|-damage|p1a: Krookodile|39/100\n|-start|p1a: Krookodile|confusion\n|\n|-heal|p1a: Krookodile|45/100|[from] item: Leftovers\n|upkeep\n|turn|6\n|inactive|Time left: 300 sec this turn | 300 sec total\n|\n|t:|1783547827\n|-activate|p1a: Krookodile|confusion\n|move|p1a: Krookodile|Knock Off|p2a: Vespiquen\n|-damage|p2a: Vespiquen|152/299\n|-enditem|p2a: Vespiquen|Heavy-Duty Boots|[from] move: Knock Off|[of] p1a: Krookodile\n|move|p2a: Vespiquen|Hurricane|p1a: Krookodile\n|-damage|p1a: Krookodile|0 fnt\n|faint|p1a: Krookodile\n|\n|upkeep\n|\n|t:|1783547829\n|switch|p1a: Stonjourner|Stonjourner, L91, M|100/100\n|turn|7\n|inactive|Time left: 300 sec this turn | 300 sec total\n|\n|t:|1783547830\n|move|p1a: Stonjourner|Stone Edge|p2a: Vespiquen\n|-supereffective|p2a: Vespiquen\n|-damage|p2a: Vespiquen|0 fnt\n|faint|p2a: Vespiquen\n|-damage|p1a: Stonjourner|90/100|[from] item: Life Orb\n|\n|upkeep\n|inactive|Time left: 300 sec this turn | 300 sec total | 5 sec grace\n|\n|t:|1783547831\n|switch|p2a: Pecharunt|Pecharunt, L77|262/262\n|-activate|p2a: Pecharunt|move: Sticky Web\n|-unboost|p2a: Pecharunt|spe|1\n|turn|8\n|inactive|Time left: 300 sec this turn | 300 sec total\n|\n|t:|1783547832\n|move|p1a: Stonjourner|Stealth Rock|p2a: Pecharunt\n|-sidestart|p2: p0y689576f|move: Stealth Rock\n|move|p2a: Pecharunt|Shadow Ball|p1a: Stonjourner\n|-damage|p1a: Stonjourner|49/100\n|\n|upkeep\n|turn|9\n|inactive|Time left: 300 sec this turn | 300 sec total\n|\n|t:|1783547833\n|move|p1a: Stonjourner|Earthquake|p2a: Pecharunt\n|-supereffective|p2a: Pecharunt\n|-damage|p2a: Pecharunt|101/262\n|-damage|p1a: Stonjourner|39/100|[from] item: Life Orb\n|move|p2a: Pecharunt|Shadow Ball|p1a: Stonjourner\n|-damage|p1a: Stonjourner|0 fnt\n|faint|p1a: Stonjourner\n|\n|-heal|p2a: Pecharunt|117/262|[from] item: Leftovers\n|upkeep\n|\n|t:|1783547834\n|switch|p1a: Oricorio|Oricorio-Pom-Pom, L82, M|100/100\n|turn|10\n|inactive|Time left: 300 sec this turn | 300 sec total\n|\n|t:|1783547835\n|move|p1a: Oricorio|Quiver Dance|p1a: Oricorio\n|-boost|p1a: Oricorio|spa|1\n|-boost|p1a: Oricorio|spd|1\n|-boost|p1a: Oricorio|spe|1\n|move|p2a: Pecharunt|Parting Shot|p1a: Oricorio\n|-unboost|p1a: Oricorio|atk|1\n|-unboost|p1a: Oricorio|spa|1\n|inactive|Time left: 300 sec this turn | 300 sec total | 5 sec grace\n|\n|t:|1783547836\n|switch|p2a: Morpeko|Morpeko, L88, F|245/245|[from] Parting Shot\n|-activate|p2a: Morpeko|move: Sticky Web\n|-unboost|p2a: Morpeko|spe|1\n|-damage|p2a: Morpeko|215/245|[from] Stealth Rock\n|\n|-heal|p2a: Morpeko|230/245|[from] item: Leftovers\n|-formechange|p2a: Morpeko|Morpeko-Hangry||[from] ability: Hunger Switch\n|upkeep\n|turn|11\n|inactive|Time left: 300 sec this turn | 300 sec total\n|\n|t:|1783547837\n|-terastallize|p1a: Oricorio|Ground\n|move|p1a: Oricorio|Revelation Dance|p2a: Morpeko\n|-supereffective|p2a: Morpeko\n|-damage|p2a: Morpeko|0 fnt\n|faint|p2a: Morpeko\n|\n|upkeep\n|inactive|Time left: 300 sec this turn | 300 sec total | 5 sec grace\n|\n|t:|1783547838\n|switch|p2a: Azumarill|Azumarill, L82, F|298/298\n|-activate|p2a: Azumarill|move: Sticky Web\n|-unboost|p2a: Azumarill|spe|1\n|-damage|p2a: Azumarill|261/298|[from] Stealth Rock\n|turn|12\n|inactive|Time left: 300 sec this turn | 300 sec total\n|\n|t:|1783547839\n|switch|p1a: Vaporeon|Vaporeon, L86, M|100/100\n|move|p2a: Azumarill|Liquidation|p1a: Vaporeon\n|-immune|p1a: Vaporeon|[from] ability: Water Absorb\n|\n|upkeep\n|turn|13\n|inactive|Time left: 300 sec this turn | 300 sec total\n|\n|t:|1783547840\n|move|p1a: Vaporeon|Scald|p2a: Azumarill\n|-resisted|p2a: Azumarill\n|-damage|p2a: Azumarill|205/298\n|move|p2a: Azumarill|Belly Drum|p2a: Azumarill\n|-damage|p2a: Azumarill|56/298\n|-setboost|p2a: Azumarill|atk|6|[from] move: Belly Drum\n|-enditem|p2a: Azumarill|Sitrus Berry|[eat]\n|-heal|p2a: Azumarill|130/298|[from] item: Sitrus Berry\n|\n|upkeep\n|turn|14\n|inactive|Time left: 300 sec this turn | 300 sec total\n|\n|t:|1783547841\n|move|p1a: Vaporeon|Scald|p2a: Azumarill\n|-resisted|p2a: Azumarill\n|-damage|p2a: Azumarill|72/298\n|move|p2a: Azumarill|Play Rough|p1a: Vaporeon\n|-damage|p1a: Vaporeon|0 fnt\n|faint|p1a: Vaporeon\n|\n|upkeep\n|\n|t:|1783547843\n|switch|p1a: Latios|Latios, L78, M|100/100\n|turn|15\n|inactive|Time left: 300 sec this turn | 300 sec total\n|\n|t:|1783547844\n|move|p2a: Azumarill|Aqua Jet|p1a: Latios\n|-resisted|p1a: Latios\n|-damage|p1a: Latios|56/100\n|move|p1a: Latios|Psyshock|p2a: Azumarill\n|-damage|p2a: Azumarill|0 fnt\n|faint|p2a: Azumarill\n|\n|upkeep\n|inactive|Time left: 300 sec this turn | 300 sec total | 5 sec grace\n|\n|t:|1783547845\n|switch|p2a: Crabominable|Crabominable, L90, M|269/321\n|-activate|p2a: Crabominable|move: Sticky Web\n|-unboost|p2a: Crabominable|spe|1\n|-damage|p2a: Crabominable|229/321|[from] Stealth Rock\n|turn|16\n|inactive|Time left: 300 sec this turn | 300 sec total\n|\n|t:|1783547846\n|-terastallize|p2a: Crabominable|Ground\n|move|p1a: Latios|Psyshock|p2a: Crabominable\n|-crit|p2a: Crabominable\n|-damage|p2a: Crabominable|61/321\n|move|p2a: Crabominable|Ice Hammer|p1a: Latios\n|-supereffective|p1a: Latios\n|-damage|p1a: Latios|0 fnt\n|-unboost|p2a: Crabominable|spe|1\n|faint|p1a: Latios\n|\n|upkeep\n|\n|t:|1783547847\n|switch|p1a: Oricorio|Oricorio-Pom-Pom, L82, M, tera:Ground|100/100\n|turn|17\n|inactive|Time left: 300 sec this turn | 300 sec total\n|\n|t:|1783547848\n|move|p1a: Oricorio|Revelation Dance|p2a: Crabominable\n|-crit|p2a: Crabominable\n|-damage|p2a: Crabominable|0 fnt\n|faint|p2a: Crabominable\n|\n|upkeep\n|inactive|Time left: 300 sec this turn | 300 sec total | 5 sec grace\n|\n|t:|1783547849\n|switch|p2a: Pecharunt|Pecharunt, L77|117/262\n|-activate|p2a: Pecharunt|move: Sticky Web\n|-unboost|p2a: Pecharunt|spe|1\n|-damage|p2a: Pecharunt|85/262|[from] Stealth Rock\n|turn|18\n|inactive|Time left: 300 sec this turn | 300 sec total\n|\n|t:|1783547850\n|move|p1a: Oricorio|Quiver Dance|p1a: Oricorio\n|-boost|p1a: Oricorio|spa|1\n|-boost|p1a: Oricorio|spd|1\n|-boost|p1a: Oricorio|spe|1\n|move|p2a: Pecharunt|Malignant Chain|p1a: Oricorio\n|-resisted|p1a: Oricorio\n|-damage|p1a: Oricorio|87/100\n|-status|p1a: Oricorio|tox\n|-start|p1a: Oricorio|confusion|[from] ability: Poison Puppeteer|[of] p2a: Pecharunt\n|\n|-heal|p2a: Pecharunt|101/262|[from] item: Leftovers\n|-damage|p1a: Oricorio|81/100 tox|[from] psn\n|upkeep\n|turn|19\n|inactive|Time left: 300 sec this turn | 300 sec total\n|\n|t:|1783547851\n|-activate|p1a: Oricorio|confusion\n|-damage|p1a: Oricorio|74/100 tox|[from] confusion\n|move|p2a: Pecharunt|Parting Shot|p1a: Oricorio\n|-unboost|p1a: Oricorio|atk|1\n|-unboost|p1a: Oricorio|spa|1\n|inactive|Time left: 300 sec this turn | 300 sec total | 5 sec grace\n|\n|t:|1783547852\n|switch|p2a: Tropius|Tropius, L91, F|328/328|[from] Parting Shot\n|-damage|p2a: Tropius|246/328|[from] Stealth Rock\n|\n|-damage|p1a: Oricorio|61/100 tox|[from] psn\n|upkeep\n|turn|20\n|inactive|Time left: 300 sec this turn | 300 sec total\n|\n|t:|1783547853\n|-activate|p1a: Oricorio|confusion\n|-damage|p1a: Oricorio|56/100 tox|[from] confusion\n|move|p2a: Tropius|Leech Seed|p1a: Oricorio\n|-start|p1a: Oricorio|move: Leech Seed\n|\n|-damage|p1a: Oricorio|43/100 tox|[from] Leech Seed|[of] p2a: Tropius\n|-heal|p2a: Tropius|278/328|[silent]\n|-damage|p1a: Oricorio|25/100 tox|[from] psn\n|upkeep\n|turn|21\n|inactive|Time left: 300 sec this turn | 300 sec total\n|\n|t:|1783547854\n|-end|p1a: Oricorio|confusion\n|move|p1a: Oricorio|Roost|p1a: Oricorio\n|-heal|p1a: Oricorio|75/100 tox\n|move|p2a: Tropius|Leech Seed||[still]\n|-fail|p2a: Tropius\n|\n|-damage|p1a: Oricorio|62/100 tox|[from] Leech Seed|[of] p2a: Tropius\n|-heal|p2a: Tropius|310/328|[silent]\n|-damage|p1a: Oricorio|37/100 tox|[from] psn\n|upkeep\n|turn|22\n|inactive|Time left: 300 sec this turn | 300 sec total\n|\n|t:|1783547855\n|move|p2a: Tropius|Protect|p2a: Tropius\n|-singleturn|p2a: Tropius|Protect\n|move|p1a: Oricorio|Roost|p1a: Oricorio\n|-heal|p1a: Oricorio|88/100 tox\n|\n|-damage|p1a: Oricorio|75/100 tox|[from] Leech Seed|[of] p2a: Tropius\n|-heal|p2a: Tropius|328/328|[silent]\n|-damage|p1a: Oricorio|44/100 tox|[from] psn\n|upkeep\n|turn|23\n|inactive|Time left: 300 sec this turn | 300 sec total\n|\n|t:|1783547856\n|move|p1a: Oricorio|Roost|p1a: Oricorio\n|-heal|p1a: Oricorio|94/100 tox\n|move|p2a: Tropius|Substitute|p2a: Tropius\n|-start|p2a: Tropius|Substitute\n|-damage|p2a: Tropius|246/328\n|\n|-damage|p1a: Oricorio|82/100 tox|[from] Leech Seed|[of] p2a: Tropius\n|-heal|p2a: Tropius|278/328|[silent]\n|-damage|p1a: Oricorio|44/100 tox|[from] psn\n|upkeep\n|turn|24\n|inactive|Time left: 300 sec this turn | 300 sec total\n|\n|t:|1783547857\n|move|p1a: Oricorio|Revelation Dance|p2a: Tropius\n|-immune|p2a: Tropius\n|move|p2a: Tropius|Air Slash|p1a: Oricorio\n|-damage|p1a: Oricorio|21/100 tox\n|\n|-damage|p1a: Oricorio|8/100 tox|[from] Leech Seed|[of] p2a: Tropius\n|-heal|p2a: Tropius|310/328|[silent]\n|-damage|p1a: Oricorio|0 fnt|[from] psn\n|faint|p1a: Oricorio\n|\n|win|p0y689576f", "uploadtime": 1783547857, "views": 0, "rating": 0, "private": 0, "password": null, "_winner": "p0y689576f", "_our_name": "p0y689576f"}