{"id": "battle-gen9randombattle-2740", "formatid": "gen9randombattle", "format": "[Gen 9] Random Battle", "players": ["p0x2740768f", "p0y2740d5e0"], "log": "|init|battle\n|title|p0x2740768f vs. p0y2740d5e0\n|j|\u2606p0x2740768f\n|j|\u2606p0y2740d5e0\n|t:|1783571592\n|gametype|singles\n|player|p1|p0x2740768f|1|\n|player|p2|p0y2740d5e0|170|\n|gen|9\n|tier|[Gen 9] Random Battle\n|rule|Species Clause: Limit one of each Pok\u00e9mon\n|rule|HP Percentage Mod: HP is shown in percentages\n|rule|Sleep Clause Mod: Limit one foe put to sleep\n|rule|Illusion Level Mod: Illusion disguises the Pok\u00e9mon's true level\n|\n|t:|1783571592\n|teamsize|p1|6\n|teamsize|p2|6\n|start\n|switch|p1a: Vigoroth|Vigoroth, L85, M|100/100\n|switch|p2a: Scrafty|Scrafty, L83, F|244/244\n|turn|1\n|inactive|Battle timer is ON: inactive players will automatically lose when time's up. (requested by p0y2740d5e0)\n|\n|t:|1783571593\n|move|p1a: Vigoroth|Bulk Up|p1a: Vigoroth\n|-boost|p1a: Vigoroth|atk|1\n|-boost|p1a: Vigoroth|def|1\n|move|p2a: Scrafty|Bulk Up|p2a: Scrafty\n|-boost|p2a: Scrafty|atk|1\n|-boost|p2a: Scrafty|def|1\n|\n|upkeep\n|turn|2\n|inactive|Time left: 300 sec this turn | 300 sec total\n|inactive|p0x2740768f also wants the timer to be on.\n|\n|t:|1783571594\n|move|p1a: Vigoroth|Bulk Up|p1a: Vigoroth\n|-boost|p1a: Vigoroth|atk|1\n|-boost|p1a: Vigoroth|def|1\n|move|p2a: Scrafty|Bulk Up|p2a: Scrafty\n|-boost|p2a: Scrafty|atk|1\n|-boost|p2a: Scrafty|def|1\n|\n|upkeep\n|turn|3\n|inactive|Time left: 300 sec this turn | 300 sec total\n|\n|t:|1783571595\n|move|p1a: Vigoroth|Bulk Up|p1a: Vigoroth\n|-boost|p1a: Vigoroth|atk|1\n|-boost|p1a: Vigoroth|def|1\n|move|p2a: Scrafty|Drain Punch|p1a: Vigoroth\n|-supereffective|p1a: Vigoroth\n|-damage|p1a: Vigoroth|70/100\n|\n|upkeep\n|turn|4\n|inactive|Time left: 300 sec this turn | 300 sec total\n|\n|t:|1783571596\n|move|p1a: Vigoroth|Slack Off|p1a: Vigoroth\n|-heal|p1a: Vigoroth|100/100\n|move|p2a: Scrafty|Knock Off|p1a: Vigoroth\n|-damage|p1a: Vigoroth|79/100\n|-enditem|p1a: Vigoroth|Eviolite|[from] move: Knock Off|[of] p2a: Scrafty\n|\n|upkeep\n|turn|5\n|inactive|Time left: 300 sec this turn | 300 sec total\n|\n|t:|1783571597\n|move|p1a: Vigoroth|Bulk Up|p1a: Vigoroth\n|-boost|p1a: Vigoroth|atk|1\n|-boost|p1a: Vigoroth|def|1\n|move|p2a: Scrafty|Drain Punch|p1a: Vigoroth\n|-supereffective|p1a: Vigoroth\n|-damage|p1a: Vigoroth|42/100\n|\n|upkeep\n|turn|6\n|inactive|Time left: 300 sec this turn | 300 sec total\n|\n|t:|1783571598\n|move|p1a: Vigoroth|Slack Off|p1a: Vigoroth\n|-heal|p1a: Vigoroth|92/100\n|move|p2a: Scrafty|Drain Punch|p1a: Vigoroth\n|-supereffective|p1a: Vigoroth\n|-damage|p1a: Vigoroth|52/100\n|\n|upkeep\n|turn|7\n|inactive|Time left: 300 sec this turn | 300 sec total\n|\n|t:|1783571599\n|move|p1a: Vigoroth|Slack Off|p1a: Vigoroth\n|-heal|p1a: Vigoroth|100/100\n|move|p2a: Scrafty|Drain Punch|p1a: Vigoroth\n|-supereffective|p1a: Vigoroth\n|-damage|p1a: Vigoroth|59/100\n|\n|upkeep\n|turn|8\n|inactive|Time left: 300 sec this turn | 300 sec total\n|\n|t:|1783571600\n|move|p1a: Vigoroth|Slack Off|p1a: Vigoroth\n|-heal|p1a: Vigoroth|100/100\n|move|p2a: Scrafty|Drain Punch|p1a: Vigoroth\n|-supereffective|p1a: Vigoroth\n|-damage|p1a: Vigoroth|59/100\n|\n|upkeep\n|turn|9\n|inactive|Time left: 300 sec this turn | 300 sec total\n|\n|t:|1783571601\n|move|p1a: Vigoroth|Slack Off|p1a: Vigoroth\n|-heal|p1a: Vigoroth|100/100\n|move|p2a: Scrafty|Drain Punch|p1a: Vigoroth\n|-supereffective|p1a: Vigoroth\n|-damage|p1a: Vigoroth|61/100\n|\n|upkeep\n|turn|10\n|inactive|Time left: 300 sec this turn | 300 sec total\n|\n|t:|1783571602\n|move|p1a: Vigoroth|Slack Off|p1a: Vigoroth\n|-heal|p1a: Vigoroth|100/100\n|move|p2a: Scrafty|Drain Punch|p1a: Vigoroth\n|-supereffective|p1a: Vigoroth\n|-damage|p1a: Vigoroth|63/100\n|\n|upkeep\n|turn|11\n|inactive|Time left: 300 sec this turn | 300 sec total\n|\n|t:|1783571603\n|move|p1a: Vigoroth|Slack Off|p1a: Vigoroth\n|-heal|p1a: Vigoroth|100/100\n|move|p2a: Scrafty|Drain Punch|p1a: Vigoroth\n|-supereffective|p1a: Vigoroth\n|-damage|p1a: Vigoroth|59/100\n|\n|upkeep\n|turn|12\n|inactive|Time left: 300 sec this turn | 300 sec total\n|\n|t:|1783571604\n|move|p1a: Vigoroth|Slack Off|p1a: Vigoroth\n|-heal|p1a: Vigoroth|100/100\n|move|p2a: Scrafty|Drain Punch|p1a: Vigoroth\n|-supereffective|p1a: Vigoroth\n|-damage|p1a: Vigoroth|63/100\n|\n|upkeep\n|turn|13\n|inactive|Time left: 300 sec this turn | 300 sec total\n|\n|t:|1783571605\n|move|p1a: Vigoroth|Body Slam|p2a: Scrafty\n|-damage|p2a: Scrafty|144/244\n|move|p2a: Scrafty|Drain Punch|p1a: Vigoroth\n|-supereffective|p1a: Vigoroth\n|-damage|p1a: Vigoroth|23/100\n|-heal|p2a: Scrafty|199/244|[from] drain|[of] p1a: Vigoroth\n|\n|-heal|p2a: Scrafty|214/244|[from] item: Leftovers\n|upkeep\n|turn|14\n|inactive|Time left: 300 sec this turn | 300 sec total\n|\n|t:|1783571606\n|-terastallize|p1a: Vigoroth|Ground\n|move|p1a: Vigoroth|Body Slam|p2a: Scrafty\n|-damage|p2a: Scrafty|117/244\n|-status|p2a: Scrafty|par\n|cant|p2a: Scrafty|par\n|\n|-activate|p2a: Scrafty|ability: Shed Skin\n|-curestatus|p2a: Scrafty|par|[msg]\n|-heal|p2a: Scrafty|132/244|[from] item: Leftovers\n|upkeep\n|turn|15\n|inactive|Time left: 300 sec this turn | 300 sec total\n|\n|t:|1783571607\n|move|p1a: Vigoroth|Earthquake|p2a: Scrafty\n|-damage|p2a: Scrafty|20/244\n|move|p2a: Scrafty|Rest|p2a: Scrafty\n|-status|p2a: Scrafty|slp|[from] move: Rest\n|-heal|p2a: Scrafty|244/244 slp|[silent]\n|\n|upkeep\n|turn|16\n|inactive|Time left: 300 sec this turn | 300 sec total\n|\n|t:|1783571608\n|move|p1a: Vigoroth|Earthquake|p2a: Scrafty\n|-damage|p2a: Scrafty|124/244 slp\n|cant|p2a: Scrafty|slp\n|\n|-activate|p2a: Scrafty|ability: Shed Skin\n|-curestatus|p2a: Scrafty|slp|[msg]\n|-heal|p2a: Scrafty|139/244|[from] item: Leftovers\n|upkeep\n|turn|17\n|inactive|Time left: 300 sec this turn | 300 sec total\n|\n|t:|1783571609\n|move|p1a: Vigoroth|Body Slam|p2a: Scrafty\n|-damage|p2a: Scrafty|31/244\n|move|p2a: Scrafty|Rest|p2a: Scrafty\n|-status|p2a: Scrafty|slp|[from] move: Rest\n|-heal|p2a: Scrafty|244/244 slp|[silent]\n|\n|-activate|p2a: Scrafty|ability: Shed Skin\n|-curestatus|p2a: Scrafty|slp|[msg]\n|upkeep\n|turn|18\n|inactive|Time left: 300 sec this turn | 300 sec total\n|\n|t:|1783571610\n|move|p1a: Vigoroth|Earthquake|p2a: Scrafty\n|-damage|p2a: Scrafty|129/244\n|move|p2a: Scrafty|Drain Punch|p1a: Vigoroth\n|-damage|p1a: Vigoroth|5/100\n|-heal|p2a: Scrafty|154/244|[from] drain|[of] p1a: Vigoroth\n|\n|-heal|p2a: Scrafty|169/244|[from] item: Leftovers\n|upkeep\n|turn|19\n|inactive|Time left: 300 sec this turn | 300 sec total\n|\n|t:|1783571611\n|move|p1a: Vigoroth|Earthquake|p2a: Scrafty\n|-damage|p2a: Scrafty|42/244\n|move|p2a: Scrafty|Rest|p2a: Scrafty\n|-status|p2a: Scrafty|slp|[from] move: Rest\n|-heal|p2a: Scrafty|244/244 slp|[silent]\n|\n|upkeep\n|turn|20\n|inactive|Time left: 300 sec this turn | 300 sec total\n|\n|t:|1783571612\n|move|p1a: Vigoroth|Earthquake|p2a: Scrafty\n|-damage|p2a: Scrafty|135/244 slp\n|cant|p2a: Scrafty|slp\n|\n|-activate|p2a: Scrafty|ability: Shed Skin\n|-curestatus|p2a: Scrafty|slp|[msg]\n|-heal|p2a: Scrafty|150/244|[from] item: Leftovers\n|upkeep\n|turn|21\n|inactive|Time left: 300 sec this turn | 300 sec total\n|\n|t:|1783571613\n|move|p1a: Vigoroth|Earthquake|p2a: Scrafty\n|-damage|p2a: Scrafty|27/244\n|move|p2a: Scrafty|Rest|p2a: Scrafty\n|-status|p2a: Scrafty|slp|[from] move: Rest\n|-heal|p2a: Scrafty|244/244 slp|[silent]\n|\n|upkeep\n|turn|22\n|inactive|Time left: 300 sec this turn | 300 sec total\n|\n|t:|1783571614\n|move|p1a: Vigoroth|Earthquake|p2a: Scrafty\n|-damage|p2a: Scrafty|135/244 slp\n|cant|p2a: Scrafty|slp\n|\n|-activate|p2a: Scrafty|ability: Shed Skin\n|-curestatus|p2a: Scrafty|slp|[msg]\n|-heal|p2a: Scrafty|150/244|[from] item: Leftovers\n|upkeep\n|turn|23\n|inactive|Time left: 300 sec this turn | 300 sec total\n|\n|t:|1783571615\n|move|p1a: Vigoroth|Earthquake|p2a: Scrafty\n|-damage|p2a: Scrafty|35/244\n|move|p2a: Scrafty|Rest|p2a: Scrafty\n|-status|p2a: Scrafty|slp|[from] move: Rest\n|-heal|p2a: Scrafty|244/244 slp|[silent]\n|\n|upkeep\n|turn|24\n|inactive|Time left: 300 sec this turn | 300 sec total\n|\n|t:|1783571616\n|move|p1a: Vigoroth|Earthquake|p2a: Scrafty\n|-damage|p2a: Scrafty|136/244 slp\n|cant|p2a: Scrafty|slp\n|\n|-heal|p2a: Scrafty|151/244 slp|[from] item: Leftovers\n|upkeep\n|turn|25\n|inactive|Time left: 300 sec this turn | 300 sec total\n|\n|t:|1783571617\n|move|p1a: Vigoroth|Body Slam|p2a: Scrafty\n|-damage|p2a: Scrafty|57/244 slp\n|cant|p2a: Scrafty|slp\n|\n|-activate|p2a: Scrafty|ability: Shed Skin\n|-curestatus|p2a: Scrafty|slp|[msg]\n|-heal|p2a: Scrafty|72/244|[from] item: Leftovers\n|upkeep\n|turn|26\n|inactive|Time left: 300 sec this turn | 300 sec total\n|\n|t:|1783571618\n|move|p1a: Vigoroth|Body Slam|p2a: Scrafty\n|-damage|p2a: Scrafty|0 fnt\n|faint|p2a: Scrafty\n|\n|upkeep\n|inactive|Time left: 300 sec this turn | 300 sec total | 5 sec grace\n|\n|t:|1783571619\n|switch|p2a: Golduck|Golduck, L90, M|290/290\n|-ability|p2a: Golduck|Cloud Nine\n|turn|27\n|inactive|Time left: 300 sec this turn | 300 sec total\n|\n|t:|1783571620\n|switch|p1a: Heracross|Heracross, L80, M|100/100\n|move|p2a: Golduck|Ice Beam|p1a: Heracross\n|-damage|p1a: Heracross|55/100\n|\n|-status|p1a: Heracross|brn|[from] item: Flame Orb\n|upkeep\n|turn|28\n|inactive|Time left: 300 sec this turn | 300 sec total\n|\n|t:|1783571621\n|move|p2a: Golduck|Ice Beam|p1a: Heracross\n|-damage|p1a: Heracross|12/100 brn\n|move|p1a: Heracross|Trailblaze|p2a: Golduck\n|-supereffective|p2a: Golduck\n|-damage|p2a: Golduck|170/290\n|-boost|p1a: Heracross|spe|1\n|\n|-damage|p1a: Heracross|6/100 brn|[from] brn\n|upkeep\n|turn|29\n|inactive|Time left: 300 sec this turn | 300 sec total\n|\n|t:|1783571622\n|switch|p1a: Lanturn|Lanturn, L89, M|100/100\n|move|p2a: Golduck|Ice Beam|p1a: Lanturn\n|-resisted|p1a: Lanturn\n|-damage|p1a: Lanturn|85/100\n|\n|upkeep\n|turn|30\n|inactive|Time left: 300 sec this turn | 300 sec total\n|\n|t:|1783571623\n|switch|p2a: Arceus|Arceus-Ground, L70|284/284\n|move|p1a: Lanturn|Scald|p2a: Arceus\n|-supereffective|p2a: Arceus\n|-damage|p2a: Arceus|144/284\n|\n|upkeep\n|turn|31\n|inactive|Time left: 300 sec this turn | 300 sec total\n|\n|t:|1783571624\n|move|p2a: Arceus|Earthquake|p1a: Lanturn\n|-supereffective|p1a: Lanturn\n|-damage|p1a: Lanturn|13/100\n|move|p1a: Lanturn|Scald|p2a: Arceus\n|-supereffective|p2a: Arceus\n|-damage|p2a: Arceus|0 fnt\n|faint|p2a: Arceus\n|\n|upkeep\n|inactive|Time left: 300 sec this turn | 300 sec total | 5 sec grace\n|\n|t:|1783571625\n|switch|p2a: Golduck|Golduck, L90, M|170/290\n|-ability|p2a: Golduck|Cloud Nine\n|turn|32\n|inactive|Time left: 300 sec this turn | 300 sec total\n|\n|t:|1783571626\n|switch|p1a: Vigoroth|Vigoroth, L85, M, tera:Ground|5/100\n|move|p2a: Golduck|Ice Beam|p1a: Vigoroth\n|-supereffective|p1a: Vigoroth\n|-damage|p1a: Vigoroth|0 fnt\n|faint|p1a: Vigoroth\n|\n|upkeep\n|\n|t:|1783571627\n|switch|p1a: Barraskewda|Barraskewda, L81, M|100/100\n|turn|33\n|inactive|Time left: 300 sec this turn | 300 sec total\n|\n|t:|1783571628\n|move|p1a: Barraskewda|Poison Jab|p2a: Golduck\n|-damage|p2a: Golduck|66/290\n|move|p2a: Golduck|Ice Beam|p1a: Barraskewda\n|-resisted|p1a: Barraskewda\n|-damage|p1a: Barraskewda|66/100\n|\n|upkeep\n|turn|34\n|inactive|Time left: 300 sec this turn | 300 sec total\n|\n|t:|1783571629\n|switch|p2a: Torkoal|Torkoal, L88, M|266/266\n|-weather|SunnyDay|[from] ability: Drought|[of] p2a: Torkoal\n|move|p1a: Barraskewda|Poison Jab|p2a: Torkoal\n|-damage|p2a: Torkoal|208/266\n|\n|-weather|SunnyDay|[upkeep]\n|upkeep\n|turn|35\n|inactive|Time left: 300 sec this turn | 300 sec total\n|\n|t:|1783571630\n|switch|p1a: Toedscruel|Toedscruel, L87, M|100/100\n|move|p2a: Torkoal|Solar Beam||[still]\n|-prepare|p2a: Torkoal|Solar Beam\n|-anim|p2a: Torkoal|Solar Beam|p1a: Toedscruel\n|-damage|p1a: Toedscruel|79/100\n|\n|-weather|SunnyDay|[upkeep]\n|-heal|p1a: Toedscruel|85/100|[from] item: Leftovers\n|upkeep\n|turn|36\n|inactive|Time left: 300 sec this turn | 300 sec total\n|\n|t:|1783571631\n|-terastallize|p2a: Torkoal|Grass\n|move|p1a: Toedscruel|Earth Power|p2a: Torkoal\n|-resisted|p2a: Torkoal\n|-damage|p2a: Torkoal|160/266\n|move|p2a: Torkoal|Fire Blast|p1a: Toedscruel\n|-supereffective|p1a: Toedscruel\n|-damage|p1a: Toedscruel|0 fnt\n|faint|p1a: Toedscruel\n|\n|-weather|SunnyDay|[upkeep]\n|upkeep\n|\n|t:|1783571632\n|switch|p1a: Lanturn|Lanturn, L89, M|13/100\n|turn|37\n|inactive|Time left: 300 sec this turn | 300 sec total\n|\n|t:|1783571633\n|move|p1a: Lanturn|Thunder Wave|p2a: Torkoal\n|-status|p2a: Torkoal|par\n|move|p2a: Torkoal|Earthquake|p1a: Lanturn\n|-supereffective|p1a: Lanturn\n|-damage|p1a: Lanturn|0 fnt\n|faint|p1a: Lanturn\n|\n|-weather|SunnyDay|[upkeep]\n|upkeep\n|\n|t:|1783571634\n|switch|p1a: Barraskewda|Barraskewda, L81, M|66/100\n|turn|38\n|inactive|Time left: 300 sec this turn | 300 sec total\n|\n|t:|1783571635\n|move|p1a: Barraskewda|Poison Jab|p2a: Torkoal\n|-supereffective|p2a: Torkoal\n|-damage|p2a: Torkoal|36/266 par\n|cant|p2a: Torkoal|par\n|\n|-weather|none\n|upkeep\n|turn|39\n|inactive|Time left: 300 sec this turn | 300 sec total\n|\n|t:|1783571636\n|move|p1a: Barraskewda|Poison Jab|p2a: Torkoal\n|-supereffective|p2a: Torkoal\n|-damage|p2a: Torkoal|0 fnt\n|faint|p2a: Torkoal\n|\n|upkeep\n|inactive|Time left: 300 sec this turn | 300 sec total | 5 sec grace\n|\n|t:|1783571637\n|switch|p2a: Hypno|Hypno, L95, M|315/315\n|turn|40\n|inactive|Time left: 300 sec this turn | 300 sec total\n|\n|t:|1783571638\n|move|p1a: Barraskewda|Poison Jab|p2a: Hypno\n|-damage|p2a: Hypno|220/315\n|move|p2a: Hypno|Psychic Noise|p1a: Barraskewda\n|-damage|p1a: Barraskewda|15/100\n|-start|p1a: Barraskewda|move: Heal Block\n|\n|-heal|p2a: Hypno|239/315|[from] item: Leftovers\n|upkeep\n|turn|41\n|inactive|Time left: 300 sec this turn | 300 sec total\n|\n|t:|1783571639\n|move|p1a: Barraskewda|Poison Jab|p2a: Hypno\n|-damage|p2a: Hypno|132/315\n|move|p2a: Hypno|Psychic Noise|p1a: Barraskewda\n|-damage|p1a: Barraskewda|0 fnt\n|faint|p1a: Barraskewda\n|\n|-heal|p2a: Hypno|151/315|[from] item: Leftovers\n|upkeep\n|\n|t:|1783571640\n|switch|p1a: Heracross|Heracross, L80, M|6/100 brn\n|turn|42\n|inactive|Time left: 300 sec this turn | 300 sec total\n|\n|t:|1783571641\n|move|p1a: Heracross|Trailblaze|p2a: Hypno\n|-damage|p2a: Hypno|88/315\n|-boost|p1a: Heracross|spe|1\n|move|p2a: Hypno|Toxic||[still]\n|-fail|p2a: Hypno\n|\n|-heal|p2a: Hypno|107/315|[from] item: Leftovers\n|-damage|p1a: Heracross|0 fnt|[from] brn\n|faint|p1a: Heracross\n|upkeep\n|\n|t:|1783571642\n|switch|p1a: Great Tusk|Great Tusk, L77|100/100\n|-enditem|p1a: Great Tusk|Booster Energy\n|-activate|p1a: Great Tusk|ability: Protosynthesis|[fromitem]\n|-start|p1a: Great Tusk|protosynthesisatk\n|turn|43\n|inactive|Time left: 300 sec this turn | 300 sec total\n|\n|t:|1783571643\n|move|p2a: Hypno|Psychic Noise|p1a: Great Tusk\n|-supereffective|p1a: Great Tusk\n|-damage|p1a: Great Tusk|23/100\n|-start|p1a: Great Tusk|move: Heal Block\n|move|p1a: Great Tusk|Bulk Up|p1a: Great Tusk\n|-boost|p1a: Great Tusk|atk|1\n|-boost|p1a: Great Tusk|def|1\n|\n|-heal|p2a: Hypno|126/315|[from] item: Leftovers\n|upkeep\n|turn|44\n|inactive|Time left: 300 sec this turn | 300 sec total\n|\n|t:|1783571643\n|move|p2a: Hypno|Psychic Noise|p1a: Great Tusk\n|-supereffective|p1a: Great Tusk\n|-damage|p1a: Great Tusk|0 fnt\n|faint|p1a: Great Tusk\n|-end|p1a: Great Tusk|Protosynthesis|[silent]\n|\n|win|p0y2740d5e0", "uploadtime": 1783571643, "views": 0, "rating": 0, "private": 0, "password": null, "_winner": "p0y2740d5e0", "_our_name": "p0y2740d5e0"}