{"id": "battle-gen9randombattle-824", "formatid": "gen9randombattle", "format": "[Gen 9] Random Battle", "players": ["p0x824f747", "p0y8243181"], "log": "|init|battle\n|title|p0x824f747 vs. p0y8243181\n|j|\u2606p0x824f747\n|j|\u2606p0y8243181\n|t:|1783548704\n|gametype|singles\n|player|p1|p0x824f747|101|\n|player|p2|p0y8243181|101|\n|gen|9\n|tier|[Gen 9] Random Battle\n|rule|Species Clause: Limit one of each Pok\u00e9mon\n|rule|HP Percentage Mod: HP is shown in percentages\n|rule|Sleep Clause Mod: Limit one foe put to sleep\n|rule|Illusion Level Mod: Illusion disguises the Pok\u00e9mon's true level\n|\n|t:|1783548704\n|teamsize|p1|6\n|teamsize|p2|6\n|start\n|switch|p1a: Electrode|Electrode-Hisui, L87|100/100\n|switch|p2a: Kingambit|Kingambit, L74, M|270/270\n|turn|1\n|inactive|Battle timer is ON: inactive players will automatically lose when time's up. (requested by p0x824f747)\n|inactive|Time left: 300 sec this turn | 300 sec total | 60 sec grace\n|\n|t:|1783548706\n|move|p1a: Electrode|Thunderbolt|p2a: Kingambit\n|-damage|p2a: Kingambit|170/270\n|move|p2a: Kingambit|Swords Dance|p2a: Kingambit\n|-boost|p2a: Kingambit|atk|2\n|\n|-heal|p2a: Kingambit|186/270|[from] item: Leftovers\n|upkeep\n|turn|2\n|inactive|Time left: 300 sec this turn | 300 sec total\n|inactive|p0y8243181 also wants the timer to be on.\n|\n|t:|1783548707\n|move|p1a: Electrode|Thunderbolt|p2a: Kingambit\n|-damage|p2a: Kingambit|87/270\n|move|p2a: Kingambit|Kowtow Cleave|p1a: Electrode\n|-damage|p1a: Electrode|11/100\n|\n|-heal|p1a: Electrode|17/100|[from] item: Leftovers\n|-heal|p2a: Kingambit|103/270|[from] item: Leftovers\n|upkeep\n|turn|3\n|inactive|Time left: 300 sec this turn | 300 sec total\n|\n|t:|1783548708\n|move|p2a: Kingambit|Sucker Punch|p1a: Electrode\n|-damage|p1a: Electrode|0 fnt\n|faint|p1a: Electrode\n|\n|-heal|p2a: Kingambit|119/270|[from] item: Leftovers\n|upkeep\n|\n|t:|1783548709\n|switch|p1a: Stonjourner|Stonjourner, L91, M|100/100\n|turn|4\n|inactive|Time left: 300 sec this turn | 300 sec total\n|\n|t:|1783548710\n|-end|p2a: Kingambit|fallenundefined|[silent]\n|switch|p2a: Appletun|Appletun, L92, M|352/352\n|move|p1a: Stonjourner|Heat Crash|p2a: Appletun\n|-damage|p2a: Appletun|281/352\n|-damage|p1a: Stonjourner|90/100|[from] item: Life Orb\n|\n|-heal|p2a: Appletun|303/352|[from] item: Leftovers\n|upkeep\n|turn|5\n|inactive|Time left: 300 sec this turn | 300 sec total\n|\n|t:|1783548711\n|switch|p1a: Chesnaught|Chesnaught, L84, M|100/100\n|move|p2a: Appletun|Apple Acid|p1a: Chesnaught\n|-resisted|p1a: Chesnaught\n|-damage|p1a: Chesnaught|81/100\n|-unboost|p1a: Chesnaught|spd|1\n|\n|-heal|p1a: Chesnaught|87/100|[from] item: Leftovers\n|-heal|p2a: Appletun|325/352|[from] item: Leftovers\n|upkeep\n|turn|6\n|inactive|Time left: 300 sec this turn | 300 sec total\n|\n|t:|1783548712\n|switch|p1a: Snorlax|Snorlax, L82, M|100/100\n|move|p2a: Appletun|Dragon Pulse|p1a: Snorlax\n|-damage|p1a: Snorlax|79/100\n|\n|-heal|p2a: Appletun|347/352|[from] item: Leftovers\n|-heal|p1a: Snorlax|85/100|[from] item: Leftovers\n|upkeep\n|turn|7\n|inactive|Time left: 300 sec this turn | 300 sec total\n|\n|t:|1783548713\n|move|p2a: Appletun|Apple Acid|p1a: Snorlax\n|-damage|p1a: Snorlax|62/100\n|-unboost|p1a: Snorlax|spd|1\n|move|p1a: Snorlax|Body Slam|p2a: Appletun\n|-damage|p2a: Appletun|256/352\n|\n|-heal|p2a: Appletun|278/352|[from] item: Leftovers\n|-heal|p1a: Snorlax|69/100|[from] item: Leftovers\n|upkeep\n|turn|8\n|inactive|Time left: 300 sec this turn | 300 sec total\n|\n|t:|1783548714\n|switch|p1a: Chesnaught|Chesnaught, L84, M|87/100\n|move|p2a: Appletun|Apple Acid|p1a: Chesnaught\n|-resisted|p1a: Chesnaught\n|-damage|p1a: Chesnaught|68/100\n|-unboost|p1a: Chesnaught|spd|1\n|\n|-heal|p1a: Chesnaught|74/100|[from] item: Leftovers\n|-heal|p2a: Appletun|300/352|[from] item: Leftovers\n|upkeep\n|turn|9\n|inactive|Time left: 300 sec this turn | 300 sec total\n|\n|t:|1783548715\n|move|p1a: Chesnaught|Trailblaze|p2a: Appletun\n|-resisted|p2a: Appletun\n|-damage|p2a: Appletun|286/352\n|-boost|p1a: Chesnaught|spe|1\n|move|p2a: Appletun|Dragon Pulse|p1a: Chesnaught\n|-damage|p1a: Chesnaught|10/100\n|\n|-heal|p1a: Chesnaught|16/100|[from] item: Leftovers\n|-heal|p2a: Appletun|308/352|[from] item: Leftovers\n|upkeep\n|turn|10\n|inactive|Time left: 300 sec this turn | 300 sec total\n|\n|t:|1783548716\n|move|p1a: Chesnaught|Synthesis|p1a: Chesnaught\n|-heal|p1a: Chesnaught|65/100\n|move|p2a: Appletun|Dragon Pulse|p1a: Chesnaught\n|-damage|p1a: Chesnaught|4/100\n|\n|-heal|p1a: Chesnaught|10/100|[from] item: Leftovers\n|-heal|p2a: Appletun|330/352|[from] item: Leftovers\n|upkeep\n|turn|11\n|inactive|Time left: 300 sec this turn | 300 sec total\n|\n|t:|1783548716\n|-terastallize|p1a: Chesnaught|Steel\n|move|p1a: Chesnaught|Synthesis|p1a: Chesnaught\n|-heal|p1a: Chesnaught|60/100\n|move|p2a: Appletun|Dragon Pulse|p1a: Chesnaught\n|-resisted|p1a: Chesnaught\n|-damage|p1a: Chesnaught|25/100\n|\n|-heal|p1a: Chesnaught|31/100|[from] item: Leftovers\n|-heal|p2a: Appletun|352/352|[from] item: Leftovers\n|upkeep\n|turn|12\n|inactive|Time left: 300 sec this turn | 300 sec total\n|\n|t:|1783548717\n|move|p1a: Chesnaught|Synthesis|p1a: Chesnaught\n|-heal|p1a: Chesnaught|81/100\n|move|p2a: Appletun|Dragon Pulse|p1a: Chesnaught\n|-resisted|p1a: Chesnaught\n|-damage|p1a: Chesnaught|52/100\n|\n|-heal|p1a: Chesnaught|58/100|[from] item: Leftovers\n|upkeep\n|turn|13\n|inactive|Time left: 300 sec this turn | 300 sec total\n|\n|t:|1783548718\n|move|p1a: Chesnaught|Synthesis|p1a: Chesnaught\n|-heal|p1a: Chesnaught|100/100\n|move|p2a: Appletun|Apple Acid|p1a: Chesnaught\n|-resisted|p1a: Chesnaught\n|-damage|p1a: Chesnaught|68/100\n|-unboost|p1a: Chesnaught|spd|1\n|\n|-heal|p1a: Chesnaught|74/100|[from] item: Leftovers\n|upkeep\n|turn|14\n|inactive|Time left: 300 sec this turn | 300 sec total\n|\n|t:|1783548719\n|move|p1a: Chesnaught|Synthesis|p1a: Chesnaught\n|-heal|p1a: Chesnaught|100/100\n|move|p2a: Appletun|Dragon Pulse|p1a: Chesnaught\n|-resisted|p1a: Chesnaught\n|-crit|p1a: Chesnaught\n|-damage|p1a: Chesnaught|34/100\n|\n|-heal|p1a: Chesnaught|40/100|[from] item: Leftovers\n|upkeep\n|turn|15\n|inactive|Time left: 300 sec this turn | 300 sec total\n|\n|t:|1783548720\n|move|p1a: Chesnaught|Synthesis|p1a: Chesnaught\n|-heal|p1a: Chesnaught|90/100\n|move|p2a: Appletun|Apple Acid|p1a: Chesnaught\n|-resisted|p1a: Chesnaught\n|-damage|p1a: Chesnaught|49/100\n|-unboost|p1a: Chesnaught|spd|1\n|\n|-heal|p1a: Chesnaught|55/100|[from] item: Leftovers\n|upkeep\n|turn|16\n|inactive|Time left: 300 sec this turn | 300 sec total\n|\n|t:|1783548721\n|move|p1a: Chesnaught|Synthesis|p1a: Chesnaught\n|-heal|p1a: Chesnaught|100/100\n|move|p2a: Appletun|Dragon Pulse|p1a: Chesnaught\n|-resisted|p1a: Chesnaught\n|-damage|p1a: Chesnaught|47/100\n|\n|-heal|p1a: Chesnaught|53/100|[from] item: Leftovers\n|upkeep\n|turn|17\n|inactive|Time left: 300 sec this turn | 300 sec total\n|\n|t:|1783548722\n|move|p1a: Chesnaught|Synthesis|p1a: Chesnaught\n|-heal|p1a: Chesnaught|100/100\n|move|p2a: Appletun|Dragon Pulse|p1a: Chesnaught\n|-resisted|p1a: Chesnaught\n|-crit|p1a: Chesnaught\n|-damage|p1a: Chesnaught|19/100\n|\n|-heal|p1a: Chesnaught|25/100|[from] item: Leftovers\n|upkeep\n|turn|18\n|inactive|Time left: 300 sec this turn | 300 sec total\n|\n|t:|1783548723\n|switch|p1a: Snorlax|Snorlax, L82, M|69/100\n|move|p2a: Appletun|Apple Acid|p1a: Snorlax\n|-damage|p1a: Snorlax|48/100\n|-unboost|p1a: Snorlax|spd|1\n|\n|-heal|p1a: Snorlax|54/100|[from] item: Leftovers\n|upkeep\n|turn|19\n|inactive|Time left: 300 sec this turn | 300 sec total\n|\n|t:|1783548724\n|switch|p1a: Chesnaught|Chesnaught, L84, M, tera:Steel|25/100\n|move|p2a: Appletun|Apple Acid|p1a: Chesnaught\n|-resisted|p1a: Chesnaught\n|-damage|p1a: Chesnaught|4/100\n|-unboost|p1a: Chesnaught|spd|1\n|\n|-heal|p1a: Chesnaught|10/100|[from] item: Leftovers\n|upkeep\n|turn|20\n|inactive|Time left: 300 sec this turn | 300 sec total\n|\n|t:|1783548725\n|move|p1a: Chesnaught|Body Press|p2a: Appletun\n|-damage|p2a: Appletun|252/352\n|move|p2a: Appletun|Apple Acid|p1a: Chesnaught\n|-resisted|p1a: Chesnaught\n|-damage|p1a: Chesnaught|0 fnt\n|faint|p1a: Chesnaught\n|\n|-heal|p2a: Appletun|274/352|[from] item: Leftovers\n|upkeep\n|\n|t:|1783548726\n|switch|p1a: Gengar|Gengar, L81, F|100/100\n|turn|21\n|inactive|Time left: 300 sec this turn | 300 sec total\n|\n|t:|1783548727\n|-terastallize|p2a: Appletun|Steel\n|move|p1a: Gengar|Sludge Wave|p2a: Appletun\n|-immune|p2a: Appletun\n|move|p2a: Appletun|Dragon Pulse|p1a: Gengar\n|-damage|p1a: Gengar|44/100\n|\n|-heal|p2a: Appletun|296/352|[from] item: Leftovers\n|upkeep\n|turn|22\n|inactive|Time left: 300 sec this turn | 300 sec total\n|\n|t:|1783548729\n|move|p1a: Gengar|Focus Blast|p2a: Appletun|[miss]\n|-miss|p1a: Gengar|p2a: Appletun\n|move|p2a: Appletun|Apple Acid|p1a: Gengar\n|-resisted|p1a: Gengar\n|-damage|p1a: Gengar|19/100\n|-unboost|p1a: Gengar|spd|1\n|\n|-heal|p2a: Appletun|318/352|[from] item: Leftovers\n|upkeep\n|turn|23\n|inactive|Time left: 300 sec this turn | 300 sec total\n|\n|t:|1783548730\n|move|p1a: Gengar|Focus Blast|p2a: Appletun\n|-supereffective|p2a: Appletun\n|-damage|p2a: Appletun|55/352\n|-damage|p1a: Gengar|9/100|[from] item: Life Orb\n|move|p2a: Appletun|Apple Acid|p1a: Gengar\n|-resisted|p1a: Gengar\n|-damage|p1a: Gengar|0 fnt\n|-start|p2a: Appletun|Disable|Apple Acid|[from] ability: Cursed Body|[of] p1a: Gengar\n|faint|p1a: Gengar\n|\n|-heal|p2a: Appletun|77/352|[from] item: Leftovers\n|upkeep\n|\n|t:|1783548731\n|switch|p1a: Stonjourner|Stonjourner, L91, M|90/100\n|turn|24\n|inactive|Time left: 300 sec this turn | 300 sec total\n|\n|t:|1783548732\n|switch|p2a: Golurk|Golurk, L87|297/297\n|move|p1a: Stonjourner|Earthquake|p2a: Golurk\n|-damage|p2a: Golurk|163/297\n|-damage|p1a: Stonjourner|80/100|[from] item: Life Orb\n|\n|upkeep\n|turn|25\n|inactive|Time left: 300 sec this turn | 300 sec total\n|\n|t:|1783548733\n|move|p1a: Stonjourner|Stealth Rock|p2a: Golurk\n|-sidestart|p2: p0y8243181|move: Stealth Rock\n|move|p2a: Golurk|Earthquake|p1a: Stonjourner\n|-supereffective|p1a: Stonjourner\n|-damage|p1a: Stonjourner|9/100\n|-damage|p2a: Golurk|134/297|[from] item: Life Orb\n|\n|upkeep\n|turn|26\n|inactive|Time left: 300 sec this turn | 300 sec total\n|\n|t:|1783548734\n|move|p1a: Stonjourner|Earthquake|p2a: Golurk\n|-damage|p2a: Golurk|0 fnt\n|faint|p2a: Golurk\n|-damage|p1a: Stonjourner|0 fnt|[from] item: Life Orb\n|faint|p1a: Stonjourner\n|\n|upkeep\n|inactive|Time left: 300 sec this turn | 300 sec total | 5 sec grace\n|\n|t:|1783548736\n|switch|p1a: Snorlax|Snorlax, L82, M|54/100\n|switch|p2a: Spidops|Spidops, L96, M|271/271\n|turn|27\n|inactive|Time left: 300 sec this turn | 300 sec total\n|\n|t:|1783548737\n|move|p2a: Spidops|Knock Off|p1a: Snorlax\n|-damage|p1a: Snorlax|30/100\n|-enditem|p1a: Snorlax|Leftovers|[from] move: Knock Off|[of] p2a: Spidops\n|move|p1a: Snorlax|Body Slam|p2a: Spidops\n|-damage|p2a: Spidops|192/271\n|\n|upkeep\n|turn|28\n|inactive|Time left: 300 sec this turn | 300 sec total\n|\n|t:|1783548738\n|move|p2a: Spidops|Sticky Web|p1a: Snorlax\n|-sidestart|p1: p0x824f747|move: Sticky Web\n|move|p1a: Snorlax|Body Slam|p2a: Spidops\n|-damage|p2a: Spidops|104/271\n|\n|upkeep\n|turn|29\n|inactive|Time left: 300 sec this turn | 300 sec total\n|\n|t:|1783548739\n|switch|p2a: Kingambit|Kingambit, L74, M|119/270\n|-damage|p2a: Kingambit|103/270|[from] Stealth Rock\n|-activate|p2a: Kingambit|ability: Supreme Overlord\n|-start|p2a: Kingambit|fallen1|[silent]\n|move|p1a: Snorlax|Body Slam|p2a: Kingambit\n|-resisted|p2a: Kingambit\n|-damage|p2a: Kingambit|61/270\n|-status|p2a: Kingambit|par\n|\n|-heal|p2a: Kingambit|77/270 par|[from] item: Leftovers\n|upkeep\n|turn|30\n|inactive|Time left: 300 sec this turn | 300 sec total\n|\n|t:|1783548740\n|move|p1a: Snorlax|Earthquake|p2a: Kingambit\n|-supereffective|p2a: Kingambit\n|-damage|p2a: Kingambit|0 fnt\n|faint|p2a: Kingambit\n|-end|p2a: Kingambit|fallen1|[silent]\n|\n|upkeep\n|inactive|Time left: 300 sec this turn | 300 sec total | 5 sec grace\n|\n|t:|1783548741\n|switch|p2a: Appletun|Appletun, L92, M, tera:Steel|77/352\n|-damage|p2a: Appletun|55/352|[from] Stealth Rock\n|turn|31\n|inactive|Time left: 300 sec this turn | 300 sec total\n|\n|t:|1783548742\n|move|p2a: Appletun|Recover|p2a: Appletun\n|-heal|p2a: Appletun|231/352\n|move|p1a: Snorlax|Earthquake|p2a: Appletun\n|-supereffective|p2a: Appletun\n|-damage|p2a: Appletun|87/352\n|\n|-heal|p2a: Appletun|109/352|[from] item: Leftovers\n|upkeep\n|turn|32\n|inactive|Time left: 300 sec this turn | 300 sec total\n|\n|t:|1783548743\n|move|p2a: Appletun|Recover|p2a: Appletun\n|-heal|p2a: Appletun|285/352\n|move|p1a: Snorlax|Earthquake|p2a: Appletun\n|-supereffective|p2a: Appletun\n|-damage|p2a: Appletun|135/352\n|\n|-heal|p2a: Appletun|157/352|[from] item: Leftovers\n|upkeep\n|turn|33\n|inactive|Time left: 300 sec this turn | 300 sec total\n|\n|t:|1783548744\n|move|p2a: Appletun|Recover|p2a: Appletun\n|-heal|p2a: Appletun|333/352\n|move|p1a: Snorlax|Earthquake|p2a: Appletun\n|-supereffective|p2a: Appletun\n|-damage|p2a: Appletun|181/352\n|\n|-heal|p2a: Appletun|203/352|[from] item: Leftovers\n|upkeep\n|turn|34\n|inactive|Time left: 300 sec this turn | 300 sec total\n|\n|t:|1783548745\n|move|p2a: Appletun|Apple Acid|p1a: Snorlax\n|-damage|p1a: Snorlax|10/100\n|-unboost|p1a: Snorlax|spd|1\n|move|p1a: Snorlax|Earthquake|p2a: Appletun\n|-supereffective|p2a: Appletun\n|-damage|p2a: Appletun|65/352\n|\n|-heal|p2a: Appletun|87/352|[from] item: Leftovers\n|upkeep\n|turn|35\n|inactive|Time left: 300 sec this turn | 300 sec total\n|\n|t:|1783548746\n|move|p2a: Appletun|Recover|p2a: Appletun\n|-heal|p2a: Appletun|263/352\n|move|p1a: Snorlax|Earthquake|p2a: Appletun\n|-supereffective|p2a: Appletun\n|-damage|p2a: Appletun|127/352\n|\n|-heal|p2a: Appletun|149/352|[from] item: Leftovers\n|upkeep\n|turn|36\n|inactive|Time left: 300 sec this turn | 300 sec total\n|\n|t:|1783548747\n|move|p2a: Appletun|Apple Acid|p1a: Snorlax\n|-damage|p1a: Snorlax|0 fnt\n|faint|p1a: Snorlax\n|\n|-heal|p2a: Appletun|171/352|[from] item: Leftovers\n|upkeep\n|\n|t:|1783548749\n|switch|p1a: Sableye|Sableye, L88, M|100/100\n|-activate|p1a: Sableye|move: Sticky Web\n|-unboost|p1a: Sableye|spe|1\n|turn|37\n|inactive|Time left: 300 sec this turn | 300 sec total\n|\n|t:|1783548749\n|move|p1a: Sableye|Will-O-Wisp|p2a: Appletun\n|-status|p2a: Appletun|brn\n|move|p2a: Appletun|Apple Acid|p1a: Sableye\n|-damage|p1a: Sableye|45/100\n|-unboost|p1a: Sableye|spd|1\n|\n|-heal|p2a: Appletun|193/352 brn|[from] item: Leftovers\n|-heal|p1a: Sableye|51/100|[from] item: Leftovers\n|-damage|p2a: Appletun|171/352 brn|[from] brn\n|upkeep\n|turn|38\n|inactive|Time left: 300 sec this turn | 300 sec total\n|\n|t:|1783548750\n|move|p1a: Sableye|Recover|p1a: Sableye\n|-heal|p1a: Sableye|100/100\n|move|p2a: Appletun|Apple Acid|p1a: Sableye\n|-damage|p1a: Sableye|25/100\n|-unboost|p1a: Sableye|spd|1\n|\n|-heal|p2a: Appletun|193/352 brn|[from] item: Leftovers\n|-heal|p1a: Sableye|31/100|[from] item: Leftovers\n|-damage|p2a: Appletun|171/352 brn|[from] brn\n|upkeep\n|turn|39\n|inactive|Time left: 300 sec this turn | 300 sec total\n|\n|t:|1783548751\n|move|p2a: Appletun|Apple Acid|p1a: Sableye\n|-damage|p1a: Sableye|0 fnt\n|faint|p1a: Sableye\n|\n|win|p0y8243181", "uploadtime": 1783548751, "views": 0, "rating": 0, "private": 0, "password": null, "_winner": "p0y8243181", "_our_name": "p0y8243181"}