{"id": "battle-gen9randombattle-146", "formatid": "gen9randombattle", "format": "[Gen 9] Random Battle", "players": ["p0x146a674", "p0y1462b37"], "log": "|init|battle\n|title|p0x146a674 vs. p0y1462b37\n|j|\u2606p0x146a674\n|j|\u2606p0y1462b37\n|t:|1783540849\n|gametype|singles\n|player|p1|p0x146a674|266|\n|player|p2|p0y1462b37|1|\n|gen|9\n|tier|[Gen 9] Random Battle\n|rule|Species Clause: Limit one of each Pok\u00e9mon\n|rule|HP Percentage Mod: HP is shown in percentages\n|rule|Sleep Clause Mod: Limit one foe put to sleep\n|rule|Illusion Level Mod: Illusion disguises the Pok\u00e9mon's true level\n|\n|t:|1783540849\n|teamsize|p1|6\n|teamsize|p2|6\n|start\n|switch|p1a: Goodra|Goodra, L85, M|292/292\n|switch|p2a: Magmortar|Magmortar, L88, M|100/100\n|turn|1\n|inactive|Battle timer is ON: inactive players will automatically lose when time's up. (requested by p0x146a674)\n|inactive|p0y1462b37 also wants the timer to be on.\n|\n|t:|1783540851\n|move|p2a: Magmortar|Fire Blast|p1a: Goodra\n|-resisted|p1a: Goodra\n|-damage|p1a: Goodra|246/292\n|move|p1a: Goodra|Earthquake|p2a: Magmortar\n|-supereffective|p2a: Magmortar\n|-damage|p2a: Magmortar|41/100\n|\n|upkeep\n|turn|2\n|inactive|Time left: 300 sec this turn | 300 sec total\n|\n|t:|1783540853\n|switch|p2a: Ting-Lu|Ting-Lu, L78|100/100\n|-ability|p2a: Ting-Lu|Vessel of Ruin\n|move|p1a: Goodra|Earthquake|p2a: Ting-Lu\n|-damage|p2a: Ting-Lu|83/100\n|\n|-heal|p2a: Ting-Lu|89/100|[from] item: Leftovers\n|upkeep\n|turn|3\n|inactive|Time left: 300 sec this turn | 300 sec total\n|\n|t:|1783540854\n|switch|p1a: Landorus|Landorus-Therian, L76, M|260/260\n|-ability|p1a: Landorus|Intimidate|boost\n|-unboost|p2a: Ting-Lu|atk|1\n|move|p2a: Ting-Lu|Spikes|p1a: Landorus\n|-sidestart|p1: p0x146a674|Spikes\n|\n|-heal|p2a: Ting-Lu|96/100|[from] item: Leftovers\n|upkeep\n|turn|4\n|inactive|Time left: 300 sec this turn | 300 sec total\n|\n|t:|1783540856\n|move|p1a: Landorus|Stealth Rock|p2a: Ting-Lu\n|-sidestart|p2: p0y1462b37|move: Stealth Rock\n|move|p2a: Ting-Lu|Spikes|p1a: Landorus\n|-sidestart|p1: p0x146a674|Spikes\n|\n|-heal|p2a: Ting-Lu|100/100|[from] item: Leftovers\n|upkeep\n|turn|5\n|inactive|Time left: 300 sec this turn | 300 sec total\n|\n|t:|1783540857\n|move|p1a: Landorus|Earthquake|p2a: Ting-Lu\n|-damage|p2a: Ting-Lu|75/100\n|move|p2a: Ting-Lu|Spikes|p1a: Landorus\n|-sidestart|p1: p0x146a674|Spikes\n|\n|-heal|p2a: Ting-Lu|82/100|[from] item: Leftovers\n|upkeep\n|turn|6\n|inactive|Time left: 300 sec this turn | 300 sec total\n|\n|t:|1783540858\n|move|p1a: Landorus|Earthquake|p2a: Ting-Lu\n|-damage|p2a: Ting-Lu|55/100\n|move|p2a: Ting-Lu|Throat Chop|p1a: Landorus\n|-crit|p1a: Landorus\n|-damage|p1a: Landorus|121/260\n|-start|p1a: Landorus|Throat Chop|[silent]\n|\n|-heal|p1a: Landorus|137/260|[from] item: Leftovers\n|-heal|p2a: Ting-Lu|62/100|[from] item: Leftovers\n|upkeep\n|turn|7\n|inactive|Time left: 300 sec this turn | 300 sec total\n|\n|t:|1783540859\n|move|p1a: Landorus|Earthquake|p2a: Ting-Lu\n|-damage|p2a: Ting-Lu|35/100\n|move|p2a: Ting-Lu|Throat Chop|p1a: Landorus\n|-damage|p1a: Landorus|77/260\n|\n|-heal|p1a: Landorus|93/260|[from] item: Leftovers\n|-heal|p2a: Ting-Lu|41/100|[from] item: Leftovers\n|-end|p1a: Landorus|Throat Chop|[silent]\n|upkeep\n|turn|8\n|inactive|Time left: 300 sec this turn | 300 sec total\n|\n|t:|1783540860\n|move|p1a: Landorus|Earthquake|p2a: Ting-Lu\n|-damage|p2a: Ting-Lu|16/100\n|move|p2a: Ting-Lu|Whirlwind|p1a: Landorus\n|drag|p1a: Shiftry|Shiftry, L89, M|305/305\n|-damage|p1a: Shiftry|229/305|[from] Spikes\n|\n|-heal|p2a: Ting-Lu|22/100|[from] item: Leftovers\n|upkeep\n|turn|9\n|inactive|Time left: 300 sec this turn | 300 sec total\n|\n|t:|1783540862\n|move|p1a: Shiftry|Knock Off|p2a: Ting-Lu\n|-resisted|p2a: Ting-Lu\n|-damage|p2a: Ting-Lu|6/100\n|-enditem|p2a: Ting-Lu|Leftovers|[from] move: Knock Off|[of] p1a: Shiftry\n|-damage|p1a: Shiftry|199/305|[from] item: Life Orb\n|move|p2a: Ting-Lu|Throat Chop|p1a: Shiftry\n|-resisted|p1a: Shiftry\n|-damage|p1a: Shiftry|165/305\n|-start|p1a: Shiftry|Throat Chop|[silent]\n|\n|upkeep\n|turn|10\n|inactive|Time left: 300 sec this turn | 300 sec total\n|\n|t:|1783540863\n|move|p1a: Shiftry|Knock Off|p2a: Ting-Lu\n|-resisted|p2a: Ting-Lu\n|-damage|p2a: Ting-Lu|0 fnt\n|faint|p2a: Ting-Lu\n|-damage|p1a: Shiftry|135/305|[from] item: Life Orb\n|\n|-end|p1a: Shiftry|Throat Chop|[silent]\n|upkeep\n|\n|t:|1783540864\n|switch|p2a: Porygon-Z|Porygon-Z, L83|100/100\n|-damage|p2a: Porygon-Z|88/100|[from] Stealth Rock\n|turn|11\n|inactive|Time left: 300 sec this turn | 300 sec total\n|\n|t:|1783540865\n|move|p2a: Porygon-Z|Tri Attack|p1a: Shiftry\n|-damage|p1a: Shiftry|0 fnt\n|faint|p1a: Shiftry\n|\n|upkeep\n|inactive|Time left: 300 sec this turn | 300 sec total | 5 sec grace\n|\n|t:|1783540866\n|switch|p1a: Cresselia|Cresselia, L80, F|323/323\n|turn|12\n|inactive|Time left: 300 sec this turn | 300 sec total\n|\n|t:|1783540867\n|move|p2a: Porygon-Z|Tri Attack|p1a: Cresselia\n|-damage|p1a: Cresselia|211/323\n|move|p1a: Cresselia|Calm Mind|p1a: Cresselia\n|-boost|p1a: Cresselia|spa|1\n|-boost|p1a: Cresselia|spd|1\n|\n|-heal|p1a: Cresselia|231/323|[from] item: Leftovers\n|upkeep\n|turn|13\n|inactive|Time left: 300 sec this turn | 300 sec total\n|\n|t:|1783540868\n|move|p2a: Porygon-Z|Tri Attack|p1a: Cresselia\n|-damage|p1a: Cresselia|145/323\n|-status|p1a: Cresselia|frz\n|cant|p1a: Cresselia|frz\n|\n|-heal|p1a: Cresselia|165/323 frz|[from] item: Leftovers\n|upkeep\n|turn|14\n|inactive|Time left: 300 sec this turn | 300 sec total\n|\n|t:|1783540869\n|move|p2a: Porygon-Z|Tri Attack|p1a: Cresselia\n|-damage|p1a: Cresselia|91/323 frz\n|cant|p1a: Cresselia|frz\n|\n|-heal|p1a: Cresselia|111/323 frz|[from] item: Leftovers\n|upkeep\n|turn|15\n|inactive|Time left: 300 sec this turn | 300 sec total\n|\n|t:|1783540870\n|move|p2a: Porygon-Z|Tri Attack|p1a: Cresselia\n|-damage|p1a: Cresselia|25/323 frz\n|cant|p1a: Cresselia|frz\n|\n|-heal|p1a: Cresselia|45/323 frz|[from] item: Leftovers\n|upkeep\n|turn|16\n|inactive|Time left: 300 sec this turn | 300 sec total\n|\n|t:|1783540871\n|move|p2a: Porygon-Z|Tri Attack|p1a: Cresselia\n|-damage|p1a: Cresselia|0 fnt\n|faint|p1a: Cresselia\n|\n|upkeep\n|inactive|Time left: 300 sec this turn | 300 sec total | 5 sec grace\n|\n|t:|1783540872\n|switch|p1a: Hitmontop|Hitmontop, L88, M|231/231\n|-damage|p1a: Hitmontop|174/231|[from] Spikes\n|turn|17\n|inactive|Time left: 300 sec this turn | 300 sec total\n|\n|t:|1783540873\n|move|p2a: Porygon-Z|Tri Attack|p1a: Hitmontop\n|-damage|p1a: Hitmontop|58/231\n|-status|p1a: Hitmontop|frz\n|cant|p1a: Hitmontop|frz\n|\n|-heal|p1a: Hitmontop|72/231 frz|[from] item: Leftovers\n|upkeep\n|turn|18\n|inactive|Time left: 300 sec this turn | 300 sec total\n|\n|t:|1783540874\n|move|p2a: Porygon-Z|Tri Attack|p1a: Hitmontop\n|-damage|p1a: Hitmontop|0 fnt\n|faint|p1a: Hitmontop\n|\n|upkeep\n|inactive|Time left: 300 sec this turn | 300 sec total | 5 sec grace\n|\n|t:|1783540875\n|switch|p1a: Inteleon|Inteleon, L81, M|246/246\n|-damage|p1a: Inteleon|185/246|[from] Spikes\n|turn|19\n|inactive|Time left: 300 sec this turn | 300 sec total\n|\n|t:|1783540876\n|move|p2a: Porygon-Z|Tri Attack|p1a: Inteleon\n|-damage|p1a: Inteleon|3/246\n|-status|p1a: Inteleon|brn\n|move|p1a: Inteleon|Scald|p2a: Porygon-Z\n|-damage|p2a: Porygon-Z|0 fnt\n|faint|p2a: Porygon-Z\n|\n|-damage|p1a: Inteleon|0 fnt|[from] brn\n|faint|p1a: Inteleon\n|upkeep\n|inactive|Time left: 300 sec this turn | 300 sec total | 5 sec grace\n|\n|t:|1783540877\n|switch|p1a: Goodra|Goodra, L85, M|246/292\n|switch|p2a: Magmortar|Magmortar, L88, M|41/100\n|-damage|p2a: Magmortar|16/100|[from] Stealth Rock\n|-damage|p1a: Goodra|173/292|[from] Spikes\n|turn|20\n|inactive|Time left: 300 sec this turn | 300 sec total\n|\n|t:|1783540878\n|move|p2a: Magmortar|Fire Blast|p1a: Goodra\n|-resisted|p1a: Goodra\n|-damage|p1a: Goodra|118/292\n|-status|p1a: Goodra|brn\n|move|p1a: Goodra|Earthquake|p2a: Magmortar\n|-supereffective|p2a: Magmortar\n|-damage|p2a: Magmortar|0 fnt\n|faint|p2a: Magmortar\n|\n|-damage|p1a: Goodra|100/292 brn|[from] brn\n|upkeep\n|\n|t:|1783540880\n|switch|p2a: Wo-Chien|Wo-Chien, L83|100/100\n|-damage|p2a: Wo-Chien|88/100|[from] Stealth Rock\n|-ability|p2a: Wo-Chien|Tablets of Ruin\n|turn|21\n|inactive|Time left: 300 sec this turn | 300 sec total\n|\n|t:|1783540881\n|move|p1a: Goodra|Fire Blast|p2a: Wo-Chien\n|-supereffective|p2a: Wo-Chien\n|-damage|p2a: Wo-Chien|43/100\n|move|p2a: Wo-Chien|Knock Off|p1a: Goodra\n|-damage|p1a: Goodra|0 fnt\n|-enditem|p1a: Goodra|Assault Vest|[from] move: Knock Off|[of] p2a: Wo-Chien\n|faint|p1a: Goodra\n|\n|-heal|p2a: Wo-Chien|50/100|[from] item: Leftovers\n|upkeep\n|inactive|Time left: 300 sec this turn | 300 sec total | 5 sec grace\n|\n|t:|1783540882\n|switch|p1a: Landorus|Landorus-Therian, L76, M|93/260\n|-ability|p1a: Landorus|Intimidate|boost\n|-unboost|p2a: Wo-Chien|atk|1\n|turn|22\n|inactive|Time left: 300 sec this turn | 300 sec total\n|\n|t:|1783540883\n|move|p1a: Landorus|Earthquake|p2a: Wo-Chien\n|-resisted|p2a: Wo-Chien\n|-damage|p2a: Wo-Chien|35/100\n|move|p2a: Wo-Chien|Knock Off|p1a: Landorus\n|-damage|p1a: Landorus|30/260\n|-enditem|p1a: Landorus|Leftovers|[from] move: Knock Off|[of] p2a: Wo-Chien\n|\n|-heal|p2a: Wo-Chien|41/100|[from] item: Leftovers\n|upkeep\n|turn|23\n|inactive|Time left: 300 sec this turn | 300 sec total\n|\n|t:|1783540884\n|-terastallize|p2a: Wo-Chien|Poison\n|move|p1a: Landorus|Earthquake|p2a: Wo-Chien\n|-supereffective|p2a: Wo-Chien\n|-damage|p2a: Wo-Chien|0 fnt\n|faint|p2a: Wo-Chien\n|\n|upkeep\n|\n|t:|1783540885\n|switch|p2a: Volbeat|Volbeat, L90, M|100/100\n|turn|24\n|inactive|Time left: 300 sec this turn | 300 sec total\n|\n|t:|1783540886\n|move|p2a: Volbeat|Lunge|p1a: Landorus\n|-resisted|p1a: Landorus\n|-damage|p1a: Landorus|0 fnt\n|faint|p1a: Landorus\n|\n|win|p0y1462b37", "uploadtime": 1783540886, "views": 0, "rating": 0, "private": 0, "password": null, "_winner": "p0y1462b37", "_our_name": "p0x146a674"}