{"id": "battle-gen9randombattle-742", "formatid": "gen9randombattle", "format": "[Gen 9] Random Battle", "players": ["p0x742a583", "p0y742bb83"], "log": "|init|battle\n|title|p0x742a583 vs. p0y742bb83\n|j|\u2606p0x742a583\n|j|\u2606p0y742bb83\n|t:|1783547731\n|gametype|singles\n|player|p1|p0x742a583|169|\n|player|p2|p0y742bb83|1|\n|gen|9\n|tier|[Gen 9] Random Battle\n|rule|Species Clause: Limit one of each Pok\u00e9mon\n|rule|HP Percentage Mod: HP is shown in percentages\n|rule|Sleep Clause Mod: Limit one foe put to sleep\n|rule|Illusion Level Mod: Illusion disguises the Pok\u00e9mon's true level\n|\n|t:|1783547731\n|teamsize|p1|6\n|teamsize|p2|6\n|start\n|switch|p1a: Spectrier|Spectrier, L75|100/100\n|switch|p2a: Granbull|Granbull, L88, M|302/302\n|-ability|p2a: Granbull|Intimidate|boost\n|-unboost|p1a: Spectrier|atk|1\n|turn|1\n|inactive|Battle timer is ON: inactive players will automatically lose when time's up. (requested by p0y742bb83)\n|inactive|p0x742a583 also wants the timer to be on.\n|\n|t:|1783547732\n|switch|p1a: Glastrier|Glastrier, L86|100/100\n|move|p2a: Granbull|Play Rough|p1a: Glastrier|[miss]\n|-miss|p2a: Granbull|p1a: Glastrier\n|\n|upkeep\n|turn|2\n|inactive|Time left: 300 sec this turn | 300 sec total\n|\n|t:|1783547733\n|move|p2a: Granbull|Play Rough|p1a: Glastrier\n|-damage|p1a: Glastrier|72/100\n|move|p1a: Glastrier|Heavy Slam|p2a: Granbull\n|-supereffective|p2a: Granbull\n|-damage|p2a: Granbull|54/302\n|\n|-heal|p2a: Granbull|72/302|[from] item: Leftovers\n|upkeep\n|turn|3\n|inactive|Time left: 300 sec this turn | 300 sec total\n|\n|t:|1783547735\n|switch|p2a: Iron Crown|Iron Crown, L78|268/268\n|move|p1a: Glastrier|Heavy Slam|p2a: Iron Crown\n|-resisted|p2a: Iron Crown\n|-damage|p2a: Iron Crown|207/268\n|\n|upkeep\n|turn|4\n|inactive|Time left: 300 sec this turn | 300 sec total\n|\n|t:|1783547735\n|switch|p1a: Muk|Muk, L86, F|100/100\n|move|p2a: Iron Crown|Tachyon Cutter|p1a: Muk\n|-damage|p1a: Muk|85/100\n|-damage|p1a: Muk|68/100\n|-hitcount|p1a: Muk|2\n|\n|upkeep\n|turn|5\n|inactive|Time left: 300 sec this turn | 300 sec total\n|\n|t:|1783547737\n|move|p2a: Iron Crown|Tachyon Cutter|p1a: Muk\n|-damage|p1a: Muk|52/100\n|-damage|p1a: Muk|37/100\n|-hitcount|p1a: Muk|2\n|move|p1a: Muk|Knock Off|p2a: Iron Crown\n|-supereffective|p2a: Iron Crown\n|-damage|p2a: Iron Crown|47/268\n|-enditem|p2a: Iron Crown|Choice Specs|[from] move: Knock Off|[of] p1a: Muk\n|\n|upkeep\n|turn|6\n|inactive|Time left: 300 sec this turn | 300 sec total\n|\n|t:|1783547738\n|move|p1a: Muk|Shadow Sneak|p2a: Iron Crown\n|-supereffective|p2a: Iron Crown\n|-damage|p2a: Iron Crown|0 fnt\n|faint|p2a: Iron Crown\n|-end|p2a: Iron Crown|Quark Drive|[silent]\n|\n|upkeep\n|inactive|Time left: 300 sec this turn | 300 sec total | 5 sec grace\n|\n|t:|1783547739\n|switch|p2a: Arcanine|Arcanine-Hisui, L79, M|280/280\n|turn|7\n|inactive|Time left: 300 sec this turn | 300 sec total\n|\n|t:|1783547741\n|move|p2a: Arcanine|Flare Blitz|p1a: Muk\n|-damage|p1a: Muk|0 fnt\n|faint|p1a: Muk\n|\n|upkeep\n|\n|t:|1783547742\n|switch|p1a: Magmortar|Magmortar, L88, F|100/100\n|turn|8\n|inactive|Time left: 300 sec this turn | 300 sec total\n|\n|t:|1783547743\n|move|p1a: Magmortar|Focus Blast|p2a: Arcanine\n|-supereffective|p2a: Arcanine\n|-damage|p2a: Arcanine|42/280\n|move|p2a: Arcanine|Head Smash|p1a: Magmortar\n|-supereffective|p1a: Magmortar\n|-damage|p1a: Magmortar|0 fnt\n|faint|p1a: Magmortar\n|\n|upkeep\n|\n|t:|1783547744\n|switch|p1a: Spectrier|Spectrier, L75|100/100\n|turn|9\n|inactive|Time left: 300 sec this turn | 300 sec total\n|\n|t:|1783547745\n|switch|p2a: Ting-Lu|Ting-Lu, L78|370/370\n|-ability|p2a: Ting-Lu|Vessel of Ruin\n|move|p1a: Spectrier|Shadow Ball|p2a: Ting-Lu\n|-resisted|p2a: Ting-Lu\n|-damage|p2a: Ting-Lu|315/370\n|-damage|p1a: Spectrier|91/100|[from] item: Life Orb\n|\n|-heal|p2a: Ting-Lu|338/370|[from] item: Leftovers\n|upkeep\n|turn|10\n|inactive|Time left: 300 sec this turn | 300 sec total\n|\n|t:|1783547746\n|switch|p1a: Glastrier|Glastrier, L86|72/100\n|move|p2a: Ting-Lu|Throat Chop|p1a: Glastrier\n|-damage|p1a: Glastrier|54/100\n|-start|p1a: Glastrier|Throat Chop|[silent]\n|\n|-heal|p2a: Ting-Lu|361/370|[from] item: Leftovers\n|upkeep\n|turn|11\n|inactive|Time left: 300 sec this turn | 300 sec total\n|\n|t:|1783547747\n|move|p2a: Ting-Lu|Earthquake|p1a: Glastrier\n|-damage|p1a: Glastrier|32/100\n|move|p1a: Glastrier|Icicle Crash|p2a: Ting-Lu\n|-supereffective|p2a: Ting-Lu\n|-damage|p2a: Ting-Lu|143/370\n|\n|-heal|p2a: Ting-Lu|166/370|[from] item: Leftovers\n|-end|p1a: Glastrier|Throat Chop|[silent]\n|upkeep\n|turn|12\n|inactive|Time left: 300 sec this turn | 300 sec total\n|\n|t:|1783547748\n|move|p2a: Ting-Lu|Earthquake|p1a: Glastrier\n|-damage|p1a: Glastrier|9/100\n|move|p1a: Glastrier|Icicle Crash|p2a: Ting-Lu\n|-supereffective|p2a: Ting-Lu\n|-damage|p2a: Ting-Lu|0 fnt\n|faint|p2a: Ting-Lu\n|-ability|p1a: Glastrier|Chilling Neigh|boost\n|-boost|p1a: Glastrier|atk|1\n|\n|upkeep\n|inactive|Time left: 300 sec this turn | 300 sec total | 5 sec grace\n|\n|t:|1783547749\n|switch|p2a: Arcanine|Arcanine-Hisui, L79, M|42/280\n|turn|13\n|inactive|Time left: 300 sec this turn | 300 sec total\n|\n|t:|1783547751\n|move|p2a: Arcanine|Flare Blitz|p1a: Glastrier\n|-supereffective|p1a: Glastrier\n|-damage|p1a: Glastrier|0 fnt\n|faint|p1a: Glastrier\n|\n|upkeep\n|\n|t:|1783547752\n|switch|p1a: Spectrier|Spectrier, L75|91/100\n|turn|14\n|inactive|Time left: 300 sec this turn | 300 sec total\n|\n|t:|1783547753\n|switch|p2a: Comfey|Comfey, L85, M|225/225\n|move|p1a: Spectrier|Shadow Ball|p2a: Comfey\n|-damage|p2a: Comfey|124/225\n|-damage|p1a: Spectrier|81/100|[from] item: Life Orb\n|\n|-heal|p2a: Comfey|138/225|[from] item: Leftovers\n|upkeep\n|turn|15\n|inactive|Time left: 300 sec this turn | 300 sec total\n|\n|t:|1783547754\n|move|p1a: Spectrier|Nasty Plot|p1a: Spectrier\n|-boost|p1a: Spectrier|spa|2\n|move|p2a: Comfey|Calm Mind|p2a: Comfey\n|-boost|p2a: Comfey|spa|1\n|-boost|p2a: Comfey|spd|1\n|\n|-heal|p2a: Comfey|152/225|[from] item: Leftovers\n|upkeep\n|turn|16\n|inactive|Time left: 300 sec this turn | 300 sec total\n|\n|t:|1783547755\n|move|p2a: Comfey|Draining Kiss|p1a: Spectrier\n|-crit|p1a: Spectrier\n|-damage|p1a: Spectrier|36/100\n|-heal|p2a: Comfey|225/225|[from] drain|[of] p1a: Spectrier\n|move|p1a: Spectrier|Shadow Ball|p2a: Comfey\n|-damage|p2a: Comfey|83/225\n|-damage|p1a: Spectrier|26/100|[from] item: Life Orb\n|\n|-heal|p2a: Comfey|97/225|[from] item: Leftovers\n|upkeep\n|turn|17\n|inactive|Time left: 300 sec this turn | 300 sec total\n|\n|t:|1783547756\n|switch|p1a: Clodsire|Clodsire, L81, F|100/100\n|move|p2a: Comfey|Draining Kiss|p1a: Clodsire\n|-resisted|p1a: Clodsire\n|-damage|p1a: Clodsire|91/100\n|-heal|p2a: Comfey|122/225|[from] drain|[of] p1a: Clodsire\n|\n|-heal|p2a: Comfey|136/225|[from] item: Leftovers\n|-heal|p1a: Clodsire|97/100|[from] item: Leftovers\n|upkeep\n|turn|18\n|inactive|Time left: 300 sec this turn | 300 sec total\n|\n|t:|1783547757\n|-terastallize|p2a: Comfey|Ground\n|move|p2a: Comfey|Tera Blast|p1a: Clodsire|[anim] Tera Blast Ground\n|-supereffective|p1a: Clodsire\n|-damage|p1a: Clodsire|34/100\n|move|p1a: Clodsire|Gunk Shot|p2a: Comfey|[miss]\n|-miss|p1a: Clodsire|p2a: Comfey\n|\n|-heal|p2a: Comfey|150/225|[from] item: Leftovers\n|-heal|p1a: Clodsire|40/100|[from] item: Leftovers\n|upkeep\n|turn|19\n|inactive|Time left: 300 sec this turn | 300 sec total\n|\n|t:|1783547758\n|-terastallize|p1a: Clodsire|Flying\n|move|p2a: Comfey|Tera Blast|p1a: Clodsire|[anim] Tera Blast Ground\n|-immune|p1a: Clodsire\n|move|p1a: Clodsire|Earthquake|p2a: Comfey\n|-damage|p2a: Comfey|66/225\n|\n|-heal|p2a: Comfey|80/225|[from] item: Leftovers\n|-heal|p1a: Clodsire|46/100|[from] item: Leftovers\n|upkeep\n|turn|20\n|inactive|Time left: 300 sec this turn | 300 sec total\n|\n|t:|1783547759\n|move|p2a: Comfey|Draining Kiss|p1a: Clodsire\n|-damage|p1a: Clodsire|26/100\n|-heal|p2a: Comfey|133/225|[from] drain|[of] p1a: Clodsire\n|move|p1a: Clodsire|Toxic|p2a: Comfey\n|-status|p2a: Comfey|tox\n|\n|-heal|p2a: Comfey|147/225 tox|[from] item: Leftovers\n|-heal|p1a: Clodsire|32/100|[from] item: Leftovers\n|-damage|p2a: Comfey|133/225 tox|[from] psn\n|upkeep\n|turn|21\n|inactive|Time left: 300 sec this turn | 300 sec total\n|\n|t:|1783547760\n|move|p2a: Comfey|Draining Kiss|p1a: Clodsire\n|-damage|p1a: Clodsire|13/100\n|-heal|p2a: Comfey|181/225 tox|[from] drain|[of] p1a: Clodsire\n|move|p1a: Clodsire|Recover|p1a: Clodsire\n|-heal|p1a: Clodsire|63/100\n|\n|-heal|p2a: Comfey|195/225 tox|[from] item: Leftovers\n|-heal|p1a: Clodsire|70/100|[from] item: Leftovers\n|-damage|p2a: Comfey|167/225 tox|[from] psn\n|upkeep\n|turn|22\n|inactive|Time left: 300 sec this turn | 300 sec total\n|\n|t:|1783547761\n|switch|p2a: Granbull|Granbull, L88, M|72/302\n|-ability|p2a: Granbull|Intimidate|boost\n|-unboost|p1a: Clodsire|atk|1\n|move|p1a: Clodsire|Earthquake|p2a: Granbull\n|-damage|p2a: Granbull|9/302\n|\n|-heal|p2a: Granbull|27/302|[from] item: Leftovers\n|-heal|p1a: Clodsire|76/100|[from] item: Leftovers\n|upkeep\n|turn|23\n|inactive|Time left: 300 sec this turn | 300 sec total\n|\n|t:|1783547762\n|move|p2a: Granbull|Play Rough|p1a: Clodsire|[miss]\n|-miss|p2a: Granbull|p1a: Clodsire\n|move|p1a: Clodsire|Earthquake|p2a: Granbull\n|-damage|p2a: Granbull|0 fnt\n|faint|p2a: Granbull\n|\n|-heal|p1a: Clodsire|82/100|[from] item: Leftovers\n|upkeep\n|inactive|Time left: 300 sec this turn | 300 sec total | 5 sec grace\n|\n|t:|1783547763\n|switch|p2a: Arcanine|Arcanine-Hisui, L79, M|42/280\n|turn|24\n|inactive|Time left: 300 sec this turn | 300 sec total\n|\n|t:|1783547764\n|switch|p1a: Spectrier|Spectrier, L75|26/100\n|move|p2a: Arcanine|Head Smash|p1a: Spectrier|[miss]\n|-miss|p2a: Arcanine|p1a: Spectrier\n|\n|upkeep\n|turn|25\n|inactive|Time left: 300 sec this turn | 300 sec total\n|\n|t:|1783547765\n|switch|p2a: Comfey|Comfey, L85, M, tera:Ground|167/225 tox\n|move|p1a: Spectrier|Shadow Ball|p2a: Comfey\n|-damage|p2a: Comfey|60/225 tox\n|-damage|p1a: Spectrier|16/100|[from] item: Life Orb\n|\n|-heal|p2a: Comfey|74/225 tox|[from] item: Leftovers\n|-damage|p2a: Comfey|60/225 tox|[from] psn\n|upkeep\n|turn|26\n|inactive|Time left: 300 sec this turn | 300 sec total\n|\n|t:|1783547766\n|switch|p1a: Clodsire|Clodsire, L81, F, tera:Flying|82/100\n|move|p2a: Comfey|Draining Kiss|p1a: Clodsire\n|-damage|p1a: Clodsire|68/100\n|-heal|p2a: Comfey|97/225 tox|[from] drain|[of] p1a: Clodsire\n|\n|-heal|p2a: Comfey|111/225 tox|[from] item: Leftovers\n|-heal|p1a: Clodsire|74/100|[from] item: Leftovers\n|-damage|p2a: Comfey|83/225 tox|[from] psn\n|upkeep\n|turn|27\n|inactive|Time left: 300 sec this turn | 300 sec total\n|\n|t:|1783547767\n|move|p2a: Comfey|Draining Kiss|p1a: Clodsire\n|-damage|p1a: Clodsire|60/100\n|-heal|p2a: Comfey|118/225 tox|[from] drain|[of] p1a: Clodsire\n|move|p1a: Clodsire|Gunk Shot|p2a: Comfey\n|-resisted|p2a: Comfey\n|-damage|p2a: Comfey|75/225 tox\n|\n|-heal|p2a: Comfey|89/225 tox|[from] item: Leftovers\n|-heal|p1a: Clodsire|66/100|[from] item: Leftovers\n|-damage|p2a: Comfey|47/225 tox|[from] psn\n|upkeep\n|turn|28\n|inactive|Time left: 300 sec this turn | 300 sec total\n|\n|t:|1783547768\n|move|p2a: Comfey|Draining Kiss|p1a: Clodsire\n|-damage|p1a: Clodsire|52/100\n|-heal|p2a: Comfey|84/225 tox|[from] drain|[of] p1a: Clodsire\n|move|p1a: Clodsire|Gunk Shot|p2a: Comfey\n|-resisted|p2a: Comfey\n|-damage|p2a: Comfey|39/225 tox\n|\n|-heal|p2a: Comfey|53/225 tox|[from] item: Leftovers\n|-heal|p1a: Clodsire|58/100|[from] item: Leftovers\n|-damage|p2a: Comfey|0 fnt|[from] psn\n|faint|p2a: Comfey\n|upkeep\n|inactive|Time left: 300 sec this turn | 300 sec total | 5 sec grace\n|\n|t:|1783547769\n|switch|p2a: Arcanine|Arcanine-Hisui, L79, M|42/280\n|turn|29\n|inactive|Time left: 300 sec this turn | 300 sec total\n|\n|t:|1783547770\n|move|p2a: Arcanine|Flare Blitz|p1a: Clodsire\n|-damage|p1a: Clodsire|7/100\n|-status|p1a: Clodsire|brn\n|move|p1a: Clodsire|Earthquake|p2a: Arcanine\n|-supereffective|p2a: Arcanine\n|-damage|p2a: Arcanine|0 fnt\n|faint|p2a: Arcanine\n|\n|-heal|p1a: Clodsire|13/100 brn|[from] item: Leftovers\n|-damage|p1a: Clodsire|7/100 brn|[from] brn\n|upkeep\n|inactive|Time left: 300 sec this turn | 300 sec total | 5 sec grace\n|\n|t:|1783547771\n|switch|p2a: Latias|Latias, L79, F|256/256\n|turn|30\n|inactive|Time left: 300 sec this turn | 300 sec total\n|\n|t:|1783547772\n|move|p2a: Latias|Calm Mind|p2a: Latias\n|-boost|p2a: Latias|spa|1\n|-boost|p2a: Latias|spd|1\n|move|p1a: Clodsire|Toxic|p2a: Latias\n|-status|p2a: Latias|tox\n|\n|-heal|p1a: Clodsire|13/100 brn|[from] item: Leftovers\n|-damage|p2a: Latias|240/256 tox|[from] psn\n|-damage|p1a: Clodsire|7/100 brn|[from] brn\n|upkeep\n|turn|31\n|inactive|Time left: 300 sec this turn | 300 sec total\n|\n|t:|1783547773\n|switch|p1a: Spectrier|Spectrier, L75|16/100\n|move|p2a: Latias|Calm Mind|p2a: Latias\n|-boost|p2a: Latias|spa|1\n|-boost|p2a: Latias|spd|1\n|\n|-damage|p2a: Latias|208/256 tox|[from] psn\n|upkeep\n|turn|32\n|inactive|Time left: 300 sec this turn | 300 sec total\n|\n|t:|1783547774\n|move|p1a: Spectrier|Shadow Ball|p2a: Latias\n|-supereffective|p2a: Latias\n|-damage|p2a: Latias|114/256 tox\n|-damage|p1a: Spectrier|6/100|[from] item: Life Orb\n|move|p2a: Latias|Recover|p2a: Latias\n|-heal|p2a: Latias|242/256 tox\n|\n|-damage|p2a: Latias|194/256 tox|[from] psn\n|upkeep\n|turn|33\n|inactive|Time left: 300 sec this turn | 300 sec total\n|\n|t:|1783547776\n|move|p1a: Spectrier|Shadow Ball|p2a: Latias\n|-supereffective|p2a: Latias\n|-damage|p2a: Latias|93/256 tox\n|-damage|p1a: Spectrier|0 fnt|[from] item: Life Orb\n|faint|p1a: Spectrier\n|move|p2a: Latias|Recover|p2a: Latias\n|-heal|p2a: Latias|221/256 tox\n|\n|-damage|p2a: Latias|157/256 tox|[from] psn\n|upkeep\n|\n|t:|1783547777\n|switch|p1a: Hatterene|Hatterene, L85, F|100/100\n|turn|34\n|inactive|Time left: 300 sec this turn | 300 sec total\n|\n|t:|1783547778\n|move|p2a: Latias|Recover|p2a: Latias\n|-heal|p2a: Latias|256/256 tox\n|move|p1a: Hatterene|Draining Kiss|p2a: Latias\n|-supereffective|p2a: Latias\n|-damage|p2a: Latias|196/256 tox\n|\n|-damage|p2a: Latias|116/256 tox|[from] psn\n|upkeep\n|turn|35\n|inactive|Time left: 300 sec this turn | 300 sec total\n|\n|t:|1783547779\n|move|p2a: Latias|Recover|p2a: Latias\n|-heal|p2a: Latias|244/256 tox\n|move|p1a: Hatterene|Draining Kiss|p2a: Latias\n|-supereffective|p2a: Latias\n|-damage|p2a: Latias|190/256 tox\n|\n|-damage|p2a: Latias|94/256 tox|[from] psn\n|upkeep\n|turn|36\n|inactive|Time left: 300 sec this turn | 300 sec total\n|\n|t:|1783547780\n|move|p2a: Latias|Recover|p2a: Latias\n|-heal|p2a: Latias|222/256 tox\n|move|p1a: Hatterene|Nuzzle|p2a: Latias\n|-resisted|p2a: Latias\n|-damage|p2a: Latias|215/256 tox\n|\n|-damage|p2a: Latias|103/256 tox|[from] psn\n|upkeep\n|turn|37\n|inactive|Time left: 300 sec this turn | 300 sec total\n|\n|t:|1783547781\n|move|p2a: Latias|Recover|p2a: Latias\n|-heal|p2a: Latias|231/256 tox\n|move|p1a: Hatterene|Psychic|p2a: Latias\n|-resisted|p2a: Latias\n|-damage|p2a: Latias|206/256 tox\n|\n|-damage|p2a: Latias|78/256 tox|[from] psn\n|upkeep\n|turn|38\n|inactive|Time left: 300 sec this turn | 300 sec total\n|\n|t:|1783547781\n|switch|p1a: Clodsire|Clodsire, L81, F, tera:Flying|7/100 brn\n|move|p2a: Latias|Calm Mind|p2a: Latias\n|-boost|p2a: Latias|spa|1\n|-boost|p2a: Latias|spd|1\n|\n|-heal|p1a: Clodsire|13/100 brn|[from] item: Leftovers\n|-damage|p2a: Latias|0 fnt|[from] psn\n|faint|p2a: Latias\n|\n|win|p0x742a583", "uploadtime": 1783547781, "views": 0, "rating": 0, "private": 0, "password": null, "_winner": "p0x742a583", "_our_name": "p0y742bb83"}