{"id": "battle-gen9randombattle-847", "formatid": "gen9randombattle", "format": "[Gen 9] Random Battle", "players": ["p0x847a396", "p0y8472fa4"], "log": "|init|battle\n|title|p0x847a396 vs. p0y8472fa4\n|j|\u2606p0x847a396\n|j|\u2606p0y8472fa4\n|t:|1783549719\n|gametype|singles\n|player|p1|p0x847a396|170|\n|player|p2|p0y8472fa4|266|\n|gen|9\n|tier|[Gen 9] Random Battle\n|rule|Species Clause: Limit one of each Pok\u00e9mon\n|rule|HP Percentage Mod: HP is shown in percentages\n|rule|Sleep Clause Mod: Limit one foe put to sleep\n|rule|Illusion Level Mod: Illusion disguises the Pok\u00e9mon's true level\n|\n|t:|1783549719\n|teamsize|p1|6\n|teamsize|p2|6\n|start\n|switch|p1a: Greedent|Greedent, L86, F|100/100\n|switch|p2a: Avalugg|Avalugg, L88, F|310/310\n|turn|1\n|inactive|Battle timer is ON: inactive players will automatically lose when time's up. (requested by p0x847a396)\n|inactive|Time left: 300 sec this turn | 300 sec total | 60 sec grace\n|inactive|p0y8472fa4 also wants the timer to be on.\n|\n|t:|1783549720\n|switch|p1a: Skeledirge|Skeledirge, L79, M|100/100\n|move|p2a: Avalugg|Body Press|p1a: Skeledirge\n|-immune|p1a: Skeledirge\n|\n|upkeep\n|turn|2\n|inactive|Time left: 300 sec this turn | 300 sec total\n|\n|t:|1783549721\n|switch|p2a: Tornadus|Tornadus-Therian, L79, M|254/254\n|move|p1a: Skeledirge|Torch Song|p2a: Tornadus\n|-damage|p2a: Tornadus|173/254\n|-boost|p1a: Skeledirge|spa|1\n|\n|upkeep\n|turn|3\n|inactive|Time left: 300 sec this turn | 300 sec total\n|\n|t:|1783549723\n|switch|p2a: Typhlosion|Typhlosion-Hisui, L83, F|257/257\n|move|p1a: Skeledirge|Torch Song|p2a: Typhlosion\n|-resisted|p2a: Typhlosion\n|-damage|p2a: Typhlosion|188/257\n|-boost|p1a: Skeledirge|spa|1\n|\n|upkeep\n|turn|4\n|inactive|Time left: 300 sec this turn | 300 sec total\n|\n|t:|1783549724\n|move|p2a: Typhlosion|Shadow Ball|p1a: Skeledirge\n|-supereffective|p1a: Skeledirge\n|-damage|p1a: Skeledirge|16/100\n|move|p1a: Skeledirge|Hex|p2a: Typhlosion\n|-supereffective|p2a: Typhlosion\n|-damage|p2a: Typhlosion|0 fnt\n|faint|p2a: Typhlosion\n|\n|upkeep\n|inactive|Time left: 300 sec this turn | 300 sec total | 5 sec grace\n|\n|t:|1783549725\n|switch|p2a: Electivire|Electivire, L84, F|263/263\n|turn|5\n|inactive|Time left: 300 sec this turn | 300 sec total\n|\n|t:|1783549726\n|move|p2a: Electivire|Earthquake|p1a: Skeledirge\n|-supereffective|p1a: Skeledirge\n|-damage|p1a: Skeledirge|0 fnt\n|faint|p1a: Skeledirge\n|-damage|p2a: Electivire|237/263|[from] item: Life Orb\n|\n|upkeep\n|\n|t:|1783549727\n|switch|p1a: Greedent|Greedent, L86, F|100/100\n|turn|6\n|inactive|Time left: 300 sec this turn | 300 sec total\n|\n|t:|1783549729\n|move|p2a: Electivire|Bulk Up|p2a: Electivire\n|-boost|p2a: Electivire|atk|1\n|-boost|p2a: Electivire|def|1\n|move|p1a: Greedent|Swords Dance|p1a: Greedent\n|-boost|p1a: Greedent|atk|2\n|\n|upkeep\n|turn|7\n|inactive|Time left: 300 sec this turn | 300 sec total\n|\n|t:|1783549730\n|move|p2a: Electivire|Supercell Slam|p1a: Greedent\n|-damage|p1a: Greedent|41/100\n|-enditem|p1a: Greedent|Sitrus Berry|[eat]\n|-heal|p1a: Greedent|65/100|[from] item: Sitrus Berry\n|-heal|p1a: Greedent|98/100|[from] ability: Cheek Pouch\n|-damage|p2a: Electivire|211/263|[from] item: Life Orb\n|move|p1a: Greedent|Double-Edge|p2a: Electivire\n|-damage|p2a: Electivire|0 fnt\n|faint|p2a: Electivire\n|-damage|p1a: Greedent|78/100|[from] Recoil\n|\n|upkeep\n|inactive|Time left: 300 sec this turn | 300 sec total | 5 sec grace\n|\n|t:|1783549731\n|switch|p2a: Avalugg|Avalugg, L88, F|310/310\n|turn|8\n|inactive|Time left: 300 sec this turn | 300 sec total\n|\n|t:|1783549732\n|move|p1a: Greedent|Swords Dance|p1a: Greedent\n|-boost|p1a: Greedent|atk|2\n|move|p2a: Avalugg|Avalanche|p1a: Greedent\n|-damage|p1a: Greedent|58/100\n|\n|upkeep\n|turn|9\n|inactive|Time left: 300 sec this turn | 300 sec total\n|\n|t:|1783549733\n|move|p1a: Greedent|Knock Off|p2a: Avalugg\n|-damage|p2a: Avalugg|197/310\n|-enditem|p2a: Avalugg|Heavy-Duty Boots|[from] move: Knock Off|[of] p1a: Greedent\n|move|p2a: Avalugg|Avalanche|p1a: Greedent\n|-damage|p1a: Greedent|16/100\n|\n|upkeep\n|turn|10\n|inactive|Time left: 300 sec this turn | 300 sec total\n|\n|t:|1783549734\n|switch|p1a: Hatterene|Hatterene, L85, F|100/100\n|move|p2a: Avalugg|Body Press|p1a: Hatterene\n|-resisted|p1a: Hatterene\n|-damage|p1a: Hatterene|89/100\n|\n|upkeep\n|turn|11\n|inactive|Time left: 300 sec this turn | 300 sec total\n|\n|t:|1783549736\n|move|p2a: Avalugg|Recover|p2a: Avalugg\n|-heal|p2a: Avalugg|310/310\n|move|p1a: Hatterene|Mystical Fire|p2a: Avalugg\n|-supereffective|p2a: Avalugg\n|-damage|p2a: Avalugg|108/310\n|-unboost|p2a: Avalugg|spa|1\n|\n|upkeep\n|turn|12\n|inactive|Time left: 300 sec this turn | 300 sec total\n|\n|t:|1783549737\n|switch|p2a: Banette|Banette, L93, M|270/270\n|move|p1a: Hatterene|Mystical Fire|p2a: Banette\n|-damage|p2a: Banette|193/270\n|-unboost|p2a: Banette|spa|1\n|\n|upkeep\n|turn|13\n|inactive|Time left: 300 sec this turn | 300 sec total\n|\n|t:|1783549738\n|switch|p1a: Greedent|Greedent, L86, F|16/100\n|move|p2a: Banette|Poltergeist||[still]\n|-fail|p2a: Banette\n|\n|upkeep\n|turn|14\n|inactive|Time left: 300 sec this turn | 300 sec total\n|\n|t:|1783549739\n|move|p2a: Banette|Gunk Shot|p1a: Greedent\n|-damage|p1a: Greedent|0 fnt\n|faint|p1a: Greedent\n|-damage|p2a: Banette|166/270|[from] item: Life Orb\n|\n|upkeep\n|\n|t:|1783549740\n|switch|p1a: Archaludon|Archaludon, L78, F|100/100\n|turn|15\n|inactive|Time left: 300 sec this turn | 300 sec total\n|\n|t:|1783549741\n|-terastallize|p2a: Banette|Ghost\n|move|p1a: Archaludon|Swords Dance|p1a: Archaludon\n|-boost|p1a: Archaludon|atk|2\n|move|p2a: Banette|Poltergeist|p1a: Archaludon\n|-activate|p1a: Archaludon|move: Poltergeist|Lum Berry\n|-damage|p1a: Archaludon|13/100\n|-ability|p1a: Archaludon|Stamina|boost\n|-boost|p1a: Archaludon|def|1\n|-damage|p2a: Banette|139/270|[from] item: Life Orb\n|\n|upkeep\n|turn|16\n|inactive|Time left: 300 sec this turn | 300 sec total\n|\n|t:|1783549742\n|move|p2a: Banette|Shadow Sneak|p1a: Archaludon\n|-damage|p1a: Archaludon|0 fnt\n|faint|p1a: Archaludon\n|-damage|p2a: Banette|112/270|[from] item: Life Orb\n|\n|upkeep\n|\n|t:|1783549743\n|switch|p1a: Farigiraf|Farigiraf, L90, F|100/100\n|turn|17\n|inactive|Time left: 300 sec this turn | 300 sec total\n|\n|t:|1783549744\n|move|p2a: Banette|Gunk Shot|p1a: Farigiraf|[miss]\n|-miss|p2a: Banette|p1a: Farigiraf\n|move|p1a: Farigiraf|Psychic Noise|p2a: Banette\n|-damage|p2a: Banette|0 fnt\n|faint|p2a: Banette\n|\n|upkeep\n|inactive|Time left: 300 sec this turn | 300 sec total | 5 sec grace\n|\n|t:|1783549745\n|switch|p2a: Tornadus|Tornadus-Therian, L79, M|254/254\n|turn|18\n|inactive|Time left: 300 sec this turn | 300 sec total\n|\n|t:|1783549746\n|move|p2a: Tornadus|Nasty Plot|p2a: Tornadus\n|-boost|p2a: Tornadus|spa|2\n|move|p1a: Farigiraf|Body Slam|p2a: Tornadus\n|-damage|p2a: Tornadus|140/254\n|\n|upkeep\n|turn|19\n|inactive|Time left: 300 sec this turn | 300 sec total\n|\n|t:|1783549747\n|move|p2a: Tornadus|Bleakwind Storm|p1a: Farigiraf\n|-damage|p1a: Farigiraf|36/100\n|move|p1a: Farigiraf|Body Slam|p2a: Tornadus\n|-damage|p2a: Tornadus|35/254\n|\n|-heal|p1a: Farigiraf|42/100|[from] item: Leftovers\n|upkeep\n|turn|20\n|inactive|Time left: 300 sec this turn | 300 sec total\n|\n|t:|1783549748\n|move|p2a: Tornadus|Bleakwind Storm|p1a: Farigiraf\n|-damage|p1a: Farigiraf|0 fnt\n|faint|p1a: Farigiraf\n|\n|upkeep\n|\n|t:|1783549749\n|switch|p1a: Hatterene|Hatterene, L85, F|89/100\n|turn|21\n|inactive|Time left: 300 sec this turn | 300 sec total\n|\n|t:|1783549750\n|move|p2a: Tornadus|Bleakwind Storm|p1a: Hatterene\n|-damage|p1a: Hatterene|38/100\n|move|p1a: Hatterene|Draining Kiss|p2a: Tornadus\n|-damage|p2a: Tornadus|0 fnt\n|-heal|p1a: Hatterene|49/100|[from] drain|[of] p2a: Tornadus\n|faint|p2a: Tornadus\n|\n|upkeep\n|inactive|Time left: 300 sec this turn | 300 sec total | 5 sec grace\n|\n|t:|1783549751\n|switch|p2a: Breloom|Breloom, L83, M|235/235\n|turn|22\n|inactive|Time left: 300 sec this turn | 300 sec total\n|\n|t:|1783549752\n|switch|p1a: Gogoat|Gogoat, L88, M|100/100\n|move|p2a: Breloom|Bullet Seed|p1a: Gogoat\n|-ability|p1a: Gogoat|Sap Sipper|boost\n|-boost|p1a: Gogoat|atk|1\n|\n|upkeep\n|turn|23\n|inactive|Time left: 300 sec this turn | 300 sec total\n|\n|t:|1783549753\n|move|p1a: Gogoat|Bulk Up|p1a: Gogoat\n|-boost|p1a: Gogoat|atk|1\n|-boost|p1a: Gogoat|def|1\n|move|p2a: Breloom|Swords Dance|p2a: Breloom\n|-boost|p2a: Breloom|atk|2\n|\n|upkeep\n|turn|24\n|inactive|Time left: 300 sec this turn | 300 sec total\n|\n|t:|1783549754\n|move|p1a: Gogoat|Bulk Up|p1a: Gogoat\n|-boost|p1a: Gogoat|atk|1\n|-boost|p1a: Gogoat|def|1\n|move|p2a: Breloom|Swords Dance|p2a: Breloom\n|-boost|p2a: Breloom|atk|2\n|\n|upkeep\n|turn|25\n|inactive|Time left: 300 sec this turn | 300 sec total\n|\n|t:|1783549755\n|move|p2a: Breloom|Mach Punch|p1a: Gogoat\n|-damage|p1a: Gogoat|44/100\n|-damage|p2a: Breloom|212/235|[from] item: Life Orb\n|move|p1a: Gogoat|Horn Leech|p2a: Breloom\n|-resisted|p2a: Breloom\n|-damage|p2a: Breloom|99/235\n|-heal|p1a: Gogoat|60/100|[from] drain|[of] p2a: Breloom\n|\n|-heal|p1a: Gogoat|66/100|[from] item: Leftovers\n|upkeep\n|turn|26\n|inactive|Time left: 300 sec this turn | 300 sec total\n|\n|t:|1783549756\n|-terastallize|p1a: Gogoat|Water\n|move|p2a: Breloom|Mach Punch|p1a: Gogoat\n|-damage|p1a: Gogoat|12/100\n|-damage|p2a: Breloom|76/235|[from] item: Life Orb\n|move|p1a: Gogoat|Horn Leech|p2a: Breloom\n|-resisted|p2a: Breloom\n|-damage|p2a: Breloom|0 fnt\n|-heal|p1a: Gogoat|22/100|[from] drain|[of] p2a: Breloom\n|faint|p2a: Breloom\n|\n|-heal|p1a: Gogoat|28/100|[from] item: Leftovers\n|upkeep\n|inactive|Time left: 300 sec this turn | 300 sec total | 5 sec grace\n|\n|t:|1783549757\n|switch|p2a: Avalugg|Avalugg, L88, F|108/310\n|turn|27\n|inactive|Time left: 300 sec this turn | 300 sec total\n|\n|t:|1783549758\n|move|p1a: Gogoat|Horn Leech|p2a: Avalugg\n|-damage|p2a: Avalugg|0 fnt\n|-heal|p1a: Gogoat|43/100|[from] drain|[of] p2a: Avalugg\n|faint|p2a: Avalugg\n|\n|win|p0x847a396", "uploadtime": 1783549758, "views": 0, "rating": 0, "private": 0, "password": null, "_winner": "p0x847a396", "_our_name": "p0y8472fa4"}