{"id": "battle-gen9randombattle-282", "formatid": "gen9randombattle", "format": "[Gen 9] Random Battle", "players": ["p0x282c12e", "p0y282d9f7"], "log": "|init|battle\n|title|p0x282c12e vs. p0y282d9f7\n|j|\u2606p0x282c12e\n|j|\u2606p0y282d9f7\n|t:|1783542856\n|gametype|singles\n|player|p1|p0x282c12e|1|\n|player|p2|p0y282d9f7|2|\n|gen|9\n|tier|[Gen 9] Random Battle\n|rule|Species Clause: Limit one of each Pok\u00e9mon\n|rule|HP Percentage Mod: HP is shown in percentages\n|rule|Sleep Clause Mod: Limit one foe put to sleep\n|rule|Illusion Level Mod: Illusion disguises the Pok\u00e9mon's true level\n|\n|t:|1783542856\n|teamsize|p1|6\n|teamsize|p2|6\n|start\n|switch|p1a: Espathra|Espathra, L80, M|100/100\n|switch|p2a: Cetitan|Cetitan, L82, M|413/413\n|turn|1\n|inactive|Battle timer is ON: inactive players will automatically lose when time's up. (requested by p0y282d9f7)\n|inactive|p0x282c12e also wants the timer to be on.\n|\n|t:|1783542858\n|move|p1a: Espathra|Lumina Crash|p2a: Cetitan\n|-damage|p2a: Cetitan|233/413\n|-unboost|p2a: Cetitan|spd|2\n|move|p2a: Cetitan|Icicle Crash|p1a: Espathra\n|-damage|p1a: Espathra|24/100\n|\n|-ability|p1a: Espathra|Speed Boost|boost\n|-boost|p1a: Espathra|spe|1\n|upkeep\n|turn|2\n|inactive|Time left: 300 sec this turn | 300 sec total\n|\n|t:|1783542859\n|switch|p2a: Mabosstiff|Mabosstiff, L86, F|278/278\n|move|p1a: Espathra|Lumina Crash|p2a: Mabosstiff\n|-immune|p2a: Mabosstiff\n|\n|-ability|p1a: Espathra|Speed Boost|boost\n|-boost|p1a: Espathra|spe|1\n|upkeep\n|turn|3\n|inactive|Time left: 300 sec this turn | 300 sec total\n|\n|t:|1783542860\n|switch|p1a: Kingambit|Kingambit, L74, F|100/100\n|move|p2a: Mabosstiff|Play Rough|p1a: Kingambit\n|-damage|p1a: Kingambit|22/100\n|\n|-heal|p1a: Kingambit|28/100|[from] item: Leftovers\n|upkeep\n|turn|4\n|inactive|Time left: 300 sec this turn | 300 sec total\n|\n|t:|1783542861\n|-end|p1a: Kingambit|fallenundefined|[silent]\n|switch|p1a: Vileplume|Vileplume, L85, F|100/100\n|move|p2a: Mabosstiff|Play Rough|p1a: Vileplume\n|-resisted|p1a: Vileplume\n|-damage|p1a: Vileplume|54/100\n|-status|p2a: Mabosstiff|psn|[from] ability: Effect Spore|[of] p1a: Vileplume\n|\n|-heal|p1a: Vileplume|60/100|[from] item: Leftovers\n|-damage|p2a: Mabosstiff|244/278 psn|[from] psn\n|upkeep\n|turn|5\n|inactive|Time left: 300 sec this turn | 300 sec total\n|\n|t:|1783542863\n|move|p2a: Mabosstiff|Play Rough|p1a: Vileplume\n|-resisted|p1a: Vileplume\n|-damage|p1a: Vileplume|39/100\n|move|p1a: Vileplume|Strength Sap|p2a: Mabosstiff\n|-unboost|p2a: Mabosstiff|atk|1\n|-heal|p1a: Vileplume|100/100\n|\n|-damage|p2a: Mabosstiff|210/278 psn|[from] psn\n|upkeep\n|turn|6\n|inactive|Time left: 300 sec this turn | 300 sec total\n|\n|t:|1783542864\n|switch|p2a: Kingambit|Kingambit, L74, F|270/270\n|move|p1a: Vileplume|Sludge Bomb|p2a: Kingambit\n|-immune|p2a: Kingambit\n|\n|upkeep\n|turn|7\n|inactive|Time left: 300 sec this turn | 300 sec total\n|\n|t:|1783542865\n|move|p1a: Vileplume|Sleep Powder|p2a: Kingambit\n|-status|p2a: Kingambit|slp|[from] move: Sleep Powder\n|cant|p2a: Kingambit|slp\n|\n|upkeep\n|turn|8\n|inactive|Time left: 300 sec this turn | 300 sec total\n|\n|t:|1783542866\n|move|p1a: Vileplume|Giga Drain|p2a: Kingambit\n|-resisted|p2a: Kingambit\n|-crit|p2a: Kingambit\n|-damage|p2a: Kingambit|189/270 slp\n|-curestatus|p2a: Kingambit|slp|[msg]\n|move|p2a: Kingambit|Swords Dance|p2a: Kingambit\n|-boost|p2a: Kingambit|atk|2\n|\n|-heal|p2a: Kingambit|205/270|[from] item: Leftovers\n|upkeep\n|turn|9\n|inactive|Time left: 300 sec this turn | 300 sec total\n|\n|t:|1783542867\n|move|p1a: Vileplume|Sleep Powder|p2a: Kingambit\n|-status|p2a: Kingambit|slp|[from] move: Sleep Powder\n|cant|p2a: Kingambit|slp\n|\n|-heal|p2a: Kingambit|221/270 slp|[from] item: Leftovers\n|upkeep\n|turn|10\n|inactive|Time left: 300 sec this turn | 300 sec total\n|\n|t:|1783542868\n|move|p1a: Vileplume|Giga Drain|p2a: Kingambit\n|-resisted|p2a: Kingambit\n|-damage|p2a: Kingambit|169/270 slp\n|cant|p2a: Kingambit|slp\n|\n|-heal|p2a: Kingambit|185/270 slp|[from] item: Leftovers\n|upkeep\n|turn|11\n|inactive|Time left: 300 sec this turn | 300 sec total\n|\n|t:|1783542869\n|move|p1a: Vileplume|Strength Sap|p2a: Kingambit\n|-unboost|p2a: Kingambit|atk|1\n|-curestatus|p2a: Kingambit|slp|[msg]\n|move|p2a: Kingambit|Iron Head|p1a: Vileplume\n|-damage|p1a: Vileplume|52/100\n|\n|-heal|p1a: Vileplume|58/100|[from] item: Leftovers\n|-heal|p2a: Kingambit|201/270|[from] item: Leftovers\n|upkeep\n|turn|12\n|inactive|Time left: 300 sec this turn | 300 sec total\n|\n|t:|1783542870\n|move|p1a: Vileplume|Strength Sap|p2a: Kingambit\n|-unboost|p2a: Kingambit|atk|1\n|-heal|p1a: Vileplume|100/100\n|move|p2a: Kingambit|Swords Dance|p2a: Kingambit\n|-boost|p2a: Kingambit|atk|2\n|\n|-heal|p2a: Kingambit|217/270|[from] item: Leftovers\n|upkeep\n|turn|13\n|inactive|Time left: 300 sec this turn | 300 sec total\n|\n|t:|1783542871\n|move|p1a: Vileplume|Sleep Powder|p2a: Kingambit\n|-status|p2a: Kingambit|slp|[from] move: Sleep Powder\n|cant|p2a: Kingambit|slp\n|\n|-heal|p2a: Kingambit|233/270 slp|[from] item: Leftovers\n|upkeep\n|turn|14\n|inactive|Time left: 300 sec this turn | 300 sec total\n|\n|t:|1783542872\n|switch|p1a: Sunflora|Sunflora, M|100/100\n|-curestatus|p2a: Kingambit|slp|[msg]\n|move|p2a: Kingambit|Kowtow Cleave|p1a: Sunflora\n|-damage|p1a: Sunflora|32/100\n|\n|-heal|p2a: Kingambit|249/270|[from] item: Leftovers\n|upkeep\n|turn|15\n|inactive|Time left: 300 sec this turn | 300 sec total\n|\n|t:|1783542873\n|move|p2a: Kingambit|Iron Head|p1a: Sunflora\n|-damage|p1a: Sunflora|0 fnt\n|faint|p1a: Sunflora\n|\n|-heal|p2a: Kingambit|265/270|[from] item: Leftovers\n|upkeep\n|\n|t:|1783542874\n|switch|p1a: Dragalge|Dragalge, L88, F|100/100\n|turn|16\n|inactive|Time left: 300 sec this turn | 300 sec total\n|\n|t:|1783542875\n|move|p1a: Dragalge|Focus Blast|p2a: Kingambit\n|-supereffective|p2a: Kingambit\n|-damage|p2a: Kingambit|0 fnt\n|faint|p2a: Kingambit\n|-end|p2a: Kingambit|fallenundefined|[silent]\n|\n|upkeep\n|inactive|Time left: 300 sec this turn | 300 sec total | 5 sec grace\n|\n|t:|1783542876\n|switch|p2a: Golurk|Golurk, L87|297/297\n|turn|17\n|inactive|Time left: 300 sec this turn | 300 sec total\n|\n|t:|1783542877\n|switch|p1a: Gyarados|Gyarados, L79, F|100/100\n|move|p2a: Golurk|Earthquake|p1a: Gyarados\n|-immune|p1a: Gyarados\n|\n|upkeep\n|turn|18\n|inactive|Time left: 300 sec this turn | 300 sec total\n|\n|t:|1783542878\n|move|p1a: Gyarados|Dragon Dance|p1a: Gyarados\n|-boost|p1a: Gyarados|atk|1\n|-boost|p1a: Gyarados|spe|1\n|move|p2a: Golurk|Poltergeist|p1a: Gyarados\n|-activate|p1a: Gyarados|move: Poltergeist|Heavy-Duty Boots\n|-damage|p1a: Gyarados|14/100\n|-damage|p2a: Golurk|268/297|[from] item: Life Orb\n|\n|upkeep\n|turn|19\n|inactive|Time left: 300 sec this turn | 300 sec total\n|\n|t:|1783542879\n|switch|p2a: Poliwrath|Poliwrath, L88, M|302/302\n|move|p1a: Gyarados|Waterfall|p2a: Poliwrath\n|-immune|p2a: Poliwrath|[from] ability: Water Absorb\n|\n|upkeep\n|turn|20\n|inactive|Time left: 300 sec this turn | 300 sec total\n|\n|t:|1783542880\n|-terastallize|p1a: Gyarados|Flying\n|move|p1a: Gyarados|Tera Blast|p2a: Poliwrath|[anim] Tera Blast Flying\n|-supereffective|p2a: Poliwrath\n|-damage|p2a: Poliwrath|0 fnt\n|faint|p2a: Poliwrath\n|-ability|p1a: Gyarados|Moxie|boost\n|-boost|p1a: Gyarados|atk|1\n|\n|upkeep\n|inactive|Time left: 300 sec this turn | 300 sec total | 5 sec grace\n|\n|t:|1783542881\n|switch|p2a: Cetitan|Cetitan, L82, M|233/413\n|turn|21\n|inactive|Time left: 300 sec this turn | 300 sec total\n|\n|t:|1783542882\n|move|p2a: Cetitan|Ice Shard|p1a: Gyarados\n|-supereffective|p1a: Gyarados\n|-crit|p1a: Gyarados\n|-damage|p1a: Gyarados|0 fnt\n|faint|p1a: Gyarados\n|-damage|p2a: Cetitan|192/413|[from] item: Life Orb\n|\n|upkeep\n|\n|t:|1783542883\n|switch|p1a: Espathra|Espathra, L80, M|24/100\n|turn|22\n|inactive|Time left: 300 sec this turn | 300 sec total\n|\n|t:|1783542884\n|move|p2a: Cetitan|Ice Shard|p1a: Espathra\n|-damage|p1a: Espathra|0 fnt\n|faint|p1a: Espathra\n|-damage|p2a: Cetitan|151/413|[from] item: Life Orb\n|\n|upkeep\n|\n|t:|1783542885\n|switch|p1a: Kingambit|Kingambit, L74, F|28/100\n|-activate|p1a: Kingambit|ability: Supreme Overlord\n|-start|p1a: Kingambit|fallen3|[silent]\n|turn|23\n|inactive|Time left: 300 sec this turn | 300 sec total\n|\n|t:|1783542886\n|move|p1a: Kingambit|Sucker Punch|p2a: Cetitan\n|-damage|p2a: Cetitan|22/413\n|move|p2a: Cetitan|Liquidation|p1a: Kingambit\n|-crit|p1a: Kingambit\n|-damage|p1a: Kingambit|0 fnt\n|faint|p1a: Kingambit\n|-end|p1a: Kingambit|fallen3|[silent]\n|\n|upkeep\n|\n|t:|1783542887\n|switch|p1a: Dragalge|Dragalge, L88, F|100/100\n|turn|24\n|inactive|Time left: 300 sec this turn | 300 sec total\n|\n|t:|1783542888\n|move|p2a: Cetitan|Icicle Crash|p1a: Dragalge\n|-supereffective|p1a: Dragalge\n|-damage|p1a: Dragalge|0 fnt\n|faint|p1a: Dragalge\n|\n|upkeep\n|\n|t:|1783542888\n|switch|p1a: Vileplume|Vileplume, L85, F|100/100\n|turn|25\n|inactive|Time left: 300 sec this turn | 300 sec total\n|\n|t:|1783542889\n|move|p2a: Cetitan|Icicle Crash|p1a: Vileplume|[miss]\n|-miss|p2a: Cetitan|p1a: Vileplume\n|move|p1a: Vileplume|Giga Drain|p2a: Cetitan\n|-damage|p2a: Cetitan|0 fnt\n|faint|p2a: Cetitan\n|\n|upkeep\n|inactive|Time left: 300 sec this turn | 300 sec total | 5 sec grace\n|\n|t:|1783542890\n|switch|p2a: Mew|Mew, L82|298/298\n|turn|26\n|inactive|Time left: 300 sec this turn | 300 sec total\n|\n|t:|1783542891\n|move|p2a: Mew|Swords Dance|p2a: Mew\n|-boost|p2a: Mew|atk|2\n|move|p1a: Vileplume|Sleep Powder|p2a: Mew\n|-status|p2a: Mew|slp|[from] move: Sleep Powder\n|\n|upkeep\n|turn|27\n|inactive|Time left: 300 sec this turn | 300 sec total\n|\n|t:|1783542892\n|cant|p2a: Mew|slp\n|move|p1a: Vileplume|Sludge Bomb|p2a: Mew\n|-damage|p2a: Mew|193/298 slp\n|\n|upkeep\n|turn|28\n|inactive|Time left: 300 sec this turn | 300 sec total\n|\n|t:|1783542894\n|-terastallize|p2a: Mew|Fighting\n|cant|p2a: Mew|slp\n|move|p1a: Vileplume|Sludge Bomb|p2a: Mew\n|-damage|p2a: Mew|88/298 slp\n|\n|upkeep\n|turn|29\n|inactive|Time left: 300 sec this turn | 300 sec total\n|\n|t:|1783542895\n|-curestatus|p2a: Mew|slp|[msg]\n|move|p2a: Mew|Psychic Fangs|p1a: Vileplume\n|-supereffective|p1a: Vileplume\n|-damage|p1a: Vileplume|0 fnt\n|faint|p1a: Vileplume\n|-damage|p2a: Mew|59/298|[from] item: Life Orb\n|\n|win|p0y282d9f7", "uploadtime": 1783542895, "views": 0, "rating": 0, "private": 0, "password": null, "_winner": "p0y282d9f7", "_our_name": "p0y282d9f7"}