{"id": "battle-gen9randombattle-779", "formatid": "gen9randombattle", "format": "[Gen 9] Random Battle", "players": ["p0x7793d94", "p0y7791f7b"], "log": "|init|battle\n|title|p0x7793d94 vs. p0y7791f7b\n|j|\u2606p0x7793d94\n|j|\u2606p0y7791f7b\n|t:|1783548904\n|gametype|singles\n|player|p1|p0x7793d94|101|\n|player|p2|p0y7791f7b|169|\n|gen|9\n|tier|[Gen 9] Random Battle\n|rule|Species Clause: Limit one of each Pok\u00e9mon\n|rule|HP Percentage Mod: HP is shown in percentages\n|rule|Sleep Clause Mod: Limit one foe put to sleep\n|rule|Illusion Level Mod: Illusion disguises the Pok\u00e9mon's true level\n|\n|t:|1783548904\n|teamsize|p1|6\n|teamsize|p2|6\n|start\n|switch|p1a: Latios|Latios, L78, M|253/253\n|switch|p2a: Great Tusk|Great Tusk, L77|100/100\n|turn|1\n|inactive|Battle timer is ON: inactive players will automatically lose when time's up. (requested by p0y7791f7b)\n|inactive|Time left: 300 sec this turn | 300 sec total | 60 sec grace\n|inactive|p0x7793d94 also wants the timer to be on.\n|\n|t:|1783548906\n|-end|p2a: Great Tusk|Protosynthesis|[silent]\n|switch|p2a: Decidueye|Decidueye, L88, F|100/100\n|move|p1a: Latios|Luster Purge|p2a: Decidueye\n|-damage|p2a: Decidueye|47/100\n|\n|upkeep\n|turn|2\n|inactive|Time left: 300 sec this turn | 300 sec total\n|\n|t:|1783548907\n|move|p1a: Latios|Luster Purge|p2a: Decidueye\n|-damage|p2a: Decidueye|0 fnt\n|faint|p2a: Decidueye\n|\n|upkeep\n|\n|t:|1783548908\n|switch|p2a: Wigglytuff|Wigglytuff, L96, F|100/100\n|turn|3\n|inactive|Time left: 300 sec this turn | 300 sec total\n|\n|t:|1783548909\n|move|p1a: Latios|Luster Purge|p2a: Wigglytuff\n|-damage|p2a: Wigglytuff|48/100\n|move|p2a: Wigglytuff|Alluring Voice|p1a: Latios\n|-supereffective|p1a: Latios\n|-damage|p1a: Latios|85/253\n|\n|-heal|p2a: Wigglytuff|54/100|[from] item: Leftovers\n|upkeep\n|turn|4\n|inactive|Time left: 300 sec this turn | 300 sec total\n|\n|t:|1783548910\n|move|p1a: Latios|Luster Purge|p2a: Wigglytuff\n|-damage|p2a: Wigglytuff|0 fnt\n|faint|p2a: Wigglytuff\n|\n|upkeep\n|\n|t:|1783548911\n|switch|p2a: Honchkrow|Honchkrow, L86, M|100/100\n|turn|5\n|inactive|Time left: 300 sec this turn | 300 sec total\n|\n|t:|1783548912\n|switch|p1a: Weezing|Weezing-Galar, L86, M|252/252\n|move|p2a: Honchkrow|Brave Bird|p1a: Weezing\n|-damage|p1a: Weezing|128/252\n|-damage|p2a: Honchkrow|87/100|[from] Recoil\n|\n|-heal|p1a: Weezing|143/252|[from] item: Leftovers\n|upkeep\n|turn|6\n|inactive|Time left: 300 sec this turn | 300 sec total\n|\n|t:|1783548913\n|-terastallize|p2a: Honchkrow|Flying\n|move|p2a: Honchkrow|Brave Bird|p1a: Weezing\n|-damage|p1a: Weezing|0 fnt\n|faint|p1a: Weezing\n|-ability|p2a: Honchkrow|Moxie|boost\n|-boost|p2a: Honchkrow|atk|1\n|-damage|p2a: Honchkrow|72/100|[from] Recoil\n|\n|upkeep\n|inactive|Time left: 300 sec this turn | 300 sec total | 5 sec grace\n|\n|t:|1783548914\n|switch|p1a: Maushold|Maushold-Four, L76|238/238\n|turn|7\n|inactive|Time left: 300 sec this turn | 300 sec total\n|\n|t:|1783548915\n|move|p1a: Maushold|Population Bomb|p2a: Honchkrow\n|-damage|p2a: Honchkrow|62/100\n|-damage|p2a: Honchkrow|51/100\n|-damage|p2a: Honchkrow|40/100\n|-damage|p2a: Honchkrow|30/100\n|-damage|p2a: Honchkrow|20/100\n|-crit|p2a: Honchkrow\n|-damage|p2a: Honchkrow|6/100\n|-damage|p2a: Honchkrow|0 fnt\n|faint|p2a: Honchkrow\n|-hitcount|p2: Honchkrow|7\n|\n|upkeep\n|\n|t:|1783548916\n|switch|p2a: Great Tusk|Great Tusk, L77|100/100\n|turn|8\n|inactive|Time left: 300 sec this turn | 300 sec total\n|\n|t:|1783548917\n|switch|p1a: Latios|Latios, L78, M|85/253\n|move|p2a: Great Tusk|Stone Edge|p1a: Latios\n|-damage|p1a: Latios|0 fnt\n|faint|p1a: Latios\n|\n|upkeep\n|inactive|Time left: 300 sec this turn | 300 sec total | 5 sec grace\n|\n|t:|1783548918\n|switch|p1a: Gastrodon|Gastrodon, L86, F|331/331\n|turn|9\n|inactive|Time left: 300 sec this turn | 300 sec total\n|\n|t:|1783548919\n|-end|p2a: Great Tusk|Protosynthesis|[silent]\n|switch|p2a: Pelipper|Pelipper, L86, M|100/100\n|-weather|RainDance|[from] ability: Drizzle|[of] p2a: Pelipper\n|move|p1a: Gastrodon|Surf|p2a: Pelipper\n|-resisted|p2a: Pelipper\n|-damage|p2a: Pelipper|68/100\n|\n|-weather|RainDance|[upkeep]\n|upkeep\n|turn|10\n|inactive|Time left: 300 sec this turn | 300 sec total\n|\n|t:|1783548921\n|move|p2a: Pelipper|Hurricane|p1a: Gastrodon\n|-damage|p1a: Gastrodon|211/331\n|move|p1a: Gastrodon|Surf|p2a: Pelipper\n|-resisted|p2a: Pelipper\n|-damage|p2a: Pelipper|33/100\n|\n|-weather|RainDance|[upkeep]\n|-heal|p1a: Gastrodon|231/331|[from] item: Leftovers\n|upkeep\n|turn|11\n|inactive|Time left: 300 sec this turn | 300 sec total\n|\n|t:|1783548922\n|move|p2a: Pelipper|Roost|p2a: Pelipper\n|-heal|p2a: Pelipper|84/100\n|-singleturn|p2a: Pelipper|move: Roost\n|move|p1a: Gastrodon|Surf|p2a: Pelipper\n|-resisted|p2a: Pelipper\n|-damage|p2a: Pelipper|50/100\n|\n|-weather|RainDance|[upkeep]\n|-heal|p1a: Gastrodon|251/331|[from] item: Leftovers\n|upkeep\n|turn|12\n|inactive|Time left: 300 sec this turn | 300 sec total\n|\n|t:|1783548923\n|move|p2a: Pelipper|Roost|p2a: Pelipper\n|-heal|p2a: Pelipper|100/100\n|-singleturn|p2a: Pelipper|move: Roost\n|move|p1a: Gastrodon|Surf|p2a: Pelipper\n|-resisted|p2a: Pelipper\n|-crit|p2a: Pelipper\n|-damage|p2a: Pelipper|49/100\n|\n|-weather|RainDance|[upkeep]\n|-heal|p1a: Gastrodon|271/331|[from] item: Leftovers\n|upkeep\n|turn|13\n|inactive|Time left: 300 sec this turn | 300 sec total\n|\n|t:|1783548924\n|move|p2a: Pelipper|Roost|p2a: Pelipper\n|-heal|p2a: Pelipper|99/100\n|-singleturn|p2a: Pelipper|move: Roost\n|move|p1a: Gastrodon|Surf|p2a: Pelipper\n|-resisted|p2a: Pelipper\n|-damage|p2a: Pelipper|67/100\n|\n|-weather|none\n|-heal|p1a: Gastrodon|291/331|[from] item: Leftovers\n|upkeep\n|turn|14\n|inactive|Time left: 300 sec this turn | 300 sec total\n|\n|t:|1783548925\n|move|p2a: Pelipper|Hurricane|p1a: Gastrodon|[miss]\n|-miss|p2a: Pelipper|p1a: Gastrodon\n|move|p1a: Gastrodon|Surf|p2a: Pelipper\n|-resisted|p2a: Pelipper\n|-damage|p2a: Pelipper|42/100\n|\n|-heal|p1a: Gastrodon|311/331|[from] item: Leftovers\n|upkeep\n|turn|15\n|inactive|Time left: 300 sec this turn | 300 sec total\n|\n|t:|1783548926\n|move|p2a: Pelipper|Roost|p2a: Pelipper\n|-heal|p2a: Pelipper|93/100\n|-singleturn|p2a: Pelipper|move: Roost\n|move|p1a: Gastrodon|Earthquake|p2a: Pelipper\n|-damage|p2a: Pelipper|56/100\n|\n|-heal|p1a: Gastrodon|331/331|[from] item: Leftovers\n|upkeep\n|turn|16\n|inactive|Time left: 300 sec this turn | 300 sec total\n|\n|t:|1783548927\n|move|p2a: Pelipper|Roost|p2a: Pelipper\n|-heal|p2a: Pelipper|100/100\n|-singleturn|p2a: Pelipper|move: Roost\n|move|p1a: Gastrodon|Earthquake|p2a: Pelipper\n|-damage|p2a: Pelipper|64/100\n|\n|upkeep\n|turn|17\n|inactive|Time left: 300 sec this turn | 300 sec total\n|\n|t:|1783548928\n|move|p2a: Pelipper|Roost|p2a: Pelipper\n|-heal|p2a: Pelipper|100/100\n|-singleturn|p2a: Pelipper|move: Roost\n|move|p1a: Gastrodon|Surf|p2a: Pelipper\n|-resisted|p2a: Pelipper\n|-damage|p2a: Pelipper|79/100\n|\n|upkeep\n|turn|18\n|inactive|Time left: 300 sec this turn | 300 sec total\n|\n|t:|1783548929\n|move|p2a: Pelipper|Knock Off|p1a: Gastrodon\n|-damage|p1a: Gastrodon|273/331\n|-enditem|p1a: Gastrodon|Leftovers|[from] move: Knock Off|[of] p2a: Pelipper\n|move|p1a: Gastrodon|Surf|p2a: Pelipper\n|-resisted|p2a: Pelipper\n|-damage|p2a: Pelipper|58/100\n|\n|upkeep\n|turn|19\n|inactive|Time left: 300 sec this turn | 300 sec total\n|\n|t:|1783548930\n|move|p2a: Pelipper|Roost|p2a: Pelipper\n|-heal|p2a: Pelipper|100/100\n|-singleturn|p2a: Pelipper|move: Roost\n|move|p1a: Gastrodon|Surf|p2a: Pelipper\n|-resisted|p2a: Pelipper\n|-damage|p2a: Pelipper|78/100\n|\n|upkeep\n|turn|20\n|inactive|Time left: 300 sec this turn | 300 sec total\n|\n|t:|1783548932\n|move|p2a: Pelipper|Hurricane|p1a: Gastrodon\n|-damage|p1a: Gastrodon|155/331\n|move|p1a: Gastrodon|Recover|p1a: Gastrodon\n|-heal|p1a: Gastrodon|321/331\n|\n|upkeep\n|turn|21\n|inactive|Time left: 300 sec this turn | 300 sec total\n|\n|t:|1783548933\n|move|p2a: Pelipper|Hurricane|p1a: Gastrodon|[miss]\n|-miss|p2a: Pelipper|p1a: Gastrodon\n|move|p1a: Gastrodon|Surf|p2a: Pelipper\n|-resisted|p2a: Pelipper\n|-damage|p2a: Pelipper|54/100\n|\n|upkeep\n|turn|22\n|inactive|Time left: 300 sec this turn | 300 sec total\n|\n|t:|1783548934\n|move|p2a: Pelipper|Hurricane|p1a: Gastrodon\n|-damage|p1a: Gastrodon|206/331\n|-start|p1a: Gastrodon|confusion\n|-activate|p1a: Gastrodon|confusion\n|-damage|p1a: Gastrodon|173/331|[from] confusion\n|\n|upkeep\n|turn|23\n|inactive|Time left: 300 sec this turn | 300 sec total\n|\n|t:|1783548935\n|move|p2a: Pelipper|Roost|p2a: Pelipper\n|-heal|p2a: Pelipper|100/100\n|-singleturn|p2a: Pelipper|move: Roost\n|-activate|p1a: Gastrodon|confusion\n|move|p1a: Gastrodon|Recover|p1a: Gastrodon\n|-heal|p1a: Gastrodon|331/331\n|\n|upkeep\n|turn|24\n|inactive|Time left: 300 sec this turn | 300 sec total\n|\n|t:|1783548936\n|move|p2a: Pelipper|Hurricane|p1a: Gastrodon|[miss]\n|-miss|p2a: Pelipper|p1a: Gastrodon\n|-end|p1a: Gastrodon|confusion\n|move|p1a: Gastrodon|Surf|p2a: Pelipper\n|-resisted|p2a: Pelipper\n|-damage|p2a: Pelipper|77/100\n|\n|upkeep\n|turn|25\n|inactive|Time left: 300 sec this turn | 300 sec total\n|\n|t:|1783548937\n|move|p2a: Pelipper|Hurricane|p1a: Gastrodon\n|-damage|p1a: Gastrodon|204/331\n|-start|p1a: Gastrodon|confusion\n|-activate|p1a: Gastrodon|confusion\n|-damage|p1a: Gastrodon|170/331|[from] confusion\n|\n|upkeep\n|turn|26\n|inactive|Time left: 300 sec this turn | 300 sec total\n|\n|t:|1783548938\n|move|p2a: Pelipper|Hurricane|p1a: Gastrodon|[miss]\n|-miss|p2a: Pelipper|p1a: Gastrodon\n|-activate|p1a: Gastrodon|confusion\n|move|p1a: Gastrodon|Recover|p1a: Gastrodon\n|-heal|p1a: Gastrodon|331/331\n|\n|upkeep\n|turn|27\n|inactive|Time left: 300 sec this turn | 300 sec total\n|\n|t:|1783548939\n|move|p2a: Pelipper|Hurricane|p1a: Gastrodon|[miss]\n|-miss|p2a: Pelipper|p1a: Gastrodon\n|-activate|p1a: Gastrodon|confusion\n|-damage|p1a: Gastrodon|297/331|[from] confusion\n|\n|upkeep\n|turn|28\n|inactive|Time left: 300 sec this turn | 300 sec total\n|\n|t:|1783548940\n|move|p2a: Pelipper|Hurricane|p1a: Gastrodon\n|-damage|p1a: Gastrodon|176/331\n|-end|p1a: Gastrodon|confusion\n|move|p1a: Gastrodon|Recover|p1a: Gastrodon\n|-heal|p1a: Gastrodon|331/331\n|\n|upkeep\n|turn|29\n|inactive|Time left: 300 sec this turn | 300 sec total\n|\n|t:|1783548942\n|move|p2a: Pelipper|Hurricane|p1a: Gastrodon\n|-damage|p1a: Gastrodon|210/331\n|move|p1a: Gastrodon|Surf|p2a: Pelipper\n|-resisted|p2a: Pelipper\n|-damage|p2a: Pelipper|53/100\n|\n|upkeep\n|turn|30\n|inactive|Time left: 300 sec this turn | 300 sec total\n|\n|t:|1783548943\n|move|p2a: Pelipper|Hurricane|p1a: Gastrodon|[miss]\n|-miss|p2a: Pelipper|p1a: Gastrodon\n|move|p1a: Gastrodon|Recover|p1a: Gastrodon\n|-heal|p1a: Gastrodon|331/331\n|\n|upkeep\n|turn|31\n|inactive|Time left: 300 sec this turn | 300 sec total\n|\n|t:|1783548944\n|move|p2a: Pelipper|Hurricane|p1a: Gastrodon\n|-damage|p1a: Gastrodon|207/331\n|move|p1a: Gastrodon|Surf|p2a: Pelipper\n|-resisted|p2a: Pelipper\n|-damage|p2a: Pelipper|32/100\n|\n|upkeep\n|turn|32\n|inactive|Time left: 300 sec this turn | 300 sec total\n|\n|t:|1783548945\n|move|p2a: Pelipper|Hurricane|p1a: Gastrodon\n|-damage|p1a: Gastrodon|86/331\n|move|p1a: Gastrodon|Recover|p1a: Gastrodon\n|-heal|p1a: Gastrodon|252/331\n|\n|upkeep\n|turn|33\n|inactive|Time left: 300 sec this turn | 300 sec total\n|\n|t:|1783548946\n|move|p2a: Pelipper|Hurricane|p1a: Gastrodon\n|-damage|p1a: Gastrodon|128/331\n|move|p1a: Gastrodon|Recover|p1a: Gastrodon\n|-heal|p1a: Gastrodon|294/331\n|\n|upkeep\n|turn|34\n|inactive|Time left: 300 sec this turn | 300 sec total\n|\n|t:|1783548947\n|move|p2a: Pelipper|Hurricane|p1a: Gastrodon\n|-damage|p1a: Gastrodon|162/331\n|-start|p1a: Gastrodon|confusion\n|-activate|p1a: Gastrodon|confusion\n|move|p1a: Gastrodon|Surf|p2a: Pelipper\n|-resisted|p2a: Pelipper\n|-damage|p2a: Pelipper|9/100\n|\n|upkeep\n|turn|35\n|inactive|Time left: 300 sec this turn | 300 sec total\n|\n|t:|1783548949\n|move|p2a: Pelipper|Knock Off|p1a: Gastrodon\n|-damage|p1a: Gastrodon|127/331\n|-end|p1a: Gastrodon|confusion\n|move|p1a: Gastrodon|Surf|p2a: Pelipper\n|-resisted|p2a: Pelipper\n|-damage|p2a: Pelipper|0 fnt\n|faint|p2a: Pelipper\n|\n|upkeep\n|\n|t:|1783548950\n|switch|p2a: Great Tusk|Great Tusk, L77|100/100\n|turn|36\n|inactive|Time left: 300 sec this turn | 300 sec total\n|\n|t:|1783548951\n|switch|p1a: Skarmory|Skarmory, L80, F|235/235\n|move|p2a: Great Tusk|Headlong Rush|p1a: Skarmory\n|-immune|p1a: Skarmory\n|\n|upkeep\n|turn|37\n|inactive|Time left: 300 sec this turn | 300 sec total\n|\n|t:|1783548952\n|-end|p2a: Great Tusk|Protosynthesis|[silent]\n|switch|p2a: Gholdengo|Gholdengo, L77|100/100\n|move|p1a: Skarmory|Brave Bird|p2a: Gholdengo\n|-resisted|p2a: Gholdengo\n|-damage|p2a: Gholdengo|81/100\n|-damage|p1a: Skarmory|218/235|[from] Recoil\n|\n|upkeep\n|turn|38\n|inactive|Time left: 300 sec this turn | 300 sec total\n|\n|t:|1783548953\n|switch|p1a: Maushold|Maushold-Four, L76|238/238\n|move|p2a: Gholdengo|Shadow Ball|p1a: Maushold\n|-immune|p1a: Maushold\n|\n|upkeep\n|turn|39\n|inactive|Time left: 300 sec this turn | 300 sec total\n|\n|t:|1783548954\n|move|p2a: Gholdengo|Shadow Ball|p1a: Maushold\n|-immune|p1a: Maushold\n|move|p1a: Maushold|Tidy Up|p1a: Maushold\n|-boost|p1a: Maushold|atk|1\n|-boost|p1a: Maushold|spe|1\n|\n|upkeep\n|turn|40\n|inactive|Time left: 300 sec this turn | 300 sec total\n|\n|t:|1783548955\n|move|p1a: Maushold|Tidy Up|p1a: Maushold\n|-boost|p1a: Maushold|atk|1\n|-boost|p1a: Maushold|spe|1\n|move|p2a: Gholdengo|Shadow Ball|p1a: Maushold\n|-immune|p1a: Maushold\n|\n|upkeep\n|turn|41\n|inactive|Time left: 300 sec this turn | 300 sec total\n|\n|t:|1783548956\n|move|p1a: Maushold|Tidy Up|p1a: Maushold\n|-boost|p1a: Maushold|atk|1\n|-boost|p1a: Maushold|spe|1\n|move|p2a: Gholdengo|Shadow Ball|p1a: Maushold\n|-immune|p1a: Maushold\n|\n|upkeep\n|turn|42\n|inactive|Time left: 300 sec this turn | 300 sec total\n|\n|t:|1783548957\n|switch|p2a: Great Tusk|Great Tusk, L77|100/100\n|move|p1a: Maushold|Population Bomb|p2a: Great Tusk\n|-damage|p2a: Great Tusk|85/100\n|-damage|p2a: Great Tusk|70/100\n|-damage|p2a: Great Tusk|55/100\n|-damage|p2a: Great Tusk|39/100\n|-damage|p2a: Great Tusk|25/100\n|-damage|p2a: Great Tusk|11/100\n|-damage|p2a: Great Tusk|0 fnt\n|faint|p2a: Great Tusk\n|-end|p2a: Great Tusk|Protosynthesis|[silent]\n|-hitcount|p2: Great Tusk|7\n|\n|upkeep\n|\n|t:|1783548958\n|switch|p2a: Gholdengo|Gholdengo, L77|81/100\n|turn|43\n|inactive|Time left: 300 sec this turn | 300 sec total\n|\n|t:|1783548958\n|-terastallize|p1a: Maushold|Ghost\n|move|p1a: Maushold|Bite|p2a: Gholdengo\n|-supereffective|p2a: Gholdengo\n|-damage|p2a: Gholdengo|0 fnt\n|faint|p2a: Gholdengo\n|\n|win|p0x7793d94", "uploadtime": 1783548958, "views": 0, "rating": 0, "private": 0, "password": null, "_winner": "p0x7793d94", "_our_name": "p0x7793d94"}