{"id": "battle-gen9randombattle-2799", "formatid": "gen9randombattle", "format": "[Gen 9] Random Battle", "players": ["p0x27991af9", "p0y279903c7"], "log": "|init|battle\n|title|p0x27991af9 vs. p0y279903c7\n|j|\u2606p0x27991af9\n|j|\u2606p0y279903c7\n|t:|1783572251\n|gametype|singles\n|player|p1|p0x27991af9|2|\n|player|p2|p0y279903c7|265|\n|gen|9\n|tier|[Gen 9] Random Battle\n|rule|Species Clause: Limit one of each Pok\u00e9mon\n|rule|HP Percentage Mod: HP is shown in percentages\n|rule|Sleep Clause Mod: Limit one foe put to sleep\n|rule|Illusion Level Mod: Illusion disguises the Pok\u00e9mon's true level\n|\n|t:|1783572251\n|teamsize|p1|6\n|teamsize|p2|6\n|start\n|switch|p1a: Metagross|Metagross, L79|100/100\n|switch|p2a: Farigiraf|Farigiraf, L90, M|362/362\n|turn|1\n|inactive|Battle timer is ON: inactive players will automatically lose when time's up. (requested by p0y279903c7)\n|\n|t:|1783572252\n|move|p2a: Farigiraf|Psychic Noise|p1a: Metagross\n|-resisted|p1a: Metagross\n|-damage|p1a: Metagross|90/100\n|-start|p1a: Metagross|move: Heal Block\n|move|p1a: Metagross|Agility|p1a: Metagross\n|-boost|p1a: Metagross|spe|2\n|\n|upkeep\n|turn|2\n|inactive|Time left: 300 sec this turn | 300 sec total\n|inactive|p0x27991af9 also wants the timer to be on.\n|\n|t:|1783572253\n|move|p2a: Farigiraf|Protect|p2a: Farigiraf\n|-singleturn|p2a: Farigiraf|Protect\n|move|p1a: Metagross|Heavy Slam|p2a: Farigiraf\n|-activate|p2a: Farigiraf|move: Protect\n|\n|-end|p1a: Metagross|move: Heal Block\n|upkeep\n|turn|3\n|inactive|Time left: 300 sec this turn | 300 sec total\n|\n|t:|1783572254\n|move|p1a: Metagross|Heavy Slam|p2a: Farigiraf\n|-damage|p2a: Farigiraf|254/362\n|move|p2a: Farigiraf|Body Slam|p1a: Metagross\n|-resisted|p1a: Metagross\n|-damage|p1a: Metagross|73/100\n|\n|-heal|p2a: Farigiraf|276/362|[from] item: Leftovers\n|upkeep\n|turn|4\n|inactive|Time left: 300 sec this turn | 300 sec total\n|\n|t:|1783572256\n|move|p1a: Metagross|Heavy Slam|p2a: Farigiraf\n|-damage|p2a: Farigiraf|176/362\n|move|p2a: Farigiraf|Wish|p2a: Farigiraf\n|\n|-heal|p2a: Farigiraf|198/362|[from] item: Leftovers\n|upkeep\n|turn|5\n|inactive|Time left: 300 sec this turn | 300 sec total\n|\n|t:|1783572257\n|move|p1a: Metagross|Agility|p1a: Metagross\n|-boost|p1a: Metagross|spe|2\n|move|p2a: Farigiraf|Body Slam|p1a: Metagross\n|-resisted|p1a: Metagross\n|-crit|p1a: Metagross\n|-damage|p1a: Metagross|52/100\n|-status|p1a: Metagross|par\n|\n|-heal|p2a: Farigiraf|362/362|[from] move: Wish|[wisher] Farigiraf\n|upkeep\n|turn|6\n|inactive|Time left: 300 sec this turn | 300 sec total\n|\n|t:|1783572257\n|switch|p2a: Greninja|Greninja, L80, M|246/246\n|move|p1a: Metagross|Heavy Slam|p2a: Greninja\n|-resisted|p2a: Greninja\n|-damage|p2a: Greninja|150/246\n|\n|upkeep\n|turn|7\n|inactive|Time left: 300 sec this turn | 300 sec total\n|\n|t:|1783572259\n|move|p2a: Greninja|Hydro Pump|p1a: Metagross\n|-damage|p1a: Metagross|0 fnt\n|faint|p1a: Metagross\n|-ability|p2a: Greninja|Battle Bond|boost\n|-boost|p2a: Greninja|atk|1\n|-boost|p2a: Greninja|spa|1\n|-boost|p2a: Greninja|spe|1\n|-activate|p2a: Greninja|ability: Battle Bond\n|-damage|p2a: Greninja|126/246|[from] item: Life Orb\n|\n|upkeep\n|\n|t:|1783572259\n|switch|p1a: Zekrom|Zekrom, L71|100/100\n|-ability|p1a: Zekrom|Teravolt\n|turn|8\n|inactive|Time left: 300 sec this turn | 300 sec total\n|\n|t:|1783572260\n|move|p2a: Greninja|Ice Beam|p1a: Zekrom\n|-supereffective|p1a: Zekrom\n|-damage|p1a: Zekrom|0 fnt\n|faint|p1a: Zekrom\n|-damage|p2a: Greninja|102/246|[from] item: Life Orb\n|\n|upkeep\n|\n|t:|1783572261\n|switch|p1a: Dewgong|Dewgong, L94, M|100/100\n|turn|9\n|inactive|Time left: 300 sec this turn | 300 sec total\n|\n|t:|1783572262\n|move|p2a: Greninja|Gunk Shot|p1a: Dewgong\n|-damage|p1a: Dewgong|56/100\n|-damage|p2a: Greninja|78/246|[from] item: Life Orb\n|move|p1a: Dewgong|Surf|p2a: Greninja\n|-resisted|p2a: Greninja\n|-damage|p2a: Greninja|24/246\n|\n|upkeep\n|turn|10\n|inactive|Time left: 300 sec this turn | 300 sec total\n|\n|t:|1783572264\n|move|p2a: Greninja|Dark Pulse|p1a: Dewgong\n|-damage|p1a: Dewgong|30/100\n|-damage|p2a: Greninja|0 fnt|[from] item: Life Orb\n|faint|p2a: Greninja\n|move|p1a: Dewgong|Triple Axel|p2: Greninja|[notarget]\n|-fail|p1a: Dewgong\n|\n|upkeep\n|inactive|Time left: 300 sec this turn | 300 sec total | 5 sec grace\n|\n|t:|1783572265\n|switch|p2a: Azumarill|Azumarill, L82, M|298/298\n|turn|11\n|inactive|Time left: 300 sec this turn | 300 sec total\n|\n|t:|1783572265\n|move|p1a: Dewgong|Knock Off|p2a: Azumarill\n|-resisted|p2a: Azumarill\n|-damage|p2a: Azumarill|264/298\n|-enditem|p2a: Azumarill|Choice Band|[from] move: Knock Off|[of] p1a: Dewgong\n|move|p2a: Azumarill|Play Rough|p1a: Dewgong\n|-damage|p1a: Dewgong|0 fnt\n|faint|p1a: Dewgong\n|\n|upkeep\n|\n|t:|1783572266\n|switch|p1a: Mudsdale|Mudsdale, L83, F|100/100\n|turn|12\n|inactive|Time left: 300 sec this turn | 300 sec total\n|\n|t:|1783572267\n|move|p2a: Azumarill|Liquidation|p1a: Mudsdale\n|-supereffective|p1a: Mudsdale\n|-damage|p1a: Mudsdale|40/100\n|-ability|p1a: Mudsdale|Stamina|boost\n|-boost|p1a: Mudsdale|def|1\n|move|p1a: Mudsdale|Earthquake|p2a: Azumarill\n|-damage|p2a: Azumarill|122/298\n|\n|-heal|p1a: Mudsdale|46/100|[from] item: Leftovers\n|upkeep\n|turn|13\n|inactive|Time left: 300 sec this turn | 300 sec total\n|\n|t:|1783572268\n|move|p2a: Azumarill|Liquidation|p1a: Mudsdale\n|-supereffective|p1a: Mudsdale\n|-damage|p1a: Mudsdale|0 fnt\n|faint|p1a: Mudsdale\n|\n|upkeep\n|\n|t:|1783572269\n|switch|p1a: Dachsbun|Dachsbun, L92, M|100/100\n|turn|14\n|inactive|Time left: 300 sec this turn | 300 sec total\n|\n|t:|1783572270\n|switch|p2a: Farigiraf|Farigiraf, L90, M|362/362\n|move|p1a: Dachsbun|Play Rough|p2a: Farigiraf\n|-damage|p2a: Farigiraf|250/362\n|\n|-heal|p2a: Farigiraf|272/362|[from] item: Leftovers\n|upkeep\n|turn|15\n|inactive|Time left: 300 sec this turn | 300 sec total\n|\n|t:|1783572271\n|move|p1a: Dachsbun|Play Rough|p2a: Farigiraf\n|-damage|p2a: Farigiraf|160/362\n|move|p2a: Farigiraf|Body Slam|p1a: Dachsbun\n|-damage|p1a: Dachsbun|69/100\n|\n|-heal|p1a: Dachsbun|75/100|[from] item: Leftovers\n|-heal|p2a: Farigiraf|182/362|[from] item: Leftovers\n|upkeep\n|turn|16\n|inactive|Time left: 300 sec this turn | 300 sec total\n|\n|t:|1783572272\n|move|p1a: Dachsbun|Play Rough|p2a: Farigiraf\n|-damage|p2a: Farigiraf|65/362\n|move|p2a: Farigiraf|Wish|p2a: Farigiraf\n|\n|-heal|p1a: Dachsbun|80/100|[from] item: Leftovers\n|-heal|p2a: Farigiraf|87/362|[from] item: Leftovers\n|upkeep\n|turn|17\n|inactive|Time left: 300 sec this turn | 300 sec total\n|\n|t:|1783572274\n|move|p2a: Farigiraf|Protect|p2a: Farigiraf\n|-singleturn|p2a: Farigiraf|Protect\n|move|p1a: Dachsbun|Play Rough|p2a: Farigiraf\n|-activate|p2a: Farigiraf|move: Protect\n|\n|-heal|p2a: Farigiraf|268/362|[from] move: Wish|[wisher] Farigiraf\n|-heal|p1a: Dachsbun|86/100|[from] item: Leftovers\n|-heal|p2a: Farigiraf|290/362|[from] item: Leftovers\n|upkeep\n|turn|18\n|inactive|Time left: 300 sec this turn | 300 sec total\n|\n|t:|1783572275\n|move|p1a: Dachsbun|Body Press|p2a: Farigiraf\n|-damage|p2a: Farigiraf|207/362\n|move|p2a: Farigiraf|Wish|p2a: Farigiraf\n|\n|-heal|p1a: Dachsbun|92/100|[from] item: Leftovers\n|-heal|p2a: Farigiraf|229/362|[from] item: Leftovers\n|upkeep\n|turn|19\n|inactive|Time left: 300 sec this turn | 300 sec total\n|\n|t:|1783572276\n|move|p1a: Dachsbun|Play Rough|p2a: Farigiraf\n|-damage|p2a: Farigiraf|121/362\n|move|p2a: Farigiraf|Body Slam|p1a: Dachsbun\n|-damage|p1a: Dachsbun|65/100\n|\n|-heal|p2a: Farigiraf|302/362|[from] move: Wish|[wisher] Farigiraf\n|-heal|p1a: Dachsbun|71/100|[from] item: Leftovers\n|-heal|p2a: Farigiraf|324/362|[from] item: Leftovers\n|upkeep\n|turn|20\n|inactive|Time left: 300 sec this turn | 300 sec total\n|\n|t:|1783572276\n|move|p1a: Dachsbun|Play Rough|p2a: Farigiraf\n|-damage|p2a: Farigiraf|218/362\n|move|p2a: Farigiraf|Psychic Noise|p1a: Dachsbun\n|-damage|p1a: Dachsbun|29/100\n|-start|p1a: Dachsbun|move: Heal Block\n|\n|-heal|p2a: Farigiraf|240/362|[from] item: Leftovers\n|upkeep\n|turn|21\n|inactive|Time left: 300 sec this turn | 300 sec total\n|\n|t:|1783572277\n|move|p1a: Dachsbun|Protect|p1a: Dachsbun\n|-singleturn|p1a: Dachsbun|Protect\n|move|p2a: Farigiraf|Psychic Noise|p1a: Dachsbun\n|-activate|p1a: Dachsbun|move: Protect\n|\n|-heal|p2a: Farigiraf|262/362|[from] item: Leftovers\n|-end|p1a: Dachsbun|move: Heal Block\n|upkeep\n|turn|22\n|inactive|Time left: 300 sec this turn | 300 sec total\n|\n|t:|1783572279\n|move|p1a: Dachsbun|Play Rough|p2a: Farigiraf\n|-damage|p2a: Farigiraf|159/362\n|-unboost|p2a: Farigiraf|atk|1\n|move|p2a: Farigiraf|Psychic Noise|p1a: Dachsbun\n|-damage|p1a: Dachsbun|0 fnt\n|faint|p1a: Dachsbun\n|\n|-heal|p2a: Farigiraf|181/362|[from] item: Leftovers\n|upkeep\n|\n|t:|1783572279\n|switch|p1a: Heatran|Heatran, L79, F|100/100\n|turn|23\n|inactive|Time left: 300 sec this turn | 300 sec total\n|\n|t:|1783572280\n|move|p2a: Farigiraf|Protect|p2a: Farigiraf\n|-singleturn|p2a: Farigiraf|Protect\n|move|p1a: Heatran|Magma Storm|p2a: Farigiraf\n|-activate|p2a: Farigiraf|move: Protect\n|\n|-heal|p2a: Farigiraf|203/362|[from] item: Leftovers\n|upkeep\n|turn|24\n|inactive|Time left: 300 sec this turn | 300 sec total\n|\n|t:|1783572281\n|move|p1a: Heatran|Magma Storm|p2a: Farigiraf\n|-damage|p2a: Farigiraf|71/362\n|-activate|p2a: Farigiraf|move: Magma Storm|[of] p1a: Heatran\n|move|p2a: Farigiraf|Wish|p2a: Farigiraf\n|\n|-heal|p2a: Farigiraf|93/362|[from] item: Leftovers\n|-damage|p2a: Farigiraf|48/362|[from] move: Magma Storm|[partiallytrapped]\n|upkeep\n|turn|25\n|inactive|Time left: 300 sec this turn | 300 sec total\n|\n|t:|1783572282\n|move|p2a: Farigiraf|Protect|p2a: Farigiraf\n|-singleturn|p2a: Farigiraf|Protect\n|move|p1a: Heatran|Heavy Slam|p2a: Farigiraf\n|-activate|p2a: Farigiraf|move: Protect\n|\n|-heal|p2a: Farigiraf|229/362|[from] move: Wish|[wisher] Farigiraf\n|-heal|p2a: Farigiraf|251/362|[from] item: Leftovers\n|-damage|p2a: Farigiraf|206/362|[from] move: Magma Storm|[partiallytrapped]\n|upkeep\n|turn|26\n|inactive|Time left: 300 sec this turn | 300 sec total\n|\n|t:|1783572284\n|-terastallize|p2a: Farigiraf|Water\n|move|p1a: Heatran|Lava Plume|p2a: Farigiraf\n|-resisted|p2a: Farigiraf\n|-damage|p2a: Farigiraf|158/362\n|move|p2a: Farigiraf|Wish|p2a: Farigiraf\n|\n|-heal|p2a: Farigiraf|180/362|[from] item: Leftovers\n|-damage|p2a: Farigiraf|135/362|[from] move: Magma Storm|[partiallytrapped]\n|upkeep\n|turn|27\n|inactive|Time left: 300 sec this turn | 300 sec total\n|\n|t:|1783572285\n|move|p2a: Farigiraf|Protect|p2a: Farigiraf\n|-singleturn|p2a: Farigiraf|Protect\n|move|p1a: Heatran|Earth Power|p2a: Farigiraf\n|-activate|p2a: Farigiraf|move: Protect\n|\n|-heal|p2a: Farigiraf|316/362|[from] move: Wish|[wisher] Farigiraf\n|-heal|p2a: Farigiraf|338/362|[from] item: Leftovers\n|-damage|p2a: Farigiraf|293/362|[from] move: Magma Storm|[partiallytrapped]\n|upkeep\n|turn|28\n|inactive|Time left: 300 sec this turn | 300 sec total\n|\n|t:|1783572286\n|move|p1a: Heatran|Lava Plume|p2a: Farigiraf\n|-resisted|p2a: Farigiraf\n|-damage|p2a: Farigiraf|239/362\n|-status|p2a: Farigiraf|brn\n|move|p2a: Farigiraf|Wish|p2a: Farigiraf\n|\n|-heal|p2a: Farigiraf|261/362 brn|[from] item: Leftovers\n|-damage|p2a: Farigiraf|239/362 brn|[from] brn\n|-damage|p2a: Farigiraf|194/362 brn|[from] move: Magma Storm|[partiallytrapped]\n|upkeep\n|turn|29\n|inactive|Time left: 300 sec this turn | 300 sec total\n|\n|t:|1783572287\n|move|p2a: Farigiraf|Protect|p2a: Farigiraf\n|-singleturn|p2a: Farigiraf|Protect\n|move|p1a: Heatran|Earth Power|p2a: Farigiraf\n|-activate|p2a: Farigiraf|move: Protect\n|\n|-heal|p2a: Farigiraf|362/362 brn|[from] move: Wish|[wisher] Farigiraf\n|-damage|p2a: Farigiraf|340/362 brn|[from] brn\n|-end|p2a: Farigiraf|Magma Storm|[partiallytrapped]\n|upkeep\n|turn|30\n|inactive|Time left: 300 sec this turn | 300 sec total\n|\n|t:|1783572288\n|move|p1a: Heatran|Lava Plume|p2a: Farigiraf\n|-resisted|p2a: Farigiraf\n|-damage|p2a: Farigiraf|286/362 brn\n|move|p2a: Farigiraf|Wish|p2a: Farigiraf\n|\n|-heal|p2a: Farigiraf|308/362 brn|[from] item: Leftovers\n|-damage|p2a: Farigiraf|286/362 brn|[from] brn\n|upkeep\n|turn|31\n|inactive|Time left: 300 sec this turn | 300 sec total\n|\n|t:|1783572289\n|switch|p2a: Azumarill|Azumarill, L82, M|122/298\n|move|p1a: Heatran|Magma Storm|p2a: Azumarill\n|-resisted|p2a: Azumarill\n|-damage|p2a: Azumarill|62/298\n|-activate|p2a: Azumarill|move: Magma Storm|[of] p1a: Heatran\n|\n|-heal|p2a: Azumarill|243/298|[from] move: Wish|[wisher] Farigiraf\n|-damage|p2a: Azumarill|206/298|[from] move: Magma Storm|[partiallytrapped]\n|upkeep\n|turn|32\n|inactive|Time left: 300 sec this turn | 300 sec total\n|\n|t:|1783572290\n|-terastallize|p1a: Heatran|Flying\n|move|p1a: Heatran|Heavy Slam|p2a: Azumarill\n|-damage|p2a: Azumarill|80/298\n|move|p2a: Azumarill|Liquidation|p1a: Heatran\n|-damage|p1a: Heatran|62/100\n|\n|-damage|p2a: Azumarill|43/298|[from] move: Magma Storm|[partiallytrapped]\n|upkeep\n|turn|33\n|inactive|Time left: 300 sec this turn | 300 sec total\n|\n|t:|1783572290\n|move|p2a: Azumarill|Aqua Jet|p1a: Heatran\n|-damage|p1a: Heatran|44/100\n|move|p1a: Heatran|Magma Storm|p2a: Azumarill\n|-resisted|p2a: Azumarill\n|-damage|p2a: Azumarill|0 fnt\n|faint|p2a: Azumarill\n|\n|upkeep\n|inactive|Time left: 300 sec this turn | 300 sec total | 5 sec grace\n|\n|t:|1783572291\n|switch|p2a: Glaceon|Glaceon, L94, M|275/275\n|turn|34\n|inactive|Time left: 300 sec this turn | 300 sec total\n|\n|t:|1783572292\n|move|p2a: Glaceon|Freeze-Dry|p1a: Heatran\n|-supereffective|p1a: Heatran\n|-damage|p1a: Heatran|0 fnt\n|faint|p1a: Heatran\n|\n|win|p0y279903c7", "uploadtime": 1783572292, "views": 0, "rating": 0, "private": 0, "password": null, "_winner": "p0y279903c7", "_our_name": "p0y279903c7"}