{"id": "battle-gen9randombattle-1966", "formatid": "gen9randombattle", "format": "[Gen 9] Random Battle", "players": ["p0x1966fb04", "p0y1966fdbc"], "log": "|init|battle\n|title|p0x1966fb04 vs. p0y1966fdbc\n|j|\u2606p0x1966fb04\n|j|\u2606p0y1966fdbc\n|t:|1783562724\n|gametype|singles\n|player|p1|p0x1966fb04|1|\n|player|p2|p0y1966fdbc|265|\n|gen|9\n|tier|[Gen 9] Random Battle\n|rule|Species Clause: Limit one of each Pok\u00e9mon\n|rule|HP Percentage Mod: HP is shown in percentages\n|rule|Sleep Clause Mod: Limit one foe put to sleep\n|rule|Illusion Level Mod: Illusion disguises the Pok\u00e9mon's true level\n|\n|t:|1783562724\n|teamsize|p1|6\n|teamsize|p2|6\n|start\n|switch|p1a: Vivillon|Vivillon-Continental, L83, M|268/268\n|switch|p2a: Noivern|Noivern, L82, M|100/100\n|turn|1\n|inactive|Battle timer is ON: inactive players will automatically lose when time's up. (requested by p0x1966fb04)\n|inactive|p0y1966fdbc also wants the timer to be on.\n|\n|t:|1783562726\n|move|p2a: Noivern|Draco Meteor|p1a: Vivillon\n|-damage|p1a: Vivillon|0 fnt\n|-unboost|p2a: Noivern|spa|2\n|faint|p1a: Vivillon\n|\n|upkeep\n|inactive|Time left: 300 sec this turn | 300 sec total | 65 sec grace\n|\n|t:|1783562727\n|switch|p1a: Groudon|Groudon, L72|263/263\n|-weather|SunnyDay|[from] ability: Drought|[of] p1a: Groudon\n|turn|2\n|inactive|Time left: 300 sec this turn | 300 sec total\n|\n|t:|1783562728\n|switch|p2a: Stonjourner|Stonjourner, L91, M|100/100\n|move|p1a: Groudon|Swords Dance|p1a: Groudon\n|-boost|p1a: Groudon|atk|2\n|\n|-weather|SunnyDay|[upkeep]\n|upkeep\n|turn|3\n|inactive|Time left: 300 sec this turn | 300 sec total\n|\n|t:|1783562729\n|-terastallize|p2a: Stonjourner|Ground\n|move|p2a: Stonjourner|Earthquake|p1a: Groudon\n|-damage|p1a: Groudon|114/263\n|-damage|p2a: Stonjourner|90/100|[from] item: Life Orb\n|move|p1a: Groudon|Precipice Blades|p2a: Stonjourner\n|-damage|p2a: Stonjourner|42/100\n|\n|-weather|SunnyDay|[upkeep]\n|-heal|p1a: Groudon|130/263|[from] item: Leftovers\n|upkeep\n|turn|4\n|inactive|Time left: 300 sec this turn | 300 sec total\n|\n|t:|1783562730\n|move|p2a: Stonjourner|Earthquake|p1a: Groudon\n|-damage|p1a: Groudon|0 fnt\n|faint|p1a: Groudon\n|-damage|p2a: Stonjourner|32/100|[from] item: Life Orb\n|\n|-weather|SunnyDay|[upkeep]\n|upkeep\n|inactive|Time left: 300 sec this turn | 300 sec total | 5 sec grace\n|\n|t:|1783562731\n|switch|p1a: Gardevoir|Gardevoir, L83, F|249/249\n|-ability|p1a: Gardevoir|Power Spot|Trace|[from] ability: Trace|[of] p2a: Stonjourner\n|turn|5\n|inactive|Time left: 300 sec this turn | 300 sec total\n|\n|t:|1783562732\n|switch|p2a: Calyrex|Calyrex, L93|100/100\n|-ability|p2a: Calyrex|Unnerve\n|move|p1a: Gardevoir|Moonblast|p2a: Calyrex\n|-damage|p2a: Calyrex|67/100\n|-unboost|p2a: Calyrex|spa|1\n|\n|-weather|SunnyDay|[upkeep]\n|-heal|p2a: Calyrex|73/100|[from] item: Leftovers\n|upkeep\n|turn|6\n|inactive|Time left: 300 sec this turn | 300 sec total\n|\n|t:|1783562734\n|move|p1a: Gardevoir|Moonblast|p2a: Calyrex\n|-damage|p2a: Calyrex|40/100\n|move|p2a: Calyrex|Leech Seed|p1a: Gardevoir\n|-start|p1a: Gardevoir|move: Leech Seed\n|\n|-weather|none\n|-heal|p2a: Calyrex|46/100|[from] item: Leftovers\n|-damage|p1a: Gardevoir|218/249|[from] Leech Seed|[of] p2a: Calyrex\n|-heal|p2a: Calyrex|55/100|[silent]\n|upkeep\n|turn|7\n|inactive|Time left: 300 sec this turn | 300 sec total\n|\n|t:|1783562735\n|move|p1a: Gardevoir|Moonblast|p2a: Calyrex\n|-damage|p2a: Calyrex|20/100\n|move|p2a: Calyrex|Giga Drain|p1a: Gardevoir\n|-damage|p1a: Gardevoir|172/249\n|-heal|p2a: Calyrex|27/100|[from] drain|[of] p1a: Gardevoir\n|\n|-heal|p2a: Calyrex|33/100|[from] item: Leftovers\n|-damage|p1a: Gardevoir|141/249|[from] Leech Seed|[of] p2a: Calyrex\n|-heal|p2a: Calyrex|43/100|[silent]\n|upkeep\n|turn|8\n|inactive|Time left: 300 sec this turn | 300 sec total\n|\n|t:|1783562736\n|switch|p2a: Alomomola|Alomomola, L87, F|100/100\n|move|p1a: Gardevoir|Moonblast|p2a: Alomomola\n|-damage|p2a: Alomomola|56/100\n|-unboost|p2a: Alomomola|spa|1\n|\n|-heal|p2a: Alomomola|62/100|[from] item: Leftovers\n|-damage|p1a: Gardevoir|110/249|[from] Leech Seed|[of] p2a: Alomomola\n|-heal|p2a: Alomomola|69/100|[silent]\n|upkeep\n|turn|9\n|inactive|Time left: 300 sec this turn | 300 sec total\n|\n|t:|1783562737\n|switch|p1a: Manaphy|Manaphy, L78|284/284\n|move|p2a: Alomomola|Flip Turn|p1a: Manaphy\n|-resisted|p1a: Manaphy\n|-damage|p1a: Manaphy|256/284\n|\n|t:|1783562738\n|switch|p2a: Calyrex|Calyrex, L93|43/100|[from] Flip Turn\n|-ability|p2a: Calyrex|Unnerve\n|\n|-heal|p2a: Calyrex|49/100|[from] item: Leftovers\n|-heal|p1a: Manaphy|273/284|[from] item: Leftovers\n|upkeep\n|turn|10\n|inactive|Time left: 300 sec this turn | 300 sec total\n|\n|t:|1783562739\n|-terastallize|p1a: Manaphy|Grass\n|move|p2a: Calyrex|Giga Drain|p1a: Manaphy\n|-resisted|p1a: Manaphy\n|-damage|p1a: Manaphy|233/284\n|-heal|p2a: Calyrex|55/100|[from] drain|[of] p1a: Manaphy\n|move|p1a: Manaphy|Tail Glow|p1a: Manaphy\n|-boost|p1a: Manaphy|spa|3\n|\n|-heal|p2a: Calyrex|61/100|[from] item: Leftovers\n|-heal|p1a: Manaphy|250/284|[from] item: Leftovers\n|upkeep\n|turn|11\n|inactive|Time left: 300 sec this turn | 300 sec total\n|\n|t:|1783562740\n|move|p2a: Calyrex|Encore|p1a: Manaphy\n|-start|p1a: Manaphy|Encore\n|move|p1a: Manaphy|Tail Glow|p1a: Manaphy\n|-boost|p1a: Manaphy|spa|3\n|\n|-heal|p2a: Calyrex|67/100|[from] item: Leftovers\n|-heal|p1a: Manaphy|267/284|[from] item: Leftovers\n|upkeep\n|turn|12\n|inactive|Time left: 300 sec this turn | 300 sec total\n|\n|t:|1783562741\n|switch|p2a: Stonjourner|Stonjourner, L91, M, tera:Ground|32/100\n|switch|p1a: Armarouge|Armarouge, L80, F|267/267\n|\n|upkeep\n|turn|13\n|inactive|Time left: 300 sec this turn | 300 sec total\n|\n|t:|1783562742\n|switch|p1a: Manaphy|Manaphy, L78, tera:Grass|267/284\n|move|p2a: Stonjourner|Earthquake|p1a: Manaphy\n|-resisted|p1a: Manaphy\n|-damage|p1a: Manaphy|171/284\n|-damage|p2a: Stonjourner|22/100|[from] item: Life Orb\n|\n|-heal|p1a: Manaphy|188/284|[from] item: Leftovers\n|upkeep\n|turn|14\n|inactive|Time left: 300 sec this turn | 300 sec total\n|\n|t:|1783562743\n|switch|p2a: Calyrex|Calyrex, L93|67/100\n|-ability|p2a: Calyrex|Unnerve\n|move|p1a: Manaphy|Ice Beam|p2a: Calyrex\n|-supereffective|p2a: Calyrex\n|-damage|p2a: Calyrex|33/100\n|\n|-heal|p2a: Calyrex|40/100|[from] item: Leftovers\n|-heal|p1a: Manaphy|205/284|[from] item: Leftovers\n|upkeep\n|turn|15\n|inactive|Time left: 300 sec this turn | 300 sec total\n|\n|t:|1783562744\n|move|p2a: Calyrex|Psychic|p1a: Manaphy\n|-damage|p1a: Manaphy|100/284\n|move|p1a: Manaphy|Tail Glow|p1a: Manaphy\n|-boost|p1a: Manaphy|spa|3\n|\n|-heal|p2a: Calyrex|46/100|[from] item: Leftovers\n|-heal|p1a: Manaphy|117/284|[from] item: Leftovers\n|upkeep\n|turn|16\n|inactive|Time left: 300 sec this turn | 300 sec total\n|\n|t:|1783562745\n|move|p2a: Calyrex|Encore|p1a: Manaphy\n|-start|p1a: Manaphy|Encore\n|move|p1a: Manaphy|Tail Glow|p1a: Manaphy\n|-boost|p1a: Manaphy|spa|3\n|\n|-heal|p2a: Calyrex|52/100|[from] item: Leftovers\n|-heal|p1a: Manaphy|134/284|[from] item: Leftovers\n|upkeep\n|turn|17\n|inactive|Time left: 300 sec this turn | 300 sec total\n|\n|t:|1783562746\n|switch|p1a: Armarouge|Armarouge, L80, F|267/267\n|move|p2a: Calyrex|Psychic|p1a: Armarouge\n|-resisted|p1a: Armarouge\n|-damage|p1a: Armarouge|209/267\n|\n|-heal|p2a: Calyrex|58/100|[from] item: Leftovers\n|upkeep\n|turn|18\n|inactive|Time left: 300 sec this turn | 300 sec total\n|\n|t:|1783562747\n|switch|p2a: Noivern|Noivern, L82, M|100/100\n|move|p1a: Armarouge|Armor Cannon|p2a: Noivern\n|-resisted|p2a: Noivern\n|-damage|p2a: Noivern|54/100\n|-unboost|p1a: Armarouge|def|1\n|-unboost|p1a: Armarouge|spd|1\n|\n|upkeep\n|turn|19\n|inactive|Time left: 300 sec this turn | 300 sec total\n|\n|t:|1783562748\n|switch|p1a: Gardevoir|Gardevoir, L83, F|110/249\n|-ability|p1a: Gardevoir|Infiltrator|Trace|[from] ability: Trace|[of] p2a: Noivern\n|move|p2a: Noivern|Boomburst|p1a: Gardevoir\n|-damage|p1a: Gardevoir|0 fnt\n|faint|p1a: Gardevoir\n|\n|upkeep\n|inactive|Time left: 300 sec this turn | 300 sec total | 5 sec grace\n|\n|t:|1783562749\n|switch|p1a: Toxapex|Toxapex, L82, F|216/216\n|turn|20\n|inactive|Time left: 300 sec this turn | 300 sec total\n|\n|t:|1783562750\n|move|p2a: Noivern|Boomburst|p1a: Toxapex\n|-damage|p1a: Toxapex|120/216\n|move|p1a: Toxapex|Toxic Spikes|p2a: Noivern\n|-sidestart|p2: p0y1966fdbc|move: Toxic Spikes\n|\n|-heal|p1a: Toxapex|133/216|[from] item: Leftovers\n|upkeep\n|turn|21\n|inactive|Time left: 300 sec this turn | 300 sec total\n|\n|t:|1783562751\n|move|p2a: Noivern|Boomburst|p1a: Toxapex\n|-damage|p1a: Toxapex|30/216\n|move|p1a: Toxapex|Recover|p1a: Toxapex\n|-heal|p1a: Toxapex|138/216\n|\n|-heal|p1a: Toxapex|151/216|[from] item: Leftovers\n|upkeep\n|turn|22\n|inactive|Time left: 300 sec this turn | 300 sec total\n|\n|t:|1783562751\n|move|p2a: Noivern|Boomburst|p1a: Toxapex\n|-damage|p1a: Toxapex|51/216\n|move|p1a: Toxapex|Recover|p1a: Toxapex\n|-heal|p1a: Toxapex|159/216\n|\n|-heal|p1a: Toxapex|172/216|[from] item: Leftovers\n|upkeep\n|turn|23\n|inactive|Time left: 300 sec this turn | 300 sec total\n|\n|t:|1783562752\n|move|p2a: Noivern|Boomburst|p1a: Toxapex\n|-damage|p1a: Toxapex|74/216\n|move|p1a: Toxapex|Recover|p1a: Toxapex\n|-heal|p1a: Toxapex|182/216\n|\n|-heal|p1a: Toxapex|195/216|[from] item: Leftovers\n|upkeep\n|turn|24\n|inactive|Time left: 300 sec this turn | 300 sec total\n|\n|t:|1783562753\n|move|p2a: Noivern|Boomburst|p1a: Toxapex\n|-damage|p1a: Toxapex|93/216\n|move|p1a: Toxapex|Toxic Spikes|p2a: Noivern\n|-sidestart|p2: p0y1966fdbc|move: Toxic Spikes\n|\n|-heal|p1a: Toxapex|106/216|[from] item: Leftovers\n|upkeep\n|turn|25\n|inactive|Time left: 300 sec this turn | 300 sec total\n|\n|t:|1783562754\n|move|p2a: Noivern|Boomburst|p1a: Toxapex\n|-damage|p1a: Toxapex|5/216\n|move|p1a: Toxapex|Recover|p1a: Toxapex\n|-heal|p1a: Toxapex|113/216\n|\n|-heal|p1a: Toxapex|126/216|[from] item: Leftovers\n|upkeep\n|turn|26\n|inactive|Time left: 300 sec this turn | 300 sec total\n|\n|t:|1783562755\n|move|p2a: Noivern|Boomburst|p1a: Toxapex\n|-damage|p1a: Toxapex|31/216\n|move|p1a: Toxapex|Recover|p1a: Toxapex\n|-heal|p1a: Toxapex|139/216\n|\n|-heal|p1a: Toxapex|152/216|[from] item: Leftovers\n|upkeep\n|turn|27\n|inactive|Time left: 300 sec this turn | 300 sec total\n|\n|t:|1783562756\n|move|p2a: Noivern|Boomburst|p1a: Toxapex\n|-damage|p1a: Toxapex|53/216\n|move|p1a: Toxapex|Recover|p1a: Toxapex\n|-heal|p1a: Toxapex|161/216\n|\n|-heal|p1a: Toxapex|174/216|[from] item: Leftovers\n|upkeep\n|turn|28\n|inactive|Time left: 300 sec this turn | 300 sec total\n|\n|t:|1783562757\n|move|p2a: Noivern|Boomburst|p1a: Toxapex\n|-damage|p1a: Toxapex|82/216\n|move|p1a: Toxapex|Recover|p1a: Toxapex\n|-heal|p1a: Toxapex|190/216\n|\n|-heal|p1a: Toxapex|203/216|[from] item: Leftovers\n|upkeep\n|turn|29\n|inactive|Time left: 300 sec this turn | 300 sec total\n|\n|t:|1783562758\n|move|p2a: Noivern|Boomburst|p1a: Toxapex\n|-damage|p1a: Toxapex|106/216\n|move|p1a: Toxapex|Recover|p1a: Toxapex\n|-heal|p1a: Toxapex|214/216\n|\n|-heal|p1a: Toxapex|216/216|[from] item: Leftovers\n|upkeep\n|turn|30\n|inactive|Time left: 300 sec this turn | 300 sec total\n|\n|t:|1783562759\n|move|p2a: Noivern|Boomburst|p1a: Toxapex\n|-damage|p1a: Toxapex|126/216\n|move|p1a: Toxapex|Liquidation|p2a: Noivern\n|-resisted|p2a: Noivern\n|-damage|p2a: Noivern|42/100\n|\n|-heal|p1a: Toxapex|139/216|[from] item: Leftovers\n|upkeep\n|turn|31\n|inactive|Time left: 300 sec this turn | 300 sec total\n|\n|t:|1783562761\n|switch|p1a: Manaphy|Manaphy, L78, tera:Grass|134/284\n|move|p2a: Noivern|Boomburst|p1a: Manaphy\n|-damage|p1a: Manaphy|4/284\n|\n|-heal|p1a: Manaphy|21/284|[from] item: Leftovers\n|upkeep\n|turn|32\n|inactive|Time left: 300 sec this turn | 300 sec total\n|\n|t:|1783562762\n|move|p2a: Noivern|Boomburst|p1a: Manaphy\n|-damage|p1a: Manaphy|0 fnt\n|faint|p1a: Manaphy\n|\n|upkeep\n|inactive|Time left: 300 sec this turn | 300 sec total | 5 sec grace\n|\n|t:|1783562763\n|switch|p1a: Toxapex|Toxapex, L82, F|211/216\n|turn|33\n|inactive|Time left: 300 sec this turn | 300 sec total\n|\n|t:|1783562764\n|move|p2a: Noivern|Boomburst|p1a: Toxapex\n|-damage|p1a: Toxapex|115/216\n|move|p1a: Toxapex|Liquidation|p2a: Noivern\n|-resisted|p2a: Noivern\n|-damage|p2a: Noivern|29/100\n|\n|-heal|p1a: Toxapex|128/216|[from] item: Leftovers\n|upkeep\n|turn|34\n|inactive|Time left: 300 sec this turn | 300 sec total\n|\n|t:|1783562765\n|switch|p1a: Armarouge|Armarouge, L80, F|209/267\n|move|p2a: Noivern|Boomburst|p1a: Armarouge\n|-damage|p1a: Armarouge|47/267\n|\n|upkeep\n|turn|35\n|inactive|Time left: 300 sec this turn | 300 sec total\n|\n|t:|1783562766\n|switch|p2a: Calyrex|Calyrex, L93|58/100\n|-ability|p2a: Calyrex|Unnerve\n|-status|p2a: Calyrex|tox\n|move|p1a: Armarouge|Armor Cannon|p2a: Calyrex\n|-supereffective|p2a: Calyrex\n|-damage|p2a: Calyrex|0 fnt\n|-unboost|p1a: Armarouge|def|1\n|-unboost|p1a: Armarouge|spd|1\n|faint|p2a: Calyrex\n|\n|upkeep\n|\n|t:|1783562767\n|switch|p2a: Stonjourner|Stonjourner, L91, M, tera:Ground|22/100\n|-status|p2a: Stonjourner|tox\n|turn|36\n|inactive|Time left: 300 sec this turn | 300 sec total\n|\n|t:|1783562768\n|move|p2a: Stonjourner|Earthquake|p1a: Armarouge\n|-supereffective|p1a: Armarouge\n|-damage|p1a: Armarouge|0 fnt\n|faint|p1a: Armarouge\n|-damage|p2a: Stonjourner|12/100 tox|[from] item: Life Orb\n|\n|-damage|p2a: Stonjourner|6/100 tox|[from] psn\n|upkeep\n|inactive|Time left: 300 sec this turn | 300 sec total | 5 sec grace\n|\n|t:|1783562769\n|switch|p1a: Toxapex|Toxapex, L82, F|200/216\n|turn|37\n|inactive|Time left: 300 sec this turn | 300 sec total\n|\n|t:|1783562770\n|move|p2a: Stonjourner|Earthquake|p1a: Toxapex\n|-supereffective|p1a: Toxapex\n|-damage|p1a: Toxapex|0 fnt\n|faint|p1a: Toxapex\n|-damage|p2a: Stonjourner|0 fnt|[from] item: Life Orb\n|faint|p2a: Stonjourner\n|\n|win|p0y1966fdbc", "uploadtime": 1783562770, "views": 0, "rating": 0, "private": 0, "password": null, "_winner": "p0y1966fdbc", "_our_name": "p0x1966fb04"}