{"id": "battle-gen9randombattle-573", "formatid": "gen9randombattle", "format": "[Gen 9] Random Battle", "players": ["p0x57390e7", "p0y5731c60"], "log": "|init|battle\n|title|p0x57390e7 vs. p0y5731c60\n|j|\u2606p0x57390e7\n|j|\u2606p0y5731c60\n|t:|1783545710\n|gametype|singles\n|player|p1|p0x57390e7|2|\n|player|p2|p0y5731c60|266|\n|gen|9\n|tier|[Gen 9] Random Battle\n|rule|Species Clause: Limit one of each Pok\u00e9mon\n|rule|HP Percentage Mod: HP is shown in percentages\n|rule|Sleep Clause Mod: Limit one foe put to sleep\n|rule|Illusion Level Mod: Illusion disguises the Pok\u00e9mon's true level\n|\n|t:|1783545710\n|teamsize|p1|6\n|teamsize|p2|6\n|start\n|switch|p1a: Ogerpon|Ogerpon-Cornerstone, L76, F|247/247\n|switch|p2a: Hatterene|Hatterene, L85, F|100/100\n|turn|1\n|inactive|Battle timer is ON: inactive players will automatically lose when time's up. (requested by p0x57390e7)\n|inactive|p0y5731c60 also wants the timer to be on.\n|\n|t:|1783545712\n|move|p1a: Ogerpon|Ivy Cudgel|p2a: Hatterene|[anim] Ivy Cudgel Rock\n|-damage|p2a: Hatterene|50/100\n|move|p2a: Hatterene|Mystical Fire|p1a: Ogerpon\n|-damage|p1a: Ogerpon|171/247\n|-unboost|p1a: Ogerpon|spa|1\n|\n|upkeep\n|turn|2\n|inactive|Time left: 300 sec this turn | 300 sec total\n|\n|t:|1783545713\n|switch|p2a: Latios|Latios, L78, M|100/100\n|move|p1a: Ogerpon|Ivy Cudgel|p2a: Latios|[anim] Ivy Cudgel Rock\n|-damage|p2a: Latios|40/100\n|\n|upkeep\n|turn|3\n|inactive|Time left: 300 sec this turn | 300 sec total\n|\n|t:|1783545714\n|switch|p1a: Mismagius|Mismagius, L86, M|243/243\n|move|p2a: Latios|Luster Purge|p1a: Mismagius\n|-damage|p1a: Mismagius|89/243\n|\n|-heal|p1a: Mismagius|104/243|[from] item: Leftovers\n|upkeep\n|turn|4\n|inactive|Time left: 300 sec this turn | 300 sec total\n|\n|t:|1783545715\n|move|p1a: Mismagius|Shadow Ball|p2a: Latios\n|-supereffective|p2a: Latios\n|-damage|p2a: Latios|0 fnt\n|faint|p2a: Latios\n|\n|-heal|p1a: Mismagius|119/243|[from] item: Leftovers\n|upkeep\n|\n|t:|1783545717\n|switch|p2a: Venusaur|Venusaur, L84, M|100/100\n|turn|5\n|inactive|Time left: 300 sec this turn | 300 sec total\n|\n|t:|1783545718\n|move|p1a: Mismagius|Shadow Ball|p2a: Venusaur\n|-crit|p2a: Venusaur\n|-damage|p2a: Venusaur|55/100\n|move|p2a: Venusaur|Knock Off|p1a: Mismagius\n|-supereffective|p1a: Mismagius\n|-damage|p1a: Mismagius|0 fnt\n|-enditem|p1a: Mismagius|Leftovers|[from] move: Knock Off|[of] p2a: Venusaur\n|faint|p1a: Mismagius\n|\n|-heal|p2a: Venusaur|62/100|[from] item: Leftovers\n|upkeep\n|inactive|Time left: 300 sec this turn | 300 sec total | 5 sec grace\n|\n|t:|1783545720\n|switch|p1a: Lucario|Lucario, L84, F|255/255\n|turn|6\n|inactive|Time left: 300 sec this turn | 300 sec total\n|\n|t:|1783545721\n|move|p1a: Lucario|Swords Dance|p1a: Lucario\n|-boost|p1a: Lucario|atk|2\n|move|p2a: Venusaur|Synthesis|p2a: Venusaur\n|-heal|p2a: Venusaur|100/100\n|\n|upkeep\n|turn|7\n|inactive|Time left: 300 sec this turn | 300 sec total\n|\n|t:|1783545722\n|switch|p2a: Skarmory|Skarmory, L80, M|100/100\n|move|p1a: Lucario|Meteor Mash|p2a: Skarmory\n|-resisted|p2a: Skarmory\n|-damage|p2a: Skarmory|55/100\n|-damage|p1a: Lucario|213/255|[from] item: Rocky Helmet|[of] p2a: Skarmory\n|-damage|p1a: Lucario|188/255|[from] item: Life Orb\n|\n|upkeep\n|turn|8\n|inactive|Time left: 300 sec this turn | 300 sec total\n|\n|t:|1783545722\n|switch|p2a: Hatterene|Hatterene, L85, F|50/100\n|move|p1a: Lucario|Close Combat|p2a: Hatterene\n|-resisted|p2a: Hatterene\n|-damage|p2a: Hatterene|17/100\n|-unboost|p1a: Lucario|def|1\n|-unboost|p1a: Lucario|spd|1\n|-damage|p1a: Lucario|163/255|[from] item: Life Orb\n|\n|upkeep\n|turn|9\n|inactive|Time left: 300 sec this turn | 300 sec total\n|\n|t:|1783545724\n|move|p1a: Lucario|Meteor Mash|p2a: Hatterene\n|-supereffective|p2a: Hatterene\n|-damage|p2a: Hatterene|0 fnt\n|faint|p2a: Hatterene\n|-damage|p1a: Lucario|138/255|[from] item: Life Orb\n|\n|upkeep\n|\n|t:|1783545724\n|switch|p2a: Volbeat|Volbeat, L90, M|100/100\n|turn|10\n|inactive|Time left: 300 sec this turn | 300 sec total\n|\n|t:|1783545725\n|move|p2a: Volbeat|Lunge|p1a: Lucario\n|-resisted|p1a: Lucario\n|-damage|p1a: Lucario|104/255\n|-unboost|p1a: Lucario|atk|1\n|move|p1a: Lucario|Meteor Mash|p2a: Volbeat|[miss]\n|-miss|p1a: Lucario|p2a: Volbeat\n|\n|upkeep\n|turn|11\n|inactive|Time left: 300 sec this turn | 300 sec total\n|\n|t:|1783545727\n|move|p2a: Volbeat|Lunge|p1a: Lucario\n|-resisted|p1a: Lucario\n|-damage|p1a: Lucario|71/255\n|-unboost|p1a: Lucario|atk|1\n|move|p1a: Lucario|Swords Dance|p1a: Lucario\n|-boost|p1a: Lucario|atk|2\n|\n|upkeep\n|turn|12\n|inactive|Time left: 300 sec this turn | 300 sec total\n|\n|t:|1783545727\n|move|p1a: Lucario|Extreme Speed|p2a: Volbeat\n|-damage|p2a: Volbeat|37/100\n|-damage|p1a: Lucario|46/255|[from] item: Life Orb\n|move|p2a: Volbeat|Lunge|p1a: Lucario\n|-resisted|p1a: Lucario\n|-damage|p1a: Lucario|13/255\n|-unboost|p1a: Lucario|atk|1\n|\n|upkeep\n|turn|13\n|inactive|Time left: 300 sec this turn | 300 sec total\n|\n|t:|1783545728\n|move|p1a: Lucario|Extreme Speed|p2a: Volbeat\n|-damage|p2a: Volbeat|0 fnt\n|faint|p2a: Volbeat\n|-damage|p1a: Lucario|0 fnt|[from] item: Life Orb\n|faint|p1a: Lucario\n|\n|upkeep\n|inactive|Time left: 300 sec this turn | 300 sec total | 5 sec grace\n|\n|t:|1783545729\n|switch|p2a: Skarmory|Skarmory, L80, M|55/100\n|switch|p1a: Vikavolt|Vikavolt, L83, F|263/263\n|turn|14\n|inactive|Time left: 300 sec this turn | 300 sec total\n|\n|t:|1783545730\n|move|p2a: Skarmory|Roost|p2a: Skarmory\n|-heal|p2a: Skarmory|100/100\n|-singleturn|p2a: Skarmory|move: Roost\n|move|p1a: Vikavolt|Discharge|p2a: Skarmory\n|-damage|p2a: Skarmory|35/100\n|\n|upkeep\n|turn|15\n|inactive|Time left: 300 sec this turn | 300 sec total\n|\n|t:|1783545731\n|move|p2a: Skarmory|Roost|p2a: Skarmory\n|-heal|p2a: Skarmory|86/100\n|-singleturn|p2a: Skarmory|move: Roost\n|move|p1a: Vikavolt|Sticky Web|p2a: Skarmory\n|-sidestart|p2: p0y5731c60|move: Sticky Web\n|\n|upkeep\n|turn|16\n|inactive|Time left: 300 sec this turn | 300 sec total\n|\n|t:|1783545732\n|switch|p2a: Venusaur|Venusaur, L84, M|100/100\n|-activate|p2a: Venusaur|move: Sticky Web\n|-unboost|p2a: Venusaur|spe|1\n|move|p1a: Vikavolt|Discharge|p2a: Venusaur\n|-resisted|p2a: Venusaur\n|-damage|p2a: Venusaur|81/100\n|\n|-heal|p2a: Venusaur|87/100|[from] item: Leftovers\n|upkeep\n|turn|17\n|inactive|Time left: 300 sec this turn | 300 sec total\n|\n|t:|1783545733\n|move|p2a: Venusaur|Sludge Bomb|p1a: Vikavolt\n|-damage|p1a: Vikavolt|155/263\n|-status|p1a: Vikavolt|psn\n|move|p1a: Vikavolt|Bug Buzz|p2a: Venusaur\n|-damage|p2a: Venusaur|44/100\n|\n|-heal|p2a: Venusaur|50/100|[from] item: Leftovers\n|-damage|p1a: Vikavolt|123/263 psn|[from] psn\n|upkeep\n|turn|18\n|inactive|Time left: 300 sec this turn | 300 sec total\n|\n|t:|1783545735\n|switch|p1a: Articuno|Articuno, L86|295/295\n|-ability|p1a: Articuno|Pressure\n|move|p2a: Venusaur|Sludge Bomb|p1a: Articuno\n|-damage|p1a: Articuno|222/295\n|\n|-heal|p2a: Venusaur|56/100|[from] item: Leftovers\n|upkeep\n|turn|19\n|inactive|Time left: 300 sec this turn | 300 sec total\n|\n|t:|1783545736\n|switch|p2a: Skarmory|Skarmory, L80, M|86/100\n|move|p1a: Articuno|Freeze-Dry|p2a: Skarmory\n|-damage|p2a: Skarmory|48/100\n|\n|upkeep\n|turn|20\n|inactive|Time left: 300 sec this turn | 300 sec total\n|\n|t:|1783545737\n|move|p1a: Articuno|Freeze-Dry|p2a: Skarmory\n|-damage|p2a: Skarmory|9/100\n|move|p2a: Skarmory|Roost|p2a: Skarmory\n|-heal|p2a: Skarmory|59/100\n|-singleturn|p2a: Skarmory|move: Roost\n|\n|upkeep\n|turn|21\n|inactive|Time left: 300 sec this turn | 300 sec total\n|\n|t:|1783545738\n|move|p1a: Articuno|Freeze-Dry|p2a: Skarmory\n|-damage|p2a: Skarmory|17/100\n|move|p2a: Skarmory|Roost|p2a: Skarmory\n|-heal|p2a: Skarmory|67/100\n|-singleturn|p2a: Skarmory|move: Roost\n|\n|upkeep\n|turn|22\n|inactive|Time left: 300 sec this turn | 300 sec total\n|\n|t:|1783545739\n|move|p1a: Articuno|Freeze-Dry|p2a: Skarmory\n|-damage|p2a: Skarmory|26/100\n|move|p2a: Skarmory|Roost|p2a: Skarmory\n|-heal|p2a: Skarmory|76/100\n|-singleturn|p2a: Skarmory|move: Roost\n|\n|upkeep\n|turn|23\n|inactive|Time left: 300 sec this turn | 300 sec total\n|\n|t:|1783545740\n|move|p1a: Articuno|Freeze-Dry|p2a: Skarmory\n|-damage|p2a: Skarmory|35/100\n|move|p2a: Skarmory|Roost|p2a: Skarmory\n|-heal|p2a: Skarmory|85/100\n|-singleturn|p2a: Skarmory|move: Roost\n|\n|upkeep\n|turn|24\n|inactive|Time left: 300 sec this turn | 300 sec total\n|\n|t:|1783545741\n|move|p1a: Articuno|Freeze-Dry|p2a: Skarmory\n|-damage|p2a: Skarmory|47/100\n|move|p2a: Skarmory|Roost|p2a: Skarmory\n|-heal|p2a: Skarmory|97/100\n|-singleturn|p2a: Skarmory|move: Roost\n|\n|upkeep\n|turn|25\n|inactive|Time left: 300 sec this turn | 300 sec total\n|\n|t:|1783545743\n|move|p1a: Articuno|Freeze-Dry|p2a: Skarmory\n|-crit|p2a: Skarmory\n|-damage|p2a: Skarmory|40/100\n|move|p2a: Skarmory|Brave Bird|p1a: Articuno\n|-damage|p1a: Articuno|132/295\n|-damage|p2a: Skarmory|28/100|[from] Recoil\n|\n|upkeep\n|turn|26\n|inactive|Time left: 300 sec this turn | 300 sec total\n|\n|t:|1783545744\n|move|p1a: Articuno|Freeze-Dry|p2a: Skarmory\n|-damage|p2a: Skarmory|0 fnt\n|faint|p2a: Skarmory\n|\n|upkeep\n|\n|t:|1783545745\n|switch|p2a: Venusaur|Venusaur, L84, M|56/100\n|-activate|p2a: Venusaur|move: Sticky Web\n|-unboost|p2a: Venusaur|spe|1\n|turn|27\n|inactive|Time left: 300 sec this turn | 300 sec total\n|\n|t:|1783545746\n|move|p1a: Articuno|Roost|p1a: Articuno\n|-heal|p1a: Articuno|280/295\n|-singleturn|p1a: Articuno|move: Roost\n|move|p2a: Venusaur|Synthesis|p2a: Venusaur\n|-heal|p2a: Venusaur|100/100\n|\n|upkeep\n|turn|28\n|inactive|Time left: 300 sec this turn | 300 sec total\n|\n|t:|1783545747\n|move|p1a: Articuno|Brave Bird|p2a: Venusaur\n|-supereffective|p2a: Venusaur\n|-damage|p2a: Venusaur|14/100\n|-damage|p1a: Articuno|203/295|[from] Recoil\n|move|p2a: Venusaur|Toxic|p1a: Articuno\n|-status|p1a: Articuno|tox\n|\n|-heal|p2a: Venusaur|21/100|[from] item: Leftovers\n|-damage|p1a: Articuno|185/295 tox|[from] psn\n|upkeep\n|turn|29\n|inactive|Time left: 300 sec this turn | 300 sec total\n|\n|t:|1783545748\n|switch|p2a: Dudunsparce|Dudunsparce-Three-Segment, L83, F|100/100\n|-activate|p2a: Dudunsparce|move: Sticky Web\n|-unboost|p2a: Dudunsparce|spe|1\n|move|p1a: Articuno|Freeze-Dry|p2a: Dudunsparce\n|-damage|p2a: Dudunsparce|76/100\n|\n|-heal|p2a: Dudunsparce|82/100|[from] item: Leftovers\n|-damage|p1a: Articuno|149/295 tox|[from] psn\n|upkeep\n|turn|30\n|inactive|Time left: 300 sec this turn | 300 sec total\n|\n|t:|1783545749\n|move|p1a: Articuno|Roost|p1a: Articuno\n|-heal|p1a: Articuno|295/295 tox\n|-singleturn|p1a: Articuno|move: Roost\n|move|p2a: Dudunsparce|Roost|p2a: Dudunsparce\n|-heal|p2a: Dudunsparce|100/100\n|-singleturn|p2a: Dudunsparce|move: Roost\n|\n|-damage|p1a: Articuno|241/295 tox|[from] psn\n|upkeep\n|turn|31\n|inactive|Time left: 300 sec this turn | 300 sec total\n|\n|t:|1783545750\n|switch|p1a: Vigoroth|Vigoroth, L85, F|275/275\n|move|p2a: Dudunsparce|Headbutt|p1a: Vigoroth\n|-damage|p1a: Vigoroth|223/275\n|\n|upkeep\n|turn|32\n|inactive|Time left: 300 sec this turn | 300 sec total\n|\n|t:|1783545751\n|move|p1a: Vigoroth|Bulk Up|p1a: Vigoroth\n|-boost|p1a: Vigoroth|atk|1\n|-boost|p1a: Vigoroth|def|1\n|move|p2a: Dudunsparce|Glare|p1a: Vigoroth\n|-status|p1a: Vigoroth|par\n|\n|upkeep\n|turn|33\n|inactive|Time left: 300 sec this turn | 300 sec total\n|\n|t:|1783545752\n|switch|p2a: Venusaur|Venusaur, L84, M|21/100\n|-activate|p2a: Venusaur|move: Sticky Web\n|-unboost|p2a: Venusaur|spe|1\n|cant|p1a: Vigoroth|par\n|\n|-heal|p2a: Venusaur|27/100|[from] item: Leftovers\n|upkeep\n|turn|34\n|inactive|Time left: 300 sec this turn | 300 sec total\n|\n|t:|1783545753\n|move|p2a: Venusaur|Synthesis|p2a: Venusaur\n|-heal|p2a: Venusaur|77/100\n|move|p1a: Vigoroth|Body Slam|p2a: Venusaur\n|-damage|p2a: Venusaur|28/100\n|\n|-heal|p2a: Venusaur|34/100|[from] item: Leftovers\n|upkeep\n|turn|35\n|inactive|Time left: 300 sec this turn | 300 sec total\n|\n|t:|1783545754\n|move|p2a: Venusaur|Synthesis|p2a: Venusaur\n|-heal|p2a: Venusaur|84/100\n|cant|p1a: Vigoroth|par\n|\n|-heal|p2a: Venusaur|91/100|[from] item: Leftovers\n|upkeep\n|turn|36\n|inactive|Time left: 300 sec this turn | 300 sec total\n|\n|t:|1783545755\n|move|p2a: Venusaur|Sludge Bomb|p1a: Vigoroth\n|-damage|p1a: Vigoroth|132/275 par\n|move|p1a: Vigoroth|Body Slam|p2a: Venusaur\n|-damage|p2a: Venusaur|44/100\n|-status|p2a: Venusaur|par\n|\n|-heal|p2a: Venusaur|50/100 par|[from] item: Leftovers\n|upkeep\n|turn|37\n|inactive|Time left: 300 sec this turn | 300 sec total\n|\n|t:|1783545757\n|cant|p1a: Vigoroth|par\n|move|p2a: Venusaur|Knock Off|p1a: Vigoroth\n|-damage|p1a: Vigoroth|105/275 par\n|-enditem|p1a: Vigoroth|Eviolite|[from] move: Knock Off|[of] p2a: Venusaur\n|\n|-heal|p2a: Venusaur|57/100 par|[from] item: Leftovers\n|upkeep\n|turn|38\n|inactive|Time left: 300 sec this turn | 300 sec total\n|\n|t:|1783545758\n|cant|p1a: Vigoroth|par\n|move|p2a: Venusaur|Sludge Bomb|p1a: Vigoroth\n|-damage|p1a: Vigoroth|0 fnt\n|faint|p1a: Vigoroth\n|\n|-heal|p2a: Venusaur|63/100 par|[from] item: Leftovers\n|upkeep\n|inactive|Time left: 300 sec this turn | 300 sec total | 5 sec grace\n|\n|t:|1783545759\n|switch|p1a: Articuno|Articuno, L86|241/295 tox\n|-ability|p1a: Articuno|Pressure\n|turn|39\n|inactive|Time left: 300 sec this turn | 300 sec total\n|\n|t:|1783545760\n|move|p1a: Articuno|Brave Bird|p2a: Venusaur\n|-supereffective|p2a: Venusaur\n|-damage|p2a: Venusaur|0 fnt\n|faint|p2a: Venusaur\n|-damage|p1a: Articuno|185/295 tox|[from] Recoil\n|\n|-damage|p1a: Articuno|167/295 tox|[from] psn\n|upkeep\n|\n|t:|1783545761\n|switch|p2a: Dudunsparce|Dudunsparce-Three-Segment, L83, F|100/100\n|-activate|p2a: Dudunsparce|move: Sticky Web\n|-unboost|p2a: Dudunsparce|spe|1\n|turn|40\n|inactive|Time left: 300 sec this turn | 300 sec total\n|\n|t:|1783545762\n|move|p1a: Articuno|Roost|p1a: Articuno\n|-heal|p1a: Articuno|295/295 tox\n|-singleturn|p1a: Articuno|move: Roost\n|move|p2a: Dudunsparce|Headbutt|p1a: Articuno\n|-damage|p1a: Articuno|231/295 tox\n|\n|-damage|p1a: Articuno|195/295 tox|[from] psn\n|upkeep\n|turn|41\n|inactive|Time left: 300 sec this turn | 300 sec total\n|\n|t:|1783545763\n|move|p1a: Articuno|Roost|p1a: Articuno\n|-heal|p1a: Articuno|295/295 tox\n|-singleturn|p1a: Articuno|move: Roost\n|move|p2a: Dudunsparce|Earthquake|p1a: Articuno\n|-damage|p1a: Articuno|229/295 tox\n|\n|-damage|p1a: Articuno|175/295 tox|[from] psn\n|upkeep\n|turn|42\n|inactive|Time left: 300 sec this turn | 300 sec total\n|\n|t:|1783545764\n|move|p1a: Articuno|Freeze-Dry|p2a: Dudunsparce\n|-damage|p2a: Dudunsparce|73/100\n|move|p2a: Dudunsparce|Headbutt|p1a: Articuno\n|-damage|p1a: Articuno|112/295 tox\n|\n|-heal|p2a: Dudunsparce|80/100|[from] item: Leftovers\n|-damage|p1a: Articuno|40/295 tox|[from] psn\n|upkeep\n|turn|43\n|inactive|Time left: 300 sec this turn | 300 sec total\n|\n|t:|1783545765\n|move|p1a: Articuno|Brave Bird|p2a: Dudunsparce\n|-damage|p2a: Dudunsparce|43/100\n|-damage|p1a: Articuno|0 fnt|[from] Recoil\n|faint|p1a: Articuno\n|move|p2a: Dudunsparce|Roost|p2a: Dudunsparce\n|-heal|p2a: Dudunsparce|94/100\n|-singleturn|p2a: Dudunsparce|move: Roost\n|\n|-heal|p2a: Dudunsparce|99/100|[from] item: Leftovers\n|upkeep\n|inactive|Time left: 300 sec this turn | 300 sec total | 5 sec grace\n|\n|t:|1783545766\n|switch|p1a: Ogerpon|Ogerpon-Cornerstone, L76, F|171/247\n|turn|44\n|inactive|Time left: 300 sec this turn | 300 sec total\n|\n|t:|1783545767\n|move|p1a: Ogerpon|Power Whip|p2a: Dudunsparce\n|-damage|p2a: Dudunsparce|52/100\n|move|p2a: Dudunsparce|Roost|p2a: Dudunsparce\n|-heal|p2a: Dudunsparce|100/100\n|-singleturn|p2a: Dudunsparce|move: Roost\n|\n|upkeep\n|turn|45\n|inactive|Time left: 300 sec this turn | 300 sec total\n|\n|t:|1783545768\n|move|p1a: Ogerpon|Power Whip|p2a: Dudunsparce\n|-damage|p2a: Dudunsparce|53/100\n|move|p2a: Dudunsparce|Roost|p2a: Dudunsparce\n|-heal|p2a: Dudunsparce|100/100\n|-singleturn|p2a: Dudunsparce|move: Roost\n|\n|upkeep\n|turn|46\n|inactive|Time left: 300 sec this turn | 300 sec total\n|\n|t:|1783545769\n|move|p1a: Ogerpon|Power Whip|p2a: Dudunsparce\n|-damage|p2a: Dudunsparce|56/100\n|move|p2a: Dudunsparce|Roost|p2a: Dudunsparce\n|-heal|p2a: Dudunsparce|100/100\n|-singleturn|p2a: Dudunsparce|move: Roost\n|\n|upkeep\n|turn|47\n|inactive|Time left: 300 sec this turn | 300 sec total\n|\n|t:|1783545770\n|move|p1a: Ogerpon|Power Whip|p2a: Dudunsparce\n|-damage|p2a: Dudunsparce|53/100\n|move|p2a: Dudunsparce|Earthquake|p1a: Ogerpon\n|-damage|p1a: Ogerpon|90/247\n|\n|-heal|p2a: Dudunsparce|59/100|[from] item: Leftovers\n|upkeep\n|turn|48\n|inactive|Time left: 300 sec this turn | 300 sec total\n|\n|t:|1783545771\n|-terastallize|p1a: Ogerpon|Rock\n|detailschange|p1a: Ogerpon|Ogerpon-Cornerstone-Tera, L76, F, tera:Rock\n|-ability|p1a: Ogerpon|Embody Aspect (Cornerstone)|boost\n|-boost|p1a: Ogerpon|def|1\n|move|p1a: Ogerpon|Ivy Cudgel|p2a: Dudunsparce|[anim] Ivy Cudgel Rock\n|-damage|p2a: Dudunsparce|7/100\n|move|p2a: Dudunsparce|Roost|p2a: Dudunsparce\n|-heal|p2a: Dudunsparce|58/100\n|-singleturn|p2a: Dudunsparce|move: Roost\n|\n|-heal|p2a: Dudunsparce|64/100|[from] item: Leftovers\n|upkeep\n|turn|49\n|inactive|Time left: 300 sec this turn | 300 sec total\n|\n|t:|1783545772\n|move|p1a: Ogerpon|Ivy Cudgel|p2a: Dudunsparce|[anim] Ivy Cudgel Rock\n|-damage|p2a: Dudunsparce|15/100\n|move|p2a: Dudunsparce|Roost|p2a: Dudunsparce\n|-heal|p2a: Dudunsparce|66/100\n|-singleturn|p2a: Dudunsparce|move: Roost\n|\n|-heal|p2a: Dudunsparce|72/100|[from] item: Leftovers\n|upkeep\n|turn|50\n|inactive|Time left: 300 sec this turn | 300 sec total\n|\n|t:|1783545773\n|move|p1a: Ogerpon|Ivy Cudgel|p2a: Dudunsparce|[anim] Ivy Cudgel Rock\n|-crit|p2a: Dudunsparce\n|-damage|p2a: Dudunsparce|0 fnt\n|faint|p2a: Dudunsparce\n|\n|win|p0x57390e7", "uploadtime": 1783545773, "views": 0, "rating": 0, "private": 0, "password": null, "_winner": "p0x57390e7", "_our_name": "p0x57390e7"}