{"id": "battle-gen9randombattle-175", "formatid": "gen9randombattle", "format": "[Gen 9] Random Battle", "players": ["p0x1759f25", "p0y175fa35"], "log": "|init|battle\n|title|p0x1759f25 vs. p0y175fa35\n|j|\u2606p0x1759f25\n|j|\u2606p0y175fa35\n|t:|1783541606\n|gametype|singles\n|player|p1|p0x1759f25|265|\n|player|p2|p0y175fa35|2|\n|gen|9\n|tier|[Gen 9] Random Battle\n|rule|Species Clause: Limit one of each Pok\u00e9mon\n|rule|HP Percentage Mod: HP is shown in percentages\n|rule|Sleep Clause Mod: Limit one foe put to sleep\n|rule|Illusion Level Mod: Illusion disguises the Pok\u00e9mon's true level\n|\n|t:|1783541606\n|teamsize|p1|6\n|teamsize|p2|6\n|start\n|switch|p1a: Cresselia|Cresselia, L80, F|100/100\n|switch|p2a: Heracross|Heracross, L80, F|259/259\n|turn|1\n|inactive|Battle timer is ON: inactive players will automatically lose when time's up. (requested by p0x1759f25)\n|inactive|Time left: 300 sec this turn | 300 sec total | 60 sec grace\n|inactive|p0y175fa35 also wants the timer to be on.\n|\n|t:|1783541608\n|move|p2a: Heracross|Knock Off|p1a: Cresselia\n|-supereffective|p1a: Cresselia\n|-damage|p1a: Cresselia|56/100\n|-enditem|p1a: Cresselia|Leftovers|[from] move: Knock Off|[of] p2a: Heracross\n|move|p1a: Cresselia|Moonblast|p2a: Heracross\n|-supereffective|p2a: Heracross\n|-damage|p2a: Heracross|153/259\n|\n|-status|p2a: Heracross|brn|[from] item: Flame Orb\n|upkeep\n|turn|2\n|inactive|Time left: 300 sec this turn | 300 sec total\n|\n|t:|1783541609\n|-terastallize|p2a: Heracross|Normal\n|move|p1a: Cresselia|Psyshock|p2a: Heracross\n|-damage|p2a: Heracross|72/259 brn\n|move|p2a: Heracross|Facade|p1a: Cresselia\n|-damage|p1a: Cresselia|0 fnt\n|faint|p1a: Cresselia\n|\n|-damage|p2a: Heracross|56/259 brn|[from] brn\n|upkeep\n|\n|t:|1783541610\n|switch|p1a: Koraidon|Koraidon, L64|100/100\n|-weather|SunnyDay|[from] ability: Orichalcum Pulse|[of] p1a: Koraidon\n|-activate|p1a: Koraidon|Orichalcum Pulse|[source]\n|turn|3\n|inactive|Time left: 300 sec this turn | 300 sec total\n|\n|t:|1783541612\n|switch|p2a: Slowbro|Slowbro, L85, M|300/300\n|move|p1a: Koraidon|Outrage|p2a: Slowbro\n|-damage|p2a: Slowbro|147/300\n|\n|-weather|SunnyDay|[upkeep]\n|-heal|p2a: Slowbro|165/300|[from] item: Leftovers\n|upkeep\n|turn|4\n|inactive|Time left: 300 sec this turn | 300 sec total\n|\n|t:|1783541613\n|switch|p2a: Magearna|Magearna, L77|250/250\n|move|p1a: Koraidon|Outrage|p2a: Magearna|[from] lockedmove\n|-immune|p2a: Magearna\n|-start|p1a: Koraidon|confusion|[fatigue]\n|\n|-weather|SunnyDay|[upkeep]\n|upkeep\n|turn|5\n|inactive|Time left: 300 sec this turn | 300 sec total\n|\n|t:|1783541614\n|switch|p1a: Stantler|Stantler, L92, F|100/100\n|-ability|p1a: Stantler|Intimidate|boost\n|-unboost|p2a: Magearna|atk|1\n|move|p2a: Magearna|Shift Gear|p2a: Magearna\n|-boost|p2a: Magearna|spe|2\n|-boost|p2a: Magearna|atk|1\n|\n|-weather|SunnyDay|[upkeep]\n|upkeep\n|turn|6\n|inactive|Time left: 300 sec this turn | 300 sec total\n|\n|t:|1783541615\n|move|p2a: Magearna|Fleur Cannon|p1a: Stantler|[miss]\n|-miss|p2a: Magearna|p1a: Stantler\n|move|p1a: Stantler|Calm Mind|p1a: Stantler\n|-boost|p1a: Stantler|spa|1\n|-boost|p1a: Stantler|spd|1\n|\n|-weather|SunnyDay|[upkeep]\n|upkeep\n|turn|7\n|inactive|Time left: 300 sec this turn | 300 sec total\n|\n|t:|1783541616\n|move|p2a: Magearna|Shift Gear|p2a: Magearna\n|-boost|p2a: Magearna|spe|2\n|-boost|p2a: Magearna|atk|1\n|move|p1a: Stantler|Earth Power|p2a: Magearna\n|-supereffective|p2a: Magearna\n|-damage|p2a: Magearna|72/250\n|-unboost|p2a: Magearna|spd|1\n|-enditem|p2a: Magearna|Weakness Policy\n|-boost|p2a: Magearna|atk|2|[from] item: Weakness Policy\n|-boost|p2a: Magearna|spa|2|[from] item: Weakness Policy\n|\n|-weather|none\n|upkeep\n|turn|8\n|inactive|Time left: 300 sec this turn | 300 sec total\n|\n|t:|1783541617\n|move|p2a: Magearna|Iron Head|p1a: Stantler\n|-damage|p1a: Stantler|49/100\n|move|p1a: Stantler|Shadow Ball|p2a: Magearna\n|-damage|p2a: Magearna|0 fnt\n|faint|p2a: Magearna\n|\n|upkeep\n|inactive|Time left: 300 sec this turn | 300 sec total | 5 sec grace\n|\n|t:|1783541618\n|switch|p2a: Samurott|Samurott-Hisui, L77, M|265/265\n|turn|9\n|inactive|Time left: 300 sec this turn | 300 sec total\n|\n|t:|1783541619\n|-terastallize|p1a: Stantler|Fairy\n|move|p1a: Stantler|Tera Blast|p2a: Samurott|[anim] Tera Blast Fairy\n|-supereffective|p2a: Samurott\n|-damage|p2a: Samurott|0 fnt\n|faint|p2a: Samurott\n|\n|upkeep\n|inactive|Time left: 300 sec this turn | 300 sec total | 5 sec grace\n|\n|t:|1783541620\n|switch|p2a: Venomoth|Venomoth, L84, F|255/255\n|turn|10\n|inactive|Time left: 300 sec this turn | 300 sec total\n|\n|t:|1783541621\n|move|p1a: Stantler|Shadow Ball|p2a: Venomoth\n|-damage|p2a: Venomoth|161/255\n|move|p2a: Venomoth|Quiver Dance|p2a: Venomoth\n|-boost|p2a: Venomoth|spa|1\n|-boost|p2a: Venomoth|spd|1\n|-boost|p2a: Venomoth|spe|1\n|\n|upkeep\n|turn|11\n|inactive|Time left: 300 sec this turn | 300 sec total\n|\n|t:|1783541622\n|switch|p1a: Houndstone|Houndstone, L86, M|100/100\n|move|p2a: Venomoth|Sludge Wave|p1a: Houndstone\n|-resisted|p1a: Houndstone\n|-damage|p1a: Houndstone|66/100\n|-status|p1a: Houndstone|psn\n|\n|-damage|p1a: Houndstone|54/100 psn|[from] psn\n|upkeep\n|turn|12\n|inactive|Time left: 300 sec this turn | 300 sec total\n|\n|t:|1783541623\n|move|p2a: Venomoth|Sludge Wave|p1a: Houndstone\n|-resisted|p1a: Houndstone\n|-damage|p1a: Houndstone|21/100 psn\n|move|p1a: Houndstone|Poltergeist|p2a: Venomoth\n|-activate|p2a: Venomoth|move: Poltergeist|Heavy-Duty Boots\n|-damage|p2a: Venomoth|0 fnt\n|faint|p2a: Venomoth\n|\n|-damage|p1a: Houndstone|8/100 psn|[from] psn\n|upkeep\n|inactive|Time left: 300 sec this turn | 300 sec total | 5 sec grace\n|\n|t:|1783541624\n|switch|p2a: Heracross|Heracross, L80, F, tera:Normal|56/259 brn\n|turn|13\n|inactive|Time left: 300 sec this turn | 300 sec total\n|\n|t:|1783541625\n|move|p2a: Heracross|Trailblaze|p1a: Houndstone\n|-damage|p1a: Houndstone|0 fnt\n|-boost|p2a: Heracross|spe|1\n|faint|p1a: Houndstone\n|\n|-damage|p2a: Heracross|40/259 brn|[from] brn\n|upkeep\n|\n|t:|1783541626\n|switch|p1a: Stantler|Stantler, L92, F, tera:Fairy|49/100\n|-ability|p1a: Stantler|Intimidate|boost\n|-unboost|p2a: Heracross|atk|1\n|turn|14\n|inactive|Time left: 300 sec this turn | 300 sec total\n|\n|t:|1783541627\n|move|p2a: Heracross|Facade|p1a: Stantler\n|-damage|p1a: Stantler|6/100\n|move|p1a: Stantler|Earth Power|p2a: Heracross\n|-damage|p2a: Heracross|0 fnt\n|faint|p2a: Heracross\n|\n|upkeep\n|inactive|Time left: 300 sec this turn | 300 sec total | 5 sec grace\n|\n|t:|1783541628\n|switch|p2a: Slowbro|Slowbro, L85, M|265/300\n|turn|15\n|inactive|Time left: 300 sec this turn | 300 sec total\n|\n|t:|1783541629\n|move|p1a: Stantler|Shadow Ball|p2a: Slowbro\n|-supereffective|p2a: Slowbro\n|-damage|p2a: Slowbro|145/300\n|move|p2a: Slowbro|Iron Defense|p2a: Slowbro\n|-boost|p2a: Slowbro|def|2\n|\n|-heal|p2a: Slowbro|163/300|[from] item: Leftovers\n|upkeep\n|turn|16\n|inactive|Time left: 300 sec this turn | 300 sec total\n|\n|t:|1783541630\n|move|p1a: Stantler|Shadow Ball|p2a: Slowbro\n|-supereffective|p2a: Slowbro\n|-damage|p2a: Slowbro|25/300\n|move|p2a: Slowbro|Slack Off|p2a: Slowbro\n|-heal|p2a: Slowbro|175/300\n|\n|-heal|p2a: Slowbro|193/300|[from] item: Leftovers\n|upkeep\n|turn|17\n|inactive|Time left: 300 sec this turn | 300 sec total\n|\n|t:|1783541631\n|move|p1a: Stantler|Shadow Ball|p2a: Slowbro\n|-supereffective|p2a: Slowbro\n|-damage|p2a: Slowbro|63/300\n|move|p2a: Slowbro|Slack Off|p2a: Slowbro\n|-heal|p2a: Slowbro|213/300\n|\n|-heal|p2a: Slowbro|231/300|[from] item: Leftovers\n|upkeep\n|turn|18\n|inactive|Time left: 300 sec this turn | 300 sec total\n|\n|t:|1783541632\n|move|p1a: Stantler|Shadow Ball|p2a: Slowbro\n|-supereffective|p2a: Slowbro\n|-damage|p2a: Slowbro|91/300\n|move|p2a: Slowbro|Scald|p1a: Stantler\n|-damage|p1a: Stantler|0 fnt\n|faint|p1a: Stantler\n|\n|-heal|p2a: Slowbro|109/300|[from] item: Leftovers\n|upkeep\n|\n|t:|1783541634\n|switch|p1a: Baxcalibur|Baxcalibur, L75, M|100/100\n|turn|19\n|inactive|Time left: 300 sec this turn | 300 sec total\n|\n|t:|1783541635\n|move|p1a: Baxcalibur|Glaive Rush|p2a: Slowbro\n|-damage|p2a: Slowbro|22/300\n|-singlemove|p1a: Baxcalibur|Glaive Rush|[silent]\n|move|p2a: Slowbro|Slack Off|p2a: Slowbro\n|-heal|p2a: Slowbro|172/300\n|\n|-heal|p2a: Slowbro|190/300|[from] item: Leftovers\n|upkeep\n|turn|20\n|inactive|Time left: 300 sec this turn | 300 sec total\n|\n|t:|1783541636\n|move|p1a: Baxcalibur|Glaive Rush|p2a: Slowbro\n|-damage|p2a: Slowbro|94/300\n|-singlemove|p1a: Baxcalibur|Glaive Rush|[silent]\n|move|p2a: Slowbro|Body Press|p1a: Baxcalibur\n|-supereffective|p1a: Baxcalibur\n|-damage|p1a: Baxcalibur|0 fnt\n|faint|p1a: Baxcalibur\n|\n|-heal|p2a: Slowbro|112/300|[from] item: Leftovers\n|upkeep\n|\n|t:|1783541637\n|switch|p1a: Koraidon|Koraidon, L64|100/100\n|-weather|SunnyDay|[from] ability: Orichalcum Pulse|[of] p1a: Koraidon\n|-activate|p1a: Koraidon|Orichalcum Pulse|[source]\n|turn|21\n|inactive|Time left: 300 sec this turn | 300 sec total\n|\n|t:|1783541638\n|move|p1a: Koraidon|Outrage|p2a: Slowbro\n|-damage|p2a: Slowbro|24/300\n|move|p2a: Slowbro|Slack Off|p2a: Slowbro\n|-heal|p2a: Slowbro|174/300\n|\n|-weather|SunnyDay|[upkeep]\n|-heal|p2a: Slowbro|192/300|[from] item: Leftovers\n|upkeep\n|turn|22\n|inactive|Time left: 300 sec this turn | 300 sec total\n|\n|t:|1783541639\n|move|p1a: Koraidon|Outrage|p2a: Slowbro|[from] lockedmove\n|-damage|p2a: Slowbro|117/300\n|-start|p1a: Koraidon|confusion|[fatigue]\n|move|p2a: Slowbro|Slack Off|p2a: Slowbro\n|-heal|p2a: Slowbro|267/300\n|\n|-weather|SunnyDay|[upkeep]\n|-heal|p2a: Slowbro|285/300|[from] item: Leftovers\n|upkeep\n|turn|23\n|inactive|Time left: 300 sec this turn | 300 sec total\n|\n|t:|1783541640\n|-activate|p1a: Koraidon|confusion\n|move|p1a: Koraidon|Outrage|p2a: Slowbro\n|-damage|p2a: Slowbro|204/300\n|move|p2a: Slowbro|Body Press|p1a: Koraidon\n|-damage|p1a: Koraidon|46/100\n|\n|-weather|SunnyDay|[upkeep]\n|-heal|p2a: Slowbro|222/300|[from] item: Leftovers\n|upkeep\n|turn|24\n|inactive|Time left: 300 sec this turn | 300 sec total\n|\n|t:|1783541641\n|-activate|p1a: Koraidon|confusion\n|-damage|p1a: Koraidon|37/100|[from] confusion\n|move|p2a: Slowbro|Slack Off|p2a: Slowbro\n|-heal|p2a: Slowbro|300/300\n|\n|-weather|SunnyDay|[upkeep]\n|upkeep\n|turn|25\n|inactive|Time left: 300 sec this turn | 300 sec total\n|\n|t:|1783541642\n|-activate|p1a: Koraidon|confusion\n|move|p1a: Koraidon|Outrage|p2a: Slowbro\n|-damage|p2a: Slowbro|218/300\n|move|p2a: Slowbro|Body Press|p1a: Koraidon\n|-damage|p1a: Koraidon|0 fnt\n|faint|p1a: Koraidon\n|\n|-weather|none\n|-heal|p2a: Slowbro|236/300|[from] item: Leftovers\n|upkeep\n|\n|t:|1783541643\n|switch|p1a: Sawsbuck|Sawsbuck-Autumn, L88, F|100/100\n|turn|26\n|inactive|Time left: 300 sec this turn | 300 sec total\n|\n|t:|1783541644\n|move|p1a: Sawsbuck|Horn Leech|p2a: Slowbro\n|-supereffective|p2a: Slowbro\n|-damage|p2a: Slowbro|142/300\n|-damage|p1a: Sawsbuck|91/100|[from] item: Life Orb\n|move|p2a: Slowbro|Body Press|p1a: Sawsbuck\n|-supereffective|p1a: Sawsbuck\n|-damage|p1a: Sawsbuck|0 fnt\n|faint|p1a: Sawsbuck\n|\n|win|p0y175fa35", "uploadtime": 1783541644, "views": 0, "rating": 0, "private": 0, "password": null, "_winner": "p0y175fa35", "_our_name": "p0y175fa35"}