{"id": "battle-gen9randombattle-1718", "formatid": "gen9randombattle", "format": "[Gen 9] Random Battle", "players": ["p0x17184ba7", "p0y17188fc3"], "log": "|init|battle\n|title|p0x17184ba7 vs. p0y17188fc3\n|j|\u2606p0x17184ba7\n|j|\u2606p0y17188fc3\n|t:|1783559875\n|gametype|singles\n|player|p1|p0x17184ba7|102|\n|player|p2|p0y17188fc3|1|\n|gen|9\n|tier|[Gen 9] Random Battle\n|rule|Species Clause: Limit one of each Pok\u00e9mon\n|rule|HP Percentage Mod: HP is shown in percentages\n|rule|Sleep Clause Mod: Limit one foe put to sleep\n|rule|Illusion Level Mod: Illusion disguises the Pok\u00e9mon's true level\n|\n|t:|1783559875\n|teamsize|p1|6\n|teamsize|p2|6\n|start\n|switch|p1a: Azelf|Azelf, L82|100/100\n|switch|p2a: Alomomola|Alomomola, L87, M|429/429\n|turn|1\n|inactive|Battle timer is ON: inactive players will automatically lose when time's up. (requested by p0x17184ba7)\n|inactive|Time left: 300 sec this turn | 300 sec total | 60 sec grace\n|inactive|p0y17188fc3 also wants the timer to be on.\n|\n|t:|1783559877\n|move|p1a: Azelf|Stealth Rock|p2a: Alomomola\n|-sidestart|p2: p0y17188fc3|move: Stealth Rock\n|move|p2a: Alomomola|Flip Turn|p1a: Azelf\n|-damage|p1a: Azelf|76/100\n|inactive|Time left: 300 sec this turn | 300 sec total | 65 sec grace\n|\n|t:|1783559878\n|switch|p2a: Electivire|Electivire, L84, M|263/263|[from] Flip Turn\n|-damage|p2a: Electivire|231/263|[from] Stealth Rock\n|\n|upkeep\n|turn|2\n|inactive|Time left: 300 sec this turn | 300 sec total\n|\n|t:|1783559879\n|move|p1a: Azelf|Psychic|p2a: Electivire\n|-damage|p2a: Electivire|114/263\n|move|p2a: Electivire|Knock Off|p1a: Azelf\n|-supereffective|p1a: Azelf\n|-damage|p1a: Azelf|0 fnt\n|-enditem|p1a: Azelf|Focus Sash|[from] move: Knock Off|[of] p2a: Electivire\n|faint|p1a: Azelf\n|-damage|p2a: Electivire|88/263|[from] item: Life Orb\n|\n|upkeep\n|\n|t:|1783559880\n|switch|p1a: Brambleghast|Brambleghast, L88, M|100/100\n|turn|3\n|inactive|Time left: 300 sec this turn | 300 sec total\n|\n|t:|1783559882\n|move|p1a: Brambleghast|Power Whip|p2a: Electivire\n|-damage|p2a: Electivire|0 fnt\n|faint|p2a: Electivire\n|\n|upkeep\n|inactive|Time left: 300 sec this turn | 300 sec total | 5 sec grace\n|\n|t:|1783559883\n|switch|p2a: Alomomola|Alomomola, L87, M|429/429\n|-damage|p2a: Alomomola|376/429|[from] Stealth Rock\n|turn|4\n|inactive|Time left: 300 sec this turn | 300 sec total\n|\n|t:|1783559884\n|move|p2a: Alomomola|Protect|p2a: Alomomola\n|-singleturn|p2a: Alomomola|Protect\n|move|p1a: Brambleghast|Power Whip|p2a: Alomomola\n|-activate|p2a: Alomomola|move: Protect\n|\n|upkeep\n|turn|5\n|inactive|Time left: 300 sec this turn | 300 sec total\n|\n|t:|1783559885\n|move|p1a: Brambleghast|Spikes|p2a: Alomomola\n|-sidestart|p2: p0y17188fc3|Spikes\n|move|p2a: Alomomola|Flip Turn|p1a: Brambleghast\n|-resisted|p1a: Brambleghast\n|-damage|p1a: Brambleghast|88/100\n|inactive|Time left: 300 sec this turn | 300 sec total | 5 sec grace\n|\n|t:|1783559885\n|switch|p2a: Lumineon|Lumineon, L93, F|279/279|[from] Flip Turn\n|\n|-heal|p1a: Brambleghast|94/100|[from] item: Leftovers\n|upkeep\n|turn|6\n|inactive|Time left: 300 sec this turn | 300 sec total\n|\n|t:|1783559887\n|move|p2a: Lumineon|Ice Beam|p1a: Brambleghast\n|-supereffective|p1a: Brambleghast\n|-damage|p1a: Brambleghast|42/100\n|move|p1a: Brambleghast|Power Whip|p2a: Lumineon\n|-supereffective|p2a: Lumineon\n|-damage|p2a: Lumineon|0 fnt\n|faint|p2a: Lumineon\n|\n|-heal|p1a: Brambleghast|48/100|[from] item: Leftovers\n|upkeep\n|inactive|Time left: 300 sec this turn | 300 sec total | 5 sec grace\n|\n|t:|1783559888\n|switch|p2a: Espeon|Espeon, L84, F|246/246\n|-damage|p2a: Espeon|216/246|[from] Stealth Rock\n|-damage|p2a: Espeon|186/246|[from] Spikes\n|turn|7\n|inactive|Time left: 300 sec this turn | 300 sec total\n|\n|t:|1783559889\n|switch|p1a: Lokix|Lokix, L82, F|100/100\n|move|p2a: Espeon|Shadow Ball|p1a: Lokix\n|-resisted|p1a: Lokix\n|-damage|p1a: Lokix|75/100\n|-damage|p2a: Espeon|162/246|[from] item: Life Orb\n|\n|upkeep\n|turn|8\n|inactive|Time left: 300 sec this turn | 300 sec total\n|\n|t:|1783559890\n|-terastallize|p2a: Espeon|Fairy\n|move|p1a: Lokix|First Impression|p2a: Espeon\n|-resisted|p2a: Espeon\n|-damage|p2a: Espeon|10/246\n|move|p2a: Espeon|Alluring Voice|p1a: Lokix\n|-supereffective|p1a: Lokix\n|-damage|p1a: Lokix|0 fnt\n|faint|p1a: Lokix\n|-damage|p2a: Espeon|0 fnt|[from] item: Life Orb\n|faint|p2a: Espeon\n|\n|upkeep\n|inactive|Time left: 300 sec this turn | 300 sec total | 5 sec grace\n|\n|t:|1783559891\n|switch|p2a: Alomomola|Alomomola, L87, M|429/429\n|switch|p1a: Brambleghast|Brambleghast, L88, M|48/100\n|-damage|p2a: Alomomola|376/429|[from] Stealth Rock\n|-damage|p2a: Alomomola|323/429|[from] Spikes\n|turn|9\n|inactive|Time left: 300 sec this turn | 300 sec total\n|\n|t:|1783559892\n|move|p2a: Alomomola|Protect|p2a: Alomomola\n|-singleturn|p2a: Alomomola|Protect\n|move|p1a: Brambleghast|Power Whip|p2a: Alomomola\n|-activate|p2a: Alomomola|move: Protect\n|\n|-heal|p1a: Brambleghast|54/100|[from] item: Leftovers\n|upkeep\n|turn|10\n|inactive|Time left: 300 sec this turn | 300 sec total\n|\n|t:|1783559893\n|move|p2a: Alomomola|Protect||[still]\n|-fail|p2a: Alomomola\n|move|p1a: Brambleghast|Power Whip|p2a: Alomomola\n|-supereffective|p2a: Alomomola\n|-damage|p2a: Alomomola|0 fnt\n|-damage|p1a: Brambleghast|38/100|[from] item: Rocky Helmet|[of] p2a: Alomomola\n|faint|p2a: Alomomola\n|\n|-heal|p1a: Brambleghast|44/100|[from] item: Leftovers\n|upkeep\n|inactive|Time left: 300 sec this turn | 300 sec total | 5 sec grace\n|\n|t:|1783559894\n|switch|p2a: Pachirisu|Pachirisu, L96, M|271/271\n|-damage|p2a: Pachirisu|238/271|[from] Stealth Rock\n|-damage|p2a: Pachirisu|205/271|[from] Spikes\n|turn|11\n|inactive|Time left: 300 sec this turn | 300 sec total\n|\n|t:|1783559895\n|move|p2a: Pachirisu|Nuzzle|p1a: Brambleghast\n|-resisted|p1a: Brambleghast\n|-damage|p1a: Brambleghast|40/100\n|-status|p1a: Brambleghast|par\n|move|p1a: Brambleghast|Strength Sap|p2a: Pachirisu\n|-unboost|p2a: Pachirisu|atk|1\n|-heal|p1a: Brambleghast|99/100 par\n|\n|-heal|p1a: Brambleghast|100/100 par|[from] item: Leftovers\n|upkeep\n|turn|12\n|inactive|Time left: 300 sec this turn | 300 sec total\n|\n|t:|1783559896\n|move|p2a: Pachirisu|Super Fang|p1a: Brambleghast\n|-immune|p1a: Brambleghast\n|move|p1a: Brambleghast|Power Whip|p2a: Pachirisu\n|-damage|p2a: Pachirisu|34/271\n|\n|upkeep\n|turn|13\n|inactive|Time left: 300 sec this turn | 300 sec total\n|\n|t:|1783559897\n|move|p2a: Pachirisu|Super Fang|p1a: Brambleghast\n|-immune|p1a: Brambleghast\n|move|p1a: Brambleghast|Poltergeist|p2a: Pachirisu\n|-activate|p2a: Pachirisu|move: Poltergeist|Assault Vest\n|-damage|p2a: Pachirisu|0 fnt\n|faint|p2a: Pachirisu\n|\n|upkeep\n|inactive|Time left: 300 sec this turn | 300 sec total | 5 sec grace\n|\n|t:|1783559898\n|switch|p2a: Ditto|Ditto, L87|225/225\n|-damage|p2a: Ditto|197/225|[from] Stealth Rock\n|-damage|p2a: Ditto|169/225|[from] Spikes\n|-transform|p2a: Ditto|p1a: Brambleghast|[from] ability: Imposter\n|turn|14\n|inactive|Time left: 300 sec this turn | 300 sec total\n|\n|t:|1783559899\n|switch|p1a: Charizard|Charizard, L85, F|100/100\n|move|p2a: Ditto|Strength Sap|p1a: Charizard\n|-unboost|p1a: Charizard|atk|1\n|-heal|p2a: Ditto|225/225\n|\n|upkeep\n|turn|15\n|inactive|Time left: 300 sec this turn | 300 sec total\n|\n|t:|1783559900\n|move|p2a: Ditto|Strength Sap|p1a: Charizard\n|-unboost|p1a: Charizard|atk|1\n|move|p1a: Charizard|Flamethrower|p2a: Ditto\n|-supereffective|p2a: Ditto\n|-damage|p2a: Ditto|0 fnt\n|faint|p2a: Ditto\n|\n|win|p0x17184ba7", "uploadtime": 1783559900, "views": 0, "rating": 0, "private": 0, "password": null, "_winner": "p0x17184ba7", "_our_name": "p0y17188fc3"}