{"id": "battle-gen9randombattle-117", "formatid": "gen9randombattle", "format": "[Gen 9] Random Battle", "players": ["p0x1177af5", "p0y117c30f"], "log": "|init|battle\n|title|p0x1177af5 vs. p0y117c30f\n|j|\u2606p0x1177af5\n|j|\u2606p0y117c30f\n|t:|1783540851\n|gametype|singles\n|player|p1|p0x1177af5|265|\n|player|p2|p0y117c30f|170|\n|gen|9\n|tier|[Gen 9] Random Battle\n|rule|Species Clause: Limit one of each Pok\u00e9mon\n|rule|HP Percentage Mod: HP is shown in percentages\n|rule|Sleep Clause Mod: Limit one foe put to sleep\n|rule|Illusion Level Mod: Illusion disguises the Pok\u00e9mon's true level\n|\n|t:|1783540851\n|teamsize|p1|6\n|teamsize|p2|6\n|start\n|switch|p1a: Ludicolo|Ludicolo, L90, M|100/100\n|switch|p2a: Morpeko|Morpeko, L88, F|245/245\n|turn|1\n|inactive|Battle timer is ON: inactive players will automatically lose when time's up. (requested by p0x1177af5)\n|inactive|Time left: 300 sec this turn | 300 sec total | 60 sec grace\n|\n|t:|1783540852\n|move|p2a: Morpeko|Parting Shot|p1a: Ludicolo\n|-unboost|p1a: Ludicolo|atk|1\n|-unboost|p1a: Ludicolo|spa|1\n|inactive|Time left: 300 sec this turn | 300 sec total | 65 sec grace\n|inactive|p0y117c30f also wants the timer to be on.\n|\n|t:|1783540853\n|switch|p2a: Cresselia|Cresselia, L80, F|323/323|[from] Parting Shot\n|move|p1a: Ludicolo|Hydro Pump|p2a: Cresselia\n|-damage|p2a: Cresselia|237/323\n|-damage|p1a: Ludicolo|90/100|[from] item: Life Orb\n|\n|-heal|p2a: Cresselia|257/323|[from] item: Leftovers\n|upkeep\n|turn|2\n|inactive|Time left: 300 sec this turn | 300 sec total\n|\n|t:|1783540855\n|switch|p1a: Lurantis|Lurantis, L87, M|100/100\n|move|p2a: Cresselia|Calm Mind|p2a: Cresselia\n|-boost|p2a: Cresselia|spa|1\n|-boost|p2a: Cresselia|spd|1\n|\n|-heal|p2a: Cresselia|277/323|[from] item: Leftovers\n|upkeep\n|turn|3\n|inactive|Time left: 300 sec this turn | 300 sec total\n|\n|t:|1783540856\n|move|p2a: Cresselia|Psyshock|p1a: Lurantis\n|-damage|p1a: Lurantis|66/100\n|move|p1a: Lurantis|Superpower|p2a: Cresselia\n|-resisted|p2a: Cresselia\n|-damage|p2a: Cresselia|238/323\n|-boost|p1a: Lurantis|atk|1\n|-boost|p1a: Lurantis|def|1\n|\n|-heal|p2a: Cresselia|258/323|[from] item: Leftovers\n|-heal|p1a: Lurantis|72/100|[from] item: Leftovers\n|upkeep\n|turn|4\n|inactive|Time left: 300 sec this turn | 300 sec total\n|\n|t:|1783540857\n|move|p2a: Cresselia|Calm Mind|p2a: Cresselia\n|-boost|p2a: Cresselia|spa|1\n|-boost|p2a: Cresselia|spd|1\n|move|p1a: Lurantis|Superpower|p2a: Cresselia\n|-resisted|p2a: Cresselia\n|-damage|p2a: Cresselia|198/323\n|-boost|p1a: Lurantis|atk|1\n|-boost|p1a: Lurantis|def|1\n|\n|-heal|p2a: Cresselia|218/323|[from] item: Leftovers\n|-heal|p1a: Lurantis|78/100|[from] item: Leftovers\n|upkeep\n|turn|5\n|inactive|Time left: 300 sec this turn | 300 sec total\n|\n|t:|1783540858\n|move|p2a: Cresselia|Moonlight|p2a: Cresselia\n|-heal|p2a: Cresselia|323/323\n|move|p1a: Lurantis|Leaf Storm|p2a: Cresselia\n|-damage|p2a: Cresselia|268/323\n|-boost|p1a: Lurantis|spa|2\n|\n|-heal|p2a: Cresselia|288/323|[from] item: Leftovers\n|-heal|p1a: Lurantis|84/100|[from] item: Leftovers\n|upkeep\n|turn|6\n|inactive|Time left: 300 sec this turn | 300 sec total\n|\n|t:|1783540859\n|move|p2a: Cresselia|Psyshock|p1a: Lurantis\n|-damage|p1a: Lurantis|63/100\n|move|p1a: Lurantis|Leaf Storm|p2a: Cresselia\n|-damage|p2a: Cresselia|182/323\n|-boost|p1a: Lurantis|spa|2\n|\n|-heal|p2a: Cresselia|202/323|[from] item: Leftovers\n|-heal|p1a: Lurantis|69/100|[from] item: Leftovers\n|upkeep\n|turn|7\n|inactive|Time left: 300 sec this turn | 300 sec total\n|\n|t:|1783540860\n|move|p2a: Cresselia|Psyshock|p1a: Lurantis\n|-damage|p1a: Lurantis|46/100\n|move|p1a: Lurantis|Leaf Storm|p2a: Cresselia\n|-damage|p2a: Cresselia|40/323\n|-boost|p1a: Lurantis|spa|2\n|\n|-heal|p2a: Cresselia|60/323|[from] item: Leftovers\n|-heal|p1a: Lurantis|52/100|[from] item: Leftovers\n|upkeep\n|turn|8\n|inactive|Time left: 300 sec this turn | 300 sec total\n|\n|t:|1783540861\n|move|p2a: Cresselia|Psyshock|p1a: Lurantis\n|-damage|p1a: Lurantis|30/100\n|move|p1a: Lurantis|Superpower|p2a: Cresselia\n|-resisted|p2a: Cresselia\n|-damage|p2a: Cresselia|0 fnt\n|-boost|p1a: Lurantis|atk|1\n|-boost|p1a: Lurantis|def|1\n|faint|p2a: Cresselia\n|\n|-heal|p1a: Lurantis|36/100|[from] item: Leftovers\n|upkeep\n|inactive|Time left: 300 sec this turn | 300 sec total | 5 sec grace\n|\n|t:|1783540862\n|switch|p2a: Toucannon|Toucannon, L88, F|284/284\n|turn|9\n|inactive|Time left: 300 sec this turn | 300 sec total\n|\n|t:|1783540863\n|move|p2a: Toucannon|Boomburst|p1a: Lurantis\n|-damage|p1a: Lurantis|0 fnt\n|faint|p1a: Lurantis\n|\n|upkeep\n|\n|t:|1783540864\n|switch|p1a: Meloetta|Meloetta, L82|100/100\n|turn|10\n|inactive|Time left: 300 sec this turn | 300 sec total\n|\n|t:|1783540865\n|-singleturn|p2a: Toucannon|move: Beak Blast\n|move|p1a: Meloetta|Hyper Voice|p2a: Toucannon\n|-damage|p2a: Toucannon|115/284\n|move|p2a: Toucannon|Beak Blast|p1a: Meloetta\n|-damage|p1a: Meloetta|49/100\n|\n|upkeep\n|turn|11\n|inactive|Time left: 300 sec this turn | 300 sec total\n|\n|t:|1783540866\n|switch|p2a: Drednaw|Drednaw, L81, F|278/278\n|move|p1a: Meloetta|Hyper Voice|p2a: Drednaw\n|-resisted|p2a: Drednaw\n|-damage|p2a: Drednaw|173/278\n|\n|upkeep\n|turn|12\n|inactive|Time left: 300 sec this turn | 300 sec total\n|\n|t:|1783540867\n|move|p1a: Meloetta|Hyper Voice|p2a: Drednaw\n|-resisted|p2a: Drednaw\n|-damage|p2a: Drednaw|62/278\n|move|p2a: Drednaw|Shell Smash|p2a: Drednaw\n|-unboost|p2a: Drednaw|def|1\n|-unboost|p2a: Drednaw|spd|1\n|-boost|p2a: Drednaw|atk|2\n|-boost|p2a: Drednaw|spa|2\n|-boost|p2a: Drednaw|spe|2\n|-enditem|p2a: Drednaw|White Herb\n|-clearnegativeboost|p2a: Drednaw|[silent]\n|\n|upkeep\n|turn|13\n|inactive|Time left: 300 sec this turn | 300 sec total\n|\n|t:|1783540868\n|move|p2a: Drednaw|Earthquake|p1a: Meloetta\n|-damage|p1a: Meloetta|0 fnt\n|faint|p1a: Meloetta\n|\n|upkeep\n|\n|t:|1783540869\n|switch|p1a: Samurott|Samurott, L88, M|100/100\n|turn|14\n|inactive|Time left: 300 sec this turn | 300 sec total\n|\n|t:|1783540870\n|move|p2a: Drednaw|Stone Edge|p1a: Samurott\n|-damage|p1a: Samurott|26/100\n|move|p1a: Samurott|Flip Turn|p2a: Drednaw\n|-damage|p2a: Drednaw|0 fnt\n|faint|p2a: Drednaw\n|\n|t:|1783540871\n|switch|p1a: Gallade|Gallade, L80, M|100/100|[from] Flip Turn\n|\n|upkeep\n|inactive|Time left: 300 sec this turn | 300 sec total | 10 sec grace\n|\n|t:|1783540872\n|switch|p2a: Morpeko|Morpeko, L88, F|245/245\n|turn|15\n|inactive|Time left: 300 sec this turn | 300 sec total\n|\n|t:|1783540873\n|move|p1a: Gallade|Sacred Sword|p2a: Morpeko\n|-supereffective|p2a: Morpeko\n|-damage|p2a: Morpeko|0 fnt\n|faint|p2a: Morpeko\n|\n|upkeep\n|inactive|Time left: 300 sec this turn | 300 sec total | 5 sec grace\n|\n|t:|1783540874\n|switch|p2a: Chesnaught|Chesnaught, L84, F|285/285\n|turn|16\n|inactive|Time left: 300 sec this turn | 300 sec total\n|\n|t:|1783540875\n|move|p1a: Gallade|Sacred Sword|p2a: Chesnaught\n|-damage|p2a: Chesnaught|167/285\n|-damage|p1a: Gallade|84/100|[from] item: Rocky Helmet|[of] p2a: Chesnaught\n|move|p2a: Chesnaught|Synthesis|p2a: Chesnaught\n|-heal|p2a: Chesnaught|285/285\n|\n|upkeep\n|turn|17\n|inactive|Time left: 300 sec this turn | 300 sec total\n|\n|t:|1783540876\n|move|p1a: Gallade|Sacred Sword|p2a: Chesnaught\n|-damage|p2a: Chesnaught|149/285\n|-damage|p1a: Gallade|67/100|[from] item: Rocky Helmet|[of] p2a: Chesnaught\n|move|p2a: Chesnaught|Wood Hammer|p1a: Gallade\n|-damage|p1a: Gallade|0 fnt\n|faint|p1a: Gallade\n|-damage|p2a: Chesnaught|96/285|[from] Recoil\n|\n|upkeep\n|\n|t:|1783540877\n|switch|p1a: Samurott|Samurott, L88, M|26/100\n|turn|18\n|inactive|Time left: 300 sec this turn | 300 sec total\n|\n|t:|1783540878\n|move|p1a: Samurott|Hydro Pump|p2a: Chesnaught\n|-resisted|p2a: Chesnaught\n|-damage|p2a: Chesnaught|0 fnt\n|faint|p2a: Chesnaught\n|\n|upkeep\n|inactive|Time left: 300 sec this turn | 300 sec total | 5 sec grace\n|\n|t:|1783540879\n|switch|p2a: Iron Thorns|Iron Thorns, L83|302/302\n|turn|19\n|inactive|Time left: 300 sec this turn | 300 sec total\n|\n|t:|1783540880\n|-terastallize|p2a: Iron Thorns|Flying\n|move|p1a: Samurott|Hydro Pump|p2a: Iron Thorns\n|-damage|p2a: Iron Thorns|73/302\n|move|p2a: Iron Thorns|Volt Switch|p1a: Samurott\n|-supereffective|p1a: Samurott\n|-damage|p1a: Samurott|0 fnt\n|faint|p1a: Samurott\n|inactive|Time left: 300 sec this turn | 300 sec total | 5 sec grace\n|\n|t:|1783540881\n|-end|p2a: Iron Thorns|Quark Drive|[silent]\n|switch|p2a: Toucannon|Toucannon, L88, F|115/284|[from] Volt Switch\n|\n|upkeep\n|\n|t:|1783540882\n|switch|p1a: Ludicolo|Ludicolo, L90, M|90/100\n|turn|20\n|inactive|Time left: 300 sec this turn | 300 sec total\n|\n|t:|1783540883\n|-terastallize|p1a: Ludicolo|Grass\n|move|p1a: Ludicolo|Ice Beam|p2a: Toucannon\n|-supereffective|p2a: Toucannon\n|-damage|p2a: Toucannon|0 fnt\n|faint|p2a: Toucannon\n|-damage|p1a: Ludicolo|80/100|[from] item: Life Orb\n|\n|upkeep\n|inactive|Time left: 300 sec this turn | 300 sec total | 5 sec grace\n|\n|t:|1783540883\n|switch|p2a: Iron Thorns|Iron Thorns, L83, tera:Flying|73/302\n|turn|21\n|inactive|Time left: 300 sec this turn | 300 sec total\n|\n|t:|1783540884\n|move|p1a: Ludicolo|Ice Beam|p2a: Iron Thorns\n|-supereffective|p2a: Iron Thorns\n|-damage|p2a: Iron Thorns|0 fnt\n|faint|p2a: Iron Thorns\n|-end|p2a: Iron Thorns|Quark Drive|[silent]\n|-damage|p1a: Ludicolo|70/100|[from] item: Life Orb\n|\n|win|p0x1177af5", "uploadtime": 1783540884, "views": 0, "rating": 0, "private": 0, "password": null, "_winner": "p0x1177af5", "_our_name": "p0y117c30f"}