{"id": "battle-gen9randombattle-65", "formatid": "gen9randombattle", "format": "[Gen 9] Random Battle", "players": ["p0x0650ecd", "p0y06586b9"], "log": "|init|battle\n|title|p0x0650ecd vs. p0y06586b9\n|j|\u2606p0x0650ecd\n|j|\u2606p0y06586b9\n|t:|1783539943\n|gametype|singles\n|player|p1|p0x0650ecd|101|\n|player|p2|p0y06586b9|266|\n|gen|9\n|tier|[Gen 9] Random Battle\n|rule|Species Clause: Limit one of each Pok\u00e9mon\n|rule|HP Percentage Mod: HP is shown in percentages\n|rule|Sleep Clause Mod: Limit one foe put to sleep\n|rule|Illusion Level Mod: Illusion disguises the Pok\u00e9mon's true level\n|\n|t:|1783539943\n|teamsize|p1|6\n|teamsize|p2|6\n|start\n|switch|p1a: Arceus|Arceus-Poison, L70|100/100\n|switch|p2a: Sylveon|Sylveon, L85, M|300/300\n|turn|1\n|inactive|Battle timer is ON: inactive players will automatically lose when time's up. (requested by p0y06586b9)\n|inactive|p0x0650ecd also wants the timer to be on.\n|\n|t:|1783539944\n|switch|p2a: Arbok|Arbok, L87, M|246/246\n|-ability|p2a: Arbok|Intimidate|boost\n|-unboost|p1a: Arceus|atk|1\n|move|p1a: Arceus|Gunk Shot|p2a: Arbok\n|-resisted|p2a: Arbok\n|-damage|p2a: Arbok|198/246\n|\n|-heal|p2a: Arbok|213/246|[from] item: Leftovers\n|upkeep\n|turn|2\n|inactive|Time left: 300 sec this turn | 300 sec total\n|\n|t:|1783539946\n|move|p1a: Arceus|Swords Dance|p1a: Arceus\n|-boost|p1a: Arceus|atk|2\n|move|p2a: Arbok|Coil|p2a: Arbok\n|-boost|p2a: Arbok|atk|1\n|-boost|p2a: Arbok|def|1\n|-boost|p2a: Arbok|accuracy|1\n|\n|-heal|p2a: Arbok|228/246|[from] item: Leftovers\n|upkeep\n|turn|3\n|inactive|Time left: 300 sec this turn | 300 sec total\n|\n|t:|1783539947\n|-terastallize|p1a: Arceus|Ground\n|-terastallize|p2a: Arbok|Ground\n|move|p1a: Arceus|Earthquake|p2a: Arbok\n|-damage|p2a: Arbok|120/246\n|move|p2a: Arbok|Earthquake|p1a: Arceus\n|-damage|p1a: Arceus|47/100\n|\n|-heal|p2a: Arbok|135/246|[from] item: Leftovers\n|upkeep\n|turn|4\n|inactive|Time left: 300 sec this turn | 300 sec total\n|\n|t:|1783539948\n|move|p1a: Arceus|Earthquake|p2a: Arbok\n|-damage|p2a: Arbok|41/246\n|move|p2a: Arbok|Earthquake|p1a: Arceus\n|-damage|p1a: Arceus|0 fnt\n|faint|p1a: Arceus\n|\n|-heal|p2a: Arbok|56/246|[from] item: Leftovers\n|upkeep\n|\n|t:|1783539949\n|switch|p1a: Arcanine|Arcanine, L84, F|100/100\n|-ability|p1a: Arcanine|Intimidate|boost\n|-unboost|p2a: Arbok|atk|1\n|turn|5\n|inactive|Time left: 300 sec this turn | 300 sec total\n|\n|t:|1783539950\n|switch|p2a: Slowking|Slowking, L88, F|310/310\n|move|p1a: Arcanine|Flare Blitz|p2a: Slowking\n|-resisted|p2a: Slowking\n|-damage|p2a: Slowking|241/310\n|-damage|p1a: Arcanine|93/100|[from] Recoil\n|\n|upkeep\n|turn|6\n|inactive|Time left: 300 sec this turn | 300 sec total\n|\n|t:|1783539952\n|move|p1a: Arcanine|Flare Blitz|p2a: Slowking\n|-resisted|p2a: Slowking\n|-damage|p2a: Slowking|171/310\n|-damage|p1a: Arcanine|85/100|[from] Recoil\n|move|p2a: Slowking|Scald|p1a: Arcanine\n|-supereffective|p1a: Arcanine\n|-crit|p1a: Arcanine\n|-damage|p1a: Arcanine|0 fnt\n|faint|p1a: Arcanine\n|\n|upkeep\n|\n|t:|1783539953\n|switch|p1a: Luxray|Luxray, L88, F|100/100\n|-ability|p1a: Luxray|Intimidate|boost\n|-unboost|p2a: Slowking|atk|1\n|turn|7\n|inactive|Time left: 300 sec this turn | 300 sec total\n|\n|t:|1783539954\n|switch|p2a: Lurantis|Lurantis, L87, M|264/264\n|move|p1a: Luxray|Ice Fang|p2a: Lurantis\n|-supereffective|p2a: Lurantis\n|-crit|p2a: Lurantis\n|-damage|p2a: Lurantis|94/264\n|\n|-heal|p2a: Lurantis|110/264|[from] item: Leftovers\n|upkeep\n|turn|8\n|inactive|Time left: 300 sec this turn | 300 sec total\n|\n|t:|1783539955\n|switch|p2a: Excadrill|Excadrill, L79, F|303/303\n|-ability|p2a: Excadrill|Mold Breaker\n|move|p1a: Luxray|Ice Fang|p2a: Excadrill\n|-damage|p2a: Excadrill|221/303\n|\n|-heal|p2a: Excadrill|239/303|[from] item: Leftovers\n|upkeep\n|turn|9\n|inactive|Time left: 300 sec this turn | 300 sec total\n|\n|t:|1783539956\n|switch|p1a: Umbreon|Umbreon, L84, M|100/100\n|move|p2a: Excadrill|Swords Dance|p2a: Excadrill\n|-boost|p2a: Excadrill|atk|2\n|\n|-heal|p2a: Excadrill|257/303|[from] item: Leftovers\n|upkeep\n|turn|10\n|inactive|Time left: 300 sec this turn | 300 sec total\n|\n|t:|1783539957\n|move|p2a: Excadrill|Iron Head|p1a: Umbreon\n|-damage|p1a: Umbreon|46/100\n|cant|p1a: Umbreon|flinch\n|\n|-heal|p2a: Excadrill|275/303|[from] item: Leftovers\n|-heal|p1a: Umbreon|52/100|[from] item: Leftovers\n|upkeep\n|turn|11\n|inactive|Time left: 300 sec this turn | 300 sec total\n|\n|t:|1783539958\n|move|p1a: Umbreon|Protect|p1a: Umbreon\n|-singleturn|p1a: Umbreon|Protect\n|move|p2a: Excadrill|Earthquake|p1a: Umbreon\n|-activate|p1a: Umbreon|move: Protect\n|\n|-heal|p2a: Excadrill|293/303|[from] item: Leftovers\n|-heal|p1a: Umbreon|58/100|[from] item: Leftovers\n|upkeep\n|turn|12\n|inactive|Time left: 300 sec this turn | 300 sec total\n|\n|t:|1783539959\n|move|p1a: Umbreon|Protect||[still]\n|-fail|p1a: Umbreon\n|move|p2a: Excadrill|Earthquake|p1a: Umbreon\n|-damage|p1a: Umbreon|0 fnt\n|faint|p1a: Umbreon\n|\n|-heal|p2a: Excadrill|303/303|[from] item: Leftovers\n|upkeep\n|\n|t:|1783539960\n|switch|p1a: Illumise|Illumise, L91, F|100/100\n|turn|13\n|inactive|Time left: 300 sec this turn | 300 sec total\n|\n|t:|1783539961\n|move|p1a: Illumise|Encore|p2a: Excadrill\n|-start|p2a: Excadrill|Encore\n|move|p2a: Excadrill|Earthquake|p1a: Illumise\n|-resisted|p1a: Illumise\n|-damage|p1a: Illumise|54/100\n|\n|upkeep\n|turn|14\n|inactive|Time left: 300 sec this turn | 300 sec total\n|\n|t:|1783539962\n|move|p1a: Illumise|Roost|p1a: Illumise\n|-heal|p1a: Illumise|100/100\n|-singleturn|p1a: Illumise|move: Roost\n|move|p2a: Excadrill|Earthquake|p1a: Illumise\n|-resisted|p1a: Illumise\n|-damage|p1a: Illumise|54/100\n|\n|upkeep\n|turn|15\n|inactive|Time left: 300 sec this turn | 300 sec total\n|\n|t:|1783539963\n|move|p1a: Illumise|Roost|p1a: Illumise\n|-heal|p1a: Illumise|100/100\n|-singleturn|p1a: Illumise|move: Roost\n|move|p2a: Excadrill|Earthquake|p1a: Illumise\n|-resisted|p1a: Illumise\n|-damage|p1a: Illumise|53/100\n|\n|-end|p2a: Excadrill|Encore\n|upkeep\n|turn|16\n|inactive|Time left: 300 sec this turn | 300 sec total\n|\n|t:|1783539964\n|move|p1a: Illumise|Roost|p1a: Illumise\n|-heal|p1a: Illumise|100/100\n|-singleturn|p1a: Illumise|move: Roost\n|move|p2a: Excadrill|Iron Head|p1a: Illumise\n|-damage|p1a: Illumise|22/100\n|\n|upkeep\n|turn|17\n|inactive|Time left: 300 sec this turn | 300 sec total\n|\n|t:|1783539965\n|move|p1a: Illumise|Encore|p2a: Excadrill\n|-start|p2a: Excadrill|Encore\n|move|p2a: Excadrill|Iron Head|p1a: Illumise\n|-damage|p1a: Illumise|0 fnt\n|faint|p1a: Illumise\n|\n|upkeep\n|\n|t:|1783539966\n|switch|p1a: Luxray|Luxray, L88, F|100/100\n|-ability|p1a: Luxray|Intimidate|boost\n|-unboost|p2a: Excadrill|atk|1\n|turn|18\n|inactive|Time left: 300 sec this turn | 300 sec total\n|\n|t:|1783539967\n|move|p2a: Excadrill|Iron Head|p1a: Luxray\n|-resisted|p1a: Luxray\n|-damage|p1a: Luxray|73/100\n|cant|p1a: Luxray|flinch\n|\n|upkeep\n|turn|19\n|inactive|Time left: 300 sec this turn | 300 sec total\n|\n|t:|1783539968\n|move|p2a: Excadrill|Iron Head|p1a: Luxray\n|-resisted|p1a: Luxray\n|-damage|p1a: Luxray|46/100\n|move|p1a: Luxray|Play Rough|p2a: Excadrill\n|-resisted|p2a: Excadrill\n|-damage|p2a: Excadrill|240/303\n|\n|-heal|p2a: Excadrill|258/303|[from] item: Leftovers\n|-end|p2a: Excadrill|Encore\n|upkeep\n|turn|20\n|inactive|Time left: 300 sec this turn | 300 sec total\n|\n|t:|1783539969\n|move|p2a: Excadrill|Earthquake|p1a: Luxray\n|-supereffective|p1a: Luxray\n|-damage|p1a: Luxray|0 fnt\n|faint|p1a: Luxray\n|\n|-heal|p2a: Excadrill|276/303|[from] item: Leftovers\n|upkeep\n|\n|t:|1783539970\n|switch|p1a: Electrode|Electrode-Hisui, L87|100/100\n|turn|21\n|inactive|Time left: 300 sec this turn | 300 sec total\n|\n|t:|1783539971\n|move|p1a: Electrode|Leech Seed|p2a: Excadrill\n|-start|p2a: Excadrill|move: Leech Seed\n|move|p2a: Excadrill|Earthquake|p1a: Electrode\n|-crit|p1a: Electrode\n|-damage|p1a: Electrode|0 fnt\n|faint|p1a: Electrode\n|\n|win|p0y06586b9", "uploadtime": 1783539971, "views": 0, "rating": 0, "private": 0, "password": null, "_winner": "p0y06586b9", "_our_name": "p0y06586b9"}