{"id": "battle-gen9randombattle-1735", "formatid": "gen9randombattle", "format": "[Gen 9] Random Battle", "players": ["p0x17354718", "p0y17358f80"], "log": "|init|battle\n|title|p0x17354718 vs. p0y17358f80\n|j|\u2606p0x17354718\n|j|\u2606p0y17358f80\n|t:|1783559299\n|gametype|singles\n|player|p1|p0x17354718|1|\n|player|p2|p0y17358f80|169|\n|gen|9\n|tier|[Gen 9] Random Battle\n|rule|Species Clause: Limit one of each Pok\u00e9mon\n|rule|HP Percentage Mod: HP is shown in percentages\n|rule|Sleep Clause Mod: Limit one foe put to sleep\n|rule|Illusion Level Mod: Illusion disguises the Pok\u00e9mon's true level\n|\n|t:|1783559299\n|teamsize|p1|6\n|teamsize|p2|6\n|start\n|switch|p1a: Klawf|Klawf, L90, F|272/272\n|switch|p2a: Tsareena|Tsareena, L87, F|100/100\n|turn|1\n|inactive|Battle timer is ON: inactive players will automatically lose when time's up. (requested by p0x17354718)\n|inactive|p0y17358f80 also wants the timer to be on.\n|\n|t:|1783559300\n|move|p1a: Klawf|Knock Off|p2a: Tsareena\n|-damage|p2a: Tsareena|71/100\n|-enditem|p2a: Tsareena|Assault Vest|[from] move: Knock Off|[of] p1a: Klawf\n|move|p2a: Tsareena|Power Whip|p1a: Klawf|[miss]\n|-miss|p2a: Tsareena|p1a: Klawf\n|\n|upkeep\n|turn|2\n|inactive|Time left: 300 sec this turn | 300 sec total\n|\n|t:|1783559302\n|switch|p1a: Slaking|Slaking, L84, M|389/389\n|move|p2a: Tsareena|Power Whip|p1a: Slaking|[miss]\n|-miss|p2a: Tsareena|p1a: Slaking\n|\n|upkeep\n|turn|3\n|inactive|Time left: 300 sec this turn | 300 sec total\n|\n|t:|1783559303\n|move|p1a: Slaking|Giga Impact|p2a: Tsareena\n|-damage|p2a: Tsareena|0 fnt\n|-mustrecharge|p1a: Slaking\n|faint|p2a: Tsareena\n|\n|upkeep\n|\n|t:|1783559304\n|switch|p2a: Kricketune|Kricketune, L99, M|100/100\n|turn|4\n|inactive|Time left: 300 sec this turn | 300 sec total\n|\n|t:|1783559305\n|-terastallize|p2a: Kricketune|Ghost\n|cant|p1a: Slaking|recharge\n|move|p2a: Kricketune|Sticky Web|p1a: Slaking\n|-sidestart|p1: p0x17354718|move: Sticky Web\n|\n|upkeep\n|turn|5\n|inactive|Time left: 300 sec this turn | 300 sec total\n|\n|t:|1783559306\n|switch|p1a: Toucannon|Toucannon, L88, M|284/284\n|move|p2a: Kricketune|Knock Off|p1a: Toucannon\n|-damage|p1a: Toucannon|189/284\n|-enditem|p1a: Toucannon|Heavy-Duty Boots|[from] move: Knock Off|[of] p2a: Kricketune\n|\n|upkeep\n|turn|6\n|inactive|Time left: 300 sec this turn | 300 sec total\n|\n|t:|1783559307\n|move|p2a: Kricketune|Pounce|p1a: Toucannon\n|-resisted|p1a: Toucannon\n|-damage|p1a: Toucannon|135/284\n|-unboost|p1a: Toucannon|spe|1\n|move|p1a: Toucannon|Knock Off|p2a: Kricketune\n|-supereffective|p2a: Kricketune\n|-damage|p2a: Kricketune|32/100\n|-enditem|p2a: Kricketune|Heavy-Duty Boots|[from] move: Knock Off|[of] p1a: Toucannon\n|\n|upkeep\n|turn|7\n|inactive|Time left: 300 sec this turn | 300 sec total\n|\n|t:|1783559309\n|-singleturn|p1a: Toucannon|move: Beak Blast\n|move|p2a: Kricketune|Pounce|p1a: Toucannon\n|-resisted|p1a: Toucannon\n|-damage|p1a: Toucannon|78/284\n|-status|p2a: Kricketune|brn\n|-unboost|p1a: Toucannon|spe|1\n|move|p1a: Toucannon|Beak Blast|p2a: Kricketune\n|-damage|p2a: Kricketune|0 fnt\n|faint|p2a: Kricketune\n|\n|upkeep\n|\n|t:|1783559310\n|switch|p2a: Roaring Moon|Roaring Moon, L72|100/100\n|turn|8\n|inactive|Time left: 300 sec this turn | 300 sec total\n|\n|t:|1783559311\n|switch|p1a: Slaking|Slaking, L84, M|389/389\n|-activate|p1a: Slaking|move: Sticky Web\n|-unboost|p1a: Slaking|spe|1\n|move|p2a: Roaring Moon|Outrage|p1a: Slaking\n|-damage|p1a: Slaking|271/389\n|\n|upkeep\n|turn|9\n|inactive|Time left: 300 sec this turn | 300 sec total\n|\n|t:|1783559312\n|move|p2a: Roaring Moon|Outrage|p1a: Slaking|[from] lockedmove\n|-damage|p1a: Slaking|156/389\n|-start|p2a: Roaring Moon|confusion|[fatigue]\n|-enditem|p2a: Roaring Moon|Lum Berry|[eat]\n|-end|p2a: Roaring Moon|confusion\n|move|p1a: Slaking|Giga Impact|p2a: Roaring Moon\n|-damage|p2a: Roaring Moon|0 fnt\n|-mustrecharge|p1a: Slaking\n|faint|p2a: Roaring Moon\n|-end|p2a: Roaring Moon|Protosynthesis|[silent]\n|\n|upkeep\n|\n|t:|1783559313\n|switch|p2a: Ampharos|Ampharos, L88, F|100/100\n|turn|10\n|inactive|Time left: 300 sec this turn | 300 sec total\n|\n|t:|1783559314\n|move|p2a: Ampharos|Thunderbolt|p1a: Slaking\n|-damage|p1a: Slaking|5/389\n|cant|p1a: Slaking|recharge\n|\n|upkeep\n|turn|11\n|inactive|Time left: 300 sec this turn | 300 sec total\n|\n|t:|1783559315\n|-terastallize|p1a: Slaking|Ground\n|move|p2a: Ampharos|Dazzling Gleam|p1a: Slaking\n|-damage|p1a: Slaking|0 fnt\n|faint|p1a: Slaking\n|\n|upkeep\n|inactive|Time left: 300 sec this turn | 300 sec total | 5 sec grace\n|\n|t:|1783559316\n|switch|p1a: Bellossom|Bellossom, L84, F|263/263\n|-activate|p1a: Bellossom|move: Sticky Web\n|-unboost|p1a: Bellossom|spe|1\n|turn|12\n|inactive|Time left: 300 sec this turn | 300 sec total\n|\n|t:|1783559317\n|move|p1a: Bellossom|Quiver Dance|p1a: Bellossom\n|-boost|p1a: Bellossom|spa|1\n|-boost|p1a: Bellossom|spd|1\n|-boost|p1a: Bellossom|spe|1\n|move|p2a: Ampharos|Dragon Tail|p1a: Bellossom\n|-damage|p1a: Bellossom|225/263\n|drag|p1a: Klawf|Klawf, L90, F|272/272\n|-activate|p1a: Klawf|move: Sticky Web\n|-unboost|p1a: Klawf|spe|1\n|\n|upkeep\n|turn|13\n|inactive|Time left: 300 sec this turn | 300 sec total\n|\n|t:|1783559318\n|switch|p1a: Bellossom|Bellossom, L84, F|225/263\n|-activate|p1a: Bellossom|move: Sticky Web\n|-unboost|p1a: Bellossom|spe|1\n|move|p2a: Ampharos|Thunderbolt|p1a: Bellossom\n|-resisted|p1a: Bellossom\n|-damage|p1a: Bellossom|174/263\n|\n|-heal|p1a: Bellossom|190/263|[from] item: Leftovers\n|upkeep\n|turn|14\n|inactive|Time left: 300 sec this turn | 300 sec total\n|\n|t:|1783559320\n|move|p1a: Bellossom|Strength Sap|p2a: Ampharos\n|-unboost|p2a: Ampharos|atk|1\n|-heal|p1a: Bellossom|263/263\n|move|p2a: Ampharos|Dragon Tail|p1a: Bellossom\n|-damage|p1a: Bellossom|238/263\n|drag|p1a: Klawf|Klawf, L90, F|272/272\n|-activate|p1a: Klawf|move: Sticky Web\n|-unboost|p1a: Klawf|spe|1\n|\n|upkeep\n|turn|15\n|inactive|Time left: 300 sec this turn | 300 sec total\n|\n|t:|1783559321\n|move|p2a: Ampharos|Thunderbolt|p1a: Klawf\n|-damage|p1a: Klawf|107/272\n|-ability|p1a: Klawf|Anger Shell|boost\n|-boost|p1a: Klawf|atk|1\n|-boost|p1a: Klawf|spa|1\n|-boost|p1a: Klawf|spe|1\n|-unboost|p1a: Klawf|def|1\n|-unboost|p1a: Klawf|spd|1\n|move|p1a: Klawf|Knock Off|p2a: Ampharos\n|-damage|p2a: Ampharos|62/100\n|-enditem|p2a: Ampharos|Assault Vest|[from] move: Knock Off|[of] p1a: Klawf\n|\n|upkeep\n|turn|16\n|inactive|Time left: 300 sec this turn | 300 sec total\n|\n|t:|1783559322\n|move|p1a: Klawf|High Horsepower|p2a: Ampharos\n|-supereffective|p2a: Ampharos\n|-crit|p2a: Ampharos\n|-damage|p2a: Ampharos|0 fnt\n|faint|p2a: Ampharos\n|\n|upkeep\n|\n|t:|1783559323\n|switch|p2a: Delibird|Delibird, F|100/100\n|turn|17\n|inactive|Time left: 300 sec this turn | 300 sec total\n|\n|t:|1783559324\n|switch|p1a: Arceus|Arceus-Ice, L72|291/291\n|-activate|p1a: Arceus|move: Sticky Web\n|-unboost|p1a: Arceus|spe|1\n|move|p2a: Delibird|Freeze-Dry|p1a: Arceus\n|-resisted|p1a: Arceus\n|-damage|p1a: Arceus|256/291\n|\n|upkeep\n|turn|18\n|inactive|Time left: 300 sec this turn | 300 sec total\n|\n|t:|1783559325\n|move|p2a: Delibird|Rapid Spin|p1a: Arceus\n|-damage|p1a: Arceus|223/291\n|-boost|p2a: Delibird|spe|1\n|move|p1a: Arceus|Judgment|p2a: Delibird\n|-damage|p2a: Delibird|37/100\n|\n|upkeep\n|turn|19\n|inactive|Time left: 300 sec this turn | 300 sec total\n|\n|t:|1783559326\n|switch|p2a: Ditto|Ditto, L87|100/100\n|-transform|p2a: Ditto|p1a: Arceus|[from] ability: Imposter\n|move|p1a: Arceus|Judgment|p2a: Ditto\n|-resisted|p2a: Ditto\n|-damage|p2a: Ditto|78/100\n|\n|upkeep\n|turn|20\n|inactive|Time left: 300 sec this turn | 300 sec total\n|\n|t:|1783559327\n|move|p2a: Ditto|Recover|p2a: Ditto\n|-heal|p2a: Ditto|100/100\n|move|p1a: Arceus|Calm Mind|p1a: Arceus\n|-boost|p1a: Arceus|spa|1\n|-boost|p1a: Arceus|spd|1\n|\n|upkeep\n|turn|21\n|inactive|Time left: 300 sec this turn | 300 sec total\n|\n|t:|1783559328\n|switch|p2a: Delibird|Delibird, F|37/100\n|move|p1a: Arceus|Calm Mind|p1a: Arceus\n|-boost|p1a: Arceus|spa|1\n|-boost|p1a: Arceus|spd|1\n|\n|upkeep\n|turn|22\n|inactive|Time left: 300 sec this turn | 300 sec total\n|\n|t:|1783559328\n|move|p2a: Delibird|Spikes|p1a: Arceus\n|-sidestart|p1: p0x17354718|Spikes\n|move|p1a: Arceus|Judgment|p2a: Delibird\n|-damage|p2a: Delibird|0 fnt\n|faint|p2a: Delibird\n|\n|upkeep\n|\n|t:|1783559329\n|switch|p2a: Ditto|Ditto, L87|100/100\n|-transform|p2a: Ditto|p1a: Arceus|[from] ability: Imposter\n|turn|23\n|inactive|Time left: 300 sec this turn | 300 sec total\n|\n|t:|1783559330\n|move|p2a: Ditto|Thunderbolt|p1a: Arceus\n|-damage|p1a: Arceus|165/291\n|-status|p1a: Arceus|par\n|move|p1a: Arceus|Calm Mind|p1a: Arceus\n|-boost|p1a: Arceus|spa|1\n|-boost|p1a: Arceus|spd|1\n|\n|upkeep\n|turn|24\n|inactive|Time left: 300 sec this turn | 300 sec total\n|\n|t:|1783559331\n|move|p2a: Ditto|Thunderbolt|p1a: Arceus\n|-damage|p1a: Arceus|119/291 par\n|move|p1a: Arceus|Calm Mind|p1a: Arceus\n|-boost|p1a: Arceus|spa|1\n|-boost|p1a: Arceus|spd|1\n|\n|upkeep\n|turn|25\n|inactive|Time left: 300 sec this turn | 300 sec total\n|\n|t:|1783559332\n|move|p2a: Ditto|Thunderbolt|p1a: Arceus\n|-damage|p1a: Arceus|75/291 par\n|move|p1a: Arceus|Thunderbolt|p2a: Ditto\n|-damage|p2a: Ditto|68/100\n|\n|upkeep\n|turn|26\n|inactive|Time left: 300 sec this turn | 300 sec total\n|\n|t:|1783559333\n|move|p2a: Ditto|Thunderbolt|p1a: Arceus\n|-damage|p1a: Arceus|31/291 par\n|move|p1a: Arceus|Recover|p1a: Arceus\n|-heal|p1a: Arceus|177/291 par\n|\n|upkeep\n|turn|27\n|inactive|Time left: 300 sec this turn | 300 sec total\n|\n|t:|1783559334\n|move|p2a: Ditto|Thunderbolt|p1a: Arceus\n|-damage|p1a: Arceus|134/291 par\n|move|p1a: Arceus|Thunderbolt|p2a: Ditto\n|-damage|p2a: Ditto|33/100\n|\n|upkeep\n|turn|28\n|inactive|Time left: 300 sec this turn | 300 sec total\n|\n|t:|1783559335\n|-activate|p2a: Ditto|move: Struggle\n|move|p2a: Ditto|Struggle|p1a: Arceus\n|-damage|p1a: Arceus|106/291 par\n|-damage|p2a: Ditto|8/100|[from] recoil\n|cant|p1a: Arceus|par\n|\n|upkeep\n|turn|29\n|inactive|Time left: 300 sec this turn | 300 sec total\n|\n|t:|1783559336\n|switch|p1a: Bronzong|Bronzong, L88|261/261\n|-activate|p2a: Ditto|move: Struggle\n|move|p2a: Ditto|Struggle|p1a: Bronzong\n|-damage|p1a: Bronzong|237/261\n|-damage|p2a: Ditto|0 fnt|[from] recoil\n|faint|p2a: Ditto\n|\n|win|p0x17354718", "uploadtime": 1783559336, "views": 0, "rating": 0, "private": 0, "password": null, "_winner": "p0x17354718", "_our_name": "p0x17354718"}