{"id": "battle-gen9randombattle-412", "formatid": "gen9randombattle", "format": "[Gen 9] Random Battle", "players": ["p0x4121665", "p0y412f0aa"], "log": "|init|battle\n|title|p0x4121665 vs. p0y412f0aa\n|j|\u2606p0x4121665\n|j|\u2606p0y412f0aa\n|t:|1783543844\n|gametype|singles\n|player|p1|p0x4121665|1|\n|player|p2|p0y412f0aa|266|\n|gen|9\n|tier|[Gen 9] Random Battle\n|rule|Species Clause: Limit one of each Pok\u00e9mon\n|rule|HP Percentage Mod: HP is shown in percentages\n|rule|Sleep Clause Mod: Limit one foe put to sleep\n|rule|Illusion Level Mod: Illusion disguises the Pok\u00e9mon's true level\n|\n|t:|1783543844\n|teamsize|p1|6\n|teamsize|p2|6\n|start\n|switch|p1a: Okidogi|Okidogi, L77, M|100/100\n|switch|p2a: Spiritomb|Spiritomb, L89, M|234/234\n|turn|1\n|inactive|Battle timer is ON: inactive players will automatically lose when time's up. (requested by p0y412f0aa)\n|inactive|p0x4121665 also wants the timer to be on.\n|\n|t:|1783543846\n|switch|p2a: Qwilfish|Qwilfish-Hisui, L83, F|244/244\n|-ability|p2a: Qwilfish|Intimidate|boost\n|-unboost|p1a: Okidogi|atk|1\n|move|p1a: Okidogi|Bulk Up|p1a: Okidogi\n|-boost|p1a: Okidogi|atk|1\n|-boost|p1a: Okidogi|def|1\n|\n|upkeep\n|turn|2\n|inactive|Time left: 300 sec this turn | 300 sec total\n|\n|t:|1783543847\n|move|p2a: Qwilfish|Toxic Spikes|p1a: Okidogi\n|-sidestart|p1: p0x4121665|move: Toxic Spikes\n|move|p1a: Okidogi|Bulk Up|p1a: Okidogi\n|-boost|p1a: Okidogi|atk|1\n|-boost|p1a: Okidogi|def|1\n|\n|upkeep\n|turn|3\n|inactive|Time left: 300 sec this turn | 300 sec total\n|\n|t:|1783543848\n|move|p2a: Qwilfish|Toxic Spikes|p1a: Okidogi\n|-sidestart|p1: p0x4121665|move: Toxic Spikes\n|move|p1a: Okidogi|Bulk Up|p1a: Okidogi\n|-boost|p1a: Okidogi|atk|1\n|-boost|p1a: Okidogi|def|1\n|\n|upkeep\n|turn|4\n|inactive|Time left: 300 sec this turn | 300 sec total\n|\n|t:|1783543849\n|move|p2a: Qwilfish|Spikes|p1a: Okidogi\n|-sidestart|p1: p0x4121665|Spikes\n|move|p1a: Okidogi|Knock Off|p2a: Qwilfish\n|-resisted|p2a: Qwilfish\n|-damage|p2a: Qwilfish|195/244\n|-enditem|p2a: Qwilfish|Eviolite|[from] move: Knock Off|[of] p1a: Okidogi\n|\n|upkeep\n|turn|5\n|inactive|Time left: 300 sec this turn | 300 sec total\n|\n|t:|1783543850\n|switch|p2a: Spiritomb|Spiritomb, L89, M|234/234\n|move|p1a: Okidogi|Drain Punch|p2a: Spiritomb\n|-immune|p2a: Spiritomb\n|\n|upkeep\n|turn|6\n|inactive|Time left: 300 sec this turn | 300 sec total\n|\n|t:|1783543851\n|move|p1a: Okidogi|Knock Off|p2a: Spiritomb\n|-damage|p2a: Spiritomb|112/234\n|-enditem|p2a: Spiritomb|Leftovers|[from] move: Knock Off|[of] p1a: Okidogi\n|move|p2a: Spiritomb|Pain Split|p1a: Okidogi\n|-sethp|p1a: Okidogi|72/100|[from] move: Pain Split|[silent]\n|-sethp|p2a: Spiritomb|187/234|[from] move: Pain Split\n|\n|-heal|p1a: Okidogi|78/100|[from] item: Leftovers\n|upkeep\n|turn|7\n|inactive|Time left: 300 sec this turn | 300 sec total\n|\n|t:|1783543852\n|move|p1a: Okidogi|Knock Off|p2a: Spiritomb\n|-damage|p2a: Spiritomb|105/234\n|-status|p2a: Spiritomb|tox|[from] ability: Toxic Chain|[of] p1a: Okidogi\n|move|p2a: Spiritomb|Pain Split|p1a: Okidogi\n|-sethp|p1a: Okidogi|59/100|[from] move: Pain Split|[silent]\n|-sethp|p2a: Spiritomb|154/234 tox|[from] move: Pain Split\n|\n|-heal|p1a: Okidogi|65/100|[from] item: Leftovers\n|-damage|p2a: Spiritomb|140/234 tox|[from] psn\n|upkeep\n|turn|8\n|inactive|Time left: 300 sec this turn | 300 sec total\n|\n|t:|1783543853\n|move|p1a: Okidogi|Bulk Up|p1a: Okidogi\n|-boost|p1a: Okidogi|atk|1\n|-boost|p1a: Okidogi|def|1\n|move|p2a: Spiritomb|Poltergeist|p1a: Okidogi\n|-activate|p1a: Okidogi|move: Poltergeist|Leftovers\n|-damage|p1a: Okidogi|51/100\n|\n|-heal|p1a: Okidogi|57/100|[from] item: Leftovers\n|-damage|p2a: Spiritomb|112/234 tox|[from] psn\n|upkeep\n|turn|9\n|inactive|Time left: 300 sec this turn | 300 sec total\n|\n|t:|1783543854\n|move|p1a: Okidogi|Gunk Shot|p2a: Spiritomb\n|-resisted|p2a: Spiritomb\n|-damage|p2a: Spiritomb|0 fnt\n|faint|p2a: Spiritomb\n|\n|-heal|p1a: Okidogi|63/100|[from] item: Leftovers\n|upkeep\n|inactive|Time left: 300 sec this turn | 300 sec total | 5 sec grace\n|\n|t:|1783543855\n|switch|p2a: Toedscruel|Toedscruel, L87, M|281/281\n|turn|10\n|inactive|Time left: 300 sec this turn | 300 sec total\n|\n|t:|1783543856\n|-terastallize|p1a: Okidogi|Dark\n|move|p2a: Toedscruel|Earth Power|p1a: Okidogi\n|-damage|p1a: Okidogi|29/100\n|move|p1a: Okidogi|Drain Punch|p2a: Toedscruel\n|-damage|p2a: Toedscruel|17/281\n|-heal|p1a: Okidogi|79/100|[from] drain|[of] p2a: Toedscruel\n|-status|p2a: Toedscruel|tox|[from] ability: Toxic Chain|[of] p1a: Okidogi\n|\n|-heal|p1a: Okidogi|85/100|[from] item: Leftovers\n|-damage|p2a: Toedscruel|0 fnt|[from] psn\n|faint|p2a: Toedscruel\n|upkeep\n|inactive|Time left: 300 sec this turn | 300 sec total | 5 sec grace\n|\n|t:|1783543857\n|switch|p2a: Raging Bolt|Raging Bolt, L78|323/323\n|turn|11\n|inactive|Time left: 300 sec this turn | 300 sec total\n|\n|t:|1783543858\n|move|p1a: Okidogi|Gunk Shot|p2a: Raging Bolt\n|-damage|p2a: Raging Bolt|0 fnt\n|faint|p2a: Raging Bolt\n|-end|p2a: Raging Bolt|Protosynthesis|[silent]\n|\n|-heal|p1a: Okidogi|91/100|[from] item: Leftovers\n|upkeep\n|inactive|Time left: 300 sec this turn | 300 sec total | 5 sec grace\n|\n|t:|1783543859\n|switch|p2a: Bellossom|Bellossom, L84, F|263/263\n|turn|12\n|inactive|Time left: 300 sec this turn | 300 sec total\n|\n|t:|1783543860\n|-terastallize|p2a: Bellossom|Poison\n|move|p1a: Okidogi|Knock Off|p2a: Bellossom\n|-damage|p2a: Bellossom|0 fnt\n|-enditem|p2a: Bellossom|Leftovers|[from] move: Knock Off|[of] p1a: Okidogi\n|faint|p2a: Bellossom\n|\n|-heal|p1a: Okidogi|97/100|[from] item: Leftovers\n|upkeep\n|inactive|Time left: 300 sec this turn | 300 sec total | 5 sec grace\n|\n|t:|1783543861\n|switch|p2a: Qwilfish|Qwilfish-Hisui, L83, F|195/244\n|-ability|p2a: Qwilfish|Intimidate|boost\n|-unboost|p1a: Okidogi|atk|1\n|turn|13\n|inactive|Time left: 300 sec this turn | 300 sec total\n|\n|t:|1783543862\n|move|p2a: Qwilfish|Spikes|p1a: Okidogi\n|-sidestart|p1: p0x4121665|Spikes\n|move|p1a: Okidogi|Drain Punch|p2a: Qwilfish\n|-damage|p2a: Qwilfish|9/244\n|-heal|p1a: Okidogi|100/100|[from] drain|[of] p2a: Qwilfish\n|\n|upkeep\n|turn|14\n|inactive|Time left: 300 sec this turn | 300 sec total\n|\n|t:|1783543863\n|move|p2a: Qwilfish|Spikes|p1a: Okidogi\n|-sidestart|p1: p0x4121665|Spikes\n|move|p1a: Okidogi|Knock Off|p2a: Qwilfish\n|-resisted|p2a: Qwilfish\n|-damage|p2a: Qwilfish|0 fnt\n|faint|p2a: Qwilfish\n|\n|upkeep\n|inactive|Time left: 300 sec this turn | 300 sec total | 5 sec grace\n|\n|t:|1783543864\n|switch|p2a: Kingdra|Kingdra, L84, M|263/263\n|turn|15\n|inactive|Time left: 300 sec this turn | 300 sec total\n|\n|t:|1783543865\n|move|p2a: Kingdra|Iron Head|p1a: Okidogi\n|-damage|p1a: Okidogi|94/100\n|move|p1a: Okidogi|Knock Off|p2a: Kingdra\n|-damage|p2a: Kingdra|62/263\n|-enditem|p2a: Kingdra|Lum Berry|[from] move: Knock Off|[of] p1a: Okidogi\n|\n|-heal|p1a: Okidogi|99/100|[from] item: Leftovers\n|upkeep\n|turn|16\n|inactive|Time left: 300 sec this turn | 300 sec total\n|\n|t:|1783543865\n|move|p2a: Kingdra|Iron Head|p1a: Okidogi\n|-damage|p1a: Okidogi|93/100\n|move|p1a: Okidogi|Drain Punch|p2a: Kingdra\n|-damage|p2a: Kingdra|0 fnt\n|-heal|p1a: Okidogi|100/100|[from] drain|[of] p2a: Kingdra\n|faint|p2a: Kingdra\n|\n|win|p0x4121665", "uploadtime": 1783543865, "views": 0, "rating": 0, "private": 0, "password": null, "_winner": "p0x4121665", "_our_name": "p0y412f0aa"}