{"id": "battle-gen9randombattle-2296", "formatid": "gen9randombattle", "format": "[Gen 9] Random Battle", "players": ["p0x22967b3e", "p0y22968a97"], "log": "|init|battle\n|title|p0x22967b3e vs. p0y22968a97\n|j|\u2606p0x22967b3e\n|j|\u2606p0y22968a97\n|t:|1783565653\n|gametype|singles\n|player|p1|p0x22967b3e|1|\n|player|p2|p0y22968a97|2|\n|gen|9\n|tier|[Gen 9] Random Battle\n|rule|Species Clause: Limit one of each Pok\u00e9mon\n|rule|HP Percentage Mod: HP is shown in percentages\n|rule|Sleep Clause Mod: Limit one foe put to sleep\n|rule|Illusion Level Mod: Illusion disguises the Pok\u00e9mon's true level\n|\n|t:|1783565653\n|teamsize|p1|6\n|teamsize|p2|6\n|start\n|switch|p1a: Dodrio|Dodrio, L85, F|241/241\n|switch|p2a: Kingambit|Kingambit, L74, M|100/100\n|turn|1\n|inactive|Battle timer is ON: inactive players will automatically lose when time's up. (requested by p0x22967b3e)\n|\n|t:|1783565654\n|move|p1a: Dodrio|Drill Run|p2a: Kingambit\n|-supereffective|p2a: Kingambit\n|-damage|p2a: Kingambit|40/100\n|move|p2a: Kingambit|Iron Head|p1a: Dodrio\n|-damage|p1a: Dodrio|135/241\n|\n|-heal|p2a: Kingambit|46/100|[from] item: Leftovers\n|upkeep\n|turn|2\n|inactive|Time left: 300 sec this turn | 300 sec total\n|inactive|p0y22968a97 also wants the timer to be on.\n|\n|t:|1783565656\n|-end|p2a: Kingambit|fallenundefined|[silent]\n|switch|p2a: Slaking|Slaking, L84, F|100/100\n|move|p1a: Dodrio|Drill Run|p2a: Slaking\n|-damage|p2a: Slaking|80/100\n|\n|upkeep\n|turn|3\n|inactive|Time left: 300 sec this turn | 300 sec total\n|\n|t:|1783565657\n|move|p1a: Dodrio|Drill Run|p2a: Slaking\n|-crit|p2a: Slaking\n|-damage|p2a: Slaking|46/100\n|move|p2a: Slaking|Giga Impact|p1a: Dodrio\n|-damage|p1a: Dodrio|0 fnt\n|-mustrecharge|p2a: Slaking\n|faint|p1a: Dodrio\n|\n|upkeep\n|inactive|Time left: 300 sec this turn | 300 sec total | 5 sec grace\n|\n|t:|1783565658\n|switch|p1a: Mismagius|Mismagius, L86, M|243/243\n|turn|4\n|inactive|Time left: 300 sec this turn | 300 sec total\n|\n|t:|1783565659\n|move|p1a: Mismagius|Mystical Fire|p2a: Slaking\n|-damage|p2a: Slaking|19/100\n|-unboost|p2a: Slaking|spa|1\n|cant|p2a: Slaking|recharge\n|\n|upkeep\n|turn|5\n|inactive|Time left: 300 sec this turn | 300 sec total\n|\n|t:|1783565660\n|switch|p2a: Inteleon|Inteleon, L81, F|100/100\n|move|p1a: Mismagius|Mystical Fire|p2a: Inteleon\n|-resisted|p2a: Inteleon\n|-damage|p2a: Inteleon|77/100\n|-unboost|p2a: Inteleon|spa|1\n|\n|upkeep\n|turn|6\n|inactive|Time left: 300 sec this turn | 300 sec total\n|\n|t:|1783565661\n|move|p2a: Inteleon|Hydro Pump|p1a: Mismagius\n|-damage|p1a: Mismagius|128/243\n|move|p1a: Mismagius|Mystical Fire|p2a: Inteleon\n|-resisted|p2a: Inteleon\n|-damage|p2a: Inteleon|53/100\n|-unboost|p2a: Inteleon|spa|1\n|\n|upkeep\n|turn|7\n|inactive|Time left: 300 sec this turn | 300 sec total\n|\n|t:|1783565662\n|move|p2a: Inteleon|Hydro Pump|p1a: Mismagius\n|-damage|p1a: Mismagius|49/243\n|move|p1a: Mismagius|Mystical Fire|p2a: Inteleon\n|-resisted|p2a: Inteleon\n|-damage|p2a: Inteleon|31/100\n|-unboost|p2a: Inteleon|spa|1\n|\n|upkeep\n|turn|8\n|inactive|Time left: 300 sec this turn | 300 sec total\n|\n|t:|1783565663\n|move|p2a: Inteleon|Hydro Pump|p1a: Mismagius\n|-damage|p1a: Mismagius|0 fnt\n|faint|p1a: Mismagius\n|\n|upkeep\n|inactive|Time left: 300 sec this turn | 300 sec total | 5 sec grace\n|\n|t:|1783565664\n|switch|p1a: Solgaleo|Solgaleo, L74|325/325\n|turn|9\n|inactive|Time left: 300 sec this turn | 300 sec total\n|\n|t:|1783565665\n|switch|p2a: Meganium|Meganium, L90, M|100/100\n|move|p1a: Solgaleo|Flame Charge|p2a: Meganium\n|-supereffective|p2a: Meganium\n|-damage|p2a: Meganium|80/100\n|-boost|p1a: Solgaleo|spe|1\n|\n|-heal|p2a: Meganium|86/100|[from] item: Leftovers\n|upkeep\n|turn|10\n|inactive|Time left: 300 sec this turn | 300 sec total\n|\n|t:|1783565666\n|move|p1a: Solgaleo|Flame Charge|p2a: Meganium\n|-supereffective|p2a: Meganium\n|-damage|p2a: Meganium|65/100\n|-boost|p1a: Solgaleo|spe|1\n|move|p2a: Meganium|Swords Dance|p2a: Meganium\n|-boost|p2a: Meganium|atk|2\n|\n|-heal|p2a: Meganium|72/100|[from] item: Leftovers\n|upkeep\n|turn|11\n|inactive|Time left: 300 sec this turn | 300 sec total\n|\n|t:|1783565667\n|switch|p1a: Mandibuzz|Mandibuzz, L85, F|326/326\n|move|p2a: Meganium|Earthquake|p1a: Mandibuzz\n|-immune|p1a: Mandibuzz\n|\n|-heal|p2a: Meganium|78/100|[from] item: Leftovers\n|upkeep\n|turn|12\n|inactive|Time left: 300 sec this turn | 300 sec total\n|\n|t:|1783565668\n|move|p2a: Meganium|Petal Blizzard|p1a: Mandibuzz\n|-resisted|p1a: Mandibuzz\n|-damage|p1a: Mandibuzz|248/326\n|move|p1a: Mandibuzz|Brave Bird|p2a: Meganium\n|-supereffective|p2a: Meganium\n|-damage|p2a: Meganium|22/100\n|-damage|p1a: Mandibuzz|195/326|[from] Recoil\n|\n|-heal|p2a: Meganium|28/100|[from] item: Leftovers\n|upkeep\n|turn|13\n|inactive|Time left: 300 sec this turn | 300 sec total\n|\n|t:|1783565669\n|move|p2a: Meganium|Petal Blizzard|p1a: Mandibuzz\n|-resisted|p1a: Mandibuzz\n|-damage|p1a: Mandibuzz|68/326\n|move|p1a: Mandibuzz|Brave Bird|p2a: Meganium\n|-supereffective|p2a: Meganium\n|-damage|p2a: Meganium|0 fnt\n|faint|p2a: Meganium\n|-damage|p1a: Mandibuzz|42/326|[from] Recoil\n|\n|upkeep\n|\n|t:|1783565670\n|switch|p2a: Inteleon|Inteleon, L81, F|31/100\n|turn|14\n|inactive|Time left: 300 sec this turn | 300 sec total\n|\n|t:|1783565671\n|switch|p1a: Toxapex|Toxapex, L82, M|216/216\n|move|p2a: Inteleon|Scald|p1a: Toxapex\n|-resisted|p1a: Toxapex\n|-damage|p1a: Toxapex|144/216\n|-status|p1a: Toxapex|brn\n|\n|-heal|p1a: Toxapex|157/216 brn|[from] item: Leftovers\n|-damage|p1a: Toxapex|144/216 brn|[from] brn\n|upkeep\n|turn|15\n|inactive|Time left: 300 sec this turn | 300 sec total\n|\n|t:|1783565672\n|move|p2a: Inteleon|Scald|p1a: Toxapex\n|-resisted|p1a: Toxapex\n|-damage|p1a: Toxapex|68/216 brn\n|move|p1a: Toxapex|Recover|p1a: Toxapex\n|-heal|p1a: Toxapex|176/216 brn\n|\n|-heal|p1a: Toxapex|189/216 brn|[from] item: Leftovers\n|-damage|p1a: Toxapex|176/216 brn|[from] brn\n|upkeep\n|turn|16\n|inactive|Time left: 300 sec this turn | 300 sec total\n|\n|t:|1783565673\n|move|p2a: Inteleon|Scald|p1a: Toxapex\n|-resisted|p1a: Toxapex\n|-damage|p1a: Toxapex|100/216 brn\n|move|p1a: Toxapex|Toxic|p2a: Inteleon\n|-status|p2a: Inteleon|tox\n|\n|-heal|p1a: Toxapex|113/216 brn|[from] item: Leftovers\n|-damage|p2a: Inteleon|24/100 tox|[from] psn\n|-damage|p1a: Toxapex|100/216 brn|[from] brn\n|upkeep\n|turn|17\n|inactive|Time left: 300 sec this turn | 300 sec total\n|\n|t:|1783565674\n|move|p2a: Inteleon|Scald|p1a: Toxapex\n|-resisted|p1a: Toxapex\n|-damage|p1a: Toxapex|25/216 brn\n|move|p1a: Toxapex|Recover|p1a: Toxapex\n|-heal|p1a: Toxapex|133/216 brn\n|\n|-heal|p1a: Toxapex|146/216 brn|[from] item: Leftovers\n|-damage|p2a: Inteleon|12/100 tox|[from] psn\n|-damage|p1a: Toxapex|133/216 brn|[from] brn\n|upkeep\n|turn|18\n|inactive|Time left: 300 sec this turn | 300 sec total\n|\n|t:|1783565675\n|move|p2a: Inteleon|Scald|p1a: Toxapex\n|-resisted|p1a: Toxapex\n|-damage|p1a: Toxapex|52/216 brn\n|move|p1a: Toxapex|Recover|p1a: Toxapex\n|-heal|p1a: Toxapex|160/216 brn\n|\n|-heal|p1a: Toxapex|173/216 brn|[from] item: Leftovers\n|-damage|p2a: Inteleon|0 fnt|[from] psn\n|faint|p2a: Inteleon\n|-damage|p1a: Toxapex|160/216 brn|[from] brn\n|upkeep\n|\n|t:|1783565676\n|switch|p2a: Slaking|Slaking, L84, F|19/100\n|turn|19\n|inactive|Time left: 300 sec this turn | 300 sec total\n|\n|t:|1783565677\n|switch|p1a: Mandibuzz|Mandibuzz, L85, F|42/326\n|move|p2a: Slaking|Giga Impact|p1a: Mandibuzz\n|-damage|p1a: Mandibuzz|0 fnt\n|-mustrecharge|p2a: Slaking\n|faint|p1a: Mandibuzz\n|\n|upkeep\n|inactive|Time left: 300 sec this turn | 300 sec total | 5 sec grace\n|\n|t:|1783565677\n|switch|p1a: Garganacl|Garganacl, L80, M|291/291\n|turn|20\n|inactive|Time left: 300 sec this turn | 300 sec total\n|\n|t:|1783565678\n|cant|p2a: Slaking|recharge\n|move|p1a: Garganacl|Iron Defense|p1a: Garganacl\n|-boost|p1a: Garganacl|def|2\n|\n|upkeep\n|turn|21\n|inactive|Time left: 300 sec this turn | 300 sec total\n|\n|t:|1783565679\n|switch|p2a: Iron Crown|Iron Crown, L78|100/100\n|move|p1a: Garganacl|Salt Cure|p2a: Iron Crown\n|-resisted|p2a: Iron Crown\n|-damage|p2a: Iron Crown|93/100\n|-start|p2a: Iron Crown|Salt Cure\n|\n|-heal|p2a: Iron Crown|99/100|[from] item: Leftovers\n|-damage|p2a: Iron Crown|74/100|[from] Salt Cure\n|upkeep\n|turn|22\n|inactive|Time left: 300 sec this turn | 300 sec total\n|\n|t:|1783565680\n|-terastallize|p1a: Garganacl|Ghost\n|move|p2a: Iron Crown|Tachyon Cutter|p1a: Garganacl\n|-damage|p1a: Garganacl|230/291\n|-damage|p1a: Garganacl|170/291\n|-hitcount|p1a: Garganacl|2\n|move|p1a: Garganacl|Body Press|p2a: Iron Crown\n|-damage|p2a: Iron Crown|25/100\n|\n|-heal|p2a: Iron Crown|31/100|[from] item: Leftovers\n|-heal|p1a: Garganacl|188/291|[from] item: Leftovers\n|-damage|p2a: Iron Crown|6/100|[from] Salt Cure\n|upkeep\n|turn|23\n|inactive|Time left: 300 sec this turn | 300 sec total\n|\n|t:|1783565681\n|-end|p2a: Iron Crown|Quark Drive|[silent]\n|switch|p2a: Deoxys|Deoxys, L74|100/100\n|-ability|p2a: Deoxys|Pressure\n|move|p1a: Garganacl|Recover|p1a: Garganacl\n|-heal|p1a: Garganacl|291/291\n|\n|upkeep\n|turn|24\n|inactive|Time left: 300 sec this turn | 300 sec total\n|\n|t:|1783565682\n|move|p2a: Deoxys|Psycho Boost|p1a: Garganacl|[miss]\n|-miss|p2a: Deoxys|p1a: Garganacl\n|move|p1a: Garganacl|Body Press|p2a: Deoxys\n|-resisted|p2a: Deoxys\n|-damage|p2a: Deoxys|44/100\n|\n|upkeep\n|turn|25\n|inactive|Time left: 300 sec this turn | 300 sec total\n|\n|t:|1783565683\n|move|p2a: Deoxys|Psycho Boost|p1a: Garganacl\n|-damage|p1a: Garganacl|61/291\n|-unboost|p2a: Deoxys|spa|2\n|-damage|p2a: Deoxys|34/100|[from] item: Life Orb\n|move|p1a: Garganacl|Salt Cure|p2a: Deoxys\n|-damage|p2a: Deoxys|3/100\n|-start|p2a: Deoxys|Salt Cure\n|\n|-heal|p1a: Garganacl|79/291|[from] item: Leftovers\n|-damage|p2a: Deoxys|0 fnt|[from] Salt Cure\n|faint|p2a: Deoxys\n|upkeep\n|\n|t:|1783565684\n|switch|p2a: Kingambit|Kingambit, L74, M|46/100\n|-activate|p2a: Kingambit|ability: Supreme Overlord\n|-start|p2a: Kingambit|fallen3|[silent]\n|turn|26\n|inactive|Time left: 300 sec this turn | 300 sec total\n|\n|t:|1783565685\n|switch|p1a: Toxapex|Toxapex, L82, M|216/216 brn\n|move|p2a: Kingambit|Kowtow Cleave|p1a: Toxapex\n|-damage|p1a: Toxapex|143/216 brn\n|\n|-heal|p2a: Kingambit|52/100|[from] item: Leftovers\n|-heal|p1a: Toxapex|156/216 brn|[from] item: Leftovers\n|-damage|p1a: Toxapex|143/216 brn|[from] brn\n|upkeep\n|turn|27\n|inactive|Time left: 300 sec this turn | 300 sec total\n|\n|t:|1783565685\n|move|p2a: Kingambit|Swords Dance|p2a: Kingambit\n|-boost|p2a: Kingambit|atk|2\n|move|p1a: Toxapex|Recover|p1a: Toxapex\n|-heal|p1a: Toxapex|216/216 brn\n|\n|-heal|p2a: Kingambit|58/100|[from] item: Leftovers\n|-damage|p1a: Toxapex|203/216 brn|[from] brn\n|upkeep\n|turn|28\n|inactive|Time left: 300 sec this turn | 300 sec total\n|\n|t:|1783565686\n|move|p2a: Kingambit|Kowtow Cleave|p1a: Toxapex\n|-damage|p1a: Toxapex|35/216 brn\n|move|p1a: Toxapex|Haze|p1a: Toxapex\n|-clearallboost\n|\n|-heal|p2a: Kingambit|63/100|[from] item: Leftovers\n|-heal|p1a: Toxapex|48/216 brn|[from] item: Leftovers\n|-damage|p1a: Toxapex|35/216 brn|[from] brn\n|upkeep\n|turn|29\n|inactive|Time left: 300 sec this turn | 300 sec total\n|\n|t:|1783565687\n|move|p2a: Kingambit|Kowtow Cleave|p1a: Toxapex\n|-crit|p1a: Toxapex\n|-damage|p1a: Toxapex|0 fnt\n|faint|p1a: Toxapex\n|\n|-heal|p2a: Kingambit|69/100|[from] item: Leftovers\n|upkeep\n|inactive|Time left: 300 sec this turn | 300 sec total | 5 sec grace\n|\n|t:|1783565688\n|switch|p1a: Solgaleo|Solgaleo, L74|325/325\n|turn|30\n|inactive|Time left: 300 sec this turn | 300 sec total\n|\n|t:|1783565689\n|-terastallize|p2a: Kingambit|Flying\n|move|p1a: Solgaleo|Sunsteel Strike|p2a: Kingambit\n|-damage|p2a: Kingambit|35/100\n|move|p2a: Kingambit|Kowtow Cleave|p1a: Solgaleo\n|-supereffective|p1a: Solgaleo\n|-damage|p1a: Solgaleo|85/325\n|-enditem|p1a: Solgaleo|Weakness Policy\n|-boost|p1a: Solgaleo|atk|2|[from] item: Weakness Policy\n|-boost|p1a: Solgaleo|spa|2|[from] item: Weakness Policy\n|\n|-heal|p2a: Kingambit|40/100|[from] item: Leftovers\n|upkeep\n|turn|31\n|inactive|Time left: 300 sec this turn | 300 sec total\n|\n|t:|1783565690\n|switch|p1a: Garganacl|Garganacl, L80, M, tera:Ghost|79/291\n|move|p2a: Kingambit|Sucker Punch||[still]\n|-fail|p2a: Kingambit\n|\n|-heal|p2a: Kingambit|46/100|[from] item: Leftovers\n|-heal|p1a: Garganacl|97/291|[from] item: Leftovers\n|upkeep\n|turn|32\n|inactive|Time left: 300 sec this turn | 300 sec total\n|\n|t:|1783565691\n|move|p2a: Kingambit|Kowtow Cleave|p1a: Garganacl\n|-supereffective|p1a: Garganacl\n|-damage|p1a: Garganacl|0 fnt\n|faint|p1a: Garganacl\n|\n|-heal|p2a: Kingambit|52/100|[from] item: Leftovers\n|upkeep\n|inactive|Time left: 300 sec this turn | 300 sec total | 5 sec grace\n|\n|t:|1783565692\n|switch|p1a: Solgaleo|Solgaleo, L74|85/325\n|turn|33\n|inactive|Time left: 300 sec this turn | 300 sec total\n|\n|t:|1783565693\n|move|p2a: Kingambit|Sucker Punch|p1a: Solgaleo\n|-supereffective|p1a: Solgaleo\n|-damage|p1a: Solgaleo|0 fnt\n|faint|p1a: Solgaleo\n|\n|win|p0y22968a97", "uploadtime": 1783565693, "views": 0, "rating": 0, "private": 0, "password": null, "_winner": "p0y22968a97", "_our_name": "p0x22967b3e"}