{"id": "battle-gen9randombattle-2937", "formatid": "gen9randombattle", "format": "[Gen 9] Random Battle", "players": ["p0x293784dc", "p0y2937df01"], "log": "|init|battle\n|title|p0x293784dc vs. p0y2937df01\n|j|\u2606p0x293784dc\n|j|\u2606p0y2937df01\n|t:|1783572839\n|gametype|singles\n|player|p1|p0x293784dc|265|\n|player|p2|p0y2937df01|170|\n|gen|9\n|tier|[Gen 9] Random Battle\n|rule|Species Clause: Limit one of each Pok\u00e9mon\n|rule|HP Percentage Mod: HP is shown in percentages\n|rule|Sleep Clause Mod: Limit one foe put to sleep\n|rule|Illusion Level Mod: Illusion disguises the Pok\u00e9mon's true level\n|\n|t:|1783572839\n|teamsize|p1|6\n|teamsize|p2|6\n|start\n|switch|p1a: Barraskewda|Barraskewda, L81, M|231/231\n|switch|p2a: Cyclizar|Cyclizar, L84, M|100/100\n|turn|1\n|inactive|Battle timer is ON: inactive players will automatically lose when time's up. (requested by p0x293784dc)\n|inactive|p0y2937df01 also wants the timer to be on.\n|\n|t:|1783572840\n|switch|p2a: Decidueye|Decidueye-Hisui, L87, F|100/100\n|move|p1a: Barraskewda|Close Combat|p2a: Decidueye\n|-damage|p2a: Decidueye|51/100\n|-unboost|p1a: Barraskewda|def|1\n|-unboost|p1a: Barraskewda|spd|1\n|\n|-heal|p2a: Decidueye|57/100|[from] item: Leftovers\n|upkeep\n|turn|2\n|inactive|Time left: 300 sec this turn | 300 sec total\n|\n|t:|1783572842\n|-terastallize|p1a: Barraskewda|Fighting\n|move|p1a: Barraskewda|Close Combat|p2a: Decidueye\n|-damage|p2a: Decidueye|0 fnt\n|-unboost|p1a: Barraskewda|def|1\n|-unboost|p1a: Barraskewda|spd|1\n|faint|p2a: Decidueye\n|\n|upkeep\n|\n|t:|1783572843\n|switch|p2a: Iron Crown|Iron Crown, L78|100/100\n|turn|3\n|inactive|Time left: 300 sec this turn | 300 sec total\n|\n|t:|1783572844\n|switch|p1a: Muk|Muk-Alola, L82, F|306/306\n|move|p2a: Iron Crown|Tachyon Cutter|p1a: Muk\n|-damage|p1a: Muk|252/306\n|-damage|p1a: Muk|198/306\n|-hitcount|p1a: Muk|2\n|\n|upkeep\n|turn|4\n|inactive|Time left: 300 sec this turn | 300 sec total\n|\n|t:|1783572845\n|move|p2a: Iron Crown|Tachyon Cutter|p1a: Muk\n|-damage|p1a: Muk|143/306\n|-damage|p1a: Muk|92/306\n|-hitcount|p1a: Muk|2\n|move|p1a: Muk|Knock Off|p2a: Iron Crown\n|-supereffective|p2a: Iron Crown\n|-damage|p2a: Iron Crown|30/100\n|-enditem|p2a: Iron Crown|Choice Specs|[from] move: Knock Off|[of] p1a: Muk\n|\n|upkeep\n|turn|5\n|inactive|Time left: 300 sec this turn | 300 sec total\n|\n|t:|1783572846\n|move|p2a: Iron Crown|Tachyon Cutter|p1a: Muk\n|-crit|p1a: Muk\n|-damage|p1a: Muk|35/306\n|-damage|p1a: Muk|2/306\n|-hitcount|p1a: Muk|2\n|move|p1a: Muk|Knock Off|p2a: Iron Crown\n|-supereffective|p2a: Iron Crown\n|-damage|p2a: Iron Crown|0 fnt\n|faint|p2a: Iron Crown\n|-end|p2a: Iron Crown|Quark Drive|[silent]\n|\n|upkeep\n|\n|t:|1783572848\n|switch|p2a: Ninetales|Ninetales, L85, M|100/100\n|-weather|SunnyDay|[from] ability: Drought|[of] p2a: Ninetales\n|turn|6\n|inactive|Time left: 300 sec this turn | 300 sec total\n|\n|t:|1783572849\n|switch|p1a: Tyranitar|Tyranitar, L78, M|284/284\n|-weather|Sandstorm|[from] ability: Sand Stream|[of] p1a: Tyranitar\n|move|p2a: Ninetales|Fire Blast|p1a: Tyranitar\n|-resisted|p1a: Tyranitar\n|-damage|p1a: Tyranitar|252/284\n|\n|-weather|Sandstorm|[upkeep]\n|-damage|p2a: Ninetales|94/100|[from] Sandstorm\n|-heal|p1a: Tyranitar|269/284|[from] item: Leftovers\n|upkeep\n|turn|7\n|inactive|Time left: 300 sec this turn | 300 sec total\n|\n|t:|1783572850\n|switch|p2a: Dunsparce|Dunsparce, L86, F|100/100\n|move|p1a: Tyranitar|Stone Edge|p2a: Dunsparce|[miss]\n|-miss|p1a: Tyranitar|p2a: Dunsparce\n|\n|-weather|Sandstorm|[upkeep]\n|-damage|p2a: Dunsparce|94/100|[from] Sandstorm\n|-heal|p1a: Tyranitar|284/284|[from] item: Leftovers\n|upkeep\n|turn|8\n|inactive|Time left: 300 sec this turn | 300 sec total\n|\n|t:|1783572851\n|move|p1a: Tyranitar|Knock Off|p2a: Dunsparce\n|-damage|p2a: Dunsparce|67/100\n|-enditem|p2a: Dunsparce|Eviolite|[from] move: Knock Off|[of] p1a: Tyranitar\n|move|p2a: Dunsparce|Coil|p2a: Dunsparce\n|-boost|p2a: Dunsparce|atk|1\n|-boost|p2a: Dunsparce|def|1\n|-boost|p2a: Dunsparce|accuracy|1\n|\n|-weather|Sandstorm|[upkeep]\n|-damage|p2a: Dunsparce|61/100|[from] Sandstorm\n|upkeep\n|turn|9\n|inactive|Time left: 300 sec this turn | 300 sec total\n|\n|t:|1783572852\n|move|p1a: Tyranitar|Stone Edge|p2a: Dunsparce\n|-damage|p2a: Dunsparce|32/100\n|move|p2a: Dunsparce|Earthquake|p1a: Tyranitar\n|-supereffective|p1a: Tyranitar\n|-crit|p1a: Tyranitar\n|-damage|p1a: Tyranitar|60/284\n|\n|-weather|Sandstorm|[upkeep]\n|-damage|p2a: Dunsparce|25/100|[from] Sandstorm\n|-heal|p1a: Tyranitar|77/284|[from] item: Leftovers\n|upkeep\n|turn|10\n|inactive|Time left: 300 sec this turn | 300 sec total\n|\n|t:|1783572853\n|move|p1a: Tyranitar|Stone Edge|p2a: Dunsparce\n|-damage|p2a: Dunsparce|0 fnt\n|faint|p2a: Dunsparce\n|\n|-weather|none\n|-heal|p1a: Tyranitar|94/284|[from] item: Leftovers\n|upkeep\n|\n|t:|1783572854\n|switch|p2a: Ninetales|Ninetales, L85, M|94/100\n|-weather|SunnyDay|[from] ability: Drought|[of] p2a: Ninetales\n|turn|11\n|inactive|Time left: 300 sec this turn | 300 sec total\n|\n|t:|1783572855\n|switch|p1a: Flygon|Flygon, L82, M|265/265\n|move|p2a: Ninetales|Solar Beam||[still]\n|-prepare|p2a: Ninetales|Solar Beam\n|-anim|p2a: Ninetales|Solar Beam|p1a: Flygon\n|-damage|p1a: Flygon|186/265\n|\n|-weather|SunnyDay|[upkeep]\n|upkeep\n|turn|12\n|inactive|Time left: 300 sec this turn | 300 sec total\n|\n|t:|1783572856\n|-terastallize|p2a: Ninetales|Grass\n|move|p1a: Flygon|Outrage|p2a: Ninetales\n|-damage|p2a: Ninetales|45/100\n|move|p2a: Ninetales|Nasty Plot|p2a: Ninetales\n|-boost|p2a: Ninetales|spa|2\n|\n|-weather|SunnyDay|[upkeep]\n|upkeep\n|turn|13\n|inactive|Time left: 300 sec this turn | 300 sec total\n|\n|t:|1783572857\n|switch|p2a: Persian|Persian-Alola, L86, F|100/100\n|move|p1a: Flygon|Outrage|p2a: Persian|[from] lockedmove\n|-damage|p2a: Persian|66/100\n|\n|-weather|SunnyDay|[upkeep]\n|upkeep\n|turn|14\n|inactive|Time left: 300 sec this turn | 300 sec total\n|\n|t:|1783572858\n|move|p1a: Flygon|Outrage|p2a: Persian|[from] lockedmove\n|-damage|p2a: Persian|34/100\n|-start|p1a: Flygon|confusion|[fatigue]\n|move|p2a: Persian|Nasty Plot|p2a: Persian\n|-boost|p2a: Persian|spa|2\n|\n|-weather|SunnyDay|[upkeep]\n|upkeep\n|turn|15\n|inactive|Time left: 300 sec this turn | 300 sec total\n|\n|t:|1783572859\n|-activate|p1a: Flygon|confusion\n|move|p1a: Flygon|Outrage|p2a: Persian\n|-damage|p2a: Persian|3/100\n|move|p2a: Persian|Dark Pulse|p1a: Flygon\n|-damage|p1a: Flygon|0 fnt\n|faint|p1a: Flygon\n|-damage|p2a: Persian|0 fnt|[from] item: Life Orb\n|faint|p2a: Persian\n|\n|-weather|none\n|upkeep\n|inactive|Time left: 300 sec this turn | 300 sec total | 5 sec grace\n|\n|t:|1783572860\n|switch|p2a: Cyclizar|Cyclizar, L84, M|100/100\n|switch|p1a: Barraskewda|Barraskewda, L81, M, tera:Fighting|231/231\n|turn|16\n|inactive|Time left: 300 sec this turn | 300 sec total\n|\n|t:|1783572861\n|switch|p2a: Ninetales|Ninetales, L85, M, tera:Grass|45/100\n|-weather|SunnyDay|[from] ability: Drought|[of] p2a: Ninetales\n|move|p1a: Barraskewda|Close Combat|p2a: Ninetales\n|-damage|p2a: Ninetales|0 fnt\n|-unboost|p1a: Barraskewda|def|1\n|-unboost|p1a: Barraskewda|spd|1\n|faint|p2a: Ninetales\n|\n|-weather|SunnyDay|[upkeep]\n|upkeep\n|\n|t:|1783572862\n|switch|p2a: Cyclizar|Cyclizar, L84, M|100/100\n|turn|17\n|inactive|Time left: 300 sec this turn | 300 sec total\n|\n|t:|1783572863\n|move|p1a: Barraskewda|Close Combat|p2a: Cyclizar\n|-supereffective|p2a: Cyclizar\n|-damage|p2a: Cyclizar|0 fnt\n|-unboost|p1a: Barraskewda|def|1\n|-unboost|p1a: Barraskewda|spd|1\n|faint|p2a: Cyclizar\n|\n|win|p0x293784dc", "uploadtime": 1783572863, "views": 0, "rating": 0, "private": 0, "password": null, "_winner": "p0x293784dc", "_our_name": "p0x293784dc"}