{"id": "battle-gen9randombattle-167", "formatid": "gen9randombattle", "format": "[Gen 9] Random Battle", "players": ["p0x167e7a1", "p0y16730cf"], "log": "|init|battle\n|title|p0x167e7a1 vs. p0y16730cf\n|j|\u2606p0x167e7a1\n|j|\u2606p0y16730cf\n|t:|1783541068\n|gametype|singles\n|player|p1|p0x167e7a1|1|\n|player|p2|p0y16730cf|1|\n|gen|9\n|tier|[Gen 9] Random Battle\n|rule|Species Clause: Limit one of each Pok\u00e9mon\n|rule|HP Percentage Mod: HP is shown in percentages\n|rule|Sleep Clause Mod: Limit one foe put to sleep\n|rule|Illusion Level Mod: Illusion disguises the Pok\u00e9mon's true level\n|\n|t:|1783541068\n|teamsize|p1|6\n|teamsize|p2|6\n|start\n|switch|p1a: Falinks|Falinks, L84|100/100\n|switch|p2a: Bisharp|Bisharp, L79, M|232/232\n|turn|1\n|inactive|Battle timer is ON: inactive players will automatically lose when time's up. (requested by p0y16730cf)\n|inactive|p0x167e7a1 also wants the timer to be on.\n|\n|t:|1783541070\n|move|p1a: Falinks|No Retreat|p1a: Falinks\n|-boost|p1a: Falinks|atk|1\n|-boost|p1a: Falinks|def|1\n|-boost|p1a: Falinks|spa|1\n|-boost|p1a: Falinks|spd|1\n|-boost|p1a: Falinks|spe|1\n|-start|p1a: Falinks|move: No Retreat\n|move|p2a: Bisharp|Swords Dance|p2a: Bisharp\n|-boost|p2a: Bisharp|atk|2\n|\n|upkeep\n|turn|2\n|inactive|Time left: 300 sec this turn | 300 sec total\n|\n|t:|1783541071\n|-terastallize|p2a: Bisharp|Flying\n|move|p1a: Falinks|Knock Off|p2a: Bisharp\n|-damage|p2a: Bisharp|145/232\n|-enditem|p2a: Bisharp|Eviolite|[from] move: Knock Off|[of] p1a: Falinks\n|-damage|p1a: Falinks|91/100|[from] item: Life Orb\n|move|p2a: Bisharp|Iron Head|p1a: Falinks\n|-damage|p1a: Falinks|48/100\n|\n|upkeep\n|turn|3\n|inactive|Time left: 300 sec this turn | 300 sec total\n|\n|t:|1783541072\n|move|p1a: Falinks|Iron Head|p2a: Bisharp\n|-damage|p2a: Bisharp|42/232\n|-damage|p1a: Falinks|38/100|[from] item: Life Orb\n|move|p2a: Bisharp|Iron Head|p1a: Falinks\n|-damage|p1a: Falinks|0 fnt\n|faint|p1a: Falinks\n|\n|upkeep\n|\n|t:|1783541073\n|switch|p1a: Heracross|Heracross, L80, M|100/100\n|turn|4\n|inactive|Time left: 300 sec this turn | 300 sec total\n|\n|t:|1783541074\n|move|p2a: Bisharp|Sucker Punch|p1a: Heracross\n|-resisted|p1a: Heracross\n|-damage|p1a: Heracross|64/100\n|move|p1a: Heracross|Megahorn|p2a: Bisharp\n|-resisted|p2a: Bisharp\n|-damage|p2a: Bisharp|0 fnt\n|faint|p2a: Bisharp\n|-ability|p1a: Heracross|Moxie|boost\n|-boost|p1a: Heracross|atk|1\n|\n|upkeep\n|inactive|Time left: 300 sec this turn | 300 sec total | 5 sec grace\n|\n|t:|1783541075\n|switch|p2a: Comfey|Comfey, L85, F|225/225\n|turn|5\n|inactive|Time left: 300 sec this turn | 300 sec total\n|\n|t:|1783541076\n|move|p2a: Comfey|Calm Mind|p2a: Comfey\n|-boost|p2a: Comfey|spa|1\n|-boost|p2a: Comfey|spd|1\n|move|p1a: Heracross|Megahorn|p2a: Comfey\n|-resisted|p2a: Comfey\n|-damage|p2a: Comfey|77/225\n|\n|-heal|p2a: Comfey|91/225|[from] item: Leftovers\n|upkeep\n|turn|6\n|inactive|Time left: 300 sec this turn | 300 sec total\n|\n|t:|1783541077\n|-terastallize|p1a: Heracross|Bug\n|move|p2a: Comfey|Draining Kiss|p1a: Heracross\n|-damage|p1a: Heracross|38/100\n|-heal|p2a: Comfey|143/225|[from] drain|[of] p1a: Heracross\n|move|p1a: Heracross|Megahorn|p2a: Comfey\n|-resisted|p2a: Comfey\n|-damage|p2a: Comfey|0 fnt\n|faint|p2a: Comfey\n|-ability|p1a: Heracross|Moxie|boost\n|-boost|p1a: Heracross|atk|1\n|\n|upkeep\n|inactive|Time left: 300 sec this turn | 300 sec total | 5 sec grace\n|\n|t:|1783541078\n|switch|p2a: Donphan|Donphan, L84, F|288/288\n|turn|7\n|inactive|Time left: 300 sec this turn | 300 sec total\n|\n|t:|1783541079\n|move|p1a: Heracross|Megahorn|p2a: Donphan|[miss]\n|-miss|p1a: Heracross|p2a: Donphan\n|move|p2a: Donphan|Rapid Spin|p1a: Heracross\n|-crit|p1a: Heracross\n|-damage|p1a: Heracross|9/100\n|-boost|p2a: Donphan|spe|1\n|\n|upkeep\n|turn|8\n|inactive|Time left: 300 sec this turn | 300 sec total\n|\n|t:|1783541080\n|switch|p1a: Gogoat|Gogoat, L88, M|100/100\n|move|p2a: Donphan|Knock Off|p1a: Gogoat\n|-damage|p1a: Gogoat|74/100\n|-enditem|p1a: Gogoat|Leftovers|[from] move: Knock Off|[of] p2a: Donphan\n|\n|upkeep\n|turn|9\n|inactive|Time left: 300 sec this turn | 300 sec total\n|\n|t:|1783541082\n|move|p2a: Donphan|Ice Spinner|p1a: Gogoat\n|-supereffective|p1a: Gogoat\n|-damage|p1a: Gogoat|29/100\n|move|p1a: Gogoat|Horn Leech|p2a: Donphan\n|-supereffective|p2a: Donphan\n|-damage|p2a: Donphan|154/288\n|-heal|p1a: Gogoat|47/100|[from] drain|[of] p2a: Donphan\n|\n|upkeep\n|turn|10\n|inactive|Time left: 300 sec this turn | 300 sec total\n|\n|t:|1783541083\n|move|p2a: Donphan|Ice Spinner|p1a: Gogoat\n|-supereffective|p1a: Gogoat\n|-damage|p1a: Gogoat|0 fnt\n|faint|p1a: Gogoat\n|\n|upkeep\n|\n|t:|1783541084\n|switch|p1a: Dachsbun|Dachsbun, L92, M|100/100\n|turn|11\n|inactive|Time left: 300 sec this turn | 300 sec total\n|\n|t:|1783541085\n|move|p1a: Dachsbun|Play Rough|p2a: Donphan\n|-damage|p2a: Donphan|84/288\n|move|p2a: Donphan|Knock Off|p1a: Dachsbun\n|-resisted|p1a: Dachsbun\n|-damage|p1a: Dachsbun|89/100\n|-enditem|p1a: Dachsbun|Leftovers|[from] move: Knock Off|[of] p2a: Donphan\n|\n|upkeep\n|turn|12\n|inactive|Time left: 300 sec this turn | 300 sec total\n|\n|t:|1783541086\n|move|p1a: Dachsbun|Body Press|p2a: Donphan\n|-damage|p2a: Donphan|18/288\n|move|p2a: Donphan|Earthquake|p1a: Dachsbun\n|-damage|p1a: Dachsbun|54/100\n|\n|upkeep\n|turn|13\n|inactive|Time left: 300 sec this turn | 300 sec total\n|\n|t:|1783541087\n|switch|p2a: Bellibolt|Bellibolt, L84, F|320/320\n|move|p1a: Dachsbun|Body Press|p2a: Bellibolt\n|-damage|p2a: Bellibolt|248/320\n|-start|p2a: Bellibolt|Charge|Body Press|[from] ability: Electromorphosis\n|\n|-heal|p2a: Bellibolt|268/320|[from] item: Leftovers\n|upkeep\n|turn|14\n|inactive|Time left: 300 sec this turn | 300 sec total\n|\n|t:|1783541089\n|move|p1a: Dachsbun|Play Rough|p2a: Bellibolt\n|-damage|p2a: Bellibolt|166/320\n|-start|p2a: Bellibolt|Charge|Play Rough|[from] ability: Electromorphosis\n|move|p2a: Bellibolt|Thunderbolt|p1a: Dachsbun\n|-damage|p1a: Dachsbun|0 fnt\n|faint|p1a: Dachsbun\n|-end|p2a: Bellibolt|Charge|[silent]\n|\n|-heal|p2a: Bellibolt|186/320|[from] item: Leftovers\n|upkeep\n|\n|t:|1783541089\n|switch|p1a: Heracross|Heracross, L80, M, tera:Bug|9/100\n|turn|15\n|inactive|Time left: 300 sec this turn | 300 sec total\n|\n|t:|1783541091\n|switch|p2a: Donphan|Donphan, L84, F|18/288\n|move|p1a: Heracross|Close Combat|p2a: Donphan\n|-damage|p2a: Donphan|0 fnt\n|-unboost|p1a: Heracross|def|1\n|-unboost|p1a: Heracross|spd|1\n|faint|p2a: Donphan\n|-ability|p1a: Heracross|Moxie|boost\n|-boost|p1a: Heracross|atk|1\n|\n|upkeep\n|inactive|Time left: 300 sec this turn | 300 sec total | 5 sec grace\n|\n|t:|1783541092\n|switch|p2a: Appletun|Appletun, L92, F|352/352\n|turn|16\n|inactive|Time left: 300 sec this turn | 300 sec total\n|\n|t:|1783541093\n|move|p1a: Heracross|Close Combat|p2a: Appletun\n|-damage|p2a: Appletun|19/352\n|-unboost|p1a: Heracross|def|1\n|-unboost|p1a: Heracross|spd|1\n|move|p2a: Appletun|Dragon Tail|p1a: Heracross|[miss]\n|-miss|p2a: Appletun|p1a: Heracross\n|\n|-heal|p2a: Appletun|41/352|[from] item: Leftovers\n|upkeep\n|turn|17\n|inactive|Time left: 300 sec this turn | 300 sec total\n|\n|t:|1783541094\n|move|p1a: Heracross|Close Combat|p2a: Appletun\n|-damage|p2a: Appletun|0 fnt\n|-unboost|p1a: Heracross|def|1\n|-unboost|p1a: Heracross|spd|1\n|faint|p2a: Appletun\n|-ability|p1a: Heracross|Moxie|boost\n|-boost|p1a: Heracross|atk|1\n|\n|upkeep\n|inactive|Time left: 300 sec this turn | 300 sec total | 5 sec grace\n|\n|t:|1783541095\n|switch|p2a: Arboliva|Arboliva, L91, M|288/288\n|turn|18\n|inactive|Time left: 300 sec this turn | 300 sec total\n|\n|t:|1783541096\n|move|p2a: Arboliva|Protect|p2a: Arboliva\n|-singleturn|p2a: Arboliva|Protect\n|move|p1a: Heracross|Close Combat|p2a: Arboliva\n|-activate|p2a: Arboliva|move: Protect\n|\n|upkeep\n|turn|19\n|inactive|Time left: 300 sec this turn | 300 sec total\n|\n|t:|1783541097\n|move|p2a: Arboliva|Protect|p2a: Arboliva\n|-singleturn|p2a: Arboliva|Protect\n|move|p1a: Heracross|Close Combat|p2a: Arboliva\n|-activate|p2a: Arboliva|move: Protect\n|\n|upkeep\n|turn|20\n|inactive|Time left: 300 sec this turn | 300 sec total\n|\n|t:|1783541097\n|move|p2a: Arboliva|Protect||[still]\n|-fail|p2a: Arboliva\n|move|p1a: Heracross|Close Combat|p2a: Arboliva\n|-supereffective|p2a: Arboliva\n|-damage|p2a: Arboliva|0 fnt\n|-unboost|p1a: Heracross|def|1\n|-unboost|p1a: Heracross|spd|1\n|faint|p2a: Arboliva\n|-ability|p1a: Heracross|Moxie|boost\n|-boost|p1a: Heracross|atk|1\n|\n|upkeep\n|inactive|Time left: 300 sec this turn | 300 sec total | 5 sec grace\n|\n|t:|1783541098\n|switch|p2a: Bellibolt|Bellibolt, L84, F|186/320\n|turn|21\n|inactive|Time left: 300 sec this turn | 300 sec total\n|\n|t:|1783541099\n|move|p1a: Heracross|Close Combat|p2a: Bellibolt\n|-damage|p2a: Bellibolt|0 fnt\n|-unboost|p1a: Heracross|def|1\n|-unboost|p1a: Heracross|spd|1\n|faint|p2a: Bellibolt\n|\n|win|p0x167e7a1", "uploadtime": 1783541099, "views": 0, "rating": 0, "private": 0, "password": null, "_winner": "p0x167e7a1", "_our_name": "p0y16730cf"}