{"id": "battle-gen9randombattle-1629", "formatid": "gen9randombattle", "format": "[Gen 9] Random Battle", "players": ["p0x16291307", "p0y1629de0f"], "log": "|init|battle\n|title|p0x16291307 vs. p0y1629de0f\n|j|\u2606p0x16291307\n|j|\u2606p0y1629de0f\n|t:|1783558103\n|gametype|singles\n|player|p1|p0x16291307|170|\n|player|p2|p0y1629de0f|170|\n|gen|9\n|tier|[Gen 9] Random Battle\n|rule|Species Clause: Limit one of each Pok\u00e9mon\n|rule|HP Percentage Mod: HP is shown in percentages\n|rule|Sleep Clause Mod: Limit one foe put to sleep\n|rule|Illusion Level Mod: Illusion disguises the Pok\u00e9mon's true level\n|\n|t:|1783558103\n|teamsize|p1|6\n|teamsize|p2|6\n|start\n|switch|p1a: Ludicolo|Ludicolo, L90, F|290/290\n|switch|p2a: Medicham|Medicham, L86, F|100/100\n|turn|1\n|inactive|Battle timer is ON: inactive players will automatically lose when time's up. (requested by p0y1629de0f)\n|inactive|Time left: 300 sec this turn | 300 sec total | 60 sec grace\n|inactive|p0x16291307 also wants the timer to be on.\n|\n|t:|1783558105\n|move|p2a: Medicham|Close Combat|p1a: Ludicolo\n|-damage|p1a: Ludicolo|0 fnt\n|-unboost|p2a: Medicham|def|1\n|-unboost|p2a: Medicham|spd|1\n|faint|p1a: Ludicolo\n|\n|upkeep\n|inactive|Time left: 300 sec this turn | 300 sec total | 65 sec grace\n|\n|t:|1783558106\n|switch|p1a: Kricketune|Kricketune, L99, M|312/312\n|turn|2\n|inactive|Time left: 300 sec this turn | 300 sec total\n|\n|t:|1783558108\n|switch|p2a: Overqwil|Overqwil, L82, F|100/100\n|-ability|p2a: Overqwil|Intimidate|boost\n|-unboost|p1a: Kricketune|atk|1\n|move|p1a: Kricketune|Sticky Web|p2a: Overqwil\n|-sidestart|p2: p0y1629de0f|move: Sticky Web\n|\n|upkeep\n|turn|3\n|inactive|Time left: 300 sec this turn | 300 sec total\n|\n|t:|1783558109\n|switch|p1a: Incineroar|Incineroar, L82, M|290/290\n|-ability|p1a: Incineroar|Intimidate|boost\n|-unboost|p2a: Overqwil|atk|1\n|move|p2a: Overqwil|Gunk Shot|p1a: Incineroar|[miss]\n|-miss|p2a: Overqwil|p1a: Incineroar\n|\n|upkeep\n|turn|4\n|inactive|Time left: 300 sec this turn | 300 sec total\n|\n|t:|1783558110\n|move|p1a: Incineroar|Knock Off|p2a: Overqwil\n|-resisted|p2a: Overqwil\n|-damage|p2a: Overqwil|80/100\n|-enditem|p2a: Overqwil|Choice Band|[from] move: Knock Off|[of] p1a: Incineroar\n|move|p2a: Overqwil|Gunk Shot|p1a: Incineroar|[miss]\n|-miss|p2a: Overqwil|p1a: Incineroar\n|\n|upkeep\n|turn|5\n|inactive|Time left: 300 sec this turn | 300 sec total\n|\n|t:|1783558111\n|move|p1a: Incineroar|Knock Off|p2a: Overqwil\n|-resisted|p2a: Overqwil\n|-damage|p2a: Overqwil|65/100\n|move|p2a: Overqwil|Gunk Shot|p1a: Incineroar\n|-damage|p1a: Incineroar|196/290\n|\n|upkeep\n|turn|6\n|inactive|Time left: 300 sec this turn | 300 sec total\n|\n|t:|1783558113\n|move|p1a: Incineroar|Knock Off|p2a: Overqwil\n|-resisted|p2a: Overqwil\n|-damage|p2a: Overqwil|52/100\n|move|p2a: Overqwil|Gunk Shot|p1a: Incineroar\n|-damage|p1a: Incineroar|100/290\n|\n|upkeep\n|turn|7\n|inactive|Time left: 300 sec this turn | 300 sec total\n|\n|t:|1783558114\n|move|p1a: Incineroar|Knock Off|p2a: Overqwil\n|-resisted|p2a: Overqwil\n|-damage|p2a: Overqwil|40/100\n|move|p2a: Overqwil|Gunk Shot|p1a: Incineroar\n|-damage|p1a: Incineroar|12/290\n|\n|upkeep\n|turn|8\n|inactive|Time left: 300 sec this turn | 300 sec total\n|\n|t:|1783558115\n|switch|p1a: Sudowoodo|Sudowoodo, L94, M|284/284\n|move|p2a: Overqwil|Crunch|p1a: Sudowoodo\n|-damage|p1a: Sudowoodo|241/284\n|\n|upkeep\n|turn|9\n|inactive|Time left: 300 sec this turn | 300 sec total\n|\n|t:|1783558116\n|move|p2a: Overqwil|Liquidation|p1a: Sudowoodo\n|-supereffective|p1a: Sudowoodo\n|-damage|p1a: Sudowoodo|173/284\n|move|p1a: Sudowoodo|Earthquake|p2a: Overqwil\n|-supereffective|p2a: Overqwil\n|-damage|p2a: Overqwil|0 fnt\n|faint|p2a: Overqwil\n|\n|upkeep\n|\n|t:|1783558116\n|switch|p2a: Tropius|Tropius, L91, M|100/100\n|turn|10\n|inactive|Time left: 300 sec this turn | 300 sec total\n|\n|t:|1783558117\n|move|p2a: Tropius|Dragon Dance|p2a: Tropius\n|-boost|p2a: Tropius|atk|1\n|-boost|p2a: Tropius|spe|1\n|move|p1a: Sudowoodo|Earthquake|p2a: Tropius\n|-immune|p2a: Tropius\n|\n|upkeep\n|turn|11\n|inactive|Time left: 300 sec this turn | 300 sec total\n|\n|t:|1783558118\n|switch|p1a: Incineroar|Incineroar, L82, M|12/290\n|-ability|p1a: Incineroar|Intimidate|boost\n|-unboost|p2a: Tropius|atk|1\n|move|p2a: Tropius|Dragon Dance|p2a: Tropius\n|-boost|p2a: Tropius|atk|1\n|-boost|p2a: Tropius|spe|1\n|\n|upkeep\n|turn|12\n|inactive|Time left: 300 sec this turn | 300 sec total\n|\n|t:|1783558119\n|move|p2a: Tropius|Earthquake|p1a: Incineroar\n|-supereffective|p1a: Incineroar\n|-damage|p1a: Incineroar|0 fnt\n|faint|p1a: Incineroar\n|\n|upkeep\n|inactive|Time left: 300 sec this turn | 300 sec total | 5 sec grace\n|\n|t:|1783558120\n|switch|p1a: Chandelure|Chandelure, L83, F|235/235\n|turn|13\n|inactive|Time left: 300 sec this turn | 300 sec total\n|\n|t:|1783558121\n|switch|p1a: Kricketune|Kricketune, L99, M|312/312\n|-terastallize|p2a: Tropius|Ground\n|move|p2a: Tropius|Earthquake|p1a: Kricketune\n|-resisted|p1a: Kricketune\n|-damage|p1a: Kricketune|230/312\n|\n|upkeep\n|turn|14\n|inactive|Time left: 300 sec this turn | 300 sec total\n|\n|t:|1783558122\n|move|p2a: Tropius|Dual Wingbeat|p1a: Kricketune\n|-supereffective|p1a: Kricketune\n|-damage|p1a: Kricketune|90/312\n|-supereffective|p1a: Kricketune\n|-damage|p1a: Kricketune|0 fnt\n|faint|p1a: Kricketune\n|-hitcount|p1: Kricketune|2\n|\n|upkeep\n|inactive|Time left: 300 sec this turn | 300 sec total | 5 sec grace\n|\n|t:|1783558123\n|switch|p1a: Veluza|Veluza, L85, M|292/292\n|turn|15\n|inactive|Time left: 300 sec this turn | 300 sec total\n|\n|t:|1783558124\n|move|p2a: Tropius|Leaf Blade|p1a: Veluza\n|-supereffective|p1a: Veluza\n|-damage|p1a: Veluza|14/292\n|move|p1a: Veluza|Aqua Cutter|p2a: Tropius\n|-supereffective|p2a: Tropius\n|-damage|p2a: Tropius|0 fnt\n|faint|p2a: Tropius\n|\n|upkeep\n|\n|t:|1783558125\n|switch|p2a: Vaporeon|Vaporeon, L86, F|100/100\n|-activate|p2a: Vaporeon|move: Sticky Web\n|-unboost|p2a: Vaporeon|spe|1\n|turn|16\n|inactive|Time left: 300 sec this turn | 300 sec total\n|\n|t:|1783558126\n|move|p1a: Veluza|Aqua Cutter|p2a: Vaporeon\n|-immune|p2a: Vaporeon|[from] ability: Water Absorb\n|move|p2a: Vaporeon|Haze|p2a: Vaporeon\n|-clearallboost\n|\n|upkeep\n|turn|17\n|inactive|Time left: 300 sec this turn | 300 sec total\n|\n|t:|1783558127\n|move|p1a: Veluza|Aqua Cutter|p2a: Vaporeon\n|-immune|p2a: Vaporeon|[from] ability: Water Absorb\n|move|p2a: Vaporeon|Scald|p1a: Veluza\n|-resisted|p1a: Veluza\n|-damage|p1a: Veluza|0 fnt\n|faint|p1a: Veluza\n|\n|upkeep\n|inactive|Time left: 300 sec this turn | 300 sec total | 5 sec grace\n|\n|t:|1783558128\n|switch|p1a: Chandelure|Chandelure, L83, F|235/235\n|turn|18\n|inactive|Time left: 300 sec this turn | 300 sec total\n|\n|t:|1783558130\n|move|p1a: Chandelure|Energy Ball|p2a: Vaporeon\n|-supereffective|p2a: Vaporeon\n|-damage|p2a: Vaporeon|60/100\n|move|p2a: Vaporeon|Scald|p1a: Chandelure\n|-supereffective|p1a: Chandelure\n|-damage|p1a: Chandelure|53/235\n|\n|-heal|p2a: Vaporeon|66/100|[from] item: Leftovers\n|upkeep\n|turn|19\n|inactive|Time left: 300 sec this turn | 300 sec total\n|\n|t:|1783558131\n|move|p1a: Chandelure|Energy Ball|p2a: Vaporeon\n|-supereffective|p2a: Vaporeon\n|-damage|p2a: Vaporeon|18/100\n|-unboost|p2a: Vaporeon|spd|1\n|move|p2a: Vaporeon|Scald|p1a: Chandelure\n|-supereffective|p1a: Chandelure\n|-damage|p1a: Chandelure|0 fnt\n|faint|p1a: Chandelure\n|\n|-heal|p2a: Vaporeon|24/100|[from] item: Leftovers\n|upkeep\n|inactive|Time left: 300 sec this turn | 300 sec total | 5 sec grace\n|\n|t:|1783558132\n|switch|p1a: Sudowoodo|Sudowoodo, L94, M|173/284\n|turn|20\n|inactive|Time left: 300 sec this turn | 300 sec total\n|\n|t:|1783558133\n|-terastallize|p1a: Sudowoodo|Rock\n|move|p1a: Sudowoodo|Sucker Punch|p2a: Vaporeon\n|-damage|p2a: Vaporeon|0 fnt\n|faint|p2a: Vaporeon\n|\n|upkeep\n|\n|t:|1783558134\n|switch|p2a: Medicham|Medicham, L86, F|100/100\n|-activate|p2a: Medicham|move: Sticky Web\n|-unboost|p2a: Medicham|spe|1\n|turn|21\n|inactive|Time left: 300 sec this turn | 300 sec total\n|\n|t:|1783558135\n|move|p1a: Sudowoodo|Sucker Punch|p2a: Medicham\n|-damage|p2a: Medicham|56/100\n|move|p2a: Medicham|Close Combat|p1a: Sudowoodo\n|-supereffective|p1a: Sudowoodo\n|-damage|p1a: Sudowoodo|0 fnt\n|-unboost|p2a: Medicham|def|1\n|-unboost|p2a: Medicham|spd|1\n|faint|p1a: Sudowoodo\n|\n|win|p0y1629de0f", "uploadtime": 1783558135, "views": 0, "rating": 0, "private": 0, "password": null, "_winner": "p0y1629de0f", "_our_name": "p0x16291307"}