{"id": "battle-gen9randombattle-2483", "formatid": "gen9randombattle", "format": "[Gen 9] Random Battle", "players": ["p0x2483e19e", "p0y248370f4"], "log": "|init|battle\n|title|p0x2483e19e vs. p0y248370f4\n|j|\u2606p0x2483e19e\n|j|\u2606p0y248370f4\n|t:|1783567827\n|gametype|singles\n|player|p1|p0x2483e19e|1|\n|player|p2|p0y248370f4|169|\n|gen|9\n|tier|[Gen 9] Random Battle\n|rule|Species Clause: Limit one of each Pok\u00e9mon\n|rule|HP Percentage Mod: HP is shown in percentages\n|rule|Sleep Clause Mod: Limit one foe put to sleep\n|rule|Illusion Level Mod: Illusion disguises the Pok\u00e9mon's true level\n|\n|t:|1783567827\n|teamsize|p1|6\n|teamsize|p2|6\n|start\n|switch|p1a: Oricorio|Oricorio-Pom-Pom, L82, F|257/257\n|switch|p2a: Weavile|Weavile, L79, F|100/100\n|turn|1\n|inactive|Battle timer is ON: inactive players will automatically lose when time's up. (requested by p0y248370f4)\n|inactive|Time left: 300 sec this turn | 300 sec total | 60 sec grace\n|inactive|p0x2483e19e also wants the timer to be on.\n|\n|t:|1783567829\n|switch|p1a: Magmortar|Magmortar, L88, F|275/275\n|move|p2a: Weavile|Triple Axel|p1a: Magmortar\n|-resisted|p1a: Magmortar\n|-damage|p1a: Magmortar|263/275\n|-hitcount|p1a: Magmortar|1\n|\n|upkeep\n|turn|2\n|inactive|Time left: 300 sec this turn | 300 sec total\n|\n|t:|1783567830\n|switch|p2a: Tatsugiri|Tatsugiri, L87, M|100/100\n|move|p1a: Magmortar|Fire Blast|p2a: Tatsugiri\n|-resisted|p2a: Tatsugiri\n|-damage|p2a: Tatsugiri|88/100\n|\n|upkeep\n|turn|3\n|inactive|Time left: 300 sec this turn | 300 sec total\n|\n|t:|1783567831\n|move|p1a: Magmortar|Knock Off|p2a: Tatsugiri\n|-damage|p2a: Tatsugiri|54/100\n|-enditem|p2a: Tatsugiri|Heavy-Duty Boots|[from] move: Knock Off|[of] p1a: Magmortar\n|move|p2a: Tatsugiri|Surf|p1a: Magmortar\n|-supereffective|p1a: Magmortar\n|-damage|p1a: Magmortar|27/275\n|\n|upkeep\n|turn|4\n|inactive|Time left: 300 sec this turn | 300 sec total\n|\n|t:|1783567832\n|move|p1a: Magmortar|Thunderbolt|p2a: Tatsugiri\n|-damage|p2a: Tatsugiri|26/100\n|move|p2a: Tatsugiri|Surf|p1a: Magmortar\n|-supereffective|p1a: Magmortar\n|-crit|p1a: Magmortar\n|-damage|p1a: Magmortar|0 fnt\n|faint|p1a: Magmortar\n|\n|upkeep\n|inactive|Time left: 300 sec this turn | 300 sec total | 5 sec grace\n|\n|t:|1783567832\n|switch|p1a: Zacian|Zacian, L69|241/241\n|-ability|p1a: Zacian|Intrepid Sword|boost\n|-boost|p1a: Zacian|atk|1\n|turn|5\n|inactive|Time left: 300 sec this turn | 300 sec total\n|\n|t:|1783567833\n|switch|p2a: Mesprit|Mesprit, L85|100/100\n|move|p1a: Zacian|Play Rough|p2a: Mesprit\n|-damage|p2a: Mesprit|47/100\n|\n|-heal|p2a: Mesprit|53/100|[from] item: Leftovers\n|upkeep\n|turn|6\n|inactive|Time left: 300 sec this turn | 300 sec total\n|\n|t:|1783567834\n|-terastallize|p2a: Mesprit|Steel\n|move|p1a: Zacian|Play Rough|p2a: Mesprit\n|-resisted|p2a: Mesprit\n|-damage|p2a: Mesprit|26/100\n|-unboost|p2a: Mesprit|atk|1\n|move|p2a: Mesprit|Psychic Noise|p1a: Zacian\n|-damage|p1a: Zacian|147/241\n|-start|p1a: Zacian|move: Heal Block\n|\n|-heal|p2a: Mesprit|32/100|[from] item: Leftovers\n|upkeep\n|turn|7\n|inactive|Time left: 300 sec this turn | 300 sec total\n|\n|t:|1783567835\n|move|p1a: Zacian|Play Rough|p2a: Mesprit\n|-resisted|p2a: Mesprit\n|-damage|p2a: Mesprit|7/100\n|move|p2a: Mesprit|Thunder Wave|p1a: Zacian\n|-status|p1a: Zacian|par\n|\n|-heal|p2a: Mesprit|13/100|[from] item: Leftovers\n|-end|p1a: Zacian|move: Heal Block\n|upkeep\n|turn|8\n|inactive|Time left: 300 sec this turn | 300 sec total\n|\n|t:|1783567836\n|move|p2a: Mesprit|Psychic Noise|p1a: Zacian\n|-damage|p1a: Zacian|63/241 par\n|-start|p1a: Zacian|move: Heal Block\n|move|p1a: Zacian|Play Rough|p2a: Mesprit\n|-resisted|p2a: Mesprit\n|-damage|p2a: Mesprit|0 fnt\n|faint|p2a: Mesprit\n|\n|upkeep\n|\n|t:|1783567837\n|switch|p2a: Kricketune|Kricketune, L99, F|100/100\n|turn|9\n|inactive|Time left: 300 sec this turn | 300 sec total\n|\n|t:|1783567838\n|move|p2a: Kricketune|Sticky Web|p1a: Zacian\n|-sidestart|p1: p0x2483e19e|move: Sticky Web\n|move|p1a: Zacian|Play Rough|p2a: Kricketune\n|-damage|p2a: Kricketune|34/100\n|-unboost|p2a: Kricketune|atk|1\n|\n|-end|p1a: Zacian|move: Heal Block\n|upkeep\n|turn|10\n|inactive|Time left: 300 sec this turn | 300 sec total\n|\n|t:|1783567839\n|switch|p2a: Garganacl|Garganacl, L80, F|100/100\n|move|p1a: Zacian|Play Rough|p2a: Garganacl\n|-damage|p2a: Garganacl|54/100\n|-unboost|p2a: Garganacl|atk|1\n|\n|-heal|p2a: Garganacl|60/100|[from] item: Leftovers\n|upkeep\n|turn|11\n|inactive|Time left: 300 sec this turn | 300 sec total\n|\n|t:|1783567840\n|move|p1a: Zacian|Play Rough|p2a: Garganacl\n|-damage|p2a: Garganacl|16/100\n|move|p2a: Garganacl|Recover|p2a: Garganacl\n|-heal|p2a: Garganacl|66/100\n|\n|-heal|p2a: Garganacl|72/100|[from] item: Leftovers\n|upkeep\n|turn|12\n|inactive|Time left: 300 sec this turn | 300 sec total\n|\n|t:|1783567841\n|move|p1a: Zacian|Play Rough|p2a: Garganacl\n|-damage|p2a: Garganacl|24/100\n|move|p2a: Garganacl|Recover|p2a: Garganacl\n|-heal|p2a: Garganacl|74/100\n|\n|-heal|p2a: Garganacl|81/100|[from] item: Leftovers\n|upkeep\n|turn|13\n|inactive|Time left: 300 sec this turn | 300 sec total\n|\n|t:|1783567842\n|move|p1a: Zacian|Play Rough|p2a: Garganacl\n|-damage|p2a: Garganacl|37/100\n|move|p2a: Garganacl|Salt Cure|p1a: Zacian\n|-damage|p1a: Zacian|36/241 par\n|-start|p1a: Zacian|Salt Cure\n|\n|-heal|p2a: Garganacl|43/100|[from] item: Leftovers\n|-damage|p1a: Zacian|6/241 par|[from] Salt Cure\n|upkeep\n|turn|14\n|inactive|Time left: 300 sec this turn | 300 sec total\n|\n|t:|1783567843\n|cant|p1a: Zacian|par\n|move|p2a: Garganacl|Recover|p2a: Garganacl\n|-heal|p2a: Garganacl|94/100\n|\n|-heal|p2a: Garganacl|99/100|[from] item: Leftovers\n|-damage|p1a: Zacian|0 fnt|[from] Salt Cure\n|faint|p1a: Zacian\n|upkeep\n|inactive|Time left: 300 sec this turn | 300 sec total | 5 sec grace\n|\n|t:|1783567844\n|switch|p1a: Hatterene|Hatterene, L85, F|236/236\n|-activate|p1a: Hatterene|move: Sticky Web\n|-unboost|p1a: Hatterene|spe|1\n|turn|15\n|inactive|Time left: 300 sec this turn | 300 sec total\n|\n|t:|1783567845\n|move|p2a: Garganacl|Salt Cure|p1a: Hatterene\n|-damage|p1a: Hatterene|211/236\n|-start|p1a: Hatterene|Salt Cure\n|move|p1a: Hatterene|Calm Mind|p1a: Hatterene\n|-boost|p1a: Hatterene|spa|1\n|-boost|p1a: Hatterene|spd|1\n|\n|-heal|p2a: Garganacl|100/100|[from] item: Leftovers\n|-heal|p1a: Hatterene|225/236|[from] item: Leftovers\n|-damage|p1a: Hatterene|196/236|[from] Salt Cure\n|upkeep\n|turn|16\n|inactive|Time left: 300 sec this turn | 300 sec total\n|\n|t:|1783567846\n|move|p2a: Garganacl|Iron Defense|p2a: Garganacl\n|-boost|p2a: Garganacl|def|2\n|move|p1a: Hatterene|Calm Mind|p1a: Hatterene\n|-boost|p1a: Hatterene|spa|1\n|-boost|p1a: Hatterene|spd|1\n|\n|-heal|p1a: Hatterene|210/236|[from] item: Leftovers\n|-damage|p1a: Hatterene|181/236|[from] Salt Cure\n|upkeep\n|turn|17\n|inactive|Time left: 300 sec this turn | 300 sec total\n|\n|t:|1783567847\n|move|p2a: Garganacl|Iron Defense|p2a: Garganacl\n|-boost|p2a: Garganacl|def|2\n|move|p1a: Hatterene|Draining Kiss|p2a: Garganacl\n|-damage|p2a: Garganacl|48/100\n|-heal|p1a: Hatterene|236/236|[from] drain|[of] p2a: Garganacl\n|\n|-heal|p2a: Garganacl|54/100|[from] item: Leftovers\n|-damage|p1a: Hatterene|207/236|[from] Salt Cure\n|upkeep\n|turn|18\n|inactive|Time left: 300 sec this turn | 300 sec total\n|\n|t:|1783567848\n|move|p2a: Garganacl|Recover|p2a: Garganacl\n|-heal|p2a: Garganacl|100/100\n|move|p1a: Hatterene|Draining Kiss|p2a: Garganacl\n|-damage|p2a: Garganacl|54/100\n|-heal|p1a: Hatterene|236/236|[from] drain|[of] p2a: Garganacl\n|\n|-heal|p2a: Garganacl|60/100|[from] item: Leftovers\n|-damage|p1a: Hatterene|207/236|[from] Salt Cure\n|upkeep\n|turn|19\n|inactive|Time left: 300 sec this turn | 300 sec total\n|\n|t:|1783567849\n|-terastallize|p1a: Hatterene|Fairy\n|move|p2a: Garganacl|Recover|p2a: Garganacl\n|-heal|p2a: Garganacl|100/100\n|move|p1a: Hatterene|Draining Kiss|p2a: Garganacl\n|-damage|p2a: Garganacl|15/100\n|-heal|p1a: Hatterene|236/236|[from] drain|[of] p2a: Garganacl\n|\n|-heal|p2a: Garganacl|21/100|[from] item: Leftovers\n|-damage|p1a: Hatterene|207/236|[from] Salt Cure\n|upkeep\n|turn|20\n|inactive|Time left: 300 sec this turn | 300 sec total\n|\n|t:|1783567850\n|move|p2a: Garganacl|Body Press|p1a: Hatterene\n|-resisted|p1a: Hatterene\n|-damage|p1a: Hatterene|116/236\n|move|p1a: Hatterene|Draining Kiss|p2a: Garganacl\n|-damage|p2a: Garganacl|0 fnt\n|-heal|p1a: Hatterene|160/236|[from] drain|[of] p2a: Garganacl\n|faint|p2a: Garganacl\n|\n|-heal|p1a: Hatterene|174/236|[from] item: Leftovers\n|-damage|p1a: Hatterene|145/236|[from] Salt Cure\n|upkeep\n|\n|t:|1783567851\n|switch|p2a: Tauros|Tauros-Paldea-Combat, L82, M|100/100\n|-ability|p2a: Tauros|Intimidate|boost\n|-unboost|p1a: Hatterene|atk|1\n|turn|21\n|inactive|Time left: 300 sec this turn | 300 sec total\n|\n|t:|1783567852\n|move|p2a: Tauros|Iron Head|p1a: Hatterene\n|-supereffective|p1a: Hatterene\n|-damage|p1a: Hatterene|0 fnt\n|faint|p1a: Hatterene\n|\n|upkeep\n|inactive|Time left: 300 sec this turn | 300 sec total | 5 sec grace\n|\n|t:|1783567853\n|switch|p1a: Pincurchin|Pincurchin, M|258/258\n|-activate|p1a: Pincurchin|move: Sticky Web\n|-unboost|p1a: Pincurchin|spe|1\n|-fieldstart|move: Electric Terrain|[from] ability: Electric Surge|[of] p1a: Pincurchin\n|turn|22\n|inactive|Time left: 300 sec this turn | 300 sec total\n|\n|t:|1783567854\n|switch|p2a: Tatsugiri|Tatsugiri, L87, M|26/100\n|move|p1a: Pincurchin|Thunderbolt|p2a: Tatsugiri\n|-damage|p2a: Tatsugiri|0 fnt\n|faint|p2a: Tatsugiri\n|\n|upkeep\n|\n|t:|1783567855\n|switch|p2a: Kricketune|Kricketune, L99, F|34/100\n|turn|23\n|inactive|Time left: 300 sec this turn | 300 sec total\n|\n|t:|1783567856\n|move|p2a: Kricketune|Pounce|p1a: Pincurchin\n|-damage|p1a: Pincurchin|186/258\n|-unboost|p1a: Pincurchin|spe|1\n|move|p1a: Pincurchin|Thunderbolt|p2a: Kricketune\n|-damage|p2a: Kricketune|0 fnt\n|faint|p2a: Kricketune\n|\n|-heal|p1a: Pincurchin|202/258|[from] item: Leftovers\n|upkeep\n|\n|t:|1783567857\n|switch|p2a: Tauros|Tauros-Paldea-Combat, L82, M|100/100\n|-ability|p2a: Tauros|Intimidate|boost\n|-unboost|p1a: Pincurchin|atk|1\n|turn|24\n|inactive|Time left: 300 sec this turn | 300 sec total\n|\n|t:|1783567858\n|move|p2a: Tauros|Earthquake|p1a: Pincurchin\n|-supereffective|p1a: Pincurchin\n|-damage|p1a: Pincurchin|32/258\n|move|p1a: Pincurchin|Thunderbolt|p2a: Tauros\n|-damage|p2a: Tauros|26/100\n|\n|-heal|p1a: Pincurchin|48/258|[from] item: Leftovers\n|upkeep\n|turn|25\n|inactive|Time left: 300 sec this turn | 300 sec total\n|\n|t:|1783567859\n|switch|p1a: Oricorio|Oricorio-Pom-Pom, L82, F|257/257\n|move|p2a: Tauros|Earthquake|p1a: Oricorio\n|-immune|p1a: Oricorio\n|\n|upkeep\n|turn|26\n|inactive|Time left: 300 sec this turn | 300 sec total\n|\n|t:|1783567860\n|switch|p2a: Weavile|Weavile, L79, F|100/100\n|move|p1a: Oricorio|Hurricane|p2a: Weavile\n|-damage|p2a: Weavile|54/100\n|\n|-fieldend|move: Electric Terrain\n|upkeep\n|turn|27\n|inactive|Time left: 300 sec this turn | 300 sec total\n|\n|t:|1783567861\n|switch|p1a: Pincurchin|Pincurchin, M|48/258\n|-activate|p1a: Pincurchin|move: Sticky Web\n|-unboost|p1a: Pincurchin|spe|1\n|-fieldstart|move: Electric Terrain|[from] ability: Electric Surge|[of] p1a: Pincurchin\n|move|p2a: Weavile|Triple Axel|p1a: Pincurchin\n|-damage|p1a: Pincurchin|29/258\n|-damage|p1a: Pincurchin|0 fnt\n|faint|p1a: Pincurchin\n|-hitcount|p1: Pincurchin|2\n|\n|upkeep\n|inactive|Time left: 300 sec this turn | 300 sec total | 5 sec grace\n|\n|t:|1783567862\n|switch|p1a: Espeon|Espeon, L84, F|246/246\n|-activate|p1a: Espeon|move: Sticky Web\n|-unboost|p1a: Espeon|spe|1\n|turn|28\n|inactive|Time left: 300 sec this turn | 300 sec total\n|\n|t:|1783567863\n|move|p2a: Weavile|Knock Off|p1a: Espeon\n|-supereffective|p1a: Espeon\n|-damage|p1a: Espeon|0 fnt\n|-enditem|p1a: Espeon|Life Orb|[from] move: Knock Off|[of] p2a: Weavile\n|faint|p1a: Espeon\n|\n|upkeep\n|inactive|Time left: 300 sec this turn | 300 sec total | 5 sec grace\n|\n|t:|1783567864\n|switch|p1a: Oricorio|Oricorio-Pom-Pom, L82, F|257/257\n|turn|29\n|inactive|Time left: 300 sec this turn | 300 sec total\n|\n|t:|1783567865\n|move|p2a: Weavile|Triple Axel|p1a: Oricorio\n|-supereffective|p1a: Oricorio\n|-damage|p1a: Oricorio|203/257\n|-supereffective|p1a: Oricorio\n|-damage|p1a: Oricorio|101/257\n|-supereffective|p1a: Oricorio\n|-damage|p1a: Oricorio|0 fnt\n|faint|p1a: Oricorio\n|-hitcount|p1: Oricorio|3\n|\n|win|p0y248370f4", "uploadtime": 1783567865, "views": 0, "rating": 0, "private": 0, "password": null, "_winner": "p0y248370f4", "_our_name": "p0x2483e19e"}