{"id": "battle-gen9randombattle-721", "formatid": "gen9randombattle", "format": "[Gen 9] Random Battle", "players": ["p0x721fdd7", "p0y721c3d0"], "log": "|init|battle\n|title|p0x721fdd7 vs. p0y721c3d0\n|j|\u2606p0x721fdd7\n|j|\u2606p0y721c3d0\n|t:|1783547474\n|gametype|singles\n|player|p1|p0x721fdd7|102|\n|player|p2|p0y721c3d0|265|\n|gen|9\n|tier|[Gen 9] Random Battle\n|rule|Species Clause: Limit one of each Pok\u00e9mon\n|rule|HP Percentage Mod: HP is shown in percentages\n|rule|Sleep Clause Mod: Limit one foe put to sleep\n|rule|Illusion Level Mod: Illusion disguises the Pok\u00e9mon's true level\n|\n|t:|1783547474\n|teamsize|p1|6\n|teamsize|p2|6\n|start\n|switch|p1a: Ribombee|Ribombee, L83, M|100/100\n|switch|p2a: Comfey|Comfey, L85, F|225/225\n|turn|1\n|inactive|Battle timer is ON: inactive players will automatically lose when time's up. (requested by p0x721fdd7)\n|inactive|Time left: 300 sec this turn | 300 sec total | 60 sec grace\n|\n|t:|1783547476\n|move|p1a: Ribombee|Quiver Dance|p1a: Ribombee\n|-boost|p1a: Ribombee|spa|1\n|-boost|p1a: Ribombee|spd|1\n|-boost|p1a: Ribombee|spe|1\n|move|p2a: Comfey|Calm Mind|p2a: Comfey\n|-boost|p2a: Comfey|spa|1\n|-boost|p2a: Comfey|spd|1\n|\n|upkeep\n|turn|2\n|inactive|Time left: 300 sec this turn | 300 sec total\n|inactive|p0y721c3d0 also wants the timer to be on.\n|\n|t:|1783547477\n|move|p1a: Ribombee|Quiver Dance|p1a: Ribombee\n|-boost|p1a: Ribombee|spa|1\n|-boost|p1a: Ribombee|spd|1\n|-boost|p1a: Ribombee|spe|1\n|move|p2a: Comfey|Calm Mind|p2a: Comfey\n|-boost|p2a: Comfey|spa|1\n|-boost|p2a: Comfey|spd|1\n|\n|upkeep\n|turn|3\n|inactive|Time left: 300 sec this turn | 300 sec total\n|\n|t:|1783547478\n|move|p1a: Ribombee|Quiver Dance|p1a: Ribombee\n|-boost|p1a: Ribombee|spa|1\n|-boost|p1a: Ribombee|spd|1\n|-boost|p1a: Ribombee|spe|1\n|move|p2a: Comfey|Tera Blast|p1a: Ribombee\n|-damage|p1a: Ribombee|80/100\n|\n|upkeep\n|turn|4\n|inactive|Time left: 300 sec this turn | 300 sec total\n|\n|t:|1783547479\n|move|p1a: Ribombee|Moonblast|p2a: Comfey\n|-damage|p2a: Comfey|119/225\n|move|p2a: Comfey|Calm Mind|p2a: Comfey\n|-boost|p2a: Comfey|spa|1\n|-boost|p2a: Comfey|spd|1\n|\n|-heal|p2a: Comfey|133/225|[from] item: Leftovers\n|upkeep\n|turn|5\n|inactive|Time left: 300 sec this turn | 300 sec total\n|\n|t:|1783547480\n|move|p2a: Comfey|Draining Kiss|p1a: Ribombee\n|-damage|p1a: Ribombee|53/100\n|-heal|p2a: Comfey|181/225|[from] drain|[of] p1a: Ribombee\n|move|p1a: Ribombee|Moonblast|p2a: Comfey\n|-damage|p2a: Comfey|105/225\n|-unboost|p2a: Comfey|spa|1\n|\n|-heal|p2a: Comfey|119/225|[from] item: Leftovers\n|upkeep\n|turn|6\n|inactive|Time left: 300 sec this turn | 300 sec total\n|\n|t:|1783547481\n|move|p2a: Comfey|Draining Kiss|p1a: Ribombee\n|-damage|p1a: Ribombee|32/100\n|-heal|p2a: Comfey|156/225|[from] drain|[of] p1a: Ribombee\n|move|p1a: Ribombee|Moonblast|p2a: Comfey\n|-damage|p2a: Comfey|77/225\n|\n|-heal|p2a: Comfey|91/225|[from] item: Leftovers\n|upkeep\n|turn|7\n|inactive|Time left: 300 sec this turn | 300 sec total\n|\n|t:|1783547483\n|move|p2a: Comfey|Draining Kiss|p1a: Ribombee\n|-damage|p1a: Ribombee|10/100\n|-heal|p2a: Comfey|129/225|[from] drain|[of] p1a: Ribombee\n|move|p1a: Ribombee|Moonblast|p2a: Comfey\n|-damage|p2a: Comfey|54/225\n|-unboost|p2a: Comfey|spa|1\n|\n|-heal|p2a: Comfey|68/225|[from] item: Leftovers\n|upkeep\n|turn|8\n|inactive|Time left: 300 sec this turn | 300 sec total\n|\n|t:|1783547484\n|switch|p1a: Tyranitar|Tyranitar, L78, M|100/100\n|-weather|Sandstorm|[from] ability: Sand Stream|[of] p1a: Tyranitar\n|move|p2a: Comfey|Draining Kiss|p1a: Tyranitar\n|-supereffective|p1a: Tyranitar\n|-damage|p1a: Tyranitar|69/100\n|-heal|p2a: Comfey|136/225|[from] drain|[of] p1a: Tyranitar\n|-enditem|p1a: Tyranitar|Weakness Policy\n|-boost|p1a: Tyranitar|atk|2|[from] item: Weakness Policy\n|-boost|p1a: Tyranitar|spa|2|[from] item: Weakness Policy\n|\n|-weather|Sandstorm|[upkeep]\n|-damage|p2a: Comfey|122/225|[from] Sandstorm\n|-heal|p2a: Comfey|136/225|[from] item: Leftovers\n|upkeep\n|turn|9\n|inactive|Time left: 300 sec this turn | 300 sec total\n|\n|t:|1783547485\n|move|p2a: Comfey|Draining Kiss|p1a: Tyranitar\n|-supereffective|p1a: Tyranitar\n|-damage|p1a: Tyranitar|37/100\n|-heal|p2a: Comfey|204/225|[from] drain|[of] p1a: Tyranitar\n|move|p1a: Tyranitar|Stone Edge|p2a: Comfey\n|-damage|p2a: Comfey|0 fnt\n|faint|p2a: Comfey\n|\n|-weather|Sandstorm|[upkeep]\n|upkeep\n|inactive|Time left: 300 sec this turn | 300 sec total | 5 sec grace\n|\n|t:|1783547487\n|switch|p2a: Seviper|Seviper, L93, M|287/287\n|turn|10\n|inactive|Time left: 300 sec this turn | 300 sec total\n|\n|t:|1783547488\n|move|p2a: Seviper|Earthquake|p1a: Tyranitar\n|-supereffective|p1a: Tyranitar\n|-damage|p1a: Tyranitar|0 fnt\n|faint|p1a: Tyranitar\n|-damage|p2a: Seviper|259/287|[from] item: Life Orb\n|\n|-weather|Sandstorm|[upkeep]\n|-damage|p2a: Seviper|242/287|[from] Sandstorm\n|upkeep\n|\n|t:|1783547489\n|switch|p1a: Rhyperior|Rhyperior, L82, F|100/100\n|turn|11\n|inactive|Time left: 300 sec this turn | 300 sec total\n|\n|t:|1783547490\n|move|p2a: Seviper|Giga Drain|p1a: Rhyperior\n|-supereffective|p1a: Rhyperior\n|-damage|p1a: Rhyperior|23/100\n|-heal|p2a: Seviper|287/287|[from] drain|[of] p1a: Rhyperior\n|-damage|p2a: Seviper|259/287|[from] item: Life Orb\n|move|p1a: Rhyperior|Earthquake|p2a: Seviper\n|-supereffective|p2a: Seviper\n|-damage|p2a: Seviper|0 fnt\n|faint|p2a: Seviper\n|\n|-weather|Sandstorm|[upkeep]\n|upkeep\n|inactive|Time left: 300 sec this turn | 300 sec total | 5 sec grace\n|\n|t:|1783547491\n|switch|p2a: Calyrex|Calyrex-Shadow, L64|235/235\n|-ability|p2a: Calyrex|As One\n|-ability|p2a: Calyrex|Unnerve\n|turn|12\n|inactive|Time left: 300 sec this turn | 300 sec total\n|\n|t:|1783547492\n|switch|p1a: Bellossom|Bellossom, L84, M|100/100\n|move|p2a: Calyrex|Astral Barrage|p1a: Bellossom\n|-damage|p1a: Bellossom|38/100\n|\n|-weather|none\n|-heal|p1a: Bellossom|44/100|[from] item: Leftovers\n|upkeep\n|turn|13\n|inactive|Time left: 300 sec this turn | 300 sec total\n|\n|t:|1783547493\n|switch|p1a: Ribombee|Ribombee, L83, M|10/100\n|move|p2a: Calyrex|Astral Barrage|p1a: Ribombee\n|-damage|p1a: Ribombee|0 fnt\n|faint|p1a: Ribombee\n|-ability|p2a: Calyrex|Grim Neigh|boost\n|-boost|p2a: Calyrex|spa|1\n|\n|upkeep\n|\n|t:|1783547494\n|switch|p1a: Kommo-o|Kommo-o, L77, F|100/100\n|turn|14\n|inactive|Time left: 300 sec this turn | 300 sec total\n|\n|t:|1783547495\n|move|p2a: Calyrex|Astral Barrage|p1a: Kommo-o\n|-damage|p1a: Kommo-o|0 fnt\n|faint|p1a: Kommo-o\n|-ability|p2a: Calyrex|Grim Neigh|boost\n|-boost|p2a: Calyrex|spa|1\n|\n|upkeep\n|\n|t:|1783547496\n|switch|p1a: Rhyperior|Rhyperior, L82, F|23/100\n|turn|15\n|inactive|Time left: 300 sec this turn | 300 sec total\n|\n|t:|1783547496\n|switch|p1a: Bellossom|Bellossom, L84, M|44/100\n|move|p2a: Calyrex|Astral Barrage|p1a: Bellossom\n|-damage|p1a: Bellossom|0 fnt\n|faint|p1a: Bellossom\n|-ability|p2a: Calyrex|Grim Neigh|boost\n|-boost|p2a: Calyrex|spa|1\n|\n|upkeep\n|\n|t:|1783547497\n|switch|p1a: Excadrill|Excadrill, L79, M|100/100\n|-ability|p1a: Excadrill|Mold Breaker\n|turn|16\n|inactive|Time left: 300 sec this turn | 300 sec total\n|\n|t:|1783547498\n|move|p2a: Calyrex|Astral Barrage|p1a: Excadrill\n|-damage|p1a: Excadrill|0 fnt\n|faint|p1a: Excadrill\n|-ability|p2a: Calyrex|Grim Neigh|boost\n|-boost|p2a: Calyrex|spa|1\n|\n|upkeep\n|\n|t:|1783547499\n|switch|p1a: Rhyperior|Rhyperior, L82, F|23/100\n|turn|17\n|inactive|Time left: 300 sec this turn | 300 sec total\n|\n|t:|1783547500\n|-terastallize|p1a: Rhyperior|Grass\n|move|p2a: Calyrex|Astral Barrage|p1a: Rhyperior\n|-damage|p1a: Rhyperior|0 fnt\n|faint|p1a: Rhyperior\n|\n|win|p0y721c3d0", "uploadtime": 1783547500, "views": 0, "rating": 0, "private": 0, "password": null, "_winner": "p0y721c3d0", "_our_name": "p0y721c3d0"}