{"id": "battle-gen9randombattle-2834", "formatid": "gen9randombattle", "format": "[Gen 9] Random Battle", "players": ["p0x283420ed", "p0y283435eb"], "log": "|init|battle\n|title|p0x283420ed vs. p0y283435eb\n|j|\u2606p0x283420ed\n|j|\u2606p0y283435eb\n|t:|1783571690\n|gametype|singles\n|player|p1|p0x283420ed|266|\n|player|p2|p0y283435eb|1|\n|gen|9\n|tier|[Gen 9] Random Battle\n|rule|Species Clause: Limit one of each Pok\u00e9mon\n|rule|HP Percentage Mod: HP is shown in percentages\n|rule|Sleep Clause Mod: Limit one foe put to sleep\n|rule|Illusion Level Mod: Illusion disguises the Pok\u00e9mon's true level\n|\n|t:|1783571690\n|teamsize|p1|6\n|teamsize|p2|6\n|start\n|switch|p1a: Milotic|Milotic, L83, F|293/293\n|switch|p2a: Miraidon|Miraidon, L65|100/100\n|-fieldstart|move: Electric Terrain|[from] ability: Hadron Engine|[of] p2a: Miraidon\n|turn|1\n|inactive|Battle timer is ON: inactive players will automatically lose when time's up. (requested by p0x283420ed)\n|\n|t:|1783571691\n|switch|p1a: Jolteon|Jolteon, L84, F|246/246\n|move|p2a: Miraidon|Electro Drift|p1a: Jolteon\n|-immune|p1a: Jolteon|[from] ability: Volt Absorb\n|\n|upkeep\n|turn|2\n|inactive|Time left: 300 sec this turn | 300 sec total\n|inactive|p0y283435eb also wants the timer to be on.\n|\n|t:|1783571692\n|switch|p2a: Rhydon|Rhydon, L85, M|100/100\n|move|p1a: Jolteon|Calm Mind|p1a: Jolteon\n|-boost|p1a: Jolteon|spa|1\n|-boost|p1a: Jolteon|spd|1\n|\n|upkeep\n|turn|3\n|inactive|Time left: 300 sec this turn | 300 sec total\n|\n|t:|1783571693\n|move|p1a: Jolteon|Substitute|p1a: Jolteon\n|-start|p1a: Jolteon|Substitute\n|-damage|p1a: Jolteon|185/246\n|move|p2a: Rhydon|Earthquake|p1a: Jolteon\n|-supereffective|p1a: Jolteon\n|-end|p1a: Jolteon|Substitute\n|\n|-heal|p1a: Jolteon|200/246|[from] item: Leftovers\n|upkeep\n|turn|4\n|inactive|Time left: 300 sec this turn | 300 sec total\n|\n|t:|1783571693\n|-terastallize|p1a: Jolteon|Ice\n|move|p1a: Jolteon|Tera Blast|p2a: Rhydon|[anim] Tera Blast Ice\n|-supereffective|p2a: Rhydon\n|-damage|p2a: Rhydon|15/100\n|move|p2a: Rhydon|Stone Edge|p1a: Jolteon|[miss]\n|-miss|p2a: Rhydon|p1a: Jolteon\n|\n|-heal|p1a: Jolteon|215/246|[from] item: Leftovers\n|upkeep\n|turn|5\n|inactive|Time left: 300 sec this turn | 300 sec total\n|\n|t:|1783571694\n|move|p1a: Jolteon|Tera Blast|p2a: Rhydon|[anim] Tera Blast Ice\n|-supereffective|p2a: Rhydon\n|-damage|p2a: Rhydon|0 fnt\n|faint|p2a: Rhydon\n|\n|-heal|p1a: Jolteon|230/246|[from] item: Leftovers\n|-fieldend|move: Electric Terrain\n|upkeep\n|\n|t:|1783571695\n|switch|p2a: Maushold|Maushold, L76|100/100\n|turn|6\n|inactive|Time left: 300 sec this turn | 300 sec total\n|\n|t:|1783571695\n|move|p1a: Jolteon|Thunderbolt|p2a: Maushold\n|-damage|p2a: Maushold|22/100\n|-status|p2a: Maushold|par\n|move|p2a: Maushold|Population Bomb|p1a: Jolteon\n|-damage|p1a: Jolteon|200/246\n|-hitcount|p1a: Jolteon|1\n|\n|-heal|p1a: Jolteon|215/246|[from] item: Leftovers\n|upkeep\n|turn|7\n|inactive|Time left: 300 sec this turn | 300 sec total\n|\n|t:|1783571696\n|move|p1a: Jolteon|Tera Blast|p2a: Maushold|[anim] Tera Blast Ice\n|-damage|p2a: Maushold|0 fnt\n|faint|p2a: Maushold\n|\n|-heal|p1a: Jolteon|230/246|[from] item: Leftovers\n|upkeep\n|\n|t:|1783571697\n|switch|p2a: Slowking|Slowking, L88, F|100/100\n|turn|8\n|inactive|Time left: 300 sec this turn | 300 sec total\n|\n|t:|1783571698\n|move|p1a: Jolteon|Thunderbolt|p2a: Slowking\n|-supereffective|p2a: Slowking\n|-damage|p2a: Slowking|19/100\n|move|p2a: Slowking|Scald|p1a: Jolteon\n|-damage|p1a: Jolteon|170/246\n|\n|-heal|p1a: Jolteon|185/246|[from] item: Leftovers\n|upkeep\n|turn|9\n|inactive|Time left: 300 sec this turn | 300 sec total\n|\n|t:|1783571699\n|switch|p2a: Regieleki|Regieleki, L79|100/100\n|move|p1a: Jolteon|Thunderbolt|p2a: Regieleki\n|-resisted|p2a: Regieleki\n|-damage|p2a: Regieleki|50/100\n|\n|-heal|p1a: Jolteon|200/246|[from] item: Leftovers\n|upkeep\n|turn|10\n|inactive|Time left: 300 sec this turn | 300 sec total\n|\n|t:|1783571700\n|move|p2a: Regieleki|Explosion|p1a: Jolteon\n|-damage|p1a: Jolteon|0 fnt\n|faint|p2a: Regieleki\n|faint|p1a: Jolteon\n|\n|upkeep\n|inactive|Time left: 300 sec this turn | 300 sec total | 5 sec grace\n|\n|t:|1783571701\n|switch|p2a: Miraidon|Miraidon, L65|100/100\n|switch|p1a: Dragonite|Dragonite, L74, M|257/257\n|-fieldstart|move: Electric Terrain|[from] ability: Hadron Engine|[of] p2a: Miraidon\n|turn|11\n|inactive|Time left: 300 sec this turn | 300 sec total\n|\n|t:|1783571702\n|-terastallize|p2a: Miraidon|Electric\n|move|p2a: Miraidon|Electro Drift|p1a: Dragonite\n|-damage|p1a: Dragonite|96/257\n|move|p1a: Dragonite|Dragon Dance|p1a: Dragonite\n|-boost|p1a: Dragonite|atk|1\n|-boost|p1a: Dragonite|spe|1\n|\n|upkeep\n|turn|12\n|inactive|Time left: 300 sec this turn | 300 sec total\n|\n|t:|1783571703\n|move|p1a: Dragonite|Earthquake|p2a: Miraidon\n|-supereffective|p2a: Miraidon\n|-damage|p2a: Miraidon|5/100\n|move|p2a: Miraidon|Electro Drift|p1a: Dragonite\n|-damage|p1a: Dragonite|0 fnt\n|faint|p1a: Dragonite\n|\n|upkeep\n|inactive|Time left: 300 sec this turn | 300 sec total | 5 sec grace\n|\n|t:|1783571704\n|switch|p1a: Duraludon|Duraludon, L82, F|249/249\n|turn|13\n|inactive|Time left: 300 sec this turn | 300 sec total\n|\n|t:|1783571705\n|move|p2a: Miraidon|Electro Drift|p1a: Duraludon\n|-resisted|p1a: Duraludon\n|-damage|p1a: Duraludon|108/249\n|move|p1a: Duraludon|Body Press|p2a: Miraidon\n|-damage|p2a: Miraidon|0 fnt\n|faint|p2a: Miraidon\n|\n|upkeep\n|\n|t:|1783571706\n|switch|p2a: Slowking|Slowking, L88, F|52/100\n|turn|14\n|inactive|Time left: 300 sec this turn | 300 sec total\n|\n|t:|1783571707\n|move|p1a: Duraludon|Iron Defense|p1a: Duraludon\n|-boost|p1a: Duraludon|def|2\n|move|p2a: Slowking|Slack Off|p2a: Slowking\n|-heal|p2a: Slowking|100/100\n|\n|upkeep\n|turn|15\n|inactive|Time left: 300 sec this turn | 300 sec total\n|\n|t:|1783571707\n|switch|p1a: Dudunsparce|Dudunsparce, L83, M|343/343\n|move|p2a: Slowking|Future Sight|p1a: Dudunsparce\n|-start|p2a: Slowking|move: Future Sight\n|\n|-fieldend|move: Electric Terrain\n|upkeep\n|turn|16\n|inactive|Time left: 300 sec this turn | 300 sec total\n|\n|t:|1783571708\n|move|p1a: Dudunsparce|Calm Mind|p1a: Dudunsparce\n|-boost|p1a: Dudunsparce|spa|1\n|-boost|p1a: Dudunsparce|spd|1\n|move|p2a: Slowking|Scald|p1a: Dudunsparce\n|-damage|p1a: Dudunsparce|264/343\n|\n|-heal|p1a: Dudunsparce|285/343|[from] item: Leftovers\n|upkeep\n|turn|17\n|inactive|Time left: 300 sec this turn | 300 sec total\n|\n|t:|1783571709\n|move|p1a: Dudunsparce|Calm Mind|p1a: Dudunsparce\n|-boost|p1a: Dudunsparce|spa|1\n|-boost|p1a: Dudunsparce|spd|1\n|move|p2a: Slowking|Scald|p1a: Dudunsparce\n|-damage|p1a: Dudunsparce|230/343\n|-status|p1a: Dudunsparce|brn\n|\n|-end|p1a: Dudunsparce|move: Future Sight\n|-damage|p1a: Dudunsparce|148/343 brn\n|-heal|p1a: Dudunsparce|169/343 brn|[from] item: Leftovers\n|-damage|p1a: Dudunsparce|148/343 brn|[from] brn\n|upkeep\n|turn|18\n|inactive|Time left: 300 sec this turn | 300 sec total\n|\n|t:|1783571710\n|move|p1a: Dudunsparce|Roost|p1a: Dudunsparce\n|-heal|p1a: Dudunsparce|320/343 brn\n|-singleturn|p1a: Dudunsparce|move: Roost\n|move|p2a: Slowking|Future Sight|p1a: Dudunsparce\n|-start|p2a: Slowking|move: Future Sight\n|\n|-heal|p1a: Dudunsparce|341/343 brn|[from] item: Leftovers\n|-damage|p1a: Dudunsparce|320/343 brn|[from] brn\n|upkeep\n|turn|19\n|inactive|Time left: 300 sec this turn | 300 sec total\n|\n|t:|1783571711\n|move|p1a: Dudunsparce|Boomburst|p2a: Slowking\n|-damage|p2a: Slowking|29/100\n|move|p2a: Slowking|Slack Off|p2a: Slowking\n|-heal|p2a: Slowking|79/100\n|\n|-heal|p1a: Dudunsparce|341/343 brn|[from] item: Leftovers\n|-damage|p1a: Dudunsparce|320/343 brn|[from] brn\n|upkeep\n|turn|20\n|inactive|Time left: 300 sec this turn | 300 sec total\n|\n|t:|1783571713\n|move|p1a: Dudunsparce|Boomburst|p2a: Slowking\n|-damage|p2a: Slowking|12/100\n|move|p2a: Slowking|Scald|p1a: Dudunsparce\n|-damage|p1a: Dudunsparce|260/343 brn\n|\n|-end|p1a: Dudunsparce|move: Future Sight\n|-damage|p1a: Dudunsparce|173/343 brn\n|-heal|p1a: Dudunsparce|194/343 brn|[from] item: Leftovers\n|-damage|p1a: Dudunsparce|173/343 brn|[from] brn\n|upkeep\n|turn|21\n|inactive|Time left: 300 sec this turn | 300 sec total\n|\n|t:|1783571714\n|move|p1a: Dudunsparce|Boomburst|p2a: Slowking\n|-damage|p2a: Slowking|0 fnt\n|faint|p2a: Slowking\n|\n|-heal|p1a: Dudunsparce|194/343 brn|[from] item: Leftovers\n|-damage|p1a: Dudunsparce|173/343 brn|[from] brn\n|upkeep\n|\n|t:|1783571715\n|switch|p2a: Toedscruel|Toedscruel, L87, M|100/100\n|turn|22\n|inactive|Time left: 300 sec this turn | 300 sec total\n|\n|t:|1783571716\n|move|p2a: Toedscruel|Earth Power|p1a: Dudunsparce\n|-damage|p1a: Dudunsparce|127/343 brn\n|move|p1a: Dudunsparce|Boomburst|p2a: Toedscruel\n|-damage|p2a: Toedscruel|31/100\n|\n|-heal|p2a: Toedscruel|37/100|[from] item: Leftovers\n|-heal|p1a: Dudunsparce|148/343 brn|[from] item: Leftovers\n|-damage|p1a: Dudunsparce|127/343 brn|[from] brn\n|upkeep\n|turn|23\n|inactive|Time left: 300 sec this turn | 300 sec total\n|\n|t:|1783571717\n|move|p2a: Toedscruel|Earth Power|p1a: Dudunsparce\n|-damage|p1a: Dudunsparce|76/343 brn\n|move|p1a: Dudunsparce|Boomburst|p2a: Toedscruel\n|-damage|p2a: Toedscruel|0 fnt\n|faint|p2a: Toedscruel\n|\n|win|p0x283420ed", "uploadtime": 1783571717, "views": 0, "rating": 0, "private": 0, "password": null, "_winner": "p0x283420ed", "_our_name": "p0x283420ed"}