{"id": "battle-gen9randombattle-2215", "formatid": "gen9randombattle", "format": "[Gen 9] Random Battle", "players": ["p0x22156277", "p0y2215cfdb"], "log": "|init|battle\n|title|p0x22156277 vs. p0y2215cfdb\n|j|\u2606p0x22156277\n|j|\u2606p0y2215cfdb\n|t:|1783565671\n|gametype|singles\n|player|p1|p0x22156277|169|\n|player|p2|p0y2215cfdb|2|\n|gen|9\n|tier|[Gen 9] Random Battle\n|rule|Species Clause: Limit one of each Pok\u00e9mon\n|rule|HP Percentage Mod: HP is shown in percentages\n|rule|Sleep Clause Mod: Limit one foe put to sleep\n|rule|Illusion Level Mod: Illusion disguises the Pok\u00e9mon's true level\n|\n|t:|1783565671\n|teamsize|p1|6\n|teamsize|p2|6\n|start\n|switch|p1a: Tropius|Tropius, L91, F|328/328\n|switch|p2a: Victreebel|Victreebel, L90, F|100/100\n|turn|1\n|inactive|Battle timer is ON: inactive players will automatically lose when time's up. (requested by p0y2215cfdb)\n|inactive|Time left: 300 sec this turn | 300 sec total | 60 sec grace\n|inactive|p0x22156277 also wants the timer to be on.\n|\n|t:|1783565673\n|move|p2a: Victreebel|Sludge Wave|p1a: Tropius\n|-supereffective|p1a: Tropius\n|-damage|p1a: Tropius|16/328\n|-enditem|p1a: Tropius|Sitrus Berry|[eat]\n|-heal|p1a: Tropius|98/328|[from] item: Sitrus Berry\n|-damage|p2a: Victreebel|90/100|[from] item: Life Orb\n|move|p1a: Tropius|Air Slash|p2a: Victreebel\n|-supereffective|p2a: Victreebel\n|-damage|p2a: Victreebel|38/100\n|\n|upkeep\n|turn|2\n|inactive|Time left: 300 sec this turn | 300 sec total\n|\n|t:|1783565674\n|move|p2a: Victreebel|Strength Sap|p1a: Tropius\n|-unboost|p1a: Tropius|atk|1\n|-heal|p2a: Victreebel|82/100\n|move|p1a: Tropius|Air Slash|p2a: Victreebel\n|-supereffective|p2a: Victreebel\n|-damage|p2a: Victreebel|24/100\n|\n|-item|p1a: Tropius|Sitrus Berry|[from] ability: Harvest\n|upkeep\n|-enditem|p1a: Tropius|Sitrus Berry|[eat]\n|-heal|p1a: Tropius|180/328|[from] item: Sitrus Berry\n|turn|3\n|inactive|Time left: 300 sec this turn | 300 sec total\n|\n|t:|1783565675\n|move|p2a: Victreebel|Strength Sap|p1a: Tropius\n|-unboost|p1a: Tropius|atk|1\n|-heal|p2a: Victreebel|53/100\n|move|p1a: Tropius|Air Slash|p2a: Victreebel\n|-supereffective|p2a: Victreebel\n|-damage|p2a: Victreebel|0 fnt\n|faint|p2a: Victreebel\n|\n|upkeep\n|\n|t:|1783565676\n|switch|p2a: Minior|Minior-Orange, L79|100/100\n|-formechange|p2a: Minior|Minior-Meteor||[from] ability: Shields Down\n|turn|4\n|inactive|Time left: 300 sec this turn | 300 sec total\n|\n|t:|1783565677\n|switch|p1a: Blastoise|Blastoise, L80, M|258/258\n|move|p2a: Minior|Shell Smash|p2a: Minior\n|-unboost|p2a: Minior|def|1\n|-unboost|p2a: Minior|spd|1\n|-boost|p2a: Minior|atk|2\n|-boost|p2a: Minior|spa|2\n|-boost|p2a: Minior|spe|2\n|-enditem|p2a: Minior|White Herb\n|-clearnegativeboost|p2a: Minior|[silent]\n|\n|upkeep\n|turn|5\n|inactive|Time left: 300 sec this turn | 300 sec total\n|\n|t:|1783565679\n|move|p2a: Minior|Acrobatics|p1a: Blastoise\n|-damage|p1a: Blastoise|111/258\n|move|p1a: Blastoise|Shell Smash|p1a: Blastoise\n|-unboost|p1a: Blastoise|def|1\n|-unboost|p1a: Blastoise|spd|1\n|-boost|p1a: Blastoise|atk|2\n|-boost|p1a: Blastoise|spa|2\n|-boost|p1a: Blastoise|spe|2\n|-enditem|p1a: Blastoise|White Herb\n|-clearnegativeboost|p1a: Blastoise|[silent]\n|\n|upkeep\n|turn|6\n|inactive|Time left: 300 sec this turn | 300 sec total\n|\n|t:|1783565680\n|-terastallize|p1a: Blastoise|Water\n|-terastallize|p2a: Minior|Water\n|move|p1a: Blastoise|Hydro Pump|p2a: Minior\n|-resisted|p2a: Minior\n|-damage|p2a: Minior|44/100\n|move|p2a: Minior|Acrobatics|p1a: Blastoise\n|-damage|p1a: Blastoise|0 fnt\n|faint|p1a: Blastoise\n|\n|-formechange|p2a: Minior|Minior-Orange||[from] ability: Shields Down\n|upkeep\n|inactive|Time left: 300 sec this turn | 300 sec total | 5 sec grace\n|\n|t:|1783565681\n|switch|p1a: Houndoom|Houndoom, L87, F|272/272\n|turn|7\n|inactive|Time left: 300 sec this turn | 300 sec total\n|\n|t:|1783565682\n|move|p1a: Houndoom|Sucker Punch|p2a: Minior\n|-damage|p2a: Minior|0 fnt\n|faint|p2a: Minior\n|\n|upkeep\n|\n|t:|1783565683\n|switch|p2a: Malamar|Malamar, L82, F|100/100\n|turn|8\n|inactive|Time left: 300 sec this turn | 300 sec total\n|\n|t:|1783565684\n|move|p1a: Houndoom|Nasty Plot|p1a: Houndoom\n|-boost|p1a: Houndoom|spa|2\n|move|p2a: Malamar|Superpower|p1a: Houndoom\n|-supereffective|p1a: Houndoom\n|-damage|p1a: Houndoom|62/272\n|-boost|p2a: Malamar|atk|1\n|-boost|p2a: Malamar|def|1\n|\n|upkeep\n|turn|9\n|inactive|Time left: 300 sec this turn | 300 sec total\n|\n|t:|1783565685\n|move|p1a: Houndoom|Fire Blast|p2a: Malamar|[miss]\n|-miss|p1a: Houndoom|p2a: Malamar\n|move|p2a: Malamar|Superpower|p1a: Houndoom\n|-supereffective|p1a: Houndoom\n|-damage|p1a: Houndoom|0 fnt\n|-boost|p2a: Malamar|atk|1\n|-boost|p2a: Malamar|def|1\n|faint|p1a: Houndoom\n|\n|upkeep\n|inactive|Time left: 300 sec this turn | 300 sec total | 5 sec grace\n|\n|t:|1783565686\n|switch|p1a: Staraptor|Staraptor, L79, F|263/263\n|turn|10\n|inactive|Time left: 300 sec this turn | 300 sec total\n|\n|t:|1783565687\n|move|p1a: Staraptor|U-turn|p2a: Malamar\n|-supereffective|p2a: Malamar\n|-damage|p2a: Malamar|41/100\n|inactive|Time left: 300 sec this turn | 300 sec total | 5 sec grace\n|\n|t:|1783565688\n|switch|p1a: Glimmora|Glimmora, L75, F|248/248|[from] U-turn\n|move|p2a: Malamar|Knock Off|p1a: Glimmora\n|-damage|p1a: Glimmora|55/248\n|-activate|p1a: Glimmora|ability: Toxic Debris\n|-sidestart|p2: p0y2215cfdb|move: Toxic Spikes\n|-enditem|p1a: Glimmora|Heavy-Duty Boots|[from] move: Knock Off|[of] p2a: Malamar\n|\n|-heal|p2a: Malamar|47/100|[from] item: Leftovers\n|upkeep\n|turn|11\n|inactive|Time left: 300 sec this turn | 300 sec total\n|\n|t:|1783565689\n|move|p1a: Glimmora|Sludge Wave|p2a: Malamar\n|-damage|p2a: Malamar|2/100\n|move|p2a: Malamar|Rest|p2a: Malamar\n|-status|p2a: Malamar|slp|[from] move: Rest\n|-heal|p2a: Malamar|100/100 slp|[silent]\n|\n|upkeep\n|turn|12\n|inactive|Time left: 300 sec this turn | 300 sec total\n|\n|t:|1783565690\n|move|p1a: Glimmora|Sludge Wave|p2a: Malamar\n|-damage|p2a: Malamar|58/100 slp\n|cant|p2a: Malamar|slp\n|move|p2a: Malamar|Sleep Talk|p2a: Malamar\n|move|p2a: Malamar|Superpower|p1a: Glimmora|[from] move: Sleep Talk\n|-damage|p1a: Glimmora|0 fnt\n|-boost|p2a: Malamar|atk|1\n|-boost|p2a: Malamar|def|1\n|-activate|p1a: Glimmora|ability: Toxic Debris\n|-sidestart|p2: p0y2215cfdb|move: Toxic Spikes\n|faint|p1a: Glimmora\n|\n|-heal|p2a: Malamar|64/100 slp|[from] item: Leftovers\n|upkeep\n|inactive|Time left: 300 sec this turn | 300 sec total | 5 sec grace\n|\n|t:|1783565691\n|switch|p1a: Staraptor|Staraptor, L79, F|263/263\n|turn|13\n|inactive|Time left: 300 sec this turn | 300 sec total\n|\n|t:|1783565692\n|move|p1a: Staraptor|U-turn|p2a: Malamar\n|-supereffective|p2a: Malamar\n|-damage|p2a: Malamar|12/100 slp\n|inactive|Time left: 300 sec this turn | 300 sec total | 5 sec grace\n|\n|t:|1783565693\n|switch|p1a: Electrode|Electrode, L92|260/260|[from] U-turn\n|cant|p2a: Malamar|slp\n|move|p2a: Malamar|Sleep Talk|p2a: Malamar\n|move|p2a: Malamar|Knock Off|p1a: Electrode|[from] move: Sleep Talk\n|-damage|p1a: Electrode|13/260\n|-enditem|p1a: Electrode|Leftovers|[from] move: Knock Off|[of] p2a: Malamar\n|\n|-heal|p2a: Malamar|18/100 slp|[from] item: Leftovers\n|upkeep\n|turn|14\n|inactive|Time left: 300 sec this turn | 300 sec total\n|\n|t:|1783565694\n|move|p1a: Electrode|Thunderbolt|p2a: Malamar\n|-damage|p2a: Malamar|0 fnt\n|faint|p2a: Malamar\n|\n|upkeep\n|\n|t:|1783565695\n|switch|p2a: Torkoal|Torkoal, L88, M|100/100\n|-weather|SunnyDay|[from] ability: Drought|[of] p2a: Torkoal\n|turn|15\n|inactive|Time left: 300 sec this turn | 300 sec total\n|\n|t:|1783565696\n|move|p1a: Electrode|Thunderbolt|p2a: Torkoal\n|-damage|p2a: Torkoal|58/100\n|-status|p2a: Torkoal|par\n|move|p2a: Torkoal|Stealth Rock|p1a: Electrode\n|-sidestart|p1: p0x22156277|move: Stealth Rock\n|\n|-weather|SunnyDay|[upkeep]\n|upkeep\n|turn|16\n|inactive|Time left: 300 sec this turn | 300 sec total\n|\n|t:|1783565697\n|move|p1a: Electrode|Thunderbolt|p2a: Torkoal\n|-damage|p2a: Torkoal|15/100 par\n|cant|p2a: Torkoal|par\n|\n|-weather|SunnyDay|[upkeep]\n|upkeep\n|turn|17\n|inactive|Time left: 300 sec this turn | 300 sec total\n|\n|t:|1783565698\n|move|p1a: Electrode|Foul Play|p2a: Torkoal\n|-damage|p2a: Torkoal|0 fnt\n|faint|p2a: Torkoal\n|\n|-weather|SunnyDay|[upkeep]\n|upkeep\n|\n|t:|1783565699\n|switch|p2a: Girafarig|Girafarig, L89, M|100/100\n|-status|p2a: Girafarig|tox\n|turn|18\n|inactive|Time left: 300 sec this turn | 300 sec total\n|\n|t:|1783565700\n|move|p1a: Electrode|Foul Play|p2a: Girafarig\n|-supereffective|p2a: Girafarig\n|-damage|p2a: Girafarig|69/100 tox\n|move|p2a: Girafarig|Nasty Plot|p2a: Girafarig\n|-boost|p2a: Girafarig|spa|2\n|\n|-weather|SunnyDay|[upkeep]\n|-damage|p2a: Girafarig|63/100 tox|[from] psn\n|upkeep\n|turn|19\n|inactive|Time left: 300 sec this turn | 300 sec total\n|\n|t:|1783565701\n|switch|p2a: Meganium|Meganium, L90, F|100/100\n|-status|p2a: Meganium|tox\n|move|p1a: Electrode|Foul Play|p2a: Meganium\n|-damage|p2a: Meganium|82/100 tox\n|\n|-weather|none\n|-heal|p2a: Meganium|88/100 tox|[from] item: Leftovers\n|-damage|p2a: Meganium|82/100 tox|[from] psn\n|upkeep\n|turn|20\n|inactive|Time left: 300 sec this turn | 300 sec total\n|\n|t:|1783565702\n|switch|p2a: Girafarig|Girafarig, L89, M|63/100 tox\n|move|p1a: Electrode|Foul Play|p2a: Girafarig\n|-supereffective|p2a: Girafarig\n|-damage|p2a: Girafarig|35/100 tox\n|\n|-damage|p2a: Girafarig|29/100 tox|[from] psn\n|upkeep\n|turn|21\n|inactive|Time left: 300 sec this turn | 300 sec total\n|\n|t:|1783565703\n|switch|p2a: Meganium|Meganium, L90, F|82/100 tox\n|move|p1a: Electrode|Thunderbolt|p2a: Meganium\n|-resisted|p2a: Meganium\n|-damage|p2a: Meganium|67/100 tox\n|\n|-heal|p2a: Meganium|74/100 tox|[from] item: Leftovers\n|-damage|p2a: Meganium|67/100 tox|[from] psn\n|upkeep\n|turn|22\n|inactive|Time left: 300 sec this turn | 300 sec total\n|\n|t:|1783565704\n|switch|p1a: Staraptor|Staraptor, L79, F|263/263\n|-damage|p1a: Staraptor|198/263|[from] Stealth Rock\n|switch|p2a: Girafarig|Girafarig, L89, M|29/100 tox\n|\n|-damage|p2a: Girafarig|23/100 tox|[from] psn\n|upkeep\n|turn|23\n|inactive|Time left: 300 sec this turn | 300 sec total\n|\n|t:|1783565705\n|move|p1a: Staraptor|Brave Bird|p2a: Girafarig\n|-damage|p2a: Girafarig|0 fnt\n|faint|p2a: Girafarig\n|-damage|p1a: Staraptor|178/263|[from] Recoil\n|\n|upkeep\n|\n|t:|1783565706\n|switch|p2a: Meganium|Meganium, L90, F|67/100 tox\n|turn|24\n|inactive|Time left: 300 sec this turn | 300 sec total\n|\n|t:|1783565707\n|move|p1a: Staraptor|Brave Bird|p2a: Meganium\n|-supereffective|p2a: Meganium\n|-damage|p2a: Meganium|0 fnt\n|faint|p2a: Meganium\n|-damage|p1a: Staraptor|114/263|[from] Recoil\n|\n|win|p0x22156277", "uploadtime": 1783565707, "views": 0, "rating": 0, "private": 0, "password": null, "_winner": "p0x22156277", "_our_name": "p0x22156277"}