{"id": "battle-gen9randombattle-930", "formatid": "gen9randombattle", "format": "[Gen 9] Random Battle", "players": ["p0x9305cf2", "p0y93095cc"], "log": "|init|battle\n|title|p0x9305cf2 vs. p0y93095cc\n|j|\u2606p0x9305cf2\n|j|\u2606p0y93095cc\n|t:|1783549935\n|gametype|singles\n|player|p1|p0x9305cf2|169|\n|player|p2|p0y93095cc|265|\n|gen|9\n|tier|[Gen 9] Random Battle\n|rule|Species Clause: Limit one of each Pok\u00e9mon\n|rule|HP Percentage Mod: HP is shown in percentages\n|rule|Sleep Clause Mod: Limit one foe put to sleep\n|rule|Illusion Level Mod: Illusion disguises the Pok\u00e9mon's true level\n|\n|t:|1783549935\n|teamsize|p1|6\n|teamsize|p2|6\n|start\n|switch|p1a: Rotom|Rotom-Frost, L87|100/100\n|switch|p2a: Clefable|Clefable, L83, F|293/293\n|turn|1\n|inactive|Battle timer is ON: inactive players will automatically lose when time's up. (requested by p0x9305cf2)\n|inactive|Time left: 300 sec this turn | 300 sec total | 60 sec grace\n|inactive|p0y93095cc also wants the timer to be on.\n|\n|t:|1783549937\n|move|p1a: Rotom|Thunderbolt|p2a: Clefable\n|-damage|p2a: Clefable|191/293\n|move|p2a: Clefable|Stealth Rock|p1a: Rotom\n|-sidestart|p1: p0x9305cf2|move: Stealth Rock\n|\n|upkeep\n|turn|2\n|inactive|Time left: 300 sec this turn | 300 sec total\n|\n|t:|1783549938\n|move|p1a: Rotom|Thunderbolt|p2a: Clefable\n|-damage|p2a: Clefable|92/293\n|move|p2a: Clefable|Moonblast|p1a: Rotom\n|-damage|p1a: Rotom|53/100\n|\n|upkeep\n|turn|3\n|inactive|Time left: 300 sec this turn | 300 sec total\n|\n|t:|1783549939\n|switch|p2a: Conkeldurr|Conkeldurr, L80, M|299/299\n|move|p1a: Rotom|Thunderbolt|p2a: Conkeldurr\n|-crit|p2a: Conkeldurr\n|-damage|p2a: Conkeldurr|103/299\n|\n|-status|p2a: Conkeldurr|brn|[from] item: Flame Orb\n|upkeep\n|turn|4\n|inactive|Time left: 300 sec this turn | 300 sec total\n|\n|t:|1783549941\n|-terastallize|p1a: Rotom|Electric\n|move|p2a: Conkeldurr|Mach Punch|p1a: Rotom\n|-damage|p1a: Rotom|24/100\n|move|p1a: Rotom|Thunderbolt|p2a: Conkeldurr\n|-damage|p2a: Conkeldurr|0 fnt\n|faint|p2a: Conkeldurr\n|\n|upkeep\n|inactive|Time left: 300 sec this turn | 300 sec total | 5 sec grace\n|\n|t:|1783549942\n|switch|p2a: Polteageist|Polteageist-Antique, L78|222/222\n|turn|5\n|inactive|Time left: 300 sec this turn | 300 sec total\n|\n|t:|1783549942\n|move|p1a: Rotom|Volt Switch|p2a: Polteageist\n|-damage|p2a: Polteageist|120/222\n|-start|p1a: Rotom|Disable|Volt Switch|[from] ability: Cursed Body|[of] p2a: Polteageist\n|\n|t:|1783549943\n|switch|p1a: Farigiraf|Farigiraf, L90, F|100/100|[from] Volt Switch\n|-damage|p1a: Farigiraf|88/100|[from] Stealth Rock\n|move|p2a: Polteageist|Shell Smash|p2a: Polteageist\n|-unboost|p2a: Polteageist|def|1\n|-unboost|p2a: Polteageist|spd|1\n|-boost|p2a: Polteageist|atk|2\n|-boost|p2a: Polteageist|spa|2\n|-boost|p2a: Polteageist|spe|2\n|-enditem|p2a: Polteageist|White Herb\n|-clearnegativeboost|p2a: Polteageist|[silent]\n|\n|-heal|p1a: Farigiraf|94/100|[from] item: Leftovers\n|upkeep\n|turn|6\n|inactive|Time left: 300 sec this turn | 300 sec total\n|\n|t:|1783549944\n|move|p2a: Polteageist|Stored Power|p1a: Farigiraf\n|-resisted|p1a: Farigiraf\n|-damage|p1a: Farigiraf|62/100\n|move|p1a: Farigiraf|Psychic Noise|p2a: Polteageist\n|-damage|p2a: Polteageist|38/222\n|-start|p2a: Polteageist|move: Heal Block\n|\n|-heal|p1a: Farigiraf|68/100|[from] item: Leftovers\n|upkeep\n|turn|7\n|inactive|Time left: 300 sec this turn | 300 sec total\n|\n|t:|1783549945\n|move|p2a: Polteageist|Stored Power|p1a: Farigiraf\n|-resisted|p1a: Farigiraf\n|-damage|p1a: Farigiraf|34/100\n|move|p1a: Farigiraf|Psychic Noise|p2a: Polteageist\n|-damage|p2a: Polteageist|0 fnt\n|-start|p1a: Farigiraf|Disable|Psychic Noise|[from] ability: Cursed Body|[of] p2a: Polteageist\n|faint|p2a: Polteageist\n|\n|-heal|p1a: Farigiraf|41/100|[from] item: Leftovers\n|upkeep\n|inactive|Time left: 300 sec this turn | 300 sec total | 5 sec grace\n|\n|t:|1783549945\n|switch|p2a: Hitmonchan|Hitmonchan, L87, M|229/229\n|turn|8\n|inactive|Time left: 300 sec this turn | 300 sec total\n|\n|t:|1783549946\n|switch|p1a: Moltres|Moltres, L81|100/100\n|move|p2a: Hitmonchan|Knock Off|p1a: Moltres\n|-damage|p1a: Moltres|74/100\n|-enditem|p1a: Moltres|Heavy-Duty Boots|[from] move: Knock Off|[of] p2a: Hitmonchan\n|\n|upkeep\n|turn|9\n|inactive|Time left: 300 sec this turn | 300 sec total\n|\n|t:|1783549947\n|switch|p2a: Magnezone|Magnezone, L85|258/258\n|move|p1a: Moltres|Brave Bird|p2a: Magnezone\n|-resisted|p2a: Magnezone\n|-damage|p2a: Magnezone|235/258\n|-damage|p1a: Moltres|71/100|[from] Recoil\n|\n|upkeep\n|turn|10\n|inactive|Time left: 300 sec this turn | 300 sec total\n|\n|t:|1783549947\n|move|p2a: Magnezone|Thunderbolt|p1a: Moltres\n|-supereffective|p1a: Moltres\n|-damage|p1a: Moltres|0 fnt\n|faint|p1a: Moltres\n|\n|upkeep\n|\n|t:|1783549948\n|switch|p1a: Vaporeon|Vaporeon, L86, M|100/100\n|-damage|p1a: Vaporeon|88/100|[from] Stealth Rock\n|turn|11\n|inactive|Time left: 300 sec this turn | 300 sec total\n|\n|t:|1783549949\n|move|p1a: Vaporeon|Protect|p1a: Vaporeon\n|-singleturn|p1a: Vaporeon|Protect\n|move|p2a: Magnezone|Thunderbolt|p1a: Vaporeon\n|-activate|p1a: Vaporeon|move: Protect\n|\n|-heal|p1a: Vaporeon|94/100|[from] item: Leftovers\n|upkeep\n|turn|12\n|inactive|Time left: 300 sec this turn | 300 sec total\n|\n|t:|1783549950\n|move|p2a: Magnezone|Thunderbolt|p1a: Vaporeon\n|-supereffective|p1a: Vaporeon\n|-damage|p1a: Vaporeon|28/100\n|move|p1a: Vaporeon|Scald|p2a: Magnezone\n|-damage|p2a: Magnezone|132/258\n|\n|-heal|p1a: Vaporeon|34/100|[from] item: Leftovers\n|upkeep\n|turn|13\n|inactive|Time left: 300 sec this turn | 300 sec total\n|\n|t:|1783549951\n|move|p1a: Vaporeon|Protect|p1a: Vaporeon\n|-singleturn|p1a: Vaporeon|Protect\n|move|p2a: Magnezone|Thunderbolt|p1a: Vaporeon\n|-activate|p1a: Vaporeon|move: Protect\n|\n|-heal|p1a: Vaporeon|40/100|[from] item: Leftovers\n|upkeep\n|turn|14\n|inactive|Time left: 300 sec this turn | 300 sec total\n|\n|t:|1783549952\n|move|p1a: Vaporeon|Protect||[still]\n|-fail|p1a: Vaporeon\n|move|p2a: Magnezone|Thunderbolt|p1a: Vaporeon\n|-supereffective|p1a: Vaporeon\n|-damage|p1a: Vaporeon|0 fnt\n|faint|p1a: Vaporeon\n|\n|upkeep\n|\n|t:|1783549953\n|switch|p1a: Comfey|Comfey, L85, M|100/100\n|-damage|p1a: Comfey|88/100|[from] Stealth Rock\n|turn|15\n|inactive|Time left: 300 sec this turn | 300 sec total\n|\n|t:|1783549954\n|move|p2a: Magnezone|Thunderbolt|p1a: Comfey\n|-damage|p1a: Comfey|40/100\n|move|p1a: Comfey|Calm Mind|p1a: Comfey\n|-boost|p1a: Comfey|spa|1\n|-boost|p1a: Comfey|spd|1\n|\n|-heal|p1a: Comfey|46/100|[from] item: Leftovers\n|upkeep\n|turn|16\n|inactive|Time left: 300 sec this turn | 300 sec total\n|\n|t:|1783549955\n|move|p2a: Magnezone|Thunderbolt|p1a: Comfey\n|-damage|p1a: Comfey|16/100\n|move|p1a: Comfey|Calm Mind|p1a: Comfey\n|-boost|p1a: Comfey|spa|1\n|-boost|p1a: Comfey|spd|1\n|\n|-heal|p1a: Comfey|22/100|[from] item: Leftovers\n|upkeep\n|turn|17\n|inactive|Time left: 300 sec this turn | 300 sec total\n|\n|t:|1783549956\n|move|p1a: Comfey|Draining Kiss|p2a: Magnezone\n|-resisted|p2a: Magnezone\n|-damage|p2a: Magnezone|88/258\n|-heal|p1a: Comfey|37/100|[from] drain|[of] p2a: Magnezone\n|move|p2a: Magnezone|Thunderbolt|p1a: Comfey\n|-damage|p1a: Comfey|12/100\n|\n|-heal|p1a: Comfey|18/100|[from] item: Leftovers\n|upkeep\n|turn|18\n|inactive|Time left: 300 sec this turn | 300 sec total\n|\n|t:|1783549957\n|move|p1a: Comfey|Draining Kiss|p2a: Magnezone\n|-resisted|p2a: Magnezone\n|-damage|p2a: Magnezone|43/258\n|-heal|p1a: Comfey|33/100|[from] drain|[of] p2a: Magnezone\n|move|p2a: Magnezone|Thunderbolt|p1a: Comfey\n|-damage|p1a: Comfey|9/100\n|\n|-heal|p1a: Comfey|15/100|[from] item: Leftovers\n|upkeep\n|turn|19\n|inactive|Time left: 300 sec this turn | 300 sec total\n|\n|t:|1783549958\n|move|p1a: Comfey|Draining Kiss|p2a: Magnezone\n|-resisted|p2a: Magnezone\n|-damage|p2a: Magnezone|0 fnt\n|-heal|p1a: Comfey|29/100|[from] drain|[of] p2a: Magnezone\n|faint|p2a: Magnezone\n|\n|-heal|p1a: Comfey|36/100|[from] item: Leftovers\n|upkeep\n|inactive|Time left: 300 sec this turn | 300 sec total | 5 sec grace\n|\n|t:|1783549960\n|switch|p2a: Clefable|Clefable, L83, F|92/293\n|turn|20\n|inactive|Time left: 300 sec this turn | 300 sec total\n|\n|t:|1783549961\n|-terastallize|p2a: Clefable|Steel\n|move|p1a: Comfey|Stored Power|p2a: Clefable\n|-resisted|p2a: Clefable\n|-damage|p2a: Clefable|33/293\n|move|p2a: Clefable|Moonlight|p2a: Clefable\n|-heal|p2a: Clefable|179/293\n|\n|-heal|p1a: Comfey|42/100|[from] item: Leftovers\n|upkeep\n|turn|21\n|inactive|Time left: 300 sec this turn | 300 sec total\n|\n|t:|1783549962\n|move|p1a: Comfey|Calm Mind|p1a: Comfey\n|-boost|p1a: Comfey|spa|1\n|-boost|p1a: Comfey|spd|1\n|move|p2a: Clefable|Moonblast|p1a: Comfey\n|-damage|p1a: Comfey|22/100\n|\n|-heal|p1a: Comfey|28/100|[from] item: Leftovers\n|upkeep\n|turn|22\n|inactive|Time left: 300 sec this turn | 300 sec total\n|\n|t:|1783549963\n|move|p1a: Comfey|Calm Mind|p1a: Comfey\n|-boost|p1a: Comfey|spa|1\n|-boost|p1a: Comfey|spd|1\n|move|p2a: Clefable|Moonlight|p2a: Clefable\n|-heal|p2a: Clefable|293/293\n|\n|-heal|p1a: Comfey|35/100|[from] item: Leftovers\n|upkeep\n|turn|23\n|inactive|Time left: 300 sec this turn | 300 sec total\n|\n|t:|1783549964\n|move|p1a: Comfey|Stored Power|p2a: Clefable\n|-resisted|p2a: Clefable\n|-damage|p2a: Clefable|129/293\n|move|p2a: Clefable|Moonblast|p1a: Comfey\n|-damage|p1a: Comfey|19/100\n|\n|-heal|p1a: Comfey|25/100|[from] item: Leftovers\n|upkeep\n|turn|24\n|inactive|Time left: 300 sec this turn | 300 sec total\n|\n|t:|1783549966\n|move|p1a: Comfey|Stored Power|p2a: Clefable\n|-resisted|p2a: Clefable\n|-damage|p2a: Clefable|0 fnt\n|faint|p2a: Clefable\n|\n|-heal|p1a: Comfey|31/100|[from] item: Leftovers\n|upkeep\n|inactive|Time left: 300 sec this turn | 300 sec total | 5 sec grace\n|\n|t:|1783549967\n|switch|p2a: Hitmonchan|Hitmonchan, L87, M|229/229\n|turn|25\n|inactive|Time left: 300 sec this turn | 300 sec total\n|\n|t:|1783549968\n|move|p1a: Comfey|Stored Power|p2a: Hitmonchan\n|-supereffective|p2a: Hitmonchan\n|-damage|p2a: Hitmonchan|0 fnt\n|faint|p2a: Hitmonchan\n|\n|-heal|p1a: Comfey|37/100|[from] item: Leftovers\n|upkeep\n|inactive|Time left: 300 sec this turn | 300 sec total | 5 sec grace\n|\n|t:|1783549969\n|switch|p2a: Lokix|Lokix, L82, F|251/251\n|turn|26\n|inactive|Time left: 300 sec this turn | 300 sec total\n|\n|t:|1783549970\n|move|p1a: Comfey|Draining Kiss|p2a: Lokix\n|-supereffective|p2a: Lokix\n|-damage|p2a: Lokix|0 fnt\n|-heal|p1a: Comfey|100/100|[from] drain|[of] p2a: Lokix\n|faint|p2a: Lokix\n|\n|win|p0x9305cf2", "uploadtime": 1783549970, "views": 0, "rating": 0, "private": 0, "password": null, "_winner": "p0x9305cf2", "_our_name": "p0y93095cc"}