{"id": "battle-gen9randombattle-1427", "formatid": "gen9randombattle", "format": "[Gen 9] Random Battle", "players": ["p0x1427a77c", "p0y14277092"], "log": "|init|battle\n|title|p0x1427a77c vs. p0y14277092\n|j|\u2606p0x1427a77c\n|j|\u2606p0y14277092\n|t:|1783555667\n|gametype|singles\n|player|p1|p0x1427a77c|101|\n|player|p2|p0y14277092|2|\n|gen|9\n|tier|[Gen 9] Random Battle\n|rule|Species Clause: Limit one of each Pok\u00e9mon\n|rule|HP Percentage Mod: HP is shown in percentages\n|rule|Sleep Clause Mod: Limit one foe put to sleep\n|rule|Illusion Level Mod: Illusion disguises the Pok\u00e9mon's true level\n|\n|t:|1783555667\n|teamsize|p1|6\n|teamsize|p2|6\n|start\n|switch|p1a: Whiscash|Whiscash, L88, M|100/100\n|switch|p2a: Ambipom|Ambipom, L84, F|263/263\n|turn|1\n|inactive|Battle timer is ON: inactive players will automatically lose when time's up. (requested by p0x1427a77c)\n|inactive|Time left: 300 sec this turn | 300 sec total | 60 sec grace\n|\n|t:|1783555669\n|move|p2a: Ambipom|Fake Out|p1a: Whiscash\n|-damage|p1a: Whiscash|73/100\n|cant|p1a: Whiscash|flinch\n|\n|-heal|p1a: Whiscash|80/100|[from] item: Leftovers\n|upkeep\n|turn|2\n|inactive|Time left: 300 sec this turn | 300 sec total\n|inactive|p0y14277092 also wants the timer to be on.\n|\n|t:|1783555670\n|move|p2a: Ambipom|Knock Off|p1a: Whiscash\n|-damage|p1a: Whiscash|57/100\n|-enditem|p1a: Whiscash|Leftovers|[from] move: Knock Off|[of] p2a: Ambipom\n|move|p1a: Whiscash|Stealth Rock|p2a: Ambipom\n|-sidestart|p2: p0y14277092|move: Stealth Rock\n|\n|upkeep\n|turn|3\n|inactive|Time left: 300 sec this turn | 300 sec total\n|\n|t:|1783555671\n|move|p2a: Ambipom|U-turn|p1a: Whiscash\n|-damage|p1a: Whiscash|41/100\n|inactive|Time left: 300 sec this turn | 300 sec total | 5 sec grace\n|\n|t:|1783555672\n|switch|p2a: Gogoat|Gogoat, L88, M|360/360|[from] U-turn\n|-damage|p2a: Gogoat|315/360|[from] Stealth Rock\n|move|p1a: Whiscash|Earthquake|p2a: Gogoat\n|-resisted|p2a: Gogoat\n|-damage|p2a: Gogoat|258/360\n|\n|-heal|p2a: Gogoat|280/360|[from] item: Leftovers\n|upkeep\n|turn|4\n|inactive|Time left: 300 sec this turn | 300 sec total\n|\n|t:|1783555673\n|switch|p1a: Galvantula|Galvantula, L82, M|100/100\n|move|p2a: Gogoat|Horn Leech|p1a: Galvantula\n|-resisted|p1a: Galvantula\n|-crit|p1a: Galvantula\n|-damage|p1a: Galvantula|63/100\n|-heal|p2a: Gogoat|327/360|[from] drain|[of] p1a: Galvantula\n|\n|-heal|p2a: Gogoat|349/360|[from] item: Leftovers\n|upkeep\n|turn|5\n|inactive|Time left: 300 sec this turn | 300 sec total\n|\n|t:|1783555674\n|move|p1a: Galvantula|Sticky Web|p2a: Gogoat\n|-sidestart|p2: p0y14277092|move: Sticky Web\n|move|p2a: Gogoat|Bulk Up|p2a: Gogoat\n|-boost|p2a: Gogoat|atk|1\n|-boost|p2a: Gogoat|def|1\n|\n|-heal|p2a: Gogoat|360/360|[from] item: Leftovers\n|upkeep\n|turn|6\n|inactive|Time left: 300 sec this turn | 300 sec total\n|\n|t:|1783555675\n|move|p1a: Galvantula|Bug Buzz|p2a: Gogoat\n|-supereffective|p2a: Gogoat\n|-damage|p2a: Gogoat|178/360\n|move|p2a: Gogoat|Earthquake|p1a: Galvantula\n|-damage|p1a: Galvantula|0 fnt\n|faint|p1a: Galvantula\n|\n|-heal|p2a: Gogoat|200/360|[from] item: Leftovers\n|upkeep\n|\n|t:|1783555676\n|switch|p1a: Roaring Moon|Roaring Moon, L72|100/100\n|turn|7\n|inactive|Time left: 300 sec this turn | 300 sec total\n|\n|t:|1783555677\n|move|p1a: Roaring Moon|Outrage|p2a: Gogoat\n|-damage|p2a: Gogoat|41/360\n|move|p2a: Gogoat|Earthquake|p1a: Roaring Moon\n|-damage|p1a: Roaring Moon|38/100\n|\n|-heal|p2a: Gogoat|63/360|[from] item: Leftovers\n|upkeep\n|turn|8\n|inactive|Time left: 300 sec this turn | 300 sec total\n|\n|t:|1783555678\n|switch|p2a: Zacian|Zacian, L69|241/241\n|-damage|p2a: Zacian|211/241|[from] Stealth Rock\n|-activate|p2a: Zacian|move: Sticky Web\n|-unboost|p2a: Zacian|spe|1\n|-ability|p2a: Zacian|Intrepid Sword|boost\n|-boost|p2a: Zacian|atk|1\n|move|p1a: Roaring Moon|Outrage|p2a: Zacian|[from] lockedmove\n|-immune|p2a: Zacian\n|\n|upkeep\n|turn|9\n|inactive|Time left: 300 sec this turn | 300 sec total\n|\n|t:|1783555679\n|move|p1a: Roaring Moon|Outrage|p2a: Zacian\n|-immune|p2a: Zacian\n|move|p2a: Zacian|Swords Dance|p2a: Zacian\n|-boost|p2a: Zacian|atk|2\n|\n|upkeep\n|turn|10\n|inactive|Time left: 300 sec this turn | 300 sec total\n|\n|t:|1783555680\n|move|p1a: Roaring Moon|Outrage|p2a: Zacian\n|-immune|p2a: Zacian\n|move|p2a: Zacian|Swords Dance|p2a: Zacian\n|-boost|p2a: Zacian|atk|2\n|\n|upkeep\n|turn|11\n|inactive|Time left: 300 sec this turn | 300 sec total\n|\n|t:|1783555681\n|move|p1a: Roaring Moon|Outrage|p2a: Zacian\n|-immune|p2a: Zacian\n|move|p2a: Zacian|Crunch|p1a: Roaring Moon\n|-resisted|p1a: Roaring Moon\n|-damage|p1a: Roaring Moon|0 fnt\n|faint|p1a: Roaring Moon\n|-end|p1a: Roaring Moon|Protosynthesis|[silent]\n|-damage|p2a: Zacian|187/241|[from] item: Life Orb\n|\n|upkeep\n|\n|t:|1783555681\n|switch|p1a: Zacian|Zacian-Crowned, L64|100/100\n|-ability|p1a: Zacian|Intrepid Sword|boost\n|-boost|p1a: Zacian|atk|1\n|turn|12\n|inactive|Time left: 300 sec this turn | 300 sec total\n|\n|t:|1783555682\n|-terastallize|p2a: Zacian|Fighting\n|move|p1a: Zacian|Behemoth Blade|p2a: Zacian\n|-damage|p2a: Zacian|52/241\n|move|p2a: Zacian|Close Combat|p1a: Zacian\n|-damage|p1a: Zacian|0 fnt\n|-unboost|p2a: Zacian|def|1\n|-unboost|p2a: Zacian|spd|1\n|faint|p1a: Zacian\n|-damage|p2a: Zacian|28/241|[from] item: Life Orb\n|\n|upkeep\n|\n|t:|1783555683\n|switch|p1a: Flygon|Flygon, L82, F|100/100\n|turn|13\n|inactive|Time left: 300 sec this turn | 300 sec total\n|\n|t:|1783555684\n|move|p1a: Flygon|Outrage|p2a: Zacian\n|-damage|p2a: Zacian|0 fnt\n|faint|p2a: Zacian\n|\n|upkeep\n|inactive|Time left: 300 sec this turn | 300 sec total | 5 sec grace\n|\n|t:|1783555685\n|switch|p2a: Flutter Mane|Flutter Mane, L74|203/203\n|-damage|p2a: Flutter Mane|178/203|[from] Stealth Rock\n|-activate|p2a: Flutter Mane|move: Sticky Web\n|-unboost|p2a: Flutter Mane|spe|1\n|turn|14\n|inactive|Time left: 300 sec this turn | 300 sec total\n|\n|t:|1783555685\n|move|p1a: Flygon|Outrage|p2a: Flutter Mane|[from] lockedmove\n|-immune|p2a: Flutter Mane\n|-start|p1a: Flygon|confusion|[fatigue]\n|-enditem|p1a: Flygon|Lum Berry|[eat]\n|-end|p1a: Flygon|confusion\n|move|p2a: Flutter Mane|Moonblast|p1a: Flygon\n|-supereffective|p1a: Flygon\n|-damage|p1a: Flygon|0 fnt\n|faint|p1a: Flygon\n|\n|upkeep\n|\n|t:|1783555686\n|switch|p1a: Cryogonal|Cryogonal, L89|100/100\n|turn|15\n|inactive|Time left: 300 sec this turn | 300 sec total\n|\n|t:|1783555687\n|-end|p2a: Flutter Mane|Protosynthesis|[silent]\n|switch|p2a: Zamazenta|Zamazenta, L71|248/248\n|-damage|p2a: Zamazenta|233/248|[from] Stealth Rock\n|-activate|p2a: Zamazenta|move: Sticky Web\n|-unboost|p2a: Zamazenta|spe|1\n|-ability|p2a: Zamazenta|Dauntless Shield|boost\n|-boost|p2a: Zamazenta|def|1\n|move|p1a: Cryogonal|Freeze-Dry|p2a: Zamazenta\n|-damage|p2a: Zamazenta|161/248\n|-status|p2a: Zamazenta|frz\n|\n|upkeep\n|turn|16\n|inactive|Time left: 300 sec this turn | 300 sec total\n|\n|t:|1783555688\n|move|p1a: Cryogonal|Freeze-Dry|p2a: Zamazenta\n|-damage|p2a: Zamazenta|86/248 frz\n|cant|p2a: Zamazenta|frz\n|\n|upkeep\n|turn|17\n|inactive|Time left: 300 sec this turn | 300 sec total\n|\n|t:|1783555689\n|move|p1a: Cryogonal|Freeze-Dry|p2a: Zamazenta\n|-damage|p2a: Zamazenta|10/248 frz\n|cant|p2a: Zamazenta|frz\n|\n|upkeep\n|turn|18\n|inactive|Time left: 300 sec this turn | 300 sec total\n|\n|t:|1783555690\n|move|p1a: Cryogonal|Freeze-Dry|p2a: Zamazenta\n|-crit|p2a: Zamazenta\n|-damage|p2a: Zamazenta|0 fnt\n|faint|p2a: Zamazenta\n|\n|upkeep\n|inactive|Time left: 300 sec this turn | 300 sec total | 5 sec grace\n|\n|t:|1783555691\n|switch|p2a: Ambipom|Ambipom, L84, F|263/263\n|-damage|p2a: Ambipom|231/263|[from] Stealth Rock\n|-activate|p2a: Ambipom|move: Sticky Web\n|-unboost|p2a: Ambipom|spe|1\n|turn|19\n|inactive|Time left: 300 sec this turn | 300 sec total\n|\n|t:|1783555691\n|move|p2a: Ambipom|Fake Out|p1a: Cryogonal\n|-damage|p1a: Cryogonal|61/100\n|cant|p1a: Cryogonal|flinch\n|\n|upkeep\n|turn|20\n|inactive|Time left: 300 sec this turn | 300 sec total\n|\n|t:|1783555692\n|-terastallize|p1a: Cryogonal|Steel\n|move|p1a: Cryogonal|Freeze-Dry|p2a: Ambipom\n|-damage|p2a: Ambipom|134/263\n|move|p2a: Ambipom|Double-Edge|p1a: Cryogonal\n|-resisted|p1a: Cryogonal\n|-damage|p1a: Cryogonal|25/100\n|-damage|p2a: Ambipom|99/263|[from] Recoil\n|\n|upkeep\n|turn|21\n|inactive|Time left: 300 sec this turn | 300 sec total\n|\n|t:|1783555693\n|move|p1a: Cryogonal|Recover|p1a: Cryogonal\n|-heal|p1a: Cryogonal|75/100\n|move|p2a: Ambipom|Knock Off|p1a: Cryogonal\n|-damage|p1a: Cryogonal|42/100\n|-enditem|p1a: Cryogonal|Heavy-Duty Boots|[from] move: Knock Off|[of] p2a: Ambipom\n|\n|upkeep\n|turn|22\n|inactive|Time left: 300 sec this turn | 300 sec total\n|\n|t:|1783555694\n|move|p1a: Cryogonal|Freeze-Dry|p2a: Ambipom\n|-damage|p2a: Ambipom|0 fnt\n|faint|p2a: Ambipom\n|\n|upkeep\n|inactive|Time left: 300 sec this turn | 300 sec total | 5 sec grace\n|\n|t:|1783555695\n|switch|p2a: Flutter Mane|Flutter Mane, L74|178/203\n|-damage|p2a: Flutter Mane|153/203|[from] Stealth Rock\n|-activate|p2a: Flutter Mane|move: Sticky Web\n|-unboost|p2a: Flutter Mane|spe|1\n|turn|23\n|inactive|Time left: 300 sec this turn | 300 sec total\n|\n|t:|1783555695\n|move|p1a: Cryogonal|Recover|p1a: Cryogonal\n|-heal|p1a: Cryogonal|92/100\n|move|p2a: Flutter Mane|Shadow Ball|p1a: Cryogonal\n|-damage|p1a: Cryogonal|60/100\n|\n|upkeep\n|turn|24\n|inactive|Time left: 300 sec this turn | 300 sec total\n|\n|t:|1783555696\n|move|p1a: Cryogonal|Freeze-Dry|p2a: Flutter Mane\n|-damage|p2a: Flutter Mane|84/203\n|move|p2a: Flutter Mane|Shadow Ball|p1a: Cryogonal\n|-damage|p1a: Cryogonal|31/100\n|\n|upkeep\n|turn|25\n|inactive|Time left: 300 sec this turn | 300 sec total\n|\n|t:|1783555697\n|move|p1a: Cryogonal|Recover|p1a: Cryogonal\n|-heal|p1a: Cryogonal|81/100\n|move|p2a: Flutter Mane|Shadow Ball|p1a: Cryogonal\n|-damage|p1a: Cryogonal|49/100\n|\n|upkeep\n|turn|26\n|inactive|Time left: 300 sec this turn | 300 sec total\n|\n|t:|1783555698\n|move|p1a: Cryogonal|Recover|p1a: Cryogonal\n|-heal|p1a: Cryogonal|99/100\n|move|p2a: Flutter Mane|Shadow Ball|p1a: Cryogonal\n|-damage|p1a: Cryogonal|66/100\n|\n|upkeep\n|turn|27\n|inactive|Time left: 300 sec this turn | 300 sec total\n|\n|t:|1783555699\n|move|p1a: Cryogonal|Freeze-Dry|p2a: Flutter Mane\n|-damage|p2a: Flutter Mane|18/203\n|move|p2a: Flutter Mane|Shadow Ball|p1a: Cryogonal\n|-damage|p1a: Cryogonal|34/100\n|\n|upkeep\n|turn|28\n|inactive|Time left: 300 sec this turn | 300 sec total\n|\n|t:|1783555701\n|move|p1a: Cryogonal|Freeze-Dry|p2a: Flutter Mane\n|-damage|p2a: Flutter Mane|0 fnt\n|faint|p2a: Flutter Mane\n|-end|p2a: Flutter Mane|Protosynthesis|[silent]\n|\n|upkeep\n|inactive|Time left: 300 sec this turn | 300 sec total | 5 sec grace\n|\n|t:|1783555702\n|switch|p2a: Rayquaza|Rayquaza, L72|270/270\n|-damage|p2a: Rayquaza|203/270|[from] Stealth Rock\n|-ability|p2a: Rayquaza|Air Lock\n|turn|29\n|inactive|Time left: 300 sec this turn | 300 sec total\n|\n|t:|1783555702\n|move|p2a: Rayquaza|Extreme Speed|p1a: Cryogonal\n|-resisted|p1a: Cryogonal\n|-damage|p1a: Cryogonal|13/100\n|move|p1a: Cryogonal|Freeze-Dry|p2a: Rayquaza\n|-supereffective|p2a: Rayquaza\n|-damage|p2a: Rayquaza|0 fnt\n|faint|p2a: Rayquaza\n|\n|upkeep\n|inactive|Time left: 300 sec this turn | 300 sec total | 5 sec grace\n|\n|t:|1783555703\n|switch|p2a: Gogoat|Gogoat, L88, M|63/360\n|-damage|p2a: Gogoat|18/360|[from] Stealth Rock\n|-activate|p2a: Gogoat|move: Sticky Web\n|-unboost|p2a: Gogoat|spe|1\n|turn|30\n|inactive|Time left: 300 sec this turn | 300 sec total\n|\n|t:|1783555704\n|move|p1a: Cryogonal|Rapid Spin|p2a: Gogoat\n|-damage|p2a: Gogoat|0 fnt\n|-boost|p1a: Cryogonal|spe|1\n|faint|p2a: Gogoat\n|\n|win|p0x1427a77c", "uploadtime": 1783555704, "views": 0, "rating": 0, "private": 0, "password": null, "_winner": "p0x1427a77c", "_our_name": "p0y14277092"}