{"id": "battle-gen9randombattle-1079", "formatid": "gen9randombattle", "format": "[Gen 9] Random Battle", "players": ["p0x1079aa73", "p0y10793403"], "log": "|init|battle\n|title|p0x1079aa73 vs. p0y10793403\n|j|\u2606p0x1079aa73\n|j|\u2606p0y10793403\n|t:|1783551706\n|gametype|singles\n|player|p1|p0x1079aa73|170|\n|player|p2|p0y10793403|266|\n|gen|9\n|tier|[Gen 9] Random Battle\n|rule|Species Clause: Limit one of each Pok\u00e9mon\n|rule|HP Percentage Mod: HP is shown in percentages\n|rule|Sleep Clause Mod: Limit one foe put to sleep\n|rule|Illusion Level Mod: Illusion disguises the Pok\u00e9mon's true level\n|\n|t:|1783551706\n|teamsize|p1|6\n|teamsize|p2|6\n|start\n|switch|p1a: Hydreigon|Hydreigon, L79, M|100/100\n|switch|p2a: Klawf|Klawf, L90, F|272/272\n|turn|1\n|inactive|Battle timer is ON: inactive players will automatically lose when time's up. (requested by p0x1079aa73)\n|inactive|Time left: 300 sec this turn | 300 sec total | 60 sec grace\n|inactive|p0y10793403 also wants the timer to be on.\n|\n|t:|1783551708\n|move|p2a: Klawf|Knock Off|p1a: Hydreigon\n|-resisted|p1a: Hydreigon\n|-crit|p1a: Hydreigon\n|-damage|p1a: Hydreigon|77/100\n|-enditem|p1a: Hydreigon|Choice Specs|[from] move: Knock Off|[of] p2a: Klawf\n|move|p1a: Hydreigon|Draco Meteor|p2a: Klawf|[miss]\n|-miss|p1a: Hydreigon|p2a: Klawf\n|\n|upkeep\n|turn|2\n|inactive|Time left: 300 sec this turn | 300 sec total\n|\n|t:|1783551709\n|move|p2a: Klawf|Knock Off|p1a: Hydreigon\n|-resisted|p1a: Hydreigon\n|-damage|p1a: Hydreigon|67/100\n|move|p1a: Hydreigon|U-turn|p2a: Klawf\n|-damage|p2a: Klawf|237/272\n|\n|t:|1783551711\n|switch|p1a: Frosmoth|Frosmoth, L82, M|100/100|[from] U-turn\n|\n|upkeep\n|turn|3\n|inactive|Time left: 300 sec this turn | 300 sec total\n|\n|t:|1783551712\n|move|p2a: Klawf|Knock Off|p1a: Frosmoth\n|-damage|p1a: Frosmoth|54/100\n|-enditem|p1a: Frosmoth|Heavy-Duty Boots|[from] move: Knock Off|[of] p2a: Klawf\n|move|p1a: Frosmoth|Quiver Dance|p1a: Frosmoth\n|-boost|p1a: Frosmoth|spa|1\n|-boost|p1a: Frosmoth|spd|1\n|-boost|p1a: Frosmoth|spe|1\n|\n|upkeep\n|turn|4\n|inactive|Time left: 300 sec this turn | 300 sec total\n|\n|t:|1783551713\n|move|p2a: Klawf|Knock Off|p1a: Frosmoth\n|-crit|p1a: Frosmoth\n|-damage|p1a: Frosmoth|7/100\n|move|p1a: Frosmoth|Giga Drain|p2a: Klawf\n|-supereffective|p2a: Klawf\n|-damage|p2a: Klawf|0 fnt\n|-heal|p1a: Frosmoth|54/100|[from] drain|[of] p2a: Klawf\n|faint|p2a: Klawf\n|\n|upkeep\n|inactive|Time left: 300 sec this turn | 300 sec total | 5 sec grace\n|\n|t:|1783551714\n|switch|p2a: Incineroar|Incineroar, L82, M|290/290\n|-ability|p2a: Incineroar|Intimidate|boost\n|-unboost|p1a: Frosmoth|atk|1\n|turn|5\n|inactive|Time left: 300 sec this turn | 300 sec total\n|\n|t:|1783551715\n|move|p1a: Frosmoth|Hurricane|p2a: Incineroar\n|-damage|p2a: Incineroar|147/290\n|-start|p2a: Incineroar|confusion\n|-activate|p2a: Incineroar|confusion\n|move|p2a: Incineroar|Flare Blitz|p1a: Frosmoth\n|-supereffective|p1a: Frosmoth\n|-damage|p1a: Frosmoth|0 fnt\n|faint|p1a: Frosmoth\n|-damage|p2a: Incineroar|103/290|[from] Recoil\n|\n|upkeep\n|\n|t:|1783551716\n|switch|p1a: Avalugg|Avalugg-Hisui, L90, F|100/100\n|turn|6\n|inactive|Time left: 300 sec this turn | 300 sec total\n|\n|t:|1783551718\n|switch|p2a: Iron Crown|Iron Crown, L78|268/268\n|move|p1a: Avalugg|Stone Edge|p2a: Iron Crown|[miss]\n|-miss|p1a: Avalugg|p2a: Iron Crown\n|\n|upkeep\n|turn|7\n|inactive|Time left: 300 sec this turn | 300 sec total\n|\n|t:|1783551719\n|switch|p1a: Skeledirge|Skeledirge, L79, F|100/100\n|move|p2a: Iron Crown|Tachyon Cutter|p1a: Skeledirge\n|-resisted|p1a: Skeledirge\n|-damage|p1a: Skeledirge|89/100\n|-resisted|p1a: Skeledirge\n|-damage|p1a: Skeledirge|79/100\n|-hitcount|p1a: Skeledirge|2\n|\n|upkeep\n|turn|8\n|inactive|Time left: 300 sec this turn | 300 sec total\n|\n|t:|1783551720\n|-end|p2a: Iron Crown|Quark Drive|[silent]\n|switch|p2a: Incineroar|Incineroar, L82, M|103/290\n|-ability|p2a: Incineroar|Intimidate|boost\n|-unboost|p1a: Skeledirge|atk|1\n|move|p1a: Skeledirge|Torch Song|p2a: Incineroar\n|-resisted|p2a: Incineroar\n|-damage|p2a: Incineroar|61/290\n|-boost|p1a: Skeledirge|spa|1\n|\n|upkeep\n|turn|9\n|inactive|Time left: 300 sec this turn | 300 sec total\n|\n|t:|1783551721\n|move|p1a: Skeledirge|Torch Song|p2a: Incineroar\n|-resisted|p2a: Incineroar\n|-damage|p2a: Incineroar|0 fnt\n|-boost|p1a: Skeledirge|spa|1\n|faint|p2a: Incineroar\n|\n|upkeep\n|inactive|Time left: 300 sec this turn | 300 sec total | 5 sec grace\n|\n|t:|1783551722\n|switch|p2a: Tauros|Tauros-Paldea-Combat, L82, M|257/257\n|-ability|p2a: Tauros|Intimidate|boost\n|-unboost|p1a: Skeledirge|atk|1\n|turn|10\n|inactive|Time left: 300 sec this turn | 300 sec total\n|\n|t:|1783551723\n|move|p2a: Tauros|Throat Chop|p1a: Skeledirge\n|-supereffective|p1a: Skeledirge\n|-damage|p1a: Skeledirge|26/100\n|-start|p1a: Skeledirge|Throat Chop|[silent]\n|-damage|p2a: Tauros|232/257|[from] item: Life Orb\n|cant|p1a: Skeledirge|move: Throat Chop\n|\n|upkeep\n|turn|11\n|inactive|Time left: 300 sec this turn | 300 sec total\n|\n|t:|1783551724\n|switch|p1a: Palossand|Palossand, L89, M|100/100\n|move|p2a: Tauros|Throat Chop|p1a: Palossand\n|-supereffective|p1a: Palossand\n|-damage|p1a: Palossand|62/100\n|-start|p1a: Palossand|Throat Chop|[silent]\n|-damage|p2a: Tauros|207/257|[from] item: Life Orb\n|\n|-heal|p1a: Palossand|68/100|[from] item: Leftovers\n|upkeep\n|turn|12\n|inactive|Time left: 300 sec this turn | 300 sec total\n|\n|t:|1783551725\n|switch|p2a: Venusaur|Venusaur, L84, M|272/272\n|move|p1a: Palossand|Shadow Ball|p2a: Venusaur\n|-damage|p2a: Venusaur|185/272\n|\n|-heal|p2a: Venusaur|202/272|[from] item: Leftovers\n|-heal|p1a: Palossand|74/100|[from] item: Leftovers\n|-end|p1a: Palossand|Throat Chop|[silent]\n|upkeep\n|turn|13\n|inactive|Time left: 300 sec this turn | 300 sec total\n|\n|t:|1783551726\n|move|p2a: Venusaur|Energy Ball|p1a: Palossand\n|-supereffective|p1a: Palossand\n|-damage|p1a: Palossand|11/100\n|move|p1a: Palossand|Shadow Ball|p2a: Venusaur\n|-damage|p2a: Venusaur|115/272\n|\n|-heal|p2a: Venusaur|132/272|[from] item: Leftovers\n|-heal|p1a: Palossand|17/100|[from] item: Leftovers\n|upkeep\n|turn|14\n|inactive|Time left: 300 sec this turn | 300 sec total\n|\n|t:|1783551727\n|switch|p1a: Passimian|Passimian, L83, M|100/100\n|move|p2a: Venusaur|Energy Ball|p1a: Passimian\n|-damage|p1a: Passimian|60/100\n|\n|-heal|p2a: Venusaur|149/272|[from] item: Leftovers\n|-heal|p1a: Passimian|66/100|[from] item: Leftovers\n|upkeep\n|turn|15\n|inactive|Time left: 300 sec this turn | 300 sec total\n|\n|t:|1783551728\n|move|p2a: Venusaur|Sludge Bomb|p1a: Passimian\n|-damage|p1a: Passimian|24/100\n|move|p1a: Passimian|Knock Off|p2a: Venusaur\n|-damage|p2a: Venusaur|69/272\n|-enditem|p2a: Venusaur|Leftovers|[from] move: Knock Off|[of] p1a: Passimian\n|\n|-heal|p1a: Passimian|30/100|[from] item: Leftovers\n|upkeep\n|turn|16\n|inactive|Time left: 300 sec this turn | 300 sec total\n|\n|t:|1783551728\n|switch|p1a: Hydreigon|Hydreigon, L79, M|67/100\n|move|p2a: Venusaur|Energy Ball|p1a: Hydreigon\n|-resisted|p1a: Hydreigon\n|-damage|p1a: Hydreigon|40/100\n|\n|upkeep\n|turn|17\n|inactive|Time left: 300 sec this turn | 300 sec total\n|\n|t:|1783551729\n|switch|p2a: Amoonguss|Amoonguss, L82, M|321/321\n|move|p1a: Hydreigon|Dark Pulse|p2a: Amoonguss\n|-damage|p2a: Amoonguss|222/321\n|\n|-heal|p2a: Amoonguss|242/321|[from] item: Leftovers\n|upkeep\n|turn|18\n|inactive|Time left: 300 sec this turn | 300 sec total\n|\n|t:|1783551730\n|move|p1a: Hydreigon|Dark Pulse|p2a: Amoonguss\n|-damage|p2a: Amoonguss|136/321\n|move|p2a: Amoonguss|Giga Drain|p1a: Hydreigon\n|-resisted|p1a: Hydreigon\n|-damage|p1a: Hydreigon|27/100\n|-heal|p2a: Amoonguss|154/321|[from] drain|[of] p1a: Hydreigon\n|\n|-heal|p2a: Amoonguss|174/321|[from] item: Leftovers\n|upkeep\n|turn|19\n|inactive|Time left: 300 sec this turn | 300 sec total\n|\n|t:|1783551731\n|switch|p2a: Tauros|Tauros-Paldea-Combat, L82, M|207/257\n|-ability|p2a: Tauros|Intimidate|boost\n|-unboost|p1a: Hydreigon|atk|1\n|move|p1a: Hydreigon|Dark Pulse|p2a: Tauros\n|-resisted|p2a: Tauros\n|-damage|p2a: Tauros|152/257\n|\n|upkeep\n|turn|20\n|inactive|Time left: 300 sec this turn | 300 sec total\n|\n|t:|1783551732\n|switch|p1a: Skeledirge|Skeledirge, L79, F|26/100\n|move|p2a: Tauros|Iron Head|p1a: Skeledirge\n|-resisted|p1a: Skeledirge\n|-damage|p1a: Skeledirge|13/100\n|-damage|p2a: Tauros|127/257|[from] item: Life Orb\n|\n|upkeep\n|turn|21\n|inactive|Time left: 300 sec this turn | 300 sec total\n|\n|t:|1783551733\n|switch|p1a: Passimian|Passimian, L83, M|30/100\n|move|p2a: Tauros|Throat Chop|p1a: Passimian\n|-resisted|p1a: Passimian\n|-damage|p1a: Passimian|19/100\n|-start|p1a: Passimian|Throat Chop|[silent]\n|-damage|p2a: Tauros|102/257|[from] item: Life Orb\n|\n|-heal|p1a: Passimian|25/100|[from] item: Leftovers\n|upkeep\n|turn|22\n|inactive|Time left: 300 sec this turn | 300 sec total\n|\n|t:|1783551734\n|move|p2a: Tauros|Iron Head|p1a: Passimian\n|-damage|p1a: Passimian|0 fnt\n|faint|p1a: Passimian\n|-damage|p2a: Tauros|77/257|[from] item: Life Orb\n|\n|upkeep\n|\n|t:|1783551735\n|switch|p1a: Skeledirge|Skeledirge, L79, F|13/100\n|turn|23\n|inactive|Time left: 300 sec this turn | 300 sec total\n|\n|t:|1783551736\n|move|p2a: Tauros|Throat Chop|p1a: Skeledirge\n|-supereffective|p1a: Skeledirge\n|-damage|p1a: Skeledirge|0 fnt\n|faint|p1a: Skeledirge\n|-damage|p2a: Tauros|52/257|[from] item: Life Orb\n|\n|upkeep\n|\n|t:|1783551737\n|switch|p1a: Avalugg|Avalugg-Hisui, L90, F|100/100\n|turn|24\n|inactive|Time left: 300 sec this turn | 300 sec total\n|\n|t:|1783551738\n|switch|p2a: Iron Crown|Iron Crown, L78|268/268\n|-terastallize|p1a: Avalugg|Poison\n|move|p1a: Avalugg|Rapid Spin|p2a: Iron Crown\n|-resisted|p2a: Iron Crown\n|-damage|p2a: Iron Crown|242/268\n|-boost|p1a: Avalugg|spe|1\n|\n|-heal|p2a: Iron Crown|258/268|[from] item: Leftovers\n|upkeep\n|turn|25\n|inactive|Time left: 300 sec this turn | 300 sec total\n|\n|t:|1783551739\n|move|p2a: Iron Crown|Tachyon Cutter|p1a: Avalugg\n|-damage|p1a: Avalugg|69/100\n|-damage|p1a: Avalugg|41/100\n|-hitcount|p1a: Avalugg|2\n|move|p1a: Avalugg|Avalanche|p2a: Iron Crown\n|-resisted|p2a: Iron Crown\n|-damage|p2a: Iron Crown|176/268\n|\n|-heal|p2a: Iron Crown|192/268|[from] item: Leftovers\n|upkeep\n|turn|26\n|inactive|Time left: 300 sec this turn | 300 sec total\n|\n|t:|1783551740\n|switch|p1a: Palossand|Palossand, L89, M|17/100\n|move|p2a: Iron Crown|Tachyon Cutter|p1a: Palossand\n|-damage|p1a: Palossand|0 fnt\n|faint|p1a: Palossand\n|-hitcount|p1: Palossand|1\n|\n|-heal|p2a: Iron Crown|208/268|[from] item: Leftovers\n|upkeep\n|\n|t:|1783551741\n|switch|p1a: Hydreigon|Hydreigon, L79, M|27/100\n|turn|27\n|inactive|Time left: 300 sec this turn | 300 sec total\n|\n|t:|1783551742\n|move|p1a: Hydreigon|Dark Pulse|p2a: Iron Crown\n|-supereffective|p2a: Iron Crown\n|-damage|p2a: Iron Crown|56/268\n|cant|p2a: Iron Crown|flinch\n|\n|-heal|p2a: Iron Crown|72/268|[from] item: Leftovers\n|upkeep\n|turn|28\n|inactive|Time left: 300 sec this turn | 300 sec total\n|\n|t:|1783551743\n|-terastallize|p2a: Iron Crown|Fighting\n|move|p1a: Hydreigon|Dark Pulse|p2a: Iron Crown\n|-resisted|p2a: Iron Crown\n|-damage|p2a: Iron Crown|32/268\n|move|p2a: Iron Crown|Tachyon Cutter|p1a: Hydreigon\n|-damage|p1a: Hydreigon|4/100\n|-damage|p1a: Hydreigon|0 fnt\n|faint|p1a: Hydreigon\n|-hitcount|p1: Hydreigon|2\n|\n|-heal|p2a: Iron Crown|48/268|[from] item: Leftovers\n|upkeep\n|\n|t:|1783551743\n|switch|p1a: Avalugg|Avalugg-Hisui, L90, F, tera:Poison|41/100\n|turn|29\n|inactive|Time left: 300 sec this turn | 300 sec total\n|\n|t:|1783551744\n|move|p2a: Iron Crown|Tachyon Cutter|p1a: Avalugg\n|-damage|p1a: Avalugg|10/100\n|-damage|p1a: Avalugg|0 fnt\n|faint|p1a: Avalugg\n|-hitcount|p1: Avalugg|2\n|\n|win|p0y10793403", "uploadtime": 1783551744, "views": 0, "rating": 0, "private": 0, "password": null, "_winner": "p0y10793403", "_our_name": "p0y10793403"}