{"id": "battle-gen9randombattle-1435", "formatid": "gen9randombattle", "format": "[Gen 9] Random Battle", "players": ["p0x1435c834", "p0y14354fbc"], "log": "|init|battle\n|title|p0x1435c834 vs. p0y14354fbc\n|j|\u2606p0x1435c834\n|j|\u2606p0y14354fbc\n|t:|1783555791\n|gametype|singles\n|player|p1|p0x1435c834|265|\n|player|p2|p0y14354fbc|266|\n|gen|9\n|tier|[Gen 9] Random Battle\n|rule|Species Clause: Limit one of each Pok\u00e9mon\n|rule|HP Percentage Mod: HP is shown in percentages\n|rule|Sleep Clause Mod: Limit one foe put to sleep\n|rule|Illusion Level Mod: Illusion disguises the Pok\u00e9mon's true level\n|\n|t:|1783555791\n|teamsize|p1|6\n|teamsize|p2|6\n|start\n|switch|p1a: Mamoswine|Mamoswine, L81, F|100/100\n|switch|p2a: Clodsire|Clodsire, L81, F|343/343\n|turn|1\n|inactive|Battle timer is ON: inactive players will automatically lose when time's up. (requested by p0x1435c834)\n|inactive|Time left: 300 sec this turn | 300 sec total | 60 sec grace\n|inactive|p0y14354fbc also wants the timer to be on.\n|\n|t:|1783555793\n|switch|p2a: Azumarill|Azumarill, L82, M|298/298\n|move|p1a: Mamoswine|Earthquake|p2a: Azumarill\n|-damage|p2a: Azumarill|91/298\n|-enditem|p2a: Azumarill|Sitrus Berry|[eat]\n|-heal|p2a: Azumarill|165/298|[from] item: Sitrus Berry\n|\n|upkeep\n|turn|2\n|inactive|Time left: 300 sec this turn | 300 sec total\n|\n|t:|1783555794\n|switch|p2a: Squawkabilly|Squawkabilly, L85, M|278/278\n|move|p1a: Mamoswine|Earthquake|p2a: Squawkabilly\n|-immune|p2a: Squawkabilly\n|\n|-status|p2a: Squawkabilly|brn|[from] item: Flame Orb\n|upkeep\n|turn|3\n|inactive|Time left: 300 sec this turn | 300 sec total\n|\n|t:|1783555795\n|move|p2a: Squawkabilly|Facade|p1a: Mamoswine\n|-damage|p1a: Mamoswine|15/100\n|move|p1a: Mamoswine|Earthquake|p2a: Squawkabilly\n|-immune|p2a: Squawkabilly\n|\n|-damage|p2a: Squawkabilly|261/278 brn|[from] brn\n|upkeep\n|turn|4\n|inactive|Time left: 300 sec this turn | 300 sec total\n|\n|t:|1783555796\n|move|p2a: Squawkabilly|Facade|p1a: Mamoswine\n|-damage|p1a: Mamoswine|0 fnt\n|faint|p1a: Mamoswine\n|\n|-damage|p2a: Squawkabilly|244/278 brn|[from] brn\n|upkeep\n|\n|t:|1783555797\n|switch|p1a: Veluza|Veluza, L85, F|100/100\n|turn|5\n|inactive|Time left: 300 sec this turn | 300 sec total\n|\n|t:|1783555798\n|-terastallize|p2a: Squawkabilly|Normal\n|move|p1a: Veluza|Psycho Cut|p2a: Squawkabilly\n|-damage|p2a: Squawkabilly|75/278 brn\n|move|p2a: Squawkabilly|Facade|p1a: Veluza\n|-damage|p1a: Veluza|0 fnt\n|faint|p1a: Veluza\n|\n|-damage|p2a: Squawkabilly|58/278 brn|[from] brn\n|upkeep\n|\n|t:|1783555799\n|switch|p1a: Oinkologne|Oinkologne, L92, M|100/100\n|turn|6\n|inactive|Time left: 300 sec this turn | 300 sec total\n|\n|t:|1783555800\n|move|p2a: Squawkabilly|Facade|p1a: Oinkologne\n|-damage|p1a: Oinkologne|4/100\n|move|p1a: Oinkologne|Body Slam|p2a: Squawkabilly\n|-damage|p2a: Squawkabilly|0 fnt\n|faint|p2a: Squawkabilly\n|\n|-heal|p1a: Oinkologne|10/100|[from] item: Leftovers\n|upkeep\n|inactive|Time left: 300 sec this turn | 300 sec total | 5 sec grace\n|\n|t:|1783555800\n|switch|p2a: Tsareena|Tsareena, L87, F|267/267\n|turn|7\n|inactive|Time left: 300 sec this turn | 300 sec total\n|\n|t:|1783555801\n|switch|p1a: Toxtricity|Toxtricity, L82, F|100/100\n|move|p2a: Tsareena|Knock Off|p1a: Toxtricity\n|-damage|p1a: Toxtricity|44/100\n|-enditem|p1a: Toxtricity|Choice Specs|[from] move: Knock Off|[of] p2a: Tsareena\n|-damage|p2a: Tsareena|241/267|[from] item: Life Orb\n|\n|upkeep\n|turn|8\n|inactive|Time left: 300 sec this turn | 300 sec total\n|\n|t:|1783555802\n|move|p2a: Tsareena|Power Whip|p1a: Toxtricity\n|-resisted|p1a: Toxtricity\n|-damage|p1a: Toxtricity|0 fnt\n|faint|p1a: Toxtricity\n|-damage|p2a: Tsareena|215/267|[from] item: Life Orb\n|\n|upkeep\n|\n|t:|1783555802\n|switch|p1a: Gouging Fire|Gouging Fire, L74|100/100\n|turn|9\n|inactive|Time left: 300 sec this turn | 300 sec total\n|\n|t:|1783555803\n|switch|p2a: Rampardos|Rampardos, L90, M|321/321\n|move|p1a: Gouging Fire|Dragon Dance|p1a: Gouging Fire\n|-boost|p1a: Gouging Fire|atk|1\n|-boost|p1a: Gouging Fire|spe|1\n|\n|upkeep\n|turn|10\n|inactive|Time left: 300 sec this turn | 300 sec total\n|\n|t:|1783555804\n|-terastallize|p1a: Gouging Fire|Ground\n|move|p1a: Gouging Fire|Earthquake|p2a: Rampardos\n|-supereffective|p2a: Rampardos\n|-damage|p2a: Rampardos|0 fnt\n|faint|p2a: Rampardos\n|\n|upkeep\n|inactive|Time left: 300 sec this turn | 300 sec total | 5 sec grace\n|\n|t:|1783555804\n|switch|p2a: Azumarill|Azumarill, L82, M|165/298\n|turn|11\n|inactive|Time left: 300 sec this turn | 300 sec total\n|\n|t:|1783555805\n|move|p1a: Gouging Fire|Earthquake|p2a: Azumarill\n|-damage|p2a: Azumarill|12/298\n|move|p2a: Azumarill|Liquidation|p1a: Gouging Fire\n|-supereffective|p1a: Gouging Fire\n|-damage|p1a: Gouging Fire|29/100\n|\n|upkeep\n|turn|12\n|inactive|Time left: 300 sec this turn | 300 sec total\n|\n|t:|1783555806\n|move|p2a: Azumarill|Aqua Jet|p1a: Gouging Fire\n|-supereffective|p1a: Gouging Fire\n|-damage|p1a: Gouging Fire|0 fnt\n|faint|p1a: Gouging Fire\n|-end|p1a: Gouging Fire|Protosynthesis|[silent]\n|\n|upkeep\n|\n|t:|1783555806\n|switch|p1a: Kyurem|Kyurem-Black, L71|100/100\n|-ability|p1a: Kyurem|Teravolt\n|turn|13\n|inactive|Time left: 300 sec this turn | 300 sec total\n|\n|t:|1783555807\n|move|p1a: Kyurem|Icicle Spear|p2a: Azumarill\n|-resisted|p2a: Azumarill\n|-damage|p2a: Azumarill|0 fnt\n|faint|p2a: Azumarill\n|-hitcount|p2: Azumarill|1\n|\n|upkeep\n|inactive|Time left: 300 sec this turn | 300 sec total | 5 sec grace\n|\n|t:|1783555808\n|switch|p2a: Gengar|Gengar, L81, F|230/230\n|turn|14\n|inactive|Time left: 300 sec this turn | 300 sec total\n|\n|t:|1783555809\n|move|p2a: Gengar|Focus Blast|p1a: Kyurem\n|-supereffective|p1a: Kyurem\n|-damage|p1a: Kyurem|5/100\n|-damage|p2a: Gengar|207/230|[from] item: Life Orb\n|move|p1a: Kyurem|Dragon Dance|p1a: Kyurem\n|-boost|p1a: Kyurem|atk|1\n|-boost|p1a: Kyurem|spe|1\n|\n|upkeep\n|turn|15\n|inactive|Time left: 300 sec this turn | 300 sec total\n|\n|t:|1783555810\n|move|p1a: Kyurem|Icicle Spear|p2a: Gengar\n|-damage|p2a: Gengar|138/230\n|-damage|p2a: Gengar|77/230\n|-damage|p2a: Gengar|19/230\n|-damage|p2a: Gengar|0 fnt\n|-start|p1a: Kyurem|Disable|Icicle Spear|[from] ability: Cursed Body|[of] p2a: Gengar\n|faint|p2a: Gengar\n|-hitcount|p2: Gengar|4\n|\n|upkeep\n|inactive|Time left: 300 sec this turn | 300 sec total | 5 sec grace\n|\n|t:|1783555811\n|switch|p2a: Clodsire|Clodsire, L81, F|343/343\n|turn|16\n|inactive|Time left: 300 sec this turn | 300 sec total\n|\n|t:|1783555812\n|switch|p1a: Oinkologne|Oinkologne, L92, M|10/100\n|move|p2a: Clodsire|Stealth Rock|p1a: Oinkologne\n|-sidestart|p1: p0x1435c834|move: Stealth Rock\n|\n|-heal|p1a: Oinkologne|16/100|[from] item: Leftovers\n|upkeep\n|turn|17\n|inactive|Time left: 300 sec this turn | 300 sec total\n|\n|t:|1783555812\n|switch|p1a: Kyurem|Kyurem-Black, L71|5/100\n|-damage|p1a: Kyurem|0 fnt|[from] Stealth Rock\n|faint|p1a: Kyurem\n|move|p2a: Clodsire|Earthquake|p1: Kyurem|[notarget]\n|-fail|p2a: Clodsire\n|\n|upkeep\n|\n|t:|1783555813\n|switch|p1a: Oinkologne|Oinkologne, L92, M|16/100\n|-damage|p1a: Oinkologne|4/100|[from] Stealth Rock\n|turn|18\n|inactive|Time left: 300 sec this turn | 300 sec total\n|\n|t:|1783555814\n|move|p1a: Oinkologne|Body Slam|p2a: Clodsire\n|-damage|p2a: Clodsire|186/343\n|move|p2a: Clodsire|Earthquake|p1a: Oinkologne\n|-damage|p1a: Oinkologne|0 fnt\n|faint|p1a: Oinkologne\n|\n|win|p0y14354fbc", "uploadtime": 1783555814, "views": 0, "rating": 0, "private": 0, "password": null, "_winner": "p0y14354fbc", "_our_name": "p0y14354fbc"}