{"id": "battle-gen9randombattle-2674", "formatid": "gen9randombattle", "format": "[Gen 9] Random Battle", "players": ["p0x2674e156", "p0y26740ac1"], "log": "|init|battle\n|title|p0x2674e156 vs. p0y26740ac1\n|j|\u2606p0x2674e156\n|j|\u2606p0y26740ac1\n|t:|1783570865\n|gametype|singles\n|player|p1|p0x2674e156|170|\n|player|p2|p0y26740ac1|2|\n|gen|9\n|tier|[Gen 9] Random Battle\n|rule|Species Clause: Limit one of each Pok\u00e9mon\n|rule|HP Percentage Mod: HP is shown in percentages\n|rule|Sleep Clause Mod: Limit one foe put to sleep\n|rule|Illusion Level Mod: Illusion disguises the Pok\u00e9mon's true level\n|\n|t:|1783570865\n|teamsize|p1|6\n|teamsize|p2|6\n|start\n|switch|p1a: Qwilfish|Qwilfish-Hisui, L83, M|100/100\n|switch|p2a: Giratina|Giratina-Origin, L72|335/335\n|-ability|p1a: Qwilfish|Intimidate|boost\n|-unboost|p2a: Giratina|atk|1\n|turn|1\n|inactive|Battle timer is ON: inactive players will automatically lose when time's up. (requested by p0y26740ac1)\n|inactive|p0x2674e156 also wants the timer to be on.\n|\n|t:|1783570867\n|switch|p2a: Fezandipiti|Fezandipiti, L82, M|278/278\n|move|p1a: Qwilfish|Crunch|p2a: Fezandipiti\n|-resisted|p2a: Fezandipiti\n|-damage|p2a: Fezandipiti|234/278\n|\n|-heal|p2a: Fezandipiti|251/278|[from] item: Leftovers\n|upkeep\n|turn|2\n|inactive|Time left: 300 sec this turn | 300 sec total\n|\n|t:|1783570868\n|move|p2a: Fezandipiti|Moonblast|p1a: Qwilfish\n|-damage|p1a: Qwilfish|69/100\n|move|p1a: Qwilfish|Toxic Spikes|p2a: Fezandipiti\n|-sidestart|p2: p0y26740ac1|move: Toxic Spikes\n|\n|-heal|p2a: Fezandipiti|268/278|[from] item: Leftovers\n|upkeep\n|turn|3\n|inactive|Time left: 300 sec this turn | 300 sec total\n|\n|t:|1783570869\n|move|p2a: Fezandipiti|Moonblast|p1a: Qwilfish\n|-damage|p1a: Qwilfish|41/100\n|move|p1a: Qwilfish|Spikes|p2a: Fezandipiti\n|-sidestart|p2: p0y26740ac1|Spikes\n|\n|-heal|p2a: Fezandipiti|278/278|[from] item: Leftovers\n|upkeep\n|turn|4\n|inactive|Time left: 300 sec this turn | 300 sec total\n|\n|t:|1783570870\n|move|p2a: Fezandipiti|Moonblast|p1a: Qwilfish\n|-damage|p1a: Qwilfish|14/100\n|move|p1a: Qwilfish|Spikes|p2a: Fezandipiti\n|-sidestart|p2: p0y26740ac1|Spikes\n|\n|upkeep\n|turn|5\n|inactive|Time left: 300 sec this turn | 300 sec total\n|\n|t:|1783570871\n|switch|p1a: Sandslash|Sandslash, L89, F|100/100\n|move|p2a: Fezandipiti|Moonblast|p1a: Sandslash\n|-damage|p1a: Sandslash|63/100\n|\n|-heal|p1a: Sandslash|70/100|[from] item: Leftovers\n|upkeep\n|turn|6\n|inactive|Time left: 300 sec this turn | 300 sec total\n|\n|t:|1783570872\n|move|p2a: Fezandipiti|Moonblast|p1a: Sandslash\n|-damage|p1a: Sandslash|35/100\n|move|p1a: Sandslash|Earthquake|p2a: Fezandipiti\n|-supereffective|p2a: Fezandipiti\n|-damage|p2a: Fezandipiti|18/278\n|\n|-heal|p2a: Fezandipiti|35/278|[from] item: Leftovers\n|-heal|p1a: Sandslash|41/100|[from] item: Leftovers\n|upkeep\n|turn|7\n|inactive|Time left: 300 sec this turn | 300 sec total\n|\n|t:|1783570873\n|move|p2a: Fezandipiti|Moonblast|p1a: Sandslash\n|-damage|p1a: Sandslash|6/100\n|-unboost|p1a: Sandslash|spa|1\n|move|p1a: Sandslash|Rapid Spin|p2a: Fezandipiti\n|-damage|p2a: Fezandipiti|0 fnt\n|-boost|p1a: Sandslash|spe|1\n|faint|p2a: Fezandipiti\n|\n|-heal|p1a: Sandslash|12/100|[from] item: Leftovers\n|upkeep\n|inactive|Time left: 300 sec this turn | 300 sec total | 5 sec grace\n|\n|t:|1783570874\n|switch|p2a: Giratina|Giratina-Origin, L72|335/335\n|turn|8\n|inactive|Time left: 300 sec this turn | 300 sec total\n|\n|t:|1783570876\n|switch|p1a: Grimmsnarl|Grimmsnarl, L83, M|100/100\n|move|p2a: Giratina|Defog|p1a: Grimmsnarl\n|-unboost|p1a: Grimmsnarl|evasion|1\n|-sideend|p2: p0y26740ac1|Spikes|[from] move: Defog|[of] p2a: Giratina\n|-sideend|p2: p0y26740ac1|Toxic Spikes|[from] move: Defog|[of] p2a: Giratina\n|\n|upkeep\n|turn|9\n|inactive|Time left: 300 sec this turn | 300 sec total\n|\n|t:|1783570876\n|move|p2a: Giratina|Will-O-Wisp|p1a: Grimmsnarl\n|-status|p1a: Grimmsnarl|brn\n|move|p1a: Grimmsnarl|Spirit Break|p2a: Giratina\n|-supereffective|p2a: Giratina\n|-crit|p2a: Giratina\n|-damage|p2a: Giratina|181/335\n|-unboost|p2a: Giratina|spa|1\n|\n|-damage|p1a: Grimmsnarl|94/100 brn|[from] brn\n|upkeep\n|turn|10\n|inactive|Time left: 300 sec this turn | 300 sec total\n|\n|t:|1783570877\n|switch|p2a: Solgaleo|Solgaleo, L74|325/325\n|move|p1a: Grimmsnarl|Light Screen|p1a: Grimmsnarl\n|-sidestart|p1: p0x2674e156|move: Light Screen\n|\n|-damage|p1a: Grimmsnarl|88/100 brn|[from] brn\n|upkeep\n|turn|11\n|inactive|Time left: 300 sec this turn | 300 sec total\n|\n|t:|1783570879\n|move|p1a: Grimmsnarl|Reflect|p1a: Grimmsnarl\n|-sidestart|p1: p0x2674e156|Reflect\n|move|p2a: Solgaleo|Sunsteel Strike|p1a: Grimmsnarl\n|-supereffective|p1a: Grimmsnarl\n|-damage|p1a: Grimmsnarl|45/100 brn\n|\n|-damage|p1a: Grimmsnarl|39/100 brn|[from] brn\n|upkeep\n|turn|12\n|inactive|Time left: 300 sec this turn | 300 sec total\n|\n|t:|1783570880\n|move|p1a: Grimmsnarl|Thunder Wave|p2a: Solgaleo\n|-status|p2a: Solgaleo|par\n|move|p2a: Solgaleo|Sunsteel Strike|p1a: Grimmsnarl\n|-supereffective|p1a: Grimmsnarl\n|-damage|p1a: Grimmsnarl|0 fnt\n|faint|p1a: Grimmsnarl\n|\n|upkeep\n|\n|t:|1783570881\n|switch|p1a: Skeledirge|Skeledirge, L79, F|100/100\n|turn|13\n|inactive|Time left: 300 sec this turn | 300 sec total\n|\n|t:|1783570882\n|switch|p2a: Terapagos|Terapagos, L77, F|265/265\n|-activate|p2a: Terapagos|ability: Tera Shift\n|detailschange|p2a: Terapagos|Terapagos-Terastal, L77, F\n|-heal|p2a: Terapagos|273/273|[silent]\n|move|p1a: Skeledirge|Torch Song|p2a: Terapagos\n|-activate|p2a: Terapagos|ability: Tera Shell\n|-resisted|p2a: Terapagos\n|-damage|p2a: Terapagos|233/273\n|-boost|p1a: Skeledirge|spa|1\n|\n|upkeep\n|turn|14\n|inactive|Time left: 300 sec this turn | 300 sec total\n|\n|t:|1783570883\n|move|p2a: Terapagos|Calm Mind|p2a: Terapagos\n|-boost|p2a: Terapagos|spa|1\n|-boost|p2a: Terapagos|spd|1\n|move|p1a: Skeledirge|Torch Song|p2a: Terapagos\n|-damage|p2a: Terapagos|116/273\n|-boost|p1a: Skeledirge|spa|1\n|\n|upkeep\n|turn|15\n|inactive|Time left: 300 sec this turn | 300 sec total\n|\n|t:|1783570884\n|move|p2a: Terapagos|Rest|p2a: Terapagos\n|-status|p2a: Terapagos|slp|[from] move: Rest\n|-heal|p2a: Terapagos|273/273 slp|[silent]\n|-enditem|p2a: Terapagos|Chesto Berry|[eat]\n|-curestatus|p2a: Terapagos|slp|[msg]\n|move|p1a: Skeledirge|Torch Song|p2a: Terapagos\n|-activate|p2a: Terapagos|ability: Tera Shell\n|-resisted|p2a: Terapagos\n|-damage|p2a: Terapagos|203/273\n|-boost|p1a: Skeledirge|spa|1\n|\n|upkeep\n|turn|16\n|inactive|Time left: 300 sec this turn | 300 sec total\n|\n|t:|1783570885\n|move|p2a: Terapagos|Earth Power|p1a: Skeledirge\n|-supereffective|p1a: Skeledirge\n|-damage|p1a: Skeledirge|78/100\n|move|p1a: Skeledirge|Torch Song|p2a: Terapagos\n|-damage|p2a: Terapagos|22/273\n|-boost|p1a: Skeledirge|spa|1\n|\n|upkeep\n|turn|17\n|inactive|Time left: 300 sec this turn | 300 sec total\n|\n|t:|1783570886\n|move|p2a: Terapagos|Rest|p2a: Terapagos\n|-status|p2a: Terapagos|slp|[from] move: Rest\n|-heal|p2a: Terapagos|273/273 slp|[silent]\n|move|p1a: Skeledirge|Torch Song|p2a: Terapagos\n|-activate|p2a: Terapagos|ability: Tera Shell\n|-resisted|p2a: Terapagos\n|-damage|p2a: Terapagos|165/273 slp\n|-boost|p1a: Skeledirge|spa|1\n|\n|-sideend|p1: p0x2674e156|move: Light Screen\n|upkeep\n|turn|18\n|inactive|Time left: 300 sec this turn | 300 sec total\n|\n|t:|1783570887\n|switch|p2a: Giratina|Giratina-Origin, L72|181/335\n|move|p1a: Skeledirge|Torch Song|p2a: Giratina\n|-resisted|p2a: Giratina\n|-damage|p2a: Giratina|17/335\n|-boost|p1a: Skeledirge|spa|1\n|\n|-sideend|p1: p0x2674e156|Reflect\n|upkeep\n|turn|19\n|inactive|Time left: 300 sec this turn | 300 sec total\n|\n|t:|1783570888\n|-terastallize|p1a: Skeledirge|Fairy\n|move|p2a: Giratina|Poltergeist|p1a: Skeledirge\n|-activate|p1a: Skeledirge|move: Poltergeist|Heavy-Duty Boots\n|-damage|p1a: Skeledirge|41/100\n|move|p1a: Skeledirge|Flame Charge|p2a: Giratina\n|-resisted|p2a: Giratina\n|-damage|p2a: Giratina|0 fnt\n|-boost|p1a: Skeledirge|spe|1\n|faint|p2a: Giratina\n|\n|upkeep\n|inactive|Time left: 300 sec this turn | 300 sec total | 5 sec grace\n|\n|t:|1783570889\n|switch|p2a: Ursaring|Ursaring, L84, M|288/288\n|turn|20\n|inactive|Time left: 300 sec this turn | 300 sec total\n|\n|t:|1783570890\n|move|p1a: Skeledirge|Torch Song|p2a: Ursaring\n|-damage|p2a: Ursaring|56/288\n|move|p2a: Ursaring|Body Slam|p1a: Skeledirge\n|-damage|p1a: Skeledirge|5/100\n|\n|upkeep\n|turn|21\n|inactive|Time left: 300 sec this turn | 300 sec total\n|\n|t:|1783570891\n|move|p1a: Skeledirge|Torch Song|p2a: Ursaring\n|-damage|p2a: Ursaring|0 fnt\n|faint|p2a: Ursaring\n|\n|upkeep\n|inactive|Time left: 300 sec this turn | 300 sec total | 5 sec grace\n|\n|t:|1783570892\n|switch|p2a: Terapagos|Terapagos-Terastal, L77, F|165/273 slp\n|turn|22\n|inactive|Time left: 300 sec this turn | 300 sec total\n|\n|t:|1783570893\n|move|p1a: Skeledirge|Slack Off|p1a: Skeledirge\n|-heal|p1a: Skeledirge|55/100\n|cant|p2a: Terapagos|slp\n|\n|upkeep\n|turn|23\n|inactive|Time left: 300 sec this turn | 300 sec total\n|\n|t:|1783570894\n|move|p1a: Skeledirge|Torch Song|p2a: Terapagos\n|-damage|p2a: Terapagos|0 fnt\n|faint|p2a: Terapagos\n|\n|upkeep\n|inactive|Time left: 300 sec this turn | 300 sec total | 5 sec grace\n|\n|t:|1783570895\n|switch|p2a: Vivillon|Vivillon-High Plains, L83, F|268/268\n|turn|24\n|inactive|Time left: 300 sec this turn | 300 sec total\n|\n|t:|1783570896\n|move|p1a: Skeledirge|Torch Song|p2a: Vivillon\n|-supereffective|p2a: Vivillon\n|-damage|p2a: Vivillon|0 fnt\n|faint|p2a: Vivillon\n|\n|upkeep\n|inactive|Time left: 300 sec this turn | 300 sec total | 5 sec grace\n|\n|t:|1783570896\n|switch|p2a: Solgaleo|Solgaleo, L74|325/325 par\n|turn|25\n|inactive|Time left: 300 sec this turn | 300 sec total\n|\n|t:|1783570897\n|move|p1a: Skeledirge|Shadow Ball|p2a: Solgaleo\n|-supereffective|p2a: Solgaleo\n|-damage|p2a: Solgaleo|0 fnt\n|faint|p2a: Solgaleo\n|\n|win|p0x2674e156", "uploadtime": 1783570897, "views": 0, "rating": 0, "private": 0, "password": null, "_winner": "p0x2674e156", "_our_name": "p0y26740ac1"}