{"id": "battle-gen9randombattle-1641", "formatid": "gen9randombattle", "format": "[Gen 9] Random Battle", "players": ["p0x16413e13", "p0y16418ca3"], "log": "|init|battle\n|title|p0x16413e13 vs. p0y16418ca3\n|j|\u2606p0x16413e13\n|j|\u2606p0y16418ca3\n|t:|1783558266\n|gametype|singles\n|player|p1|p0x16413e13|265|\n|player|p2|p0y16418ca3|266|\n|gen|9\n|tier|[Gen 9] Random Battle\n|rule|Species Clause: Limit one of each Pok\u00e9mon\n|rule|HP Percentage Mod: HP is shown in percentages\n|rule|Sleep Clause Mod: Limit one foe put to sleep\n|rule|Illusion Level Mod: Illusion disguises the Pok\u00e9mon's true level\n|\n|t:|1783558266\n|teamsize|p1|6\n|teamsize|p2|6\n|start\n|switch|p1a: Talonflame|Talonflame, L83, M|265/265\n|switch|p2a: Basculin|Basculin, L86, F|100/100\n|turn|1\n|inactive|Battle timer is ON: inactive players will automatically lose when time's up. (requested by p0y16418ca3)\n|inactive|Time left: 300 sec this turn | 300 sec total | 60 sec grace\n|inactive|p0x16413e13 also wants the timer to be on.\n|\n|t:|1783558267\n|switch|p1a: Azumarill|Azumarill, L82, F|298/298\n|move|p2a: Basculin|Flip Turn|p1a: Azumarill\n|-resisted|p1a: Azumarill\n|-damage|p1a: Azumarill|229/298\n|\n|t:|1783558268\n|switch|p2a: Zangoose|Zangoose, L85, F|100/100|[from] Flip Turn\n|\n|-status|p2a: Zangoose|tox|[from] item: Toxic Orb\n|upkeep\n|turn|2\n|inactive|Time left: 300 sec this turn | 300 sec total\n|\n|t:|1783558269\n|move|p1a: Azumarill|Aqua Jet|p2a: Zangoose\n|-damage|p2a: Zangoose|62/100 tox\n|move|p2a: Zangoose|Facade|p1a: Azumarill\n|-damage|p1a: Azumarill|0 fnt\n|faint|p1a: Azumarill\n|\n|-damage|p2a: Zangoose|56/100 tox|[from] psn\n|upkeep\n|inactive|Time left: 300 sec this turn | 300 sec total | 5 sec grace\n|\n|t:|1783558270\n|switch|p1a: Arceus|Arceus-Ground, L70|284/284\n|turn|3\n|inactive|Time left: 300 sec this turn | 300 sec total\n|\n|t:|1783558271\n|move|p1a: Arceus|Judgment|p2a: Zangoose\n|-damage|p2a: Zangoose|8/100 tox\n|move|p2a: Zangoose|Facade|p1a: Arceus\n|-damage|p1a: Arceus|23/284\n|\n|-damage|p2a: Zangoose|0 fnt|[from] psn\n|faint|p2a: Zangoose\n|upkeep\n|\n|t:|1783558272\n|switch|p2a: Basculin|Basculin, L86, F|100/100\n|turn|4\n|inactive|Time left: 300 sec this turn | 300 sec total\n|\n|t:|1783558273\n|switch|p1a: Brute Bonnet|Brute Bonnet, L80|309/309\n|move|p2a: Basculin|Wave Crash|p1a: Brute Bonnet\n|-resisted|p1a: Brute Bonnet\n|-damage|p1a: Brute Bonnet|177/309\n|-damage|p2a: Basculin|84/100|[from] Recoil\n|\n|-heal|p1a: Brute Bonnet|196/309|[from] item: Leftovers\n|upkeep\n|turn|5\n|inactive|Time left: 300 sec this turn | 300 sec total\n|\n|t:|1783558274\n|move|p2a: Basculin|Wave Crash|p1a: Brute Bonnet\n|-resisted|p1a: Brute Bonnet\n|-damage|p1a: Brute Bonnet|83/309\n|-damage|p2a: Basculin|69/100|[from] Recoil\n|move|p1a: Brute Bonnet|Spore|p2a: Basculin\n|-status|p2a: Basculin|slp|[from] move: Spore\n|\n|-heal|p1a: Brute Bonnet|102/309|[from] item: Leftovers\n|upkeep\n|turn|6\n|inactive|Time left: 300 sec this turn | 300 sec total\n|\n|t:|1783558275\n|switch|p2a: Tornadus|Tornadus, L82, M|100/100\n|move|p1a: Brute Bonnet|Crunch|p2a: Tornadus\n|-damage|p2a: Tornadus|59/100\n|\n|-heal|p1a: Brute Bonnet|121/309|[from] item: Leftovers\n|upkeep\n|turn|7\n|inactive|Time left: 300 sec this turn | 300 sec total\n|\n|t:|1783558276\n|-end|p1a: Brute Bonnet|Protosynthesis|[silent]\n|switch|p1a: Grumpig|Grumpig, L92, F|297/297\n|move|p2a: Tornadus|Bleakwind Storm|p1a: Grumpig|[miss]\n|-miss|p2a: Tornadus|p1a: Grumpig\n|\n|upkeep\n|turn|8\n|inactive|Time left: 300 sec this turn | 300 sec total\n|\n|t:|1783558277\n|move|p2a: Tornadus|Bleakwind Storm|p1a: Grumpig\n|-damage|p1a: Grumpig|162/297\n|move|p1a: Grumpig|Nasty Plot|p1a: Grumpig\n|-boost|p1a: Grumpig|spa|2\n|\n|-heal|p1a: Grumpig|180/297|[from] item: Leftovers\n|upkeep\n|turn|9\n|inactive|Time left: 300 sec this turn | 300 sec total\n|\n|t:|1783558278\n|-terastallize|p2a: Tornadus|Flying\n|move|p2a: Tornadus|Bleakwind Storm|p1a: Grumpig\n|-damage|p1a: Grumpig|0 fnt\n|faint|p1a: Grumpig\n|\n|upkeep\n|inactive|Time left: 300 sec this turn | 300 sec total | 5 sec grace\n|\n|t:|1783558279\n|switch|p1a: Samurott|Samurott-Hisui, L77, M|265/265\n|turn|10\n|inactive|Time left: 300 sec this turn | 300 sec total\n|\n|t:|1783558280\n|move|p2a: Tornadus|Bleakwind Storm|p1a: Samurott\n|-damage|p1a: Samurott|0 fnt\n|faint|p1a: Samurott\n|\n|upkeep\n|inactive|Time left: 300 sec this turn | 300 sec total | 5 sec grace\n|\n|t:|1783558281\n|switch|p1a: Arceus|Arceus-Ground, L70|23/284\n|turn|11\n|inactive|Time left: 300 sec this turn | 300 sec total\n|\n|t:|1783558282\n|move|p2a: Tornadus|Bleakwind Storm|p1a: Arceus\n|-damage|p1a: Arceus|0 fnt\n|faint|p1a: Arceus\n|\n|upkeep\n|inactive|Time left: 300 sec this turn | 300 sec total | 5 sec grace\n|\n|t:|1783558283\n|switch|p1a: Brute Bonnet|Brute Bonnet, L80|121/309\n|turn|12\n|inactive|Time left: 300 sec this turn | 300 sec total\n|\n|t:|1783558284\n|move|p1a: Brute Bonnet|Sucker Punch|p2a: Tornadus\n|-damage|p2a: Tornadus|16/100\n|move|p2a: Tornadus|Bleakwind Storm|p1a: Brute Bonnet|[miss]\n|-miss|p2a: Tornadus|p1a: Brute Bonnet\n|\n|-heal|p1a: Brute Bonnet|140/309|[from] item: Leftovers\n|upkeep\n|turn|13\n|inactive|Time left: 300 sec this turn | 300 sec total\n|\n|t:|1783558285\n|move|p1a: Brute Bonnet|Sucker Punch|p2a: Tornadus\n|-damage|p2a: Tornadus|0 fnt\n|faint|p2a: Tornadus\n|\n|-heal|p1a: Brute Bonnet|159/309|[from] item: Leftovers\n|upkeep\n|\n|t:|1783558286\n|switch|p2a: Furret|Furret, L94, M|100/100\n|-item|p1a: Brute Bonnet|Leftovers|[from] ability: Frisk|[of] p2a: Furret\n|turn|14\n|inactive|Time left: 300 sec this turn | 300 sec total\n|\n|t:|1783558287\n|move|p2a: Furret|Double-Edge|p1a: Brute Bonnet\n|-damage|p1a: Brute Bonnet|0 fnt\n|faint|p1a: Brute Bonnet\n|-end|p1a: Brute Bonnet|Protosynthesis|[silent]\n|-damage|p2a: Furret|84/100|[from] Recoil\n|\n|upkeep\n|inactive|Time left: 300 sec this turn | 300 sec total | 5 sec grace\n|\n|t:|1783558289\n|switch|p1a: Talonflame|Talonflame, L83, M|265/265\n|turn|15\n|inactive|Time left: 300 sec this turn | 300 sec total\n|\n|t:|1783558290\n|-terastallize|p1a: Talonflame|Ground\n|move|p1a: Talonflame|Tera Blast|p2a: Furret|[anim] Tera Blast Ground\n|-crit|p2a: Furret\n|-damage|p2a: Furret|41/100\n|move|p2a: Furret|Double-Edge|p1a: Talonflame\n|-damage|p1a: Talonflame|28/265\n|-damage|p2a: Furret|16/100|[from] Recoil\n|\n|upkeep\n|turn|16\n|inactive|Time left: 300 sec this turn | 300 sec total\n|\n|t:|1783558291\n|switch|p2a: Sinistcha|Sinistcha-Masterpiece, L83|100/100\n|move|p1a: Talonflame|Swords Dance|p1a: Talonflame\n|-boost|p1a: Talonflame|atk|2\n|\n|upkeep\n|turn|17\n|inactive|Time left: 300 sec this turn | 300 sec total\n|\n|t:|1783558292\n|move|p1a: Talonflame|Swords Dance|p1a: Talonflame\n|-boost|p1a: Talonflame|atk|2\n|move|p2a: Sinistcha|Shadow Ball|p1a: Talonflame\n|-damage|p1a: Talonflame|0 fnt\n|faint|p1a: Talonflame\n|\n|win|p0y16418ca3", "uploadtime": 1783558292, "views": 0, "rating": 0, "private": 0, "password": null, "_winner": "p0y16418ca3", "_our_name": "p0x16413e13"}