{"id": "battle-gen9randombattle-306", "formatid": "gen9randombattle", "format": "[Gen 9] Random Battle", "players": ["p0x3060d7a", "p0y306c51d"], "log": "|init|battle\n|title|p0x3060d7a vs. p0y306c51d\n|j|\u2606p0x3060d7a\n|j|\u2606p0y306c51d\n|t:|1783542615\n|gametype|singles\n|player|p1|p0x3060d7a|2|\n|player|p2|p0y306c51d|102|\n|gen|9\n|tier|[Gen 9] Random Battle\n|rule|Species Clause: Limit one of each Pok\u00e9mon\n|rule|HP Percentage Mod: HP is shown in percentages\n|rule|Sleep Clause Mod: Limit one foe put to sleep\n|rule|Illusion Level Mod: Illusion disguises the Pok\u00e9mon's true level\n|\n|t:|1783542615\n|teamsize|p1|6\n|teamsize|p2|6\n|start\n|switch|p1a: Lapras|Lapras, L87, F|100/100\n|switch|p2a: Grumpig|Grumpig, L92, M|297/297\n|turn|1\n|inactive|Battle timer is ON: inactive players will automatically lose when time's up. (requested by p0y306c51d)\n|inactive|p0x3060d7a also wants the timer to be on.\n|\n|t:|1783542616\n|move|p2a: Grumpig|Nasty Plot|p2a: Grumpig\n|-boost|p2a: Grumpig|spa|2\n|move|p1a: Lapras|Ice Beam|p2a: Grumpig\n|-damage|p2a: Grumpig|242/297\n|\n|-heal|p2a: Grumpig|260/297|[from] item: Leftovers\n|upkeep\n|turn|2\n|inactive|Time left: 300 sec this turn | 300 sec total\n|\n|t:|1783542617\n|move|p2a: Grumpig|Psychic|p1a: Lapras\n|-damage|p1a: Lapras|51/100\n|move|p1a: Lapras|Ice Beam|p2a: Grumpig\n|-damage|p2a: Grumpig|211/297\n|\n|-heal|p2a: Grumpig|229/297|[from] item: Leftovers\n|upkeep\n|turn|3\n|inactive|Time left: 300 sec this turn | 300 sec total\n|\n|t:|1783542619\n|switch|p1a: Trevenant|Trevenant, L89, F|100/100\n|move|p2a: Grumpig|Psychic|p1a: Trevenant\n|-damage|p1a: Trevenant|29/100\n|-enditem|p1a: Trevenant|Sitrus Berry|[eat]\n|-heal|p1a: Trevenant|54/100|[from] item: Sitrus Berry\n|\n|-heal|p2a: Grumpig|247/297|[from] item: Leftovers\n|-item|p1a: Trevenant|Sitrus Berry|[from] ability: Harvest\n|upkeep\n|turn|4\n|inactive|Time left: 300 sec this turn | 300 sec total\n|\n|t:|1783542620\n|-terastallize|p1a: Trevenant|Dark\n|move|p2a: Grumpig|Psychic|p1a: Trevenant\n|-immune|p1a: Trevenant\n|move|p1a: Trevenant|Poltergeist|p2a: Grumpig\n|-activate|p2a: Grumpig|move: Poltergeist|Leftovers\n|-supereffective|p2a: Grumpig\n|-damage|p2a: Grumpig|0 fnt\n|faint|p2a: Grumpig\n|\n|upkeep\n|inactive|Time left: 300 sec this turn | 300 sec total | 5 sec grace\n|\n|t:|1783542621\n|switch|p2a: Tauros|Tauros-Paldea-Combat, L82, M|257/257\n|-ability|p2a: Tauros|Intimidate|boost\n|-unboost|p1a: Trevenant|atk|1\n|turn|5\n|inactive|Time left: 300 sec this turn | 300 sec total\n|\n|t:|1783542623\n|switch|p1a: Vivillon|Vivillon-Monsoon, L83, M|100/100\n|move|p2a: Tauros|Bulk Up|p2a: Tauros\n|-boost|p2a: Tauros|atk|1\n|-boost|p2a: Tauros|def|1\n|\n|upkeep\n|turn|6\n|inactive|Time left: 300 sec this turn | 300 sec total\n|\n|t:|1783542624\n|move|p2a: Tauros|Stone Edge|p1a: Vivillon\n|-supereffective|p1a: Vivillon\n|-damage|p1a: Vivillon|0 fnt\n|faint|p1a: Vivillon\n|-damage|p2a: Tauros|232/257|[from] item: Life Orb\n|\n|upkeep\n|\n|t:|1783542625\n|switch|p1a: Gholdengo|Gholdengo, L77|100/100\n|turn|7\n|inactive|Time left: 300 sec this turn | 300 sec total\n|\n|t:|1783542626\n|move|p1a: Gholdengo|Make It Rain|p2a: Tauros\n|-damage|p2a: Tauros|52/257\n|-unboost|p1a: Gholdengo|spa|1\n|move|p2a: Tauros|Earthquake|p1a: Gholdengo\n|-supereffective|p1a: Gholdengo\n|-damage|p1a: Gholdengo|0 fnt\n|faint|p1a: Gholdengo\n|-damage|p2a: Tauros|27/257|[from] item: Life Orb\n|\n|upkeep\n|\n|t:|1783542627\n|switch|p1a: Kilowattrel|Kilowattrel, L83, F|100/100\n|turn|8\n|inactive|Time left: 300 sec this turn | 300 sec total\n|\n|t:|1783542628\n|switch|p2a: Rhyperior|Rhyperior, L82, M|323/323\n|move|p1a: Kilowattrel|Discharge|p2a: Rhyperior\n|-immune|p2a: Rhyperior\n|\n|upkeep\n|turn|9\n|inactive|Time left: 300 sec this turn | 300 sec total\n|\n|t:|1783542630\n|switch|p1a: Empoleon|Empoleon, L84, F|100/100\n|move|p2a: Rhyperior|Stone Edge|p1a: Empoleon|[miss]\n|-miss|p2a: Rhyperior|p1a: Empoleon\n|\n|upkeep\n|turn|10\n|inactive|Time left: 300 sec this turn | 300 sec total\n|\n|t:|1783542631\n|-terastallize|p2a: Rhyperior|Bug\n|move|p1a: Empoleon|Surf|p2a: Rhyperior\n|-damage|p2a: Rhyperior|217/323\n|move|p2a: Rhyperior|Earthquake|p1a: Empoleon\n|-supereffective|p1a: Empoleon\n|-damage|p1a: Empoleon|9/100\n|\n|-heal|p1a: Empoleon|15/100|[from] item: Leftovers\n|upkeep\n|turn|11\n|inactive|Time left: 300 sec this turn | 300 sec total\n|\n|t:|1783542632\n|move|p1a: Empoleon|Surf|p2a: Rhyperior\n|-damage|p2a: Rhyperior|108/323\n|move|p2a: Rhyperior|Earthquake|p1a: Empoleon\n|-supereffective|p1a: Empoleon\n|-damage|p1a: Empoleon|0 fnt\n|faint|p1a: Empoleon\n|\n|upkeep\n|\n|t:|1783542633\n|switch|p1a: Lapras|Lapras, L87, F|51/100\n|turn|12\n|inactive|Time left: 300 sec this turn | 300 sec total\n|\n|t:|1783542634\n|switch|p2a: Cobalion|Cobalion, L80|277/277\n|move|p1a: Lapras|Ice Beam|p2a: Cobalion\n|-resisted|p2a: Cobalion\n|-damage|p2a: Cobalion|199/277\n|\n|-heal|p2a: Cobalion|216/277|[from] item: Leftovers\n|upkeep\n|turn|13\n|inactive|Time left: 300 sec this turn | 300 sec total\n|\n|t:|1783542635\n|switch|p1a: Kilowattrel|Kilowattrel, L83, F|100/100\n|move|p2a: Cobalion|Calm Mind|p2a: Cobalion\n|-boost|p2a: Cobalion|spa|1\n|-boost|p2a: Cobalion|spd|1\n|\n|-heal|p2a: Cobalion|233/277|[from] item: Leftovers\n|upkeep\n|turn|14\n|inactive|Time left: 300 sec this turn | 300 sec total\n|\n|t:|1783542636\n|move|p1a: Kilowattrel|Discharge|p2a: Cobalion\n|-damage|p2a: Cobalion|157/277\n|move|p2a: Cobalion|Calm Mind|p2a: Cobalion\n|-boost|p2a: Cobalion|spa|1\n|-boost|p2a: Cobalion|spd|1\n|\n|-heal|p2a: Cobalion|174/277|[from] item: Leftovers\n|upkeep\n|turn|15\n|inactive|Time left: 300 sec this turn | 300 sec total\n|\n|t:|1783542636\n|move|p1a: Kilowattrel|Discharge|p2a: Cobalion\n|-damage|p2a: Cobalion|117/277\n|move|p2a: Cobalion|Aura Sphere|p1a: Kilowattrel\n|-resisted|p1a: Kilowattrel\n|-damage|p1a: Kilowattrel|59/100\n|\n|-heal|p2a: Cobalion|134/277|[from] item: Leftovers\n|upkeep\n|turn|16\n|inactive|Time left: 300 sec this turn | 300 sec total\n|\n|t:|1783542637\n|move|p1a: Kilowattrel|Discharge|p2a: Cobalion\n|-damage|p2a: Cobalion|82/277\n|-status|p2a: Cobalion|par\n|cant|p2a: Cobalion|par\n|\n|-heal|p2a: Cobalion|99/277 par|[from] item: Leftovers\n|upkeep\n|turn|17\n|inactive|Time left: 300 sec this turn | 300 sec total\n|\n|t:|1783542638\n|move|p1a: Kilowattrel|Hurricane|p2a: Cobalion\n|-damage|p2a: Cobalion|26/277 par\n|move|p2a: Cobalion|Aura Sphere|p1a: Kilowattrel\n|-resisted|p1a: Kilowattrel\n|-damage|p1a: Kilowattrel|22/100\n|\n|-heal|p2a: Cobalion|43/277 par|[from] item: Leftovers\n|upkeep\n|turn|18\n|inactive|Time left: 300 sec this turn | 300 sec total\n|\n|t:|1783542638\n|cant|p2a: Cobalion|par\n|move|p1a: Kilowattrel|Discharge|p2a: Cobalion\n|-damage|p2a: Cobalion|0 fnt\n|faint|p2a: Cobalion\n|\n|upkeep\n|inactive|Time left: 300 sec this turn | 300 sec total | 5 sec grace\n|\n|t:|1783542639\n|switch|p2a: Giratina|Giratina-Origin, L72|335/335\n|turn|19\n|inactive|Time left: 300 sec this turn | 300 sec total\n|\n|t:|1783542640\n|move|p1a: Kilowattrel|Hurricane|p2a: Giratina|[miss]\n|-miss|p1a: Kilowattrel|p2a: Giratina\n|move|p2a: Giratina|Poltergeist|p1a: Kilowattrel\n|-activate|p1a: Kilowattrel|move: Poltergeist|Heavy-Duty Boots\n|-damage|p1a: Kilowattrel|0 fnt\n|faint|p1a: Kilowattrel\n|\n|upkeep\n|\n|t:|1783542640\n|switch|p1a: Trevenant|Trevenant, L89, F, tera:Dark|54/100\n|turn|20\n|inactive|Time left: 300 sec this turn | 300 sec total\n|\n|t:|1783542641\n|switch|p2a: Qwilfish|Qwilfish-Hisui, L83, M|244/244\n|-ability|p2a: Qwilfish|Intimidate|boost\n|-unboost|p1a: Trevenant|atk|1\n|move|p1a: Trevenant|Poltergeist|p2a: Qwilfish\n|-activate|p2a: Qwilfish|move: Poltergeist|Eviolite\n|-resisted|p2a: Qwilfish\n|-crit|p2a: Qwilfish\n|-damage|p2a: Qwilfish|163/244\n|\n|upkeep\n|turn|21\n|inactive|Time left: 300 sec this turn | 300 sec total\n|\n|t:|1783542642\n|move|p2a: Qwilfish|Gunk Shot|p1a: Trevenant\n|-damage|p1a: Trevenant|12/100\n|-status|p1a: Trevenant|psn\n|-enditem|p1a: Trevenant|Sitrus Berry|[eat]\n|-heal|p1a: Trevenant|37/100 psn|[from] item: Sitrus Berry\n|move|p1a: Trevenant|Drain Punch|p2a: Qwilfish\n|-damage|p2a: Qwilfish|133/244\n|-heal|p1a: Trevenant|42/100 psn|[from] drain|[of] p2a: Qwilfish\n|\n|-damage|p1a: Trevenant|29/100 psn|[from] psn\n|upkeep\n|turn|22\n|inactive|Time left: 300 sec this turn | 300 sec total\n|\n|t:|1783542643\n|move|p1a: Trevenant|Protect|p1a: Trevenant\n|-singleturn|p1a: Trevenant|Protect\n|move|p2a: Qwilfish|Gunk Shot|p1a: Trevenant\n|-activate|p1a: Trevenant|move: Protect\n|\n|-damage|p1a: Trevenant|17/100 psn|[from] psn\n|upkeep\n|turn|23\n|inactive|Time left: 300 sec this turn | 300 sec total\n|\n|t:|1783542643\n|move|p2a: Qwilfish|Gunk Shot|p1a: Trevenant\n|-damage|p1a: Trevenant|0 fnt\n|faint|p1a: Trevenant\n|\n|upkeep\n|\n|t:|1783542644\n|switch|p1a: Lapras|Lapras, L87, F|51/100\n|turn|24\n|inactive|Time left: 300 sec this turn | 300 sec total\n|\n|t:|1783542645\n|move|p2a: Qwilfish|Gunk Shot|p1a: Lapras\n|-damage|p1a: Lapras|17/100\n|move|p1a: Lapras|Ice Beam|p2a: Qwilfish\n|-damage|p2a: Qwilfish|6/244\n|\n|upkeep\n|turn|25\n|inactive|Time left: 300 sec this turn | 300 sec total\n|\n|t:|1783542646\n|move|p2a: Qwilfish|Crunch|p1a: Lapras\n|-damage|p1a: Lapras|0 fnt\n|faint|p1a: Lapras\n|\n|win|p0y306c51d", "uploadtime": 1783542646, "views": 0, "rating": 0, "private": 0, "password": null, "_winner": "p0y306c51d", "_our_name": "p0y306c51d"}