{"id": "battle-gen9randombattle-227", "formatid": "gen9randombattle", "format": "[Gen 9] Random Battle", "players": ["p0x2272262", "p0y2276d2a"], "log": "|init|battle\n|title|p0x2272262 vs. p0y2276d2a\n|j|\u2606p0x2272262\n|j|\u2606p0y2276d2a\n|t:|1783541743\n|gametype|singles\n|player|p1|p0x2272262|102|\n|player|p2|p0y2276d2a|266|\n|gen|9\n|tier|[Gen 9] Random Battle\n|rule|Species Clause: Limit one of each Pok\u00e9mon\n|rule|HP Percentage Mod: HP is shown in percentages\n|rule|Sleep Clause Mod: Limit one foe put to sleep\n|rule|Illusion Level Mod: Illusion disguises the Pok\u00e9mon's true level\n|\n|t:|1783541743\n|teamsize|p1|6\n|teamsize|p2|6\n|start\n|switch|p1a: Trevenant|Trevenant, L89, M|100/100\n|switch|p2a: Scovillain|Scovillain, L91, M|266/266\n|turn|1\n|inactive|Battle timer is ON: inactive players will automatically lose when time's up. (requested by p0y2276d2a)\n|inactive|p0x2272262 also wants the timer to be on.\n|\n|t:|1783541745\n|switch|p1a: Dragonite|Dragonite, L74, F|100/100\n|move|p2a: Scovillain|Flamethrower|p1a: Dragonite\n|-resisted|p1a: Dragonite\n|-damage|p1a: Dragonite|88/100\n|\n|upkeep\n|turn|2\n|inactive|Time left: 300 sec this turn | 300 sec total\n|\n|t:|1783541746\n|move|p2a: Scovillain|Leech Seed|p1a: Dragonite\n|-start|p1a: Dragonite|move: Leech Seed\n|move|p1a: Dragonite|Outrage|p2a: Scovillain\n|-damage|p2a: Scovillain|113/266\n|\n|-heal|p2a: Scovillain|129/266|[from] item: Leftovers\n|-damage|p1a: Dragonite|76/100|[from] Leech Seed|[of] p2a: Scovillain\n|-heal|p2a: Scovillain|161/266|[silent]\n|upkeep\n|turn|3\n|inactive|Time left: 300 sec this turn | 300 sec total\n|\n|t:|1783541747\n|switch|p2a: Bronzong|Bronzong, L88|261/261\n|move|p1a: Dragonite|Outrage|p2a: Bronzong|[from] lockedmove\n|-resisted|p2a: Bronzong\n|-crit|p2a: Bronzong\n|-damage|p2a: Bronzong|186/261\n|\n|-heal|p2a: Bronzong|202/261|[from] item: Leftovers\n|-damage|p1a: Dragonite|64/100|[from] Leech Seed|[of] p2a: Bronzong\n|-heal|p2a: Bronzong|234/261|[silent]\n|upkeep\n|turn|4\n|inactive|Time left: 300 sec this turn | 300 sec total\n|\n|t:|1783541748\n|move|p1a: Dragonite|Outrage|p2a: Bronzong|[from] lockedmove\n|-resisted|p2a: Bronzong\n|-damage|p2a: Bronzong|186/261\n|-start|p1a: Dragonite|confusion|[fatigue]\n|move|p2a: Bronzong|Stealth Rock|p1a: Dragonite\n|-sidestart|p1: p0x2272262|move: Stealth Rock\n|\n|-heal|p2a: Bronzong|202/261|[from] item: Leftovers\n|-damage|p1a: Dragonite|51/100|[from] Leech Seed|[of] p2a: Bronzong\n|-heal|p2a: Bronzong|234/261|[silent]\n|upkeep\n|turn|5\n|inactive|Time left: 300 sec this turn | 300 sec total\n|\n|t:|1783541749\n|switch|p1a: Groudon|Groudon, L72|100/100\n|-damage|p1a: Groudon|94/100|[from] Stealth Rock\n|-weather|SunnyDay|[from] ability: Drought|[of] p1a: Groudon\n|move|p2a: Bronzong|Psychic Noise|p1a: Groudon\n|-damage|p1a: Groudon|63/100\n|-start|p1a: Groudon|move: Heal Block\n|\n|-weather|SunnyDay|[upkeep]\n|-heal|p2a: Bronzong|250/261|[from] item: Leftovers\n|upkeep\n|turn|6\n|inactive|Time left: 300 sec this turn | 300 sec total\n|\n|t:|1783541751\n|switch|p2a: Baxcalibur|Baxcalibur, L75, F|296/296\n|move|p1a: Groudon|Swords Dance|p1a: Groudon\n|-boost|p1a: Groudon|atk|2\n|\n|-weather|SunnyDay|[upkeep]\n|-end|p1a: Groudon|move: Heal Block\n|upkeep\n|turn|7\n|inactive|Time left: 300 sec this turn | 300 sec total\n|\n|t:|1783541751\n|move|p2a: Baxcalibur|Icicle Crash|p1a: Groudon\n|-supereffective|p1a: Groudon\n|-damage|p1a: Groudon|4/100\n|move|p1a: Groudon|Precipice Blades|p2a: Baxcalibur|[miss]\n|-miss|p1a: Groudon|p2a: Baxcalibur\n|\n|-weather|SunnyDay|[upkeep]\n|-heal|p1a: Groudon|10/100|[from] item: Leftovers\n|upkeep\n|turn|8\n|inactive|Time left: 300 sec this turn | 300 sec total\n|\n|t:|1783541752\n|move|p2a: Baxcalibur|Glaive Rush|p1a: Groudon\n|-damage|p1a: Groudon|0 fnt\n|-singlemove|p2a: Baxcalibur|Glaive Rush|[silent]\n|faint|p1a: Groudon\n|\n|-weather|SunnyDay|[upkeep]\n|upkeep\n|\n|t:|1783541753\n|switch|p1a: Wigglytuff|Wigglytuff, L96, F|100/100\n|-damage|p1a: Wigglytuff|88/100|[from] Stealth Rock\n|turn|9\n|inactive|Time left: 300 sec this turn | 300 sec total\n|\n|t:|1783541754\n|switch|p2a: Scovillain|Scovillain, L91, M|161/266\n|move|p1a: Wigglytuff|Dazzling Gleam|p2a: Scovillain\n|-resisted|p2a: Scovillain\n|-damage|p2a: Scovillain|100/266\n|\n|-weather|none\n|-heal|p2a: Scovillain|116/266|[from] item: Leftovers\n|-heal|p1a: Wigglytuff|94/100|[from] item: Leftovers\n|upkeep\n|turn|10\n|inactive|Time left: 300 sec this turn | 300 sec total\n|\n|t:|1783541755\n|move|p2a: Scovillain|Leech Seed|p1a: Wigglytuff\n|-start|p1a: Wigglytuff|move: Leech Seed\n|move|p1a: Wigglytuff|Fire Blast|p2a: Scovillain\n|-damage|p2a: Scovillain|7/266\n|\n|-heal|p2a: Scovillain|23/266|[from] item: Leftovers\n|-heal|p1a: Wigglytuff|99/100|[from] item: Leftovers\n|-damage|p1a: Wigglytuff|88/100|[from] Leech Seed|[of] p2a: Scovillain\n|-heal|p2a: Scovillain|76/266|[silent]\n|upkeep\n|turn|11\n|inactive|Time left: 300 sec this turn | 300 sec total\n|\n|t:|1783541756\n|switch|p1a: Dragonite|Dragonite, L74, F|51/100\n|move|p2a: Scovillain|Flamethrower|p1a: Dragonite\n|-resisted|p1a: Dragonite\n|-damage|p1a: Dragonite|28/100\n|\n|-heal|p2a: Scovillain|92/266|[from] item: Leftovers\n|upkeep\n|turn|12\n|inactive|Time left: 300 sec this turn | 300 sec total\n|\n|t:|1783541757\n|move|p2a: Scovillain|Leech Seed|p1a: Dragonite|[miss]\n|-miss|p2a: Scovillain|p1a: Dragonite\n|move|p1a: Dragonite|Roost|p1a: Dragonite\n|-heal|p1a: Dragonite|78/100\n|-singleturn|p1a: Dragonite|move: Roost\n|\n|-heal|p2a: Scovillain|108/266|[from] item: Leftovers\n|upkeep\n|turn|13\n|inactive|Time left: 300 sec this turn | 300 sec total\n|\n|t:|1783541758\n|move|p2a: Scovillain|Leech Seed|p1a: Dragonite\n|-start|p1a: Dragonite|move: Leech Seed\n|move|p1a: Dragonite|Dragon Dance|p1a: Dragonite\n|-boost|p1a: Dragonite|atk|1\n|-boost|p1a: Dragonite|spe|1\n|\n|-heal|p2a: Scovillain|124/266|[from] item: Leftovers\n|-damage|p1a: Dragonite|66/100|[from] Leech Seed|[of] p2a: Scovillain\n|-heal|p2a: Scovillain|156/266|[silent]\n|upkeep\n|turn|14\n|inactive|Time left: 300 sec this turn | 300 sec total\n|\n|t:|1783541759\n|switch|p2a: Bronzong|Bronzong, L88|250/261\n|move|p1a: Dragonite|Dragon Dance|p1a: Dragonite\n|-boost|p1a: Dragonite|atk|1\n|-boost|p1a: Dragonite|spe|1\n|\n|-heal|p2a: Bronzong|261/261|[from] item: Leftovers\n|-damage|p1a: Dragonite|53/100|[from] Leech Seed|[of] p2a: Bronzong\n|upkeep\n|turn|15\n|inactive|Time left: 300 sec this turn | 300 sec total\n|\n|t:|1783541760\n|move|p1a: Dragonite|Roost|p1a: Dragonite\n|-heal|p1a: Dragonite|100/100\n|-singleturn|p1a: Dragonite|move: Roost\n|move|p2a: Bronzong|Psychic Noise|p1a: Dragonite\n|-damage|p1a: Dragonite|86/100\n|-start|p1a: Dragonite|move: Heal Block\n|\n|-damage|p1a: Dragonite|74/100|[from] Leech Seed|[of] p2a: Bronzong\n|upkeep\n|turn|16\n|inactive|Time left: 300 sec this turn | 300 sec total\n|\n|t:|1783541762\n|move|p1a: Dragonite|Outrage|p2a: Bronzong\n|-resisted|p2a: Bronzong\n|-damage|p2a: Bronzong|159/261\n|move|p2a: Bronzong|Psychic Noise|p1a: Dragonite\n|-damage|p1a: Dragonite|46/100\n|\n|-heal|p2a: Bronzong|175/261|[from] item: Leftovers\n|-damage|p1a: Dragonite|34/100|[from] Leech Seed|[of] p2a: Bronzong\n|-heal|p2a: Bronzong|207/261|[silent]\n|-end|p1a: Dragonite|move: Heal Block\n|upkeep\n|turn|17\n|inactive|Time left: 300 sec this turn | 300 sec total\n|\n|t:|1783541763\n|move|p1a: Dragonite|Outrage|p2a: Bronzong|[from] lockedmove\n|-resisted|p2a: Bronzong\n|-damage|p2a: Bronzong|117/261\n|move|p2a: Bronzong|Psychic Noise|p1a: Dragonite\n|-damage|p1a: Dragonite|5/100\n|-start|p1a: Dragonite|move: Heal Block\n|\n|-heal|p2a: Bronzong|133/261|[from] item: Leftovers\n|-damage|p1a: Dragonite|0 fnt|[from] Leech Seed|[of] p2a: Bronzong\n|-heal|p2a: Bronzong|144/261|[silent]\n|faint|p1a: Dragonite\n|upkeep\n|\n|t:|1783541764\n|switch|p1a: Trevenant|Trevenant, L89, M|100/100\n|-damage|p1a: Trevenant|88/100|[from] Stealth Rock\n|turn|18\n|inactive|Time left: 300 sec this turn | 300 sec total\n|\n|t:|1783541765\n|switch|p2a: Porygon-Z|Porygon-Z, L83|277/277\n|move|p1a: Trevenant|Poltergeist|p2a: Porygon-Z\n|-immune|p2a: Porygon-Z\n|\n|upkeep\n|turn|19\n|inactive|Time left: 300 sec this turn | 300 sec total\n|\n|t:|1783541766\n|move|p2a: Porygon-Z|Nasty Plot|p2a: Porygon-Z\n|-boost|p2a: Porygon-Z|spa|2\n|move|p1a: Trevenant|Drain Punch|p2a: Porygon-Z\n|-supereffective|p2a: Porygon-Z\n|-damage|p2a: Porygon-Z|133/277\n|-heal|p1a: Trevenant|100/100|[from] drain|[of] p2a: Porygon-Z\n|\n|upkeep\n|turn|20\n|inactive|Time left: 300 sec this turn | 300 sec total\n|\n|t:|1783541767\n|move|p1a: Trevenant|Protect|p1a: Trevenant\n|-singleturn|p1a: Trevenant|Protect\n|move|p2a: Porygon-Z|Shadow Ball|p1a: Trevenant\n|-activate|p1a: Trevenant|move: Protect\n|\n|upkeep\n|turn|21\n|inactive|Time left: 300 sec this turn | 300 sec total\n|\n|t:|1783541768\n|-terastallize|p1a: Trevenant|Dark\n|move|p2a: Porygon-Z|Shadow Ball|p1a: Trevenant\n|-resisted|p1a: Trevenant\n|-damage|p1a: Trevenant|70/100\n|-damage|p2a: Porygon-Z|106/277|[from] item: Life Orb\n|move|p1a: Trevenant|Drain Punch|p2a: Porygon-Z\n|-supereffective|p2a: Porygon-Z\n|-damage|p2a: Porygon-Z|0 fnt\n|-heal|p1a: Trevenant|88/100|[from] drain|[of] p2a: Porygon-Z\n|faint|p2a: Porygon-Z\n|\n|upkeep\n|inactive|Time left: 300 sec this turn | 300 sec total | 5 sec grace\n|\n|t:|1783541769\n|switch|p2a: Gastrodon|Gastrodon-East, L86, F|331/331\n|turn|22\n|inactive|Time left: 300 sec this turn | 300 sec total\n|\n|t:|1783541771\n|move|p1a: Trevenant|Poltergeist|p2a: Gastrodon\n|-activate|p2a: Gastrodon|move: Poltergeist|Leftovers\n|-damage|p2a: Gastrodon|154/331\n|move|p2a: Gastrodon|Surf|p1a: Trevenant\n|-damage|p1a: Trevenant|53/100\n|\n|-heal|p2a: Gastrodon|174/331|[from] item: Leftovers\n|upkeep\n|turn|23\n|inactive|Time left: 300 sec this turn | 300 sec total\n|\n|t:|1783541772\n|move|p1a: Trevenant|Poltergeist|p2a: Gastrodon\n|-activate|p2a: Gastrodon|move: Poltergeist|Leftovers\n|-damage|p2a: Gastrodon|18/331\n|move|p2a: Gastrodon|Recover|p2a: Gastrodon\n|-heal|p2a: Gastrodon|184/331\n|\n|-heal|p2a: Gastrodon|204/331|[from] item: Leftovers\n|upkeep\n|turn|24\n|inactive|Time left: 300 sec this turn | 300 sec total\n|\n|t:|1783541773\n|move|p1a: Trevenant|Poltergeist|p2a: Gastrodon\n|-activate|p2a: Gastrodon|move: Poltergeist|Leftovers\n|-damage|p2a: Gastrodon|44/331\n|move|p2a: Gastrodon|Recover|p2a: Gastrodon\n|-heal|p2a: Gastrodon|210/331\n|\n|-heal|p2a: Gastrodon|230/331|[from] item: Leftovers\n|upkeep\n|turn|25\n|inactive|Time left: 300 sec this turn | 300 sec total\n|\n|t:|1783541774\n|move|p1a: Trevenant|Poltergeist|p2a: Gastrodon\n|-activate|p2a: Gastrodon|move: Poltergeist|Leftovers\n|-damage|p2a: Gastrodon|67/331\n|move|p2a: Gastrodon|Recover|p2a: Gastrodon\n|-heal|p2a: Gastrodon|233/331\n|\n|-heal|p2a: Gastrodon|253/331|[from] item: Leftovers\n|upkeep\n|turn|26\n|inactive|Time left: 300 sec this turn | 300 sec total\n|\n|t:|1783541775\n|move|p1a: Trevenant|Poltergeist|p2a: Gastrodon|[miss]\n|-miss|p1a: Trevenant|p2a: Gastrodon\n|move|p2a: Gastrodon|Recover|p2a: Gastrodon\n|-heal|p2a: Gastrodon|331/331\n|\n|upkeep\n|turn|27\n|inactive|Time left: 300 sec this turn | 300 sec total\n|\n|t:|1783541776\n|move|p1a: Trevenant|Poltergeist|p2a: Gastrodon\n|-activate|p2a: Gastrodon|move: Poltergeist|Leftovers\n|-damage|p2a: Gastrodon|159/331\n|move|p2a: Gastrodon|Surf|p1a: Trevenant\n|-damage|p1a: Trevenant|22/100\n|-enditem|p1a: Trevenant|Sitrus Berry|[eat]\n|-heal|p1a: Trevenant|47/100|[from] item: Sitrus Berry\n|\n|-heal|p2a: Gastrodon|179/331|[from] item: Leftovers\n|upkeep\n|turn|28\n|inactive|Time left: 300 sec this turn | 300 sec total\n|\n|t:|1783541777\n|move|p1a: Trevenant|Poltergeist|p2a: Gastrodon\n|-activate|p2a: Gastrodon|move: Poltergeist|Leftovers\n|-crit|p2a: Gastrodon\n|-damage|p2a: Gastrodon|0 fnt\n|faint|p2a: Gastrodon\n|\n|upkeep\n|inactive|Time left: 300 sec this turn | 300 sec total | 5 sec grace\n|\n|t:|1783541778\n|switch|p2a: Iron Crown|Iron Crown, L78|268/268\n|turn|29\n|inactive|Time left: 300 sec this turn | 300 sec total\n|\n|t:|1783541779\n|switch|p1a: Registeel|Registeel, L81|100/100\n|-damage|p1a: Registeel|94/100|[from] Stealth Rock\n|move|p2a: Iron Crown|Calm Mind|p2a: Iron Crown\n|-boost|p2a: Iron Crown|spa|1\n|-boost|p2a: Iron Crown|spd|1\n|\n|-heal|p1a: Registeel|100/100|[from] item: Leftovers\n|upkeep\n|turn|30\n|inactive|Time left: 300 sec this turn | 300 sec total\n|\n|t:|1783541780\n|move|p2a: Iron Crown|Focus Blast|p1a: Registeel|[miss]\n|-miss|p2a: Iron Crown|p1a: Registeel\n|move|p1a: Registeel|Thunder Wave|p2a: Iron Crown\n|-status|p2a: Iron Crown|par\n|\n|upkeep\n|turn|31\n|inactive|Time left: 300 sec this turn | 300 sec total\n|\n|t:|1783541781\n|move|p1a: Registeel|Iron Defense|p1a: Registeel\n|-boost|p1a: Registeel|def|2\n|cant|p2a: Iron Crown|par\n|\n|upkeep\n|turn|32\n|inactive|Time left: 300 sec this turn | 300 sec total\n|\n|t:|1783541782\n|move|p1a: Registeel|Body Press|p2a: Iron Crown\n|-damage|p2a: Iron Crown|118/268 par\n|move|p2a: Iron Crown|Focus Blast|p1a: Registeel\n|-supereffective|p1a: Registeel\n|-damage|p1a: Registeel|33/100\n|\n|-heal|p1a: Registeel|39/100|[from] item: Leftovers\n|-heal|p2a: Iron Crown|134/268 par|[from] item: Leftovers\n|upkeep\n|turn|33\n|inactive|Time left: 300 sec this turn | 300 sec total\n|\n|t:|1783541783\n|move|p1a: Registeel|Body Press|p2a: Iron Crown\n|-damage|p2a: Iron Crown|0 fnt\n|faint|p2a: Iron Crown\n|-end|p2a: Iron Crown|Quark Drive|[silent]\n|\n|-heal|p1a: Registeel|46/100|[from] item: Leftovers\n|upkeep\n|inactive|Time left: 300 sec this turn | 300 sec total | 5 sec grace\n|\n|t:|1783541784\n|switch|p2a: Scovillain|Scovillain, L91, M|156/266\n|turn|34\n|inactive|Time left: 300 sec this turn | 300 sec total\n|\n|t:|1783541785\n|switch|p1a: Wigglytuff|Wigglytuff, L96, F|88/100\n|-damage|p1a: Wigglytuff|75/100|[from] Stealth Rock\n|move|p2a: Scovillain|Flamethrower|p1a: Wigglytuff\n|-damage|p1a: Wigglytuff|36/100\n|\n|-heal|p2a: Scovillain|172/266|[from] item: Leftovers\n|-heal|p1a: Wigglytuff|42/100|[from] item: Leftovers\n|upkeep\n|turn|35\n|inactive|Time left: 300 sec this turn | 300 sec total\n|\n|t:|1783541786\n|move|p1a: Wigglytuff|Protect|p1a: Wigglytuff\n|-singleturn|p1a: Wigglytuff|Protect\n|move|p2a: Scovillain|Flamethrower|p1a: Wigglytuff\n|-activate|p1a: Wigglytuff|move: Protect\n|\n|-heal|p2a: Scovillain|188/266|[from] item: Leftovers\n|-heal|p1a: Wigglytuff|48/100|[from] item: Leftovers\n|upkeep\n|turn|36\n|inactive|Time left: 300 sec this turn | 300 sec total\n|\n|t:|1783541788\n|move|p2a: Scovillain|Flamethrower|p1a: Wigglytuff\n|-damage|p1a: Wigglytuff|9/100\n|move|p1a: Wigglytuff|Wish|p1a: Wigglytuff\n|\n|-heal|p2a: Scovillain|204/266|[from] item: Leftovers\n|-heal|p1a: Wigglytuff|15/100|[from] item: Leftovers\n|upkeep\n|turn|37\n|inactive|Time left: 300 sec this turn | 300 sec total\n|\n|t:|1783541789\n|move|p1a: Wigglytuff|Protect|p1a: Wigglytuff\n|-singleturn|p1a: Wigglytuff|Protect\n|move|p2a: Scovillain|Flamethrower|p1a: Wigglytuff\n|-activate|p1a: Wigglytuff|move: Protect\n|\n|-heal|p1a: Wigglytuff|65/100|[from] move: Wish|[wisher] Wigglytuff\n|-heal|p2a: Scovillain|220/266|[from] item: Leftovers\n|-heal|p1a: Wigglytuff|71/100|[from] item: Leftovers\n|upkeep\n|turn|38\n|inactive|Time left: 300 sec this turn | 300 sec total\n|\n|t:|1783541790\n|move|p2a: Scovillain|Leech Seed|p1a: Wigglytuff\n|-start|p1a: Wigglytuff|move: Leech Seed\n|move|p1a: Wigglytuff|Fire Blast|p2a: Scovillain|[miss]\n|-miss|p1a: Wigglytuff|p2a: Scovillain\n|\n|-heal|p2a: Scovillain|236/266|[from] item: Leftovers\n|-heal|p1a: Wigglytuff|78/100|[from] item: Leftovers\n|-damage|p1a: Wigglytuff|65/100|[from] Leech Seed|[of] p2a: Scovillain\n|-heal|p2a: Scovillain|266/266|[silent]\n|upkeep\n|turn|39\n|inactive|Time left: 300 sec this turn | 300 sec total\n|\n|t:|1783541790\n|move|p2a: Scovillain|Flamethrower|p1a: Wigglytuff\n|-damage|p1a: Wigglytuff|25/100\n|-status|p1a: Wigglytuff|brn\n|move|p1a: Wigglytuff|Wish|p1a: Wigglytuff\n|\n|-heal|p1a: Wigglytuff|32/100 brn|[from] item: Leftovers\n|-damage|p1a: Wigglytuff|19/100 brn|[from] Leech Seed|[of] p2a: Scovillain\n|-damage|p1a: Wigglytuff|13/100 brn|[from] brn\n|upkeep\n|turn|40\n|inactive|Time left: 300 sec this turn | 300 sec total\n|\n|t:|1783541792\n|move|p1a: Wigglytuff|Protect|p1a: Wigglytuff\n|-singleturn|p1a: Wigglytuff|Protect\n|move|p2a: Scovillain|Flamethrower|p1a: Wigglytuff\n|-activate|p1a: Wigglytuff|move: Protect\n|\n|-heal|p1a: Wigglytuff|63/100 brn|[from] move: Wish|[wisher] Wigglytuff\n|-heal|p1a: Wigglytuff|69/100 brn|[from] item: Leftovers\n|-damage|p1a: Wigglytuff|57/100 brn|[from] Leech Seed|[of] p2a: Scovillain\n|-damage|p1a: Wigglytuff|50/100 brn|[from] brn\n|upkeep\n|turn|41\n|inactive|Time left: 300 sec this turn | 300 sec total\n|\n|t:|1783541793\n|move|p2a: Scovillain|Flamethrower|p1a: Wigglytuff\n|-damage|p1a: Wigglytuff|15/100 brn\n|move|p1a: Wigglytuff|Wish|p1a: Wigglytuff\n|\n|-heal|p1a: Wigglytuff|21/100 brn|[from] item: Leftovers\n|-damage|p1a: Wigglytuff|9/100 brn|[from] Leech Seed|[of] p2a: Scovillain\n|-damage|p1a: Wigglytuff|2/100 brn|[from] brn\n|upkeep\n|turn|42\n|inactive|Time left: 300 sec this turn | 300 sec total\n|\n|t:|1783541794\n|move|p1a: Wigglytuff|Protect|p1a: Wigglytuff\n|-singleturn|p1a: Wigglytuff|Protect\n|move|p2a: Scovillain|Flamethrower|p1a: Wigglytuff\n|-activate|p1a: Wigglytuff|move: Protect\n|\n|-heal|p1a: Wigglytuff|52/100 brn|[from] move: Wish|[wisher] Wigglytuff\n|-heal|p1a: Wigglytuff|59/100 brn|[from] item: Leftovers\n|-damage|p1a: Wigglytuff|46/100 brn|[from] Leech Seed|[of] p2a: Scovillain\n|-damage|p1a: Wigglytuff|40/100 brn|[from] brn\n|upkeep\n|turn|43\n|inactive|Time left: 300 sec this turn | 300 sec total\n|\n|t:|1783541795\n|move|p2a: Scovillain|Flamethrower|p1a: Wigglytuff\n|-damage|p1a: Wigglytuff|1/100 brn\n|move|p1a: Wigglytuff|Wish|p1a: Wigglytuff\n|\n|-heal|p1a: Wigglytuff|7/100 brn|[from] item: Leftovers\n|-damage|p1a: Wigglytuff|0 fnt|[from] Leech Seed|[of] p2a: Scovillain\n|faint|p1a: Wigglytuff\n|upkeep\n|\n|t:|1783541795\n|switch|p1a: Trevenant|Trevenant, L89, M, tera:Dark|47/100\n|-damage|p1a: Trevenant|34/100|[from] Stealth Rock\n|turn|44\n|inactive|Time left: 300 sec this turn | 300 sec total\n|\n|t:|1783541796\n|move|p1a: Trevenant|Protect|p1a: Trevenant\n|-singleturn|p1a: Trevenant|Protect\n|move|p2a: Scovillain|Flamethrower|p1a: Trevenant\n|-activate|p1a: Trevenant|move: Protect\n|\n|-heal|p1a: Trevenant|100/100|[from] move: Wish|[wisher] Wigglytuff\n|upkeep\n|turn|45\n|inactive|Time left: 300 sec this turn | 300 sec total\n|\n|t:|1783541797\n|move|p2a: Scovillain|Leech Seed|p1a: Trevenant\n|-start|p1a: Trevenant|move: Leech Seed\n|move|p1a: Trevenant|Drain Punch|p2a: Scovillain\n|-damage|p2a: Scovillain|185/266\n|\n|-heal|p2a: Scovillain|201/266|[from] item: Leftovers\n|-damage|p1a: Trevenant|88/100|[from] Leech Seed|[of] p2a: Scovillain\n|-heal|p2a: Scovillain|238/266|[silent]\n|upkeep\n|turn|46\n|inactive|Time left: 300 sec this turn | 300 sec total\n|\n|t:|1783541798\n|move|p1a: Trevenant|Protect|p1a: Trevenant\n|-singleturn|p1a: Trevenant|Protect\n|move|p2a: Scovillain|Flamethrower|p1a: Trevenant\n|-activate|p1a: Trevenant|move: Protect\n|\n|-heal|p2a: Scovillain|254/266|[from] item: Leftovers\n|-damage|p1a: Trevenant|75/100|[from] Leech Seed|[of] p2a: Scovillain\n|-heal|p2a: Scovillain|266/266|[silent]\n|upkeep\n|turn|47\n|inactive|Time left: 300 sec this turn | 300 sec total\n|\n|t:|1783541799\n|move|p2a: Scovillain|Flamethrower|p1a: Trevenant\n|-damage|p1a: Trevenant|36/100\n|move|p1a: Trevenant|Toxic|p2a: Scovillain\n|-status|p2a: Scovillain|tox\n|\n|-damage|p1a: Trevenant|23/100|[from] Leech Seed|[of] p2a: Scovillain\n|-damage|p2a: Scovillain|250/266 tox|[from] psn\n|-item|p1a: Trevenant|Sitrus Berry|[from] ability: Harvest\n|upkeep\n|-enditem|p1a: Trevenant|Sitrus Berry|[eat]\n|-heal|p1a: Trevenant|48/100|[from] item: Sitrus Berry\n|turn|48\n|inactive|Time left: 300 sec this turn | 300 sec total\n|\n|t:|1783541800\n|move|p2a: Scovillain|Flamethrower|p1a: Trevenant\n|-crit|p1a: Trevenant\n|-damage|p1a: Trevenant|0 fnt\n|faint|p1a: Trevenant\n|\n|-heal|p2a: Scovillain|266/266 tox|[from] item: Leftovers\n|-damage|p2a: Scovillain|234/266 tox|[from] psn\n|upkeep\n|\n|t:|1783541801\n|switch|p1a: Registeel|Registeel, L81|46/100\n|-damage|p1a: Registeel|39/100|[from] Stealth Rock\n|turn|49\n|inactive|Time left: 300 sec this turn | 300 sec total\n|\n|t:|1783541802\n|move|p2a: Scovillain|Flamethrower|p1a: Registeel\n|-supereffective|p1a: Registeel\n|-damage|p1a: Registeel|0 fnt\n|faint|p1a: Registeel\n|\n|-heal|p2a: Scovillain|250/266 tox|[from] item: Leftovers\n|-damage|p2a: Scovillain|202/266 tox|[from] psn\n|upkeep\n|\n|t:|1783541803\n|switch|p1a: Delibird|Delibird, M|100/100\n|turn|50\n|inactive|Time left: 300 sec this turn | 300 sec total\n|\n|t:|1783541804\n|move|p1a: Delibird|Brave Bird|p2a: Scovillain\n|-supereffective|p2a: Scovillain\n|-damage|p2a: Scovillain|0 fnt\n|faint|p2a: Scovillain\n|-damage|p1a: Delibird|74/100|[from] Recoil\n|\n|upkeep\n|inactive|Time left: 300 sec this turn | 300 sec total | 5 sec grace\n|\n|t:|1783541804\n|switch|p2a: Baxcalibur|Baxcalibur, L75, F|296/296\n|turn|51\n|inactive|Time left: 300 sec this turn | 300 sec total\n|\n|t:|1783541805\n|-terastallize|p2a: Baxcalibur|Dragon\n|move|p1a: Delibird|Freeze-Dry|p2a: Baxcalibur\n|-supereffective|p2a: Baxcalibur\n|-damage|p2a: Baxcalibur|132/296\n|move|p2a: Baxcalibur|Glaive Rush|p1a: Delibird\n|-damage|p1a: Delibird|0 fnt\n|-singlemove|p2a: Baxcalibur|Glaive Rush|[silent]\n|faint|p1a: Delibird\n|\n|win|p0y2276d2a", "uploadtime": 1783541805, "views": 0, "rating": 0, "private": 0, "password": null, "_winner": "p0y2276d2a", "_our_name": "p0y2276d2a"}