{"id": "battle-gen9randombattle-1175", "formatid": "gen9randombattle", "format": "[Gen 9] Random Battle", "players": ["p0x1175e90f", "p0y117542f3"], "log": "|init|battle\n|title|p0x1175e90f vs. p0y117542f3\n|j|\u2606p0x1175e90f\n|j|\u2606p0y117542f3\n|t:|1783552721\n|gametype|singles\n|player|p1|p0x1175e90f|1|\n|player|p2|p0y117542f3|101|\n|gen|9\n|tier|[Gen 9] Random Battle\n|rule|Species Clause: Limit one of each Pok\u00e9mon\n|rule|HP Percentage Mod: HP is shown in percentages\n|rule|Sleep Clause Mod: Limit one foe put to sleep\n|rule|Illusion Level Mod: Illusion disguises the Pok\u00e9mon's true level\n|\n|t:|1783552721\n|teamsize|p1|6\n|teamsize|p2|6\n|start\n|switch|p1a: Komala|Komala, L87, F|100/100\n|switch|p2a: Clawitzer|Clawitzer, L87, M|265/265\n|-ability|p1a: Komala|Comatose\n|turn|1\n|inactive|Battle timer is ON: inactive players will automatically lose when time's up. (requested by p0y117542f3)\n|inactive|p0x1175e90f also wants the timer to be on.\n|\n|t:|1783552723\n|move|p1a: Komala|Body Slam|p2a: Clawitzer\n|-damage|p2a: Clawitzer|165/265\n|move|p2a: Clawitzer|Aura Sphere|p1a: Komala\n|-supereffective|p1a: Komala\n|-damage|p1a: Komala|47/100\n|\n|upkeep\n|turn|2\n|inactive|Time left: 300 sec this turn | 300 sec total\n|\n|t:|1783552724\n|move|p1a: Komala|Body Slam|p2a: Clawitzer\n|-damage|p2a: Clawitzer|60/265\n|move|p2a: Clawitzer|Aura Sphere|p1a: Komala\n|-supereffective|p1a: Komala\n|-damage|p1a: Komala|0 fnt\n|faint|p1a: Komala\n|\n|upkeep\n|\n|t:|1783552725\n|switch|p1a: Iron Moth|Iron Moth, L78|100/100\n|turn|3\n|inactive|Time left: 300 sec this turn | 300 sec total\n|\n|t:|1783552727\n|switch|p2a: Dragalge|Dragalge, L88, F|258/258\n|move|p1a: Iron Moth|Sludge Wave|p2a: Dragalge\n|-resisted|p2a: Dragalge\n|-damage|p2a: Dragalge|218/258\n|\n|-heal|p2a: Dragalge|234/258|[from] item: Leftovers\n|upkeep\n|turn|4\n|inactive|Time left: 300 sec this turn | 300 sec total\n|\n|t:|1783552728\n|move|p1a: Iron Moth|Sludge Wave|p2a: Dragalge\n|-resisted|p2a: Dragalge\n|-damage|p2a: Dragalge|189/258\n|move|p2a: Dragalge|Sludge Wave|p1a: Iron Moth\n|-resisted|p1a: Iron Moth\n|-damage|p1a: Iron Moth|72/100\n|\n|-heal|p2a: Dragalge|205/258|[from] item: Leftovers\n|upkeep\n|turn|5\n|inactive|Time left: 300 sec this turn | 300 sec total\n|\n|t:|1783552729\n|move|p1a: Iron Moth|Toxic Spikes|p2a: Dragalge\n|-sidestart|p2: p0y117542f3|move: Toxic Spikes\n|move|p2a: Dragalge|Draco Meteor|p1a: Iron Moth\n|-damage|p1a: Iron Moth|0 fnt\n|-unboost|p2a: Dragalge|spa|2\n|faint|p1a: Iron Moth\n|-end|p1a: Iron Moth|Quark Drive|[silent]\n|\n|-heal|p2a: Dragalge|221/258|[from] item: Leftovers\n|upkeep\n|\n|t:|1783552730\n|switch|p1a: Mudsdale|Mudsdale, L83, M|100/100\n|turn|6\n|inactive|Time left: 300 sec this turn | 300 sec total\n|\n|t:|1783552732\n|switch|p2a: Illumise|Illumise, L91, F|266/266\n|move|p1a: Mudsdale|Earthquake|p2a: Illumise\n|-resisted|p2a: Illumise\n|-damage|p2a: Illumise|197/266\n|\n|upkeep\n|turn|7\n|inactive|Time left: 300 sec this turn | 300 sec total\n|\n|t:|1783552733\n|move|p2a: Illumise|Bug Buzz|p1a: Mudsdale\n|-damage|p1a: Mudsdale|72/100\n|-ability|p1a: Mudsdale|Stamina|boost\n|-boost|p1a: Mudsdale|def|1\n|move|p1a: Mudsdale|Earthquake|p2a: Illumise\n|-resisted|p2a: Illumise\n|-damage|p2a: Illumise|134/266\n|\n|-heal|p1a: Mudsdale|78/100|[from] item: Leftovers\n|upkeep\n|turn|8\n|inactive|Time left: 300 sec this turn | 300 sec total\n|\n|t:|1783552734\n|move|p2a: Illumise|Roost|p2a: Illumise\n|-heal|p2a: Illumise|266/266\n|-singleturn|p2a: Illumise|move: Roost\n|move|p1a: Mudsdale|Earthquake|p2a: Illumise\n|-resisted|p2a: Illumise\n|-damage|p2a: Illumise|204/266\n|\n|-heal|p1a: Mudsdale|84/100|[from] item: Leftovers\n|upkeep\n|turn|9\n|inactive|Time left: 300 sec this turn | 300 sec total\n|\n|t:|1783552735\n|move|p2a: Illumise|Roost|p2a: Illumise\n|-heal|p2a: Illumise|266/266\n|-singleturn|p2a: Illumise|move: Roost\n|move|p1a: Mudsdale|Earthquake|p2a: Illumise\n|-resisted|p2a: Illumise\n|-damage|p2a: Illumise|202/266\n|\n|-heal|p1a: Mudsdale|90/100|[from] item: Leftovers\n|upkeep\n|turn|10\n|inactive|Time left: 300 sec this turn | 300 sec total\n|\n|t:|1783552736\n|move|p2a: Illumise|Roost|p2a: Illumise\n|-heal|p2a: Illumise|266/266\n|-singleturn|p2a: Illumise|move: Roost\n|move|p1a: Mudsdale|Earthquake|p2a: Illumise\n|-resisted|p2a: Illumise\n|-damage|p2a: Illumise|200/266\n|\n|-heal|p1a: Mudsdale|96/100|[from] item: Leftovers\n|upkeep\n|turn|11\n|inactive|Time left: 300 sec this turn | 300 sec total\n|\n|t:|1783552737\n|move|p2a: Illumise|Bug Buzz|p1a: Mudsdale\n|-damage|p1a: Mudsdale|67/100\n|-ability|p1a: Mudsdale|Stamina|boost\n|-boost|p1a: Mudsdale|def|1\n|move|p1a: Mudsdale|Earthquake|p2a: Illumise\n|-resisted|p2a: Illumise\n|-damage|p2a: Illumise|134/266\n|\n|-heal|p1a: Mudsdale|73/100|[from] item: Leftovers\n|upkeep\n|turn|12\n|inactive|Time left: 300 sec this turn | 300 sec total\n|\n|t:|1783552739\n|move|p2a: Illumise|Roost|p2a: Illumise\n|-heal|p2a: Illumise|266/266\n|-singleturn|p2a: Illumise|move: Roost\n|move|p1a: Mudsdale|Earthquake|p2a: Illumise\n|-resisted|p2a: Illumise\n|-damage|p2a: Illumise|202/266\n|\n|-heal|p1a: Mudsdale|79/100|[from] item: Leftovers\n|upkeep\n|turn|13\n|inactive|Time left: 300 sec this turn | 300 sec total\n|\n|t:|1783552740\n|move|p2a: Illumise|Bug Buzz|p1a: Mudsdale\n|-damage|p1a: Mudsdale|47/100\n|-ability|p1a: Mudsdale|Stamina|boost\n|-boost|p1a: Mudsdale|def|1\n|move|p1a: Mudsdale|Earthquake|p2a: Illumise\n|-resisted|p2a: Illumise\n|-damage|p2a: Illumise|141/266\n|\n|-heal|p1a: Mudsdale|53/100|[from] item: Leftovers\n|upkeep\n|turn|14\n|inactive|Time left: 300 sec this turn | 300 sec total\n|\n|t:|1783552741\n|move|p2a: Illumise|Bug Buzz|p1a: Mudsdale\n|-damage|p1a: Mudsdale|23/100\n|-ability|p1a: Mudsdale|Stamina|boost\n|-boost|p1a: Mudsdale|def|1\n|move|p1a: Mudsdale|Earthquake|p2a: Illumise\n|-resisted|p2a: Illumise\n|-damage|p2a: Illumise|81/266\n|\n|-heal|p1a: Mudsdale|29/100|[from] item: Leftovers\n|upkeep\n|turn|15\n|inactive|Time left: 300 sec this turn | 300 sec total\n|\n|t:|1783552742\n|-terastallize|p1a: Mudsdale|Steel\n|move|p2a: Illumise|Bug Buzz|p1a: Mudsdale\n|-resisted|p1a: Mudsdale\n|-damage|p1a: Mudsdale|15/100\n|-ability|p1a: Mudsdale|Stamina|boost\n|-boost|p1a: Mudsdale|def|1\n|move|p1a: Mudsdale|Earthquake|p2a: Illumise\n|-resisted|p2a: Illumise\n|-damage|p2a: Illumise|18/266\n|\n|-heal|p1a: Mudsdale|21/100|[from] item: Leftovers\n|upkeep\n|turn|16\n|inactive|Time left: 300 sec this turn | 300 sec total\n|\n|t:|1783552743\n|move|p2a: Illumise|Bug Buzz|p1a: Mudsdale\n|-resisted|p1a: Mudsdale\n|-damage|p1a: Mudsdale|4/100\n|-unboost|p1a: Mudsdale|spd|1\n|-ability|p1a: Mudsdale|Stamina|boost\n|-boost|p1a: Mudsdale|def|1\n|move|p1a: Mudsdale|Earthquake|p2a: Illumise\n|-resisted|p2a: Illumise\n|-damage|p2a: Illumise|0 fnt\n|faint|p2a: Illumise\n|\n|-heal|p1a: Mudsdale|10/100|[from] item: Leftovers\n|upkeep\n|inactive|Time left: 300 sec this turn | 300 sec total | 5 sec grace\n|\n|t:|1783552744\n|switch|p2a: Sneasler|Sneasler, L74, F|240/240\n|-sideend|p2: p0y117542f3|move: Toxic Spikes|[of] p2a: Sneasler\n|turn|17\n|inactive|Time left: 300 sec this turn | 300 sec total\n|\n|t:|1783552745\n|move|p2a: Sneasler|Close Combat|p1a: Mudsdale\n|-supereffective|p1a: Mudsdale\n|-damage|p1a: Mudsdale|0 fnt\n|-unboost|p2a: Sneasler|def|1\n|-unboost|p2a: Sneasler|spd|1\n|faint|p1a: Mudsdale\n|-enditem|p2a: Sneasler|White Herb\n|-clearnegativeboost|p2a: Sneasler|[silent]\n|\n|upkeep\n|\n|t:|1783552746\n|switch|p1a: Skarmory|Skarmory, L80, F|100/100\n|turn|18\n|inactive|Time left: 300 sec this turn | 300 sec total\n|\n|t:|1783552746\n|switch|p2a: Dragalge|Dragalge, L88, F|221/258\n|move|p1a: Skarmory|Brave Bird|p2a: Dragalge\n|-damage|p2a: Dragalge|130/258\n|-damage|p1a: Skarmory|88/100|[from] Recoil\n|\n|-heal|p1a: Skarmory|94/100|[from] item: Leftovers\n|-heal|p2a: Dragalge|146/258|[from] item: Leftovers\n|upkeep\n|turn|19\n|inactive|Time left: 300 sec this turn | 300 sec total\n|\n|t:|1783552747\n|move|p1a: Skarmory|Brave Bird|p2a: Dragalge\n|-damage|p2a: Dragalge|46/258\n|-damage|p1a: Skarmory|80/100|[from] Recoil\n|move|p2a: Dragalge|Focus Blast|p1a: Skarmory\n|-damage|p1a: Skarmory|30/100\n|\n|-heal|p1a: Skarmory|36/100|[from] item: Leftovers\n|-heal|p2a: Dragalge|62/258|[from] item: Leftovers\n|upkeep\n|turn|20\n|inactive|Time left: 300 sec this turn | 300 sec total\n|\n|t:|1783552748\n|switch|p2a: Scream Tail|Scream Tail, L84|330/330\n|move|p1a: Skarmory|Brave Bird|p2a: Scream Tail\n|-damage|p2a: Scream Tail|242/330\n|-damage|p1a: Skarmory|23/100|[from] Recoil\n|\n|-heal|p2a: Scream Tail|262/330|[from] item: Leftovers\n|-heal|p1a: Skarmory|29/100|[from] item: Leftovers\n|upkeep\n|turn|21\n|inactive|Time left: 300 sec this turn | 300 sec total\n|\n|t:|1783552749\n|move|p2a: Scream Tail|Thunder Wave|p1a: Skarmory\n|-status|p1a: Skarmory|par\n|move|p1a: Skarmory|Roost|p1a: Skarmory\n|-heal|p1a: Skarmory|80/100 par\n|-singleturn|p1a: Skarmory|move: Roost\n|\n|-heal|p2a: Scream Tail|282/330|[from] item: Leftovers\n|-heal|p1a: Skarmory|86/100 par|[from] item: Leftovers\n|upkeep\n|turn|22\n|inactive|Time left: 300 sec this turn | 300 sec total\n|\n|t:|1783552750\n|move|p2a: Scream Tail|Wish|p2a: Scream Tail\n|move|p1a: Skarmory|Iron Defense|p1a: Skarmory\n|-boost|p1a: Skarmory|def|2\n|\n|-heal|p2a: Scream Tail|302/330|[from] item: Leftovers\n|-heal|p1a: Skarmory|92/100 par|[from] item: Leftovers\n|upkeep\n|turn|23\n|inactive|Time left: 300 sec this turn | 300 sec total\n|\n|t:|1783552750\n|-end|p2a: Scream Tail|Protosynthesis|[silent]\n|switch|p2a: Clawitzer|Clawitzer, L87, M|60/265\n|move|p1a: Skarmory|Brave Bird|p2a: Clawitzer\n|-damage|p2a: Clawitzer|0 fnt\n|faint|p2a: Clawitzer\n|-damage|p1a: Skarmory|83/100 par|[from] Recoil\n|\n|-heal|p1a: Skarmory|89/100 par|[from] item: Leftovers\n|upkeep\n|inactive|Time left: 300 sec this turn | 300 sec total | 5 sec grace\n|\n|t:|1783552751\n|switch|p2a: Dragalge|Dragalge, L88, F|62/258\n|turn|24\n|inactive|Time left: 300 sec this turn | 300 sec total\n|\n|t:|1783552752\n|-terastallize|p2a: Dragalge|Fighting\n|move|p2a: Dragalge|Focus Blast|p1a: Skarmory|[miss]\n|-miss|p2a: Dragalge|p1a: Skarmory\n|cant|p1a: Skarmory|par\n|\n|-heal|p2a: Dragalge|78/258|[from] item: Leftovers\n|-heal|p1a: Skarmory|95/100 par|[from] item: Leftovers\n|upkeep\n|turn|25\n|inactive|Time left: 300 sec this turn | 300 sec total\n|\n|t:|1783552753\n|move|p2a: Dragalge|Focus Blast|p1a: Skarmory\n|-damage|p1a: Skarmory|0 fnt\n|faint|p1a: Skarmory\n|\n|-heal|p2a: Dragalge|94/258|[from] item: Leftovers\n|upkeep\n|\n|t:|1783552754\n|switch|p1a: Ambipom|Ambipom, L84, F|100/100\n|turn|26\n|inactive|Time left: 300 sec this turn | 300 sec total\n|\n|t:|1783552756\n|switch|p2a: Scream Tail|Scream Tail, L84|302/330\n|move|p1a: Ambipom|Double-Edge|p2a: Scream Tail\n|-crit|p2a: Scream Tail\n|-damage|p2a: Scream Tail|104/330\n|-damage|p1a: Ambipom|76/100|[from] Recoil\n|\n|-heal|p2a: Scream Tail|124/330|[from] item: Leftovers\n|upkeep\n|turn|27\n|inactive|Time left: 300 sec this turn | 300 sec total\n|\n|t:|1783552757\n|move|p2a: Scream Tail|Protect|p2a: Scream Tail\n|-singleturn|p2a: Scream Tail|Protect\n|move|p1a: Ambipom|Double-Edge|p2a: Scream Tail\n|-activate|p2a: Scream Tail|move: Protect\n|\n|-heal|p2a: Scream Tail|144/330|[from] item: Leftovers\n|upkeep\n|turn|28\n|inactive|Time left: 300 sec this turn | 300 sec total\n|\n|t:|1783552758\n|move|p1a: Ambipom|Double-Edge|p2a: Scream Tail\n|-damage|p2a: Scream Tail|6/330\n|-damage|p1a: Ambipom|58/100|[from] Recoil\n|move|p2a: Scream Tail|Dazzling Gleam|p1a: Ambipom\n|-damage|p1a: Ambipom|30/100\n|\n|-heal|p2a: Scream Tail|26/330|[from] item: Leftovers\n|upkeep\n|turn|29\n|inactive|Time left: 300 sec this turn | 300 sec total\n|\n|t:|1783552759\n|move|p2a: Scream Tail|Protect|p2a: Scream Tail\n|-singleturn|p2a: Scream Tail|Protect\n|move|p1a: Ambipom|Double-Edge|p2a: Scream Tail\n|-activate|p2a: Scream Tail|move: Protect\n|\n|-heal|p2a: Scream Tail|46/330|[from] item: Leftovers\n|upkeep\n|turn|30\n|inactive|Time left: 300 sec this turn | 300 sec total\n|\n|t:|1783552760\n|-end|p2a: Scream Tail|Protosynthesis|[silent]\n|switch|p2a: Sneasler|Sneasler, L74, F|240/240\n|move|p1a: Ambipom|Double-Edge|p2a: Sneasler\n|-damage|p2a: Sneasler|6/240\n|-damage|p1a: Ambipom|0 fnt|[from] Recoil\n|faint|p1a: Ambipom\n|\n|upkeep\n|\n|t:|1783552760\n|switch|p1a: Lanturn|Lanturn, L89, M|100/100\n|turn|31\n|inactive|Time left: 300 sec this turn | 300 sec total\n|\n|t:|1783552761\n|move|p2a: Sneasler|Gunk Shot|p1a: Lanturn\n|-damage|p1a: Lanturn|58/100\n|move|p1a: Lanturn|Thunder Wave|p2a: Sneasler\n|-status|p2a: Sneasler|par\n|\n|-heal|p1a: Lanturn|64/100|[from] item: Leftovers\n|upkeep\n|turn|32\n|inactive|Time left: 300 sec this turn | 300 sec total\n|\n|t:|1783552762\n|switch|p2a: Terapagos|Terapagos, L77, M|265/265\n|-activate|p2a: Terapagos|ability: Tera Shift\n|detailschange|p2a: Terapagos|Terapagos-Terastal, L77, M\n|-heal|p2a: Terapagos|273/273|[silent]\n|move|p1a: Lanturn|Ice Beam|p2a: Terapagos\n|-activate|p2a: Terapagos|ability: Tera Shell\n|-resisted|p2a: Terapagos\n|-damage|p2a: Terapagos|248/273\n|\n|-heal|p1a: Lanturn|70/100|[from] item: Leftovers\n|upkeep\n|turn|33\n|inactive|Time left: 300 sec this turn | 300 sec total\n|\n|t:|1783552763\n|move|p2a: Terapagos|Calm Mind|p2a: Terapagos\n|-boost|p2a: Terapagos|spa|1\n|-boost|p2a: Terapagos|spd|1\n|move|p1a: Lanturn|Scald|p2a: Terapagos\n|-damage|p2a: Terapagos|200/273\n|\n|-heal|p1a: Lanturn|76/100|[from] item: Leftovers\n|upkeep\n|turn|34\n|inactive|Time left: 300 sec this turn | 300 sec total\n|\n|t:|1783552764\n|move|p2a: Terapagos|Tera Starstorm|p1a: Lanturn\n|-damage|p1a: Lanturn|26/100\n|move|p1a: Lanturn|Thunder Wave|p2a: Terapagos\n|-status|p2a: Terapagos|par\n|\n|-heal|p1a: Lanturn|32/100|[from] item: Leftovers\n|upkeep\n|turn|35\n|inactive|Time left: 300 sec this turn | 300 sec total\n|\n|t:|1783552765\n|move|p1a: Lanturn|Ice Beam|p2a: Terapagos\n|-damage|p2a: Terapagos|166/273 par\n|move|p2a: Terapagos|Earth Power|p1a: Lanturn\n|-supereffective|p1a: Lanturn\n|-damage|p1a: Lanturn|0 fnt\n|faint|p1a: Lanturn\n|\n|win|p0y117542f3", "uploadtime": 1783552765, "views": 0, "rating": 0, "private": 0, "password": null, "_winner": "p0y117542f3", "_our_name": "p0y117542f3"}