{"id": "battle-gen9randombattle-38", "formatid": "gen9randombattle", "format": "[Gen 9] Random Battle", "players": ["p0x0382530", "p0y0384097"], "log": "|init|battle\n|title|p0x0382530 vs. p0y0384097\n|j|\u2606p0x0382530\n|j|\u2606p0y0384097\n|t:|1783539862\n|gametype|singles\n|player|p1|p0x0382530|102|\n|player|p2|p0y0384097|102|\n|gen|9\n|tier|[Gen 9] Random Battle\n|rule|Species Clause: Limit one of each Pok\u00e9mon\n|rule|HP Percentage Mod: HP is shown in percentages\n|rule|Sleep Clause Mod: Limit one foe put to sleep\n|rule|Illusion Level Mod: Illusion disguises the Pok\u00e9mon's true level\n|\n|t:|1783539862\n|teamsize|p1|6\n|teamsize|p2|6\n|start\n|switch|p1a: Kilowattrel|Kilowattrel, L83, M|252/252\n|switch|p2a: Sudowoodo|Sudowoodo, L94, F|100/100\n|turn|1\n|inactive|Battle timer is ON: inactive players will automatically lose when time's up. (requested by p0x0382530)\n|inactive|p0y0384097 also wants the timer to be on.\n|\n|t:|1783539864\n|switch|p1a: Krookodile|Krookodile, L79, F|280/280\n|-ability|p1a: Krookodile|Intimidate|boost\n|-unboost|p2a: Sudowoodo|atk|1\n|move|p2a: Sudowoodo|Head Smash|p1a: Krookodile|[miss]\n|-miss|p2a: Sudowoodo|p1a: Krookodile\n|\n|upkeep\n|turn|2\n|inactive|Time left: 300 sec this turn | 300 sec total\n|\n|t:|1783539865\n|move|p1a: Krookodile|Knock Off|p2a: Sudowoodo\n|-damage|p2a: Sudowoodo|61/100\n|-enditem|p2a: Sudowoodo|Leftovers|[from] move: Knock Off|[of] p1a: Krookodile\n|move|p2a: Sudowoodo|Stealth Rock|p1a: Krookodile\n|-sidestart|p1: p0x0382530|move: Stealth Rock\n|\n|upkeep\n|turn|3\n|inactive|Time left: 300 sec this turn | 300 sec total\n|\n|t:|1783539866\n|move|p1a: Krookodile|Knock Off|p2a: Sudowoodo\n|-damage|p2a: Sudowoodo|34/100\n|move|p2a: Sudowoodo|Wood Hammer|p1a: Krookodile\n|-supereffective|p1a: Krookodile\n|-damage|p1a: Krookodile|104/280\n|\n|upkeep\n|turn|4\n|inactive|Time left: 300 sec this turn | 300 sec total\n|\n|t:|1783539867\n|move|p1a: Krookodile|Knock Off|p2a: Sudowoodo\n|-damage|p2a: Sudowoodo|6/100\n|move|p2a: Sudowoodo|Wood Hammer|p1a: Krookodile\n|-supereffective|p1a: Krookodile\n|-damage|p1a: Krookodile|0 fnt\n|faint|p1a: Krookodile\n|\n|upkeep\n|inactive|Time left: 300 sec this turn | 300 sec total | 5 sec grace\n|\n|t:|1783539868\n|switch|p1a: Oricorio|Oricorio-Pa'u, L87, M|272/272\n|turn|5\n|inactive|Time left: 300 sec this turn | 300 sec total\n|\n|t:|1783539869\n|move|p1a: Oricorio|Revelation Dance|p2a: Sudowoodo\n|-damage|p2a: Sudowoodo|0 fnt\n|faint|p2a: Sudowoodo\n|\n|upkeep\n|\n|t:|1783539870\n|switch|p2a: Bruxish|Bruxish, L85, F|100/100\n|turn|6\n|inactive|Time left: 300 sec this turn | 300 sec total\n|\n|t:|1783539872\n|move|p1a: Oricorio|Hurricane|p2a: Bruxish|[miss]\n|-miss|p1a: Oricorio|p2a: Bruxish\n|move|p2a: Bruxish|Crunch|p1a: Oricorio\n|-supereffective|p1a: Oricorio\n|-damage|p1a: Oricorio|0 fnt\n|faint|p1a: Oricorio\n|\n|upkeep\n|inactive|Time left: 300 sec this turn | 300 sec total | 5 sec grace\n|\n|t:|1783539873\n|switch|p1a: Houndoom|Houndoom, L87, M|272/272\n|turn|7\n|inactive|Time left: 300 sec this turn | 300 sec total\n|\n|t:|1783539874\n|switch|p2a: Tyranitar|Tyranitar, L78, F|100/100\n|-weather|Sandstorm|[from] ability: Sand Stream|[of] p2a: Tyranitar\n|move|p1a: Houndoom|Dark Pulse|p2a: Tyranitar\n|-resisted|p2a: Tyranitar\n|-damage|p2a: Tyranitar|92/100\n|\n|-weather|Sandstorm|[upkeep]\n|-damage|p1a: Houndoom|255/272|[from] Sandstorm\n|upkeep\n|turn|8\n|inactive|Time left: 300 sec this turn | 300 sec total\n|\n|t:|1783539875\n|switch|p1a: Iron Hands|Iron Hands, L79|373/373\n|-damage|p1a: Iron Hands|350/373|[from] Stealth Rock\n|move|p2a: Tyranitar|Stone Edge|p1a: Iron Hands\n|-resisted|p1a: Iron Hands\n|-damage|p1a: Iron Hands|293/373\n|\n|-weather|Sandstorm|[upkeep]\n|-damage|p1a: Iron Hands|270/373|[from] Sandstorm\n|upkeep\n|turn|9\n|inactive|Time left: 300 sec this turn | 300 sec total\n|\n|t:|1783539876\n|switch|p2a: Ampharos|Ampharos, L88, M|100/100\n|move|p1a: Iron Hands|Close Combat|p2a: Ampharos\n|-damage|p2a: Ampharos|50/100\n|-unboost|p1a: Iron Hands|def|1\n|-unboost|p1a: Iron Hands|spd|1\n|\n|-weather|Sandstorm|[upkeep]\n|-damage|p2a: Ampharos|44/100|[from] Sandstorm\n|-damage|p1a: Iron Hands|247/373|[from] Sandstorm\n|upkeep\n|turn|10\n|inactive|Time left: 300 sec this turn | 300 sec total\n|\n|t:|1783539877\n|move|p2a: Ampharos|Dazzling Gleam|p1a: Iron Hands\n|-supereffective|p1a: Iron Hands\n|-damage|p1a: Iron Hands|0 fnt\n|faint|p1a: Iron Hands\n|-end|p1a: Iron Hands|Quark Drive|[silent]\n|\n|-weather|Sandstorm|[upkeep]\n|-damage|p2a: Ampharos|38/100|[from] Sandstorm\n|upkeep\n|inactive|Time left: 300 sec this turn | 300 sec total | 5 sec grace\n|\n|t:|1783539878\n|switch|p1a: Ogerpon|Ogerpon-Wellspring, L76, F|247/247\n|-damage|p1a: Ogerpon|217/247|[from] Stealth Rock\n|turn|11\n|inactive|Time left: 300 sec this turn | 300 sec total\n|\n|t:|1783539880\n|switch|p2a: Rabsca|Rabsca, L91, M|100/100\n|move|p1a: Ogerpon|Ivy Cudgel|p2a: Rabsca|[anim] Ivy Cudgel Water\n|-damage|p2a: Rabsca|57/100\n|\n|-weather|none\n|upkeep\n|turn|12\n|inactive|Time left: 300 sec this turn | 300 sec total\n|\n|t:|1783539881\n|-terastallize|p1a: Ogerpon|Water\n|detailschange|p1a: Ogerpon|Ogerpon-Wellspring-Tera, L76, F, tera:Water\n|-ability|p1a: Ogerpon|Embody Aspect (Wellspring)|boost\n|-boost|p1a: Ogerpon|spd|1\n|move|p1a: Ogerpon|Ivy Cudgel|p2a: Rabsca|[anim] Ivy Cudgel Water\n|-damage|p2a: Rabsca|2/100\n|move|p2a: Rabsca|Bug Buzz|p1a: Ogerpon\n|-damage|p1a: Ogerpon|127/247\n|\n|upkeep\n|turn|13\n|inactive|Time left: 300 sec this turn | 300 sec total\n|\n|t:|1783539882\n|move|p1a: Ogerpon|Ivy Cudgel|p2a: Rabsca|[anim] Ivy Cudgel Water\n|-damage|p2a: Rabsca|0 fnt\n|faint|p2a: Rabsca\n|\n|upkeep\n|\n|t:|1783539883\n|switch|p2a: Cryogonal|Cryogonal, L89|100/100\n|turn|14\n|inactive|Time left: 300 sec this turn | 300 sec total\n|\n|t:|1783539884\n|-terastallize|p2a: Cryogonal|Electric\n|move|p2a: Cryogonal|Tera Blast|p1a: Ogerpon|[anim] Tera Blast Electric\n|-supereffective|p1a: Ogerpon\n|-damage|p1a: Ogerpon|7/247\n|move|p1a: Ogerpon|Ivy Cudgel|p2a: Cryogonal|[anim] Ivy Cudgel Water\n|-damage|p2a: Cryogonal|23/100\n|\n|upkeep\n|turn|15\n|inactive|Time left: 300 sec this turn | 300 sec total\n|\n|t:|1783539885\n|move|p2a: Cryogonal|Rapid Spin|p1a: Ogerpon\n|-damage|p1a: Ogerpon|0 fnt\n|-boost|p2a: Cryogonal|spe|1\n|faint|p1a: Ogerpon\n|detailschange|p1: Ogerpon|Ogerpon-Wellspring, L76, F|[silent]\n|\n|upkeep\n|inactive|Time left: 300 sec this turn | 300 sec total | 5 sec grace\n|\n|t:|1783539886\n|switch|p1a: Houndoom|Houndoom, L87, M|255/272\n|turn|16\n|inactive|Time left: 300 sec this turn | 300 sec total\n|\n|t:|1783539887\n|switch|p2a: Tyranitar|Tyranitar, L78, F|92/100\n|-weather|Sandstorm|[from] ability: Sand Stream|[of] p2a: Tyranitar\n|move|p1a: Houndoom|Nasty Plot|p1a: Houndoom\n|-boost|p1a: Houndoom|spa|2\n|\n|-weather|Sandstorm|[upkeep]\n|-damage|p1a: Houndoom|238/272|[from] Sandstorm\n|upkeep\n|turn|17\n|inactive|Time left: 300 sec this turn | 300 sec total\n|\n|t:|1783539888\n|move|p1a: Houndoom|Dark Pulse|p2a: Tyranitar\n|-resisted|p2a: Tyranitar\n|-damage|p2a: Tyranitar|78/100\n|move|p2a: Tyranitar|Stone Edge|p1a: Houndoom\n|-supereffective|p1a: Houndoom\n|-crit|p1a: Houndoom\n|-damage|p1a: Houndoom|0 fnt\n|faint|p1a: Houndoom\n|\n|-weather|Sandstorm|[upkeep]\n|upkeep\n|inactive|Time left: 300 sec this turn | 300 sec total | 5 sec grace\n|\n|t:|1783539889\n|switch|p1a: Kilowattrel|Kilowattrel, L83, M|252/252\n|turn|18\n|inactive|Time left: 300 sec this turn | 300 sec total\n|\n|t:|1783539890\n|move|p1a: Kilowattrel|Discharge|p2a: Tyranitar\n|-damage|p2a: Tyranitar|62/100\n|-status|p2a: Tyranitar|par\n|move|p2a: Tyranitar|Stone Edge|p1a: Kilowattrel\n|-supereffective|p1a: Kilowattrel\n|-damage|p1a: Kilowattrel|0 fnt\n|faint|p1a: Kilowattrel\n|\n|win|p0y0384097", "uploadtime": 1783539890, "views": 0, "rating": 0, "private": 0, "password": null, "_winner": "p0y0384097", "_our_name": "p0x0382530"}