{"id": "battle-gen9randombattle-1506", "formatid": "gen9randombattle", "format": "[Gen 9] Random Battle", "players": ["p0x15066374", "p0y150683f7"], "log": "|init|battle\n|title|p0x15066374 vs. p0y150683f7\n|j|\u2606p0x15066374\n|j|\u2606p0y150683f7\n|t:|1783557538\n|gametype|singles\n|player|p1|p0x15066374|170|\n|player|p2|p0y150683f7|170|\n|gen|9\n|tier|[Gen 9] Random Battle\n|rule|Species Clause: Limit one of each Pok\u00e9mon\n|rule|HP Percentage Mod: HP is shown in percentages\n|rule|Sleep Clause Mod: Limit one foe put to sleep\n|rule|Illusion Level Mod: Illusion disguises the Pok\u00e9mon's true level\n|\n|t:|1783557538\n|teamsize|p1|6\n|teamsize|p2|6\n|start\n|switch|p1a: Vikavolt|Vikavolt, L83, F|263/263\n|switch|p2a: Dragonite|Dragonite, L74, M|100/100\n|turn|1\n|inactive|Battle timer is ON: inactive players will automatically lose when time's up. (requested by p0x15066374)\n|inactive|p0y150683f7 also wants the timer to be on.\n|\n|t:|1783557539\n|move|p2a: Dragonite|Outrage|p1a: Vikavolt\n|-damage|p1a: Vikavolt|133/263\n|move|p1a: Vikavolt|Sticky Web|p2a: Dragonite\n|-sidestart|p2: p0y150683f7|move: Sticky Web\n|\n|upkeep\n|turn|2\n|inactive|Time left: 300 sec this turn | 300 sec total\n|\n|t:|1783557540\n|switch|p1a: Meganium|Meganium, L90, F|290/290\n|move|p2a: Dragonite|Outrage|p1a: Meganium|[from] lockedmove\n|-damage|p1a: Meganium|184/290\n|-start|p2a: Dragonite|confusion|[fatigue]\n|\n|-heal|p1a: Meganium|202/290|[from] item: Leftovers\n|upkeep\n|turn|3\n|inactive|Time left: 300 sec this turn | 300 sec total\n|\n|t:|1783557542\n|switch|p2a: Abomasnow|Abomasnow, L84, F|100/100\n|-activate|p2a: Abomasnow|move: Sticky Web\n|-unboost|p2a: Abomasnow|spe|1\n|-weather|Snowscape|[from] ability: Snow Warning|[of] p2a: Abomasnow\n|move|p1a: Meganium|Swords Dance|p1a: Meganium\n|-boost|p1a: Meganium|atk|2\n|\n|-weather|Snowscape|[upkeep]\n|-heal|p1a: Meganium|220/290|[from] item: Leftovers\n|upkeep\n|turn|4\n|inactive|Time left: 300 sec this turn | 300 sec total\n|\n|t:|1783557543\n|move|p1a: Meganium|Knock Off|p2a: Abomasnow\n|-damage|p2a: Abomasnow|63/100\n|-enditem|p2a: Abomasnow|Light Clay|[from] move: Knock Off|[of] p1a: Meganium\n|move|p2a: Abomasnow|Aurora Veil|p2a: Abomasnow\n|-sidestart|p2: p0y150683f7|move: Aurora Veil\n|\n|-weather|Snowscape|[upkeep]\n|-heal|p1a: Meganium|238/290|[from] item: Leftovers\n|upkeep\n|turn|5\n|inactive|Time left: 300 sec this turn | 300 sec total\n|\n|t:|1783557544\n|move|p1a: Meganium|Swords Dance|p1a: Meganium\n|-boost|p1a: Meganium|atk|2\n|move|p2a: Abomasnow|Blizzard|p1a: Meganium\n|-supereffective|p1a: Meganium\n|-damage|p1a: Meganium|56/290\n|\n|-weather|Snowscape|[upkeep]\n|-heal|p1a: Meganium|74/290|[from] item: Leftovers\n|upkeep\n|turn|6\n|inactive|Time left: 300 sec this turn | 300 sec total\n|\n|t:|1783557545\n|move|p1a: Meganium|Petal Blizzard|p2a: Abomasnow\n|-resisted|p2a: Abomasnow\n|-damage|p2a: Abomasnow|36/100\n|move|p2a: Abomasnow|Blizzard|p1a: Meganium\n|-supereffective|p1a: Meganium\n|-damage|p1a: Meganium|0 fnt\n|faint|p1a: Meganium\n|\n|-weather|Snowscape|[upkeep]\n|upkeep\n|inactive|Time left: 300 sec this turn | 300 sec total | 5 sec grace\n|\n|t:|1783557546\n|switch|p1a: Entei|Entei, L78|307/307\n|turn|7\n|inactive|Time left: 300 sec this turn | 300 sec total\n|\n|t:|1783557547\n|switch|p2a: Great Tusk|Great Tusk, L77|100/100\n|-activate|p2a: Great Tusk|move: Sticky Web\n|-unboost|p2a: Great Tusk|spe|1\n|move|p1a: Entei|Sacred Fire|p2a: Great Tusk\n|-damage|p2a: Great Tusk|81/100\n|-status|p2a: Great Tusk|brn\n|\n|-weather|none\n|-damage|p2a: Great Tusk|75/100 brn|[from] brn\n|upkeep\n|turn|8\n|inactive|Time left: 300 sec this turn | 300 sec total\n|\n|t:|1783557548\n|switch|p1a: Torterra|Torterra, L78, F|276/276\n|move|p2a: Great Tusk|Rapid Spin|p1a: Torterra\n|-damage|p1a: Torterra|258/276\n|-boost|p2a: Great Tusk|spe|1\n|-sideend|p2: p0y150683f7|Sticky Web|[from] move: Rapid Spin|[of] p2a: Great Tusk\n|\n|-damage|p2a: Great Tusk|69/100 brn|[from] brn\n|-sideend|p2: p0y150683f7|move: Aurora Veil\n|upkeep\n|turn|9\n|inactive|Time left: 300 sec this turn | 300 sec total\n|\n|t:|1783557549\n|-end|p2a: Great Tusk|Protosynthesis|[silent]\n|switch|p2a: Crabominable|Crabominable, L90, M|100/100\n|move|p1a: Torterra|Shell Smash|p1a: Torterra\n|-unboost|p1a: Torterra|def|1\n|-unboost|p1a: Torterra|spd|1\n|-boost|p1a: Torterra|atk|2\n|-boost|p1a: Torterra|spa|2\n|-boost|p1a: Torterra|spe|2\n|\n|upkeep\n|turn|10\n|inactive|Time left: 300 sec this turn | 300 sec total\n|\n|t:|1783557550\n|move|p1a: Torterra|Bullet Seed|p2a: Crabominable\n|-damage|p2a: Crabominable|83/100\n|-damage|p2a: Crabominable|67/100\n|-damage|p2a: Crabominable|49/100\n|-damage|p2a: Crabominable|33/100\n|-damage|p2a: Crabominable|16/100\n|-hitcount|p2a: Crabominable|5\n|move|p2a: Crabominable|Close Combat|p1a: Torterra\n|-damage|p1a: Torterra|0 fnt\n|-unboost|p2a: Crabominable|def|1\n|-unboost|p2a: Crabominable|spd|1\n|faint|p1a: Torterra\n|\n|upkeep\n|inactive|Time left: 300 sec this turn | 300 sec total | 5 sec grace\n|\n|t:|1783557551\n|switch|p1a: Kingdra|Kingdra, L84, F|263/263\n|turn|11\n|inactive|Time left: 300 sec this turn | 300 sec total\n|\n|t:|1783557552\n|switch|p2a: Great Tusk|Great Tusk, L77|69/100 brn\n|move|p1a: Kingdra|Outrage|p2a: Great Tusk\n|-damage|p2a: Great Tusk|37/100 brn\n|\n|-damage|p2a: Great Tusk|31/100 brn|[from] brn\n|upkeep\n|turn|12\n|inactive|Time left: 300 sec this turn | 300 sec total\n|\n|t:|1783557553\n|move|p1a: Kingdra|Outrage|p2a: Great Tusk|[from] lockedmove\n|-damage|p2a: Great Tusk|0 fnt\n|faint|p2a: Great Tusk\n|-end|p2a: Great Tusk|Protosynthesis|[silent]\n|\n|upkeep\n|\n|t:|1783557554\n|switch|p2a: Dragonite|Dragonite, L74, M|100/100\n|turn|13\n|inactive|Time left: 300 sec this turn | 300 sec total\n|\n|t:|1783557555\n|-terastallize|p2a: Dragonite|Flying\n|move|p1a: Kingdra|Outrage|p2a: Dragonite|[from] lockedmove\n|-damage|p2a: Dragonite|75/100\n|-start|p1a: Kingdra|confusion|[fatigue]\n|-enditem|p1a: Kingdra|Lum Berry|[eat]\n|-end|p1a: Kingdra|confusion\n|move|p2a: Dragonite|Dragon Dance|p2a: Dragonite\n|-boost|p2a: Dragonite|atk|1\n|-boost|p2a: Dragonite|spe|1\n|\n|upkeep\n|turn|14\n|inactive|Time left: 300 sec this turn | 300 sec total\n|\n|t:|1783557557\n|-terastallize|p1a: Kingdra|Water\n|move|p2a: Dragonite|Outrage|p1a: Kingdra\n|-damage|p1a: Kingdra|79/263\n|move|p1a: Kingdra|Dragon Dance|p1a: Kingdra\n|-boost|p1a: Kingdra|atk|1\n|-boost|p1a: Kingdra|spe|1\n|\n|upkeep\n|turn|15\n|inactive|Time left: 300 sec this turn | 300 sec total\n|\n|t:|1783557558\n|move|p1a: Kingdra|Wave Crash|p2a: Dragonite\n|-damage|p2a: Dragonite|0 fnt\n|faint|p2a: Dragonite\n|-damage|p1a: Kingdra|16/263|[from] Recoil\n|\n|upkeep\n|\n|t:|1783557559\n|switch|p2a: Abomasnow|Abomasnow, L84, F|36/100\n|-weather|Snowscape|[from] ability: Snow Warning|[of] p2a: Abomasnow\n|turn|16\n|inactive|Time left: 300 sec this turn | 300 sec total\n|\n|t:|1783557560\n|move|p2a: Abomasnow|Ice Shard|p1a: Kingdra\n|-resisted|p1a: Kingdra\n|-damage|p1a: Kingdra|0 fnt\n|faint|p1a: Kingdra\n|\n|-weather|Snowscape|[upkeep]\n|upkeep\n|inactive|Time left: 300 sec this turn | 300 sec total | 5 sec grace\n|\n|t:|1783557561\n|switch|p1a: Entei|Entei, L78|307/307\n|turn|17\n|inactive|Time left: 300 sec this turn | 300 sec total\n|\n|t:|1783557561\n|move|p1a: Entei|Sacred Fire|p2a: Abomasnow\n|-supereffective|p2a: Abomasnow\n|-damage|p2a: Abomasnow|0 fnt\n|faint|p2a: Abomasnow\n|\n|-weather|Snowscape|[upkeep]\n|upkeep\n|\n|t:|1783557562\n|switch|p2a: Lumineon|Lumineon, L93, M|100/100\n|turn|18\n|inactive|Time left: 300 sec this turn | 300 sec total\n|\n|t:|1783557563\n|switch|p1a: Muk|Muk-Alola, L82, F|306/306\n|move|p2a: Lumineon|Hydro Pump|p1a: Muk\n|-damage|p1a: Muk|223/306\n|-damage|p2a: Lumineon|91/100|[from] item: Life Orb\n|\n|-weather|Snowscape|[upkeep]\n|upkeep\n|turn|19\n|inactive|Time left: 300 sec this turn | 300 sec total\n|\n|t:|1783557564\n|switch|p2a: Swampert|Swampert, L83, M|100/100\n|move|p1a: Muk|Knock Off|p2a: Swampert\n|-damage|p2a: Swampert|66/100\n|-status|p2a: Swampert|psn|[from] ability: Poison Touch|[of] p1a: Muk\n|-enditem|p2a: Swampert|Leftovers|[from] move: Knock Off|[of] p1a: Muk\n|\n|-weather|Snowscape|[upkeep]\n|-damage|p2a: Swampert|54/100 psn|[from] psn\n|upkeep\n|turn|20\n|inactive|Time left: 300 sec this turn | 300 sec total\n|\n|t:|1783557565\n|switch|p1a: Vikavolt|Vikavolt, L83, F|133/263\n|move|p2a: Swampert|Earthquake|p1a: Vikavolt\n|-immune|p1a: Vikavolt|[from] ability: Levitate\n|\n|-weather|none\n|-damage|p2a: Swampert|42/100 psn|[from] psn\n|upkeep\n|turn|21\n|inactive|Time left: 300 sec this turn | 300 sec total\n|\n|t:|1783557566\n|move|p2a: Swampert|Flip Turn|p1a: Vikavolt\n|-damage|p1a: Vikavolt|67/263\n|\n|t:|1783557567\n|switch|p2a: Crabominable|Crabominable, L90, M|16/100|[from] Flip Turn\n|move|p1a: Vikavolt|Sticky Web|p2a: Crabominable\n|-sidestart|p2: p0y150683f7|move: Sticky Web\n|\n|upkeep\n|turn|22\n|inactive|Time left: 300 sec this turn | 300 sec total\n|\n|t:|1783557568\n|move|p2a: Crabominable|Close Combat|p1a: Vikavolt\n|-resisted|p1a: Vikavolt\n|-damage|p1a: Vikavolt|0 fnt\n|-unboost|p2a: Crabominable|def|1\n|-unboost|p2a: Crabominable|spd|1\n|faint|p1a: Vikavolt\n|\n|upkeep\n|inactive|Time left: 300 sec this turn | 300 sec total | 5 sec grace\n|\n|t:|1783557569\n|switch|p1a: Entei|Entei, L78|307/307\n|turn|23\n|inactive|Time left: 300 sec this turn | 300 sec total\n|\n|t:|1783557570\n|move|p1a: Entei|Flare Blitz|p2a: Crabominable\n|-supereffective|p2a: Crabominable\n|-damage|p2a: Crabominable|0 fnt\n|faint|p2a: Crabominable\n|-damage|p1a: Entei|290/307|[from] Recoil\n|\n|upkeep\n|\n|t:|1783557570\n|switch|p2a: Swampert|Swampert, L83, M|42/100 psn\n|-activate|p2a: Swampert|move: Sticky Web\n|-unboost|p2a: Swampert|spe|1\n|turn|24\n|inactive|Time left: 300 sec this turn | 300 sec total\n|\n|t:|1783557572\n|move|p1a: Entei|Flare Blitz|p2a: Swampert\n|-resisted|p2a: Swampert\n|-damage|p2a: Swampert|11/100 psn\n|-damage|p1a: Entei|260/307|[from] Recoil\n|move|p2a: Swampert|Flip Turn|p1a: Entei\n|-supereffective|p1a: Entei\n|-crit|p1a: Entei\n|-damage|p1a: Entei|0 fnt\n|faint|p1a: Entei\n|\n|t:|1783557573\n|switch|p2a: Lumineon|Lumineon, L93, M|91/100|[from] Flip Turn\n|-activate|p2a: Lumineon|move: Sticky Web\n|-unboost|p2a: Lumineon|spe|1\n|\n|upkeep\n|inactive|Time left: 300 sec this turn | 300 sec total | 10 sec grace\n|\n|t:|1783557574\n|switch|p1a: Muk|Muk-Alola, L82, F|223/306\n|turn|25\n|inactive|Time left: 300 sec this turn | 300 sec total\n|\n|t:|1783557575\n|move|p2a: Lumineon|Hydro Pump|p1a: Muk\n|-damage|p1a: Muk|136/306\n|-damage|p2a: Lumineon|81/100|[from] item: Life Orb\n|move|p1a: Muk|Gunk Shot|p2a: Lumineon\n|-damage|p2a: Lumineon|39/100\n|\n|upkeep\n|turn|26\n|inactive|Time left: 300 sec this turn | 300 sec total\n|\n|t:|1783557576\n|move|p2a: Lumineon|Ice Beam|p1a: Muk\n|-damage|p1a: Muk|91/306\n|-damage|p2a: Lumineon|29/100|[from] item: Life Orb\n|move|p1a: Muk|Knock Off|p2a: Lumineon\n|-damage|p2a: Lumineon|0 fnt\n|-enditem|p2a: Lumineon|Life Orb|[from] move: Knock Off|[of] p1a: Muk\n|faint|p2a: Lumineon\n|\n|upkeep\n|\n|t:|1783557577\n|switch|p2a: Swampert|Swampert, L83, M|11/100 psn\n|-activate|p2a: Swampert|move: Sticky Web\n|-unboost|p2a: Swampert|spe|1\n|turn|27\n|inactive|Time left: 300 sec this turn | 300 sec total\n|\n|t:|1783557578\n|move|p1a: Muk|Knock Off|p2a: Swampert\n|-damage|p2a: Swampert|0 fnt\n|faint|p2a: Swampert\n|\n|win|p0x15066374", "uploadtime": 1783557578, "views": 0, "rating": 0, "private": 0, "password": null, "_winner": "p0x15066374", "_our_name": "p0x15066374"}