{"id": "battle-gen9randombattle-388", "formatid": "gen9randombattle", "format": "[Gen 9] Random Battle", "players": ["p0x3888521", "p0y388201f"], "log": "|init|battle\n|title|p0x3888521 vs. p0y388201f\n|j|\u2606p0x3888521\n|j|\u2606p0y388201f\n|t:|1783544184\n|gametype|singles\n|player|p1|p0x3888521|265|\n|player|p2|p0y388201f|169|\n|gen|9\n|tier|[Gen 9] Random Battle\n|rule|Species Clause: Limit one of each Pok\u00e9mon\n|rule|HP Percentage Mod: HP is shown in percentages\n|rule|Sleep Clause Mod: Limit one foe put to sleep\n|rule|Illusion Level Mod: Illusion disguises the Pok\u00e9mon's true level\n|\n|t:|1783544184\n|teamsize|p1|6\n|teamsize|p2|6\n|start\n|switch|p1a: Porygon-Z|Porygon-Z, L83|277/277\n|switch|p2a: Coalossal|Coalossal, L89, F|100/100\n|-ability|p1a: Porygon-Z|Download|boost\n|-boost|p1a: Porygon-Z|spa|1\n|turn|1\n|inactive|Battle timer is ON: inactive players will automatically lose when time's up. (requested by p0x3888521)\n|inactive|p0y388201f also wants the timer to be on.\n|\n|t:|1783544186\n|move|p1a: Porygon-Z|Thunderbolt|p2a: Coalossal\n|-damage|p2a: Coalossal|55/100\n|move|p2a: Coalossal|Stealth Rock|p1a: Porygon-Z\n|-sidestart|p1: p0x3888521|move: Stealth Rock\n|\n|upkeep\n|turn|2\n|inactive|Time left: 300 sec this turn | 300 sec total\n|\n|t:|1783544187\n|switch|p2a: Great Tusk|Great Tusk, L77|100/100\n|-enditem|p2a: Great Tusk|Booster Energy\n|-activate|p2a: Great Tusk|ability: Protosynthesis|[fromitem]\n|-start|p2a: Great Tusk|protosynthesisatk\n|move|p1a: Porygon-Z|Thunderbolt|p2a: Great Tusk\n|-immune|p2a: Great Tusk\n|\n|upkeep\n|turn|3\n|inactive|Time left: 300 sec this turn | 300 sec total\n|\n|t:|1783544188\n|switch|p1a: Gliscor|Gliscor, L76, M|239/239\n|-damage|p1a: Gliscor|210/239|[from] Stealth Rock\n|move|p2a: Great Tusk|Earthquake|p1a: Gliscor\n|-immune|p1a: Gliscor\n|\n|-status|p1a: Gliscor|tox|[from] item: Toxic Orb\n|upkeep\n|turn|4\n|inactive|Time left: 300 sec this turn | 300 sec total\n|\n|t:|1783544190\n|move|p1a: Gliscor|Toxic|p2a: Great Tusk|[miss]\n|-miss|p1a: Gliscor|p2a: Great Tusk\n|move|p2a: Great Tusk|Bulk Up|p2a: Great Tusk\n|-boost|p2a: Great Tusk|atk|1\n|-boost|p2a: Great Tusk|def|1\n|\n|-heal|p1a: Gliscor|239/239 tox|[from] ability: Poison Heal\n|upkeep\n|turn|5\n|inactive|Time left: 300 sec this turn | 300 sec total\n|\n|t:|1783544191\n|move|p1a: Gliscor|Toxic|p2a: Great Tusk\n|-status|p2a: Great Tusk|tox\n|move|p2a: Great Tusk|Bulk Up|p2a: Great Tusk\n|-boost|p2a: Great Tusk|atk|1\n|-boost|p2a: Great Tusk|def|1\n|\n|-damage|p2a: Great Tusk|94/100 tox|[from] psn\n|upkeep\n|turn|6\n|inactive|Time left: 300 sec this turn | 300 sec total\n|\n|t:|1783544192\n|move|p1a: Gliscor|Substitute|p1a: Gliscor\n|-start|p1a: Gliscor|Substitute\n|-damage|p1a: Gliscor|180/239 tox\n|move|p2a: Great Tusk|Stone Edge|p1a: Gliscor|[miss]\n|-miss|p2a: Great Tusk|p1a: Gliscor\n|\n|-heal|p1a: Gliscor|209/239 tox|[from] ability: Poison Heal\n|-damage|p2a: Great Tusk|82/100 tox|[from] psn\n|upkeep\n|turn|7\n|inactive|Time left: 300 sec this turn | 300 sec total\n|\n|t:|1783544193\n|move|p1a: Gliscor|Earthquake|p2a: Great Tusk\n|-damage|p2a: Great Tusk|71/100 tox\n|move|p2a: Great Tusk|Stone Edge|p1a: Gliscor\n|-end|p1a: Gliscor|Substitute\n|\n|-heal|p1a: Gliscor|238/239 tox|[from] ability: Poison Heal\n|-damage|p2a: Great Tusk|52/100 tox|[from] psn\n|upkeep\n|turn|8\n|inactive|Time left: 300 sec this turn | 300 sec total\n|\n|t:|1783544194\n|move|p1a: Gliscor|Substitute|p1a: Gliscor\n|-start|p1a: Gliscor|Substitute\n|-damage|p1a: Gliscor|179/239 tox\n|move|p2a: Great Tusk|Close Combat|p1a: Gliscor\n|-resisted|p1a: Gliscor\n|-end|p1a: Gliscor|Substitute\n|-unboost|p2a: Great Tusk|def|1\n|-unboost|p2a: Great Tusk|spd|1\n|\n|-heal|p1a: Gliscor|208/239 tox|[from] ability: Poison Heal\n|-damage|p2a: Great Tusk|27/100 tox|[from] psn\n|upkeep\n|turn|9\n|inactive|Time left: 300 sec this turn | 300 sec total\n|\n|t:|1783544195\n|move|p1a: Gliscor|Protect|p1a: Gliscor\n|-singleturn|p1a: Gliscor|Protect\n|move|p2a: Great Tusk|Close Combat|p1a: Gliscor\n|-activate|p1a: Gliscor|move: Protect\n|\n|-heal|p1a: Gliscor|237/239 tox|[from] ability: Poison Heal\n|-damage|p2a: Great Tusk|0 fnt|[from] psn\n|faint|p2a: Great Tusk\n|-end|p2a: Great Tusk|Protosynthesis|[silent]\n|upkeep\n|\n|t:|1783544196\n|switch|p2a: Enamorus|Enamorus-Therian, L83, F|100/100\n|turn|10\n|inactive|Time left: 300 sec this turn | 300 sec total\n|\n|t:|1783544197\n|switch|p1a: Ursaluna|Ursaluna, L79, F|335/335\n|-damage|p1a: Ursaluna|315/335|[from] Stealth Rock\n|move|p2a: Enamorus|Moonblast|p1a: Ursaluna\n|-damage|p1a: Ursaluna|165/335\n|-unboost|p1a: Ursaluna|spa|1\n|\n|-status|p1a: Ursaluna|brn|[from] item: Flame Orb\n|upkeep\n|turn|11\n|inactive|Time left: 300 sec this turn | 300 sec total\n|\n|t:|1783544199\n|-terastallize|p1a: Ursaluna|Normal\n|move|p1a: Ursaluna|Facade|p2a: Enamorus\n|-damage|p2a: Enamorus|0 fnt\n|faint|p2a: Enamorus\n|\n|-damage|p1a: Ursaluna|145/335 brn|[from] brn\n|upkeep\n|\n|t:|1783544200\n|switch|p2a: Zacian|Zacian-Crowned, L64|100/100\n|-ability|p2a: Zacian|Intrepid Sword|boost\n|-boost|p2a: Zacian|atk|1\n|turn|12\n|inactive|Time left: 300 sec this turn | 300 sec total\n|\n|t:|1783544200\n|move|p2a: Zacian|Close Combat|p1a: Ursaluna\n|-supereffective|p1a: Ursaluna\n|-damage|p1a: Ursaluna|0 fnt\n|-unboost|p2a: Zacian|def|1\n|-unboost|p2a: Zacian|spd|1\n|faint|p1a: Ursaluna\n|\n|upkeep\n|inactive|Time left: 300 sec this turn | 300 sec total | 5 sec grace\n|\n|t:|1783544201\n|switch|p1a: Gliscor|Gliscor, L76, M|237/239 tox\n|-damage|p1a: Gliscor|208/239 tox|[from] Stealth Rock\n|turn|13\n|inactive|Time left: 300 sec this turn | 300 sec total\n|\n|t:|1783544202\n|switch|p2a: Kingdra|Kingdra, L84, M|100/100\n|move|p1a: Gliscor|Earthquake|p2a: Kingdra\n|-damage|p2a: Kingdra|70/100\n|\n|-heal|p1a: Gliscor|237/239 tox|[from] ability: Poison Heal\n|upkeep\n|turn|14\n|inactive|Time left: 300 sec this turn | 300 sec total\n|\n|t:|1783544203\n|move|p2a: Kingdra|Wave Crash|p1a: Gliscor\n|-supereffective|p1a: Gliscor\n|-damage|p1a: Gliscor|0 fnt\n|faint|p1a: Gliscor\n|-damage|p2a: Kingdra|41/100|[from] Recoil\n|-damage|p2a: Kingdra|31/100|[from] item: Life Orb\n|\n|upkeep\n|inactive|Time left: 300 sec this turn | 300 sec total | 5 sec grace\n|\n|t:|1783544204\n|switch|p1a: Porygon-Z|Porygon-Z, L83|277/277\n|-damage|p1a: Porygon-Z|243/277|[from] Stealth Rock\n|-ability|p1a: Porygon-Z|Download|boost\n|-boost|p1a: Porygon-Z|spa|1\n|turn|15\n|inactive|Time left: 300 sec this turn | 300 sec total\n|\n|t:|1783544205\n|switch|p2a: Zamazenta|Zamazenta-Crowned, L68|100/100\n|-ability|p2a: Zamazenta|Dauntless Shield|boost\n|-boost|p2a: Zamazenta|def|1\n|move|p1a: Porygon-Z|Shadow Ball|p2a: Zamazenta\n|-damage|p2a: Zamazenta|39/100\n|\n|upkeep\n|turn|16\n|inactive|Time left: 300 sec this turn | 300 sec total\n|\n|t:|1783544206\n|switch|p1a: Bellibolt|Bellibolt, L84, M|320/320\n|-damage|p1a: Bellibolt|280/320|[from] Stealth Rock\n|move|p2a: Zamazenta|Body Press|p1a: Bellibolt\n|-damage|p1a: Bellibolt|166/320\n|-start|p1a: Bellibolt|Charge|Body Press|[from] ability: Electromorphosis\n|\n|-heal|p1a: Bellibolt|186/320|[from] item: Leftovers\n|upkeep\n|turn|17\n|inactive|Time left: 300 sec this turn | 300 sec total\n|\n|t:|1783544208\n|move|p2a: Zamazenta|Body Press|p1a: Bellibolt\n|-damage|p1a: Bellibolt|72/320\n|-start|p1a: Bellibolt|Charge|Body Press|[from] ability: Electromorphosis\n|move|p1a: Bellibolt|Thunderbolt|p2a: Zamazenta\n|-damage|p2a: Zamazenta|0 fnt\n|faint|p2a: Zamazenta\n|-end|p1a: Bellibolt|Charge|[silent]\n|\n|-heal|p1a: Bellibolt|92/320|[from] item: Leftovers\n|upkeep\n|\n|t:|1783544209\n|switch|p2a: Zacian|Zacian-Crowned, L64|100/100\n|turn|18\n|inactive|Time left: 300 sec this turn | 300 sec total\n|\n|t:|1783544210\n|move|p2a: Zacian|Swords Dance|p2a: Zacian\n|-boost|p2a: Zacian|atk|2\n|move|p1a: Bellibolt|Slack Off|p1a: Bellibolt\n|-heal|p1a: Bellibolt|252/320\n|\n|-heal|p1a: Bellibolt|272/320|[from] item: Leftovers\n|upkeep\n|turn|19\n|inactive|Time left: 300 sec this turn | 300 sec total\n|\n|t:|1783544211\n|move|p2a: Zacian|Play Rough|p1a: Bellibolt\n|-damage|p1a: Bellibolt|112/320\n|-start|p1a: Bellibolt|Charge|Play Rough|[from] ability: Electromorphosis\n|move|p1a: Bellibolt|Thunderbolt|p2a: Zacian\n|-damage|p2a: Zacian|2/100\n|-end|p1a: Bellibolt|Charge|[silent]\n|\n|-heal|p1a: Bellibolt|132/320|[from] item: Leftovers\n|upkeep\n|turn|20\n|inactive|Time left: 300 sec this turn | 300 sec total\n|\n|t:|1783544212\n|move|p2a: Zacian|Play Rough|p1a: Bellibolt\n|-damage|p1a: Bellibolt|0 fnt\n|faint|p1a: Bellibolt\n|\n|upkeep\n|inactive|Time left: 300 sec this turn | 300 sec total | 5 sec grace\n|\n|t:|1783544213\n|switch|p1a: Ampharos|Ampharos, L88, F|302/302\n|-damage|p1a: Ampharos|265/302|[from] Stealth Rock\n|turn|21\n|inactive|Time left: 300 sec this turn | 300 sec total\n|\n|t:|1783544214\n|move|p2a: Zacian|Play Rough|p1a: Ampharos\n|-damage|p1a: Ampharos|115/302\n|move|p1a: Ampharos|Discharge|p2a: Zacian\n|-damage|p2a: Zacian|0 fnt\n|faint|p2a: Zacian\n|\n|upkeep\n|\n|t:|1783544215\n|switch|p2a: Kingdra|Kingdra, L84, M|31/100\n|turn|22\n|inactive|Time left: 300 sec this turn | 300 sec total\n|\n|t:|1783544216\n|move|p2a: Kingdra|Wave Crash|p1a: Ampharos\n|-damage|p1a: Ampharos|0 fnt\n|faint|p1a: Ampharos\n|-damage|p2a: Kingdra|16/100|[from] Recoil\n|-damage|p2a: Kingdra|7/100|[from] item: Life Orb\n|\n|upkeep\n|inactive|Time left: 300 sec this turn | 300 sec total | 5 sec grace\n|\n|t:|1783544217\n|switch|p1a: Porygon-Z|Porygon-Z, L83|243/277\n|-damage|p1a: Porygon-Z|209/277|[from] Stealth Rock\n|-ability|p1a: Porygon-Z|Download|boost\n|-boost|p1a: Porygon-Z|spa|1\n|turn|23\n|inactive|Time left: 300 sec this turn | 300 sec total\n|\n|t:|1783544218\n|move|p1a: Porygon-Z|Tri Attack|p2a: Kingdra\n|-damage|p2a: Kingdra|0 fnt\n|faint|p2a: Kingdra\n|\n|upkeep\n|\n|t:|1783544219\n|switch|p2a: Coalossal|Coalossal, L89, F|55/100\n|turn|24\n|inactive|Time left: 300 sec this turn | 300 sec total\n|\n|t:|1783544220\n|move|p1a: Porygon-Z|Tri Attack|p2a: Coalossal\n|-resisted|p2a: Coalossal\n|-damage|p2a: Coalossal|22/100\n|move|p2a: Coalossal|Stone Edge|p1a: Porygon-Z\n|-crit|p1a: Porygon-Z\n|-damage|p1a: Porygon-Z|28/277\n|\n|upkeep\n|turn|25\n|inactive|Time left: 300 sec this turn | 300 sec total\n|\n|t:|1783544221\n|-terastallize|p2a: Coalossal|Ghost\n|move|p1a: Porygon-Z|Tri Attack|p2a: Coalossal\n|-immune|p2a: Coalossal\n|move|p2a: Coalossal|Stealth Rock||[still]\n|-fail|p2a: Coalossal\n|\n|upkeep\n|turn|26\n|inactive|Time left: 300 sec this turn | 300 sec total\n|\n|t:|1783544222\n|move|p1a: Porygon-Z|Tri Attack|p2a: Coalossal\n|-immune|p2a: Coalossal\n|move|p2a: Coalossal|Stealth Rock||[still]\n|-fail|p2a: Coalossal\n|\n|upkeep\n|turn|27\n|inactive|Time left: 300 sec this turn | 300 sec total\n|\n|t:|1783544223\n|move|p1a: Porygon-Z|Tri Attack|p2a: Coalossal\n|-immune|p2a: Coalossal\n|move|p2a: Coalossal|Stone Edge|p1a: Porygon-Z\n|-damage|p1a: Porygon-Z|0 fnt\n|faint|p1a: Porygon-Z\n|\n|upkeep\n|inactive|Time left: 300 sec this turn | 300 sec total | 5 sec grace\n|\n|t:|1783544224\n|switch|p1a: Illumise|Illumise, L91, F|266/266\n|turn|28\n|inactive|Time left: 300 sec this turn | 300 sec total\n|\n|t:|1783544225\n|move|p1a: Illumise|Bug Buzz|p2a: Coalossal\n|-resisted|p2a: Coalossal\n|-damage|p2a: Coalossal|10/100\n|move|p2a: Coalossal|Overheat|p1a: Illumise\n|-supereffective|p1a: Illumise\n|-damage|p1a: Illumise|26/266\n|-unboost|p2a: Coalossal|spa|2\n|\n|upkeep\n|turn|29\n|inactive|Time left: 300 sec this turn | 300 sec total\n|\n|t:|1783544227\n|move|p1a: Illumise|Bug Buzz|p2a: Coalossal\n|-resisted|p2a: Coalossal\n|-damage|p2a: Coalossal|0 fnt\n|faint|p2a: Coalossal\n|\n|win|p0x3888521", "uploadtime": 1783544227, "views": 0, "rating": 0, "private": 0, "password": null, "_winner": "p0x3888521", "_our_name": "p0x3888521"}