{"id": "battle-gen9randombattle-420", "formatid": "gen9randombattle", "format": "[Gen 9] Random Battle", "players": ["p0x4203da1", "p0y420d891"], "log": "|init|battle\n|title|p0x4203da1 vs. p0y420d891\n|j|\u2606p0x4203da1\n|j|\u2606p0y420d891\n|t:|1783544606\n|gametype|singles\n|player|p1|p0x4203da1|170|\n|player|p2|p0y420d891|169|\n|gen|9\n|tier|[Gen 9] Random Battle\n|rule|Species Clause: Limit one of each Pok\u00e9mon\n|rule|HP Percentage Mod: HP is shown in percentages\n|rule|Sleep Clause Mod: Limit one foe put to sleep\n|rule|Illusion Level Mod: Illusion disguises the Pok\u00e9mon's true level\n|\n|t:|1783544606\n|teamsize|p1|6\n|teamsize|p2|6\n|start\n|switch|p1a: Cresselia|Cresselia, L80, F|100/100\n|switch|p2a: Volcarona|Volcarona, L77, F|257/257\n|turn|1\n|inactive|Battle timer is ON: inactive players will automatically lose when time's up. (requested by p0x4203da1)\n|inactive|Time left: 300 sec this turn | 300 sec total | 60 sec grace\n|\n|t:|1783544608\n|move|p2a: Volcarona|Quiver Dance|p2a: Volcarona\n|-boost|p2a: Volcarona|spa|1\n|-boost|p2a: Volcarona|spd|1\n|-boost|p2a: Volcarona|spe|1\n|move|p1a: Cresselia|Calm Mind|p1a: Cresselia\n|-boost|p1a: Cresselia|spa|1\n|-boost|p1a: Cresselia|spd|1\n|\n|upkeep\n|turn|2\n|inactive|Time left: 300 sec this turn | 300 sec total\n|inactive|p0y420d891 also wants the timer to be on.\n|\n|t:|1783544609\n|move|p2a: Volcarona|Quiver Dance|p2a: Volcarona\n|-boost|p2a: Volcarona|spa|1\n|-boost|p2a: Volcarona|spd|1\n|-boost|p2a: Volcarona|spe|1\n|move|p1a: Cresselia|Psyshock|p2a: Volcarona\n|-damage|p2a: Volcarona|131/257\n|\n|upkeep\n|turn|3\n|inactive|Time left: 300 sec this turn | 300 sec total\n|\n|t:|1783544610\n|move|p2a: Volcarona|Bug Buzz|p1a: Cresselia\n|-supereffective|p1a: Cresselia\n|-damage|p1a: Cresselia|31/100\n|move|p1a: Cresselia|Psyshock|p2a: Volcarona\n|-damage|p2a: Volcarona|8/257\n|\n|-heal|p1a: Cresselia|37/100|[from] item: Leftovers\n|upkeep\n|turn|4\n|inactive|Time left: 300 sec this turn | 300 sec total\n|\n|t:|1783544611\n|move|p2a: Volcarona|Fire Blast|p1a: Cresselia\n|-damage|p1a: Cresselia|0 fnt\n|faint|p1a: Cresselia\n|\n|upkeep\n|\n|t:|1783544612\n|switch|p1a: Crabominable|Crabominable, L90, F|100/100\n|turn|5\n|inactive|Time left: 300 sec this turn | 300 sec total\n|\n|t:|1783544613\n|-terastallize|p1a: Crabominable|Water\n|move|p2a: Volcarona|Fire Blast|p1a: Crabominable\n|-resisted|p1a: Crabominable\n|-damage|p1a: Crabominable|71/100\n|move|p1a: Crabominable|Earthquake|p2a: Volcarona\n|-damage|p2a: Volcarona|0 fnt\n|faint|p2a: Volcarona\n|\n|upkeep\n|inactive|Time left: 300 sec this turn | 300 sec total | 5 sec grace\n|\n|t:|1783544614\n|switch|p2a: Stonjourner|Stonjourner, L91, M|330/330\n|turn|6\n|inactive|Time left: 300 sec this turn | 300 sec total\n|\n|t:|1783544615\n|move|p2a: Stonjourner|Stone Edge|p1a: Crabominable\n|-damage|p1a: Crabominable|8/100\n|-damage|p2a: Stonjourner|297/330|[from] item: Life Orb\n|move|p1a: Crabominable|Drain Punch|p2a: Stonjourner\n|-supereffective|p2a: Stonjourner\n|-damage|p2a: Stonjourner|109/330\n|-heal|p1a: Crabominable|37/100|[from] drain|[of] p2a: Stonjourner\n|\n|upkeep\n|turn|7\n|inactive|Time left: 300 sec this turn | 300 sec total\n|\n|t:|1783544616\n|move|p2a: Stonjourner|Stone Edge|p1a: Crabominable\n|-damage|p1a: Crabominable|0 fnt\n|faint|p1a: Crabominable\n|-damage|p2a: Stonjourner|76/330|[from] item: Life Orb\n|\n|upkeep\n|\n|t:|1783544617\n|switch|p1a: Garganacl|Garganacl, L80, M|100/100\n|turn|8\n|inactive|Time left: 300 sec this turn | 300 sec total\n|\n|t:|1783544618\n|move|p2a: Stonjourner|Earthquake|p1a: Garganacl\n|-supereffective|p1a: Garganacl\n|-damage|p1a: Garganacl|30/100\n|-damage|p2a: Stonjourner|43/330|[from] item: Life Orb\n|move|p1a: Garganacl|Salt Cure|p2a: Stonjourner\n|-damage|p2a: Stonjourner|18/330\n|-start|p2a: Stonjourner|Salt Cure\n|\n|-heal|p1a: Garganacl|36/100|[from] item: Leftovers\n|-damage|p2a: Stonjourner|0 fnt|[from] Salt Cure\n|faint|p2a: Stonjourner\n|upkeep\n|inactive|Time left: 300 sec this turn | 300 sec total | 5 sec grace\n|\n|t:|1783544620\n|switch|p2a: Floatzel|Floatzel, L86, M|286/286\n|turn|9\n|inactive|Time left: 300 sec this turn | 300 sec total\n|\n|t:|1783544621\n|move|p1a: Garganacl|Protect|p1a: Garganacl\n|-singleturn|p1a: Garganacl|Protect\n|move|p2a: Floatzel|Wave Crash|p1a: Garganacl\n|-activate|p1a: Garganacl|move: Protect\n|\n|-heal|p1a: Garganacl|42/100|[from] item: Leftovers\n|upkeep\n|turn|10\n|inactive|Time left: 300 sec this turn | 300 sec total\n|\n|t:|1783544622\n|move|p2a: Floatzel|Wave Crash|p1a: Garganacl\n|-supereffective|p1a: Garganacl\n|-damage|p1a: Garganacl|0 fnt\n|faint|p1a: Garganacl\n|-damage|p2a: Floatzel|246/286|[from] Recoil\n|\n|upkeep\n|\n|t:|1783544623\n|switch|p1a: Pincurchin|Pincurchin, M|100/100\n|-fieldstart|move: Electric Terrain|[from] ability: Electric Surge|[of] p1a: Pincurchin\n|turn|11\n|inactive|Time left: 300 sec this turn | 300 sec total\n|\n|t:|1783544623\n|move|p2a: Floatzel|Wave Crash|p1a: Pincurchin\n|-damage|p1a: Pincurchin|41/100\n|-damage|p2a: Floatzel|195/286|[from] Recoil\n|move|p1a: Pincurchin|Zing Zap|p2a: Floatzel\n|-supereffective|p2a: Floatzel\n|-damage|p2a: Floatzel|0 fnt\n|faint|p2a: Floatzel\n|\n|-heal|p1a: Pincurchin|47/100|[from] item: Leftovers\n|upkeep\n|inactive|Time left: 300 sec this turn | 300 sec total | 5 sec grace\n|\n|t:|1783544624\n|switch|p2a: Meowstic|Meowstic, L89, M|277/277\n|turn|12\n|inactive|Time left: 300 sec this turn | 300 sec total\n|\n|t:|1783544625\n|move|p2a: Meowstic|Psychic Noise|p1a: Pincurchin\n|-damage|p1a: Pincurchin|19/100\n|-start|p1a: Pincurchin|move: Heal Block\n|move|p1a: Pincurchin|Zing Zap|p2a: Meowstic\n|-damage|p2a: Meowstic|121/277\n|\n|-heal|p2a: Meowstic|138/277|[from] item: Leftovers\n|upkeep\n|turn|13\n|inactive|Time left: 300 sec this turn | 300 sec total\n|\n|t:|1783544626\n|switch|p1a: Klefki|Klefki, L84, F|100/100\n|move|p2a: Meowstic|Psychic Noise|p1a: Klefki\n|-resisted|p1a: Klefki\n|-damage|p1a: Klefki|84/100\n|-start|p1a: Klefki|move: Heal Block\n|\n|-heal|p2a: Meowstic|155/277|[from] item: Leftovers\n|upkeep\n|turn|14\n|inactive|Time left: 300 sec this turn | 300 sec total\n|\n|t:|1783544627\n|move|p2a: Meowstic|Thunder Wave|p1a: Klefki\n|-status|p1a: Klefki|par\n|move|p1a: Klefki|Dazzling Gleam|p2a: Meowstic\n|-damage|p2a: Meowstic|79/277\n|\n|-heal|p2a: Meowstic|96/277|[from] item: Leftovers\n|-end|p1a: Klefki|move: Heal Block\n|upkeep\n|turn|15\n|inactive|Time left: 300 sec this turn | 300 sec total\n|\n|t:|1783544628\n|move|p2a: Meowstic|Psychic Noise|p1a: Klefki\n|-resisted|p1a: Klefki\n|-damage|p1a: Klefki|66/100 par\n|-start|p1a: Klefki|move: Heal Block\n|move|p1a: Klefki|Dazzling Gleam|p2a: Meowstic\n|-damage|p2a: Meowstic|23/277\n|\n|-heal|p2a: Meowstic|40/277|[from] item: Leftovers\n|-fieldend|move: Electric Terrain\n|upkeep\n|turn|16\n|inactive|Time left: 300 sec this turn | 300 sec total\n|\n|t:|1783544629\n|move|p2a: Meowstic|Psychic Noise|p1a: Klefki\n|-resisted|p1a: Klefki\n|-damage|p1a: Klefki|49/100 par\n|cant|p1a: Klefki|par\n|\n|-heal|p2a: Meowstic|57/277|[from] item: Leftovers\n|-end|p1a: Klefki|move: Heal Block\n|upkeep\n|turn|17\n|inactive|Time left: 300 sec this turn | 300 sec total\n|\n|t:|1783544630\n|switch|p2a: Tornadus|Tornadus-Therian, L79, M|254/254\n|move|p1a: Klefki|Dazzling Gleam|p2a: Tornadus\n|-damage|p2a: Tornadus|197/254\n|\n|-heal|p1a: Klefki|55/100 par|[from] item: Leftovers\n|upkeep\n|turn|18\n|inactive|Time left: 300 sec this turn | 300 sec total\n|\n|t:|1783544631\n|move|p2a: Tornadus|Heat Wave|p1a: Klefki\n|-supereffective|p1a: Klefki\n|-damage|p1a: Klefki|0 fnt\n|faint|p1a: Klefki\n|\n|upkeep\n|\n|t:|1783544632\n|switch|p1a: Pincurchin|Pincurchin, M|19/100\n|-fieldstart|move: Electric Terrain|[from] ability: Electric Surge|[of] p1a: Pincurchin\n|turn|19\n|inactive|Time left: 300 sec this turn | 300 sec total\n|\n|t:|1783544634\n|move|p2a: Tornadus|Heat Wave|p1a: Pincurchin\n|-damage|p1a: Pincurchin|0 fnt\n|faint|p1a: Pincurchin\n|\n|upkeep\n|\n|t:|1783544635\n|switch|p1a: Hoopa|Hoopa-Unbound, L80|100/100\n|turn|20\n|inactive|Time left: 300 sec this turn | 300 sec total\n|\n|t:|1783544636\n|move|p2a: Tornadus|U-turn|p1a: Hoopa\n|-supereffective|p1a: Hoopa\n|-damage|p1a: Hoopa|6/100\n|inactive|Time left: 300 sec this turn | 300 sec total | 5 sec grace\n|\n|t:|1783544637\n|switch|p2a: Meowstic|Meowstic, L89, M|57/277|[from] U-turn\n|move|p1a: Hoopa|Drain Punch|p2a: Meowstic\n|-resisted|p2a: Meowstic\n|-damage|p2a: Meowstic|3/277\n|-heal|p1a: Hoopa|17/100|[from] drain|[of] p2a: Meowstic\n|\n|-heal|p2a: Meowstic|20/277|[from] item: Leftovers\n|upkeep\n|turn|21\n|inactive|Time left: 300 sec this turn | 300 sec total\n|\n|t:|1783544638\n|move|p2a: Meowstic|Alluring Voice|p1a: Hoopa\n|-supereffective|p1a: Hoopa\n|-damage|p1a: Hoopa|0 fnt\n|faint|p1a: Hoopa\n|\n|win|p0y420d891", "uploadtime": 1783544638, "views": 0, "rating": 0, "private": 0, "password": null, "_winner": "p0y420d891", "_our_name": "p0y420d891"}