{"id": "battle-gen9randombattle-1950", "formatid": "gen9randombattle", "format": "[Gen 9] Random Battle", "players": ["p0x19504d9f", "p0y19500bdd"], "log": "|init|battle\n|title|p0x19504d9f vs. p0y19500bdd\n|j|\u2606p0x19504d9f\n|j|\u2606p0y19500bdd\n|t:|1783562562\n|gametype|singles\n|player|p1|p0x19504d9f|169|\n|player|p2|p0y19500bdd|265|\n|gen|9\n|tier|[Gen 9] Random Battle\n|rule|Species Clause: Limit one of each Pok\u00e9mon\n|rule|HP Percentage Mod: HP is shown in percentages\n|rule|Sleep Clause Mod: Limit one foe put to sleep\n|rule|Illusion Level Mod: Illusion disguises the Pok\u00e9mon's true level\n|\n|t:|1783562562\n|teamsize|p1|6\n|teamsize|p2|6\n|start\n|switch|p1a: Carbink|Carbink, L90|236/236\n|switch|p2a: Sylveon|Sylveon, L85, M|100/100\n|turn|1\n|inactive|Battle timer is ON: inactive players will automatically lose when time's up. (requested by p0x19504d9f)\n|inactive|p0y19500bdd also wants the timer to be on.\n|\n|t:|1783562563\n|move|p2a: Sylveon|Hyper Voice|p1a: Carbink\n|-damage|p1a: Carbink|154/236\n|move|p1a: Carbink|Iron Defense|p1a: Carbink\n|-boost|p1a: Carbink|def|2\n|\n|upkeep\n|turn|2\n|inactive|Time left: 300 sec this turn | 300 sec total\n|\n|t:|1783562564\n|move|p2a: Sylveon|Hyper Voice|p1a: Carbink\n|-damage|p1a: Carbink|70/236\n|move|p1a: Carbink|Body Press|p2a: Sylveon\n|-resisted|p2a: Sylveon\n|-damage|p2a: Sylveon|63/100\n|\n|-heal|p2a: Sylveon|69/100|[from] item: Leftovers\n|upkeep\n|turn|3\n|inactive|Time left: 300 sec this turn | 300 sec total\n|\n|t:|1783562565\n|move|p2a: Sylveon|Hyper Voice|p1a: Carbink\n|-damage|p1a: Carbink|0 fnt\n|faint|p1a: Carbink\n|\n|-heal|p2a: Sylveon|75/100|[from] item: Leftovers\n|upkeep\n|inactive|Time left: 300 sec this turn | 300 sec total | 5 sec grace\n|\n|t:|1783562566\n|switch|p1a: Beartic|Beartic, L91, F|321/321\n|turn|4\n|inactive|Time left: 300 sec this turn | 300 sec total\n|\n|t:|1783562566\n|move|p2a: Sylveon|Hyper Voice|p1a: Beartic\n|-damage|p1a: Beartic|188/321\n|move|p1a: Beartic|Earthquake|p2a: Sylveon\n|-damage|p2a: Sylveon|29/100\n|\n|-heal|p2a: Sylveon|35/100|[from] item: Leftovers\n|upkeep\n|turn|5\n|inactive|Time left: 300 sec this turn | 300 sec total\n|\n|t:|1783562567\n|move|p2a: Sylveon|Hyper Voice|p1a: Beartic\n|-damage|p1a: Beartic|49/321\n|move|p1a: Beartic|Earthquake|p2a: Sylveon\n|-damage|p2a: Sylveon|0 fnt\n|faint|p2a: Sylveon\n|\n|upkeep\n|\n|t:|1783562568\n|switch|p2a: Eiscue|Eiscue, L88, M|100/100\n|turn|6\n|inactive|Time left: 300 sec this turn | 300 sec total\n|\n|t:|1783562569\n|switch|p1a: Torkoal|Torkoal, L88, M|266/266\n|-weather|SunnyDay|[from] ability: Drought|[of] p1a: Torkoal\n|move|p2a: Eiscue|Belly Drum|p2a: Eiscue\n|-damage|p2a: Eiscue|50/100\n|-setboost|p2a: Eiscue|atk|6|[from] move: Belly Drum\n|-enditem|p2a: Eiscue|Sitrus Berry|[eat]\n|-heal|p2a: Eiscue|75/100|[from] item: Sitrus Berry\n|\n|-weather|SunnyDay|[upkeep]\n|upkeep\n|turn|7\n|inactive|Time left: 300 sec this turn | 300 sec total\n|\n|t:|1783562570\n|-terastallize|p2a: Eiscue|Ground\n|move|p2a: Eiscue|Tera Blast|p1a: Torkoal|[anim] Tera Blast Ground\n|-supereffective|p1a: Torkoal\n|-damage|p1a: Torkoal|0 fnt\n|faint|p1a: Torkoal\n|\n|-weather|SunnyDay|[upkeep]\n|upkeep\n|inactive|Time left: 300 sec this turn | 300 sec total | 5 sec grace\n|\n|t:|1783562571\n|switch|p1a: Sunflora|Sunflora, M|312/312\n|turn|8\n|inactive|Time left: 300 sec this turn | 300 sec total\n|\n|t:|1783562573\n|move|p1a: Sunflora|Solar Beam||[still]\n|-prepare|p1a: Sunflora|Solar Beam\n|-anim|p1a: Sunflora|Solar Beam|p2a: Eiscue\n|-supereffective|p2a: Eiscue\n|-damage|p2a: Eiscue|0 fnt\n|faint|p2a: Eiscue\n|-damage|p1a: Sunflora|281/312|[from] item: Life Orb\n|\n|-weather|SunnyDay|[upkeep]\n|upkeep\n|\n|t:|1783562574\n|switch|p2a: Walking Wake|Walking Wake, L79|100/100\n|-activate|p2a: Walking Wake|ability: Protosynthesis\n|-start|p2a: Walking Wake|protosynthesisspa\n|turn|9\n|inactive|Time left: 300 sec this turn | 300 sec total\n|\n|t:|1783562575\n|move|p1a: Sunflora|Solar Beam||[still]\n|-prepare|p1a: Sunflora|Solar Beam\n|-anim|p1a: Sunflora|Solar Beam|p2a: Walking Wake\n|-damage|p2a: Walking Wake|2/100\n|-damage|p1a: Sunflora|250/312|[from] item: Life Orb\n|move|p2a: Walking Wake|Flamethrower|p1a: Sunflora\n|-supereffective|p1a: Sunflora\n|-damage|p1a: Sunflora|0 fnt\n|faint|p1a: Sunflora\n|-damage|p2a: Walking Wake|0 fnt|[from] item: Life Orb\n|faint|p2a: Walking Wake\n|-end|p2a: Walking Wake|Protosynthesis|[silent]\n|\n|-weather|SunnyDay|[upkeep]\n|upkeep\n|inactive|Time left: 300 sec this turn | 300 sec total | 5 sec grace\n|\n|t:|1783562576\n|switch|p2a: Lumineon|Lumineon, L93, M|100/100\n|switch|p1a: Chi-Yu|Chi-Yu, L77|211/211\n|-ability|p1a: Chi-Yu|Beads of Ruin\n|turn|10\n|inactive|Time left: 300 sec this turn | 300 sec total\n|\n|t:|1783562577\n|move|p1a: Chi-Yu|Dark Pulse|p2a: Lumineon\n|-damage|p2a: Lumineon|58/100\n|move|p2a: Lumineon|Hydro Pump|p1a: Chi-Yu\n|-supereffective|p1a: Chi-Yu\n|-damage|p1a: Chi-Yu|113/211\n|\n|-weather|none\n|upkeep\n|turn|11\n|inactive|Time left: 300 sec this turn | 300 sec total\n|\n|t:|1783562578\n|switch|p2a: Virizion|Virizion, L82|100/100\n|move|p1a: Chi-Yu|Dark Pulse|p2a: Virizion\n|-resisted|p2a: Virizion\n|-damage|p2a: Virizion|83/100\n|-ability|p2a: Virizion|Justified|boost\n|-boost|p2a: Virizion|atk|1\n|\n|upkeep\n|turn|12\n|inactive|Time left: 300 sec this turn | 300 sec total\n|\n|t:|1783562579\n|switch|p1a: Beartic|Beartic, L91, F|49/321\n|move|p2a: Virizion|Swords Dance|p2a: Virizion\n|-boost|p2a: Virizion|atk|2\n|\n|upkeep\n|turn|13\n|inactive|Time left: 300 sec this turn | 300 sec total\n|\n|t:|1783562580\n|move|p2a: Virizion|Leaf Blade|p1a: Beartic\n|-damage|p1a: Beartic|0 fnt\n|faint|p1a: Beartic\n|-damage|p2a: Virizion|73/100|[from] item: Life Orb\n|\n|upkeep\n|inactive|Time left: 300 sec this turn | 300 sec total | 5 sec grace\n|\n|t:|1783562581\n|switch|p1a: Chi-Yu|Chi-Yu, L77|113/211\n|-ability|p1a: Chi-Yu|Beads of Ruin\n|turn|14\n|inactive|Time left: 300 sec this turn | 300 sec total\n|\n|t:|1783562582\n|-terastallize|p1a: Chi-Yu|Fire\n|move|p1a: Chi-Yu|Flamethrower|p2a: Virizion\n|-supereffective|p2a: Virizion\n|-damage|p2a: Virizion|0 fnt\n|faint|p2a: Virizion\n|\n|upkeep\n|\n|t:|1783562583\n|switch|p2a: Lumineon|Lumineon, L93, M|58/100\n|turn|15\n|inactive|Time left: 300 sec this turn | 300 sec total\n|\n|t:|1783562584\n|move|p1a: Chi-Yu|Flamethrower|p2a: Lumineon\n|-resisted|p2a: Lumineon\n|-damage|p2a: Lumineon|27/100\n|-status|p2a: Lumineon|brn\n|move|p2a: Lumineon|Hydro Pump|p1a: Chi-Yu|[miss]\n|-miss|p2a: Lumineon|p1a: Chi-Yu\n|\n|-damage|p2a: Lumineon|21/100 brn|[from] brn\n|upkeep\n|turn|16\n|inactive|Time left: 300 sec this turn | 300 sec total\n|\n|t:|1783562585\n|move|p1a: Chi-Yu|Flamethrower|p2a: Lumineon\n|-resisted|p2a: Lumineon\n|-damage|p2a: Lumineon|0 fnt\n|faint|p2a: Lumineon\n|\n|upkeep\n|\n|t:|1783562586\n|switch|p2a: Raikou|Raikou, L81|100/100\n|-ability|p2a: Raikou|Pressure\n|turn|17\n|inactive|Time left: 300 sec this turn | 300 sec total\n|\n|t:|1783562587\n|move|p1a: Chi-Yu|Flamethrower|p2a: Raikou\n|-damage|p2a: Raikou|39/100\n|move|p2a: Raikou|Thunderbolt|p1a: Chi-Yu\n|-damage|p1a: Chi-Yu|31/211\n|\n|-heal|p2a: Raikou|45/100|[from] item: Leftovers\n|upkeep\n|turn|18\n|inactive|Time left: 300 sec this turn | 300 sec total\n|\n|t:|1783562588\n|move|p1a: Chi-Yu|Flamethrower|p2a: Raikou\n|-damage|p2a: Raikou|0 fnt\n|faint|p2a: Raikou\n|\n|win|p0x19504d9f", "uploadtime": 1783562588, "views": 0, "rating": 0, "private": 0, "password": null, "_winner": "p0x19504d9f", "_our_name": "p0x19504d9f"}