{"id": "battle-gen9randombattle-1897", "formatid": "gen9randombattle", "format": "[Gen 9] Random Battle", "players": ["p0x189703f0", "p0y18975d24"], "log": "|init|battle\n|title|p0x189703f0 vs. p0y18975d24\n|j|\u2606p0x189703f0\n|j|\u2606p0y18975d24\n|t:|1783561209\n|gametype|singles\n|player|p1|p0x189703f0|2|\n|player|p2|p0y18975d24|102|\n|gen|9\n|tier|[Gen 9] Random Battle\n|rule|Species Clause: Limit one of each Pok\u00e9mon\n|rule|HP Percentage Mod: HP is shown in percentages\n|rule|Sleep Clause Mod: Limit one foe put to sleep\n|rule|Illusion Level Mod: Illusion disguises the Pok\u00e9mon's true level\n|\n|t:|1783561209\n|teamsize|p1|6\n|teamsize|p2|6\n|start\n|switch|p1a: Lucario|Lucario, L84, F|100/100\n|switch|p2a: Venomoth|Venomoth, L84, M|255/255\n|turn|1\n|inactive|Battle timer is ON: inactive players will automatically lose when time's up. (requested by p0x189703f0)\n|inactive|Time left: 300 sec this turn | 300 sec total | 60 sec grace\n|inactive|p0y18975d24 also wants the timer to be on.\n|\n|t:|1783561210\n|move|p2a: Venomoth|Quiver Dance|p2a: Venomoth\n|-boost|p2a: Venomoth|spa|1\n|-boost|p2a: Venomoth|spd|1\n|-boost|p2a: Venomoth|spe|1\n|move|p1a: Lucario|Nasty Plot|p1a: Lucario\n|-boost|p1a: Lucario|spa|2\n|\n|upkeep\n|turn|2\n|inactive|Time left: 300 sec this turn | 300 sec total\n|\n|t:|1783561211\n|move|p2a: Venomoth|Sleep Powder|p1a: Lucario\n|-status|p1a: Lucario|slp|[from] move: Sleep Powder\n|cant|p1a: Lucario|slp\n|\n|upkeep\n|turn|3\n|inactive|Time left: 300 sec this turn | 300 sec total\n|\n|t:|1783561212\n|move|p2a: Venomoth|Quiver Dance|p2a: Venomoth\n|-boost|p2a: Venomoth|spa|1\n|-boost|p2a: Venomoth|spd|1\n|-boost|p2a: Venomoth|spe|1\n|cant|p1a: Lucario|slp\n|\n|upkeep\n|turn|4\n|inactive|Time left: 300 sec this turn | 300 sec total\n|\n|t:|1783561213\n|move|p2a: Venomoth|Bug Buzz|p1a: Lucario\n|-resisted|p1a: Lucario\n|-damage|p1a: Lucario|57/100 slp\n|-curestatus|p1a: Lucario|slp|[msg]\n|move|p1a: Lucario|Flash Cannon|p2a: Venomoth\n|-damage|p2a: Venomoth|111/255\n|-damage|p1a: Lucario|48/100|[from] item: Life Orb\n|\n|upkeep\n|turn|5\n|inactive|Time left: 300 sec this turn | 300 sec total\n|\n|t:|1783561214\n|move|p2a: Venomoth|Sleep Powder|p1a: Lucario\n|-status|p1a: Lucario|slp|[from] move: Sleep Powder\n|cant|p1a: Lucario|slp\n|\n|upkeep\n|turn|6\n|inactive|Time left: 300 sec this turn | 300 sec total\n|\n|t:|1783561215\n|move|p2a: Venomoth|Bug Buzz|p1a: Lucario\n|-resisted|p1a: Lucario\n|-damage|p1a: Lucario|4/100 slp\n|-unboost|p1a: Lucario|spd|1\n|cant|p1a: Lucario|slp\n|\n|upkeep\n|turn|7\n|inactive|Time left: 300 sec this turn | 300 sec total\n|\n|t:|1783561216\n|move|p2a: Venomoth|Bug Buzz|p1a: Lucario\n|-resisted|p1a: Lucario\n|-damage|p1a: Lucario|0 fnt\n|faint|p1a: Lucario\n|\n|upkeep\n|\n|t:|1783561216\n|switch|p1a: Grumpig|Grumpig, L92, M|100/100\n|turn|8\n|inactive|Time left: 300 sec this turn | 300 sec total\n|\n|t:|1783561217\n|move|p2a: Venomoth|Sleep Powder|p1a: Grumpig\n|-status|p1a: Grumpig|slp|[from] move: Sleep Powder\n|cant|p1a: Grumpig|slp\n|\n|upkeep\n|turn|9\n|inactive|Time left: 300 sec this turn | 300 sec total\n|\n|t:|1783561218\n|move|p2a: Venomoth|Bug Buzz|p1a: Grumpig\n|-supereffective|p1a: Grumpig\n|-damage|p1a: Grumpig|3/100 slp\n|cant|p1a: Grumpig|slp\n|\n|upkeep\n|turn|10\n|inactive|Time left: 300 sec this turn | 300 sec total\n|\n|t:|1783561219\n|move|p2a: Venomoth|Bug Buzz|p1a: Grumpig\n|-supereffective|p1a: Grumpig\n|-damage|p1a: Grumpig|0 fnt\n|faint|p1a: Grumpig\n|\n|upkeep\n|\n|t:|1783561220\n|switch|p1a: Charizard|Charizard, L85, M|100/100\n|turn|11\n|inactive|Time left: 300 sec this turn | 300 sec total\n|\n|t:|1783561221\n|move|p2a: Venomoth|Sleep Powder|p1a: Charizard\n|-status|p1a: Charizard|slp|[from] move: Sleep Powder\n|cant|p1a: Charizard|slp\n|\n|upkeep\n|turn|12\n|inactive|Time left: 300 sec this turn | 300 sec total\n|\n|t:|1783561222\n|move|p2a: Venomoth|Sludge Wave|p1a: Charizard\n|-damage|p1a: Charizard|33/100 slp\n|-curestatus|p1a: Charizard|slp|[msg]\n|move|p1a: Charizard|Flamethrower|p2a: Venomoth\n|-supereffective|p2a: Venomoth\n|-damage|p2a: Venomoth|0 fnt\n|faint|p2a: Venomoth\n|\n|upkeep\n|inactive|Time left: 300 sec this turn | 300 sec total | 5 sec grace\n|\n|t:|1783561223\n|switch|p2a: Pikachu|Pikachu-Unova, L93, M|216/216\n|turn|13\n|inactive|Time left: 300 sec this turn | 300 sec total\n|\n|t:|1783561224\n|switch|p1a: Ludicolo|Ludicolo, L90, F|100/100\n|move|p2a: Pikachu|Surf|p1a: Ludicolo\n|-resisted|p1a: Ludicolo\n|-damage|p1a: Ludicolo|94/100\n|\n|upkeep\n|turn|14\n|inactive|Time left: 300 sec this turn | 300 sec total\n|\n|t:|1783561225\n|switch|p2a: Toxicroak|Toxicroak, L84, M|277/277\n|move|p1a: Ludicolo|Giga Drain|p2a: Toxicroak\n|-resisted|p2a: Toxicroak\n|-damage|p2a: Toxicroak|190/277\n|-heal|p1a: Ludicolo|100/100|[from] drain|[of] p2a: Toxicroak\n|\n|upkeep\n|turn|15\n|inactive|Time left: 300 sec this turn | 300 sec total\n|\n|t:|1783561226\n|switch|p1a: Charizard|Charizard, L85, M|33/100\n|move|p2a: Toxicroak|Gunk Shot|p1a: Charizard|[miss]\n|-miss|p2a: Toxicroak|p1a: Charizard\n|\n|upkeep\n|turn|16\n|inactive|Time left: 300 sec this turn | 300 sec total\n|\n|t:|1783561227\n|switch|p2a: Basculegion|Basculegion, L80, M|323/323\n|move|p1a: Charizard|Flamethrower|p2a: Basculegion\n|-resisted|p2a: Basculegion\n|-damage|p2a: Basculegion|257/323\n|\n|upkeep\n|turn|17\n|inactive|Time left: 300 sec this turn | 300 sec total\n|\n|t:|1783561228\n|switch|p1a: Ludicolo|Ludicolo, L90, F|100/100\n|move|p2a: Basculegion|Shadow Ball|p1a: Ludicolo\n|-damage|p1a: Ludicolo|74/100\n|\n|upkeep\n|turn|18\n|inactive|Time left: 300 sec this turn | 300 sec total\n|\n|t:|1783561229\n|switch|p2a: Toxicroak|Toxicroak, L84, M|190/277\n|move|p1a: Ludicolo|Giga Drain|p2a: Toxicroak\n|-resisted|p2a: Toxicroak\n|-damage|p2a: Toxicroak|109/277\n|-heal|p1a: Ludicolo|88/100|[from] drain|[of] p2a: Toxicroak\n|\n|upkeep\n|turn|19\n|inactive|Time left: 300 sec this turn | 300 sec total\n|\n|t:|1783561229\n|move|p2a: Toxicroak|Gunk Shot|p1a: Ludicolo\n|-supereffective|p1a: Ludicolo\n|-damage|p1a: Ludicolo|0 fnt\n|faint|p1a: Ludicolo\n|\n|upkeep\n|\n|t:|1783561230\n|switch|p1a: Charizard|Charizard, L85, M|33/100\n|turn|20\n|inactive|Time left: 300 sec this turn | 300 sec total\n|\n|t:|1783561231\n|switch|p2a: Basculegion|Basculegion, L80, M|257/323\n|move|p1a: Charizard|Flamethrower|p2a: Basculegion\n|-resisted|p2a: Basculegion\n|-damage|p2a: Basculegion|192/323\n|\n|upkeep\n|turn|21\n|inactive|Time left: 300 sec this turn | 300 sec total\n|\n|t:|1783561232\n|-terastallize|p1a: Charizard|Dragon\n|move|p2a: Basculegion|Aqua Jet|p1a: Charizard\n|-resisted|p1a: Charizard\n|-damage|p1a: Charizard|21/100\n|move|p1a: Charizard|Will-O-Wisp|p2a: Basculegion\n|-status|p2a: Basculegion|brn\n|\n|-damage|p2a: Basculegion|172/323 brn|[from] brn\n|upkeep\n|turn|22\n|inactive|Time left: 300 sec this turn | 300 sec total\n|\n|t:|1783561233\n|switch|p1a: Florges|Florges-Yellow, L85, F|100/100\n|move|p2a: Basculegion|Shadow Ball|p1a: Florges\n|-damage|p1a: Florges|79/100\n|\n|-heal|p1a: Florges|85/100|[from] item: Leftovers\n|-damage|p2a: Basculegion|152/323 brn|[from] brn\n|upkeep\n|turn|23\n|inactive|Time left: 300 sec this turn | 300 sec total\n|\n|t:|1783561234\n|switch|p2a: Golem|Golem-Alola, L93, F|300/300\n|move|p1a: Florges|Calm Mind|p1a: Florges\n|-boost|p1a: Florges|spa|1\n|-boost|p1a: Florges|spd|1\n|\n|-heal|p1a: Florges|91/100|[from] item: Leftovers\n|upkeep\n|turn|24\n|inactive|Time left: 300 sec this turn | 300 sec total\n|\n|t:|1783561235\n|move|p1a: Florges|Moonblast|p2a: Golem\n|-damage|p2a: Golem|90/300\n|-unboost|p2a: Golem|spa|1\n|move|p2a: Golem|Double-Edge|p1a: Florges\n|-damage|p1a: Florges|0 fnt\n|faint|p1a: Florges\n|-damage|p2a: Golem|9/300|[from] Recoil\n|\n|upkeep\n|\n|t:|1783561237\n|switch|p1a: Charizard|Charizard, L85, M, tera:Dragon|21/100\n|turn|25\n|inactive|Time left: 300 sec this turn | 300 sec total\n|\n|t:|1783561237\n|switch|p2a: Basculegion|Basculegion, L80, M|152/323 brn\n|move|p1a: Charizard|Flamethrower|p2a: Basculegion\n|-resisted|p2a: Basculegion\n|-damage|p2a: Basculegion|86/323 brn\n|\n|-damage|p2a: Basculegion|66/323 brn|[from] brn\n|upkeep\n|turn|26\n|inactive|Time left: 300 sec this turn | 300 sec total\n|\n|t:|1783561239\n|move|p1a: Charizard|Hurricane|p2a: Basculegion\n|-crit|p2a: Basculegion\n|-damage|p2a: Basculegion|0 fnt\n|faint|p2a: Basculegion\n|\n|upkeep\n|inactive|Time left: 300 sec this turn | 300 sec total | 5 sec grace\n|\n|t:|1783561240\n|switch|p2a: Pikachu|Pikachu-Unova, L93, M|216/216\n|turn|27\n|inactive|Time left: 300 sec this turn | 300 sec total\n|\n|t:|1783561241\n|switch|p1a: Urshifu|Urshifu, L74, F|100/100\n|move|p2a: Pikachu|Volt Tackle|p1a: Urshifu\n|-damage|p1a: Urshifu|25/100\n|-damage|p2a: Pikachu|148/216|[from] Recoil\n|\n|upkeep\n|turn|28\n|inactive|Time left: 300 sec this turn | 300 sec total\n|\n|t:|1783561242\n|-terastallize|p2a: Pikachu|Water\n|move|p2a: Pikachu|Volt Tackle|p1a: Urshifu\n|-damage|p1a: Urshifu|0 fnt\n|faint|p1a: Urshifu\n|-damage|p2a: Pikachu|127/216|[from] Recoil\n|\n|upkeep\n|\n|t:|1783561243\n|switch|p1a: Charizard|Charizard, L85, M, tera:Dragon|21/100\n|turn|29\n|inactive|Time left: 300 sec this turn | 300 sec total\n|\n|t:|1783561243\n|move|p2a: Pikachu|Volt Tackle|p1a: Charizard\n|-resisted|p1a: Charizard\n|-damage|p1a: Charizard|0 fnt\n|faint|p1a: Charizard\n|-damage|p2a: Pikachu|109/216|[from] Recoil\n|\n|win|p0y18975d24", "uploadtime": 1783561243, "views": 0, "rating": 0, "private": 0, "password": null, "_winner": "p0y18975d24", "_our_name": "p0y18975d24"}