{"id": "battle-gen9randombattle-643", "formatid": "gen9randombattle", "format": "[Gen 9] Random Battle", "players": ["p0x6436148", "p0y6436aba"], "log": "|init|battle\n|title|p0x6436148 vs. p0y6436aba\n|j|\u2606p0x6436148\n|j|\u2606p0y6436aba\n|t:|1783546571\n|gametype|singles\n|player|p1|p0x6436148|101|\n|player|p2|p0y6436aba|169|\n|gen|9\n|tier|[Gen 9] Random Battle\n|rule|Species Clause: Limit one of each Pok\u00e9mon\n|rule|HP Percentage Mod: HP is shown in percentages\n|rule|Sleep Clause Mod: Limit one foe put to sleep\n|rule|Illusion Level Mod: Illusion disguises the Pok\u00e9mon's true level\n|\n|t:|1783546571\n|teamsize|p1|6\n|teamsize|p2|6\n|start\n|switch|p1a: Hippowdon|Hippowdon, L82, F|311/311\n|switch|p2a: Scizor|Scizor, L79, F|100/100\n|-weather|Sandstorm|[from] ability: Sand Stream|[of] p1a: Hippowdon\n|turn|1\n|inactive|Battle timer is ON: inactive players will automatically lose when time's up. (requested by p0y6436aba)\n|inactive|Time left: 300 sec this turn | 300 sec total | 60 sec grace\n|inactive|p0x6436148 also wants the timer to be on.\n|\n|t:|1783546573\n|move|p2a: Scizor|Swords Dance|p2a: Scizor\n|-boost|p2a: Scizor|atk|2\n|move|p1a: Hippowdon|Earthquake|p2a: Scizor\n|-damage|p2a: Scizor|54/100\n|\n|-weather|Sandstorm|[upkeep]\n|upkeep\n|turn|2\n|inactive|Time left: 300 sec this turn | 300 sec total\n|\n|t:|1783546574\n|move|p2a: Scizor|Bug Bite|p1a: Hippowdon\n|-damage|p1a: Hippowdon|93/311\n|-damage|p2a: Scizor|44/100|[from] item: Life Orb\n|move|p1a: Hippowdon|Earthquake|p2a: Scizor\n|-damage|p2a: Scizor|0 fnt\n|faint|p2a: Scizor\n|\n|-weather|Sandstorm|[upkeep]\n|-heal|p1a: Hippowdon|112/311|[from] item: Leftovers\n|upkeep\n|\n|t:|1783546575\n|switch|p2a: Inteleon|Inteleon, L81, M|100/100\n|turn|3\n|inactive|Time left: 300 sec this turn | 300 sec total\n|\n|t:|1783546576\n|switch|p1a: Ogerpon|Ogerpon-Wellspring, L76, F|247/247\n|move|p2a: Inteleon|Scald|p1a: Ogerpon\n|-immune|p1a: Ogerpon|[from] ability: Water Absorb\n|\n|-weather|Sandstorm|[upkeep]\n|-damage|p2a: Inteleon|94/100|[from] Sandstorm\n|-damage|p1a: Ogerpon|232/247|[from] Sandstorm\n|upkeep\n|turn|4\n|inactive|Time left: 300 sec this turn | 300 sec total\n|\n|t:|1783546577\n|switch|p2a: Virizion|Virizion, L82|100/100\n|move|p1a: Ogerpon|Swords Dance|p1a: Ogerpon\n|-boost|p1a: Ogerpon|atk|2\n|\n|-weather|Sandstorm|[upkeep]\n|-damage|p2a: Virizion|94/100|[from] Sandstorm\n|-damage|p1a: Ogerpon|217/247|[from] Sandstorm\n|upkeep\n|turn|5\n|inactive|Time left: 300 sec this turn | 300 sec total\n|\n|t:|1783546578\n|move|p2a: Virizion|Swords Dance|p2a: Virizion\n|-boost|p2a: Virizion|atk|2\n|move|p1a: Ogerpon|Ivy Cudgel|p2a: Virizion|[anim] Ivy Cudgel Water\n|-resisted|p2a: Virizion\n|-crit|p2a: Virizion\n|-damage|p2a: Virizion|22/100\n|\n|-weather|none\n|upkeep\n|turn|6\n|inactive|Time left: 300 sec this turn | 300 sec total\n|\n|t:|1783546579\n|switch|p1a: Amoonguss|Amoonguss, L82, F|321/321\n|move|p2a: Virizion|Close Combat|p1a: Amoonguss\n|-resisted|p1a: Amoonguss\n|-damage|p1a: Amoonguss|129/321\n|-unboost|p2a: Virizion|def|1\n|-unboost|p2a: Virizion|spd|1\n|-damage|p2a: Virizion|13/100|[from] item: Life Orb\n|\n|-heal|p1a: Amoonguss|149/321|[from] item: Leftovers\n|upkeep\n|turn|7\n|inactive|Time left: 300 sec this turn | 300 sec total\n|\n|t:|1783546580\n|switch|p1a: Hippowdon|Hippowdon, L82, F|112/311\n|-weather|Sandstorm|[from] ability: Sand Stream|[of] p1a: Hippowdon\n|move|p2a: Virizion|Close Combat|p1a: Hippowdon\n|-damage|p1a: Hippowdon|0 fnt\n|-unboost|p2a: Virizion|def|1\n|-unboost|p2a: Virizion|spd|1\n|faint|p1a: Hippowdon\n|-damage|p2a: Virizion|3/100|[from] item: Life Orb\n|\n|-weather|Sandstorm|[upkeep]\n|-damage|p2a: Virizion|0 fnt|[from] Sandstorm\n|faint|p2a: Virizion\n|upkeep\n|inactive|Time left: 300 sec this turn | 300 sec total | 5 sec grace\n|\n|t:|1783546581\n|switch|p2a: Malamar|Malamar, L82, F|100/100\n|switch|p1a: Ogerpon|Ogerpon-Wellspring, L76, F|217/247\n|turn|8\n|inactive|Time left: 300 sec this turn | 300 sec total\n|\n|t:|1783546582\n|-terastallize|p1a: Ogerpon|Water\n|detailschange|p1a: Ogerpon|Ogerpon-Wellspring-Tera, L76, F, tera:Water\n|-ability|p1a: Ogerpon|Embody Aspect (Wellspring)|boost\n|-boost|p1a: Ogerpon|spd|1\n|move|p1a: Ogerpon|Ivy Cudgel|p2a: Malamar|[anim] Ivy Cudgel Water\n|-damage|p2a: Malamar|44/100\n|move|p2a: Malamar|Superpower|p1a: Ogerpon\n|-damage|p1a: Ogerpon|124/247\n|-boost|p2a: Malamar|atk|1\n|-boost|p2a: Malamar|def|1\n|\n|-weather|Sandstorm|[upkeep]\n|-damage|p1a: Ogerpon|109/247|[from] Sandstorm\n|-damage|p2a: Malamar|38/100|[from] Sandstorm\n|upkeep\n|turn|9\n|inactive|Time left: 300 sec this turn | 300 sec total\n|\n|t:|1783546583\n|move|p1a: Ogerpon|Ivy Cudgel|p2a: Malamar|[anim] Ivy Cudgel Water\n|-damage|p2a: Malamar|0 fnt\n|faint|p2a: Malamar\n|\n|-weather|Sandstorm|[upkeep]\n|-damage|p1a: Ogerpon|94/247|[from] Sandstorm\n|upkeep\n|\n|t:|1783546584\n|switch|p2a: Plusle|Plusle, L95, F|100/100\n|turn|10\n|inactive|Time left: 300 sec this turn | 300 sec total\n|\n|t:|1783546585\n|switch|p1a: Amoonguss|Amoonguss, L82, F|256/321\n|move|p2a: Plusle|Thunderbolt|p1a: Amoonguss\n|-resisted|p1a: Amoonguss\n|-damage|p1a: Amoonguss|183/321\n|-damage|p2a: Plusle|91/100|[from] item: Life Orb\n|\n|-weather|Sandstorm|[upkeep]\n|-damage|p2a: Plusle|85/100|[from] Sandstorm\n|-damage|p1a: Amoonguss|163/321|[from] Sandstorm\n|-heal|p1a: Amoonguss|183/321|[from] item: Leftovers\n|upkeep\n|turn|11\n|inactive|Time left: 300 sec this turn | 300 sec total\n|\n|t:|1783546586\n|move|p2a: Plusle|Nasty Plot|p2a: Plusle\n|-boost|p2a: Plusle|spa|2\n|move|p1a: Amoonguss|Spore|p2a: Plusle\n|-status|p2a: Plusle|slp|[from] move: Spore\n|\n|-weather|none\n|-heal|p1a: Amoonguss|203/321|[from] item: Leftovers\n|upkeep\n|turn|12\n|inactive|Time left: 300 sec this turn | 300 sec total\n|\n|t:|1783546587\n|cant|p2a: Plusle|slp\n|move|p1a: Amoonguss|Clear Smog|p2a: Plusle\n|-damage|p2a: Plusle|67/100 slp\n|-clearboost|p2a: Plusle\n|\n|-heal|p1a: Amoonguss|223/321|[from] item: Leftovers\n|upkeep\n|turn|13\n|inactive|Time left: 300 sec this turn | 300 sec total\n|\n|t:|1783546589\n|cant|p2a: Plusle|slp\n|move|p1a: Amoonguss|Giga Drain|p2a: Plusle\n|-damage|p2a: Plusle|40/100 slp\n|-heal|p1a: Amoonguss|259/321|[from] drain|[of] p2a: Plusle\n|\n|-heal|p1a: Amoonguss|279/321|[from] item: Leftovers\n|upkeep\n|turn|14\n|inactive|Time left: 300 sec this turn | 300 sec total\n|\n|t:|1783546590\n|-curestatus|p2a: Plusle|slp|[msg]\n|move|p2a: Plusle|Thunderbolt|p1a: Amoonguss\n|-resisted|p1a: Amoonguss\n|-damage|p1a: Amoonguss|201/321\n|-damage|p2a: Plusle|30/100|[from] item: Life Orb\n|move|p1a: Amoonguss|Sludge Bomb|p2a: Plusle\n|-damage|p2a: Plusle|1/100\n|-status|p2a: Plusle|psn\n|\n|-heal|p1a: Amoonguss|221/321|[from] item: Leftovers\n|-damage|p2a: Plusle|0 fnt|[from] psn\n|faint|p2a: Plusle\n|upkeep\n|\n|t:|1783546591\n|switch|p2a: Inteleon|Inteleon, L81, M|94/100\n|turn|15\n|inactive|Time left: 300 sec this turn | 300 sec total\n|\n|t:|1783546592\n|switch|p1a: Tentacruel|Tentacruel, L84, M|272/272\n|move|p2a: Inteleon|Ice Beam|p1a: Tentacruel\n|-resisted|p1a: Tentacruel\n|-damage|p1a: Tentacruel|244/272\n|\n|upkeep\n|turn|16\n|inactive|Time left: 300 sec this turn | 300 sec total\n|\n|t:|1783546593\n|move|p2a: Inteleon|Ice Beam|p1a: Tentacruel\n|-resisted|p1a: Tentacruel\n|-damage|p1a: Tentacruel|214/272\n|move|p1a: Tentacruel|Sludge Bomb|p2a: Inteleon\n|-damage|p2a: Inteleon|52/100\n|\n|upkeep\n|turn|17\n|inactive|Time left: 300 sec this turn | 300 sec total\n|\n|t:|1783546594\n|move|p2a: Inteleon|Ice Beam|p1a: Tentacruel\n|-resisted|p1a: Tentacruel\n|-crit|p1a: Tentacruel\n|-damage|p1a: Tentacruel|172/272\n|-status|p1a: Tentacruel|frz\n|-curestatus|p1a: Tentacruel|frz|[msg]\n|move|p1a: Tentacruel|Sludge Bomb|p2a: Inteleon\n|-damage|p2a: Inteleon|7/100\n|-status|p2a: Inteleon|psn\n|\n|-damage|p2a: Inteleon|0 fnt|[from] psn\n|faint|p2a: Inteleon\n|upkeep\n|\n|t:|1783546595\n|switch|p2a: Bellibolt|Bellibolt, L84, M|100/100\n|turn|18\n|inactive|Time left: 300 sec this turn | 300 sec total\n|\n|t:|1783546596\n|switch|p1a: Amoonguss|Amoonguss, L82, F|321/321\n|move|p2a: Bellibolt|Thunderbolt|p1a: Amoonguss\n|-resisted|p1a: Amoonguss\n|-damage|p1a: Amoonguss|264/321\n|\n|-heal|p1a: Amoonguss|284/321|[from] item: Leftovers\n|upkeep\n|turn|19\n|inactive|Time left: 300 sec this turn | 300 sec total\n|\n|t:|1783546597\n|move|p2a: Bellibolt|Thunderbolt|p1a: Amoonguss\n|-resisted|p1a: Amoonguss\n|-damage|p1a: Amoonguss|230/321\n|move|p1a: Amoonguss|Spore|p2a: Bellibolt\n|-status|p2a: Bellibolt|slp|[from] move: Spore\n|\n|-heal|p1a: Amoonguss|250/321|[from] item: Leftovers\n|upkeep\n|turn|20\n|inactive|Time left: 300 sec this turn | 300 sec total\n|\n|t:|1783546598\n|switch|p1a: Ogerpon|Ogerpon-Wellspring-Tera, L76, F, tera:Water|94/247\n|-ability|p1a: Ogerpon|Embody Aspect (Wellspring)|boost\n|-boost|p1a: Ogerpon|spd|1\n|cant|p2a: Bellibolt|slp\n|\n|upkeep\n|turn|21\n|inactive|Time left: 300 sec this turn | 300 sec total\n|\n|t:|1783546599\n|move|p1a: Ogerpon|Swords Dance|p1a: Ogerpon\n|-boost|p1a: Ogerpon|atk|2\n|cant|p2a: Bellibolt|slp\n|\n|upkeep\n|turn|22\n|inactive|Time left: 300 sec this turn | 300 sec total\n|\n|t:|1783546600\n|move|p1a: Ogerpon|Ivy Cudgel|p2a: Bellibolt|[anim] Ivy Cudgel Water\n|-crit|p2a: Bellibolt\n|-damage|p2a: Bellibolt|0 fnt\n|faint|p2a: Bellibolt\n|\n|win|p0x6436148", "uploadtime": 1783546600, "views": 0, "rating": 0, "private": 0, "password": null, "_winner": "p0x6436148", "_our_name": "p0x6436148"}