{"id": "battle-gen9randombattle-672", "formatid": "gen9randombattle", "format": "[Gen 9] Random Battle", "players": ["p0x67206af", "p0y6724c95"], "log": "|init|battle\n|title|p0x67206af vs. p0y6724c95\n|j|\u2606p0x67206af\n|j|\u2606p0y6724c95\n|t:|1783546919\n|gametype|singles\n|player|p1|p0x67206af|2|\n|player|p2|p0y6724c95|1|\n|gen|9\n|tier|[Gen 9] Random Battle\n|rule|Species Clause: Limit one of each Pok\u00e9mon\n|rule|HP Percentage Mod: HP is shown in percentages\n|rule|Sleep Clause Mod: Limit one foe put to sleep\n|rule|Illusion Level Mod: Illusion disguises the Pok\u00e9mon's true level\n|\n|t:|1783546919\n|teamsize|p1|6\n|teamsize|p2|6\n|start\n|switch|p1a: Tropius|Tropius, L91, F|328/328\n|switch|p2a: Rayquaza|Rayquaza, L72|100/100\n|-ability|p2a: Rayquaza|Air Lock\n|turn|1\n|inactive|Battle timer is ON: inactive players will automatically lose when time's up. (requested by p0x67206af)\n|inactive|p0y6724c95 also wants the timer to be on.\n|\n|t:|1783546920\n|move|p2a: Rayquaza|Swords Dance|p2a: Rayquaza\n|-boost|p2a: Rayquaza|atk|2\n|move|p1a: Tropius|Leech Seed|p2a: Rayquaza\n|-start|p2a: Rayquaza|move: Leech Seed\n|\n|-damage|p2a: Rayquaza|88/100|[from] Leech Seed|[of] p1a: Tropius\n|upkeep\n|turn|2\n|inactive|Time left: 300 sec this turn | 300 sec total\n|\n|t:|1783546921\n|move|p1a: Tropius|Protect|p1a: Tropius\n|-singleturn|p1a: Tropius|Protect\n|move|p2a: Rayquaza|Dragon Ascent|p1a: Tropius\n|-activate|p1a: Tropius|move: Protect\n|\n|-damage|p2a: Rayquaza|76/100|[from] Leech Seed|[of] p1a: Tropius\n|upkeep\n|turn|3\n|inactive|Time left: 300 sec this turn | 300 sec total\n|\n|t:|1783546923\n|-terastallize|p1a: Tropius|Steel\n|move|p2a: Rayquaza|Dragon Ascent|p1a: Tropius\n|-resisted|p1a: Tropius\n|-damage|p1a: Tropius|199/328\n|-unboost|p2a: Rayquaza|def|1\n|-unboost|p2a: Rayquaza|spd|1\n|move|p1a: Tropius|Air Slash|p2a: Rayquaza\n|-damage|p2a: Rayquaza|26/100\n|\n|-damage|p2a: Rayquaza|13/100|[from] Leech Seed|[of] p1a: Tropius\n|-heal|p1a: Tropius|232/328|[silent]\n|upkeep\n|turn|4\n|inactive|Time left: 300 sec this turn | 300 sec total\n|\n|t:|1783546924\n|move|p1a: Tropius|Protect|p1a: Tropius\n|-singleturn|p1a: Tropius|Protect\n|move|p2a: Rayquaza|Earthquake|p1a: Tropius\n|-activate|p1a: Tropius|move: Protect\n|\n|-damage|p2a: Rayquaza|1/100|[from] Leech Seed|[of] p1a: Tropius\n|-heal|p1a: Tropius|265/328|[silent]\n|upkeep\n|turn|5\n|inactive|Time left: 300 sec this turn | 300 sec total\n|\n|t:|1783546925\n|switch|p1a: Yanmega|Yanmega, L82, M|275/275\n|move|p2a: Rayquaza|Earthquake|p1a: Yanmega\n|-immune|p1a: Yanmega\n|\n|-damage|p2a: Rayquaza|0 fnt|[from] Leech Seed|[of] p1a: Yanmega\n|faint|p2a: Rayquaza\n|upkeep\n|\n|t:|1783546926\n|switch|p2a: Gardevoir|Gardevoir, L83, F|100/100\n|-ability|p2a: Gardevoir|Speed Boost|Trace|[from] ability: Trace|[of] p1a: Yanmega\n|turn|6\n|inactive|Time left: 300 sec this turn | 300 sec total\n|\n|t:|1783546928\n|move|p1a: Yanmega|Protect|p1a: Yanmega\n|-singleturn|p1a: Yanmega|Protect\n|move|p2a: Gardevoir|Calm Mind|p2a: Gardevoir\n|-boost|p2a: Gardevoir|spa|1\n|-boost|p2a: Gardevoir|spd|1\n|\n|-ability|p1a: Yanmega|Speed Boost|boost\n|-boost|p1a: Yanmega|spe|1\n|-ability|p2a: Gardevoir|Speed Boost|boost\n|-boost|p2a: Gardevoir|spe|1\n|upkeep\n|turn|7\n|inactive|Time left: 300 sec this turn | 300 sec total\n|\n|t:|1783546928\n|move|p1a: Yanmega|Air Slash|p2a: Gardevoir\n|-damage|p2a: Gardevoir|81/100\n|move|p2a: Gardevoir|Moonblast|p1a: Yanmega\n|-damage|p1a: Yanmega|0 fnt\n|faint|p1a: Yanmega\n|-damage|p2a: Gardevoir|71/100|[from] item: Life Orb\n|\n|-ability|p2a: Gardevoir|Speed Boost|boost\n|-boost|p2a: Gardevoir|spe|1\n|upkeep\n|inactive|Time left: 300 sec this turn | 300 sec total | 5 sec grace\n|\n|t:|1783546930\n|switch|p1a: Banette|Banette, L93, M|270/270\n|turn|8\n|inactive|Time left: 300 sec this turn | 300 sec total\n|\n|t:|1783546931\n|-terastallize|p2a: Gardevoir|Fairy\n|move|p1a: Banette|Shadow Sneak|p2a: Gardevoir\n|-damage|p2a: Gardevoir|32/100\n|-damage|p1a: Banette|243/270|[from] item: Life Orb\n|move|p2a: Gardevoir|Moonblast|p1a: Banette\n|-damage|p1a: Banette|0 fnt\n|faint|p1a: Banette\n|-damage|p2a: Gardevoir|23/100|[from] item: Life Orb\n|\n|-ability|p2a: Gardevoir|Speed Boost|boost\n|-boost|p2a: Gardevoir|spe|1\n|upkeep\n|inactive|Time left: 300 sec this turn | 300 sec total | 5 sec grace\n|\n|t:|1783546932\n|switch|p1a: Tropius|Tropius, L91, F, tera:Steel|265/328\n|turn|9\n|inactive|Time left: 300 sec this turn | 300 sec total\n|\n|t:|1783546933\n|move|p2a: Gardevoir|Focus Blast|p1a: Tropius\n|-supereffective|p1a: Tropius\n|-damage|p1a: Tropius|0 fnt\n|faint|p1a: Tropius\n|-damage|p2a: Gardevoir|13/100|[from] item: Life Orb\n|\n|-ability|p2a: Gardevoir|Speed Boost|boost\n|-boost|p2a: Gardevoir|spe|1\n|upkeep\n|inactive|Time left: 300 sec this turn | 300 sec total | 5 sec grace\n|\n|t:|1783546935\n|switch|p1a: Furret|Furret, L94, M|312/312\n|-item|p2a: Gardevoir|Life Orb|[from] ability: Frisk|[of] p1a: Furret\n|turn|10\n|inactive|Time left: 300 sec this turn | 300 sec total\n|\n|t:|1783546936\n|move|p2a: Gardevoir|Moonblast|p1a: Furret\n|-damage|p1a: Furret|0 fnt\n|faint|p1a: Furret\n|-damage|p2a: Gardevoir|3/100|[from] item: Life Orb\n|\n|-ability|p2a: Gardevoir|Speed Boost|boost\n|-boost|p2a: Gardevoir|spe|1\n|upkeep\n|inactive|Time left: 300 sec this turn | 300 sec total | 5 sec grace\n|\n|t:|1783546937\n|switch|p1a: Terrakion|Terrakion, L79|273/273\n|turn|11\n|inactive|Time left: 300 sec this turn | 300 sec total\n|\n|t:|1783546938\n|move|p2a: Gardevoir|Moonblast|p1a: Terrakion\n|-supereffective|p1a: Terrakion\n|-crit|p1a: Terrakion\n|-damage|p1a: Terrakion|0 fnt\n|faint|p1a: Terrakion\n|-damage|p2a: Gardevoir|0 fnt|[from] item: Life Orb\n|faint|p2a: Gardevoir\n|\n|upkeep\n|inactive|Time left: 300 sec this turn | 300 sec total | 5 sec grace\n|\n|t:|1783546939\n|switch|p1a: Zarude|Zarude, L77|288/288\n|switch|p2a: Mamoswine|Mamoswine, L81, M|100/100\n|turn|12\n|inactive|Time left: 300 sec this turn | 300 sec total\n|\n|t:|1783546940\n|move|p1a: Zarude|Knock Off|p2a: Mamoswine\n|-damage|p2a: Mamoswine|67/100\n|-enditem|p2a: Mamoswine|Choice Band|[from] move: Knock Off|[of] p1a: Zarude\n|move|p2a: Mamoswine|Icicle Crash|p1a: Zarude\n|-supereffective|p1a: Zarude\n|-damage|p1a: Zarude|84/288\n|\n|upkeep\n|turn|13\n|inactive|Time left: 300 sec this turn | 300 sec total\n|\n|t:|1783546941\n|move|p2a: Mamoswine|Ice Shard|p1a: Zarude\n|-supereffective|p1a: Zarude\n|-damage|p1a: Zarude|0 fnt\n|faint|p1a: Zarude\n|\n|win|p0y6724c95", "uploadtime": 1783546941, "views": 0, "rating": 0, "private": 0, "password": null, "_winner": "p0y6724c95", "_our_name": "p0x67206af"}