{"id": "battle-gen9randombattle-1312", "formatid": "gen9randombattle", "format": "[Gen 9] Random Battle", "players": ["p0x1312ee7c", "p0y1312c9d3"], "log": "|init|battle\n|title|p0x1312ee7c vs. p0y1312c9d3\n|j|\u2606p0x1312ee7c\n|j|\u2606p0y1312c9d3\n|t:|1783555237\n|gametype|singles\n|player|p1|p0x1312ee7c|2|\n|player|p2|p0y1312c9d3|266|\n|gen|9\n|tier|[Gen 9] Random Battle\n|rule|Species Clause: Limit one of each Pok\u00e9mon\n|rule|HP Percentage Mod: HP is shown in percentages\n|rule|Sleep Clause Mod: Limit one foe put to sleep\n|rule|Illusion Level Mod: Illusion disguises the Pok\u00e9mon's true level\n|\n|t:|1783555237\n|teamsize|p1|6\n|teamsize|p2|6\n|start\n|switch|p1a: Archaludon|Archaludon, L78, M|100/100\n|switch|p2a: Registeel|Registeel, L81|262/262\n|turn|1\n|inactive|Battle timer is ON: inactive players will automatically lose when time's up. (requested by p0y1312c9d3)\n|inactive|p0x1312ee7c also wants the timer to be on.\n|\n|t:|1783555238\n|switch|p2a: Luxray|Luxray, L88, F|283/283\n|move|p1a: Archaludon|Swords Dance|p1a: Archaludon\n|-boost|p1a: Archaludon|atk|2\n|\n|-status|p2a: Luxray|brn|[from] item: Flame Orb\n|upkeep\n|turn|2\n|inactive|Time left: 300 sec this turn | 300 sec total\n|\n|t:|1783555240\n|switch|p2a: Stantler|Stantler, L92, F|284/284\n|-ability|p2a: Stantler|Intimidate|boost\n|-unboost|p1a: Archaludon|atk|1\n|move|p1a: Archaludon|Outrage|p2a: Stantler\n|-damage|p2a: Stantler|157/284\n|\n|upkeep\n|turn|3\n|inactive|Time left: 300 sec this turn | 300 sec total\n|\n|t:|1783555241\n|-terastallize|p2a: Stantler|Fairy\n|move|p2a: Stantler|Calm Mind|p2a: Stantler\n|-boost|p2a: Stantler|spa|1\n|-boost|p2a: Stantler|spd|1\n|move|p1a: Archaludon|Outrage|p2a: Stantler|[from] lockedmove\n|-immune|p2a: Stantler\n|-start|p1a: Archaludon|confusion|[fatigue]\n|-enditem|p1a: Archaludon|Lum Berry|[eat]\n|-end|p1a: Archaludon|confusion\n|\n|upkeep\n|turn|4\n|inactive|Time left: 300 sec this turn | 300 sec total\n|\n|t:|1783555242\n|move|p2a: Stantler|Earth Power|p1a: Archaludon\n|-supereffective|p1a: Archaludon\n|-damage|p1a: Archaludon|0 fnt\n|faint|p1a: Archaludon\n|\n|upkeep\n|\n|t:|1783555243\n|switch|p1a: Feraligatr|Feraligatr, L79, M|100/100\n|turn|5\n|inactive|Time left: 300 sec this turn | 300 sec total\n|\n|t:|1783555244\n|move|p2a: Stantler|Tera Blast|p1a: Feraligatr|[anim] Tera Blast Fairy\n|-damage|p1a: Feraligatr|48/100\n|move|p1a: Feraligatr|Dragon Dance|p1a: Feraligatr\n|-boost|p1a: Feraligatr|atk|1\n|-boost|p1a: Feraligatr|spe|1\n|\n|upkeep\n|turn|6\n|inactive|Time left: 300 sec this turn | 300 sec total\n|\n|t:|1783555245\n|switch|p2a: Tatsugiri|Tatsugiri, L87, M|260/260\n|move|p1a: Feraligatr|Liquidation|p2a: Tatsugiri\n|-ability|p2a: Tatsugiri|Storm Drain|boost\n|-boost|p2a: Tatsugiri|spa|1\n|\n|upkeep\n|turn|7\n|inactive|Time left: 300 sec this turn | 300 sec total\n|\n|t:|1783555246\n|-terastallize|p1a: Feraligatr|Dark\n|move|p1a: Feraligatr|Crunch|p2a: Tatsugiri\n|-damage|p2a: Tatsugiri|9/260\n|move|p2a: Tatsugiri|Hydro Pump|p1a: Feraligatr\n|-damage|p1a: Feraligatr|0 fnt\n|faint|p1a: Feraligatr\n|\n|upkeep\n|\n|t:|1783555247\n|switch|p1a: Delphox|Delphox, L84, F|100/100\n|turn|8\n|inactive|Time left: 300 sec this turn | 300 sec total\n|\n|t:|1783555248\n|move|p1a: Delphox|Psyshock|p2a: Tatsugiri\n|-damage|p2a: Tatsugiri|0 fnt\n|faint|p2a: Tatsugiri\n|\n|upkeep\n|inactive|Time left: 300 sec this turn | 300 sec total | 5 sec grace\n|\n|t:|1783555249\n|switch|p2a: Luxray|Luxray, L88, F|283/283 brn\n|turn|9\n|inactive|Time left: 300 sec this turn | 300 sec total\n|\n|t:|1783555250\n|move|p1a: Delphox|Fire Blast|p2a: Luxray\n|-damage|p2a: Luxray|148/283 brn\n|move|p2a: Luxray|Facade|p1a: Delphox\n|-damage|p1a: Delphox|20/100\n|\n|-damage|p2a: Luxray|131/283 brn|[from] brn\n|upkeep\n|turn|10\n|inactive|Time left: 300 sec this turn | 300 sec total\n|\n|t:|1783555251\n|switch|p2a: Stantler|Stantler, L92, F, tera:Fairy|157/284\n|-ability|p2a: Stantler|Intimidate|boost\n|-unboost|p1a: Delphox|atk|1\n|move|p1a: Delphox|Fire Blast|p2a: Stantler|[miss]\n|-miss|p1a: Delphox|p2a: Stantler\n|\n|upkeep\n|turn|11\n|inactive|Time left: 300 sec this turn | 300 sec total\n|\n|t:|1783555252\n|move|p1a: Delphox|Fire Blast|p2a: Stantler\n|-damage|p2a: Stantler|4/284\n|move|p2a: Stantler|Shadow Ball|p1a: Delphox\n|-supereffective|p1a: Delphox\n|-damage|p1a: Delphox|0 fnt\n|faint|p1a: Delphox\n|\n|upkeep\n|\n|t:|1783555253\n|switch|p1a: Lilligant|Lilligant, L86, F|100/100\n|turn|12\n|inactive|Time left: 300 sec this turn | 300 sec total\n|\n|t:|1783555254\n|move|p2a: Stantler|Tera Blast|p1a: Lilligant|[anim] Tera Blast Fairy\n|-damage|p1a: Lilligant|58/100\n|move|p1a: Lilligant|Quiver Dance|p1a: Lilligant\n|-boost|p1a: Lilligant|spa|1\n|-boost|p1a: Lilligant|spd|1\n|-boost|p1a: Lilligant|spe|1\n|\n|upkeep\n|turn|13\n|inactive|Time left: 300 sec this turn | 300 sec total\n|\n|t:|1783555255\n|move|p1a: Lilligant|Quiver Dance|p1a: Lilligant\n|-boost|p1a: Lilligant|spa|1\n|-boost|p1a: Lilligant|spd|1\n|-boost|p1a: Lilligant|spe|1\n|move|p2a: Stantler|Tera Blast|p1a: Lilligant|[anim] Tera Blast Fairy\n|-damage|p1a: Lilligant|16/100\n|\n|upkeep\n|turn|14\n|inactive|Time left: 300 sec this turn | 300 sec total\n|\n|t:|1783555255\n|move|p1a: Lilligant|Sleep Powder|p2a: Stantler\n|-status|p2a: Stantler|slp|[from] move: Sleep Powder\n|cant|p2a: Stantler|slp\n|\n|upkeep\n|turn|15\n|inactive|Time left: 300 sec this turn | 300 sec total\n|\n|t:|1783555256\n|switch|p2a: Registeel|Registeel, L81|262/262\n|move|p1a: Lilligant|Giga Drain|p2a: Registeel\n|-resisted|p2a: Registeel\n|-damage|p2a: Registeel|188/262\n|-heal|p1a: Lilligant|30/100|[from] drain|[of] p2a: Registeel\n|-damage|p1a: Lilligant|20/100|[from] item: Life Orb\n|\n|-heal|p2a: Registeel|204/262|[from] item: Leftovers\n|upkeep\n|turn|16\n|inactive|Time left: 300 sec this turn | 300 sec total\n|\n|t:|1783555257\n|move|p1a: Lilligant|Giga Drain|p2a: Registeel\n|-resisted|p2a: Registeel\n|-damage|p2a: Registeel|122/262\n|-heal|p1a: Lilligant|36/100|[from] drain|[of] p2a: Registeel\n|-damage|p1a: Lilligant|26/100|[from] item: Life Orb\n|move|p2a: Registeel|Body Press|p1a: Lilligant\n|-damage|p1a: Lilligant|0 fnt\n|faint|p1a: Lilligant\n|\n|-heal|p2a: Registeel|138/262|[from] item: Leftovers\n|upkeep\n|\n|t:|1783555258\n|switch|p1a: Samurott|Samurott-Hisui, L77, F|100/100\n|turn|17\n|inactive|Time left: 300 sec this turn | 300 sec total\n|\n|t:|1783555259\n|switch|p2a: Stantler|Stantler, L92, F, tera:Fairy|4/284 slp\n|-ability|p2a: Stantler|Intimidate|boost\n|-unboost|p1a: Samurott|atk|1\n|move|p1a: Samurott|Ceaseless Edge|p2a: Stantler\n|-resisted|p2a: Stantler\n|-damage|p2a: Stantler|0 fnt\n|-sidestart|p2: p0y1312c9d3|Spikes\n|faint|p2a: Stantler\n|-damage|p1a: Samurott|91/100|[from] item: Life Orb\n|\n|upkeep\n|inactive|Time left: 300 sec this turn | 300 sec total | 5 sec grace\n|\n|t:|1783555260\n|switch|p2a: Venomoth|Venomoth, L84, F|255/255\n|turn|18\n|inactive|Time left: 300 sec this turn | 300 sec total\n|\n|t:|1783555261\n|switch|p1a: Zebstrika|Zebstrika, L87, M|100/100\n|move|p2a: Venomoth|Bug Buzz|p1a: Zebstrika\n|-damage|p1a: Zebstrika|62/100\n|\n|upkeep\n|turn|19\n|inactive|Time left: 300 sec this turn | 300 sec total\n|\n|t:|1783555262\n|move|p1a: Zebstrika|Overheat|p2a: Venomoth\n|-supereffective|p2a: Venomoth\n|-damage|p2a: Venomoth|18/255\n|-unboost|p1a: Zebstrika|spa|2\n|-damage|p1a: Zebstrika|52/100|[from] item: Life Orb\n|move|p2a: Venomoth|Quiver Dance|p2a: Venomoth\n|-boost|p2a: Venomoth|spa|1\n|-boost|p2a: Venomoth|spd|1\n|-boost|p2a: Venomoth|spe|1\n|\n|upkeep\n|turn|20\n|inactive|Time left: 300 sec this turn | 300 sec total\n|\n|t:|1783555263\n|move|p2a: Venomoth|Bug Buzz|p1a: Zebstrika\n|-damage|p1a: Zebstrika|0 fnt\n|faint|p1a: Zebstrika\n|\n|upkeep\n|\n|t:|1783555264\n|switch|p1a: Samurott|Samurott-Hisui, L77, F|91/100\n|turn|21\n|inactive|Time left: 300 sec this turn | 300 sec total\n|\n|t:|1783555265\n|move|p2a: Venomoth|Bug Buzz|p1a: Samurott\n|-supereffective|p1a: Samurott\n|-damage|p1a: Samurott|0 fnt\n|faint|p1a: Samurott\n|\n|win|p0y1312c9d3", "uploadtime": 1783555265, "views": 0, "rating": 0, "private": 0, "password": null, "_winner": "p0y1312c9d3", "_our_name": "p0y1312c9d3"}