{"id": "battle-gen9randombattle-301", "formatid": "gen9randombattle", "format": "[Gen 9] Random Battle", "players": ["p0x3012711", "p0y301e377"], "log": "|init|battle\n|title|p0x3012711 vs. p0y301e377\n|j|\u2606p0x3012711\n|j|\u2606p0y301e377\n|t:|1783542573\n|gametype|singles\n|player|p1|p0x3012711|1|\n|player|p2|p0y301e377|266|\n|gen|9\n|tier|[Gen 9] Random Battle\n|rule|Species Clause: Limit one of each Pok\u00e9mon\n|rule|HP Percentage Mod: HP is shown in percentages\n|rule|Sleep Clause Mod: Limit one foe put to sleep\n|rule|Illusion Level Mod: Illusion disguises the Pok\u00e9mon's true level\n|\n|t:|1783542573\n|teamsize|p1|6\n|teamsize|p2|6\n|start\n|switch|p1a: Raichu|Raichu, L88, M|100/100\n|switch|p2a: Florges|Florges, L85, F|271/271\n|turn|1\n|inactive|Battle timer is ON: inactive players will automatically lose when time's up. (requested by p0x3012711)\n|inactive|Time left: 300 sec this turn | 300 sec total | 60 sec grace\n|inactive|p0y301e377 also wants the timer to be on.\n|\n|t:|1783542575\n|move|p1a: Raichu|Nasty Plot|p1a: Raichu\n|-boost|p1a: Raichu|spa|2\n|move|p2a: Florges|Moonblast|p1a: Raichu\n|-damage|p1a: Raichu|53/100\n|\n|upkeep\n|turn|2\n|inactive|Time left: 300 sec this turn | 300 sec total\n|\n|t:|1783542576\n|move|p1a: Raichu|Thunderbolt|p2a: Florges\n|-damage|p2a: Florges|94/271\n|-damage|p1a: Raichu|43/100|[from] item: Life Orb\n|move|p2a: Florges|Moonblast|p1a: Raichu\n|-damage|p1a: Raichu|0 fnt\n|faint|p1a: Raichu\n|\n|-heal|p2a: Florges|110/271|[from] item: Leftovers\n|upkeep\n|\n|t:|1783542577\n|switch|p1a: Cinccino|Cinccino, L83, M, shiny|100/100\n|turn|3\n|inactive|Time left: 300 sec this turn | 300 sec total\n|\n|t:|1783542578\n|switch|p2a: Hariyama|Hariyama, L87, M|392/392\n|move|p1a: Cinccino|Bullet Seed|p2a: Hariyama\n|-damage|p2a: Hariyama|360/392\n|-damage|p2a: Hariyama|330/392\n|-damage|p2a: Hariyama|295/392\n|-damage|p2a: Hariyama|262/392\n|-hitcount|p2a: Hariyama|4\n|\n|-status|p2a: Hariyama|brn|[from] item: Flame Orb\n|upkeep\n|turn|4\n|inactive|Time left: 300 sec this turn | 300 sec total\n|\n|t:|1783542579\n|switch|p1a: Pecharunt|Pecharunt, L77|100/100\n|move|p2a: Hariyama|Close Combat|p1a: Pecharunt\n|-immune|p1a: Pecharunt\n|\n|-damage|p2a: Hariyama|238/392 brn|[from] brn\n|upkeep\n|turn|5\n|inactive|Time left: 300 sec this turn | 300 sec total\n|\n|t:|1783542580\n|move|p1a: Pecharunt|Nasty Plot|p1a: Pecharunt\n|-boost|p1a: Pecharunt|spa|2\n|move|p2a: Hariyama|Knock Off|p1a: Pecharunt\n|-supereffective|p1a: Pecharunt\n|-damage|p1a: Pecharunt|32/100\n|-enditem|p1a: Pecharunt|Leftovers|[from] move: Knock Off|[of] p2a: Hariyama\n|\n|-damage|p2a: Hariyama|214/392 brn|[from] brn\n|upkeep\n|turn|6\n|inactive|Time left: 300 sec this turn | 300 sec total\n|\n|t:|1783542581\n|move|p1a: Pecharunt|Malignant Chain|p2a: Hariyama\n|-damage|p2a: Hariyama|0 fnt\n|faint|p2a: Hariyama\n|\n|upkeep\n|inactive|Time left: 300 sec this turn | 300 sec total | 5 sec grace\n|\n|t:|1783542582\n|switch|p2a: Hoopa|Hoopa-Unbound, L80|259/259\n|turn|7\n|inactive|Time left: 300 sec this turn | 300 sec total\n|\n|t:|1783542584\n|move|p1a: Pecharunt|Malignant Chain|p2a: Hoopa\n|-damage|p2a: Hoopa|126/259\n|-status|p2a: Hoopa|tox\n|-start|p2a: Hoopa|confusion|[from] ability: Poison Puppeteer|[of] p1a: Pecharunt\n|-activate|p2a: Hoopa|confusion\n|-damage|p2a: Hoopa|71/259 tox|[from] confusion\n|\n|-damage|p2a: Hoopa|55/259 tox|[from] psn\n|upkeep\n|turn|8\n|inactive|Time left: 300 sec this turn | 300 sec total\n|\n|t:|1783542585\n|move|p1a: Pecharunt|Malignant Chain|p2a: Hoopa\n|-damage|p2a: Hoopa|0 fnt\n|faint|p2a: Hoopa\n|\n|upkeep\n|inactive|Time left: 300 sec this turn | 300 sec total | 5 sec grace\n|\n|t:|1783542586\n|switch|p2a: Lapras|Lapras, L87, F|367/367\n|turn|9\n|inactive|Time left: 300 sec this turn | 300 sec total\n|\n|t:|1783542587\n|move|p1a: Pecharunt|Recover|p1a: Pecharunt\n|-heal|p1a: Pecharunt|82/100\n|move|p2a: Lapras|Dragon Dance|p2a: Lapras\n|-boost|p2a: Lapras|atk|1\n|-boost|p2a: Lapras|spe|1\n|\n|upkeep\n|turn|10\n|inactive|Time left: 300 sec this turn | 300 sec total\n|\n|t:|1783542588\n|move|p2a: Lapras|Dragon Dance|p2a: Lapras\n|-boost|p2a: Lapras|atk|1\n|-boost|p2a: Lapras|spe|1\n|move|p1a: Pecharunt|Recover|p1a: Pecharunt\n|-heal|p1a: Pecharunt|100/100\n|\n|upkeep\n|turn|11\n|inactive|Time left: 300 sec this turn | 300 sec total\n|\n|t:|1783542589\n|move|p2a: Lapras|Icicle Spear|p1a: Pecharunt\n|-damage|p1a: Pecharunt|87/100\n|-damage|p1a: Pecharunt|74/100\n|-damage|p1a: Pecharunt|61/100\n|-damage|p1a: Pecharunt|47/100\n|-damage|p1a: Pecharunt|33/100\n|-hitcount|p1a: Pecharunt|5\n|move|p1a: Pecharunt|Malignant Chain|p2a: Lapras\n|-damage|p2a: Lapras|226/367\n|-status|p2a: Lapras|tox\n|-start|p2a: Lapras|confusion|[from] ability: Poison Puppeteer|[of] p1a: Pecharunt\n|\n|-damage|p2a: Lapras|204/367 tox|[from] psn\n|upkeep\n|turn|12\n|inactive|Time left: 300 sec this turn | 300 sec total\n|\n|t:|1783542590\n|-activate|p2a: Lapras|confusion\n|move|p2a: Lapras|Waterfall|p1a: Pecharunt\n|-damage|p1a: Pecharunt|0 fnt\n|faint|p1a: Pecharunt\n|\n|-damage|p2a: Lapras|160/367 tox|[from] psn\n|upkeep\n|\n|t:|1783542590\n|switch|p1a: Floatzel|Floatzel, L86, M|100/100\n|turn|13\n|inactive|Time left: 300 sec this turn | 300 sec total\n|\n|t:|1783542591\n|-activate|p2a: Lapras|confusion\n|move|p2a: Lapras|Icicle Spear|p1a: Floatzel\n|-resisted|p1a: Floatzel\n|-damage|p1a: Floatzel|89/100\n|-resisted|p1a: Floatzel\n|-damage|p1a: Floatzel|75/100\n|-resisted|p1a: Floatzel\n|-damage|p1a: Floatzel|62/100\n|-resisted|p1a: Floatzel\n|-damage|p1a: Floatzel|51/100\n|-resisted|p1a: Floatzel\n|-damage|p1a: Floatzel|40/100\n|-hitcount|p1a: Floatzel|5\n|move|p1a: Floatzel|Ice Spinner|p2a: Lapras\n|-resisted|p2a: Lapras\n|-damage|p2a: Lapras|143/367 tox\n|\n|-heal|p1a: Floatzel|46/100|[from] item: Leftovers\n|-damage|p2a: Lapras|77/367 tox|[from] psn\n|upkeep\n|turn|14\n|inactive|Time left: 300 sec this turn | 300 sec total\n|\n|t:|1783542592\n|-end|p2a: Lapras|confusion\n|move|p2a: Lapras|Icicle Spear|p1a: Floatzel\n|-resisted|p1a: Floatzel\n|-damage|p1a: Floatzel|33/100\n|-resisted|p1a: Floatzel\n|-damage|p1a: Floatzel|20/100\n|-resisted|p1a: Floatzel\n|-damage|p1a: Floatzel|7/100\n|-resisted|p1a: Floatzel\n|-damage|p1a: Floatzel|0 fnt\n|faint|p1a: Floatzel\n|-hitcount|p1: Floatzel|4\n|\n|-damage|p2a: Lapras|0 fnt|[from] psn\n|faint|p2a: Lapras\n|upkeep\n|inactive|Time left: 300 sec this turn | 300 sec total | 5 sec grace\n|\n|t:|1783542593\n|switch|p1a: Cinccino|Cinccino, L83, M, shiny|100/100\n|switch|p2a: Hitmontop|Hitmontop, L88, M|231/231\n|turn|15\n|inactive|Time left: 300 sec this turn | 300 sec total\n|\n|t:|1783542594\n|move|p1a: Cinccino|Tail Slap|p2a: Hitmontop|[miss]\n|-miss|p1a: Cinccino|p2a: Hitmontop\n|move|p2a: Hitmontop|Bulk Up|p2a: Hitmontop\n|-boost|p2a: Hitmontop|atk|1\n|-boost|p2a: Hitmontop|def|1\n|\n|upkeep\n|turn|16\n|inactive|Time left: 300 sec this turn | 300 sec total\n|\n|t:|1783542595\n|move|p1a: Cinccino|Tail Slap|p2a: Hitmontop\n|-damage|p2a: Hitmontop|206/231\n|-damage|p2a: Hitmontop|179/231\n|-damage|p2a: Hitmontop|154/231\n|-damage|p2a: Hitmontop|129/231\n|-hitcount|p2a: Hitmontop|4\n|move|p2a: Hitmontop|Triple Axel|p1a: Cinccino\n|-damage|p1a: Cinccino|83/100\n|-damage|p1a: Cinccino|48/100\n|-damage|p1a: Cinccino|0 fnt\n|faint|p1a: Cinccino\n|-hitcount|p1: Cinccino|3\n|\n|-heal|p2a: Hitmontop|143/231|[from] item: Leftovers\n|upkeep\n|\n|t:|1783542596\n|switch|p1a: Skuntank|Skuntank, L84, F|100/100\n|turn|17\n|inactive|Time left: 300 sec this turn | 300 sec total\n|\n|t:|1783542597\n|move|p1a: Skuntank|Gunk Shot|p2a: Hitmontop\n|-damage|p2a: Hitmontop|42/231\n|-status|p2a: Hitmontop|psn\n|-damage|p1a: Skuntank|90/100|[from] item: Life Orb\n|move|p2a: Hitmontop|Rapid Spin|p1a: Skuntank\n|-damage|p1a: Skuntank|59/100\n|-boost|p2a: Hitmontop|spe|1\n|\n|-heal|p2a: Hitmontop|56/231 psn|[from] item: Leftovers\n|-damage|p2a: Hitmontop|28/231 psn|[from] psn\n|upkeep\n|turn|18\n|inactive|Time left: 300 sec this turn | 300 sec total\n|\n|t:|1783542599\n|move|p2a: Hitmontop|Triple Axel|p1a: Skuntank\n|-damage|p1a: Skuntank|46/100\n|-damage|p1a: Skuntank|16/100\n|-damage|p1a: Skuntank|0 fnt\n|-damage|p2a: Hitmontop|0 fnt|[from] ability: Aftermath|[of] p1a: Skuntank\n|faint|p1a: Skuntank\n|faint|p2a: Hitmontop\n|-hitcount|p1: Skuntank|3\n|\n|upkeep\n|inactive|Time left: 300 sec this turn | 300 sec total | 5 sec grace\n|\n|t:|1783542600\n|switch|p1a: Honchkrow|Honchkrow, L86, M|100/100\n|switch|p2a: Florges|Florges, L85, F|110/271\n|turn|19\n|inactive|Time left: 300 sec this turn | 300 sec total\n|\n|t:|1783542601\n|-terastallize|p1a: Honchkrow|Flying\n|move|p2a: Florges|Moonblast|p1a: Honchkrow\n|-damage|p1a: Honchkrow|45/100\n|move|p1a: Honchkrow|Heat Wave|p2a: Florges\n|-damage|p2a: Florges|65/271\n|\n|-heal|p2a: Florges|81/271|[from] item: Leftovers\n|upkeep\n|turn|20\n|inactive|Time left: 300 sec this turn | 300 sec total\n|\n|t:|1783542602\n|move|p1a: Honchkrow|Sucker Punch|p2a: Florges\n|-resisted|p2a: Florges\n|-damage|p2a: Florges|29/271\n|move|p2a: Florges|Moonblast|p1a: Honchkrow\n|-damage|p1a: Honchkrow|0 fnt\n|faint|p1a: Honchkrow\n|\n|win|p0y301e377", "uploadtime": 1783542602, "views": 0, "rating": 0, "private": 0, "password": null, "_winner": "p0y301e377", "_our_name": "p0y301e377"}