{"id": "battle-gen9randombattle-2479", "formatid": "gen9randombattle", "format": "[Gen 9] Random Battle", "players": ["p0x2479010c", "p0y247930fc"], "log": "|init|battle\n|title|p0x2479010c vs. p0y247930fc\n|j|\u2606p0x2479010c\n|j|\u2606p0y247930fc\n|t:|1783567784\n|gametype|singles\n|player|p1|p0x2479010c|169|\n|player|p2|p0y247930fc|101|\n|gen|9\n|tier|[Gen 9] Random Battle\n|rule|Species Clause: Limit one of each Pok\u00e9mon\n|rule|HP Percentage Mod: HP is shown in percentages\n|rule|Sleep Clause Mod: Limit one foe put to sleep\n|rule|Illusion Level Mod: Illusion disguises the Pok\u00e9mon's true level\n|\n|t:|1783567784\n|teamsize|p1|6\n|teamsize|p2|6\n|start\n|switch|p1a: Gogoat|Gogoat, L88, M|360/360\n|switch|p2a: Basculegion|Basculegion, L80, M|100/100\n|turn|1\n|inactive|Battle timer is ON: inactive players will automatically lose when time's up. (requested by p0y247930fc)\n|inactive|Time left: 300 sec this turn | 300 sec total | 60 sec grace\n|inactive|p0x2479010c also wants the timer to be on.\n|\n|t:|1783567785\n|move|p2a: Basculegion|Shadow Ball|p1a: Gogoat\n|-damage|p1a: Gogoat|264/360\n|move|p1a: Gogoat|Bulk Up|p1a: Gogoat\n|-boost|p1a: Gogoat|atk|1\n|-boost|p1a: Gogoat|def|1\n|\n|-heal|p1a: Gogoat|286/360|[from] item: Leftovers\n|upkeep\n|turn|2\n|inactive|Time left: 300 sec this turn | 300 sec total\n|\n|t:|1783567786\n|move|p2a: Basculegion|Flip Turn|p1a: Gogoat\n|-resisted|p1a: Gogoat\n|-damage|p1a: Gogoat|251/360\n|\n|t:|1783567787\n|switch|p2a: Arboliva|Arboliva, L91, F|100/100|[from] Flip Turn\n|move|p1a: Gogoat|Horn Leech|p2a: Arboliva\n|-resisted|p2a: Arboliva\n|-damage|p2a: Arboliva|78/100\n|-heal|p1a: Gogoat|284/360|[from] drain|[of] p2a: Arboliva\n|\n|-heal|p1a: Gogoat|306/360|[from] item: Leftovers\n|upkeep\n|turn|3\n|inactive|Time left: 300 sec this turn | 300 sec total\n|\n|t:|1783567788\n|move|p1a: Gogoat|Horn Leech|p2a: Arboliva\n|-resisted|p2a: Arboliva\n|-damage|p2a: Arboliva|58/100\n|-heal|p1a: Gogoat|335/360|[from] drain|[of] p2a: Arboliva\n|move|p2a: Arboliva|Hyper Voice|p1a: Gogoat\n|-damage|p1a: Gogoat|187/360\n|\n|-heal|p1a: Gogoat|209/360|[from] item: Leftovers\n|upkeep\n|turn|4\n|inactive|Time left: 300 sec this turn | 300 sec total\n|\n|t:|1783567789\n|move|p1a: Gogoat|Milk Drink|p1a: Gogoat\n|-heal|p1a: Gogoat|360/360\n|move|p2a: Arboliva|Hyper Voice|p1a: Gogoat\n|-damage|p1a: Gogoat|219/360\n|\n|-heal|p1a: Gogoat|241/360|[from] item: Leftovers\n|upkeep\n|turn|5\n|inactive|Time left: 300 sec this turn | 300 sec total\n|\n|t:|1783567790\n|move|p1a: Gogoat|Bulk Up|p1a: Gogoat\n|-boost|p1a: Gogoat|atk|1\n|-boost|p1a: Gogoat|def|1\n|move|p2a: Arboliva|Hyper Voice|p1a: Gogoat\n|-damage|p1a: Gogoat|99/360\n|\n|-heal|p1a: Gogoat|121/360|[from] item: Leftovers\n|upkeep\n|turn|6\n|inactive|Time left: 300 sec this turn | 300 sec total\n|\n|t:|1783567790\n|move|p1a: Gogoat|Milk Drink|p1a: Gogoat\n|-heal|p1a: Gogoat|301/360\n|move|p2a: Arboliva|Hyper Voice|p1a: Gogoat\n|-damage|p1a: Gogoat|166/360\n|\n|-heal|p1a: Gogoat|188/360|[from] item: Leftovers\n|upkeep\n|turn|7\n|inactive|Time left: 300 sec this turn | 300 sec total\n|\n|t:|1783567791\n|move|p1a: Gogoat|Milk Drink|p1a: Gogoat\n|-heal|p1a: Gogoat|360/360\n|move|p2a: Arboliva|Hyper Voice|p1a: Gogoat\n|-damage|p1a: Gogoat|230/360\n|\n|-heal|p1a: Gogoat|252/360|[from] item: Leftovers\n|upkeep\n|turn|8\n|inactive|Time left: 300 sec this turn | 300 sec total\n|\n|t:|1783567792\n|move|p1a: Gogoat|Horn Leech|p2a: Arboliva\n|-resisted|p2a: Arboliva\n|-damage|p2a: Arboliva|29/100\n|-heal|p1a: Gogoat|294/360|[from] drain|[of] p2a: Arboliva\n|-enditem|p2a: Arboliva|Sitrus Berry|[eat]\n|-heal|p2a: Arboliva|54/100|[from] item: Sitrus Berry\n|move|p2a: Arboliva|Hyper Voice|p1a: Gogoat\n|-damage|p1a: Gogoat|153/360\n|\n|-heal|p1a: Gogoat|175/360|[from] item: Leftovers\n|-item|p2a: Arboliva|Sitrus Berry|[from] ability: Harvest\n|upkeep\n|turn|9\n|inactive|Time left: 300 sec this turn | 300 sec total\n|\n|t:|1783567793\n|move|p1a: Gogoat|Milk Drink|p1a: Gogoat\n|-heal|p1a: Gogoat|355/360\n|move|p2a: Arboliva|Hyper Voice|p1a: Gogoat\n|-damage|p1a: Gogoat|208/360\n|\n|-heal|p1a: Gogoat|230/360|[from] item: Leftovers\n|upkeep\n|turn|10\n|inactive|Time left: 300 sec this turn | 300 sec total\n|\n|t:|1783567794\n|move|p1a: Gogoat|Horn Leech|p2a: Arboliva\n|-resisted|p2a: Arboliva\n|-crit|p2a: Arboliva\n|-damage|p2a: Arboliva|13/100\n|-heal|p1a: Gogoat|290/360|[from] drain|[of] p2a: Arboliva\n|-enditem|p2a: Arboliva|Sitrus Berry|[eat]\n|-heal|p2a: Arboliva|38/100|[from] item: Sitrus Berry\n|move|p2a: Arboliva|Hyper Voice|p1a: Gogoat\n|-damage|p1a: Gogoat|157/360\n|\n|-heal|p1a: Gogoat|179/360|[from] item: Leftovers\n|-item|p2a: Arboliva|Sitrus Berry|[from] ability: Harvest\n|upkeep\n|-enditem|p2a: Arboliva|Sitrus Berry|[eat]\n|-heal|p2a: Arboliva|63/100|[from] item: Sitrus Berry\n|turn|11\n|inactive|Time left: 300 sec this turn | 300 sec total\n|\n|t:|1783567795\n|move|p1a: Gogoat|Milk Drink|p1a: Gogoat\n|-heal|p1a: Gogoat|359/360\n|move|p2a: Arboliva|Hyper Voice|p1a: Gogoat\n|-damage|p1a: Gogoat|232/360\n|\n|-heal|p1a: Gogoat|254/360|[from] item: Leftovers\n|upkeep\n|turn|12\n|inactive|Time left: 300 sec this turn | 300 sec total\n|\n|t:|1783567796\n|move|p1a: Gogoat|Horn Leech|p2a: Arboliva\n|-resisted|p2a: Arboliva\n|-damage|p2a: Arboliva|32/100\n|-heal|p1a: Gogoat|298/360|[from] drain|[of] p2a: Arboliva\n|move|p2a: Arboliva|Hyper Voice|p1a: Gogoat\n|-damage|p1a: Gogoat|148/360\n|\n|-heal|p1a: Gogoat|170/360|[from] item: Leftovers\n|-item|p2a: Arboliva|Sitrus Berry|[from] ability: Harvest\n|upkeep\n|-enditem|p2a: Arboliva|Sitrus Berry|[eat]\n|-heal|p2a: Arboliva|57/100|[from] item: Sitrus Berry\n|turn|13\n|inactive|Time left: 300 sec this turn | 300 sec total\n|\n|t:|1783567797\n|move|p1a: Gogoat|Horn Leech|p2a: Arboliva\n|-resisted|p2a: Arboliva\n|-damage|p2a: Arboliva|30/100\n|-heal|p1a: Gogoat|209/360|[from] drain|[of] p2a: Arboliva\n|move|p2a: Arboliva|Hyper Voice|p1a: Gogoat\n|-damage|p1a: Gogoat|65/360\n|\n|-heal|p1a: Gogoat|87/360|[from] item: Leftovers\n|upkeep\n|turn|14\n|inactive|Time left: 300 sec this turn | 300 sec total\n|\n|t:|1783567798\n|move|p1a: Gogoat|Milk Drink|p1a: Gogoat\n|-heal|p1a: Gogoat|267/360\n|move|p2a: Arboliva|Hyper Voice|p1a: Gogoat\n|-damage|p1a: Gogoat|138/360\n|\n|-heal|p1a: Gogoat|160/360|[from] item: Leftovers\n|upkeep\n|turn|15\n|inactive|Time left: 300 sec this turn | 300 sec total\n|\n|t:|1783567799\n|move|p1a: Gogoat|Milk Drink|p1a: Gogoat\n|-heal|p1a: Gogoat|340/360\n|move|p2a: Arboliva|Hyper Voice|p1a: Gogoat\n|-damage|p1a: Gogoat|205/360\n|\n|-heal|p1a: Gogoat|227/360|[from] item: Leftovers\n|upkeep\n|turn|16\n|inactive|Time left: 300 sec this turn | 300 sec total\n|\n|t:|1783567800\n|move|p1a: Gogoat|Horn Leech|p2a: Arboliva\n|-resisted|p2a: Arboliva\n|-damage|p2a: Arboliva|0 fnt\n|-heal|p1a: Gogoat|270/360|[from] drain|[of] p2a: Arboliva\n|faint|p2a: Arboliva\n|\n|-heal|p1a: Gogoat|292/360|[from] item: Leftovers\n|upkeep\n|\n|t:|1783567801\n|switch|p2a: Iron Moth|Iron Moth, L78|100/100\n|turn|17\n|inactive|Time left: 300 sec this turn | 300 sec total\n|\n|t:|1783567803\n|-terastallize|p1a: Gogoat|Water\n|move|p2a: Iron Moth|Sludge Wave|p1a: Gogoat\n|-damage|p1a: Gogoat|172/360\n|move|p1a: Gogoat|Earthquake|p2a: Iron Moth\n|-supereffective|p2a: Iron Moth\n|-damage|p2a: Iron Moth|0 fnt\n|faint|p2a: Iron Moth\n|-end|p2a: Iron Moth|Quark Drive|[silent]\n|\n|-heal|p1a: Gogoat|194/360|[from] item: Leftovers\n|upkeep\n|\n|t:|1783567804\n|switch|p2a: Sceptile|Sceptile, L87, F|100/100\n|turn|18\n|inactive|Time left: 300 sec this turn | 300 sec total\n|\n|t:|1783567805\n|move|p2a: Sceptile|Focus Blast|p1a: Gogoat\n|-damage|p1a: Gogoat|89/360\n|move|p1a: Gogoat|Horn Leech|p2a: Sceptile\n|-resisted|p2a: Sceptile\n|-damage|p2a: Sceptile|60/100\n|-heal|p1a: Gogoat|143/360|[from] drain|[of] p2a: Sceptile\n|\n|-heal|p2a: Sceptile|66/100|[from] item: Leftovers\n|-heal|p1a: Gogoat|165/360|[from] item: Leftovers\n|upkeep\n|turn|19\n|inactive|Time left: 300 sec this turn | 300 sec total\n|\n|t:|1783567806\n|move|p2a: Sceptile|Focus Blast|p1a: Gogoat\n|-damage|p1a: Gogoat|71/360\n|move|p1a: Gogoat|Horn Leech|p2a: Sceptile\n|-resisted|p2a: Sceptile\n|-damage|p2a: Sceptile|24/100\n|-heal|p1a: Gogoat|127/360|[from] drain|[of] p2a: Sceptile\n|\n|-heal|p2a: Sceptile|30/100|[from] item: Leftovers\n|-heal|p1a: Gogoat|149/360|[from] item: Leftovers\n|upkeep\n|turn|20\n|inactive|Time left: 300 sec this turn | 300 sec total\n|\n|t:|1783567807\n|move|p2a: Sceptile|Focus Blast|p1a: Gogoat\n|-damage|p1a: Gogoat|56/360\n|move|p1a: Gogoat|Horn Leech|p2a: Sceptile\n|-resisted|p2a: Sceptile\n|-damage|p2a: Sceptile|0 fnt\n|-heal|p1a: Gogoat|95/360|[from] drain|[of] p2a: Sceptile\n|faint|p2a: Sceptile\n|\n|-heal|p1a: Gogoat|117/360|[from] item: Leftovers\n|upkeep\n|\n|t:|1783567808\n|switch|p2a: Mienshao|Mienshao, L83, F|100/100\n|turn|21\n|inactive|Time left: 300 sec this turn | 300 sec total\n|\n|t:|1783567809\n|move|p2a: Mienshao|Close Combat|p1a: Gogoat\n|-damage|p1a: Gogoat|4/360\n|-unboost|p2a: Mienshao|def|1\n|-unboost|p2a: Mienshao|spd|1\n|-damage|p2a: Mienshao|91/100|[from] item: Life Orb\n|move|p1a: Gogoat|Horn Leech|p2a: Mienshao\n|-damage|p2a: Mienshao|0 fnt\n|-heal|p1a: Gogoat|114/360|[from] drain|[of] p2a: Mienshao\n|faint|p2a: Mienshao\n|\n|-heal|p1a: Gogoat|136/360|[from] item: Leftovers\n|upkeep\n|\n|t:|1783567809\n|switch|p2a: Gholdengo|Gholdengo, L77|100/100\n|turn|22\n|inactive|Time left: 300 sec this turn | 300 sec total\n|\n|t:|1783567810\n|move|p2a: Gholdengo|Shadow Ball|p1a: Gogoat\n|-damage|p1a: Gogoat|39/360\n|move|p1a: Gogoat|Earthquake|p2a: Gholdengo\n|-supereffective|p2a: Gholdengo\n|-damage|p2a: Gholdengo|0 fnt\n|faint|p2a: Gholdengo\n|\n|-heal|p1a: Gogoat|61/360|[from] item: Leftovers\n|upkeep\n|\n|t:|1783567811\n|switch|p2a: Basculegion|Basculegion, L80, M|100/100\n|turn|23\n|inactive|Time left: 300 sec this turn | 300 sec total\n|\n|t:|1783567812\n|move|p2a: Basculegion|Shadow Ball|p1a: Gogoat\n|-damage|p1a: Gogoat|0 fnt\n|faint|p1a: Gogoat\n|\n|upkeep\n|inactive|Time left: 300 sec this turn | 300 sec total | 5 sec grace\n|\n|t:|1783567813\n|switch|p1a: Thundurus|Thundurus, L80, M|258/258\n|turn|24\n|inactive|Time left: 300 sec this turn | 300 sec total\n|\n|t:|1783567815\n|move|p1a: Thundurus|Thunderbolt|p2a: Basculegion\n|-supereffective|p2a: Basculegion\n|-damage|p2a: Basculegion|52/100\n|move|p2a: Basculegion|Wave Crash|p1a: Thundurus\n|-damage|p1a: Thundurus|40/258\n|-damage|p2a: Basculegion|29/100|[from] Recoil\n|\n|upkeep\n|turn|25\n|inactive|Time left: 300 sec this turn | 300 sec total\n|\n|t:|1783567816\n|move|p2a: Basculegion|Aqua Jet|p1a: Thundurus\n|-damage|p1a: Thundurus|0 fnt\n|faint|p1a: Thundurus\n|\n|upkeep\n|inactive|Time left: 300 sec this turn | 300 sec total | 5 sec grace\n|\n|t:|1783567817\n|switch|p1a: Zangoose|Zangoose, L85, M|263/263\n|turn|26\n|inactive|Time left: 300 sec this turn | 300 sec total\n|\n|t:|1783567818\n|move|p1a: Zangoose|Knock Off|p2a: Basculegion\n|-supereffective|p2a: Basculegion\n|-damage|p2a: Basculegion|0 fnt\n|-enditem|p2a: Basculegion|Assault Vest|[from] move: Knock Off|[of] p1a: Zangoose\n|faint|p2a: Basculegion\n|\n|win|p0x2479010c", "uploadtime": 1783567818, "views": 0, "rating": 0, "private": 0, "password": null, "_winner": "p0x2479010c", "_our_name": "p0x2479010c"}