{"id": "battle-gen9randombattle-2563", "formatid": "gen9randombattle", "format": "[Gen 9] Random Battle", "players": ["p0x25633320", "p0y25637444"], "log": "|init|battle\n|title|p0x25633320 vs. p0y25637444\n|j|\u2606p0x25633320\n|j|\u2606p0y25637444\n|t:|1783568681\n|gametype|singles\n|player|p1|p0x25633320|265|\n|player|p2|p0y25637444|102|\n|gen|9\n|tier|[Gen 9] Random Battle\n|rule|Species Clause: Limit one of each Pok\u00e9mon\n|rule|HP Percentage Mod: HP is shown in percentages\n|rule|Sleep Clause Mod: Limit one foe put to sleep\n|rule|Illusion Level Mod: Illusion disguises the Pok\u00e9mon's true level\n|\n|t:|1783568681\n|teamsize|p1|6\n|teamsize|p2|6\n|start\n|switch|p1a: Espathra|Espathra, L80, M|100/100\n|switch|p2a: Dedenne|Dedenne, L88, M|261/261\n|turn|1\n|inactive|Battle timer is ON: inactive players will automatically lose when time's up. (requested by p0y25637444)\n|inactive|p0x25633320 also wants the timer to be on.\n|\n|t:|1783568683\n|move|p2a: Dedenne|Nuzzle|p1a: Espathra\n|-damage|p1a: Espathra|93/100\n|-status|p1a: Espathra|par\n|move|p1a: Espathra|Calm Mind|p1a: Espathra\n|-boost|p1a: Espathra|spa|1\n|-boost|p1a: Espathra|spd|1\n|\n|-heal|p1a: Espathra|99/100 par|[from] item: Leftovers\n|-ability|p1a: Espathra|Speed Boost|boost\n|-boost|p1a: Espathra|spe|1\n|upkeep\n|turn|2\n|inactive|Time left: 300 sec this turn | 300 sec total\n|\n|t:|1783568684\n|move|p2a: Dedenne|U-turn|p1a: Espathra\n|-supereffective|p1a: Espathra\n|-damage|p1a: Espathra|62/100 par\n|inactive|Time left: 300 sec this turn | 300 sec total | 5 sec grace\n|\n|t:|1783568685\n|switch|p2a: Ogerpon|Ogerpon-Hearthflame, L74, F|239/239|[from] U-turn\n|-ability|p2a: Ogerpon|Mold Breaker\n|move|p1a: Espathra|Stored Power|p2a: Ogerpon\n|-crit|p2a: Ogerpon\n|-damage|p2a: Ogerpon|56/239\n|\n|-heal|p1a: Espathra|68/100 par|[from] item: Leftovers\n|-ability|p1a: Espathra|Speed Boost|boost\n|-boost|p1a: Espathra|spe|1\n|upkeep\n|turn|3\n|inactive|Time left: 300 sec this turn | 300 sec total\n|\n|t:|1783568687\n|cant|p1a: Espathra|par\n|move|p2a: Ogerpon|Ivy Cudgel|p1a: Espathra|[anim] Ivy Cudgel Fire\n|-damage|p1a: Espathra|13/100 par\n|\n|-heal|p1a: Espathra|19/100 par|[from] item: Leftovers\n|-ability|p1a: Espathra|Speed Boost|boost\n|-boost|p1a: Espathra|spe|1\n|upkeep\n|turn|4\n|inactive|Time left: 300 sec this turn | 300 sec total\n|\n|t:|1783568688\n|move|p1a: Espathra|Stored Power|p2a: Ogerpon\n|-damage|p2a: Ogerpon|0 fnt\n|faint|p2a: Ogerpon\n|\n|-heal|p1a: Espathra|25/100 par|[from] item: Leftovers\n|-ability|p1a: Espathra|Speed Boost|boost\n|-boost|p1a: Espathra|spe|1\n|upkeep\n|inactive|Time left: 300 sec this turn | 300 sec total | 5 sec grace\n|\n|t:|1783568688\n|switch|p2a: Cetitan|Cetitan, L82, F|412/412\n|turn|5\n|inactive|Time left: 300 sec this turn | 300 sec total\n|\n|t:|1783568690\n|move|p1a: Espathra|Roost|p1a: Espathra\n|-heal|p1a: Espathra|75/100 par\n|-singleturn|p1a: Espathra|move: Roost\n|move|p2a: Cetitan|Earthquake|p1a: Espathra\n|-damage|p1a: Espathra|35/100 par\n|\n|-heal|p1a: Espathra|41/100 par|[from] item: Leftovers\n|-ability|p1a: Espathra|Speed Boost|boost\n|-boost|p1a: Espathra|spe|1\n|upkeep\n|turn|6\n|inactive|Time left: 300 sec this turn | 300 sec total\n|\n|t:|1783568691\n|move|p1a: Espathra|Roost|p1a: Espathra\n|-heal|p1a: Espathra|91/100 par\n|-singleturn|p1a: Espathra|move: Roost\n|move|p2a: Cetitan|Ice Spinner|p1a: Espathra\n|-damage|p1a: Espathra|50/100 par\n|\n|-heal|p1a: Espathra|56/100 par|[from] item: Leftovers\n|-ability|p1a: Espathra|Speed Boost|boost\n|-boost|p1a: Espathra|spe|1\n|upkeep\n|turn|7\n|inactive|Time left: 300 sec this turn | 300 sec total\n|\n|t:|1783568691\n|-terastallize|p2a: Cetitan|Ice\n|move|p1a: Espathra|Stored Power|p2a: Cetitan\n|-damage|p2a: Cetitan|48/412\n|-enditem|p2a: Cetitan|Sitrus Berry|[eat]\n|-heal|p2a: Cetitan|151/412|[from] item: Sitrus Berry\n|move|p2a: Cetitan|Ice Spinner|p1a: Espathra\n|-damage|p1a: Espathra|0 fnt\n|faint|p1a: Espathra\n|\n|upkeep\n|\n|t:|1783568692\n|switch|p1a: Swalot|Swalot, L90, M|100/100\n|turn|8\n|inactive|Time left: 300 sec this turn | 300 sec total\n|\n|t:|1783568693\n|move|p2a: Cetitan|Ice Spinner|p1a: Swalot\n|-damage|p1a: Swalot|62/100\n|move|p1a: Swalot|Swords Dance|p1a: Swalot\n|-boost|p1a: Swalot|atk|2\n|\n|-heal|p1a: Swalot|69/100|[from] item: Leftovers\n|upkeep\n|turn|9\n|inactive|Time left: 300 sec this turn | 300 sec total\n|\n|t:|1783568694\n|move|p2a: Cetitan|Earthquake|p1a: Swalot\n|-supereffective|p1a: Swalot\n|-damage|p1a: Swalot|21/100\n|move|p1a: Swalot|Gunk Shot|p2a: Cetitan\n|-damage|p2a: Cetitan|0 fnt\n|faint|p2a: Cetitan\n|\n|-heal|p1a: Swalot|27/100|[from] item: Leftovers\n|upkeep\n|inactive|Time left: 300 sec this turn | 300 sec total | 5 sec grace\n|\n|t:|1783568695\n|switch|p2a: Mienshao|Mienshao, L83, M|243/243\n|turn|10\n|inactive|Time left: 300 sec this turn | 300 sec total\n|\n|t:|1783568695\n|move|p2a: Mienshao|High Jump Kick|p1a: Swalot\n|-resisted|p1a: Swalot\n|-damage|p1a: Swalot|0 fnt\n|faint|p1a: Swalot\n|\n|upkeep\n|\n|t:|1783568696\n|switch|p1a: Gholdengo|Gholdengo, L77|100/100\n|turn|11\n|inactive|Time left: 300 sec this turn | 300 sec total\n|\n|t:|1783568697\n|switch|p2a: Hippowdon|Hippowdon, L82, M|311/311\n|-weather|Sandstorm|[from] ability: Sand Stream|[of] p2a: Hippowdon\n|move|p1a: Gholdengo|Shadow Ball|p2a: Hippowdon\n|-damage|p2a: Hippowdon|205/311\n|-unboost|p2a: Hippowdon|spd|1\n|\n|-weather|Sandstorm|[upkeep]\n|upkeep\n|turn|12\n|inactive|Time left: 300 sec this turn | 300 sec total\n|\n|t:|1783568698\n|move|p1a: Gholdengo|Shadow Ball|p2a: Hippowdon\n|-damage|p2a: Hippowdon|55/311\n|move|p2a: Hippowdon|Earthquake|p1a: Gholdengo\n|-supereffective|p1a: Gholdengo\n|-damage|p1a: Gholdengo|19/100\n|\n|-weather|Sandstorm|[upkeep]\n|upkeep\n|turn|13\n|inactive|Time left: 300 sec this turn | 300 sec total\n|\n|t:|1783568699\n|switch|p2a: Cryogonal|Cryogonal, L89|287/287\n|move|p1a: Gholdengo|Shadow Ball|p2a: Cryogonal\n|-damage|p2a: Cryogonal|220/287\n|\n|-weather|Sandstorm|[upkeep]\n|-damage|p2a: Cryogonal|203/287|[from] Sandstorm\n|upkeep\n|turn|14\n|inactive|Time left: 300 sec this turn | 300 sec total\n|\n|t:|1783568700\n|move|p1a: Gholdengo|Shadow Ball|p2a: Cryogonal\n|-damage|p2a: Cryogonal|143/287\n|-unboost|p2a: Cryogonal|spd|1\n|move|p2a: Cryogonal|Freeze-Dry|p1a: Gholdengo\n|-resisted|p1a: Gholdengo\n|-damage|p1a: Gholdengo|2/100\n|\n|-weather|Sandstorm|[upkeep]\n|-damage|p2a: Cryogonal|126/287|[from] Sandstorm\n|upkeep\n|turn|15\n|inactive|Time left: 300 sec this turn | 300 sec total\n|\n|t:|1783568701\n|move|p1a: Gholdengo|Shadow Ball|p2a: Cryogonal\n|-damage|p2a: Cryogonal|30/287\n|move|p2a: Cryogonal|Recover|p2a: Cryogonal\n|-heal|p2a: Cryogonal|174/287\n|\n|-weather|none\n|upkeep\n|turn|16\n|inactive|Time left: 300 sec this turn | 300 sec total\n|\n|t:|1783568702\n|move|p1a: Gholdengo|Shadow Ball|p2a: Cryogonal\n|-damage|p2a: Cryogonal|81/287\n|move|p2a: Cryogonal|Recover|p2a: Cryogonal\n|-heal|p2a: Cryogonal|225/287\n|\n|upkeep\n|turn|17\n|inactive|Time left: 300 sec this turn | 300 sec total\n|\n|t:|1783568703\n|move|p1a: Gholdengo|Shadow Ball|p2a: Cryogonal\n|-damage|p2a: Cryogonal|131/287\n|move|p2a: Cryogonal|Freeze-Dry|p1a: Gholdengo\n|-resisted|p1a: Gholdengo\n|-damage|p1a: Gholdengo|0 fnt\n|faint|p1a: Gholdengo\n|\n|upkeep\n|\n|t:|1783568704\n|switch|p1a: Moltres|Moltres-Galar, L79|100/100\n|turn|18\n|inactive|Time left: 300 sec this turn | 300 sec total\n|\n|t:|1783568705\n|move|p2a: Cryogonal|Recover|p2a: Cryogonal\n|-heal|p2a: Cryogonal|275/287\n|move|p1a: Moltres|Nasty Plot|p1a: Moltres\n|-boost|p1a: Moltres|spa|2\n|\n|upkeep\n|turn|19\n|inactive|Time left: 300 sec this turn | 300 sec total\n|\n|t:|1783568706\n|switch|p2a: Hippowdon|Hippowdon, L82, M|55/311\n|-weather|Sandstorm|[from] ability: Sand Stream|[of] p2a: Hippowdon\n|move|p1a: Moltres|Hurricane|p2a: Hippowdon\n|-damage|p2a: Hippowdon|0 fnt\n|faint|p2a: Hippowdon\n|\n|-weather|Sandstorm|[upkeep]\n|-damage|p1a: Moltres|95/100|[from] Sandstorm\n|upkeep\n|inactive|Time left: 300 sec this turn | 300 sec total | 5 sec grace\n|\n|t:|1783568707\n|switch|p2a: Mienshao|Mienshao, L83, M|243/243\n|turn|20\n|inactive|Time left: 300 sec this turn | 300 sec total\n|\n|t:|1783568708\n|move|p2a: Mienshao|High Jump Kick|p1a: Moltres\n|-damage|p1a: Moltres|0 fnt\n|faint|p1a: Moltres\n|\n|-weather|Sandstorm|[upkeep]\n|-damage|p2a: Mienshao|228/243|[from] Sandstorm\n|upkeep\n|\n|t:|1783568709\n|switch|p1a: Iron Valiant|Iron Valiant, L78|100/100\n|turn|21\n|inactive|Time left: 300 sec this turn | 300 sec total\n|\n|t:|1783568710\n|switch|p2a: Dedenne|Dedenne, L88, M|261/261\n|-terastallize|p1a: Iron Valiant|Steel\n|move|p1a: Iron Valiant|Moonblast|p2a: Dedenne\n|-damage|p2a: Dedenne|92/261\n|-enditem|p2a: Dedenne|Sitrus Berry|[eat]\n|-heal|p2a: Dedenne|157/261|[from] item: Sitrus Berry\n|-heal|p2a: Dedenne|244/261|[from] ability: Cheek Pouch\n|-damage|p1a: Iron Valiant|91/100|[from] item: Life Orb\n|\n|-weather|Sandstorm|[upkeep]\n|-damage|p2a: Dedenne|228/261|[from] Sandstorm\n|upkeep\n|turn|22\n|inactive|Time left: 300 sec this turn | 300 sec total\n|\n|t:|1783568710\n|move|p2a: Dedenne|Thunderbolt|p1a: Iron Valiant\n|-damage|p1a: Iron Valiant|37/100\n|move|p1a: Iron Valiant|Moonblast|p2a: Dedenne\n|-damage|p2a: Dedenne|72/261\n|-damage|p1a: Iron Valiant|27/100|[from] item: Life Orb\n|\n|-weather|Sandstorm|[upkeep]\n|-damage|p2a: Dedenne|56/261|[from] Sandstorm\n|upkeep\n|turn|23\n|inactive|Time left: 300 sec this turn | 300 sec total\n|\n|t:|1783568711\n|-end|p1a: Iron Valiant|Quark Drive|[silent]\n|switch|p1a: Flamigo|Flamigo, L82, F|100/100\n|move|p2a: Dedenne|Thunderbolt|p1a: Flamigo\n|-supereffective|p1a: Flamigo\n|-damage|p1a: Flamigo|14/100\n|\n|-weather|none\n|upkeep\n|turn|24\n|inactive|Time left: 300 sec this turn | 300 sec total\n|\n|t:|1783568712\n|move|p2a: Dedenne|Thunderbolt|p1a: Flamigo\n|-supereffective|p1a: Flamigo\n|-damage|p1a: Flamigo|0 fnt\n|faint|p1a: Flamigo\n|\n|upkeep\n|\n|t:|1783568713\n|switch|p1a: Iron Valiant|Iron Valiant, L78, tera:Steel|27/100\n|turn|25\n|inactive|Time left: 300 sec this turn | 300 sec total\n|\n|t:|1783568714\n|move|p2a: Dedenne|Dazzling Gleam|p1a: Iron Valiant\n|-resisted|p1a: Iron Valiant\n|-damage|p1a: Iron Valiant|3/100\n|move|p1a: Iron Valiant|Encore|p2a: Dedenne\n|-start|p2a: Dedenne|Encore\n|\n|upkeep\n|turn|26\n|inactive|Time left: 300 sec this turn | 300 sec total\n|\n|t:|1783568715\n|move|p2a: Dedenne|Dazzling Gleam|p1a: Iron Valiant\n|-resisted|p1a: Iron Valiant\n|-damage|p1a: Iron Valiant|0 fnt\n|faint|p1a: Iron Valiant\n|-end|p1a: Iron Valiant|Quark Drive|[silent]\n|\n|win|p0y25637444", "uploadtime": 1783568715, "views": 0, "rating": 0, "private": 0, "password": null, "_winner": "p0y25637444", "_our_name": "p0y25637444"}