{"id": "battle-gen9randombattle-671", "formatid": "gen9randombattle", "format": "[Gen 9] Random Battle", "players": ["p0x671d964", "p0y6714722"], "log": "|init|battle\n|title|p0x671d964 vs. p0y6714722\n|j|\u2606p0x671d964\n|j|\u2606p0y6714722\n|t:|1783547625\n|gametype|singles\n|player|p1|p0x671d964|265|\n|player|p2|p0y6714722|170|\n|gen|9\n|tier|[Gen 9] Random Battle\n|rule|Species Clause: Limit one of each Pok\u00e9mon\n|rule|HP Percentage Mod: HP is shown in percentages\n|rule|Sleep Clause Mod: Limit one foe put to sleep\n|rule|Illusion Level Mod: Illusion disguises the Pok\u00e9mon's true level\n|\n|t:|1783547625\n|teamsize|p1|6\n|teamsize|p2|6\n|start\n|switch|p1a: Palossand|Palossand, L89, M|296/296\n|switch|p2a: Palkia|Palkia, L75|100/100\n|-ability|p2a: Palkia|Pressure\n|turn|1\n|inactive|Battle timer is ON: inactive players will automatically lose when time's up. (requested by p0y6714722)\n|inactive|Time left: 300 sec this turn | 300 sec total | 60 sec grace\n|inactive|p0x671d964 also wants the timer to be on.\n|\n|t:|1783547626\n|move|p2a: Palkia|Hydro Pump|p1a: Palossand\n|-supereffective|p1a: Palossand\n|-damage|p1a: Palossand|0 fnt\n|faint|p1a: Palossand\n|\n|upkeep\n|inactive|Time left: 300 sec this turn | 300 sec total | 65 sec grace\n|\n|t:|1783547627\n|switch|p1a: Moltres|Moltres-Galar, L79|271/271\n|turn|2\n|inactive|Time left: 300 sec this turn | 300 sec total\n|\n|t:|1783547628\n|move|p2a: Palkia|Hydro Pump|p1a: Moltres|[miss]\n|-miss|p2a: Palkia|p1a: Moltres\n|move|p1a: Moltres|Nasty Plot|p1a: Moltres\n|-boost|p1a: Moltres|spa|2\n|\n|upkeep\n|turn|3\n|inactive|Time left: 300 sec this turn | 300 sec total\n|\n|t:|1783547629\n|move|p2a: Palkia|Hydro Pump|p1a: Moltres\n|-damage|p1a: Moltres|114/271\n|-ability|p1a: Moltres|Berserk|boost\n|-boost|p1a: Moltres|spa|1\n|move|p1a: Moltres|Hurricane|p2a: Palkia\n|-damage|p2a: Palkia|17/100\n|\n|upkeep\n|turn|4\n|inactive|Time left: 300 sec this turn | 300 sec total\n|\n|t:|1783547630\n|move|p2a: Palkia|Hydro Pump|p1a: Moltres\n|-damage|p1a: Moltres|0 fnt\n|faint|p1a: Moltres\n|\n|upkeep\n|inactive|Time left: 300 sec this turn | 300 sec total | 5 sec grace\n|\n|t:|1783547631\n|switch|p1a: Terrakion|Terrakion, L79|273/273\n|turn|5\n|inactive|Time left: 300 sec this turn | 300 sec total\n|\n|t:|1783547632\n|switch|p2a: Latias|Latias, L79, F|100/100\n|move|p1a: Terrakion|Stone Edge|p2a: Latias\n|-damage|p2a: Latias|27/100\n|\n|upkeep\n|turn|6\n|inactive|Time left: 300 sec this turn | 300 sec total\n|\n|t:|1783547633\n|move|p2a: Latias|Psyshock|p1a: Terrakion\n|-supereffective|p1a: Terrakion\n|-damage|p1a: Terrakion|75/273\n|move|p1a: Terrakion|Stone Edge|p2a: Latias\n|-damage|p2a: Latias|0 fnt\n|faint|p2a: Latias\n|\n|upkeep\n|\n|t:|1783547634\n|switch|p2a: Sneasler|Sneasler, L74, F|100/100\n|turn|7\n|inactive|Time left: 300 sec this turn | 300 sec total\n|\n|t:|1783547636\n|move|p2a: Sneasler|Close Combat|p1a: Terrakion\n|-supereffective|p1a: Terrakion\n|-damage|p1a: Terrakion|0 fnt\n|-unboost|p2a: Sneasler|def|1\n|-unboost|p2a: Sneasler|spd|1\n|faint|p1a: Terrakion\n|\n|upkeep\n|inactive|Time left: 300 sec this turn | 300 sec total | 5 sec grace\n|\n|t:|1783547637\n|switch|p1a: Azelf|Azelf, L82|257/257\n|turn|8\n|inactive|Time left: 300 sec this turn | 300 sec total\n|\n|t:|1783547638\n|switch|p2a: Palkia|Palkia, L75|17/100\n|-ability|p2a: Palkia|Pressure\n|move|p1a: Azelf|Psychic|p2a: Palkia\n|-damage|p2a: Palkia|0 fnt\n|faint|p2a: Palkia\n|-damage|p1a: Azelf|232/257|[from] item: Life Orb\n|\n|upkeep\n|\n|t:|1783547639\n|switch|p2a: Muk|Muk, L86, F|100/100\n|turn|9\n|inactive|Time left: 300 sec this turn | 300 sec total\n|\n|t:|1783547640\n|move|p1a: Azelf|Psychic|p2a: Muk\n|-supereffective|p2a: Muk\n|-damage|p2a: Muk|51/100\n|-damage|p1a: Azelf|207/257|[from] item: Life Orb\n|move|p2a: Muk|Knock Off|p1a: Azelf\n|-supereffective|p1a: Azelf\n|-damage|p1a: Azelf|11/257\n|-status|p1a: Azelf|psn|[from] ability: Poison Touch|[of] p2a: Muk\n|-enditem|p1a: Azelf|Life Orb|[from] move: Knock Off|[of] p2a: Muk\n|\n|-damage|p1a: Azelf|0 fnt|[from] psn\n|faint|p1a: Azelf\n|upkeep\n|inactive|Time left: 300 sec this turn | 300 sec total | 5 sec grace\n|\n|t:|1783547641\n|switch|p1a: Dusknoir|Dusknoir, L89, F|225/225\n|-item|p2a: Muk|Assault Vest|[from] ability: Frisk|[of] p1a: Dusknoir\n|turn|10\n|inactive|Time left: 300 sec this turn | 300 sec total\n|\n|t:|1783547642\n|move|p2a: Muk|Knock Off|p1a: Dusknoir\n|-supereffective|p1a: Dusknoir\n|-damage|p1a: Dusknoir|113/225\n|-status|p1a: Dusknoir|psn|[from] ability: Poison Touch|[of] p2a: Muk\n|-enditem|p1a: Dusknoir|Leftovers|[from] move: Knock Off|[of] p2a: Muk\n|move|p1a: Dusknoir|Substitute|p1a: Dusknoir\n|-start|p1a: Dusknoir|Substitute\n|-damage|p1a: Dusknoir|57/225 psn\n|\n|-damage|p1a: Dusknoir|29/225 psn|[from] psn\n|upkeep\n|turn|11\n|inactive|Time left: 300 sec this turn | 300 sec total\n|\n|t:|1783547644\n|move|p2a: Muk|Knock Off|p1a: Dusknoir\n|-supereffective|p1a: Dusknoir\n|-end|p1a: Dusknoir|Substitute\n|move|p1a: Dusknoir|Pain Split|p2a: Muk\n|-sethp|p2a: Muk|30/100|[from] move: Pain Split|[silent]\n|-sethp|p1a: Dusknoir|95/225 psn|[from] move: Pain Split\n|\n|-damage|p1a: Dusknoir|67/225 psn|[from] psn\n|upkeep\n|turn|12\n|inactive|Time left: 300 sec this turn | 300 sec total\n|\n|t:|1783547644\n|move|p2a: Muk|Ice Punch|p1a: Dusknoir\n|-damage|p1a: Dusknoir|30/225 psn\n|move|p1a: Dusknoir|Pain Split|p2a: Muk\n|-sethp|p2a: Muk|20/100|[from] move: Pain Split|[silent]\n|-sethp|p1a: Dusknoir|62/225 psn|[from] move: Pain Split\n|\n|-damage|p1a: Dusknoir|34/225 psn|[from] psn\n|upkeep\n|turn|13\n|inactive|Time left: 300 sec this turn | 300 sec total\n|\n|t:|1783547645\n|move|p2a: Muk|Ice Punch|p1a: Dusknoir\n|-damage|p1a: Dusknoir|0 fnt\n|faint|p1a: Dusknoir\n|\n|upkeep\n|inactive|Time left: 300 sec this turn | 300 sec total | 5 sec grace\n|\n|t:|1783547646\n|switch|p1a: Palafin|Palafin, L77, F|281/281\n|turn|14\n|inactive|Time left: 300 sec this turn | 300 sec total\n|\n|t:|1783547647\n|switch|p2a: Sneasler|Sneasler, L74, F|100/100\n|move|p1a: Palafin|Wave Crash|p2a: Sneasler\n|-damage|p2a: Sneasler|24/100\n|-damage|p1a: Palafin|220/281|[from] Recoil\n|\n|upkeep\n|turn|15\n|inactive|Time left: 300 sec this turn | 300 sec total\n|\n|t:|1783547648\n|-terastallize|p1a: Palafin|Fighting\n|move|p2a: Sneasler|Close Combat|p1a: Palafin\n|-damage|p1a: Palafin|0 fnt\n|-unboost|p2a: Sneasler|def|1\n|-unboost|p2a: Sneasler|spd|1\n|faint|p1a: Palafin\n|\n|win|p0y6714722", "uploadtime": 1783547648, "views": 0, "rating": 0, "private": 0, "password": null, "_winner": "p0y6714722", "_our_name": "p0x671d964"}