{"id": "battle-gen9randombattle-2533", "formatid": "gen9randombattle", "format": "[Gen 9] Random Battle", "players": ["p0x25338daf", "p0y253350b5"], "log": "|init|battle\n|title|p0x25338daf vs. p0y253350b5\n|j|\u2606p0x25338daf\n|j|\u2606p0y253350b5\n|t:|1783568344\n|gametype|singles\n|player|p1|p0x25338daf|170|\n|player|p2|p0y253350b5|170|\n|gen|9\n|tier|[Gen 9] Random Battle\n|rule|Species Clause: Limit one of each Pok\u00e9mon\n|rule|HP Percentage Mod: HP is shown in percentages\n|rule|Sleep Clause Mod: Limit one foe put to sleep\n|rule|Illusion Level Mod: Illusion disguises the Pok\u00e9mon's true level\n|\n|t:|1783568344\n|teamsize|p1|6\n|teamsize|p2|6\n|start\n|switch|p1a: Eiscue|Eiscue, L88, F|100/100\n|switch|p2a: Lilligant|Lilligant, L86, F|261/261\n|turn|1\n|inactive|Battle timer is ON: inactive players will automatically lose when time's up. (requested by p0y253350b5)\n|inactive|p0x25338daf also wants the timer to be on.\n|\n|t:|1783568346\n|move|p2a: Lilligant|Quiver Dance|p2a: Lilligant\n|-boost|p2a: Lilligant|spa|1\n|-boost|p2a: Lilligant|spd|1\n|-boost|p2a: Lilligant|spe|1\n|move|p1a: Eiscue|Ice Spinner|p2a: Lilligant\n|-supereffective|p2a: Lilligant\n|-damage|p2a: Lilligant|75/261\n|\n|upkeep\n|turn|2\n|inactive|Time left: 300 sec this turn | 300 sec total\n|\n|t:|1783568347\n|move|p2a: Lilligant|Sleep Powder|p1a: Eiscue\n|-status|p1a: Eiscue|slp|[from] move: Sleep Powder\n|cant|p1a: Eiscue|slp\n|\n|upkeep\n|turn|3\n|inactive|Time left: 300 sec this turn | 300 sec total\n|\n|t:|1783568348\n|switch|p1a: Metagross|Metagross, L79|100/100\n|move|p2a: Lilligant|Giga Drain|p1a: Metagross\n|-resisted|p1a: Metagross\n|-damage|p1a: Metagross|62/100\n|-heal|p2a: Lilligant|125/261|[from] drain|[of] p1a: Metagross\n|-damage|p2a: Lilligant|99/261|[from] item: Life Orb\n|\n|upkeep\n|turn|4\n|inactive|Time left: 300 sec this turn | 300 sec total\n|\n|t:|1783568349\n|move|p2a: Lilligant|Giga Drain|p1a: Metagross\n|-resisted|p1a: Metagross\n|-crit|p1a: Metagross\n|-damage|p1a: Metagross|6/100\n|-heal|p2a: Lilligant|171/261|[from] drain|[of] p1a: Metagross\n|-damage|p2a: Lilligant|145/261|[from] item: Life Orb\n|move|p1a: Metagross|Psychic Fangs|p2a: Lilligant\n|-damage|p2a: Lilligant|0 fnt\n|faint|p2a: Lilligant\n|\n|upkeep\n|inactive|Time left: 300 sec this turn | 300 sec total | 5 sec grace\n|\n|t:|1783568350\n|switch|p2a: Crawdaunt|Crawdaunt, L84, F|243/243\n|turn|5\n|inactive|Time left: 300 sec this turn | 300 sec total\n|\n|t:|1783568352\n|move|p1a: Metagross|Psychic Fangs|p2a: Crawdaunt\n|-immune|p2a: Crawdaunt\n|move|p2a: Crawdaunt|Dragon Dance|p2a: Crawdaunt\n|-boost|p2a: Crawdaunt|atk|1\n|-boost|p2a: Crawdaunt|spe|1\n|\n|upkeep\n|turn|6\n|inactive|Time left: 300 sec this turn | 300 sec total\n|\n|t:|1783568353\n|switch|p1a: Eiscue|Eiscue, L88, F|100/100 slp\n|move|p2a: Crawdaunt|Knock Off|p1a: Eiscue\n|-activate|p1a: Eiscue|ability: Ice Face\n|-damage|p1a: Eiscue|100/100 slp\n|-enditem|p1a: Eiscue|Sitrus Berry|[from] move: Knock Off|[of] p2a: Crawdaunt\n|detailschange|p1a: Eiscue|Eiscue-Noice, L88, F\n|-damage|p2a: Crawdaunt|219/243|[from] item: Life Orb\n|\n|upkeep\n|turn|7\n|inactive|Time left: 300 sec this turn | 300 sec total\n|\n|t:|1783568354\n|switch|p1a: Metagross|Metagross, L79|6/100\n|move|p2a: Crawdaunt|Knock Off|p1a: Metagross\n|-supereffective|p1a: Metagross\n|-crit|p1a: Metagross\n|-damage|p1a: Metagross|0 fnt\n|-enditem|p1a: Metagross|Choice Band|[from] move: Knock Off|[of] p2a: Crawdaunt\n|faint|p1a: Metagross\n|-damage|p2a: Crawdaunt|195/243|[from] item: Life Orb\n|\n|upkeep\n|\n|t:|1783568355\n|switch|p1a: Dragapult|Dragapult, L77, F|100/100\n|turn|8\n|inactive|Time left: 300 sec this turn | 300 sec total\n|\n|t:|1783568356\n|move|p1a: Dragapult|Draco Meteor|p2a: Crawdaunt\n|-damage|p2a: Crawdaunt|0 fnt\n|-unboost|p1a: Dragapult|spa|2\n|faint|p2a: Crawdaunt\n|\n|upkeep\n|inactive|Time left: 300 sec this turn | 300 sec total | 5 sec grace\n|\n|t:|1783568357\n|switch|p2a: Rhyperior|Rhyperior, L82, M|323/323\n|turn|9\n|inactive|Time left: 300 sec this turn | 300 sec total\n|\n|t:|1783568358\n|move|p1a: Dragapult|Draco Meteor|p2a: Rhyperior\n|-damage|p2a: Rhyperior|203/323\n|-unboost|p1a: Dragapult|spa|2\n|move|p2a: Rhyperior|Earthquake|p1a: Dragapult\n|-damage|p1a: Dragapult|13/100\n|\n|upkeep\n|turn|10\n|inactive|Time left: 300 sec this turn | 300 sec total\n|\n|t:|1783568359\n|move|p1a: Dragapult|Draco Meteor|p2a: Rhyperior\n|-damage|p2a: Rhyperior|112/323\n|-unboost|p1a: Dragapult|spa|2\n|move|p2a: Rhyperior|Earthquake|p1a: Dragapult\n|-damage|p1a: Dragapult|0 fnt\n|faint|p1a: Dragapult\n|\n|upkeep\n|\n|t:|1783568360\n|switch|p1a: Rampardos|Rampardos, L90, F|100/100\n|turn|11\n|inactive|Time left: 300 sec this turn | 300 sec total\n|\n|t:|1783568361\n|move|p1a: Rampardos|Zen Headbutt|p2a: Rhyperior|[miss]\n|-miss|p1a: Rampardos|p2a: Rhyperior\n|move|p2a: Rhyperior|Earthquake|p1a: Rampardos\n|-supereffective|p1a: Rampardos\n|-crit|p1a: Rampardos\n|-damage|p1a: Rampardos|0 fnt\n|faint|p1a: Rampardos\n|\n|upkeep\n|\n|t:|1783568362\n|switch|p1a: Ribombee|Ribombee, L83, F|100/100\n|turn|12\n|inactive|Time left: 300 sec this turn | 300 sec total\n|\n|t:|1783568363\n|switch|p2a: Mimikyu|Mimikyu, L79, F|216/216\n|move|p1a: Ribombee|Moonblast|p2a: Mimikyu\n|-activate|p2a: Mimikyu|ability: Disguise\n|-damage|p2a: Mimikyu|216/216\n|-unboost|p2a: Mimikyu|spa|1\n|detailschange|p2a: Mimikyu|Mimikyu-Busted, L79, F\n|-damage|p2a: Mimikyu|189/216|[from] pokemon: Mimikyu-Busted\n|\n|upkeep\n|turn|13\n|inactive|Time left: 300 sec this turn | 300 sec total\n|\n|t:|1783568364\n|move|p1a: Ribombee|Moonblast|p2a: Mimikyu\n|-damage|p2a: Mimikyu|105/216\n|move|p2a: Mimikyu|Swords Dance|p2a: Mimikyu\n|-boost|p2a: Mimikyu|atk|2\n|\n|upkeep\n|turn|14\n|inactive|Time left: 300 sec this turn | 300 sec total\n|\n|t:|1783568365\n|move|p1a: Ribombee|Moonblast|p2a: Mimikyu\n|-damage|p2a: Mimikyu|9/216\n|move|p2a: Mimikyu|Play Rough|p1a: Ribombee\n|-damage|p1a: Ribombee|0 fnt\n|faint|p1a: Ribombee\n|-damage|p2a: Mimikyu|0 fnt|[from] item: Life Orb\n|faint|p2a: Mimikyu\n|\n|upkeep\n|inactive|Time left: 300 sec this turn | 300 sec total | 5 sec grace\n|\n|t:|1783568366\n|switch|p1a: Eiscue|Eiscue-Noice, L88, F|100/100 slp\n|switch|p2a: Feraligatr|Feraligatr, L79, F|264/264\n|turn|15\n|inactive|Time left: 300 sec this turn | 300 sec total\n|\n|t:|1783568367\n|cant|p1a: Eiscue|slp\n|move|p2a: Feraligatr|Dragon Dance|p2a: Feraligatr\n|-boost|p2a: Feraligatr|atk|1\n|-boost|p2a: Feraligatr|spe|1\n|\n|upkeep\n|turn|16\n|inactive|Time left: 300 sec this turn | 300 sec total\n|\n|t:|1783568368\n|-curestatus|p1a: Eiscue|slp|[msg]\n|move|p1a: Eiscue|Zen Headbutt|p2a: Feraligatr\n|-damage|p2a: Feraligatr|214/264\n|move|p2a: Feraligatr|Dragon Dance|p2a: Feraligatr\n|-boost|p2a: Feraligatr|atk|1\n|-boost|p2a: Feraligatr|spe|1\n|\n|upkeep\n|turn|17\n|inactive|Time left: 300 sec this turn | 300 sec total\n|\n|t:|1783568369\n|-terastallize|p1a: Eiscue|Water\n|move|p2a: Feraligatr|Liquidation|p1a: Eiscue\n|-resisted|p1a: Eiscue\n|-damage|p1a: Eiscue|39/100\n|move|p1a: Eiscue|Liquidation|p2a: Feraligatr\n|-resisted|p2a: Feraligatr\n|-damage|p2a: Feraligatr|171/264\n|-unboost|p2a: Feraligatr|def|1\n|\n|upkeep\n|turn|18\n|inactive|Time left: 300 sec this turn | 300 sec total\n|\n|t:|1783568370\n|-terastallize|p2a: Feraligatr|Grass\n|move|p2a: Feraligatr|Liquidation|p1a: Eiscue\n|-resisted|p1a: Eiscue\n|-damage|p1a: Eiscue|0 fnt\n|faint|p1a: Eiscue\n|\n|upkeep\n|\n|t:|1783568371\n|switch|p1a: Infernape|Infernape, L82, F|100/100\n|turn|19\n|inactive|Time left: 300 sec this turn | 300 sec total\n|\n|t:|1783568372\n|move|p2a: Feraligatr|Liquidation|p1a: Infernape\n|-supereffective|p1a: Infernape\n|-damage|p1a: Infernape|0 fnt\n|faint|p1a: Infernape\n|\n|win|p0y253350b5", "uploadtime": 1783568372, "views": 0, "rating": 0, "private": 0, "password": null, "_winner": "p0y253350b5", "_our_name": "p0y253350b5"}