{"id": "battle-gen9randombattle-155", "formatid": "gen9randombattle", "format": "[Gen 9] Random Battle", "players": ["p0x15596cc", "p0y1558102"], "log": "|init|battle\n|title|p0x15596cc vs. p0y1558102\n|j|\u2606p0x15596cc\n|j|\u2606p0y1558102\n|t:|1783541352\n|gametype|singles\n|player|p1|p0x15596cc|169|\n|player|p2|p0y1558102|1|\n|gen|9\n|tier|[Gen 9] Random Battle\n|rule|Species Clause: Limit one of each Pok\u00e9mon\n|rule|HP Percentage Mod: HP is shown in percentages\n|rule|Sleep Clause Mod: Limit one foe put to sleep\n|rule|Illusion Level Mod: Illusion disguises the Pok\u00e9mon's true level\n|\n|t:|1783541352\n|teamsize|p1|6\n|teamsize|p2|6\n|start\n|switch|p1a: Flapple|Flapple, L88, F|266/266\n|switch|p2a: Regirock|Regirock, L83|100/100\n|turn|1\n|inactive|Battle timer is ON: inactive players will automatically lose when time's up. (requested by p0x15596cc)\n|inactive|p0y1558102 also wants the timer to be on.\n|\n|t:|1783541353\n|move|p1a: Flapple|Dragon Dance|p1a: Flapple\n|-boost|p1a: Flapple|atk|1\n|-boost|p1a: Flapple|spe|1\n|move|p2a: Regirock|Stone Edge|p1a: Flapple\n|-damage|p1a: Flapple|149/266\n|\n|upkeep\n|turn|2\n|inactive|Time left: 300 sec this turn | 300 sec total\n|\n|t:|1783541355\n|-terastallize|p2a: Regirock|Fighting\n|move|p1a: Flapple|Outrage|p2a: Regirock\n|-damage|p2a: Regirock|29/100\n|move|p2a: Regirock|Body Press|p1a: Flapple\n|-damage|p1a: Flapple|0 fnt\n|faint|p1a: Flapple\n|\n|upkeep\n|inactive|Time left: 300 sec this turn | 300 sec total | 5 sec grace\n|\n|t:|1783541355\n|switch|p1a: Spidops|Spidops, L96, M|271/271\n|turn|3\n|inactive|Time left: 300 sec this turn | 300 sec total\n|\n|t:|1783541357\n|move|p2a: Regirock|Stone Edge|p1a: Spidops\n|-supereffective|p1a: Spidops\n|-crit|p1a: Spidops\n|-damage|p1a: Spidops|0 fnt\n|faint|p1a: Spidops\n|\n|upkeep\n|inactive|Time left: 300 sec this turn | 300 sec total | 5 sec grace\n|\n|t:|1783541358\n|switch|p1a: Floatzel|Floatzel, L86, F|286/286\n|turn|4\n|inactive|Time left: 300 sec this turn | 300 sec total\n|\n|t:|1783541359\n|move|p1a: Floatzel|Wave Crash|p2a: Regirock\n|-damage|p2a: Regirock|0 fnt\n|faint|p2a: Regirock\n|-damage|p1a: Floatzel|261/286|[from] Recoil\n|\n|upkeep\n|\n|t:|1783541360\n|switch|p2a: Azumarill|Azumarill, L82, F|100/100\n|turn|5\n|inactive|Time left: 300 sec this turn | 300 sec total\n|\n|t:|1783541361\n|move|p1a: Floatzel|Wave Crash|p2a: Azumarill\n|-resisted|p2a: Azumarill\n|-damage|p2a: Azumarill|60/100\n|-damage|p1a: Floatzel|221/286|[from] Recoil\n|move|p2a: Azumarill|Play Rough|p1a: Floatzel\n|-damage|p1a: Floatzel|0 fnt\n|faint|p1a: Floatzel\n|\n|upkeep\n|inactive|Time left: 300 sec this turn | 300 sec total | 5 sec grace\n|\n|t:|1783541362\n|switch|p1a: Calyrex|Calyrex, L93|337/337\n|-ability|p1a: Calyrex|Unnerve\n|turn|6\n|inactive|Time left: 300 sec this turn | 300 sec total\n|\n|t:|1783541362\n|switch|p2a: Shaymin|Shaymin, L82|100/100\n|move|p1a: Calyrex|Calm Mind|p1a: Calyrex\n|-boost|p1a: Calyrex|spa|1\n|-boost|p1a: Calyrex|spd|1\n|\n|upkeep\n|turn|7\n|inactive|Time left: 300 sec this turn | 300 sec total\n|\n|t:|1783541363\n|move|p2a: Shaymin|Seed Flare|p1a: Calyrex\n|-resisted|p1a: Calyrex\n|-damage|p1a: Calyrex|295/337\n|move|p1a: Calyrex|Calm Mind|p1a: Calyrex\n|-boost|p1a: Calyrex|spa|1\n|-boost|p1a: Calyrex|spd|1\n|\n|-heal|p1a: Calyrex|316/337|[from] item: Leftovers\n|upkeep\n|turn|8\n|inactive|Time left: 300 sec this turn | 300 sec total\n|\n|t:|1783541364\n|move|p2a: Shaymin|Seed Flare|p1a: Calyrex\n|-resisted|p1a: Calyrex\n|-damage|p1a: Calyrex|284/337\n|move|p1a: Calyrex|Psychic|p2a: Shaymin\n|-damage|p2a: Shaymin|39/100\n|-unboost|p2a: Shaymin|spd|1\n|\n|-heal|p2a: Shaymin|45/100|[from] item: Leftovers\n|-heal|p1a: Calyrex|305/337|[from] item: Leftovers\n|upkeep\n|turn|9\n|inactive|Time left: 300 sec this turn | 300 sec total\n|\n|t:|1783541365\n|move|p2a: Shaymin|Synthesis|p2a: Shaymin\n|-heal|p2a: Shaymin|95/100\n|move|p1a: Calyrex|Psychic|p2a: Shaymin\n|-damage|p2a: Shaymin|2/100\n|\n|-heal|p2a: Shaymin|8/100|[from] item: Leftovers\n|-heal|p1a: Calyrex|326/337|[from] item: Leftovers\n|upkeep\n|turn|10\n|inactive|Time left: 300 sec this turn | 300 sec total\n|\n|t:|1783541366\n|move|p2a: Shaymin|Synthesis|p2a: Shaymin\n|-heal|p2a: Shaymin|58/100\n|move|p1a: Calyrex|Psychic|p2a: Shaymin\n|-damage|p2a: Shaymin|0 fnt\n|faint|p2a: Shaymin\n|\n|-heal|p1a: Calyrex|337/337|[from] item: Leftovers\n|upkeep\n|\n|t:|1783541367\n|switch|p2a: Dudunsparce|Dudunsparce-Three-Segment, L83, F|100/100\n|turn|11\n|inactive|Time left: 300 sec this turn | 300 sec total\n|\n|t:|1783541368\n|move|p1a: Calyrex|Psychic|p2a: Dudunsparce\n|-damage|p2a: Dudunsparce|29/100\n|move|p2a: Dudunsparce|Glare|p1a: Calyrex\n|-status|p1a: Calyrex|par\n|\n|-heal|p2a: Dudunsparce|35/100|[from] item: Leftovers\n|upkeep\n|turn|12\n|inactive|Time left: 300 sec this turn | 300 sec total\n|\n|t:|1783541369\n|move|p2a: Dudunsparce|Roost|p2a: Dudunsparce\n|-heal|p2a: Dudunsparce|85/100\n|-singleturn|p2a: Dudunsparce|move: Roost\n|cant|p1a: Calyrex|par\n|\n|-heal|p2a: Dudunsparce|91/100|[from] item: Leftovers\n|upkeep\n|turn|13\n|inactive|Time left: 300 sec this turn | 300 sec total\n|\n|t:|1783541369\n|move|p2a: Dudunsparce|Headbutt|p1a: Calyrex\n|-damage|p1a: Calyrex|268/337 par\n|cant|p1a: Calyrex|flinch\n|\n|-heal|p2a: Dudunsparce|97/100|[from] item: Leftovers\n|-heal|p1a: Calyrex|289/337 par|[from] item: Leftovers\n|upkeep\n|turn|14\n|inactive|Time left: 300 sec this turn | 300 sec total\n|\n|t:|1783541370\n|move|p2a: Dudunsparce|Headbutt|p1a: Calyrex\n|-damage|p1a: Calyrex|217/337 par\n|move|p1a: Calyrex|Giga Drain|p2a: Dudunsparce\n|-damage|p2a: Dudunsparce|43/100\n|-heal|p1a: Calyrex|311/337 par|[from] drain|[of] p2a: Dudunsparce\n|\n|-heal|p2a: Dudunsparce|49/100|[from] item: Leftovers\n|-heal|p1a: Calyrex|332/337 par|[from] item: Leftovers\n|upkeep\n|turn|15\n|inactive|Time left: 300 sec this turn | 300 sec total\n|\n|t:|1783541371\n|move|p2a: Dudunsparce|Roost|p2a: Dudunsparce\n|-heal|p2a: Dudunsparce|99/100\n|-singleturn|p2a: Dudunsparce|move: Roost\n|move|p1a: Calyrex|Psychic|p2a: Dudunsparce\n|-damage|p2a: Dudunsparce|31/100\n|\n|-heal|p2a: Dudunsparce|37/100|[from] item: Leftovers\n|-heal|p1a: Calyrex|337/337 par|[from] item: Leftovers\n|upkeep\n|turn|16\n|inactive|Time left: 300 sec this turn | 300 sec total\n|\n|t:|1783541371\n|move|p2a: Dudunsparce|Roost|p2a: Dudunsparce\n|-heal|p2a: Dudunsparce|87/100\n|-singleturn|p2a: Dudunsparce|move: Roost\n|move|p1a: Calyrex|Psychic|p2a: Dudunsparce\n|-damage|p2a: Dudunsparce|14/100\n|\n|-heal|p2a: Dudunsparce|21/100|[from] item: Leftovers\n|upkeep\n|turn|17\n|inactive|Time left: 300 sec this turn | 300 sec total\n|\n|t:|1783541372\n|move|p2a: Dudunsparce|Roost|p2a: Dudunsparce\n|-heal|p2a: Dudunsparce|71/100\n|-singleturn|p2a: Dudunsparce|move: Roost\n|move|p1a: Calyrex|Psychic|p2a: Dudunsparce\n|-damage|p2a: Dudunsparce|5/100\n|\n|-heal|p2a: Dudunsparce|11/100|[from] item: Leftovers\n|upkeep\n|turn|18\n|inactive|Time left: 300 sec this turn | 300 sec total\n|\n|t:|1783541373\n|move|p2a: Dudunsparce|Headbutt|p1a: Calyrex\n|-damage|p1a: Calyrex|268/337 par\n|move|p1a: Calyrex|Psychic|p2a: Dudunsparce\n|-damage|p2a: Dudunsparce|0 fnt\n|faint|p2a: Dudunsparce\n|\n|-heal|p1a: Calyrex|289/337 par|[from] item: Leftovers\n|upkeep\n|\n|t:|1783541374\n|switch|p2a: Azumarill|Azumarill, L82, F|60/100\n|turn|19\n|inactive|Time left: 300 sec this turn | 300 sec total\n|\n|t:|1783541375\n|move|p2a: Azumarill|Knock Off|p1a: Calyrex\n|-supereffective|p1a: Calyrex\n|-damage|p1a: Calyrex|73/337 par\n|-enditem|p1a: Calyrex|Leftovers|[from] move: Knock Off|[of] p2a: Azumarill\n|move|p1a: Calyrex|Giga Drain|p2a: Azumarill\n|-supereffective|p2a: Azumarill\n|-damage|p2a: Azumarill|0 fnt\n|-heal|p1a: Calyrex|162/337 par|[from] drain|[of] p2a: Azumarill\n|faint|p2a: Azumarill\n|\n|upkeep\n|\n|t:|1783541376\n|switch|p2a: Iron Hands|Iron Hands, L79|100/100\n|turn|20\n|inactive|Time left: 300 sec this turn | 300 sec total\n|\n|t:|1783541377\n|move|p2a: Iron Hands|Ice Punch|p1a: Calyrex\n|-supereffective|p1a: Calyrex\n|-damage|p1a: Calyrex|38/337 par\n|move|p1a: Calyrex|Giga Drain|p2a: Iron Hands\n|-damage|p2a: Iron Hands|64/100\n|-heal|p1a: Calyrex|106/337 par|[from] drain|[of] p2a: Iron Hands\n|\n|upkeep\n|turn|21\n|inactive|Time left: 300 sec this turn | 300 sec total\n|\n|t:|1783541378\n|-terastallize|p1a: Calyrex|Steel\n|move|p2a: Iron Hands|Ice Punch|p1a: Calyrex\n|-resisted|p1a: Calyrex\n|-damage|p1a: Calyrex|74/337 par\n|move|p1a: Calyrex|Psychic|p2a: Iron Hands\n|-supereffective|p2a: Iron Hands\n|-damage|p2a: Iron Hands|0 fnt\n|faint|p2a: Iron Hands\n|-end|p2a: Iron Hands|Quark Drive|[silent]\n|\n|upkeep\n|\n|t:|1783541379\n|switch|p2a: Sceptile|Sceptile, L87, F|100/100\n|turn|22\n|inactive|Time left: 300 sec this turn | 300 sec total\n|\n|t:|1783541380\n|move|p2a: Sceptile|Rock Slide|p1a: Calyrex\n|-resisted|p1a: Calyrex\n|-damage|p1a: Calyrex|42/337 par\n|-damage|p2a: Sceptile|91/100|[from] item: Life Orb\n|cant|p1a: Calyrex|flinch\n|\n|upkeep\n|turn|23\n|inactive|Time left: 300 sec this turn | 300 sec total\n|\n|t:|1783541381\n|move|p2a: Sceptile|Earthquake|p1a: Calyrex\n|-supereffective|p1a: Calyrex\n|-damage|p1a: Calyrex|0 fnt\n|faint|p1a: Calyrex\n|-damage|p2a: Sceptile|81/100|[from] item: Life Orb\n|\n|upkeep\n|inactive|Time left: 300 sec this turn | 300 sec total | 5 sec grace\n|\n|t:|1783541382\n|switch|p1a: Uxie|Uxie, L83|260/260\n|turn|24\n|inactive|Time left: 300 sec this turn | 300 sec total\n|\n|t:|1783541383\n|move|p2a: Sceptile|Rock Slide|p1a: Uxie\n|-damage|p1a: Uxie|209/260\n|-damage|p2a: Sceptile|71/100|[from] item: Life Orb\n|cant|p1a: Uxie|flinch\n|\n|-heal|p1a: Uxie|225/260|[from] item: Leftovers\n|upkeep\n|turn|25\n|inactive|Time left: 300 sec this turn | 300 sec total\n|\n|t:|1783541385\n|move|p2a: Sceptile|Rock Slide|p1a: Uxie\n|-damage|p1a: Uxie|178/260\n|-damage|p2a: Sceptile|61/100|[from] item: Life Orb\n|move|p1a: Uxie|Psychic Noise|p2a: Sceptile\n|-damage|p2a: Sceptile|35/100\n|-start|p2a: Sceptile|move: Heal Block\n|\n|-heal|p1a: Uxie|194/260|[from] item: Leftovers\n|upkeep\n|turn|26\n|inactive|Time left: 300 sec this turn | 300 sec total\n|\n|t:|1783541386\n|move|p2a: Sceptile|Rock Slide|p1a: Uxie\n|-damage|p1a: Uxie|147/260\n|-damage|p2a: Sceptile|25/100|[from] item: Life Orb\n|move|p1a: Uxie|U-turn|p2a: Sceptile\n|-supereffective|p2a: Sceptile\n|-damage|p2a: Sceptile|0 fnt\n|faint|p2a: Sceptile\n|\n|win|p0x15596cc", "uploadtime": 1783541386, "views": 0, "rating": 0, "private": 0, "password": null, "_winner": "p0x15596cc", "_our_name": "p0x15596cc"}