{"id": "battle-gen9randombattle-2278", "formatid": "gen9randombattle", "format": "[Gen 9] Random Battle", "players": ["p0x2278bb00", "p0y227832e0"], "log": "|init|battle\n|title|p0x2278bb00 vs. p0y227832e0\n|j|\u2606p0x2278bb00\n|j|\u2606p0y227832e0\n|t:|1783566395\n|gametype|singles\n|player|p1|p0x2278bb00|101|\n|player|p2|p0y227832e0|169|\n|gen|9\n|tier|[Gen 9] Random Battle\n|rule|Species Clause: Limit one of each Pok\u00e9mon\n|rule|HP Percentage Mod: HP is shown in percentages\n|rule|Sleep Clause Mod: Limit one foe put to sleep\n|rule|Illusion Level Mod: Illusion disguises the Pok\u00e9mon's true level\n|\n|t:|1783566395\n|teamsize|p1|6\n|teamsize|p2|6\n|start\n|switch|p1a: Rayquaza|Rayquaza, L72|270/270\n|switch|p2a: Suicune|Suicune, L82|100/100\n|-ability|p2a: Suicune|Pressure\n|-ability|p1a: Rayquaza|Air Lock\n|turn|1\n|inactive|Battle timer is ON: inactive players will automatically lose when time's up. (requested by p0x2278bb00)\n|inactive|p0y227832e0 also wants the timer to be on.\n|\n|t:|1783566397\n|move|p2a: Suicune|Ice Beam|p1a: Rayquaza\n|-supereffective|p1a: Rayquaza\n|-damage|p1a: Rayquaza|0 fnt\n|faint|p1a: Rayquaza\n|\n|upkeep\n|inactive|Time left: 300 sec this turn | 300 sec total | 65 sec grace\n|\n|t:|1783566398\n|switch|p1a: Smeargle|Smeargle, L95, F|258/258\n|turn|2\n|inactive|Time left: 300 sec this turn | 300 sec total\n|\n|t:|1783566399\n|move|p1a: Smeargle|Sticky Web|p2a: Suicune\n|-sidestart|p2: p0y227832e0|move: Sticky Web\n|move|p2a: Suicune|Scald|p1a: Smeargle\n|-damage|p1a: Smeargle|155/258\n|-status|p1a: Smeargle|brn\n|\n|-damage|p1a: Smeargle|139/258 brn|[from] brn\n|upkeep\n|turn|3\n|inactive|Time left: 300 sec this turn | 300 sec total\n|\n|t:|1783566400\n|move|p1a: Smeargle|Stealth Rock|p2a: Suicune\n|-sidestart|p2: p0y227832e0|move: Stealth Rock\n|move|p2a: Suicune|Scald|p1a: Smeargle\n|-damage|p1a: Smeargle|22/258 brn\n|\n|-damage|p1a: Smeargle|6/258 brn|[from] brn\n|upkeep\n|turn|4\n|inactive|Time left: 300 sec this turn | 300 sec total\n|\n|t:|1783566401\n|move|p1a: Smeargle|Spore|p2a: Suicune\n|-status|p2a: Suicune|slp|[from] move: Spore\n|cant|p2a: Suicune|slp\n|\n|-damage|p1a: Smeargle|0 fnt|[from] brn\n|faint|p1a: Smeargle\n|upkeep\n|inactive|Time left: 300 sec this turn | 300 sec total | 5 sec grace\n|\n|t:|1783566402\n|switch|p1a: Morpeko|Morpeko, L88, F|245/245\n|turn|5\n|inactive|Time left: 300 sec this turn | 300 sec total\n|\n|t:|1783566403\n|switch|p2a: Avalugg|Avalugg, L88, F|100/100\n|move|p1a: Morpeko|Aura Wheel|p2a: Avalugg\n|-damage|p2a: Avalugg|78/100\n|-boost|p1a: Morpeko|spe|1\n|\n|-formechange|p1a: Morpeko|Morpeko-Hangry||[from] ability: Hunger Switch\n|upkeep\n|turn|6\n|inactive|Time left: 300 sec this turn | 300 sec total\n|\n|t:|1783566404\n|move|p1a: Morpeko|Parting Shot|p2a: Avalugg\n|-unboost|p2a: Avalugg|atk|1\n|-unboost|p2a: Avalugg|spa|1\n|inactive|Time left: 300 sec this turn | 300 sec total | 5 sec grace\n|\n|t:|1783566405\n|switch|p1a: Thundurus|Thundurus, L80, M|258/258|[from] Parting Shot\n|move|p2a: Avalugg|Rapid Spin|p1a: Thundurus\n|-damage|p1a: Thundurus|219/258\n|-boost|p2a: Avalugg|spe|1\n|-sideend|p2: p0y227832e0|Stealth Rock|[from] move: Rapid Spin|[of] p2a: Avalugg\n|-sideend|p2: p0y227832e0|Sticky Web|[from] move: Rapid Spin|[of] p2a: Avalugg\n|\n|upkeep\n|turn|7\n|inactive|Time left: 300 sec this turn | 300 sec total\n|\n|t:|1783566407\n|move|p1a: Thundurus|Nasty Plot|p1a: Thundurus\n|-boost|p1a: Thundurus|spa|2\n|move|p2a: Avalugg|Avalanche|p1a: Thundurus\n|-supereffective|p1a: Thundurus\n|-damage|p1a: Thundurus|91/258\n|\n|upkeep\n|turn|8\n|inactive|Time left: 300 sec this turn | 300 sec total\n|\n|t:|1783566408\n|switch|p2a: Gliscor|Gliscor, L76, F|100/100\n|move|p1a: Thundurus|Thunderbolt|p2a: Gliscor\n|-immune|p2a: Gliscor\n|\n|-status|p2a: Gliscor|tox|[from] item: Toxic Orb\n|upkeep\n|turn|9\n|inactive|Time left: 300 sec this turn | 300 sec total\n|\n|t:|1783566410\n|-terastallize|p1a: Thundurus|Flying\n|move|p1a: Thundurus|Tera Blast|p2a: Gliscor|[anim] Tera Blast Flying\n|-damage|p2a: Gliscor|0 fnt\n|faint|p2a: Gliscor\n|\n|upkeep\n|\n|t:|1783566411\n|switch|p2a: Ambipom|Ambipom, L84, M|100/100\n|turn|10\n|inactive|Time left: 300 sec this turn | 300 sec total\n|\n|t:|1783566412\n|move|p2a: Ambipom|Fake Out|p1a: Thundurus\n|-damage|p1a: Thundurus|0 fnt\n|faint|p1a: Thundurus\n|\n|upkeep\n|inactive|Time left: 300 sec this turn | 300 sec total | 5 sec grace\n|\n|t:|1783566413\n|switch|p1a: Crawdaunt|Crawdaunt, L84, F|243/243\n|turn|11\n|inactive|Time left: 300 sec this turn | 300 sec total\n|\n|t:|1783566414\n|switch|p2a: Avalugg|Avalugg, L88, F|78/100\n|move|p1a: Crawdaunt|Knock Off|p2a: Avalugg\n|-damage|p2a: Avalugg|40/100\n|-enditem|p2a: Avalugg|Heavy-Duty Boots|[from] move: Knock Off|[of] p1a: Crawdaunt\n|-damage|p1a: Crawdaunt|219/243|[from] item: Life Orb\n|\n|upkeep\n|turn|12\n|inactive|Time left: 300 sec this turn | 300 sec total\n|\n|t:|1783566415\n|switch|p1a: Chimecho|Chimecho, L93, F|290/290\n|move|p2a: Avalugg|Recover|p2a: Avalugg\n|-heal|p2a: Avalugg|90/100\n|\n|upkeep\n|turn|13\n|inactive|Time left: 300 sec this turn | 300 sec total\n|\n|t:|1783566416\n|switch|p2a: Suicune|Suicune, L82|100/100 slp\n|-ability|p2a: Suicune|Pressure\n|move|p1a: Chimecho|Psychic Noise|p2a: Suicune\n|-damage|p2a: Suicune|75/100 slp\n|-start|p2a: Suicune|move: Heal Block\n|\n|upkeep\n|turn|14\n|inactive|Time left: 300 sec this turn | 300 sec total\n|\n|t:|1783566417\n|switch|p1a: Crawdaunt|Crawdaunt, L84, F|219/243\n|cant|p2a: Suicune|slp\n|\n|-end|p2a: Suicune|move: Heal Block\n|upkeep\n|turn|15\n|inactive|Time left: 300 sec this turn | 300 sec total\n|\n|t:|1783566418\n|switch|p2a: Avalugg|Avalugg, L88, F|90/100\n|move|p1a: Crawdaunt|Knock Off|p2a: Avalugg\n|-crit|p2a: Avalugg\n|-damage|p2a: Avalugg|53/100\n|-damage|p1a: Crawdaunt|195/243|[from] item: Life Orb\n|\n|upkeep\n|turn|16\n|inactive|Time left: 300 sec this turn | 300 sec total\n|\n|t:|1783566419\n|switch|p1a: Chimecho|Chimecho, L93, F|290/290\n|move|p2a: Avalugg|Body Press|p1a: Chimecho\n|-resisted|p1a: Chimecho\n|-damage|p1a: Chimecho|241/290\n|\n|-heal|p1a: Chimecho|259/290|[from] item: Leftovers\n|upkeep\n|turn|17\n|inactive|Time left: 300 sec this turn | 300 sec total\n|\n|t:|1783566420\n|move|p1a: Chimecho|Psychic Noise|p2a: Avalugg\n|-damage|p2a: Avalugg|7/100\n|-start|p2a: Avalugg|move: Heal Block\n|move|p2a: Avalugg|Avalanche|p1a: Chimecho\n|-damage|p1a: Chimecho|93/290\n|\n|-heal|p1a: Chimecho|111/290|[from] item: Leftovers\n|upkeep\n|turn|18\n|inactive|Time left: 300 sec this turn | 300 sec total\n|\n|t:|1783566422\n|move|p1a: Chimecho|Recover|p1a: Chimecho\n|-heal|p1a: Chimecho|256/290\n|move|p2a: Avalugg|Body Press|p1a: Chimecho\n|-resisted|p1a: Chimecho\n|-damage|p1a: Chimecho|206/290\n|\n|-heal|p1a: Chimecho|224/290|[from] item: Leftovers\n|-end|p2a: Avalugg|move: Heal Block\n|upkeep\n|turn|19\n|inactive|Time left: 300 sec this turn | 300 sec total\n|\n|t:|1783566423\n|move|p1a: Chimecho|Psychic Noise|p2a: Avalugg\n|-damage|p2a: Avalugg|0 fnt\n|faint|p2a: Avalugg\n|\n|-heal|p1a: Chimecho|242/290|[from] item: Leftovers\n|upkeep\n|\n|t:|1783566424\n|switch|p2a: Suicune|Suicune, L82|75/100 slp\n|-ability|p2a: Suicune|Pressure\n|turn|20\n|inactive|Time left: 300 sec this turn | 300 sec total\n|\n|t:|1783566425\n|cant|p2a: Suicune|slp\n|move|p1a: Chimecho|Psychic Noise|p2a: Suicune\n|-damage|p2a: Suicune|47/100 slp\n|-start|p2a: Suicune|move: Heal Block\n|\n|-heal|p1a: Chimecho|260/290|[from] item: Leftovers\n|upkeep\n|turn|21\n|inactive|Time left: 300 sec this turn | 300 sec total\n|\n|t:|1783566426\n|-curestatus|p2a: Suicune|slp|[msg]\n|move|p2a: Suicune|Calm Mind|p2a: Suicune\n|-boost|p2a: Suicune|spa|1\n|-boost|p2a: Suicune|spd|1\n|move|p1a: Chimecho|Psychic Noise|p2a: Suicune\n|-damage|p2a: Suicune|30/100\n|\n|-heal|p1a: Chimecho|278/290|[from] item: Leftovers\n|-end|p2a: Suicune|move: Heal Block\n|upkeep\n|turn|22\n|inactive|Time left: 300 sec this turn | 300 sec total\n|\n|t:|1783566427\n|move|p2a: Suicune|Scald|p1a: Chimecho\n|-damage|p1a: Chimecho|172/290\n|-status|p1a: Chimecho|brn\n|move|p1a: Chimecho|Psychic Noise|p2a: Suicune\n|-damage|p2a: Suicune|11/100\n|-start|p2a: Suicune|move: Heal Block\n|\n|-heal|p1a: Chimecho|190/290 brn|[from] item: Leftovers\n|-damage|p1a: Chimecho|172/290 brn|[from] brn\n|upkeep\n|turn|23\n|inactive|Time left: 300 sec this turn | 300 sec total\n|\n|t:|1783566428\n|move|p2a: Suicune|Scald|p1a: Chimecho\n|-damage|p1a: Chimecho|78/290 brn\n|move|p1a: Chimecho|Psychic Noise|p2a: Suicune\n|-damage|p2a: Suicune|0 fnt\n|faint|p2a: Suicune\n|\n|-heal|p1a: Chimecho|96/290 brn|[from] item: Leftovers\n|-damage|p1a: Chimecho|78/290 brn|[from] brn\n|upkeep\n|\n|t:|1783566429\n|switch|p2a: Ambipom|Ambipom, L84, M|100/100\n|turn|24\n|inactive|Time left: 300 sec this turn | 300 sec total\n|\n|t:|1783566430\n|move|p2a: Ambipom|Fake Out|p1a: Chimecho\n|-damage|p1a: Chimecho|0 fnt\n|faint|p1a: Chimecho\n|\n|upkeep\n|inactive|Time left: 300 sec this turn | 300 sec total | 5 sec grace\n|\n|t:|1783566431\n|switch|p1a: Morpeko|Morpeko, L88, F|245/245\n|turn|25\n|inactive|Time left: 300 sec this turn | 300 sec total\n|\n|t:|1783566432\n|-terastallize|p2a: Ambipom|Normal\n|move|p1a: Morpeko|Protect|p1a: Morpeko\n|-singleturn|p1a: Morpeko|Protect\n|move|p2a: Ambipom|Double-Edge|p1a: Morpeko\n|-activate|p1a: Morpeko|move: Protect\n|\n|-formechange|p1a: Morpeko|Morpeko-Hangry||[from] ability: Hunger Switch\n|upkeep\n|turn|26\n|inactive|Time left: 300 sec this turn | 300 sec total\n|\n|t:|1783566433\n|move|p1a: Morpeko|Protect|p1a: Morpeko\n|-singleturn|p1a: Morpeko|Protect\n|move|p2a: Ambipom|Double-Edge|p1a: Morpeko\n|-activate|p1a: Morpeko|move: Protect\n|\n|-formechange|p1a: Morpeko|Morpeko||[from] ability: Hunger Switch\n|upkeep\n|turn|27\n|inactive|Time left: 300 sec this turn | 300 sec total\n|\n|t:|1783566434\n|move|p1a: Morpeko|Protect||[still]\n|-fail|p1a: Morpeko\n|move|p2a: Ambipom|Double-Edge|p1a: Morpeko\n|-crit|p1a: Morpeko\n|-damage|p1a: Morpeko|0 fnt\n|faint|p1a: Morpeko\n|-damage|p2a: Ambipom|70/100|[from] Recoil\n|\n|upkeep\n|inactive|Time left: 300 sec this turn | 300 sec total | 5 sec grace\n|\n|t:|1783566435\n|switch|p1a: Crawdaunt|Crawdaunt, L84, F|195/243\n|turn|28\n|inactive|Time left: 300 sec this turn | 300 sec total\n|\n|t:|1783566435\n|move|p2a: Ambipom|Double-Edge|p1a: Crawdaunt\n|-damage|p1a: Crawdaunt|0 fnt\n|faint|p1a: Crawdaunt\n|-damage|p2a: Ambipom|45/100|[from] Recoil\n|\n|win|p0y227832e0", "uploadtime": 1783566435, "views": 0, "rating": 0, "private": 0, "password": null, "_winner": "p0y227832e0", "_our_name": "p0x2278bb00"}