{"id": "battle-gen9randombattle-991", "formatid": "gen9randombattle", "format": "[Gen 9] Random Battle", "players": ["p0x9913dc9", "p0y9912ab8"], "log": "|init|battle\n|title|p0x9913dc9 vs. p0y9912ab8\n|j|\u2606p0x9913dc9\n|j|\u2606p0y9912ab8\n|t:|1783551413\n|gametype|singles\n|player|p1|p0x9913dc9|101|\n|player|p2|p0y9912ab8|265|\n|gen|9\n|tier|[Gen 9] Random Battle\n|rule|Species Clause: Limit one of each Pok\u00e9mon\n|rule|HP Percentage Mod: HP is shown in percentages\n|rule|Sleep Clause Mod: Limit one foe put to sleep\n|rule|Illusion Level Mod: Illusion disguises the Pok\u00e9mon's true level\n|\n|t:|1783551413\n|teamsize|p1|6\n|teamsize|p2|6\n|start\n|switch|p1a: Mamoswine|Mamoswine, L81, M|311/311\n|switch|p2a: Chandelure|Chandelure, L83, F|100/100\n|turn|1\n|inactive|Battle timer is ON: inactive players will automatically lose when time's up. (requested by p0x9913dc9)\n|inactive|p0y9912ab8 also wants the timer to be on.\n|\n|t:|1783551414\n|move|p2a: Chandelure|Fire Blast|p1a: Mamoswine\n|-supereffective|p1a: Mamoswine\n|-damage|p1a: Mamoswine|111/311\n|move|p1a: Mamoswine|Earthquake|p2a: Chandelure\n|-supereffective|p2a: Chandelure\n|-damage|p2a: Chandelure|0 fnt\n|faint|p2a: Chandelure\n|\n|upkeep\n|\n|t:|1783551415\n|switch|p2a: Zacian|Zacian, L69|100/100\n|-ability|p2a: Zacian|Intrepid Sword|boost\n|-boost|p2a: Zacian|atk|1\n|turn|2\n|inactive|Time left: 300 sec this turn | 300 sec total\n|\n|t:|1783551417\n|switch|p1a: Qwilfish|Qwilfish, L86, F|252/252\n|-ability|p1a: Qwilfish|Intimidate|boost\n|-unboost|p2a: Zacian|atk|1\n|move|p2a: Zacian|Play Rough|p1a: Qwilfish\n|-resisted|p1a: Qwilfish\n|-damage|p1a: Qwilfish|191/252\n|\n|upkeep\n|turn|3\n|inactive|Time left: 300 sec this turn | 300 sec total\n|\n|t:|1783551418\n|move|p2a: Zacian|Play Rough|p1a: Qwilfish\n|-resisted|p1a: Qwilfish\n|-damage|p1a: Qwilfish|137/252\n|move|p1a: Qwilfish|Gunk Shot|p2a: Zacian\n|-supereffective|p2a: Zacian\n|-damage|p2a: Zacian|0 fnt\n|faint|p2a: Zacian\n|\n|upkeep\n|\n|t:|1783551419\n|switch|p2a: Manaphy|Manaphy, L78|100/100\n|turn|4\n|inactive|Time left: 300 sec this turn | 300 sec total\n|\n|t:|1783551421\n|move|p2a: Manaphy|Tail Glow|p2a: Manaphy\n|-boost|p2a: Manaphy|spa|3\n|move|p1a: Qwilfish|Pain Split|p2a: Manaphy\n|-sethp|p2a: Manaphy|74/100|[from] move: Pain Split|[silent]\n|-sethp|p1a: Qwilfish|210/252|[from] move: Pain Split\n|\n|-heal|p2a: Manaphy|80/100|[from] item: Leftovers\n|upkeep\n|turn|5\n|inactive|Time left: 300 sec this turn | 300 sec total\n|\n|t:|1783551422\n|move|p2a: Manaphy|Energy Ball|p1a: Qwilfish\n|-damage|p1a: Qwilfish|27/252\n|move|p1a: Qwilfish|Thunder Wave|p2a: Manaphy\n|-status|p2a: Manaphy|par\n|\n|-heal|p2a: Manaphy|86/100 par|[from] item: Leftovers\n|upkeep\n|turn|6\n|inactive|Time left: 300 sec this turn | 300 sec total\n|\n|t:|1783551423\n|move|p1a: Qwilfish|Pain Split|p2a: Manaphy\n|-sethp|p2a: Manaphy|48/100 par|[from] move: Pain Split|[silent]\n|-sethp|p1a: Qwilfish|135/252|[from] move: Pain Split\n|cant|p2a: Manaphy|par\n|\n|-heal|p2a: Manaphy|54/100 par|[from] item: Leftovers\n|upkeep\n|turn|7\n|inactive|Time left: 300 sec this turn | 300 sec total\n|\n|t:|1783551424\n|move|p1a: Qwilfish|Gunk Shot|p2a: Manaphy\n|-damage|p2a: Manaphy|5/100 par\n|move|p2a: Manaphy|Energy Ball|p1a: Qwilfish\n|-damage|p1a: Qwilfish|0 fnt\n|faint|p1a: Qwilfish\n|\n|-heal|p2a: Manaphy|11/100 par|[from] item: Leftovers\n|upkeep\n|inactive|Time left: 300 sec this turn | 300 sec total | 5 sec grace\n|\n|t:|1783551425\n|switch|p1a: Porygon-Z|Porygon-Z, L83|277/277\n|-ability|p1a: Porygon-Z|Download|boost\n|-boost|p1a: Porygon-Z|spa|1\n|turn|8\n|inactive|Time left: 300 sec this turn | 300 sec total\n|\n|t:|1783551426\n|move|p1a: Porygon-Z|Shadow Ball|p2a: Manaphy\n|-damage|p2a: Manaphy|0 fnt\n|faint|p2a: Manaphy\n|-damage|p1a: Porygon-Z|250/277|[from] item: Life Orb\n|\n|upkeep\n|\n|t:|1783551427\n|switch|p2a: Dialga|Dialga-Origin, L73|100/100\n|-ability|p2a: Dialga|Pressure\n|turn|9\n|inactive|Time left: 300 sec this turn | 300 sec total\n|\n|t:|1783551428\n|move|p1a: Porygon-Z|Ice Beam|p2a: Dialga\n|-damage|p2a: Dialga|48/100\n|-damage|p1a: Porygon-Z|223/277|[from] item: Life Orb\n|move|p2a: Dialga|Heavy Slam|p1a: Porygon-Z\n|-damage|p1a: Porygon-Z|79/277\n|\n|upkeep\n|turn|10\n|inactive|Time left: 300 sec this turn | 300 sec total\n|\n|t:|1783551429\n|move|p1a: Porygon-Z|Ice Beam|p2a: Dialga\n|-crit|p2a: Dialga\n|-damage|p2a: Dialga|0 fnt\n|faint|p2a: Dialga\n|-damage|p1a: Porygon-Z|52/277|[from] item: Life Orb\n|\n|upkeep\n|\n|t:|1783551430\n|switch|p2a: Zangoose|Zangoose, L85, F|100/100\n|turn|11\n|inactive|Time left: 300 sec this turn | 300 sec total\n|\n|t:|1783551431\n|switch|p1a: Necrozma|Necrozma-Dusk-Mane, L69|248/248\n|move|p2a: Zangoose|Knock Off|p1a: Necrozma\n|-supereffective|p1a: Necrozma\n|-damage|p1a: Necrozma|137/248\n|-enditem|p1a: Necrozma|Weakness Policy\n|-boost|p1a: Necrozma|atk|2|[from] item: Weakness Policy\n|-boost|p1a: Necrozma|spa|2|[from] item: Weakness Policy\n|\n|-status|p2a: Zangoose|tox|[from] item: Toxic Orb\n|upkeep\n|turn|12\n|inactive|Time left: 300 sec this turn | 300 sec total\n|\n|t:|1783551433\n|-terastallize|p2a: Zangoose|Normal\n|move|p2a: Zangoose|Facade|p1a: Necrozma\n|-resisted|p1a: Necrozma\n|-damage|p1a: Necrozma|0 fnt\n|faint|p1a: Necrozma\n|\n|-damage|p2a: Zangoose|94/100 tox|[from] psn\n|upkeep\n|inactive|Time left: 300 sec this turn | 300 sec total | 5 sec grace\n|\n|t:|1783551433\n|switch|p1a: Mamoswine|Mamoswine, L81, M|111/311\n|turn|13\n|inactive|Time left: 300 sec this turn | 300 sec total\n|\n|t:|1783551435\n|move|p1a: Mamoswine|Ice Shard|p2a: Zangoose\n|-damage|p2a: Zangoose|55/100 tox\n|move|p2a: Zangoose|Facade|p1a: Mamoswine\n|-damage|p1a: Mamoswine|0 fnt\n|faint|p1a: Mamoswine\n|\n|-damage|p2a: Zangoose|43/100 tox|[from] psn\n|upkeep\n|inactive|Time left: 300 sec this turn | 300 sec total | 5 sec grace\n|\n|t:|1783551435\n|switch|p1a: Dedenne|Dedenne, L88, M|261/261\n|turn|14\n|inactive|Time left: 300 sec this turn | 300 sec total\n|\n|t:|1783551436\n|switch|p2a: Vaporeon|Vaporeon, L86, M|100/100\n|move|p1a: Dedenne|Thunderbolt|p2a: Vaporeon\n|-supereffective|p2a: Vaporeon\n|-damage|p2a: Vaporeon|54/100\n|\n|-heal|p2a: Vaporeon|60/100|[from] item: Leftovers\n|upkeep\n|turn|15\n|inactive|Time left: 300 sec this turn | 300 sec total\n|\n|t:|1783551437\n|move|p1a: Dedenne|Thunderbolt|p2a: Vaporeon\n|-supereffective|p2a: Vaporeon\n|-damage|p2a: Vaporeon|17/100\n|move|p2a: Vaporeon|Scald|p1a: Dedenne\n|-damage|p1a: Dedenne|146/261\n|\n|-heal|p2a: Vaporeon|23/100|[from] item: Leftovers\n|upkeep\n|turn|16\n|inactive|Time left: 300 sec this turn | 300 sec total\n|\n|t:|1783551438\n|move|p2a: Vaporeon|Protect|p2a: Vaporeon\n|-singleturn|p2a: Vaporeon|Protect\n|move|p1a: Dedenne|Thunderbolt|p2a: Vaporeon\n|-activate|p2a: Vaporeon|move: Protect\n|\n|-heal|p2a: Vaporeon|29/100|[from] item: Leftovers\n|upkeep\n|turn|17\n|inactive|Time left: 300 sec this turn | 300 sec total\n|\n|t:|1783551439\n|move|p2a: Vaporeon|Protect||[still]\n|-fail|p2a: Vaporeon\n|move|p1a: Dedenne|Thunderbolt|p2a: Vaporeon\n|-supereffective|p2a: Vaporeon\n|-damage|p2a: Vaporeon|0 fnt\n|faint|p2a: Vaporeon\n|\n|upkeep\n|\n|t:|1783551440\n|switch|p2a: Zangoose|Zangoose, L85, F, tera:Normal|43/100 tox\n|turn|18\n|inactive|Time left: 300 sec this turn | 300 sec total\n|\n|t:|1783551440\n|-terastallize|p1a: Dedenne|Flying\n|move|p2a: Zangoose|Quick Attack|p1a: Dedenne\n|-damage|p1a: Dedenne|20/261\n|-enditem|p1a: Dedenne|Sitrus Berry|[eat]\n|-heal|p1a: Dedenne|85/261|[from] item: Sitrus Berry\n|-heal|p1a: Dedenne|172/261|[from] ability: Cheek Pouch\n|move|p1a: Dedenne|Dazzling Gleam|p2a: Zangoose\n|-damage|p2a: Zangoose|0 fnt\n|faint|p2a: Zangoose\n|\n|win|p0x9913dc9", "uploadtime": 1783551440, "views": 0, "rating": 0, "private": 0, "password": null, "_winner": "p0x9913dc9", "_our_name": "p0x9913dc9"}