{"id": "battle-gen9randombattle-1050", "formatid": "gen9randombattle", "format": "[Gen 9] Random Battle", "players": ["p0x10509686", "p0y105086e9"], "log": "|init|battle\n|title|p0x10509686 vs. p0y105086e9\n|j|\u2606p0x10509686\n|j|\u2606p0y105086e9\n|t:|1783551371\n|gametype|singles\n|player|p1|p0x10509686|1|\n|player|p2|p0y105086e9|266|\n|gen|9\n|tier|[Gen 9] Random Battle\n|rule|Species Clause: Limit one of each Pok\u00e9mon\n|rule|HP Percentage Mod: HP is shown in percentages\n|rule|Sleep Clause Mod: Limit one foe put to sleep\n|rule|Illusion Level Mod: Illusion disguises the Pok\u00e9mon's true level\n|\n|t:|1783551371\n|teamsize|p1|6\n|teamsize|p2|6\n|start\n|switch|p1a: Wyrdeer|Wyrdeer, L87, M|100/100\n|switch|p2a: Kommo-o|Kommo-o, L77, M|242/242\n|-ability|p1a: Wyrdeer|Intimidate|boost\n|-unboost|p2a: Kommo-o|atk|1\n|turn|1\n|inactive|Battle timer is ON: inactive players will automatically lose when time's up. (requested by p0x10509686)\n|inactive|Time left: 300 sec this turn | 300 sec total | 60 sec grace\n|inactive|p0y105086e9 also wants the timer to be on.\n|\n|t:|1783551372\n|switch|p2a: Landorus|Landorus-Therian, L76, M|260/260\n|-ability|p2a: Landorus|Intimidate|boost\n|-unboost|p1a: Wyrdeer|atk|1\n|move|p1a: Wyrdeer|Body Slam|p2a: Landorus\n|-damage|p2a: Landorus|185/260\n|\n|-heal|p2a: Landorus|201/260|[from] item: Leftovers\n|upkeep\n|turn|2\n|inactive|Time left: 300 sec this turn | 300 sec total\n|\n|t:|1783551373\n|switch|p1a: Vikavolt|Vikavolt, L83, F|100/100\n|move|p2a: Landorus|Stealth Rock|p1a: Vikavolt\n|-sidestart|p1: p0x10509686|move: Stealth Rock\n|\n|-heal|p2a: Landorus|217/260|[from] item: Leftovers\n|upkeep\n|turn|3\n|inactive|Time left: 300 sec this turn | 300 sec total\n|\n|t:|1783551374\n|move|p2a: Landorus|Stone Edge|p1a: Vikavolt\n|-supereffective|p1a: Vikavolt\n|-damage|p1a: Vikavolt|40/100\n|move|p1a: Vikavolt|Sticky Web|p2a: Landorus\n|-sidestart|p2: p0y105086e9|move: Sticky Web\n|\n|-heal|p2a: Landorus|233/260|[from] item: Leftovers\n|upkeep\n|turn|4\n|inactive|Time left: 300 sec this turn | 300 sec total\n|\n|t:|1783551375\n|switch|p1a: Forretress|Forretress, L84, M|100/100\n|-damage|p1a: Forretress|88/100|[from] Stealth Rock\n|move|p2a: Landorus|Stone Edge|p1a: Forretress\n|-damage|p1a: Forretress|68/100\n|\n|-heal|p2a: Landorus|249/260|[from] item: Leftovers\n|-heal|p1a: Forretress|74/100|[from] item: Leftovers\n|upkeep\n|turn|5\n|inactive|Time left: 300 sec this turn | 300 sec total\n|\n|t:|1783551376\n|move|p2a: Landorus|Earthquake|p1a: Forretress\n|-damage|p1a: Forretress|40/100\n|move|p1a: Forretress|Rapid Spin|p2a: Landorus\n|-damage|p2a: Landorus|213/260\n|-boost|p1a: Forretress|spe|1\n|-sideend|p1: p0x10509686|Stealth Rock|[from] move: Rapid Spin|[of] p1a: Forretress\n|\n|-heal|p2a: Landorus|229/260|[from] item: Leftovers\n|-heal|p1a: Forretress|46/100|[from] item: Leftovers\n|upkeep\n|turn|6\n|inactive|Time left: 300 sec this turn | 300 sec total\n|\n|t:|1783551377\n|move|p2a: Landorus|Earthquake|p1a: Forretress\n|-damage|p1a: Forretress|17/100\n|move|p1a: Forretress|Rapid Spin|p2a: Landorus\n|-damage|p2a: Landorus|194/260\n|-boost|p1a: Forretress|spe|1\n|\n|-heal|p1a: Forretress|23/100|[from] item: Leftovers\n|-heal|p2a: Landorus|210/260|[from] item: Leftovers\n|upkeep\n|turn|7\n|inactive|Time left: 300 sec this turn | 300 sec total\n|\n|t:|1783551378\n|move|p1a: Forretress|Iron Head|p2a: Landorus\n|-damage|p2a: Landorus|123/260\n|cant|p2a: Landorus|flinch\n|\n|-heal|p1a: Forretress|29/100|[from] item: Leftovers\n|-heal|p2a: Landorus|139/260|[from] item: Leftovers\n|upkeep\n|turn|8\n|inactive|Time left: 300 sec this turn | 300 sec total\n|\n|t:|1783551379\n|move|p1a: Forretress|Iron Head|p2a: Landorus\n|-damage|p2a: Landorus|57/260\n|cant|p2a: Landorus|flinch\n|\n|-heal|p1a: Forretress|35/100|[from] item: Leftovers\n|-heal|p2a: Landorus|73/260|[from] item: Leftovers\n|upkeep\n|turn|9\n|inactive|Time left: 300 sec this turn | 300 sec total\n|\n|t:|1783551380\n|switch|p2a: Sableye|Sableye, L88, M|231/231\n|-activate|p2a: Sableye|move: Sticky Web\n|-unboost|p2a: Sableye|spe|1\n|move|p1a: Forretress|Iron Head|p2a: Sableye\n|-damage|p2a: Sableye|149/231\n|\n|-heal|p1a: Forretress|42/100|[from] item: Leftovers\n|-heal|p2a: Sableye|163/231|[from] item: Leftovers\n|upkeep\n|turn|10\n|inactive|Time left: 300 sec this turn | 300 sec total\n|\n|t:|1783551381\n|move|p1a: Forretress|Spikes|p2a: Sableye\n|-sidestart|p2: p0y105086e9|Spikes\n|move|p2a: Sableye|Knock Off|p1a: Forretress\n|-crit|p1a: Forretress\n|-damage|p1a: Forretress|5/100\n|-enditem|p1a: Forretress|Leftovers|[from] move: Knock Off|[of] p2a: Sableye\n|\n|-heal|p2a: Sableye|177/231|[from] item: Leftovers\n|upkeep\n|turn|11\n|inactive|Time left: 300 sec this turn | 300 sec total\n|\n|t:|1783551382\n|move|p1a: Forretress|Iron Head|p2a: Sableye\n|-damage|p2a: Sableye|93/231\n|move|p2a: Sableye|Knock Off|p1a: Forretress\n|-damage|p1a: Forretress|0 fnt\n|faint|p1a: Forretress\n|\n|-heal|p2a: Sableye|107/231|[from] item: Leftovers\n|upkeep\n|\n|t:|1783551383\n|switch|p1a: Incineroar|Incineroar, L82, M|100/100\n|-ability|p1a: Incineroar|Intimidate|boost\n|-unboost|p2a: Sableye|atk|1\n|turn|12\n|inactive|Time left: 300 sec this turn | 300 sec total\n|\n|t:|1783551384\n|move|p2a: Sableye|Will-O-Wisp|p1a: Incineroar\n|-immune|p1a: Incineroar\n|move|p1a: Incineroar|Knock Off|p2a: Sableye\n|-damage|p2a: Sableye|0 fnt\n|-enditem|p2a: Sableye|Leftovers|[from] move: Knock Off|[of] p1a: Incineroar\n|faint|p2a: Sableye\n|\n|upkeep\n|inactive|Time left: 300 sec this turn | 300 sec total | 5 sec grace\n|\n|t:|1783551385\n|switch|p2a: Landorus|Landorus-Therian, L76, M|73/260\n|-ability|p2a: Landorus|Intimidate|boost\n|-unboost|p1a: Incineroar|atk|1\n|turn|13\n|inactive|Time left: 300 sec this turn | 300 sec total\n|\n|t:|1783551386\n|switch|p1a: Mimikyu|Mimikyu, L79, F|100/100\n|move|p2a: Landorus|Earthquake|p1a: Mimikyu\n|-activate|p1a: Mimikyu|ability: Disguise\n|-damage|p1a: Mimikyu|100/100\n|detailschange|p1a: Mimikyu|Mimikyu-Busted, L79, F\n|-damage|p1a: Mimikyu|88/100|[from] pokemon: Mimikyu-Busted\n|\n|-heal|p2a: Landorus|89/260|[from] item: Leftovers\n|upkeep\n|turn|14\n|inactive|Time left: 300 sec this turn | 300 sec total\n|\n|t:|1783551387\n|switch|p2a: Abomasnow|Abomasnow, L84, F|287/287\n|-activate|p2a: Abomasnow|move: Sticky Web\n|-unboost|p2a: Abomasnow|spe|1\n|-damage|p2a: Abomasnow|252/287|[from] Spikes\n|-weather|Snowscape|[from] ability: Snow Warning|[of] p2a: Abomasnow\n|move|p1a: Mimikyu|Play Rough|p2a: Abomasnow\n|-damage|p2a: Abomasnow|181/287\n|-damage|p1a: Mimikyu|78/100|[from] item: Life Orb\n|\n|-weather|Snowscape|[upkeep]\n|upkeep\n|turn|15\n|inactive|Time left: 300 sec this turn | 300 sec total\n|\n|t:|1783551388\n|move|p1a: Mimikyu|Swords Dance|p1a: Mimikyu\n|-boost|p1a: Mimikyu|atk|2\n|move|p2a: Abomasnow|Aurora Veil|p2a: Abomasnow\n|-sidestart|p2: p0y105086e9|move: Aurora Veil\n|\n|-weather|Snowscape|[upkeep]\n|upkeep\n|turn|16\n|inactive|Time left: 300 sec this turn | 300 sec total\n|\n|t:|1783551389\n|move|p1a: Mimikyu|Swords Dance|p1a: Mimikyu\n|-boost|p1a: Mimikyu|atk|2\n|move|p2a: Abomasnow|Blizzard|p1a: Mimikyu\n|-damage|p1a: Mimikyu|31/100\n|\n|-weather|Snowscape|[upkeep]\n|upkeep\n|turn|17\n|inactive|Time left: 300 sec this turn | 300 sec total\n|\n|t:|1783551391\n|move|p2a: Abomasnow|Ice Shard|p1a: Mimikyu\n|-damage|p1a: Mimikyu|9/100\n|move|p1a: Mimikyu|Play Rough|p2a: Abomasnow\n|-damage|p2a: Abomasnow|71/287\n|-damage|p1a: Mimikyu|0 fnt|[from] item: Life Orb\n|faint|p1a: Mimikyu\n|\n|-weather|Snowscape|[upkeep]\n|upkeep\n|\n|t:|1783551392\n|switch|p1a: Jirachi|Jirachi, L80|100/100\n|turn|18\n|inactive|Time left: 300 sec this turn | 300 sec total\n|\n|t:|1783551393\n|switch|p2a: Landorus|Landorus-Therian, L76, M|89/260\n|-ability|p2a: Landorus|Intimidate|boost\n|-unboost|p1a: Jirachi|atk|1\n|move|p1a: Jirachi|Body Slam|p2a: Landorus\n|-damage|p2a: Landorus|67/260\n|-status|p2a: Landorus|par\n|\n|-weather|none\n|-heal|p2a: Landorus|83/260 par|[from] item: Leftovers\n|upkeep\n|turn|19\n|inactive|Time left: 300 sec this turn | 300 sec total\n|\n|t:|1783551394\n|switch|p1a: Wyrdeer|Wyrdeer, L87, M|100/100\n|-ability|p1a: Wyrdeer|Intimidate|boost\n|-unboost|p2a: Landorus|atk|1\n|move|p2a: Landorus|Stealth Rock|p1a: Wyrdeer\n|-sidestart|p1: p0x10509686|move: Stealth Rock\n|\n|-heal|p2a: Landorus|99/260 par|[from] item: Leftovers\n|upkeep\n|turn|20\n|inactive|Time left: 300 sec this turn | 300 sec total\n|\n|t:|1783551395\n|move|p1a: Wyrdeer|Body Slam|p2a: Landorus\n|-damage|p2a: Landorus|46/260 par\n|move|p2a: Landorus|Stone Edge|p1a: Wyrdeer\n|-damage|p1a: Wyrdeer|83/100\n|\n|-heal|p1a: Wyrdeer|89/100|[from] item: Leftovers\n|-heal|p2a: Landorus|62/260 par|[from] item: Leftovers\n|upkeep\n|turn|21\n|inactive|Time left: 300 sec this turn | 300 sec total\n|\n|t:|1783551396\n|move|p1a: Wyrdeer|Body Slam|p2a: Landorus\n|-damage|p2a: Landorus|4/260 par\n|cant|p2a: Landorus|par\n|\n|-heal|p1a: Wyrdeer|95/100|[from] item: Leftovers\n|-heal|p2a: Landorus|20/260 par|[from] item: Leftovers\n|upkeep\n|turn|22\n|inactive|Time left: 300 sec this turn | 300 sec total\n|\n|t:|1783551397\n|move|p1a: Wyrdeer|Psychic Noise|p2a: Landorus\n|-damage|p2a: Landorus|0 fnt\n|faint|p2a: Landorus\n|\n|-heal|p1a: Wyrdeer|100/100|[from] item: Leftovers\n|-sideend|p2: p0y105086e9|move: Aurora Veil\n|upkeep\n|inactive|Time left: 300 sec this turn | 300 sec total | 5 sec grace\n|\n|t:|1783551398\n|switch|p2a: Kommo-o|Kommo-o, L77, M|242/242\n|-activate|p2a: Kommo-o|move: Sticky Web\n|-unboost|p2a: Kommo-o|spe|1\n|-damage|p2a: Kommo-o|212/242|[from] Spikes\n|turn|23\n|inactive|Time left: 300 sec this turn | 300 sec total\n|\n|t:|1783551399\n|move|p1a: Wyrdeer|Body Slam|p2a: Kommo-o\n|-damage|p2a: Kommo-o|134/242\n|move|p2a: Kommo-o|Swords Dance|p2a: Kommo-o\n|-boost|p2a: Kommo-o|atk|2\n|\n|upkeep\n|turn|24\n|inactive|Time left: 300 sec this turn | 300 sec total\n|\n|t:|1783551401\n|move|p1a: Wyrdeer|Body Slam|p2a: Kommo-o\n|-damage|p2a: Kommo-o|47/242\n|-status|p2a: Kommo-o|par\n|move|p2a: Kommo-o|Scale Shot|p1a: Wyrdeer\n|-damage|p1a: Wyrdeer|84/100\n|-damage|p1a: Wyrdeer|65/100\n|-damage|p1a: Wyrdeer|48/100\n|-damage|p1a: Wyrdeer|30/100\n|-hitcount|p1a: Wyrdeer|4\n|-unboost|p2a: Kommo-o|def|1\n|-boost|p2a: Kommo-o|spe|1\n|\n|-heal|p1a: Wyrdeer|36/100|[from] item: Leftovers\n|upkeep\n|turn|25\n|inactive|Time left: 300 sec this turn | 300 sec total\n|\n|t:|1783551402\n|move|p1a: Wyrdeer|Body Slam|p2a: Kommo-o\n|-damage|p2a: Kommo-o|0 fnt\n|faint|p2a: Kommo-o\n|\n|-heal|p1a: Wyrdeer|42/100|[from] item: Leftovers\n|upkeep\n|inactive|Time left: 300 sec this turn | 300 sec total | 5 sec grace\n|\n|t:|1783551403\n|switch|p2a: Abomasnow|Abomasnow, L84, F|71/287\n|-activate|p2a: Abomasnow|move: Sticky Web\n|-unboost|p2a: Abomasnow|spe|1\n|-damage|p2a: Abomasnow|36/287|[from] Spikes\n|-weather|Snowscape|[from] ability: Snow Warning|[of] p2a: Abomasnow\n|turn|26\n|inactive|Time left: 300 sec this turn | 300 sec total\n|\n|t:|1783551404\n|move|p2a: Abomasnow|Ice Shard|p1a: Wyrdeer\n|-damage|p1a: Wyrdeer|28/100\n|move|p1a: Wyrdeer|Body Slam|p2a: Abomasnow\n|-damage|p2a: Abomasnow|0 fnt\n|faint|p2a: Abomasnow\n|\n|-weather|Snowscape|[upkeep]\n|-heal|p1a: Wyrdeer|34/100|[from] item: Leftovers\n|upkeep\n|inactive|Time left: 300 sec this turn | 300 sec total | 5 sec grace\n|\n|t:|1783551405\n|switch|p2a: Blissey|Blissey, L85, F|572/572\n|-activate|p2a: Blissey|move: Sticky Web\n|-unboost|p2a: Blissey|spe|1\n|-damage|p2a: Blissey|501/572|[from] Spikes\n|turn|27\n|inactive|Time left: 300 sec this turn | 300 sec total\n|\n|t:|1783551406\n|move|p1a: Wyrdeer|Body Slam|p2a: Blissey\n|-damage|p2a: Blissey|212/572\n|move|p2a: Blissey|Thunder Wave|p1a: Wyrdeer\n|-status|p1a: Wyrdeer|par\n|\n|-weather|Snowscape|[upkeep]\n|-heal|p2a: Blissey|247/572|[from] item: Leftovers\n|-heal|p1a: Wyrdeer|40/100 par|[from] item: Leftovers\n|upkeep\n|turn|28\n|inactive|Time left: 300 sec this turn | 300 sec total\n|\n|t:|1783551407\n|move|p2a: Blissey|Soft-Boiled|p2a: Blissey\n|-heal|p2a: Blissey|533/572\n|move|p1a: Wyrdeer|Body Slam|p2a: Blissey\n|-damage|p2a: Blissey|244/572\n|-status|p2a: Blissey|par\n|\n|-weather|Snowscape|[upkeep]\n|-heal|p1a: Wyrdeer|47/100 par|[from] item: Leftovers\n|-heal|p2a: Blissey|279/572 par|[from] item: Leftovers\n|upkeep\n|turn|29\n|inactive|Time left: 300 sec this turn | 300 sec total\n|\n|t:|1783551408\n|move|p1a: Wyrdeer|Earthquake|p2a: Blissey\n|-damage|p2a: Blissey|50/572 par\n|move|p2a: Blissey|Soft-Boiled|p2a: Blissey\n|-heal|p2a: Blissey|336/572 par\n|\n|-weather|Snowscape|[upkeep]\n|-heal|p1a: Wyrdeer|53/100 par|[from] item: Leftovers\n|-heal|p2a: Blissey|371/572 par|[from] item: Leftovers\n|upkeep\n|turn|30\n|inactive|Time left: 300 sec this turn | 300 sec total\n|\n|t:|1783551409\n|cant|p1a: Wyrdeer|par\n|move|p2a: Blissey|Soft-Boiled|p2a: Blissey\n|-heal|p2a: Blissey|572/572 par\n|\n|-weather|none\n|-heal|p1a: Wyrdeer|59/100 par|[from] item: Leftovers\n|upkeep\n|turn|31\n|inactive|Time left: 300 sec this turn | 300 sec total\n|\n|t:|1783551409\n|-curestatus|p2a: Blissey|par|[from] ability: Natural Cure|[silent]\n|switch|p2a: Iron Valiant|Iron Valiant, L78|244/244\n|-activate|p2a: Iron Valiant|move: Sticky Web\n|-unboost|p2a: Iron Valiant|spe|1\n|-damage|p2a: Iron Valiant|214/244|[from] Spikes\n|cant|p1a: Wyrdeer|par\n|\n|-heal|p1a: Wyrdeer|65/100 par|[from] item: Leftovers\n|upkeep\n|turn|32\n|inactive|Time left: 300 sec this turn | 300 sec total\n|\n|t:|1783551411\n|-terastallize|p1a: Wyrdeer|Ground\n|move|p2a: Iron Valiant|Knock Off|p1a: Wyrdeer\n|-damage|p1a: Wyrdeer|30/100 par\n|-enditem|p1a: Wyrdeer|Leftovers|[from] move: Knock Off|[of] p2a: Iron Valiant\n|-damage|p2a: Iron Valiant|190/244|[from] item: Life Orb\n|move|p1a: Wyrdeer|Psychic Noise|p2a: Iron Valiant\n|-supereffective|p2a: Iron Valiant\n|-damage|p2a: Iron Valiant|0 fnt\n|faint|p2a: Iron Valiant\n|-end|p2a: Iron Valiant|Quark Drive|[silent]\n|\n|upkeep\n|inactive|Time left: 300 sec this turn | 300 sec total | 5 sec grace\n|\n|t:|1783551411\n|switch|p2a: Blissey|Blissey, L85, F|572/572\n|-activate|p2a: Blissey|move: Sticky Web\n|-unboost|p2a: Blissey|spe|1\n|-damage|p2a: Blissey|501/572|[from] Spikes\n|turn|33\n|inactive|Time left: 300 sec this turn | 300 sec total\n|\n|t:|1783551412\n|move|p2a: Blissey|Seismic Toss|p1a: Wyrdeer\n|-damage|p1a: Wyrdeer|4/100 par\n|cant|p1a: Wyrdeer|par\n|\n|-heal|p2a: Blissey|536/572|[from] item: Leftovers\n|upkeep\n|turn|34\n|inactive|Time left: 300 sec this turn | 300 sec total\n|\n|t:|1783551413\n|move|p2a: Blissey|Seismic Toss|p1a: Wyrdeer\n|-damage|p1a: Wyrdeer|0 fnt\n|faint|p1a: Wyrdeer\n|\n|-heal|p2a: Blissey|571/572|[from] item: Leftovers\n|upkeep\n|\n|t:|1783551414\n|switch|p1a: Incineroar|Incineroar, L82, M|100/100\n|-damage|p1a: Incineroar|76/100|[from] Stealth Rock\n|-ability|p1a: Incineroar|Intimidate|boost\n|-unboost|p2a: Blissey|atk|1\n|turn|35\n|inactive|Time left: 300 sec this turn | 300 sec total\n|\n|t:|1783551415\n|move|p1a: Incineroar|Close Combat|p2a: Blissey\n|-supereffective|p2a: Blissey\n|-crit|p2a: Blissey\n|-damage|p2a: Blissey|0 fnt\n|-unboost|p1a: Incineroar|def|1\n|-unboost|p1a: Incineroar|spd|1\n|faint|p2a: Blissey\n|\n|win|p0x10509686", "uploadtime": 1783551415, "views": 0, "rating": 0, "private": 0, "password": null, "_winner": "p0x10509686", "_our_name": "p0y105086e9"}