{"id": "battle-gen9randombattle-311", "formatid": "gen9randombattle", "format": "[Gen 9] Random Battle", "players": ["p0x31180ec", "p0y311f4fa"], "log": "|init|battle\n|title|p0x31180ec vs. p0y311f4fa\n|j|\u2606p0x31180ec\n|j|\u2606p0y311f4fa\n|t:|1783542683\n|gametype|singles\n|player|p1|p0x31180ec|265|\n|player|p2|p0y311f4fa|2|\n|gen|9\n|tier|[Gen 9] Random Battle\n|rule|Species Clause: Limit one of each Pok\u00e9mon\n|rule|HP Percentage Mod: HP is shown in percentages\n|rule|Sleep Clause Mod: Limit one foe put to sleep\n|rule|Illusion Level Mod: Illusion disguises the Pok\u00e9mon's true level\n|\n|t:|1783542683\n|teamsize|p1|6\n|teamsize|p2|6\n|start\n|switch|p1a: Entei|Entei, L78|307/307\n|switch|p2a: Vikavolt|Vikavolt, L83, F|100/100\n|turn|1\n|inactive|Battle timer is ON: inactive players will automatically lose when time's up. (requested by p0x31180ec)\n|inactive|p0y311f4fa also wants the timer to be on.\n|\n|t:|1783542685\n|-terastallize|p2a: Vikavolt|Electric\n|move|p1a: Entei|Sacred Fire|p2a: Vikavolt\n|-damage|p2a: Vikavolt|43/100\n|-status|p2a: Vikavolt|brn\n|move|p2a: Vikavolt|Sticky Web|p1a: Entei\n|-sidestart|p1: p0x31180ec|move: Sticky Web\n|\n|-damage|p2a: Vikavolt|37/100 brn|[from] brn\n|upkeep\n|turn|2\n|inactive|Time left: 300 sec this turn | 300 sec total\n|\n|t:|1783542687\n|switch|p2a: Milotic|Milotic, L83, M|100/100\n|move|p1a: Entei|Sacred Fire|p2a: Milotic\n|-resisted|p2a: Milotic\n|-damage|p2a: Milotic|70/100\n|\n|-heal|p2a: Milotic|76/100|[from] item: Leftovers\n|upkeep\n|turn|3\n|inactive|Time left: 300 sec this turn | 300 sec total\n|\n|t:|1783542688\n|move|p1a: Entei|Sacred Fire|p2a: Milotic\n|-resisted|p2a: Milotic\n|-damage|p2a: Milotic|47/100\n|-status|p2a: Milotic|brn\n|move|p2a: Milotic|Scald|p1a: Entei\n|-supereffective|p1a: Entei\n|-damage|p1a: Entei|85/307\n|\n|-heal|p2a: Milotic|53/100 brn|[from] item: Leftovers\n|-damage|p2a: Milotic|47/100 brn|[from] brn\n|upkeep\n|turn|4\n|inactive|Time left: 300 sec this turn | 300 sec total\n|\n|t:|1783542689\n|move|p1a: Entei|Sacred Fire|p2a: Milotic\n|-resisted|p2a: Milotic\n|-damage|p2a: Milotic|16/100 brn\n|move|p2a: Milotic|Recover|p2a: Milotic\n|-heal|p2a: Milotic|66/100 brn\n|\n|-heal|p2a: Milotic|72/100 brn|[from] item: Leftovers\n|-damage|p2a: Milotic|66/100 brn|[from] brn\n|upkeep\n|turn|5\n|inactive|Time left: 300 sec this turn | 300 sec total\n|\n|t:|1783542690\n|move|p1a: Entei|Sacred Fire|p2a: Milotic|[miss]\n|-miss|p1a: Entei|p2a: Milotic\n|move|p2a: Milotic|Scald|p1a: Entei\n|-supereffective|p1a: Entei\n|-damage|p1a: Entei|0 fnt\n|faint|p1a: Entei\n|\n|-heal|p2a: Milotic|72/100 brn|[from] item: Leftovers\n|-damage|p2a: Milotic|66/100 brn|[from] brn\n|upkeep\n|inactive|Time left: 300 sec this turn | 300 sec total | 5 sec grace\n|\n|t:|1783542691\n|switch|p1a: Terapagos|Terapagos, L77, F|265/265\n|-activate|p1a: Terapagos|ability: Tera Shift\n|detailschange|p1a: Terapagos|Terapagos-Terastal, L77, F\n|-heal|p1a: Terapagos|273/273|[silent]\n|turn|6\n|inactive|Time left: 300 sec this turn | 300 sec total\n|\n|t:|1783542693\n|move|p2a: Milotic|Ice Beam|p1a: Terapagos\n|-activate|p1a: Terapagos|ability: Tera Shell\n|-resisted|p1a: Terapagos\n|-damage|p1a: Terapagos|243/273\n|move|p1a: Terapagos|Rapid Spin|p2a: Milotic\n|-damage|p2a: Milotic|50/100 brn\n|-boost|p1a: Terapagos|spe|1\n|-sideend|p1: p0x31180ec|Sticky Web|[from] move: Rapid Spin|[of] p1a: Terapagos\n|\n|-heal|p2a: Milotic|56/100 brn|[from] item: Leftovers\n|-damage|p2a: Milotic|50/100 brn|[from] brn\n|upkeep\n|turn|7\n|inactive|Time left: 300 sec this turn | 300 sec total\n|\n|t:|1783542693\n|move|p1a: Terapagos|Rapid Spin|p2a: Milotic\n|-damage|p2a: Milotic|33/100 brn\n|-boost|p1a: Terapagos|spe|1\n|move|p2a: Milotic|Recover|p2a: Milotic\n|-heal|p2a: Milotic|83/100 brn\n|\n|-heal|p2a: Milotic|89/100 brn|[from] item: Leftovers\n|-damage|p2a: Milotic|83/100 brn|[from] brn\n|upkeep\n|turn|8\n|inactive|Time left: 300 sec this turn | 300 sec total\n|\n|t:|1783542694\n|move|p1a: Terapagos|Calm Mind|p1a: Terapagos\n|-boost|p1a: Terapagos|spa|1\n|-boost|p1a: Terapagos|spd|1\n|move|p2a: Milotic|Dragon Tail|p1a: Terapagos\n|-damage|p1a: Terapagos|230/273\n|drag|p1a: Sandaconda|Sandaconda, L84, F|258/258\n|\n|-heal|p2a: Milotic|89/100 brn|[from] item: Leftovers\n|-damage|p2a: Milotic|83/100 brn|[from] brn\n|upkeep\n|turn|9\n|inactive|Time left: 300 sec this turn | 300 sec total\n|\n|t:|1783542696\n|move|p2a: Milotic|Scald|p1a: Sandaconda\n|-supereffective|p1a: Sandaconda\n|-damage|p1a: Sandaconda|60/258\n|move|p1a: Sandaconda|Earthquake|p2a: Milotic\n|-damage|p2a: Milotic|40/100 brn\n|\n|-heal|p2a: Milotic|46/100 brn|[from] item: Leftovers\n|-damage|p2a: Milotic|40/100 brn|[from] brn\n|upkeep\n|turn|10\n|inactive|Time left: 300 sec this turn | 300 sec total\n|\n|t:|1783542697\n|switch|p1a: Torkoal|Torkoal, L88, M|266/266\n|-weather|SunnyDay|[from] ability: Drought|[of] p1a: Torkoal\n|move|p2a: Milotic|Ice Beam|p1a: Torkoal\n|-resisted|p1a: Torkoal\n|-damage|p1a: Torkoal|227/266\n|\n|-weather|SunnyDay|[upkeep]\n|-heal|p2a: Milotic|46/100 brn|[from] item: Leftovers\n|-damage|p2a: Milotic|40/100 brn|[from] brn\n|upkeep\n|turn|11\n|inactive|Time left: 300 sec this turn | 300 sec total\n|\n|t:|1783542698\n|move|p2a: Milotic|Recover|p2a: Milotic\n|-heal|p2a: Milotic|90/100 brn\n|move|p1a: Torkoal|Solar Beam||[still]\n|-prepare|p1a: Torkoal|Solar Beam\n|-anim|p1a: Torkoal|Solar Beam|p2a: Milotic\n|-supereffective|p2a: Milotic\n|-damage|p2a: Milotic|44/100 brn\n|\n|-weather|SunnyDay|[upkeep]\n|-heal|p2a: Milotic|50/100 brn|[from] item: Leftovers\n|-damage|p2a: Milotic|44/100 brn|[from] brn\n|upkeep\n|turn|12\n|inactive|Time left: 300 sec this turn | 300 sec total\n|\n|t:|1783542699\n|move|p2a: Milotic|Recover|p2a: Milotic\n|-heal|p2a: Milotic|94/100 brn\n|move|p1a: Torkoal|Solar Beam||[still]\n|-prepare|p1a: Torkoal|Solar Beam\n|-anim|p1a: Torkoal|Solar Beam|p2a: Milotic\n|-supereffective|p2a: Milotic\n|-damage|p2a: Milotic|49/100 brn\n|\n|-weather|SunnyDay|[upkeep]\n|-heal|p2a: Milotic|55/100 brn|[from] item: Leftovers\n|-damage|p2a: Milotic|49/100 brn|[from] brn\n|upkeep\n|turn|13\n|inactive|Time left: 300 sec this turn | 300 sec total\n|\n|t:|1783542700\n|move|p2a: Milotic|Recover|p2a: Milotic\n|-heal|p2a: Milotic|99/100 brn\n|move|p1a: Torkoal|Solar Beam||[still]\n|-prepare|p1a: Torkoal|Solar Beam\n|-anim|p1a: Torkoal|Solar Beam|p2a: Milotic\n|-supereffective|p2a: Milotic\n|-damage|p2a: Milotic|57/100 brn\n|\n|-weather|SunnyDay|[upkeep]\n|-heal|p2a: Milotic|64/100 brn|[from] item: Leftovers\n|-damage|p2a: Milotic|57/100 brn|[from] brn\n|upkeep\n|turn|14\n|inactive|Time left: 300 sec this turn | 300 sec total\n|\n|t:|1783542701\n|move|p2a: Milotic|Recover|p2a: Milotic\n|-heal|p2a: Milotic|100/100 brn\n|move|p1a: Torkoal|Stealth Rock|p2a: Milotic\n|-sidestart|p2: p0y311f4fa|move: Stealth Rock\n|\n|-weather|none\n|-damage|p2a: Milotic|94/100 brn|[from] brn\n|upkeep\n|turn|15\n|inactive|Time left: 300 sec this turn | 300 sec total\n|\n|t:|1783542702\n|switch|p1a: Terapagos|Terapagos-Terastal, L77, F|230/273\n|move|p2a: Milotic|Scald|p1a: Terapagos\n|-damage|p1a: Terapagos|157/273\n|\n|-heal|p2a: Milotic|100/100 brn|[from] item: Leftovers\n|-damage|p2a: Milotic|94/100 brn|[from] brn\n|upkeep\n|turn|16\n|inactive|Time left: 300 sec this turn | 300 sec total\n|\n|t:|1783542703\n|move|p2a: Milotic|Scald|p1a: Terapagos\n|-damage|p1a: Terapagos|72/273\n|move|p1a: Terapagos|Calm Mind|p1a: Terapagos\n|-boost|p1a: Terapagos|spa|1\n|-boost|p1a: Terapagos|spd|1\n|\n|-heal|p2a: Milotic|100/100 brn|[from] item: Leftovers\n|-damage|p2a: Milotic|94/100 brn|[from] brn\n|upkeep\n|turn|17\n|inactive|Time left: 300 sec this turn | 300 sec total\n|\n|t:|1783542704\n|move|p2a: Milotic|Scald|p1a: Terapagos\n|-damage|p1a: Terapagos|23/273\n|move|p1a: Terapagos|Tera Starstorm|p2a: Milotic\n|-damage|p2a: Milotic|50/100 brn\n|\n|-heal|p2a: Milotic|56/100 brn|[from] item: Leftovers\n|-damage|p2a: Milotic|50/100 brn|[from] brn\n|upkeep\n|turn|18\n|inactive|Time left: 300 sec this turn | 300 sec total\n|\n|t:|1783542704\n|move|p2a: Milotic|Ice Beam|p1a: Terapagos\n|-damage|p1a: Terapagos|0 fnt\n|faint|p1a: Terapagos\n|\n|-heal|p2a: Milotic|56/100 brn|[from] item: Leftovers\n|-damage|p2a: Milotic|50/100 brn|[from] brn\n|upkeep\n|inactive|Time left: 300 sec this turn | 300 sec total | 5 sec grace\n|\n|t:|1783542705\n|switch|p1a: Feraligatr|Feraligatr, L79, M|264/264\n|turn|19\n|inactive|Time left: 300 sec this turn | 300 sec total\n|\n|t:|1783542706\n|move|p2a: Milotic|Recover|p2a: Milotic\n|-heal|p2a: Milotic|100/100 brn\n|move|p1a: Feraligatr|Dragon Dance|p1a: Feraligatr\n|-boost|p1a: Feraligatr|atk|1\n|-boost|p1a: Feraligatr|spe|1\n|\n|-damage|p2a: Milotic|94/100 brn|[from] brn\n|upkeep\n|turn|20\n|inactive|Time left: 300 sec this turn | 300 sec total\n|\n|t:|1783542707\n|move|p1a: Feraligatr|Crunch|p2a: Milotic\n|-damage|p2a: Milotic|47/100 brn\n|move|p2a: Milotic|Dragon Tail|p1a: Feraligatr\n|-damage|p1a: Feraligatr|249/264\n|drag|p1a: Breloom|Breloom, L83, F|235/235\n|\n|-heal|p2a: Milotic|53/100 brn|[from] item: Leftovers\n|-damage|p2a: Milotic|47/100 brn|[from] brn\n|upkeep\n|turn|21\n|inactive|Time left: 300 sec this turn | 300 sec total\n|\n|t:|1783542708\n|move|p2a: Milotic|Ice Beam|p1a: Breloom\n|-supereffective|p1a: Breloom\n|-damage|p1a: Breloom|51/235\n|move|p1a: Breloom|Bullet Seed|p2a: Milotic\n|-supereffective|p2a: Milotic\n|-damage|p2a: Milotic|0 fnt\n|faint|p2a: Milotic\n|-hitcount|p2: Milotic|1\n|-damage|p1a: Breloom|28/235|[from] item: Life Orb\n|\n|upkeep\n|\n|t:|1783542709\n|switch|p2a: Altaria|Altaria, L89, M|100/100\n|turn|22\n|inactive|Time left: 300 sec this turn | 300 sec total\n|\n|t:|1783542710\n|move|p2a: Altaria|Brave Bird|p1a: Breloom\n|-supereffective|p1a: Breloom\n|-damage|p1a: Breloom|0 fnt\n|faint|p1a: Breloom\n|-damage|p2a: Altaria|97/100|[from] Recoil\n|\n|upkeep\n|inactive|Time left: 300 sec this turn | 300 sec total | 5 sec grace\n|\n|t:|1783542711\n|switch|p1a: Feraligatr|Feraligatr, L79, M|249/264\n|turn|23\n|inactive|Time left: 300 sec this turn | 300 sec total\n|\n|t:|1783542712\n|switch|p2a: Crawdaunt|Crawdaunt, L84, F|100/100\n|-damage|p2a: Crawdaunt|88/100|[from] Stealth Rock\n|move|p1a: Feraligatr|Dragon Dance|p1a: Feraligatr\n|-boost|p1a: Feraligatr|atk|1\n|-boost|p1a: Feraligatr|spe|1\n|\n|upkeep\n|turn|24\n|inactive|Time left: 300 sec this turn | 300 sec total\n|\n|t:|1783542713\n|move|p1a: Feraligatr|Liquidation|p2a: Crawdaunt\n|-resisted|p2a: Crawdaunt\n|-damage|p2a: Crawdaunt|45/100\n|move|p2a: Crawdaunt|Knock Off|p1a: Feraligatr\n|-damage|p1a: Feraligatr|54/264\n|-enditem|p1a: Feraligatr|Life Orb|[from] move: Knock Off|[of] p2a: Crawdaunt\n|-damage|p2a: Crawdaunt|35/100|[from] item: Life Orb\n|\n|upkeep\n|turn|25\n|inactive|Time left: 300 sec this turn | 300 sec total\n|\n|t:|1783542714\n|move|p1a: Feraligatr|Liquidation|p2a: Crawdaunt\n|-resisted|p2a: Crawdaunt\n|-damage|p2a: Crawdaunt|0 fnt\n|faint|p2a: Crawdaunt\n|\n|upkeep\n|\n|t:|1783542715\n|switch|p2a: Kyurem|Kyurem-White, L73|100/100\n|-damage|p2a: Kyurem|76/100|[from] Stealth Rock\n|-ability|p2a: Kyurem|Turboblaze\n|turn|26\n|inactive|Time left: 300 sec this turn | 300 sec total\n|\n|t:|1783542716\n|move|p2a: Kyurem|Ice Beam|p1a: Feraligatr\n|-resisted|p1a: Feraligatr\n|-damage|p1a: Feraligatr|0 fnt\n|faint|p1a: Feraligatr\n|\n|upkeep\n|inactive|Time left: 300 sec this turn | 300 sec total | 5 sec grace\n|\n|t:|1783542717\n|switch|p1a: Torkoal|Torkoal, L88, M|227/266\n|-weather|SunnyDay|[from] ability: Drought|[of] p1a: Torkoal\n|turn|27\n|inactive|Time left: 300 sec this turn | 300 sec total\n|\n|t:|1783542718\n|switch|p2a: Altaria|Altaria, L89, M|97/100\n|move|p1a: Torkoal|Lava Plume|p2a: Altaria\n|-resisted|p2a: Altaria\n|-damage|p2a: Altaria|79/100\n|\n|-weather|SunnyDay|[upkeep]\n|upkeep\n|turn|28\n|inactive|Time left: 300 sec this turn | 300 sec total\n|\n|t:|1783542719\n|move|p2a: Altaria|Dragon Dance|p2a: Altaria\n|-boost|p2a: Altaria|atk|1\n|-boost|p2a: Altaria|spe|1\n|move|p1a: Torkoal|Lava Plume|p2a: Altaria\n|-resisted|p2a: Altaria\n|-damage|p2a: Altaria|61/100\n|\n|-weather|SunnyDay|[upkeep]\n|upkeep\n|turn|29\n|inactive|Time left: 300 sec this turn | 300 sec total\n|\n|t:|1783542720\n|move|p2a: Altaria|Earthquake|p1a: Torkoal\n|-supereffective|p1a: Torkoal\n|-crit|p1a: Torkoal\n|-damage|p1a: Torkoal|51/266\n|move|p1a: Torkoal|Lava Plume|p2a: Altaria\n|-resisted|p2a: Altaria\n|-damage|p2a: Altaria|42/100\n|\n|-weather|SunnyDay|[upkeep]\n|upkeep\n|turn|30\n|inactive|Time left: 300 sec this turn | 300 sec total\n|\n|t:|1783542721\n|switch|p1a: Sandaconda|Sandaconda, L84, F|60/258\n|move|p2a: Altaria|Brave Bird|p1a: Sandaconda\n|-damage|p1a: Sandaconda|0 fnt\n|faint|p1a: Sandaconda\n|-damage|p2a: Altaria|35/100|[from] Recoil\n|\n|-weather|SunnyDay|[upkeep]\n|upkeep\n|inactive|Time left: 300 sec this turn | 300 sec total | 5 sec grace\n|\n|t:|1783542722\n|switch|p1a: Torkoal|Torkoal, L88, M|51/266\n|turn|31\n|inactive|Time left: 300 sec this turn | 300 sec total\n|\n|t:|1783542723\n|move|p2a: Altaria|Brave Bird|p1a: Torkoal\n|-damage|p1a: Torkoal|0 fnt\n|faint|p1a: Torkoal\n|-damage|p2a: Altaria|29/100|[from] Recoil\n|\n|win|p0y311f4fa", "uploadtime": 1783542723, "views": 0, "rating": 0, "private": 0, "password": null, "_winner": "p0y311f4fa", "_our_name": "p0x31180ec"}