{"id": "battle-gen9randombattle-652", "formatid": "gen9randombattle", "format": "[Gen 9] Random Battle", "players": ["p0x652d0f2", "p0y6527fe5"], "log": "|init|battle\n|title|p0x652d0f2 vs. p0y6527fe5\n|j|\u2606p0x652d0f2\n|j|\u2606p0y6527fe5\n|t:|1783547391\n|gametype|singles\n|player|p1|p0x652d0f2|102|\n|player|p2|p0y6527fe5|101|\n|gen|9\n|tier|[Gen 9] Random Battle\n|rule|Species Clause: Limit one of each Pok\u00e9mon\n|rule|HP Percentage Mod: HP is shown in percentages\n|rule|Sleep Clause Mod: Limit one foe put to sleep\n|rule|Illusion Level Mod: Illusion disguises the Pok\u00e9mon's true level\n|\n|t:|1783547391\n|teamsize|p1|6\n|teamsize|p2|6\n|start\n|switch|p1a: Cloyster|Cloyster, L80, M|211/211\n|switch|p2a: Mabosstiff|Mabosstiff, L86, F|100/100\n|turn|1\n|inactive|Battle timer is ON: inactive players will automatically lose when time's up. (requested by p0y6527fe5)\n|inactive|Time left: 300 sec this turn | 300 sec total | 60 sec grace\n|inactive|p0x652d0f2 also wants the timer to be on.\n|\n|t:|1783547392\n|move|p2a: Mabosstiff|Crunch|p1a: Cloyster\n|-damage|p1a: Cloyster|124/211\n|move|p1a: Cloyster|Shell Smash|p1a: Cloyster\n|-unboost|p1a: Cloyster|def|1\n|-unboost|p1a: Cloyster|spd|1\n|-boost|p1a: Cloyster|atk|2\n|-boost|p1a: Cloyster|spa|2\n|-boost|p1a: Cloyster|spe|2\n|-enditem|p1a: Cloyster|White Herb\n|-clearnegativeboost|p1a: Cloyster|[silent]\n|\n|upkeep\n|turn|2\n|inactive|Time left: 300 sec this turn | 300 sec total\n|\n|t:|1783547393\n|-terastallize|p2a: Mabosstiff|Dark\n|move|p1a: Cloyster|Icicle Spear|p2a: Mabosstiff\n|-damage|p2a: Mabosstiff|83/100\n|-damage|p2a: Mabosstiff|67/100\n|-damage|p2a: Mabosstiff|51/100\n|-crit|p2a: Mabosstiff\n|-damage|p2a: Mabosstiff|27/100\n|-damage|p2a: Mabosstiff|10/100\n|-hitcount|p2a: Mabosstiff|5\n|move|p2a: Mabosstiff|Crunch|p1a: Cloyster\n|-damage|p1a: Cloyster|6/211\n|\n|upkeep\n|turn|3\n|inactive|Time left: 300 sec this turn | 300 sec total\n|\n|t:|1783547394\n|move|p1a: Cloyster|Icicle Spear|p2a: Mabosstiff\n|-damage|p2a: Mabosstiff|0 fnt\n|faint|p2a: Mabosstiff\n|-hitcount|p2: Mabosstiff|1\n|\n|upkeep\n|\n|t:|1783547395\n|switch|p2a: Wigglytuff|Wigglytuff, L96, F|100/100\n|turn|4\n|inactive|Time left: 300 sec this turn | 300 sec total\n|\n|t:|1783547396\n|move|p1a: Cloyster|Icicle Spear|p2a: Wigglytuff\n|-damage|p2a: Wigglytuff|86/100\n|-damage|p2a: Wigglytuff|70/100\n|-damage|p2a: Wigglytuff|54/100\n|-damage|p2a: Wigglytuff|37/100\n|-damage|p2a: Wigglytuff|21/100\n|-hitcount|p2a: Wigglytuff|5\n|move|p2a: Wigglytuff|Knock Off|p1a: Cloyster\n|-damage|p1a: Cloyster|0 fnt\n|faint|p1a: Cloyster\n|\n|-heal|p2a: Wigglytuff|27/100|[from] item: Leftovers\n|upkeep\n|inactive|Time left: 300 sec this turn | 300 sec total | 5 sec grace\n|\n|t:|1783547397\n|switch|p1a: Serperior|Serperior, L79, M|248/248\n|turn|5\n|inactive|Time left: 300 sec this turn | 300 sec total\n|\n|t:|1783547399\n|move|p2a: Wigglytuff|Protect|p2a: Wigglytuff\n|-singleturn|p2a: Wigglytuff|Protect\n|move|p1a: Serperior|Leaf Storm|p2a: Wigglytuff\n|-activate|p2a: Wigglytuff|move: Protect\n|\n|-heal|p2a: Wigglytuff|33/100|[from] item: Leftovers\n|upkeep\n|turn|6\n|inactive|Time left: 300 sec this turn | 300 sec total\n|\n|t:|1783547400\n|switch|p2a: Kyurem|Kyurem-Black, L71|100/100\n|-ability|p2a: Kyurem|Teravolt\n|move|p1a: Serperior|Leaf Storm|p2a: Kyurem\n|-resisted|p2a: Kyurem\n|-damage|p2a: Kyurem|75/100\n|-boost|p1a: Serperior|spa|2\n|-damage|p1a: Serperior|224/248|[from] item: Life Orb\n|\n|upkeep\n|turn|7\n|inactive|Time left: 300 sec this turn | 300 sec total\n|\n|t:|1783547401\n|-terastallize|p1a: Serperior|Rock\n|move|p1a: Serperior|Tera Blast|p2a: Kyurem|[anim] Tera Blast Rock\n|-supereffective|p2a: Kyurem\n|-damage|p2a: Kyurem|0 fnt\n|faint|p2a: Kyurem\n|-damage|p1a: Serperior|200/248|[from] item: Life Orb\n|\n|upkeep\n|\n|t:|1783547402\n|switch|p2a: Shaymin|Shaymin, L82|100/100\n|turn|8\n|inactive|Time left: 300 sec this turn | 300 sec total\n|\n|t:|1783547403\n|move|p1a: Serperior|Leaf Storm|p2a: Shaymin\n|-resisted|p2a: Shaymin\n|-damage|p2a: Shaymin|62/100\n|-boost|p1a: Serperior|spa|2\n|-damage|p1a: Serperior|176/248|[from] item: Life Orb\n|move|p2a: Shaymin|Seed Flare|p1a: Serperior\n|-supereffective|p1a: Serperior\n|-damage|p1a: Serperior|0 fnt\n|faint|p1a: Serperior\n|\n|-heal|p2a: Shaymin|68/100|[from] item: Leftovers\n|upkeep\n|inactive|Time left: 300 sec this turn | 300 sec total | 5 sec grace\n|\n|t:|1783547404\n|switch|p1a: Toucannon|Toucannon, L88, F|284/284\n|turn|9\n|inactive|Time left: 300 sec this turn | 300 sec total\n|\n|t:|1783547405\n|switch|p2a: Giratina|Giratina, L75|100/100\n|-ability|p2a: Giratina|Pressure\n|-singleturn|p1a: Toucannon|move: Beak Blast\n|move|p1a: Toucannon|Beak Blast|p2a: Giratina\n|-damage|p2a: Giratina|65/100\n|\n|-heal|p2a: Giratina|71/100|[from] item: Leftovers\n|upkeep\n|turn|10\n|inactive|Time left: 300 sec this turn | 300 sec total\n|\n|t:|1783547406\n|-singleturn|p1a: Toucannon|move: Beak Blast\n|move|p2a: Giratina|Calm Mind|p2a: Giratina\n|-boost|p2a: Giratina|spa|1\n|-boost|p2a: Giratina|spd|1\n|move|p1a: Toucannon|Beak Blast|p2a: Giratina\n|-damage|p2a: Giratina|37/100\n|\n|-heal|p2a: Giratina|43/100|[from] item: Leftovers\n|upkeep\n|turn|11\n|inactive|Time left: 300 sec this turn | 300 sec total\n|\n|t:|1783547407\n|-singleturn|p1a: Toucannon|move: Beak Blast\n|move|p2a: Giratina|Dragon Pulse|p1a: Toucannon\n|-damage|p1a: Toucannon|163/284\n|move|p1a: Toucannon|Beak Blast|p2a: Giratina\n|-damage|p2a: Giratina|10/100\n|\n|-heal|p2a: Giratina|16/100|[from] item: Leftovers\n|upkeep\n|turn|12\n|inactive|Time left: 300 sec this turn | 300 sec total\n|\n|t:|1783547409\n|-singleturn|p1a: Toucannon|move: Beak Blast\n|move|p2a: Giratina|Rest|p2a: Giratina\n|-status|p2a: Giratina|slp|[from] move: Rest\n|-heal|p2a: Giratina|100/100 slp|[silent]\n|move|p1a: Toucannon|Beak Blast|p2a: Giratina\n|-damage|p2a: Giratina|69/100 slp\n|\n|-heal|p2a: Giratina|75/100 slp|[from] item: Leftovers\n|upkeep\n|turn|13\n|inactive|Time left: 300 sec this turn | 300 sec total\n|\n|t:|1783547410\n|cant|p2a: Giratina|slp\n|move|p2a: Giratina|Sleep Talk|p2a: Giratina\n|move|p2a: Giratina|Calm Mind|p2a: Giratina|[from] move: Sleep Talk\n|-boost|p2a: Giratina|spa|1\n|-boost|p2a: Giratina|spd|1\n|move|p1a: Toucannon|Roost|p1a: Toucannon\n|-heal|p1a: Toucannon|284/284\n|-singleturn|p1a: Toucannon|move: Roost\n|\n|-heal|p2a: Giratina|81/100 slp|[from] item: Leftovers\n|upkeep\n|turn|14\n|inactive|Time left: 300 sec this turn | 300 sec total\n|\n|t:|1783547411\n|-singleturn|p1a: Toucannon|move: Beak Blast\n|cant|p2a: Giratina|slp\n|move|p2a: Giratina|Sleep Talk|p2a: Giratina\n|move|p2a: Giratina|Dragon Pulse|p1a: Toucannon|[from] move: Sleep Talk\n|-damage|p1a: Toucannon|115/284\n|move|p1a: Toucannon|Beak Blast|p2a: Giratina\n|-damage|p2a: Giratina|43/100 slp\n|\n|-heal|p2a: Giratina|49/100 slp|[from] item: Leftovers\n|upkeep\n|turn|15\n|inactive|Time left: 300 sec this turn | 300 sec total\n|\n|t:|1783547412\n|switch|p1a: Ting-Lu|Ting-Lu, L78|370/370\n|-ability|p1a: Ting-Lu|Vessel of Ruin\n|-curestatus|p2a: Giratina|slp|[msg]\n|move|p2a: Giratina|Dragon Pulse|p1a: Ting-Lu\n|-damage|p1a: Ting-Lu|229/370\n|\n|-heal|p2a: Giratina|56/100|[from] item: Leftovers\n|-heal|p1a: Ting-Lu|252/370|[from] item: Leftovers\n|upkeep\n|turn|16\n|inactive|Time left: 300 sec this turn | 300 sec total\n|\n|t:|1783547413\n|move|p2a: Giratina|Dragon Pulse|p1a: Ting-Lu\n|-damage|p1a: Ting-Lu|126/370\n|move|p1a: Ting-Lu|Payback|p2a: Giratina\n|-supereffective|p2a: Giratina\n|-damage|p2a: Giratina|7/100\n|\n|-heal|p2a: Giratina|13/100|[from] item: Leftovers\n|-heal|p1a: Ting-Lu|149/370|[from] item: Leftovers\n|upkeep\n|turn|17\n|inactive|Time left: 300 sec this turn | 300 sec total\n|\n|t:|1783547414\n|move|p2a: Giratina|Dragon Pulse|p1a: Ting-Lu\n|-damage|p1a: Ting-Lu|17/370\n|move|p1a: Ting-Lu|Payback|p2a: Giratina\n|-supereffective|p2a: Giratina\n|-damage|p2a: Giratina|0 fnt\n|faint|p2a: Giratina\n|\n|-heal|p1a: Ting-Lu|40/370|[from] item: Leftovers\n|upkeep\n|\n|t:|1783547415\n|switch|p2a: Cloyster|Cloyster, L80, F|100/100\n|turn|18\n|inactive|Time left: 300 sec this turn | 300 sec total\n|\n|t:|1783547416\n|move|p2a: Cloyster|Shell Smash|p2a: Cloyster\n|-unboost|p2a: Cloyster|def|1\n|-unboost|p2a: Cloyster|spd|1\n|-boost|p2a: Cloyster|atk|2\n|-boost|p2a: Cloyster|spa|2\n|-boost|p2a: Cloyster|spe|2\n|-enditem|p2a: Cloyster|White Herb\n|-clearnegativeboost|p2a: Cloyster|[silent]\n|move|p1a: Ting-Lu|Payback|p2a: Cloyster\n|-damage|p2a: Cloyster|74/100\n|\n|-heal|p1a: Ting-Lu|63/370|[from] item: Leftovers\n|upkeep\n|turn|19\n|inactive|Time left: 300 sec this turn | 300 sec total\n|\n|t:|1783547417\n|move|p2a: Cloyster|Shell Smash|p2a: Cloyster\n|-unboost|p2a: Cloyster|def|1\n|-unboost|p2a: Cloyster|spd|1\n|-boost|p2a: Cloyster|atk|2\n|-boost|p2a: Cloyster|spa|2\n|-boost|p2a: Cloyster|spe|2\n|move|p1a: Ting-Lu|Payback|p2a: Cloyster\n|-damage|p2a: Cloyster|32/100\n|\n|-heal|p1a: Ting-Lu|86/370|[from] item: Leftovers\n|upkeep\n|turn|20\n|inactive|Time left: 300 sec this turn | 300 sec total\n|\n|t:|1783547418\n|move|p2a: Cloyster|Icicle Spear|p1a: Ting-Lu\n|-supereffective|p1a: Ting-Lu\n|-damage|p1a: Ting-Lu|0 fnt\n|faint|p1a: Ting-Lu\n|-hitcount|p1: Ting-Lu|1\n|\n|upkeep\n|inactive|Time left: 300 sec this turn | 300 sec total | 5 sec grace\n|\n|t:|1783547419\n|switch|p1a: Toucannon|Toucannon, L88, F|115/284\n|turn|21\n|inactive|Time left: 300 sec this turn | 300 sec total\n|\n|t:|1783547420\n|-singleturn|p1a: Toucannon|move: Beak Blast\n|move|p2a: Cloyster|Icicle Spear|p1a: Toucannon\n|-supereffective|p1a: Toucannon\n|-damage|p1a: Toucannon|0 fnt\n|faint|p1a: Toucannon\n|-hitcount|p1: Toucannon|1\n|\n|upkeep\n|inactive|Time left: 300 sec this turn | 300 sec total | 5 sec grace\n|\n|t:|1783547421\n|switch|p1a: Spectrier|Spectrier, L75|274/274\n|turn|22\n|inactive|Time left: 300 sec this turn | 300 sec total\n|\n|t:|1783547422\n|move|p2a: Cloyster|Icicle Spear|p1a: Spectrier\n|-damage|p1a: Spectrier|175/274\n|-damage|p1a: Spectrier|66/274\n|-damage|p1a: Spectrier|0 fnt\n|faint|p1a: Spectrier\n|-hitcount|p1: Spectrier|3\n|\n|upkeep\n|inactive|Time left: 300 sec this turn | 300 sec total | 5 sec grace\n|\n|t:|1783547422\n|switch|p1a: Hoopa|Hoopa, L85|275/275\n|turn|23\n|inactive|Time left: 300 sec this turn | 300 sec total\n|\n|t:|1783547423\n|move|p2a: Cloyster|Icicle Spear|p1a: Hoopa\n|-damage|p1a: Hoopa|179/275\n|-damage|p1a: Hoopa|94/275\n|-damage|p1a: Hoopa|0 fnt\n|faint|p1a: Hoopa\n|-hitcount|p1: Hoopa|3\n|\n|win|p0y6527fe5", "uploadtime": 1783547423, "views": 0, "rating": 0, "private": 0, "password": null, "_winner": "p0y6527fe5", "_our_name": "p0x652d0f2"}