{"id": "battle-gen9randombattle-843", "formatid": "gen9randombattle", "format": "[Gen 9] Random Battle", "players": ["p0x843ed95", "p0y843ce9a"], "log": "|init|battle\n|title|p0x843ed95 vs. p0y843ce9a\n|j|\u2606p0x843ed95\n|j|\u2606p0y843ce9a\n|t:|1783549673\n|gametype|singles\n|player|p1|p0x843ed95|169|\n|player|p2|p0y843ce9a|1|\n|gen|9\n|tier|[Gen 9] Random Battle\n|rule|Species Clause: Limit one of each Pok\u00e9mon\n|rule|HP Percentage Mod: HP is shown in percentages\n|rule|Sleep Clause Mod: Limit one foe put to sleep\n|rule|Illusion Level Mod: Illusion disguises the Pok\u00e9mon's true level\n|\n|t:|1783549673\n|teamsize|p1|6\n|teamsize|p2|6\n|start\n|switch|p1a: Braviary|Braviary, L85, M|100/100\n|switch|p2a: Arceus|Arceus-Psychic, L70|284/284\n|turn|1\n|inactive|Battle timer is ON: inactive players will automatically lose when time's up. (requested by p0x843ed95)\n|inactive|Time left: 300 sec this turn | 300 sec total | 60 sec grace\n|inactive|p0y843ce9a also wants the timer to be on.\n|\n|t:|1783549674\n|move|p2a: Arceus|Cosmic Power|p2a: Arceus\n|-boost|p2a: Arceus|def|1\n|-boost|p2a: Arceus|spd|1\n|move|p1a: Braviary|Bulk Up|p1a: Braviary\n|-boost|p1a: Braviary|atk|1\n|-boost|p1a: Braviary|def|1\n|\n|upkeep\n|turn|2\n|inactive|Time left: 300 sec this turn | 300 sec total\n|\n|t:|1783549675\n|move|p2a: Arceus|Cosmic Power|p2a: Arceus\n|-boost|p2a: Arceus|def|1\n|-boost|p2a: Arceus|spd|1\n|move|p1a: Braviary|Bulk Up|p1a: Braviary\n|-boost|p1a: Braviary|atk|1\n|-boost|p1a: Braviary|def|1\n|\n|upkeep\n|turn|3\n|inactive|Time left: 300 sec this turn | 300 sec total\n|\n|t:|1783549676\n|move|p2a: Arceus|Stored Power|p1a: Braviary\n|-damage|p1a: Braviary|63/100\n|move|p1a: Braviary|Brave Bird|p2a: Arceus\n|-damage|p2a: Arceus|134/284\n|-damage|p1a: Braviary|47/100|[from] Recoil\n|\n|upkeep\n|turn|4\n|inactive|Time left: 300 sec this turn | 300 sec total\n|\n|t:|1783549676\n|move|p2a: Arceus|Stored Power|p1a: Braviary\n|-damage|p1a: Braviary|10/100\n|move|p1a: Braviary|Roost|p1a: Braviary\n|-heal|p1a: Braviary|60/100\n|-singleturn|p1a: Braviary|move: Roost\n|\n|upkeep\n|turn|5\n|inactive|Time left: 300 sec this turn | 300 sec total\n|\n|t:|1783549677\n|move|p2a: Arceus|Recover|p2a: Arceus\n|-heal|p2a: Arceus|276/284\n|move|p1a: Braviary|Roost|p1a: Braviary\n|-heal|p1a: Braviary|100/100\n|-singleturn|p1a: Braviary|move: Roost\n|\n|upkeep\n|turn|6\n|inactive|Time left: 300 sec this turn | 300 sec total\n|\n|t:|1783549678\n|move|p2a: Arceus|Cosmic Power|p2a: Arceus\n|-boost|p2a: Arceus|def|1\n|-boost|p2a: Arceus|spd|1\n|move|p1a: Braviary|Brave Bird|p2a: Arceus\n|-damage|p2a: Arceus|164/284\n|-damage|p1a: Braviary|89/100|[from] Recoil\n|\n|upkeep\n|turn|7\n|inactive|Time left: 300 sec this turn | 300 sec total\n|\n|t:|1783549679\n|move|p2a: Arceus|Stored Power|p1a: Braviary\n|-damage|p1a: Braviary|31/100\n|move|p1a: Braviary|Roost|p1a: Braviary\n|-heal|p1a: Braviary|81/100\n|-singleturn|p1a: Braviary|move: Roost\n|\n|upkeep\n|turn|8\n|inactive|Time left: 300 sec this turn | 300 sec total\n|\n|t:|1783549680\n|move|p2a: Arceus|Stored Power|p1a: Braviary\n|-damage|p1a: Braviary|31/100\n|move|p1a: Braviary|Roost|p1a: Braviary\n|-heal|p1a: Braviary|81/100\n|-singleturn|p1a: Braviary|move: Roost\n|\n|upkeep\n|turn|9\n|inactive|Time left: 300 sec this turn | 300 sec total\n|\n|t:|1783549681\n|move|p2a: Arceus|Stored Power|p1a: Braviary\n|-damage|p1a: Braviary|30/100\n|move|p1a: Braviary|Roost|p1a: Braviary\n|-heal|p1a: Braviary|80/100\n|-singleturn|p1a: Braviary|move: Roost\n|\n|upkeep\n|turn|10\n|inactive|Time left: 300 sec this turn | 300 sec total\n|\n|t:|1783549682\n|move|p2a: Arceus|Stored Power|p1a: Braviary\n|-damage|p1a: Braviary|26/100\n|move|p1a: Braviary|Roost|p1a: Braviary\n|-heal|p1a: Braviary|77/100\n|-singleturn|p1a: Braviary|move: Roost\n|\n|upkeep\n|turn|11\n|inactive|Time left: 300 sec this turn | 300 sec total\n|\n|t:|1783549683\n|move|p2a: Arceus|Stored Power|p1a: Braviary\n|-damage|p1a: Braviary|19/100\n|move|p1a: Braviary|Roost|p1a: Braviary\n|-heal|p1a: Braviary|69/100\n|-singleturn|p1a: Braviary|move: Roost\n|\n|upkeep\n|turn|12\n|inactive|Time left: 300 sec this turn | 300 sec total\n|\n|t:|1783549684\n|move|p2a: Arceus|Stored Power|p1a: Braviary\n|-damage|p1a: Braviary|13/100\n|move|p1a: Braviary|Roost|p1a: Braviary\n|-heal|p1a: Braviary|63/100\n|-singleturn|p1a: Braviary|move: Roost\n|\n|upkeep\n|turn|13\n|inactive|Time left: 300 sec this turn | 300 sec total\n|\n|t:|1783549685\n|move|p2a: Arceus|Stored Power|p1a: Braviary\n|-damage|p1a: Braviary|13/100\n|move|p1a: Braviary|Close Combat|p2a: Arceus\n|-resisted|p2a: Arceus\n|-damage|p2a: Arceus|124/284\n|-unboost|p1a: Braviary|def|1\n|-unboost|p1a: Braviary|spd|1\n|\n|upkeep\n|turn|14\n|inactive|Time left: 300 sec this turn | 300 sec total\n|\n|t:|1783549686\n|move|p2a: Arceus|Stored Power|p1a: Braviary\n|-damage|p1a: Braviary|0 fnt\n|faint|p1a: Braviary\n|\n|upkeep\n|\n|t:|1783549687\n|switch|p1a: Vikavolt|Vikavolt, L83, M|100/100\n|turn|15\n|inactive|Time left: 300 sec this turn | 300 sec total\n|\n|t:|1783549688\n|move|p2a: Arceus|Stored Power|p1a: Vikavolt\n|-damage|p1a: Vikavolt|37/100\n|move|p1a: Vikavolt|Sticky Web|p2a: Arceus\n|-sidestart|p2: p0y843ce9a|move: Sticky Web\n|\n|upkeep\n|turn|16\n|inactive|Time left: 300 sec this turn | 300 sec total\n|\n|t:|1783549689\n|move|p2a: Arceus|Stored Power|p1a: Vikavolt\n|-damage|p1a: Vikavolt|0 fnt\n|faint|p1a: Vikavolt\n|\n|upkeep\n|\n|t:|1783549690\n|switch|p1a: Piloswine|Piloswine, L85, M|100/100\n|turn|17\n|inactive|Time left: 300 sec this turn | 300 sec total\n|\n|t:|1783549692\n|move|p2a: Arceus|Body Press|p1a: Piloswine\n|-supereffective|p1a: Piloswine\n|-damage|p1a: Piloswine|41/100\n|move|p1a: Piloswine|Roar|p2a: Arceus\n|drag|p2a: Manaphy|Manaphy, L78|284/284\n|-activate|p2a: Manaphy|move: Sticky Web\n|-unboost|p2a: Manaphy|spe|1\n|\n|upkeep\n|turn|18\n|inactive|Time left: 300 sec this turn | 300 sec total\n|\n|t:|1783549693\n|move|p1a: Piloswine|Icicle Crash|p2a: Manaphy\n|-resisted|p2a: Manaphy\n|-damage|p2a: Manaphy|240/284\n|cant|p2a: Manaphy|flinch\n|\n|-heal|p2a: Manaphy|257/284|[from] item: Leftovers\n|upkeep\n|turn|19\n|inactive|Time left: 300 sec this turn | 300 sec total\n|\n|t:|1783549694\n|move|p2a: Manaphy|Tail Glow|p2a: Manaphy\n|-boost|p2a: Manaphy|spa|3\n|move|p1a: Piloswine|Icicle Crash|p2a: Manaphy\n|-resisted|p2a: Manaphy\n|-damage|p2a: Manaphy|212/284\n|\n|-heal|p2a: Manaphy|229/284|[from] item: Leftovers\n|upkeep\n|turn|20\n|inactive|Time left: 300 sec this turn | 300 sec total\n|\n|t:|1783549695\n|move|p2a: Manaphy|Energy Ball|p1a: Piloswine\n|-supereffective|p1a: Piloswine\n|-damage|p1a: Piloswine|0 fnt\n|faint|p1a: Piloswine\n|\n|-heal|p2a: Manaphy|246/284|[from] item: Leftovers\n|upkeep\n|\n|t:|1783549697\n|switch|p1a: Politoed|Politoed, L88, M|100/100\n|-weather|RainDance|[from] ability: Drizzle|[of] p1a: Politoed\n|turn|21\n|inactive|Time left: 300 sec this turn | 300 sec total\n|\n|t:|1783549698\n|move|p1a: Politoed|Weather Ball|p2a: Manaphy\n|-resisted|p2a: Manaphy\n|-damage|p2a: Manaphy|134/284\n|move|p2a: Manaphy|Energy Ball|p1a: Politoed\n|-supereffective|p1a: Politoed\n|-damage|p1a: Politoed|20/100\n|\n|-weather|RainDance|[upkeep]\n|-heal|p2a: Manaphy|151/284|[from] item: Leftovers\n|upkeep\n|turn|22\n|inactive|Time left: 300 sec this turn | 300 sec total\n|\n|t:|1783549699\n|-terastallize|p1a: Politoed|Water\n|move|p1a: Politoed|Weather Ball|p2a: Manaphy\n|-resisted|p2a: Manaphy\n|-damage|p2a: Manaphy|0 fnt\n|faint|p2a: Manaphy\n|\n|-weather|RainDance|[upkeep]\n|upkeep\n|inactive|Time left: 300 sec this turn | 300 sec total | 5 sec grace\n|\n|t:|1783549700\n|switch|p2a: Victreebel|Victreebel, L90, M|290/290\n|-activate|p2a: Victreebel|move: Sticky Web\n|-unboost|p2a: Victreebel|spe|1\n|turn|23\n|inactive|Time left: 300 sec this turn | 300 sec total\n|\n|t:|1783549702\n|move|p1a: Politoed|Weather Ball|p2a: Victreebel\n|-resisted|p2a: Victreebel\n|-damage|p2a: Victreebel|104/290\n|move|p2a: Victreebel|Sunny Day|p2a: Victreebel\n|-weather|SunnyDay\n|\n|-weather|SunnyDay|[upkeep]\n|upkeep\n|turn|24\n|inactive|Time left: 300 sec this turn | 300 sec total\n|\n|t:|1783549703\n|move|p2a: Victreebel|Sludge Wave|p1a: Politoed\n|-damage|p1a: Politoed|0 fnt\n|faint|p1a: Politoed\n|-damage|p2a: Victreebel|75/290|[from] item: Life Orb\n|\n|-weather|SunnyDay|[upkeep]\n|upkeep\n|\n|t:|1783549704\n|switch|p1a: Lycanroc|Lycanroc-Dusk, L81, F|100/100\n|turn|25\n|inactive|Time left: 300 sec this turn | 300 sec total\n|\n|t:|1783549705\n|switch|p1a: Revavroom|Revavroom, L79, M|100/100\n|move|p2a: Victreebel|Power Whip|p1a: Revavroom\n|-resisted|p1a: Revavroom\n|-damage|p1a: Revavroom|82/100\n|-damage|p2a: Victreebel|46/290|[from] item: Life Orb\n|\n|-weather|SunnyDay|[upkeep]\n|upkeep\n|turn|26\n|inactive|Time left: 300 sec this turn | 300 sec total\n|\n|t:|1783549706\n|switch|p1a: Lycanroc|Lycanroc-Dusk, L81, F|100/100\n|move|p2a: Victreebel|Weather Ball|p1a: Lycanroc\n|-resisted|p1a: Lycanroc\n|-damage|p1a: Lycanroc|58/100\n|-damage|p2a: Victreebel|17/290|[from] item: Life Orb\n|\n|-weather|SunnyDay|[upkeep]\n|upkeep\n|turn|27\n|inactive|Time left: 300 sec this turn | 300 sec total\n|\n|t:|1783549707\n|move|p2a: Victreebel|Weather Ball|p1a: Lycanroc\n|-resisted|p1a: Lycanroc\n|-damage|p1a: Lycanroc|13/100\n|-damage|p2a: Victreebel|0 fnt|[from] item: Life Orb\n|faint|p2a: Victreebel\n|move|p1a: Lycanroc|Swords Dance|p1a: Lycanroc\n|-boost|p1a: Lycanroc|atk|2\n|\n|-weather|none\n|upkeep\n|inactive|Time left: 300 sec this turn | 300 sec total | 5 sec grace\n|\n|t:|1783549708\n|switch|p2a: Gholdengo|Gholdengo, L77|261/261\n|-activate|p2a: Gholdengo|move: Sticky Web\n|-unboost|p2a: Gholdengo|spe|1\n|turn|28\n|inactive|Time left: 300 sec this turn | 300 sec total\n|\n|t:|1783549709\n|move|p1a: Lycanroc|Stone Edge|p2a: Gholdengo\n|-resisted|p2a: Gholdengo\n|-damage|p2a: Gholdengo|117/261\n|-damage|p1a: Lycanroc|3/100|[from] item: Life Orb\n|move|p2a: Gholdengo|Shadow Ball|p1a: Lycanroc\n|-damage|p1a: Lycanroc|0 fnt\n|faint|p1a: Lycanroc\n|\n|-heal|p2a: Gholdengo|133/261|[from] item: Leftovers\n|upkeep\n|\n|t:|1783549710\n|switch|p1a: Revavroom|Revavroom, L79, M|82/100\n|turn|29\n|inactive|Time left: 300 sec this turn | 300 sec total\n|\n|t:|1783549711\n|move|p1a: Revavroom|Iron Head|p2a: Gholdengo\n|-resisted|p2a: Gholdengo\n|-damage|p2a: Gholdengo|75/261\n|-damage|p1a: Revavroom|72/100|[from] item: Life Orb\n|move|p2a: Gholdengo|Shadow Ball|p1a: Revavroom\n|-damage|p1a: Revavroom|22/100\n|\n|-heal|p2a: Gholdengo|91/261|[from] item: Leftovers\n|upkeep\n|turn|30\n|inactive|Time left: 300 sec this turn | 300 sec total\n|\n|t:|1783549712\n|-terastallize|p2a: Gholdengo|Steel\n|move|p1a: Revavroom|Iron Head|p2a: Gholdengo\n|-resisted|p2a: Gholdengo\n|-damage|p2a: Gholdengo|30/261\n|-damage|p1a: Revavroom|12/100|[from] item: Life Orb\n|move|p2a: Gholdengo|Shadow Ball|p1a: Revavroom\n|-damage|p1a: Revavroom|0 fnt\n|faint|p1a: Revavroom\n|\n|win|p0y843ce9a", "uploadtime": 1783549712, "views": 0, "rating": 0, "private": 0, "password": null, "_winner": "p0y843ce9a", "_our_name": "p0y843ce9a"}