{"id": "battle-gen9randombattle-2582", "formatid": "gen9randombattle", "format": "[Gen 9] Random Battle", "players": ["p0x25821bb2", "p0y2582bb48"], "log": "|init|battle\n|title|p0x25821bb2 vs. p0y2582bb48\n|j|\u2606p0x25821bb2\n|j|\u2606p0y2582bb48\n|t:|1783569817\n|gametype|singles\n|player|p1|p0x25821bb2|170|\n|player|p2|p0y2582bb48|101|\n|gen|9\n|tier|[Gen 9] Random Battle\n|rule|Species Clause: Limit one of each Pok\u00e9mon\n|rule|HP Percentage Mod: HP is shown in percentages\n|rule|Sleep Clause Mod: Limit one foe put to sleep\n|rule|Illusion Level Mod: Illusion disguises the Pok\u00e9mon's true level\n|\n|t:|1783569817\n|teamsize|p1|6\n|teamsize|p2|6\n|start\n|switch|p1a: Poliwrath|Poliwrath, L88, M|302/302\n|switch|p2a: Spidops|Spidops, L96, M|100/100\n|turn|1\n|inactive|Battle timer is ON: inactive players will automatically lose when time's up. (requested by p0x25821bb2)\n|inactive|p0y2582bb48 also wants the timer to be on.\n|\n|t:|1783569818\n|move|p1a: Poliwrath|Liquidation|p2a: Spidops\n|-damage|p2a: Spidops|72/100\n|move|p2a: Spidops|Sticky Web|p1a: Poliwrath\n|-sidestart|p1: p0x25821bb2|move: Sticky Web\n|\n|upkeep\n|turn|2\n|inactive|Time left: 300 sec this turn | 300 sec total\n|\n|t:|1783569820\n|move|p1a: Poliwrath|Liquidation|p2a: Spidops\n|-damage|p2a: Spidops|39/100\n|-unboost|p2a: Spidops|def|1\n|move|p2a: Spidops|Spikes|p1a: Poliwrath\n|-sidestart|p1: p0x25821bb2|Spikes\n|\n|upkeep\n|turn|3\n|inactive|Time left: 300 sec this turn | 300 sec total\n|\n|t:|1783569821\n|switch|p2a: Slaking|Slaking, L84, M|100/100\n|move|p1a: Poliwrath|Liquidation|p2a: Slaking\n|-damage|p2a: Slaking|76/100\n|\n|upkeep\n|turn|4\n|inactive|Time left: 300 sec this turn | 300 sec total\n|\n|t:|1783569822\n|switch|p1a: Mismagius|Mismagius, L86, F|243/243\n|move|p2a: Slaking|Giga Impact|p1a: Mismagius\n|-immune|p1a: Mismagius\n|\n|upkeep\n|turn|5\n|inactive|Time left: 300 sec this turn | 300 sec total\n|\n|t:|1783569823\n|move|p1a: Mismagius|Thunderbolt|p2a: Slaking\n|-damage|p2a: Slaking|42/100\n|cant|p2a: Slaking|ability: Truant\n|\n|upkeep\n|turn|6\n|inactive|Time left: 300 sec this turn | 300 sec total\n|\n|t:|1783569824\n|switch|p2a: Raichu|Raichu-Alola, L87, M|100/100\n|move|p1a: Mismagius|Thunderbolt|p2a: Raichu\n|-resisted|p2a: Raichu\n|-damage|p2a: Raichu|80/100\n|\n|upkeep\n|turn|7\n|inactive|Time left: 300 sec this turn | 300 sec total\n|\n|t:|1783569825\n|switch|p1a: Moltres|Moltres-Galar, L79|271/271\n|move|p2a: Raichu|Psyshock|p1a: Moltres\n|-immune|p1a: Moltres\n|\n|upkeep\n|turn|8\n|inactive|Time left: 300 sec this turn | 300 sec total\n|\n|t:|1783569826\n|switch|p2a: Slaking|Slaking, L84, M|42/100\n|move|p1a: Moltres|Agility|p1a: Moltres\n|-boost|p1a: Moltres|spe|2\n|\n|upkeep\n|turn|9\n|inactive|Time left: 300 sec this turn | 300 sec total\n|\n|t:|1783569827\n|move|p1a: Moltres|Fiery Wrath|p2a: Slaking\n|-damage|p2a: Slaking|16/100\n|move|p2a: Slaking|Giga Impact|p1a: Moltres|[miss]\n|-miss|p2a: Slaking|p1a: Moltres\n|\n|upkeep\n|turn|10\n|inactive|Time left: 300 sec this turn | 300 sec total\n|\n|t:|1783569828\n|switch|p2a: Dudunsparce|Dudunsparce-Three-Segment, L83, F|100/100\n|move|p1a: Moltres|Nasty Plot|p1a: Moltres\n|-boost|p1a: Moltres|spa|2\n|\n|upkeep\n|turn|11\n|inactive|Time left: 300 sec this turn | 300 sec total\n|\n|t:|1783569829\n|move|p1a: Moltres|Fiery Wrath|p2a: Dudunsparce\n|-damage|p2a: Dudunsparce|40/100\n|-ability|p2a: Dudunsparce|Rattled|boost\n|-boost|p2a: Dudunsparce|spe|1\n|move|p2a: Dudunsparce|Roost|p2a: Dudunsparce\n|-heal|p2a: Dudunsparce|90/100\n|-singleturn|p2a: Dudunsparce|move: Roost\n|\n|-heal|p2a: Dudunsparce|96/100|[from] item: Leftovers\n|upkeep\n|turn|12\n|inactive|Time left: 300 sec this turn | 300 sec total\n|\n|t:|1783569830\n|move|p1a: Moltres|Fiery Wrath|p2a: Dudunsparce\n|-damage|p2a: Dudunsparce|35/100\n|-ability|p2a: Dudunsparce|Rattled|boost\n|-boost|p2a: Dudunsparce|spe|1\n|move|p2a: Dudunsparce|Roost|p2a: Dudunsparce\n|-heal|p2a: Dudunsparce|85/100\n|-singleturn|p2a: Dudunsparce|move: Roost\n|\n|-heal|p2a: Dudunsparce|91/100|[from] item: Leftovers\n|upkeep\n|turn|13\n|inactive|Time left: 300 sec this turn | 300 sec total\n|\n|t:|1783569831\n|move|p1a: Moltres|Fiery Wrath|p2a: Dudunsparce\n|-damage|p2a: Dudunsparce|33/100\n|-ability|p2a: Dudunsparce|Rattled|boost\n|-boost|p2a: Dudunsparce|spe|1\n|move|p2a: Dudunsparce|Roost|p2a: Dudunsparce\n|-heal|p2a: Dudunsparce|83/100\n|-singleturn|p2a: Dudunsparce|move: Roost\n|\n|-heal|p2a: Dudunsparce|89/100|[from] item: Leftovers\n|upkeep\n|turn|14\n|inactive|Time left: 300 sec this turn | 300 sec total\n|\n|t:|1783569832\n|move|p1a: Moltres|Fiery Wrath|p2a: Dudunsparce\n|-damage|p2a: Dudunsparce|29/100\n|-ability|p2a: Dudunsparce|Rattled|boost\n|-boost|p2a: Dudunsparce|spe|1\n|move|p2a: Dudunsparce|Roost|p2a: Dudunsparce\n|-heal|p2a: Dudunsparce|80/100\n|-singleturn|p2a: Dudunsparce|move: Roost\n|\n|-heal|p2a: Dudunsparce|86/100|[from] item: Leftovers\n|upkeep\n|turn|15\n|inactive|Time left: 300 sec this turn | 300 sec total\n|\n|t:|1783569832\n|move|p2a: Dudunsparce|Calm Mind|p2a: Dudunsparce\n|-boost|p2a: Dudunsparce|spa|1\n|-boost|p2a: Dudunsparce|spd|1\n|move|p1a: Moltres|Fiery Wrath|p2a: Dudunsparce\n|-damage|p2a: Dudunsparce|46/100\n|-ability|p2a: Dudunsparce|Rattled|boost\n|-boost|p2a: Dudunsparce|spe|1\n|\n|-heal|p2a: Dudunsparce|52/100|[from] item: Leftovers\n|upkeep\n|turn|16\n|inactive|Time left: 300 sec this turn | 300 sec total\n|\n|t:|1783569833\n|move|p2a: Dudunsparce|Roost|p2a: Dudunsparce\n|-heal|p2a: Dudunsparce|100/100\n|-singleturn|p2a: Dudunsparce|move: Roost\n|move|p1a: Moltres|Hurricane|p2a: Dudunsparce|[miss]\n|-miss|p1a: Moltres|p2a: Dudunsparce\n|\n|upkeep\n|turn|17\n|inactive|Time left: 300 sec this turn | 300 sec total\n|\n|t:|1783569834\n|move|p2a: Dudunsparce|Boomburst|p1a: Moltres\n|-damage|p1a: Moltres|124/271\n|-ability|p1a: Moltres|Berserk|boost\n|-boost|p1a: Moltres|spa|1\n|move|p1a: Moltres|Hurricane|p2a: Dudunsparce|[miss]\n|-miss|p1a: Moltres|p2a: Dudunsparce\n|\n|upkeep\n|turn|18\n|inactive|Time left: 300 sec this turn | 300 sec total\n|\n|t:|1783569835\n|-terastallize|p1a: Moltres|Steel\n|move|p2a: Dudunsparce|Boomburst|p1a: Moltres\n|-resisted|p1a: Moltres\n|-damage|p1a: Moltres|50/271\n|move|p1a: Moltres|Hurricane|p2a: Dudunsparce\n|-damage|p2a: Dudunsparce|38/100\n|\n|-heal|p2a: Dudunsparce|45/100|[from] item: Leftovers\n|upkeep\n|turn|19\n|inactive|Time left: 300 sec this turn | 300 sec total\n|\n|t:|1783569836\n|move|p2a: Dudunsparce|Shadow Ball|p1a: Moltres\n|-damage|p1a: Moltres|0 fnt\n|faint|p1a: Moltres\n|\n|-heal|p2a: Dudunsparce|51/100|[from] item: Leftovers\n|upkeep\n|inactive|Time left: 300 sec this turn | 300 sec total | 5 sec grace\n|\n|t:|1783569837\n|switch|p1a: Sudowoodo|Sudowoodo, L94, F|284/284\n|-activate|p1a: Sudowoodo|move: Sticky Web\n|-unboost|p1a: Sudowoodo|spe|1\n|-damage|p1a: Sudowoodo|249/284|[from] Spikes\n|turn|20\n|inactive|Time left: 300 sec this turn | 300 sec total\n|\n|t:|1783569838\n|move|p2a: Dudunsparce|Roost|p2a: Dudunsparce\n|-heal|p2a: Dudunsparce|100/100\n|-singleturn|p2a: Dudunsparce|move: Roost\n|move|p1a: Sudowoodo|Head Smash|p2a: Dudunsparce|[miss]\n|-miss|p1a: Sudowoodo|p2a: Dudunsparce\n|\n|upkeep\n|turn|21\n|inactive|Time left: 300 sec this turn | 300 sec total\n|\n|t:|1783569839\n|move|p2a: Dudunsparce|Boomburst|p1a: Sudowoodo\n|-resisted|p1a: Sudowoodo\n|-damage|p1a: Sudowoodo|132/284\n|move|p1a: Sudowoodo|Head Smash|p2a: Dudunsparce\n|-damage|p2a: Dudunsparce|4/100\n|\n|-heal|p2a: Dudunsparce|10/100|[from] item: Leftovers\n|upkeep\n|turn|22\n|inactive|Time left: 300 sec this turn | 300 sec total\n|\n|t:|1783569840\n|move|p2a: Dudunsparce|Boomburst|p1a: Sudowoodo\n|-resisted|p1a: Sudowoodo\n|-damage|p1a: Sudowoodo|23/284\n|move|p1a: Sudowoodo|Head Smash|p2a: Dudunsparce\n|-damage|p2a: Dudunsparce|0 fnt\n|faint|p2a: Dudunsparce\n|\n|upkeep\n|\n|t:|1783569840\n|switch|p2a: Raichu|Raichu-Alola, L87, M|80/100\n|turn|23\n|inactive|Time left: 300 sec this turn | 300 sec total\n|\n|t:|1783569841\n|move|p2a: Raichu|Thunderbolt|p1a: Sudowoodo\n|-damage|p1a: Sudowoodo|0 fnt\n|faint|p1a: Sudowoodo\n|\n|upkeep\n|inactive|Time left: 300 sec this turn | 300 sec total | 5 sec grace\n|\n|t:|1783569842\n|switch|p1a: Minun|Minun, L95, F|268/268\n|-activate|p1a: Minun|move: Sticky Web\n|-unboost|p1a: Minun|spe|1\n|-damage|p1a: Minun|235/268|[from] Spikes\n|turn|24\n|inactive|Time left: 300 sec this turn | 300 sec total\n|\n|t:|1783569843\n|switch|p2a: Dachsbun|Dachsbun, L92, M|100/100\n|move|p1a: Minun|Thunderbolt|p2a: Dachsbun\n|-damage|p2a: Dachsbun|49/100\n|-damage|p1a: Minun|209/268|[from] item: Life Orb\n|\n|-heal|p2a: Dachsbun|55/100|[from] item: Leftovers\n|upkeep\n|turn|25\n|inactive|Time left: 300 sec this turn | 300 sec total\n|\n|t:|1783569844\n|move|p2a: Dachsbun|Play Rough|p1a: Minun\n|-damage|p1a: Minun|88/268\n|move|p1a: Minun|Thunderbolt|p2a: Dachsbun\n|-damage|p2a: Dachsbun|4/100\n|-status|p2a: Dachsbun|par\n|-damage|p1a: Minun|62/268|[from] item: Life Orb\n|\n|-heal|p2a: Dachsbun|10/100 par|[from] item: Leftovers\n|upkeep\n|turn|26\n|inactive|Time left: 300 sec this turn | 300 sec total\n|\n|t:|1783569845\n|move|p1a: Minun|Alluring Voice|p2a: Dachsbun\n|-damage|p2a: Dachsbun|0 fnt\n|faint|p2a: Dachsbun\n|-damage|p1a: Minun|36/268|[from] item: Life Orb\n|\n|upkeep\n|\n|t:|1783569846\n|switch|p2a: Raichu|Raichu-Alola, L87, M|80/100\n|turn|27\n|inactive|Time left: 300 sec this turn | 300 sec total\n|\n|t:|1783569847\n|move|p2a: Raichu|Psyshock|p1a: Minun\n|-damage|p1a: Minun|0 fnt\n|faint|p1a: Minun\n|\n|upkeep\n|inactive|Time left: 300 sec this turn | 300 sec total | 5 sec grace\n|\n|t:|1783569848\n|switch|p1a: Urshifu|Urshifu, L74, M|270/270\n|-activate|p1a: Urshifu|move: Sticky Web\n|-unboost|p1a: Urshifu|spe|1\n|-damage|p1a: Urshifu|237/270|[from] Spikes\n|turn|28\n|inactive|Time left: 300 sec this turn | 300 sec total\n|\n|t:|1783569849\n|switch|p2a: Slaking|Slaking, L84, M|16/100\n|move|p1a: Urshifu|Wicked Blow|p2a: Slaking\n|-crit|p2a: Slaking\n|-damage|p2a: Slaking|0 fnt\n|faint|p2a: Slaking\n|-damage|p1a: Urshifu|210/270|[from] item: Life Orb\n|\n|upkeep\n|\n|t:|1783569850\n|switch|p2a: Raichu|Raichu-Alola, L87, M|80/100\n|turn|29\n|inactive|Time left: 300 sec this turn | 300 sec total\n|\n|t:|1783569851\n|move|p2a: Raichu|Thunderbolt|p1a: Urshifu\n|-damage|p1a: Urshifu|6/270\n|move|p1a: Urshifu|Wicked Blow|p2a: Raichu\n|-supereffective|p2a: Raichu\n|-crit|p2a: Raichu\n|-damage|p2a: Raichu|0 fnt\n|faint|p2a: Raichu\n|-damage|p1a: Urshifu|0 fnt|[from] item: Life Orb\n|faint|p1a: Urshifu\n|\n|upkeep\n|inactive|Time left: 300 sec this turn | 300 sec total | 5 sec grace\n|\n|t:|1783569853\n|switch|p2a: Kyogre|Kyogre, L71|100/100\n|switch|p1a: Mismagius|Mismagius, L86, F|243/243\n|-weather|RainDance|[from] ability: Drizzle|[of] p2a: Kyogre\n|turn|30\n|inactive|Time left: 300 sec this turn | 300 sec total\n|\n|t:|1783569854\n|-terastallize|p2a: Kyogre|Water\n|move|p2a: Kyogre|Water Spout|p1a: Mismagius\n|-damage|p1a: Mismagius|0 fnt\n|faint|p1a: Mismagius\n|\n|-weather|RainDance|[upkeep]\n|upkeep\n|inactive|Time left: 300 sec this turn | 300 sec total | 5 sec grace\n|\n|t:|1783569855\n|switch|p1a: Poliwrath|Poliwrath, L88, M|302/302\n|-activate|p1a: Poliwrath|move: Sticky Web\n|-unboost|p1a: Poliwrath|spe|1\n|-damage|p1a: Poliwrath|265/302|[from] Spikes\n|turn|31\n|inactive|Time left: 300 sec this turn | 300 sec total\n|\n|t:|1783569856\n|switch|p2a: Spidops|Spidops, L96, M|39/100\n|move|p1a: Poliwrath|Liquidation|p2a: Spidops\n|-damage|p2a: Spidops|0 fnt\n|faint|p2a: Spidops\n|\n|-weather|RainDance|[upkeep]\n|upkeep\n|\n|t:|1783569856\n|switch|p2a: Kyogre|Kyogre, L71, tera:Water|100/100\n|turn|32\n|inactive|Time left: 300 sec this turn | 300 sec total\n|\n|t:|1783569857\n|move|p2a: Kyogre|Thunder|p1a: Poliwrath\n|-supereffective|p1a: Poliwrath\n|-damage|p1a: Poliwrath|159/302\n|move|p1a: Poliwrath|Close Combat|p2a: Kyogre\n|-damage|p2a: Kyogre|36/100\n|-unboost|p1a: Poliwrath|def|1\n|-unboost|p1a: Poliwrath|spd|1\n|\n|-weather|RainDance|[upkeep]\n|upkeep\n|turn|33\n|inactive|Time left: 300 sec this turn | 300 sec total\n|\n|t:|1783569858\n|move|p2a: Kyogre|Thunder|p1a: Poliwrath\n|-supereffective|p1a: Poliwrath\n|-damage|p1a: Poliwrath|5/302\n|move|p1a: Poliwrath|Close Combat|p2a: Kyogre\n|-damage|p2a: Kyogre|0 fnt\n|-unboost|p1a: Poliwrath|def|1\n|-unboost|p1a: Poliwrath|spd|1\n|faint|p2a: Kyogre\n|\n|win|p0x25821bb2", "uploadtime": 1783569858, "views": 0, "rating": 0, "private": 0, "password": null, "_winner": "p0x25821bb2", "_our_name": "p0x25821bb2"}