{"id": "battle-gen9randombattle-286", "formatid": "gen9randombattle", "format": "[Gen 9] Random Battle", "players": ["p0x2868d77", "p0y286dcfd"], "log": "|init|battle\n|title|p0x2868d77 vs. p0y286dcfd\n|j|\u2606p0x2868d77\n|j|\u2606p0y286dcfd\n|t:|1783542366\n|gametype|singles\n|player|p1|p0x2868d77|265|\n|player|p2|p0y286dcfd|1|\n|gen|9\n|tier|[Gen 9] Random Battle\n|rule|Species Clause: Limit one of each Pok\u00e9mon\n|rule|HP Percentage Mod: HP is shown in percentages\n|rule|Sleep Clause Mod: Limit one foe put to sleep\n|rule|Illusion Level Mod: Illusion disguises the Pok\u00e9mon's true level\n|\n|t:|1783542366\n|teamsize|p1|6\n|teamsize|p2|6\n|start\n|switch|p1a: Jolteon|Jolteon, L84, M|246/246\n|switch|p2a: Fezandipiti|Fezandipiti, L82, M|100/100\n|turn|1\n|inactive|Battle timer is ON: inactive players will automatically lose when time's up. (requested by p0y286dcfd)\n|inactive|Time left: 300 sec this turn | 300 sec total | 60 sec grace\n|\n|t:|1783542368\n|move|p1a: Jolteon|Calm Mind|p1a: Jolteon\n|-boost|p1a: Jolteon|spa|1\n|-boost|p1a: Jolteon|spd|1\n|move|p2a: Fezandipiti|Moonblast|p1a: Jolteon\n|-damage|p1a: Jolteon|200/246\n|-status|p1a: Jolteon|tox|[from] ability: Toxic Chain|[of] p2a: Fezandipiti\n|\n|-heal|p1a: Jolteon|215/246 tox|[from] item: Leftovers\n|-damage|p1a: Jolteon|200/246 tox|[from] psn\n|upkeep\n|turn|2\n|inactive|Time left: 300 sec this turn | 300 sec total\n|inactive|p0x2868d77 also wants the timer to be on.\n|\n|t:|1783542369\n|move|p1a: Jolteon|Thunderbolt|p2a: Fezandipiti\n|-damage|p2a: Fezandipiti|54/100\n|move|p2a: Fezandipiti|Gunk Shot|p1a: Jolteon\n|-damage|p1a: Jolteon|37/246 tox\n|\n|-heal|p1a: Jolteon|52/246 tox|[from] item: Leftovers\n|-heal|p2a: Fezandipiti|60/100|[from] item: Leftovers\n|-damage|p1a: Jolteon|22/246 tox|[from] psn\n|upkeep\n|turn|3\n|inactive|Time left: 300 sec this turn | 300 sec total\n|\n|t:|1783542370\n|move|p1a: Jolteon|Thunderbolt|p2a: Fezandipiti\n|-damage|p2a: Fezandipiti|20/100\n|move|p2a: Fezandipiti|Roost|p2a: Fezandipiti\n|-heal|p2a: Fezandipiti|70/100\n|-singleturn|p2a: Fezandipiti|move: Roost\n|\n|-heal|p1a: Jolteon|37/246 tox|[from] item: Leftovers\n|-heal|p2a: Fezandipiti|76/100|[from] item: Leftovers\n|-damage|p1a: Jolteon|0 fnt|[from] psn\n|faint|p1a: Jolteon\n|upkeep\n|inactive|Time left: 300 sec this turn | 300 sec total | 5 sec grace\n|\n|t:|1783542371\n|switch|p1a: Calyrex|Calyrex-Shadow, L64|235/235\n|-ability|p1a: Calyrex|As One\n|-ability|p1a: Calyrex|Unnerve\n|turn|4\n|inactive|Time left: 300 sec this turn | 300 sec total\n|\n|t:|1783542373\n|move|p1a: Calyrex|Psyshock|p2a: Fezandipiti\n|-supereffective|p2a: Fezandipiti\n|-damage|p2a: Fezandipiti|0 fnt\n|faint|p2a: Fezandipiti\n|-ability|p1a: Calyrex|Grim Neigh|boost\n|-boost|p1a: Calyrex|spa|1\n|\n|upkeep\n|\n|t:|1783542374\n|switch|p2a: Sinistcha|Sinistcha, L83|100/100\n|turn|5\n|inactive|Time left: 300 sec this turn | 300 sec total\n|\n|t:|1783542375\n|switch|p1a: Registeel|Registeel, L81|262/262\n|move|p2a: Sinistcha|Shadow Ball|p1a: Registeel\n|-damage|p1a: Registeel|198/262\n|\n|-heal|p1a: Registeel|214/262|[from] item: Leftovers\n|upkeep\n|turn|6\n|inactive|Time left: 300 sec this turn | 300 sec total\n|\n|t:|1783542376\n|move|p2a: Sinistcha|Calm Mind|p2a: Sinistcha\n|-boost|p2a: Sinistcha|spa|1\n|-boost|p2a: Sinistcha|spd|1\n|move|p1a: Registeel|Thunder Wave|p2a: Sinistcha\n|-status|p2a: Sinistcha|par\n|\n|-heal|p1a: Registeel|230/262|[from] item: Leftovers\n|upkeep\n|turn|7\n|inactive|Time left: 300 sec this turn | 300 sec total\n|\n|t:|1783542377\n|move|p1a: Registeel|Iron Defense|p1a: Registeel\n|-boost|p1a: Registeel|def|2\n|move|p2a: Sinistcha|Shadow Ball|p1a: Registeel\n|-damage|p1a: Registeel|125/262\n|\n|-heal|p1a: Registeel|141/262|[from] item: Leftovers\n|upkeep\n|turn|8\n|inactive|Time left: 300 sec this turn | 300 sec total\n|\n|t:|1783542378\n|move|p1a: Registeel|Body Press|p2a: Sinistcha\n|-immune|p2a: Sinistcha\n|cant|p2a: Sinistcha|par\n|\n|-heal|p1a: Registeel|157/262|[from] item: Leftovers\n|upkeep\n|turn|9\n|inactive|Time left: 300 sec this turn | 300 sec total\n|\n|t:|1783542379\n|move|p1a: Registeel|Body Press|p2a: Sinistcha\n|-immune|p2a: Sinistcha\n|move|p2a: Sinistcha|Shadow Ball|p1a: Registeel\n|-damage|p1a: Registeel|48/262\n|\n|-heal|p1a: Registeel|64/262|[from] item: Leftovers\n|upkeep\n|turn|10\n|inactive|Time left: 300 sec this turn | 300 sec total\n|\n|t:|1783542380\n|move|p1a: Registeel|Iron Head|p2a: Sinistcha\n|-damage|p2a: Sinistcha|79/100 par\n|cant|p2a: Sinistcha|flinch\n|\n|-heal|p1a: Registeel|80/262|[from] item: Leftovers\n|-heal|p2a: Sinistcha|85/100 par|[from] item: Leftovers\n|upkeep\n|turn|11\n|inactive|Time left: 300 sec this turn | 300 sec total\n|\n|t:|1783542381\n|move|p1a: Registeel|Iron Head|p2a: Sinistcha\n|-damage|p2a: Sinistcha|62/100 par\n|cant|p2a: Sinistcha|flinch\n|\n|-heal|p1a: Registeel|96/262|[from] item: Leftovers\n|-heal|p2a: Sinistcha|68/100 par|[from] item: Leftovers\n|upkeep\n|turn|12\n|inactive|Time left: 300 sec this turn | 300 sec total\n|\n|t:|1783542382\n|move|p1a: Registeel|Iron Head|p2a: Sinistcha\n|-damage|p2a: Sinistcha|45/100 par\n|cant|p2a: Sinistcha|flinch\n|\n|-heal|p1a: Registeel|112/262|[from] item: Leftovers\n|-heal|p2a: Sinistcha|51/100 par|[from] item: Leftovers\n|upkeep\n|turn|13\n|inactive|Time left: 300 sec this turn | 300 sec total\n|\n|t:|1783542383\n|move|p1a: Registeel|Iron Head|p2a: Sinistcha\n|-damage|p2a: Sinistcha|29/100 par\n|cant|p2a: Sinistcha|par\n|\n|-heal|p1a: Registeel|128/262|[from] item: Leftovers\n|-heal|p2a: Sinistcha|35/100 par|[from] item: Leftovers\n|upkeep\n|turn|14\n|inactive|Time left: 300 sec this turn | 300 sec total\n|\n|t:|1783542384\n|move|p1a: Registeel|Iron Head|p2a: Sinistcha\n|-damage|p2a: Sinistcha|14/100 par\n|move|p2a: Sinistcha|Strength Sap|p1a: Registeel\n|-fail|p1a: Registeel|unboost|[from] ability: Clear Body|[of] p1a: Registeel\n|-heal|p2a: Sinistcha|80/100 par\n|\n|-heal|p1a: Registeel|144/262|[from] item: Leftovers\n|-heal|p2a: Sinistcha|86/100 par|[from] item: Leftovers\n|upkeep\n|turn|15\n|inactive|Time left: 300 sec this turn | 300 sec total\n|\n|t:|1783542385\n|move|p1a: Registeel|Iron Head|p2a: Sinistcha\n|-damage|p2a: Sinistcha|65/100 par\n|move|p2a: Sinistcha|Shadow Ball|p1a: Registeel\n|-damage|p1a: Registeel|41/262\n|\n|-heal|p1a: Registeel|57/262|[from] item: Leftovers\n|-heal|p2a: Sinistcha|71/100 par|[from] item: Leftovers\n|upkeep\n|turn|16\n|inactive|Time left: 300 sec this turn | 300 sec total\n|\n|t:|1783542386\n|move|p1a: Registeel|Iron Head|p2a: Sinistcha\n|-damage|p2a: Sinistcha|47/100 par\n|cant|p2a: Sinistcha|flinch\n|\n|-heal|p1a: Registeel|73/262|[from] item: Leftovers\n|-heal|p2a: Sinistcha|53/100 par|[from] item: Leftovers\n|upkeep\n|turn|17\n|inactive|Time left: 300 sec this turn | 300 sec total\n|\n|t:|1783542387\n|move|p1a: Registeel|Iron Head|p2a: Sinistcha\n|-damage|p2a: Sinistcha|28/100 par\n|move|p2a: Sinistcha|Shadow Ball|p1a: Registeel\n|-damage|p1a: Registeel|0 fnt\n|faint|p1a: Registeel\n|\n|-heal|p2a: Sinistcha|34/100 par|[from] item: Leftovers\n|upkeep\n|inactive|Time left: 300 sec this turn | 300 sec total | 5 sec grace\n|\n|t:|1783542388\n|switch|p1a: Calyrex|Calyrex-Shadow, L64|235/235\n|-ability|p1a: Calyrex|As One\n|-ability|p1a: Calyrex|Unnerve\n|turn|18\n|inactive|Time left: 300 sec this turn | 300 sec total\n|\n|t:|1783542389\n|switch|p2a: Persian|Persian, L92, F|100/100\n|move|p1a: Calyrex|Astral Barrage|p2a: Persian\n|-immune|p2a: Persian\n|\n|upkeep\n|turn|19\n|inactive|Time left: 300 sec this turn | 300 sec total\n|\n|t:|1783542390\n|switch|p1a: Kyurem|Kyurem-White, L73|303/303\n|-ability|p1a: Kyurem|Turboblaze\n|move|p2a: Persian|Knock Off|p1a: Kyurem\n|-damage|p1a: Kyurem|191/303\n|-enditem|p1a: Kyurem|Choice Scarf|[from] move: Knock Off|[of] p2a: Persian\n|\n|upkeep\n|turn|20\n|inactive|Time left: 300 sec this turn | 300 sec total\n|\n|t:|1783542391\n|move|p2a: Persian|Knock Off|p1a: Kyurem\n|-damage|p1a: Kyurem|123/303\n|move|p1a: Kyurem|Freeze-Dry|p2a: Persian\n|-damage|p2a: Persian|59/100\n|\n|upkeep\n|turn|21\n|inactive|Time left: 300 sec this turn | 300 sec total\n|\n|t:|1783542392\n|move|p2a: Persian|Knock Off|p1a: Kyurem\n|-damage|p1a: Kyurem|46/303\n|move|p1a: Kyurem|Freeze-Dry|p2a: Persian\n|-damage|p2a: Persian|22/100\n|\n|upkeep\n|turn|22\n|inactive|Time left: 300 sec this turn | 300 sec total\n|\n|t:|1783542393\n|switch|p1a: Alomomola|Alomomola, L87, F|429/429\n|move|p2a: Persian|Knock Off|p1a: Alomomola\n|-damage|p1a: Alomomola|334/429\n|-enditem|p1a: Alomomola|Heavy-Duty Boots|[from] move: Knock Off|[of] p2a: Persian\n|\n|upkeep\n|turn|23\n|inactive|Time left: 300 sec this turn | 300 sec total\n|\n|t:|1783542394\n|switch|p2a: Lilligant|Lilligant, L86, F|100/100\n|move|p1a: Alomomola|Flip Turn|p2a: Lilligant\n|-resisted|p2a: Lilligant\n|-damage|p2a: Lilligant|88/100\n|inactive|Time left: 300 sec this turn | 300 sec total | 5 sec grace\n|\n|t:|1783542395\n|switch|p1a: Calyrex|Calyrex-Shadow, L64|235/235|[from] Flip Turn\n|-ability|p1a: Calyrex|As One\n|-ability|p1a: Calyrex|Unnerve\n|\n|upkeep\n|turn|24\n|inactive|Time left: 300 sec this turn | 300 sec total\n|\n|t:|1783542396\n|-terastallize|p1a: Calyrex|Ghost\n|move|p1a: Calyrex|Astral Barrage|p2a: Lilligant\n|-damage|p2a: Lilligant|0 fnt\n|faint|p2a: Lilligant\n|-ability|p1a: Calyrex|Grim Neigh|boost\n|-boost|p1a: Calyrex|spa|1\n|\n|upkeep\n|\n|t:|1783542397\n|switch|p2a: Dugtrio|Dugtrio, L84, F|100/100\n|turn|25\n|inactive|Time left: 300 sec this turn | 300 sec total\n|\n|t:|1783542398\n|switch|p1a: Alomomola|Alomomola, L87, F|429/429\n|-terastallize|p2a: Dugtrio|Ground\n|move|p2a: Dugtrio|Earthquake|p1a: Alomomola\n|-damage|p1a: Alomomola|211/429\n|\n|upkeep\n|turn|26\n|inactive|Time left: 300 sec this turn | 300 sec total\n|\n|t:|1783542399\n|move|p1a: Alomomola|Protect|p1a: Alomomola\n|-singleturn|p1a: Alomomola|Protect\n|move|p2a: Dugtrio|Earthquake|p1a: Alomomola\n|-activate|p1a: Alomomola|move: Protect\n|\n|upkeep\n|turn|27\n|inactive|Time left: 300 sec this turn | 300 sec total\n|\n|t:|1783542400\n|move|p2a: Dugtrio|Earthquake|p1a: Alomomola\n|-damage|p1a: Alomomola|0 fnt\n|faint|p1a: Alomomola\n|\n|upkeep\n|inactive|Time left: 300 sec this turn | 300 sec total | 5 sec grace\n|\n|t:|1783542401\n|switch|p1a: Slowking|Slowking, L88, M|310/310\n|turn|28\n|inactive|Time left: 300 sec this turn | 300 sec total\n|\n|t:|1783542402\n|move|p2a: Dugtrio|Earthquake|p1a: Slowking\n|-damage|p1a: Slowking|76/310\n|move|p1a: Slowking|Scald|p2a: Dugtrio\n|-supereffective|p2a: Dugtrio\n|-damage|p2a: Dugtrio|0 fnt\n|faint|p2a: Dugtrio\n|\n|upkeep\n|\n|t:|1783542403\n|switch|p2a: Persian|Persian, L92, F|22/100\n|turn|29\n|inactive|Time left: 300 sec this turn | 300 sec total\n|\n|t:|1783542404\n|switch|p1a: Kyurem|Kyurem-White, L73|46/303\n|-ability|p1a: Kyurem|Turboblaze\n|move|p2a: Persian|Knock Off|p1a: Kyurem\n|-damage|p1a: Kyurem|0 fnt\n|faint|p1a: Kyurem\n|\n|upkeep\n|inactive|Time left: 300 sec this turn | 300 sec total | 5 sec grace\n|\n|t:|1783542405\n|switch|p1a: Slowking|Slowking, L88, M|179/310\n|turn|30\n|inactive|Time left: 300 sec this turn | 300 sec total\n|\n|t:|1783542406\n|switch|p1a: Calyrex|Calyrex-Shadow, L64, tera:Ghost|235/235\n|-ability|p1a: Calyrex|As One\n|-ability|p1a: Calyrex|Unnerve\n|move|p2a: Persian|Knock Off|p1a: Calyrex\n|-supereffective|p1a: Calyrex\n|-crit|p1a: Calyrex\n|-damage|p1a: Calyrex|0 fnt\n|-enditem|p1a: Calyrex|Choice Specs|[from] move: Knock Off|[of] p2a: Persian\n|faint|p1a: Calyrex\n|\n|upkeep\n|inactive|Time left: 300 sec this turn | 300 sec total | 5 sec grace\n|\n|t:|1783542407\n|switch|p1a: Slowking|Slowking, L88, M|282/310\n|turn|31\n|inactive|Time left: 300 sec this turn | 300 sec total\n|\n|t:|1783542408\n|move|p2a: Persian|Knock Off|p1a: Slowking\n|-supereffective|p1a: Slowking\n|-damage|p1a: Slowking|78/310\n|-enditem|p1a: Slowking|Heavy-Duty Boots|[from] move: Knock Off|[of] p2a: Persian\n|move|p1a: Slowking|Slack Off|p1a: Slowking\n|-heal|p1a: Slowking|233/310\n|\n|upkeep\n|turn|32\n|inactive|Time left: 300 sec this turn | 300 sec total\n|\n|t:|1783542409\n|move|p2a: Persian|Knock Off|p1a: Slowking\n|-supereffective|p1a: Slowking\n|-damage|p1a: Slowking|95/310\n|move|p1a: Slowking|Slack Off|p1a: Slowking\n|-heal|p1a: Slowking|250/310\n|\n|upkeep\n|turn|33\n|inactive|Time left: 300 sec this turn | 300 sec total\n|\n|t:|1783542410\n|switch|p2a: Vikavolt|Vikavolt, L83, M|100/100\n|move|p1a: Slowking|Slack Off|p1a: Slowking\n|-heal|p1a: Slowking|310/310\n|\n|upkeep\n|turn|34\n|inactive|Time left: 300 sec this turn | 300 sec total\n|\n|t:|1783542411\n|move|p2a: Vikavolt|Bug Buzz|p1a: Slowking\n|-supereffective|p1a: Slowking\n|-damage|p1a: Slowking|112/310\n|move|p1a: Slowking|Slack Off|p1a: Slowking\n|-heal|p1a: Slowking|267/310\n|\n|upkeep\n|turn|35\n|inactive|Time left: 300 sec this turn | 300 sec total\n|\n|t:|1783542412\n|move|p2a: Vikavolt|Bug Buzz|p1a: Slowking\n|-supereffective|p1a: Slowking\n|-damage|p1a: Slowking|51/310\n|move|p1a: Slowking|Slack Off|p1a: Slowking\n|-heal|p1a: Slowking|206/310\n|\n|upkeep\n|turn|36\n|inactive|Time left: 300 sec this turn | 300 sec total\n|\n|t:|1783542413\n|move|p2a: Vikavolt|Bug Buzz|p1a: Slowking\n|-supereffective|p1a: Slowking\n|-damage|p1a: Slowking|0 fnt\n|faint|p1a: Slowking\n|\n|win|p0y286dcfd", "uploadtime": 1783542413, "views": 0, "rating": 0, "private": 0, "password": null, "_winner": "p0y286dcfd", "_our_name": "p0x2868d77"}