{"id": "battle-gen9randombattle-902", "formatid": "gen9randombattle", "format": "[Gen 9] Random Battle", "players": ["p0x902d448", "p0y9023ced"], "log": "|init|battle\n|title|p0x902d448 vs. p0y9023ced\n|j|\u2606p0x902d448\n|j|\u2606p0y9023ced\n|t:|1783550357\n|gametype|singles\n|player|p1|p0x902d448|169|\n|player|p2|p0y9023ced|102|\n|gen|9\n|tier|[Gen 9] Random Battle\n|rule|Species Clause: Limit one of each Pok\u00e9mon\n|rule|HP Percentage Mod: HP is shown in percentages\n|rule|Sleep Clause Mod: Limit one foe put to sleep\n|rule|Illusion Level Mod: Illusion disguises the Pok\u00e9mon's true level\n|\n|t:|1783550357\n|teamsize|p1|6\n|teamsize|p2|6\n|start\n|switch|p1a: Copperajah|Copperajah, L86, F|100/100\n|switch|p2a: Jolteon|Jolteon, L84, M|246/246\n|turn|1\n|inactive|Battle timer is ON: inactive players will automatically lose when time's up. (requested by p0x902d448)\n|inactive|Time left: 300 sec this turn | 300 sec total | 60 sec grace\n|inactive|p0y9023ced also wants the timer to be on.\n|\n|t:|1783550359\n|switch|p2a: Hariyama|Hariyama, L87, M|392/392\n|move|p1a: Copperajah|Earthquake|p2a: Hariyama\n|-damage|p2a: Hariyama|239/392\n|-damage|p1a: Copperajah|90/100|[from] item: Life Orb\n|\n|-status|p2a: Hariyama|brn|[from] item: Flame Orb\n|upkeep\n|turn|2\n|inactive|Time left: 300 sec this turn | 300 sec total\n|\n|t:|1783550360\n|move|p2a: Hariyama|Headlong Rush|p1a: Copperajah\n|-supereffective|p1a: Copperajah\n|-damage|p1a: Copperajah|0 fnt\n|-unboost|p2a: Hariyama|def|1\n|-unboost|p2a: Hariyama|spd|1\n|faint|p1a: Copperajah\n|\n|-damage|p2a: Hariyama|215/392 brn|[from] brn\n|upkeep\n|\n|t:|1783550361\n|switch|p1a: Porygon2|Porygon2, L81|100/100\n|-ability|p1a: Porygon2|Download|boost\n|-boost|p1a: Porygon2|spa|1\n|turn|3\n|inactive|Time left: 300 sec this turn | 300 sec total\n|\n|t:|1783550362\n|switch|p2a: Registeel|Registeel, L81|262/262\n|move|p1a: Porygon2|Tri Attack|p2a: Registeel\n|-resisted|p2a: Registeel\n|-damage|p2a: Registeel|219/262\n|\n|upkeep\n|turn|4\n|inactive|Time left: 300 sec this turn | 300 sec total\n|\n|t:|1783550363\n|move|p1a: Porygon2|Tri Attack|p2a: Registeel\n|-resisted|p2a: Registeel\n|-damage|p2a: Registeel|176/262\n|move|p2a: Registeel|Body Press|p1a: Porygon2\n|-supereffective|p1a: Porygon2\n|-damage|p1a: Porygon2|64/100\n|\n|upkeep\n|turn|5\n|inactive|Time left: 300 sec this turn | 300 sec total\n|\n|t:|1783550364\n|move|p1a: Porygon2|Ice Beam|p2a: Registeel\n|-resisted|p2a: Registeel\n|-damage|p2a: Registeel|142/262\n|move|p2a: Registeel|Body Press|p1a: Porygon2\n|-supereffective|p1a: Porygon2\n|-damage|p1a: Porygon2|29/100\n|\n|upkeep\n|turn|6\n|inactive|Time left: 300 sec this turn | 300 sec total\n|\n|t:|1783550365\n|move|p1a: Porygon2|Recover|p1a: Porygon2\n|-heal|p1a: Porygon2|79/100\n|move|p2a: Registeel|Body Press|p1a: Porygon2\n|-supereffective|p1a: Porygon2\n|-damage|p1a: Porygon2|38/100\n|\n|upkeep\n|turn|7\n|inactive|Time left: 300 sec this turn | 300 sec total\n|\n|t:|1783550366\n|move|p1a: Porygon2|Recover|p1a: Porygon2\n|-heal|p1a: Porygon2|88/100\n|move|p2a: Registeel|Body Press|p1a: Porygon2\n|-supereffective|p1a: Porygon2\n|-damage|p1a: Porygon2|50/100\n|\n|upkeep\n|turn|8\n|inactive|Time left: 300 sec this turn | 300 sec total\n|\n|t:|1783550367\n|move|p1a: Porygon2|Recover|p1a: Porygon2\n|-heal|p1a: Porygon2|99/100\n|move|p2a: Registeel|Rest|p2a: Registeel\n|-status|p2a: Registeel|slp|[from] move: Rest\n|-heal|p2a: Registeel|262/262 slp|[silent]\n|-enditem|p2a: Registeel|Chesto Berry|[eat]\n|-curestatus|p2a: Registeel|slp|[msg]\n|\n|upkeep\n|turn|9\n|inactive|Time left: 300 sec this turn | 300 sec total\n|\n|t:|1783550368\n|move|p1a: Porygon2|Tri Attack|p2a: Registeel\n|-resisted|p2a: Registeel\n|-damage|p2a: Registeel|218/262\n|move|p2a: Registeel|Iron Defense|p2a: Registeel\n|-boost|p2a: Registeel|def|2\n|\n|upkeep\n|turn|10\n|inactive|Time left: 300 sec this turn | 300 sec total\n|\n|t:|1783550369\n|move|p1a: Porygon2|Tri Attack|p2a: Registeel\n|-resisted|p2a: Registeel\n|-damage|p2a: Registeel|176/262\n|-status|p2a: Registeel|frz\n|cant|p2a: Registeel|frz\n|\n|upkeep\n|turn|11\n|inactive|Time left: 300 sec this turn | 300 sec total\n|\n|t:|1783550370\n|move|p1a: Porygon2|Ice Beam|p2a: Registeel\n|-resisted|p2a: Registeel\n|-damage|p2a: Registeel|142/262 frz\n|-curestatus|p2a: Registeel|frz|[msg]\n|move|p2a: Registeel|Iron Defense|p2a: Registeel\n|-boost|p2a: Registeel|def|2\n|\n|upkeep\n|turn|12\n|inactive|Time left: 300 sec this turn | 300 sec total\n|\n|t:|1783550371\n|-terastallize|p1a: Porygon2|Ghost\n|move|p1a: Porygon2|Discharge|p2a: Registeel\n|-damage|p2a: Registeel|89/262\n|-status|p2a: Registeel|par\n|cant|p2a: Registeel|par\n|\n|upkeep\n|turn|13\n|inactive|Time left: 300 sec this turn | 300 sec total\n|\n|t:|1783550372\n|move|p1a: Porygon2|Discharge|p2a: Registeel\n|-damage|p2a: Registeel|27/262 par\n|move|p2a: Registeel|Rest|p2a: Registeel\n|-status|p2a: Registeel|slp|[from] move: Rest\n|-heal|p2a: Registeel|262/262 slp|[silent]\n|\n|upkeep\n|turn|14\n|inactive|Time left: 300 sec this turn | 300 sec total\n|\n|t:|1783550374\n|move|p1a: Porygon2|Tri Attack|p2a: Registeel\n|-resisted|p2a: Registeel\n|-damage|p2a: Registeel|219/262 slp\n|cant|p2a: Registeel|slp\n|\n|upkeep\n|turn|15\n|inactive|Time left: 300 sec this turn | 300 sec total\n|\n|t:|1783550375\n|move|p1a: Porygon2|Tri Attack|p2a: Registeel\n|-resisted|p2a: Registeel\n|-damage|p2a: Registeel|176/262 slp\n|cant|p2a: Registeel|slp\n|\n|upkeep\n|turn|16\n|inactive|Time left: 300 sec this turn | 300 sec total\n|\n|t:|1783550376\n|move|p1a: Porygon2|Discharge|p2a: Registeel\n|-damage|p2a: Registeel|117/262 slp\n|-curestatus|p2a: Registeel|slp|[msg]\n|move|p2a: Registeel|Iron Head|p1a: Porygon2\n|-damage|p1a: Porygon2|84/100\n|\n|upkeep\n|turn|17\n|inactive|Time left: 300 sec this turn | 300 sec total\n|\n|t:|1783550377\n|move|p1a: Porygon2|Discharge|p2a: Registeel\n|-damage|p2a: Registeel|63/262\n|-status|p2a: Registeel|par\n|move|p2a: Registeel|Rest|p2a: Registeel\n|-status|p2a: Registeel|slp|[from] move: Rest\n|-heal|p2a: Registeel|262/262 slp|[silent]\n|\n|upkeep\n|turn|18\n|inactive|Time left: 300 sec this turn | 300 sec total\n|\n|t:|1783550378\n|move|p1a: Porygon2|Tri Attack|p2a: Registeel\n|-resisted|p2a: Registeel\n|-damage|p2a: Registeel|220/262 slp\n|cant|p2a: Registeel|slp\n|\n|upkeep\n|turn|19\n|inactive|Time left: 300 sec this turn | 300 sec total\n|\n|t:|1783550379\n|move|p1a: Porygon2|Tri Attack|p2a: Registeel\n|-resisted|p2a: Registeel\n|-damage|p2a: Registeel|177/262 slp\n|cant|p2a: Registeel|slp\n|\n|upkeep\n|turn|20\n|inactive|Time left: 300 sec this turn | 300 sec total\n|\n|t:|1783550380\n|move|p1a: Porygon2|Discharge|p2a: Registeel\n|-damage|p2a: Registeel|123/262 slp\n|-curestatus|p2a: Registeel|slp|[msg]\n|move|p2a: Registeel|Body Press|p1a: Porygon2\n|-immune|p1a: Porygon2\n|\n|upkeep\n|turn|21\n|inactive|Time left: 300 sec this turn | 300 sec total\n|\n|t:|1783550382\n|move|p1a: Porygon2|Ice Beam|p2a: Registeel\n|-resisted|p2a: Registeel\n|-damage|p2a: Registeel|89/262\n|-status|p2a: Registeel|frz\n|cant|p2a: Registeel|frz\n|\n|upkeep\n|turn|22\n|inactive|Time left: 300 sec this turn | 300 sec total\n|\n|t:|1783550383\n|move|p1a: Porygon2|Tri Attack|p2a: Registeel\n|-resisted|p2a: Registeel\n|-damage|p2a: Registeel|48/262 frz\n|-curestatus|p2a: Registeel|frz|[msg]\n|move|p2a: Registeel|Rest|p2a: Registeel\n|-status|p2a: Registeel|slp|[from] move: Rest\n|-heal|p2a: Registeel|262/262 slp|[silent]\n|\n|upkeep\n|turn|23\n|inactive|Time left: 300 sec this turn | 300 sec total\n|\n|t:|1783550384\n|move|p1a: Porygon2|Discharge|p2a: Registeel\n|-damage|p2a: Registeel|210/262 slp\n|cant|p2a: Registeel|slp\n|\n|upkeep\n|turn|24\n|inactive|Time left: 300 sec this turn | 300 sec total\n|\n|t:|1783550385\n|move|p1a: Porygon2|Ice Beam|p2a: Registeel\n|-resisted|p2a: Registeel\n|-damage|p2a: Registeel|175/262 slp\n|cant|p2a: Registeel|slp\n|\n|upkeep\n|turn|25\n|inactive|Time left: 300 sec this turn | 300 sec total\n|\n|t:|1783550386\n|move|p1a: Porygon2|Ice Beam|p2a: Registeel\n|-resisted|p2a: Registeel\n|-damage|p2a: Registeel|144/262 slp\n|-curestatus|p2a: Registeel|slp|[msg]\n|move|p2a: Registeel|Iron Head|p1a: Porygon2\n|-damage|p1a: Porygon2|68/100\n|\n|upkeep\n|turn|26\n|inactive|Time left: 300 sec this turn | 300 sec total\n|\n|t:|1783550387\n|move|p1a: Porygon2|Tri Attack|p2a: Registeel\n|-resisted|p2a: Registeel\n|-damage|p2a: Registeel|102/262\n|-status|p2a: Registeel|par\n|move|p2a: Registeel|Body Press|p1a: Porygon2\n|-immune|p1a: Porygon2\n|\n|upkeep\n|turn|27\n|inactive|Time left: 300 sec this turn | 300 sec total\n|\n|t:|1783550388\n|move|p1a: Porygon2|Recover|p1a: Porygon2\n|-heal|p1a: Porygon2|100/100\n|cant|p2a: Registeel|par\n|\n|upkeep\n|turn|28\n|inactive|Time left: 300 sec this turn | 300 sec total\n|\n|t:|1783550389\n|move|p1a: Porygon2|Discharge|p2a: Registeel\n|-damage|p2a: Registeel|46/262 par\n|cant|p2a: Registeel|par\n|\n|upkeep\n|turn|29\n|inactive|Time left: 300 sec this turn | 300 sec total\n|\n|t:|1783550390\n|move|p1a: Porygon2|Discharge|p2a: Registeel\n|-damage|p2a: Registeel|0 fnt\n|faint|p2a: Registeel\n|\n|upkeep\n|inactive|Time left: 300 sec this turn | 300 sec total | 5 sec grace\n|\n|t:|1783550390\n|switch|p2a: Weavile|Weavile, L79, M|239/239\n|turn|30\n|inactive|Time left: 300 sec this turn | 300 sec total\n|\n|t:|1783550391\n|switch|p1a: Infernape|Infernape, L82, M|100/100\n|-terastallize|p2a: Weavile|Dark\n|move|p2a: Weavile|Knock Off|p1a: Infernape\n|-resisted|p1a: Infernape\n|-damage|p1a: Infernape|53/100\n|-enditem|p1a: Infernape|Life Orb|[from] move: Knock Off|[of] p2a: Weavile\n|\n|upkeep\n|turn|31\n|inactive|Time left: 300 sec this turn | 300 sec total\n|\n|t:|1783550392\n|switch|p2a: Gliscor|Gliscor, L76, M|239/239\n|move|p1a: Infernape|Close Combat|p2a: Gliscor\n|-resisted|p2a: Gliscor\n|-damage|p2a: Gliscor|182/239\n|-unboost|p1a: Infernape|def|1\n|-unboost|p1a: Infernape|spd|1\n|\n|-status|p2a: Gliscor|tox|[from] item: Toxic Orb\n|upkeep\n|turn|32\n|inactive|Time left: 300 sec this turn | 300 sec total\n|\n|t:|1783550394\n|switch|p1a: Porygon2|Porygon2, L81, tera:Ghost|100/100\n|-ability|p1a: Porygon2|Download|boost\n|-boost|p1a: Porygon2|spa|1\n|move|p2a: Gliscor|Toxic Spikes|p1a: Porygon2\n|-sidestart|p1: p0x902d448|move: Toxic Spikes\n|\n|-heal|p2a: Gliscor|211/239 tox|[from] ability: Poison Heal\n|upkeep\n|turn|33\n|inactive|Time left: 300 sec this turn | 300 sec total\n|\n|t:|1783550394\n|switch|p2a: Weavile|Weavile, L79, M, tera:Dark|239/239\n|move|p1a: Porygon2|Ice Beam|p2a: Weavile\n|-damage|p2a: Weavile|134/239\n|\n|upkeep\n|turn|34\n|inactive|Time left: 300 sec this turn | 300 sec total\n|\n|t:|1783550395\n|move|p2a: Weavile|Knock Off|p1a: Porygon2\n|-supereffective|p1a: Porygon2\n|-damage|p1a: Porygon2|0 fnt\n|-enditem|p1a: Porygon2|Eviolite|[from] move: Knock Off|[of] p2a: Weavile\n|faint|p1a: Porygon2\n|\n|upkeep\n|\n|t:|1783550396\n|switch|p1a: Arbok|Arbok, L87, M|100/100\n|-sideend|p1: p0x902d448|move: Toxic Spikes|[of] p1a: Arbok\n|-ability|p1a: Arbok|Intimidate|boost\n|-unboost|p2a: Weavile|atk|1\n|turn|35\n|inactive|Time left: 300 sec this turn | 300 sec total\n|\n|t:|1783550397\n|switch|p1a: Mudsdale|Mudsdale, L83, F|100/100\n|move|p2a: Weavile|Knock Off|p1a: Mudsdale\n|-damage|p1a: Mudsdale|60/100\n|-ability|p1a: Mudsdale|Stamina|boost\n|-boost|p1a: Mudsdale|def|1\n|-enditem|p1a: Mudsdale|Leftovers|[from] move: Knock Off|[of] p2a: Weavile\n|\n|upkeep\n|turn|36\n|inactive|Time left: 300 sec this turn | 300 sec total\n|\n|t:|1783550399\n|switch|p2a: Azumarill|Azumarill, L82, M|298/298\n|move|p1a: Mudsdale|Heavy Slam|p2a: Azumarill\n|-damage|p2a: Azumarill|183/298\n|\n|upkeep\n|turn|37\n|inactive|Time left: 300 sec this turn | 300 sec total\n|\n|t:|1783550400\n|switch|p1a: Arbok|Arbok, L87, M|100/100\n|-ability|p1a: Arbok|Intimidate|boost\n|-unboost|p2a: Azumarill|atk|1\n|move|p2a: Azumarill|Liquidation|p1a: Arbok\n|-damage|p1a: Arbok|47/100\n|\n|upkeep\n|turn|38\n|inactive|Time left: 300 sec this turn | 300 sec total\n|\n|t:|1783550401\n|switch|p2a: Gliscor|Gliscor, L76, M|211/239 tox\n|move|p1a: Arbok|Gunk Shot|p2a: Gliscor\n|-resisted|p2a: Gliscor\n|-damage|p2a: Gliscor|141/239 tox\n|-damage|p1a: Arbok|37/100|[from] item: Life Orb\n|\n|-heal|p2a: Gliscor|170/239 tox|[from] ability: Poison Heal\n|upkeep\n|turn|39\n|inactive|Time left: 300 sec this turn | 300 sec total\n|\n|t:|1783550402\n|switch|p1a: Mudsdale|Mudsdale, L83, F|60/100\n|move|p2a: Gliscor|Toxic Spikes|p1a: Mudsdale\n|-sidestart|p1: p0x902d448|move: Toxic Spikes\n|\n|-heal|p2a: Gliscor|199/239 tox|[from] ability: Poison Heal\n|upkeep\n|turn|40\n|inactive|Time left: 300 sec this turn | 300 sec total\n|\n|t:|1783550403\n|move|p2a: Gliscor|Earthquake|p1a: Mudsdale\n|-damage|p1a: Mudsdale|36/100\n|-ability|p1a: Mudsdale|Stamina|boost\n|-boost|p1a: Mudsdale|def|1\n|move|p1a: Mudsdale|Heavy Slam|p2a: Gliscor\n|-damage|p2a: Gliscor|115/239 tox\n|\n|-heal|p2a: Gliscor|144/239 tox|[from] ability: Poison Heal\n|upkeep\n|turn|41\n|inactive|Time left: 300 sec this turn | 300 sec total\n|\n|t:|1783550404\n|move|p2a: Gliscor|Earthquake|p1a: Mudsdale\n|-damage|p1a: Mudsdale|17/100\n|-ability|p1a: Mudsdale|Stamina|boost\n|-boost|p1a: Mudsdale|def|1\n|move|p1a: Mudsdale|Heavy Slam|p2a: Gliscor\n|-damage|p2a: Gliscor|59/239 tox\n|\n|-heal|p2a: Gliscor|88/239 tox|[from] ability: Poison Heal\n|upkeep\n|turn|42\n|inactive|Time left: 300 sec this turn | 300 sec total\n|\n|t:|1783550405\n|move|p2a: Gliscor|Protect|p2a: Gliscor\n|-singleturn|p2a: Gliscor|Protect\n|move|p1a: Mudsdale|Heavy Slam|p2a: Gliscor\n|-activate|p2a: Gliscor|move: Protect\n|\n|-heal|p2a: Gliscor|117/239 tox|[from] ability: Poison Heal\n|upkeep\n|turn|43\n|inactive|Time left: 300 sec this turn | 300 sec total\n|\n|t:|1783550406\n|move|p2a: Gliscor|Earthquake|p1a: Mudsdale\n|-crit|p1a: Mudsdale\n|-damage|p1a: Mudsdale|0 fnt\n|faint|p1a: Mudsdale\n|\n|-heal|p2a: Gliscor|146/239 tox|[from] ability: Poison Heal\n|upkeep\n|\n|t:|1783550407\n|switch|p1a: Azelf|Azelf, L82|100/100\n|turn|44\n|inactive|Time left: 300 sec this turn | 300 sec total\n|\n|t:|1783550408\n|move|p2a: Gliscor|Protect|p2a: Gliscor\n|-singleturn|p2a: Gliscor|Protect\n|move|p1a: Azelf|Psychic|p2a: Gliscor\n|-activate|p2a: Gliscor|move: Protect\n|\n|-heal|p2a: Gliscor|175/239 tox|[from] ability: Poison Heal\n|upkeep\n|turn|45\n|inactive|Time left: 300 sec this turn | 300 sec total\n|\n|t:|1783550409\n|switch|p2a: Weavile|Weavile, L79, M, tera:Dark|134/239\n|move|p1a: Azelf|Psychic|p2a: Weavile\n|-immune|p2a: Weavile\n|\n|upkeep\n|turn|46\n|inactive|Time left: 300 sec this turn | 300 sec total\n|\n|t:|1783550410\n|switch|p1a: Arbok|Arbok, L87, M|37/100\n|-sideend|p1: p0x902d448|move: Toxic Spikes|[of] p1a: Arbok\n|-ability|p1a: Arbok|Intimidate|boost\n|-unboost|p2a: Weavile|atk|1\n|move|p2a: Weavile|Knock Off|p1a: Arbok\n|-damage|p1a: Arbok|0 fnt\n|-enditem|p1a: Arbok|Life Orb|[from] move: Knock Off|[of] p2a: Weavile\n|faint|p1a: Arbok\n|\n|upkeep\n|\n|t:|1783550411\n|switch|p1a: Infernape|Infernape, L82, M|53/100\n|turn|47\n|inactive|Time left: 300 sec this turn | 300 sec total\n|\n|t:|1783550412\n|switch|p2a: Gliscor|Gliscor, L76, M|175/239 tox\n|move|p1a: Infernape|Flare Blitz|p2a: Gliscor\n|-damage|p2a: Gliscor|75/239 tox\n|-damage|p1a: Infernape|41/100|[from] Recoil\n|\n|-heal|p2a: Gliscor|104/239 tox|[from] ability: Poison Heal\n|upkeep\n|turn|48\n|inactive|Time left: 300 sec this turn | 300 sec total\n|\n|t:|1783550414\n|move|p1a: Infernape|Flare Blitz|p2a: Gliscor\n|-damage|p2a: Gliscor|2/239 tox\n|-damage|p1a: Infernape|28/100|[from] Recoil\n|move|p2a: Gliscor|Earthquake|p1a: Infernape\n|-supereffective|p1a: Infernape\n|-damage|p1a: Infernape|0 fnt\n|faint|p1a: Infernape\n|\n|-heal|p2a: Gliscor|31/239 tox|[from] ability: Poison Heal\n|upkeep\n|\n|t:|1783550414\n|switch|p1a: Azelf|Azelf, L82|100/100\n|turn|49\n|inactive|Time left: 300 sec this turn | 300 sec total\n|\n|t:|1783550416\n|switch|p2a: Weavile|Weavile, L79, M, tera:Dark|134/239\n|move|p1a: Azelf|Knock Off|p2a: Weavile\n|-resisted|p2a: Weavile\n|-damage|p2a: Weavile|65/239\n|-enditem|p2a: Weavile|Choice Band|[from] move: Knock Off|[of] p1a: Azelf\n|-enditem|p1a: Azelf|Life Orb|[silent]|[from] ability: Pickpocket|[of] p1a: Azelf\n|-item|p2a: Weavile|Life Orb|[from] ability: Pickpocket|[of] p1a: Azelf\n|\n|upkeep\n|turn|50\n|inactive|Time left: 300 sec this turn | 300 sec total\n|\n|t:|1783550417\n|move|p2a: Weavile|Knock Off|p1a: Azelf\n|-supereffective|p1a: Azelf\n|-damage|p1a: Azelf|0 fnt\n|faint|p1a: Azelf\n|-damage|p2a: Weavile|42/239|[from] item: Life Orb\n|\n|win|p0y9023ced", "uploadtime": 1783550417, "views": 0, "rating": 0, "private": 0, "password": null, "_winner": "p0y9023ced", "_our_name": "p0y9023ced"}