{"id": "battle-gen9randombattle-621", "formatid": "gen9randombattle", "format": "[Gen 9] Random Battle", "players": ["p0x621d093", "p0y6211387"], "log": "|init|battle\n|title|p0x621d093 vs. p0y6211387\n|j|\u2606p0x621d093\n|j|\u2606p0y6211387\n|t:|1783547016\n|gametype|singles\n|player|p1|p0x621d093|169|\n|player|p2|p0y6211387|170|\n|gen|9\n|tier|[Gen 9] Random Battle\n|rule|Species Clause: Limit one of each Pok\u00e9mon\n|rule|HP Percentage Mod: HP is shown in percentages\n|rule|Sleep Clause Mod: Limit one foe put to sleep\n|rule|Illusion Level Mod: Illusion disguises the Pok\u00e9mon's true level\n|\n|t:|1783547016\n|teamsize|p1|6\n|teamsize|p2|6\n|start\n|switch|p1a: Ampharos|Ampharos, L88, F|302/302\n|switch|p2a: Lugia|Lugia, L73|100/100\n|turn|1\n|inactive|Battle timer is ON: inactive players will automatically lose when time's up. (requested by p0y6211387)\n|inactive|Time left: 300 sec this turn | 300 sec total | 60 sec grace\n|\n|t:|1783547018\n|move|p2a: Lugia|Calm Mind|p2a: Lugia\n|-boost|p2a: Lugia|spa|1\n|-boost|p2a: Lugia|spd|1\n|move|p1a: Ampharos|Thunderbolt|p2a: Lugia\n|-supereffective|p2a: Lugia\n|-damage|p2a: Lugia|73/100\n|-damage|p1a: Ampharos|272/302|[from] item: Life Orb\n|\n|upkeep\n|turn|2\n|inactive|Time left: 300 sec this turn | 300 sec total\n|inactive|p0x621d093 also wants the timer to be on.\n|\n|t:|1783547019\n|move|p2a: Lugia|Recover|p2a: Lugia\n|-heal|p2a: Lugia|100/100\n|move|p1a: Ampharos|Agility|p1a: Ampharos\n|-boost|p1a: Ampharos|spe|2\n|\n|upkeep\n|turn|3\n|inactive|Time left: 300 sec this turn | 300 sec total\n|\n|t:|1783547020\n|move|p1a: Ampharos|Thunderbolt|p2a: Lugia\n|-supereffective|p2a: Lugia\n|-crit|p2a: Lugia\n|-damage|p2a: Lugia|42/100\n|-status|p2a: Lugia|par\n|-damage|p1a: Ampharos|242/302|[from] item: Life Orb\n|move|p2a: Lugia|Calm Mind|p2a: Lugia\n|-boost|p2a: Lugia|spa|1\n|-boost|p2a: Lugia|spd|1\n|\n|upkeep\n|turn|4\n|inactive|Time left: 300 sec this turn | 300 sec total\n|\n|t:|1783547021\n|-terastallize|p2a: Lugia|Steel\n|move|p1a: Ampharos|Thunderbolt|p2a: Lugia\n|-damage|p2a: Lugia|20/100 par\n|-damage|p1a: Ampharos|212/302|[from] item: Life Orb\n|move|p2a: Lugia|Recover|p2a: Lugia\n|-heal|p2a: Lugia|70/100 par\n|\n|upkeep\n|turn|5\n|inactive|Time left: 300 sec this turn | 300 sec total\n|\n|t:|1783547022\n|move|p1a: Ampharos|Focus Blast|p2a: Lugia|[miss]\n|-miss|p1a: Ampharos|p2a: Lugia\n|cant|p2a: Lugia|par\n|\n|upkeep\n|turn|6\n|inactive|Time left: 300 sec this turn | 300 sec total\n|\n|t:|1783547023\n|move|p1a: Ampharos|Focus Blast|p2a: Lugia|[miss]\n|-miss|p1a: Ampharos|p2a: Lugia\n|cant|p2a: Lugia|par\n|\n|upkeep\n|turn|7\n|inactive|Time left: 300 sec this turn | 300 sec total\n|\n|t:|1783547024\n|move|p1a: Ampharos|Focus Blast|p2a: Lugia\n|-supereffective|p2a: Lugia\n|-damage|p2a: Lugia|35/100 par\n|-damage|p1a: Ampharos|182/302|[from] item: Life Orb\n|move|p2a: Lugia|Psychic Noise|p1a: Ampharos\n|-damage|p1a: Ampharos|76/302\n|-start|p1a: Ampharos|move: Heal Block\n|\n|upkeep\n|turn|8\n|inactive|Time left: 300 sec this turn | 300 sec total\n|\n|t:|1783547025\n|move|p1a: Ampharos|Focus Blast|p2a: Lugia\n|-supereffective|p2a: Lugia\n|-damage|p2a: Lugia|0 fnt\n|faint|p2a: Lugia\n|-damage|p1a: Ampharos|46/302|[from] item: Life Orb\n|\n|-end|p1a: Ampharos|move: Heal Block\n|upkeep\n|\n|t:|1783547026\n|switch|p2a: Lurantis|Lurantis, L87, M|100/100\n|turn|9\n|inactive|Time left: 300 sec this turn | 300 sec total\n|\n|t:|1783547027\n|move|p1a: Ampharos|Thunderbolt|p2a: Lurantis\n|-resisted|p2a: Lurantis\n|-damage|p2a: Lurantis|71/100\n|-damage|p1a: Ampharos|16/302|[from] item: Life Orb\n|move|p2a: Lurantis|Leaf Storm|p1a: Ampharos\n|-damage|p1a: Ampharos|0 fnt\n|-boost|p2a: Lurantis|spa|2\n|faint|p1a: Ampharos\n|\n|-heal|p2a: Lurantis|77/100|[from] item: Leftovers\n|upkeep\n|inactive|Time left: 300 sec this turn | 300 sec total | 5 sec grace\n|\n|t:|1783547028\n|switch|p1a: Glaceon|Glaceon, L94, F|275/275\n|turn|10\n|inactive|Time left: 300 sec this turn | 300 sec total\n|\n|t:|1783547029\n|switch|p2a: Beartic|Beartic, L91, F|100/100\n|move|p1a: Glaceon|Freeze-Dry|p2a: Beartic\n|-resisted|p2a: Beartic\n|-damage|p2a: Beartic|84/100\n|\n|upkeep\n|turn|11\n|inactive|Time left: 300 sec this turn | 300 sec total\n|\n|t:|1783547030\n|switch|p1a: Zacian|Zacian-Crowned, L64|225/225\n|-ability|p1a: Zacian|Intrepid Sword|boost\n|-boost|p1a: Zacian|atk|1\n|move|p2a: Beartic|Swords Dance|p2a: Beartic\n|-boost|p2a: Beartic|atk|2\n|\n|upkeep\n|turn|12\n|inactive|Time left: 300 sec this turn | 300 sec total\n|\n|t:|1783547031\n|switch|p2a: Skeledirge|Skeledirge, L79, F|100/100\n|-terastallize|p1a: Zacian|Fighting\n|move|p1a: Zacian|Close Combat|p2a: Skeledirge\n|-immune|p2a: Skeledirge\n|\n|upkeep\n|turn|13\n|inactive|Time left: 300 sec this turn | 300 sec total\n|\n|t:|1783547032\n|switch|p1a: Flutter Mane|Flutter Mane, L74|203/203\n|move|p2a: Skeledirge|Torch Song|p1a: Flutter Mane\n|-damage|p1a: Flutter Mane|131/203\n|-boost|p2a: Skeledirge|spa|1\n|\n|upkeep\n|turn|14\n|inactive|Time left: 300 sec this turn | 300 sec total\n|\n|t:|1783547033\n|move|p1a: Flutter Mane|Shadow Ball|p2a: Skeledirge\n|-supereffective|p2a: Skeledirge\n|-damage|p2a: Skeledirge|0 fnt\n|faint|p2a: Skeledirge\n|\n|upkeep\n|\n|t:|1783547034\n|switch|p2a: Lurantis|Lurantis, L87, M|77/100\n|turn|15\n|inactive|Time left: 300 sec this turn | 300 sec total\n|\n|t:|1783547035\n|move|p1a: Flutter Mane|Shadow Ball|p2a: Lurantis\n|-damage|p2a: Lurantis|32/100\n|move|p2a: Lurantis|Knock Off|p1a: Flutter Mane\n|-damage|p1a: Flutter Mane|1/203\n|-enditem|p1a: Flutter Mane|Choice Specs|[from] move: Knock Off|[of] p2a: Lurantis\n|\n|-heal|p2a: Lurantis|38/100|[from] item: Leftovers\n|upkeep\n|turn|16\n|inactive|Time left: 300 sec this turn | 300 sec total\n|\n|t:|1783547036\n|move|p1a: Flutter Mane|Mystical Fire|p2a: Lurantis\n|-supereffective|p2a: Lurantis\n|-damage|p2a: Lurantis|0 fnt\n|faint|p2a: Lurantis\n|\n|upkeep\n|\n|t:|1783547037\n|switch|p2a: Bellossom|Bellossom, L84, F|100/100\n|turn|17\n|inactive|Time left: 300 sec this turn | 300 sec total\n|\n|t:|1783547038\n|move|p1a: Flutter Mane|Mystical Fire|p2a: Bellossom\n|-supereffective|p2a: Bellossom\n|-damage|p2a: Bellossom|61/100\n|-unboost|p2a: Bellossom|spa|1\n|move|p2a: Bellossom|Quiver Dance|p2a: Bellossom\n|-boost|p2a: Bellossom|spa|1\n|-boost|p2a: Bellossom|spd|1\n|-boost|p2a: Bellossom|spe|1\n|\n|-heal|p2a: Bellossom|67/100|[from] item: Leftovers\n|upkeep\n|turn|18\n|inactive|Time left: 300 sec this turn | 300 sec total\n|\n|t:|1783547039\n|move|p1a: Flutter Mane|Mystical Fire|p2a: Bellossom\n|-supereffective|p2a: Bellossom\n|-damage|p2a: Bellossom|42/100\n|-unboost|p2a: Bellossom|spa|1\n|move|p2a: Bellossom|Quiver Dance|p2a: Bellossom\n|-boost|p2a: Bellossom|spa|1\n|-boost|p2a: Bellossom|spd|1\n|-boost|p2a: Bellossom|spe|1\n|\n|-heal|p2a: Bellossom|48/100|[from] item: Leftovers\n|upkeep\n|turn|19\n|inactive|Time left: 300 sec this turn | 300 sec total\n|\n|t:|1783547041\n|move|p2a: Bellossom|Quiver Dance|p2a: Bellossom\n|-boost|p2a: Bellossom|spa|1\n|-boost|p2a: Bellossom|spd|1\n|-boost|p2a: Bellossom|spe|1\n|move|p1a: Flutter Mane|Mystical Fire|p2a: Bellossom\n|-supereffective|p2a: Bellossom\n|-damage|p2a: Bellossom|31/100\n|-unboost|p2a: Bellossom|spa|1\n|\n|-heal|p2a: Bellossom|37/100|[from] item: Leftovers\n|upkeep\n|turn|20\n|inactive|Time left: 300 sec this turn | 300 sec total\n|\n|t:|1783547042\n|move|p2a: Bellossom|Strength Sap|p1a: Flutter Mane\n|-unboost|p1a: Flutter Mane|atk|1\n|-heal|p2a: Bellossom|70/100\n|move|p1a: Flutter Mane|Mystical Fire|p2a: Bellossom\n|-supereffective|p2a: Bellossom\n|-damage|p2a: Bellossom|56/100\n|-unboost|p2a: Bellossom|spa|1\n|\n|-heal|p2a: Bellossom|62/100|[from] item: Leftovers\n|upkeep\n|turn|21\n|inactive|Time left: 300 sec this turn | 300 sec total\n|\n|t:|1783547043\n|move|p2a: Bellossom|Quiver Dance|p2a: Bellossom\n|-boost|p2a: Bellossom|spa|1\n|-boost|p2a: Bellossom|spd|1\n|-boost|p2a: Bellossom|spe|1\n|move|p1a: Flutter Mane|Mystical Fire|p2a: Bellossom\n|-supereffective|p2a: Bellossom\n|-damage|p2a: Bellossom|50/100\n|-unboost|p2a: Bellossom|spa|1\n|\n|-heal|p2a: Bellossom|56/100|[from] item: Leftovers\n|upkeep\n|turn|22\n|inactive|Time left: 300 sec this turn | 300 sec total\n|\n|t:|1783547044\n|move|p2a: Bellossom|Quiver Dance|p2a: Bellossom\n|-boost|p2a: Bellossom|spa|1\n|-boost|p2a: Bellossom|spd|1\n|-boost|p2a: Bellossom|spe|1\n|move|p1a: Flutter Mane|Mystical Fire|p2a: Bellossom\n|-supereffective|p2a: Bellossom\n|-damage|p2a: Bellossom|45/100\n|-unboost|p2a: Bellossom|spa|1\n|\n|-heal|p2a: Bellossom|51/100|[from] item: Leftovers\n|upkeep\n|turn|23\n|inactive|Time left: 300 sec this turn | 300 sec total\n|\n|t:|1783547045\n|move|p2a: Bellossom|Strength Sap|p1a: Flutter Mane\n|-unboost|p1a: Flutter Mane|atk|1\n|-heal|p2a: Bellossom|73/100\n|move|p1a: Flutter Mane|Mystical Fire|p2a: Bellossom\n|-supereffective|p2a: Bellossom\n|-damage|p2a: Bellossom|61/100\n|-unboost|p2a: Bellossom|spa|1\n|\n|-heal|p2a: Bellossom|67/100|[from] item: Leftovers\n|upkeep\n|turn|24\n|inactive|Time left: 300 sec this turn | 300 sec total\n|\n|t:|1783547046\n|move|p2a: Bellossom|Quiver Dance|p2a: Bellossom\n|-boost|p2a: Bellossom|spa|1\n|-boost|p2a: Bellossom|spd|1\n|-boost|p2a: Bellossom|spe|1\n|move|p1a: Flutter Mane|Mystical Fire|p2a: Bellossom\n|-supereffective|p2a: Bellossom\n|-damage|p2a: Bellossom|58/100\n|-unboost|p2a: Bellossom|spa|1\n|\n|-heal|p2a: Bellossom|64/100|[from] item: Leftovers\n|upkeep\n|turn|25\n|inactive|Time left: 300 sec this turn | 300 sec total\n|\n|t:|1783547047\n|move|p2a: Bellossom|Quiver Dance|p2a: Bellossom\n|-boost|p2a: Bellossom|spa|1\n|-boost|p2a: Bellossom|spd|0\n|-boost|p2a: Bellossom|spe|0\n|move|p1a: Flutter Mane|Mystical Fire|p2a: Bellossom\n|-supereffective|p2a: Bellossom\n|-damage|p2a: Bellossom|54/100\n|-unboost|p2a: Bellossom|spa|1\n|\n|-heal|p2a: Bellossom|60/100|[from] item: Leftovers\n|upkeep\n|turn|26\n|inactive|Time left: 300 sec this turn | 300 sec total\n|\n|t:|1783547048\n|move|p2a: Bellossom|Strength Sap|p1a: Flutter Mane\n|-unboost|p1a: Flutter Mane|atk|1\n|-heal|p2a: Bellossom|76/100\n|move|p1a: Flutter Mane|Mystical Fire|p2a: Bellossom\n|-supereffective|p2a: Bellossom\n|-damage|p2a: Bellossom|66/100\n|-unboost|p2a: Bellossom|spa|1\n|\n|-heal|p2a: Bellossom|72/100|[from] item: Leftovers\n|upkeep\n|turn|27\n|inactive|Time left: 300 sec this turn | 300 sec total\n|\n|t:|1783547050\n|-end|p1a: Flutter Mane|Protosynthesis|[silent]\n|switch|p1a: Zacian|Zacian-Crowned, L64, tera:Fighting|225/225\n|move|p2a: Bellossom|Strength Sap|p1a: Zacian\n|-unboost|p1a: Zacian|atk|1\n|-heal|p2a: Bellossom|100/100\n|\n|upkeep\n|turn|28\n|inactive|Time left: 300 sec this turn | 300 sec total\n|\n|t:|1783547051\n|move|p2a: Bellossom|Sludge Bomb|p1a: Zacian\n|-damage|p1a: Zacian|200/225\n|move|p1a: Zacian|Swords Dance|p1a: Zacian\n|-boost|p1a: Zacian|atk|2\n|\n|upkeep\n|turn|29\n|inactive|Time left: 300 sec this turn | 300 sec total\n|\n|t:|1783547052\n|move|p2a: Bellossom|Strength Sap|p1a: Zacian\n|-unboost|p1a: Zacian|atk|1\n|move|p1a: Zacian|Swords Dance|p1a: Zacian\n|-boost|p1a: Zacian|atk|2\n|\n|upkeep\n|turn|30\n|inactive|Time left: 300 sec this turn | 300 sec total\n|\n|t:|1783547053\n|move|p2a: Bellossom|Strength Sap|p1a: Zacian\n|-unboost|p1a: Zacian|atk|1\n|move|p1a: Zacian|Swords Dance|p1a: Zacian\n|-boost|p1a: Zacian|atk|2\n|\n|upkeep\n|turn|31\n|inactive|Time left: 300 sec this turn | 300 sec total\n|\n|t:|1783547054\n|move|p2a: Bellossom|Strength Sap|p1a: Zacian\n|-unboost|p1a: Zacian|atk|1\n|move|p1a: Zacian|Swords Dance|p1a: Zacian\n|-boost|p1a: Zacian|atk|2\n|\n|upkeep\n|turn|32\n|inactive|Time left: 300 sec this turn | 300 sec total\n|\n|t:|1783547055\n|move|p2a: Bellossom|Strength Sap|p1a: Zacian\n|-unboost|p1a: Zacian|atk|1\n|move|p1a: Zacian|Close Combat|p2a: Bellossom\n|-damage|p2a: Bellossom|4/100\n|-unboost|p1a: Zacian|def|1\n|-unboost|p1a: Zacian|spd|1\n|\n|-heal|p2a: Bellossom|10/100|[from] item: Leftovers\n|upkeep\n|turn|33\n|inactive|Time left: 300 sec this turn | 300 sec total\n|\n|t:|1783547056\n|move|p2a: Bellossom|Strength Sap|p1a: Zacian\n|-unboost|p1a: Zacian|atk|1\n|-heal|p2a: Bellossom|100/100\n|move|p1a: Zacian|Swords Dance|p1a: Zacian\n|-boost|p1a: Zacian|atk|2\n|\n|upkeep\n|turn|34\n|inactive|Time left: 300 sec this turn | 300 sec total\n|\n|t:|1783547057\n|move|p2a: Bellossom|Strength Sap|p1a: Zacian\n|-unboost|p1a: Zacian|atk|1\n|move|p1a: Zacian|Close Combat|p2a: Bellossom\n|-damage|p2a: Bellossom|4/100\n|-unboost|p1a: Zacian|def|1\n|-unboost|p1a: Zacian|spd|1\n|\n|-heal|p2a: Bellossom|10/100|[from] item: Leftovers\n|upkeep\n|turn|35\n|inactive|Time left: 300 sec this turn | 300 sec total\n|\n|t:|1783547058\n|move|p2a: Bellossom|Strength Sap|p1a: Zacian\n|-unboost|p1a: Zacian|atk|1\n|-heal|p2a: Bellossom|100/100\n|move|p1a: Zacian|Swords Dance|p1a: Zacian\n|-boost|p1a: Zacian|atk|2\n|\n|upkeep\n|turn|36\n|inactive|Time left: 300 sec this turn | 300 sec total\n|\n|t:|1783547059\n|move|p2a: Bellossom|Strength Sap|p1a: Zacian\n|-unboost|p1a: Zacian|atk|1\n|move|p1a: Zacian|Close Combat|p2a: Bellossom\n|-damage|p2a: Bellossom|3/100\n|-unboost|p1a: Zacian|def|1\n|-unboost|p1a: Zacian|spd|1\n|\n|-heal|p2a: Bellossom|9/100|[from] item: Leftovers\n|upkeep\n|turn|37\n|inactive|Time left: 300 sec this turn | 300 sec total\n|\n|t:|1783547060\n|move|p2a: Bellossom|Strength Sap|p1a: Zacian\n|-unboost|p1a: Zacian|atk|1\n|-heal|p2a: Bellossom|100/100\n|move|p1a: Zacian|Swords Dance|p1a: Zacian\n|-boost|p1a: Zacian|atk|2\n|\n|upkeep\n|turn|38\n|inactive|Time left: 300 sec this turn | 300 sec total\n|\n|t:|1783547061\n|move|p2a: Bellossom|Sludge Bomb|p1a: Zacian\n|-damage|p1a: Zacian|141/225\n|move|p1a: Zacian|Close Combat|p2a: Bellossom\n|-damage|p2a: Bellossom|0 fnt\n|-unboost|p1a: Zacian|def|1\n|-unboost|p1a: Zacian|spd|1\n|faint|p2a: Bellossom\n|\n|upkeep\n|\n|t:|1783547061\n|switch|p2a: Mismagius|Mismagius, L86, M|100/100\n|turn|39\n|inactive|Time left: 300 sec this turn | 300 sec total\n|\n|t:|1783547062\n|switch|p1a: Flutter Mane|Flutter Mane, L74|1/203\n|move|p2a: Mismagius|Shadow Ball|p1a: Flutter Mane\n|-supereffective|p1a: Flutter Mane\n|-damage|p1a: Flutter Mane|0 fnt\n|faint|p1a: Flutter Mane\n|-end|p1a: Flutter Mane|Protosynthesis|[silent]\n|\n|upkeep\n|inactive|Time left: 300 sec this turn | 300 sec total | 5 sec grace\n|\n|t:|1783547064\n|switch|p1a: Hydrapple|Hydrapple, L83, F|312/312\n|turn|40\n|inactive|Time left: 300 sec this turn | 300 sec total\n|\n|t:|1783547064\n|move|p2a: Mismagius|Nasty Plot|p2a: Mismagius\n|-boost|p2a: Mismagius|spa|2\n|move|p1a: Hydrapple|Giga Drain|p2a: Mismagius\n|-damage|p2a: Mismagius|59/100\n|-damage|p1a: Hydrapple|281/312|[from] item: Life Orb\n|\n|-heal|p2a: Mismagius|65/100|[from] item: Leftovers\n|upkeep\n|turn|41\n|inactive|Time left: 300 sec this turn | 300 sec total\n|\n|t:|1783547065\n|move|p2a: Mismagius|Shadow Ball|p1a: Hydrapple\n|-damage|p1a: Hydrapple|92/312\n|-unboost|p1a: Hydrapple|spd|1\n|move|p1a: Hydrapple|Giga Drain|p2a: Mismagius\n|-damage|p2a: Mismagius|24/100\n|-heal|p1a: Hydrapple|143/312|[from] drain|[of] p2a: Mismagius\n|-damage|p1a: Hydrapple|112/312|[from] item: Life Orb\n|\n|-heal|p2a: Mismagius|30/100|[from] item: Leftovers\n|upkeep\n|turn|42\n|inactive|Time left: 300 sec this turn | 300 sec total\n|\n|t:|1783547067\n|switch|p1a: Zacian|Zacian-Crowned, L64, tera:Fighting|141/225\n|move|p2a: Mismagius|Shadow Ball|p1a: Zacian\n|-damage|p1a: Zacian|0 fnt\n|faint|p1a: Zacian\n|\n|-heal|p2a: Mismagius|36/100|[from] item: Leftovers\n|upkeep\n|inactive|Time left: 300 sec this turn | 300 sec total | 5 sec grace\n|\n|t:|1783547068\n|switch|p1a: Glaceon|Glaceon, L94, F|275/275\n|turn|43\n|inactive|Time left: 300 sec this turn | 300 sec total\n|\n|t:|1783547069\n|move|p2a: Mismagius|Shadow Ball|p1a: Glaceon\n|-damage|p1a: Glaceon|106/275\n|move|p1a: Glaceon|Freeze-Dry|p2a: Mismagius\n|-damage|p2a: Mismagius|0 fnt\n|faint|p2a: Mismagius\n|\n|upkeep\n|\n|t:|1783547070\n|switch|p2a: Beartic|Beartic, L91, F|84/100\n|turn|44\n|inactive|Time left: 300 sec this turn | 300 sec total\n|\n|t:|1783547071\n|move|p1a: Glaceon|Mud Shot|p2a: Beartic\n|-crit|p2a: Beartic\n|-damage|p2a: Beartic|58/100\n|-unboost|p2a: Beartic|spe|1\n|move|p2a: Beartic|Swords Dance|p2a: Beartic\n|-boost|p2a: Beartic|atk|2\n|\n|upkeep\n|turn|45\n|inactive|Time left: 300 sec this turn | 300 sec total\n|\n|t:|1783547072\n|move|p1a: Glaceon|Mud Shot|p2a: Beartic\n|-damage|p2a: Beartic|39/100\n|-unboost|p2a: Beartic|spe|1\n|move|p2a: Beartic|Icicle Crash|p1a: Glaceon\n|-resisted|p1a: Glaceon\n|-damage|p1a: Glaceon|14/275\n|\n|upkeep\n|turn|46\n|inactive|Time left: 300 sec this turn | 300 sec total\n|\n|t:|1783547074\n|move|p1a: Glaceon|Mud Shot|p2a: Beartic\n|-damage|p2a: Beartic|19/100\n|-unboost|p2a: Beartic|spe|1\n|move|p2a: Beartic|Swords Dance|p2a: Beartic\n|-boost|p2a: Beartic|atk|2\n|\n|upkeep\n|turn|47\n|inactive|Time left: 300 sec this turn | 300 sec total\n|\n|t:|1783547075\n|switch|p1a: Hydrapple|Hydrapple, L83, F|216/312\n|move|p2a: Beartic|Swords Dance|p2a: Beartic\n|-boost|p2a: Beartic|atk|2\n|\n|upkeep\n|turn|48\n|inactive|Time left: 300 sec this turn | 300 sec total\n|\n|t:|1783547075\n|move|p1a: Hydrapple|Giga Drain|p2a: Beartic\n|-damage|p2a: Beartic|0 fnt\n|-heal|p1a: Hydrapple|246/312|[from] drain|[of] p2a: Beartic\n|faint|p2a: Beartic\n|-damage|p1a: Hydrapple|215/312|[from] item: Life Orb\n|\n|win|p0x621d093", "uploadtime": 1783547075, "views": 0, "rating": 0, "private": 0, "password": null, "_winner": "p0x621d093", "_our_name": "p0x621d093"}