{"id": "battle-gen9randombattle-2228", "formatid": "gen9randombattle", "format": "[Gen 9] Random Battle", "players": ["p0x22288867", "p0y22286882"], "log": "|init|battle\n|title|p0x22288867 vs. p0y22286882\n|j|\u2606p0x22288867\n|j|\u2606p0y22286882\n|t:|1783565818\n|gametype|singles\n|player|p1|p0x22288867|169|\n|player|p2|p0y22286882|265|\n|gen|9\n|tier|[Gen 9] Random Battle\n|rule|Species Clause: Limit one of each Pok\u00e9mon\n|rule|HP Percentage Mod: HP is shown in percentages\n|rule|Sleep Clause Mod: Limit one foe put to sleep\n|rule|Illusion Level Mod: Illusion disguises the Pok\u00e9mon's true level\n|\n|t:|1783565818\n|teamsize|p1|6\n|teamsize|p2|6\n|start\n|switch|p1a: Conkeldurr|Conkeldurr, L80, M|100/100\n|switch|p2a: Okidogi|Okidogi, L77, M|262/262\n|turn|1\n|\n|t:|1783565819\n|move|p2a: Okidogi|Gunk Shot|p1a: Conkeldurr\n|-damage|p1a: Conkeldurr|55/100\n|move|p1a: Conkeldurr|Knock Off|p2a: Okidogi\n|-resisted|p2a: Okidogi\n|-damage|p2a: Okidogi|228/262\n|-enditem|p2a: Okidogi|Leftovers|[from] move: Knock Off|[of] p1a: Conkeldurr\n|\n|-status|p1a: Conkeldurr|brn|[from] item: Flame Orb\n|upkeep\n|turn|2\n|inactive|Battle timer is ON: inactive players will automatically lose when time's up. (requested by p0x22288867)\n|inactive|Time left: 300 sec this turn | 300 sec total | 60 sec grace\n|inactive|p0y22286882 also wants the timer to be on.\n|\n|t:|1783565821\n|move|p2a: Okidogi|Drain Punch|p1a: Conkeldurr\n|-damage|p1a: Conkeldurr|26/100 brn\n|-heal|p2a: Okidogi|262/262|[from] drain|[of] p1a: Conkeldurr\n|move|p1a: Conkeldurr|Facade|p2a: Okidogi\n|-damage|p2a: Okidogi|114/262\n|\n|-damage|p1a: Conkeldurr|20/100 brn|[from] brn\n|upkeep\n|turn|3\n|inactive|Time left: 300 sec this turn | 300 sec total\n|\n|t:|1783565822\n|switch|p1a: Stonjourner|Stonjourner, L91, F|100/100\n|move|p2a: Okidogi|Drain Punch|p1a: Stonjourner\n|-supereffective|p1a: Stonjourner\n|-damage|p1a: Stonjourner|65/100\n|-heal|p2a: Okidogi|172/262|[from] drain|[of] p1a: Stonjourner\n|\n|upkeep\n|turn|4\n|inactive|Time left: 300 sec this turn | 300 sec total\n|\n|t:|1783565823\n|switch|p2a: Arceus|Arceus-Flying, L69|279/279\n|move|p1a: Stonjourner|Earthquake|p2a: Arceus\n|-immune|p2a: Arceus\n|\n|upkeep\n|turn|5\n|inactive|Time left: 300 sec this turn | 300 sec total\n|\n|t:|1783565824\n|switch|p1a: Iron Jugulis|Iron Jugulis, L77|100/100\n|move|p2a: Arceus|Earth Power|p1a: Iron Jugulis\n|-immune|p1a: Iron Jugulis\n|\n|upkeep\n|turn|6\n|inactive|Time left: 300 sec this turn | 300 sec total\n|\n|t:|1783565825\n|move|p1a: Iron Jugulis|Meteor Beam||[still]\n|-prepare|p1a: Iron Jugulis|Meteor Beam\n|-boost|p1a: Iron Jugulis|spa|1\n|-enditem|p1a: Iron Jugulis|Power Herb\n|-anim|p1a: Iron Jugulis|Meteor Beam|p2a: Arceus\n|-supereffective|p2a: Arceus\n|-damage|p2a: Arceus|25/279\n|move|p2a: Arceus|Calm Mind|p2a: Arceus\n|-boost|p2a: Arceus|spa|1\n|-boost|p2a: Arceus|spd|1\n|\n|upkeep\n|turn|7\n|inactive|Time left: 300 sec this turn | 300 sec total\n|\n|t:|1783565826\n|move|p1a: Iron Jugulis|Meteor Beam||[still]\n|-prepare|p1a: Iron Jugulis|Meteor Beam\n|-boost|p1a: Iron Jugulis|spa|1\n|move|p2a: Arceus|Recover|p2a: Arceus\n|-heal|p2a: Arceus|165/279\n|\n|upkeep\n|turn|8\n|inactive|Time left: 300 sec this turn | 300 sec total\n|\n|t:|1783565828\n|-terastallize|p2a: Arceus|Ground\n|move|p1a: Iron Jugulis|Meteor Beam|p2a: Arceus|[from] lockedmove\n|-resisted|p2a: Arceus\n|-damage|p2a: Arceus|111/279\n|move|p2a: Arceus|Judgment|p1a: Iron Jugulis\n|-damage|p1a: Iron Jugulis|33/100\n|\n|upkeep\n|turn|9\n|inactive|Time left: 300 sec this turn | 300 sec total\n|\n|t:|1783565829\n|move|p1a: Iron Jugulis|Hurricane|p2a: Arceus\n|-damage|p2a: Arceus|0 fnt\n|faint|p2a: Arceus\n|\n|upkeep\n|inactive|Time left: 300 sec this turn | 300 sec total | 5 sec grace\n|\n|t:|1783565830\n|switch|p2a: Regice|Regice, L88|284/284\n|turn|10\n|inactive|Time left: 300 sec this turn | 300 sec total\n|\n|t:|1783565831\n|move|p1a: Iron Jugulis|Hurricane|p2a: Regice\n|-damage|p2a: Regice|167/284\n|move|p2a: Regice|Ice Beam|p1a: Iron Jugulis\n|-supereffective|p1a: Iron Jugulis\n|-damage|p1a: Iron Jugulis|0 fnt\n|faint|p1a: Iron Jugulis\n|-end|p1a: Iron Jugulis|Quark Drive|[silent]\n|\n|upkeep\n|\n|t:|1783565832\n|switch|p1a: Abomasnow|Abomasnow, L84, F|100/100\n|-weather|Snowscape|[from] ability: Snow Warning|[of] p1a: Abomasnow\n|turn|11\n|inactive|Time left: 300 sec this turn | 300 sec total\n|\n|t:|1783565833\n|move|p1a: Abomasnow|Aurora Veil|p1a: Abomasnow\n|-sidestart|p1: p0x22288867|move: Aurora Veil\n|move|p2a: Regice|Ice Beam|p1a: Abomasnow\n|-damage|p1a: Abomasnow|83/100\n|\n|-weather|Snowscape|[upkeep]\n|upkeep\n|turn|12\n|inactive|Time left: 300 sec this turn | 300 sec total\n|\n|t:|1783565834\n|move|p1a: Abomasnow|Earthquake|p2a: Regice\n|-damage|p2a: Regice|127/284\n|move|p2a: Regice|Ice Beam|p1a: Abomasnow\n|-damage|p1a: Abomasnow|64/100\n|\n|-weather|Snowscape|[upkeep]\n|upkeep\n|turn|13\n|inactive|Time left: 300 sec this turn | 300 sec total\n|\n|t:|1783565835\n|switch|p1a: Stonjourner|Stonjourner, L91, F|65/100\n|move|p2a: Regice|Ice Beam|p1a: Stonjourner\n|-damage|p1a: Stonjourner|32/100\n|-status|p1a: Stonjourner|frz\n|\n|-weather|Snowscape|[upkeep]\n|upkeep\n|turn|14\n|inactive|Time left: 300 sec this turn | 300 sec total\n|\n|t:|1783565836\n|cant|p1a: Stonjourner|frz\n|move|p2a: Regice|Ice Beam|p1a: Stonjourner\n|-damage|p1a: Stonjourner|0 fnt\n|faint|p1a: Stonjourner\n|\n|-weather|Snowscape|[upkeep]\n|upkeep\n|\n|t:|1783565837\n|switch|p1a: Hypno|Hypno, L95, F|100/100\n|turn|15\n|inactive|Time left: 300 sec this turn | 300 sec total\n|\n|t:|1783565838\n|move|p1a: Hypno|Knock Off|p2a: Regice\n|-damage|p2a: Regice|85/284\n|-enditem|p2a: Regice|Heavy-Duty Boots|[from] move: Knock Off|[of] p1a: Hypno\n|move|p2a: Regice|Rest|p2a: Regice\n|-status|p2a: Regice|slp|[from] move: Rest\n|-heal|p2a: Regice|284/284 slp|[silent]\n|\n|-weather|none\n|upkeep\n|turn|16\n|inactive|Time left: 300 sec this turn | 300 sec total\n|\n|t:|1783565839\n|switch|p2a: Luxray|Luxray, L88, M|284/284\n|-ability|p2a: Luxray|Intimidate|boost\n|-unboost|p1a: Hypno|atk|1\n|move|p1a: Hypno|Knock Off|p2a: Luxray\n|-damage|p2a: Luxray|234/284\n|-enditem|p2a: Luxray|Assault Vest|[from] move: Knock Off|[of] p1a: Hypno\n|\n|upkeep\n|turn|17\n|inactive|Time left: 300 sec this turn | 300 sec total\n|\n|t:|1783565840\n|switch|p2a: Reuniclus|Reuniclus, L88, F|337/337\n|move|p1a: Hypno|Psychic Noise|p2a: Reuniclus\n|-resisted|p2a: Reuniclus\n|-damage|p2a: Reuniclus|299/337\n|-start|p2a: Reuniclus|move: Heal Block\n|\n|upkeep\n|turn|18\n|inactive|Time left: 300 sec this turn | 300 sec total\n|\n|t:|1783565841\n|switch|p1a: Abomasnow|Abomasnow, L84, F|64/100\n|-weather|Snowscape|[from] ability: Snow Warning|[of] p1a: Abomasnow\n|move|p2a: Reuniclus|Calm Mind|p2a: Reuniclus\n|-boost|p2a: Reuniclus|spa|1\n|-boost|p2a: Reuniclus|spd|1\n|\n|-weather|Snowscape|[upkeep]\n|-end|p2a: Reuniclus|move: Heal Block\n|-sideend|p1: p0x22288867|move: Aurora Veil\n|upkeep\n|turn|19\n|inactive|Time left: 300 sec this turn | 300 sec total\n|\n|t:|1783565842\n|move|p1a: Abomasnow|Aurora Veil|p1a: Abomasnow\n|-sidestart|p1: p0x22288867|move: Aurora Veil\n|move|p2a: Reuniclus|Psychic|p1a: Abomasnow\n|-damage|p1a: Abomasnow|20/100\n|\n|-weather|Snowscape|[upkeep]\n|upkeep\n|turn|20\n|inactive|Time left: 300 sec this turn | 300 sec total\n|\n|t:|1783565843\n|move|p1a: Abomasnow|Earthquake|p2a: Reuniclus\n|-damage|p2a: Reuniclus|224/337\n|move|p2a: Reuniclus|Calm Mind|p2a: Reuniclus\n|-boost|p2a: Reuniclus|spa|1\n|-boost|p2a: Reuniclus|spd|1\n|\n|-weather|Snowscape|[upkeep]\n|upkeep\n|turn|21\n|inactive|Time left: 300 sec this turn | 300 sec total\n|\n|t:|1783565844\n|switch|p1a: Hypno|Hypno, L95, F|100/100\n|move|p2a: Reuniclus|Recover|p2a: Reuniclus\n|-heal|p2a: Reuniclus|337/337\n|\n|-weather|Snowscape|[upkeep]\n|upkeep\n|turn|22\n|inactive|Time left: 300 sec this turn | 300 sec total\n|\n|t:|1783565844\n|move|p1a: Hypno|Knock Off|p2a: Reuniclus\n|-supereffective|p2a: Reuniclus\n|-crit|p2a: Reuniclus\n|-damage|p2a: Reuniclus|101/337\n|-enditem|p2a: Reuniclus|Life Orb|[from] move: Knock Off|[of] p1a: Hypno\n|move|p2a: Reuniclus|Focus Blast|p1a: Hypno\n|-resisted|p1a: Hypno\n|-damage|p1a: Hypno|88/100\n|\n|-weather|none\n|-heal|p1a: Hypno|94/100|[from] item: Leftovers\n|upkeep\n|turn|23\n|inactive|Time left: 300 sec this turn | 300 sec total\n|\n|t:|1783565845\n|switch|p2a: Luxray|Luxray, L88, M|234/284\n|-ability|p2a: Luxray|Intimidate|boost\n|-unboost|p1a: Hypno|atk|1\n|move|p1a: Hypno|Knock Off|p2a: Luxray\n|-damage|p2a: Luxray|201/284\n|\n|-heal|p1a: Hypno|99/100|[from] item: Leftovers\n|upkeep\n|turn|24\n|inactive|Time left: 300 sec this turn | 300 sec total\n|\n|t:|1783565846\n|switch|p2a: Reuniclus|Reuniclus, L88, F|101/337\n|move|p1a: Hypno|Psychic Noise|p2a: Reuniclus\n|-resisted|p2a: Reuniclus\n|-damage|p2a: Reuniclus|59/337\n|-start|p2a: Reuniclus|move: Heal Block\n|\n|-heal|p1a: Hypno|100/100|[from] item: Leftovers\n|upkeep\n|turn|25\n|inactive|Time left: 300 sec this turn | 300 sec total\n|\n|t:|1783565847\n|switch|p2a: Luxray|Luxray, L88, M|201/284\n|-ability|p2a: Luxray|Intimidate|boost\n|-unboost|p1a: Hypno|atk|1\n|move|p1a: Hypno|Knock Off|p2a: Luxray\n|-damage|p2a: Luxray|173/284\n|\n|upkeep\n|turn|26\n|inactive|Time left: 300 sec this turn | 300 sec total\n|\n|t:|1783565848\n|switch|p1a: Abomasnow|Abomasnow, L84, F|20/100\n|-weather|Snowscape|[from] ability: Snow Warning|[of] p1a: Abomasnow\n|move|p2a: Luxray|Wild Charge|p1a: Abomasnow\n|-resisted|p1a: Abomasnow\n|-damage|p1a: Abomasnow|12/100\n|-damage|p2a: Luxray|168/284|[from] Recoil\n|\n|-weather|Snowscape|[upkeep]\n|-sideend|p1: p0x22288867|move: Aurora Veil\n|upkeep\n|turn|27\n|inactive|Time left: 300 sec this turn | 300 sec total\n|\n|t:|1783565849\n|switch|p1a: Hypno|Hypno, L95, F|100/100\n|move|p2a: Luxray|Wild Charge|p1a: Hypno\n|-damage|p1a: Hypno|62/100\n|-damage|p2a: Luxray|138/284|[from] Recoil\n|\n|-weather|Snowscape|[upkeep]\n|-heal|p1a: Hypno|68/100|[from] item: Leftovers\n|upkeep\n|turn|28\n|inactive|Time left: 300 sec this turn | 300 sec total\n|\n|t:|1783565850\n|move|p1a: Hypno|Psychic Noise|p2a: Luxray\n|-damage|p2a: Luxray|59/284\n|-start|p2a: Luxray|move: Heal Block\n|move|p2a: Luxray|Wild Charge|p1a: Hypno\n|-damage|p1a: Hypno|24/100\n|-damage|p2a: Luxray|24/284|[from] Recoil\n|\n|-weather|Snowscape|[upkeep]\n|-heal|p1a: Hypno|30/100|[from] item: Leftovers\n|upkeep\n|turn|29\n|inactive|Time left: 300 sec this turn | 300 sec total\n|\n|t:|1783565851\n|switch|p2a: Baxcalibur|Baxcalibur, L75, F|295/295\n|move|p1a: Hypno|Psychic Noise|p2a: Baxcalibur\n|-damage|p2a: Baxcalibur|201/295\n|-start|p2a: Baxcalibur|move: Heal Block\n|\n|-weather|Snowscape|[upkeep]\n|-heal|p1a: Hypno|36/100|[from] item: Leftovers\n|upkeep\n|turn|30\n|inactive|Time left: 300 sec this turn | 300 sec total\n|\n|t:|1783565852\n|move|p1a: Hypno|Thunder Wave|p2a: Baxcalibur\n|-status|p2a: Baxcalibur|par\n|move|p2a: Baxcalibur|Glaive Rush|p1a: Hypno\n|-damage|p1a: Hypno|0 fnt\n|-singlemove|p2a: Baxcalibur|Glaive Rush|[silent]\n|faint|p1a: Hypno\n|\n|-weather|none\n|-end|p2a: Baxcalibur|move: Heal Block\n|upkeep\n|\n|t:|1783565853\n|switch|p1a: Abomasnow|Abomasnow, L84, F|12/100\n|-weather|Snowscape|[from] ability: Snow Warning|[of] p1a: Abomasnow\n|turn|31\n|inactive|Time left: 300 sec this turn | 300 sec total\n|\n|t:|1783565854\n|move|p1a: Abomasnow|Aurora Veil|p1a: Abomasnow\n|-sidestart|p1: p0x22288867|move: Aurora Veil\n|move|p2a: Baxcalibur|Glaive Rush|p1a: Abomasnow\n|-damage|p1a: Abomasnow|0 fnt\n|-singlemove|p2a: Baxcalibur|Glaive Rush|[silent]\n|faint|p1a: Abomasnow\n|\n|-weather|Snowscape|[upkeep]\n|upkeep\n|\n|t:|1783565855\n|switch|p1a: Conkeldurr|Conkeldurr, L80, M|20/100 brn\n|turn|32\n|inactive|Time left: 300 sec this turn | 300 sec total\n|\n|t:|1783565856\n|switch|p2a: Luxray|Luxray, L88, M|24/284\n|-ability|p2a: Luxray|Intimidate|boost\n|-unboost|p1a: Conkeldurr|atk|1\n|move|p1a: Conkeldurr|Facade|p2a: Luxray\n|-damage|p2a: Luxray|0 fnt\n|faint|p2a: Luxray\n|\n|-weather|Snowscape|[upkeep]\n|-damage|p1a: Conkeldurr|14/100 brn|[from] brn\n|upkeep\n|inactive|Time left: 300 sec this turn | 300 sec total | 5 sec grace\n|\n|t:|1783565857\n|switch|p2a: Okidogi|Okidogi, L77, M|172/262\n|turn|33\n|inactive|Time left: 300 sec this turn | 300 sec total\n|\n|t:|1783565858\n|switch|p1a: Luvdisc|Luvdisc, M|100/100\n|move|p2a: Okidogi|Bulk Up|p2a: Okidogi\n|-boost|p2a: Okidogi|atk|1\n|-boost|p2a: Okidogi|def|1\n|\n|-weather|Snowscape|[upkeep]\n|upkeep\n|turn|34\n|inactive|Time left: 300 sec this turn | 300 sec total\n|\n|t:|1783565859\n|move|p1a: Luvdisc|Surf|p2a: Okidogi\n|-damage|p2a: Okidogi|91/262\n|move|p2a: Okidogi|Drain Punch|p1a: Luvdisc\n|-damage|p1a: Luvdisc|70/100\n|-heal|p2a: Okidogi|129/262|[from] drain|[of] p1a: Luvdisc\n|-status|p1a: Luvdisc|tox|[from] ability: Toxic Chain|[of] p2a: Okidogi\n|\n|-weather|Snowscape|[upkeep]\n|-damage|p1a: Luvdisc|64/100 tox|[from] psn\n|upkeep\n|turn|35\n|inactive|Time left: 300 sec this turn | 300 sec total\n|\n|t:|1783565860\n|move|p1a: Luvdisc|Surf|p2a: Okidogi\n|-crit|p2a: Okidogi\n|-damage|p2a: Okidogi|0 fnt\n|faint|p2a: Okidogi\n|\n|-weather|none\n|-damage|p1a: Luvdisc|52/100 tox|[from] psn\n|upkeep\n|inactive|Time left: 300 sec this turn | 300 sec total | 5 sec grace\n|\n|t:|1783565860\n|switch|p2a: Baxcalibur|Baxcalibur, L75, F|201/295 par\n|turn|36\n|inactive|Time left: 300 sec this turn | 300 sec total\n|\n|t:|1783565861\n|move|p1a: Luvdisc|Surf|p2a: Baxcalibur\n|-resisted|p2a: Baxcalibur\n|-damage|p2a: Baxcalibur|163/295 par\n|move|p2a: Baxcalibur|Earthquake|p1a: Luvdisc\n|-damage|p1a: Luvdisc|26/100 tox\n|\n|-damage|p1a: Luvdisc|8/100 tox|[from] psn\n|upkeep\n|turn|37\n|inactive|Time left: 300 sec this turn | 300 sec total\n|\n|t:|1783565862\n|move|p1a: Luvdisc|Endeavor|p2a: Baxcalibur\n|-damage|p2a: Baxcalibur|18/295 par\n|move|p2a: Baxcalibur|Earthquake|p1a: Luvdisc\n|-damage|p1a: Luvdisc|0 fnt\n|faint|p1a: Luvdisc\n|\n|upkeep\n|\n|t:|1783565863\n|switch|p1a: Conkeldurr|Conkeldurr, L80, M|14/100 brn\n|turn|38\n|inactive|Time left: 300 sec this turn | 300 sec total\n|\n|t:|1783565864\n|switch|p2a: Reuniclus|Reuniclus, L88, F|59/337\n|move|p1a: Conkeldurr|Knock Off|p2a: Reuniclus\n|-supereffective|p2a: Reuniclus\n|-damage|p2a: Reuniclus|0 fnt\n|faint|p2a: Reuniclus\n|\n|-damage|p1a: Conkeldurr|8/100 brn|[from] brn\n|-sideend|p1: p0x22288867|move: Aurora Veil\n|upkeep\n|inactive|Time left: 300 sec this turn | 300 sec total | 5 sec grace\n|\n|t:|1783565865\n|switch|p2a: Baxcalibur|Baxcalibur, L75, F|18/295 par\n|turn|39\n|inactive|Time left: 300 sec this turn | 300 sec total\n|\n|t:|1783565866\n|-terastallize|p1a: Conkeldurr|Normal\n|move|p1a: Conkeldurr|Mach Punch|p2a: Baxcalibur\n|-supereffective|p2a: Baxcalibur\n|-damage|p2a: Baxcalibur|0 fnt\n|faint|p2a: Baxcalibur\n|\n|-damage|p1a: Conkeldurr|2/100 brn|[from] brn\n|upkeep\n|inactive|Time left: 300 sec this turn | 300 sec total | 5 sec grace\n|\n|t:|1783565867\n|switch|p2a: Regice|Regice, L88|284/284 slp\n|turn|40\n|inactive|Time left: 300 sec this turn | 300 sec total\n|\n|t:|1783565868\n|cant|p2a: Regice|slp\n|move|p2a: Regice|Sleep Talk|p2a: Regice\n|move|p2a: Regice|Thunderbolt|p1a: Conkeldurr|[from] move: Sleep Talk\n|-damage|p1a: Conkeldurr|0 fnt\n|faint|p1a: Conkeldurr\n|\n|win|p0y22286882", "uploadtime": 1783565868, "views": 0, "rating": 0, "private": 0, "password": null, "_winner": "p0y22286882", "_our_name": "p0y22286882"}