{"id": "battle-gen9randombattle-1637", "formatid": "gen9randombattle", "format": "[Gen 9] Random Battle", "players": ["p0x16377105", "p0y163753f1"], "log": "|init|battle\n|title|p0x16377105 vs. p0y163753f1\n|j|\u2606p0x16377105\n|j|\u2606p0y163753f1\n|t:|1783558205\n|gametype|singles\n|player|p1|p0x16377105|102|\n|player|p2|p0y163753f1|266|\n|gen|9\n|tier|[Gen 9] Random Battle\n|rule|Species Clause: Limit one of each Pok\u00e9mon\n|rule|HP Percentage Mod: HP is shown in percentages\n|rule|Sleep Clause Mod: Limit one foe put to sleep\n|rule|Illusion Level Mod: Illusion disguises the Pok\u00e9mon's true level\n|\n|t:|1783558205\n|teamsize|p1|6\n|teamsize|p2|6\n|start\n|switch|p1a: Ambipom|Ambipom, L84, M|263/263\n|switch|p2a: Mismagius|Mismagius, L86, M|100/100\n|turn|1\n|inactive|Battle timer is ON: inactive players will automatically lose when time's up. (requested by p0y163753f1)\n|inactive|Time left: 300 sec this turn | 300 sec total | 60 sec grace\n|inactive|p0x16377105 also wants the timer to be on.\n|\n|t:|1783558207\n|switch|p2a: Sandslash|Sandslash-Alola, L88, F|100/100\n|move|p1a: Ambipom|Knock Off|p2a: Sandslash\n|-damage|p2a: Sandslash|83/100\n|-enditem|p2a: Sandslash|Life Orb|[from] move: Knock Off|[of] p1a: Ambipom\n|\n|upkeep\n|turn|2\n|inactive|Time left: 300 sec this turn | 300 sec total\n|\n|t:|1783558209\n|move|p1a: Ambipom|Low Kick|p2a: Sandslash\n|-supereffective|p2a: Sandslash\n|-damage|p2a: Sandslash|14/100\n|move|p2a: Sandslash|Swords Dance|p2a: Sandslash\n|-boost|p2a: Sandslash|atk|2\n|\n|upkeep\n|turn|3\n|inactive|Time left: 300 sec this turn | 300 sec total\n|\n|t:|1783558210\n|switch|p2a: Mismagius|Mismagius, L86, M|100/100\n|move|p1a: Ambipom|Double-Edge|p2a: Mismagius\n|-immune|p2a: Mismagius\n|\n|upkeep\n|turn|4\n|inactive|Time left: 300 sec this turn | 300 sec total\n|\n|t:|1783558212\n|move|p1a: Ambipom|Knock Off|p2a: Mismagius\n|-supereffective|p2a: Mismagius\n|-damage|p2a: Mismagius|22/100\n|-enditem|p2a: Mismagius|Leftovers|[from] move: Knock Off|[of] p1a: Ambipom\n|move|p2a: Mismagius|Nasty Plot|p2a: Mismagius\n|-boost|p2a: Mismagius|spa|2\n|\n|upkeep\n|turn|5\n|inactive|Time left: 300 sec this turn | 300 sec total\n|\n|t:|1783558213\n|move|p1a: Ambipom|Knock Off|p2a: Mismagius\n|-supereffective|p2a: Mismagius\n|-damage|p2a: Mismagius|0 fnt\n|faint|p2a: Mismagius\n|\n|upkeep\n|\n|t:|1783558214\n|switch|p2a: Dragonite|Dragonite, L74, M|100/100\n|turn|6\n|inactive|Time left: 300 sec this turn | 300 sec total\n|\n|t:|1783558215\n|move|p1a: Ambipom|Double-Edge|p2a: Dragonite\n|-damage|p2a: Dragonite|70/100\n|-damage|p1a: Ambipom|237/263|[from] Recoil\n|move|p2a: Dragonite|Outrage|p1a: Ambipom\n|-damage|p1a: Ambipom|86/263\n|\n|upkeep\n|turn|7\n|inactive|Time left: 300 sec this turn | 300 sec total\n|\n|t:|1783558216\n|-terastallize|p1a: Ambipom|Normal\n|move|p1a: Ambipom|Double-Edge|p2a: Dragonite\n|-damage|p2a: Dragonite|0 fnt\n|faint|p2a: Dragonite\n|-damage|p1a: Ambipom|27/263|[from] Recoil\n|\n|upkeep\n|\n|t:|1783558217\n|switch|p2a: Bruxish|Bruxish, L85, F|100/100\n|turn|8\n|inactive|Time left: 300 sec this turn | 300 sec total\n|\n|t:|1783558218\n|move|p2a: Bruxish|Psychic Fangs|p1a: Ambipom\n|-damage|p1a: Ambipom|0 fnt\n|faint|p1a: Ambipom\n|\n|upkeep\n|inactive|Time left: 300 sec this turn | 300 sec total | 5 sec grace\n|\n|t:|1783558219\n|switch|p1a: Cacturne|Cacturne, L92, M|278/278\n|turn|9\n|inactive|Time left: 300 sec this turn | 300 sec total\n|\n|t:|1783558220\n|switch|p2a: Sandslash|Sandslash-Alola, L88, F|14/100\n|move|p1a: Cacturne|Knock Off|p2a: Sandslash\n|-damage|p2a: Sandslash|0 fnt\n|faint|p2a: Sandslash\n|-damage|p1a: Cacturne|251/278|[from] item: Life Orb\n|\n|upkeep\n|\n|t:|1783558221\n|switch|p2a: Swanna|Swanna, L89, M|100/100\n|turn|10\n|inactive|Time left: 300 sec this turn | 300 sec total\n|\n|t:|1783558222\n|switch|p1a: Slowbro|Slowbro, L85, M|300/300\n|move|p2a: Swanna|Brave Bird|p1a: Slowbro\n|-damage|p1a: Slowbro|186/300\n|-damage|p2a: Swanna|87/100|[from] Recoil\n|\n|-heal|p1a: Slowbro|204/300|[from] item: Leftovers\n|upkeep\n|turn|11\n|inactive|Time left: 300 sec this turn | 300 sec total\n|\n|t:|1783558223\n|move|p2a: Swanna|Brave Bird|p1a: Slowbro\n|-crit|p1a: Slowbro\n|-damage|p1a: Slowbro|32/300\n|-damage|p2a: Swanna|66/100|[from] Recoil\n|move|p1a: Slowbro|Scald|p2a: Swanna\n|-resisted|p2a: Swanna\n|-damage|p2a: Swanna|46/100\n|\n|-heal|p1a: Slowbro|50/300|[from] item: Leftovers\n|upkeep\n|turn|12\n|inactive|Time left: 300 sec this turn | 300 sec total\n|\n|t:|1783558224\n|switch|p1a: Rampardos|Rampardos, L90, M|321/321\n|move|p2a: Swanna|Brave Bird|p1a: Rampardos\n|-resisted|p1a: Rampardos\n|-damage|p1a: Rampardos|246/321\n|-damage|p2a: Swanna|37/100|[from] Recoil\n|\n|upkeep\n|turn|13\n|inactive|Time left: 300 sec this turn | 300 sec total\n|\n|t:|1783558224\n|move|p1a: Rampardos|Rock Slide|p2a: Swanna\n|-supereffective|p2a: Swanna\n|-damage|p2a: Swanna|0 fnt\n|faint|p2a: Swanna\n|\n|upkeep\n|\n|t:|1783558225\n|switch|p2a: Lycanroc|Lycanroc, L86, F|100/100\n|turn|14\n|inactive|Time left: 300 sec this turn | 300 sec total\n|\n|t:|1783558226\n|switch|p1a: Poliwrath|Poliwrath, L88, M|302/302\n|move|p2a: Lycanroc|Close Combat|p1a: Poliwrath\n|-crit|p1a: Poliwrath\n|-damage|p1a: Poliwrath|130/302\n|-unboost|p2a: Lycanroc|def|1\n|-unboost|p2a: Lycanroc|spd|1\n|-damage|p2a: Lycanroc|91/100|[from] item: Life Orb\n|\n|-heal|p1a: Poliwrath|148/302|[from] item: Leftovers\n|upkeep\n|turn|15\n|inactive|Time left: 300 sec this turn | 300 sec total\n|\n|t:|1783558227\n|move|p2a: Lycanroc|Psychic Fangs|p1a: Poliwrath\n|-supereffective|p1a: Poliwrath\n|-damage|p1a: Poliwrath|0 fnt\n|faint|p1a: Poliwrath\n|-damage|p2a: Lycanroc|81/100|[from] item: Life Orb\n|\n|upkeep\n|inactive|Time left: 300 sec this turn | 300 sec total | 5 sec grace\n|\n|t:|1783558228\n|switch|p1a: Slowbro|Slowbro, L85, M|150/300\n|turn|16\n|inactive|Time left: 300 sec this turn | 300 sec total\n|\n|t:|1783558229\n|move|p2a: Lycanroc|Stone Edge|p1a: Slowbro\n|-damage|p1a: Slowbro|10/300\n|-damage|p2a: Lycanroc|72/100|[from] item: Life Orb\n|move|p1a: Slowbro|Scald|p2a: Lycanroc\n|-supereffective|p2a: Lycanroc\n|-damage|p2a: Lycanroc|0 fnt\n|faint|p2a: Lycanroc\n|\n|-heal|p1a: Slowbro|28/300|[from] item: Leftovers\n|upkeep\n|\n|t:|1783558230\n|switch|p2a: Bruxish|Bruxish, L85, F|100/100\n|turn|17\n|inactive|Time left: 300 sec this turn | 300 sec total\n|\n|t:|1783558231\n|switch|p1a: Cacturne|Cacturne, L92, M|251/278\n|move|p2a: Bruxish|Ice Fang|p1a: Cacturne\n|-supereffective|p1a: Cacturne\n|-damage|p1a: Cacturne|71/278\n|\n|upkeep\n|turn|18\n|inactive|Time left: 300 sec this turn | 300 sec total\n|\n|t:|1783558232\n|move|p1a: Cacturne|Sucker Punch|p2a: Bruxish\n|-supereffective|p2a: Bruxish\n|-damage|p2a: Bruxish|0 fnt\n|faint|p2a: Bruxish\n|-damage|p1a: Cacturne|44/278|[from] item: Life Orb\n|\n|win|p0x16377105", "uploadtime": 1783558232, "views": 0, "rating": 0, "private": 0, "password": null, "_winner": "p0x16377105", "_our_name": "p0x16377105"}