{"id": "battle-gen9randombattle-268", "formatid": "gen9randombattle", "format": "[Gen 9] Random Battle", "players": ["p0x267aea4", "p0y26707d9"], "log": "|init|battle\n|title|p0x267aea4 vs. p0y26707d9\n|j|\u2606p0x267aea4\n|j|\u2606p0y26707d9\n|t:|1783542178\n|gametype|singles\n|player|p1|p0x267aea4|2|\n|player|p2|p0y26707d9|265|\n|gen|9\n|tier|[Gen 9] Random Battle\n|rule|Species Clause: Limit one of each Pok\u00e9mon\n|rule|HP Percentage Mod: HP is shown in percentages\n|rule|Sleep Clause Mod: Limit one foe put to sleep\n|rule|Illusion Level Mod: Illusion disguises the Pok\u00e9mon's true level\n|\n|t:|1783542178\n|teamsize|p1|6\n|teamsize|p2|6\n|start\n|switch|p1a: Smeargle|Smeargle, L95, F|100/100\n|switch|p2a: Zekrom|Zekrom, L71|259/259\n|-ability|p2a: Zekrom|Teravolt\n|turn|1\n|inactive|Battle timer is ON: inactive players will automatically lose when time's up. (requested by p0y26707d9)\n|\n|t:|1783542179\n|move|p1a: Smeargle|Spore|p2a: Zekrom\n|-status|p2a: Zekrom|slp|[from] move: Spore\n|cant|p2a: Zekrom|slp\n|\n|upkeep\n|turn|2\n|inactive|Time left: 300 sec this turn | 300 sec total\n|inactive|p0x267aea4 also wants the timer to be on.\n|\n|t:|1783542181\n|switch|p2a: Rhyperior|Rhyperior, L82, F|323/323\n|move|p1a: Smeargle|Shell Smash|p1a: Smeargle\n|-unboost|p1a: Smeargle|def|1\n|-unboost|p1a: Smeargle|spd|1\n|-boost|p1a: Smeargle|atk|2\n|-boost|p1a: Smeargle|spa|2\n|-boost|p1a: Smeargle|spe|2\n|\n|upkeep\n|turn|3\n|inactive|Time left: 300 sec this turn | 300 sec total\n|\n|t:|1783542182\n|move|p1a: Smeargle|Shell Smash|p1a: Smeargle\n|-unboost|p1a: Smeargle|def|1\n|-unboost|p1a: Smeargle|spd|1\n|-boost|p1a: Smeargle|atk|2\n|-boost|p1a: Smeargle|spa|2\n|-boost|p1a: Smeargle|spe|2\n|move|p2a: Rhyperior|Earthquake|p1a: Smeargle\n|-damage|p1a: Smeargle|0 fnt\n|faint|p1a: Smeargle\n|\n|upkeep\n|\n|t:|1783542183\n|switch|p1a: Noctowl|Noctowl, L95, F|100/100\n|turn|4\n|inactive|Time left: 300 sec this turn | 300 sec total\n|\n|t:|1783542184\n|move|p1a: Noctowl|Hurricane|p2a: Rhyperior|[miss]\n|-miss|p1a: Noctowl|p2a: Rhyperior\n|move|p2a: Rhyperior|Stone Edge|p1a: Noctowl\n|-supereffective|p1a: Noctowl\n|-damage|p1a: Noctowl|0 fnt\n|faint|p1a: Noctowl\n|\n|upkeep\n|\n|t:|1783542185\n|switch|p1a: Medicham|Medicham, L86, F|100/100\n|turn|5\n|inactive|Time left: 300 sec this turn | 300 sec total\n|\n|t:|1783542186\n|move|p1a: Medicham|Zen Headbutt|p2a: Rhyperior\n|-damage|p2a: Rhyperior|172/323\n|move|p2a: Rhyperior|Earthquake|p1a: Medicham\n|-damage|p1a: Medicham|45/100\n|\n|upkeep\n|turn|6\n|inactive|Time left: 300 sec this turn | 300 sec total\n|\n|t:|1783542187\n|move|p1a: Medicham|Zen Headbutt|p2a: Rhyperior\n|-damage|p2a: Rhyperior|30/323\n|move|p2a: Rhyperior|Earthquake|p1a: Medicham\n|-damage|p1a: Medicham|0 fnt\n|faint|p1a: Medicham\n|\n|upkeep\n|\n|t:|1783542189\n|switch|p1a: Sinistcha|Sinistcha-Masterpiece, L83|100/100\n|turn|7\n|inactive|Time left: 300 sec this turn | 300 sec total\n|\n|t:|1783542190\n|move|p1a: Sinistcha|Shadow Ball|p2a: Rhyperior\n|-damage|p2a: Rhyperior|0 fnt\n|faint|p2a: Rhyperior\n|\n|upkeep\n|inactive|Time left: 300 sec this turn | 300 sec total | 5 sec grace\n|\n|t:|1783542191\n|switch|p2a: Flutter Mane|Flutter Mane, L74|203/203\n|turn|8\n|inactive|Time left: 300 sec this turn | 300 sec total\n|\n|t:|1783542192\n|move|p2a: Flutter Mane|Shadow Ball|p1a: Sinistcha\n|-supereffective|p1a: Sinistcha\n|-damage|p1a: Sinistcha|0 fnt\n|faint|p1a: Sinistcha\n|\n|upkeep\n|\n|t:|1783542193\n|switch|p1a: Vileplume|Vileplume, L85, M|100/100\n|turn|9\n|inactive|Time left: 300 sec this turn | 300 sec total\n|\n|t:|1783542194\n|move|p2a: Flutter Mane|Shadow Ball|p1a: Vileplume\n|-damage|p1a: Vileplume|53/100\n|move|p1a: Vileplume|Sludge Bomb|p2a: Flutter Mane\n|-damage|p2a: Flutter Mane|121/203\n|-status|p2a: Flutter Mane|psn\n|\n|-heal|p1a: Vileplume|59/100|[from] item: Leftovers\n|-damage|p2a: Flutter Mane|96/203 psn|[from] psn\n|upkeep\n|turn|10\n|inactive|Time left: 300 sec this turn | 300 sec total\n|\n|t:|1783542195\n|move|p2a: Flutter Mane|Shadow Ball|p1a: Vileplume\n|-damage|p1a: Vileplume|11/100\n|move|p1a: Vileplume|Giga Drain|p2a: Flutter Mane\n|-damage|p2a: Flutter Mane|29/203 psn\n|-heal|p1a: Vileplume|23/100|[from] drain|[of] p2a: Flutter Mane\n|\n|-heal|p1a: Vileplume|29/100|[from] item: Leftovers\n|-damage|p2a: Flutter Mane|4/203 psn|[from] psn\n|upkeep\n|turn|11\n|inactive|Time left: 300 sec this turn | 300 sec total\n|\n|t:|1783542197\n|switch|p1a: Magearna|Magearna, L77|100/100\n|move|p2a: Flutter Mane|Shadow Ball|p1a: Magearna\n|-damage|p1a: Magearna|56/100\n|\n|-heal|p1a: Magearna|62/100|[from] item: Leftovers\n|-damage|p2a: Flutter Mane|0 fnt|[from] psn\n|faint|p2a: Flutter Mane\n|-ability|p1a: Magearna|Soul-Heart|boost\n|-boost|p1a: Magearna|spa|1\n|-end|p2a: Flutter Mane|Protosynthesis|[silent]\n|upkeep\n|inactive|Time left: 300 sec this turn | 300 sec total | 5 sec grace\n|\n|t:|1783542198\n|switch|p2a: Okidogi|Okidogi, L77, M|262/262\n|turn|12\n|inactive|Time left: 300 sec this turn | 300 sec total\n|\n|t:|1783542199\n|move|p2a: Okidogi|High Horsepower|p1a: Magearna\n|-supereffective|p1a: Magearna\n|-damage|p1a: Magearna|10/100\n|move|p1a: Magearna|Pain Split|p2a: Okidogi\n|-sethp|p2a: Okidogi|143/262|[from] move: Pain Split|[silent]\n|-sethp|p1a: Magearna|58/100|[from] move: Pain Split\n|\n|-heal|p1a: Magearna|64/100|[from] item: Leftovers\n|upkeep\n|turn|13\n|inactive|Time left: 300 sec this turn | 300 sec total\n|\n|t:|1783542200\n|move|p2a: Okidogi|Drain Punch|p1a: Magearna\n|-damage|p1a: Magearna|35/100\n|-heal|p2a: Okidogi|179/262|[from] drain|[of] p1a: Magearna\n|move|p1a: Magearna|Flash Cannon|p2a: Okidogi\n|-damage|p2a: Okidogi|83/262\n|\n|-heal|p1a: Magearna|41/100|[from] item: Leftovers\n|upkeep\n|turn|14\n|inactive|Time left: 300 sec this turn | 300 sec total\n|\n|t:|1783542201\n|move|p2a: Okidogi|High Horsepower|p1a: Magearna\n|-supereffective|p1a: Magearna\n|-damage|p1a: Magearna|0 fnt\n|faint|p1a: Magearna\n|\n|upkeep\n|\n|t:|1783542202\n|switch|p1a: Vileplume|Vileplume, L85, M|29/100\n|turn|15\n|inactive|Time left: 300 sec this turn | 300 sec total\n|\n|t:|1783542203\n|-terastallize|p2a: Okidogi|Dark\n|move|p2a: Okidogi|Knock Off|p1a: Vileplume\n|-damage|p1a: Vileplume|0 fnt\n|-enditem|p1a: Vileplume|Leftovers|[from] move: Knock Off|[of] p2a: Okidogi\n|faint|p1a: Vileplume\n|\n|win|p0y26707d9", "uploadtime": 1783542203, "views": 0, "rating": 0, "private": 0, "password": null, "_winner": "p0y26707d9", "_our_name": "p0y26707d9"}