{"id": "battle-gen9randombattle-1838", "formatid": "gen9randombattle", "format": "[Gen 9] Random Battle", "players": ["p0x18384897", "p0y18386a56"], "log": "|init|battle\n|title|p0x18384897 vs. p0y18386a56\n|j|\u2606p0x18384897\n|j|\u2606p0y18386a56\n|t:|1783560549\n|gametype|singles\n|player|p1|p0x18384897|1|\n|player|p2|p0y18386a56|102|\n|gen|9\n|tier|[Gen 9] Random Battle\n|rule|Species Clause: Limit one of each Pok\u00e9mon\n|rule|HP Percentage Mod: HP is shown in percentages\n|rule|Sleep Clause Mod: Limit one foe put to sleep\n|rule|Illusion Level Mod: Illusion disguises the Pok\u00e9mon's true level\n|\n|t:|1783560549\n|teamsize|p1|6\n|teamsize|p2|6\n|start\n|switch|p1a: Greedent|Greedent, L86, F|100/100\n|switch|p2a: Mewtwo|Mewtwo, L72|272/272\n|-ability|p2a: Mewtwo|Unnerve\n|turn|1\n|inactive|Battle timer is ON: inactive players will automatically lose when time's up. (requested by p0x18384897)\n|inactive|Time left: 300 sec this turn | 300 sec total | 60 sec grace\n|inactive|p0y18386a56 also wants the timer to be on.\n|\n|t:|1783560550\n|move|p2a: Mewtwo|Nasty Plot|p2a: Mewtwo\n|-boost|p2a: Mewtwo|spa|2\n|move|p1a: Greedent|Swords Dance|p1a: Greedent\n|-boost|p1a: Greedent|atk|2\n|\n|upkeep\n|turn|2\n|inactive|Time left: 300 sec this turn | 300 sec total\n|\n|t:|1783560551\n|-terastallize|p2a: Mewtwo|Fire\n|-terastallize|p1a: Greedent|Ground\n|move|p2a: Mewtwo|Fire Blast|p1a: Greedent\n|-damage|p1a: Greedent|3/100\n|-damage|p2a: Mewtwo|245/272|[from] item: Life Orb\n|move|p1a: Greedent|Earthquake|p2a: Mewtwo\n|-supereffective|p2a: Mewtwo\n|-crit|p2a: Mewtwo\n|-damage|p2a: Mewtwo|0 fnt\n|-enditem|p1a: Greedent|Sitrus Berry|[eat]\n|-heal|p1a: Greedent|28/100|[from] item: Sitrus Berry\n|-heal|p1a: Greedent|61/100|[from] ability: Cheek Pouch\n|faint|p2a: Mewtwo\n|\n|upkeep\n|inactive|Time left: 300 sec this turn | 300 sec total | 5 sec grace\n|\n|t:|1783560552\n|switch|p2a: Crawdaunt|Crawdaunt, L84, M|243/243\n|turn|3\n|inactive|Time left: 300 sec this turn | 300 sec total\n|\n|t:|1783560553\n|move|p2a: Crawdaunt|Crabhammer|p1a: Greedent\n|-supereffective|p1a: Greedent\n|-damage|p1a: Greedent|0 fnt\n|faint|p1a: Greedent\n|-damage|p2a: Crawdaunt|219/243|[from] item: Life Orb\n|\n|upkeep\n|\n|t:|1783560554\n|switch|p1a: Leafeon|Leafeon, L88, F|100/100\n|turn|4\n|inactive|Time left: 300 sec this turn | 300 sec total\n|\n|t:|1783560555\n|switch|p2a: Zacian|Zacian-Crowned, L64|225/225\n|-ability|p2a: Zacian|Intrepid Sword|boost\n|-boost|p2a: Zacian|atk|1\n|move|p1a: Leafeon|Leaf Blade|p2a: Zacian\n|-resisted|p2a: Zacian\n|-damage|p2a: Zacian|167/225\n|\n|upkeep\n|turn|5\n|inactive|Time left: 300 sec this turn | 300 sec total\n|\n|t:|1783560556\n|move|p2a: Zacian|Swords Dance|p2a: Zacian\n|-boost|p2a: Zacian|atk|2\n|move|p1a: Leafeon|Swords Dance|p1a: Leafeon\n|-boost|p1a: Leafeon|atk|2\n|\n|upkeep\n|turn|6\n|inactive|Time left: 300 sec this turn | 300 sec total\n|\n|t:|1783560557\n|move|p2a: Zacian|Behemoth Blade|p1a: Leafeon\n|-damage|p1a: Leafeon|40/100\n|move|p1a: Leafeon|Substitute|p1a: Leafeon\n|-start|p1a: Leafeon|Substitute\n|-damage|p1a: Leafeon|15/100\n|\n|-heal|p1a: Leafeon|21/100|[from] item: Leftovers\n|upkeep\n|turn|7\n|inactive|Time left: 300 sec this turn | 300 sec total\n|\n|t:|1783560558\n|move|p2a: Zacian|Behemoth Blade|p1a: Leafeon\n|-end|p1a: Leafeon|Substitute\n|move|p1a: Leafeon|Leaf Blade|p2a: Zacian\n|-resisted|p2a: Zacian\n|-damage|p2a: Zacian|48/225\n|\n|-heal|p1a: Leafeon|27/100|[from] item: Leftovers\n|upkeep\n|turn|8\n|inactive|Time left: 300 sec this turn | 300 sec total\n|\n|t:|1783560559\n|move|p2a: Zacian|Behemoth Blade|p1a: Leafeon\n|-damage|p1a: Leafeon|0 fnt\n|faint|p1a: Leafeon\n|\n|upkeep\n|\n|t:|1783560560\n|switch|p1a: Landorus|Landorus-Therian, L76, M|100/100\n|-ability|p1a: Landorus|Intimidate|boost\n|-unboost|p2a: Zacian|atk|1\n|turn|9\n|inactive|Time left: 300 sec this turn | 300 sec total\n|\n|t:|1783560560\n|move|p2a: Zacian|Behemoth Blade|p1a: Landorus\n|-damage|p1a: Landorus|24/100\n|move|p1a: Landorus|Earthquake|p2a: Zacian\n|-supereffective|p2a: Zacian\n|-damage|p2a: Zacian|0 fnt\n|faint|p2a: Zacian\n|\n|-heal|p1a: Landorus|30/100|[from] item: Leftovers\n|upkeep\n|inactive|Time left: 300 sec this turn | 300 sec total | 5 sec grace\n|\n|t:|1783560561\n|switch|p2a: Flygon|Flygon, L82, F|265/265\n|turn|10\n|inactive|Time left: 300 sec this turn | 300 sec total\n|\n|t:|1783560562\n|switch|p1a: Enamorus|Enamorus-Therian, L83, F|100/100\n|move|p2a: Flygon|Outrage|p1a: Enamorus\n|-immune|p1a: Enamorus\n|\n|upkeep\n|turn|11\n|inactive|Time left: 300 sec this turn | 300 sec total\n|\n|t:|1783560563\n|move|p2a: Flygon|Stone Edge|p1a: Enamorus|[miss]\n|-miss|p2a: Flygon|p1a: Enamorus\n|move|p1a: Enamorus|Moonblast|p2a: Flygon\n|-supereffective|p2a: Flygon\n|-damage|p2a: Flygon|0 fnt\n|faint|p2a: Flygon\n|\n|upkeep\n|inactive|Time left: 300 sec this turn | 300 sec total | 5 sec grace\n|\n|t:|1783560564\n|switch|p2a: Crawdaunt|Crawdaunt, L84, M|219/243\n|turn|12\n|inactive|Time left: 300 sec this turn | 300 sec total\n|\n|t:|1783560565\n|move|p2a: Crawdaunt|Crabhammer|p1a: Enamorus\n|-damage|p1a: Enamorus|33/100\n|-damage|p2a: Crawdaunt|195/243|[from] item: Life Orb\n|move|p1a: Enamorus|Moonblast|p2a: Crawdaunt\n|-supereffective|p2a: Crawdaunt\n|-crit|p2a: Crawdaunt\n|-damage|p2a: Crawdaunt|0 fnt\n|faint|p2a: Crawdaunt\n|\n|upkeep\n|inactive|Time left: 300 sec this turn | 300 sec total | 5 sec grace\n|\n|t:|1783560566\n|switch|p2a: Quaquaval|Quaquaval, L79, M|264/264\n|turn|13\n|inactive|Time left: 300 sec this turn | 300 sec total\n|\n|t:|1783560567\n|move|p2a: Quaquaval|Aqua Step|p1a: Enamorus\n|-damage|p1a: Enamorus|0 fnt\n|-boost|p2a: Quaquaval|spe|1\n|faint|p1a: Enamorus\n|-ability|p2a: Quaquaval|Moxie|boost\n|-boost|p2a: Quaquaval|atk|1\n|-damage|p2a: Quaquaval|238/264|[from] item: Life Orb\n|\n|upkeep\n|\n|t:|1783560568\n|switch|p1a: Landorus|Landorus-Therian, L76, M|30/100\n|-ability|p1a: Landorus|Intimidate|boost\n|-unboost|p2a: Quaquaval|atk|1\n|turn|14\n|inactive|Time left: 300 sec this turn | 300 sec total\n|\n|t:|1783560569\n|switch|p1a: Kingambit|Kingambit, L74, M|100/100\n|-activate|p1a: Kingambit|ability: Supreme Overlord\n|-start|p1a: Kingambit|fallen3|[silent]\n|move|p2a: Quaquaval|Aqua Step|p1a: Kingambit\n|-damage|p1a: Kingambit|62/100\n|-boost|p2a: Quaquaval|spe|1\n|-damage|p2a: Quaquaval|212/264|[from] item: Life Orb\n|\n|-heal|p1a: Kingambit|68/100|[from] item: Leftovers\n|upkeep\n|turn|15\n|inactive|Time left: 300 sec this turn | 300 sec total\n|\n|t:|1783560570\n|-end|p1a: Kingambit|fallen3|[silent]\n|switch|p1a: Landorus|Landorus-Therian, L76, M|30/100\n|-ability|p1a: Landorus|Intimidate|boost\n|-unboost|p2a: Quaquaval|atk|1\n|move|p2a: Quaquaval|Swords Dance|p2a: Quaquaval\n|-boost|p2a: Quaquaval|atk|2\n|\n|-heal|p1a: Landorus|36/100|[from] item: Leftovers\n|upkeep\n|turn|16\n|inactive|Time left: 300 sec this turn | 300 sec total\n|\n|t:|1783560571\n|switch|p1a: Kingambit|Kingambit, L74, M|68/100\n|-activate|p1a: Kingambit|ability: Supreme Overlord\n|-start|p1a: Kingambit|fallen3|[silent]\n|move|p2a: Quaquaval|Aqua Step|p1a: Kingambit\n|-damage|p1a: Kingambit|12/100\n|-boost|p2a: Quaquaval|spe|1\n|-damage|p2a: Quaquaval|186/264|[from] item: Life Orb\n|\n|-heal|p1a: Kingambit|18/100|[from] item: Leftovers\n|upkeep\n|turn|17\n|inactive|Time left: 300 sec this turn | 300 sec total\n|\n|t:|1783560572\n|move|p1a: Kingambit|Sucker Punch|p2a: Quaquaval\n|-resisted|p2a: Quaquaval\n|-damage|p2a: Quaquaval|128/264\n|move|p2a: Quaquaval|Aqua Step|p1a: Kingambit\n|-damage|p1a: Kingambit|0 fnt\n|-boost|p2a: Quaquaval|spe|1\n|faint|p1a: Kingambit\n|-end|p1a: Kingambit|fallen3|[silent]\n|-ability|p2a: Quaquaval|Moxie|boost\n|-boost|p2a: Quaquaval|atk|1\n|-damage|p2a: Quaquaval|102/264|[from] item: Life Orb\n|\n|upkeep\n|\n|t:|1783560573\n|switch|p1a: Sneasler|Sneasler, L74, M|100/100\n|turn|18\n|inactive|Time left: 300 sec this turn | 300 sec total\n|\n|t:|1783560574\n|switch|p1a: Landorus|Landorus-Therian, L76, M|36/100\n|-ability|p1a: Landorus|Intimidate|boost\n|-unboost|p2a: Quaquaval|atk|1\n|move|p2a: Quaquaval|Aqua Step|p1a: Landorus\n|-supereffective|p1a: Landorus\n|-crit|p1a: Landorus\n|-damage|p1a: Landorus|0 fnt\n|-boost|p2a: Quaquaval|spe|1\n|faint|p1a: Landorus\n|-ability|p2a: Quaquaval|Moxie|boost\n|-boost|p2a: Quaquaval|atk|1\n|-damage|p2a: Quaquaval|76/264|[from] item: Life Orb\n|\n|upkeep\n|\n|t:|1783560575\n|switch|p1a: Sneasler|Sneasler, L74, M|100/100\n|turn|19\n|inactive|Time left: 300 sec this turn | 300 sec total\n|\n|t:|1783560576\n|move|p2a: Quaquaval|Aqua Step|p1a: Sneasler\n|-damage|p1a: Sneasler|0 fnt\n|-boost|p2a: Quaquaval|spe|1\n|faint|p1a: Sneasler\n|-damage|p2a: Quaquaval|50/264|[from] item: Life Orb\n|\n|win|p0y18386a56", "uploadtime": 1783560576, "views": 0, "rating": 0, "private": 0, "password": null, "_winner": "p0y18386a56", "_our_name": "p0y18386a56"}