{"id": "battle-gen9randombattle-1588", "formatid": "gen9randombattle", "format": "[Gen 9] Random Battle", "players": ["p0x1588ffbf", "p0y15887bb4"], "log": "|init|battle\n|title|p0x1588ffbf vs. p0y15887bb4\n|j|\u2606p0x1588ffbf\n|j|\u2606p0y15887bb4\n|t:|1783557605\n|gametype|singles\n|player|p1|p0x1588ffbf|2|\n|player|p2|p0y15887bb4|102|\n|gen|9\n|tier|[Gen 9] Random Battle\n|rule|Species Clause: Limit one of each Pok\u00e9mon\n|rule|HP Percentage Mod: HP is shown in percentages\n|rule|Sleep Clause Mod: Limit one foe put to sleep\n|rule|Illusion Level Mod: Illusion disguises the Pok\u00e9mon's true level\n|\n|t:|1783557605\n|teamsize|p1|6\n|teamsize|p2|6\n|start\n|switch|p1a: Koraidon|Koraidon, L64|235/235\n|switch|p2a: Iron Bundle|Iron Bundle, L78|100/100\n|-weather|SunnyDay|[from] ability: Orichalcum Pulse|[of] p1a: Koraidon\n|-activate|p1a: Koraidon|Orichalcum Pulse|[source]\n|turn|1\n|inactive|Battle timer is ON: inactive players will automatically lose when time's up. (requested by p0y15887bb4)\n|inactive|Time left: 300 sec this turn | 300 sec total | 60 sec grace\n|inactive|p0x1588ffbf also wants the timer to be on.\n|\n|t:|1783557607\n|-terastallize|p1a: Koraidon|Fire\n|move|p2a: Iron Bundle|Ice Beam|p1a: Koraidon\n|-resisted|p1a: Koraidon\n|-damage|p1a: Koraidon|140/235\n|move|p1a: Koraidon|Outrage|p2a: Iron Bundle\n|-damage|p2a: Iron Bundle|17/100\n|\n|-weather|SunnyDay|[upkeep]\n|upkeep\n|turn|2\n|inactive|Time left: 300 sec this turn | 300 sec total\n|\n|t:|1783557608\n|-end|p2a: Iron Bundle|Quark Drive|[silent]\n|switch|p2a: Alcremie|Alcremie-Salted-Cream, L90, F|100/100\n|move|p1a: Koraidon|Outrage|p2a: Alcremie|[from] lockedmove\n|-immune|p2a: Alcremie\n|\n|-weather|SunnyDay|[upkeep]\n|upkeep\n|turn|3\n|inactive|Time left: 300 sec this turn | 300 sec total\n|\n|t:|1783557610\n|move|p1a: Koraidon|Outrage|p2a: Alcremie\n|-immune|p2a: Alcremie\n|move|p2a: Alcremie|Calm Mind|p2a: Alcremie\n|-boost|p2a: Alcremie|spa|1\n|-boost|p2a: Alcremie|spd|1\n|\n|-weather|SunnyDay|[upkeep]\n|upkeep\n|turn|4\n|inactive|Time left: 300 sec this turn | 300 sec total\n|\n|t:|1783557611\n|move|p1a: Koraidon|Outrage|p2a: Alcremie\n|-immune|p2a: Alcremie\n|move|p2a: Alcremie|Calm Mind|p2a: Alcremie\n|-boost|p2a: Alcremie|spa|1\n|-boost|p2a: Alcremie|spd|1\n|\n|-weather|SunnyDay|[upkeep]\n|upkeep\n|turn|5\n|inactive|Time left: 300 sec this turn | 300 sec total\n|\n|t:|1783557612\n|move|p1a: Koraidon|Outrage|p2a: Alcremie\n|-immune|p2a: Alcremie\n|move|p2a: Alcremie|Tera Blast|p1a: Koraidon\n|-damage|p1a: Koraidon|0 fnt\n|faint|p1a: Koraidon\n|\n|-weather|none\n|upkeep\n|inactive|Time left: 300 sec this turn | 300 sec total | 5 sec grace\n|\n|t:|1783557612\n|switch|p1a: Banette|Banette, L93, F|270/270\n|turn|6\n|inactive|Time left: 300 sec this turn | 300 sec total\n|\n|t:|1783557614\n|move|p1a: Banette|Poltergeist|p2a: Alcremie|[miss]\n|-miss|p1a: Banette|p2a: Alcremie\n|move|p2a: Alcremie|Alluring Voice|p1a: Banette\n|-damage|p1a: Banette|23/270\n|\n|upkeep\n|turn|7\n|inactive|Time left: 300 sec this turn | 300 sec total\n|\n|t:|1783557614\n|-terastallize|p2a: Alcremie|Ground\n|move|p1a: Banette|Gunk Shot|p2a: Alcremie\n|-resisted|p2a: Alcremie\n|-damage|p2a: Alcremie|67/100\n|-damage|p1a: Banette|0 fnt|[from] item: Life Orb\n|faint|p1a: Banette\n|move|p2a: Alcremie|Recover|p2a: Alcremie\n|-heal|p2a: Alcremie|100/100\n|\n|upkeep\n|inactive|Time left: 300 sec this turn | 300 sec total | 5 sec grace\n|\n|t:|1783557615\n|switch|p1a: Oricorio|Oricorio, L84, F|263/263\n|turn|8\n|inactive|Time left: 300 sec this turn | 300 sec total\n|\n|t:|1783557616\n|move|p1a: Oricorio|Quiver Dance|p1a: Oricorio\n|-boost|p1a: Oricorio|spa|1\n|-boost|p1a: Oricorio|spd|1\n|-boost|p1a: Oricorio|spe|1\n|move|p2a: Alcremie|Alluring Voice|p1a: Oricorio\n|-resisted|p1a: Oricorio\n|-damage|p1a: Oricorio|178/263\n|-start|p1a: Oricorio|confusion\n|\n|upkeep\n|turn|9\n|inactive|Time left: 300 sec this turn | 300 sec total\n|\n|t:|1783557616\n|-activate|p1a: Oricorio|confusion\n|move|p1a: Oricorio|Quiver Dance|p1a: Oricorio\n|-boost|p1a: Oricorio|spa|1\n|-boost|p1a: Oricorio|spd|1\n|-boost|p1a: Oricorio|spe|1\n|move|p2a: Alcremie|Alluring Voice|p1a: Oricorio\n|-resisted|p1a: Oricorio\n|-damage|p1a: Oricorio|119/263\n|\n|upkeep\n|turn|10\n|inactive|Time left: 300 sec this turn | 300 sec total\n|\n|t:|1783557617\n|-end|p1a: Oricorio|confusion\n|move|p1a: Oricorio|Quiver Dance|p1a: Oricorio\n|-boost|p1a: Oricorio|spa|1\n|-boost|p1a: Oricorio|spd|1\n|-boost|p1a: Oricorio|spe|1\n|move|p2a: Alcremie|Alluring Voice|p1a: Oricorio\n|-resisted|p1a: Oricorio\n|-damage|p1a: Oricorio|66/263\n|-start|p1a: Oricorio|confusion\n|\n|upkeep\n|turn|11\n|inactive|Time left: 300 sec this turn | 300 sec total\n|\n|t:|1783557618\n|-activate|p1a: Oricorio|confusion\n|-damage|p1a: Oricorio|48/263|[from] confusion\n|move|p2a: Alcremie|Alluring Voice|p1a: Oricorio\n|-resisted|p1a: Oricorio\n|-damage|p1a: Oricorio|0 fnt\n|faint|p1a: Oricorio\n|\n|upkeep\n|inactive|Time left: 300 sec this turn | 300 sec total | 5 sec grace\n|\n|t:|1783557618\n|switch|p1a: Mudsdale|Mudsdale, L83, F|302/302\n|turn|12\n|inactive|Time left: 300 sec this turn | 300 sec total\n|\n|t:|1783557619\n|move|p2a: Alcremie|Alluring Voice|p1a: Mudsdale\n|-damage|p1a: Mudsdale|97/302\n|-ability|p1a: Mudsdale|Stamina|boost\n|-boost|p1a: Mudsdale|def|1\n|move|p1a: Mudsdale|Roar|p2a: Alcremie\n|drag|p2a: Farigiraf|Farigiraf, L90, M|100/100\n|\n|-heal|p1a: Mudsdale|115/302|[from] item: Leftovers\n|upkeep\n|turn|13\n|inactive|Time left: 300 sec this turn | 300 sec total\n|\n|t:|1783557620\n|move|p2a: Farigiraf|Psychic Noise|p1a: Mudsdale\n|-damage|p1a: Mudsdale|16/302\n|-start|p1a: Mudsdale|move: Heal Block\n|-ability|p1a: Mudsdale|Stamina|boost\n|-boost|p1a: Mudsdale|def|1\n|move|p1a: Mudsdale|Stealth Rock|p2a: Farigiraf\n|-sidestart|p2: p0y15887bb4|move: Stealth Rock\n|\n|upkeep\n|turn|14\n|inactive|Time left: 300 sec this turn | 300 sec total\n|\n|t:|1783557620\n|move|p2a: Farigiraf|Body Slam|p1a: Mudsdale\n|-damage|p1a: Mudsdale|0 fnt\n|faint|p1a: Mudsdale\n|\n|upkeep\n|inactive|Time left: 300 sec this turn | 300 sec total | 5 sec grace\n|\n|t:|1783557621\n|switch|p1a: Kyogre|Kyogre, L71|259/259\n|-weather|RainDance|[from] ability: Drizzle|[of] p1a: Kyogre\n|turn|15\n|inactive|Time left: 300 sec this turn | 300 sec total\n|\n|t:|1783557622\n|switch|p2a: Ludicolo|Ludicolo, L90, F|100/100\n|-damage|p2a: Ludicolo|88/100|[from] Stealth Rock\n|move|p1a: Kyogre|Water Spout|p2a: Ludicolo\n|-resisted|p2a: Ludicolo\n|-damage|p2a: Ludicolo|69/100\n|\n|-weather|RainDance|[upkeep]\n|upkeep\n|turn|16\n|inactive|Time left: 300 sec this turn | 300 sec total\n|\n|t:|1783557623\n|switch|p1a: Decidueye|Decidueye-Hisui, L87, F|295/295\n|move|p2a: Ludicolo|Giga Drain|p1a: Decidueye\n|-resisted|p1a: Decidueye\n|-damage|p1a: Decidueye|246/295\n|-heal|p2a: Ludicolo|78/100|[from] drain|[of] p1a: Decidueye\n|-damage|p2a: Ludicolo|68/100|[from] item: Life Orb\n|\n|-weather|RainDance|[upkeep]\n|-heal|p1a: Decidueye|264/295|[from] item: Leftovers\n|upkeep\n|turn|17\n|inactive|Time left: 300 sec this turn | 300 sec total\n|\n|t:|1783557624\n|move|p2a: Ludicolo|Ice Beam|p1a: Decidueye\n|-supereffective|p1a: Decidueye\n|-damage|p1a: Decidueye|111/295\n|-damage|p2a: Ludicolo|58/100|[from] item: Life Orb\n|move|p1a: Decidueye|Triple Arrows|p2a: Ludicolo\n|-damage|p2a: Ludicolo|13/100\n|\n|-weather|RainDance|[upkeep]\n|-heal|p1a: Decidueye|129/295|[from] item: Leftovers\n|upkeep\n|turn|18\n|inactive|Time left: 300 sec this turn | 300 sec total\n|\n|t:|1783557625\n|switch|p1a: Kyogre|Kyogre, L71|259/259\n|move|p2a: Ludicolo|Ice Beam|p1a: Kyogre\n|-resisted|p1a: Kyogre\n|-damage|p1a: Kyogre|224/259\n|-damage|p2a: Ludicolo|3/100|[from] item: Life Orb\n|\n|-weather|RainDance|[upkeep]\n|upkeep\n|turn|19\n|inactive|Time left: 300 sec this turn | 300 sec total\n|\n|t:|1783557626\n|switch|p1a: Decidueye|Decidueye-Hisui, L87, F|129/295\n|move|p2a: Ludicolo|Giga Drain|p1a: Decidueye\n|-resisted|p1a: Decidueye\n|-damage|p1a: Decidueye|81/295\n|-heal|p2a: Ludicolo|11/100|[from] drain|[of] p1a: Decidueye\n|-damage|p2a: Ludicolo|1/100|[from] item: Life Orb\n|\n|-weather|none\n|-heal|p1a: Decidueye|99/295|[from] item: Leftovers\n|upkeep\n|turn|20\n|inactive|Time left: 300 sec this turn | 300 sec total\n|\n|t:|1783557627\n|move|p2a: Ludicolo|Ice Beam|p1a: Decidueye\n|-supereffective|p1a: Decidueye\n|-damage|p1a: Decidueye|0 fnt\n|faint|p1a: Decidueye\n|-damage|p2a: Ludicolo|0 fnt|[from] item: Life Orb\n|faint|p2a: Ludicolo\n|\n|upkeep\n|inactive|Time left: 300 sec this turn | 300 sec total | 5 sec grace\n|\n|t:|1783557628\n|switch|p2a: Slither Wing|Slither Wing, L81|100/100\n|switch|p1a: Kyogre|Kyogre, L71|224/259\n|-weather|RainDance|[from] ability: Drizzle|[of] p1a: Kyogre\n|-damage|p2a: Slither Wing|88/100|[from] Stealth Rock\n|-enditem|p2a: Slither Wing|Booster Energy\n|-activate|p2a: Slither Wing|ability: Protosynthesis|[fromitem]\n|-start|p2a: Slither Wing|protosynthesisatk\n|turn|21\n|inactive|Time left: 300 sec this turn | 300 sec total\n|\n|t:|1783557629\n|move|p1a: Kyogre|Origin Pulse|p2a: Slither Wing\n|-damage|p2a: Slither Wing|25/100\n|move|p2a: Slither Wing|Close Combat|p1a: Kyogre\n|-damage|p1a: Kyogre|0 fnt\n|-unboost|p2a: Slither Wing|def|1\n|-unboost|p2a: Slither Wing|spd|1\n|faint|p1a: Kyogre\n|\n|win|p0y15887bb4", "uploadtime": 1783557629, "views": 0, "rating": 0, "private": 0, "password": null, "_winner": "p0y15887bb4", "_our_name": "p0x1588ffbf"}