{"id": "battle-gen9randombattle-1498", "formatid": "gen9randombattle", "format": "[Gen 9] Random Battle", "players": ["p0x1498cd11", "p0y1498780a"], "log": "|init|battle\n|title|p0x1498cd11 vs. p0y1498780a\n|j|\u2606p0x1498cd11\n|j|\u2606p0y1498780a\n|t:|1783557445\n|gametype|singles\n|player|p1|p0x1498cd11|170|\n|player|p2|p0y1498780a|102|\n|gen|9\n|tier|[Gen 9] Random Battle\n|rule|Species Clause: Limit one of each Pok\u00e9mon\n|rule|HP Percentage Mod: HP is shown in percentages\n|rule|Sleep Clause Mod: Limit one foe put to sleep\n|rule|Illusion Level Mod: Illusion disguises the Pok\u00e9mon's true level\n|\n|t:|1783557445\n|teamsize|p1|6\n|teamsize|p2|6\n|start\n|switch|p1a: Gastrodon|Gastrodon, L86, F|331/331\n|switch|p2a: Swampert|Swampert, L83, M|100/100\n|turn|1\n|inactive|Battle timer is ON: inactive players will automatically lose when time's up. (requested by p0y1498780a)\n|inactive|Time left: 300 sec this turn | 300 sec total | 60 sec grace\n|inactive|p0x1498cd11 also wants the timer to be on.\n|\n|t:|1783557447\n|move|p2a: Swampert|Stealth Rock|p1a: Gastrodon\n|-sidestart|p1: p0x1498cd11|move: Stealth Rock\n|move|p1a: Gastrodon|Stealth Rock|p2a: Swampert\n|-sidestart|p2: p0y1498780a|move: Stealth Rock\n|\n|upkeep\n|turn|2\n|inactive|Time left: 300 sec this turn | 300 sec total\n|\n|t:|1783557448\n|move|p2a: Swampert|Earthquake|p1a: Gastrodon\n|-damage|p1a: Gastrodon|184/331\n|move|p1a: Gastrodon|Surf|p2a: Swampert\n|-damage|p2a: Swampert|70/100\n|\n|-heal|p2a: Swampert|76/100|[from] item: Leftovers\n|-heal|p1a: Gastrodon|204/331|[from] item: Leftovers\n|upkeep\n|turn|3\n|inactive|Time left: 300 sec this turn | 300 sec total\n|\n|t:|1783557449\n|move|p2a: Swampert|Earthquake|p1a: Gastrodon\n|-damage|p1a: Gastrodon|65/331\n|move|p1a: Gastrodon|Recover|p1a: Gastrodon\n|-heal|p1a: Gastrodon|231/331\n|\n|-heal|p2a: Swampert|82/100|[from] item: Leftovers\n|-heal|p1a: Gastrodon|251/331|[from] item: Leftovers\n|upkeep\n|turn|4\n|inactive|Time left: 300 sec this turn | 300 sec total\n|\n|t:|1783557450\n|switch|p2a: Salamence|Salamence, L77, M|100/100\n|-ability|p2a: Salamence|Intimidate|boost\n|-unboost|p1a: Gastrodon|atk|1\n|move|p1a: Gastrodon|Surf|p2a: Salamence\n|-resisted|p2a: Salamence\n|-damage|p2a: Salamence|79/100\n|\n|-heal|p1a: Gastrodon|271/331|[from] item: Leftovers\n|upkeep\n|turn|5\n|inactive|Time left: 300 sec this turn | 300 sec total\n|\n|t:|1783557451\n|switch|p1a: Carbink|Carbink, L90|236/236\n|-damage|p1a: Carbink|207/236|[from] Stealth Rock\n|move|p2a: Salamence|Outrage|p1a: Carbink\n|-immune|p1a: Carbink\n|\n|-heal|p1a: Carbink|221/236|[from] item: Leftovers\n|upkeep\n|turn|6\n|inactive|Time left: 300 sec this turn | 300 sec total\n|\n|t:|1783557452\n|move|p2a: Salamence|Dragon Dance|p2a: Salamence\n|-boost|p2a: Salamence|atk|1\n|-boost|p2a: Salamence|spe|1\n|move|p1a: Carbink|Moonblast|p2a: Salamence\n|-supereffective|p2a: Salamence\n|-damage|p2a: Salamence|14/100\n|\n|-heal|p1a: Carbink|235/236|[from] item: Leftovers\n|upkeep\n|turn|7\n|inactive|Time left: 300 sec this turn | 300 sec total\n|\n|t:|1783557453\n|move|p2a: Salamence|Roost|p2a: Salamence\n|-heal|p2a: Salamence|65/100\n|-singleturn|p2a: Salamence|move: Roost\n|move|p1a: Carbink|Body Press|p2a: Salamence\n|-damage|p2a: Salamence|27/100\n|\n|-heal|p1a: Carbink|236/236|[from] item: Leftovers\n|upkeep\n|turn|8\n|inactive|Time left: 300 sec this turn | 300 sec total\n|\n|t:|1783557454\n|-terastallize|p1a: Carbink|Fighting\n|move|p2a: Salamence|Roost|p2a: Salamence\n|-heal|p2a: Salamence|77/100\n|-singleturn|p2a: Salamence|move: Roost\n|move|p1a: Carbink|Iron Defense|p1a: Carbink\n|-boost|p1a: Carbink|def|2\n|\n|upkeep\n|turn|9\n|inactive|Time left: 300 sec this turn | 300 sec total\n|\n|t:|1783557455\n|move|p2a: Salamence|Outrage|p1a: Carbink\n|-damage|p1a: Carbink|169/236\n|move|p1a: Carbink|Body Press|p2a: Salamence\n|-resisted|p2a: Salamence\n|-damage|p2a: Salamence|20/100\n|\n|-heal|p1a: Carbink|183/236|[from] item: Leftovers\n|upkeep\n|turn|10\n|inactive|Time left: 300 sec this turn | 300 sec total\n|\n|t:|1783557456\n|move|p2a: Salamence|Outrage|p1a: Carbink|[from] lockedmove\n|-damage|p1a: Carbink|122/236\n|move|p1a: Carbink|Body Press|p2a: Salamence\n|-resisted|p2a: Salamence\n|-damage|p2a: Salamence|0 fnt\n|faint|p2a: Salamence\n|\n|-heal|p1a: Carbink|136/236|[from] item: Leftovers\n|upkeep\n|\n|t:|1783557457\n|switch|p2a: Golurk|Golurk, L87|100/100\n|-damage|p2a: Golurk|94/100|[from] Stealth Rock\n|turn|11\n|inactive|Time left: 300 sec this turn | 300 sec total\n|\n|t:|1783557458\n|move|p2a: Golurk|Poltergeist|p1a: Carbink\n|-activate|p1a: Carbink|move: Poltergeist|Leftovers\n|-damage|p1a: Carbink|66/236\n|move|p1a: Carbink|Rock Polish|p1a: Carbink\n|-boost|p1a: Carbink|spe|2\n|\n|-heal|p1a: Carbink|80/236|[from] item: Leftovers\n|upkeep\n|turn|12\n|inactive|Time left: 300 sec this turn | 300 sec total\n|\n|t:|1783557460\n|move|p1a: Carbink|Iron Defense|p1a: Carbink\n|-boost|p1a: Carbink|def|2\n|move|p2a: Golurk|Poltergeist|p1a: Carbink\n|-activate|p1a: Carbink|move: Poltergeist|Leftovers\n|-damage|p1a: Carbink|37/236\n|\n|-heal|p1a: Carbink|51/236|[from] item: Leftovers\n|upkeep\n|turn|13\n|inactive|Time left: 300 sec this turn | 300 sec total\n|\n|t:|1783557461\n|move|p1a: Carbink|Moonblast|p2a: Golurk\n|-damage|p2a: Golurk|69/100\n|-unboost|p2a: Golurk|spa|1\n|move|p2a: Golurk|Poltergeist|p1a: Carbink\n|-activate|p1a: Carbink|move: Poltergeist|Leftovers\n|-damage|p1a: Carbink|6/236\n|\n|-heal|p1a: Carbink|20/236|[from] item: Leftovers\n|upkeep\n|turn|14\n|inactive|Time left: 300 sec this turn | 300 sec total\n|\n|t:|1783557462\n|move|p1a: Carbink|Moonblast|p2a: Golurk\n|-damage|p2a: Golurk|45/100\n|move|p2a: Golurk|Poltergeist|p1a: Carbink\n|-activate|p1a: Carbink|move: Poltergeist|Leftovers\n|-damage|p1a: Carbink|0 fnt\n|faint|p1a: Carbink\n|\n|upkeep\n|inactive|Time left: 300 sec this turn | 300 sec total | 5 sec grace\n|\n|t:|1783557463\n|switch|p1a: Koraidon|Koraidon, L64|235/235\n|-damage|p1a: Koraidon|221/235|[from] Stealth Rock\n|-weather|SunnyDay|[from] ability: Orichalcum Pulse|[of] p1a: Koraidon\n|-activate|p1a: Koraidon|Orichalcum Pulse|[source]\n|turn|15\n|inactive|Time left: 300 sec this turn | 300 sec total\n|\n|t:|1783557464\n|move|p1a: Koraidon|Outrage|p2a: Golurk\n|-damage|p2a: Golurk|0 fnt\n|faint|p2a: Golurk\n|\n|-weather|SunnyDay|[upkeep]\n|upkeep\n|\n|t:|1783557465\n|switch|p2a: Cobalion|Cobalion, L80|100/100\n|-damage|p2a: Cobalion|98/100|[from] Stealth Rock\n|turn|16\n|inactive|Time left: 300 sec this turn | 300 sec total\n|\n|t:|1783557466\n|move|p2a: Cobalion|Swords Dance|p2a: Cobalion\n|-boost|p2a: Cobalion|atk|2\n|move|p1a: Koraidon|Outrage|p2a: Cobalion|[from] lockedmove\n|-resisted|p2a: Cobalion\n|-damage|p2a: Cobalion|71/100\n|\n|-weather|SunnyDay|[upkeep]\n|-heal|p2a: Cobalion|77/100|[from] item: Leftovers\n|upkeep\n|turn|17\n|inactive|Time left: 300 sec this turn | 300 sec total\n|\n|t:|1783557467\n|move|p2a: Cobalion|Iron Head|p1a: Koraidon\n|-damage|p1a: Koraidon|62/235\n|cant|p1a: Koraidon|flinch\n|\n|-weather|SunnyDay|[upkeep]\n|-heal|p2a: Cobalion|83/100|[from] item: Leftovers\n|-start|p1a: Koraidon|confusion|[fatigue]\n|upkeep\n|turn|18\n|inactive|Time left: 300 sec this turn | 300 sec total\n|\n|t:|1783557468\n|move|p2a: Cobalion|Close Combat|p1a: Koraidon\n|-damage|p1a: Koraidon|0 fnt\n|-unboost|p2a: Cobalion|def|1\n|-unboost|p2a: Cobalion|spd|1\n|faint|p1a: Koraidon\n|\n|-weather|SunnyDay|[upkeep]\n|-heal|p2a: Cobalion|89/100|[from] item: Leftovers\n|upkeep\n|inactive|Time left: 300 sec this turn | 300 sec total | 5 sec grace\n|\n|t:|1783557470\n|switch|p1a: Sandaconda|Sandaconda, L84, M|258/258\n|-damage|p1a: Sandaconda|242/258|[from] Stealth Rock\n|turn|19\n|inactive|Time left: 300 sec this turn | 300 sec total\n|\n|t:|1783557471\n|-terastallize|p2a: Cobalion|Fighting\n|move|p2a: Cobalion|Close Combat|p1a: Sandaconda\n|-damage|p1a: Sandaconda|30/258\n|-unboost|p2a: Cobalion|def|1\n|-unboost|p2a: Cobalion|spd|1\n|move|p1a: Sandaconda|Earthquake|p2a: Cobalion\n|-damage|p2a: Cobalion|30/100\n|\n|-weather|none\n|-heal|p2a: Cobalion|36/100|[from] item: Leftovers\n|-heal|p1a: Sandaconda|46/258|[from] item: Leftovers\n|upkeep\n|turn|20\n|inactive|Time left: 300 sec this turn | 300 sec total\n|\n|t:|1783557472\n|move|p2a: Cobalion|Close Combat|p1a: Sandaconda\n|-damage|p1a: Sandaconda|0 fnt\n|-unboost|p2a: Cobalion|def|1\n|-unboost|p2a: Cobalion|spd|1\n|faint|p1a: Sandaconda\n|\n|-heal|p2a: Cobalion|42/100|[from] item: Leftovers\n|upkeep\n|inactive|Time left: 300 sec this turn | 300 sec total | 5 sec grace\n|\n|t:|1783557473\n|switch|p1a: Jolteon|Jolteon, L84, F|246/246\n|-damage|p1a: Jolteon|216/246|[from] Stealth Rock\n|turn|21\n|inactive|Time left: 300 sec this turn | 300 sec total\n|\n|t:|1783557474\n|switch|p2a: Swampert|Swampert, L83, M|82/100\n|-damage|p2a: Swampert|76/100|[from] Stealth Rock\n|move|p1a: Jolteon|Tera Blast|p2a: Swampert\n|-damage|p2a: Swampert|56/100\n|\n|-heal|p1a: Jolteon|231/246|[from] item: Leftovers\n|-heal|p2a: Swampert|62/100|[from] item: Leftovers\n|upkeep\n|turn|22\n|inactive|Time left: 300 sec this turn | 300 sec total\n|\n|t:|1783557475\n|switch|p1a: Oricorio|Oricorio-Pa'u, L87, M|272/272\n|move|p2a: Swampert|Earthquake|p1a: Oricorio\n|-immune|p1a: Oricorio\n|\n|-heal|p2a: Swampert|68/100|[from] item: Leftovers\n|upkeep\n|turn|23\n|inactive|Time left: 300 sec this turn | 300 sec total\n|\n|t:|1783557476\n|move|p1a: Oricorio|Quiver Dance|p1a: Oricorio\n|-boost|p1a: Oricorio|spa|1\n|-boost|p1a: Oricorio|spd|1\n|-boost|p1a: Oricorio|spe|1\n|move|p2a: Swampert|Ice Beam|p1a: Oricorio\n|-supereffective|p1a: Oricorio\n|-damage|p1a: Oricorio|184/272\n|\n|-heal|p2a: Swampert|74/100|[from] item: Leftovers\n|upkeep\n|turn|24\n|inactive|Time left: 300 sec this turn | 300 sec total\n|\n|t:|1783557477\n|move|p1a: Oricorio|Revelation Dance|p2a: Swampert\n|-damage|p2a: Swampert|25/100\n|move|p2a: Swampert|Flip Turn|p1a: Oricorio\n|-damage|p1a: Oricorio|57/272\n|\n|t:|1783557478\n|switch|p2a: Porygon-Z|Porygon-Z, L83|100/100|[from] Flip Turn\n|-damage|p2a: Porygon-Z|88/100|[from] Stealth Rock\n|\n|upkeep\n|turn|25\n|inactive|Time left: 300 sec this turn | 300 sec total\n|\n|t:|1783557479\n|move|p1a: Oricorio|Roost|p1a: Oricorio\n|-heal|p1a: Oricorio|193/272\n|-singleturn|p1a: Oricorio|move: Roost\n|move|p2a: Porygon-Z|Tri Attack|p1a: Oricorio\n|-damage|p1a: Oricorio|89/272\n|\n|upkeep\n|turn|26\n|inactive|Time left: 300 sec this turn | 300 sec total\n|\n|t:|1783557481\n|move|p1a: Oricorio|Roost|p1a: Oricorio\n|-heal|p1a: Oricorio|225/272\n|-singleturn|p1a: Oricorio|move: Roost\n|move|p2a: Porygon-Z|Tri Attack|p1a: Oricorio\n|-damage|p1a: Oricorio|113/272\n|\n|upkeep\n|turn|27\n|inactive|Time left: 300 sec this turn | 300 sec total\n|\n|t:|1783557482\n|move|p1a: Oricorio|Roost|p1a: Oricorio\n|-heal|p1a: Oricorio|249/272\n|-singleturn|p1a: Oricorio|move: Roost\n|move|p2a: Porygon-Z|Tri Attack|p1a: Oricorio\n|-damage|p1a: Oricorio|127/272\n|\n|upkeep\n|turn|28\n|inactive|Time left: 300 sec this turn | 300 sec total\n|\n|t:|1783557483\n|move|p1a: Oricorio|Quiver Dance|p1a: Oricorio\n|-boost|p1a: Oricorio|spa|1\n|-boost|p1a: Oricorio|spd|1\n|-boost|p1a: Oricorio|spe|1\n|move|p2a: Porygon-Z|Tri Attack|p1a: Oricorio\n|-damage|p1a: Oricorio|39/272\n|\n|upkeep\n|turn|29\n|inactive|Time left: 300 sec this turn | 300 sec total\n|\n|t:|1783557484\n|move|p1a: Oricorio|Roost|p1a: Oricorio\n|-heal|p1a: Oricorio|175/272\n|-singleturn|p1a: Oricorio|move: Roost\n|move|p2a: Porygon-Z|Tri Attack|p1a: Oricorio\n|-damage|p1a: Oricorio|91/272\n|\n|upkeep\n|turn|30\n|inactive|Time left: 300 sec this turn | 300 sec total\n|\n|t:|1783557485\n|move|p1a: Oricorio|Roost|p1a: Oricorio\n|-heal|p1a: Oricorio|227/272\n|-singleturn|p1a: Oricorio|move: Roost\n|move|p2a: Porygon-Z|Tri Attack|p1a: Oricorio\n|-damage|p1a: Oricorio|147/272\n|\n|upkeep\n|turn|31\n|inactive|Time left: 300 sec this turn | 300 sec total\n|\n|t:|1783557486\n|move|p1a: Oricorio|Revelation Dance|p2a: Porygon-Z\n|-damage|p2a: Porygon-Z|1/100\n|move|p2a: Porygon-Z|Tri Attack|p1a: Oricorio\n|-damage|p1a: Oricorio|67/272\n|\n|upkeep\n|turn|32\n|inactive|Time left: 300 sec this turn | 300 sec total\n|\n|t:|1783557487\n|move|p1a: Oricorio|Roost|p1a: Oricorio\n|-heal|p1a: Oricorio|203/272\n|-singleturn|p1a: Oricorio|move: Roost\n|move|p2a: Porygon-Z|Tri Attack|p1a: Oricorio\n|-damage|p1a: Oricorio|123/272\n|\n|upkeep\n|turn|33\n|inactive|Time left: 300 sec this turn | 300 sec total\n|\n|t:|1783557489\n|move|p1a: Oricorio|Revelation Dance|p2a: Porygon-Z\n|-damage|p2a: Porygon-Z|0 fnt\n|faint|p2a: Porygon-Z\n|\n|upkeep\n|\n|t:|1783557490\n|switch|p2a: Garganacl|Garganacl, L80, F|100/100\n|-damage|p2a: Garganacl|88/100|[from] Stealth Rock\n|turn|34\n|inactive|Time left: 300 sec this turn | 300 sec total\n|\n|t:|1783557491\n|move|p1a: Oricorio|Roost|p1a: Oricorio\n|-heal|p1a: Oricorio|259/272\n|-singleturn|p1a: Oricorio|move: Roost\n|move|p2a: Garganacl|Salt Cure|p1a: Oricorio\n|-damage|p1a: Oricorio|216/272\n|-start|p1a: Oricorio|Salt Cure\n|\n|-heal|p2a: Garganacl|94/100|[from] item: Leftovers\n|-damage|p1a: Oricorio|182/272|[from] Salt Cure\n|upkeep\n|turn|35\n|inactive|Time left: 300 sec this turn | 300 sec total\n|\n|t:|1783557492\n|move|p1a: Oricorio|Revelation Dance|p2a: Garganacl\n|-damage|p2a: Garganacl|21/100\n|move|p2a: Garganacl|Salt Cure|p1a: Oricorio\n|-supereffective|p1a: Oricorio\n|-damage|p1a: Oricorio|86/272\n|\n|-heal|p2a: Garganacl|27/100|[from] item: Leftovers\n|-damage|p1a: Oricorio|52/272|[from] Salt Cure\n|upkeep\n|turn|36\n|inactive|Time left: 300 sec this turn | 300 sec total\n|\n|t:|1783557493\n|move|p1a: Oricorio|Revelation Dance|p2a: Garganacl\n|-damage|p2a: Garganacl|0 fnt\n|faint|p2a: Garganacl\n|\n|-damage|p1a: Oricorio|18/272|[from] Salt Cure\n|upkeep\n|\n|t:|1783557494\n|switch|p2a: Cobalion|Cobalion, L80, tera:Fighting|42/100\n|-damage|p2a: Cobalion|36/100|[from] Stealth Rock\n|turn|37\n|inactive|Time left: 300 sec this turn | 300 sec total\n|\n|t:|1783557494\n|switch|p2a: Swampert|Swampert, L83, M|25/100\n|-damage|p2a: Swampert|19/100|[from] Stealth Rock\n|move|p1a: Oricorio|Revelation Dance|p2a: Swampert\n|-damage|p2a: Swampert|0 fnt\n|faint|p2a: Swampert\n|\n|-damage|p1a: Oricorio|0 fnt|[from] Salt Cure\n|faint|p1a: Oricorio\n|upkeep\n|inactive|Time left: 300 sec this turn | 300 sec total | 5 sec grace\n|\n|t:|1783557495\n|switch|p1a: Jolteon|Jolteon, L84, F|231/246\n|switch|p2a: Cobalion|Cobalion, L80, tera:Fighting|36/100\n|-damage|p1a: Jolteon|201/246|[from] Stealth Rock\n|-damage|p2a: Cobalion|30/100|[from] Stealth Rock\n|turn|38\n|inactive|Time left: 300 sec this turn | 300 sec total\n|\n|t:|1783557496\n|move|p1a: Jolteon|Thunderbolt|p2a: Cobalion\n|-damage|p2a: Cobalion|0 fnt\n|faint|p2a: Cobalion\n|\n|win|p0x1498cd11", "uploadtime": 1783557496, "views": 0, "rating": 0, "private": 0, "password": null, "_winner": "p0x1498cd11", "_our_name": "p0x1498cd11"}