{"id": "battle-gen9randombattle-62", "formatid": "gen9randombattle", "format": "[Gen 9] Random Battle", "players": ["p0x06208ef", "p0y0625cfa"], "log": "|init|battle\n|title|p0x06208ef vs. p0y0625cfa\n|j|\u2606p0x06208ef\n|j|\u2606p0y0625cfa\n|t:|1783534481\n|gametype|singles\n|player|p1|p0x06208ef|265|\n|player|p2|p0y0625cfa|170|\n|gen|9\n|tier|[Gen 9] Random Battle\n|rule|Species Clause: Limit one of each Pok\u00e9mon\n|rule|HP Percentage Mod: HP is shown in percentages\n|rule|Sleep Clause Mod: Limit one foe put to sleep\n|rule|Illusion Level Mod: Illusion disguises the Pok\u00e9mon's true level\n|\n|t:|1783534481\n|teamsize|p1|6\n|teamsize|p2|6\n|start\n|switch|p1a: Groudon|Groudon, L72|100/100\n|switch|p2a: Reshiram|Reshiram, L76|277/277\n|-ability|p2a: Reshiram|Turboblaze\n|-weather|SunnyDay|[from] ability: Drought|[of] p1a: Groudon\n|turn|1\n|inactive|Battle timer is ON: inactive players will automatically lose when time's up. (requested by p0x06208ef)\n|inactive|Time left: 300 sec this turn | 300 sec total | 60 sec grace\n|\n|t:|1783534483\n|move|p2a: Reshiram|Blue Flare|p1a: Groudon|[miss]\n|-miss|p2a: Reshiram|p1a: Groudon\n|move|p1a: Groudon|Precipice Blades|p2a: Reshiram\n|-supereffective|p2a: Reshiram\n|-damage|p2a: Reshiram|13/277\n|\n|-weather|SunnyDay|[upkeep]\n|upkeep\n|turn|2\n|inactive|Time left: 300 sec this turn | 300 sec total\n|inactive|p0y0625cfa also wants the timer to be on.\n|\n|t:|1783534484\n|-terastallize|p1a: Groudon|Fire\n|move|p2a: Reshiram|Blue Flare|p1a: Groudon\n|-resisted|p1a: Groudon\n|-crit|p1a: Groudon\n|-damage|p1a: Groudon|18/100\n|move|p1a: Groudon|Heat Crash|p2a: Reshiram\n|-resisted|p2a: Reshiram\n|-damage|p2a: Reshiram|0 fnt\n|faint|p2a: Reshiram\n|\n|-weather|SunnyDay|[upkeep]\n|-heal|p1a: Groudon|24/100|[from] item: Leftovers\n|upkeep\n|inactive|Time left: 300 sec this turn | 300 sec total | 5 sec grace\n|\n|t:|1783534485\n|switch|p2a: Garchomp|Garchomp, L74, F|282/282\n|turn|3\n|inactive|Time left: 300 sec this turn | 300 sec total\n|\n|t:|1783534486\n|switch|p1a: Ting-Lu|Ting-Lu, L78|100/100\n|-ability|p1a: Ting-Lu|Vessel of Ruin\n|move|p2a: Garchomp|Swords Dance|p2a: Garchomp\n|-boost|p2a: Garchomp|atk|2\n|\n|-weather|SunnyDay|[upkeep]\n|upkeep\n|turn|4\n|inactive|Time left: 300 sec this turn | 300 sec total\n|\n|t:|1783534487\n|move|p2a: Garchomp|Earthquake|p1a: Ting-Lu\n|-damage|p1a: Ting-Lu|57/100\n|move|p1a: Ting-Lu|Whirlwind|p2a: Garchomp\n|drag|p2a: Salazzle|Salazzle, L83, F|249/249\n|\n|-weather|SunnyDay|[upkeep]\n|-heal|p1a: Ting-Lu|63/100|[from] item: Leftovers\n|upkeep\n|turn|5\n|inactive|Time left: 300 sec this turn | 300 sec total\n|\n|t:|1783534489\n|move|p2a: Salazzle|Protect|p2a: Salazzle\n|-singleturn|p2a: Salazzle|Protect\n|move|p1a: Ting-Lu|Earthquake|p2a: Salazzle\n|-activate|p2a: Salazzle|move: Protect\n|\n|-weather|none\n|-heal|p1a: Ting-Lu|70/100|[from] item: Leftovers\n|upkeep\n|turn|6\n|inactive|Time left: 300 sec this turn | 300 sec total\n|\n|t:|1783534490\n|switch|p2a: Oricorio|Oricorio-Sensu, L85, M|266/266\n|move|p1a: Ting-Lu|Earthquake|p2a: Oricorio\n|-immune|p2a: Oricorio\n|\n|-heal|p1a: Ting-Lu|76/100|[from] item: Leftovers\n|upkeep\n|turn|7\n|inactive|Time left: 300 sec this turn | 300 sec total\n|\n|t:|1783534490\n|move|p2a: Oricorio|Quiver Dance|p2a: Oricorio\n|-boost|p2a: Oricorio|spa|1\n|-boost|p2a: Oricorio|spd|1\n|-boost|p2a: Oricorio|spe|1\n|move|p1a: Ting-Lu|Throat Chop|p2a: Oricorio\n|-supereffective|p2a: Oricorio\n|-damage|p2a: Oricorio|86/266\n|-start|p2a: Oricorio|Throat Chop|[silent]\n|\n|-heal|p1a: Ting-Lu|82/100|[from] item: Leftovers\n|upkeep\n|turn|8\n|inactive|Time left: 300 sec this turn | 300 sec total\n|\n|t:|1783534491\n|move|p2a: Oricorio|Roost|p2a: Oricorio\n|-heal|p2a: Oricorio|219/266\n|-singleturn|p2a: Oricorio|move: Roost\n|move|p1a: Ting-Lu|Throat Chop|p2a: Oricorio\n|-supereffective|p2a: Oricorio\n|-damage|p2a: Oricorio|13/266\n|\n|-heal|p1a: Ting-Lu|88/100|[from] item: Leftovers\n|-end|p2a: Oricorio|Throat Chop|[silent]\n|upkeep\n|turn|9\n|inactive|Time left: 300 sec this turn | 300 sec total\n|\n|t:|1783534492\n|move|p2a: Oricorio|Hurricane|p1a: Ting-Lu\n|-damage|p1a: Ting-Lu|44/100\n|move|p1a: Ting-Lu|Throat Chop|p2a: Oricorio\n|-supereffective|p2a: Oricorio\n|-damage|p2a: Oricorio|0 fnt\n|faint|p2a: Oricorio\n|\n|-heal|p1a: Ting-Lu|50/100|[from] item: Leftovers\n|upkeep\n|inactive|Time left: 300 sec this turn | 300 sec total | 5 sec grace\n|\n|t:|1783534493\n|switch|p2a: Slither Wing|Slither Wing, L81|270/270\n|turn|10\n|inactive|Time left: 300 sec this turn | 300 sec total\n|\n|t:|1783534494\n|switch|p1a: Okidogi|Okidogi, L77, M|100/100\n|move|p2a: Slither Wing|Close Combat|p1a: Okidogi\n|-resisted|p1a: Okidogi\n|-damage|p1a: Okidogi|76/100\n|-unboost|p2a: Slither Wing|def|1\n|-unboost|p2a: Slither Wing|spd|1\n|\n|upkeep\n|turn|11\n|inactive|Time left: 300 sec this turn | 300 sec total\n|\n|t:|1783534495\n|-end|p2a: Slither Wing|Protosynthesis|[silent]\n|switch|p2a: Garchomp|Garchomp, L74, F|282/282\n|move|p1a: Okidogi|Drain Punch|p2a: Garchomp\n|-damage|p2a: Garchomp|191/282\n|-heal|p1a: Okidogi|94/100|[from] drain|[of] p2a: Garchomp\n|-damage|p1a: Okidogi|82/100|[from] ability: Rough Skin|[of] p2a: Garchomp\n|\n|upkeep\n|turn|12\n|inactive|Time left: 300 sec this turn | 300 sec total\n|\n|t:|1783534496\n|move|p2a: Garchomp|Earthquake|p1a: Okidogi\n|-supereffective|p1a: Okidogi\n|-damage|p1a: Okidogi|13/100\n|move|p1a: Okidogi|Drain Punch|p2a: Garchomp\n|-damage|p2a: Garchomp|103/282\n|-heal|p1a: Okidogi|30/100|[from] drain|[of] p2a: Garchomp\n|-damage|p1a: Okidogi|18/100|[from] ability: Rough Skin|[of] p2a: Garchomp\n|-status|p2a: Garchomp|tox|[from] ability: Toxic Chain|[of] p1a: Okidogi\n|\n|-damage|p2a: Garchomp|86/282 tox|[from] psn\n|upkeep\n|turn|13\n|inactive|Time left: 300 sec this turn | 300 sec total\n|\n|t:|1783534497\n|switch|p1a: Ting-Lu|Ting-Lu, L78|50/100\n|-ability|p1a: Ting-Lu|Vessel of Ruin\n|move|p2a: Garchomp|Earthquake|p1a: Ting-Lu\n|-damage|p1a: Ting-Lu|25/100\n|\n|-heal|p1a: Ting-Lu|31/100|[from] item: Leftovers\n|-damage|p2a: Garchomp|52/282 tox|[from] psn\n|upkeep\n|turn|14\n|inactive|Time left: 300 sec this turn | 300 sec total\n|\n|t:|1783534498\n|move|p2a: Garchomp|Scale Shot|p1a: Ting-Lu\n|-damage|p1a: Ting-Lu|25/100\n|-damage|p1a: Ting-Lu|19/100\n|-damage|p1a: Ting-Lu|13/100\n|-damage|p1a: Ting-Lu|8/100\n|-hitcount|p1a: Ting-Lu|4\n|-unboost|p2a: Garchomp|def|1\n|-boost|p2a: Garchomp|spe|1\n|move|p1a: Ting-Lu|Stealth Rock|p2a: Garchomp\n|-sidestart|p2: p0y0625cfa|move: Stealth Rock\n|\n|-heal|p1a: Ting-Lu|14/100|[from] item: Leftovers\n|-damage|p2a: Garchomp|1/282 tox|[from] psn\n|upkeep\n|turn|15\n|inactive|Time left: 300 sec this turn | 300 sec total\n|\n|t:|1783534500\n|switch|p1a: Mightyena|Mightyena, L96, M|100/100\n|-ability|p1a: Mightyena|Intimidate|boost\n|-unboost|p2a: Garchomp|atk|1\n|move|p2a: Garchomp|Earthquake|p1a: Mightyena\n|-damage|p1a: Mightyena|76/100\n|\n|-heal|p1a: Mightyena|82/100|[from] item: Leftovers\n|-damage|p2a: Garchomp|0 fnt|[from] psn\n|faint|p2a: Garchomp\n|upkeep\n|inactive|Time left: 300 sec this turn | 300 sec total | 5 sec grace\n|\n|t:|1783534501\n|switch|p2a: Skuntank|Skuntank, L84, M|310/310\n|-damage|p2a: Skuntank|272/310|[from] Stealth Rock\n|turn|16\n|inactive|Time left: 300 sec this turn | 300 sec total\n|\n|t:|1783534502\n|move|p1a: Mightyena|Play Rough|p2a: Skuntank\n|-damage|p2a: Skuntank|182/310\n|move|p2a: Skuntank|Gunk Shot|p1a: Mightyena\n|-damage|p1a: Mightyena|22/100\n|-status|p1a: Mightyena|psn\n|-damage|p2a: Skuntank|151/310|[from] item: Life Orb\n|\n|-heal|p1a: Mightyena|28/100 psn|[from] item: Leftovers\n|-damage|p1a: Mightyena|15/100 psn|[from] psn\n|upkeep\n|turn|17\n|inactive|Time left: 300 sec this turn | 300 sec total\n|\n|t:|1783534503\n|switch|p1a: Iron Thorns|Iron Thorns, L83|100/100\n|-item|p1a: Iron Thorns|Air Balloon\n|move|p2a: Skuntank|Knock Off|p1a: Iron Thorns\n|-damage|p1a: Iron Thorns|66/100\n|-enditem|p1a: Iron Thorns|Air Balloon\n|-damage|p2a: Skuntank|120/310|[from] item: Life Orb\n|\n|upkeep\n|turn|18\n|inactive|Time left: 300 sec this turn | 300 sec total\n|\n|t:|1783534504\n|move|p2a: Skuntank|Knock Off|p1a: Iron Thorns\n|-damage|p1a: Iron Thorns|43/100\n|-damage|p2a: Skuntank|89/310|[from] item: Life Orb\n|move|p1a: Iron Thorns|Stone Edge|p2a: Skuntank\n|-damage|p2a: Skuntank|0 fnt\n|faint|p2a: Skuntank\n|\n|upkeep\n|inactive|Time left: 300 sec this turn | 300 sec total | 5 sec grace\n|\n|t:|1783534505\n|switch|p2a: Slither Wing|Slither Wing, L81|270/270\n|turn|19\n|inactive|Time left: 300 sec this turn | 300 sec total\n|\n|t:|1783534505\n|-end|p1a: Iron Thorns|Quark Drive|[silent]\n|switch|p1a: Mightyena|Mightyena, L96, M|15/100 psn\n|-ability|p1a: Mightyena|Intimidate|boost\n|-unboost|p2a: Slither Wing|atk|1\n|move|p2a: Slither Wing|Close Combat|p1a: Mightyena\n|-supereffective|p1a: Mightyena\n|-damage|p1a: Mightyena|0 fnt\n|-unboost|p2a: Slither Wing|def|1\n|-unboost|p2a: Slither Wing|spd|1\n|faint|p1a: Mightyena\n|\n|upkeep\n|\n|t:|1783534506\n|switch|p1a: Gallade|Gallade, L80, M|100/100\n|turn|20\n|inactive|Time left: 300 sec this turn | 300 sec total\n|\n|t:|1783534507\n|-terastallize|p2a: Slither Wing|Fire\n|move|p1a: Gallade|Psycho Cut|p2a: Slither Wing\n|-damage|p2a: Slither Wing|65/270\n|move|p2a: Slither Wing|Will-O-Wisp|p1a: Gallade\n|-status|p1a: Gallade|brn\n|\n|-damage|p1a: Gallade|94/100 brn|[from] brn\n|upkeep\n|turn|21\n|inactive|Time left: 300 sec this turn | 300 sec total\n|\n|t:|1783534508\n|move|p1a: Gallade|Psycho Cut|p2a: Slither Wing\n|-damage|p2a: Slither Wing|0 fnt\n|faint|p2a: Slither Wing\n|-end|p2a: Slither Wing|Protosynthesis|[silent]\n|\n|-damage|p1a: Gallade|88/100 brn|[from] brn\n|upkeep\n|inactive|Time left: 300 sec this turn | 300 sec total | 5 sec grace\n|\n|t:|1783534508\n|switch|p2a: Salazzle|Salazzle, L83, F|249/249\n|-damage|p2a: Salazzle|187/249|[from] Stealth Rock\n|turn|22\n|inactive|Time left: 300 sec this turn | 300 sec total\n|\n|t:|1783534509\n|move|p2a: Salazzle|Protect|p2a: Salazzle\n|-singleturn|p2a: Salazzle|Protect\n|move|p1a: Gallade|Psycho Cut|p2a: Salazzle\n|-activate|p2a: Salazzle|move: Protect\n|\n|-heal|p2a: Salazzle|202/249|[from] item: Leftovers\n|-damage|p1a: Gallade|82/100 brn|[from] brn\n|upkeep\n|turn|23\n|inactive|Time left: 300 sec this turn | 300 sec total\n|\n|t:|1783534510\n|move|p2a: Salazzle|Protect||[still]\n|-fail|p2a: Salazzle\n|move|p1a: Gallade|Psycho Cut|p2a: Salazzle\n|-supereffective|p2a: Salazzle\n|-damage|p2a: Salazzle|21/249\n|\n|-heal|p2a: Salazzle|36/249|[from] item: Leftovers\n|-damage|p1a: Gallade|75/100 brn|[from] brn\n|upkeep\n|turn|24\n|inactive|Time left: 300 sec this turn | 300 sec total\n|\n|t:|1783534511\n|move|p2a: Salazzle|Protect|p2a: Salazzle\n|-singleturn|p2a: Salazzle|Protect\n|move|p1a: Gallade|Psycho Cut|p2a: Salazzle\n|-activate|p2a: Salazzle|move: Protect\n|\n|-heal|p2a: Salazzle|51/249|[from] item: Leftovers\n|-damage|p1a: Gallade|69/100 brn|[from] brn\n|upkeep\n|turn|25\n|inactive|Time left: 300 sec this turn | 300 sec total\n|\n|t:|1783534512\n|move|p2a: Salazzle|Protect|p2a: Salazzle\n|-singleturn|p2a: Salazzle|Protect\n|move|p1a: Gallade|Psycho Cut|p2a: Salazzle\n|-activate|p2a: Salazzle|move: Protect\n|\n|-heal|p2a: Salazzle|66/249|[from] item: Leftovers\n|-damage|p1a: Gallade|63/100 brn|[from] brn\n|upkeep\n|turn|26\n|inactive|Time left: 300 sec this turn | 300 sec total\n|\n|t:|1783534512\n|move|p2a: Salazzle|Protect|p2a: Salazzle\n|-singleturn|p2a: Salazzle|Protect\n|move|p1a: Gallade|Psycho Cut|p2a: Salazzle\n|-activate|p2a: Salazzle|move: Protect\n|\n|-heal|p2a: Salazzle|81/249|[from] item: Leftovers\n|-damage|p1a: Gallade|57/100 brn|[from] brn\n|upkeep\n|turn|27\n|inactive|Time left: 300 sec this turn | 300 sec total\n|\n|t:|1783534513\n|move|p1a: Gallade|Psycho Cut|p2a: Salazzle\n|-supereffective|p2a: Salazzle\n|-damage|p2a: Salazzle|0 fnt\n|faint|p2a: Salazzle\n|\n|win|p0x06208ef", "uploadtime": 1783534513, "views": 0, "rating": 0, "private": 0, "password": null, "_winner": "p0x06208ef", "_our_name": "p0y0625cfa"}