{"id": "battle-gen9randombattle-623", "formatid": "gen9randombattle", "format": "[Gen 9] Random Battle", "players": ["p0x62366aa", "p0y623463e"], "log": "|init|battle\n|title|p0x62366aa vs. p0y623463e\n|j|\u2606p0x62366aa\n|j|\u2606p0y623463e\n|t:|1783547031\n|gametype|singles\n|player|p1|p0x62366aa|265|\n|player|p2|p0y623463e|102|\n|gen|9\n|tier|[Gen 9] Random Battle\n|rule|Species Clause: Limit one of each Pok\u00e9mon\n|rule|HP Percentage Mod: HP is shown in percentages\n|rule|Sleep Clause Mod: Limit one foe put to sleep\n|rule|Illusion Level Mod: Illusion disguises the Pok\u00e9mon's true level\n|\n|t:|1783547031\n|teamsize|p1|6\n|teamsize|p2|6\n|start\n|switch|p1a: Avalugg|Avalugg-Hisui, L90, F|317/317\n|switch|p2a: Toucannon|Toucannon, L88, F|100/100\n|turn|1\n|inactive|Battle timer is ON: inactive players will automatically lose when time's up. (requested by p0y623463e)\n|inactive|Time left: 300 sec this turn | 300 sec total | 60 sec grace\n|\n|t:|1783547033\n|switch|p2a: Scrafty|Scrafty, L83, F|100/100\n|-ability|p2a: Scrafty|Intimidate|boost\n|-unboost|p1a: Avalugg|atk|1\n|move|p1a: Avalugg|Stone Edge|p2a: Scrafty\n|-resisted|p2a: Scrafty\n|-damage|p2a: Scrafty|83/100\n|\n|-heal|p2a: Scrafty|89/100|[from] item: Leftovers\n|upkeep\n|turn|2\n|inactive|Time left: 300 sec this turn | 300 sec total\n|inactive|p0x62366aa also wants the timer to be on.\n|\n|t:|1783547035\n|move|p2a: Scrafty|Dragon Dance|p2a: Scrafty\n|-boost|p2a: Scrafty|atk|1\n|-boost|p2a: Scrafty|spe|1\n|move|p1a: Avalugg|Body Press|p2a: Scrafty\n|-supereffective|p2a: Scrafty\n|-damage|p2a: Scrafty|20/100\n|\n|-heal|p2a: Scrafty|26/100|[from] item: Leftovers\n|upkeep\n|turn|3\n|inactive|Time left: 300 sec this turn | 300 sec total\n|\n|t:|1783547036\n|move|p2a: Scrafty|Drain Punch|p1a: Avalugg\n|-supereffective|p1a: Avalugg\n|-damage|p1a: Avalugg|65/317\n|-heal|p2a: Scrafty|78/100|[from] drain|[of] p1a: Avalugg\n|move|p1a: Avalugg|Body Press|p2a: Scrafty\n|-supereffective|p2a: Scrafty\n|-damage|p2a: Scrafty|0 fnt\n|faint|p2a: Scrafty\n|\n|upkeep\n|\n|t:|1783547037\n|switch|p2a: Flareon|Flareon, L90, M|100/100\n|turn|4\n|inactive|Time left: 300 sec this turn | 300 sec total\n|\n|t:|1783547038\n|move|p2a: Flareon|Flare Blitz|p1a: Avalugg\n|-damage|p1a: Avalugg|0 fnt\n|faint|p1a: Avalugg\n|-damage|p2a: Flareon|93/100|[from] Recoil\n|\n|-status|p2a: Flareon|tox|[from] item: Toxic Orb\n|upkeep\n|inactive|Time left: 300 sec this turn | 300 sec total | 5 sec grace\n|\n|t:|1783547039\n|switch|p1a: Arbok|Arbok, L87, F|246/246\n|-ability|p1a: Arbok|Intimidate|boost\n|-unboost|p2a: Flareon|atk|1\n|turn|5\n|inactive|Time left: 300 sec this turn | 300 sec total\n|\n|t:|1783547040\n|switch|p2a: Toucannon|Toucannon, L88, F|100/100\n|move|p1a: Arbok|Coil|p1a: Arbok\n|-boost|p1a: Arbok|atk|1\n|-boost|p1a: Arbok|def|1\n|-boost|p1a: Arbok|accuracy|1\n|\n|upkeep\n|turn|6\n|inactive|Time left: 300 sec this turn | 300 sec total\n|\n|t:|1783547042\n|move|p1a: Arbok|Coil|p1a: Arbok\n|-boost|p1a: Arbok|atk|1\n|-boost|p1a: Arbok|def|1\n|-boost|p1a: Arbok|accuracy|1\n|move|p2a: Toucannon|Boomburst|p1a: Arbok\n|-damage|p1a: Arbok|98/246\n|\n|-heal|p1a: Arbok|113/246|[from] item: Leftovers\n|upkeep\n|turn|7\n|inactive|Time left: 300 sec this turn | 300 sec total\n|\n|t:|1783547043\n|move|p1a: Arbok|Gunk Shot|p2a: Toucannon\n|-damage|p2a: Toucannon|0 fnt\n|faint|p2a: Toucannon\n|\n|-heal|p1a: Arbok|128/246|[from] item: Leftovers\n|upkeep\n|\n|t:|1783547044\n|switch|p2a: Eiscue|Eiscue, L88, M|100/100\n|turn|8\n|inactive|Time left: 300 sec this turn | 300 sec total\n|\n|t:|1783547045\n|move|p1a: Arbok|Trailblaze|p2a: Eiscue\n|-activate|p2a: Eiscue|ability: Ice Face\n|-damage|p2a: Eiscue|100/100\n|-boost|p1a: Arbok|spe|1\n|detailschange|p2a: Eiscue|Eiscue-Noice, L88, M\n|move|p2a: Eiscue|Belly Drum|p2a: Eiscue\n|-damage|p2a: Eiscue|50/100\n|-setboost|p2a: Eiscue|atk|6|[from] move: Belly Drum\n|-enditem|p2a: Eiscue|Sitrus Berry|[eat]\n|-heal|p2a: Eiscue|75/100|[from] item: Sitrus Berry\n|\n|-heal|p1a: Arbok|143/246|[from] item: Leftovers\n|upkeep\n|turn|9\n|inactive|Time left: 300 sec this turn | 300 sec total\n|\n|t:|1783547046\n|move|p1a: Arbok|Gunk Shot|p2a: Eiscue\n|-damage|p2a: Eiscue|0 fnt\n|faint|p2a: Eiscue\n|\n|-heal|p1a: Arbok|158/246|[from] item: Leftovers\n|upkeep\n|\n|t:|1783547047\n|switch|p2a: Iron Thorns|Iron Thorns, L83|100/100\n|-item|p2a: Iron Thorns|Air Balloon\n|turn|10\n|inactive|Time left: 300 sec this turn | 300 sec total\n|\n|t:|1783547048\n|move|p1a: Arbok|Trailblaze|p2a: Iron Thorns\n|-supereffective|p2a: Iron Thorns\n|-damage|p2a: Iron Thorns|57/100\n|-boost|p1a: Arbok|spe|1\n|-enditem|p2a: Iron Thorns|Air Balloon\n|move|p2a: Iron Thorns|Stone Edge|p1a: Arbok\n|-damage|p1a: Arbok|86/246\n|\n|-heal|p1a: Arbok|101/246|[from] item: Leftovers\n|upkeep\n|turn|11\n|inactive|Time left: 300 sec this turn | 300 sec total\n|\n|t:|1783547050\n|move|p1a: Arbok|Earthquake|p2a: Iron Thorns\n|-supereffective|p2a: Iron Thorns\n|-damage|p2a: Iron Thorns|0 fnt\n|faint|p2a: Iron Thorns\n|-end|p2a: Iron Thorns|Quark Drive|[silent]\n|\n|-heal|p1a: Arbok|116/246|[from] item: Leftovers\n|upkeep\n|\n|t:|1783547051\n|switch|p2a: Alcremie|Alcremie-Ruby-Swirl, L90, F|100/100\n|turn|12\n|inactive|Time left: 300 sec this turn | 300 sec total\n|\n|t:|1783547052\n|move|p1a: Arbok|Gunk Shot|p2a: Alcremie\n|-supereffective|p2a: Alcremie\n|-damage|p2a: Alcremie|0 fnt\n|faint|p2a: Alcremie\n|\n|-heal|p1a: Arbok|131/246|[from] item: Leftovers\n|upkeep\n|\n|t:|1783547053\n|switch|p2a: Flareon|Flareon, L90, M|93/100 tox\n|turn|13\n|inactive|Time left: 300 sec this turn | 300 sec total\n|\n|t:|1783547054\n|-terastallize|p2a: Flareon|Normal\n|move|p1a: Arbok|Earthquake|p2a: Flareon\n|-damage|p2a: Flareon|22/100 tox\n|move|p2a: Flareon|Facade|p1a: Arbok\n|-damage|p1a: Arbok|0 fnt\n|faint|p1a: Arbok\n|\n|-damage|p2a: Flareon|16/100 tox|[from] psn\n|upkeep\n|inactive|Time left: 300 sec this turn | 300 sec total | 5 sec grace\n|\n|t:|1783547054\n|switch|p1a: Comfey|Comfey, L85, F|225/225\n|turn|14\n|inactive|Time left: 300 sec this turn | 300 sec total\n|\n|t:|1783547055\n|-terastallize|p1a: Comfey|Steel\n|move|p1a: Comfey|Calm Mind|p1a: Comfey\n|-boost|p1a: Comfey|spa|1\n|-boost|p1a: Comfey|spd|1\n|move|p2a: Flareon|Will-O-Wisp|p1a: Comfey\n|-status|p1a: Comfey|brn\n|\n|-damage|p2a: Flareon|4/100 tox|[from] psn\n|-damage|p1a: Comfey|211/225 brn|[from] brn\n|upkeep\n|turn|15\n|inactive|Time left: 300 sec this turn | 300 sec total\n|\n|t:|1783547056\n|switch|p1a: Piloswine|Piloswine, L85, M|309/309\n|move|p2a: Flareon|Facade|p1a: Piloswine\n|-crit|p1a: Piloswine\n|-damage|p1a: Piloswine|0 fnt\n|faint|p1a: Piloswine\n|\n|-damage|p2a: Flareon|0 fnt|[from] psn\n|faint|p2a: Flareon\n|\n|win|p0x62366aa", "uploadtime": 1783547056, "views": 0, "rating": 0, "private": 0, "password": null, "_winner": "p0x62366aa", "_our_name": "p0x62366aa"}