{"id": "battle-gen9randombattle-1117", "formatid": "gen9randombattle", "format": "[Gen 9] Random Battle", "players": ["p0x11179d47", "p0y11176261"], "log": "|init|battle\n|title|p0x11179d47 vs. p0y11176261\n|j|\u2606p0x11179d47\n|j|\u2606p0y11176261\n|t:|1783552918\n|gametype|singles\n|player|p1|p0x11179d47|265|\n|player|p2|p0y11176261|169|\n|gen|9\n|tier|[Gen 9] Random Battle\n|rule|Species Clause: Limit one of each Pok\u00e9mon\n|rule|HP Percentage Mod: HP is shown in percentages\n|rule|Sleep Clause Mod: Limit one foe put to sleep\n|rule|Illusion Level Mod: Illusion disguises the Pok\u00e9mon's true level\n|\n|t:|1783552918\n|teamsize|p1|6\n|teamsize|p2|6\n|start\n|switch|p1a: Ampharos|Ampharos, L88, M|100/100\n|switch|p2a: Regigigas|Regigigas, L84|322/322\n|-start|p2a: Regigigas|ability: Slow Start\n|turn|1\n|inactive|Battle timer is ON: inactive players will automatically lose when time's up. (requested by p0x11179d47)\n|inactive|Time left: 300 sec this turn | 300 sec total | 60 sec grace\n|inactive|p0y11176261 also wants the timer to be on.\n|\n|t:|1783552920\n|move|p1a: Ampharos|Focus Blast|p2a: Regigigas|[miss]\n|-miss|p1a: Ampharos|p2a: Regigigas\n|move|p2a: Regigigas|Knock Off|p1a: Ampharos\n|-damage|p1a: Ampharos|83/100\n|-enditem|p1a: Ampharos|Assault Vest|[from] move: Knock Off|[of] p2a: Regigigas\n|\n|upkeep\n|turn|2\n|inactive|Time left: 300 sec this turn | 300 sec total\n|\n|t:|1783552921\n|switch|p2a: Lurantis|Lurantis, L87, M|264/264\n|move|p1a: Ampharos|Discharge|p2a: Lurantis\n|-resisted|p2a: Lurantis\n|-damage|p2a: Lurantis|211/264\n|\n|-heal|p2a: Lurantis|227/264|[from] item: Leftovers\n|upkeep\n|turn|3\n|inactive|Time left: 300 sec this turn | 300 sec total\n|\n|t:|1783552922\n|move|p1a: Ampharos|Focus Blast|p2a: Lurantis\n|-damage|p2a: Lurantis|132/264\n|move|p2a: Lurantis|Leaf Storm|p1a: Ampharos\n|-damage|p1a: Ampharos|43/100\n|-boost|p2a: Lurantis|spa|2\n|\n|-heal|p2a: Lurantis|148/264|[from] item: Leftovers\n|upkeep\n|turn|4\n|inactive|Time left: 300 sec this turn | 300 sec total\n|\n|t:|1783552923\n|move|p1a: Ampharos|Focus Blast|p2a: Lurantis\n|-damage|p2a: Lurantis|44/264\n|move|p2a: Lurantis|Leaf Storm|p1a: Ampharos\n|-damage|p1a: Ampharos|0 fnt\n|-boost|p2a: Lurantis|spa|2\n|faint|p1a: Ampharos\n|\n|-heal|p2a: Lurantis|60/264|[from] item: Leftovers\n|upkeep\n|\n|t:|1783552924\n|switch|p1a: Miraidon|Miraidon, L65|100/100\n|-fieldstart|move: Electric Terrain|[from] ability: Hadron Engine|[of] p1a: Miraidon\n|turn|5\n|inactive|Time left: 300 sec this turn | 300 sec total\n|\n|t:|1783552926\n|move|p1a: Miraidon|Dragon Pulse|p2a: Lurantis\n|-damage|p2a: Lurantis|0 fnt\n|faint|p2a: Lurantis\n|-damage|p1a: Miraidon|91/100|[from] item: Life Orb\n|\n|upkeep\n|inactive|Time left: 300 sec this turn | 300 sec total | 5 sec grace\n|\n|t:|1783552927\n|switch|p2a: Sandslash|Sandslash-Alola, L88, F|275/275\n|turn|6\n|inactive|Time left: 300 sec this turn | 300 sec total\n|\n|t:|1783552928\n|-terastallize|p1a: Miraidon|Electric\n|-terastallize|p2a: Sandslash|Ground\n|move|p1a: Miraidon|Electro Drift|p2a: Sandslash\n|-immune|p2a: Sandslash\n|move|p2a: Sandslash|Triple Axel|p1a: Miraidon\n|-damage|p1a: Miraidon|76/100\n|-damage|p1a: Miraidon|48/100\n|-damage|p1a: Miraidon|2/100\n|-hitcount|p1a: Miraidon|3\n|-damage|p2a: Sandslash|248/275|[from] item: Life Orb\n|\n|upkeep\n|turn|7\n|inactive|Time left: 300 sec this turn | 300 sec total\n|\n|t:|1783552929\n|move|p2a: Sandslash|Ice Shard|p1a: Miraidon\n|-damage|p1a: Miraidon|0 fnt\n|faint|p1a: Miraidon\n|-damage|p2a: Sandslash|221/275|[from] item: Life Orb\n|\n|upkeep\n|\n|t:|1783552930\n|switch|p1a: Iron Moth|Iron Moth, L78|100/100\n|-activate|p1a: Iron Moth|ability: Quark Drive\n|-start|p1a: Iron Moth|quarkdrivespa\n|turn|8\n|inactive|Time left: 300 sec this turn | 300 sec total\n|\n|t:|1783552931\n|switch|p2a: Chandelure|Chandelure, L83, F|235/235\n|move|p1a: Iron Moth|Energy Ball|p2a: Chandelure\n|-resisted|p2a: Chandelure\n|-damage|p2a: Chandelure|186/235\n|\n|upkeep\n|turn|9\n|inactive|Time left: 300 sec this turn | 300 sec total\n|\n|t:|1783552932\n|move|p1a: Iron Moth|Sludge Wave|p2a: Chandelure\n|-resisted|p2a: Chandelure\n|-damage|p2a: Chandelure|112/235\n|move|p2a: Chandelure|Shadow Ball|p1a: Iron Moth\n|-damage|p1a: Iron Moth|61/100\n|\n|-fieldend|move: Electric Terrain\n|-end|p1a: Iron Moth|Quark Drive\n|upkeep\n|turn|10\n|inactive|Time left: 300 sec this turn | 300 sec total\n|\n|t:|1783552933\n|move|p1a: Iron Moth|Sludge Wave|p2a: Chandelure\n|-resisted|p2a: Chandelure\n|-damage|p2a: Chandelure|50/235\n|move|p2a: Chandelure|Shadow Ball|p1a: Iron Moth\n|-damage|p1a: Iron Moth|19/100\n|\n|upkeep\n|turn|11\n|inactive|Time left: 300 sec this turn | 300 sec total\n|\n|t:|1783552934\n|switch|p2a: Regigigas|Regigigas, L84|322/322\n|-start|p2a: Regigigas|ability: Slow Start\n|move|p1a: Iron Moth|Sludge Wave|p2a: Regigigas\n|-damage|p2a: Regigigas|231/322\n|\n|-heal|p2a: Regigigas|251/322|[from] item: Leftovers\n|upkeep\n|turn|12\n|inactive|Time left: 300 sec this turn | 300 sec total\n|\n|t:|1783552935\n|move|p1a: Iron Moth|Morning Sun|p1a: Iron Moth\n|-heal|p1a: Iron Moth|68/100\n|move|p2a: Regigigas|Body Slam|p1a: Iron Moth\n|-damage|p1a: Iron Moth|32/100\n|-status|p1a: Iron Moth|par\n|\n|-heal|p2a: Regigigas|271/322|[from] item: Leftovers\n|upkeep\n|turn|13\n|inactive|Time left: 300 sec this turn | 300 sec total\n|\n|t:|1783552935\n|move|p2a: Regigigas|Body Slam|p1a: Iron Moth\n|-damage|p1a: Iron Moth|0 fnt\n|faint|p1a: Iron Moth\n|-end|p1a: Iron Moth|Quark Drive|[silent]\n|\n|-heal|p2a: Regigigas|291/322|[from] item: Leftovers\n|upkeep\n|\n|t:|1783552936\n|switch|p1a: Virizion|Virizion, L82|100/100\n|turn|14\n|inactive|Time left: 300 sec this turn | 300 sec total\n|\n|t:|1783552937\n|move|p1a: Virizion|Swords Dance|p1a: Virizion\n|-boost|p1a: Virizion|atk|2\n|move|p2a: Regigigas|Body Slam|p1a: Virizion\n|-damage|p1a: Virizion|75/100\n|\n|-heal|p2a: Regigigas|311/322|[from] item: Leftovers\n|upkeep\n|turn|15\n|inactive|Time left: 300 sec this turn | 300 sec total\n|\n|t:|1783552938\n|move|p1a: Virizion|Close Combat|p2a: Regigigas\n|-supereffective|p2a: Regigigas\n|-damage|p2a: Regigigas|0 fnt\n|-unboost|p1a: Virizion|def|1\n|-unboost|p1a: Virizion|spd|1\n|faint|p2a: Regigigas\n|-end|p2a: Regigigas|Slow Start|[silent]\n|-damage|p1a: Virizion|65/100|[from] item: Life Orb\n|\n|upkeep\n|inactive|Time left: 300 sec this turn | 300 sec total | 5 sec grace\n|\n|t:|1783552939\n|switch|p2a: Sandslash|Sandslash-Alola, L88, F, tera:Ground|221/275\n|turn|16\n|inactive|Time left: 300 sec this turn | 300 sec total\n|\n|t:|1783552940\n|switch|p1a: Quagsire|Quagsire, L84, F|100/100\n|move|p2a: Sandslash|Ice Shard|p1a: Quagsire\n|-crit|p1a: Quagsire\n|-damage|p1a: Quagsire|67/100\n|-damage|p2a: Sandslash|194/275|[from] item: Life Orb\n|\n|-heal|p1a: Quagsire|73/100|[from] item: Leftovers\n|upkeep\n|turn|17\n|inactive|Time left: 300 sec this turn | 300 sec total\n|\n|t:|1783552941\n|move|p2a: Sandslash|Triple Axel|p1a: Quagsire\n|-damage|p1a: Quagsire|61/100\n|-damage|p1a: Quagsire|39/100\n|-damage|p1a: Quagsire|9/100\n|-hitcount|p1a: Quagsire|3\n|-damage|p2a: Sandslash|167/275|[from] item: Life Orb\n|move|p1a: Quagsire|Ice Beam|p2a: Sandslash\n|-supereffective|p2a: Sandslash\n|-damage|p2a: Sandslash|55/275\n|\n|-heal|p1a: Quagsire|15/100|[from] item: Leftovers\n|upkeep\n|turn|18\n|inactive|Time left: 300 sec this turn | 300 sec total\n|\n|t:|1783552942\n|move|p2a: Sandslash|Ice Shard|p1a: Quagsire\n|-damage|p1a: Quagsire|0 fnt\n|faint|p1a: Quagsire\n|-damage|p2a: Sandslash|28/275|[from] item: Life Orb\n|\n|upkeep\n|\n|t:|1783552943\n|switch|p1a: Volbeat|Volbeat, L90, M|100/100\n|turn|19\n|inactive|Time left: 300 sec this turn | 300 sec total\n|\n|t:|1783552944\n|move|p1a: Volbeat|U-turn|p2a: Sandslash\n|-damage|p2a: Sandslash|0 fnt\n|faint|p2a: Sandslash\n|\n|t:|1783552945\n|switch|p1a: Virizion|Virizion, L82|65/100|[from] U-turn\n|\n|upkeep\n|inactive|Time left: 300 sec this turn | 300 sec total | 10 sec grace\n|\n|t:|1783552946\n|switch|p2a: Flapple|Flapple, L88, F|266/266\n|turn|20\n|inactive|Time left: 300 sec this turn | 300 sec total\n|\n|t:|1783552947\n|move|p1a: Virizion|Close Combat|p2a: Flapple\n|-damage|p2a: Flapple|106/266\n|-unboost|p1a: Virizion|def|1\n|-unboost|p1a: Virizion|spd|1\n|-damage|p1a: Virizion|55/100|[from] item: Life Orb\n|move|p2a: Flapple|Outrage|p1a: Virizion\n|-damage|p1a: Virizion|0 fnt\n|faint|p1a: Virizion\n|\n|upkeep\n|\n|t:|1783552948\n|switch|p1a: Volbeat|Volbeat, L90, M|100/100\n|turn|21\n|inactive|Time left: 300 sec this turn | 300 sec total\n|\n|t:|1783552949\n|move|p1a: Volbeat|Thunder Wave|p2a: Flapple\n|-status|p2a: Flapple|par\n|-enditem|p2a: Flapple|Lum Berry|[eat]\n|-curestatus|p2a: Flapple|par|[msg]\n|move|p2a: Flapple|Outrage|p1a: Volbeat|[from] lockedmove\n|-damage|p1a: Volbeat|5/100\n|\n|upkeep\n|turn|22\n|inactive|Time left: 300 sec this turn | 300 sec total\n|\n|t:|1783552950\n|move|p1a: Volbeat|Thunder Wave|p2a: Flapple\n|-status|p2a: Flapple|par\n|move|p2a: Flapple|Outrage|p1a: Volbeat|[from] lockedmove\n|-damage|p1a: Volbeat|0 fnt\n|faint|p1a: Volbeat\n|-start|p2a: Flapple|confusion|[fatigue]\n|\n|win|p0y11176261", "uploadtime": 1783552950, "views": 0, "rating": 0, "private": 0, "password": null, "_winner": "p0y11176261", "_our_name": "p0y11176261"}