{"id": "battle-gen9randombattle-1520", "formatid": "gen9randombattle", "format": "[Gen 9] Random Battle", "players": ["p0x15201923", "p0y1520737e"], "log": "|init|battle\n|title|p0x15201923 vs. p0y1520737e\n|j|\u2606p0x15201923\n|j|\u2606p0y1520737e\n|t:|1783557687\n|gametype|singles\n|player|p1|p0x15201923|101|\n|player|p2|p0y1520737e|102|\n|gen|9\n|tier|[Gen 9] Random Battle\n|rule|Species Clause: Limit one of each Pok\u00e9mon\n|rule|HP Percentage Mod: HP is shown in percentages\n|rule|Sleep Clause Mod: Limit one foe put to sleep\n|rule|Illusion Level Mod: Illusion disguises the Pok\u00e9mon's true level\n|\n|t:|1783557687\n|teamsize|p1|6\n|teamsize|p2|6\n|start\n|switch|p1a: Iron Boulder|Iron Boulder, L77|100/100\n|switch|p2a: Chesnaught|Chesnaught, L84, M|285/285\n|turn|1\n|inactive|Battle timer is ON: inactive players will automatically lose when time's up. (requested by p0x15201923)\n|inactive|Time left: 300 sec this turn | 300 sec total | 60 sec grace\n|inactive|p0y1520737e also wants the timer to be on.\n|\n|t:|1783557689\n|-end|p1a: Iron Boulder|Quark Drive|[silent]\n|switch|p1a: Hatterene|Hatterene, L85, F|100/100\n|move|p2a: Chesnaught|Body Press|p1a: Hatterene\n|-resisted|p1a: Hatterene\n|-damage|p1a: Hatterene|91/100\n|\n|-heal|p1a: Hatterene|97/100|[from] item: Leftovers\n|upkeep\n|turn|2\n|inactive|Time left: 300 sec this turn | 300 sec total\n|\n|t:|1783557691\n|move|p2a: Chesnaught|Trailblaze|p1a: Hatterene\n|-damage|p1a: Hatterene|72/100\n|-boost|p2a: Chesnaught|spe|1\n|move|p1a: Hatterene|Psychic|p2a: Chesnaught\n|-supereffective|p2a: Chesnaught\n|-damage|p2a: Chesnaught|0 fnt\n|faint|p2a: Chesnaught\n|\n|-heal|p1a: Hatterene|78/100|[from] item: Leftovers\n|upkeep\n|inactive|Time left: 300 sec this turn | 300 sec total | 5 sec grace\n|\n|t:|1783557692\n|switch|p2a: Flutter Mane|Flutter Mane, L74|203/203\n|turn|3\n|inactive|Time left: 300 sec this turn | 300 sec total\n|\n|t:|1783557693\n|switch|p1a: Milotic|Milotic, L83, M|100/100\n|move|p2a: Flutter Mane|Shadow Ball|p1a: Milotic\n|-damage|p1a: Milotic|67/100\n|\n|-heal|p1a: Milotic|74/100|[from] item: Leftovers\n|upkeep\n|turn|4\n|inactive|Time left: 300 sec this turn | 300 sec total\n|\n|t:|1783557694\n|move|p2a: Flutter Mane|Shadow Ball|p1a: Milotic\n|-damage|p1a: Milotic|42/100\n|-unboost|p1a: Milotic|spd|1\n|-ability|p1a: Milotic|Competitive|boost\n|-boost|p1a: Milotic|spa|2\n|move|p1a: Milotic|Scald|p2a: Flutter Mane\n|-damage|p2a: Flutter Mane|53/203\n|\n|-heal|p1a: Milotic|49/100|[from] item: Leftovers\n|upkeep\n|turn|5\n|inactive|Time left: 300 sec this turn | 300 sec total\n|\n|t:|1783557695\n|switch|p1a: Umbreon|Umbreon, L84, F|100/100\n|move|p2a: Flutter Mane|Shadow Ball|p1a: Umbreon\n|-resisted|p1a: Umbreon\n|-damage|p1a: Umbreon|84/100\n|-unboost|p1a: Umbreon|spd|1\n|\n|-heal|p1a: Umbreon|90/100|[from] item: Leftovers\n|upkeep\n|turn|6\n|inactive|Time left: 300 sec this turn | 300 sec total\n|\n|t:|1783557696\n|move|p2a: Flutter Mane|Shadow Ball|p1a: Umbreon\n|-resisted|p1a: Umbreon\n|-damage|p1a: Umbreon|69/100\n|move|p1a: Umbreon|Foul Play|p2a: Flutter Mane\n|-damage|p2a: Flutter Mane|0 fnt\n|faint|p2a: Flutter Mane\n|-end|p2a: Flutter Mane|Protosynthesis|[silent]\n|\n|-heal|p1a: Umbreon|75/100|[from] item: Leftovers\n|upkeep\n|inactive|Time left: 300 sec this turn | 300 sec total | 5 sec grace\n|\n|t:|1783557697\n|switch|p2a: Braviary|Braviary-Hisui, L85, M|326/326\n|turn|7\n|inactive|Time left: 300 sec this turn | 300 sec total\n|\n|t:|1783557698\n|move|p2a: Braviary|Hurricane|p1a: Umbreon\n|-damage|p1a: Umbreon|0 fnt\n|faint|p1a: Umbreon\n|\n|upkeep\n|\n|t:|1783557699\n|switch|p1a: Iron Boulder|Iron Boulder, L77|100/100\n|turn|8\n|inactive|Time left: 300 sec this turn | 300 sec total\n|\n|t:|1783557700\n|switch|p2a: Leafeon|Leafeon, L88, F|258/258\n|move|p1a: Iron Boulder|Mighty Cleave|p2a: Leafeon\n|-damage|p2a: Leafeon|164/258\n|-damage|p1a: Iron Boulder|91/100|[from] item: Life Orb\n|\n|upkeep\n|turn|9\n|inactive|Time left: 300 sec this turn | 300 sec total\n|\n|t:|1783557701\n|-terastallize|p1a: Iron Boulder|Fighting\n|move|p1a: Iron Boulder|Swords Dance|p1a: Iron Boulder\n|-boost|p1a: Iron Boulder|atk|2\n|move|p2a: Leafeon|Leaf Blade|p1a: Iron Boulder\n|-crit|p1a: Iron Boulder\n|-damage|p1a: Iron Boulder|0 fnt\n|faint|p1a: Iron Boulder\n|-end|p1a: Iron Boulder|Quark Drive|[silent]\n|-damage|p2a: Leafeon|139/258|[from] item: Life Orb\n|\n|upkeep\n|\n|t:|1783557702\n|switch|p1a: Ho-Oh|Ho-Oh, L71|100/100\n|turn|10\n|inactive|Time left: 300 sec this turn | 300 sec total\n|\n|t:|1783557703\n|move|p2a: Leafeon|Double-Edge|p1a: Ho-Oh\n|-damage|p1a: Ho-Oh|47/100\n|-damage|p2a: Leafeon|91/258|[from] Recoil\n|-damage|p2a: Leafeon|66/258|[from] item: Life Orb\n|move|p1a: Ho-Oh|Sacred Fire|p2a: Leafeon\n|-supereffective|p2a: Leafeon\n|-damage|p2a: Leafeon|0 fnt\n|faint|p2a: Leafeon\n|\n|upkeep\n|inactive|Time left: 300 sec this turn | 300 sec total | 5 sec grace\n|\n|t:|1783557704\n|switch|p2a: Braviary|Braviary-Hisui, L85, M|326/326\n|turn|11\n|inactive|Time left: 300 sec this turn | 300 sec total\n|\n|t:|1783557705\n|move|p1a: Ho-Oh|Recover|p1a: Ho-Oh\n|-heal|p1a: Ho-Oh|97/100\n|move|p2a: Braviary|Psychic|p1a: Ho-Oh\n|-damage|p1a: Ho-Oh|40/100\n|\n|upkeep\n|turn|12\n|inactive|Time left: 300 sec this turn | 300 sec total\n|\n|t:|1783557706\n|move|p1a: Ho-Oh|Recover|p1a: Ho-Oh\n|-heal|p1a: Ho-Oh|90/100\n|move|p2a: Braviary|Agility|p2a: Braviary\n|-boost|p2a: Braviary|spe|2\n|\n|upkeep\n|turn|13\n|inactive|Time left: 300 sec this turn | 300 sec total\n|\n|t:|1783557707\n|move|p2a: Braviary|Hurricane|p1a: Ho-Oh\n|-damage|p1a: Ho-Oh|23/100\n|move|p1a: Ho-Oh|Sacred Fire|p2a: Braviary\n|-damage|p2a: Braviary|214/326\n|\n|upkeep\n|turn|14\n|inactive|Time left: 300 sec this turn | 300 sec total\n|\n|t:|1783557708\n|switch|p1a: Hatterene|Hatterene, L85, F|78/100\n|move|p2a: Braviary|Psychic|p1a: Hatterene\n|-resisted|p1a: Hatterene\n|-damage|p1a: Hatterene|45/100\n|\n|-heal|p1a: Hatterene|50/100|[from] item: Leftovers\n|upkeep\n|turn|15\n|inactive|Time left: 300 sec this turn | 300 sec total\n|\n|t:|1783557709\n|move|p2a: Braviary|Hurricane|p1a: Hatterene\n|-damage|p1a: Hatterene|0 fnt\n|faint|p1a: Hatterene\n|\n|upkeep\n|\n|t:|1783557710\n|switch|p1a: Ho-Oh|Ho-Oh, L71|56/100\n|turn|16\n|inactive|Time left: 300 sec this turn | 300 sec total\n|\n|t:|1783557711\n|switch|p1a: Milotic|Milotic, L83, M|49/100\n|move|p2a: Braviary|Psychic|p1a: Milotic\n|-damage|p1a: Milotic|2/100\n|\n|-heal|p1a: Milotic|8/100|[from] item: Leftovers\n|upkeep\n|turn|17\n|inactive|Time left: 300 sec this turn | 300 sec total\n|\n|t:|1783557711\n|move|p2a: Braviary|Psychic|p1a: Milotic\n|-crit|p1a: Milotic\n|-damage|p1a: Milotic|0 fnt\n|faint|p1a: Milotic\n|\n|upkeep\n|\n|t:|1783557712\n|switch|p1a: Ho-Oh|Ho-Oh, L71|90/100\n|turn|18\n|inactive|Time left: 300 sec this turn | 300 sec total\n|\n|t:|1783557713\n|-terastallize|p2a: Braviary|Psychic\n|move|p2a: Braviary|Psychic|p1a: Ho-Oh\n|-damage|p1a: Ho-Oh|25/100\n|move|p1a: Ho-Oh|Sacred Fire|p2a: Braviary\n|-damage|p2a: Braviary|111/326\n|\n|upkeep\n|turn|19\n|inactive|Time left: 300 sec this turn | 300 sec total\n|\n|t:|1783557713\n|move|p2a: Braviary|Psychic|p1a: Ho-Oh\n|-damage|p1a: Ho-Oh|0 fnt\n|faint|p1a: Ho-Oh\n|\n|upkeep\n|\n|t:|1783557714\n|switch|p1a: Terrakion|Terrakion, L79|100/100\n|turn|20\n|inactive|Time left: 300 sec this turn | 300 sec total\n|\n|t:|1783557714\n|move|p2a: Braviary|Psychic|p1a: Terrakion\n|-supereffective|p1a: Terrakion\n|-damage|p1a: Terrakion|0 fnt\n|faint|p1a: Terrakion\n|\n|win|p0y1520737e", "uploadtime": 1783557714, "views": 0, "rating": 0, "private": 0, "password": null, "_winner": "p0y1520737e", "_our_name": "p0y1520737e"}