{"id": "battle-gen9randombattle-1091", "formatid": "gen9randombattle", "format": "[Gen 9] Random Battle", "players": ["p0x1091723b", "p0y1091dc64"], "log": "|init|battle\n|title|p0x1091723b vs. p0y1091dc64\n|j|\u2606p0x1091723b\n|j|\u2606p0y1091dc64\n|t:|1783552572\n|gametype|singles\n|player|p1|p0x1091723b|101|\n|player|p2|p0y1091dc64|266|\n|gen|9\n|tier|[Gen 9] Random Battle\n|rule|Species Clause: Limit one of each Pok\u00e9mon\n|rule|HP Percentage Mod: HP is shown in percentages\n|rule|Sleep Clause Mod: Limit one foe put to sleep\n|rule|Illusion Level Mod: Illusion disguises the Pok\u00e9mon's true level\n|\n|t:|1783552572\n|teamsize|p1|6\n|teamsize|p2|6\n|start\n|switch|p1a: Hatterene|Hatterene, L85, F|100/100\n|switch|p2a: Empoleon|Empoleon, L84, M|278/278\n|turn|1\n|inactive|Battle timer is ON: inactive players will automatically lose when time's up. (requested by p0y1091dc64)\n|inactive|p0x1091723b also wants the timer to be on.\n|\n|t:|1783552574\n|move|p2a: Empoleon|Surf|p1a: Hatterene\n|-damage|p1a: Hatterene|73/100\n|move|p1a: Hatterene|Nuzzle|p2a: Empoleon\n|-supereffective|p2a: Empoleon\n|-crit|p2a: Empoleon\n|-damage|p2a: Empoleon|234/278\n|-status|p2a: Empoleon|par\n|\n|-heal|p2a: Empoleon|251/278 par|[from] item: Leftovers\n|upkeep\n|turn|2\n|inactive|Time left: 300 sec this turn | 300 sec total\n|\n|t:|1783552575\n|move|p1a: Hatterene|Psychic|p2a: Empoleon\n|-resisted|p2a: Empoleon\n|-damage|p2a: Empoleon|197/278 par\n|-unboost|p2a: Empoleon|spd|1\n|-ability|p2a: Empoleon|Competitive|boost\n|-boost|p2a: Empoleon|spa|2\n|move|p2a: Empoleon|Knock Off|p1a: Hatterene\n|-damage|p1a: Hatterene|46/100\n|-enditem|p1a: Hatterene|Assault Vest|[from] move: Knock Off|[of] p2a: Empoleon\n|\n|-heal|p2a: Empoleon|214/278 par|[from] item: Leftovers\n|upkeep\n|turn|3\n|inactive|Time left: 300 sec this turn | 300 sec total\n|\n|t:|1783552577\n|move|p1a: Hatterene|Draining Kiss|p2a: Empoleon\n|-resisted|p2a: Empoleon\n|-damage|p2a: Empoleon|163/278 par\n|-heal|p1a: Hatterene|62/100|[from] drain|[of] p2a: Empoleon\n|cant|p2a: Empoleon|par\n|\n|-heal|p2a: Empoleon|180/278 par|[from] item: Leftovers\n|upkeep\n|turn|4\n|inactive|Time left: 300 sec this turn | 300 sec total\n|\n|t:|1783552578\n|move|p1a: Hatterene|Draining Kiss|p2a: Empoleon\n|-resisted|p2a: Empoleon\n|-damage|p2a: Empoleon|130/278 par\n|-heal|p1a: Hatterene|78/100|[from] drain|[of] p2a: Empoleon\n|move|p2a: Empoleon|Surf|p1a: Hatterene\n|-damage|p1a: Hatterene|0 fnt\n|faint|p1a: Hatterene\n|\n|-heal|p2a: Empoleon|147/278 par|[from] item: Leftovers\n|upkeep\n|\n|t:|1783552579\n|switch|p1a: Falinks|Falinks, L84|100/100\n|turn|5\n|inactive|Time left: 300 sec this turn | 300 sec total\n|\n|t:|1783552580\n|move|p1a: Falinks|No Retreat|p1a: Falinks\n|-boost|p1a: Falinks|atk|1\n|-boost|p1a: Falinks|def|1\n|-boost|p1a: Falinks|spa|1\n|-boost|p1a: Falinks|spd|1\n|-boost|p1a: Falinks|spe|1\n|-start|p1a: Falinks|move: No Retreat\n|cant|p2a: Empoleon|par\n|\n|-heal|p2a: Empoleon|164/278 par|[from] item: Leftovers\n|upkeep\n|turn|6\n|inactive|Time left: 300 sec this turn | 300 sec total\n|\n|t:|1783552581\n|-terastallize|p1a: Falinks|Dark\n|move|p1a: Falinks|Knock Off|p2a: Empoleon\n|-damage|p2a: Empoleon|0 fnt\n|-enditem|p2a: Empoleon|Leftovers|[from] move: Knock Off|[of] p1a: Falinks\n|faint|p2a: Empoleon\n|-damage|p1a: Falinks|91/100|[from] item: Life Orb\n|\n|upkeep\n|inactive|Time left: 300 sec this turn | 300 sec total | 5 sec grace\n|\n|t:|1783552582\n|switch|p2a: Clawitzer|Clawitzer, L87, F|265/265\n|turn|7\n|inactive|Time left: 300 sec this turn | 300 sec total\n|\n|t:|1783552583\n|move|p1a: Falinks|Knock Off|p2a: Clawitzer\n|-damage|p2a: Clawitzer|77/265\n|-enditem|p2a: Clawitzer|Assault Vest|[from] move: Knock Off|[of] p1a: Falinks\n|-damage|p1a: Falinks|81/100|[from] item: Life Orb\n|move|p2a: Clawitzer|Aura Sphere|p1a: Falinks\n|-supereffective|p1a: Falinks\n|-damage|p1a: Falinks|9/100\n|\n|upkeep\n|turn|8\n|inactive|Time left: 300 sec this turn | 300 sec total\n|\n|t:|1783552585\n|move|p1a: Falinks|Close Combat|p2a: Clawitzer\n|-damage|p2a: Clawitzer|0 fnt\n|-unboost|p1a: Falinks|def|1\n|-unboost|p1a: Falinks|spd|1\n|faint|p2a: Clawitzer\n|-damage|p1a: Falinks|0 fnt|[from] item: Life Orb\n|faint|p1a: Falinks\n|\n|upkeep\n|inactive|Time left: 300 sec this turn | 300 sec total | 5 sec grace\n|\n|t:|1783552586\n|switch|p1a: Chien-Pao|Chien-Pao, L72|100/100\n|switch|p2a: Mesprit|Mesprit, L85|275/275\n|-ability|p1a: Chien-Pao|Sword of Ruin\n|turn|9\n|inactive|Time left: 300 sec this turn | 300 sec total\n|\n|t:|1783552587\n|move|p1a: Chien-Pao|Throat Chop|p2a: Mesprit\n|-supereffective|p2a: Mesprit\n|-damage|p2a: Mesprit|11/275\n|-start|p2a: Mesprit|Throat Chop|[silent]\n|move|p2a: Mesprit|U-turn|p1a: Chien-Pao\n|-supereffective|p1a: Chien-Pao\n|-damage|p1a: Chien-Pao|42/100\n|inactive|Time left: 300 sec this turn | 300 sec total | 5 sec grace\n|\n|t:|1783552588\n|switch|p2a: Umbreon|Umbreon, L84, F|297/297|[from] U-turn\n|\n|upkeep\n|turn|10\n|inactive|Time left: 300 sec this turn | 300 sec total\n|\n|t:|1783552589\n|switch|p1a: Diancie|Diancie, L82|100/100\n|move|p2a: Umbreon|Toxic|p1a: Diancie\n|-status|p1a: Diancie|tox\n|\n|-damage|p1a: Diancie|94/100 tox|[from] psn\n|upkeep\n|turn|11\n|inactive|Time left: 300 sec this turn | 300 sec total\n|\n|t:|1783552590\n|move|p2a: Umbreon|Foul Play|p1a: Diancie\n|-resisted|p1a: Diancie\n|-damage|p1a: Diancie|80/100 tox\n|move|p1a: Diancie|Calm Mind|p1a: Diancie\n|-boost|p1a: Diancie|spa|1\n|-boost|p1a: Diancie|spd|1\n|\n|-heal|p1a: Diancie|86/100 tox|[from] item: Leftovers\n|-damage|p1a: Diancie|74/100 tox|[from] psn\n|upkeep\n|turn|12\n|inactive|Time left: 300 sec this turn | 300 sec total\n|\n|t:|1783552591\n|move|p2a: Umbreon|Wish|p2a: Umbreon\n|move|p1a: Diancie|Draining Kiss|p2a: Umbreon\n|-supereffective|p2a: Umbreon\n|-damage|p2a: Umbreon|189/297\n|-heal|p1a: Diancie|100/100 tox|[from] drain|[of] p2a: Umbreon\n|\n|-heal|p2a: Umbreon|207/297|[from] item: Leftovers\n|-damage|p1a: Diancie|82/100 tox|[from] psn\n|upkeep\n|turn|13\n|inactive|Time left: 300 sec this turn | 300 sec total\n|\n|t:|1783552593\n|move|p2a: Umbreon|Foul Play|p1a: Diancie\n|-resisted|p1a: Diancie\n|-damage|p1a: Diancie|66/100 tox\n|move|p1a: Diancie|Draining Kiss|p2a: Umbreon\n|-supereffective|p2a: Umbreon\n|-damage|p2a: Umbreon|91/297\n|-heal|p1a: Diancie|100/100 tox|[from] drain|[of] p2a: Umbreon\n|\n|-heal|p2a: Umbreon|239/297|[from] move: Wish|[wisher] Umbreon\n|-heal|p2a: Umbreon|257/297|[from] item: Leftovers\n|-damage|p1a: Diancie|76/100 tox|[from] psn\n|upkeep\n|turn|14\n|inactive|Time left: 300 sec this turn | 300 sec total\n|\n|t:|1783552594\n|move|p2a: Umbreon|Foul Play|p1a: Diancie\n|-resisted|p1a: Diancie\n|-damage|p1a: Diancie|62/100 tox\n|move|p1a: Diancie|Draining Kiss|p2a: Umbreon\n|-supereffective|p2a: Umbreon\n|-damage|p2a: Umbreon|141/297\n|-heal|p1a: Diancie|100/100 tox|[from] drain|[of] p2a: Umbreon\n|\n|-heal|p2a: Umbreon|159/297|[from] item: Leftovers\n|-damage|p1a: Diancie|70/100 tox|[from] psn\n|upkeep\n|turn|15\n|inactive|Time left: 300 sec this turn | 300 sec total\n|\n|t:|1783552595\n|switch|p1a: Chien-Pao|Chien-Pao, L72|42/100\n|-ability|p1a: Chien-Pao|Sword of Ruin\n|move|p2a: Umbreon|Protect||[still]\n|-fail|p2a: Umbreon\n|\n|-heal|p2a: Umbreon|177/297|[from] item: Leftovers\n|upkeep\n|turn|16\n|inactive|Time left: 300 sec this turn | 300 sec total\n|\n|t:|1783552596\n|move|p1a: Chien-Pao|Icicle Crash|p2a: Umbreon\n|-damage|p2a: Umbreon|45/297\n|cant|p2a: Umbreon|flinch\n|\n|-heal|p2a: Umbreon|63/297|[from] item: Leftovers\n|upkeep\n|turn|17\n|inactive|Time left: 300 sec this turn | 300 sec total\n|\n|t:|1783552597\n|move|p2a: Umbreon|Protect|p2a: Umbreon\n|-singleturn|p2a: Umbreon|Protect\n|move|p1a: Chien-Pao|Icicle Crash|p2a: Umbreon\n|-activate|p2a: Umbreon|move: Protect\n|\n|-heal|p2a: Umbreon|81/297|[from] item: Leftovers\n|upkeep\n|turn|18\n|inactive|Time left: 300 sec this turn | 300 sec total\n|\n|t:|1783552598\n|switch|p2a: Regice|Regice, L88|284/284\n|move|p1a: Chien-Pao|Icicle Crash|p2a: Regice\n|-resisted|p2a: Regice\n|-damage|p2a: Regice|220/284\n|\n|upkeep\n|turn|19\n|inactive|Time left: 300 sec this turn | 300 sec total\n|\n|t:|1783552599\n|move|p1a: Chien-Pao|Icicle Crash|p2a: Regice\n|-resisted|p2a: Regice\n|-damage|p2a: Regice|157/284\n|move|p2a: Regice|Thunderbolt|p1a: Chien-Pao\n|-damage|p1a: Chien-Pao|1/100\n|\n|upkeep\n|turn|20\n|inactive|Time left: 300 sec this turn | 300 sec total\n|\n|t:|1783552601\n|move|p1a: Chien-Pao|Icicle Crash|p2a: Regice\n|-resisted|p2a: Regice\n|-damage|p2a: Regice|90/284\n|move|p2a: Regice|Ice Beam|p1a: Chien-Pao\n|-resisted|p1a: Chien-Pao\n|-damage|p1a: Chien-Pao|0 fnt\n|faint|p1a: Chien-Pao\n|\n|upkeep\n|\n|t:|1783552602\n|switch|p1a: Diancie|Diancie, L82|70/100 tox\n|turn|21\n|inactive|Time left: 300 sec this turn | 300 sec total\n|\n|t:|1783552603\n|move|p2a: Regice|Ice Beam|p1a: Diancie\n|-damage|p1a: Diancie|37/100 tox\n|move|p1a: Diancie|Diamond Storm|p2a: Regice\n|-supereffective|p2a: Regice\n|-damage|p2a: Regice|0 fnt\n|-boost|p1a: Diancie|def|2\n|faint|p2a: Regice\n|\n|-heal|p1a: Diancie|43/100 tox|[from] item: Leftovers\n|-damage|p1a: Diancie|37/100 tox|[from] psn\n|upkeep\n|inactive|Time left: 300 sec this turn | 300 sec total | 5 sec grace\n|\n|t:|1783552604\n|switch|p2a: Skeledirge|Skeledirge, L79, M|294/294\n|turn|22\n|inactive|Time left: 300 sec this turn | 300 sec total\n|\n|t:|1783552605\n|move|p2a: Skeledirge|Hex|p1a: Diancie\n|-damage|p1a: Diancie|0 fnt\n|faint|p1a: Diancie\n|\n|upkeep\n|\n|t:|1783552606\n|switch|p1a: Arcanine|Arcanine, L84, M|100/100\n|-ability|p1a: Arcanine|Intimidate|boost\n|-unboost|p2a: Skeledirge|atk|1\n|turn|23\n|inactive|Time left: 300 sec this turn | 300 sec total\n|\n|t:|1783552607\n|move|p1a: Arcanine|Flare Blitz|p2a: Skeledirge\n|-resisted|p2a: Skeledirge\n|-damage|p2a: Skeledirge|222/294\n|-damage|p1a: Arcanine|92/100|[from] Recoil\n|move|p2a: Skeledirge|Torch Song|p1a: Arcanine\n|-resisted|p1a: Arcanine\n|-damage|p1a: Arcanine|77/100\n|-boost|p2a: Skeledirge|spa|1\n|\n|upkeep\n|turn|24\n|inactive|Time left: 300 sec this turn | 300 sec total\n|\n|t:|1783552608\n|move|p1a: Arcanine|Flare Blitz|p2a: Skeledirge\n|-resisted|p2a: Skeledirge\n|-damage|p2a: Skeledirge|157/294\n|-damage|p1a: Arcanine|69/100|[from] Recoil\n|move|p2a: Skeledirge|Torch Song|p1a: Arcanine\n|-resisted|p1a: Arcanine\n|-damage|p1a: Arcanine|46/100\n|-boost|p2a: Skeledirge|spa|1\n|\n|upkeep\n|turn|25\n|inactive|Time left: 300 sec this turn | 300 sec total\n|\n|t:|1783552609\n|move|p1a: Arcanine|Morning Sun|p1a: Arcanine\n|-heal|p1a: Arcanine|96/100\n|move|p2a: Skeledirge|Slack Off|p2a: Skeledirge\n|-heal|p2a: Skeledirge|294/294\n|\n|upkeep\n|turn|26\n|inactive|Time left: 300 sec this turn | 300 sec total\n|\n|t:|1783552610\n|move|p1a: Arcanine|Flare Blitz|p2a: Skeledirge\n|-resisted|p2a: Skeledirge\n|-damage|p2a: Skeledirge|226/294\n|-damage|p1a: Arcanine|88/100|[from] Recoil\n|move|p2a: Skeledirge|Torch Song|p1a: Arcanine\n|-resisted|p1a: Arcanine\n|-damage|p1a: Arcanine|57/100\n|-boost|p2a: Skeledirge|spa|1\n|\n|upkeep\n|turn|27\n|inactive|Time left: 300 sec this turn | 300 sec total\n|\n|t:|1783552611\n|move|p1a: Arcanine|Morning Sun|p1a: Arcanine\n|-heal|p1a: Arcanine|100/100\n|move|p2a: Skeledirge|Hex|p1a: Arcanine\n|-damage|p1a: Arcanine|42/100\n|\n|upkeep\n|turn|28\n|inactive|Time left: 300 sec this turn | 300 sec total\n|\n|t:|1783552612\n|move|p1a: Arcanine|Morning Sun|p1a: Arcanine\n|-heal|p1a: Arcanine|92/100\n|move|p2a: Skeledirge|Hex|p1a: Arcanine\n|-damage|p1a: Arcanine|26/100\n|\n|upkeep\n|turn|29\n|inactive|Time left: 300 sec this turn | 300 sec total\n|\n|t:|1783552613\n|move|p1a: Arcanine|Morning Sun|p1a: Arcanine\n|-heal|p1a: Arcanine|76/100\n|move|p2a: Skeledirge|Torch Song|p1a: Arcanine\n|-resisted|p1a: Arcanine\n|-crit|p1a: Arcanine\n|-damage|p1a: Arcanine|21/100\n|-boost|p2a: Skeledirge|spa|1\n|\n|upkeep\n|turn|30\n|inactive|Time left: 300 sec this turn | 300 sec total\n|\n|t:|1783552614\n|move|p1a: Arcanine|Morning Sun|p1a: Arcanine\n|-heal|p1a: Arcanine|71/100\n|move|p2a: Skeledirge|Hex|p1a: Arcanine\n|-crit|p1a: Arcanine\n|-damage|p1a: Arcanine|0 fnt\n|faint|p1a: Arcanine\n|\n|upkeep\n|\n|t:|1783552615\n|switch|p1a: Annihilape|Annihilape, L76, M|100/100\n|turn|31\n|inactive|Time left: 300 sec this turn | 300 sec total\n|\n|t:|1783552616\n|-terastallize|p2a: Skeledirge|Water\n|move|p1a: Annihilape|Bulk Up|p1a: Annihilape\n|-boost|p1a: Annihilape|atk|1\n|-boost|p1a: Annihilape|def|1\n|move|p2a: Skeledirge|Hex|p1a: Annihilape\n|-supereffective|p1a: Annihilape\n|-damage|p1a: Annihilape|0 fnt\n|faint|p1a: Annihilape\n|\n|win|p0y1091dc64", "uploadtime": 1783552616, "views": 0, "rating": 0, "private": 0, "password": null, "_winner": "p0y1091dc64", "_our_name": "p0y1091dc64"}