{"id": "battle-gen9randombattle-1027", "formatid": "gen9randombattle", "format": "[Gen 9] Random Battle", "players": ["p0x1027176c", "p0y102738a0"], "log": "|init|battle\n|title|p0x1027176c vs. p0y102738a0\n|j|\u2606p0x1027176c\n|j|\u2606p0y102738a0\n|t:|1783551098\n|gametype|singles\n|player|p1|p0x1027176c|2|\n|player|p2|p0y102738a0|265|\n|gen|9\n|tier|[Gen 9] Random Battle\n|rule|Species Clause: Limit one of each Pok\u00e9mon\n|rule|HP Percentage Mod: HP is shown in percentages\n|rule|Sleep Clause Mod: Limit one foe put to sleep\n|rule|Illusion Level Mod: Illusion disguises the Pok\u00e9mon's true level\n|\n|t:|1783551098\n|teamsize|p1|6\n|teamsize|p2|6\n|start\n|switch|p1a: Grimmsnarl|Grimmsnarl, L83, M|100/100\n|switch|p2a: Persian|Persian-Alola, L86, M|252/252\n|turn|1\n|inactive|Battle timer is ON: inactive players will automatically lose when time's up. (requested by p0x1027176c)\n|inactive|Time left: 300 sec this turn | 300 sec total | 60 sec grace\n|inactive|p0y102738a0 also wants the timer to be on.\n|\n|t:|1783551100\n|move|p2a: Persian|Nasty Plot|p2a: Persian\n|-boost|p2a: Persian|spa|2\n|move|p1a: Grimmsnarl|Spirit Break|p2a: Persian\n|-supereffective|p2a: Persian\n|-damage|p2a: Persian|142/252\n|-unboost|p2a: Persian|spa|1\n|\n|upkeep\n|turn|2\n|inactive|Time left: 300 sec this turn | 300 sec total\n|\n|t:|1783551101\n|move|p2a: Persian|Nasty Plot|p2a: Persian\n|-boost|p2a: Persian|spa|2\n|move|p1a: Grimmsnarl|Spirit Break|p2a: Persian\n|-supereffective|p2a: Persian\n|-damage|p2a: Persian|14/252\n|-unboost|p2a: Persian|spa|1\n|\n|upkeep\n|turn|3\n|inactive|Time left: 300 sec this turn | 300 sec total\n|\n|t:|1783551102\n|switch|p2a: Blaziken|Blaziken, L76, F|247/247\n|move|p1a: Grimmsnarl|Light Screen|p1a: Grimmsnarl\n|-sidestart|p1: p0x1027176c|move: Light Screen\n|\n|upkeep\n|turn|4\n|inactive|Time left: 300 sec this turn | 300 sec total\n|\n|t:|1783551103\n|move|p2a: Blaziken|Swords Dance|p2a: Blaziken\n|-boost|p2a: Blaziken|atk|2\n|move|p1a: Grimmsnarl|Spirit Break|p2a: Blaziken\n|-damage|p2a: Blaziken|117/247\n|-unboost|p2a: Blaziken|spa|1\n|\n|-ability|p2a: Blaziken|Speed Boost|boost\n|-boost|p2a: Blaziken|spe|1\n|upkeep\n|turn|5\n|inactive|Time left: 300 sec this turn | 300 sec total\n|\n|t:|1783551104\n|move|p1a: Grimmsnarl|Reflect|p1a: Grimmsnarl\n|-sidestart|p1: p0x1027176c|Reflect\n|move|p2a: Blaziken|Close Combat|p1a: Grimmsnarl\n|-damage|p1a: Grimmsnarl|30/100\n|-unboost|p2a: Blaziken|def|1\n|-unboost|p2a: Blaziken|spd|1\n|-damage|p2a: Blaziken|93/247|[from] item: Life Orb\n|\n|-ability|p2a: Blaziken|Speed Boost|boost\n|-boost|p2a: Blaziken|spe|1\n|upkeep\n|turn|6\n|inactive|Time left: 300 sec this turn | 300 sec total\n|\n|t:|1783551105\n|switch|p1a: Dragalge|Dragalge, L88, F|100/100\n|move|p2a: Blaziken|Close Combat|p1a: Dragalge\n|-resisted|p1a: Dragalge\n|-damage|p1a: Dragalge|72/100\n|-unboost|p2a: Blaziken|def|1\n|-unboost|p2a: Blaziken|spd|1\n|-damage|p2a: Blaziken|69/247|[from] item: Life Orb\n|\n|-heal|p1a: Dragalge|78/100|[from] item: Leftovers\n|-ability|p2a: Blaziken|Speed Boost|boost\n|-boost|p2a: Blaziken|spe|1\n|upkeep\n|turn|7\n|inactive|Time left: 300 sec this turn | 300 sec total\n|\n|t:|1783551106\n|move|p2a: Blaziken|Knock Off|p1a: Dragalge\n|-damage|p1a: Dragalge|48/100\n|-enditem|p1a: Dragalge|Leftovers|[from] move: Knock Off|[of] p2a: Blaziken\n|-damage|p2a: Blaziken|45/247|[from] item: Life Orb\n|move|p1a: Dragalge|Sludge Wave|p2a: Blaziken\n|-damage|p2a: Blaziken|0 fnt\n|faint|p2a: Blaziken\n|\n|upkeep\n|inactive|Time left: 300 sec this turn | 300 sec total | 5 sec grace\n|\n|t:|1783551107\n|switch|p2a: Golem|Golem, L87, F|281/281\n|turn|8\n|inactive|Time left: 300 sec this turn | 300 sec total\n|\n|t:|1783551108\n|move|p2a: Golem|Earthquake|p1a: Dragalge\n|-supereffective|p1a: Dragalge\n|-damage|p1a: Dragalge|1/100\n|move|p1a: Dragalge|Sludge Wave|p2a: Golem\n|-resisted|p2a: Golem\n|-crit|p2a: Golem\n|-damage|p2a: Golem|217/281\n|\n|upkeep\n|turn|9\n|inactive|Time left: 300 sec this turn | 300 sec total\n|\n|t:|1783551109\n|move|p1a: Dragalge|Draco Meteor|p2a: Golem\n|-damage|p2a: Golem|0 fnt\n|-unboost|p1a: Dragalge|spa|2\n|faint|p2a: Golem\n|\n|upkeep\n|inactive|Time left: 300 sec this turn | 300 sec total | 5 sec grace\n|\n|t:|1783551110\n|switch|p2a: Arceus|Arceus, L68|276/276\n|turn|10\n|inactive|Time left: 300 sec this turn | 300 sec total\n|\n|t:|1783551111\n|switch|p1a: Masquerain|Masquerain, L87, M|100/100\n|-ability|p1a: Masquerain|Intimidate|boost\n|-unboost|p2a: Arceus|atk|1\n|move|p2a: Arceus|Swords Dance|p2a: Arceus\n|-boost|p2a: Arceus|atk|2\n|\n|-sideend|p1: p0x1027176c|move: Light Screen\n|upkeep\n|turn|11\n|inactive|Time left: 300 sec this turn | 300 sec total\n|\n|t:|1783551112\n|move|p2a: Arceus|Swords Dance|p2a: Arceus\n|-boost|p2a: Arceus|atk|2\n|move|p1a: Masquerain|Quiver Dance|p1a: Masquerain\n|-boost|p1a: Masquerain|spa|1\n|-boost|p1a: Masquerain|spd|1\n|-boost|p1a: Masquerain|spe|1\n|\n|upkeep\n|turn|12\n|inactive|Time left: 300 sec this turn | 300 sec total\n|\n|t:|1783551113\n|move|p2a: Arceus|Extreme Speed|p1a: Masquerain\n|-damage|p1a: Masquerain|60/100\n|move|p1a: Masquerain|Hurricane|p2a: Arceus|[miss]\n|-miss|p1a: Masquerain|p2a: Arceus\n|\n|-sideend|p1: p0x1027176c|Reflect\n|upkeep\n|turn|13\n|inactive|Time left: 300 sec this turn | 300 sec total\n|\n|t:|1783551114\n|switch|p1a: Dragalge|Dragalge, L88, F|1/100\n|move|p2a: Arceus|Extreme Speed|p1a: Dragalge\n|-damage|p1a: Dragalge|0 fnt\n|faint|p1a: Dragalge\n|\n|upkeep\n|\n|t:|1783551116\n|switch|p1a: Magmortar|Magmortar, L88, M|100/100\n|turn|14\n|inactive|Time left: 300 sec this turn | 300 sec total\n|\n|t:|1783551117\n|move|p2a: Arceus|Extreme Speed|p1a: Magmortar\n|-damage|p1a: Magmortar|26/100\n|move|p1a: Magmortar|Fire Blast|p2a: Arceus\n|-damage|p2a: Arceus|125/276\n|\n|-heal|p2a: Arceus|142/276|[from] item: Leftovers\n|upkeep\n|turn|15\n|inactive|Time left: 300 sec this turn | 300 sec total\n|\n|t:|1783551118\n|move|p2a: Arceus|Extreme Speed|p1a: Magmortar\n|-damage|p1a: Magmortar|0 fnt\n|faint|p1a: Magmortar\n|\n|-heal|p2a: Arceus|159/276|[from] item: Leftovers\n|upkeep\n|\n|t:|1783551119\n|switch|p1a: Tentacruel|Tentacruel, L84, M|100/100\n|turn|16\n|inactive|Time left: 300 sec this turn | 300 sec total\n|\n|t:|1783551119\n|move|p2a: Arceus|Extreme Speed|p1a: Tentacruel\n|-damage|p1a: Tentacruel|22/100\n|move|p1a: Tentacruel|Toxic|p2a: Arceus\n|-status|p2a: Arceus|tox\n|\n|-heal|p1a: Tentacruel|28/100|[from] item: Leftovers\n|-heal|p2a: Arceus|176/276 tox|[from] item: Leftovers\n|-damage|p2a: Arceus|159/276 tox|[from] psn\n|upkeep\n|turn|17\n|inactive|Time left: 300 sec this turn | 300 sec total\n|\n|t:|1783551120\n|move|p2a: Arceus|Extreme Speed|p1a: Tentacruel\n|-damage|p1a: Tentacruel|0 fnt\n|faint|p1a: Tentacruel\n|\n|-heal|p2a: Arceus|176/276 tox|[from] item: Leftovers\n|-damage|p2a: Arceus|142/276 tox|[from] psn\n|upkeep\n|\n|t:|1783551121\n|switch|p1a: Grimmsnarl|Grimmsnarl, L83, M|30/100\n|turn|18\n|inactive|Time left: 300 sec this turn | 300 sec total\n|\n|t:|1783551122\n|move|p2a: Arceus|Extreme Speed|p1a: Grimmsnarl\n|-damage|p1a: Grimmsnarl|0 fnt\n|faint|p1a: Grimmsnarl\n|\n|-heal|p2a: Arceus|159/276 tox|[from] item: Leftovers\n|-damage|p2a: Arceus|108/276 tox|[from] psn\n|upkeep\n|\n|t:|1783551123\n|switch|p1a: Cryogonal|Cryogonal, L89|100/100\n|turn|19\n|inactive|Time left: 300 sec this turn | 300 sec total\n|\n|t:|1783551124\n|move|p2a: Arceus|Extreme Speed|p1a: Cryogonal\n|-damage|p1a: Cryogonal|22/100\n|move|p1a: Cryogonal|Freeze-Dry|p2a: Arceus\n|-damage|p2a: Arceus|24/276 tox\n|\n|-heal|p2a: Arceus|41/276 tox|[from] item: Leftovers\n|-damage|p2a: Arceus|0 fnt|[from] psn\n|faint|p2a: Arceus\n|upkeep\n|inactive|Time left: 300 sec this turn | 300 sec total | 5 sec grace\n|\n|t:|1783551125\n|switch|p2a: Talonflame|Talonflame, L83, F|265/265\n|turn|20\n|inactive|Time left: 300 sec this turn | 300 sec total\n|\n|t:|1783551127\n|move|p2a: Talonflame|Brave Bird|p1a: Cryogonal\n|-damage|p1a: Cryogonal|0 fnt\n|faint|p1a: Cryogonal\n|-damage|p2a: Talonflame|245/265|[from] Recoil\n|\n|upkeep\n|\n|t:|1783551127\n|switch|p1a: Masquerain|Masquerain, L87, M|60/100\n|-ability|p1a: Masquerain|Intimidate|boost\n|-unboost|p2a: Talonflame|atk|1\n|turn|21\n|inactive|Time left: 300 sec this turn | 300 sec total\n|\n|t:|1783551128\n|-terastallize|p1a: Masquerain|Water\n|move|p2a: Talonflame|Brave Bird|p1a: Masquerain\n|-damage|p1a: Masquerain|28/100\n|-damage|p2a: Talonflame|217/265|[from] Recoil\n|move|p1a: Masquerain|Quiver Dance|p1a: Masquerain\n|-boost|p1a: Masquerain|spa|1\n|-boost|p1a: Masquerain|spd|1\n|-boost|p1a: Masquerain|spe|1\n|\n|upkeep\n|turn|22\n|inactive|Time left: 300 sec this turn | 300 sec total\n|\n|t:|1783551130\n|move|p1a: Masquerain|Hydro Pump|p2a: Talonflame|[miss]\n|-miss|p1a: Masquerain|p2a: Talonflame\n|move|p2a: Talonflame|Brave Bird|p1a: Masquerain\n|-crit|p1a: Masquerain\n|-damage|p1a: Masquerain|0 fnt\n|faint|p1a: Masquerain\n|-damage|p2a: Talonflame|193/265|[from] Recoil\n|\n|win|p0y102738a0", "uploadtime": 1783551130, "views": 0, "rating": 0, "private": 0, "password": null, "_winner": "p0y102738a0", "_our_name": "p0y102738a0"}