{"id": "battle-gen9randombattle-2337", "formatid": "gen9randombattle", "format": "[Gen 9] Random Battle", "players": ["p0x233748fe", "p0y23373d96"], "log": "|init|battle\n|title|p0x233748fe vs. p0y23373d96\n|j|\u2606p0x233748fe\n|j|\u2606p0y23373d96\n|t:|1783566129\n|gametype|singles\n|player|p1|p0x233748fe|169|\n|player|p2|p0y23373d96|1|\n|gen|9\n|tier|[Gen 9] Random Battle\n|rule|Species Clause: Limit one of each Pok\u00e9mon\n|rule|HP Percentage Mod: HP is shown in percentages\n|rule|Sleep Clause Mod: Limit one foe put to sleep\n|rule|Illusion Level Mod: Illusion disguises the Pok\u00e9mon's true level\n|\n|t:|1783566129\n|teamsize|p1|6\n|teamsize|p2|6\n|start\n|switch|p1a: Luxray|Luxray, L88, M|100/100\n|switch|p2a: Feraligatr|Feraligatr, L79, F|264/264\n|turn|1\n|inactive|Battle timer is ON: inactive players will automatically lose when time's up. (requested by p0y23373d96)\n|\n|t:|1783566131\n|switch|p2a: Ursaluna|Ursaluna, L79, M|335/335\n|move|p1a: Luxray|Supercell Slam|p2a: Ursaluna\n|-immune|p2a: Ursaluna\n|-damage|p1a: Luxray|51/100|[from] supercellslam\n|\n|-status|p1a: Luxray|brn|[from] item: Flame Orb\n|-status|p2a: Ursaluna|brn|[from] item: Flame Orb\n|upkeep\n|turn|2\n|inactive|Time left: 300 sec this turn | 300 sec total\n|inactive|p0x233748fe also wants the timer to be on.\n|\n|t:|1783566132\n|move|p1a: Luxray|Facade|p2a: Ursaluna\n|-damage|p2a: Ursaluna|144/335 brn\n|move|p2a: Ursaluna|Facade|p1a: Luxray\n|-damage|p1a: Luxray|0 fnt\n|faint|p1a: Luxray\n|\n|-damage|p2a: Ursaluna|124/335 brn|[from] brn\n|upkeep\n|\n|t:|1783566133\n|switch|p1a: Gumshoos|Gumshoos, L95, F|100/100\n|turn|3\n|inactive|Time left: 300 sec this turn | 300 sec total\n|\n|t:|1783566134\n|switch|p2a: Chesnaught|Chesnaught, L84, F|285/285\n|move|p1a: Gumshoos|Earthquake|p2a: Chesnaught\n|-resisted|p2a: Chesnaught\n|-damage|p2a: Chesnaught|165/285\n|\n|-heal|p2a: Chesnaught|182/285|[from] item: Leftovers\n|upkeep\n|turn|4\n|inactive|Time left: 300 sec this turn | 300 sec total\n|\n|t:|1783566135\n|move|p2a: Chesnaught|Body Press|p1a: Gumshoos\n|-supereffective|p1a: Gumshoos\n|-damage|p1a: Gumshoos|29/100\n|move|p1a: Gumshoos|Earthquake|p2a: Chesnaught\n|-resisted|p2a: Chesnaught\n|-damage|p2a: Chesnaught|121/285\n|\n|-heal|p2a: Chesnaught|138/285|[from] item: Leftovers\n|upkeep\n|turn|5\n|inactive|Time left: 300 sec this turn | 300 sec total\n|\n|t:|1783566136\n|switch|p1a: Hydrapple|Hydrapple, L83, M|100/100\n|move|p2a: Chesnaught|Body Press|p1a: Hydrapple\n|-damage|p1a: Hydrapple|71/100\n|\n|-heal|p2a: Chesnaught|155/285|[from] item: Leftovers\n|-heal|p1a: Hydrapple|77/100|[from] item: Leftovers\n|upkeep\n|turn|6\n|inactive|Time left: 300 sec this turn | 300 sec total\n|\n|t:|1783566137\n|move|p2a: Chesnaught|Spikes|p1a: Hydrapple\n|-sidestart|p1: p0x233748fe|Spikes\n|move|p1a: Hydrapple|Nasty Plot|p1a: Hydrapple\n|-boost|p1a: Hydrapple|spa|2\n|\n|-heal|p2a: Chesnaught|172/285|[from] item: Leftovers\n|-heal|p1a: Hydrapple|84/100|[from] item: Leftovers\n|upkeep\n|turn|7\n|inactive|Time left: 300 sec this turn | 300 sec total\n|\n|t:|1783566138\n|switch|p2a: Charizard|Charizard, L85, F|271/271\n|move|p1a: Hydrapple|Fickle Beam|p2a: Charizard\n|-damage|p2a: Charizard|57/271\n|\n|-heal|p1a: Hydrapple|90/100|[from] item: Leftovers\n|upkeep\n|turn|8\n|inactive|Time left: 300 sec this turn | 300 sec total\n|\n|t:|1783566139\n|move|p2a: Charizard|Hurricane|p1a: Hydrapple\n|-supereffective|p1a: Hydrapple\n|-damage|p1a: Hydrapple|0 fnt\n|faint|p1a: Hydrapple\n|\n|upkeep\n|\n|t:|1783566140\n|switch|p1a: Magnezone|Magnezone, L85|100/100\n|-damage|p1a: Magnezone|88/100|[from] Spikes\n|turn|9\n|inactive|Time left: 300 sec this turn | 300 sec total\n|\n|t:|1783566141\n|move|p1a: Magnezone|Thunderbolt|p2a: Charizard\n|-supereffective|p2a: Charizard\n|-damage|p2a: Charizard|0 fnt\n|faint|p2a: Charizard\n|\n|upkeep\n|inactive|Time left: 300 sec this turn | 300 sec total | 5 sec grace\n|\n|t:|1783566142\n|switch|p2a: Meganium|Meganium, L90, M|290/290\n|turn|10\n|inactive|Time left: 300 sec this turn | 300 sec total\n|\n|t:|1783566142\n|move|p1a: Magnezone|Thunderbolt|p2a: Meganium\n|-resisted|p2a: Meganium\n|-damage|p2a: Meganium|236/290\n|move|p2a: Meganium|Swords Dance|p2a: Meganium\n|-boost|p2a: Meganium|atk|2\n|\n|-heal|p2a: Meganium|254/290|[from] item: Leftovers\n|upkeep\n|turn|11\n|inactive|Time left: 300 sec this turn | 300 sec total\n|\n|t:|1783566144\n|-terastallize|p1a: Magnezone|Flying\n|move|p1a: Magnezone|Thunderbolt|p2a: Meganium\n|-resisted|p2a: Meganium\n|-damage|p2a: Meganium|206/290\n|move|p2a: Meganium|Knock Off|p1a: Magnezone\n|-damage|p1a: Magnezone|41/100\n|-enditem|p1a: Magnezone|Choice Scarf|[from] move: Knock Off|[of] p2a: Meganium\n|\n|-heal|p2a: Meganium|224/290|[from] item: Leftovers\n|upkeep\n|turn|12\n|inactive|Time left: 300 sec this turn | 300 sec total\n|\n|t:|1783566145\n|move|p2a: Meganium|Swords Dance|p2a: Meganium\n|-boost|p2a: Meganium|atk|2\n|move|p1a: Magnezone|Flash Cannon|p2a: Meganium\n|-damage|p2a: Meganium|97/290\n|\n|-heal|p2a: Meganium|115/290|[from] item: Leftovers\n|upkeep\n|turn|13\n|inactive|Time left: 300 sec this turn | 300 sec total\n|\n|t:|1783566146\n|move|p2a: Meganium|Petal Blizzard|p1a: Magnezone\n|-resisted|p1a: Magnezone\n|-damage|p1a: Magnezone|0 fnt\n|faint|p1a: Magnezone\n|\n|-heal|p2a: Meganium|133/290|[from] item: Leftovers\n|upkeep\n|\n|t:|1783566147\n|switch|p1a: Latios|Latios, L78, M|100/100\n|turn|14\n|inactive|Time left: 300 sec this turn | 300 sec total\n|\n|t:|1783566147\n|-terastallize|p2a: Meganium|Steel\n|move|p1a: Latios|Draco Meteor|p2a: Meganium|[miss]\n|-miss|p1a: Latios|p2a: Meganium\n|move|p2a: Meganium|Knock Off|p1a: Latios\n|-supereffective|p1a: Latios\n|-damage|p1a: Latios|0 fnt\n|-enditem|p1a: Latios|Soul Dew|[from] move: Knock Off|[of] p2a: Meganium\n|faint|p1a: Latios\n|\n|-heal|p2a: Meganium|151/290|[from] item: Leftovers\n|upkeep\n|\n|t:|1783566148\n|switch|p1a: Gumshoos|Gumshoos, L95, F|29/100\n|-damage|p1a: Gumshoos|17/100|[from] Spikes\n|turn|15\n|inactive|Time left: 300 sec this turn | 300 sec total\n|\n|t:|1783566149\n|move|p2a: Meganium|Earthquake|p1a: Gumshoos\n|-damage|p1a: Gumshoos|0 fnt\n|faint|p1a: Gumshoos\n|\n|-heal|p2a: Meganium|169/290|[from] item: Leftovers\n|upkeep\n|\n|t:|1783566150\n|switch|p1a: Wyrdeer|Wyrdeer, L87, F|100/100\n|-damage|p1a: Wyrdeer|88/100|[from] Spikes\n|-ability|p1a: Wyrdeer|Intimidate|boost\n|-unboost|p2a: Meganium|atk|1\n|turn|16\n|inactive|Time left: 300 sec this turn | 300 sec total\n|\n|t:|1783566151\n|move|p2a: Meganium|Knock Off|p1a: Wyrdeer\n|-supereffective|p1a: Wyrdeer\n|-damage|p1a: Wyrdeer|0 fnt\n|-enditem|p1a: Wyrdeer|Assault Vest|[from] move: Knock Off|[of] p2a: Meganium\n|faint|p1a: Wyrdeer\n|\n|win|p0y23373d96", "uploadtime": 1783566151, "views": 0, "rating": 0, "private": 0, "password": null, "_winner": "p0y23373d96", "_our_name": "p0y23373d96"}