{"id": "battle-gen9randombattle-2345", "formatid": "gen9randombattle", "format": "[Gen 9] Random Battle", "players": ["p0x2345eeaa", "p0y23451425"], "log": "|init|battle\n|title|p0x2345eeaa vs. p0y23451425\n|j|\u2606p0x2345eeaa\n|j|\u2606p0y23451425\n|t:|1783566195\n|gametype|singles\n|player|p1|p0x2345eeaa|102|\n|player|p2|p0y23451425|102|\n|gen|9\n|tier|[Gen 9] Random Battle\n|rule|Species Clause: Limit one of each Pok\u00e9mon\n|rule|HP Percentage Mod: HP is shown in percentages\n|rule|Sleep Clause Mod: Limit one foe put to sleep\n|rule|Illusion Level Mod: Illusion disguises the Pok\u00e9mon's true level\n|\n|t:|1783566195\n|teamsize|p1|6\n|teamsize|p2|6\n|start\n|switch|p1a: Alcremie|Alcremie-Ruby-Cream, L90, F|263/263\n|switch|p2a: Chesnaught|Chesnaught, L84, M|100/100\n|turn|1\n|inactive|Battle timer is ON: inactive players will automatically lose when time's up. (requested by p0y23451425)\n|inactive|Time left: 300 sec this turn | 300 sec total | 60 sec grace\n|inactive|p0x2345eeaa also wants the timer to be on.\n|\n|t:|1783566196\n|switch|p2a: Drednaw|Drednaw, L81, F|100/100\n|move|p1a: Alcremie|Alluring Voice|p2a: Drednaw\n|-damage|p2a: Drednaw|54/100\n|\n|upkeep\n|turn|2\n|inactive|Time left: 300 sec this turn | 300 sec total\n|\n|t:|1783566198\n|move|p1a: Alcremie|Alluring Voice|p2a: Drednaw\n|-crit|p2a: Drednaw\n|-damage|p2a: Drednaw|0 fnt\n|faint|p2a: Drednaw\n|\n|upkeep\n|\n|t:|1783566199\n|switch|p2a: Okidogi|Okidogi, L77, M|100/100\n|turn|3\n|inactive|Time left: 300 sec this turn | 300 sec total\n|\n|t:|1783566200\n|move|p2a: Okidogi|Gunk Shot|p1a: Alcremie\n|-supereffective|p1a: Alcremie\n|-damage|p1a: Alcremie|5/263\n|move|p1a: Alcremie|Alluring Voice|p2a: Okidogi\n|-damage|p2a: Okidogi|52/100\n|\n|-heal|p2a: Okidogi|58/100|[from] item: Leftovers\n|-heal|p1a: Alcremie|21/263|[from] item: Leftovers\n|upkeep\n|turn|4\n|inactive|Time left: 300 sec this turn | 300 sec total\n|\n|t:|1783566201\n|switch|p1a: Yanmega|Yanmega, L82, F|275/275\n|move|p2a: Okidogi|Knock Off|p1a: Yanmega\n|-damage|p1a: Yanmega|195/275\n|-enditem|p1a: Yanmega|Choice Specs|[from] move: Knock Off|[of] p2a: Okidogi\n|\n|-heal|p2a: Okidogi|64/100|[from] item: Leftovers\n|upkeep\n|turn|5\n|inactive|Time left: 300 sec this turn | 300 sec total\n|\n|t:|1783566202\n|switch|p2a: Hatterene|Hatterene, L85, F|100/100\n|move|p1a: Yanmega|Air Slash|p2a: Hatterene\n|-damage|p2a: Hatterene|79/100\n|\n|upkeep\n|turn|6\n|inactive|Time left: 300 sec this turn | 300 sec total\n|\n|t:|1783566203\n|move|p1a: Yanmega|Air Slash|p2a: Hatterene\n|-damage|p2a: Hatterene|56/100\n|move|p2a: Hatterene|Mystical Fire|p1a: Yanmega\n|-supereffective|p1a: Yanmega\n|-damage|p1a: Yanmega|0 fnt\n|faint|p1a: Yanmega\n|\n|upkeep\n|inactive|Time left: 300 sec this turn | 300 sec total | 5 sec grace\n|\n|t:|1783566204\n|switch|p1a: Pincurchin|Pincurchin, M|258/258\n|-fieldstart|move: Electric Terrain|[from] ability: Electric Surge|[of] p1a: Pincurchin\n|turn|7\n|inactive|Time left: 300 sec this turn | 300 sec total\n|\n|t:|1783566205\n|move|p2a: Hatterene|Mystical Fire|p1a: Pincurchin\n|-damage|p1a: Pincurchin|198/258\n|-unboost|p1a: Pincurchin|spa|1\n|move|p1a: Pincurchin|Zing Zap|p2a: Hatterene\n|-damage|p2a: Hatterene|0 fnt\n|faint|p2a: Hatterene\n|\n|-heal|p1a: Pincurchin|214/258|[from] item: Leftovers\n|upkeep\n|\n|t:|1783566206\n|switch|p2a: Okidogi|Okidogi, L77, M|64/100\n|turn|8\n|inactive|Time left: 300 sec this turn | 300 sec total\n|\n|t:|1783566207\n|move|p2a: Okidogi|Bulk Up|p2a: Okidogi\n|-boost|p2a: Okidogi|atk|1\n|-boost|p2a: Okidogi|def|1\n|move|p1a: Pincurchin|Zing Zap|p2a: Okidogi\n|-damage|p2a: Okidogi|26/100\n|\n|-heal|p2a: Okidogi|33/100|[from] item: Leftovers\n|-heal|p1a: Pincurchin|230/258|[from] item: Leftovers\n|upkeep\n|turn|9\n|inactive|Time left: 300 sec this turn | 300 sec total\n|\n|t:|1783566207\n|move|p2a: Okidogi|Drain Punch|p1a: Pincurchin\n|-damage|p1a: Pincurchin|139/258\n|-heal|p2a: Okidogi|50/100|[from] drain|[of] p1a: Pincurchin\n|move|p1a: Pincurchin|Zing Zap|p2a: Okidogi\n|-damage|p2a: Okidogi|16/100\n|\n|-heal|p2a: Okidogi|22/100|[from] item: Leftovers\n|-heal|p1a: Pincurchin|155/258|[from] item: Leftovers\n|upkeep\n|turn|10\n|inactive|Time left: 300 sec this turn | 300 sec total\n|\n|t:|1783566208\n|switch|p1a: Alcremie|Alcremie-Ruby-Cream, L90, F|21/263\n|move|p2a: Okidogi|Drain Punch|p1a: Alcremie\n|-resisted|p1a: Alcremie\n|-damage|p1a: Alcremie|0 fnt\n|-heal|p2a: Okidogi|26/100|[from] drain|[of] p1a: Alcremie\n|faint|p1a: Alcremie\n|\n|-heal|p2a: Okidogi|32/100|[from] item: Leftovers\n|upkeep\n|inactive|Time left: 300 sec this turn | 300 sec total | 5 sec grace\n|\n|t:|1783566209\n|switch|p1a: Glalie|Glalie, L96, F|309/309\n|turn|11\n|inactive|Time left: 300 sec this turn | 300 sec total\n|\n|t:|1783566210\n|move|p1a: Glalie|Freeze-Dry|p2a: Okidogi\n|-damage|p2a: Okidogi|0 fnt\n|faint|p2a: Okidogi\n|\n|-fieldend|move: Electric Terrain\n|upkeep\n|\n|t:|1783566211\n|switch|p2a: Chesnaught|Chesnaught, L84, M|100/100\n|turn|12\n|inactive|Time left: 300 sec this turn | 300 sec total\n|\n|t:|1783566212\n|move|p1a: Glalie|Freeze-Dry|p2a: Chesnaught\n|-supereffective|p2a: Chesnaught\n|-damage|p2a: Chesnaught|35/100\n|move|p2a: Chesnaught|Trailblaze|p1a: Glalie\n|-damage|p1a: Glalie|251/309\n|-boost|p2a: Chesnaught|spe|1\n|\n|-heal|p2a: Chesnaught|40/100|[from] item: Leftovers\n|upkeep\n|turn|13\n|inactive|Time left: 300 sec this turn | 300 sec total\n|\n|t:|1783566213\n|move|p2a: Chesnaught|Synthesis|p2a: Chesnaught\n|-heal|p2a: Chesnaught|90/100\n|move|p1a: Glalie|Freeze-Dry|p2a: Chesnaught\n|-supereffective|p2a: Chesnaught\n|-damage|p2a: Chesnaught|26/100\n|\n|-heal|p2a: Chesnaught|32/100|[from] item: Leftovers\n|upkeep\n|turn|14\n|inactive|Time left: 300 sec this turn | 300 sec total\n|\n|t:|1783566214\n|move|p2a: Chesnaught|Synthesis|p2a: Chesnaught\n|-heal|p2a: Chesnaught|82/100\n|move|p1a: Glalie|Freeze-Dry|p2a: Chesnaught\n|-supereffective|p2a: Chesnaught\n|-damage|p2a: Chesnaught|16/100\n|\n|-heal|p2a: Chesnaught|22/100|[from] item: Leftovers\n|upkeep\n|turn|15\n|inactive|Time left: 300 sec this turn | 300 sec total\n|\n|t:|1783566215\n|move|p2a: Chesnaught|Synthesis|p2a: Chesnaught\n|-heal|p2a: Chesnaught|72/100\n|move|p1a: Glalie|Freeze-Dry|p2a: Chesnaught\n|-supereffective|p2a: Chesnaught\n|-damage|p2a: Chesnaught|3/100\n|\n|-heal|p2a: Chesnaught|9/100|[from] item: Leftovers\n|upkeep\n|turn|16\n|inactive|Time left: 300 sec this turn | 300 sec total\n|\n|t:|1783566216\n|-terastallize|p2a: Chesnaught|Steel\n|move|p2a: Chesnaught|Synthesis|p2a: Chesnaught\n|-heal|p2a: Chesnaught|58/100\n|move|p1a: Glalie|Freeze-Dry|p2a: Chesnaught\n|-resisted|p2a: Chesnaught\n|-damage|p2a: Chesnaught|43/100\n|\n|-heal|p2a: Chesnaught|49/100|[from] item: Leftovers\n|upkeep\n|turn|17\n|inactive|Time left: 300 sec this turn | 300 sec total\n|\n|t:|1783566217\n|move|p2a: Chesnaught|Iron Defense|p2a: Chesnaught\n|-boost|p2a: Chesnaught|def|2\n|move|p1a: Glalie|Earthquake|p2a: Chesnaught\n|-supereffective|p2a: Chesnaught\n|-damage|p2a: Chesnaught|26/100\n|\n|-heal|p2a: Chesnaught|32/100|[from] item: Leftovers\n|upkeep\n|turn|18\n|inactive|Time left: 300 sec this turn | 300 sec total\n|\n|t:|1783566218\n|switch|p1a: Chesnaught|Chesnaught, L84, F|285/285\n|move|p2a: Chesnaught|Synthesis|p2a: Chesnaught\n|-heal|p2a: Chesnaught|82/100\n|\n|-heal|p2a: Chesnaught|88/100|[from] item: Leftovers\n|upkeep\n|turn|19\n|inactive|Time left: 300 sec this turn | 300 sec total\n|\n|t:|1783566218\n|move|p2a: Chesnaught|Body Press|p1a: Chesnaught\n|-damage|p1a: Chesnaught|132/285\n|move|p1a: Chesnaught|Iron Defense|p1a: Chesnaught\n|-boost|p1a: Chesnaught|def|2\n|\n|-heal|p2a: Chesnaught|94/100|[from] item: Leftovers\n|-heal|p1a: Chesnaught|149/285|[from] item: Leftovers\n|upkeep\n|turn|20\n|inactive|Time left: 300 sec this turn | 300 sec total\n|\n|t:|1783566219\n|move|p2a: Chesnaught|Body Press|p1a: Chesnaught\n|-damage|p1a: Chesnaught|74/285\n|move|p1a: Chesnaught|Synthesis|p1a: Chesnaught\n|-heal|p1a: Chesnaught|216/285\n|\n|-heal|p2a: Chesnaught|99/100|[from] item: Leftovers\n|-heal|p1a: Chesnaught|233/285|[from] item: Leftovers\n|upkeep\n|turn|21\n|inactive|Time left: 300 sec this turn | 300 sec total\n|\n|t:|1783566220\n|move|p2a: Chesnaught|Iron Defense|p2a: Chesnaught\n|-boost|p2a: Chesnaught|def|2\n|move|p1a: Chesnaught|Body Press|p2a: Chesnaught\n|-supereffective|p2a: Chesnaught\n|-damage|p2a: Chesnaught|59/100\n|\n|-heal|p2a: Chesnaught|65/100|[from] item: Leftovers\n|-heal|p1a: Chesnaught|250/285|[from] item: Leftovers\n|upkeep\n|turn|22\n|inactive|Time left: 300 sec this turn | 300 sec total\n|\n|t:|1783566221\n|move|p2a: Chesnaught|Body Press|p1a: Chesnaught\n|-damage|p1a: Chesnaught|124/285\n|move|p1a: Chesnaught|Body Press|p2a: Chesnaught\n|-supereffective|p2a: Chesnaught\n|-damage|p2a: Chesnaught|26/100\n|\n|-heal|p2a: Chesnaught|32/100|[from] item: Leftovers\n|-heal|p1a: Chesnaught|141/285|[from] item: Leftovers\n|upkeep\n|turn|23\n|inactive|Time left: 300 sec this turn | 300 sec total\n|\n|t:|1783566222\n|move|p2a: Chesnaught|Synthesis|p2a: Chesnaught\n|-heal|p2a: Chesnaught|82/100\n|move|p1a: Chesnaught|Body Press|p2a: Chesnaught\n|-supereffective|p2a: Chesnaught\n|-damage|p2a: Chesnaught|44/100\n|\n|-heal|p2a: Chesnaught|50/100|[from] item: Leftovers\n|-heal|p1a: Chesnaught|158/285|[from] item: Leftovers\n|upkeep\n|turn|24\n|inactive|Time left: 300 sec this turn | 300 sec total\n|\n|t:|1783566223\n|move|p2a: Chesnaught|Body Press|p1a: Chesnaught\n|-damage|p1a: Chesnaught|49/285\n|move|p1a: Chesnaught|Synthesis|p1a: Chesnaught\n|-heal|p1a: Chesnaught|191/285\n|\n|-heal|p2a: Chesnaught|56/100|[from] item: Leftovers\n|-heal|p1a: Chesnaught|208/285|[from] item: Leftovers\n|upkeep\n|turn|25\n|inactive|Time left: 300 sec this turn | 300 sec total\n|\n|t:|1783566224\n|move|p2a: Chesnaught|Body Press|p1a: Chesnaught\n|-damage|p1a: Chesnaught|94/285\n|move|p1a: Chesnaught|Synthesis|p1a: Chesnaught\n|-heal|p1a: Chesnaught|236/285\n|\n|-heal|p2a: Chesnaught|62/100|[from] item: Leftovers\n|-heal|p1a: Chesnaught|253/285|[from] item: Leftovers\n|upkeep\n|turn|26\n|inactive|Time left: 300 sec this turn | 300 sec total\n|\n|t:|1783566225\n|move|p2a: Chesnaught|Body Press|p1a: Chesnaught\n|-damage|p1a: Chesnaught|127/285\n|move|p1a: Chesnaught|Body Press|p2a: Chesnaught\n|-supereffective|p2a: Chesnaught\n|-damage|p2a: Chesnaught|27/100\n|\n|-heal|p2a: Chesnaught|33/100|[from] item: Leftovers\n|-heal|p1a: Chesnaught|144/285|[from] item: Leftovers\n|upkeep\n|turn|27\n|inactive|Time left: 300 sec this turn | 300 sec total\n|\n|t:|1783566227\n|move|p2a: Chesnaught|Synthesis|p2a: Chesnaught\n|-heal|p2a: Chesnaught|83/100\n|move|p1a: Chesnaught|Body Press|p2a: Chesnaught\n|-supereffective|p2a: Chesnaught\n|-damage|p2a: Chesnaught|42/100\n|\n|-heal|p2a: Chesnaught|48/100|[from] item: Leftovers\n|-heal|p1a: Chesnaught|161/285|[from] item: Leftovers\n|upkeep\n|turn|28\n|inactive|Time left: 300 sec this turn | 300 sec total\n|\n|t:|1783566227\n|move|p2a: Chesnaught|Body Press|p1a: Chesnaught\n|-damage|p1a: Chesnaught|50/285\n|move|p1a: Chesnaught|Synthesis|p1a: Chesnaught\n|-heal|p1a: Chesnaught|192/285\n|\n|-heal|p2a: Chesnaught|54/100|[from] item: Leftovers\n|-heal|p1a: Chesnaught|209/285|[from] item: Leftovers\n|upkeep\n|turn|29\n|inactive|Time left: 300 sec this turn | 300 sec total\n|\n|t:|1783566229\n|move|p2a: Chesnaught|Body Press|p1a: Chesnaught\n|-damage|p1a: Chesnaught|91/285\n|move|p1a: Chesnaught|Synthesis|p1a: Chesnaught\n|-heal|p1a: Chesnaught|233/285\n|\n|-heal|p2a: Chesnaught|60/100|[from] item: Leftovers\n|-heal|p1a: Chesnaught|250/285|[from] item: Leftovers\n|upkeep\n|turn|30\n|inactive|Time left: 300 sec this turn | 300 sec total\n|\n|t:|1783566230\n|move|p2a: Chesnaught|Body Press|p1a: Chesnaught\n|-damage|p1a: Chesnaught|139/285\n|move|p1a: Chesnaught|Body Press|p2a: Chesnaught\n|-supereffective|p2a: Chesnaught\n|-damage|p2a: Chesnaught|22/100\n|\n|-heal|p2a: Chesnaught|28/100|[from] item: Leftovers\n|-heal|p1a: Chesnaught|156/285|[from] item: Leftovers\n|upkeep\n|turn|31\n|inactive|Time left: 300 sec this turn | 300 sec total\n|\n|t:|1783566231\n|move|p2a: Chesnaught|Synthesis|p2a: Chesnaught\n|-heal|p2a: Chesnaught|77/100\n|move|p1a: Chesnaught|Body Press|p2a: Chesnaught\n|-supereffective|p2a: Chesnaught\n|-damage|p2a: Chesnaught|41/100\n|\n|-heal|p2a: Chesnaught|47/100|[from] item: Leftovers\n|-heal|p1a: Chesnaught|173/285|[from] item: Leftovers\n|upkeep\n|turn|32\n|inactive|Time left: 300 sec this turn | 300 sec total\n|\n|t:|1783566232\n|move|p2a: Chesnaught|Body Press|p1a: Chesnaught\n|-damage|p1a: Chesnaught|52/285\n|move|p1a: Chesnaught|Synthesis|p1a: Chesnaught\n|-heal|p1a: Chesnaught|194/285\n|\n|-heal|p2a: Chesnaught|53/100|[from] item: Leftovers\n|-heal|p1a: Chesnaught|211/285|[from] item: Leftovers\n|upkeep\n|turn|33\n|inactive|Time left: 300 sec this turn | 300 sec total\n|\n|t:|1783566233\n|move|p2a: Chesnaught|Body Press|p1a: Chesnaught\n|-damage|p1a: Chesnaught|91/285\n|move|p1a: Chesnaught|Synthesis|p1a: Chesnaught\n|-heal|p1a: Chesnaught|233/285\n|\n|-heal|p2a: Chesnaught|59/100|[from] item: Leftovers\n|-heal|p1a: Chesnaught|250/285|[from] item: Leftovers\n|upkeep\n|turn|34\n|inactive|Time left: 300 sec this turn | 300 sec total\n|\n|t:|1783566234\n|move|p2a: Chesnaught|Iron Defense|p2a: Chesnaught\n|-boost|p2a: Chesnaught|def|2\n|move|p1a: Chesnaught|Body Press|p2a: Chesnaught\n|-supereffective|p2a: Chesnaught\n|-damage|p2a: Chesnaught|29/100\n|\n|-heal|p2a: Chesnaught|35/100|[from] item: Leftovers\n|-heal|p1a: Chesnaught|267/285|[from] item: Leftovers\n|upkeep\n|turn|35\n|inactive|Time left: 300 sec this turn | 300 sec total\n|\n|t:|1783566235\n|move|p2a: Chesnaught|Body Press|p1a: Chesnaught\n|-damage|p1a: Chesnaught|107/285\n|move|p1a: Chesnaught|Iron Defense|p1a: Chesnaught\n|-boost|p1a: Chesnaught|def|2\n|\n|-heal|p2a: Chesnaught|41/100|[from] item: Leftovers\n|-heal|p1a: Chesnaught|124/285|[from] item: Leftovers\n|upkeep\n|turn|36\n|inactive|Time left: 300 sec this turn | 300 sec total\n|\n|t:|1783566237\n|move|p2a: Chesnaught|Body Press|p1a: Chesnaught\n|-damage|p1a: Chesnaught|16/285\n|move|p1a: Chesnaught|Body Press|p2a: Chesnaught\n|-supereffective|p2a: Chesnaught\n|-damage|p2a: Chesnaught|0 fnt\n|faint|p2a: Chesnaught\n|\n|-heal|p1a: Chesnaught|33/285|[from] item: Leftovers\n|upkeep\n|\n|t:|1783566238\n|switch|p2a: Pachirisu|Pachirisu, L96, M|100/100\n|turn|37\n|inactive|Time left: 300 sec this turn | 300 sec total\n|\n|t:|1783566238\n|switch|p1a: Pincurchin|Pincurchin, M|155/258\n|-fieldstart|move: Electric Terrain|[from] ability: Electric Surge|[of] p1a: Pincurchin\n|move|p2a: Pachirisu|Discharge|p1a: Pincurchin\n|-resisted|p1a: Pincurchin\n|-damage|p1a: Pincurchin|119/258\n|\n|-heal|p1a: Pincurchin|135/258|[from] item: Leftovers\n|upkeep\n|turn|38\n|inactive|Time left: 300 sec this turn | 300 sec total\n|\n|t:|1783566240\n|move|p2a: Pachirisu|U-turn|p1a: Pincurchin\n|-damage|p1a: Pincurchin|107/258\n|\n|t:|1783566241\n|switch|p2a: Garchomp|Garchomp, L74, M|100/100|[from] U-turn\n|move|p1a: Pincurchin|Recover|p1a: Pincurchin\n|-heal|p1a: Pincurchin|236/258\n|\n|-heal|p1a: Pincurchin|252/258|[from] item: Leftovers\n|upkeep\n|turn|39\n|inactive|Time left: 300 sec this turn | 300 sec total\n|\n|t:|1783566242\n|switch|p1a: Glalie|Glalie, L96, F|251/309\n|move|p2a: Garchomp|Earthquake|p1a: Glalie\n|-damage|p1a: Glalie|148/309\n|\n|upkeep\n|turn|40\n|inactive|Time left: 300 sec this turn | 300 sec total\n|\n|t:|1783566243\n|switch|p2a: Pachirisu|Pachirisu, L96, M|100/100\n|move|p1a: Glalie|Freeze-Dry|p2a: Pachirisu\n|-damage|p2a: Pachirisu|72/100\n|\n|upkeep\n|turn|41\n|inactive|Time left: 300 sec this turn | 300 sec total\n|\n|t:|1783566244\n|move|p2a: Pachirisu|Discharge|p1a: Glalie\n|-damage|p1a: Glalie|63/309\n|-status|p1a: Glalie|par\n|cant|p1a: Glalie|par\n|\n|-fieldend|move: Electric Terrain\n|upkeep\n|turn|42\n|inactive|Time left: 300 sec this turn | 300 sec total\n|\n|t:|1783566245\n|move|p2a: Pachirisu|Discharge|p1a: Glalie\n|-damage|p1a: Glalie|0 fnt\n|faint|p1a: Glalie\n|\n|upkeep\n|inactive|Time left: 300 sec this turn | 300 sec total | 5 sec grace\n|\n|t:|1783566246\n|switch|p1a: Kingdra|Kingdra, L84, M|263/263\n|turn|43\n|inactive|Time left: 300 sec this turn | 300 sec total\n|\n|t:|1783566247\n|move|p2a: Pachirisu|Discharge|p1a: Kingdra\n|-damage|p1a: Kingdra|205/263\n|move|p1a: Kingdra|Dragon Dance|p1a: Kingdra\n|-boost|p1a: Kingdra|atk|1\n|-boost|p1a: Kingdra|spe|1\n|\n|upkeep\n|turn|44\n|inactive|Time left: 300 sec this turn | 300 sec total\n|\n|t:|1783566248\n|move|p1a: Kingdra|Outrage|p2a: Pachirisu\n|-damage|p2a: Pachirisu|6/100\n|move|p2a: Pachirisu|Discharge|p1a: Kingdra\n|-damage|p1a: Kingdra|148/263\n|-status|p1a: Kingdra|par\n|-enditem|p1a: Kingdra|Lum Berry|[eat]\n|-curestatus|p1a: Kingdra|par|[msg]\n|\n|upkeep\n|turn|45\n|inactive|Time left: 300 sec this turn | 300 sec total\n|\n|t:|1783566249\n|move|p1a: Kingdra|Outrage|p2a: Pachirisu|[from] lockedmove\n|-damage|p2a: Pachirisu|0 fnt\n|faint|p2a: Pachirisu\n|\n|upkeep\n|\n|t:|1783566250\n|switch|p2a: Garchomp|Garchomp, L74, M|100/100\n|turn|46\n|inactive|Time left: 300 sec this turn | 300 sec total\n|\n|t:|1783566251\n|move|p1a: Kingdra|Outrage|p2a: Garchomp|[from] lockedmove\n|-supereffective|p2a: Garchomp\n|-damage|p2a: Garchomp|0 fnt\n|-damage|p1a: Kingdra|116/263|[from] ability: Rough Skin|[of] p2a: Garchomp\n|-damage|p1a: Kingdra|73/263|[from] item: Rocky Helmet|[of] p2a: Garchomp\n|faint|p2a: Garchomp\n|-start|p1a: Kingdra|confusion|[fatigue]\n|\n|win|p0x2345eeaa", "uploadtime": 1783566251, "views": 0, "rating": 0, "private": 0, "password": null, "_winner": "p0x2345eeaa", "_our_name": "p0x2345eeaa"}