{"id": "battle-gen9randombattle-2936", "formatid": "gen9randombattle", "format": "[Gen 9] Random Battle", "players": ["p0x2936a0cd", "p0y29360fb2"], "log": "|init|battle\n|title|p0x2936a0cd vs. p0y29360fb2\n|j|\u2606p0x2936a0cd\n|j|\u2606p0y29360fb2\n|t:|1783572835\n|gametype|singles\n|player|p1|p0x2936a0cd|102|\n|player|p2|p0y29360fb2|170|\n|gen|9\n|tier|[Gen 9] Random Battle\n|rule|Species Clause: Limit one of each Pok\u00e9mon\n|rule|HP Percentage Mod: HP is shown in percentages\n|rule|Sleep Clause Mod: Limit one foe put to sleep\n|rule|Illusion Level Mod: Illusion disguises the Pok\u00e9mon's true level\n|\n|t:|1783572835\n|teamsize|p1|6\n|teamsize|p2|6\n|start\n|switch|p1a: Meloetta|Meloetta, L82|298/298\n|switch|p2a: Rayquaza|Rayquaza, L72|100/100\n|-ability|p2a: Rayquaza|Air Lock\n|turn|1\n|inactive|Battle timer is ON: inactive players will automatically lose when time's up. (requested by p0x2936a0cd)\n|inactive|p0y29360fb2 also wants the timer to be on.\n|\n|t:|1783572836\n|move|p1a: Meloetta|Triple Axel|p2a: Rayquaza\n|-supereffective|p2a: Rayquaza\n|-damage|p2a: Rayquaza|73/100\n|-supereffective|p2a: Rayquaza\n|-damage|p2a: Rayquaza|18/100\n|-supereffective|p2a: Rayquaza\n|-damage|p2a: Rayquaza|0 fnt\n|faint|p2a: Rayquaza\n|-hitcount|p2: Rayquaza|3\n|-damage|p1a: Meloetta|269/298|[from] item: Life Orb\n|\n|upkeep\n|\n|t:|1783572837\n|switch|p2a: Inteleon|Inteleon, L81, M|100/100\n|turn|2\n|inactive|Time left: 300 sec this turn | 300 sec total\n|\n|t:|1783572838\n|move|p2a: Inteleon|Scald|p1a: Meloetta\n|-damage|p1a: Meloetta|149/298\n|move|p1a: Meloetta|Relic Song|p2a: Inteleon\n|-damage|p2a: Inteleon|37/100\n|-formechange|p1a: Meloetta|Meloetta-Pirouette|[msg]\n|-damage|p1a: Meloetta|120/298|[from] item: Life Orb\n|\n|upkeep\n|turn|3\n|inactive|Time left: 300 sec this turn | 300 sec total\n|\n|t:|1783572839\n|switch|p2a: Primarina|Primarina, L83, M|100/100\n|move|p1a: Meloetta|Knock Off|p2a: Primarina\n|-resisted|p2a: Primarina\n|-damage|p2a: Primarina|80/100\n|-enditem|p2a: Primarina|Leftovers|[from] move: Knock Off|[of] p1a: Meloetta\n|-damage|p1a: Meloetta|91/298|[from] item: Life Orb\n|\n|upkeep\n|turn|4\n|inactive|Time left: 300 sec this turn | 300 sec total\n|\n|t:|1783572839\n|switch|p1a: Slaking|Slaking, L84, M|389/389\n|move|p2a: Primarina|Draining Kiss|p1a: Slaking\n|-damage|p1a: Slaking|314/389\n|-heal|p2a: Primarina|100/100|[from] drain|[of] p1a: Slaking\n|\n|upkeep\n|turn|5\n|inactive|Time left: 300 sec this turn | 300 sec total\n|\n|t:|1783572841\n|switch|p2a: Hippowdon|Hippowdon, L82, F|100/100\n|-weather|Sandstorm|[from] ability: Sand Stream|[of] p2a: Hippowdon\n|move|p1a: Slaking|Giga Impact|p2a: Hippowdon\n|-damage|p2a: Hippowdon|4/100\n|-mustrecharge|p1a: Slaking\n|-damage|p1a: Slaking|250/389|[from] item: Rocky Helmet|[of] p2a: Hippowdon\n|\n|-weather|Sandstorm|[upkeep]\n|-damage|p1a: Slaking|226/389|[from] Sandstorm\n|upkeep\n|turn|6\n|inactive|Time left: 300 sec this turn | 300 sec total\n|\n|t:|1783572842\n|switch|p2a: Inteleon|Inteleon, L81, M|37/100\n|cant|p1a: Slaking|recharge\n|\n|-weather|Sandstorm|[upkeep]\n|-damage|p2a: Inteleon|31/100|[from] Sandstorm\n|-damage|p1a: Slaking|202/389|[from] Sandstorm\n|upkeep\n|turn|7\n|inactive|Time left: 300 sec this turn | 300 sec total\n|\n|t:|1783572843\n|switch|p1a: Vileplume|Vileplume, L85, F|266/266\n|move|p2a: Inteleon|Scald|p1a: Vileplume\n|-resisted|p1a: Vileplume\n|-damage|p1a: Vileplume|161/266\n|-status|p1a: Vileplume|brn\n|\n|-weather|Sandstorm|[upkeep]\n|-damage|p2a: Inteleon|25/100|[from] Sandstorm\n|-damage|p1a: Vileplume|145/266 brn|[from] Sandstorm\n|-heal|p1a: Vileplume|161/266 brn|[from] item: Leftovers\n|-damage|p1a: Vileplume|145/266 brn|[from] brn\n|upkeep\n|turn|8\n|inactive|Time left: 300 sec this turn | 300 sec total\n|\n|t:|1783572844\n|move|p2a: Inteleon|Scald|p1a: Vileplume\n|-resisted|p1a: Vileplume\n|-crit|p1a: Vileplume\n|-damage|p1a: Vileplume|0 fnt\n|faint|p1a: Vileplume\n|\n|-weather|Sandstorm|[upkeep]\n|-damage|p2a: Inteleon|19/100|[from] Sandstorm\n|upkeep\n|inactive|Time left: 300 sec this turn | 300 sec total | 5 sec grace\n|\n|t:|1783572845\n|switch|p1a: Zebstrika|Zebstrika, L87, M|272/272\n|turn|9\n|inactive|Time left: 300 sec this turn | 300 sec total\n|\n|t:|1783572846\n|switch|p2a: Hippowdon|Hippowdon, L82, F|4/100\n|move|p1a: Zebstrika|Volt Switch|p2a: Hippowdon\n|-immune|p2a: Hippowdon\n|\n|-weather|none\n|upkeep\n|turn|10\n|inactive|Time left: 300 sec this turn | 300 sec total\n|\n|t:|1783572847\n|move|p1a: Zebstrika|High Horsepower|p2a: Hippowdon\n|-damage|p2a: Hippowdon|0 fnt\n|-damage|p1a: Zebstrika|227/272|[from] item: Rocky Helmet|[of] p2a: Hippowdon\n|faint|p2a: Hippowdon\n|-damage|p1a: Zebstrika|200/272|[from] item: Life Orb\n|\n|upkeep\n|\n|t:|1783572848\n|switch|p2a: Uxie|Uxie, L83|100/100\n|turn|11\n|inactive|Time left: 300 sec this turn | 300 sec total\n|\n|t:|1783572849\n|move|p1a: Zebstrika|Supercell Slam|p2a: Uxie\n|-damage|p2a: Uxie|55/100\n|-damage|p1a: Zebstrika|173/272|[from] item: Life Orb\n|move|p2a: Uxie|Stealth Rock|p1a: Zebstrika\n|-sidestart|p1: p0x2936a0cd|move: Stealth Rock\n|\n|-heal|p2a: Uxie|61/100|[from] item: Leftovers\n|upkeep\n|turn|12\n|inactive|Time left: 300 sec this turn | 300 sec total\n|\n|t:|1783572850\n|move|p1a: Zebstrika|Supercell Slam|p2a: Uxie\n|-damage|p2a: Uxie|16/100\n|-damage|p1a: Zebstrika|146/272|[from] item: Life Orb\n|move|p2a: Uxie|Psychic Noise|p1a: Zebstrika\n|-damage|p1a: Zebstrika|68/272\n|-start|p1a: Zebstrika|move: Heal Block\n|\n|-heal|p2a: Uxie|22/100|[from] item: Leftovers\n|upkeep\n|turn|13\n|inactive|Time left: 300 sec this turn | 300 sec total\n|\n|t:|1783572851\n|move|p1a: Zebstrika|Supercell Slam|p2a: Uxie\n|-crit|p2a: Uxie\n|-damage|p2a: Uxie|0 fnt\n|faint|p2a: Uxie\n|-damage|p1a: Zebstrika|41/272|[from] item: Life Orb\n|\n|-end|p1a: Zebstrika|move: Heal Block\n|upkeep\n|\n|t:|1783572852\n|switch|p2a: Toxicroak|Toxicroak, L84, M|100/100\n|turn|14\n|inactive|Time left: 300 sec this turn | 300 sec total\n|\n|t:|1783572853\n|move|p1a: Zebstrika|Supercell Slam|p2a: Toxicroak\n|-damage|p2a: Toxicroak|30/100\n|-damage|p1a: Zebstrika|14/272|[from] item: Life Orb\n|move|p2a: Toxicroak|Swords Dance|p2a: Toxicroak\n|-boost|p2a: Toxicroak|atk|2\n|\n|upkeep\n|turn|15\n|inactive|Time left: 300 sec this turn | 300 sec total\n|\n|t:|1783572854\n|move|p1a: Zebstrika|Supercell Slam|p2a: Toxicroak\n|-damage|p2a: Toxicroak|0 fnt\n|faint|p2a: Toxicroak\n|-damage|p1a: Zebstrika|0 fnt|[from] item: Life Orb\n|faint|p1a: Zebstrika\n|\n|upkeep\n|inactive|Time left: 300 sec this turn | 300 sec total | 5 sec grace\n|\n|t:|1783572855\n|switch|p1a: Gallade|Gallade, L80, M|240/240\n|switch|p2a: Primarina|Primarina, L83, M|100/100\n|-damage|p1a: Gallade|225/240|[from] Stealth Rock\n|turn|16\n|inactive|Time left: 300 sec this turn | 300 sec total\n|\n|t:|1783572856\n|move|p1a: Gallade|Psycho Cut|p2a: Primarina\n|-damage|p2a: Primarina|31/100\n|-damage|p1a: Gallade|201/240|[from] item: Life Orb\n|move|p2a: Primarina|Draining Kiss|p1a: Gallade\n|-supereffective|p1a: Gallade\n|-damage|p1a: Gallade|81/240\n|-heal|p2a: Primarina|65/100|[from] drain|[of] p1a: Gallade\n|\n|upkeep\n|turn|17\n|inactive|Time left: 300 sec this turn | 300 sec total\n|\n|t:|1783572857\n|move|p1a: Gallade|Psycho Cut|p2a: Primarina\n|-damage|p2a: Primarina|0 fnt\n|faint|p2a: Primarina\n|-damage|p1a: Gallade|57/240|[from] item: Life Orb\n|\n|upkeep\n|\n|t:|1783572858\n|switch|p2a: Inteleon|Inteleon, L81, M|19/100\n|turn|18\n|inactive|Time left: 300 sec this turn | 300 sec total\n|\n|t:|1783572859\n|-terastallize|p2a: Inteleon|Water\n|move|p2a: Inteleon|Hydro Pump|p1a: Gallade\n|-damage|p1a: Gallade|0 fnt\n|faint|p1a: Gallade\n|\n|upkeep\n|inactive|Time left: 300 sec this turn | 300 sec total | 5 sec grace\n|\n|t:|1783572860\n|switch|p1a: Sableye|Sableye, L88, F|231/231\n|-damage|p1a: Sableye|203/231|[from] Stealth Rock\n|turn|19\n|inactive|Time left: 300 sec this turn | 300 sec total\n|\n|t:|1783572860\n|-terastallize|p1a: Sableye|Poison\n|move|p1a: Sableye|Thunder Wave|p2a: Inteleon\n|-status|p2a: Inteleon|par\n|move|p2a: Inteleon|Hydro Pump|p1a: Sableye\n|-damage|p1a: Sableye|0 fnt\n|faint|p1a: Sableye\n|\n|upkeep\n|inactive|Time left: 300 sec this turn | 300 sec total | 5 sec grace\n|\n|t:|1783572861\n|switch|p1a: Slaking|Slaking, L84, M|202/389\n|-damage|p1a: Slaking|154/389|[from] Stealth Rock\n|turn|20\n|inactive|Time left: 300 sec this turn | 300 sec total\n|\n|t:|1783572862\n|move|p1a: Slaking|Double-Edge|p2a: Inteleon\n|-damage|p2a: Inteleon|0 fnt\n|faint|p2a: Inteleon\n|-damage|p1a: Slaking|139/389|[from] Recoil\n|\n|win|p0x2936a0cd", "uploadtime": 1783572862, "views": 0, "rating": 0, "private": 0, "password": null, "_winner": "p0x2936a0cd", "_our_name": "p0x2936a0cd"}