{"id": "battle-gen9randombattle-1010", "formatid": "gen9randombattle", "format": "[Gen 9] Random Battle", "players": ["p0x10100b41", "p0y10108356"], "log": "|init|battle\n|title|p0x10100b41 vs. p0y10108356\n|j|\u2606p0x10100b41\n|j|\u2606p0y10108356\n|t:|1783551611\n|gametype|singles\n|player|p1|p0x10100b41|170|\n|player|p2|p0y10108356|169|\n|gen|9\n|tier|[Gen 9] Random Battle\n|rule|Species Clause: Limit one of each Pok\u00e9mon\n|rule|HP Percentage Mod: HP is shown in percentages\n|rule|Sleep Clause Mod: Limit one foe put to sleep\n|rule|Illusion Level Mod: Illusion disguises the Pok\u00e9mon's true level\n|\n|t:|1783551611\n|teamsize|p1|6\n|teamsize|p2|6\n|start\n|switch|p1a: Venomoth|Venomoth, L84, F|100/100\n|switch|p2a: Toucannon|Toucannon, L88, M|284/284\n|turn|1\n|inactive|Battle timer is ON: inactive players will automatically lose when time's up. (requested by p0x10100b41)\n|inactive|Time left: 300 sec this turn | 300 sec total | 60 sec grace\n|\n|t:|1783551612\n|-singleturn|p2a: Toucannon|move: Beak Blast\n|move|p1a: Venomoth|Sleep Powder|p2a: Toucannon|[miss]\n|-miss|p1a: Venomoth|p2a: Toucannon\n|move|p2a: Toucannon|Beak Blast|p1a: Venomoth\n|-supereffective|p1a: Venomoth\n|-damage|p1a: Venomoth|0 fnt\n|faint|p1a: Venomoth\n|\n|upkeep\n|inactive|p0y10108356 also wants the timer to be on.\n|\n|t:|1783551613\n|switch|p1a: Greedent|Greedent, L86, M|100/100\n|turn|2\n|inactive|Time left: 300 sec this turn | 300 sec total\n|\n|t:|1783551615\n|move|p2a: Toucannon|Boomburst|p1a: Greedent\n|-damage|p1a: Greedent|56/100\n|move|p1a: Greedent|Swords Dance|p1a: Greedent\n|-boost|p1a: Greedent|atk|2\n|\n|upkeep\n|turn|3\n|inactive|Time left: 300 sec this turn | 300 sec total\n|\n|t:|1783551616\n|move|p2a: Toucannon|Boomburst|p1a: Greedent\n|-damage|p1a: Greedent|14/100\n|-enditem|p1a: Greedent|Sitrus Berry|[eat]\n|-heal|p1a: Greedent|39/100|[from] item: Sitrus Berry\n|-heal|p1a: Greedent|72/100|[from] ability: Cheek Pouch\n|move|p1a: Greedent|Double-Edge|p2a: Toucannon\n|-damage|p2a: Toucannon|0 fnt\n|faint|p2a: Toucannon\n|-damage|p1a: Greedent|45/100|[from] Recoil\n|\n|upkeep\n|inactive|Time left: 300 sec this turn | 300 sec total | 5 sec grace\n|\n|t:|1783551617\n|switch|p2a: Volcanion|Volcanion, L79|255/255\n|turn|4\n|inactive|Time left: 300 sec this turn | 300 sec total\n|\n|t:|1783551618\n|move|p2a: Volcanion|Steam Eruption|p1a: Greedent\n|-damage|p1a: Greedent|3/100\n|move|p1a: Greedent|Earthquake|p2a: Volcanion\n|-supereffective|p2a: Volcanion\n|-damage|p2a: Volcanion|19/255\n|\n|upkeep\n|turn|5\n|inactive|Time left: 300 sec this turn | 300 sec total\n|\n|t:|1783551619\n|move|p2a: Volcanion|Steam Eruption|p1a: Greedent\n|-damage|p1a: Greedent|0 fnt\n|faint|p1a: Greedent\n|\n|upkeep\n|\n|t:|1783551620\n|switch|p1a: Talonflame|Talonflame, L83, F|100/100\n|turn|6\n|inactive|Time left: 300 sec this turn | 300 sec total\n|\n|t:|1783551621\n|switch|p2a: Espathra|Espathra, L80, F|283/283\n|move|p1a: Talonflame|Brave Bird|p2a: Espathra\n|-damage|p2a: Espathra|120/283\n|-damage|p1a: Talonflame|80/100|[from] Recoil\n|\n|upkeep\n|turn|7\n|inactive|Time left: 300 sec this turn | 300 sec total\n|\n|t:|1783551622\n|switch|p2a: Oricorio|Oricorio-Pom-Pom, L82, M|257/257\n|move|p1a: Talonflame|Brave Bird|p2a: Oricorio\n|-resisted|p2a: Oricorio\n|-damage|p2a: Oricorio|194/257\n|-damage|p1a: Talonflame|72/100|[from] Recoil\n|\n|upkeep\n|turn|8\n|inactive|Time left: 300 sec this turn | 300 sec total\n|\n|t:|1783551623\n|-terastallize|p1a: Talonflame|Ground\n|move|p1a: Talonflame|Swords Dance|p1a: Talonflame\n|-boost|p1a: Talonflame|atk|2\n|-activate|p2a: Oricorio|ability: Dancer\n|move|p2a: Oricorio|Swords Dance|p2a: Oricorio|[from] ability: Dancer\n|-boost|p2a: Oricorio|atk|2\n|move|p2a: Oricorio|Quiver Dance|p2a: Oricorio\n|-boost|p2a: Oricorio|spa|1\n|-boost|p2a: Oricorio|spd|1\n|-boost|p2a: Oricorio|spe|1\n|\n|upkeep\n|turn|9\n|inactive|Time left: 300 sec this turn | 300 sec total\n|\n|t:|1783551625\n|move|p2a: Oricorio|Hurricane|p1a: Talonflame\n|-damage|p1a: Talonflame|0 fnt\n|faint|p1a: Talonflame\n|\n|upkeep\n|\n|t:|1783551626\n|switch|p1a: Reuniclus|Reuniclus, L88, F|100/100\n|turn|10\n|inactive|Time left: 300 sec this turn | 300 sec total\n|\n|t:|1783551627\n|move|p2a: Oricorio|Quiver Dance|p2a: Oricorio\n|-boost|p2a: Oricorio|spa|1\n|-boost|p2a: Oricorio|spd|1\n|-boost|p2a: Oricorio|spe|1\n|move|p1a: Reuniclus|Psychic|p2a: Oricorio\n|-damage|p2a: Oricorio|84/257\n|\n|upkeep\n|turn|11\n|inactive|Time left: 300 sec this turn | 300 sec total\n|\n|t:|1783551628\n|move|p2a: Oricorio|Roost|p2a: Oricorio\n|-heal|p2a: Oricorio|213/257\n|-singleturn|p2a: Oricorio|move: Roost\n|move|p1a: Reuniclus|Psychic|p2a: Oricorio\n|-damage|p2a: Oricorio|114/257\n|\n|upkeep\n|turn|12\n|inactive|Time left: 300 sec this turn | 300 sec total\n|\n|t:|1783551629\n|move|p2a: Oricorio|Hurricane|p1a: Reuniclus|[miss]\n|-miss|p2a: Oricorio|p1a: Reuniclus\n|move|p1a: Reuniclus|Calm Mind|p1a: Reuniclus\n|-boost|p1a: Reuniclus|spa|1\n|-boost|p1a: Reuniclus|spd|1\n|\n|upkeep\n|turn|13\n|inactive|Time left: 300 sec this turn | 300 sec total\n|\n|t:|1783551630\n|move|p2a: Oricorio|Roost|p2a: Oricorio\n|-heal|p2a: Oricorio|243/257\n|-singleturn|p2a: Oricorio|move: Roost\n|move|p1a: Reuniclus|Psychic|p2a: Oricorio\n|-damage|p2a: Oricorio|103/257\n|\n|upkeep\n|turn|14\n|inactive|Time left: 300 sec this turn | 300 sec total\n|\n|t:|1783551631\n|move|p2a: Oricorio|Roost|p2a: Oricorio\n|-heal|p2a: Oricorio|232/257\n|-singleturn|p2a: Oricorio|move: Roost\n|move|p1a: Reuniclus|Psychic|p2a: Oricorio\n|-damage|p2a: Oricorio|79/257\n|\n|upkeep\n|turn|15\n|inactive|Time left: 300 sec this turn | 300 sec total\n|\n|t:|1783551632\n|move|p2a: Oricorio|Roost|p2a: Oricorio\n|-heal|p2a: Oricorio|208/257\n|-singleturn|p2a: Oricorio|move: Roost\n|move|p1a: Reuniclus|Psychic|p2a: Oricorio\n|-damage|p2a: Oricorio|60/257\n|\n|upkeep\n|turn|16\n|inactive|Time left: 300 sec this turn | 300 sec total\n|\n|t:|1783551633\n|move|p2a: Oricorio|Roost|p2a: Oricorio\n|-heal|p2a: Oricorio|189/257\n|-singleturn|p2a: Oricorio|move: Roost\n|move|p1a: Reuniclus|Psychic|p2a: Oricorio\n|-damage|p2a: Oricorio|36/257\n|\n|upkeep\n|turn|17\n|inactive|Time left: 300 sec this turn | 300 sec total\n|\n|t:|1783551634\n|move|p2a: Oricorio|Roost|p2a: Oricorio\n|-heal|p2a: Oricorio|165/257\n|-singleturn|p2a: Oricorio|move: Roost\n|move|p1a: Reuniclus|Psychic|p2a: Oricorio\n|-damage|p2a: Oricorio|12/257\n|-unboost|p2a: Oricorio|spd|1\n|\n|upkeep\n|turn|18\n|inactive|Time left: 300 sec this turn | 300 sec total\n|\n|t:|1783551635\n|move|p2a: Oricorio|Hurricane|p1a: Reuniclus|[miss]\n|-miss|p2a: Oricorio|p1a: Reuniclus\n|move|p1a: Reuniclus|Psychic|p2a: Oricorio\n|-damage|p2a: Oricorio|0 fnt\n|faint|p2a: Oricorio\n|\n|upkeep\n|inactive|Time left: 300 sec this turn | 300 sec total | 5 sec grace\n|\n|t:|1783551636\n|switch|p2a: Volcanion|Volcanion, L79|19/255\n|turn|19\n|inactive|Time left: 300 sec this turn | 300 sec total\n|\n|t:|1783551636\n|move|p2a: Volcanion|Flamethrower|p1a: Reuniclus\n|-damage|p1a: Reuniclus|79/100\n|move|p1a: Reuniclus|Calm Mind|p1a: Reuniclus\n|-boost|p1a: Reuniclus|spa|1\n|-boost|p1a: Reuniclus|spd|1\n|\n|upkeep\n|turn|20\n|inactive|Time left: 300 sec this turn | 300 sec total\n|\n|t:|1783551637\n|move|p2a: Volcanion|Flamethrower|p1a: Reuniclus\n|-damage|p1a: Reuniclus|63/100\n|move|p1a: Reuniclus|Psychic|p2a: Volcanion\n|-damage|p2a: Volcanion|0 fnt\n|faint|p2a: Volcanion\n|\n|upkeep\n|inactive|Time left: 300 sec this turn | 300 sec total | 5 sec grace\n|\n|t:|1783551638\n|switch|p2a: Oinkologne|Oinkologne-F, L92, F|361/361\n|turn|21\n|inactive|Time left: 300 sec this turn | 300 sec total\n|\n|t:|1783551639\n|move|p2a: Oinkologne|Body Slam|p1a: Reuniclus\n|-damage|p1a: Reuniclus|30/100\n|move|p1a: Reuniclus|Recover|p1a: Reuniclus\n|-heal|p1a: Reuniclus|81/100\n|\n|upkeep\n|turn|22\n|inactive|Time left: 300 sec this turn | 300 sec total\n|\n|t:|1783551639\n|move|p2a: Oinkologne|Body Slam|p1a: Reuniclus\n|-damage|p1a: Reuniclus|49/100\n|-status|p1a: Reuniclus|par\n|move|p1a: Reuniclus|Psychic|p2a: Oinkologne\n|-damage|p2a: Oinkologne|71/361\n|-unboost|p2a: Oinkologne|spd|1\n|\n|-heal|p2a: Oinkologne|93/361|[from] item: Leftovers\n|upkeep\n|turn|23\n|inactive|Time left: 300 sec this turn | 300 sec total\n|\n|t:|1783551641\n|move|p2a: Oinkologne|Body Slam|p1a: Reuniclus\n|-damage|p1a: Reuniclus|18/100 par\n|move|p1a: Reuniclus|Recover|p1a: Reuniclus\n|-heal|p1a: Reuniclus|68/100 par\n|\n|-heal|p2a: Oinkologne|115/361|[from] item: Leftovers\n|upkeep\n|turn|24\n|inactive|Time left: 300 sec this turn | 300 sec total\n|\n|t:|1783551642\n|move|p2a: Oinkologne|Body Slam|p1a: Reuniclus\n|-damage|p1a: Reuniclus|34/100 par\n|cant|p1a: Reuniclus|par\n|\n|-heal|p2a: Oinkologne|137/361|[from] item: Leftovers\n|upkeep\n|turn|25\n|inactive|Time left: 300 sec this turn | 300 sec total\n|\n|t:|1783551643\n|move|p2a: Oinkologne|Body Slam|p1a: Reuniclus\n|-crit|p1a: Reuniclus\n|-damage|p1a: Reuniclus|0 fnt\n|faint|p1a: Reuniclus\n|\n|-heal|p2a: Oinkologne|159/361|[from] item: Leftovers\n|upkeep\n|\n|t:|1783551644\n|switch|p1a: Dipplin|Dipplin, L88, F|100/100\n|turn|26\n|inactive|Time left: 300 sec this turn | 300 sec total\n|\n|t:|1783551645\n|switch|p2a: Jolteon|Jolteon, L84, M|246/246\n|move|p1a: Dipplin|Dragon Pulse|p2a: Jolteon\n|-damage|p2a: Jolteon|162/246\n|\n|-heal|p2a: Jolteon|177/246|[from] item: Leftovers\n|upkeep\n|turn|27\n|inactive|Time left: 300 sec this turn | 300 sec total\n|\n|t:|1783551646\n|move|p2a: Jolteon|Calm Mind|p2a: Jolteon\n|-boost|p2a: Jolteon|spa|1\n|-boost|p2a: Jolteon|spd|1\n|move|p1a: Dipplin|Giga Drain|p2a: Jolteon\n|-damage|p2a: Jolteon|117/246\n|\n|-heal|p2a: Jolteon|132/246|[from] item: Leftovers\n|upkeep\n|turn|28\n|inactive|Time left: 300 sec this turn | 300 sec total\n|\n|t:|1783551647\n|switch|p1a: Mesprit|Mesprit, L85|100/100\n|-terastallize|p2a: Jolteon|Ice\n|move|p2a: Jolteon|Tera Blast|p1a: Mesprit|[anim] Tera Blast Ice\n|-damage|p1a: Mesprit|59/100\n|\n|-heal|p2a: Jolteon|147/246|[from] item: Leftovers\n|-heal|p1a: Mesprit|65/100|[from] item: Leftovers\n|upkeep\n|turn|29\n|inactive|Time left: 300 sec this turn | 300 sec total\n|\n|t:|1783551648\n|move|p2a: Jolteon|Thunderbolt|p1a: Mesprit\n|-damage|p1a: Mesprit|13/100\n|move|p1a: Mesprit|Stealth Rock|p2a: Jolteon\n|-sidestart|p2: p0y10108356|move: Stealth Rock\n|\n|-heal|p2a: Jolteon|162/246|[from] item: Leftovers\n|-heal|p1a: Mesprit|19/100|[from] item: Leftovers\n|upkeep\n|turn|30\n|inactive|Time left: 300 sec this turn | 300 sec total\n|\n|t:|1783551649\n|switch|p1a: Dipplin|Dipplin, L88, F|100/100\n|move|p2a: Jolteon|Tera Blast|p1a: Dipplin|[anim] Tera Blast Ice\n|-supereffective|p1a: Dipplin\n|-damage|p1a: Dipplin|0 fnt\n|faint|p1a: Dipplin\n|\n|-heal|p2a: Jolteon|177/246|[from] item: Leftovers\n|upkeep\n|\n|t:|1783551650\n|switch|p1a: Mesprit|Mesprit, L85|19/100\n|turn|31\n|inactive|Time left: 300 sec this turn | 300 sec total\n|\n|t:|1783551650\n|move|p2a: Jolteon|Thunderbolt|p1a: Mesprit\n|-damage|p1a: Mesprit|0 fnt\n|faint|p1a: Mesprit\n|\n|win|p0y10108356", "uploadtime": 1783551650, "views": 0, "rating": 0, "private": 0, "password": null, "_winner": "p0y10108356", "_our_name": "p0y10108356"}