{"id": "battle-gen9randombattle-1469", "formatid": "gen9randombattle", "format": "[Gen 9] Random Battle", "players": ["p0x14694033", "p0y1469b769"], "log": "|init|battle\n|title|p0x14694033 vs. p0y1469b769\n|j|\u2606p0x14694033\n|j|\u2606p0y1469b769\n|t:|1783556180\n|gametype|singles\n|player|p1|p0x14694033|170|\n|player|p2|p0y1469b769|266|\n|gen|9\n|tier|[Gen 9] Random Battle\n|rule|Species Clause: Limit one of each Pok\u00e9mon\n|rule|HP Percentage Mod: HP is shown in percentages\n|rule|Sleep Clause Mod: Limit one foe put to sleep\n|rule|Illusion Level Mod: Illusion disguises the Pok\u00e9mon's true level\n|\n|t:|1783556180\n|teamsize|p1|6\n|teamsize|p2|6\n|start\n|switch|p1a: Ogerpon|Ogerpon-Cornerstone, L76, F|100/100\n|switch|p2a: Pelipper|Pelipper, L86, M|243/243\n|-weather|RainDance|[from] ability: Drizzle|[of] p2a: Pelipper\n|turn|1\n|inactive|Battle timer is ON: inactive players will automatically lose when time's up. (requested by p0x14694033)\n|inactive|Time left: 300 sec this turn | 300 sec total | 60 sec grace\n|inactive|p0y1469b769 also wants the timer to be on.\n|\n|t:|1783556181\n|-terastallize|p1a: Ogerpon|Rock\n|detailschange|p1a: Ogerpon|Ogerpon-Cornerstone-Tera, L76, F, tera:Rock\n|-ability|p1a: Ogerpon|Embody Aspect (Cornerstone)|boost\n|-boost|p1a: Ogerpon|def|1\n|move|p1a: Ogerpon|Ivy Cudgel|p2a: Pelipper|[anim] Ivy Cudgel Rock\n|-supereffective|p2a: Pelipper\n|-damage|p2a: Pelipper|0 fnt\n|faint|p2a: Pelipper\n|\n|-weather|RainDance|[upkeep]\n|upkeep\n|inactive|Time left: 300 sec this turn | 300 sec total | 65 sec grace\n|\n|t:|1783556183\n|switch|p2a: Arboliva|Arboliva, L91, M|290/290\n|turn|2\n|inactive|Time left: 300 sec this turn | 300 sec total\n|\n|t:|1783556184\n|move|p1a: Ogerpon|Ivy Cudgel|p2a: Arboliva|[anim] Ivy Cudgel Rock\n|-damage|p2a: Arboliva|150/290\n|-fieldstart|move: Grassy Terrain|[from] ability: Seed Sower|[of] p2a: Arboliva\n|move|p2a: Arboliva|Energy Ball|p1a: Ogerpon\n|-supereffective|p1a: Ogerpon\n|-damage|p1a: Ogerpon|0 fnt\n|faint|p1a: Ogerpon\n|detailschange|p1: Ogerpon|Ogerpon-Cornerstone, L76, F|[silent]\n|\n|-weather|RainDance|[upkeep]\n|-heal|p2a: Arboliva|168/290|[from] Grassy Terrain\n|-heal|p2a: Arboliva|186/290|[from] item: Leftovers\n|upkeep\n|\n|t:|1783556185\n|switch|p1a: Lapras|Lapras, L87, M|100/100\n|turn|3\n|inactive|Time left: 300 sec this turn | 300 sec total\n|\n|t:|1783556186\n|move|p1a: Lapras|Icicle Spear|p2a: Arboliva\n|-supereffective|p2a: Arboliva\n|-damage|p2a: Arboliva|136/290\n|-supereffective|p2a: Arboliva\n|-damage|p2a: Arboliva|86/290\n|-supereffective|p2a: Arboliva\n|-damage|p2a: Arboliva|36/290\n|-supereffective|p2a: Arboliva\n|-damage|p2a: Arboliva|0 fnt\n|faint|p2a: Arboliva\n|-hitcount|p2: Arboliva|4\n|\n|-weather|RainDance|[upkeep]\n|upkeep\n|inactive|Time left: 300 sec this turn | 300 sec total | 5 sec grace\n|\n|t:|1783556188\n|switch|p2a: Iron Valiant|Iron Valiant, L78|244/244\n|turn|4\n|inactive|Time left: 300 sec this turn | 300 sec total\n|\n|t:|1783556189\n|move|p2a: Iron Valiant|Close Combat|p1a: Lapras\n|-supereffective|p1a: Lapras\n|-damage|p1a: Lapras|0 fnt\n|-unboost|p2a: Iron Valiant|def|1\n|-unboost|p2a: Iron Valiant|spd|1\n|faint|p1a: Lapras\n|-damage|p2a: Iron Valiant|220/244|[from] item: Life Orb\n|\n|-weather|RainDance|[upkeep]\n|-heal|p2a: Iron Valiant|235/244|[from] Grassy Terrain\n|upkeep\n|\n|t:|1783556190\n|switch|p1a: Emboar|Emboar, L84, F|100/100\n|turn|5\n|inactive|Time left: 300 sec this turn | 300 sec total\n|\n|t:|1783556191\n|move|p2a: Iron Valiant|Swords Dance|p2a: Iron Valiant\n|-boost|p2a: Iron Valiant|atk|2\n|move|p1a: Emboar|Scald|p2a: Iron Valiant\n|-damage|p2a: Iron Valiant|46/244\n|\n|-weather|none\n|-heal|p2a: Iron Valiant|61/244|[from] Grassy Terrain\n|upkeep\n|turn|6\n|inactive|Time left: 300 sec this turn | 300 sec total\n|\n|t:|1783556192\n|switch|p1a: Gliscor|Gliscor, L76, M|100/100\n|move|p2a: Iron Valiant|Close Combat|p1a: Gliscor\n|-resisted|p1a: Gliscor\n|-damage|p1a: Gliscor|41/100\n|-unboost|p2a: Iron Valiant|def|1\n|-unboost|p2a: Iron Valiant|spd|1\n|-damage|p2a: Iron Valiant|37/244|[from] item: Life Orb\n|\n|-heal|p2a: Iron Valiant|52/244|[from] Grassy Terrain\n|-fieldend|move: Grassy Terrain\n|-status|p1a: Gliscor|tox|[from] item: Toxic Orb\n|upkeep\n|turn|7\n|inactive|Time left: 300 sec this turn | 300 sec total\n|\n|t:|1783556193\n|move|p1a: Gliscor|Protect|p1a: Gliscor\n|-singleturn|p1a: Gliscor|Protect\n|move|p2a: Iron Valiant|Knock Off|p1a: Gliscor\n|-activate|p1a: Gliscor|move: Protect\n|\n|-heal|p1a: Gliscor|53/100 tox|[from] ability: Poison Heal\n|upkeep\n|turn|8\n|inactive|Time left: 300 sec this turn | 300 sec total\n|\n|t:|1783556194\n|move|p1a: Gliscor|Protect||[still]\n|-fail|p1a: Gliscor\n|move|p2a: Iron Valiant|Close Combat|p1a: Gliscor\n|-resisted|p1a: Gliscor\n|-damage|p1a: Gliscor|0 fnt\n|-unboost|p2a: Iron Valiant|def|1\n|-unboost|p2a: Iron Valiant|spd|1\n|faint|p1a: Gliscor\n|-damage|p2a: Iron Valiant|28/244|[from] item: Life Orb\n|\n|upkeep\n|\n|t:|1783556196\n|switch|p1a: Reshiram|Reshiram, L76|100/100\n|-ability|p1a: Reshiram|Turboblaze\n|turn|9\n|inactive|Time left: 300 sec this turn | 300 sec total\n|\n|t:|1783556197\n|move|p2a: Iron Valiant|Close Combat|p1a: Reshiram\n|-damage|p1a: Reshiram|0 fnt\n|-unboost|p2a: Iron Valiant|def|1\n|-unboost|p2a: Iron Valiant|spd|1\n|faint|p1a: Reshiram\n|-damage|p2a: Iron Valiant|4/244|[from] item: Life Orb\n|\n|upkeep\n|\n|t:|1783556198\n|switch|p1a: Emboar|Emboar, L84, F|100/100\n|turn|10\n|inactive|Time left: 300 sec this turn | 300 sec total\n|\n|t:|1783556199\n|move|p2a: Iron Valiant|Close Combat|p1a: Emboar\n|-damage|p1a: Emboar|0 fnt\n|-unboost|p2a: Iron Valiant|def|1\n|-unboost|p2a: Iron Valiant|spd|1\n|faint|p1a: Emboar\n|-damage|p2a: Iron Valiant|0 fnt|[from] item: Life Orb\n|faint|p2a: Iron Valiant\n|-end|p2a: Iron Valiant|Quark Drive|[silent]\n|\n|upkeep\n|inactive|Time left: 300 sec this turn | 300 sec total | 5 sec grace\n|\n|t:|1783556200\n|switch|p2a: Solgaleo|Solgaleo, L74|325/325\n|switch|p1a: Zarude|Zarude, L77|100/100\n|turn|11\n|inactive|Time left: 300 sec this turn | 300 sec total\n|\n|t:|1783556201\n|move|p1a: Zarude|Knock Off|p2a: Solgaleo\n|-supereffective|p2a: Solgaleo\n|-damage|p2a: Solgaleo|5/325\n|-damage|p1a: Zarude|84/100|[from] item: Rocky Helmet|[of] p2a: Solgaleo\n|-enditem|p2a: Solgaleo|Rocky Helmet|[from] move: Knock Off|[of] p1a: Zarude\n|move|p2a: Solgaleo|Close Combat|p1a: Zarude\n|-supereffective|p1a: Zarude\n|-damage|p1a: Zarude|28/100\n|-unboost|p2a: Solgaleo|def|1\n|-unboost|p2a: Solgaleo|spd|1\n|\n|upkeep\n|turn|12\n|inactive|Time left: 300 sec this turn | 300 sec total\n|\n|t:|1783556202\n|-terastallize|p2a: Solgaleo|Water\n|move|p1a: Zarude|Knock Off|p2a: Solgaleo\n|-damage|p2a: Solgaleo|0 fnt\n|faint|p2a: Solgaleo\n|\n|upkeep\n|inactive|Time left: 300 sec this turn | 300 sec total | 5 sec grace\n|\n|t:|1783556203\n|switch|p2a: Kricketune|Kricketune, L99, F|312/312\n|turn|13\n|inactive|Time left: 300 sec this turn | 300 sec total\n|\n|t:|1783556204\n|move|p1a: Zarude|Knock Off|p2a: Kricketune\n|-damage|p2a: Kricketune|107/312\n|-enditem|p2a: Kricketune|Heavy-Duty Boots|[from] move: Knock Off|[of] p1a: Zarude\n|move|p2a: Kricketune|Pounce|p1a: Zarude\n|-supereffective|p1a: Zarude\n|-damage|p1a: Zarude|0 fnt\n|faint|p1a: Zarude\n|\n|win|p0y1469b769", "uploadtime": 1783556204, "views": 0, "rating": 0, "private": 0, "password": null, "_winner": "p0y1469b769", "_our_name": "p0y1469b769"}