{"id": "battle-gen9randombattle-323", "formatid": "gen9randombattle", "format": "[Gen 9] Random Battle", "players": ["p0x323e242", "p0y3236ef0"], "log": "|init|battle\n|title|p0x323e242 vs. p0y3236ef0\n|j|\u2606p0x323e242\n|j|\u2606p0y3236ef0\n|t:|1783542811\n|gametype|singles\n|player|p1|p0x323e242|266|\n|player|p2|p0y3236ef0|265|\n|gen|9\n|tier|[Gen 9] Random Battle\n|rule|Species Clause: Limit one of each Pok\u00e9mon\n|rule|HP Percentage Mod: HP is shown in percentages\n|rule|Sleep Clause Mod: Limit one foe put to sleep\n|rule|Illusion Level Mod: Illusion disguises the Pok\u00e9mon's true level\n|\n|t:|1783542811\n|teamsize|p1|6\n|teamsize|p2|6\n|start\n|switch|p1a: Serperior|Serperior, L79, F|248/248\n|switch|p2a: Volcarona|Volcarona, L77, F|100/100\n|turn|1\n|inactive|Battle timer is ON: inactive players will automatically lose when time's up. (requested by p0x323e242)\n|inactive|p0y3236ef0 also wants the timer to be on.\n|\n|t:|1783542813\n|move|p1a: Serperior|Leaf Storm|p2a: Volcarona\n|-resisted|p2a: Volcarona\n|-damage|p2a: Volcarona|92/100\n|-boost|p1a: Serperior|spa|2\n|move|p2a: Volcarona|Quiver Dance|p2a: Volcarona\n|-boost|p2a: Volcarona|spa|1\n|-boost|p2a: Volcarona|spd|1\n|-boost|p2a: Volcarona|spe|1\n|\n|upkeep\n|turn|2\n|inactive|Time left: 300 sec this turn | 300 sec total | 60 sec grace\n|\n|t:|1783542814\n|-terastallize|p1a: Serperior|Fire\n|move|p2a: Volcarona|Fiery Dance|p1a: Serperior\n|-resisted|p1a: Serperior\n|-damage|p1a: Serperior|181/248\n|move|p1a: Serperior|Leech Seed|p2a: Volcarona|[miss]\n|-miss|p1a: Serperior|p2a: Volcarona\n|\n|-heal|p1a: Serperior|196/248|[from] item: Leftovers\n|upkeep\n|turn|3\n|inactive|Time left: 300 sec this turn | 300 sec total\n|\n|t:|1783542815\n|move|p2a: Volcarona|Quiver Dance|p2a: Volcarona\n|-boost|p2a: Volcarona|spa|1\n|-boost|p2a: Volcarona|spd|1\n|-boost|p2a: Volcarona|spe|1\n|move|p1a: Serperior|Leech Seed|p2a: Volcarona\n|-start|p2a: Volcarona|move: Leech Seed\n|\n|-heal|p1a: Serperior|211/248|[from] item: Leftovers\n|-damage|p2a: Volcarona|79/100|[from] Leech Seed|[of] p1a: Serperior\n|-heal|p1a: Serperior|243/248|[silent]\n|upkeep\n|turn|4\n|inactive|Time left: 300 sec this turn | 300 sec total\n|\n|t:|1783542816\n|move|p2a: Volcarona|Quiver Dance|p2a: Volcarona\n|-boost|p2a: Volcarona|spa|1\n|-boost|p2a: Volcarona|spd|1\n|-boost|p2a: Volcarona|spe|1\n|move|p1a: Serperior|Leaf Storm|p2a: Volcarona\n|-resisted|p2a: Volcarona\n|-damage|p2a: Volcarona|72/100\n|-boost|p1a: Serperior|spa|2\n|\n|-heal|p1a: Serperior|248/248|[from] item: Leftovers\n|-damage|p2a: Volcarona|60/100|[from] Leech Seed|[of] p1a: Serperior\n|upkeep\n|turn|5\n|inactive|Time left: 300 sec this turn | 300 sec total\n|\n|t:|1783542818\n|-terastallize|p2a: Volcarona|Fire\n|move|p2a: Volcarona|Fiery Dance|p1a: Serperior\n|-resisted|p1a: Serperior\n|-damage|p1a: Serperior|82/248\n|-boost|p2a: Volcarona|spa|1\n|move|p1a: Serperior|Tera Blast|p2a: Volcarona|[anim] Tera Blast Fire\n|-resisted|p2a: Volcarona\n|-damage|p2a: Volcarona|46/100\n|\n|-heal|p1a: Serperior|97/248|[from] item: Leftovers\n|-damage|p2a: Volcarona|34/100|[from] Leech Seed|[of] p1a: Serperior\n|-heal|p1a: Serperior|129/248|[silent]\n|upkeep\n|turn|6\n|inactive|Time left: 300 sec this turn | 300 sec total\n|\n|t:|1783542819\n|move|p2a: Volcarona|Fiery Dance|p1a: Serperior\n|-resisted|p1a: Serperior\n|-damage|p1a: Serperior|0 fnt\n|-boost|p2a: Volcarona|spa|1\n|faint|p1a: Serperior\n|\n|upkeep\n|inactive|Time left: 300 sec this turn | 300 sec total | 5 sec grace\n|\n|t:|1783542820\n|switch|p1a: Beartic|Beartic, L91, M|321/321\n|turn|7\n|inactive|Time left: 300 sec this turn | 300 sec total\n|\n|t:|1783542821\n|move|p1a: Beartic|Aqua Jet|p2a: Volcarona\n|-supereffective|p2a: Volcarona\n|-damage|p2a: Volcarona|0 fnt\n|-status|p1a: Beartic|brn|[from] ability: Flame Body|[of] p2a: Volcarona\n|faint|p2a: Volcarona\n|\n|-damage|p1a: Beartic|301/321 brn|[from] brn\n|upkeep\n|\n|t:|1783542822\n|switch|p2a: Kricketune|Kricketune, L99, F|100/100\n|turn|8\n|inactive|Time left: 300 sec this turn | 300 sec total\n|\n|t:|1783542824\n|switch|p1a: Pyroar|Pyroar, L88, M|295/295\n|-ability|p1a: Pyroar|Unnerve\n|move|p2a: Kricketune|Sticky Web|p1a: Pyroar\n|-sidestart|p1: p0x323e242|move: Sticky Web\n|\n|upkeep\n|turn|9\n|inactive|Time left: 300 sec this turn | 300 sec total\n|\n|t:|1783542825\n|switch|p2a: Entei|Entei, L78|100/100\n|move|p1a: Pyroar|Fire Blast|p2a: Entei\n|-resisted|p2a: Entei\n|-damage|p2a: Entei|74/100\n|\n|upkeep\n|turn|10\n|inactive|Time left: 300 sec this turn | 300 sec total\n|\n|t:|1783542826\n|move|p1a: Pyroar|Hyper Voice|p2a: Entei\n|-damage|p2a: Entei|31/100\n|move|p2a: Entei|Stone Edge|p1a: Pyroar\n|-supereffective|p1a: Pyroar\n|-crit|p1a: Pyroar\n|-damage|p1a: Pyroar|0 fnt\n|faint|p1a: Pyroar\n|\n|upkeep\n|inactive|Time left: 300 sec this turn | 300 sec total | 5 sec grace\n|\n|t:|1783542827\n|switch|p1a: Excadrill|Excadrill, L79, F|303/303\n|-activate|p1a: Excadrill|move: Sticky Web\n|-unboost|p1a: Excadrill|spe|1\n|-ability|p1a: Excadrill|Mold Breaker\n|turn|11\n|inactive|Time left: 300 sec this turn | 300 sec total\n|\n|t:|1783542828\n|switch|p2a: Houndstone|Houndstone, L86, M|100/100\n|move|p1a: Excadrill|Rapid Spin|p2a: Houndstone\n|-immune|p2a: Houndstone\n|\n|upkeep\n|turn|12\n|inactive|Time left: 300 sec this turn | 300 sec total\n|\n|t:|1783542829\n|switch|p1a: Beartic|Beartic, L91, M|301/321 brn\n|-activate|p1a: Beartic|move: Sticky Web\n|-unboost|p1a: Beartic|spe|1\n|move|p2a: Houndstone|Poltergeist|p1a: Beartic\n|-activate|p1a: Beartic|move: Poltergeist|Choice Band\n|-damage|p1a: Beartic|186/321 brn\n|\n|-damage|p1a: Beartic|166/321 brn|[from] brn\n|upkeep\n|turn|13\n|inactive|Time left: 300 sec this turn | 300 sec total\n|\n|t:|1783542830\n|move|p2a: Houndstone|Poltergeist|p1a: Beartic\n|-activate|p1a: Beartic|move: Poltergeist|Choice Band\n|-damage|p1a: Beartic|34/321 brn\n|move|p1a: Beartic|Earthquake|p2a: Houndstone\n|-damage|p2a: Houndstone|73/100\n|\n|-heal|p2a: Houndstone|79/100|[from] item: Leftovers\n|-damage|p1a: Beartic|14/321 brn|[from] brn\n|upkeep\n|turn|14\n|inactive|Time left: 300 sec this turn | 300 sec total\n|\n|t:|1783542831\n|move|p2a: Houndstone|Poltergeist|p1a: Beartic\n|-activate|p1a: Beartic|move: Poltergeist|Choice Band\n|-damage|p1a: Beartic|0 fnt\n|faint|p1a: Beartic\n|\n|-heal|p2a: Houndstone|85/100|[from] item: Leftovers\n|upkeep\n|inactive|Time left: 300 sec this turn | 300 sec total | 5 sec grace\n|\n|t:|1783542832\n|switch|p1a: Sandy Shocks|Sandy Shocks, L80|267/267\n|turn|15\n|inactive|Time left: 300 sec this turn | 300 sec total\n|\n|t:|1783542833\n|move|p1a: Sandy Shocks|Thunderbolt|p2a: Houndstone\n|-damage|p2a: Houndstone|50/100\n|move|p2a: Houndstone|Poltergeist|p1a: Sandy Shocks\n|-activate|p1a: Sandy Shocks|move: Poltergeist|Heavy-Duty Boots\n|-damage|p1a: Sandy Shocks|143/267\n|\n|-heal|p2a: Houndstone|56/100|[from] item: Leftovers\n|upkeep\n|turn|16\n|inactive|Time left: 300 sec this turn | 300 sec total\n|\n|t:|1783542834\n|move|p1a: Sandy Shocks|Earth Power|p2a: Houndstone\n|-damage|p2a: Houndstone|21/100\n|move|p2a: Houndstone|Rest|p2a: Houndstone\n|-status|p2a: Houndstone|slp|[from] move: Rest\n|-heal|p2a: Houndstone|100/100 slp|[silent]\n|\n|upkeep\n|turn|17\n|inactive|Time left: 300 sec this turn | 300 sec total\n|\n|t:|1783542835\n|move|p1a: Sandy Shocks|Earth Power|p2a: Houndstone\n|-damage|p2a: Houndstone|66/100 slp\n|cant|p2a: Houndstone|slp\n|move|p2a: Houndstone|Sleep Talk|p2a: Houndstone\n|move|p2a: Houndstone|Body Press|p1a: Sandy Shocks|[from] move: Sleep Talk\n|-crit|p1a: Sandy Shocks\n|-damage|p1a: Sandy Shocks|53/267\n|\n|-heal|p2a: Houndstone|72/100 slp|[from] item: Leftovers\n|upkeep\n|turn|18\n|inactive|Time left: 300 sec this turn | 300 sec total\n|\n|t:|1783542836\n|move|p1a: Sandy Shocks|Earth Power|p2a: Houndstone\n|-damage|p2a: Houndstone|33/100 slp\n|cant|p2a: Houndstone|slp\n|move|p2a: Houndstone|Sleep Talk|p2a: Houndstone\n|move|p2a: Houndstone|Poltergeist|p1a: Sandy Shocks|[from] move: Sleep Talk\n|-activate|p1a: Sandy Shocks|move: Poltergeist|Heavy-Duty Boots\n|-damage|p1a: Sandy Shocks|0 fnt\n|faint|p1a: Sandy Shocks\n|-end|p1a: Sandy Shocks|Protosynthesis|[silent]\n|\n|-heal|p2a: Houndstone|40/100 slp|[from] item: Leftovers\n|upkeep\n|inactive|Time left: 300 sec this turn | 300 sec total | 5 sec grace\n|\n|t:|1783542837\n|switch|p1a: Excadrill|Excadrill, L79, F|303/303\n|-activate|p1a: Excadrill|move: Sticky Web\n|-unboost|p1a: Excadrill|spe|1\n|-ability|p1a: Excadrill|Mold Breaker\n|turn|19\n|inactive|Time left: 300 sec this turn | 300 sec total\n|\n|t:|1783542838\n|-curestatus|p2a: Houndstone|slp|[msg]\n|move|p2a: Houndstone|Body Press|p1a: Excadrill\n|-supereffective|p1a: Excadrill\n|-damage|p1a: Excadrill|135/303\n|move|p1a: Excadrill|Earthquake|p2a: Houndstone\n|-damage|p2a: Houndstone|0 fnt\n|faint|p2a: Houndstone\n|\n|upkeep\n|\n|t:|1783542838\n|switch|p2a: Entei|Entei, L78|31/100\n|turn|20\n|inactive|Time left: 300 sec this turn | 300 sec total\n|\n|t:|1783542839\n|switch|p1a: Floatzel|Floatzel, L86, F|286/286\n|-activate|p1a: Floatzel|move: Sticky Web\n|-unboost|p1a: Floatzel|spe|1\n|move|p2a: Entei|Sacred Fire|p1a: Floatzel\n|-resisted|p1a: Floatzel\n|-damage|p1a: Floatzel|175/286\n|\n|upkeep\n|turn|21\n|inactive|Time left: 300 sec this turn | 300 sec total\n|\n|t:|1783542840\n|move|p2a: Entei|Sacred Fire|p1a: Floatzel\n|-resisted|p1a: Floatzel\n|-damage|p1a: Floatzel|64/286\n|move|p1a: Floatzel|Crunch|p2a: Entei\n|-damage|p2a: Entei|0 fnt\n|faint|p2a: Entei\n|\n|upkeep\n|\n|t:|1783542841\n|switch|p2a: Greedent|Greedent, L86, F|100/100\n|turn|22\n|inactive|Time left: 300 sec this turn | 300 sec total\n|\n|t:|1783542843\n|move|p1a: Floatzel|Crunch|p2a: Greedent\n|-damage|p2a: Greedent|75/100\n|-unboost|p2a: Greedent|def|1\n|move|p2a: Greedent|Earthquake|p1a: Floatzel\n|-damage|p1a: Floatzel|0 fnt\n|faint|p1a: Floatzel\n|\n|upkeep\n|inactive|Time left: 300 sec this turn | 300 sec total | 5 sec grace\n|\n|t:|1783542844\n|switch|p1a: Excadrill|Excadrill, L79, F|135/303\n|-activate|p1a: Excadrill|move: Sticky Web\n|-unboost|p1a: Excadrill|spe|1\n|-ability|p1a: Excadrill|Mold Breaker\n|turn|23\n|inactive|Time left: 300 sec this turn | 300 sec total\n|\n|t:|1783542844\n|move|p1a: Excadrill|Iron Head|p2a: Greedent\n|-damage|p2a: Greedent|37/100\n|-enditem|p2a: Greedent|Sitrus Berry|[eat]\n|-heal|p2a: Greedent|61/100|[from] item: Sitrus Berry\n|-heal|p2a: Greedent|94/100|[from] ability: Cheek Pouch\n|move|p2a: Greedent|Earthquake|p1a: Excadrill\n|-supereffective|p1a: Excadrill\n|-damage|p1a: Excadrill|0 fnt\n|faint|p1a: Excadrill\n|\n|win|p0y3236ef0", "uploadtime": 1783542844, "views": 0, "rating": 0, "private": 0, "password": null, "_winner": "p0y3236ef0", "_our_name": "p0x323e242"}