{"id": "battle-gen9randombattle-562", "formatid": "gen9randombattle", "format": "[Gen 9] Random Battle", "players": ["p0x562c16e", "p0y562ab4f"], "log": "|init|battle\n|title|p0x562c16e vs. p0y562ab4f\n|j|\u2606p0x562c16e\n|j|\u2606p0y562ab4f\n|t:|1783546305\n|gametype|singles\n|player|p1|p0x562c16e|102|\n|player|p2|p0y562ab4f|2|\n|gen|9\n|tier|[Gen 9] Random Battle\n|rule|Species Clause: Limit one of each Pok\u00e9mon\n|rule|HP Percentage Mod: HP is shown in percentages\n|rule|Sleep Clause Mod: Limit one foe put to sleep\n|rule|Illusion Level Mod: Illusion disguises the Pok\u00e9mon's true level\n|\n|t:|1783546305\n|teamsize|p1|6\n|teamsize|p2|6\n|start\n|switch|p1a: Hitmonchan|Hitmonchan, L87, M|100/100\n|switch|p2a: Vikavolt|Vikavolt, L83, F|263/263\n|turn|1\n|inactive|Battle timer is ON: inactive players will automatically lose when time's up. (requested by p0x562c16e)\n|inactive|Time left: 300 sec this turn | 300 sec total | 60 sec grace\n|inactive|p0y562ab4f also wants the timer to be on.\n|\n|t:|1783546306\n|move|p1a: Hitmonchan|Bulk Up|p1a: Hitmonchan\n|-boost|p1a: Hitmonchan|atk|1\n|-boost|p1a: Hitmonchan|def|1\n|move|p2a: Vikavolt|Sticky Web|p1a: Hitmonchan\n|-sidestart|p1: p0x562c16e|move: Sticky Web\n|\n|upkeep\n|turn|2\n|inactive|Time left: 300 sec this turn | 300 sec total\n|\n|t:|1783546307\n|switch|p2a: Carbink|Carbink, L90|236/236\n|move|p1a: Hitmonchan|Knock Off|p2a: Carbink\n|-resisted|p2a: Carbink\n|-damage|p2a: Carbink|200/236\n|-enditem|p2a: Carbink|Chesto Berry|[from] move: Knock Off|[of] p1a: Hitmonchan\n|\n|upkeep\n|turn|3\n|inactive|Time left: 300 sec this turn | 300 sec total\n|\n|t:|1783546308\n|move|p1a: Hitmonchan|Bulk Up|p1a: Hitmonchan\n|-boost|p1a: Hitmonchan|atk|1\n|-boost|p1a: Hitmonchan|def|1\n|move|p2a: Carbink|Iron Defense|p2a: Carbink\n|-boost|p2a: Carbink|def|2\n|\n|upkeep\n|turn|4\n|inactive|Time left: 300 sec this turn | 300 sec total\n|\n|t:|1783546309\n|move|p1a: Hitmonchan|Drain Punch|p2a: Carbink\n|-damage|p2a: Carbink|130/236\n|move|p2a: Carbink|Moonblast|p1a: Hitmonchan\n|-supereffective|p1a: Hitmonchan\n|-damage|p1a: Hitmonchan|45/100\n|\n|-heal|p1a: Hitmonchan|51/100|[from] item: Leftovers\n|upkeep\n|turn|5\n|inactive|Time left: 300 sec this turn | 300 sec total\n|\n|t:|1783546310\n|move|p1a: Hitmonchan|Drain Punch|p2a: Carbink\n|-damage|p2a: Carbink|60/236\n|-heal|p1a: Hitmonchan|66/100|[from] drain|[of] p2a: Carbink\n|move|p2a: Carbink|Moonblast|p1a: Hitmonchan\n|-supereffective|p1a: Hitmonchan\n|-damage|p1a: Hitmonchan|13/100\n|\n|-heal|p1a: Hitmonchan|19/100|[from] item: Leftovers\n|upkeep\n|turn|6\n|inactive|Time left: 300 sec this turn | 300 sec total\n|\n|t:|1783546311\n|move|p1a: Hitmonchan|Drain Punch|p2a: Carbink\n|-damage|p2a: Carbink|0 fnt\n|-heal|p1a: Hitmonchan|32/100|[from] drain|[of] p2a: Carbink\n|faint|p2a: Carbink\n|\n|-heal|p1a: Hitmonchan|38/100|[from] item: Leftovers\n|upkeep\n|inactive|Time left: 300 sec this turn | 300 sec total | 5 sec grace\n|\n|t:|1783546312\n|switch|p2a: Enamorus|Enamorus, L79, F|247/247\n|turn|7\n|inactive|Time left: 300 sec this turn | 300 sec total\n|\n|t:|1783546313\n|move|p2a: Enamorus|Play Rough|p1a: Hitmonchan\n|-supereffective|p1a: Hitmonchan\n|-damage|p1a: Hitmonchan|0 fnt\n|faint|p1a: Hitmonchan\n|\n|upkeep\n|\n|t:|1783546314\n|switch|p1a: Ninetales|Ninetales, L85, F|100/100\n|-weather|SunnyDay|[from] ability: Drought|[of] p1a: Ninetales\n|turn|8\n|inactive|Time left: 300 sec this turn | 300 sec total\n|\n|t:|1783546316\n|move|p1a: Ninetales|Fire Blast|p2a: Enamorus\n|-damage|p2a: Enamorus|78/247\n|move|p2a: Enamorus|Superpower|p1a: Ninetales\n|-damage|p1a: Ninetales|63/100\n|-boost|p2a: Enamorus|atk|1\n|-boost|p2a: Enamorus|def|1\n|\n|-weather|SunnyDay|[upkeep]\n|-heal|p2a: Enamorus|93/247|[from] item: Leftovers\n|upkeep\n|turn|9\n|inactive|Time left: 300 sec this turn | 300 sec total\n|\n|t:|1783546317\n|switch|p2a: Flareon|Flareon, L90, M|263/263\n|move|p1a: Ninetales|Fire Blast|p2a: Flareon\n|-resisted|p2a: Flareon\n|-damage|p2a: Flareon|204/263\n|\n|-weather|SunnyDay|[upkeep]\n|-status|p2a: Flareon|tox|[from] item: Toxic Orb\n|upkeep\n|turn|10\n|inactive|Time left: 300 sec this turn | 300 sec total\n|\n|t:|1783546318\n|switch|p1a: Luxray|Luxray, L88, F|100/100\n|-activate|p1a: Luxray|move: Sticky Web\n|-unboost|p1a: Luxray|spe|1\n|-ability|p1a: Luxray|Intimidate|boost\n|-unboost|p2a: Flareon|atk|1\n|move|p2a: Flareon|Facade|p1a: Luxray\n|-damage|p1a: Luxray|50/100\n|\n|-weather|SunnyDay|[upkeep]\n|-damage|p2a: Flareon|188/263 tox|[from] psn\n|upkeep\n|turn|11\n|inactive|Time left: 300 sec this turn | 300 sec total\n|\n|t:|1783546319\n|move|p2a: Flareon|Facade|p1a: Luxray\n|-damage|p1a: Luxray|0 fnt\n|faint|p1a: Luxray\n|\n|-weather|SunnyDay|[upkeep]\n|-damage|p2a: Flareon|156/263 tox|[from] psn\n|upkeep\n|\n|t:|1783546320\n|switch|p1a: Hydreigon|Hydreigon, L79, M|100/100\n|turn|12\n|inactive|Time left: 300 sec this turn | 300 sec total\n|\n|t:|1783546321\n|switch|p2a: Enamorus|Enamorus, L79, F|93/247\n|move|p1a: Hydreigon|Dark Pulse|p2a: Enamorus\n|-resisted|p2a: Enamorus\n|-damage|p2a: Enamorus|13/247\n|\n|-weather|none\n|-heal|p2a: Enamorus|28/247|[from] item: Leftovers\n|upkeep\n|turn|13\n|inactive|Time left: 300 sec this turn | 300 sec total\n|\n|t:|1783546323\n|switch|p1a: Ninetales|Ninetales, L85, F|63/100\n|-weather|SunnyDay|[from] ability: Drought|[of] p1a: Ninetales\n|move|p2a: Enamorus|Superpower|p1a: Ninetales\n|-damage|p1a: Ninetales|27/100\n|-boost|p2a: Enamorus|atk|1\n|-boost|p2a: Enamorus|def|1\n|\n|-weather|SunnyDay|[upkeep]\n|-heal|p2a: Enamorus|43/247|[from] item: Leftovers\n|upkeep\n|turn|14\n|inactive|Time left: 300 sec this turn | 300 sec total\n|\n|t:|1783546324\n|move|p1a: Ninetales|Fire Blast|p2a: Enamorus\n|-damage|p2a: Enamorus|0 fnt\n|faint|p2a: Enamorus\n|\n|-weather|SunnyDay|[upkeep]\n|upkeep\n|inactive|Time left: 300 sec this turn | 300 sec total | 5 sec grace\n|\n|t:|1783546325\n|switch|p2a: Flareon|Flareon, L90, M|156/263 tox\n|turn|15\n|inactive|Time left: 300 sec this turn | 300 sec total\n|\n|t:|1783546325\n|move|p1a: Ninetales|Scorching Sands|p2a: Flareon\n|-supereffective|p2a: Flareon\n|-damage|p2a: Flareon|84/263 tox\n|move|p2a: Flareon|Facade|p1a: Ninetales\n|-damage|p1a: Ninetales|0 fnt\n|faint|p1a: Ninetales\n|\n|-weather|SunnyDay|[upkeep]\n|-damage|p2a: Flareon|68/263 tox|[from] psn\n|upkeep\n|\n|t:|1783546327\n|switch|p1a: Chi-Yu|Chi-Yu, L77|100/100\n|-activate|p1a: Chi-Yu|move: Sticky Web\n|-unboost|p1a: Chi-Yu|spe|1\n|-ability|p1a: Chi-Yu|Beads of Ruin\n|turn|16\n|inactive|Time left: 300 sec this turn | 300 sec total\n|\n|t:|1783546328\n|move|p1a: Chi-Yu|Flamethrower|p2a: Flareon\n|-resisted|p2a: Flareon\n|-damage|p2a: Flareon|0 fnt\n|faint|p2a: Flareon\n|\n|-weather|SunnyDay|[upkeep]\n|upkeep\n|inactive|Time left: 300 sec this turn | 300 sec total | 5 sec grace\n|\n|t:|1783546329\n|switch|p2a: Latios|Latios, L78, M|253/253\n|turn|17\n|inactive|Time left: 300 sec this turn | 300 sec total\n|\n|t:|1783546330\n|move|p2a: Latios|Calm Mind|p2a: Latios\n|-boost|p2a: Latios|spa|1\n|-boost|p2a: Latios|spd|1\n|move|p1a: Chi-Yu|Flamethrower|p2a: Latios\n|-resisted|p2a: Latios\n|-damage|p2a: Latios|185/253\n|\n|-weather|none\n|upkeep\n|turn|18\n|inactive|Time left: 300 sec this turn | 300 sec total\n|\n|t:|1783546331\n|move|p2a: Latios|Draco Meteor|p1a: Chi-Yu\n|-damage|p1a: Chi-Yu|0 fnt\n|-unboost|p2a: Latios|spa|2\n|faint|p1a: Chi-Yu\n|\n|upkeep\n|\n|t:|1783546332\n|switch|p1a: Hydreigon|Hydreigon, L79, M|100/100\n|turn|19\n|inactive|Time left: 300 sec this turn | 300 sec total\n|\n|t:|1783546333\n|move|p2a: Latios|Draco Meteor|p1a: Hydreigon\n|-supereffective|p1a: Hydreigon\n|-damage|p1a: Hydreigon|7/100\n|-unboost|p2a: Latios|spa|2\n|move|p1a: Hydreigon|Dark Pulse|p2a: Latios\n|-supereffective|p2a: Latios\n|-damage|p2a: Latios|15/253\n|\n|upkeep\n|turn|20\n|inactive|Time left: 300 sec this turn | 300 sec total\n|\n|t:|1783546334\n|switch|p2a: Gurdurr|Gurdurr, L85, M|283/283\n|move|p1a: Hydreigon|Dark Pulse|p2a: Gurdurr\n|-resisted|p2a: Gurdurr\n|-damage|p2a: Gurdurr|221/283\n|\n|upkeep\n|turn|21\n|inactive|Time left: 300 sec this turn | 300 sec total\n|\n|t:|1783546335\n|switch|p1a: Dondozo|Dondozo, L78, F|100/100\n|-activate|p1a: Dondozo|move: Sticky Web\n|-unboost|p1a: Dondozo|spe|1\n|move|p2a: Gurdurr|Mach Punch|p1a: Dondozo\n|-damage|p1a: Dondozo|90/100\n|\n|-heal|p1a: Dondozo|96/100|[from] item: Leftovers\n|upkeep\n|turn|22\n|inactive|Time left: 300 sec this turn | 300 sec total\n|\n|t:|1783546336\n|move|p2a: Gurdurr|Knock Off|p1a: Dondozo\n|-damage|p1a: Dondozo|78/100\n|-enditem|p1a: Dondozo|Leftovers|[from] move: Knock Off|[of] p2a: Gurdurr\n|move|p1a: Dondozo|Curse|p1a: Dondozo\n|-unboost|p1a: Dondozo|spe|1\n|-boost|p1a: Dondozo|atk|1\n|-boost|p1a: Dondozo|def|1\n|\n|upkeep\n|turn|23\n|inactive|Time left: 300 sec this turn | 300 sec total\n|\n|t:|1783546337\n|move|p2a: Gurdurr|Bulk Up|p2a: Gurdurr\n|-boost|p2a: Gurdurr|atk|1\n|-boost|p2a: Gurdurr|def|1\n|move|p1a: Dondozo|Wave Crash|p2a: Gurdurr\n|-damage|p2a: Gurdurr|98/283\n|-damage|p1a: Dondozo|67/100|[from] Recoil\n|\n|upkeep\n|turn|24\n|inactive|Time left: 300 sec this turn | 300 sec total\n|\n|t:|1783546338\n|move|p2a: Gurdurr|Drain Punch|p1a: Dondozo\n|-damage|p1a: Dondozo|53/100\n|-heal|p2a: Gurdurr|124/283|[from] drain|[of] p1a: Dondozo\n|move|p1a: Dondozo|Wave Crash|p2a: Gurdurr\n|-damage|p2a: Gurdurr|18/283\n|-damage|p1a: Dondozo|43/100|[from] Recoil\n|\n|upkeep\n|turn|25\n|inactive|Time left: 300 sec this turn | 300 sec total\n|\n|t:|1783546339\n|move|p2a: Gurdurr|Drain Punch|p1a: Dondozo\n|-damage|p1a: Dondozo|30/100\n|-heal|p2a: Gurdurr|42/283|[from] drain|[of] p1a: Dondozo\n|move|p1a: Dondozo|Curse|p1a: Dondozo\n|-unboost|p1a: Dondozo|spe|1\n|-boost|p1a: Dondozo|atk|1\n|-boost|p1a: Dondozo|def|1\n|\n|upkeep\n|turn|26\n|inactive|Time left: 300 sec this turn | 300 sec total\n|\n|t:|1783546340\n|move|p2a: Gurdurr|Drain Punch|p1a: Dondozo\n|-damage|p1a: Dondozo|18/100\n|-heal|p2a: Gurdurr|63/283|[from] drain|[of] p1a: Dondozo\n|move|p1a: Dondozo|Rest|p1a: Dondozo\n|-status|p1a: Dondozo|slp|[from] move: Rest\n|-heal|p1a: Dondozo|100/100 slp|[silent]\n|\n|upkeep\n|turn|27\n|inactive|Time left: 300 sec this turn | 300 sec total\n|\n|t:|1783546341\n|move|p2a: Gurdurr|Drain Punch|p1a: Dondozo\n|-damage|p1a: Dondozo|90/100 slp\n|-heal|p2a: Gurdurr|82/283|[from] drain|[of] p1a: Dondozo\n|cant|p1a: Dondozo|slp\n|move|p1a: Dondozo|Sleep Talk|p1a: Dondozo\n|move|p1a: Dondozo|Wave Crash|p2a: Gurdurr|[from] move: Sleep Talk\n|-damage|p2a: Gurdurr|0 fnt\n|faint|p2a: Gurdurr\n|-damage|p1a: Dondozo|83/100 slp|[from] Recoil\n|\n|upkeep\n|inactive|Time left: 300 sec this turn | 300 sec total | 5 sec grace\n|\n|t:|1783546342\n|switch|p2a: Vikavolt|Vikavolt, L83, F|263/263\n|turn|28\n|inactive|Time left: 300 sec this turn | 300 sec total\n|\n|t:|1783546343\n|-terastallize|p2a: Vikavolt|Electric\n|-terastallize|p1a: Dondozo|Dragon\n|move|p2a: Vikavolt|Discharge|p1a: Dondozo\n|-resisted|p1a: Dondozo\n|-damage|p1a: Dondozo|54/100 slp\n|cant|p1a: Dondozo|slp\n|move|p1a: Dondozo|Sleep Talk|p1a: Dondozo\n|move|p1a: Dondozo|Rest||[from] move: Sleep Talk|[still]\n|-fail|p1a: Dondozo\n|\n|upkeep\n|turn|29\n|inactive|Time left: 300 sec this turn | 300 sec total\n|\n|t:|1783546344\n|move|p2a: Vikavolt|Bug Buzz|p1a: Dondozo\n|-damage|p1a: Dondozo|5/100 slp\n|-curestatus|p1a: Dondozo|slp|[msg]\n|move|p1a: Dondozo|Rest|p1a: Dondozo\n|-status|p1a: Dondozo|slp|[from] move: Rest\n|-heal|p1a: Dondozo|100/100 slp|[silent]\n|\n|upkeep\n|turn|30\n|inactive|Time left: 300 sec this turn | 300 sec total\n|\n|t:|1783546345\n|move|p2a: Vikavolt|Bug Buzz|p1a: Dondozo\n|-damage|p1a: Dondozo|56/100 slp\n|-unboost|p1a: Dondozo|spd|1\n|cant|p1a: Dondozo|slp\n|move|p1a: Dondozo|Sleep Talk|p1a: Dondozo\n|move|p1a: Dondozo|Curse|p1a: Dondozo|[from] move: Sleep Talk\n|-unboost|p1a: Dondozo|spe|1\n|-boost|p1a: Dondozo|atk|1\n|-boost|p1a: Dondozo|def|1\n|\n|upkeep\n|turn|31\n|inactive|Time left: 300 sec this turn | 300 sec total\n|\n|t:|1783546346\n|switch|p1a: Hydreigon|Hydreigon, L79, M|7/100\n|move|p2a: Vikavolt|Bug Buzz|p1a: Hydreigon\n|-supereffective|p1a: Hydreigon\n|-damage|p1a: Hydreigon|0 fnt\n|faint|p1a: Hydreigon\n|\n|upkeep\n|\n|t:|1783546347\n|switch|p1a: Dondozo|Dondozo, L78, F, tera:Dragon|56/100 slp\n|-activate|p1a: Dondozo|move: Sticky Web\n|-unboost|p1a: Dondozo|spe|1\n|turn|32\n|inactive|Time left: 300 sec this turn | 300 sec total\n|\n|t:|1783546348\n|move|p2a: Vikavolt|Bug Buzz|p1a: Dondozo\n|-damage|p1a: Dondozo|9/100 slp\n|cant|p1a: Dondozo|slp\n|\n|upkeep\n|turn|33\n|inactive|Time left: 300 sec this turn | 300 sec total\n|\n|t:|1783546349\n|move|p2a: Vikavolt|Energy Ball|p1a: Dondozo\n|-resisted|p1a: Dondozo\n|-damage|p1a: Dondozo|0 fnt\n|faint|p1a: Dondozo\n|\n|win|p0y562ab4f", "uploadtime": 1783546349, "views": 0, "rating": 0, "private": 0, "password": null, "_winner": "p0y562ab4f", "_our_name": "p0y562ab4f"}