{"id": "battle-gen9randombattle-943", "formatid": "gen9randombattle", "format": "[Gen 9] Random Battle", "players": ["p0x9437732", "p0y9431363"], "log": "|init|battle\n|title|p0x9437732 vs. p0y9431363\n|j|\u2606p0x9437732\n|j|\u2606p0y9431363\n|t:|1783550824\n|gametype|singles\n|player|p1|p0x9437732|102|\n|player|p2|p0y9431363|1|\n|gen|9\n|tier|[Gen 9] Random Battle\n|rule|Species Clause: Limit one of each Pok\u00e9mon\n|rule|HP Percentage Mod: HP is shown in percentages\n|rule|Sleep Clause Mod: Limit one foe put to sleep\n|rule|Illusion Level Mod: Illusion disguises the Pok\u00e9mon's true level\n|\n|t:|1783550824\n|teamsize|p1|6\n|teamsize|p2|6\n|start\n|switch|p1a: Floatzel|Floatzel, L86, M|286/286\n|switch|p2a: Ogerpon|Ogerpon-Hearthflame, L74, F|100/100\n|-ability|p2a: Ogerpon|Mold Breaker\n|turn|1\n|inactive|Battle timer is ON: inactive players will automatically lose when time's up. (requested by p0x9437732)\n|inactive|p0y9431363 also wants the timer to be on.\n|\n|t:|1783550826\n|move|p1a: Floatzel|Wave Crash|p2a: Ogerpon\n|-damage|p2a: Ogerpon|0 fnt\n|faint|p2a: Ogerpon\n|-damage|p1a: Floatzel|207/286|[from] Recoil\n|\n|upkeep\n|\n|t:|1783550826\n|switch|p2a: Vileplume|Vileplume, L85, M|100/100\n|turn|2\n|inactive|Time left: 300 sec this turn | 300 sec total\n|\n|t:|1783550827\n|switch|p1a: Cinccino|Cinccino, L83, F|260/260\n|move|p2a: Vileplume|Sludge Bomb|p1a: Cinccino\n|-damage|p1a: Cinccino|113/260\n|\n|upkeep\n|turn|3\n|inactive|Time left: 300 sec this turn | 300 sec total\n|\n|t:|1783550829\n|move|p1a: Cinccino|Triple Axel|p2a: Vileplume\n|-supereffective|p2a: Vileplume\n|-damage|p2a: Vileplume|85/100\n|-supereffective|p2a: Vileplume\n|-damage|p2a: Vileplume|51/100\n|-status|p1a: Cinccino|par|[from] ability: Effect Spore|[of] p2a: Vileplume\n|-supereffective|p2a: Vileplume\n|-damage|p2a: Vileplume|4/100\n|-hitcount|p2a: Vileplume|3\n|move|p2a: Vileplume|Sludge Bomb|p1a: Cinccino\n|-damage|p1a: Cinccino|0 fnt\n|faint|p1a: Cinccino\n|\n|-heal|p2a: Vileplume|10/100|[from] item: Leftovers\n|upkeep\n|inactive|Time left: 300 sec this turn | 300 sec total | 5 sec grace\n|\n|t:|1783550829\n|switch|p1a: Floatzel|Floatzel, L86, M|207/286\n|turn|4\n|inactive|Time left: 300 sec this turn | 300 sec total\n|\n|t:|1783550830\n|switch|p2a: Zamazenta|Zamazenta, L71|100/100\n|-ability|p2a: Zamazenta|Dauntless Shield|boost\n|-boost|p2a: Zamazenta|def|1\n|move|p1a: Floatzel|Wave Crash|p2a: Zamazenta\n|-damage|p2a: Zamazenta|50/100\n|-damage|p1a: Floatzel|165/286|[from] Recoil\n|\n|upkeep\n|turn|5\n|inactive|Time left: 300 sec this turn | 300 sec total\n|\n|t:|1783550832\n|switch|p2a: Vileplume|Vileplume, L85, M|10/100\n|move|p1a: Floatzel|Wave Crash|p2a: Vileplume\n|-resisted|p2a: Vileplume\n|-damage|p2a: Vileplume|0 fnt\n|faint|p2a: Vileplume\n|-damage|p1a: Floatzel|157/286|[from] Recoil\n|\n|upkeep\n|\n|t:|1783550833\n|switch|p2a: Braviary|Braviary-Hisui, L85, M|100/100\n|turn|6\n|inactive|Time left: 300 sec this turn | 300 sec total\n|\n|t:|1783550834\n|-terastallize|p1a: Floatzel|Water\n|move|p1a: Floatzel|Wave Crash|p2a: Braviary\n|-damage|p2a: Braviary|0 fnt\n|faint|p2a: Braviary\n|-damage|p1a: Floatzel|49/286|[from] Recoil\n|\n|upkeep\n|\n|t:|1783550835\n|switch|p2a: Arceus|Arceus-Psychic, L70|100/100\n|turn|7\n|inactive|Time left: 300 sec this turn | 300 sec total\n|\n|t:|1783550836\n|move|p1a: Floatzel|Wave Crash|p2a: Arceus\n|-damage|p2a: Arceus|12/100\n|-damage|p1a: Floatzel|0 fnt|[from] Recoil\n|faint|p1a: Floatzel\n|move|p2a: Arceus|Cosmic Power|p2a: Arceus\n|-boost|p2a: Arceus|def|1\n|-boost|p2a: Arceus|spd|1\n|\n|upkeep\n|inactive|Time left: 300 sec this turn | 300 sec total | 5 sec grace\n|\n|t:|1783550837\n|switch|p1a: Electrode|Electrode-Hisui, L87|246/246\n|turn|8\n|inactive|Time left: 300 sec this turn | 300 sec total\n|\n|t:|1783550838\n|move|p1a: Electrode|Thunderbolt|p2a: Arceus\n|-damage|p2a: Arceus|0 fnt\n|faint|p2a: Arceus\n|-damage|p1a: Electrode|222/246|[from] item: Life Orb\n|\n|upkeep\n|\n|t:|1783550839\n|switch|p2a: Zamazenta|Zamazenta, L71|50/100\n|turn|9\n|inactive|Time left: 300 sec this turn | 300 sec total\n|\n|t:|1783550840\n|move|p1a: Electrode|Leaf Storm|p2a: Zamazenta\n|-damage|p2a: Zamazenta|0 fnt\n|-unboost|p1a: Electrode|spa|2\n|faint|p2a: Zamazenta\n|-damage|p1a: Electrode|198/246|[from] item: Life Orb\n|\n|upkeep\n|\n|t:|1783550841\n|switch|p2a: Tornadus|Tornadus-Therian, L79, M|100/100\n|turn|10\n|inactive|Time left: 300 sec this turn | 300 sec total\n|\n|t:|1783550842\n|move|p1a: Electrode|Volt Switch|p2a: Tornadus\n|-supereffective|p2a: Tornadus\n|-damage|p2a: Tornadus|61/100\n|-damage|p1a: Electrode|174/246|[from] item: Life Orb\n|inactive|Time left: 300 sec this turn | 300 sec total | 5 sec grace\n|\n|t:|1783550843\n|switch|p1a: Iron Thorns|Iron Thorns, L83|302/302|[from] Volt Switch\n|move|p2a: Tornadus|Nasty Plot|p2a: Tornadus\n|-boost|p2a: Tornadus|spa|2\n|\n|upkeep\n|turn|11\n|inactive|Time left: 300 sec this turn | 300 sec total\n|\n|t:|1783550844\n|-terastallize|p2a: Tornadus|Fighting\n|move|p2a: Tornadus|Focus Blast|p1a: Iron Thorns\n|-supereffective|p1a: Iron Thorns\n|-damage|p1a: Iron Thorns|0 fnt\n|faint|p1a: Iron Thorns\n|-end|p1a: Iron Thorns|Quark Drive|[silent]\n|\n|upkeep\n|inactive|Time left: 300 sec this turn | 300 sec total | 5 sec grace\n|\n|t:|1783550845\n|switch|p1a: Cramorant|Cramorant, L86, M|261/261\n|turn|12\n|inactive|Time left: 300 sec this turn | 300 sec total\n|\n|t:|1783550846\n|move|p2a: Tornadus|Bleakwind Storm|p1a: Cramorant\n|-damage|p1a: Cramorant|56/261\n|-unboost|p1a: Cramorant|spe|1\n|move|p1a: Cramorant|Brave Bird|p2a: Tornadus\n|-supereffective|p2a: Tornadus\n|-damage|p2a: Tornadus|0 fnt\n|faint|p2a: Tornadus\n|-damage|p1a: Cramorant|6/261|[from] Recoil\n|\n|win|p0x9437732", "uploadtime": 1783550846, "views": 0, "rating": 0, "private": 0, "password": null, "_winner": "p0x9437732", "_our_name": "p0x9437732"}