{"id": "battle-gen9randombattle-1628", "formatid": "gen9randombattle", "format": "[Gen 9] Random Battle", "players": ["p0x1628a5bc", "p0y1628c47a"], "log": "|init|battle\n|title|p0x1628a5bc vs. p0y1628c47a\n|j|\u2606p0x1628a5bc\n|j|\u2606p0y1628c47a\n|t:|1783558833\n|gametype|singles\n|player|p1|p0x1628a5bc|1|\n|player|p2|p0y1628c47a|101|\n|gen|9\n|tier|[Gen 9] Random Battle\n|rule|Species Clause: Limit one of each Pok\u00e9mon\n|rule|HP Percentage Mod: HP is shown in percentages\n|rule|Sleep Clause Mod: Limit one foe put to sleep\n|rule|Illusion Level Mod: Illusion disguises the Pok\u00e9mon's true level\n|\n|t:|1783558833\n|teamsize|p1|6\n|teamsize|p2|6\n|start\n|switch|p1a: Crabominable|Crabominable, L90, M|100/100\n|switch|p2a: Delphox|Delphox, L84, F|263/263\n|turn|1\n|inactive|Battle timer is ON: inactive players will automatically lose when time's up. (requested by p0x1628a5bc)\n|inactive|Time left: 300 sec this turn | 300 sec total | 60 sec grace\n|inactive|p0y1628c47a also wants the timer to be on.\n|\n|t:|1783558834\n|move|p2a: Delphox|Psyshock|p1a: Crabominable\n|-supereffective|p1a: Crabominable\n|-damage|p1a: Crabominable|39/100\n|move|p1a: Crabominable|Knock Off|p2a: Delphox\n|-supereffective|p2a: Delphox\n|-damage|p2a: Delphox|0 fnt\n|-enditem|p2a: Delphox|Heavy-Duty Boots|[from] move: Knock Off|[of] p1a: Crabominable\n|faint|p2a: Delphox\n|\n|upkeep\n|inactive|Time left: 300 sec this turn | 300 sec total | 65 sec grace\n|\n|t:|1783558835\n|switch|p2a: Jirachi|Jirachi, L80|291/291\n|turn|2\n|inactive|Time left: 300 sec this turn | 300 sec total\n|\n|t:|1783558836\n|move|p2a: Jirachi|Iron Head|p1a: Crabominable\n|-supereffective|p1a: Crabominable\n|-damage|p1a: Crabominable|0 fnt\n|faint|p1a: Crabominable\n|\n|upkeep\n|\n|t:|1783558837\n|switch|p1a: Flapple|Flapple, L88, M|100/100\n|turn|3\n|inactive|Time left: 300 sec this turn | 300 sec total\n|\n|t:|1783558838\n|move|p2a: Jirachi|Iron Head|p1a: Flapple\n|-damage|p1a: Flapple|69/100\n|cant|p1a: Flapple|flinch\n|\n|upkeep\n|turn|4\n|inactive|Time left: 300 sec this turn | 300 sec total\n|\n|t:|1783558839\n|move|p2a: Jirachi|Iron Head|p1a: Flapple\n|-crit|p1a: Flapple\n|-damage|p1a: Flapple|25/100\n|move|p1a: Flapple|Outrage|p2a: Jirachi|[miss]\n|-miss|p1a: Flapple|p2a: Jirachi\n|\n|upkeep\n|turn|5\n|inactive|Time left: 300 sec this turn | 300 sec total\n|\n|t:|1783558840\n|-terastallize|p1a: Flapple|Steel\n|move|p2a: Jirachi|Iron Head|p1a: Flapple\n|-resisted|p1a: Flapple\n|-damage|p1a: Flapple|8/100\n|cant|p1a: Flapple|flinch\n|\n|upkeep\n|turn|6\n|inactive|Time left: 300 sec this turn | 300 sec total\n|\n|t:|1783558841\n|move|p2a: Jirachi|U-turn|p1a: Flapple\n|-resisted|p1a: Flapple\n|-damage|p1a: Flapple|0 fnt\n|faint|p1a: Flapple\n|inactive|Time left: 300 sec this turn | 300 sec total | 5 sec grace\n|\n|t:|1783558841\n|switch|p2a: Hydreigon|Hydreigon, L79, M|275/275|[from] U-turn\n|\n|upkeep\n|\n|t:|1783558842\n|switch|p1a: Zacian|Zacian, L69|100/100\n|-ability|p1a: Zacian|Intrepid Sword|boost\n|-boost|p1a: Zacian|atk|1\n|turn|7\n|inactive|Time left: 300 sec this turn | 300 sec total\n|\n|t:|1783558843\n|switch|p2a: Jirachi|Jirachi, L80|291/291\n|move|p1a: Zacian|Play Rough|p2a: Jirachi\n|-resisted|p2a: Jirachi\n|-damage|p2a: Jirachi|216/291\n|-damage|p1a: Zacian|91/100|[from] item: Life Orb\n|\n|-heal|p2a: Jirachi|234/291|[from] item: Leftovers\n|upkeep\n|turn|8\n|inactive|Time left: 300 sec this turn | 300 sec total\n|\n|t:|1783558844\n|switch|p1a: Poliwrath|Poliwrath, L88, M|100/100\n|move|p2a: Jirachi|Iron Head|p1a: Poliwrath\n|-resisted|p1a: Poliwrath\n|-damage|p1a: Poliwrath|89/100\n|\n|-heal|p2a: Jirachi|252/291|[from] item: Leftovers\n|-heal|p1a: Poliwrath|95/100|[from] item: Leftovers\n|upkeep\n|turn|9\n|inactive|Time left: 300 sec this turn | 300 sec total\n|\n|t:|1783558845\n|move|p2a: Jirachi|Stealth Rock|p1a: Poliwrath\n|-sidestart|p1: p0x1628a5bc|move: Stealth Rock\n|move|p1a: Poliwrath|Knock Off|p2a: Jirachi\n|-supereffective|p2a: Jirachi\n|-damage|p2a: Jirachi|120/291\n|-enditem|p2a: Jirachi|Leftovers|[from] move: Knock Off|[of] p1a: Poliwrath\n|\n|-heal|p1a: Poliwrath|100/100|[from] item: Leftovers\n|upkeep\n|turn|10\n|inactive|Time left: 300 sec this turn | 300 sec total\n|\n|t:|1783558846\n|move|p2a: Jirachi|Iron Head|p1a: Poliwrath\n|-resisted|p1a: Poliwrath\n|-damage|p1a: Poliwrath|89/100\n|cant|p1a: Poliwrath|flinch\n|\n|-heal|p1a: Poliwrath|95/100|[from] item: Leftovers\n|upkeep\n|turn|11\n|inactive|Time left: 300 sec this turn | 300 sec total\n|\n|t:|1783558847\n|move|p2a: Jirachi|Iron Head|p1a: Poliwrath\n|-resisted|p1a: Poliwrath\n|-damage|p1a: Poliwrath|82/100\n|cant|p1a: Poliwrath|flinch\n|\n|-heal|p1a: Poliwrath|88/100|[from] item: Leftovers\n|upkeep\n|turn|12\n|inactive|Time left: 300 sec this turn | 300 sec total\n|\n|t:|1783558848\n|move|p2a: Jirachi|Body Slam|p1a: Poliwrath\n|-damage|p1a: Poliwrath|72/100\n|move|p1a: Poliwrath|Bulk Up|p1a: Poliwrath\n|-boost|p1a: Poliwrath|atk|1\n|-boost|p1a: Poliwrath|def|1\n|\n|-heal|p1a: Poliwrath|78/100|[from] item: Leftovers\n|upkeep\n|turn|13\n|inactive|Time left: 300 sec this turn | 300 sec total\n|\n|t:|1783558850\n|move|p2a: Jirachi|Body Slam|p1a: Poliwrath\n|-damage|p1a: Poliwrath|65/100\n|move|p1a: Poliwrath|Drain Punch|p2a: Jirachi\n|-damage|p2a: Jirachi|0 fnt\n|-heal|p1a: Poliwrath|85/100|[from] drain|[of] p2a: Jirachi\n|faint|p2a: Jirachi\n|\n|-heal|p1a: Poliwrath|91/100|[from] item: Leftovers\n|upkeep\n|inactive|Time left: 300 sec this turn | 300 sec total | 5 sec grace\n|\n|t:|1783558851\n|switch|p2a: Annihilape|Annihilape, L76, M|292/292\n|turn|14\n|inactive|Time left: 300 sec this turn | 300 sec total\n|\n|t:|1783558851\n|move|p2a: Annihilape|Bulk Up|p2a: Annihilape\n|-boost|p2a: Annihilape|atk|1\n|-boost|p2a: Annihilape|def|1\n|move|p1a: Poliwrath|Knock Off|p2a: Annihilape\n|-damage|p2a: Annihilape|201/292\n|-enditem|p2a: Annihilape|Leftovers|[from] move: Knock Off|[of] p1a: Poliwrath\n|\n|-heal|p1a: Poliwrath|97/100|[from] item: Leftovers\n|upkeep\n|turn|15\n|inactive|Time left: 300 sec this turn | 300 sec total\n|\n|t:|1783558853\n|move|p2a: Annihilape|Bulk Up|p2a: Annihilape\n|-boost|p2a: Annihilape|atk|1\n|-boost|p2a: Annihilape|def|1\n|move|p1a: Poliwrath|Liquidation|p2a: Annihilape\n|-damage|p2a: Annihilape|110/292\n|\n|-heal|p1a: Poliwrath|100/100|[from] item: Leftovers\n|upkeep\n|turn|16\n|inactive|Time left: 300 sec this turn | 300 sec total\n|\n|t:|1783558854\n|move|p2a: Annihilape|Drain Punch|p1a: Poliwrath\n|-damage|p1a: Poliwrath|72/100\n|-heal|p2a: Annihilape|154/292|[from] drain|[of] p1a: Poliwrath\n|move|p1a: Poliwrath|Liquidation|p2a: Annihilape\n|-damage|p2a: Annihilape|69/292\n|\n|-heal|p1a: Poliwrath|78/100|[from] item: Leftovers\n|upkeep\n|turn|17\n|inactive|Time left: 300 sec this turn | 300 sec total\n|\n|t:|1783558855\n|move|p2a: Annihilape|Drain Punch|p1a: Poliwrath\n|-damage|p1a: Poliwrath|49/100\n|-heal|p2a: Annihilape|113/292|[from] drain|[of] p1a: Poliwrath\n|move|p1a: Poliwrath|Liquidation|p2a: Annihilape\n|-damage|p2a: Annihilape|28/292\n|\n|-heal|p1a: Poliwrath|54/100|[from] item: Leftovers\n|upkeep\n|turn|18\n|inactive|Time left: 300 sec this turn | 300 sec total\n|\n|t:|1783558856\n|move|p2a: Annihilape|Drain Punch|p1a: Poliwrath\n|-damage|p1a: Poliwrath|27/100\n|-heal|p2a: Annihilape|70/292|[from] drain|[of] p1a: Poliwrath\n|move|p1a: Poliwrath|Liquidation|p2a: Annihilape\n|-damage|p2a: Annihilape|0 fnt\n|faint|p2a: Annihilape\n|\n|-heal|p1a: Poliwrath|33/100|[from] item: Leftovers\n|upkeep\n|inactive|Time left: 300 sec this turn | 300 sec total | 5 sec grace\n|\n|t:|1783558857\n|switch|p2a: Hydreigon|Hydreigon, L79, M|275/275\n|turn|19\n|inactive|Time left: 300 sec this turn | 300 sec total\n|\n|t:|1783558858\n|move|p2a: Hydreigon|Draco Meteor|p1a: Poliwrath\n|-crit|p1a: Poliwrath\n|-damage|p1a: Poliwrath|0 fnt\n|-unboost|p2a: Hydreigon|spa|2\n|faint|p1a: Poliwrath\n|-damage|p2a: Hydreigon|248/275|[from] item: Life Orb\n|\n|upkeep\n|\n|t:|1783558858\n|switch|p1a: Zacian|Zacian, L69|91/100\n|-damage|p1a: Zacian|78/100|[from] Stealth Rock\n|turn|20\n|inactive|Time left: 300 sec this turn | 300 sec total\n|\n|t:|1783558859\n|switch|p2a: Cloyster|Cloyster, L80, M|211/211\n|move|p1a: Zacian|Swords Dance|p1a: Zacian\n|-boost|p1a: Zacian|atk|2\n|\n|upkeep\n|turn|21\n|inactive|Time left: 300 sec this turn | 300 sec total\n|\n|t:|1783558860\n|move|p1a: Zacian|Close Combat|p2a: Cloyster\n|-supereffective|p2a: Cloyster\n|-damage|p2a: Cloyster|16/211\n|-unboost|p1a: Zacian|def|1\n|-unboost|p1a: Zacian|spd|1\n|-damage|p1a: Zacian|68/100|[from] item: Life Orb\n|move|p2a: Cloyster|Shell Smash|p2a: Cloyster\n|-unboost|p2a: Cloyster|def|1\n|-unboost|p2a: Cloyster|spd|1\n|-boost|p2a: Cloyster|atk|2\n|-boost|p2a: Cloyster|spa|2\n|-boost|p2a: Cloyster|spe|2\n|-enditem|p2a: Cloyster|White Herb\n|-clearnegativeboost|p2a: Cloyster|[silent]\n|\n|upkeep\n|turn|22\n|inactive|Time left: 300 sec this turn | 300 sec total\n|\n|t:|1783558861\n|move|p2a: Cloyster|Icicle Spear|p1a: Zacian\n|-damage|p1a: Zacian|40/100\n|-damage|p1a: Zacian|9/100\n|-damage|p1a: Zacian|0 fnt\n|faint|p1a: Zacian\n|-hitcount|p1: Zacian|3\n|\n|upkeep\n|\n|t:|1783558862\n|switch|p1a: Dudunsparce|Dudunsparce, L83, F|100/100\n|-damage|p1a: Dudunsparce|88/100|[from] Stealth Rock\n|turn|23\n|inactive|Time left: 300 sec this turn | 300 sec total\n|\n|t:|1783558863\n|move|p2a: Cloyster|Icicle Spear|p1a: Dudunsparce\n|-damage|p1a: Dudunsparce|73/100\n|-damage|p1a: Dudunsparce|58/100\n|-damage|p1a: Dudunsparce|42/100\n|-damage|p1a: Dudunsparce|25/100\n|-damage|p1a: Dudunsparce|9/100\n|-hitcount|p1a: Dudunsparce|5\n|move|p1a: Dudunsparce|Boomburst|p2a: Cloyster\n|-damage|p2a: Cloyster|0 fnt\n|faint|p2a: Cloyster\n|\n|-heal|p1a: Dudunsparce|15/100|[from] item: Leftovers\n|upkeep\n|inactive|Time left: 300 sec this turn | 300 sec total | 5 sec grace\n|\n|t:|1783558864\n|switch|p2a: Cobalion|Cobalion, L80|277/277\n|turn|24\n|inactive|Time left: 300 sec this turn | 300 sec total\n|\n|t:|1783558865\n|move|p2a: Cobalion|Swords Dance|p2a: Cobalion\n|-boost|p2a: Cobalion|atk|2\n|move|p1a: Dudunsparce|Roost|p1a: Dudunsparce\n|-heal|p1a: Dudunsparce|66/100\n|-singleturn|p1a: Dudunsparce|move: Roost\n|\n|-heal|p1a: Dudunsparce|72/100|[from] item: Leftovers\n|upkeep\n|turn|25\n|inactive|Time left: 300 sec this turn | 300 sec total\n|\n|t:|1783558866\n|-terastallize|p2a: Cobalion|Fighting\n|move|p2a: Cobalion|Close Combat|p1a: Dudunsparce\n|-supereffective|p1a: Dudunsparce\n|-damage|p1a: Dudunsparce|0 fnt\n|-unboost|p2a: Cobalion|def|1\n|-unboost|p2a: Cobalion|spd|1\n|faint|p1a: Dudunsparce\n|\n|upkeep\n|\n|t:|1783558867\n|switch|p1a: Iron Thorns|Iron Thorns, L83|100/100\n|-damage|p1a: Iron Thorns|88/100|[from] Stealth Rock\n|-enditem|p1a: Iron Thorns|Booster Energy\n|-activate|p1a: Iron Thorns|ability: Quark Drive|[fromitem]\n|-start|p1a: Iron Thorns|quarkdriveatk\n|turn|26\n|inactive|Time left: 300 sec this turn | 300 sec total\n|\n|t:|1783558867\n|move|p2a: Cobalion|Close Combat|p1a: Iron Thorns\n|-supereffective|p1a: Iron Thorns\n|-crit|p1a: Iron Thorns\n|-damage|p1a: Iron Thorns|0 fnt\n|-unboost|p2a: Cobalion|def|1\n|-unboost|p2a: Cobalion|spd|1\n|faint|p1a: Iron Thorns\n|-end|p1a: Iron Thorns|Quark Drive|[silent]\n|\n|win|p0y1628c47a", "uploadtime": 1783558867, "views": 0, "rating": 0, "private": 0, "password": null, "_winner": "p0y1628c47a", "_our_name": "p0y1628c47a"}