{"id": "battle-gen9randombattle-10", "formatid": "gen9randombattle", "format": "[Gen 9] Random Battle", "players": ["p0x010c974", "p0y0104820"], "log": "|init|battle\n|title|p0x010c974 vs. p0y0104820\n|j|\u2606p0x010c974\n|j|\u2606p0y0104820\n|t:|1783533939\n|gametype|singles\n|player|p1|p0x010c974|170|\n|player|p2|p0y0104820|266|\n|gen|9\n|tier|[Gen 9] Random Battle\n|rule|Species Clause: Limit one of each Pok\u00e9mon\n|rule|HP Percentage Mod: HP is shown in percentages\n|rule|Sleep Clause Mod: Limit one foe put to sleep\n|rule|Illusion Level Mod: Illusion disguises the Pok\u00e9mon's true level\n|\n|t:|1783533939\n|teamsize|p1|6\n|teamsize|p2|6\n|start\n|switch|p1a: Passimian|Passimian, L83, M|302/302\n|switch|p2a: Tauros|Tauros-Paldea-Combat, L82, M|100/100\n|-ability|p2a: Tauros|Intimidate|boost\n|-unboost|p1a: Passimian|atk|1\n|-ability|p1a: Passimian|Defiant|boost\n|-boost|p1a: Passimian|atk|2\n|turn|1\n|inactive|Battle timer is ON: inactive players will automatically lose when time's up. (requested by p0x010c974)\n|inactive|p0y0104820 also wants the timer to be on.\n|\n|t:|1783533940\n|move|p1a: Passimian|Gunk Shot|p2a: Tauros\n|-damage|p2a: Tauros|46/100\n|-status|p2a: Tauros|psn\n|move|p2a: Tauros|Bulk Up|p2a: Tauros\n|-boost|p2a: Tauros|atk|1\n|-boost|p2a: Tauros|def|1\n|\n|-damage|p2a: Tauros|34/100 psn|[from] psn\n|upkeep\n|turn|2\n|inactive|Time left: 300 sec this turn | 300 sec total\n|\n|t:|1783533941\n|move|p1a: Passimian|Gunk Shot|p2a: Tauros\n|-damage|p2a: Tauros|0 fnt\n|faint|p2a: Tauros\n|\n|upkeep\n|\n|t:|1783533942\n|switch|p2a: Donphan|Donphan, L84, F|100/100\n|turn|3\n|inactive|Time left: 300 sec this turn | 300 sec total\n|\n|t:|1783533943\n|switch|p1a: Cloyster|Cloyster, L80, M|211/211\n|move|p2a: Donphan|Stealth Rock|p1a: Cloyster\n|-sidestart|p1: p0x010c974|move: Stealth Rock\n|\n|upkeep\n|turn|4\n|inactive|Time left: 300 sec this turn | 300 sec total\n|\n|t:|1783533944\n|switch|p2a: Hatterene|Hatterene, L85, F|100/100\n|move|p1a: Cloyster|Shell Smash|p1a: Cloyster\n|-unboost|p1a: Cloyster|def|1\n|-unboost|p1a: Cloyster|spd|1\n|-boost|p1a: Cloyster|atk|2\n|-boost|p1a: Cloyster|spa|2\n|-boost|p1a: Cloyster|spe|2\n|-enditem|p1a: Cloyster|White Herb\n|-clearnegativeboost|p1a: Cloyster|[silent]\n|\n|upkeep\n|turn|5\n|inactive|Time left: 300 sec this turn | 300 sec total\n|\n|t:|1783533945\n|move|p1a: Cloyster|Icicle Spear|p2a: Hatterene\n|-damage|p2a: Hatterene|81/100\n|-damage|p2a: Hatterene|62/100\n|-damage|p2a: Hatterene|41/100\n|-damage|p2a: Hatterene|22/100\n|-damage|p2a: Hatterene|3/100\n|-hitcount|p2a: Hatterene|5\n|move|p2a: Hatterene|Psychic|p1a: Cloyster\n|-damage|p1a: Cloyster|0 fnt\n|faint|p1a: Cloyster\n|\n|upkeep\n|inactive|Time left: 300 sec this turn | 300 sec total | 5 sec grace\n|\n|t:|1783533946\n|switch|p1a: Toxtricity|Toxtricity, L82, M|257/257\n|-damage|p1a: Toxtricity|225/257|[from] Stealth Rock\n|turn|6\n|inactive|Time left: 300 sec this turn | 300 sec total\n|\n|t:|1783533947\n|switch|p2a: Iron Thorns|Iron Thorns, L83|100/100\n|move|p1a: Toxtricity|Boomburst|p2a: Iron Thorns\n|-resisted|p2a: Iron Thorns\n|-damage|p2a: Iron Thorns|79/100\n|\n|upkeep\n|turn|7\n|inactive|Time left: 300 sec this turn | 300 sec total\n|\n|t:|1783533948\n|move|p1a: Toxtricity|Boomburst|p2a: Iron Thorns\n|-resisted|p2a: Iron Thorns\n|-damage|p2a: Iron Thorns|55/100\n|move|p2a: Iron Thorns|Stone Edge|p1a: Toxtricity\n|-damage|p1a: Toxtricity|74/257\n|\n|upkeep\n|turn|8\n|inactive|Time left: 300 sec this turn | 300 sec total\n|\n|t:|1783533950\n|move|p1a: Toxtricity|Boomburst|p2a: Iron Thorns\n|-resisted|p2a: Iron Thorns\n|-damage|p2a: Iron Thorns|31/100\n|move|p2a: Iron Thorns|Ice Punch|p1a: Toxtricity\n|-damage|p1a: Toxtricity|0 fnt\n|faint|p1a: Toxtricity\n|\n|upkeep\n|inactive|Time left: 300 sec this turn | 300 sec total | 5 sec grace\n|\n|t:|1783533951\n|switch|p1a: Ting-Lu|Ting-Lu, L78|370/370\n|-damage|p1a: Ting-Lu|347/370|[from] Stealth Rock\n|-ability|p1a: Ting-Lu|Vessel of Ruin\n|turn|9\n|inactive|Time left: 300 sec this turn | 300 sec total\n|\n|t:|1783533952\n|-end|p2a: Iron Thorns|Quark Drive|[silent]\n|switch|p2a: Donphan|Donphan, L84, F|100/100\n|move|p1a: Ting-Lu|Stealth Rock|p2a: Donphan\n|-sidestart|p2: p0y0104820|move: Stealth Rock\n|\n|-heal|p1a: Ting-Lu|370/370|[from] item: Leftovers\n|upkeep\n|turn|10\n|inactive|Time left: 300 sec this turn | 300 sec total\n|\n|t:|1783533952\n|move|p2a: Donphan|Rapid Spin|p1a: Ting-Lu\n|-damage|p1a: Ting-Lu|336/370\n|-boost|p2a: Donphan|spe|1\n|-sideend|p2: p0y0104820|Stealth Rock|[from] move: Rapid Spin|[of] p2a: Donphan\n|move|p1a: Ting-Lu|Spikes|p2a: Donphan\n|-sidestart|p2: p0y0104820|Spikes\n|\n|-heal|p1a: Ting-Lu|359/370|[from] item: Leftovers\n|upkeep\n|turn|11\n|inactive|Time left: 300 sec this turn | 300 sec total\n|\n|t:|1783533953\n|move|p2a: Donphan|Rapid Spin|p1a: Ting-Lu\n|-damage|p1a: Ting-Lu|322/370\n|-boost|p2a: Donphan|spe|1\n|-sideend|p2: p0y0104820|Spikes|[from] move: Rapid Spin|[of] p2a: Donphan\n|move|p1a: Ting-Lu|Stealth Rock|p2a: Donphan\n|-sidestart|p2: p0y0104820|move: Stealth Rock\n|\n|-heal|p1a: Ting-Lu|345/370|[from] item: Leftovers\n|upkeep\n|turn|12\n|inactive|Time left: 300 sec this turn | 300 sec total\n|\n|t:|1783533954\n|move|p2a: Donphan|Rapid Spin|p1a: Ting-Lu\n|-damage|p1a: Ting-Lu|309/370\n|-boost|p2a: Donphan|spe|1\n|-sideend|p2: p0y0104820|Stealth Rock|[from] move: Rapid Spin|[of] p2a: Donphan\n|move|p1a: Ting-Lu|Earthquake|p2a: Donphan\n|-damage|p2a: Donphan|71/100\n|\n|-heal|p2a: Donphan|77/100|[from] item: Leftovers\n|-heal|p1a: Ting-Lu|332/370|[from] item: Leftovers\n|upkeep\n|turn|13\n|inactive|Time left: 300 sec this turn | 300 sec total\n|\n|t:|1783533955\n|move|p2a: Donphan|Ice Spinner|p1a: Ting-Lu\n|-supereffective|p1a: Ting-Lu\n|-damage|p1a: Ting-Lu|228/370\n|move|p1a: Ting-Lu|Earthquake|p2a: Donphan\n|-damage|p2a: Donphan|48/100\n|\n|-heal|p2a: Donphan|54/100|[from] item: Leftovers\n|-heal|p1a: Ting-Lu|251/370|[from] item: Leftovers\n|upkeep\n|turn|14\n|inactive|Time left: 300 sec this turn | 300 sec total\n|\n|t:|1783533956\n|move|p2a: Donphan|Ice Spinner|p1a: Ting-Lu\n|-supereffective|p1a: Ting-Lu\n|-damage|p1a: Ting-Lu|141/370\n|move|p1a: Ting-Lu|Earthquake|p2a: Donphan\n|-damage|p2a: Donphan|23/100\n|\n|-heal|p2a: Donphan|30/100|[from] item: Leftovers\n|-heal|p1a: Ting-Lu|164/370|[from] item: Leftovers\n|upkeep\n|turn|15\n|inactive|Time left: 300 sec this turn | 300 sec total\n|\n|t:|1783533957\n|move|p2a: Donphan|Earthquake|p1a: Ting-Lu\n|-damage|p1a: Ting-Lu|70/370\n|move|p1a: Ting-Lu|Earthquake|p2a: Donphan\n|-damage|p2a: Donphan|0 fnt\n|faint|p2a: Donphan\n|\n|-heal|p1a: Ting-Lu|93/370|[from] item: Leftovers\n|upkeep\n|\n|t:|1783533958\n|switch|p2a: Wugtrio|Wugtrio, L91, F|100/100\n|turn|16\n|inactive|Time left: 300 sec this turn | 300 sec total\n|\n|t:|1783533959\n|move|p2a: Wugtrio|Liquidation|p1a: Ting-Lu\n|-supereffective|p1a: Ting-Lu\n|-damage|p1a: Ting-Lu|0 fnt\n|faint|p1a: Ting-Lu\n|\n|upkeep\n|inactive|Time left: 300 sec this turn | 300 sec total | 5 sec grace\n|\n|t:|1783533961\n|switch|p1a: Eiscue|Eiscue, L88, F|274/274\n|-damage|p1a: Eiscue|206/274|[from] Stealth Rock\n|turn|17\n|inactive|Time left: 300 sec this turn | 300 sec total\n|\n|t:|1783533961\n|move|p2a: Wugtrio|Liquidation|p1a: Eiscue\n|-activate|p1a: Eiscue|ability: Ice Face\n|-damage|p1a: Eiscue|206/274\n|detailschange|p1a: Eiscue|Eiscue-Noice, L88, F\n|move|p1a: Eiscue|Belly Drum|p1a: Eiscue\n|-damage|p1a: Eiscue|69/274\n|-setboost|p1a: Eiscue|atk|6|[from] move: Belly Drum\n|-enditem|p1a: Eiscue|Sitrus Berry|[eat]\n|-heal|p1a: Eiscue|137/274|[from] item: Sitrus Berry\n|\n|upkeep\n|turn|18\n|inactive|Time left: 300 sec this turn | 300 sec total\n|\n|t:|1783533963\n|switch|p2a: Hatterene|Hatterene, L85, F|3/100\n|-terastallize|p1a: Eiscue|Water\n|move|p1a: Eiscue|Liquidation|p2a: Hatterene\n|-damage|p2a: Hatterene|0 fnt\n|faint|p2a: Hatterene\n|\n|upkeep\n|\n|t:|1783533963\n|switch|p2a: Iron Thorns|Iron Thorns, L83|31/100\n|turn|19\n|inactive|Time left: 300 sec this turn | 300 sec total\n|\n|t:|1783533964\n|move|p1a: Eiscue|Ice Spinner|p2a: Iron Thorns\n|-damage|p2a: Iron Thorns|0 fnt\n|faint|p2a: Iron Thorns\n|-end|p2a: Iron Thorns|Quark Drive|[silent]\n|\n|upkeep\n|\n|t:|1783533965\n|switch|p2a: Wugtrio|Wugtrio, L91, F|100/100\n|turn|20\n|inactive|Time left: 300 sec this turn | 300 sec total\n|\n|t:|1783533967\n|move|p2a: Wugtrio|Aqua Jet|p1a: Eiscue\n|-resisted|p1a: Eiscue\n|-damage|p1a: Eiscue|92/274\n|move|p1a: Eiscue|Liquidation|p2a: Wugtrio\n|-resisted|p2a: Wugtrio\n|-damage|p2a: Wugtrio|0 fnt\n|-ability|p2a: Wugtrio|Gooey\n|-unboost|p1a: Eiscue|spe|1\n|faint|p2a: Wugtrio\n|\n|upkeep\n|\n|t:|1783533967\n|switch|p2a: Snorlax|Snorlax, L82, M|100/100\n|turn|21\n|inactive|Time left: 300 sec this turn | 300 sec total\n|\n|t:|1783533968\n|-terastallize|p2a: Snorlax|Poison\n|move|p1a: Eiscue|Liquidation|p2a: Snorlax\n|-damage|p2a: Snorlax|0 fnt\n|faint|p2a: Snorlax\n|\n|win|p0x010c974", "uploadtime": 1783533968, "views": 0, "rating": 0, "private": 0, "password": null, "_winner": "p0x010c974", "_our_name": "p0x010c974"}