{"id": "battle-gen9randombattle-1119", "formatid": "gen9randombattle", "format": "[Gen 9] Random Battle", "players": ["p0x111963fd", "p0y11193859"], "log": "|init|battle\n|title|p0x111963fd vs. p0y11193859\n|j|\u2606p0x111963fd\n|j|\u2606p0y11193859\n|t:|1783552133\n|gametype|singles\n|player|p1|p0x111963fd|170|\n|player|p2|p0y11193859|170|\n|gen|9\n|tier|[Gen 9] Random Battle\n|rule|Species Clause: Limit one of each Pok\u00e9mon\n|rule|HP Percentage Mod: HP is shown in percentages\n|rule|Sleep Clause Mod: Limit one foe put to sleep\n|rule|Illusion Level Mod: Illusion disguises the Pok\u00e9mon's true level\n|\n|t:|1783552133\n|teamsize|p1|6\n|teamsize|p2|6\n|start\n|switch|p1a: Mismagius|Mismagius, L86, F|100/100\n|switch|p2a: Skeledirge|Skeledirge, L79, M|294/294\n|turn|1\n|inactive|Battle timer is ON: inactive players will automatically lose when time's up. (requested by p0x111963fd)\n|inactive|Time left: 300 sec this turn | 300 sec total | 60 sec grace\n|inactive|p0y11193859 also wants the timer to be on.\n|\n|t:|1783552134\n|switch|p2a: Regice|Regice, L88|284/284\n|move|p1a: Mismagius|Shadow Ball|p2a: Regice\n|-damage|p2a: Regice|211/284\n|\n|upkeep\n|turn|2\n|inactive|Time left: 300 sec this turn | 300 sec total\n|\n|t:|1783552135\n|move|p1a: Mismagius|Shadow Ball|p2a: Regice\n|-damage|p2a: Regice|142/284\n|move|p2a: Regice|Ice Beam|p1a: Mismagius\n|-damage|p1a: Mismagius|66/100\n|\n|upkeep\n|turn|3\n|inactive|Time left: 300 sec this turn | 300 sec total\n|\n|t:|1783552136\n|move|p1a: Mismagius|Shadow Ball|p2a: Regice\n|-damage|p2a: Regice|76/284\n|move|p2a: Regice|Ice Beam|p1a: Mismagius\n|-damage|p1a: Mismagius|31/100\n|\n|upkeep\n|turn|4\n|inactive|Time left: 300 sec this turn | 300 sec total\n|\n|t:|1783552137\n|-terastallize|p1a: Mismagius|Ghost\n|move|p1a: Mismagius|Shadow Ball|p2a: Regice\n|-damage|p2a: Regice|0 fnt\n|faint|p2a: Regice\n|\n|upkeep\n|inactive|Time left: 300 sec this turn | 300 sec total | 5 sec grace\n|\n|t:|1783552138\n|switch|p2a: Baxcalibur|Baxcalibur, L75, M|295/295\n|turn|5\n|inactive|Time left: 300 sec this turn | 300 sec total\n|\n|t:|1783552140\n|move|p1a: Mismagius|Shadow Ball|p2a: Baxcalibur\n|-damage|p2a: Baxcalibur|91/295\n|move|p2a: Baxcalibur|Scale Shot|p1a: Mismagius\n|-damage|p1a: Mismagius|13/100\n|-damage|p1a: Mismagius|0 fnt\n|faint|p1a: Mismagius\n|-hitcount|p1: Mismagius|2\n|-unboost|p2a: Baxcalibur|def|1\n|-boost|p2a: Baxcalibur|spe|1\n|\n|upkeep\n|\n|t:|1783552141\n|switch|p1a: Stonjourner|Stonjourner, L91, F|100/100\n|turn|6\n|inactive|Time left: 300 sec this turn | 300 sec total\n|\n|t:|1783552142\n|move|p2a: Baxcalibur|Scale Shot|p1a: Stonjourner\n|-damage|p1a: Stonjourner|94/100\n|-damage|p1a: Stonjourner|88/100\n|-damage|p1a: Stonjourner|81/100\n|-damage|p1a: Stonjourner|75/100\n|-hitcount|p1a: Stonjourner|4\n|-unboost|p2a: Baxcalibur|def|1\n|-boost|p2a: Baxcalibur|spe|1\n|move|p1a: Stonjourner|Earthquake|p2a: Baxcalibur\n|-damage|p2a: Baxcalibur|0 fnt\n|faint|p2a: Baxcalibur\n|-damage|p1a: Stonjourner|65/100|[from] item: Life Orb\n|\n|upkeep\n|inactive|Time left: 300 sec this turn | 300 sec total | 5 sec grace\n|\n|t:|1783552143\n|switch|p2a: Mew|Mew, L82|298/298\n|turn|7\n|inactive|Time left: 300 sec this turn | 300 sec total\n|\n|t:|1783552144\n|move|p2a: Mew|Psychic|p1a: Stonjourner\n|-damage|p1a: Stonjourner|0 fnt\n|faint|p1a: Stonjourner\n|-damage|p2a: Mew|269/298|[from] item: Life Orb\n|\n|upkeep\n|\n|t:|1783552145\n|switch|p1a: Arboliva|Arboliva, L91, F|100/100\n|turn|8\n|inactive|Time left: 300 sec this turn | 300 sec total\n|\n|t:|1783552146\n|move|p2a: Mew|Nasty Plot|p2a: Mew\n|-boost|p2a: Mew|spa|2\n|move|p1a: Arboliva|Energy Ball|p2a: Mew\n|-damage|p2a: Mew|148/298\n|\n|upkeep\n|turn|9\n|inactive|Time left: 300 sec this turn | 300 sec total\n|\n|t:|1783552148\n|move|p2a: Mew|Fire Blast|p1a: Arboliva\n|-supereffective|p1a: Arboliva\n|-damage|p1a: Arboliva|0 fnt\n|-fieldstart|move: Grassy Terrain|[from] ability: Seed Sower|[of] p1a: Arboliva\n|faint|p1a: Arboliva\n|-damage|p2a: Mew|119/298|[from] item: Life Orb\n|\n|-heal|p2a: Mew|137/298|[from] Grassy Terrain\n|upkeep\n|\n|t:|1783552149\n|switch|p1a: Keldeo|Keldeo-Resolute, L79|100/100\n|turn|10\n|inactive|Time left: 300 sec this turn | 300 sec total\n|\n|t:|1783552150\n|move|p1a: Keldeo|Hydro Pump|p2a: Mew|[miss]\n|-miss|p1a: Keldeo|p2a: Mew\n|move|p2a: Mew|Psychic|p1a: Keldeo\n|-supereffective|p1a: Keldeo\n|-damage|p1a: Keldeo|0 fnt\n|faint|p1a: Keldeo\n|-damage|p2a: Mew|108/298|[from] item: Life Orb\n|\n|-heal|p2a: Mew|126/298|[from] Grassy Terrain\n|upkeep\n|\n|t:|1783552152\n|switch|p1a: Golem|Golem, L87, F|100/100\n|turn|11\n|inactive|Time left: 300 sec this turn | 300 sec total\n|\n|t:|1783552153\n|move|p2a: Mew|Psychic|p1a: Golem\n|-damage|p1a: Golem|6/100\n|-damage|p2a: Mew|97/298|[from] item: Life Orb\n|move|p1a: Golem|Stone Edge|p2a: Mew\n|-damage|p2a: Mew|0 fnt\n|faint|p2a: Mew\n|\n|-heal|p1a: Golem|12/100|[from] Grassy Terrain\n|upkeep\n|inactive|Time left: 300 sec this turn | 300 sec total | 5 sec grace\n|\n|t:|1783552154\n|switch|p2a: Skeledirge|Skeledirge, L79, M|294/294\n|turn|12\n|inactive|Time left: 300 sec this turn | 300 sec total\n|\n|t:|1783552155\n|move|p2a: Skeledirge|Torch Song|p1a: Golem\n|-resisted|p1a: Golem\n|-crit|p1a: Golem\n|-damage|p1a: Golem|0 fnt\n|-boost|p2a: Skeledirge|spa|1\n|faint|p1a: Golem\n|\n|upkeep\n|\n|t:|1783552155\n|switch|p1a: Iron Crown|Iron Crown, L78|100/100\n|turn|13\n|inactive|Time left: 300 sec this turn | 300 sec total\n|\n|t:|1783552156\n|move|p1a: Iron Crown|Tachyon Cutter|p2a: Skeledirge\n|-resisted|p2a: Skeledirge\n|-damage|p2a: Skeledirge|243/294\n|-resisted|p2a: Skeledirge\n|-damage|p2a: Skeledirge|195/294\n|-hitcount|p2a: Skeledirge|2\n|move|p2a: Skeledirge|Torch Song|p1a: Iron Crown\n|-supereffective|p1a: Iron Crown\n|-crit|p1a: Iron Crown\n|-damage|p1a: Iron Crown|0 fnt\n|-boost|p2a: Skeledirge|spa|1\n|faint|p1a: Iron Crown\n|-end|p1a: Iron Crown|Quark Drive|[silent]\n|\n|win|p0y11193859", "uploadtime": 1783552156, "views": 0, "rating": 0, "private": 0, "password": null, "_winner": "p0y11193859", "_our_name": "p0y11193859"}