{"id": "battle-gen9randombattle-872", "formatid": "gen9randombattle", "format": "[Gen 9] Random Battle", "players": ["p0x87229e6", "p0y872275c"], "log": "|init|battle\n|title|p0x87229e6 vs. p0y872275c\n|j|\u2606p0x87229e6\n|j|\u2606p0y872275c\n|t:|1783550023\n|gametype|singles\n|player|p1|p0x87229e6|266|\n|player|p2|p0y872275c|101|\n|gen|9\n|tier|[Gen 9] Random Battle\n|rule|Species Clause: Limit one of each Pok\u00e9mon\n|rule|HP Percentage Mod: HP is shown in percentages\n|rule|Sleep Clause Mod: Limit one foe put to sleep\n|rule|Illusion Level Mod: Illusion disguises the Pok\u00e9mon's true level\n|\n|t:|1783550023\n|teamsize|p1|6\n|teamsize|p2|6\n|start\n|switch|p1a: Iron Moth|Iron Moth, L78|253/253\n|switch|p2a: Mienshao|Mienshao, L83, M|100/100\n|turn|1\n|inactive|Battle timer is ON: inactive players will automatically lose when time's up. (requested by p0y872275c)\n|inactive|Time left: 300 sec this turn | 300 sec total | 60 sec grace\n|inactive|p0x87229e6 also wants the timer to be on.\n|\n|t:|1783550025\n|move|p2a: Mienshao|Swords Dance|p2a: Mienshao\n|-boost|p2a: Mienshao|atk|2\n|move|p1a: Iron Moth|Fire Blast|p2a: Mienshao|[miss]\n|-miss|p1a: Iron Moth|p2a: Mienshao\n|\n|upkeep\n|turn|2\n|inactive|Time left: 300 sec this turn | 300 sec total\n|\n|t:|1783550026\n|-end|p1a: Iron Moth|Quark Drive|[silent]\n|switch|p1a: Zacian|Zacian-Crowned, L64|225/225\n|-ability|p1a: Zacian|Intrepid Sword|boost\n|-boost|p1a: Zacian|atk|1\n|move|p2a: Mienshao|Knock Off|p1a: Zacian\n|-resisted|p1a: Zacian\n|-damage|p1a: Zacian|148/225\n|-damage|p2a: Mienshao|91/100|[from] item: Life Orb\n|\n|upkeep\n|turn|3\n|inactive|Time left: 300 sec this turn | 300 sec total\n|\n|t:|1783550027\n|move|p1a: Zacian|Play Rough|p2a: Mienshao\n|-supereffective|p2a: Mienshao\n|-damage|p2a: Mienshao|0 fnt\n|faint|p2a: Mienshao\n|\n|upkeep\n|\n|t:|1783550028\n|switch|p2a: Hydrapple|Hydrapple, L83, M|100/100\n|turn|4\n|inactive|Time left: 300 sec this turn | 300 sec total\n|\n|t:|1783550029\n|move|p1a: Zacian|Play Rough|p2a: Hydrapple\n|-supereffective|p2a: Hydrapple\n|-damage|p2a: Hydrapple|29/100\n|move|p2a: Hydrapple|Earth Power|p1a: Zacian\n|-supereffective|p1a: Zacian\n|-damage|p1a: Zacian|0 fnt\n|faint|p1a: Zacian\n|-damage|p2a: Hydrapple|19/100|[from] item: Life Orb\n|\n|upkeep\n|inactive|Time left: 300 sec this turn | 300 sec total | 5 sec grace\n|\n|t:|1783550030\n|switch|p1a: Iron Moth|Iron Moth, L78|253/253\n|turn|5\n|inactive|Time left: 300 sec this turn | 300 sec total\n|\n|t:|1783550031\n|switch|p2a: Snorlax|Snorlax, L82, M|100/100\n|move|p1a: Iron Moth|Fire Blast|p2a: Snorlax\n|-crit|p2a: Snorlax\n|-damage|p2a: Snorlax|77/100\n|\n|-heal|p2a: Snorlax|83/100|[from] item: Leftovers\n|upkeep\n|turn|6\n|inactive|Time left: 300 sec this turn | 300 sec total\n|\n|t:|1783550032\n|-end|p1a: Iron Moth|Quark Drive|[silent]\n|switch|p1a: Cloyster|Cloyster, L80, F|211/211\n|move|p2a: Snorlax|Earthquake|p1a: Cloyster\n|-damage|p1a: Cloyster|165/211\n|\n|-heal|p2a: Snorlax|89/100|[from] item: Leftovers\n|upkeep\n|turn|7\n|inactive|Time left: 300 sec this turn | 300 sec total\n|\n|t:|1783550033\n|switch|p2a: Hydrapple|Hydrapple, L83, M|53/100\n|move|p1a: Cloyster|Shell Smash|p1a: Cloyster\n|-unboost|p1a: Cloyster|def|1\n|-unboost|p1a: Cloyster|spd|1\n|-boost|p1a: Cloyster|atk|2\n|-boost|p1a: Cloyster|spa|2\n|-boost|p1a: Cloyster|spe|2\n|-enditem|p1a: Cloyster|White Herb\n|-clearnegativeboost|p1a: Cloyster|[silent]\n|\n|upkeep\n|turn|8\n|inactive|Time left: 300 sec this turn | 300 sec total\n|\n|t:|1783550034\n|-terastallize|p2a: Hydrapple|Steel\n|move|p1a: Cloyster|Icicle Spear|p2a: Hydrapple\n|-resisted|p2a: Hydrapple\n|-damage|p2a: Hydrapple|46/100\n|-resisted|p2a: Hydrapple\n|-damage|p2a: Hydrapple|40/100\n|-resisted|p2a: Hydrapple\n|-damage|p2a: Hydrapple|33/100\n|-resisted|p2a: Hydrapple\n|-damage|p2a: Hydrapple|26/100\n|-resisted|p2a: Hydrapple\n|-damage|p2a: Hydrapple|19/100\n|-hitcount|p2a: Hydrapple|5\n|move|p2a: Hydrapple|Fickle Beam|p1a: Cloyster\n|-damage|p1a: Cloyster|0 fnt\n|faint|p1a: Cloyster\n|-damage|p2a: Hydrapple|9/100|[from] item: Life Orb\n|\n|upkeep\n|inactive|Time left: 300 sec this turn | 300 sec total | 5 sec grace\n|\n|t:|1783550035\n|switch|p1a: Poliwrath|Poliwrath, L88, F|302/302\n|turn|9\n|inactive|Time left: 300 sec this turn | 300 sec total\n|\n|t:|1783550036\n|switch|p2a: Poliwrath|Poliwrath, L88, M|100/100\n|move|p1a: Poliwrath|Bulk Up|p1a: Poliwrath\n|-boost|p1a: Poliwrath|atk|1\n|-boost|p1a: Poliwrath|def|1\n|\n|upkeep\n|turn|10\n|inactive|Time left: 300 sec this turn | 300 sec total\n|\n|t:|1783550037\n|switch|p2a: Eelektross|Eelektross, L87, M|100/100\n|move|p1a: Poliwrath|Bulk Up|p1a: Poliwrath\n|-boost|p1a: Poliwrath|atk|1\n|-boost|p1a: Poliwrath|def|1\n|\n|upkeep\n|turn|11\n|inactive|Time left: 300 sec this turn | 300 sec total\n|\n|t:|1783550038\n|move|p1a: Poliwrath|Drain Punch|p2a: Eelektross\n|-damage|p2a: Eelektross|44/100\n|move|p2a: Eelektross|Discharge|p1a: Poliwrath\n|-supereffective|p1a: Poliwrath\n|-damage|p1a: Poliwrath|132/302\n|\n|-heal|p1a: Poliwrath|150/302|[from] item: Leftovers\n|upkeep\n|turn|12\n|inactive|Time left: 300 sec this turn | 300 sec total\n|\n|t:|1783550039\n|move|p1a: Poliwrath|Drain Punch|p2a: Eelektross\n|-damage|p2a: Eelektross|0 fnt\n|-heal|p1a: Poliwrath|214/302|[from] drain|[of] p2a: Eelektross\n|faint|p2a: Eelektross\n|\n|-heal|p1a: Poliwrath|232/302|[from] item: Leftovers\n|upkeep\n|\n|t:|1783550040\n|switch|p2a: Hydrapple|Hydrapple, L83, M, tera:Steel|42/100\n|turn|13\n|inactive|Time left: 300 sec this turn | 300 sec total\n|\n|t:|1783550041\n|switch|p2a: Poliwrath|Poliwrath, L88, M|100/100\n|move|p1a: Poliwrath|Drain Punch|p2a: Poliwrath\n|-damage|p2a: Poliwrath|45/100\n|-heal|p1a: Poliwrath|302/302|[from] drain|[of] p2a: Poliwrath\n|\n|upkeep\n|turn|14\n|inactive|Time left: 300 sec this turn | 300 sec total\n|\n|t:|1783550042\n|move|p2a: Poliwrath|Liquidation|p1a: Poliwrath\n|-immune|p1a: Poliwrath|[from] ability: Water Absorb\n|move|p1a: Poliwrath|Drain Punch|p2a: Poliwrath\n|-damage|p2a: Poliwrath|0 fnt\n|faint|p2a: Poliwrath\n|\n|upkeep\n|\n|t:|1783550044\n|switch|p2a: Zacian|Zacian-Crowned, L64|100/100\n|-ability|p2a: Zacian|Intrepid Sword|boost\n|-boost|p2a: Zacian|atk|1\n|turn|15\n|inactive|Time left: 300 sec this turn | 300 sec total\n|\n|t:|1783550045\n|move|p2a: Zacian|Play Rough|p1a: Poliwrath\n|-supereffective|p1a: Poliwrath\n|-damage|p1a: Poliwrath|192/302\n|move|p1a: Poliwrath|Drain Punch|p2a: Zacian\n|-damage|p2a: Zacian|20/100\n|-heal|p1a: Poliwrath|282/302|[from] drain|[of] p2a: Zacian\n|\n|-heal|p1a: Poliwrath|300/302|[from] item: Leftovers\n|upkeep\n|turn|16\n|inactive|Time left: 300 sec this turn | 300 sec total\n|\n|t:|1783550046\n|move|p2a: Zacian|Play Rough|p1a: Poliwrath\n|-supereffective|p1a: Poliwrath\n|-damage|p1a: Poliwrath|196/302\n|move|p1a: Poliwrath|Drain Punch|p2a: Zacian\n|-damage|p2a: Zacian|0 fnt\n|-heal|p1a: Poliwrath|219/302|[from] drain|[of] p2a: Zacian\n|faint|p2a: Zacian\n|\n|-heal|p1a: Poliwrath|237/302|[from] item: Leftovers\n|upkeep\n|\n|t:|1783550047\n|switch|p2a: Snorlax|Snorlax, L82, M|89/100\n|turn|17\n|inactive|Time left: 300 sec this turn | 300 sec total\n|\n|t:|1783550048\n|move|p1a: Poliwrath|Drain Punch|p2a: Snorlax\n|-supereffective|p2a: Snorlax\n|-damage|p2a: Snorlax|0 fnt\n|-heal|p1a: Poliwrath|302/302|[from] drain|[of] p2a: Snorlax\n|faint|p2a: Snorlax\n|\n|upkeep\n|\n|t:|1783550049\n|switch|p2a: Hydrapple|Hydrapple, L83, M, tera:Steel|76/100\n|turn|18\n|inactive|Time left: 300 sec this turn | 300 sec total\n|\n|t:|1783550050\n|move|p1a: Poliwrath|Drain Punch|p2a: Hydrapple\n|-supereffective|p2a: Hydrapple\n|-damage|p2a: Hydrapple|0 fnt\n|faint|p2a: Hydrapple\n|\n|win|p0x87229e6", "uploadtime": 1783550050, "views": 0, "rating": 0, "private": 0, "password": null, "_winner": "p0x87229e6", "_our_name": "p0x87229e6"}