{"id": "battle-gen9randombattle-1853", "formatid": "gen9randombattle", "format": "[Gen 9] Random Battle", "players": ["p0x18530961", "p0y185371da"], "log": "|init|battle\n|title|p0x18530961 vs. p0y185371da\n|j|\u2606p0x18530961\n|j|\u2606p0y185371da\n|t:|1783560711\n|gametype|singles\n|player|p1|p0x18530961|265|\n|player|p2|p0y185371da|102|\n|gen|9\n|tier|[Gen 9] Random Battle\n|rule|Species Clause: Limit one of each Pok\u00e9mon\n|rule|HP Percentage Mod: HP is shown in percentages\n|rule|Sleep Clause Mod: Limit one foe put to sleep\n|rule|Illusion Level Mod: Illusion disguises the Pok\u00e9mon's true level\n|\n|t:|1783560711\n|teamsize|p1|6\n|teamsize|p2|6\n|start\n|switch|p1a: Tinkaton|Tinkaton, L82, F|274/274\n|switch|p2a: Venusaur|Venusaur, L84, F|100/100\n|-ability|p1a: Tinkaton|Mold Breaker\n|turn|1\n|inactive|Battle timer is ON: inactive players will automatically lose when time's up. (requested by p0x18530961)\n|inactive|p0y185371da also wants the timer to be on.\n|\n|t:|1783560713\n|move|p1a: Tinkaton|Stealth Rock|p2a: Venusaur\n|-sidestart|p2: p0y185371da|move: Stealth Rock\n|move|p2a: Venusaur|Leech Seed|p1a: Tinkaton\n|-start|p1a: Tinkaton|move: Leech Seed\n|\n|-damage|p1a: Tinkaton|240/274|[from] Leech Seed|[of] p2a: Venusaur\n|upkeep\n|turn|2\n|inactive|Time left: 300 sec this turn | 300 sec total\n|\n|t:|1783560714\n|move|p1a: Tinkaton|Gigaton Hammer|p2a: Venusaur\n|-damage|p2a: Venusaur|46/100\n|move|p2a: Venusaur|Substitute|p2a: Venusaur\n|-start|p2a: Venusaur|Substitute\n|-damage|p2a: Venusaur|21/100\n|\n|-heal|p1a: Tinkaton|257/274|[from] item: Leftovers\n|-heal|p2a: Venusaur|27/100|[from] item: Leftovers\n|-damage|p1a: Tinkaton|223/274|[from] Leech Seed|[of] p2a: Venusaur\n|-heal|p2a: Venusaur|40/100|[silent]\n|upkeep\n|turn|3\n|inactive|Time left: 300 sec this turn | 300 sec total\n|\n|t:|1783560715\n|move|p1a: Tinkaton|Encore|p2a: Venusaur\n|-start|p2a: Venusaur|Encore\n|move|p2a: Venusaur|Substitute|p2a: Venusaur\n|-fail|p2a: Venusaur|move: Substitute\n|\n|-heal|p1a: Tinkaton|240/274|[from] item: Leftovers\n|-heal|p2a: Venusaur|46/100|[from] item: Leftovers\n|-damage|p1a: Tinkaton|206/274|[from] Leech Seed|[of] p2a: Venusaur\n|-heal|p2a: Venusaur|59/100|[silent]\n|upkeep\n|turn|4\n|inactive|Time left: 300 sec this turn | 300 sec total\n|\n|t:|1783560716\n|switch|p1a: Toxicroak|Toxicroak, L84, F|277/277\n|switch|p2a: Lugia|Lugia, L73|100/100\n|\n|upkeep\n|turn|5\n|inactive|Time left: 300 sec this turn | 300 sec total\n|\n|t:|1783560717\n|switch|p1a: Tinkaton|Tinkaton, L82, F|206/274\n|-ability|p1a: Tinkaton|Mold Breaker\n|move|p2a: Lugia|Aeroblast|p1a: Tinkaton\n|-resisted|p1a: Tinkaton\n|-damage|p1a: Tinkaton|173/274\n|\n|-heal|p1a: Tinkaton|190/274|[from] item: Leftovers\n|upkeep\n|turn|6\n|inactive|Time left: 300 sec this turn | 300 sec total\n|\n|t:|1783560718\n|move|p2a: Lugia|Calm Mind|p2a: Lugia\n|-boost|p2a: Lugia|spa|1\n|-boost|p2a: Lugia|spd|1\n|move|p1a: Tinkaton|Gigaton Hammer|p2a: Lugia\n|-damage|p2a: Lugia|63/100\n|\n|-heal|p1a: Tinkaton|207/274|[from] item: Leftovers\n|upkeep\n|turn|7\n|inactive|Time left: 300 sec this turn | 300 sec total\n|\n|t:|1783560719\n|move|p2a: Lugia|Earth Power|p1a: Tinkaton\n|-supereffective|p1a: Tinkaton\n|-damage|p1a: Tinkaton|79/274\n|move|p1a: Tinkaton|Encore|p2a: Lugia\n|-start|p2a: Lugia|Encore\n|\n|-heal|p1a: Tinkaton|96/274|[from] item: Leftovers\n|upkeep\n|turn|8\n|inactive|Time left: 300 sec this turn | 300 sec total\n|\n|t:|1783560720\n|switch|p1a: Cacturne|Cacturne, L92, F|278/278\n|move|p2a: Lugia|Earth Power|p1a: Cacturne\n|-resisted|p1a: Cacturne\n|-damage|p1a: Cacturne|236/278\n|\n|upkeep\n|turn|9\n|inactive|Time left: 300 sec this turn | 300 sec total\n|\n|t:|1783560722\n|move|p2a: Lugia|Earth Power|p1a: Cacturne\n|-resisted|p1a: Cacturne\n|-damage|p1a: Cacturne|196/278\n|move|p1a: Cacturne|Knock Off|p2a: Lugia\n|-supereffective|p2a: Lugia\n|-damage|p2a: Lugia|0 fnt\n|-enditem|p2a: Lugia|Heavy-Duty Boots|[from] move: Knock Off|[of] p1a: Cacturne\n|faint|p2a: Lugia\n|-damage|p1a: Cacturne|169/278|[from] item: Life Orb\n|\n|upkeep\n|\n|t:|1783560723\n|switch|p2a: Grimmsnarl|Grimmsnarl, L83, M|100/100\n|-damage|p2a: Grimmsnarl|88/100|[from] Stealth Rock\n|turn|10\n|inactive|Time left: 300 sec this turn | 300 sec total\n|\n|t:|1783560724\n|move|p1a: Cacturne|Leaf Storm|p2a: Grimmsnarl\n|-damage|p2a: Grimmsnarl|0 fnt\n|-unboost|p1a: Cacturne|spa|2\n|faint|p2a: Grimmsnarl\n|-damage|p1a: Cacturne|142/278|[from] item: Life Orb\n|\n|upkeep\n|\n|t:|1783560725\n|switch|p2a: Klawf|Klawf, L90, M|100/100\n|-damage|p2a: Klawf|88/100|[from] Stealth Rock\n|turn|11\n|inactive|Time left: 300 sec this turn | 300 sec total\n|\n|t:|1783560726\n|switch|p1a: Tauros|Tauros-Paldea-Blaze, L81, M|254/254\n|-ability|p1a: Tauros|Intimidate|boost\n|-unboost|p2a: Klawf|atk|1\n|move|p2a: Klawf|Stone Edge|p1a: Tauros\n|-damage|p1a: Tauros|151/254\n|-damage|p2a: Klawf|78/100|[from] item: Life Orb\n|\n|upkeep\n|turn|12\n|inactive|Time left: 300 sec this turn | 300 sec total\n|\n|t:|1783560727\n|switch|p2a: Iron Leaves|Iron Leaves, L80|100/100\n|-damage|p2a: Iron Leaves|88/100|[from] Stealth Rock\n|move|p1a: Tauros|Close Combat|p2a: Iron Leaves\n|-resisted|p2a: Iron Leaves\n|-damage|p2a: Iron Leaves|48/100\n|-unboost|p1a: Tauros|def|1\n|-unboost|p1a: Tauros|spd|1\n|\n|upkeep\n|turn|13\n|inactive|Time left: 300 sec this turn | 300 sec total\n|\n|t:|1783560728\n|switch|p1a: Meowstic|Meowstic, L89, M|277/277\n|move|p2a: Iron Leaves|Swords Dance|p2a: Iron Leaves\n|-boost|p2a: Iron Leaves|atk|2\n|\n|upkeep\n|turn|14\n|inactive|Time left: 300 sec this turn | 300 sec total\n|\n|t:|1783560729\n|switch|p1a: Tauros|Tauros-Paldea-Blaze, L81, M|151/254\n|-ability|p1a: Tauros|Intimidate|boost\n|-unboost|p2a: Iron Leaves|atk|1\n|move|p2a: Iron Leaves|Leaf Blade|p1a: Tauros\n|-resisted|p1a: Tauros\n|-damage|p1a: Tauros|51/254\n|-damage|p2a: Iron Leaves|39/100|[from] item: Life Orb\n|\n|upkeep\n|turn|15\n|inactive|Time left: 300 sec this turn | 300 sec total\n|\n|t:|1783560730\n|switch|p1a: Cacturne|Cacturne, L92, F|142/278\n|move|p2a: Iron Leaves|Leaf Blade|p1a: Cacturne\n|-resisted|p1a: Cacturne\n|-damage|p1a: Cacturne|6/278\n|-damage|p2a: Iron Leaves|29/100|[from] item: Life Orb\n|\n|upkeep\n|turn|16\n|inactive|Time left: 300 sec this turn | 300 sec total\n|\n|t:|1783560732\n|move|p1a: Cacturne|Sucker Punch|p2a: Iron Leaves\n|-supereffective|p2a: Iron Leaves\n|-damage|p2a: Iron Leaves|0 fnt\n|faint|p2a: Iron Leaves\n|-end|p2a: Iron Leaves|Quark Drive|[silent]\n|-damage|p1a: Cacturne|0 fnt|[from] item: Life Orb\n|faint|p1a: Cacturne\n|\n|upkeep\n|inactive|Time left: 300 sec this turn | 300 sec total | 5 sec grace\n|\n|t:|1783560733\n|switch|p2a: Venusaur|Venusaur, L84, F|59/100\n|switch|p1a: Tauros|Tauros-Paldea-Blaze, L81, M|51/254\n|-ability|p1a: Tauros|Intimidate|boost\n|-unboost|p2a: Venusaur|atk|1\n|-damage|p2a: Venusaur|46/100|[from] Stealth Rock\n|turn|17\n|inactive|Time left: 300 sec this turn | 300 sec total\n|\n|t:|1783560734\n|move|p1a: Tauros|Flare Blitz|p2a: Venusaur\n|-supereffective|p2a: Venusaur\n|-damage|p2a: Venusaur|0 fnt\n|faint|p2a: Venusaur\n|-damage|p1a: Tauros|10/254|[from] Recoil\n|\n|upkeep\n|\n|t:|1783560735\n|switch|p2a: Garganacl|Garganacl, L80, F|100/100\n|-damage|p2a: Garganacl|88/100|[from] Stealth Rock\n|turn|18\n|inactive|Time left: 300 sec this turn | 300 sec total\n|\n|t:|1783560735\n|switch|p1a: Toxicroak|Toxicroak, L84, F|277/277\n|move|p2a: Garganacl|Iron Defense|p2a: Garganacl\n|-boost|p2a: Garganacl|def|2\n|\n|-heal|p2a: Garganacl|94/100|[from] item: Leftovers\n|upkeep\n|turn|19\n|inactive|Time left: 300 sec this turn | 300 sec total\n|\n|t:|1783560736\n|move|p1a: Toxicroak|Swords Dance|p1a: Toxicroak\n|-boost|p1a: Toxicroak|atk|2\n|move|p2a: Garganacl|Salt Cure|p1a: Toxicroak\n|-resisted|p1a: Toxicroak\n|-damage|p1a: Toxicroak|253/277\n|-start|p1a: Toxicroak|Salt Cure\n|\n|-heal|p2a: Garganacl|100/100|[from] item: Leftovers\n|-damage|p1a: Toxicroak|219/277|[from] Salt Cure\n|upkeep\n|turn|20\n|inactive|Time left: 300 sec this turn | 300 sec total\n|\n|t:|1783560737\n|-terastallize|p2a: Garganacl|Dragon\n|move|p1a: Toxicroak|Close Combat|p2a: Garganacl\n|-damage|p2a: Garganacl|50/100\n|-unboost|p1a: Toxicroak|def|1\n|-unboost|p1a: Toxicroak|spd|1\n|-damage|p1a: Toxicroak|192/277|[from] item: Life Orb\n|move|p2a: Garganacl|Body Press|p1a: Toxicroak\n|-resisted|p1a: Toxicroak\n|-damage|p1a: Toxicroak|59/277\n|\n|-heal|p2a: Garganacl|56/100|[from] item: Leftovers\n|-damage|p1a: Toxicroak|25/277|[from] Salt Cure\n|upkeep\n|turn|21\n|inactive|Time left: 300 sec this turn | 300 sec total\n|\n|t:|1783560738\n|-terastallize|p1a: Toxicroak|Fighting\n|move|p1a: Toxicroak|Close Combat|p2a: Garganacl\n|-damage|p2a: Garganacl|0 fnt\n|-unboost|p1a: Toxicroak|def|1\n|-unboost|p1a: Toxicroak|spd|1\n|faint|p2a: Garganacl\n|-damage|p1a: Toxicroak|0 fnt|[from] item: Life Orb\n|faint|p1a: Toxicroak\n|\n|upkeep\n|inactive|Time left: 300 sec this turn | 300 sec total | 5 sec grace\n|\n|t:|1783560739\n|switch|p1a: Tauros|Tauros-Paldea-Blaze, L81, M|10/254\n|switch|p2a: Klawf|Klawf, L90, M|100/100\n|-ability|p1a: Tauros|Intimidate|boost\n|-unboost|p2a: Klawf|atk|1\n|-damage|p2a: Klawf|88/100|[from] Stealth Rock\n|turn|22\n|inactive|Time left: 300 sec this turn | 300 sec total\n|\n|t:|1783560740\n|move|p1a: Tauros|Close Combat|p2a: Klawf\n|-supereffective|p2a: Klawf\n|-damage|p2a: Klawf|0 fnt\n|-unboost|p1a: Tauros|def|1\n|-unboost|p1a: Tauros|spd|1\n|faint|p2a: Klawf\n|\n|win|p0x18530961", "uploadtime": 1783560740, "views": 0, "rating": 0, "private": 0, "password": null, "_winner": "p0x18530961", "_our_name": "p0x18530961"}