{"id": "battle-gen9randombattle-1556", "formatid": "gen9randombattle", "format": "[Gen 9] Random Battle", "players": ["p0x1556d0ee", "p0y15563b01"], "log": "|init|battle\n|title|p0x1556d0ee vs. p0y15563b01\n|j|\u2606p0x1556d0ee\n|j|\u2606p0y15563b01\n|t:|1783558062\n|gametype|singles\n|player|p1|p0x1556d0ee|1|\n|player|p2|p0y15563b01|266|\n|gen|9\n|tier|[Gen 9] Random Battle\n|rule|Species Clause: Limit one of each Pok\u00e9mon\n|rule|HP Percentage Mod: HP is shown in percentages\n|rule|Sleep Clause Mod: Limit one foe put to sleep\n|rule|Illusion Level Mod: Illusion disguises the Pok\u00e9mon's true level\n|\n|t:|1783558062\n|teamsize|p1|6\n|teamsize|p2|6\n|start\n|switch|p1a: Frosmoth|Frosmoth, L82, F|100/100\n|switch|p2a: Scyther|Scyther, L82, F|249/249\n|turn|1\n|inactive|Battle timer is ON: inactive players will automatically lose when time's up. (requested by p0x1556d0ee)\n|inactive|Time left: 300 sec this turn | 300 sec total | 60 sec grace\n|inactive|p0y15563b01 also wants the timer to be on.\n|\n|t:|1783558063\n|switch|p1a: Lunala|Lunala, L70|100/100\n|move|p2a: Scyther|Dual Wingbeat|p1a: Lunala\n|-damage|p1a: Lunala|87/100\n|-damage|p1a: Lunala|60/100\n|-hitcount|p1a: Lunala|2\n|\n|-heal|p1a: Lunala|66/100|[from] item: Leftovers\n|upkeep\n|turn|2\n|inactive|Time left: 300 sec this turn | 300 sec total\n|\n|t:|1783558064\n|move|p2a: Scyther|Swords Dance|p2a: Scyther\n|-boost|p2a: Scyther|atk|2\n|move|p1a: Lunala|Moonlight|p1a: Lunala\n|-heal|p1a: Lunala|100/100\n|\n|upkeep\n|turn|3\n|inactive|Time left: 300 sec this turn | 300 sec total\n|\n|t:|1783558065\n|move|p2a: Scyther|Dual Wingbeat|p1a: Lunala\n|-damage|p1a: Lunala|76/100\n|-damage|p1a: Lunala|26/100\n|-hitcount|p1a: Lunala|2\n|move|p1a: Lunala|Moonlight|p1a: Lunala\n|-heal|p1a: Lunala|76/100\n|\n|-heal|p1a: Lunala|83/100|[from] item: Leftovers\n|upkeep\n|turn|4\n|inactive|Time left: 300 sec this turn | 300 sec total\n|\n|t:|1783558066\n|move|p2a: Scyther|Dual Wingbeat|p1a: Lunala\n|-damage|p1a: Lunala|34/100\n|-crit|p1a: Lunala\n|-damage|p1a: Lunala|0 fnt\n|faint|p1a: Lunala\n|-hitcount|p1: Lunala|2\n|\n|upkeep\n|\n|t:|1783558067\n|switch|p1a: Muk|Muk, L86, M|100/100\n|turn|5\n|inactive|Time left: 300 sec this turn | 300 sec total\n|\n|t:|1783558068\n|move|p2a: Scyther|Dual Wingbeat|p1a: Muk\n|-damage|p1a: Muk|52/100\n|-damage|p1a: Muk|9/100\n|-hitcount|p1a: Muk|2\n|move|p1a: Muk|Poison Jab|p2a: Scyther\n|-damage|p2a: Scyther|180/249\n|-status|p2a: Scyther|psn|[from] ability: Poison Touch|[of] p1a: Muk\n|\n|-heal|p1a: Muk|15/100|[from] item: Leftovers\n|-damage|p2a: Scyther|149/249 psn|[from] psn\n|upkeep\n|turn|6\n|inactive|Time left: 300 sec this turn | 300 sec total\n|\n|t:|1783558069\n|move|p2a: Scyther|Dual Wingbeat|p1a: Muk\n|-damage|p1a: Muk|0 fnt\n|faint|p1a: Muk\n|-hitcount|p1: Muk|1\n|\n|-damage|p2a: Scyther|118/249 psn|[from] psn\n|upkeep\n|\n|t:|1783558070\n|switch|p1a: Lokix|Lokix, L82, M|100/100\n|turn|7\n|inactive|Time left: 300 sec this turn | 300 sec total\n|\n|t:|1783558071\n|move|p1a: Lokix|First Impression|p2a: Scyther\n|-resisted|p2a: Scyther\n|-damage|p2a: Scyther|38/249 psn\n|move|p2a: Scyther|Bug Bite|p1a: Lokix\n|-supereffective|p1a: Lokix\n|-damage|p1a: Lokix|0 fnt\n|faint|p1a: Lokix\n|\n|-damage|p2a: Scyther|7/249 psn|[from] psn\n|upkeep\n|\n|t:|1783558072\n|switch|p1a: Crawdaunt|Crawdaunt, L84, F|100/100\n|turn|8\n|inactive|Time left: 300 sec this turn | 300 sec total\n|\n|t:|1783558073\n|switch|p1a: Leafeon|Leafeon, L88, M|100/100\n|move|p2a: Scyther|Dual Wingbeat|p1a: Leafeon\n|-supereffective|p1a: Leafeon\n|-damage|p1a: Leafeon|28/100\n|-supereffective|p1a: Leafeon\n|-damage|p1a: Leafeon|0 fnt\n|faint|p1a: Leafeon\n|-hitcount|p1: Leafeon|2\n|\n|-damage|p2a: Scyther|0 fnt|[from] psn\n|faint|p2a: Scyther\n|upkeep\n|inactive|Time left: 300 sec this turn | 300 sec total | 5 sec grace\n|\n|t:|1783558074\n|switch|p2a: Kyurem|Kyurem-Black, L71|295/295\n|switch|p1a: Frosmoth|Frosmoth, L82, F|100/100\n|-ability|p2a: Kyurem|Teravolt\n|turn|9\n|inactive|Time left: 300 sec this turn | 300 sec total\n|\n|t:|1783558075\n|move|p2a: Kyurem|Scale Shot|p1a: Frosmoth\n|-damage|p1a: Frosmoth|82/100\n|-damage|p1a: Frosmoth|66/100\n|-damage|p1a: Frosmoth|49/100\n|-damage|p1a: Frosmoth|32/100\n|-hitcount|p1a: Frosmoth|4\n|-unboost|p2a: Kyurem|def|1\n|-boost|p2a: Kyurem|spe|1\n|move|p1a: Frosmoth|Quiver Dance|p1a: Frosmoth\n|-boost|p1a: Frosmoth|spa|1\n|-boost|p1a: Frosmoth|spd|1\n|-boost|p1a: Frosmoth|spe|1\n|\n|upkeep\n|turn|10\n|inactive|Time left: 300 sec this turn | 300 sec total\n|\n|t:|1783558076\n|move|p2a: Kyurem|Icicle Spear|p1a: Frosmoth\n|-resisted|p1a: Frosmoth\n|-damage|p1a: Frosmoth|23/100\n|-resisted|p1a: Frosmoth\n|-damage|p1a: Frosmoth|16/100\n|-resisted|p1a: Frosmoth\n|-damage|p1a: Frosmoth|8/100\n|-resisted|p1a: Frosmoth\n|-damage|p1a: Frosmoth|0 fnt\n|faint|p1a: Frosmoth\n|-hitcount|p1: Frosmoth|4\n|\n|upkeep\n|\n|t:|1783558077\n|switch|p1a: Crawdaunt|Crawdaunt, L84, F|100/100\n|turn|11\n|inactive|Time left: 300 sec this turn | 300 sec total\n|\n|t:|1783558077\n|-terastallize|p2a: Kyurem|Electric\n|-terastallize|p1a: Crawdaunt|Fighting\n|move|p2a: Kyurem|Fusion Bolt|p1a: Crawdaunt\n|-damage|p1a: Crawdaunt|45/100\n|move|p1a: Crawdaunt|Knock Off|p2a: Kyurem\n|-damage|p2a: Kyurem|21/295\n|-enditem|p2a: Kyurem|Loaded Dice|[from] move: Knock Off|[of] p1a: Crawdaunt\n|-damage|p1a: Crawdaunt|35/100|[from] item: Life Orb\n|\n|upkeep\n|turn|12\n|inactive|Time left: 300 sec this turn | 300 sec total\n|\n|t:|1783558078\n|move|p2a: Kyurem|Icicle Spear|p1a: Crawdaunt\n|-crit|p1a: Crawdaunt\n|-damage|p1a: Crawdaunt|14/100\n|-damage|p1a: Crawdaunt|2/100\n|-hitcount|p1a: Crawdaunt|2\n|move|p1a: Crawdaunt|Crabhammer|p2a: Kyurem\n|-damage|p2a: Kyurem|0 fnt\n|faint|p2a: Kyurem\n|-damage|p1a: Crawdaunt|0 fnt|[from] item: Life Orb\n|faint|p1a: Crawdaunt\n|\n|win|p0y15563b01", "uploadtime": 1783558078, "views": 0, "rating": 0, "private": 0, "password": null, "_winner": "p0y15563b01", "_our_name": "p0y15563b01"}