{"id": "battle-gen9randombattle-2453", "formatid": "gen9randombattle", "format": "[Gen 9] Random Battle", "players": ["p0x2453e517", "p0y2453ca8b"], "log": "|init|battle\n|title|p0x2453e517 vs. p0y2453ca8b\n|j|\u2606p0x2453e517\n|j|\u2606p0y2453ca8b\n|t:|1783568435\n|gametype|singles\n|player|p1|p0x2453e517|1|\n|player|p2|p0y2453ca8b|170|\n|gen|9\n|tier|[Gen 9] Random Battle\n|rule|Species Clause: Limit one of each Pok\u00e9mon\n|rule|HP Percentage Mod: HP is shown in percentages\n|rule|Sleep Clause Mod: Limit one foe put to sleep\n|rule|Illusion Level Mod: Illusion disguises the Pok\u00e9mon's true level\n|\n|t:|1783568435\n|teamsize|p1|6\n|teamsize|p2|6\n|start\n|switch|p1a: Froslass|Froslass, L87, F|100/100\n|switch|p2a: Lucario|Lucario, L84, F|255/255\n|turn|1\n|inactive|Battle timer is ON: inactive players will automatically lose when time's up. (requested by p0x2453e517)\n|inactive|Time left: 300 sec this turn | 300 sec total | 60 sec grace\n|inactive|p0y2453ca8b also wants the timer to be on.\n|\n|t:|1783568436\n|move|p1a: Froslass|Poltergeist|p2a: Lucario\n|-activate|p2a: Lucario|move: Poltergeist|Life Orb\n|-damage|p2a: Lucario|117/255\n|move|p2a: Lucario|Meteor Mash|p1a: Froslass|[miss]\n|-miss|p2a: Lucario|p1a: Froslass\n|\n|upkeep\n|turn|2\n|inactive|Time left: 300 sec this turn | 300 sec total\n|\n|t:|1783568438\n|move|p1a: Froslass|Poltergeist|p2a: Lucario\n|-activate|p2a: Lucario|move: Poltergeist|Life Orb\n|-damage|p2a: Lucario|0 fnt\n|faint|p2a: Lucario\n|\n|upkeep\n|inactive|Time left: 300 sec this turn | 300 sec total | 5 sec grace\n|\n|t:|1783568439\n|switch|p2a: Jirachi|Jirachi, L80|291/291\n|turn|3\n|inactive|Time left: 300 sec this turn | 300 sec total\n|\n|t:|1783568440\n|switch|p1a: Gliscor|Gliscor, L76, M|100/100\n|move|p2a: Jirachi|Iron Head|p1a: Gliscor\n|-damage|p1a: Gliscor|74/100\n|\n|-status|p1a: Gliscor|tox|[from] item: Toxic Orb\n|upkeep\n|turn|4\n|inactive|Time left: 300 sec this turn | 300 sec total\n|\n|t:|1783568441\n|move|p2a: Jirachi|Stealth Rock|p1a: Gliscor\n|-sidestart|p1: p0x2453e517|move: Stealth Rock\n|move|p1a: Gliscor|Earthquake|p2a: Jirachi\n|-supereffective|p2a: Jirachi\n|-damage|p2a: Jirachi|129/291\n|\n|-heal|p2a: Jirachi|147/291|[from] item: Leftovers\n|-heal|p1a: Gliscor|86/100 tox|[from] ability: Poison Heal\n|upkeep\n|turn|5\n|inactive|Time left: 300 sec this turn | 300 sec total\n|\n|t:|1783568442\n|move|p2a: Jirachi|Iron Head|p1a: Gliscor\n|-damage|p1a: Gliscor|59/100 tox\n|move|p1a: Gliscor|Earthquake|p2a: Jirachi\n|-supereffective|p2a: Jirachi\n|-crit|p2a: Jirachi\n|-damage|p2a: Jirachi|0 fnt\n|faint|p2a: Jirachi\n|\n|-heal|p1a: Gliscor|71/100 tox|[from] ability: Poison Heal\n|upkeep\n|inactive|Time left: 300 sec this turn | 300 sec total | 5 sec grace\n|\n|t:|1783568443\n|switch|p2a: Roaring Moon|Roaring Moon, L72|270/270\n|turn|6\n|inactive|Time left: 300 sec this turn | 300 sec total\n|\n|t:|1783568444\n|move|p2a: Roaring Moon|Dragon Dance|p2a: Roaring Moon\n|-boost|p2a: Roaring Moon|atk|1\n|-boost|p2a: Roaring Moon|spe|1\n|move|p1a: Gliscor|Earthquake|p2a: Roaring Moon\n|-damage|p2a: Roaring Moon|158/270\n|\n|-heal|p1a: Gliscor|83/100 tox|[from] ability: Poison Heal\n|upkeep\n|turn|7\n|inactive|Time left: 300 sec this turn | 300 sec total\n|\n|t:|1783568445\n|-terastallize|p2a: Roaring Moon|Dragon\n|move|p2a: Roaring Moon|Outrage|p1a: Gliscor\n|-crit|p1a: Gliscor\n|-damage|p1a: Gliscor|0 fnt\n|faint|p1a: Gliscor\n|\n|upkeep\n|\n|t:|1783568446\n|switch|p1a: Flutter Mane|Flutter Mane, L74|100/100\n|-damage|p1a: Flutter Mane|88/100|[from] Stealth Rock\n|turn|8\n|inactive|Time left: 300 sec this turn | 300 sec total\n|\n|t:|1783568447\n|move|p2a: Roaring Moon|Outrage|p1a: Flutter Mane|[from] lockedmove\n|-immune|p1a: Flutter Mane\n|-start|p2a: Roaring Moon|confusion|[fatigue]\n|-enditem|p2a: Roaring Moon|Lum Berry|[eat]\n|-end|p2a: Roaring Moon|confusion\n|move|p1a: Flutter Mane|Calm Mind|p1a: Flutter Mane\n|-boost|p1a: Flutter Mane|spa|1\n|-boost|p1a: Flutter Mane|spd|1\n|\n|upkeep\n|turn|9\n|inactive|Time left: 300 sec this turn | 300 sec total\n|\n|t:|1783568448\n|-end|p1a: Flutter Mane|Protosynthesis|[silent]\n|switch|p1a: Keldeo|Keldeo-Resolute, L79|100/100\n|-damage|p1a: Keldeo|94/100|[from] Stealth Rock\n|move|p2a: Roaring Moon|Knock Off|p1a: Keldeo\n|-resisted|p1a: Keldeo\n|-damage|p1a: Keldeo|64/100\n|-ability|p1a: Keldeo|Justified|boost\n|-boost|p1a: Keldeo|atk|1\n|-enditem|p1a: Keldeo|Leftovers|[from] move: Knock Off|[of] p2a: Roaring Moon\n|\n|upkeep\n|turn|10\n|inactive|Time left: 300 sec this turn | 300 sec total\n|\n|t:|1783568449\n|switch|p1a: Flutter Mane|Flutter Mane, L74|88/100\n|-damage|p1a: Flutter Mane|76/100|[from] Stealth Rock\n|move|p2a: Roaring Moon|Outrage|p1a: Flutter Mane\n|-immune|p1a: Flutter Mane\n|\n|upkeep\n|turn|11\n|inactive|Time left: 300 sec this turn | 300 sec total\n|\n|t:|1783568450\n|move|p2a: Roaring Moon|Knock Off|p1a: Flutter Mane\n|-damage|p1a: Flutter Mane|0 fnt\n|-enditem|p1a: Flutter Mane|Life Orb|[from] move: Knock Off|[of] p2a: Roaring Moon\n|faint|p1a: Flutter Mane\n|-end|p1a: Flutter Mane|Protosynthesis|[silent]\n|\n|upkeep\n|\n|t:|1783568451\n|switch|p1a: Keldeo|Keldeo-Resolute, L79|64/100\n|-damage|p1a: Keldeo|57/100|[from] Stealth Rock\n|turn|12\n|inactive|Time left: 300 sec this turn | 300 sec total\n|\n|t:|1783568452\n|move|p2a: Roaring Moon|Outrage|p1a: Keldeo\n|-damage|p1a: Keldeo|0 fnt\n|faint|p1a: Keldeo\n|\n|upkeep\n|\n|t:|1783568453\n|switch|p1a: Bronzong|Bronzong, L88|100/100\n|-damage|p1a: Bronzong|94/100|[from] Stealth Rock\n|turn|13\n|inactive|Time left: 300 sec this turn | 300 sec total\n|\n|t:|1783568453\n|move|p2a: Roaring Moon|Outrage|p1a: Bronzong|[from] lockedmove\n|-resisted|p1a: Bronzong\n|-damage|p1a: Bronzong|59/100\n|-start|p2a: Roaring Moon|confusion|[fatigue]\n|move|p1a: Bronzong|Iron Defense|p1a: Bronzong\n|-boost|p1a: Bronzong|def|2\n|\n|-heal|p1a: Bronzong|65/100|[from] item: Leftovers\n|upkeep\n|turn|14\n|inactive|Time left: 300 sec this turn | 300 sec total\n|\n|t:|1783568454\n|-activate|p2a: Roaring Moon|confusion\n|move|p2a: Roaring Moon|Knock Off|p1a: Bronzong\n|-supereffective|p1a: Bronzong\n|-damage|p1a: Bronzong|16/100\n|-enditem|p1a: Bronzong|Leftovers|[from] move: Knock Off|[of] p2a: Roaring Moon\n|move|p1a: Bronzong|Body Press|p2a: Roaring Moon\n|-damage|p2a: Roaring Moon|0 fnt\n|faint|p2a: Roaring Moon\n|-end|p2a: Roaring Moon|Protosynthesis|[silent]\n|\n|upkeep\n|inactive|Time left: 300 sec this turn | 300 sec total | 5 sec grace\n|\n|t:|1783568455\n|switch|p2a: Iron Valiant|Iron Valiant, L78|244/244\n|turn|15\n|inactive|Time left: 300 sec this turn | 300 sec total\n|\n|t:|1783568457\n|move|p2a: Iron Valiant|Moonblast|p1a: Bronzong\n|-resisted|p1a: Bronzong\n|-damage|p1a: Bronzong|0 fnt\n|faint|p1a: Bronzong\n|-damage|p2a: Iron Valiant|220/244|[from] item: Life Orb\n|\n|upkeep\n|\n|t:|1783568457\n|switch|p1a: Froslass|Froslass, L87, F|100/100\n|-damage|p1a: Froslass|76/100|[from] Stealth Rock\n|turn|16\n|inactive|Time left: 300 sec this turn | 300 sec total\n|\n|t:|1783568459\n|move|p1a: Froslass|Triple Axel|p2a: Iron Valiant\n|-damage|p2a: Iron Valiant|199/244\n|-damage|p2a: Iron Valiant|159/244\n|-damage|p2a: Iron Valiant|93/244\n|-hitcount|p2a: Iron Valiant|3\n|move|p2a: Iron Valiant|Knock Off|p1a: Froslass\n|-supereffective|p1a: Froslass\n|-damage|p1a: Froslass|0 fnt\n|-enditem|p1a: Froslass|Wide Lens|[from] move: Knock Off|[of] p2a: Iron Valiant\n|faint|p1a: Froslass\n|-damage|p2a: Iron Valiant|69/244|[from] item: Life Orb\n|\n|upkeep\n|\n|t:|1783568459\n|switch|p1a: Ogerpon|Ogerpon-Cornerstone, L76, F|100/100\n|-damage|p1a: Ogerpon|88/100|[from] Stealth Rock\n|turn|17\n|inactive|Time left: 300 sec this turn | 300 sec total\n|\n|t:|1783568460\n|move|p2a: Iron Valiant|Close Combat|p1a: Ogerpon\n|-supereffective|p1a: Ogerpon\n|-damage|p1a: Ogerpon|0 fnt\n|-unboost|p2a: Iron Valiant|def|1\n|-unboost|p2a: Iron Valiant|spd|1\n|faint|p1a: Ogerpon\n|-damage|p2a: Iron Valiant|45/244|[from] item: Life Orb\n|\n|win|p0y2453ca8b", "uploadtime": 1783568460, "views": 0, "rating": 0, "private": 0, "password": null, "_winner": "p0y2453ca8b", "_our_name": "p0y2453ca8b"}