{"id": "battle-gen9randombattle-1693", "formatid": "gen9randombattle", "format": "[Gen 9] Random Battle", "players": ["p0x1693ab3c", "p0y1693f9be"], "log": "|init|battle\n|title|p0x1693ab3c vs. p0y1693f9be\n|j|\u2606p0x1693ab3c\n|j|\u2606p0y1693f9be\n|t:|1783558819\n|gametype|singles\n|player|p1|p0x1693ab3c|102|\n|player|p2|p0y1693f9be|1|\n|gen|9\n|tier|[Gen 9] Random Battle\n|rule|Species Clause: Limit one of each Pok\u00e9mon\n|rule|HP Percentage Mod: HP is shown in percentages\n|rule|Sleep Clause Mod: Limit one foe put to sleep\n|rule|Illusion Level Mod: Illusion disguises the Pok\u00e9mon's true level\n|\n|t:|1783558819\n|teamsize|p1|6\n|teamsize|p2|6\n|start\n|switch|p1a: Falinks|Falinks, L84|100/100\n|switch|p2a: Arceus|Arceus-Ground, L70|284/284\n|turn|1\n|inactive|Battle timer is ON: inactive players will automatically lose when time's up. (requested by p0y1693f9be)\n|inactive|p0x1693ab3c also wants the timer to be on.\n|\n|t:|1783558821\n|move|p2a: Arceus|Dragon Dance|p2a: Arceus\n|-boost|p2a: Arceus|atk|1\n|-boost|p2a: Arceus|spe|1\n|move|p1a: Falinks|No Retreat|p1a: Falinks\n|-boost|p1a: Falinks|atk|1\n|-boost|p1a: Falinks|def|1\n|-boost|p1a: Falinks|spa|1\n|-boost|p1a: Falinks|spd|1\n|-boost|p1a: Falinks|spe|1\n|-start|p1a: Falinks|move: No Retreat\n|\n|upkeep\n|turn|2\n|inactive|Time left: 300 sec this turn | 300 sec total\n|\n|t:|1783558822\n|-terastallize|p2a: Arceus|Ground\n|move|p2a: Arceus|Earthquake|p1a: Falinks\n|-damage|p1a: Falinks|47/100\n|move|p1a: Falinks|Knock Off|p2a: Arceus\n|-damage|p2a: Arceus|201/284\n|-damage|p1a: Falinks|37/100|[from] item: Life Orb\n|\n|upkeep\n|turn|3\n|inactive|Time left: 300 sec this turn | 300 sec total\n|\n|t:|1783558823\n|move|p2a: Arceus|Earthquake|p1a: Falinks\n|-damage|p1a: Falinks|0 fnt\n|faint|p1a: Falinks\n|\n|upkeep\n|\n|t:|1783558824\n|switch|p1a: Basculegion|Basculegion-F, L83, F|100/100\n|turn|4\n|inactive|Time left: 300 sec this turn | 300 sec total\n|\n|t:|1783558825\n|move|p2a: Arceus|Earthquake|p1a: Basculegion\n|-damage|p1a: Basculegion|24/100\n|move|p1a: Basculegion|Hydro Pump|p2a: Arceus\n|-supereffective|p2a: Arceus\n|-damage|p2a: Arceus|0 fnt\n|faint|p2a: Arceus\n|\n|upkeep\n|inactive|Time left: 300 sec this turn | 300 sec total | 5 sec grace\n|\n|t:|1783558826\n|switch|p2a: Serperior|Serperior, L79, F|248/248\n|turn|5\n|inactive|Time left: 300 sec this turn | 300 sec total\n|\n|t:|1783558827\n|switch|p1a: Wo-Chien|Wo-Chien, L83|100/100\n|-ability|p1a: Wo-Chien|Tablets of Ruin\n|move|p2a: Serperior|Leaf Storm|p1a: Wo-Chien\n|-resisted|p1a: Wo-Chien\n|-damage|p1a: Wo-Chien|88/100\n|-boost|p2a: Serperior|spa|2\n|\n|-heal|p1a: Wo-Chien|94/100|[from] item: Leftovers\n|upkeep\n|turn|6\n|inactive|Time left: 300 sec this turn | 300 sec total\n|\n|t:|1783558828\n|move|p2a: Serperior|Leaf Storm|p1a: Wo-Chien|[miss]\n|-miss|p2a: Serperior|p1a: Wo-Chien\n|move|p1a: Wo-Chien|Knock Off|p2a: Serperior\n|-crit|p2a: Serperior\n|-damage|p2a: Serperior|110/248\n|-enditem|p2a: Serperior|Leftovers|[from] move: Knock Off|[of] p1a: Wo-Chien\n|\n|-heal|p1a: Wo-Chien|99/100|[from] item: Leftovers\n|upkeep\n|turn|7\n|inactive|Time left: 300 sec this turn | 300 sec total\n|\n|t:|1783558829\n|move|p2a: Serperior|Substitute|p2a: Serperior\n|-start|p2a: Serperior|Substitute\n|-damage|p2a: Serperior|48/248\n|move|p1a: Wo-Chien|Knock Off|p2a: Serperior\n|-end|p2a: Serperior|Substitute\n|\n|-heal|p1a: Wo-Chien|100/100|[from] item: Leftovers\n|upkeep\n|turn|8\n|inactive|Time left: 300 sec this turn | 300 sec total\n|\n|t:|1783558830\n|move|p2a: Serperior|Leaf Storm|p1a: Wo-Chien\n|-resisted|p1a: Wo-Chien\n|-damage|p1a: Wo-Chien|76/100\n|-boost|p2a: Serperior|spa|2\n|move|p1a: Wo-Chien|Knock Off|p2a: Serperior\n|-damage|p2a: Serperior|0 fnt\n|faint|p2a: Serperior\n|\n|-heal|p1a: Wo-Chien|82/100|[from] item: Leftovers\n|upkeep\n|inactive|Time left: 300 sec this turn | 300 sec total | 5 sec grace\n|\n|t:|1783558830\n|switch|p2a: Mamoswine|Mamoswine, L81, M|311/311\n|turn|9\n|inactive|Time left: 300 sec this turn | 300 sec total\n|\n|t:|1783558832\n|move|p2a: Mamoswine|Icicle Crash|p1a: Wo-Chien|[miss]\n|-miss|p2a: Mamoswine|p1a: Wo-Chien\n|move|p1a: Wo-Chien|Giga Drain|p2a: Mamoswine\n|-supereffective|p2a: Mamoswine\n|-damage|p2a: Mamoswine|95/311\n|-heal|p1a: Wo-Chien|100/100|[from] drain|[of] p2a: Mamoswine\n|\n|upkeep\n|turn|10\n|inactive|Time left: 300 sec this turn | 300 sec total\n|\n|t:|1783558833\n|switch|p1a: Zamazenta|Zamazenta, L71|100/100\n|-ability|p1a: Zamazenta|Dauntless Shield|boost\n|-boost|p1a: Zamazenta|def|1\n|move|p2a: Mamoswine|Icicle Crash|p1a: Zamazenta\n|-damage|p1a: Zamazenta|56/100\n|\n|-heal|p1a: Zamazenta|62/100|[from] item: Leftovers\n|upkeep\n|turn|11\n|inactive|Time left: 300 sec this turn | 300 sec total\n|\n|t:|1783558834\n|switch|p2a: Magearna|Magearna-Original, L77|250/250\n|move|p1a: Zamazenta|Body Press|p2a: Magearna\n|-damage|p2a: Magearna|157/250\n|\n|-heal|p1a: Zamazenta|68/100|[from] item: Leftovers\n|-heal|p2a: Magearna|172/250|[from] item: Leftovers\n|upkeep\n|turn|12\n|inactive|Time left: 300 sec this turn | 300 sec total\n|\n|t:|1783558835\n|move|p1a: Zamazenta|Body Press|p2a: Magearna\n|-damage|p2a: Magearna|85/250\n|move|p2a: Magearna|Fleur Cannon|p1a: Zamazenta\n|-supereffective|p1a: Zamazenta\n|-damage|p1a: Zamazenta|0 fnt\n|-unboost|p2a: Magearna|spa|2\n|faint|p1a: Zamazenta\n|-ability|p2a: Magearna|Soul-Heart|boost\n|-boost|p2a: Magearna|spa|1\n|\n|-heal|p2a: Magearna|100/250|[from] item: Leftovers\n|upkeep\n|\n|t:|1783558837\n|switch|p1a: Basculegion|Basculegion-F, L83, F|24/100\n|turn|13\n|inactive|Time left: 300 sec this turn | 300 sec total\n|\n|t:|1783558838\n|switch|p2a: Duraludon|Duraludon, L82, F|249/249\n|move|p1a: Basculegion|Shadow Ball|p2a: Duraludon\n|-damage|p2a: Duraludon|71/249\n|\n|upkeep\n|turn|14\n|inactive|Time left: 300 sec this turn | 300 sec total\n|\n|t:|1783558839\n|move|p2a: Duraludon|Draco Meteor|p1a: Basculegion\n|-damage|p1a: Basculegion|0 fnt\n|-unboost|p2a: Duraludon|spa|2\n|faint|p1a: Basculegion\n|\n|upkeep\n|\n|t:|1783558840\n|switch|p1a: Dedenne|Dedenne, L88, F|100/100\n|turn|15\n|inactive|Time left: 300 sec this turn | 300 sec total\n|\n|t:|1783558841\n|switch|p2a: Magearna|Magearna-Original, L77|100/250\n|move|p1a: Dedenne|Dazzling Gleam|p2a: Magearna\n|-resisted|p2a: Magearna\n|-damage|p2a: Magearna|61/250\n|\n|-heal|p2a: Magearna|76/250|[from] item: Leftovers\n|upkeep\n|turn|16\n|inactive|Time left: 300 sec this turn | 300 sec total\n|\n|t:|1783558842\n|move|p1a: Dedenne|Thunderbolt|p2a: Magearna\n|-damage|p2a: Magearna|0 fnt\n|faint|p2a: Magearna\n|\n|upkeep\n|inactive|Time left: 300 sec this turn | 300 sec total | 5 sec grace\n|\n|t:|1783558843\n|switch|p2a: Terrakion|Terrakion, L79|273/273\n|turn|17\n|inactive|Time left: 300 sec this turn | 300 sec total\n|\n|t:|1783558844\n|move|p1a: Dedenne|Dazzling Gleam|p2a: Terrakion\n|-supereffective|p2a: Terrakion\n|-damage|p2a: Terrakion|115/273\n|move|p2a: Terrakion|Stone Edge|p1a: Dedenne\n|-damage|p1a: Dedenne|19/100\n|-enditem|p1a: Dedenne|Sitrus Berry|[eat]\n|-heal|p1a: Dedenne|43/100|[from] item: Sitrus Berry\n|-heal|p1a: Dedenne|77/100|[from] ability: Cheek Pouch\n|\n|upkeep\n|turn|18\n|inactive|Time left: 300 sec this turn | 300 sec total\n|\n|t:|1783558845\n|move|p1a: Dedenne|Dazzling Gleam|p2a: Terrakion\n|-supereffective|p2a: Terrakion\n|-damage|p2a: Terrakion|0 fnt\n|faint|p2a: Terrakion\n|\n|upkeep\n|inactive|Time left: 300 sec this turn | 300 sec total | 5 sec grace\n|\n|t:|1783558846\n|switch|p2a: Duraludon|Duraludon, L82, F|71/249\n|turn|19\n|inactive|Time left: 300 sec this turn | 300 sec total\n|\n|t:|1783558847\n|-terastallize|p1a: Dedenne|Flying\n|move|p1a: Dedenne|Dazzling Gleam|p2a: Duraludon\n|-crit|p2a: Duraludon\n|-damage|p2a: Duraludon|0 fnt\n|faint|p2a: Duraludon\n|\n|upkeep\n|inactive|Time left: 300 sec this turn | 300 sec total | 5 sec grace\n|\n|t:|1783558848\n|switch|p2a: Mamoswine|Mamoswine, L81, M|95/311\n|turn|20\n|inactive|Time left: 300 sec this turn | 300 sec total\n|\n|t:|1783558848\n|move|p2a: Mamoswine|Ice Shard|p1a: Dedenne\n|-supereffective|p1a: Dedenne\n|-damage|p1a: Dedenne|0 fnt\n|faint|p1a: Dedenne\n|\n|upkeep\n|\n|t:|1783558849\n|switch|p1a: Wo-Chien|Wo-Chien, L83|100/100\n|-ability|p1a: Wo-Chien|Tablets of Ruin\n|turn|21\n|inactive|Time left: 300 sec this turn | 300 sec total\n|\n|t:|1783558850\n|move|p2a: Mamoswine|Ice Shard|p1a: Wo-Chien\n|-supereffective|p1a: Wo-Chien\n|-damage|p1a: Wo-Chien|66/100\n|move|p1a: Wo-Chien|Knock Off|p2a: Mamoswine\n|-damage|p2a: Mamoswine|0 fnt\n|-enditem|p2a: Mamoswine|Choice Band|[from] move: Knock Off|[of] p1a: Wo-Chien\n|faint|p2a: Mamoswine\n|\n|win|p0x1693ab3c", "uploadtime": 1783558850, "views": 0, "rating": 0, "private": 0, "password": null, "_winner": "p0x1693ab3c", "_our_name": "p0y1693f9be"}