{"id": "battle-gen9randombattle-93", "formatid": "gen9randombattle", "format": "[Gen 9] Random Battle", "players": ["p0x0945b66", "p0y0944061"], "log": "|init|battle\n|title|p0x0945b66 vs. p0y0944061\n|j|\u2606p0x0945b66\n|j|\u2606p0y0944061\n|t:|1783540272\n|gametype|singles\n|player|p1|p0x0945b66|265|\n|player|p2|p0y0944061|101|\n|gen|9\n|tier|[Gen 9] Random Battle\n|rule|Species Clause: Limit one of each Pok\u00e9mon\n|rule|HP Percentage Mod: HP is shown in percentages\n|rule|Sleep Clause Mod: Limit one foe put to sleep\n|rule|Illusion Level Mod: Illusion disguises the Pok\u00e9mon's true level\n|\n|t:|1783540272\n|teamsize|p1|6\n|teamsize|p2|6\n|start\n|switch|p1a: Pincurchin|Pincurchin, F|100/100\n|switch|p2a: Indeedee|Indeedee-F, L90, F|272/272\n|-fieldstart|move: Psychic Terrain|[from] ability: Psychic Surge|[of] p2a: Indeedee\n|-fieldstart|move: Electric Terrain|[from] ability: Electric Surge|[of] p1a: Pincurchin\n|turn|1\n|inactive|Battle timer is ON: inactive players will automatically lose when time's up. (requested by p0x0945b66)\n|inactive|Time left: 300 sec this turn | 300 sec total | 60 sec grace\n|\n|t:|1783540274\n|move|p2a: Indeedee|Calm Mind|p2a: Indeedee\n|-boost|p2a: Indeedee|spa|1\n|-boost|p2a: Indeedee|spd|1\n|move|p1a: Pincurchin|Zing Zap|p2a: Indeedee\n|-damage|p2a: Indeedee|83/272\n|\n|upkeep\n|turn|2\n|inactive|Time left: 300 sec this turn | 300 sec total\n|inactive|p0y0944061 also wants the timer to be on.\n|\n|t:|1783540275\n|move|p2a: Indeedee|Hyper Voice|p1a: Pincurchin\n|-damage|p1a: Pincurchin|25/100\n|-damage|p2a: Indeedee|56/272|[from] item: Life Orb\n|move|p1a: Pincurchin|Zing Zap|p2a: Indeedee\n|-damage|p2a: Indeedee|0 fnt\n|faint|p2a: Indeedee\n|\n|-heal|p1a: Pincurchin|31/100|[from] item: Leftovers\n|upkeep\n|inactive|Time left: 300 sec this turn | 300 sec total | 5 sec grace\n|\n|t:|1783540276\n|switch|p2a: Gardevoir|Gardevoir, L83, F|249/249\n|-ability|p2a: Gardevoir|Electric Surge|Trace|[from] ability: Trace|[of] p1a: Pincurchin\n|turn|3\n|inactive|Time left: 300 sec this turn | 300 sec total\n|\n|t:|1783540277\n|switch|p1a: Qwilfish|Qwilfish-Hisui, L83, M|100/100\n|-ability|p1a: Qwilfish|Intimidate|boost\n|-unboost|p2a: Gardevoir|atk|1\n|move|p2a: Gardevoir|Moonblast|p1a: Qwilfish\n|-crit|p1a: Qwilfish\n|-damage|p1a: Qwilfish|35/100\n|\n|upkeep\n|turn|4\n|inactive|Time left: 300 sec this turn | 300 sec total\n|\n|t:|1783540278\n|-terastallize|p1a: Qwilfish|Poison\n|move|p2a: Gardevoir|Moonblast|p1a: Qwilfish\n|-resisted|p1a: Qwilfish\n|-damage|p1a: Qwilfish|13/100\n|move|p1a: Qwilfish|Gunk Shot|p2a: Gardevoir\n|-supereffective|p2a: Gardevoir\n|-damage|p2a: Gardevoir|0 fnt\n|faint|p2a: Gardevoir\n|\n|upkeep\n|inactive|Time left: 300 sec this turn | 300 sec total | 5 sec grace\n|\n|t:|1783540280\n|switch|p2a: Volcarona|Volcarona, L77, F|257/257\n|turn|5\n|inactive|Time left: 300 sec this turn | 300 sec total\n|\n|t:|1783540281\n|move|p2a: Volcarona|Quiver Dance|p2a: Volcarona\n|-boost|p2a: Volcarona|spa|1\n|-boost|p2a: Volcarona|spd|1\n|-boost|p2a: Volcarona|spe|1\n|move|p1a: Qwilfish|Gunk Shot|p2a: Volcarona\n|-damage|p2a: Volcarona|25/257\n|-status|p2a: Volcarona|psn\n|\n|-damage|p2a: Volcarona|0 fnt|[from] psn\n|faint|p2a: Volcarona\n|-fieldend|move: Electric Terrain\n|upkeep\n|inactive|Time left: 300 sec this turn | 300 sec total | 5 sec grace\n|\n|t:|1783540282\n|switch|p2a: Greninja|Greninja, L80, M|246/246\n|turn|6\n|inactive|Time left: 300 sec this turn | 300 sec total\n|\n|t:|1783540283\n|switch|p1a: Mightyena|Mightyena, L96, F|100/100\n|-ability|p1a: Mightyena|Intimidate|boost\n|-unboost|p2a: Greninja|atk|1\n|move|p2a: Greninja|Hydro Pump|p1a: Mightyena\n|-damage|p1a: Mightyena|63/100\n|-damage|p2a: Greninja|222/246|[from] item: Life Orb\n|\n|upkeep\n|turn|7\n|inactive|Time left: 300 sec this turn | 300 sec total\n|\n|t:|1783540284\n|switch|p2a: Gliscor|Gliscor, L76, M|239/239\n|move|p1a: Mightyena|Play Rough|p2a: Gliscor\n|-damage|p2a: Gliscor|176/239\n|\n|-status|p2a: Gliscor|tox|[from] item: Toxic Orb\n|upkeep\n|turn|8\n|inactive|Time left: 300 sec this turn | 300 sec total\n|\n|t:|1783540285\n|move|p1a: Mightyena|Super Fang|p2a: Gliscor\n|-damage|p2a: Gliscor|88/239 tox\n|move|p2a: Gliscor|Earthquake|p1a: Mightyena\n|-damage|p1a: Mightyena|33/100\n|\n|-heal|p2a: Gliscor|117/239 tox|[from] ability: Poison Heal\n|upkeep\n|turn|9\n|inactive|Time left: 300 sec this turn | 300 sec total\n|\n|t:|1783540286\n|move|p1a: Mightyena|Throat Chop|p2a: Gliscor\n|-damage|p2a: Gliscor|30/239 tox\n|-start|p2a: Gliscor|Throat Chop|[silent]\n|move|p2a: Gliscor|Earthquake|p1a: Mightyena\n|-crit|p1a: Mightyena\n|-damage|p1a: Mightyena|0 fnt\n|faint|p1a: Mightyena\n|\n|-heal|p2a: Gliscor|59/239 tox|[from] ability: Poison Heal\n|upkeep\n|\n|t:|1783540287\n|switch|p1a: Cryogonal|Cryogonal, L89|100/100\n|turn|10\n|inactive|Time left: 300 sec this turn | 300 sec total\n|\n|t:|1783540288\n|switch|p2a: Gouging Fire|Gouging Fire, L74|277/277\n|move|p1a: Cryogonal|Freeze-Dry|p2a: Gouging Fire\n|-damage|p2a: Gouging Fire|195/277\n|\n|upkeep\n|turn|11\n|inactive|Time left: 300 sec this turn | 300 sec total\n|\n|t:|1783540289\n|move|p1a: Cryogonal|Freeze-Dry|p2a: Gouging Fire\n|-damage|p2a: Gouging Fire|111/277\n|move|p2a: Gouging Fire|Dragon Dance|p2a: Gouging Fire\n|-boost|p2a: Gouging Fire|atk|1\n|-boost|p2a: Gouging Fire|spe|1\n|\n|upkeep\n|turn|12\n|inactive|Time left: 300 sec this turn | 300 sec total\n|\n|t:|1783540290\n|switch|p1a: Qwilfish|Qwilfish-Hisui, L83, M, tera:Poison|13/100\n|-ability|p1a: Qwilfish|Intimidate|boost\n|-unboost|p2a: Gouging Fire|atk|1\n|move|p2a: Gouging Fire|Heat Crash|p1a: Qwilfish\n|-damage|p1a: Qwilfish|0 fnt\n|faint|p1a: Qwilfish\n|\n|upkeep\n|\n|t:|1783540290\n|switch|p1a: Registeel|Registeel, L81|100/100\n|turn|13\n|inactive|Time left: 300 sec this turn | 300 sec total\n|\n|t:|1783540291\n|move|p2a: Gouging Fire|Morning Sun|p2a: Gouging Fire\n|-heal|p2a: Gouging Fire|249/277\n|move|p1a: Registeel|Iron Defense|p1a: Registeel\n|-boost|p1a: Registeel|def|2\n|\n|upkeep\n|turn|14\n|inactive|Time left: 300 sec this turn | 300 sec total\n|\n|t:|1783540292\n|move|p2a: Gouging Fire|Dragon Dance|p2a: Gouging Fire\n|-boost|p2a: Gouging Fire|atk|1\n|-boost|p2a: Gouging Fire|spe|1\n|move|p1a: Registeel|Body Press|p2a: Gouging Fire\n|-damage|p2a: Gouging Fire|107/277\n|\n|upkeep\n|turn|15\n|inactive|Time left: 300 sec this turn | 300 sec total\n|\n|t:|1783540293\n|move|p2a: Gouging Fire|Morning Sun|p2a: Gouging Fire\n|-heal|p2a: Gouging Fire|245/277\n|move|p1a: Registeel|Body Press|p2a: Gouging Fire\n|-damage|p2a: Gouging Fire|122/277\n|\n|upkeep\n|turn|16\n|inactive|Time left: 300 sec this turn | 300 sec total\n|\n|t:|1783540294\n|move|p2a: Gouging Fire|Morning Sun|p2a: Gouging Fire\n|-heal|p2a: Gouging Fire|260/277\n|move|p1a: Registeel|Body Press|p2a: Gouging Fire\n|-damage|p2a: Gouging Fire|131/277\n|\n|upkeep\n|turn|17\n|inactive|Time left: 300 sec this turn | 300 sec total\n|\n|t:|1783540295\n|move|p2a: Gouging Fire|Morning Sun|p2a: Gouging Fire\n|-heal|p2a: Gouging Fire|269/277\n|move|p1a: Registeel|Body Press|p2a: Gouging Fire\n|-damage|p2a: Gouging Fire|127/277\n|\n|upkeep\n|turn|18\n|inactive|Time left: 300 sec this turn | 300 sec total\n|\n|t:|1783540296\n|move|p2a: Gouging Fire|Morning Sun|p2a: Gouging Fire\n|-heal|p2a: Gouging Fire|265/277\n|move|p1a: Registeel|Body Press|p2a: Gouging Fire\n|-damage|p2a: Gouging Fire|139/277\n|\n|upkeep\n|turn|19\n|inactive|Time left: 300 sec this turn | 300 sec total\n|\n|t:|1783540297\n|move|p2a: Gouging Fire|Morning Sun|p2a: Gouging Fire\n|-heal|p2a: Gouging Fire|277/277\n|move|p1a: Registeel|Body Press|p2a: Gouging Fire\n|-damage|p2a: Gouging Fire|133/277\n|\n|upkeep\n|turn|20\n|inactive|Time left: 300 sec this turn | 300 sec total\n|\n|t:|1783540298\n|move|p2a: Gouging Fire|Morning Sun|p2a: Gouging Fire\n|-heal|p2a: Gouging Fire|271/277\n|move|p1a: Registeel|Body Press|p2a: Gouging Fire\n|-damage|p2a: Gouging Fire|142/277\n|\n|upkeep\n|turn|21\n|inactive|Time left: 300 sec this turn | 300 sec total\n|\n|t:|1783540299\n|move|p2a: Gouging Fire|Morning Sun|p2a: Gouging Fire\n|-heal|p2a: Gouging Fire|277/277\n|move|p1a: Registeel|Body Press|p2a: Gouging Fire\n|-damage|p2a: Gouging Fire|138/277\n|\n|upkeep\n|turn|22\n|inactive|Time left: 300 sec this turn | 300 sec total\n|\n|t:|1783540300\n|-terastallize|p2a: Gouging Fire|Fairy\n|move|p2a: Gouging Fire|Heat Crash|p1a: Registeel\n|-supereffective|p1a: Registeel\n|-damage|p1a: Registeel|78/100\n|move|p1a: Registeel|Body Press|p2a: Gouging Fire\n|-resisted|p2a: Gouging Fire\n|-damage|p2a: Gouging Fire|73/277\n|\n|upkeep\n|turn|23\n|inactive|Time left: 300 sec this turn | 300 sec total\n|\n|t:|1783540301\n|move|p2a: Gouging Fire|Heat Crash|p1a: Registeel\n|-supereffective|p1a: Registeel\n|-damage|p1a: Registeel|56/100\n|move|p1a: Registeel|Iron Head|p2a: Gouging Fire\n|-supereffective|p2a: Gouging Fire\n|-damage|p2a: Gouging Fire|0 fnt\n|faint|p2a: Gouging Fire\n|-end|p2a: Gouging Fire|Protosynthesis|[silent]\n|\n|upkeep\n|inactive|Time left: 300 sec this turn | 300 sec total | 5 sec grace\n|\n|t:|1783540302\n|switch|p2a: Gliscor|Gliscor, L76, M|59/239 tox\n|turn|24\n|inactive|Time left: 300 sec this turn | 300 sec total\n|\n|t:|1783540303\n|move|p2a: Gliscor|Protect|p2a: Gliscor\n|-singleturn|p2a: Gliscor|Protect\n|move|p1a: Registeel|Body Press|p2a: Gliscor\n|-activate|p2a: Gliscor|move: Protect\n|\n|-heal|p2a: Gliscor|88/239 tox|[from] ability: Poison Heal\n|upkeep\n|turn|25\n|inactive|Time left: 300 sec this turn | 300 sec total\n|\n|t:|1783540304\n|move|p2a: Gliscor|Knock Off|p1a: Registeel\n|-damage|p1a: Registeel|49/100\n|-enditem|p1a: Registeel|Chesto Berry|[from] move: Knock Off|[of] p2a: Gliscor\n|move|p1a: Registeel|Body Press|p2a: Gliscor\n|-resisted|p2a: Gliscor\n|-damage|p2a: Gliscor|23/239 tox\n|\n|-heal|p2a: Gliscor|52/239 tox|[from] ability: Poison Heal\n|upkeep\n|turn|26\n|inactive|Time left: 300 sec this turn | 300 sec total\n|\n|t:|1783540305\n|move|p2a: Gliscor|Protect|p2a: Gliscor\n|-singleturn|p2a: Gliscor|Protect\n|move|p1a: Registeel|Body Press|p2a: Gliscor\n|-activate|p2a: Gliscor|move: Protect\n|\n|-heal|p2a: Gliscor|81/239 tox|[from] ability: Poison Heal\n|upkeep\n|turn|27\n|inactive|Time left: 300 sec this turn | 300 sec total\n|\n|t:|1783540306\n|move|p2a: Gliscor|Earthquake|p1a: Registeel\n|-supereffective|p1a: Registeel\n|-damage|p1a: Registeel|26/100\n|move|p1a: Registeel|Iron Head|p2a: Gliscor\n|-damage|p2a: Gliscor|27/239 tox\n|\n|-heal|p2a: Gliscor|56/239 tox|[from] ability: Poison Heal\n|upkeep\n|turn|28\n|inactive|Time left: 300 sec this turn | 300 sec total\n|\n|t:|1783540307\n|move|p2a: Gliscor|Earthquake|p1a: Registeel\n|-supereffective|p1a: Registeel\n|-damage|p1a: Registeel|2/100\n|move|p1a: Registeel|Body Press|p2a: Gliscor\n|-resisted|p2a: Gliscor\n|-damage|p2a: Gliscor|0 fnt\n|faint|p2a: Gliscor\n|\n|upkeep\n|inactive|Time left: 300 sec this turn | 300 sec total | 5 sec grace\n|\n|t:|1783540308\n|switch|p2a: Greninja|Greninja, L80, M|222/246\n|turn|29\n|inactive|Time left: 300 sec this turn | 300 sec total\n|\n|t:|1783540309\n|move|p2a: Greninja|Gunk Shot|p1a: Registeel\n|-immune|p1a: Registeel\n|move|p1a: Registeel|Body Press|p2a: Greninja\n|-supereffective|p2a: Greninja\n|-damage|p2a: Greninja|0 fnt\n|faint|p2a: Greninja\n|\n|win|p0x0945b66", "uploadtime": 1783540309, "views": 0, "rating": 0, "private": 0, "password": null, "_winner": "p0x0945b66", "_our_name": "p0y0944061"}