{"id": "battle-gen9randombattle-1192", "formatid": "gen9randombattle", "format": "[Gen 9] Random Battle", "players": ["p0x11921c84", "p0y11923c12"], "log": "|init|battle\n|title|p0x11921c84 vs. p0y11923c12\n|j|\u2606p0x11921c84\n|j|\u2606p0y11923c12\n|t:|1783553795\n|gametype|singles\n|player|p1|p0x11921c84|169|\n|player|p2|p0y11923c12|1|\n|gen|9\n|tier|[Gen 9] Random Battle\n|rule|Species Clause: Limit one of each Pok\u00e9mon\n|rule|HP Percentage Mod: HP is shown in percentages\n|rule|Sleep Clause Mod: Limit one foe put to sleep\n|rule|Illusion Level Mod: Illusion disguises the Pok\u00e9mon's true level\n|\n|t:|1783553795\n|teamsize|p1|6\n|teamsize|p2|6\n|start\n|switch|p1a: Arceus|Arceus-Ice, L72|100/100\n|switch|p2a: Azumarill|Azumarill, L82, F|298/298\n|turn|1\n|inactive|Battle timer is ON: inactive players will automatically lose when time's up. (requested by p0x11921c84)\n|inactive|Time left: 300 sec this turn | 300 sec total | 60 sec grace\n|inactive|p0y11923c12 also wants the timer to be on.\n|\n|t:|1783553797\n|move|p1a: Arceus|Calm Mind|p1a: Arceus\n|-boost|p1a: Arceus|spa|1\n|-boost|p1a: Arceus|spd|1\n|move|p2a: Azumarill|Liquidation|p1a: Arceus\n|-damage|p1a: Arceus|52/100\n|\n|upkeep\n|turn|2\n|inactive|Time left: 300 sec this turn | 300 sec total\n|\n|t:|1783553798\n|move|p1a: Arceus|Thunderbolt|p2a: Azumarill\n|-supereffective|p2a: Azumarill\n|-damage|p2a: Azumarill|116/298\n|move|p2a: Azumarill|Liquidation|p1a: Arceus\n|-damage|p1a: Arceus|0 fnt\n|faint|p1a: Arceus\n|\n|upkeep\n|\n|t:|1783553799\n|switch|p1a: Blastoise|Blastoise, L80, F|100/100\n|turn|3\n|inactive|Time left: 300 sec this turn | 300 sec total\n|\n|t:|1783553801\n|move|p1a: Blastoise|Shell Smash|p1a: Blastoise\n|-unboost|p1a: Blastoise|def|1\n|-unboost|p1a: Blastoise|spd|1\n|-boost|p1a: Blastoise|atk|2\n|-boost|p1a: Blastoise|spa|2\n|-boost|p1a: Blastoise|spe|2\n|-enditem|p1a: Blastoise|White Herb\n|-clearnegativeboost|p1a: Blastoise|[silent]\n|move|p2a: Azumarill|Liquidation|p1a: Blastoise\n|-resisted|p1a: Blastoise\n|-damage|p1a: Blastoise|70/100\n|\n|upkeep\n|turn|4\n|inactive|Time left: 300 sec this turn | 300 sec total\n|\n|t:|1783553802\n|move|p1a: Blastoise|Earthquake|p2a: Azumarill\n|-damage|p2a: Azumarill|0 fnt\n|faint|p2a: Azumarill\n|\n|upkeep\n|inactive|Time left: 300 sec this turn | 300 sec total | 5 sec grace\n|\n|t:|1783553803\n|switch|p2a: Veluza|Veluza, L85, M|292/292\n|turn|5\n|inactive|Time left: 300 sec this turn | 300 sec total\n|\n|t:|1783553804\n|move|p1a: Blastoise|Earthquake|p2a: Veluza\n|-crit|p2a: Veluza\n|-damage|p2a: Veluza|105/292\n|move|p2a: Veluza|Psycho Cut|p1a: Blastoise\n|-damage|p1a: Blastoise|9/100\n|\n|upkeep\n|turn|6\n|inactive|Time left: 300 sec this turn | 300 sec total\n|\n|t:|1783553805\n|move|p1a: Blastoise|Earthquake|p2a: Veluza\n|-damage|p2a: Veluza|0 fnt\n|faint|p2a: Veluza\n|\n|upkeep\n|inactive|Time left: 300 sec this turn | 300 sec total | 5 sec grace\n|\n|t:|1783553806\n|switch|p2a: Registeel|Registeel, L81|262/262\n|turn|7\n|inactive|Time left: 300 sec this turn | 300 sec total\n|\n|t:|1783553807\n|-terastallize|p1a: Blastoise|Water\n|move|p1a: Blastoise|Hydro Pump|p2a: Registeel\n|-damage|p2a: Registeel|0 fnt\n|faint|p2a: Registeel\n|\n|upkeep\n|inactive|Time left: 300 sec this turn | 300 sec total | 5 sec grace\n|\n|t:|1783553808\n|switch|p2a: Fezandipiti|Fezandipiti, L82, M|278/278\n|turn|8\n|inactive|Time left: 300 sec this turn | 300 sec total\n|\n|t:|1783553809\n|move|p1a: Blastoise|Hydro Pump|p2a: Fezandipiti\n|-damage|p2a: Fezandipiti|0 fnt\n|faint|p2a: Fezandipiti\n|\n|upkeep\n|inactive|Time left: 300 sec this turn | 300 sec total | 5 sec grace\n|\n|t:|1783553810\n|switch|p2a: Vikavolt|Vikavolt, L83, M|263/263\n|turn|9\n|inactive|Time left: 300 sec this turn | 300 sec total\n|\n|t:|1783553811\n|move|p1a: Blastoise|Hydro Pump|p2a: Vikavolt\n|-damage|p2a: Vikavolt|0 fnt\n|faint|p2a: Vikavolt\n|\n|upkeep\n|inactive|Time left: 300 sec this turn | 300 sec total | 5 sec grace\n|\n|t:|1783553812\n|switch|p2a: Metagross|Metagross, L79|256/256\n|turn|10\n|inactive|Time left: 300 sec this turn | 300 sec total\n|\n|t:|1783553813\n|move|p1a: Blastoise|Hydro Pump|p2a: Metagross|[miss]\n|-miss|p1a: Blastoise|p2a: Metagross\n|move|p2a: Metagross|Heavy Slam|p1a: Blastoise\n|-resisted|p1a: Blastoise\n|-damage|p1a: Blastoise|0 fnt\n|faint|p1a: Blastoise\n|\n|upkeep\n|\n|t:|1783553814\n|switch|p1a: Sinistcha|Sinistcha, L83|100/100\n|turn|11\n|inactive|Time left: 300 sec this turn | 300 sec total\n|\n|t:|1783553815\n|-terastallize|p2a: Metagross|Ground\n|move|p1a: Sinistcha|Shadow Ball|p2a: Metagross\n|-damage|p2a: Metagross|153/256\n|move|p2a: Metagross|Agility|p2a: Metagross\n|-boost|p2a: Metagross|spe|2\n|\n|upkeep\n|turn|12\n|inactive|Time left: 300 sec this turn | 300 sec total\n|\n|t:|1783553816\n|move|p2a: Metagross|Heavy Slam|p1a: Sinistcha\n|-damage|p1a: Sinistcha|54/100\n|move|p1a: Sinistcha|Matcha Gotcha|p2a: Metagross\n|-supereffective|p2a: Metagross\n|-damage|p2a: Metagross|0 fnt\n|-heal|p1a: Sinistcha|84/100|[from] drain|[of] p2a: Metagross\n|faint|p2a: Metagross\n|\n|win|p0x11921c84", "uploadtime": 1783553816, "views": 0, "rating": 0, "private": 0, "password": null, "_winner": "p0x11921c84", "_our_name": "p0y11923c12"}