{"id": "battle-gen9randombattle-659", "formatid": "gen9randombattle", "format": "[Gen 9] Random Battle", "players": ["p0x65982dd", "p0y659ca47"], "log": "|init|battle\n|title|p0x65982dd vs. p0y659ca47\n|j|\u2606p0x65982dd\n|j|\u2606p0y659ca47\n|t:|1783547457\n|gametype|singles\n|player|p1|p0x65982dd|102|\n|player|p2|p0y659ca47|170|\n|gen|9\n|tier|[Gen 9] Random Battle\n|rule|Species Clause: Limit one of each Pok\u00e9mon\n|rule|HP Percentage Mod: HP is shown in percentages\n|rule|Sleep Clause Mod: Limit one foe put to sleep\n|rule|Illusion Level Mod: Illusion disguises the Pok\u00e9mon's true level\n|\n|t:|1783547457\n|teamsize|p1|6\n|teamsize|p2|6\n|start\n|switch|p1a: Luvdisc|Luvdisc, F|247/247\n|switch|p2a: Porygon2|Porygon2, L81|100/100\n|-ability|p2a: Porygon2|Download|boost\n|-boost|p2a: Porygon2|atk|1\n|turn|1\n|inactive|Battle timer is ON: inactive players will automatically lose when time's up. (requested by p0x65982dd)\n|inactive|p0y659ca47 also wants the timer to be on.\n|\n|t:|1783547459\n|switch|p1a: Vikavolt|Vikavolt, L83, M|263/263\n|move|p2a: Porygon2|Shadow Ball|p1a: Vikavolt\n|-damage|p1a: Vikavolt|202/263\n|\n|upkeep\n|turn|2\n|inactive|Time left: 300 sec this turn | 300 sec total\n|\n|t:|1783547460\n|move|p2a: Porygon2|Tera Blast|p1a: Vikavolt\n|-damage|p1a: Vikavolt|100/263\n|move|p1a: Vikavolt|Sticky Web|p2a: Porygon2\n|-sidestart|p2: p0y659ca47|move: Sticky Web\n|\n|upkeep\n|turn|3\n|inactive|Time left: 300 sec this turn | 300 sec total\n|\n|t:|1783547462\n|move|p2a: Porygon2|Tera Blast|p1a: Vikavolt\n|-damage|p1a: Vikavolt|6/263\n|move|p1a: Vikavolt|Bug Buzz|p2a: Porygon2\n|-damage|p2a: Porygon2|66/100\n|\n|upkeep\n|turn|4\n|inactive|Time left: 300 sec this turn | 300 sec total\n|\n|t:|1783547463\n|switch|p1a: Giratina|Giratina, L75|349/349\n|-ability|p1a: Giratina|Pressure\n|move|p2a: Porygon2|Tera Blast|p1a: Giratina\n|-immune|p1a: Giratina\n|\n|upkeep\n|turn|5\n|inactive|Time left: 300 sec this turn | 300 sec total\n|\n|t:|1783547464\n|move|p1a: Giratina|Calm Mind|p1a: Giratina\n|-boost|p1a: Giratina|spa|1\n|-boost|p1a: Giratina|spd|1\n|move|p2a: Porygon2|Shadow Ball|p1a: Giratina\n|-supereffective|p1a: Giratina\n|-damage|p1a: Giratina|287/349\n|\n|-heal|p1a: Giratina|308/349|[from] item: Leftovers\n|upkeep\n|turn|6\n|inactive|Time left: 300 sec this turn | 300 sec total\n|\n|t:|1783547465\n|move|p1a: Giratina|Calm Mind|p1a: Giratina\n|-boost|p1a: Giratina|spa|1\n|-boost|p1a: Giratina|spd|1\n|move|p2a: Porygon2|Recover|p2a: Porygon2\n|-heal|p2a: Porygon2|100/100\n|\n|-heal|p1a: Giratina|329/349|[from] item: Leftovers\n|upkeep\n|turn|7\n|inactive|Time left: 300 sec this turn | 300 sec total\n|\n|t:|1783547466\n|-terastallize|p2a: Porygon2|Fairy\n|move|p1a: Giratina|Calm Mind|p1a: Giratina\n|-boost|p1a: Giratina|spa|1\n|-boost|p1a: Giratina|spd|1\n|move|p2a: Porygon2|Tera Blast|p1a: Giratina|[anim] Tera Blast Fairy\n|-supereffective|p1a: Giratina\n|-damage|p1a: Giratina|149/349\n|\n|-heal|p1a: Giratina|170/349|[from] item: Leftovers\n|upkeep\n|turn|8\n|inactive|Time left: 300 sec this turn | 300 sec total\n|\n|t:|1783547467\n|move|p1a: Giratina|Rest|p1a: Giratina\n|-status|p1a: Giratina|slp|[from] move: Rest\n|-heal|p1a: Giratina|349/349 slp|[silent]\n|move|p2a: Porygon2|Tera Blast|p1a: Giratina|[anim] Tera Blast Fairy\n|-supereffective|p1a: Giratina\n|-damage|p1a: Giratina|155/349 slp\n|\n|-heal|p1a: Giratina|176/349 slp|[from] item: Leftovers\n|upkeep\n|turn|9\n|inactive|Time left: 300 sec this turn | 300 sec total\n|\n|t:|1783547468\n|cant|p1a: Giratina|slp\n|move|p1a: Giratina|Sleep Talk|p1a: Giratina\n|move|p1a: Giratina|Rest||[from] move: Sleep Talk|[still]\n|-fail|p1a: Giratina\n|move|p2a: Porygon2|Tera Blast|p1a: Giratina|[anim] Tera Blast Fairy\n|-supereffective|p1a: Giratina\n|-damage|p1a: Giratina|0 fnt\n|faint|p1a: Giratina\n|\n|upkeep\n|inactive|Time left: 300 sec this turn | 300 sec total | 5 sec grace\n|\n|t:|1783547469\n|switch|p1a: Haxorus|Haxorus, L77, F|244/244\n|-ability|p1a: Haxorus|Mold Breaker\n|turn|10\n|inactive|Time left: 300 sec this turn | 300 sec total\n|\n|t:|1783547470\n|-terastallize|p1a: Haxorus|Steel\n|move|p1a: Haxorus|Dragon Dance|p1a: Haxorus\n|-boost|p1a: Haxorus|atk|1\n|-boost|p1a: Haxorus|spe|1\n|move|p2a: Porygon2|Tera Blast|p1a: Haxorus|[anim] Tera Blast Fairy\n|-resisted|p1a: Haxorus\n|-damage|p1a: Haxorus|190/244\n|\n|upkeep\n|turn|11\n|inactive|Time left: 300 sec this turn | 300 sec total\n|\n|t:|1783547471\n|switch|p2a: Great Tusk|Great Tusk, L77|100/100\n|-activate|p2a: Great Tusk|move: Sticky Web\n|-unboost|p2a: Great Tusk|spe|1\n|-enditem|p2a: Great Tusk|Booster Energy\n|-activate|p2a: Great Tusk|ability: Protosynthesis|[fromitem]\n|-start|p2a: Great Tusk|protosynthesisatk\n|move|p1a: Haxorus|Iron Head|p2a: Great Tusk\n|-damage|p2a: Great Tusk|59/100\n|\n|upkeep\n|turn|12\n|inactive|Time left: 300 sec this turn | 300 sec total\n|\n|t:|1783547472\n|move|p1a: Haxorus|Outrage|p2a: Great Tusk\n|-damage|p2a: Great Tusk|4/100\n|move|p2a: Great Tusk|Earthquake|p1a: Haxorus\n|-supereffective|p1a: Haxorus\n|-damage|p1a: Haxorus|0 fnt\n|faint|p1a: Haxorus\n|\n|upkeep\n|inactive|Time left: 300 sec this turn | 300 sec total | 5 sec grace\n|\n|t:|1783547473\n|switch|p1a: Luvdisc|Luvdisc, F|247/247\n|turn|13\n|inactive|Time left: 300 sec this turn | 300 sec total\n|\n|t:|1783547473\n|move|p1a: Luvdisc|Surf|p2a: Great Tusk\n|-supereffective|p2a: Great Tusk\n|-damage|p2a: Great Tusk|0 fnt\n|faint|p2a: Great Tusk\n|-end|p2a: Great Tusk|Protosynthesis|[silent]\n|\n|upkeep\n|\n|t:|1783547474\n|switch|p2a: Mimikyu|Mimikyu, L79, M|100/100\n|-activate|p2a: Mimikyu|move: Sticky Web\n|-unboost|p2a: Mimikyu|spe|1\n|turn|14\n|inactive|Time left: 300 sec this turn | 300 sec total\n|\n|t:|1783547475\n|switch|p1a: Torkoal|Torkoal, L88, M|266/266\n|-weather|SunnyDay|[from] ability: Drought|[of] p1a: Torkoal\n|move|p2a: Mimikyu|Swords Dance|p2a: Mimikyu\n|-boost|p2a: Mimikyu|atk|2\n|\n|-weather|SunnyDay|[upkeep]\n|upkeep\n|turn|15\n|inactive|Time left: 300 sec this turn | 300 sec total\n|\n|t:|1783547476\n|move|p2a: Mimikyu|Swords Dance|p2a: Mimikyu\n|-boost|p2a: Mimikyu|atk|2\n|move|p1a: Torkoal|Lava Plume|p2a: Mimikyu\n|-activate|p2a: Mimikyu|ability: Disguise\n|-damage|p2a: Mimikyu|100/100\n|detailschange|p2a: Mimikyu|Mimikyu-Busted, L79, M\n|-damage|p2a: Mimikyu|88/100|[from] pokemon: Mimikyu-Busted\n|\n|-weather|SunnyDay|[upkeep]\n|upkeep\n|turn|16\n|inactive|Time left: 300 sec this turn | 300 sec total\n|\n|t:|1783547477\n|move|p2a: Mimikyu|Drain Punch|p1a: Torkoal\n|-damage|p1a: Torkoal|144/266\n|-heal|p2a: Mimikyu|100/100|[from] drain|[of] p1a: Torkoal\n|-damage|p2a: Mimikyu|91/100|[from] item: Life Orb\n|move|p1a: Torkoal|Lava Plume|p2a: Mimikyu\n|-damage|p2a: Mimikyu|32/100\n|-status|p2a: Mimikyu|brn\n|\n|-weather|SunnyDay|[upkeep]\n|-damage|p2a: Mimikyu|26/100 brn|[from] brn\n|upkeep\n|turn|17\n|inactive|Time left: 300 sec this turn | 300 sec total\n|\n|t:|1783547479\n|move|p2a: Mimikyu|Drain Punch|p1a: Torkoal\n|-damage|p1a: Torkoal|86/266\n|-heal|p2a: Mimikyu|39/100 brn|[from] drain|[of] p1a: Torkoal\n|-damage|p2a: Mimikyu|30/100 brn|[from] item: Life Orb\n|move|p1a: Torkoal|Lava Plume|p2a: Mimikyu\n|-damage|p2a: Mimikyu|0 fnt\n|faint|p2a: Mimikyu\n|\n|-weather|SunnyDay|[upkeep]\n|upkeep\n|\n|t:|1783547480\n|switch|p2a: Porygon2|Porygon2, L81, tera:Fairy|100/100\n|-activate|p2a: Porygon2|move: Sticky Web\n|-unboost|p2a: Porygon2|spe|1\n|-ability|p2a: Porygon2|Download|boost\n|-boost|p2a: Porygon2|spa|1\n|turn|18\n|inactive|Time left: 300 sec this turn | 300 sec total\n|\n|t:|1783547481\n|switch|p1a: Mandibuzz|Mandibuzz, L85, F|326/326\n|move|p2a: Porygon2|Shadow Ball|p1a: Mandibuzz\n|-resisted|p1a: Mandibuzz\n|-damage|p1a: Mandibuzz|287/326\n|-unboost|p1a: Mandibuzz|spd|1\n|\n|-weather|none\n|upkeep\n|turn|19\n|inactive|Time left: 300 sec this turn | 300 sec total\n|\n|t:|1783547482\n|switch|p1a: Vikavolt|Vikavolt, L83, M|6/263\n|move|p2a: Porygon2|Tera Blast|p1a: Vikavolt|[anim] Tera Blast Fairy\n|-damage|p1a: Vikavolt|0 fnt\n|faint|p1a: Vikavolt\n|\n|upkeep\n|inactive|Time left: 300 sec this turn | 300 sec total | 5 sec grace\n|\n|t:|1783547483\n|switch|p1a: Mandibuzz|Mandibuzz, L85, F|287/326\n|turn|20\n|inactive|Time left: 300 sec this turn | 300 sec total\n|\n|t:|1783547484\n|move|p1a: Mandibuzz|Toxic|p2a: Porygon2\n|-status|p2a: Porygon2|tox\n|move|p2a: Porygon2|Tera Blast|p1a: Mandibuzz|[anim] Tera Blast Fairy\n|-supereffective|p1a: Mandibuzz\n|-damage|p1a: Mandibuzz|41/326\n|\n|-damage|p2a: Porygon2|95/100 tox|[from] psn\n|upkeep\n|turn|21\n|inactive|Time left: 300 sec this turn | 300 sec total\n|\n|t:|1783547485\n|switch|p1a: Torkoal|Torkoal, L88, M|86/266\n|-weather|SunnyDay|[from] ability: Drought|[of] p1a: Torkoal\n|move|p2a: Porygon2|Tera Blast|p1a: Torkoal|[anim] Tera Blast Fairy\n|-resisted|p1a: Torkoal\n|-damage|p1a: Torkoal|18/266\n|\n|-weather|SunnyDay|[upkeep]\n|-damage|p2a: Porygon2|83/100 tox|[from] psn\n|upkeep\n|turn|22\n|inactive|Time left: 300 sec this turn | 300 sec total\n|\n|t:|1783547487\n|move|p2a: Porygon2|Tera Blast|p1a: Torkoal|[anim] Tera Blast Fairy\n|-resisted|p1a: Torkoal\n|-damage|p1a: Torkoal|0 fnt\n|faint|p1a: Torkoal\n|\n|-weather|SunnyDay|[upkeep]\n|-damage|p2a: Porygon2|65/100 tox|[from] psn\n|upkeep\n|inactive|Time left: 300 sec this turn | 300 sec total | 5 sec grace\n|\n|t:|1783547488\n|switch|p1a: Luvdisc|Luvdisc, F|247/247\n|turn|23\n|inactive|Time left: 300 sec this turn | 300 sec total\n|\n|t:|1783547489\n|move|p1a: Luvdisc|Substitute|p1a: Luvdisc\n|-start|p1a: Luvdisc|Substitute\n|-damage|p1a: Luvdisc|186/247\n|move|p2a: Porygon2|Tera Blast|p1a: Luvdisc|[anim] Tera Blast Fairy\n|-end|p1a: Luvdisc|Substitute\n|\n|-weather|SunnyDay|[upkeep]\n|-damage|p2a: Porygon2|41/100 tox|[from] psn\n|upkeep\n|turn|24\n|inactive|Time left: 300 sec this turn | 300 sec total\n|\n|t:|1783547490\n|switch|p2a: Azelf|Azelf, L82|100/100\n|move|p1a: Luvdisc|Substitute|p1a: Luvdisc\n|-start|p1a: Luvdisc|Substitute\n|-damage|p1a: Luvdisc|125/247\n|\n|-weather|SunnyDay|[upkeep]\n|upkeep\n|turn|25\n|inactive|Time left: 300 sec this turn | 300 sec total\n|\n|t:|1783547491\n|move|p1a: Luvdisc|Endeavor|p2a: Azelf\n|-damage|p2a: Azelf|49/100\n|move|p2a: Azelf|U-turn|p1a: Luvdisc\n|-end|p1a: Luvdisc|Substitute\n|-damage|p2a: Azelf|39/100|[from] item: Life Orb\n|\n|t:|1783547492\n|switch|p2a: Glalie|Glalie, L96, M|100/100|[from] U-turn\n|\n|-weather|none\n|upkeep\n|turn|26\n|inactive|Time left: 300 sec this turn | 300 sec total\n|\n|t:|1783547493\n|move|p1a: Luvdisc|Substitute|p1a: Luvdisc\n|-start|p1a: Luvdisc|Substitute\n|-damage|p1a: Luvdisc|64/247\n|move|p2a: Glalie|Freeze-Dry|p1a: Luvdisc\n|-supereffective|p1a: Luvdisc\n|-end|p1a: Luvdisc|Substitute\n|\n|upkeep\n|turn|27\n|inactive|Time left: 300 sec this turn | 300 sec total\n|\n|t:|1783547494\n|move|p1a: Luvdisc|Substitute|p1a: Luvdisc\n|-start|p1a: Luvdisc|Substitute\n|-damage|p1a: Luvdisc|3/247\n|move|p2a: Glalie|Freeze-Dry|p1a: Luvdisc\n|-supereffective|p1a: Luvdisc\n|-end|p1a: Luvdisc|Substitute\n|\n|upkeep\n|turn|28\n|inactive|Time left: 300 sec this turn | 300 sec total\n|\n|t:|1783547495\n|move|p1a: Luvdisc|Surf|p2a: Glalie\n|-damage|p2a: Glalie|76/100\n|move|p2a: Glalie|Freeze-Dry|p1a: Luvdisc\n|-supereffective|p1a: Luvdisc\n|-damage|p1a: Luvdisc|0 fnt\n|faint|p1a: Luvdisc\n|\n|upkeep\n|inactive|Time left: 300 sec this turn | 300 sec total | 5 sec grace\n|\n|t:|1783547496\n|switch|p1a: Mandibuzz|Mandibuzz, L85, F|41/326\n|turn|29\n|inactive|Time left: 300 sec this turn | 300 sec total\n|\n|t:|1783547497\n|move|p2a: Glalie|Freeze-Dry|p1a: Mandibuzz\n|-supereffective|p1a: Mandibuzz\n|-damage|p1a: Mandibuzz|0 fnt\n|faint|p1a: Mandibuzz\n|\n|win|p0y659ca47", "uploadtime": 1783547497, "views": 0, "rating": 0, "private": 0, "password": null, "_winner": "p0y659ca47", "_our_name": "p0x65982dd"}