{"id": "battle-gen9randombattle-63", "formatid": "gen9randombattle", "format": "[Gen 9] Random Battle", "players": ["p0x063c617", "p0y063ebf7"], "log": "|init|battle\n|title|p0x063c617 vs. p0y063ebf7\n|j|\u2606p0x063c617\n|j|\u2606p0y063ebf7\n|t:|1783534497\n|gametype|singles\n|player|p1|p0x063c617|169|\n|player|p2|p0y063ebf7|2|\n|gen|9\n|tier|[Gen 9] Random Battle\n|rule|Species Clause: Limit one of each Pok\u00e9mon\n|rule|HP Percentage Mod: HP is shown in percentages\n|rule|Sleep Clause Mod: Limit one foe put to sleep\n|rule|Illusion Level Mod: Illusion disguises the Pok\u00e9mon's true level\n|\n|t:|1783534497\n|teamsize|p1|6\n|teamsize|p2|6\n|start\n|switch|p1a: Latias|Latias, L79, F|100/100\n|switch|p2a: Mienshao|Mienshao, L83, F|244/244\n|turn|1\n|inactive|Battle timer is ON: inactive players will automatically lose when time's up. (requested by p0x063c617)\n|inactive|Time left: 300 sec this turn | 300 sec total | 60 sec grace\n|inactive|p0y063ebf7 also wants the timer to be on.\n|\n|t:|1783534499\n|move|p2a: Mienshao|Knock Off|p1a: Latias\n|-supereffective|p1a: Latias\n|-damage|p1a: Latias|29/100\n|-enditem|p1a: Latias|Soul Dew|[from] move: Knock Off|[of] p2a: Mienshao\n|move|p1a: Latias|Psyshock|p2a: Mienshao\n|-supereffective|p2a: Mienshao\n|-damage|p2a: Mienshao|10/244\n|\n|upkeep\n|turn|2\n|inactive|Time left: 300 sec this turn | 300 sec total\n|\n|t:|1783534500\n|switch|p1a: Koraidon|Koraidon, L64|100/100\n|-weather|SunnyDay|[from] ability: Orichalcum Pulse|[of] p1a: Koraidon\n|-activate|p1a: Koraidon|Orichalcum Pulse|[source]\n|move|p2a: Mienshao|U-turn|p1a: Koraidon\n|-resisted|p1a: Koraidon\n|-crit|p1a: Koraidon\n|-damage|p1a: Koraidon|81/100\n|inactive|Time left: 300 sec this turn | 300 sec total | 5 sec grace\n|\n|t:|1783534501\n|switch|p2a: Gouging Fire|Gouging Fire, L74|277/277|[from] U-turn\n|-activate|p2a: Gouging Fire|ability: Protosynthesis\n|-start|p2a: Gouging Fire|protosynthesisdef\n|\n|-weather|SunnyDay|[upkeep]\n|upkeep\n|turn|3\n|inactive|Time left: 300 sec this turn | 300 sec total\n|\n|t:|1783534502\n|switch|p1a: Metagross|Metagross, L79|100/100\n|move|p2a: Gouging Fire|Outrage|p1a: Metagross\n|-resisted|p1a: Metagross\n|-damage|p1a: Metagross|83/100\n|\n|-weather|SunnyDay|[upkeep]\n|-heal|p1a: Metagross|89/100|[from] item: Leftovers\n|upkeep\n|turn|4\n|inactive|Time left: 300 sec this turn | 300 sec total\n|\n|t:|1783534503\n|move|p2a: Gouging Fire|Outrage|p1a: Metagross|[from] lockedmove\n|-resisted|p1a: Metagross\n|-damage|p1a: Metagross|72/100\n|-start|p2a: Gouging Fire|confusion|[fatigue]\n|move|p1a: Metagross|Stealth Rock|p2a: Gouging Fire\n|-sidestart|p2: p0y063ebf7|move: Stealth Rock\n|\n|-weather|SunnyDay|[upkeep]\n|-heal|p1a: Metagross|78/100|[from] item: Leftovers\n|upkeep\n|turn|5\n|inactive|Time left: 300 sec this turn | 300 sec total\n|\n|t:|1783534504\n|-activate|p2a: Gouging Fire|confusion\n|move|p2a: Gouging Fire|Dragon Dance|p2a: Gouging Fire\n|-boost|p2a: Gouging Fire|atk|1\n|-boost|p2a: Gouging Fire|spe|1\n|move|p1a: Metagross|Earthquake|p2a: Gouging Fire\n|-supereffective|p2a: Gouging Fire\n|-damage|p2a: Gouging Fire|161/277\n|\n|-weather|SunnyDay|[upkeep]\n|-heal|p1a: Metagross|84/100|[from] item: Leftovers\n|upkeep\n|turn|6\n|inactive|Time left: 300 sec this turn | 300 sec total\n|\n|t:|1783534505\n|-activate|p2a: Gouging Fire|confusion\n|move|p2a: Gouging Fire|Heat Crash|p1a: Metagross\n|-supereffective|p1a: Metagross\n|-crit|p1a: Metagross\n|-damage|p1a: Metagross|8/100\n|move|p1a: Metagross|Earthquake|p2a: Gouging Fire\n|-supereffective|p2a: Gouging Fire\n|-damage|p2a: Gouging Fire|43/277\n|\n|-weather|none\n|-end|p2a: Gouging Fire|Protosynthesis\n|-heal|p1a: Metagross|15/100|[from] item: Leftovers\n|upkeep\n|turn|7\n|inactive|Time left: 300 sec this turn | 300 sec total\n|\n|t:|1783534506\n|-activate|p2a: Gouging Fire|confusion\n|move|p2a: Gouging Fire|Outrage|p1a: Metagross\n|-resisted|p1a: Metagross\n|-damage|p1a: Metagross|0 fnt\n|faint|p1a: Metagross\n|\n|upkeep\n|\n|t:|1783534507\n|switch|p1a: Sandslash|Sandslash-Alola, L88, F|100/100\n|turn|8\n|inactive|Time left: 300 sec this turn | 300 sec total\n|\n|t:|1783534508\n|-end|p2a: Gouging Fire|confusion\n|move|p2a: Gouging Fire|Outrage|p1a: Sandslash|[from] lockedmove\n|-resisted|p1a: Sandslash\n|-damage|p1a: Sandslash|77/100\n|-start|p2a: Gouging Fire|confusion|[fatigue]\n|move|p1a: Sandslash|Knock Off|p2a: Gouging Fire\n|-damage|p2a: Gouging Fire|0 fnt\n|-enditem|p2a: Gouging Fire|Heavy-Duty Boots|[from] move: Knock Off|[of] p1a: Sandslash\n|faint|p2a: Gouging Fire\n|-end|p2a: Gouging Fire|Protosynthesis|[silent]\n|-damage|p1a: Sandslash|67/100|[from] item: Life Orb\n|\n|upkeep\n|inactive|Time left: 300 sec this turn | 300 sec total | 5 sec grace\n|\n|t:|1783534508\n|switch|p2a: Mienshao|Mienshao, L83, F|91/244\n|-damage|p2a: Mienshao|76/244|[from] Stealth Rock\n|turn|9\n|inactive|Time left: 300 sec this turn | 300 sec total\n|\n|t:|1783534509\n|switch|p1a: Annihilape|Annihilape, L76, M|100/100\n|move|p2a: Mienshao|Close Combat|p1a: Annihilape\n|-immune|p1a: Annihilape\n|\n|upkeep\n|turn|10\n|inactive|Time left: 300 sec this turn | 300 sec total\n|\n|t:|1783534510\n|move|p2a: Mienshao|U-turn|p1a: Annihilape\n|-resisted|p1a: Annihilape\n|-damage|p1a: Annihilape|95/100\n|inactive|Time left: 300 sec this turn | 300 sec total | 5 sec grace\n|\n|t:|1783534511\n|switch|p2a: Iron Jugulis|Iron Jugulis, L77|271/271|[from] U-turn\n|-damage|p2a: Iron Jugulis|204/271|[from] Stealth Rock\n|move|p1a: Annihilape|Bulk Up|p1a: Annihilape\n|-boost|p1a: Annihilape|atk|1\n|-boost|p1a: Annihilape|def|1\n|\n|-heal|p1a: Annihilape|100/100|[from] item: Leftovers\n|upkeep\n|turn|11\n|inactive|Time left: 300 sec this turn | 300 sec total\n|\n|t:|1783534512\n|move|p2a: Iron Jugulis|Hurricane|p1a: Annihilape\n|-supereffective|p1a: Annihilape\n|-damage|p1a: Annihilape|7/100\n|move|p1a: Annihilape|Drain Punch|p2a: Iron Jugulis\n|-damage|p2a: Iron Jugulis|83/271\n|-heal|p1a: Annihilape|28/100|[from] drain|[of] p2a: Iron Jugulis\n|\n|-heal|p1a: Annihilape|34/100|[from] item: Leftovers\n|upkeep\n|turn|12\n|inactive|Time left: 300 sec this turn | 300 sec total\n|\n|t:|1783534513\n|move|p2a: Iron Jugulis|Hurricane|p1a: Annihilape\n|-supereffective|p1a: Annihilape\n|-damage|p1a: Annihilape|0 fnt\n|faint|p1a: Annihilape\n|\n|upkeep\n|\n|t:|1783534514\n|switch|p1a: Koraidon|Koraidon, L64|81/100\n|-weather|SunnyDay|[from] ability: Orichalcum Pulse|[of] p1a: Koraidon\n|-activate|p1a: Koraidon|Orichalcum Pulse|[source]\n|turn|13\n|inactive|Time left: 300 sec this turn | 300 sec total\n|\n|t:|1783534515\n|move|p1a: Koraidon|Scale Shot|p2a: Iron Jugulis\n|-damage|p2a: Iron Jugulis|53/271\n|-crit|p2a: Iron Jugulis\n|-damage|p2a: Iron Jugulis|10/271\n|-damage|p2a: Iron Jugulis|0 fnt\n|faint|p2a: Iron Jugulis\n|-end|p2a: Iron Jugulis|Quark Drive|[silent]\n|-hitcount|p2: Iron Jugulis|3\n|-unboost|p1a: Koraidon|def|1\n|-boost|p1a: Koraidon|spe|1\n|\n|-weather|SunnyDay|[upkeep]\n|upkeep\n|inactive|Time left: 300 sec this turn | 300 sec total | 5 sec grace\n|\n|t:|1783534516\n|switch|p2a: Iron Thorns|Iron Thorns, L83|302/302\n|-damage|p2a: Iron Thorns|265/302|[from] Stealth Rock\n|-item|p2a: Iron Thorns|Air Balloon\n|turn|14\n|inactive|Time left: 300 sec this turn | 300 sec total\n|\n|t:|1783534517\n|move|p1a: Koraidon|Collision Course|p2a: Iron Thorns\n|-supereffective|p2a: Iron Thorns\n|-damage|p2a: Iron Thorns|17/302\n|-enditem|p2a: Iron Thorns|Air Balloon\n|move|p2a: Iron Thorns|Ice Punch|p1a: Koraidon\n|-supereffective|p1a: Koraidon\n|-damage|p1a: Koraidon|0 fnt\n|faint|p1a: Koraidon\n|\n|-weather|SunnyDay|[upkeep]\n|upkeep\n|\n|t:|1783534518\n|switch|p1a: Latias|Latias, L79, F|29/100\n|turn|15\n|inactive|Time left: 300 sec this turn | 300 sec total\n|\n|t:|1783534519\n|move|p1a: Latias|Recover|p1a: Latias\n|-heal|p1a: Latias|79/100\n|move|p2a: Iron Thorns|Stone Edge|p1a: Latias\n|-damage|p1a: Latias|26/100\n|\n|-weather|SunnyDay|[upkeep]\n|upkeep\n|turn|16\n|inactive|Time left: 300 sec this turn | 300 sec total\n|\n|t:|1783534520\n|move|p1a: Latias|Psyshock|p2a: Iron Thorns\n|-damage|p2a: Iron Thorns|0 fnt\n|faint|p2a: Iron Thorns\n|-end|p2a: Iron Thorns|Quark Drive|[silent]\n|\n|-weather|SunnyDay|[upkeep]\n|upkeep\n|inactive|Time left: 300 sec this turn | 300 sec total | 5 sec grace\n|\n|t:|1783534521\n|switch|p2a: Mienshao|Mienshao, L83, F|157/244\n|-damage|p2a: Mienshao|142/244|[from] Stealth Rock\n|turn|17\n|inactive|Time left: 300 sec this turn | 300 sec total\n|\n|t:|1783534522\n|move|p2a: Mienshao|U-turn|p1a: Latias\n|-supereffective|p1a: Latias\n|-damage|p1a: Latias|0 fnt\n|faint|p1a: Latias\n|inactive|Time left: 300 sec this turn | 300 sec total | 5 sec grace\n|\n|t:|1783534523\n|switch|p2a: Ogerpon|Ogerpon-Wellspring, L76, F|247/247|[from] U-turn\n|-damage|p2a: Ogerpon|217/247|[from] Stealth Rock\n|\n|-weather|none\n|upkeep\n|\n|t:|1783534524\n|switch|p1a: Cryogonal|Cryogonal, L89|100/100\n|turn|18\n|inactive|Time left: 300 sec this turn | 300 sec total\n|\n|t:|1783534524\n|switch|p2a: Komala|Komala, L87, F|255/255\n|-damage|p2a: Komala|224/255|[from] Stealth Rock\n|-ability|p2a: Komala|Comatose\n|move|p1a: Cryogonal|Freeze-Dry|p2a: Komala\n|-damage|p2a: Komala|176/255\n|\n|upkeep\n|turn|19\n|inactive|Time left: 300 sec this turn | 300 sec total\n|\n|t:|1783534525\n|switch|p1a: Sandslash|Sandslash-Alola, L88, F|67/100\n|move|p2a: Komala|Rapid Spin|p1a: Sandslash\n|-resisted|p1a: Sandslash\n|-damage|p1a: Sandslash|59/100\n|-boost|p2a: Komala|spe|1\n|-sideend|p2: p0y063ebf7|Stealth Rock|[from] move: Rapid Spin|[of] p2a: Komala\n|\n|upkeep\n|turn|20\n|inactive|Time left: 300 sec this turn | 300 sec total\n|\n|t:|1783534526\n|move|p2a: Komala|Earthquake|p1a: Sandslash\n|-supereffective|p1a: Sandslash\n|-crit|p1a: Sandslash\n|-damage|p1a: Sandslash|0 fnt\n|faint|p1a: Sandslash\n|\n|upkeep\n|\n|t:|1783534527\n|switch|p1a: Cryogonal|Cryogonal, L89|100/100\n|turn|21\n|inactive|Time left: 300 sec this turn | 300 sec total\n|\n|t:|1783534529\n|move|p2a: Komala|Body Slam|p1a: Cryogonal\n|-damage|p1a: Cryogonal|46/100\n|move|p1a: Cryogonal|Flash Cannon|p2a: Komala\n|-damage|p2a: Komala|136/255\n|\n|upkeep\n|turn|22\n|inactive|Time left: 300 sec this turn | 300 sec total\n|\n|t:|1783534530\n|-terastallize|p1a: Cryogonal|Steel\n|move|p2a: Komala|Body Slam|p1a: Cryogonal\n|-resisted|p1a: Cryogonal\n|-damage|p1a: Cryogonal|18/100\n|move|p1a: Cryogonal|Recover|p1a: Cryogonal\n|-heal|p1a: Cryogonal|68/100\n|\n|upkeep\n|turn|23\n|inactive|Time left: 300 sec this turn | 300 sec total\n|\n|t:|1783534531\n|switch|p2a: Mienshao|Mienshao, L83, F|223/244\n|move|p1a: Cryogonal|Freeze-Dry|p2a: Mienshao\n|-damage|p2a: Mienshao|156/244\n|-status|p2a: Mienshao|frz\n|\n|upkeep\n|turn|24\n|inactive|Time left: 300 sec this turn | 300 sec total\n|\n|t:|1783534532\n|move|p1a: Cryogonal|Freeze-Dry|p2a: Mienshao\n|-damage|p2a: Mienshao|80/244 frz\n|cant|p2a: Mienshao|frz\n|\n|upkeep\n|turn|25\n|inactive|Time left: 300 sec this turn | 300 sec total\n|\n|t:|1783534533\n|move|p1a: Cryogonal|Freeze-Dry|p2a: Mienshao\n|-damage|p2a: Mienshao|1/244 frz\n|cant|p2a: Mienshao|frz\n|\n|upkeep\n|turn|26\n|inactive|Time left: 300 sec this turn | 300 sec total\n|\n|t:|1783534534\n|move|p1a: Cryogonal|Recover|p1a: Cryogonal\n|-heal|p1a: Cryogonal|100/100\n|-curestatus|p2a: Mienshao|frz|[msg]\n|move|p2a: Mienshao|Close Combat|p1a: Cryogonal\n|-supereffective|p1a: Cryogonal\n|-damage|p1a: Cryogonal|0 fnt\n|-unboost|p2a: Mienshao|def|1\n|-unboost|p2a: Mienshao|spd|1\n|faint|p1a: Cryogonal\n|\n|win|p0y063ebf7", "uploadtime": 1783534534, "views": 0, "rating": 0, "private": 0, "password": null, "_winner": "p0y063ebf7", "_our_name": "p0y063ebf7"}