{"id": "battle-gen9randombattle-487", "formatid": "gen9randombattle", "format": "[Gen 9] Random Battle", "players": ["p0x4870445", "p0y4876e56"], "log": "|init|battle\n|title|p0x4870445 vs. p0y4876e56\n|j|\u2606p0x4870445\n|j|\u2606p0y4876e56\n|t:|1783545452\n|gametype|singles\n|player|p1|p0x4870445|266|\n|player|p2|p0y4876e56|1|\n|gen|9\n|tier|[Gen 9] Random Battle\n|rule|Species Clause: Limit one of each Pok\u00e9mon\n|rule|HP Percentage Mod: HP is shown in percentages\n|rule|Sleep Clause Mod: Limit one foe put to sleep\n|rule|Illusion Level Mod: Illusion disguises the Pok\u00e9mon's true level\n|\n|t:|1783545452\n|teamsize|p1|6\n|teamsize|p2|6\n|start\n|switch|p1a: Dewgong|Dewgong, L94, F|100/100\n|switch|p2a: Chesnaught|Chesnaught, L84, F|285/285\n|turn|1\n|inactive|Battle timer is ON: inactive players will automatically lose when time's up. (requested by p0x4870445)\n|inactive|Time left: 300 sec this turn | 300 sec total | 60 sec grace\n|inactive|p0y4876e56 also wants the timer to be on.\n|\n|t:|1783545453\n|move|p1a: Dewgong|Triple Axel|p2a: Chesnaught\n|-supereffective|p2a: Chesnaught\n|-damage|p2a: Chesnaught|253/285\n|-supereffective|p2a: Chesnaught\n|-damage|p2a: Chesnaught|191/285\n|-supereffective|p2a: Chesnaught\n|-damage|p2a: Chesnaught|101/285\n|-hitcount|p2a: Chesnaught|3\n|move|p2a: Chesnaught|Body Press|p1a: Dewgong\n|-supereffective|p1a: Dewgong\n|-damage|p1a: Dewgong|43/100\n|\n|-heal|p2a: Chesnaught|118/285|[from] item: Leftovers\n|upkeep\n|turn|2\n|inactive|Time left: 300 sec this turn | 300 sec total\n|\n|t:|1783545454\n|move|p1a: Dewgong|Triple Axel|p2a: Chesnaught\n|-supereffective|p2a: Chesnaught\n|-damage|p2a: Chesnaught|86/285\n|-supereffective|p2a: Chesnaught\n|-damage|p2a: Chesnaught|24/285\n|-supereffective|p2a: Chesnaught\n|-damage|p2a: Chesnaught|0 fnt\n|faint|p2a: Chesnaught\n|-hitcount|p2: Chesnaught|3\n|\n|upkeep\n|inactive|Time left: 300 sec this turn | 300 sec total | 5 sec grace\n|\n|t:|1783545455\n|switch|p2a: Clefable|Clefable, L83, F|293/293\n|turn|3\n|inactive|Time left: 300 sec this turn | 300 sec total\n|\n|t:|1783545456\n|move|p1a: Dewgong|Triple Axel|p2a: Clefable\n|-damage|p2a: Clefable|266/293\n|-crit|p2a: Clefable\n|-damage|p2a: Clefable|187/293\n|-damage|p2a: Clefable|118/293\n|-hitcount|p2a: Clefable|3\n|move|p2a: Clefable|Calm Mind|p2a: Clefable\n|-boost|p2a: Clefable|spa|1\n|-boost|p2a: Clefable|spd|1\n|\n|-heal|p2a: Clefable|136/293|[from] item: Leftovers\n|upkeep\n|turn|4\n|inactive|Time left: 300 sec this turn | 300 sec total\n|\n|t:|1783545457\n|-terastallize|p2a: Clefable|Fire\n|move|p1a: Dewgong|Triple Axel|p2a: Clefable\n|-resisted|p2a: Clefable\n|-damage|p2a: Clefable|124/293\n|-resisted|p2a: Clefable\n|-damage|p2a: Clefable|99/293\n|-resisted|p2a: Clefable\n|-damage|p2a: Clefable|64/293\n|-hitcount|p2a: Clefable|3\n|move|p2a: Clefable|Moonlight|p2a: Clefable\n|-heal|p2a: Clefable|210/293\n|\n|-heal|p2a: Clefable|228/293|[from] item: Leftovers\n|upkeep\n|turn|5\n|inactive|Time left: 300 sec this turn | 300 sec total\n|\n|t:|1783545457\n|move|p1a: Dewgong|Surf|p2a: Clefable\n|-supereffective|p2a: Clefable\n|-damage|p2a: Clefable|102/293\n|move|p2a: Clefable|Moonlight|p2a: Clefable\n|-heal|p2a: Clefable|248/293\n|\n|-heal|p2a: Clefable|266/293|[from] item: Leftovers\n|upkeep\n|turn|6\n|inactive|Time left: 300 sec this turn | 300 sec total\n|\n|t:|1783545458\n|move|p1a: Dewgong|Surf|p2a: Clefable\n|-supereffective|p2a: Clefable\n|-damage|p2a: Clefable|138/293\n|move|p2a: Clefable|Moonblast|p1a: Dewgong\n|-damage|p1a: Dewgong|17/100\n|\n|-heal|p2a: Clefable|156/293|[from] item: Leftovers\n|upkeep\n|turn|7\n|inactive|Time left: 300 sec this turn | 300 sec total\n|\n|t:|1783545460\n|move|p1a: Dewgong|Flip Turn|p2a: Clefable\n|-supereffective|p2a: Clefable\n|-damage|p2a: Clefable|4/293\n|\n|t:|1783545461\n|switch|p1a: Cinccino|Cinccino, L83, M|100/100|[from] Flip Turn\n|move|p2a: Clefable|Moonlight|p2a: Clefable\n|-heal|p2a: Clefable|150/293\n|\n|-heal|p2a: Clefable|168/293|[from] item: Leftovers\n|upkeep\n|turn|8\n|inactive|Time left: 300 sec this turn | 300 sec total\n|\n|t:|1783545462\n|move|p1a: Cinccino|Tail Slap|p2a: Clefable\n|-damage|p2a: Clefable|120/293\n|-damage|p2a: Clefable|74/293\n|-damage|p2a: Clefable|26/293\n|-damage|p2a: Clefable|0 fnt\n|faint|p2a: Clefable\n|-hitcount|p2: Clefable|4\n|\n|upkeep\n|inactive|Time left: 300 sec this turn | 300 sec total | 5 sec grace\n|\n|t:|1783545463\n|switch|p2a: Arceus|Arceus-Fairy, L69|280/280\n|turn|9\n|inactive|Time left: 300 sec this turn | 300 sec total\n|\n|t:|1783545464\n|move|p1a: Cinccino|Tail Slap|p2a: Arceus|[miss]\n|-miss|p1a: Cinccino|p2a: Arceus\n|move|p2a: Arceus|Judgment|p1a: Cinccino\n|-damage|p1a: Cinccino|47/100\n|\n|upkeep\n|turn|10\n|inactive|Time left: 300 sec this turn | 300 sec total\n|\n|t:|1783545465\n|move|p1a: Cinccino|Tail Slap|p2a: Arceus\n|-damage|p2a: Arceus|247/280\n|-damage|p2a: Arceus|211/280\n|-damage|p2a: Arceus|175/280\n|-damage|p2a: Arceus|139/280\n|-hitcount|p2a: Arceus|4\n|move|p2a: Arceus|Judgment|p1a: Cinccino\n|-damage|p1a: Cinccino|0 fnt\n|faint|p1a: Cinccino\n|\n|upkeep\n|\n|t:|1783545466\n|switch|p1a: Minior|Minior-Blue, L79|100/100\n|-formechange|p1a: Minior|Minior-Meteor||[from] ability: Shields Down\n|turn|11\n|inactive|Time left: 300 sec this turn | 300 sec total\n|\n|t:|1783545467\n|move|p2a: Arceus|Judgment|p1a: Minior\n|-damage|p1a: Minior|55/100\n|move|p1a: Minior|Shell Smash|p1a: Minior\n|-unboost|p1a: Minior|def|1\n|-unboost|p1a: Minior|spd|1\n|-boost|p1a: Minior|atk|2\n|-boost|p1a: Minior|spa|2\n|-boost|p1a: Minior|spe|2\n|-enditem|p1a: Minior|White Herb\n|-clearnegativeboost|p1a: Minior|[silent]\n|\n|upkeep\n|turn|12\n|inactive|Time left: 300 sec this turn | 300 sec total\n|\n|t:|1783545468\n|switch|p2a: Vaporeon|Vaporeon, L86, F|364/364\n|move|p1a: Minior|Acrobatics|p2a: Vaporeon\n|-damage|p2a: Vaporeon|181/364\n|\n|-heal|p2a: Vaporeon|203/364|[from] item: Leftovers\n|upkeep\n|turn|13\n|inactive|Time left: 300 sec this turn | 300 sec total\n|\n|t:|1783545469\n|-terastallize|p1a: Minior|Water\n|move|p1a: Minior|Shell Smash|p1a: Minior\n|-unboost|p1a: Minior|def|1\n|-unboost|p1a: Minior|spd|1\n|-boost|p1a: Minior|atk|2\n|-boost|p1a: Minior|spa|2\n|-boost|p1a: Minior|spe|2\n|move|p2a: Vaporeon|Ice Beam|p1a: Minior\n|-resisted|p1a: Minior\n|-damage|p1a: Minior|32/100\n|\n|-heal|p2a: Vaporeon|225/364|[from] item: Leftovers\n|-formechange|p1a: Minior|Minior-Blue||[from] ability: Shields Down\n|upkeep\n|turn|14\n|inactive|Time left: 300 sec this turn | 300 sec total\n|\n|t:|1783545471\n|move|p1a: Minior|Earthquake|p2a: Vaporeon\n|-damage|p2a: Vaporeon|0 fnt\n|faint|p2a: Vaporeon\n|\n|upkeep\n|inactive|Time left: 300 sec this turn | 300 sec total | 5 sec grace\n|\n|t:|1783545472\n|switch|p2a: Golem|Golem, L87, F|281/281\n|turn|15\n|inactive|Time left: 300 sec this turn | 300 sec total\n|\n|t:|1783545473\n|move|p1a: Minior|Acrobatics|p2a: Golem\n|-resisted|p2a: Golem\n|-damage|p2a: Golem|165/281\n|move|p2a: Golem|Earthquake|p1a: Minior\n|-damage|p1a: Minior|0 fnt\n|faint|p1a: Minior\n|\n|upkeep\n|\n|t:|1783545474\n|switch|p1a: Dewgong|Dewgong, L94, F|17/100\n|turn|16\n|inactive|Time left: 300 sec this turn | 300 sec total\n|\n|t:|1783545475\n|switch|p2a: Hypno|Hypno, L95, M|315/315\n|move|p1a: Dewgong|Triple Axel|p2a: Hypno\n|-damage|p2a: Hypno|291/315\n|-crit|p2a: Hypno\n|-damage|p2a: Hypno|221/315\n|-damage|p2a: Hypno|151/315\n|-hitcount|p2a: Hypno|3\n|\n|-heal|p2a: Hypno|170/315|[from] item: Leftovers\n|upkeep\n|turn|17\n|inactive|Time left: 300 sec this turn | 300 sec total\n|\n|t:|1783545476\n|move|p1a: Dewgong|Triple Axel|p2a: Hypno\n|-damage|p2a: Hypno|149/315\n|-damage|p2a: Hypno|106/315\n|-damage|p2a: Hypno|42/315\n|-hitcount|p2a: Hypno|3\n|move|p2a: Hypno|Knock Off|p1a: Dewgong\n|-damage|p1a: Dewgong|0 fnt\n|-enditem|p1a: Dewgong|Assault Vest|[from] move: Knock Off|[of] p2a: Hypno\n|faint|p1a: Dewgong\n|\n|-heal|p2a: Hypno|61/315|[from] item: Leftovers\n|upkeep\n|\n|t:|1783545477\n|switch|p1a: Tentacruel|Tentacruel, L84, M|100/100\n|turn|18\n|inactive|Time left: 300 sec this turn | 300 sec total\n|\n|t:|1783545478\n|move|p1a: Tentacruel|Surf|p2a: Hypno\n|-damage|p2a: Hypno|0 fnt\n|faint|p2a: Hypno\n|\n|upkeep\n|inactive|Time left: 300 sec this turn | 300 sec total | 5 sec grace\n|\n|t:|1783545479\n|switch|p2a: Arceus|Arceus-Fairy, L69|139/280\n|turn|19\n|inactive|Time left: 300 sec this turn | 300 sec total\n|\n|t:|1783545480\n|switch|p2a: Golem|Golem, L87, F|165/281\n|move|p1a: Tentacruel|Sludge Bomb|p2a: Golem\n|-resisted|p2a: Golem\n|-damage|p2a: Golem|140/281\n|\n|upkeep\n|turn|20\n|inactive|Time left: 300 sec this turn | 300 sec total\n|\n|t:|1783545481\n|switch|p2a: Arceus|Arceus-Fairy, L69|139/280\n|move|p1a: Tentacruel|Surf|p2a: Arceus\n|-damage|p2a: Arceus|61/280\n|\n|upkeep\n|turn|21\n|inactive|Time left: 300 sec this turn | 300 sec total\n|\n|t:|1783545482\n|switch|p2a: Golem|Golem, L87, F|140/281\n|move|p1a: Tentacruel|Surf|p2a: Golem\n|-supereffective|p2a: Golem\n|-damage|p2a: Golem|0 fnt\n|faint|p2a: Golem\n|\n|upkeep\n|inactive|Time left: 300 sec this turn | 300 sec total | 5 sec grace\n|\n|t:|1783545483\n|switch|p2a: Arceus|Arceus-Fairy, L69|61/280\n|turn|22\n|inactive|Time left: 300 sec this turn | 300 sec total\n|\n|t:|1783545484\n|move|p1a: Tentacruel|Sludge Bomb|p2a: Arceus\n|-supereffective|p2a: Arceus\n|-damage|p2a: Arceus|0 fnt\n|faint|p2a: Arceus\n|\n|win|p0x4870445", "uploadtime": 1783545484, "views": 0, "rating": 0, "private": 0, "password": null, "_winner": "p0x4870445", "_our_name": "p0y4876e56"}