{"id": "battle-gen9randombattle-2499", "formatid": "gen9randombattle", "format": "[Gen 9] Random Battle", "players": ["p0x2499b976", "p0y2499f22b"], "log": "|init|battle\n|title|p0x2499b976 vs. p0y2499f22b\n|j|\u2606p0x2499b976\n|j|\u2606p0y2499f22b\n|t:|1783567990\n|gametype|singles\n|player|p1|p0x2499b976|266|\n|player|p2|p0y2499f22b|170|\n|gen|9\n|tier|[Gen 9] Random Battle\n|rule|Species Clause: Limit one of each Pok\u00e9mon\n|rule|HP Percentage Mod: HP is shown in percentages\n|rule|Sleep Clause Mod: Limit one foe put to sleep\n|rule|Illusion Level Mod: Illusion disguises the Pok\u00e9mon's true level\n|\n|t:|1783567990\n|teamsize|p1|6\n|teamsize|p2|6\n|start\n|switch|p1a: Slither Wing|Slither Wing, L81|100/100\n|switch|p2a: Suicune|Suicune, L82|298/298\n|-ability|p2a: Suicune|Pressure\n|turn|1\n|inactive|Battle timer is ON: inactive players will automatically lose when time's up. (requested by p0y2499f22b)\n|inactive|p0x2499b976 also wants the timer to be on.\n|\n|t:|1783567991\n|move|p2a: Suicune|Scald|p1a: Slither Wing\n|-damage|p1a: Slither Wing|77/100\n|move|p1a: Slither Wing|Close Combat|p2a: Suicune\n|-damage|p2a: Suicune|145/298\n|-unboost|p1a: Slither Wing|def|1\n|-unboost|p1a: Slither Wing|spd|1\n|-damage|p1a: Slither Wing|67/100|[from] item: Life Orb\n|\n|-heal|p2a: Suicune|163/298|[from] item: Leftovers\n|upkeep\n|turn|2\n|inactive|Time left: 300 sec this turn | 300 sec total\n|\n|t:|1783567992\n|move|p2a: Suicune|Scald|p1a: Slither Wing\n|-damage|p1a: Slither Wing|28/100\n|move|p1a: Slither Wing|Close Combat|p2a: Suicune\n|-damage|p2a: Suicune|10/298\n|-unboost|p1a: Slither Wing|def|1\n|-unboost|p1a: Slither Wing|spd|1\n|-damage|p1a: Slither Wing|18/100|[from] item: Life Orb\n|\n|-heal|p2a: Suicune|28/298|[from] item: Leftovers\n|upkeep\n|turn|3\n|inactive|Time left: 300 sec this turn | 300 sec total\n|\n|t:|1783567993\n|-end|p1a: Slither Wing|Protosynthesis|[silent]\n|switch|p1a: Mismagius|Mismagius, L86, M|100/100\n|move|p2a: Suicune|Ice Beam|p1a: Mismagius\n|-damage|p1a: Mismagius|82/100\n|\n|-heal|p2a: Suicune|46/298|[from] item: Leftovers\n|upkeep\n|turn|4\n|inactive|Time left: 300 sec this turn | 300 sec total\n|\n|t:|1783567995\n|switch|p2a: Mightyena|Mightyena, L96, F|290/290\n|-ability|p2a: Mightyena|Intimidate|boost\n|-unboost|p1a: Mismagius|atk|1\n|move|p1a: Mismagius|Nasty Plot|p1a: Mismagius\n|-boost|p1a: Mismagius|spa|2\n|\n|upkeep\n|turn|5\n|inactive|Time left: 300 sec this turn | 300 sec total\n|\n|t:|1783567996\n|-terastallize|p1a: Mismagius|Electric\n|move|p1a: Mismagius|Thunderbolt|p2a: Mightyena\n|-damage|p2a: Mightyena|83/290\n|-damage|p1a: Mismagius|72/100|[from] item: Life Orb\n|move|p2a: Mightyena|Throat Chop|p1a: Mismagius\n|-damage|p1a: Mismagius|21/100\n|-start|p1a: Mismagius|Throat Chop|[silent]\n|\n|upkeep\n|turn|6\n|inactive|Time left: 300 sec this turn | 300 sec total\n|\n|t:|1783567997\n|switch|p2a: Excadrill|Excadrill, L79, M|303/303\n|-ability|p2a: Excadrill|Mold Breaker\n|move|p1a: Mismagius|Shadow Ball|p2a: Excadrill\n|-damage|p2a: Excadrill|77/303\n|-damage|p1a: Mismagius|11/100|[from] item: Life Orb\n|\n|-end|p1a: Mismagius|Throat Chop|[silent]\n|upkeep\n|turn|7\n|inactive|Time left: 300 sec this turn | 300 sec total\n|\n|t:|1783567998\n|move|p1a: Mismagius|Shadow Ball|p2a: Excadrill\n|-damage|p2a: Excadrill|0 fnt\n|faint|p2a: Excadrill\n|-damage|p1a: Mismagius|1/100|[from] item: Life Orb\n|\n|upkeep\n|inactive|Time left: 300 sec this turn | 300 sec total | 5 sec grace\n|\n|t:|1783567999\n|switch|p2a: Zebstrika|Zebstrika, L87, F|272/272\n|turn|8\n|inactive|Time left: 300 sec this turn | 300 sec total\n|\n|t:|1783568000\n|move|p2a: Zebstrika|Volt Switch|p1a: Mismagius\n|-resisted|p1a: Mismagius\n|-damage|p1a: Mismagius|0 fnt\n|faint|p1a: Mismagius\n|-damage|p2a: Zebstrika|245/272|[from] item: Life Orb\n|inactive|Time left: 300 sec this turn | 300 sec total | 5 sec grace\n|\n|t:|1783568001\n|switch|p2a: Banette|Banette, L93, F|270/270|[from] Volt Switch\n|\n|upkeep\n|\n|t:|1783568001\n|switch|p1a: Glastrier|Glastrier, L86|100/100\n|turn|9\n|inactive|Time left: 300 sec this turn | 300 sec total\n|\n|t:|1783568003\n|move|p2a: Banette|Swords Dance|p2a: Banette\n|-boost|p2a: Banette|atk|2\n|move|p1a: Glastrier|Heavy Slam|p2a: Banette\n|-damage|p2a: Banette|120/270\n|\n|upkeep\n|turn|10\n|inactive|Time left: 300 sec this turn | 300 sec total\n|\n|t:|1783568004\n|move|p2a: Banette|Poltergeist|p1a: Glastrier\n|-activate|p1a: Glastrier|move: Poltergeist|Heavy-Duty Boots\n|-damage|p1a: Glastrier|0 fnt\n|faint|p1a: Glastrier\n|-damage|p2a: Banette|93/270|[from] item: Life Orb\n|\n|upkeep\n|\n|t:|1783568005\n|switch|p1a: Porygon-Z|Porygon-Z, L83|100/100\n|turn|11\n|inactive|Time left: 300 sec this turn | 300 sec total\n|\n|t:|1783568006\n|switch|p2a: Cacturne|Cacturne, L92, M|278/278\n|move|p1a: Porygon-Z|Shadow Ball|p2a: Cacturne\n|-resisted|p2a: Cacturne\n|-damage|p2a: Cacturne|221/278\n|-unboost|p2a: Cacturne|spd|1\n|-damage|p1a: Porygon-Z|91/100|[from] item: Life Orb\n|\n|upkeep\n|turn|12\n|inactive|Time left: 300 sec this turn | 300 sec total\n|\n|t:|1783568007\n|switch|p2a: Banette|Banette, L93, F|93/270\n|move|p1a: Porygon-Z|Tera Blast|p2a: Banette\n|-immune|p2a: Banette\n|\n|upkeep\n|turn|13\n|inactive|Time left: 300 sec this turn | 300 sec total\n|\n|t:|1783568008\n|switch|p2a: Mightyena|Mightyena, L96, F|83/290\n|-ability|p2a: Mightyena|Intimidate|boost\n|-unboost|p1a: Porygon-Z|atk|1\n|move|p1a: Porygon-Z|Shadow Ball|p2a: Mightyena\n|-resisted|p2a: Mightyena\n|-damage|p2a: Mightyena|49/290\n|-damage|p1a: Porygon-Z|81/100|[from] item: Life Orb\n|\n|upkeep\n|turn|14\n|inactive|Time left: 300 sec this turn | 300 sec total\n|\n|t:|1783568009\n|move|p1a: Porygon-Z|Tera Blast|p2a: Mightyena\n|-damage|p2a: Mightyena|0 fnt\n|faint|p2a: Mightyena\n|-damage|p1a: Porygon-Z|71/100|[from] item: Life Orb\n|\n|upkeep\n|inactive|Time left: 300 sec this turn | 300 sec total | 5 sec grace\n|\n|t:|1783568010\n|switch|p2a: Zebstrika|Zebstrika, L87, F|245/272\n|turn|15\n|inactive|Time left: 300 sec this turn | 300 sec total\n|\n|t:|1783568011\n|move|p2a: Zebstrika|Volt Switch|p1a: Porygon-Z\n|-damage|p1a: Porygon-Z|37/100\n|-damage|p2a: Zebstrika|218/272|[from] item: Life Orb\n|inactive|Time left: 300 sec this turn | 300 sec total | 5 sec grace\n|\n|t:|1783568012\n|switch|p2a: Banette|Banette, L93, F|93/270|[from] Volt Switch\n|move|p1a: Porygon-Z|Tera Blast|p2a: Banette\n|-immune|p2a: Banette\n|\n|upkeep\n|turn|16\n|inactive|Time left: 300 sec this turn | 300 sec total\n|\n|t:|1783568013\n|move|p1a: Porygon-Z|Shadow Ball|p2a: Banette\n|-supereffective|p2a: Banette\n|-damage|p2a: Banette|0 fnt\n|faint|p2a: Banette\n|-damage|p1a: Porygon-Z|28/100|[from] item: Life Orb\n|\n|upkeep\n|inactive|Time left: 300 sec this turn | 300 sec total | 5 sec grace\n|\n|t:|1783568014\n|switch|p2a: Zebstrika|Zebstrika, L87, F|218/272\n|turn|17\n|inactive|Time left: 300 sec this turn | 300 sec total\n|\n|t:|1783568015\n|switch|p1a: Reshiram|Reshiram, L76|100/100\n|-ability|p1a: Reshiram|Turboblaze\n|move|p2a: Zebstrika|Supercell Slam|p1a: Reshiram\n|-resisted|p1a: Reshiram\n|-damage|p1a: Reshiram|74/100\n|-damage|p2a: Zebstrika|191/272|[from] item: Life Orb\n|\n|upkeep\n|turn|18\n|inactive|Time left: 300 sec this turn | 300 sec total\n|\n|t:|1783568016\n|-terastallize|p2a: Zebstrika|Ground\n|move|p2a: Zebstrika|High Horsepower|p1a: Reshiram\n|-supereffective|p1a: Reshiram\n|-damage|p1a: Reshiram|0 fnt\n|faint|p1a: Reshiram\n|-damage|p2a: Zebstrika|164/272|[from] item: Life Orb\n|\n|upkeep\n|\n|t:|1783568017\n|switch|p1a: Slither Wing|Slither Wing, L81|18/100\n|turn|19\n|inactive|Time left: 300 sec this turn | 300 sec total\n|\n|t:|1783568017\n|switch|p2a: Suicune|Suicune, L82|46/298\n|-ability|p2a: Suicune|Pressure\n|move|p1a: Slither Wing|First Impression|p2a: Suicune\n|-damage|p2a: Suicune|0 fnt\n|faint|p2a: Suicune\n|-damage|p1a: Slither Wing|8/100|[from] item: Life Orb\n|\n|upkeep\n|inactive|Time left: 300 sec this turn | 300 sec total | 5 sec grace\n|\n|t:|1783568019\n|switch|p2a: Zebstrika|Zebstrika, L87, F, tera:Ground|164/272\n|turn|20\n|inactive|Time left: 300 sec this turn | 300 sec total\n|\n|t:|1783568019\n|move|p2a: Zebstrika|High Horsepower|p1a: Slither Wing\n|-resisted|p1a: Slither Wing\n|-damage|p1a: Slither Wing|0 fnt\n|faint|p1a: Slither Wing\n|-end|p1a: Slither Wing|Protosynthesis|[silent]\n|-damage|p2a: Zebstrika|137/272|[from] item: Life Orb\n|\n|upkeep\n|\n|t:|1783568020\n|switch|p1a: Porygon-Z|Porygon-Z, L83|28/100\n|turn|21\n|inactive|Time left: 300 sec this turn | 300 sec total\n|\n|t:|1783568021\n|move|p2a: Zebstrika|Supercell Slam|p1a: Porygon-Z|[miss]\n|-miss|p2a: Zebstrika|p1a: Porygon-Z\n|-damage|p2a: Zebstrika|1/272|[from] supercellslam\n|move|p1a: Porygon-Z|Tera Blast|p2a: Zebstrika\n|-damage|p2a: Zebstrika|0 fnt\n|faint|p2a: Zebstrika\n|-damage|p1a: Porygon-Z|18/100|[from] item: Life Orb\n|\n|upkeep\n|inactive|Time left: 300 sec this turn | 300 sec total | 5 sec grace\n|\n|t:|1783568022\n|switch|p2a: Cacturne|Cacturne, L92, M|221/278\n|turn|22\n|inactive|Time left: 300 sec this turn | 300 sec total\n|\n|t:|1783568023\n|move|p2a: Cacturne|Sucker Punch||[still]\n|-fail|p2a: Cacturne\n|move|p1a: Porygon-Z|Agility|p1a: Porygon-Z\n|-boost|p1a: Porygon-Z|spe|2\n|\n|upkeep\n|turn|23\n|inactive|Time left: 300 sec this turn | 300 sec total\n|\n|t:|1783568023\n|move|p2a: Cacturne|Sucker Punch||[still]\n|-fail|p2a: Cacturne\n|move|p1a: Porygon-Z|Agility|p1a: Porygon-Z\n|-boost|p1a: Porygon-Z|spe|2\n|\n|upkeep\n|turn|24\n|inactive|Time left: 300 sec this turn | 300 sec total\n|\n|t:|1783568024\n|switch|p1a: Gengar|Gengar, L81, M|100/100\n|move|p2a: Cacturne|Sucker Punch||[still]\n|-fail|p2a: Cacturne\n|\n|upkeep\n|turn|25\n|inactive|Time left: 300 sec this turn | 300 sec total\n|\n|t:|1783568025\n|switch|p1a: Porygon-Z|Porygon-Z, L83|18/100\n|move|p2a: Cacturne|Sucker Punch||[still]\n|-fail|p2a: Cacturne\n|\n|upkeep\n|turn|26\n|inactive|Time left: 300 sec this turn | 300 sec total\n|\n|t:|1783568026\n|move|p2a: Cacturne|Sucker Punch||[still]\n|-fail|p2a: Cacturne\n|move|p1a: Porygon-Z|Nasty Plot|p1a: Porygon-Z\n|-boost|p1a: Porygon-Z|spa|2\n|\n|upkeep\n|turn|27\n|inactive|Time left: 300 sec this turn | 300 sec total\n|\n|t:|1783568027\n|move|p2a: Cacturne|Sucker Punch|p1a: Porygon-Z\n|-damage|p1a: Porygon-Z|0 fnt\n|faint|p1a: Porygon-Z\n|-damage|p2a: Cacturne|194/278|[from] item: Life Orb\n|\n|upkeep\n|\n|t:|1783568028\n|switch|p1a: Gengar|Gengar, L81, M|100/100\n|turn|28\n|inactive|Time left: 300 sec this turn | 300 sec total\n|\n|t:|1783568029\n|move|p2a: Cacturne|Sucker Punch||[still]\n|-fail|p2a: Cacturne\n|move|p1a: Gengar|Nasty Plot|p1a: Gengar\n|-boost|p1a: Gengar|spa|2\n|\n|upkeep\n|turn|29\n|inactive|Time left: 300 sec this turn | 300 sec total\n|\n|t:|1783568029\n|move|p1a: Gengar|Nasty Plot|p1a: Gengar\n|-boost|p1a: Gengar|spa|2\n|move|p2a: Cacturne|Knock Off|p1a: Gengar\n|-supereffective|p1a: Gengar\n|-damage|p1a: Gengar|0 fnt\n|-enditem|p1a: Gengar|Life Orb|[from] move: Knock Off|[of] p2a: Cacturne\n|faint|p1a: Gengar\n|-damage|p2a: Cacturne|167/278|[from] item: Life Orb\n|\n|win|p0y2499f22b", "uploadtime": 1783568029, "views": 0, "rating": 0, "private": 0, "password": null, "_winner": "p0y2499f22b", "_our_name": "p0y2499f22b"}