{"id": "battle-gen9randombattle-1313", "formatid": "gen9randombattle", "format": "[Gen 9] Random Battle", "players": ["p0x13138fa1", "p0y13139689"], "log": "|init|battle\n|title|p0x13138fa1 vs. p0y13139689\n|j|\u2606p0x13138fa1\n|j|\u2606p0y13139689\n|t:|1783555243\n|gametype|singles\n|player|p1|p0x13138fa1|266|\n|player|p2|p0y13139689|170|\n|gen|9\n|tier|[Gen 9] Random Battle\n|rule|Species Clause: Limit one of each Pok\u00e9mon\n|rule|HP Percentage Mod: HP is shown in percentages\n|rule|Sleep Clause Mod: Limit one foe put to sleep\n|rule|Illusion Level Mod: Illusion disguises the Pok\u00e9mon's true level\n|\n|t:|1783555243\n|teamsize|p1|6\n|teamsize|p2|6\n|start\n|switch|p1a: Iron Boulder|Iron Boulder, L77|265/265\n|switch|p2a: Drednaw|Drednaw, L81, F|100/100\n|turn|1\n|inactive|Battle timer is ON: inactive players will automatically lose when time's up. (requested by p0y13139689)\n|inactive|Time left: 300 sec this turn | 300 sec total | 60 sec grace\n|inactive|p0x13138fa1 also wants the timer to be on.\n|\n|t:|1783555245\n|-terastallize|p1a: Iron Boulder|Fighting\n|move|p1a: Iron Boulder|Close Combat|p2a: Drednaw\n|-supereffective|p2a: Drednaw\n|-crit|p2a: Drednaw\n|-damage|p2a: Drednaw|0 fnt\n|-unboost|p1a: Iron Boulder|def|1\n|-unboost|p1a: Iron Boulder|spd|1\n|faint|p2a: Drednaw\n|-damage|p1a: Iron Boulder|239/265|[from] item: Life Orb\n|\n|upkeep\n|\n|t:|1783555246\n|switch|p2a: Golurk|Golurk, L87|100/100\n|turn|2\n|inactive|Time left: 300 sec this turn | 300 sec total\n|\n|t:|1783555247\n|-end|p1a: Iron Boulder|Quark Drive|[silent]\n|switch|p1a: Squawkabilly|Squawkabilly-Blue, L85, F|278/278\n|move|p2a: Golurk|Poltergeist|p1a: Squawkabilly\n|-immune|p1a: Squawkabilly\n|\n|-status|p1a: Squawkabilly|brn|[from] item: Flame Orb\n|upkeep\n|turn|3\n|inactive|Time left: 300 sec this turn | 300 sec total\n|\n|t:|1783555249\n|move|p1a: Squawkabilly|Brave Bird|p2a: Golurk\n|-damage|p2a: Golurk|29/100\n|-damage|p1a: Squawkabilly|208/278 brn|[from] Recoil\n|move|p2a: Golurk|Poltergeist|p1a: Squawkabilly\n|-immune|p1a: Squawkabilly\n|\n|-damage|p1a: Squawkabilly|191/278 brn|[from] brn\n|upkeep\n|turn|4\n|inactive|Time left: 300 sec this turn | 300 sec total\n|\n|t:|1783555250\n|move|p1a: Squawkabilly|Brave Bird|p2a: Golurk\n|-damage|p2a: Golurk|0 fnt\n|faint|p2a: Golurk\n|-damage|p1a: Squawkabilly|163/278 brn|[from] Recoil\n|\n|-damage|p1a: Squawkabilly|146/278 brn|[from] brn\n|upkeep\n|\n|t:|1783555250\n|switch|p2a: Ninetales|Ninetales-Alola, L78, F|100/100\n|-weather|Snowscape|[from] ability: Snow Warning|[of] p2a: Ninetales\n|turn|5\n|inactive|Time left: 300 sec this turn | 300 sec total\n|\n|t:|1783555252\n|switch|p1a: Excadrill|Excadrill, L79, M|303/303\n|-ability|p1a: Excadrill|Mold Breaker\n|move|p2a: Ninetales|Aurora Veil|p2a: Ninetales\n|-sidestart|p2: p0y13139689|move: Aurora Veil\n|\n|-weather|Snowscape|[upkeep]\n|upkeep\n|turn|6\n|inactive|Time left: 300 sec this turn | 300 sec total\n|\n|t:|1783555253\n|move|p2a: Ninetales|Blizzard|p1a: Excadrill\n|-damage|p1a: Excadrill|227/303\n|move|p1a: Excadrill|Iron Head|p2a: Ninetales\n|-supereffective|p2a: Ninetales\n|-damage|p2a: Ninetales|36/100\n|\n|-weather|Snowscape|[upkeep]\n|upkeep\n|turn|7\n|inactive|Time left: 300 sec this turn | 300 sec total\n|\n|t:|1783555253\n|switch|p2a: Falinks|Falinks, L84|100/100\n|move|p1a: Excadrill|Rapid Spin|p2a: Falinks\n|-damage|p2a: Falinks|92/100\n|-boost|p1a: Excadrill|spe|1\n|\n|-weather|Snowscape|[upkeep]\n|upkeep\n|turn|8\n|inactive|Time left: 300 sec this turn | 300 sec total\n|\n|t:|1783555254\n|move|p1a: Excadrill|Iron Head|p2a: Falinks\n|-damage|p2a: Falinks|75/100\n|move|p2a: Falinks|No Retreat|p2a: Falinks\n|-boost|p2a: Falinks|atk|1\n|-boost|p2a: Falinks|def|1\n|-boost|p2a: Falinks|spa|1\n|-boost|p2a: Falinks|spd|1\n|-boost|p2a: Falinks|spe|1\n|-start|p2a: Falinks|move: No Retreat\n|\n|-weather|Snowscape|[upkeep]\n|upkeep\n|turn|9\n|inactive|Time left: 300 sec this turn | 300 sec total\n|\n|t:|1783555255\n|switch|p1a: Dondozo|Dondozo, L78, F|362/362\n|move|p2a: Falinks|Close Combat|p1a: Dondozo\n|-damage|p1a: Dondozo|201/362\n|-unboost|p2a: Falinks|def|1\n|-unboost|p2a: Falinks|spd|1\n|-damage|p2a: Falinks|66/100|[from] item: Life Orb\n|\n|-weather|none\n|-heal|p1a: Dondozo|223/362|[from] item: Leftovers\n|upkeep\n|turn|10\n|inactive|Time left: 300 sec this turn | 300 sec total\n|\n|t:|1783555256\n|move|p2a: Falinks|Knock Off|p1a: Dondozo\n|-damage|p1a: Dondozo|149/362\n|-enditem|p1a: Dondozo|Leftovers|[from] move: Knock Off|[of] p2a: Falinks\n|-damage|p2a: Falinks|56/100|[from] item: Life Orb\n|move|p1a: Dondozo|Rest|p1a: Dondozo\n|-status|p1a: Dondozo|slp|[from] move: Rest\n|-heal|p1a: Dondozo|362/362 slp|[silent]\n|\n|upkeep\n|turn|11\n|inactive|Time left: 300 sec this turn | 300 sec total\n|\n|t:|1783555257\n|move|p2a: Falinks|Iron Head|p1a: Dondozo\n|-resisted|p1a: Dondozo\n|-damage|p1a: Dondozo|327/362 slp\n|-damage|p2a: Falinks|46/100|[from] item: Life Orb\n|cant|p1a: Dondozo|slp\n|move|p1a: Dondozo|Sleep Talk|p1a: Dondozo\n|move|p1a: Dondozo|Rest||[from] move: Sleep Talk|[still]\n|-fail|p1a: Dondozo\n|\n|upkeep\n|turn|12\n|inactive|Time left: 300 sec this turn | 300 sec total\n|\n|t:|1783555258\n|move|p2a: Falinks|Iron Head|p1a: Dondozo\n|-resisted|p1a: Dondozo\n|-damage|p1a: Dondozo|292/362 slp\n|-damage|p2a: Falinks|36/100|[from] item: Life Orb\n|cant|p1a: Dondozo|slp\n|move|p1a: Dondozo|Sleep Talk|p1a: Dondozo\n|move|p1a: Dondozo|Rest||[from] move: Sleep Talk|[still]\n|-fail|p1a: Dondozo\n|\n|-sideend|p2: p0y13139689|move: Aurora Veil\n|upkeep\n|turn|13\n|inactive|Time left: 300 sec this turn | 300 sec total\n|\n|t:|1783555259\n|move|p2a: Falinks|Close Combat|p1a: Dondozo\n|-damage|p1a: Dondozo|146/362 slp\n|-unboost|p2a: Falinks|def|1\n|-unboost|p2a: Falinks|spd|1\n|-damage|p2a: Falinks|27/100|[from] item: Life Orb\n|-curestatus|p1a: Dondozo|slp|[msg]\n|move|p1a: Dondozo|Wave Crash|p2a: Falinks\n|-damage|p2a: Falinks|0 fnt\n|faint|p2a: Falinks\n|-damage|p1a: Dondozo|125/362|[from] Recoil\n|\n|upkeep\n|\n|t:|1783555260\n|switch|p2a: Ninetales|Ninetales-Alola, L78, F|36/100\n|-weather|Snowscape|[from] ability: Snow Warning|[of] p2a: Ninetales\n|turn|14\n|inactive|Time left: 300 sec this turn | 300 sec total\n|\n|t:|1783555261\n|move|p2a: Ninetales|Aurora Veil|p2a: Ninetales\n|-sidestart|p2: p0y13139689|move: Aurora Veil\n|move|p1a: Dondozo|Wave Crash|p2a: Ninetales\n|-damage|p2a: Ninetales|18/100\n|-damage|p1a: Dondozo|110/362|[from] Recoil\n|\n|-weather|Snowscape|[upkeep]\n|upkeep\n|turn|15\n|inactive|Time left: 300 sec this turn | 300 sec total\n|\n|t:|1783555262\n|move|p2a: Ninetales|Nasty Plot|p2a: Ninetales\n|-boost|p2a: Ninetales|spa|2\n|move|p1a: Dondozo|Rest|p1a: Dondozo\n|-status|p1a: Dondozo|slp|[from] move: Rest\n|-heal|p1a: Dondozo|362/362 slp|[silent]\n|\n|-weather|Snowscape|[upkeep]\n|upkeep\n|turn|16\n|inactive|Time left: 300 sec this turn | 300 sec total\n|\n|t:|1783555263\n|move|p2a: Ninetales|Moonblast|p1a: Dondozo\n|-damage|p1a: Dondozo|259/362 slp\n|cant|p1a: Dondozo|slp\n|move|p1a: Dondozo|Sleep Talk|p1a: Dondozo\n|move|p1a: Dondozo|Curse|p1a: Dondozo|[from] move: Sleep Talk\n|-unboost|p1a: Dondozo|spe|1\n|-boost|p1a: Dondozo|atk|1\n|-boost|p1a: Dondozo|def|1\n|\n|-weather|Snowscape|[upkeep]\n|upkeep\n|turn|17\n|inactive|Time left: 300 sec this turn | 300 sec total\n|\n|t:|1783555264\n|move|p2a: Ninetales|Moonblast|p1a: Dondozo\n|-damage|p1a: Dondozo|160/362 slp\n|cant|p1a: Dondozo|slp\n|move|p1a: Dondozo|Sleep Talk|p1a: Dondozo\n|move|p1a: Dondozo|Curse|p1a: Dondozo|[from] move: Sleep Talk\n|-unboost|p1a: Dondozo|spe|1\n|-boost|p1a: Dondozo|atk|1\n|-boost|p1a: Dondozo|def|1\n|\n|-weather|Snowscape|[upkeep]\n|upkeep\n|turn|18\n|inactive|Time left: 300 sec this turn | 300 sec total\n|\n|t:|1783555265\n|move|p2a: Ninetales|Moonblast|p1a: Dondozo\n|-crit|p1a: Dondozo\n|-damage|p1a: Dondozo|1/362 slp\n|-curestatus|p1a: Dondozo|slp|[msg]\n|move|p1a: Dondozo|Wave Crash|p2a: Ninetales\n|-damage|p2a: Ninetales|0 fnt\n|faint|p2a: Ninetales\n|-damage|p1a: Dondozo|0 fnt|[from] Recoil\n|faint|p1a: Dondozo\n|\n|-weather|none\n|upkeep\n|inactive|Time left: 300 sec this turn | 300 sec total | 5 sec grace\n|\n|t:|1783555266\n|switch|p2a: Sunflora|Sunflora, M|100/100\n|switch|p1a: Excadrill|Excadrill, L79, M|227/303\n|-ability|p1a: Excadrill|Mold Breaker\n|turn|19\n|inactive|Time left: 300 sec this turn | 300 sec total\n|\n|t:|1783555267\n|move|p1a: Excadrill|Iron Head|p2a: Sunflora\n|-damage|p2a: Sunflora|82/100\n|move|p2a: Sunflora|Earth Power|p1a: Excadrill\n|-supereffective|p1a: Excadrill\n|-damage|p1a: Excadrill|0 fnt\n|faint|p1a: Excadrill\n|\n|upkeep\n|inactive|Time left: 300 sec this turn | 300 sec total | 5 sec grace\n|\n|t:|1783555267\n|switch|p1a: Squawkabilly|Squawkabilly-Blue, L85, F|146/278 brn\n|turn|20\n|inactive|Time left: 300 sec this turn | 300 sec total\n|\n|t:|1783555268\n|switch|p2a: Arceus|Arceus-Fairy, L69|100/100\n|move|p1a: Squawkabilly|Facade|p2a: Arceus\n|-damage|p2a: Arceus|63/100\n|\n|-damage|p1a: Squawkabilly|129/278 brn|[from] brn\n|upkeep\n|turn|21\n|inactive|Time left: 300 sec this turn | 300 sec total\n|\n|t:|1783555269\n|switch|p1a: Clawitzer|Clawitzer, L87, M|265/265\n|move|p2a: Arceus|Judgment|p1a: Clawitzer\n|-damage|p1a: Clawitzer|193/265\n|\n|-sideend|p2: p0y13139689|move: Aurora Veil\n|upkeep\n|turn|22\n|inactive|Time left: 300 sec this turn | 300 sec total\n|\n|t:|1783555270\n|move|p2a: Arceus|Calm Mind|p2a: Arceus\n|-boost|p2a: Arceus|spa|1\n|-boost|p2a: Arceus|spd|1\n|move|p1a: Clawitzer|Water Pulse|p2a: Arceus\n|-damage|p2a: Arceus|35/100\n|-start|p2a: Arceus|confusion\n|\n|upkeep\n|turn|23\n|inactive|Time left: 300 sec this turn | 300 sec total\n|\n|t:|1783555271\n|-activate|p2a: Arceus|confusion\n|-damage|p2a: Arceus|28/100|[from] confusion\n|move|p1a: Clawitzer|Water Pulse|p2a: Arceus\n|-damage|p2a: Arceus|0 fnt\n|faint|p2a: Arceus\n|\n|upkeep\n|\n|t:|1783555272\n|switch|p2a: Sunflora|Sunflora, M|82/100\n|turn|24\n|inactive|Time left: 300 sec this turn | 300 sec total\n|\n|t:|1783555273\n|move|p1a: Clawitzer|Dark Pulse|p2a: Sunflora\n|-damage|p2a: Sunflora|51/100\n|cant|p2a: Sunflora|flinch\n|\n|upkeep\n|turn|25\n|inactive|Time left: 300 sec this turn | 300 sec total\n|\n|t:|1783555274\n|move|p1a: Clawitzer|Dragon Pulse|p2a: Sunflora\n|-damage|p2a: Sunflora|17/100\n|move|p2a: Sunflora|Sludge Bomb|p1a: Clawitzer\n|-damage|p1a: Clawitzer|94/265\n|\n|upkeep\n|turn|26\n|inactive|Time left: 300 sec this turn | 300 sec total\n|\n|t:|1783555275\n|move|p1a: Clawitzer|Dark Pulse|p2a: Sunflora\n|-damage|p2a: Sunflora|0 fnt\n|faint|p2a: Sunflora\n|\n|win|p0x13138fa1", "uploadtime": 1783555275, "views": 0, "rating": 0, "private": 0, "password": null, "_winner": "p0x13138fa1", "_our_name": "p0x13138fa1"}