{"id": "battle-gen9randombattle-1757", "formatid": "gen9randombattle", "format": "[Gen 9] Random Battle", "players": ["p0x17573db8", "p0y1757a61d"], "log": "|init|battle\n|title|p0x17573db8 vs. p0y1757a61d\n|j|\u2606p0x17573db8\n|j|\u2606p0y1757a61d\n|t:|1783559598\n|gametype|singles\n|player|p1|p0x17573db8|1|\n|player|p2|p0y1757a61d|265|\n|gen|9\n|tier|[Gen 9] Random Battle\n|rule|Species Clause: Limit one of each Pok\u00e9mon\n|rule|HP Percentage Mod: HP is shown in percentages\n|rule|Sleep Clause Mod: Limit one foe put to sleep\n|rule|Illusion Level Mod: Illusion disguises the Pok\u00e9mon's true level\n|\n|t:|1783559598\n|teamsize|p1|6\n|teamsize|p2|6\n|start\n|switch|p1a: Torterra|Torterra, L78, M|276/276\n|switch|p2a: Houndstone|Houndstone, L86, F|100/100\n|turn|1\n|inactive|Battle timer is ON: inactive players will automatically lose when time's up. (requested by p0x17573db8)\n|inactive|p0y1757a61d also wants the timer to be on.\n|\n|t:|1783559600\n|move|p2a: Houndstone|Poltergeist|p1a: Torterra\n|-activate|p1a: Torterra|move: Poltergeist|Loaded Dice\n|-damage|p1a: Torterra|156/276\n|move|p1a: Torterra|Shell Smash|p1a: Torterra\n|-unboost|p1a: Torterra|def|1\n|-unboost|p1a: Torterra|spd|1\n|-boost|p1a: Torterra|atk|2\n|-boost|p1a: Torterra|spa|2\n|-boost|p1a: Torterra|spe|2\n|\n|upkeep\n|turn|2\n|inactive|Time left: 300 sec this turn | 300 sec total\n|\n|t:|1783559601\n|move|p1a: Torterra|Bullet Seed|p2a: Houndstone\n|-damage|p2a: Houndstone|81/100\n|-crit|p2a: Houndstone\n|-damage|p2a: Houndstone|52/100\n|-damage|p2a: Houndstone|34/100\n|-damage|p2a: Houndstone|16/100\n|-damage|p2a: Houndstone|0 fnt\n|faint|p2a: Houndstone\n|-hitcount|p2: Houndstone|5\n|\n|upkeep\n|\n|t:|1783559602\n|switch|p2a: Scizor|Scizor, L79, M|100/100\n|turn|3\n|inactive|Time left: 300 sec this turn | 300 sec total\n|\n|t:|1783559603\n|-terastallize|p2a: Scizor|Steel\n|move|p2a: Scizor|Bullet Punch|p1a: Torterra\n|-damage|p1a: Torterra|0 fnt\n|faint|p1a: Torterra\n|\n|upkeep\n|inactive|Time left: 300 sec this turn | 300 sec total | 5 sec grace\n|\n|t:|1783559604\n|switch|p1a: Greedent|Greedent, L86, F|347/347\n|turn|4\n|inactive|Time left: 300 sec this turn | 300 sec total\n|\n|t:|1783559605\n|move|p2a: Scizor|Bullet Punch|p1a: Greedent\n|-damage|p1a: Greedent|219/347\n|move|p1a: Greedent|Swords Dance|p1a: Greedent\n|-boost|p1a: Greedent|atk|2\n|\n|upkeep\n|turn|5\n|inactive|Time left: 300 sec this turn | 300 sec total\n|\n|t:|1783559606\n|switch|p2a: Dondozo|Dondozo, L78, F|100/100\n|move|p1a: Greedent|Body Slam|p2a: Dondozo\n|-damage|p2a: Dondozo|79/100\n|-status|p2a: Dondozo|par\n|\n|-heal|p2a: Dondozo|85/100 par|[from] item: Leftovers\n|upkeep\n|turn|6\n|inactive|Time left: 300 sec this turn | 300 sec total\n|\n|t:|1783559607\n|move|p1a: Greedent|Swords Dance|p1a: Greedent\n|-boost|p1a: Greedent|atk|2\n|move|p2a: Dondozo|Curse|p2a: Dondozo\n|-unboost|p2a: Dondozo|spe|1\n|-boost|p2a: Dondozo|atk|1\n|-boost|p2a: Dondozo|def|1\n|\n|-heal|p2a: Dondozo|91/100 par|[from] item: Leftovers\n|upkeep\n|turn|7\n|inactive|Time left: 300 sec this turn | 300 sec total\n|\n|t:|1783559608\n|move|p1a: Greedent|Body Slam|p2a: Dondozo\n|-damage|p2a: Dondozo|76/100 par\n|move|p2a: Dondozo|Wave Crash|p1a: Greedent\n|-damage|p1a: Greedent|57/347\n|-enditem|p1a: Greedent|Sitrus Berry|[eat]\n|-heal|p1a: Greedent|143/347|[from] item: Sitrus Berry\n|-heal|p1a: Greedent|258/347|[from] ability: Cheek Pouch\n|-damage|p2a: Dondozo|62/100 par|[from] Recoil\n|\n|-heal|p2a: Dondozo|68/100 par|[from] item: Leftovers\n|upkeep\n|turn|8\n|inactive|Time left: 300 sec this turn | 300 sec total\n|\n|t:|1783559609\n|move|p1a: Greedent|Knock Off|p2a: Dondozo\n|-damage|p2a: Dondozo|55/100 par\n|-enditem|p2a: Dondozo|Leftovers|[from] move: Knock Off|[of] p1a: Greedent\n|move|p2a: Dondozo|Wave Crash|p1a: Greedent\n|-damage|p1a: Greedent|105/347\n|-damage|p2a: Dondozo|42/100 par|[from] Recoil\n|\n|upkeep\n|turn|9\n|inactive|Time left: 300 sec this turn | 300 sec total\n|\n|t:|1783559611\n|move|p1a: Greedent|Knock Off|p2a: Dondozo\n|-damage|p2a: Dondozo|34/100 par\n|move|p2a: Dondozo|Wave Crash|p1a: Greedent\n|-damage|p1a: Greedent|0 fnt\n|faint|p1a: Greedent\n|-damage|p2a: Dondozo|25/100 par|[from] Recoil\n|\n|upkeep\n|inactive|Time left: 300 sec this turn | 300 sec total | 5 sec grace\n|\n|t:|1783559611\n|switch|p1a: Stonjourner|Stonjourner, L91, M|330/330\n|turn|10\n|inactive|Time left: 300 sec this turn | 300 sec total\n|\n|t:|1783559613\n|move|p1a: Stonjourner|Stone Edge|p2a: Dondozo\n|-damage|p2a: Dondozo|0 fnt\n|faint|p2a: Dondozo\n|-damage|p1a: Stonjourner|297/330|[from] item: Life Orb\n|\n|upkeep\n|\n|t:|1783559614\n|switch|p2a: Garchomp|Garchomp, L74, M|100/100\n|turn|11\n|inactive|Time left: 300 sec this turn | 300 sec total\n|\n|t:|1783559615\n|move|p2a: Garchomp|Swords Dance|p2a: Garchomp\n|-boost|p2a: Garchomp|atk|2\n|move|p1a: Stonjourner|Earthquake|p2a: Garchomp\n|-damage|p2a: Garchomp|52/100\n|-damage|p1a: Stonjourner|264/330|[from] item: Life Orb\n|\n|upkeep\n|turn|12\n|inactive|Time left: 300 sec this turn | 300 sec total\n|\n|t:|1783559616\n|-terastallize|p1a: Stonjourner|Ground\n|move|p2a: Garchomp|Earthquake|p1a: Stonjourner\n|-damage|p1a: Stonjourner|134/330\n|move|p1a: Stonjourner|Earthquake|p2a: Garchomp\n|-damage|p2a: Garchomp|0 fnt\n|faint|p2a: Garchomp\n|-damage|p1a: Stonjourner|101/330|[from] item: Life Orb\n|\n|upkeep\n|\n|t:|1783559617\n|switch|p2a: Furret|Furret, L94, M|100/100\n|-item|p1a: Stonjourner|Life Orb|[from] ability: Frisk|[of] p2a: Furret\n|turn|13\n|inactive|Time left: 300 sec this turn | 300 sec total\n|\n|t:|1783559618\n|move|p2a: Furret|Double-Edge|p1a: Stonjourner\n|-damage|p1a: Stonjourner|0 fnt\n|faint|p1a: Stonjourner\n|-damage|p2a: Furret|90/100|[from] Recoil\n|\n|upkeep\n|inactive|Time left: 300 sec this turn | 300 sec total | 5 sec grace\n|\n|t:|1783559619\n|switch|p1a: Mudsdale|Mudsdale, L83, F|302/302\n|turn|14\n|inactive|Time left: 300 sec this turn | 300 sec total\n|\n|t:|1783559620\n|move|p2a: Furret|Double-Edge|p1a: Mudsdale\n|-damage|p1a: Mudsdale|113/302\n|-ability|p1a: Mudsdale|Stamina|boost\n|-boost|p1a: Mudsdale|def|1\n|-damage|p2a: Furret|70/100|[from] Recoil\n|move|p1a: Mudsdale|Earthquake|p2a: Furret\n|-damage|p2a: Furret|25/100\n|\n|-heal|p1a: Mudsdale|131/302|[from] item: Leftovers\n|upkeep\n|turn|15\n|inactive|Time left: 300 sec this turn | 300 sec total\n|\n|t:|1783559621\n|move|p2a: Furret|Double-Edge|p1a: Mudsdale\n|-damage|p1a: Mudsdale|14/302\n|-ability|p1a: Mudsdale|Stamina|boost\n|-boost|p1a: Mudsdale|def|1\n|-damage|p2a: Furret|13/100|[from] Recoil\n|move|p1a: Mudsdale|Stealth Rock|p2a: Furret\n|-sidestart|p2: p0y1757a61d|move: Stealth Rock\n|\n|-heal|p1a: Mudsdale|32/302|[from] item: Leftovers\n|upkeep\n|turn|16\n|inactive|Time left: 300 sec this turn | 300 sec total\n|\n|t:|1783559622\n|switch|p1a: Mandibuzz|Mandibuzz, L85, F|326/326\n|move|p2a: Furret|Double-Edge|p1a: Mandibuzz\n|-damage|p1a: Mandibuzz|166/326\n|-damage|p2a: Furret|0 fnt|[from] Recoil\n|faint|p2a: Furret\n|\n|upkeep\n|\n|t:|1783559623\n|switch|p2a: Scizor|Scizor, L79, M, tera:Steel|100/100\n|-damage|p2a: Scizor|94/100|[from] Stealth Rock\n|turn|17\n|inactive|Time left: 300 sec this turn | 300 sec total\n|\n|t:|1783559624\n|move|p2a: Scizor|Bullet Punch|p1a: Mandibuzz\n|-damage|p1a: Mandibuzz|38/326\n|move|p1a: Mandibuzz|Foul Play|p2a: Scizor\n|-damage|p2a: Scizor|45/100\n|\n|upkeep\n|turn|18\n|inactive|Time left: 300 sec this turn | 300 sec total\n|\n|t:|1783559625\n|switch|p1a: Mudsdale|Mudsdale, L83, F|32/302\n|move|p2a: Scizor|Bullet Punch|p1a: Mudsdale\n|-damage|p1a: Mudsdale|0 fnt\n|faint|p1a: Mudsdale\n|\n|upkeep\n|inactive|Time left: 300 sec this turn | 300 sec total | 5 sec grace\n|\n|t:|1783559626\n|switch|p1a: Dewgong|Dewgong, L94, M|322/322\n|turn|19\n|inactive|Time left: 300 sec this turn | 300 sec total\n|\n|t:|1783559627\n|move|p2a: Scizor|Bullet Punch|p1a: Dewgong\n|-damage|p1a: Dewgong|182/322\n|move|p1a: Dewgong|Knock Off|p2a: Scizor\n|-damage|p2a: Scizor|19/100\n|-enditem|p2a: Scizor|Choice Band|[from] move: Knock Off|[of] p1a: Dewgong\n|\n|upkeep\n|turn|20\n|inactive|Time left: 300 sec this turn | 300 sec total\n|\n|t:|1783559628\n|move|p2a: Scizor|Bullet Punch|p1a: Dewgong\n|-damage|p1a: Dewgong|84/322\n|move|p1a: Dewgong|Surf|p2a: Scizor\n|-damage|p2a: Scizor|0 fnt\n|faint|p2a: Scizor\n|\n|upkeep\n|\n|t:|1783559629\n|switch|p2a: Araquanid|Araquanid, L82, F|100/100\n|turn|21\n|inactive|Time left: 300 sec this turn | 300 sec total\n|\n|t:|1783559630\n|move|p1a: Dewgong|Knock Off|p2a: Araquanid\n|-damage|p2a: Araquanid|74/100\n|-enditem|p2a: Araquanid|Heavy-Duty Boots|[from] move: Knock Off|[of] p1a: Dewgong\n|move|p2a: Araquanid|Leech Life|p1a: Dewgong\n|-damage|p1a: Dewgong|24/322\n|-heal|p2a: Araquanid|87/100|[from] drain|[of] p1a: Dewgong\n|\n|upkeep\n|turn|22\n|inactive|Time left: 300 sec this turn | 300 sec total\n|\n|t:|1783559631\n|move|p1a: Dewgong|Triple Axel|p2a: Araquanid\n|-resisted|p2a: Araquanid\n|-damage|p2a: Araquanid|83/100\n|-resisted|p2a: Araquanid\n|-damage|p2a: Araquanid|74/100\n|-resisted|p2a: Araquanid\n|-damage|p2a: Araquanid|62/100\n|-hitcount|p2a: Araquanid|3\n|move|p2a: Araquanid|Liquidation|p1a: Dewgong\n|-resisted|p1a: Dewgong\n|-damage|p1a: Dewgong|0 fnt\n|faint|p1a: Dewgong\n|\n|upkeep\n|inactive|Time left: 300 sec this turn | 300 sec total | 5 sec grace\n|\n|t:|1783559632\n|switch|p1a: Mandibuzz|Mandibuzz, L85, F|38/326\n|turn|23\n|inactive|Time left: 300 sec this turn | 300 sec total\n|\n|t:|1783559633\n|move|p1a: Mandibuzz|Roost|p1a: Mandibuzz\n|-heal|p1a: Mandibuzz|201/326\n|-singleturn|p1a: Mandibuzz|move: Roost\n|move|p2a: Araquanid|Liquidation|p1a: Mandibuzz\n|-damage|p1a: Mandibuzz|89/326\n|\n|upkeep\n|turn|24\n|inactive|Time left: 300 sec this turn | 300 sec total\n|\n|t:|1783559634\n|move|p1a: Mandibuzz|Roost|p1a: Mandibuzz\n|-heal|p1a: Mandibuzz|252/326\n|-singleturn|p1a: Mandibuzz|move: Roost\n|move|p2a: Araquanid|Leech Life|p1a: Mandibuzz\n|-supereffective|p1a: Mandibuzz\n|-damage|p1a: Mandibuzz|144/326\n|-heal|p2a: Araquanid|84/100|[from] drain|[of] p1a: Mandibuzz\n|\n|upkeep\n|turn|25\n|inactive|Time left: 300 sec this turn | 300 sec total\n|\n|t:|1783559636\n|move|p1a: Mandibuzz|Roost|p1a: Mandibuzz\n|-heal|p1a: Mandibuzz|307/326\n|-singleturn|p1a: Mandibuzz|move: Roost\n|move|p2a: Araquanid|Liquidation|p1a: Mandibuzz\n|-damage|p1a: Mandibuzz|199/326\n|\n|upkeep\n|turn|26\n|inactive|Time left: 300 sec this turn | 300 sec total\n|\n|t:|1783559637\n|move|p1a: Mandibuzz|Toxic|p2a: Araquanid\n|-status|p2a: Araquanid|tox\n|move|p2a: Araquanid|Liquidation|p1a: Mandibuzz\n|-damage|p1a: Mandibuzz|91/326\n|-unboost|p1a: Mandibuzz|def|1\n|\n|-damage|p2a: Araquanid|78/100 tox|[from] psn\n|upkeep\n|turn|27\n|inactive|Time left: 300 sec this turn | 300 sec total\n|\n|t:|1783559638\n|move|p1a: Mandibuzz|Roost|p1a: Mandibuzz\n|-heal|p1a: Mandibuzz|254/326\n|-singleturn|p1a: Mandibuzz|move: Roost\n|move|p2a: Araquanid|Liquidation|p1a: Mandibuzz\n|-damage|p1a: Mandibuzz|65/326\n|\n|-damage|p2a: Araquanid|66/100 tox|[from] psn\n|upkeep\n|turn|28\n|inactive|Time left: 300 sec this turn | 300 sec total\n|\n|t:|1783559639\n|move|p1a: Mandibuzz|Roost|p1a: Mandibuzz\n|-heal|p1a: Mandibuzz|228/326\n|-singleturn|p1a: Mandibuzz|move: Roost\n|move|p2a: Araquanid|Liquidation|p1a: Mandibuzz\n|-crit|p1a: Mandibuzz\n|-damage|p1a: Mandibuzz|0 fnt\n|faint|p1a: Mandibuzz\n|\n|win|p0y1757a61d", "uploadtime": 1783559639, "views": 0, "rating": 0, "private": 0, "password": null, "_winner": "p0y1757a61d", "_our_name": "p0x17573db8"}