{"id": "battle-gen9randombattle-1771", "formatid": "gen9randombattle", "format": "[Gen 9] Random Battle", "players": ["p0x1771f35e", "p0y1771412e"], "log": "|init|battle\n|title|p0x1771f35e vs. p0y1771412e\n|j|\u2606p0x1771f35e\n|j|\u2606p0y1771412e\n|t:|1783559753\n|gametype|singles\n|player|p1|p0x1771f35e|265|\n|player|p2|p0y1771412e|102|\n|gen|9\n|tier|[Gen 9] Random Battle\n|rule|Species Clause: Limit one of each Pok\u00e9mon\n|rule|HP Percentage Mod: HP is shown in percentages\n|rule|Sleep Clause Mod: Limit one foe put to sleep\n|rule|Illusion Level Mod: Illusion disguises the Pok\u00e9mon's true level\n|\n|t:|1783559753\n|teamsize|p1|6\n|teamsize|p2|6\n|start\n|switch|p1a: Volcanion|Volcanion, L79|100/100\n|switch|p2a: Cetitan|Cetitan, L82, F|412/412\n|turn|1\n|inactive|Battle timer is ON: inactive players will automatically lose when time's up. (requested by p0y1771412e)\n|inactive|p0x1771f35e also wants the timer to be on.\n|\n|t:|1783559754\n|move|p2a: Cetitan|Earthquake|p1a: Volcanion\n|-supereffective|p1a: Volcanion\n|-damage|p1a: Volcanion|53/100\n|move|p1a: Volcanion|Steam Eruption|p2a: Cetitan\n|-damage|p2a: Cetitan|226/412\n|\n|upkeep\n|turn|2\n|inactive|Time left: 300 sec this turn | 300 sec total\n|\n|t:|1783559756\n|switch|p1a: Hariyama|Hariyama, L87, F|100/100\n|move|p2a: Cetitan|Earthquake|p1a: Hariyama\n|-damage|p1a: Hariyama|75/100\n|\n|-status|p1a: Hariyama|brn|[from] item: Flame Orb\n|upkeep\n|turn|3\n|inactive|Time left: 300 sec this turn | 300 sec total\n|\n|t:|1783559757\n|move|p2a: Cetitan|Earthquake|p1a: Hariyama\n|-damage|p1a: Hariyama|50/100 brn\n|move|p1a: Hariyama|Facade|p2a: Cetitan\n|-damage|p2a: Cetitan|0 fnt\n|faint|p2a: Cetitan\n|\n|-damage|p1a: Hariyama|44/100 brn|[from] brn\n|upkeep\n|inactive|Time left: 300 sec this turn | 300 sec total | 5 sec grace\n|\n|t:|1783559758\n|switch|p2a: Braviary|Braviary-Hisui, L85, M|326/326\n|turn|4\n|inactive|Time left: 300 sec this turn | 300 sec total\n|\n|t:|1783559759\n|switch|p1a: Probopass|Probopass, L91, F|100/100\n|move|p2a: Braviary|Esper Wing|p1a: Probopass\n|-resisted|p1a: Probopass\n|-damage|p1a: Probopass|65/100\n|-boost|p2a: Braviary|spe|1\n|\n|upkeep\n|turn|5\n|inactive|Time left: 300 sec this turn | 300 sec total\n|\n|t:|1783559761\n|move|p2a: Braviary|Esper Wing|p1a: Probopass\n|-resisted|p1a: Probopass\n|-damage|p1a: Probopass|33/100\n|-boost|p2a: Braviary|spe|1\n|move|p1a: Probopass|Rest|p1a: Probopass\n|-status|p1a: Probopass|slp|[from] move: Rest\n|-heal|p1a: Probopass|100/100 slp|[silent]\n|-enditem|p1a: Probopass|Chesto Berry|[eat]\n|-curestatus|p1a: Probopass|slp|[msg]\n|\n|upkeep\n|turn|6\n|inactive|Time left: 300 sec this turn | 300 sec total\n|\n|t:|1783559762\n|move|p2a: Braviary|Esper Wing|p1a: Probopass\n|-resisted|p1a: Probopass\n|-damage|p1a: Probopass|65/100\n|-boost|p2a: Braviary|spe|1\n|move|p1a: Probopass|Flash Cannon|p2a: Braviary\n|-damage|p2a: Braviary|235/326\n|\n|upkeep\n|turn|7\n|inactive|Time left: 300 sec this turn | 300 sec total\n|\n|t:|1783559763\n|move|p2a: Braviary|Esper Wing|p1a: Probopass\n|-resisted|p1a: Probopass\n|-damage|p1a: Probopass|33/100\n|-boost|p2a: Braviary|spe|1\n|move|p1a: Probopass|Flash Cannon|p2a: Braviary\n|-damage|p2a: Braviary|139/326\n|\n|upkeep\n|turn|8\n|inactive|Time left: 300 sec this turn | 300 sec total\n|\n|t:|1783559764\n|move|p2a: Braviary|Esper Wing|p1a: Probopass\n|-resisted|p1a: Probopass\n|-damage|p1a: Probopass|0 fnt\n|-boost|p2a: Braviary|spe|1\n|faint|p1a: Probopass\n|\n|upkeep\n|\n|t:|1783559765\n|switch|p1a: Pelipper|Pelipper, L86, F|100/100\n|-weather|RainDance|[from] ability: Drizzle|[of] p1a: Pelipper\n|turn|9\n|inactive|Time left: 300 sec this turn | 300 sec total\n|\n|t:|1783559766\n|move|p2a: Braviary|Esper Wing|p1a: Pelipper\n|-damage|p1a: Pelipper|29/100\n|-boost|p2a: Braviary|spe|1\n|move|p1a: Pelipper|Weather Ball|p2a: Braviary\n|-damage|p2a: Braviary|0 fnt\n|faint|p2a: Braviary\n|\n|-weather|RainDance|[upkeep]\n|upkeep\n|inactive|Time left: 300 sec this turn | 300 sec total | 5 sec grace\n|\n|t:|1783559767\n|switch|p2a: Persian|Persian-Alola, L86, M|252/252\n|turn|10\n|inactive|Time left: 300 sec this turn | 300 sec total\n|\n|t:|1783559768\n|move|p2a: Persian|Dark Pulse|p1a: Pelipper\n|-damage|p1a: Pelipper|0 fnt\n|faint|p1a: Pelipper\n|\n|-weather|RainDance|[upkeep]\n|upkeep\n|\n|t:|1783559769\n|switch|p1a: Flapple|Flapple, L88, M|100/100\n|turn|11\n|inactive|Time left: 300 sec this turn | 300 sec total\n|\n|t:|1783559770\n|move|p2a: Persian|Hypnosis|p1a: Flapple\n|-status|p1a: Flapple|slp|[from] move: Hypnosis\n|cant|p1a: Flapple|slp\n|\n|-weather|RainDance|[upkeep]\n|upkeep\n|turn|12\n|inactive|Time left: 300 sec this turn | 300 sec total\n|\n|t:|1783559771\n|move|p2a: Persian|Nasty Plot|p2a: Persian\n|-boost|p2a: Persian|spa|2\n|cant|p1a: Flapple|slp\n|\n|-weather|RainDance|[upkeep]\n|upkeep\n|turn|13\n|inactive|Time left: 300 sec this turn | 300 sec total\n|\n|t:|1783559772\n|move|p2a: Persian|Dark Pulse|p1a: Flapple\n|-damage|p1a: Flapple|36/100 slp\n|-curestatus|p1a: Flapple|slp|[msg]\n|cant|p1a: Flapple|flinch\n|\n|-weather|none\n|upkeep\n|turn|14\n|inactive|Time left: 300 sec this turn | 300 sec total\n|\n|t:|1783559773\n|move|p2a: Persian|Dark Pulse|p1a: Flapple\n|-damage|p1a: Flapple|0 fnt\n|faint|p1a: Flapple\n|\n|upkeep\n|\n|t:|1783559774\n|switch|p1a: Charizard|Charizard, L85, M|100/100\n|turn|15\n|inactive|Time left: 300 sec this turn | 300 sec total\n|\n|t:|1783559775\n|move|p2a: Persian|Dark Pulse|p1a: Charizard\n|-damage|p1a: Charizard|46/100\n|move|p1a: Charizard|Focus Blast|p2a: Persian|[miss]\n|-miss|p1a: Charizard|p2a: Persian\n|\n|upkeep\n|turn|16\n|inactive|Time left: 300 sec this turn | 300 sec total\n|\n|t:|1783559776\n|move|p2a: Persian|Dark Pulse|p1a: Charizard\n|-damage|p1a: Charizard|0 fnt\n|faint|p1a: Charizard\n|\n|upkeep\n|\n|t:|1783559777\n|switch|p1a: Hariyama|Hariyama, L87, F|44/100 brn\n|turn|17\n|inactive|Time left: 300 sec this turn | 300 sec total\n|\n|t:|1783559778\n|-terastallize|p2a: Persian|Electric\n|move|p1a: Hariyama|Fake Out|p2a: Persian\n|-damage|p2a: Persian|216/252\n|cant|p2a: Persian|flinch\n|\n|-heal|p2a: Persian|231/252|[from] item: Leftovers\n|-damage|p1a: Hariyama|38/100 brn|[from] brn\n|upkeep\n|turn|18\n|inactive|Time left: 300 sec this turn | 300 sec total\n|\n|t:|1783559779\n|switch|p1a: Volcanion|Volcanion, L79|53/100\n|move|p2a: Persian|Thunderbolt|p1a: Volcanion\n|-supereffective|p1a: Volcanion\n|-damage|p1a: Volcanion|0 fnt\n|faint|p1a: Volcanion\n|\n|-heal|p2a: Persian|246/252|[from] item: Leftovers\n|upkeep\n|\n|t:|1783559779\n|switch|p1a: Hariyama|Hariyama, L87, F|38/100 brn\n|turn|19\n|inactive|Time left: 300 sec this turn | 300 sec total\n|\n|t:|1783559780\n|move|p1a: Hariyama|Fake Out|p2a: Persian\n|-damage|p2a: Persian|209/252\n|cant|p2a: Persian|flinch\n|\n|-heal|p2a: Persian|224/252|[from] item: Leftovers\n|-damage|p1a: Hariyama|32/100 brn|[from] brn\n|upkeep\n|turn|20\n|inactive|Time left: 300 sec this turn | 300 sec total\n|\n|t:|1783559781\n|move|p1a: Hariyama|Fake Out||[still]\n|-hint|Fake Out only works on your first turn out.\n|-fail|p1a: Hariyama\n|move|p2a: Persian|Dark Pulse|p1a: Hariyama\n|-resisted|p1a: Hariyama\n|-damage|p1a: Hariyama|7/100 brn\n|\n|-heal|p2a: Persian|239/252|[from] item: Leftovers\n|-damage|p1a: Hariyama|1/100 brn|[from] brn\n|upkeep\n|turn|21\n|inactive|Time left: 300 sec this turn | 300 sec total\n|\n|t:|1783559782\n|switch|p2a: Walking Wake|Walking Wake, L79|286/286\n|move|p1a: Hariyama|Fake Out||[still]\n|-hint|Fake Out only works on your first turn out.\n|-fail|p1a: Hariyama\n|\n|-damage|p1a: Hariyama|0 fnt|[from] brn\n|faint|p1a: Hariyama\n|\n|win|p0y1771412e", "uploadtime": 1783559782, "views": 0, "rating": 0, "private": 0, "password": null, "_winner": "p0y1771412e", "_our_name": "p0y1771412e"}