{"id": "battle-gen9randombattle-2907", "formatid": "gen9randombattle", "format": "[Gen 9] Random Battle", "players": ["p0x2907f8e4", "p0y29075cb7"], "log": "|init|battle\n|title|p0x2907f8e4 vs. p0y29075cb7\n|j|\u2606p0x2907f8e4\n|j|\u2606p0y29075cb7\n|t:|1783573487\n|gametype|singles\n|player|p1|p0x2907f8e4|169|\n|player|p2|p0y29075cb7|1|\n|gen|9\n|tier|[Gen 9] Random Battle\n|rule|Species Clause: Limit one of each Pok\u00e9mon\n|rule|HP Percentage Mod: HP is shown in percentages\n|rule|Sleep Clause Mod: Limit one foe put to sleep\n|rule|Illusion Level Mod: Illusion disguises the Pok\u00e9mon's true level\n|\n|t:|1783573487\n|teamsize|p1|6\n|teamsize|p2|6\n|start\n|switch|p1a: Krookodile|Krookodile, L79, M|280/280\n|switch|p2a: Sandy Shocks|Sandy Shocks, L80|100/100\n|-ability|p1a: Krookodile|Intimidate|boost\n|-unboost|p2a: Sandy Shocks|atk|1\n|turn|1\n|inactive|Battle timer is ON: inactive players will automatically lose when time's up. (requested by p0y29075cb7)\n|inactive|Time left: 300 sec this turn | 300 sec total | 60 sec grace\n|\n|t:|1783573488\n|-end|p2a: Sandy Shocks|Protosynthesis|[silent]\n|switch|p2a: Porygon2|Porygon2, L81|100/100\n|-ability|p2a: Porygon2|Download|boost\n|-boost|p2a: Porygon2|spa|1\n|move|p1a: Krookodile|Earthquake|p2a: Porygon2\n|-crit|p2a: Porygon2\n|-damage|p2a: Porygon2|49/100\n|-damage|p1a: Krookodile|252/280|[from] item: Life Orb\n|\n|upkeep\n|turn|2\n|inactive|Time left: 300 sec this turn | 300 sec total\n|inactive|p0x2907f8e4 also wants the timer to be on.\n|\n|t:|1783573489\n|move|p1a: Krookodile|Knock Off|p2a: Porygon2\n|-damage|p2a: Porygon2|15/100\n|-enditem|p2a: Porygon2|Eviolite|[from] move: Knock Off|[of] p1a: Krookodile\n|-damage|p1a: Krookodile|224/280|[from] item: Life Orb\n|move|p2a: Porygon2|Ice Beam|p1a: Krookodile\n|-supereffective|p1a: Krookodile\n|-damage|p1a: Krookodile|4/280\n|\n|upkeep\n|turn|3\n|inactive|Time left: 300 sec this turn | 300 sec total\n|\n|t:|1783573489\n|move|p1a: Krookodile|Stealth Rock|p2a: Porygon2\n|-sidestart|p2: p0y29075cb7|move: Stealth Rock\n|move|p2a: Porygon2|Recover|p2a: Porygon2\n|-heal|p2a: Porygon2|65/100\n|\n|upkeep\n|turn|4\n|inactive|Time left: 300 sec this turn | 300 sec total\n|\n|t:|1783573490\n|move|p1a: Krookodile|Earthquake|p2a: Porygon2\n|-damage|p2a: Porygon2|13/100\n|-damage|p1a: Krookodile|0 fnt|[from] item: Life Orb\n|faint|p1a: Krookodile\n|move|p2a: Porygon2|Recover|p2a: Porygon2\n|-heal|p2a: Porygon2|63/100\n|\n|upkeep\n|inactive|Time left: 300 sec this turn | 300 sec total | 5 sec grace\n|\n|t:|1783573491\n|switch|p1a: Spidops|Spidops, L96, M|271/271\n|turn|5\n|inactive|Time left: 300 sec this turn | 300 sec total\n|\n|t:|1783573491\n|move|p2a: Porygon2|Tri Attack|p1a: Spidops\n|-damage|p1a: Spidops|154/271\n|move|p1a: Spidops|Sticky Web|p2a: Porygon2\n|-sidestart|p2: p0y29075cb7|move: Sticky Web\n|\n|upkeep\n|turn|6\n|inactive|Time left: 300 sec this turn | 300 sec total\n|\n|t:|1783573492\n|move|p2a: Porygon2|Ice Beam|p1a: Spidops\n|-damage|p1a: Spidops|76/271\n|move|p1a: Spidops|Circle Throw|p2a: Porygon2\n|-supereffective|p2a: Porygon2\n|-damage|p2a: Porygon2|30/100\n|drag|p2a: Great Tusk|Great Tusk, L77|100/100\n|-damage|p2a: Great Tusk|98/100|[from] Stealth Rock\n|-activate|p2a: Great Tusk|move: Sticky Web\n|-unboost|p2a: Great Tusk|spe|1\n|\n|-heal|p2a: Great Tusk|100/100|[from] item: Leftovers\n|upkeep\n|turn|7\n|inactive|Time left: 300 sec this turn | 300 sec total\n|\n|t:|1783573493\n|move|p1a: Spidops|Knock Off|p2a: Great Tusk\n|-resisted|p2a: Great Tusk\n|-damage|p2a: Great Tusk|91/100\n|-enditem|p2a: Great Tusk|Leftovers|[from] move: Knock Off|[of] p1a: Spidops\n|move|p2a: Great Tusk|Stone Edge|p1a: Spidops\n|-supereffective|p1a: Spidops\n|-damage|p1a: Spidops|0 fnt\n|faint|p1a: Spidops\n|\n|upkeep\n|inactive|Time left: 300 sec this turn | 300 sec total | 5 sec grace\n|\n|t:|1783573493\n|switch|p1a: Amoonguss|Amoonguss, L82, F|321/321\n|turn|8\n|inactive|Time left: 300 sec this turn | 300 sec total\n|\n|t:|1783573494\n|-end|p2a: Great Tusk|Protosynthesis|[silent]\n|switch|p2a: Venomoth|Venomoth, L84, F|100/100\n|move|p1a: Amoonguss|Giga Drain|p2a: Venomoth\n|-resisted|p2a: Venomoth\n|-damage|p2a: Venomoth|93/100\n|\n|upkeep\n|turn|9\n|inactive|Time left: 300 sec this turn | 300 sec total\n|\n|t:|1783573495\n|move|p2a: Venomoth|Quiver Dance|p2a: Venomoth\n|-boost|p2a: Venomoth|spa|1\n|-boost|p2a: Venomoth|spd|1\n|-boost|p2a: Venomoth|spe|1\n|move|p1a: Amoonguss|Spore|p2a: Venomoth\n|-status|p2a: Venomoth|slp|[from] move: Spore\n|\n|upkeep\n|turn|10\n|inactive|Time left: 300 sec this turn | 300 sec total\n|\n|t:|1783573496\n|switch|p1a: Slaking|Slaking, L84, M|389/389\n|cant|p2a: Venomoth|slp\n|\n|upkeep\n|turn|11\n|inactive|Time left: 300 sec this turn | 300 sec total\n|\n|t:|1783573497\n|move|p1a: Slaking|Giga Impact|p2a: Venomoth\n|-damage|p2a: Venomoth|0 fnt\n|-mustrecharge|p1a: Slaking\n|faint|p2a: Venomoth\n|\n|upkeep\n|\n|t:|1783573498\n|switch|p2a: Great Tusk|Great Tusk, L77|91/100\n|-damage|p2a: Great Tusk|88/100|[from] Stealth Rock\n|-activate|p2a: Great Tusk|move: Sticky Web\n|-unboost|p2a: Great Tusk|spe|1\n|turn|12\n|inactive|Time left: 300 sec this turn | 300 sec total\n|\n|t:|1783573498\n|cant|p1a: Slaking|recharge\n|move|p2a: Great Tusk|Bulk Up|p2a: Great Tusk\n|-boost|p2a: Great Tusk|atk|1\n|-boost|p2a: Great Tusk|def|1\n|\n|upkeep\n|turn|13\n|inactive|Time left: 300 sec this turn | 300 sec total\n|\n|t:|1783573499\n|move|p1a: Slaking|Giga Impact|p2a: Great Tusk\n|-damage|p2a: Great Tusk|49/100\n|-mustrecharge|p1a: Slaking\n|move|p2a: Great Tusk|Bulk Up|p2a: Great Tusk\n|-boost|p2a: Great Tusk|atk|1\n|-boost|p2a: Great Tusk|def|1\n|\n|upkeep\n|turn|14\n|inactive|Time left: 300 sec this turn | 300 sec total\n|\n|t:|1783573501\n|cant|p1a: Slaking|recharge\n|move|p2a: Great Tusk|Close Combat|p1a: Slaking\n|-supereffective|p1a: Slaking\n|-damage|p1a: Slaking|0 fnt\n|-unboost|p2a: Great Tusk|def|1\n|-unboost|p2a: Great Tusk|spd|1\n|faint|p1a: Slaking\n|\n|upkeep\n|inactive|Time left: 300 sec this turn | 300 sec total | 5 sec grace\n|\n|t:|1783573502\n|switch|p1a: Kilowattrel|Kilowattrel, L83, F|252/252\n|turn|15\n|inactive|Time left: 300 sec this turn | 300 sec total\n|\n|t:|1783573503\n|move|p1a: Kilowattrel|Hurricane|p2a: Great Tusk\n|-supereffective|p2a: Great Tusk\n|-damage|p2a: Great Tusk|0 fnt\n|faint|p2a: Great Tusk\n|-end|p2a: Great Tusk|Protosynthesis|[silent]\n|\n|upkeep\n|\n|t:|1783573504\n|switch|p2a: Pachirisu|Pachirisu, L96, F|100/100\n|turn|16\n|inactive|Time left: 300 sec this turn | 300 sec total\n|\n|t:|1783573505\n|move|p1a: Kilowattrel|Hurricane|p2a: Pachirisu\n|-resisted|p2a: Pachirisu\n|-damage|p2a: Pachirisu|83/100\n|move|p2a: Pachirisu|Super Fang|p1a: Kilowattrel\n|-damage|p1a: Kilowattrel|126/252\n|\n|upkeep\n|turn|17\n|inactive|Time left: 300 sec this turn | 300 sec total\n|\n|t:|1783573506\n|move|p1a: Kilowattrel|Roost|p1a: Kilowattrel\n|-heal|p1a: Kilowattrel|252/252\n|-singleturn|p1a: Kilowattrel|move: Roost\n|move|p2a: Pachirisu|Super Fang|p1a: Kilowattrel\n|-damage|p1a: Kilowattrel|126/252\n|\n|upkeep\n|turn|18\n|inactive|Time left: 300 sec this turn | 300 sec total\n|\n|t:|1783573507\n|move|p1a: Kilowattrel|Roost|p1a: Kilowattrel\n|-heal|p1a: Kilowattrel|252/252\n|-singleturn|p1a: Kilowattrel|move: Roost\n|move|p2a: Pachirisu|Super Fang|p1a: Kilowattrel\n|-damage|p1a: Kilowattrel|126/252\n|\n|upkeep\n|turn|19\n|inactive|Time left: 300 sec this turn | 300 sec total\n|\n|t:|1783573508\n|move|p1a: Kilowattrel|Roost|p1a: Kilowattrel\n|-heal|p1a: Kilowattrel|252/252\n|-singleturn|p1a: Kilowattrel|move: Roost\n|move|p2a: Pachirisu|Super Fang|p1a: Kilowattrel|[miss]\n|-miss|p2a: Pachirisu|p1a: Kilowattrel\n|\n|upkeep\n|turn|20\n|inactive|Time left: 300 sec this turn | 300 sec total\n|\n|t:|1783573509\n|move|p1a: Kilowattrel|U-turn|p2a: Pachirisu\n|-damage|p2a: Pachirisu|67/100\n|inactive|Time left: 300 sec this turn | 300 sec total | 5 sec grace\n|\n|t:|1783573510\n|switch|p1a: Cetitan|Cetitan, L82, M|412/412|[from] U-turn\n|move|p2a: Pachirisu|Super Fang|p1a: Cetitan\n|-damage|p1a: Cetitan|206/412\n|-enditem|p1a: Cetitan|Sitrus Berry|[eat]\n|-heal|p1a: Cetitan|309/412|[from] item: Sitrus Berry\n|\n|upkeep\n|turn|21\n|inactive|Time left: 300 sec this turn | 300 sec total\n|\n|t:|1783573511\n|move|p2a: Pachirisu|Super Fang|p1a: Cetitan\n|-damage|p1a: Cetitan|155/412\n|move|p1a: Cetitan|Ice Spinner|p2a: Pachirisu\n|-damage|p2a: Pachirisu|35/100\n|\n|upkeep\n|turn|22\n|inactive|Time left: 300 sec this turn | 300 sec total\n|\n|t:|1783573512\n|move|p2a: Pachirisu|Discharge|p1a: Cetitan\n|-damage|p1a: Cetitan|65/412\n|move|p1a: Cetitan|Earthquake|p2a: Pachirisu\n|-supereffective|p2a: Pachirisu\n|-damage|p2a: Pachirisu|0 fnt\n|faint|p2a: Pachirisu\n|\n|upkeep\n|\n|t:|1783573513\n|switch|p2a: Sandy Shocks|Sandy Shocks, L80|100/100\n|turn|23\n|inactive|Time left: 300 sec this turn | 300 sec total\n|\n|t:|1783573514\n|switch|p1a: Kilowattrel|Kilowattrel, L83, F|252/252\n|move|p2a: Sandy Shocks|Thunderbolt|p1a: Kilowattrel\n|-immune|p1a: Kilowattrel|[from] ability: Volt Absorb\n|\n|upkeep\n|turn|24\n|inactive|Time left: 300 sec this turn | 300 sec total\n|\n|t:|1783573515\n|move|p1a: Kilowattrel|Hurricane|p2a: Sandy Shocks\n|-resisted|p2a: Sandy Shocks\n|-crit|p2a: Sandy Shocks\n|-damage|p2a: Sandy Shocks|62/100\n|move|p2a: Sandy Shocks|Earth Power|p1a: Kilowattrel\n|-immune|p1a: Kilowattrel\n|\n|upkeep\n|turn|25\n|inactive|Time left: 300 sec this turn | 300 sec total\n|\n|t:|1783573516\n|move|p1a: Kilowattrel|Hurricane|p2a: Sandy Shocks\n|-resisted|p2a: Sandy Shocks\n|-damage|p2a: Sandy Shocks|37/100\n|move|p2a: Sandy Shocks|Earth Power|p1a: Kilowattrel\n|-immune|p1a: Kilowattrel\n|\n|upkeep\n|turn|26\n|inactive|Time left: 300 sec this turn | 300 sec total\n|\n|t:|1783573518\n|move|p1a: Kilowattrel|Hurricane|p2a: Sandy Shocks\n|-resisted|p2a: Sandy Shocks\n|-damage|p2a: Sandy Shocks|11/100\n|move|p2a: Sandy Shocks|Stealth Rock|p1a: Kilowattrel\n|-sidestart|p1: p0x2907f8e4|move: Stealth Rock\n|\n|upkeep\n|turn|27\n|inactive|Time left: 300 sec this turn | 300 sec total\n|\n|t:|1783573519\n|-end|p2a: Sandy Shocks|Protosynthesis|[silent]\n|switch|p2a: Porygon2|Porygon2, L81|30/100\n|-damage|p2a: Porygon2|18/100|[from] Stealth Rock\n|-activate|p2a: Porygon2|move: Sticky Web\n|-unboost|p2a: Porygon2|spe|1\n|-ability|p2a: Porygon2|Download|boost\n|-boost|p2a: Porygon2|spa|1\n|move|p1a: Kilowattrel|Hurricane|p2a: Porygon2\n|-damage|p2a: Porygon2|0 fnt\n|faint|p2a: Porygon2\n|\n|upkeep\n|\n|t:|1783573520\n|switch|p2a: Sylveon|Sylveon, L85, M|100/100\n|-damage|p2a: Sylveon|88/100|[from] Stealth Rock\n|-activate|p2a: Sylveon|move: Sticky Web\n|-unboost|p2a: Sylveon|spe|1\n|turn|28\n|inactive|Time left: 300 sec this turn | 300 sec total\n|\n|t:|1783573521\n|move|p1a: Kilowattrel|Hurricane|p2a: Sylveon\n|-damage|p2a: Sylveon|56/100\n|move|p2a: Sylveon|Calm Mind|p2a: Sylveon\n|-boost|p2a: Sylveon|spa|1\n|-boost|p2a: Sylveon|spd|1\n|\n|-heal|p2a: Sylveon|62/100|[from] item: Leftovers\n|upkeep\n|turn|29\n|inactive|Time left: 300 sec this turn | 300 sec total\n|\n|t:|1783573522\n|move|p1a: Kilowattrel|U-turn|p2a: Sylveon\n|-resisted|p2a: Sylveon\n|-damage|p2a: Sylveon|54/100\n|inactive|Time left: 300 sec this turn | 300 sec total | 5 sec grace\n|\n|t:|1783573523\n|switch|p1a: Amoonguss|Amoonguss, L82, F|321/321|[from] U-turn\n|-damage|p1a: Amoonguss|281/321|[from] Stealth Rock\n|move|p2a: Sylveon|Calm Mind|p2a: Sylveon\n|-boost|p2a: Sylveon|spa|1\n|-boost|p2a: Sylveon|spd|1\n|\n|-heal|p2a: Sylveon|60/100|[from] item: Leftovers\n|upkeep\n|turn|30\n|inactive|Time left: 300 sec this turn | 300 sec total\n|\n|t:|1783573524\n|move|p2a: Sylveon|Hyper Voice|p1a: Amoonguss\n|-resisted|p1a: Amoonguss\n|-damage|p1a: Amoonguss|141/321\n|move|p1a: Amoonguss|Spore|p2a: Sylveon\n|-status|p2a: Sylveon|slp|[from] move: Spore\n|\n|-heal|p2a: Sylveon|66/100 slp|[from] item: Leftovers\n|upkeep\n|turn|31\n|inactive|Time left: 300 sec this turn | 300 sec total\n|\n|t:|1783573525\n|cant|p2a: Sylveon|slp\n|move|p1a: Amoonguss|Giga Drain|p2a: Sylveon\n|-damage|p2a: Sylveon|57/100 slp\n|-heal|p1a: Amoonguss|155/321|[from] drain|[of] p2a: Sylveon\n|\n|-heal|p2a: Sylveon|63/100 slp|[from] item: Leftovers\n|upkeep\n|turn|32\n|inactive|Time left: 300 sec this turn | 300 sec total\n|\n|t:|1783573526\n|cant|p2a: Sylveon|slp\n|move|p1a: Amoonguss|Sludge Bomb|p2a: Sylveon\n|-supereffective|p2a: Sylveon\n|-damage|p2a: Sylveon|42/100 slp\n|\n|-heal|p2a: Sylveon|48/100 slp|[from] item: Leftovers\n|upkeep\n|turn|33\n|inactive|Time left: 300 sec this turn | 300 sec total\n|\n|t:|1783573527\n|cant|p2a: Sylveon|slp\n|move|p1a: Amoonguss|Sludge Bomb|p2a: Sylveon\n|-supereffective|p2a: Sylveon\n|-crit|p2a: Sylveon\n|-damage|p2a: Sylveon|0 fnt\n|faint|p2a: Sylveon\n|\n|upkeep\n|\n|t:|1783573528\n|switch|p2a: Sandy Shocks|Sandy Shocks, L80|11/100\n|turn|34\n|inactive|Time left: 300 sec this turn | 300 sec total\n|\n|t:|1783573529\n|move|p2a: Sandy Shocks|Earth Power|p1a: Amoonguss\n|-damage|p1a: Amoonguss|38/321\n|move|p1a: Amoonguss|Sludge Bomb|p2a: Sandy Shocks\n|-resisted|p2a: Sandy Shocks\n|-damage|p2a: Sandy Shocks|0 fnt\n|faint|p2a: Sandy Shocks\n|-end|p2a: Sandy Shocks|Protosynthesis|[silent]\n|\n|win|p0x2907f8e4", "uploadtime": 1783573529, "views": 0, "rating": 0, "private": 0, "password": null, "_winner": "p0x2907f8e4", "_our_name": "p0x2907f8e4"}