{"id": "battle-gen9randombattle-2726", "formatid": "gen9randombattle", "format": "[Gen 9] Random Battle", "players": ["p0x272601a9", "p0y2726a51a"], "log": "|init|battle\n|title|p0x272601a9 vs. p0y2726a51a\n|j|\u2606p0x272601a9\n|j|\u2606p0y2726a51a\n|t:|1783570417\n|gametype|singles\n|player|p1|p0x272601a9|1|\n|player|p2|p0y2726a51a|2|\n|gen|9\n|tier|[Gen 9] Random Battle\n|rule|Species Clause: Limit one of each Pok\u00e9mon\n|rule|HP Percentage Mod: HP is shown in percentages\n|rule|Sleep Clause Mod: Limit one foe put to sleep\n|rule|Illusion Level Mod: Illusion disguises the Pok\u00e9mon's true level\n|\n|t:|1783570417\n|teamsize|p1|6\n|teamsize|p2|6\n|start\n|switch|p1a: Overqwil|Overqwil, L82, M|274/274\n|switch|p2a: Iron Thorns|Iron Thorns, L83|100/100\n|-ability|p1a: Overqwil|Intimidate|boost\n|-unboost|p2a: Iron Thorns|atk|1\n|turn|1\n|inactive|Battle timer is ON: inactive players will automatically lose when time's up. (requested by p0y2726a51a)\n|inactive|Time left: 300 sec this turn | 300 sec total | 60 sec grace\n|inactive|p0x272601a9 also wants the timer to be on.\n|\n|t:|1783570419\n|-end|p2a: Iron Thorns|Quark Drive|[silent]\n|switch|p2a: Conkeldurr|Conkeldurr, L80, F|100/100\n|move|p1a: Overqwil|Swords Dance|p1a: Overqwil\n|-boost|p1a: Overqwil|atk|2\n|\n|-status|p2a: Conkeldurr|brn|[from] item: Flame Orb\n|upkeep\n|turn|2\n|inactive|Time left: 300 sec this turn | 300 sec total\n|\n|t:|1783570420\n|move|p1a: Overqwil|Gunk Shot|p2a: Conkeldurr\n|-damage|p2a: Conkeldurr|8/100 brn\n|move|p2a: Conkeldurr|Close Combat|p1a: Overqwil\n|-damage|p1a: Overqwil|42/274\n|-unboost|p2a: Conkeldurr|def|1\n|-unboost|p2a: Conkeldurr|spd|1\n|\n|-damage|p2a: Conkeldurr|2/100 brn|[from] brn\n|upkeep\n|turn|3\n|inactive|Time left: 300 sec this turn | 300 sec total\n|\n|t:|1783570421\n|switch|p2a: Mimikyu|Mimikyu, L79, M|100/100\n|move|p1a: Overqwil|Crunch|p2a: Mimikyu\n|-activate|p2a: Mimikyu|ability: Disguise\n|-damage|p2a: Mimikyu|100/100\n|detailschange|p2a: Mimikyu|Mimikyu-Busted, L79, M\n|-damage|p2a: Mimikyu|88/100|[from] pokemon: Mimikyu-Busted\n|\n|upkeep\n|turn|4\n|inactive|Time left: 300 sec this turn | 300 sec total\n|\n|t:|1783570422\n|move|p2a: Mimikyu|Play Rough|p1a: Overqwil|[miss]\n|-miss|p2a: Mimikyu|p1a: Overqwil\n|move|p1a: Overqwil|Crunch|p2a: Mimikyu\n|-damage|p2a: Mimikyu|0 fnt\n|faint|p2a: Mimikyu\n|\n|upkeep\n|\n|t:|1783570423\n|switch|p2a: Dugtrio|Dugtrio, L84, F|100/100\n|turn|5\n|inactive|Time left: 300 sec this turn | 300 sec total\n|\n|t:|1783570424\n|move|p2a: Dugtrio|Earthquake|p1a: Overqwil\n|-supereffective|p1a: Overqwil\n|-damage|p1a: Overqwil|0 fnt\n|faint|p1a: Overqwil\n|\n|upkeep\n|inactive|Time left: 300 sec this turn | 300 sec total | 5 sec grace\n|\n|t:|1783570425\n|switch|p1a: Vileplume|Vileplume, L85, M|266/266\n|turn|6\n|inactive|Time left: 300 sec this turn | 300 sec total\n|\n|t:|1783570426\n|switch|p2a: Ho-Oh|Ho-Oh, L71|100/100\n|move|p1a: Vileplume|Giga Drain|p2a: Ho-Oh\n|-resisted|p2a: Ho-Oh\n|-damage|p2a: Ho-Oh|94/100\n|\n|upkeep\n|turn|7\n|inactive|Time left: 300 sec this turn | 300 sec total\n|\n|t:|1783570427\n|move|p2a: Ho-Oh|Sacred Fire|p1a: Vileplume\n|-supereffective|p1a: Vileplume\n|-damage|p1a: Vileplume|78/266\n|move|p1a: Vileplume|Strength Sap|p2a: Ho-Oh\n|-unboost|p2a: Ho-Oh|atk|1\n|-heal|p1a: Vileplume|266/266\n|\n|upkeep\n|turn|8\n|inactive|Time left: 300 sec this turn | 300 sec total\n|\n|t:|1783570428\n|move|p2a: Ho-Oh|Sacred Fire|p1a: Vileplume\n|-supereffective|p1a: Vileplume\n|-damage|p1a: Vileplume|140/266\n|-status|p1a: Vileplume|brn\n|move|p1a: Vileplume|Leech Seed|p2a: Ho-Oh\n|-start|p2a: Ho-Oh|move: Leech Seed\n|\n|-heal|p1a: Vileplume|156/266 brn|[from] item: Leftovers\n|-damage|p2a: Ho-Oh|81/100|[from] Leech Seed|[of] p1a: Vileplume\n|-heal|p1a: Vileplume|189/266 brn|[silent]\n|-damage|p1a: Vileplume|173/266 brn|[from] brn\n|upkeep\n|turn|9\n|inactive|Time left: 300 sec this turn | 300 sec total\n|\n|t:|1783570429\n|switch|p2a: Blastoise|Blastoise, L80, F|100/100\n|move|p1a: Vileplume|Strength Sap|p2a: Blastoise\n|-unboost|p2a: Blastoise|atk|1\n|-heal|p1a: Vileplume|266/266 brn\n|-enditem|p2a: Blastoise|White Herb\n|-clearnegativeboost|p2a: Blastoise|[silent]\n|\n|-damage|p1a: Vileplume|250/266 brn|[from] brn\n|upkeep\n|turn|10\n|inactive|Time left: 300 sec this turn | 300 sec total\n|\n|t:|1783570430\n|move|p2a: Blastoise|Shell Smash|p2a: Blastoise\n|-unboost|p2a: Blastoise|def|1\n|-unboost|p2a: Blastoise|spd|1\n|-boost|p2a: Blastoise|atk|2\n|-boost|p2a: Blastoise|spa|2\n|-boost|p2a: Blastoise|spe|2\n|move|p1a: Vileplume|Giga Drain|p2a: Blastoise\n|-supereffective|p2a: Blastoise\n|-damage|p2a: Blastoise|7/100\n|-heal|p1a: Vileplume|266/266 brn|[from] drain|[of] p2a: Blastoise\n|\n|-damage|p1a: Vileplume|250/266 brn|[from] brn\n|upkeep\n|turn|11\n|inactive|Time left: 300 sec this turn | 300 sec total\n|\n|t:|1783570431\n|move|p2a: Blastoise|Ice Beam|p1a: Vileplume\n|-supereffective|p1a: Vileplume\n|-damage|p1a: Vileplume|56/266 brn\n|move|p1a: Vileplume|Giga Drain|p2a: Blastoise\n|-supereffective|p2a: Blastoise\n|-damage|p2a: Blastoise|0 fnt\n|-heal|p1a: Vileplume|65/266 brn|[from] drain|[of] p2a: Blastoise\n|faint|p2a: Blastoise\n|\n|-heal|p1a: Vileplume|81/266 brn|[from] item: Leftovers\n|-damage|p1a: Vileplume|65/266 brn|[from] brn\n|upkeep\n|\n|t:|1783570432\n|switch|p2a: Dugtrio|Dugtrio, L84, F|100/100\n|turn|12\n|inactive|Time left: 300 sec this turn | 300 sec total\n|\n|t:|1783570433\n|move|p2a: Dugtrio|Earthquake|p1a: Vileplume\n|-damage|p1a: Vileplume|0 fnt\n|faint|p1a: Vileplume\n|\n|upkeep\n|inactive|Time left: 300 sec this turn | 300 sec total | 5 sec grace\n|\n|t:|1783570434\n|switch|p1a: Wo-Chien|Wo-Chien, L83|277/277\n|-ability|p1a: Wo-Chien|Tablets of Ruin\n|turn|13\n|inactive|Time left: 300 sec this turn | 300 sec total\n|\n|t:|1783570435\n|switch|p2a: Ho-Oh|Ho-Oh, L71|100/100\n|move|p1a: Wo-Chien|Knock Off|p2a: Ho-Oh\n|-damage|p2a: Ho-Oh|61/100\n|-enditem|p2a: Ho-Oh|Heavy-Duty Boots|[from] move: Knock Off|[of] p1a: Wo-Chien\n|\n|upkeep\n|turn|14\n|inactive|Time left: 300 sec this turn | 300 sec total\n|\n|t:|1783570436\n|move|p2a: Ho-Oh|Sacred Fire|p1a: Wo-Chien\n|-supereffective|p1a: Wo-Chien\n|-damage|p1a: Wo-Chien|133/277\n|-status|p1a: Wo-Chien|brn\n|move|p1a: Wo-Chien|Leech Seed|p2a: Ho-Oh\n|-start|p2a: Ho-Oh|move: Leech Seed\n|\n|-heal|p1a: Wo-Chien|150/277 brn|[from] item: Leftovers\n|-damage|p2a: Ho-Oh|49/100|[from] Leech Seed|[of] p1a: Wo-Chien\n|-heal|p1a: Wo-Chien|183/277 brn|[silent]\n|-damage|p1a: Wo-Chien|166/277 brn|[from] brn\n|upkeep\n|turn|15\n|inactive|Time left: 300 sec this turn | 300 sec total\n|\n|t:|1783570437\n|switch|p2a: Iron Thorns|Iron Thorns, L83|100/100\n|move|p1a: Wo-Chien|Protect||[still]\n|-fail|p1a: Wo-Chien\n|\n|-heal|p1a: Wo-Chien|183/277 brn|[from] item: Leftovers\n|-damage|p1a: Wo-Chien|166/277 brn|[from] brn\n|upkeep\n|turn|16\n|inactive|Time left: 300 sec this turn | 300 sec total\n|\n|t:|1783570438\n|move|p2a: Iron Thorns|Stone Edge|p1a: Wo-Chien\n|-damage|p1a: Wo-Chien|79/277 brn\n|move|p1a: Wo-Chien|Leech Seed|p2a: Iron Thorns\n|-start|p2a: Iron Thorns|move: Leech Seed\n|\n|-heal|p1a: Wo-Chien|96/277 brn|[from] item: Leftovers\n|-damage|p2a: Iron Thorns|88/100|[from] Leech Seed|[of] p1a: Wo-Chien\n|-heal|p1a: Wo-Chien|133/277 brn|[silent]\n|-damage|p1a: Wo-Chien|116/277 brn|[from] brn\n|upkeep\n|turn|17\n|inactive|Time left: 300 sec this turn | 300 sec total\n|\n|t:|1783570439\n|-end|p2a: Iron Thorns|Quark Drive|[silent]\n|switch|p2a: Ho-Oh|Ho-Oh, L71|82/100\n|move|p1a: Wo-Chien|Leech Seed|p2a: Ho-Oh\n|-start|p2a: Ho-Oh|move: Leech Seed\n|\n|-heal|p1a: Wo-Chien|133/277 brn|[from] item: Leftovers\n|-damage|p2a: Ho-Oh|70/100|[from] Leech Seed|[of] p1a: Wo-Chien\n|-heal|p1a: Wo-Chien|166/277 brn|[silent]\n|-damage|p1a: Wo-Chien|149/277 brn|[from] brn\n|upkeep\n|turn|18\n|inactive|Time left: 300 sec this turn | 300 sec total\n|\n|t:|1783570440\n|switch|p2a: Iron Thorns|Iron Thorns, L83|88/100\n|move|p1a: Wo-Chien|Protect||[still]\n|-fail|p1a: Wo-Chien\n|\n|-heal|p1a: Wo-Chien|166/277 brn|[from] item: Leftovers\n|-damage|p1a: Wo-Chien|149/277 brn|[from] brn\n|upkeep\n|turn|19\n|inactive|Time left: 300 sec this turn | 300 sec total\n|\n|t:|1783570441\n|move|p2a: Iron Thorns|Stone Edge|p1a: Wo-Chien\n|-damage|p1a: Wo-Chien|47/277 brn\n|move|p1a: Wo-Chien|Leech Seed|p2a: Iron Thorns\n|-start|p2a: Iron Thorns|move: Leech Seed\n|\n|-heal|p1a: Wo-Chien|64/277 brn|[from] item: Leftovers\n|-damage|p2a: Iron Thorns|76/100|[from] Leech Seed|[of] p1a: Wo-Chien\n|-heal|p1a: Wo-Chien|101/277 brn|[silent]\n|-damage|p1a: Wo-Chien|84/277 brn|[from] brn\n|upkeep\n|turn|20\n|inactive|Time left: 300 sec this turn | 300 sec total\n|\n|t:|1783570442\n|-end|p2a: Iron Thorns|Quark Drive|[silent]\n|switch|p2a: Ho-Oh|Ho-Oh, L71|100/100\n|switch|p1a: Kommo-o|Kommo-o, L77, M|242/242\n|\n|upkeep\n|turn|21\n|inactive|Time left: 300 sec this turn | 300 sec total\n|\n|t:|1783570443\n|move|p1a: Kommo-o|Swords Dance|p1a: Kommo-o\n|-boost|p1a: Kommo-o|atk|2\n|move|p2a: Ho-Oh|Brave Bird|p1a: Kommo-o\n|-supereffective|p1a: Kommo-o\n|-damage|p1a: Kommo-o|32/242\n|-damage|p2a: Ho-Oh|75/100|[from] Recoil\n|\n|upkeep\n|turn|22\n|inactive|Time left: 300 sec this turn | 300 sec total\n|\n|t:|1783570444\n|-terastallize|p2a: Ho-Oh|Steel\n|move|p1a: Kommo-o|Scale Shot|p2a: Ho-Oh\n|-resisted|p2a: Ho-Oh\n|-damage|p2a: Ho-Oh|64/100\n|-resisted|p2a: Ho-Oh\n|-damage|p2a: Ho-Oh|53/100\n|-resisted|p2a: Ho-Oh\n|-damage|p2a: Ho-Oh|43/100\n|-resisted|p2a: Ho-Oh\n|-damage|p2a: Ho-Oh|33/100\n|-hitcount|p2a: Ho-Oh|4\n|-unboost|p1a: Kommo-o|def|1\n|-boost|p1a: Kommo-o|spe|1\n|move|p2a: Ho-Oh|Brave Bird|p1a: Kommo-o\n|-supereffective|p1a: Kommo-o\n|-damage|p1a: Kommo-o|0 fnt\n|faint|p1a: Kommo-o\n|-damage|p2a: Ho-Oh|28/100|[from] Recoil\n|\n|upkeep\n|inactive|Time left: 300 sec this turn | 300 sec total | 5 sec grace\n|\n|t:|1783570445\n|switch|p1a: Magcargo|Magcargo, L95, F|268/268\n|turn|23\n|inactive|Time left: 300 sec this turn | 300 sec total\n|\n|t:|1783570446\n|move|p2a: Ho-Oh|Earthquake|p1a: Magcargo\n|-supereffective|p1a: Magcargo\n|-damage|p1a: Magcargo|88/268\n|move|p1a: Magcargo|Lava Plume|p2a: Ho-Oh\n|-supereffective|p2a: Ho-Oh\n|-damage|p2a: Ho-Oh|0 fnt\n|faint|p2a: Ho-Oh\n|\n|upkeep\n|\n|t:|1783570447\n|switch|p2a: Iron Thorns|Iron Thorns, L83|76/100\n|turn|24\n|inactive|Time left: 300 sec this turn | 300 sec total\n|\n|t:|1783570448\n|move|p2a: Iron Thorns|Stone Edge|p1a: Magcargo\n|-supereffective|p1a: Magcargo\n|-damage|p1a: Magcargo|0 fnt\n|faint|p1a: Magcargo\n|\n|upkeep\n|inactive|Time left: 300 sec this turn | 300 sec total | 5 sec grace\n|\n|t:|1783570448\n|switch|p1a: Wo-Chien|Wo-Chien, L83|84/277 brn\n|-ability|p1a: Wo-Chien|Tablets of Ruin\n|turn|25\n|inactive|Time left: 300 sec this turn | 300 sec total\n|\n|t:|1783570449\n|move|p1a: Wo-Chien|Protect|p1a: Wo-Chien\n|-singleturn|p1a: Wo-Chien|Protect\n|move|p2a: Iron Thorns|Stone Edge|p1a: Wo-Chien\n|-activate|p1a: Wo-Chien|move: Protect\n|\n|-heal|p1a: Wo-Chien|101/277 brn|[from] item: Leftovers\n|-damage|p1a: Wo-Chien|84/277 brn|[from] brn\n|upkeep\n|turn|26\n|inactive|Time left: 300 sec this turn | 300 sec total\n|\n|t:|1783570450\n|move|p1a: Wo-Chien|Protect||[still]\n|-fail|p1a: Wo-Chien\n|move|p2a: Iron Thorns|Stone Edge|p1a: Wo-Chien\n|-crit|p1a: Wo-Chien\n|-damage|p1a: Wo-Chien|0 fnt\n|faint|p1a: Wo-Chien\n|\n|upkeep\n|inactive|Time left: 300 sec this turn | 300 sec total | 5 sec grace\n|\n|t:|1783570450\n|switch|p1a: Delibird|Delibird, M|252/252\n|turn|27\n|inactive|Time left: 300 sec this turn | 300 sec total\n|\n|t:|1783570451\n|-terastallize|p1a: Delibird|Ghost\n|move|p1a: Delibird|Freeze-Dry|p2a: Iron Thorns\n|-damage|p2a: Iron Thorns|49/100\n|move|p2a: Iron Thorns|Wild Charge|p1a: Delibird\n|-damage|p1a: Delibird|84/252\n|-damage|p2a: Iron Thorns|35/100|[from] Recoil\n|\n|upkeep\n|turn|28\n|inactive|Time left: 300 sec this turn | 300 sec total\n|\n|t:|1783570452\n|move|p1a: Delibird|Freeze-Dry|p2a: Iron Thorns\n|-damage|p2a: Iron Thorns|8/100\n|move|p2a: Iron Thorns|Wild Charge|p1a: Delibird\n|-damage|p1a: Delibird|0 fnt\n|faint|p1a: Delibird\n|-damage|p2a: Iron Thorns|1/100|[from] Recoil\n|\n|win|p0y2726a51a", "uploadtime": 1783570452, "views": 0, "rating": 0, "private": 0, "password": null, "_winner": "p0y2726a51a", "_our_name": "p0x272601a9"}