{"id": "battle-gen9randombattle-142", "formatid": "gen9randombattle", "format": "[Gen 9] Random Battle", "players": ["p0x142a6e4", "p0y142b6ee"], "log": "|init|battle\n|title|p0x142a6e4 vs. p0y142b6ee\n|j|\u2606p0x142a6e4\n|j|\u2606p0y142b6ee\n|t:|1783534911\n|gametype|singles\n|player|p1|p0x142a6e4|169|\n|player|p2|p0y142b6ee|101|\n|gen|9\n|tier|[Gen 9] Random Battle\n|rule|Species Clause: Limit one of each Pok\u00e9mon\n|rule|HP Percentage Mod: HP is shown in percentages\n|rule|Sleep Clause Mod: Limit one foe put to sleep\n|rule|Illusion Level Mod: Illusion disguises the Pok\u00e9mon's true level\n|\n|t:|1783534911\n|teamsize|p1|6\n|teamsize|p2|6\n|start\n|switch|p1a: Pecharunt|Pecharunt, L77|262/262\n|switch|p2a: Venomoth|Venomoth, L84, M|100/100\n|turn|1\n|inactive|Battle timer is ON: inactive players will automatically lose when time's up. (requested by p0y142b6ee)\n|inactive|Time left: 300 sec this turn | 300 sec total | 60 sec grace\n|inactive|p0x142a6e4 also wants the timer to be on.\n|\n|t:|1783534912\n|move|p2a: Venomoth|Quiver Dance|p2a: Venomoth\n|-boost|p2a: Venomoth|spa|1\n|-boost|p2a: Venomoth|spd|1\n|-boost|p2a: Venomoth|spe|1\n|move|p1a: Pecharunt|Parting Shot|p2a: Venomoth\n|-unboost|p2a: Venomoth|atk|1\n|-unboost|p2a: Venomoth|spa|1\n|inactive|Time left: 300 sec this turn | 300 sec total | 65 sec grace\n|\n|t:|1783534913\n|switch|p1a: Staraptor|Staraptor, L79, M|263/263|[from] Parting Shot\n|\n|upkeep\n|turn|2\n|inactive|Time left: 300 sec this turn | 300 sec total\n|\n|t:|1783534915\n|move|p2a: Venomoth|Sleep Powder|p1a: Staraptor|[miss]\n|-miss|p2a: Venomoth|p1a: Staraptor\n|move|p1a: Staraptor|Brave Bird|p2a: Venomoth\n|-supereffective|p2a: Venomoth\n|-damage|p2a: Venomoth|0 fnt\n|faint|p2a: Venomoth\n|-damage|p1a: Staraptor|179/263|[from] Recoil\n|\n|upkeep\n|\n|t:|1783534916\n|switch|p2a: Basculin|Basculin, L86, F|100/100\n|turn|3\n|inactive|Time left: 300 sec this turn | 300 sec total\n|\n|t:|1783534917\n|switch|p1a: Baxcalibur|Baxcalibur, L75, M|295/295\n|move|p2a: Basculin|Wave Crash|p1a: Baxcalibur\n|-resisted|p1a: Baxcalibur\n|-damage|p1a: Baxcalibur|157/295\n|-damage|p2a: Basculin|83/100|[from] Recoil\n|\n|upkeep\n|turn|4\n|inactive|Time left: 300 sec this turn | 300 sec total\n|\n|t:|1783534918\n|switch|p2a: Avalugg|Avalugg, L88, M|100/100\n|move|p1a: Baxcalibur|Scale Shot|p2a: Avalugg\n|-damage|p2a: Avalugg|95/100\n|-damage|p2a: Avalugg|90/100\n|-damage|p2a: Avalugg|84/100\n|-damage|p2a: Avalugg|79/100\n|-damage|p2a: Avalugg|73/100\n|-hitcount|p2a: Avalugg|5\n|-unboost|p1a: Baxcalibur|def|1\n|-boost|p1a: Baxcalibur|spe|1\n|\n|upkeep\n|turn|5\n|inactive|Time left: 300 sec this turn | 300 sec total\n|\n|t:|1783534919\n|switch|p1a: Pecharunt|Pecharunt, L77|262/262\n|move|p2a: Avalugg|Recover|p2a: Avalugg\n|-heal|p2a: Avalugg|100/100\n|\n|upkeep\n|turn|6\n|inactive|Time left: 300 sec this turn | 300 sec total\n|\n|t:|1783534920\n|move|p1a: Pecharunt|Malignant Chain|p2a: Avalugg\n|-damage|p2a: Avalugg|59/100\n|move|p2a: Avalugg|Body Press|p1a: Pecharunt\n|-immune|p1a: Pecharunt\n|\n|upkeep\n|turn|7\n|inactive|Time left: 300 sec this turn | 300 sec total\n|\n|t:|1783534922\n|move|p1a: Pecharunt|Malignant Chain|p2a: Avalugg\n|-crit|p2a: Avalugg\n|-damage|p2a: Avalugg|0 fnt\n|faint|p2a: Avalugg\n|\n|upkeep\n|\n|t:|1783534923\n|switch|p2a: Camerupt|Camerupt, L91, F|100/100\n|turn|8\n|inactive|Time left: 300 sec this turn | 300 sec total\n|\n|t:|1783534924\n|move|p1a: Pecharunt|Parting Shot|p2a: Camerupt\n|-unboost|p2a: Camerupt|atk|1\n|-unboost|p2a: Camerupt|spa|1\n|inactive|Time left: 300 sec this turn | 300 sec total | 5 sec grace\n|\n|t:|1783534924\n|switch|p1a: Hatterene|Hatterene, L85, F|236/236|[from] Parting Shot\n|move|p2a: Camerupt|Stealth Rock|p1a: Hatterene\n|move|p1a: Hatterene|Stealth Rock|p2a: Camerupt|[from] ability: Magic Bounce\n|-sidestart|p2: p0y142b6ee|move: Stealth Rock\n|\n|upkeep\n|turn|9\n|inactive|Time left: 300 sec this turn | 300 sec total\n|\n|t:|1783534925\n|switch|p2a: Articuno|Articuno, L86|100/100\n|-ability|p2a: Articuno|Pressure\n|move|p1a: Hatterene|Psychic|p2a: Articuno\n|-damage|p2a: Articuno|66/100\n|\n|upkeep\n|turn|10\n|inactive|Time left: 300 sec this turn | 300 sec total\n|\n|t:|1783534926\n|move|p2a: Articuno|Brave Bird|p1a: Hatterene\n|-damage|p1a: Hatterene|119/236\n|-damage|p2a: Articuno|52/100|[from] Recoil\n|move|p1a: Hatterene|Mystical Fire|p2a: Articuno\n|-supereffective|p2a: Articuno\n|-damage|p2a: Articuno|14/100\n|-unboost|p2a: Articuno|spa|1\n|\n|upkeep\n|turn|11\n|inactive|Time left: 300 sec this turn | 300 sec total\n|\n|t:|1783534927\n|move|p2a: Articuno|Brave Bird|p1a: Hatterene\n|-damage|p1a: Hatterene|11/236\n|-damage|p2a: Articuno|2/100|[from] Recoil\n|move|p1a: Hatterene|Draining Kiss|p2a: Articuno\n|-damage|p2a: Articuno|0 fnt\n|-heal|p1a: Hatterene|15/236|[from] drain|[of] p2a: Articuno\n|faint|p2a: Articuno\n|\n|upkeep\n|\n|t:|1783534928\n|switch|p2a: Basculin|Basculin, L86, F|83/100\n|-damage|p2a: Basculin|71/100|[from] Stealth Rock\n|turn|12\n|inactive|Time left: 300 sec this turn | 300 sec total\n|\n|t:|1783534929\n|switch|p1a: Baxcalibur|Baxcalibur, L75, M|157/295\n|move|p2a: Basculin|Wave Crash|p1a: Baxcalibur\n|-resisted|p1a: Baxcalibur\n|-damage|p1a: Baxcalibur|16/295\n|-damage|p2a: Basculin|53/100|[from] Recoil\n|\n|upkeep\n|turn|13\n|inactive|Time left: 300 sec this turn | 300 sec total\n|\n|t:|1783534930\n|switch|p1a: Hatterene|Hatterene, L85, F|15/236\n|move|p2a: Basculin|Wave Crash|p1a: Hatterene\n|-damage|p1a: Hatterene|0 fnt\n|faint|p1a: Hatterene\n|-damage|p2a: Basculin|51/100|[from] Recoil\n|\n|upkeep\n|inactive|Time left: 300 sec this turn | 300 sec total | 5 sec grace\n|\n|t:|1783534931\n|switch|p1a: Pecharunt|Pecharunt, L77|262/262\n|turn|14\n|inactive|Time left: 300 sec this turn | 300 sec total\n|\n|t:|1783534932\n|move|p2a: Basculin|Wave Crash|p1a: Pecharunt\n|-damage|p1a: Pecharunt|88/262\n|-damage|p2a: Basculin|29/100|[from] Recoil\n|move|p1a: Pecharunt|Malignant Chain|p2a: Basculin\n|-damage|p2a: Basculin|0 fnt\n|faint|p2a: Basculin\n|\n|-heal|p1a: Pecharunt|104/262|[from] item: Leftovers\n|upkeep\n|\n|t:|1783534933\n|switch|p2a: Zebstrika|Zebstrika, L87, F|100/100\n|-damage|p2a: Zebstrika|88/100|[from] Stealth Rock\n|turn|15\n|inactive|Time left: 300 sec this turn | 300 sec total\n|\n|t:|1783534935\n|switch|p1a: Misdreavus|Misdreavus, L90, M|254/254\n|move|p2a: Zebstrika|High Horsepower|p1a: Misdreavus\n|-immune|p1a: Misdreavus|[from] ability: Levitate\n|\n|upkeep\n|turn|16\n|inactive|Time left: 300 sec this turn | 300 sec total\n|\n|t:|1783534936\n|move|p2a: Zebstrika|Supercell Slam|p1a: Misdreavus|[miss]\n|-miss|p2a: Zebstrika|p1a: Misdreavus\n|-damage|p2a: Zebstrika|38/100|[from] supercellslam\n|move|p1a: Misdreavus|Shadow Ball|p2a: Zebstrika\n|-damage|p2a: Zebstrika|0 fnt\n|faint|p2a: Zebstrika\n|\n|upkeep\n|\n|t:|1783534936\n|switch|p2a: Camerupt|Camerupt, L91, F|100/100\n|-damage|p2a: Camerupt|88/100|[from] Stealth Rock\n|turn|17\n|inactive|Time left: 300 sec this turn | 300 sec total\n|\n|t:|1783534938\n|move|p1a: Misdreavus|Calm Mind|p1a: Misdreavus\n|-boost|p1a: Misdreavus|spa|1\n|-boost|p1a: Misdreavus|spd|1\n|move|p2a: Camerupt|Stealth Rock|p1a: Misdreavus\n|-sidestart|p1: p0x142a6e4|move: Stealth Rock\n|\n|-heal|p2a: Camerupt|94/100|[from] item: Leftovers\n|upkeep\n|turn|18\n|inactive|Time left: 300 sec this turn | 300 sec total\n|\n|t:|1783534938\n|move|p1a: Misdreavus|Shadow Ball|p2a: Camerupt\n|-damage|p2a: Camerupt|45/100\n|-unboost|p2a: Camerupt|spd|1\n|move|p2a: Camerupt|Roar|p1a: Misdreavus\n|drag|p1a: Pecharunt|Pecharunt, L77|104/262\n|-damage|p1a: Pecharunt|72/262|[from] Stealth Rock\n|\n|-heal|p1a: Pecharunt|88/262|[from] item: Leftovers\n|-heal|p2a: Camerupt|51/100|[from] item: Leftovers\n|upkeep\n|turn|19\n|inactive|Time left: 300 sec this turn | 300 sec total\n|\n|t:|1783534940\n|move|p1a: Pecharunt|Shadow Ball|p2a: Camerupt\n|-damage|p2a: Camerupt|14/100\n|move|p2a: Camerupt|Overheat|p1a: Pecharunt\n|-damage|p1a: Pecharunt|0 fnt\n|-unboost|p2a: Camerupt|spa|2\n|faint|p1a: Pecharunt\n|\n|-heal|p2a: Camerupt|20/100|[from] item: Leftovers\n|upkeep\n|inactive|Time left: 300 sec this turn | 300 sec total | 5 sec grace\n|\n|t:|1783534941\n|switch|p1a: Staraptor|Staraptor, L79, M|179/263\n|-damage|p1a: Staraptor|114/263|[from] Stealth Rock\n|turn|20\n|inactive|Time left: 300 sec this turn | 300 sec total\n|\n|t:|1783534941\n|-terastallize|p2a: Camerupt|Grass\n|move|p1a: Staraptor|Quick Attack|p2a: Camerupt\n|-damage|p2a: Camerupt|0 fnt\n|faint|p2a: Camerupt\n|\n|win|p0x142a6e4", "uploadtime": 1783534941, "views": 0, "rating": 0, "private": 0, "password": null, "_winner": "p0x142a6e4", "_our_name": "p0x142a6e4"}