{"id": "battle-gen9randombattle-2009", "formatid": "gen9randombattle", "format": "[Gen 9] Random Battle", "players": ["p0x2009ec93", "p0y20090d68"], "log": "|init|battle\n|title|p0x2009ec93 vs. p0y20090d68\n|j|\u2606p0x2009ec93\n|j|\u2606p0y20090d68\n|t:|1783562514\n|gametype|singles\n|player|p1|p0x2009ec93|101|\n|player|p2|p0y20090d68|2|\n|gen|9\n|tier|[Gen 9] Random Battle\n|rule|Species Clause: Limit one of each Pok\u00e9mon\n|rule|HP Percentage Mod: HP is shown in percentages\n|rule|Sleep Clause Mod: Limit one foe put to sleep\n|rule|Illusion Level Mod: Illusion disguises the Pok\u00e9mon's true level\n|\n|t:|1783562514\n|teamsize|p1|6\n|teamsize|p2|6\n|start\n|switch|p1a: Noctowl|Noctowl, L95, M|100/100\n|switch|p2a: Drednaw|Drednaw, L81, M|278/278\n|turn|1\n|inactive|Battle timer is ON: inactive players will automatically lose when time's up. (requested by p0y20090d68)\n|inactive|p0x2009ec93 also wants the timer to be on.\n|\n|t:|1783562516\n|move|p1a: Noctowl|Hurricane|p2a: Drednaw|[miss]\n|-miss|p1a: Noctowl|p2a: Drednaw\n|move|p2a: Drednaw|Shell Smash|p2a: Drednaw\n|-unboost|p2a: Drednaw|def|1\n|-unboost|p2a: Drednaw|spd|1\n|-boost|p2a: Drednaw|atk|2\n|-boost|p2a: Drednaw|spa|2\n|-boost|p2a: Drednaw|spe|2\n|-enditem|p2a: Drednaw|White Herb\n|-clearnegativeboost|p2a: Drednaw|[silent]\n|\n|upkeep\n|turn|2\n|inactive|Time left: 300 sec this turn | 300 sec total\n|\n|t:|1783562517\n|switch|p1a: Hitmontop|Hitmontop, L88, M|100/100\n|-ability|p1a: Hitmontop|Intimidate|boost\n|-unboost|p2a: Drednaw|atk|1\n|move|p2a: Drednaw|Stone Edge|p1a: Hitmontop\n|-resisted|p1a: Hitmontop\n|-damage|p1a: Hitmontop|69/100\n|\n|upkeep\n|turn|3\n|inactive|Time left: 300 sec this turn | 300 sec total\n|\n|t:|1783562518\n|-terastallize|p2a: Drednaw|Ground\n|move|p2a: Drednaw|Earthquake|p1a: Hitmontop\n|-damage|p1a: Hitmontop|1/100\n|move|p1a: Hitmontop|Close Combat|p2a: Drednaw\n|-damage|p2a: Drednaw|140/278\n|-unboost|p1a: Hitmontop|def|1\n|-unboost|p1a: Hitmontop|spd|1\n|\n|upkeep\n|turn|4\n|inactive|Time left: 300 sec this turn | 300 sec total\n|\n|t:|1783562519\n|move|p2a: Drednaw|Earthquake|p1a: Hitmontop\n|-damage|p1a: Hitmontop|0 fnt\n|faint|p1a: Hitmontop\n|\n|upkeep\n|\n|t:|1783562520\n|switch|p1a: Golduck|Golduck, L90, F|100/100\n|-ability|p1a: Golduck|Cloud Nine\n|turn|5\n|inactive|Time left: 300 sec this turn | 300 sec total\n|\n|t:|1783562521\n|move|p2a: Drednaw|Earthquake|p1a: Golduck\n|-damage|p1a: Golduck|45/100\n|move|p1a: Golduck|Grass Knot|p2a: Drednaw\n|-supereffective|p2a: Drednaw\n|-damage|p2a: Drednaw|0 fnt\n|faint|p2a: Drednaw\n|\n|-heal|p1a: Golduck|51/100|[from] item: Leftovers\n|upkeep\n|inactive|Time left: 300 sec this turn | 300 sec total | 5 sec grace\n|\n|t:|1783562522\n|switch|p2a: Tropius|Tropius, L91, F|328/328\n|turn|6\n|inactive|Time left: 300 sec this turn | 300 sec total\n|\n|t:|1783562523\n|move|p1a: Golduck|Nasty Plot|p1a: Golduck\n|-boost|p1a: Golduck|spa|2\n|move|p2a: Tropius|Leaf Blade|p1a: Golduck\n|-supereffective|p1a: Golduck\n|-damage|p1a: Golduck|0 fnt\n|faint|p1a: Golduck\n|\n|upkeep\n|\n|t:|1783562524\n|switch|p1a: Noctowl|Noctowl, L95, M|100/100\n|turn|7\n|inactive|Time left: 300 sec this turn | 300 sec total\n|\n|t:|1783562525\n|move|p1a: Noctowl|Nasty Plot|p1a: Noctowl\n|-boost|p1a: Noctowl|spa|2\n|move|p2a: Tropius|Dragon Dance|p2a: Tropius\n|-boost|p2a: Tropius|atk|1\n|-boost|p2a: Tropius|spe|1\n|\n|upkeep\n|turn|8\n|inactive|Time left: 300 sec this turn | 300 sec total\n|\n|t:|1783562526\n|move|p2a: Tropius|Dual Wingbeat|p1a: Noctowl\n|-damage|p1a: Noctowl|78/100\n|-damage|p1a: Noctowl|57/100\n|-hitcount|p1a: Noctowl|2\n|move|p1a: Noctowl|Hurricane|p2a: Tropius\n|-supereffective|p2a: Tropius\n|-damage|p2a: Tropius|0 fnt\n|faint|p2a: Tropius\n|\n|upkeep\n|inactive|Time left: 300 sec this turn | 300 sec total | 5 sec grace\n|\n|t:|1783562527\n|switch|p2a: Arceus|Arceus-Poison, L70|284/284\n|turn|9\n|inactive|Time left: 300 sec this turn | 300 sec total\n|\n|t:|1783562528\n|move|p2a: Arceus|Gunk Shot|p1a: Noctowl\n|-damage|p1a: Noctowl|7/100\n|move|p1a: Noctowl|Hyper Voice|p2a: Arceus\n|-damage|p2a: Arceus|88/284\n|\n|upkeep\n|turn|10\n|inactive|Time left: 300 sec this turn | 300 sec total\n|\n|t:|1783562529\n|move|p2a: Arceus|Liquidation|p1a: Noctowl\n|-damage|p1a: Noctowl|0 fnt\n|faint|p1a: Noctowl\n|\n|upkeep\n|\n|t:|1783562530\n|switch|p1a: Mudsdale|Mudsdale, L83, M|100/100\n|turn|11\n|inactive|Time left: 300 sec this turn | 300 sec total\n|\n|t:|1783562531\n|switch|p2a: Krookodile|Krookodile, L79, M|280/280\n|-ability|p2a: Krookodile|Intimidate|boost\n|-unboost|p1a: Mudsdale|atk|1\n|move|p1a: Mudsdale|Earthquake|p2a: Krookodile\n|-damage|p2a: Krookodile|180/280\n|\n|upkeep\n|turn|12\n|inactive|Time left: 300 sec this turn | 300 sec total\n|\n|t:|1783562532\n|move|p2a: Krookodile|Knock Off|p1a: Mudsdale\n|-damage|p1a: Mudsdale|63/100\n|-ability|p1a: Mudsdale|Stamina|boost\n|-boost|p1a: Mudsdale|def|1\n|-enditem|p1a: Mudsdale|Leftovers|[from] move: Knock Off|[of] p2a: Krookodile\n|-damage|p2a: Krookodile|152/280|[from] item: Life Orb\n|move|p1a: Mudsdale|Stealth Rock|p2a: Krookodile\n|-sidestart|p2: p0y20090d68|move: Stealth Rock\n|\n|upkeep\n|turn|13\n|inactive|Time left: 300 sec this turn | 300 sec total\n|\n|t:|1783562533\n|move|p2a: Krookodile|Stealth Rock|p1a: Mudsdale\n|-sidestart|p1: p0x2009ec93|move: Stealth Rock\n|move|p1a: Mudsdale|Earthquake|p2a: Krookodile\n|-damage|p2a: Krookodile|58/280\n|\n|upkeep\n|turn|14\n|inactive|Time left: 300 sec this turn | 300 sec total\n|\n|t:|1783562534\n|move|p2a: Krookodile|Earthquake|p1a: Mudsdale\n|-damage|p1a: Mudsdale|35/100\n|-ability|p1a: Mudsdale|Stamina|boost\n|-boost|p1a: Mudsdale|def|1\n|-damage|p2a: Krookodile|30/280|[from] item: Life Orb\n|move|p1a: Mudsdale|Earthquake|p2a: Krookodile\n|-damage|p2a: Krookodile|0 fnt\n|faint|p2a: Krookodile\n|\n|upkeep\n|inactive|Time left: 300 sec this turn | 300 sec total | 5 sec grace\n|\n|t:|1783562536\n|switch|p2a: Armarouge|Armarouge, L80, M|267/267\n|-damage|p2a: Armarouge|201/267|[from] Stealth Rock\n|turn|15\n|inactive|Time left: 300 sec this turn | 300 sec total\n|\n|t:|1783562537\n|move|p2a: Armarouge|Armor Cannon|p1a: Mudsdale\n|-damage|p1a: Mudsdale|0 fnt\n|-unboost|p2a: Armarouge|def|1\n|-unboost|p2a: Armarouge|spd|1\n|faint|p1a: Mudsdale\n|\n|upkeep\n|\n|t:|1783562538\n|switch|p1a: Honchkrow|Honchkrow, L86, M|100/100\n|turn|16\n|inactive|Time left: 300 sec this turn | 300 sec total\n|\n|t:|1783562539\n|switch|p2a: Arceus|Arceus-Poison, L70|88/284\n|-damage|p2a: Arceus|53/284|[from] Stealth Rock\n|move|p1a: Honchkrow|Brave Bird|p2a: Arceus\n|-damage|p2a: Arceus|0 fnt\n|faint|p2a: Arceus\n|-ability|p1a: Honchkrow|Moxie|boost\n|-boost|p1a: Honchkrow|atk|1\n|-damage|p1a: Honchkrow|95/100|[from] Recoil\n|\n|upkeep\n|inactive|Time left: 300 sec this turn | 300 sec total | 5 sec grace\n|\n|t:|1783562539\n|switch|p2a: Armarouge|Armarouge, L80, M|201/267\n|-damage|p2a: Armarouge|135/267|[from] Stealth Rock\n|turn|17\n|inactive|Time left: 300 sec this turn | 300 sec total\n|\n|t:|1783562540\n|switch|p2a: Illumise|Illumise, L91, F|266/266\n|-terastallize|p1a: Honchkrow|Dark\n|move|p1a: Honchkrow|Lash Out|p2a: Illumise\n|-damage|p2a: Illumise|56/266\n|\n|upkeep\n|turn|18\n|inactive|Time left: 300 sec this turn | 300 sec total\n|\n|t:|1783562541\n|move|p2a: Illumise|Bug Buzz|p1a: Honchkrow\n|-supereffective|p1a: Honchkrow\n|-damage|p1a: Honchkrow|12/100\n|move|p1a: Honchkrow|Lash Out|p2a: Illumise\n|-damage|p2a: Illumise|0 fnt\n|faint|p2a: Illumise\n|-ability|p1a: Honchkrow|Moxie|boost\n|-boost|p1a: Honchkrow|atk|1\n|\n|upkeep\n|inactive|Time left: 300 sec this turn | 300 sec total | 5 sec grace\n|\n|t:|1783562542\n|switch|p2a: Armarouge|Armarouge, L80, M|135/267\n|-damage|p2a: Armarouge|69/267|[from] Stealth Rock\n|turn|19\n|inactive|Time left: 300 sec this turn | 300 sec total\n|\n|t:|1783562543\n|move|p1a: Honchkrow|Sucker Punch|p2a: Armarouge\n|-supereffective|p2a: Armarouge\n|-damage|p2a: Armarouge|0 fnt\n|faint|p2a: Armarouge\n|\n|win|p0x2009ec93", "uploadtime": 1783562543, "views": 0, "rating": 0, "private": 0, "password": null, "_winner": "p0x2009ec93", "_our_name": "p0y20090d68"}