{"id": "battle-gen9randombattle-2392", "formatid": "gen9randombattle", "format": "[Gen 9] Random Battle", "players": ["p0x239238f5", "p0y2392713b"], "log": "|init|battle\n|title|p0x239238f5 vs. p0y2392713b\n|j|\u2606p0x239238f5\n|j|\u2606p0y2392713b\n|t:|1783567748\n|gametype|singles\n|player|p1|p0x239238f5|169|\n|player|p2|p0y2392713b|101|\n|gen|9\n|tier|[Gen 9] Random Battle\n|rule|Species Clause: Limit one of each Pok\u00e9mon\n|rule|HP Percentage Mod: HP is shown in percentages\n|rule|Sleep Clause Mod: Limit one foe put to sleep\n|rule|Illusion Level Mod: Illusion disguises the Pok\u00e9mon's true level\n|\n|t:|1783567748\n|teamsize|p1|6\n|teamsize|p2|6\n|start\n|switch|p1a: Oranguru|Oranguru, L92, F|315/315\n|switch|p2a: Mabosstiff|Mabosstiff, L86, M|100/100\n|turn|1\n|inactive|Battle timer is ON: inactive players will automatically lose when time's up. (requested by p0y2392713b)\n|inactive|Time left: 300 sec this turn | 300 sec total | 60 sec grace\n|\n|t:|1783567749\n|move|p2a: Mabosstiff|Crunch|p1a: Oranguru\n|-supereffective|p1a: Oranguru\n|-damage|p1a: Oranguru|0 fnt\n|faint|p1a: Oranguru\n|\n|upkeep\n|inactive|Time left: 300 sec this turn | 300 sec total | 65 sec grace\n|inactive|p0x239238f5 also wants the timer to be on.\n|\n|t:|1783567750\n|switch|p1a: Coalossal|Coalossal, L89, M|341/341\n|turn|2\n|inactive|Time left: 300 sec this turn | 300 sec total\n|\n|t:|1783567752\n|move|p2a: Mabosstiff|Crunch|p1a: Coalossal\n|-damage|p1a: Coalossal|220/341\n|-status|p2a: Mabosstiff|brn|[from] ability: Flame Body|[of] p1a: Coalossal\n|move|p1a: Coalossal|Stealth Rock|p2a: Mabosstiff\n|-sidestart|p2: p0y2392713b|move: Stealth Rock\n|\n|-damage|p2a: Mabosstiff|94/100 brn|[from] brn\n|upkeep\n|turn|3\n|inactive|Time left: 300 sec this turn | 300 sec total\n|\n|t:|1783567752\n|move|p2a: Mabosstiff|Crunch|p1a: Coalossal\n|-damage|p1a: Coalossal|166/341\n|move|p1a: Coalossal|Rapid Spin|p2a: Mabosstiff\n|-damage|p2a: Mabosstiff|82/100 brn\n|-boost|p1a: Coalossal|spe|1\n|\n|-damage|p2a: Mabosstiff|76/100 brn|[from] brn\n|upkeep\n|turn|4\n|inactive|Time left: 300 sec this turn | 300 sec total\n|\n|t:|1783567753\n|move|p2a: Mabosstiff|Crunch|p1a: Coalossal\n|-damage|p1a: Coalossal|105/341\n|move|p1a: Coalossal|Flamethrower|p2a: Mabosstiff\n|-damage|p2a: Mabosstiff|38/100 brn\n|\n|-damage|p2a: Mabosstiff|32/100 brn|[from] brn\n|upkeep\n|turn|5\n|inactive|Time left: 300 sec this turn | 300 sec total\n|\n|t:|1783567754\n|move|p2a: Mabosstiff|Crunch|p1a: Coalossal\n|-damage|p1a: Coalossal|44/341\n|move|p1a: Coalossal|Stone Edge|p2a: Mabosstiff|[miss]\n|-miss|p1a: Coalossal|p2a: Mabosstiff\n|\n|-damage|p2a: Mabosstiff|26/100 brn|[from] brn\n|upkeep\n|turn|6\n|inactive|Time left: 300 sec this turn | 300 sec total\n|\n|t:|1783567755\n|move|p2a: Mabosstiff|Crunch|p1a: Coalossal\n|-damage|p1a: Coalossal|0 fnt\n|faint|p1a: Coalossal\n|\n|-damage|p2a: Mabosstiff|20/100 brn|[from] brn\n|upkeep\n|inactive|Time left: 300 sec this turn | 300 sec total | 5 sec grace\n|\n|t:|1783567756\n|switch|p1a: Ursaring|Ursaring, L84, M|288/288\n|turn|7\n|inactive|Time left: 300 sec this turn | 300 sec total\n|\n|t:|1783567757\n|move|p2a: Mabosstiff|Crunch|p1a: Ursaring\n|-damage|p1a: Ursaring|199/288\n|move|p1a: Ursaring|Swords Dance|p1a: Ursaring\n|-boost|p1a: Ursaring|atk|2\n|\n|-damage|p2a: Mabosstiff|13/100 brn|[from] brn\n|-status|p1a: Ursaring|tox|[from] item: Toxic Orb\n|upkeep\n|turn|8\n|inactive|Time left: 300 sec this turn | 300 sec total\n|\n|t:|1783567758\n|move|p1a: Ursaring|Throat Chop|p2a: Mabosstiff\n|-resisted|p2a: Mabosstiff\n|-damage|p2a: Mabosstiff|0 fnt\n|faint|p2a: Mabosstiff\n|\n|-damage|p1a: Ursaring|181/288 tox|[from] psn\n|upkeep\n|\n|t:|1783567759\n|switch|p2a: Jolteon|Jolteon, L84, F|100/100\n|turn|9\n|inactive|Time left: 300 sec this turn | 300 sec total\n|\n|t:|1783567760\n|move|p2a: Jolteon|Volt Switch|p1a: Ursaring\n|-damage|p1a: Ursaring|96/288 tox\n|\n|t:|1783567761\n|switch|p2a: Dusknoir|Dusknoir, L89, M|100/100|[from] Volt Switch\n|-damage|p2a: Dusknoir|88/100|[from] Stealth Rock\n|-item|p1a: Ursaring|Toxic Orb|[from] ability: Frisk|[of] p2a: Dusknoir\n|move|p1a: Ursaring|Facade|p2a: Dusknoir\n|-immune|p2a: Dusknoir\n|\n|-heal|p2a: Dusknoir|94/100|[from] item: Leftovers\n|-damage|p1a: Ursaring|60/288 tox|[from] psn\n|upkeep\n|turn|10\n|inactive|Time left: 300 sec this turn | 300 sec total\n|\n|t:|1783567763\n|move|p1a: Ursaring|Throat Chop|p2a: Dusknoir\n|-supereffective|p2a: Dusknoir\n|-damage|p2a: Dusknoir|5/100\n|-start|p2a: Dusknoir|Throat Chop|[silent]\n|move|p2a: Dusknoir|Earthquake|p1a: Ursaring\n|-damage|p1a: Ursaring|0 fnt\n|faint|p1a: Ursaring\n|\n|-heal|p2a: Dusknoir|12/100|[from] item: Leftovers\n|upkeep\n|inactive|Time left: 300 sec this turn | 300 sec total | 5 sec grace\n|\n|t:|1783567764\n|switch|p1a: Luvdisc|Luvdisc, M|247/247\n|turn|11\n|inactive|Time left: 300 sec this turn | 300 sec total\n|\n|t:|1783567765\n|move|p1a: Luvdisc|Flip Turn|p2a: Dusknoir\n|-damage|p2a: Dusknoir|0 fnt\n|faint|p2a: Dusknoir\n|inactive|Time left: 300 sec this turn | 300 sec total | 5 sec grace\n|\n|t:|1783567766\n|switch|p1a: Spiritomb|Spiritomb, L89, F|234/234|[from] Flip Turn\n|\n|upkeep\n|\n|t:|1783567767\n|switch|p2a: Rotom|Rotom-Frost, L87|100/100\n|turn|12\n|inactive|Time left: 300 sec this turn | 300 sec total\n|\n|t:|1783567768\n|move|p2a: Rotom|Will-O-Wisp|p1a: Spiritomb|[miss]\n|-miss|p2a: Rotom|p1a: Spiritomb\n|move|p1a: Spiritomb|Poltergeist|p2a: Rotom\n|-activate|p2a: Rotom|move: Poltergeist|Heavy-Duty Boots\n|-damage|p2a: Rotom|30/100\n|\n|upkeep\n|turn|13\n|inactive|Time left: 300 sec this turn | 300 sec total\n|\n|t:|1783567769\n|move|p2a: Rotom|Will-O-Wisp|p1a: Spiritomb\n|-status|p1a: Spiritomb|brn\n|move|p1a: Spiritomb|Poltergeist|p2a: Rotom\n|-activate|p2a: Rotom|move: Poltergeist|Heavy-Duty Boots\n|-damage|p2a: Rotom|0 fnt\n|faint|p2a: Rotom\n|\n|-damage|p1a: Spiritomb|220/234 brn|[from] brn\n|upkeep\n|\n|t:|1783567770\n|switch|p2a: Staraptor|Staraptor, L79, F|100/100\n|-damage|p2a: Staraptor|76/100|[from] Stealth Rock\n|turn|14\n|inactive|Time left: 300 sec this turn | 300 sec total\n|\n|t:|1783567771\n|move|p2a: Staraptor|Brave Bird|p1a: Spiritomb\n|-damage|p1a: Spiritomb|12/234 brn\n|-damage|p2a: Staraptor|50/100|[from] Recoil\n|move|p1a: Spiritomb|Poltergeist|p2a: Staraptor\n|-immune|p2a: Staraptor\n|\n|-damage|p1a: Spiritomb|0 fnt|[from] brn\n|faint|p1a: Spiritomb\n|upkeep\n|inactive|Time left: 300 sec this turn | 300 sec total | 5 sec grace\n|\n|t:|1783567771\n|switch|p1a: Bellibolt|Bellibolt, L84, M|320/320\n|turn|15\n|inactive|Time left: 300 sec this turn | 300 sec total\n|\n|t:|1783567772\n|switch|p2a: Jolteon|Jolteon, L84, F|100/100\n|move|p1a: Bellibolt|Muddy Water|p2a: Jolteon\n|-damage|p2a: Jolteon|77/100\n|-unboost|p2a: Jolteon|accuracy|1\n|\n|upkeep\n|turn|16\n|inactive|Time left: 300 sec this turn | 300 sec total\n|\n|t:|1783567773\n|move|p2a: Jolteon|Calm Mind|p2a: Jolteon\n|-boost|p2a: Jolteon|spa|1\n|-boost|p2a: Jolteon|spd|1\n|move|p1a: Bellibolt|Toxic|p2a: Jolteon|[miss]\n|-miss|p1a: Bellibolt|p2a: Jolteon\n|\n|upkeep\n|turn|17\n|inactive|Time left: 300 sec this turn | 300 sec total\n|\n|t:|1783567774\n|move|p2a: Jolteon|Calm Mind|p2a: Jolteon\n|-boost|p2a: Jolteon|spa|1\n|-boost|p2a: Jolteon|spd|1\n|move|p1a: Bellibolt|Toxic|p2a: Jolteon\n|-status|p2a: Jolteon|tox\n|\n|-damage|p2a: Jolteon|70/100 tox|[from] psn\n|upkeep\n|turn|18\n|inactive|Time left: 300 sec this turn | 300 sec total\n|\n|t:|1783567775\n|move|p2a: Jolteon|Calm Mind|p2a: Jolteon\n|-boost|p2a: Jolteon|spa|1\n|-boost|p2a: Jolteon|spd|1\n|move|p1a: Bellibolt|Thunderbolt|p2a: Jolteon\n|-heal|p2a: Jolteon|95/100 tox|[from] ability: Volt Absorb|[of] p1a: Bellibolt\n|\n|-damage|p2a: Jolteon|83/100 tox|[from] psn\n|upkeep\n|turn|19\n|inactive|Time left: 300 sec this turn | 300 sec total\n|\n|t:|1783567776\n|move|p2a: Jolteon|Alluring Voice|p1a: Bellibolt|[miss]\n|-miss|p2a: Jolteon|p1a: Bellibolt\n|move|p1a: Bellibolt|Muddy Water|p2a: Jolteon\n|-damage|p2a: Jolteon|72/100 tox\n|\n|-damage|p2a: Jolteon|54/100 tox|[from] psn\n|upkeep\n|turn|20\n|inactive|Time left: 300 sec this turn | 300 sec total\n|\n|t:|1783567777\n|move|p2a: Jolteon|Alluring Voice|p1a: Bellibolt\n|-damage|p1a: Bellibolt|154/320\n|-start|p1a: Bellibolt|Charge|Alluring Voice|[from] ability: Electromorphosis\n|move|p1a: Bellibolt|Slack Off|p1a: Bellibolt\n|-heal|p1a: Bellibolt|314/320\n|\n|-heal|p1a: Bellibolt|320/320|[from] item: Leftovers\n|-damage|p2a: Jolteon|30/100 tox|[from] psn\n|upkeep\n|turn|21\n|inactive|Time left: 300 sec this turn | 300 sec total\n|\n|t:|1783567778\n|move|p2a: Jolteon|Volt Switch|p1a: Bellibolt\n|-resisted|p1a: Bellibolt\n|-damage|p1a: Bellibolt|223/320\n|-start|p1a: Bellibolt|Charge|Volt Switch|[from] ability: Electromorphosis\n|\n|t:|1783567779\n|switch|p2a: Staraptor|Staraptor, L79, F|50/100|[from] Volt Switch\n|-damage|p2a: Staraptor|25/100|[from] Stealth Rock\n|move|p1a: Bellibolt|Toxic|p2a: Staraptor\n|-status|p2a: Staraptor|tox\n|\n|-heal|p1a: Bellibolt|243/320|[from] item: Leftovers\n|-damage|p2a: Staraptor|19/100 tox|[from] psn\n|upkeep\n|turn|22\n|inactive|Time left: 300 sec this turn | 300 sec total\n|\n|t:|1783567781\n|move|p2a: Staraptor|Close Combat|p1a: Bellibolt\n|-damage|p1a: Bellibolt|117/320\n|-unboost|p2a: Staraptor|def|1\n|-unboost|p2a: Staraptor|spd|1\n|-start|p1a: Bellibolt|Charge|Close Combat|[from] ability: Electromorphosis\n|move|p1a: Bellibolt|Slack Off|p1a: Bellibolt\n|-heal|p1a: Bellibolt|277/320\n|\n|-heal|p1a: Bellibolt|297/320|[from] item: Leftovers\n|-damage|p2a: Staraptor|7/100 tox|[from] psn\n|upkeep\n|turn|23\n|inactive|Time left: 300 sec this turn | 300 sec total\n|\n|t:|1783567782\n|move|p2a: Staraptor|Close Combat|p1a: Bellibolt\n|-crit|p1a: Bellibolt\n|-damage|p1a: Bellibolt|98/320\n|-unboost|p2a: Staraptor|def|1\n|-unboost|p2a: Staraptor|spd|1\n|-start|p1a: Bellibolt|Charge|Close Combat|[from] ability: Electromorphosis\n|move|p1a: Bellibolt|Slack Off|p1a: Bellibolt\n|-heal|p1a: Bellibolt|258/320\n|\n|-heal|p1a: Bellibolt|278/320|[from] item: Leftovers\n|-damage|p2a: Staraptor|0 fnt|[from] psn\n|faint|p2a: Staraptor\n|upkeep\n|\n|t:|1783567783\n|switch|p2a: Jolteon|Jolteon, L84, F|30/100 tox\n|turn|24\n|inactive|Time left: 300 sec this turn | 300 sec total\n|\n|t:|1783567784\n|-terastallize|p1a: Bellibolt|Water\n|move|p2a: Jolteon|Calm Mind|p2a: Jolteon\n|-boost|p2a: Jolteon|spa|1\n|-boost|p2a: Jolteon|spd|1\n|move|p1a: Bellibolt|Muddy Water|p2a: Jolteon\n|-damage|p2a: Jolteon|2/100 tox\n|-unboost|p2a: Jolteon|accuracy|1\n|\n|-heal|p1a: Bellibolt|298/320|[from] item: Leftovers\n|-damage|p2a: Jolteon|0 fnt|[from] psn\n|faint|p2a: Jolteon\n|upkeep\n|\n|t:|1783567785\n|switch|p2a: Talonflame|Talonflame, L83, F|100/100\n|turn|25\n|inactive|Time left: 300 sec this turn | 300 sec total\n|\n|t:|1783567786\n|-terastallize|p2a: Talonflame|Dragon\n|move|p2a: Talonflame|Brave Bird|p1a: Bellibolt\n|-damage|p1a: Bellibolt|198/320\n|-start|p1a: Bellibolt|Charge|Brave Bird|[from] ability: Electromorphosis\n|-damage|p2a: Talonflame|88/100|[from] Recoil\n|move|p1a: Bellibolt|Muddy Water|p2a: Talonflame\n|-resisted|p2a: Talonflame\n|-damage|p2a: Talonflame|64/100\n|\n|-heal|p1a: Bellibolt|218/320|[from] item: Leftovers\n|upkeep\n|turn|26\n|inactive|Time left: 300 sec this turn | 300 sec total\n|\n|t:|1783567787\n|move|p2a: Talonflame|Roost|p2a: Talonflame\n|-heal|p2a: Talonflame|100/100\n|move|p1a: Bellibolt|Toxic|p2a: Talonflame\n|-status|p2a: Talonflame|tox\n|\n|-heal|p1a: Bellibolt|238/320|[from] item: Leftovers\n|-damage|p2a: Talonflame|94/100 tox|[from] psn\n|upkeep\n|turn|27\n|inactive|Time left: 300 sec this turn | 300 sec total\n|\n|t:|1783567788\n|move|p2a: Talonflame|Roost|p2a: Talonflame\n|-heal|p2a: Talonflame|100/100 tox\n|move|p1a: Bellibolt|Thunderbolt|p2a: Talonflame\n|-resisted|p2a: Talonflame\n|-damage|p2a: Talonflame|53/100 tox\n|-end|p1a: Bellibolt|Charge|[silent]\n|\n|-heal|p1a: Bellibolt|258/320|[from] item: Leftovers\n|-damage|p2a: Talonflame|41/100 tox|[from] psn\n|upkeep\n|turn|28\n|inactive|Time left: 300 sec this turn | 300 sec total\n|\n|t:|1783567789\n|move|p2a: Talonflame|Roost|p2a: Talonflame\n|-heal|p2a: Talonflame|91/100 tox\n|move|p1a: Bellibolt|Thunderbolt|p2a: Talonflame\n|-resisted|p2a: Talonflame\n|-damage|p2a: Talonflame|68/100 tox\n|\n|-heal|p1a: Bellibolt|278/320|[from] item: Leftovers\n|-damage|p2a: Talonflame|50/100 tox|[from] psn\n|upkeep\n|turn|29\n|inactive|Time left: 300 sec this turn | 300 sec total\n|\n|t:|1783567789\n|move|p2a: Talonflame|Roost|p2a: Talonflame\n|-heal|p2a: Talonflame|100/100 tox\n|move|p1a: Bellibolt|Thunderbolt|p2a: Talonflame\n|-resisted|p2a: Talonflame\n|-damage|p2a: Talonflame|77/100 tox\n|\n|-heal|p1a: Bellibolt|298/320|[from] item: Leftovers\n|-damage|p2a: Talonflame|53/100 tox|[from] psn\n|upkeep\n|turn|30\n|inactive|Time left: 300 sec this turn | 300 sec total\n|\n|t:|1783567790\n|move|p2a: Talonflame|Roost|p2a: Talonflame\n|-heal|p2a: Talonflame|100/100 tox\n|move|p1a: Bellibolt|Thunderbolt|p2a: Talonflame\n|-resisted|p2a: Talonflame\n|-damage|p2a: Talonflame|77/100 tox\n|\n|-heal|p1a: Bellibolt|318/320|[from] item: Leftovers\n|-damage|p2a: Talonflame|47/100 tox|[from] psn\n|upkeep\n|turn|31\n|inactive|Time left: 300 sec this turn | 300 sec total\n|\n|t:|1783567791\n|move|p2a: Talonflame|Roost|p2a: Talonflame\n|-heal|p2a: Talonflame|97/100 tox\n|move|p1a: Bellibolt|Thunderbolt|p2a: Talonflame\n|-resisted|p2a: Talonflame\n|-damage|p2a: Talonflame|76/100 tox\n|\n|-heal|p1a: Bellibolt|320/320|[from] item: Leftovers\n|-damage|p2a: Talonflame|40/100 tox|[from] psn\n|upkeep\n|turn|32\n|inactive|Time left: 300 sec this turn | 300 sec total\n|\n|t:|1783567792\n|move|p2a: Talonflame|Overheat|p1a: Bellibolt\n|-resisted|p1a: Bellibolt\n|-damage|p1a: Bellibolt|258/320\n|-unboost|p2a: Talonflame|spa|2\n|-start|p1a: Bellibolt|Charge|Overheat|[from] ability: Electromorphosis\n|move|p1a: Bellibolt|Slack Off|p1a: Bellibolt\n|-heal|p1a: Bellibolt|320/320\n|\n|-damage|p2a: Talonflame|0 fnt|[from] psn\n|faint|p2a: Talonflame\n|\n|win|p0x239238f5", "uploadtime": 1783567792, "views": 0, "rating": 0, "private": 0, "password": null, "_winner": "p0x239238f5", "_our_name": "p0x239238f5"}