{"id": "battle-gen9randombattle-1499", "formatid": "gen9randombattle", "format": "[Gen 9] Random Battle", "players": ["p0x1499d84a", "p0y1499066e"], "log": "|init|battle\n|title|p0x1499d84a vs. p0y1499066e\n|j|\u2606p0x1499d84a\n|j|\u2606p0y1499066e\n|t:|1783556533\n|gametype|singles\n|player|p1|p0x1499d84a|101|\n|player|p2|p0y1499066e|169|\n|gen|9\n|tier|[Gen 9] Random Battle\n|rule|Species Clause: Limit one of each Pok\u00e9mon\n|rule|HP Percentage Mod: HP is shown in percentages\n|rule|Sleep Clause Mod: Limit one foe put to sleep\n|rule|Illusion Level Mod: Illusion disguises the Pok\u00e9mon's true level\n|\n|t:|1783556533\n|teamsize|p1|6\n|teamsize|p2|6\n|start\n|switch|p1a: Salamence|Salamence, L77, F|273/273\n|switch|p2a: Bronzong|Bronzong, L88|100/100\n|-ability|p1a: Salamence|Intimidate|boost\n|-unboost|p2a: Bronzong|atk|1\n|turn|1\n|inactive|Battle timer is ON: inactive players will automatically lose when time's up. (requested by p0y1499066e)\n|inactive|Time left: 300 sec this turn | 300 sec total | 60 sec grace\n|\n|t:|1783556535\n|move|p1a: Salamence|Dragon Dance|p1a: Salamence\n|-boost|p1a: Salamence|atk|1\n|-boost|p1a: Salamence|spe|1\n|move|p2a: Bronzong|Psychic Noise|p1a: Salamence\n|-damage|p1a: Salamence|177/273\n|-start|p1a: Salamence|move: Heal Block\n|\n|upkeep\n|turn|2\n|inactive|Time left: 300 sec this turn | 300 sec total\n|inactive|p0x1499d84a also wants the timer to be on.\n|\n|t:|1783556536\n|move|p1a: Salamence|Outrage|p2a: Bronzong\n|-resisted|p2a: Bronzong\n|-damage|p2a: Bronzong|69/100\n|move|p2a: Bronzong|Iron Defense|p2a: Bronzong\n|-boost|p2a: Bronzong|def|2\n|\n|-heal|p2a: Bronzong|76/100|[from] item: Leftovers\n|-end|p1a: Salamence|move: Heal Block\n|upkeep\n|turn|3\n|inactive|Time left: 300 sec this turn | 300 sec total\n|\n|t:|1783556537\n|move|p1a: Salamence|Outrage|p2a: Bronzong|[from] lockedmove\n|-resisted|p2a: Bronzong\n|-damage|p2a: Bronzong|61/100\n|move|p2a: Bronzong|Psychic Noise|p1a: Salamence\n|-damage|p1a: Salamence|87/273\n|-start|p1a: Salamence|move: Heal Block\n|\n|-heal|p2a: Bronzong|67/100|[from] item: Leftovers\n|upkeep\n|turn|4\n|inactive|Time left: 300 sec this turn | 300 sec total\n|\n|t:|1783556538\n|move|p1a: Salamence|Outrage|p2a: Bronzong|[from] lockedmove\n|-resisted|p2a: Bronzong\n|-damage|p2a: Bronzong|51/100\n|-start|p1a: Salamence|confusion|[fatigue]\n|move|p2a: Bronzong|Psychic Noise|p1a: Salamence\n|-damage|p1a: Salamence|3/273\n|\n|-heal|p2a: Bronzong|57/100|[from] item: Leftovers\n|-end|p1a: Salamence|move: Heal Block\n|upkeep\n|turn|5\n|inactive|Time left: 300 sec this turn | 300 sec total\n|\n|t:|1783556539\n|-activate|p1a: Salamence|confusion\n|move|p1a: Salamence|Outrage|p2a: Bronzong\n|-resisted|p2a: Bronzong\n|-damage|p2a: Bronzong|41/100\n|move|p2a: Bronzong|Body Press|p1a: Salamence\n|-resisted|p1a: Salamence\n|-damage|p1a: Salamence|0 fnt\n|faint|p1a: Salamence\n|\n|-heal|p2a: Bronzong|47/100|[from] item: Leftovers\n|upkeep\n|inactive|Time left: 300 sec this turn | 300 sec total | 5 sec grace\n|\n|t:|1783556540\n|switch|p1a: Venomoth|Venomoth, L84, F|255/255\n|turn|6\n|inactive|Time left: 300 sec this turn | 300 sec total\n|\n|t:|1783556541\n|move|p1a: Venomoth|Quiver Dance|p1a: Venomoth\n|-boost|p1a: Venomoth|spa|1\n|-boost|p1a: Venomoth|spd|1\n|-boost|p1a: Venomoth|spe|1\n|move|p2a: Bronzong|Psychic Noise|p1a: Venomoth\n|-supereffective|p1a: Venomoth\n|-damage|p1a: Venomoth|147/255\n|-start|p1a: Venomoth|move: Heal Block\n|\n|-heal|p2a: Bronzong|53/100|[from] item: Leftovers\n|upkeep\n|turn|7\n|inactive|Time left: 300 sec this turn | 300 sec total\n|\n|t:|1783556542\n|move|p1a: Venomoth|Quiver Dance|p1a: Venomoth\n|-boost|p1a: Venomoth|spa|1\n|-boost|p1a: Venomoth|spd|1\n|-boost|p1a: Venomoth|spe|1\n|move|p2a: Bronzong|Psychic Noise|p1a: Venomoth\n|-supereffective|p1a: Venomoth\n|-damage|p1a: Venomoth|55/255\n|\n|-heal|p2a: Bronzong|60/100|[from] item: Leftovers\n|-end|p1a: Venomoth|move: Heal Block\n|upkeep\n|turn|8\n|inactive|Time left: 300 sec this turn | 300 sec total\n|\n|t:|1783556543\n|-terastallize|p1a: Venomoth|Bug\n|move|p1a: Venomoth|Bug Buzz|p2a: Bronzong\n|-crit|p2a: Bronzong\n|-damage|p2a: Bronzong|0 fnt\n|faint|p2a: Bronzong\n|\n|upkeep\n|\n|t:|1783556544\n|switch|p2a: Zangoose|Zangoose, L85, M|100/100\n|turn|9\n|inactive|Time left: 300 sec this turn | 300 sec total\n|\n|t:|1783556545\n|move|p2a: Zangoose|Quick Attack|p1a: Venomoth\n|-damage|p1a: Venomoth|0 fnt\n|faint|p1a: Venomoth\n|\n|-status|p2a: Zangoose|tox|[from] item: Toxic Orb\n|upkeep\n|inactive|Time left: 300 sec this turn | 300 sec total | 5 sec grace\n|\n|t:|1783556545\n|switch|p1a: Donphan|Donphan, L84, M|288/288\n|turn|10\n|inactive|Time left: 300 sec this turn | 300 sec total\n|\n|t:|1783556546\n|move|p2a: Zangoose|Facade|p1a: Donphan\n|-damage|p1a: Donphan|81/288\n|move|p1a: Donphan|Earthquake|p2a: Zangoose\n|-damage|p2a: Zangoose|37/100 tox\n|\n|-heal|p1a: Donphan|99/288|[from] item: Leftovers\n|-damage|p2a: Zangoose|31/100 tox|[from] psn\n|upkeep\n|turn|11\n|inactive|Time left: 300 sec this turn | 300 sec total\n|\n|t:|1783556547\n|move|p2a: Zangoose|Facade|p1a: Donphan\n|-damage|p1a: Donphan|0 fnt\n|faint|p1a: Donphan\n|\n|-damage|p2a: Zangoose|19/100 tox|[from] psn\n|upkeep\n|inactive|Time left: 300 sec this turn | 300 sec total | 5 sec grace\n|\n|t:|1783556548\n|switch|p1a: Sceptile|Sceptile, L87, M|264/264\n|turn|12\n|inactive|Time left: 300 sec this turn | 300 sec total\n|\n|t:|1783556549\n|switch|p2a: Umbreon|Umbreon, L84, M|100/100\n|move|p1a: Sceptile|Earthquake|p2a: Umbreon\n|-damage|p2a: Umbreon|74/100\n|-damage|p1a: Sceptile|238/264|[from] item: Life Orb\n|\n|-heal|p2a: Umbreon|80/100|[from] item: Leftovers\n|upkeep\n|turn|13\n|inactive|Time left: 300 sec this turn | 300 sec total\n|\n|t:|1783556550\n|switch|p1a: Glaceon|Glaceon, L94, F|275/275\n|move|p2a: Umbreon|Foul Play|p1a: Glaceon\n|-damage|p1a: Glaceon|236/275\n|\n|-heal|p2a: Umbreon|86/100|[from] item: Leftovers\n|upkeep\n|turn|14\n|inactive|Time left: 300 sec this turn | 300 sec total\n|\n|t:|1783556551\n|move|p1a: Glaceon|Freeze-Dry|p2a: Umbreon\n|-damage|p2a: Umbreon|57/100\n|move|p2a: Umbreon|Toxic|p1a: Glaceon\n|-status|p1a: Glaceon|tox\n|\n|-heal|p2a: Umbreon|63/100|[from] item: Leftovers\n|-damage|p1a: Glaceon|219/275 tox|[from] psn\n|upkeep\n|turn|15\n|inactive|Time left: 300 sec this turn | 300 sec total\n|\n|t:|1783556552\n|move|p1a: Glaceon|Wish|p1a: Glaceon\n|move|p2a: Umbreon|Wish|p2a: Umbreon\n|\n|-heal|p2a: Umbreon|70/100|[from] item: Leftovers\n|-damage|p1a: Glaceon|185/275 tox|[from] psn\n|upkeep\n|turn|16\n|inactive|Time left: 300 sec this turn | 300 sec total\n|\n|t:|1783556553\n|move|p1a: Glaceon|Mud Shot|p2a: Umbreon\n|-damage|p2a: Umbreon|55/100\n|-unboost|p2a: Umbreon|spe|1\n|move|p2a: Umbreon|Toxic|p1a: Glaceon\n|-fail|p1a: Glaceon|tox\n|\n|-heal|p1a: Glaceon|275/275 tox|[from] move: Wish|[wisher] Glaceon\n|-heal|p2a: Umbreon|100/100|[from] move: Wish|[wisher] Umbreon\n|-damage|p1a: Glaceon|224/275 tox|[from] psn\n|upkeep\n|turn|17\n|inactive|Time left: 300 sec this turn | 300 sec total\n|\n|t:|1783556554\n|switch|p2a: Metagross|Metagross, L79|100/100\n|move|p1a: Glaceon|Freeze-Dry|p2a: Metagross\n|-resisted|p2a: Metagross\n|-damage|p2a: Metagross|76/100\n|\n|-damage|p1a: Glaceon|156/275 tox|[from] psn\n|upkeep\n|turn|18\n|inactive|Time left: 300 sec this turn | 300 sec total\n|\n|t:|1783556555\n|move|p1a: Glaceon|Mud Shot|p2a: Metagross\n|-supereffective|p2a: Metagross\n|-damage|p2a: Metagross|24/100\n|move|p2a: Metagross|Heavy Slam|p1a: Glaceon\n|-supereffective|p1a: Glaceon\n|-damage|p1a: Glaceon|0 fnt\n|faint|p1a: Glaceon\n|\n|upkeep\n|inactive|Time left: 300 sec this turn | 300 sec total | 5 sec grace\n|\n|t:|1783556556\n|switch|p1a: Regigigas|Regigigas, L84|322/322\n|-start|p1a: Regigigas|ability: Slow Start\n|turn|19\n|inactive|Time left: 300 sec this turn | 300 sec total\n|\n|t:|1783556557\n|move|p2a: Metagross|Heavy Slam|p1a: Regigigas\n|-damage|p1a: Regigigas|255/322\n|move|p1a: Regigigas|Knock Off|p2a: Metagross\n|-supereffective|p2a: Metagross\n|-damage|p2a: Metagross|0 fnt\n|-enditem|p2a: Metagross|Choice Band|[from] move: Knock Off|[of] p1a: Regigigas\n|faint|p2a: Metagross\n|\n|-heal|p1a: Regigigas|275/322|[from] item: Leftovers\n|upkeep\n|\n|t:|1783556558\n|switch|p2a: Zangoose|Zangoose, L85, M|19/100 tox\n|turn|20\n|inactive|Time left: 300 sec this turn | 300 sec total\n|\n|t:|1783556559\n|-terastallize|p2a: Zangoose|Normal\n|move|p2a: Zangoose|Facade|p1a: Regigigas\n|-damage|p1a: Regigigas|0 fnt\n|faint|p1a: Regigigas\n|-end|p1a: Regigigas|Slow Start|[silent]\n|\n|-damage|p2a: Zangoose|13/100 tox|[from] psn\n|upkeep\n|inactive|Time left: 300 sec this turn | 300 sec total | 5 sec grace\n|\n|t:|1783556560\n|switch|p1a: Sceptile|Sceptile, L87, M|238/264\n|turn|21\n|inactive|Time left: 300 sec this turn | 300 sec total\n|\n|t:|1783556561\n|move|p2a: Zangoose|Quick Attack|p1a: Sceptile\n|-damage|p1a: Sceptile|126/264\n|move|p1a: Sceptile|Rock Slide|p2a: Zangoose\n|-damage|p2a: Zangoose|0 fnt\n|faint|p2a: Zangoose\n|-damage|p1a: Sceptile|100/264|[from] item: Life Orb\n|\n|upkeep\n|\n|t:|1783556562\n|switch|p2a: Umbreon|Umbreon, L84, M|100/100\n|turn|22\n|inactive|Time left: 300 sec this turn | 300 sec total\n|\n|t:|1783556563\n|move|p1a: Sceptile|Rock Slide|p2a: Umbreon\n|-damage|p2a: Umbreon|82/100\n|-damage|p1a: Sceptile|74/264|[from] item: Life Orb\n|cant|p2a: Umbreon|flinch\n|\n|-heal|p2a: Umbreon|88/100|[from] item: Leftovers\n|upkeep\n|turn|23\n|inactive|Time left: 300 sec this turn | 300 sec total\n|\n|t:|1783556564\n|move|p1a: Sceptile|Rock Slide|p2a: Umbreon\n|-damage|p2a: Umbreon|68/100\n|-damage|p1a: Sceptile|48/264|[from] item: Life Orb\n|move|p2a: Umbreon|Foul Play|p1a: Sceptile\n|-damage|p1a: Sceptile|0 fnt\n|faint|p1a: Sceptile\n|\n|win|p0y1499066e", "uploadtime": 1783556564, "views": 0, "rating": 0, "private": 0, "password": null, "_winner": "p0y1499066e", "_our_name": "p0x1499d84a"}