{"id": "battle-gen9randombattle-103", "formatid": "gen9randombattle", "format": "[Gen 9] Random Battle", "players": ["p0x1032d68", "p0y103490a"], "log": "|init|battle\n|title|p0x1032d68 vs. p0y103490a\n|j|\u2606p0x1032d68\n|j|\u2606p0y103490a\n|t:|1783534454\n|gametype|singles\n|player|p1|p0x1032d68|169|\n|player|p2|p0y103490a|169|\n|gen|9\n|tier|[Gen 9] Random Battle\n|rule|Species Clause: Limit one of each Pok\u00e9mon\n|rule|HP Percentage Mod: HP is shown in percentages\n|rule|Sleep Clause Mod: Limit one foe put to sleep\n|rule|Illusion Level Mod: Illusion disguises the Pok\u00e9mon's true level\n|\n|t:|1783534454\n|teamsize|p1|6\n|teamsize|p2|6\n|start\n|switch|p1a: Dragalge|Dragalge, L88, F|100/100\n|switch|p2a: Masquerain|Masquerain, L87, M|264/264\n|-ability|p2a: Masquerain|Intimidate|boost\n|-unboost|p1a: Dragalge|atk|1\n|turn|1\n|inactive|Battle timer is ON: inactive players will automatically lose when time's up. (requested by p0x1032d68)\n|inactive|Time left: 300 sec this turn | 300 sec total | 60 sec grace\n|\n|t:|1783534455\n|move|p2a: Masquerain|Sticky Web|p1a: Dragalge\n|-sidestart|p1: p0x1032d68|move: Sticky Web\n|move|p1a: Dragalge|Sludge Wave|p2a: Masquerain\n|-damage|p2a: Masquerain|26/264\n|\n|upkeep\n|turn|2\n|inactive|Time left: 300 sec this turn | 300 sec total\n|inactive|p0y103490a also wants the timer to be on.\n|\n|t:|1783534456\n|move|p2a: Masquerain|Hurricane|p1a: Dragalge\n|-damage|p1a: Dragalge|63/100\n|move|p1a: Dragalge|Sludge Wave|p2a: Masquerain\n|-damage|p2a: Masquerain|0 fnt\n|faint|p2a: Masquerain\n|\n|upkeep\n|inactive|Time left: 300 sec this turn | 300 sec total | 5 sec grace\n|\n|t:|1783534457\n|switch|p2a: Overqwil|Overqwil, L82, M|274/274\n|-ability|p2a: Overqwil|Intimidate|boost\n|-unboost|p1a: Dragalge|atk|1\n|turn|3\n|inactive|Time left: 300 sec this turn | 300 sec total\n|\n|t:|1783534458\n|move|p2a: Overqwil|Swords Dance|p2a: Overqwil\n|-boost|p2a: Overqwil|atk|2\n|move|p1a: Dragalge|Sludge Wave|p2a: Overqwil\n|-resisted|p2a: Overqwil\n|-damage|p2a: Overqwil|125/274\n|\n|upkeep\n|turn|4\n|inactive|Time left: 300 sec this turn | 300 sec total\n|\n|t:|1783534460\n|switch|p1a: Great Tusk|Great Tusk, L77|100/100\n|-activate|p1a: Great Tusk|move: Sticky Web\n|-unboost|p1a: Great Tusk|spe|1\n|move|p2a: Overqwil|Scale Shot|p1a: Great Tusk\n|-damage|p1a: Great Tusk|90/100\n|-damage|p1a: Great Tusk|80/100\n|-damage|p1a: Great Tusk|70/100\n|-damage|p1a: Great Tusk|61/100\n|-damage|p1a: Great Tusk|50/100\n|-hitcount|p1a: Great Tusk|5\n|-unboost|p2a: Overqwil|def|1\n|-boost|p2a: Overqwil|spe|1\n|\n|-heal|p1a: Great Tusk|56/100|[from] item: Leftovers\n|upkeep\n|turn|5\n|inactive|Time left: 300 sec this turn | 300 sec total\n|\n|t:|1783534461\n|-terastallize|p2a: Overqwil|Dragon\n|move|p2a: Overqwil|Scale Shot|p1a: Great Tusk\n|-damage|p1a: Great Tusk|42/100\n|-damage|p1a: Great Tusk|26/100\n|-damage|p1a: Great Tusk|11/100\n|-damage|p1a: Great Tusk|0 fnt\n|faint|p1a: Great Tusk\n|-end|p1a: Great Tusk|Protosynthesis|[silent]\n|-hitcount|p1: Great Tusk|4\n|-unboost|p2a: Overqwil|def|1\n|-boost|p2a: Overqwil|spe|1\n|\n|upkeep\n|\n|t:|1783534462\n|switch|p1a: Duraludon|Duraludon, L82, M|100/100\n|-activate|p1a: Duraludon|move: Sticky Web\n|-unboost|p1a: Duraludon|spe|1\n|turn|6\n|inactive|Time left: 300 sec this turn | 300 sec total\n|\n|t:|1783534463\n|move|p2a: Overqwil|Crunch|p1a: Duraludon\n|-damage|p1a: Duraludon|56/100\n|move|p1a: Duraludon|Body Press|p2a: Overqwil\n|-damage|p2a: Overqwil|3/274\n|\n|upkeep\n|turn|7\n|inactive|Time left: 300 sec this turn | 300 sec total\n|\n|t:|1783534464\n|move|p2a: Overqwil|Scale Shot|p1a: Duraludon\n|-damage|p1a: Duraludon|43/100\n|-damage|p1a: Duraludon|31/100\n|-crit|p1a: Duraludon\n|-damage|p1a: Duraludon|11/100\n|-damage|p1a: Duraludon|0 fnt\n|faint|p1a: Duraludon\n|-hitcount|p1: Duraludon|4\n|-unboost|p2a: Overqwil|def|1\n|-boost|p2a: Overqwil|spe|1\n|\n|upkeep\n|\n|t:|1783534465\n|switch|p1a: Skeledirge|Skeledirge, L79, F|100/100\n|turn|8\n|inactive|Time left: 300 sec this turn | 300 sec total\n|\n|t:|1783534466\n|move|p2a: Overqwil|Crunch|p1a: Skeledirge\n|-supereffective|p1a: Skeledirge\n|-damage|p1a: Skeledirge|37/100\n|move|p1a: Skeledirge|Torch Song|p2a: Overqwil\n|-resisted|p2a: Overqwil\n|-damage|p2a: Overqwil|0 fnt\n|-boost|p1a: Skeledirge|spa|1\n|faint|p2a: Overqwil\n|\n|upkeep\n|inactive|Time left: 300 sec this turn | 300 sec total | 5 sec grace\n|\n|t:|1783534467\n|switch|p2a: Gengar|Gengar, L81, M|230/230\n|turn|9\n|inactive|Time left: 300 sec this turn | 300 sec total\n|\n|t:|1783534469\n|move|p2a: Gengar|Shadow Ball|p1a: Skeledirge\n|-supereffective|p1a: Skeledirge\n|-damage|p1a: Skeledirge|0 fnt\n|faint|p1a: Skeledirge\n|-damage|p2a: Gengar|207/230|[from] item: Life Orb\n|\n|upkeep\n|\n|t:|1783534470\n|switch|p1a: Dragalge|Dragalge, L88, F|63/100\n|-activate|p1a: Dragalge|move: Sticky Web\n|-unboost|p1a: Dragalge|spe|1\n|turn|10\n|inactive|Time left: 300 sec this turn | 300 sec total\n|\n|t:|1783534471\n|switch|p2a: Mightyena|Mightyena, L96, F|290/290\n|-ability|p2a: Mightyena|Intimidate|boost\n|-unboost|p1a: Dragalge|atk|1\n|move|p1a: Dragalge|Draco Meteor|p2a: Mightyena\n|-damage|p2a: Mightyena|60/290\n|-unboost|p1a: Dragalge|spa|2\n|\n|upkeep\n|turn|11\n|inactive|Time left: 300 sec this turn | 300 sec total\n|\n|t:|1783534472\n|switch|p1a: Granbull|Granbull, L88, M|100/100\n|-activate|p1a: Granbull|move: Sticky Web\n|-unboost|p1a: Granbull|spe|1\n|-ability|p1a: Granbull|Intimidate|boost\n|-unboost|p2a: Mightyena|atk|1\n|move|p2a: Mightyena|Crunch|p1a: Granbull\n|-resisted|p1a: Granbull\n|-damage|p1a: Granbull|88/100\n|\n|-heal|p1a: Granbull|94/100|[from] item: Leftovers\n|upkeep\n|turn|12\n|inactive|Time left: 300 sec this turn | 300 sec total\n|\n|t:|1783534473\n|move|p2a: Mightyena|Super Fang|p1a: Granbull\n|-damage|p1a: Granbull|47/100\n|move|p1a: Granbull|Earthquake|p2a: Mightyena\n|-damage|p2a: Mightyena|0 fnt\n|faint|p2a: Mightyena\n|\n|-heal|p1a: Granbull|53/100|[from] item: Leftovers\n|upkeep\n|inactive|Time left: 300 sec this turn | 300 sec total | 5 sec grace\n|\n|t:|1783534474\n|switch|p2a: Gengar|Gengar, L81, M|207/230\n|turn|13\n|inactive|Time left: 300 sec this turn | 300 sec total\n|\n|t:|1783534475\n|switch|p1a: Dragalge|Dragalge, L88, F|63/100\n|-activate|p1a: Dragalge|move: Sticky Web\n|-unboost|p1a: Dragalge|spe|1\n|move|p2a: Gengar|Shadow Ball|p1a: Dragalge\n|-crit|p1a: Dragalge\n|-damage|p1a: Dragalge|11/100\n|-damage|p2a: Gengar|184/230|[from] item: Life Orb\n|\n|upkeep\n|turn|14\n|inactive|Time left: 300 sec this turn | 300 sec total\n|\n|t:|1783534476\n|move|p2a: Gengar|Sludge Wave|p1a: Dragalge\n|-resisted|p1a: Dragalge\n|-damage|p1a: Dragalge|0 fnt\n|faint|p1a: Dragalge\n|-damage|p2a: Gengar|161/230|[from] item: Life Orb\n|\n|upkeep\n|\n|t:|1783534477\n|switch|p1a: Mienshao|Mienshao, L83, M|100/100\n|-activate|p1a: Mienshao|move: Sticky Web\n|-unboost|p1a: Mienshao|spe|1\n|turn|15\n|inactive|Time left: 300 sec this turn | 300 sec total\n|\n|t:|1783534478\n|move|p2a: Gengar|Sludge Wave|p1a: Mienshao\n|-damage|p1a: Mienshao|45/100\n|-damage|p2a: Gengar|138/230|[from] item: Life Orb\n|move|p1a: Mienshao|Knock Off|p2a: Gengar\n|-supereffective|p2a: Gengar\n|-damage|p2a: Gengar|0 fnt\n|-start|p1a: Mienshao|Disable|Knock Off|[from] ability: Cursed Body|[of] p2a: Gengar\n|-enditem|p2a: Gengar|Life Orb|[from] move: Knock Off|[of] p1a: Mienshao\n|faint|p2a: Gengar\n|\n|upkeep\n|inactive|Time left: 300 sec this turn | 300 sec total | 5 sec grace\n|\n|t:|1783534479\n|switch|p2a: Swanna|Swanna, L89, F|278/278\n|turn|16\n|inactive|Time left: 300 sec this turn | 300 sec total\n|\n|t:|1783534479\n|switch|p1a: Granbull|Granbull, L88, M|53/100\n|-activate|p1a: Granbull|move: Sticky Web\n|-unboost|p1a: Granbull|spe|1\n|-ability|p1a: Granbull|Intimidate|boost\n|-unboost|p2a: Swanna|atk|1\n|move|p2a: Swanna|Brave Bird|p1a: Granbull\n|-damage|p1a: Granbull|22/100\n|-damage|p2a: Swanna|247/278|[from] Recoil\n|\n|-heal|p1a: Granbull|28/100|[from] item: Leftovers\n|upkeep\n|turn|17\n|inactive|Time left: 300 sec this turn | 300 sec total\n|\n|t:|1783534480\n|move|p2a: Swanna|Brave Bird|p1a: Granbull\n|-damage|p1a: Granbull|0 fnt\n|faint|p1a: Granbull\n|-damage|p2a: Swanna|220/278|[from] Recoil\n|\n|upkeep\n|\n|t:|1783534481\n|switch|p1a: Mienshao|Mienshao, L83, M|78/100\n|-activate|p1a: Mienshao|move: Sticky Web\n|-unboost|p1a: Mienshao|spe|1\n|turn|18\n|inactive|Time left: 300 sec this turn | 300 sec total\n|\n|t:|1783534482\n|-terastallize|p1a: Mienshao|Dark\n|move|p1a: Mienshao|Fake Out|p2a: Swanna\n|-damage|p2a: Swanna|178/278\n|cant|p2a: Swanna|flinch\n|\n|upkeep\n|turn|19\n|inactive|Time left: 300 sec this turn | 300 sec total\n|\n|t:|1783534483\n|move|p2a: Swanna|Hydro Pump|p1a: Mienshao\n|-damage|p1a: Mienshao|32/100\n|move|p1a: Mienshao|Knock Off|p2a: Swanna\n|-damage|p2a: Swanna|28/278\n|-enditem|p2a: Swanna|Heavy-Duty Boots|[from] move: Knock Off|[of] p1a: Mienshao\n|\n|upkeep\n|turn|20\n|inactive|Time left: 300 sec this turn | 300 sec total\n|\n|t:|1783534484\n|move|p2a: Swanna|Brave Bird|p1a: Mienshao\n|-damage|p1a: Mienshao|0 fnt\n|faint|p1a: Mienshao\n|-damage|p2a: Swanna|3/278|[from] Recoil\n|\n|win|p0y103490a", "uploadtime": 1783534485, "views": 0, "rating": 0, "private": 0, "password": null, "_winner": "p0y103490a", "_our_name": "p0y103490a"}