{"id": "battle-gen9randombattle-2841", "formatid": "gen9randombattle", "format": "[Gen 9] Random Battle", "players": ["p0x2841b1d0", "p0y28415ff9"], "log": "|init|battle\n|title|p0x2841b1d0 vs. p0y28415ff9\n|j|\u2606p0x2841b1d0\n|j|\u2606p0y28415ff9\n|t:|1783572729\n|gametype|singles\n|player|p1|p0x2841b1d0|1|\n|player|p2|p0y28415ff9|266|\n|gen|9\n|tier|[Gen 9] Random Battle\n|rule|Species Clause: Limit one of each Pok\u00e9mon\n|rule|HP Percentage Mod: HP is shown in percentages\n|rule|Sleep Clause Mod: Limit one foe put to sleep\n|rule|Illusion Level Mod: Illusion disguises the Pok\u00e9mon's true level\n|\n|t:|1783572729\n|teamsize|p1|6\n|teamsize|p2|6\n|start\n|switch|p1a: Dachsbun|Dachsbun, L92, M|254/254\n|switch|p2a: Swanna|Swanna, L89, M|100/100\n|turn|1\n|inactive|Battle timer is ON: inactive players will automatically lose when time's up. (requested by p0x2841b1d0)\n|inactive|p0y28415ff9 also wants the timer to be on.\n|\n|t:|1783572730\n|move|p1a: Dachsbun|Play Rough|p2a: Swanna\n|-damage|p2a: Swanna|61/100\n|move|p2a: Swanna|Hydro Pump|p1a: Dachsbun\n|-damage|p1a: Dachsbun|143/254\n|\n|-heal|p1a: Dachsbun|158/254|[from] item: Leftovers\n|upkeep\n|turn|2\n|inactive|Time left: 300 sec this turn | 300 sec total\n|\n|t:|1783572731\n|move|p1a: Dachsbun|Play Rough|p2a: Swanna\n|-damage|p2a: Swanna|16/100\n|move|p2a: Swanna|Roost|p2a: Swanna\n|-heal|p2a: Swanna|66/100\n|-singleturn|p2a: Swanna|move: Roost\n|\n|-heal|p1a: Dachsbun|173/254|[from] item: Leftovers\n|upkeep\n|turn|3\n|inactive|Time left: 300 sec this turn | 300 sec total\n|\n|t:|1783572732\n|move|p1a: Dachsbun|Play Rough|p2a: Swanna\n|-damage|p2a: Swanna|24/100\n|move|p2a: Swanna|Hydro Pump|p1a: Dachsbun\n|-damage|p1a: Dachsbun|55/254\n|\n|-heal|p1a: Dachsbun|70/254|[from] item: Leftovers\n|upkeep\n|turn|4\n|inactive|Time left: 300 sec this turn | 300 sec total\n|\n|t:|1783572733\n|switch|p2a: Revavroom|Revavroom, L79, F|100/100\n|move|p1a: Dachsbun|Play Rough|p2a: Revavroom|[miss]\n|-miss|p1a: Dachsbun|p2a: Revavroom\n|\n|-heal|p1a: Dachsbun|85/254|[from] item: Leftovers\n|upkeep\n|turn|5\n|inactive|Time left: 300 sec this turn | 300 sec total\n|\n|t:|1783572735\n|move|p1a: Dachsbun|Body Press|p2a: Revavroom\n|-damage|p2a: Revavroom|67/100\n|move|p2a: Revavroom|Shift Gear|p2a: Revavroom\n|-boost|p2a: Revavroom|spe|2\n|-boost|p2a: Revavroom|atk|1\n|\n|-heal|p1a: Dachsbun|100/254|[from] item: Leftovers\n|upkeep\n|turn|6\n|inactive|Time left: 300 sec this turn | 300 sec total\n|\n|t:|1783572736\n|switch|p1a: Hippowdon|Hippowdon, L82, F|311/311\n|-weather|Sandstorm|[from] ability: Sand Stream|[of] p1a: Hippowdon\n|move|p2a: Revavroom|Shift Gear|p2a: Revavroom\n|-boost|p2a: Revavroom|spe|2\n|-boost|p2a: Revavroom|atk|1\n|\n|-weather|Sandstorm|[upkeep]\n|upkeep\n|turn|7\n|inactive|Time left: 300 sec this turn | 300 sec total\n|\n|t:|1783572737\n|-terastallize|p2a: Revavroom|Ground\n|move|p2a: Revavroom|Iron Head|p1a: Hippowdon\n|-damage|p1a: Hippowdon|132/311\n|-damage|p2a: Revavroom|57/100|[from] item: Life Orb\n|move|p1a: Hippowdon|Earthquake|p2a: Revavroom\n|-damage|p2a: Revavroom|11/100\n|\n|-weather|Sandstorm|[upkeep]\n|-heal|p1a: Hippowdon|151/311|[from] item: Leftovers\n|upkeep\n|turn|8\n|inactive|Time left: 300 sec this turn | 300 sec total\n|\n|t:|1783572738\n|move|p2a: Revavroom|High Horsepower|p1a: Hippowdon\n|-damage|p1a: Hippowdon|0 fnt\n|faint|p1a: Hippowdon\n|-damage|p2a: Revavroom|1/100|[from] item: Life Orb\n|\n|-weather|Sandstorm|[upkeep]\n|upkeep\n|inactive|Time left: 300 sec this turn | 300 sec total | 5 sec grace\n|\n|t:|1783572738\n|switch|p1a: Dachsbun|Dachsbun, L92, M|100/254\n|turn|9\n|inactive|Time left: 300 sec this turn | 300 sec total\n|\n|t:|1783572739\n|move|p2a: Revavroom|High Horsepower|p1a: Dachsbun\n|-damage|p1a: Dachsbun|0 fnt\n|faint|p1a: Dachsbun\n|-damage|p2a: Revavroom|0 fnt|[from] item: Life Orb\n|faint|p2a: Revavroom\n|\n|-weather|Sandstorm|[upkeep]\n|upkeep\n|inactive|Time left: 300 sec this turn | 300 sec total | 5 sec grace\n|\n|t:|1783572740\n|switch|p1a: Iron Jugulis|Iron Jugulis, L77|271/271\n|switch|p2a: Munkidori|Munkidori, L79, M|100/100\n|turn|10\n|inactive|Time left: 300 sec this turn | 300 sec total\n|\n|t:|1783572741\n|move|p2a: Munkidori|Sludge Wave|p1a: Iron Jugulis\n|-damage|p1a: Iron Jugulis|133/271\n|move|p1a: Iron Jugulis|Meteor Beam||[still]\n|-prepare|p1a: Iron Jugulis|Meteor Beam\n|-boost|p1a: Iron Jugulis|spa|1\n|-enditem|p1a: Iron Jugulis|Power Herb\n|-anim|p1a: Iron Jugulis|Meteor Beam|p2a: Munkidori\n|-damage|p2a: Munkidori|70/100\n|\n|-weather|none\n|upkeep\n|turn|11\n|inactive|Time left: 300 sec this turn | 300 sec total\n|\n|t:|1783572742\n|move|p2a: Munkidori|Sludge Wave|p1a: Iron Jugulis\n|-damage|p1a: Iron Jugulis|4/271\n|-status|p1a: Iron Jugulis|tox|[from] ability: Toxic Chain|[of] p2a: Munkidori\n|move|p1a: Iron Jugulis|Dark Pulse|p2a: Munkidori\n|-supereffective|p2a: Munkidori\n|-damage|p2a: Munkidori|3/100\n|\n|-damage|p1a: Iron Jugulis|0 fnt|[from] psn\n|faint|p1a: Iron Jugulis\n|-end|p1a: Iron Jugulis|Quark Drive|[silent]\n|upkeep\n|inactive|Time left: 300 sec this turn | 300 sec total | 5 sec grace\n|\n|t:|1783572743\n|switch|p1a: Darkrai|Darkrai, L77|234/234\n|turn|12\n|inactive|Time left: 300 sec this turn | 300 sec total\n|\n|t:|1783572744\n|move|p1a: Darkrai|Nasty Plot|p1a: Darkrai\n|-boost|p1a: Darkrai|spa|2\n|move|p2a: Munkidori|Sludge Wave|p1a: Darkrai\n|-damage|p1a: Darkrai|122/234\n|\n|-heal|p1a: Darkrai|136/234|[from] item: Leftovers\n|upkeep\n|turn|13\n|inactive|Time left: 300 sec this turn | 300 sec total\n|\n|t:|1783572745\n|move|p1a: Darkrai|Dark Pulse|p2a: Munkidori\n|-supereffective|p2a: Munkidori\n|-damage|p2a: Munkidori|0 fnt\n|faint|p2a: Munkidori\n|\n|-heal|p1a: Darkrai|150/234|[from] item: Leftovers\n|upkeep\n|\n|t:|1783572746\n|switch|p2a: Poliwrath|Poliwrath, L88, F|100/100\n|turn|14\n|inactive|Time left: 300 sec this turn | 300 sec total\n|\n|t:|1783572747\n|-terastallize|p1a: Darkrai|Poison\n|move|p1a: Darkrai|Sludge Bomb|p2a: Poliwrath\n|-damage|p2a: Poliwrath|38/100\n|-status|p2a: Poliwrath|psn\n|move|p2a: Poliwrath|Liquidation|p1a: Darkrai\n|-damage|p1a: Darkrai|38/234\n|\n|-heal|p1a: Darkrai|52/234|[from] item: Leftovers\n|-heal|p2a: Poliwrath|44/100 psn|[from] item: Leftovers\n|-damage|p2a: Poliwrath|32/100 psn|[from] psn\n|upkeep\n|turn|15\n|inactive|Time left: 300 sec this turn | 300 sec total\n|\n|t:|1783572748\n|switch|p2a: Bisharp|Bisharp, L79, F|100/100\n|move|p1a: Darkrai|Sludge Bomb|p2a: Bisharp\n|-immune|p2a: Bisharp\n|\n|-heal|p1a: Darkrai|66/234|[from] item: Leftovers\n|upkeep\n|turn|16\n|inactive|Time left: 300 sec this turn | 300 sec total\n|\n|t:|1783572749\n|move|p1a: Darkrai|Dark Pulse|p2a: Bisharp\n|-resisted|p2a: Bisharp\n|-damage|p2a: Bisharp|69/100\n|cant|p2a: Bisharp|flinch\n|\n|-heal|p1a: Darkrai|80/234|[from] item: Leftovers\n|upkeep\n|turn|17\n|inactive|Time left: 300 sec this turn | 300 sec total\n|\n|t:|1783572750\n|move|p1a: Darkrai|Dark Pulse|p2a: Bisharp\n|-resisted|p2a: Bisharp\n|-damage|p2a: Bisharp|34/100\n|move|p2a: Bisharp|Iron Head|p1a: Darkrai\n|-damage|p1a: Darkrai|0 fnt\n|faint|p1a: Darkrai\n|\n|upkeep\n|inactive|Time left: 300 sec this turn | 300 sec total | 5 sec grace\n|\n|t:|1783572752\n|switch|p1a: Flutter Mane|Flutter Mane, L74|203/203\n|turn|18\n|inactive|Time left: 300 sec this turn | 300 sec total\n|\n|t:|1783572752\n|move|p2a: Bisharp|Sucker Punch|p1a: Flutter Mane\n|-crit|p1a: Flutter Mane\n|-damage|p1a: Flutter Mane|7/203\n|move|p1a: Flutter Mane|Moonblast|p2a: Bisharp\n|-damage|p2a: Bisharp|0 fnt\n|faint|p2a: Bisharp\n|-damage|p1a: Flutter Mane|0 fnt|[from] item: Life Orb\n|faint|p1a: Flutter Mane\n|-end|p1a: Flutter Mane|Protosynthesis|[silent]\n|\n|upkeep\n|inactive|Time left: 300 sec this turn | 300 sec total | 5 sec grace\n|\n|t:|1783572753\n|switch|p1a: Brambleghast|Brambleghast, L88, M|240/240\n|switch|p2a: Virizion|Virizion, L82|100/100\n|turn|19\n|inactive|Time left: 300 sec this turn | 300 sec total\n|\n|t:|1783572754\n|switch|p2a: Poliwrath|Poliwrath, L88, F|32/100 psn\n|move|p1a: Brambleghast|Substitute|p1a: Brambleghast\n|-start|p1a: Brambleghast|Substitute\n|-damage|p1a: Brambleghast|180/240\n|\n|-heal|p1a: Brambleghast|195/240|[from] item: Leftovers\n|-heal|p2a: Poliwrath|38/100 psn|[from] item: Leftovers\n|-damage|p2a: Poliwrath|25/100 psn|[from] psn\n|upkeep\n|turn|20\n|inactive|Time left: 300 sec this turn | 300 sec total\n|\n|t:|1783572755\n|switch|p2a: Virizion|Virizion, L82|100/100\n|move|p1a: Brambleghast|Poltergeist|p2a: Virizion\n|-activate|p2a: Virizion|move: Poltergeist|Life Orb\n|-damage|p2a: Virizion|34/100\n|\n|-heal|p1a: Brambleghast|210/240|[from] item: Leftovers\n|upkeep\n|turn|21\n|inactive|Time left: 300 sec this turn | 300 sec total\n|\n|t:|1783572756\n|move|p2a: Virizion|Leaf Blade|p1a: Brambleghast\n|-resisted|p1a: Brambleghast\n|-end|p1a: Brambleghast|Substitute\n|-damage|p2a: Virizion|24/100|[from] item: Life Orb\n|move|p1a: Brambleghast|Substitute|p1a: Brambleghast\n|-start|p1a: Brambleghast|Substitute\n|-damage|p1a: Brambleghast|150/240\n|\n|-heal|p1a: Brambleghast|165/240|[from] item: Leftovers\n|upkeep\n|turn|22\n|inactive|Time left: 300 sec this turn | 300 sec total\n|\n|t:|1783572757\n|move|p2a: Virizion|Leaf Blade|p1a: Brambleghast\n|-resisted|p1a: Brambleghast\n|-crit|p1a: Brambleghast\n|-end|p1a: Brambleghast|Substitute\n|-damage|p2a: Virizion|14/100|[from] item: Life Orb\n|move|p1a: Brambleghast|Substitute|p1a: Brambleghast\n|-start|p1a: Brambleghast|Substitute\n|-damage|p1a: Brambleghast|105/240\n|\n|-heal|p1a: Brambleghast|120/240|[from] item: Leftovers\n|upkeep\n|turn|23\n|inactive|Time left: 300 sec this turn | 300 sec total\n|\n|t:|1783572758\n|move|p2a: Virizion|Leaf Blade|p1a: Brambleghast\n|-resisted|p1a: Brambleghast\n|-activate|p1a: Brambleghast|move: Substitute|[damage]\n|-damage|p2a: Virizion|4/100|[from] item: Life Orb\n|move|p1a: Brambleghast|Substitute|p1a: Brambleghast\n|-fail|p1a: Brambleghast|move: Substitute\n|\n|-heal|p1a: Brambleghast|135/240|[from] item: Leftovers\n|upkeep\n|turn|24\n|inactive|Time left: 300 sec this turn | 300 sec total\n|\n|t:|1783572760\n|move|p2a: Virizion|Stone Edge|p1a: Brambleghast\n|-end|p1a: Brambleghast|Substitute\n|-damage|p2a: Virizion|0 fnt|[from] item: Life Orb\n|faint|p2a: Virizion\n|move|p1a: Brambleghast|Substitute|p1a: Brambleghast\n|-start|p1a: Brambleghast|Substitute\n|-damage|p1a: Brambleghast|75/240\n|\n|-heal|p1a: Brambleghast|90/240|[from] item: Leftovers\n|upkeep\n|\n|t:|1783572760\n|switch|p2a: Swanna|Swanna, L89, M|24/100\n|turn|25\n|inactive|Time left: 300 sec this turn | 300 sec total\n|\n|t:|1783572761\n|move|p2a: Swanna|Brave Bird|p1a: Brambleghast\n|-supereffective|p1a: Brambleghast\n|-end|p1a: Brambleghast|Substitute\n|-damage|p2a: Swanna|17/100|[from] Recoil|[of] p1a: Brambleghast\n|move|p1a: Brambleghast|Power Whip|p2a: Swanna\n|-damage|p2a: Swanna|0 fnt\n|faint|p2a: Swanna\n|\n|-heal|p1a: Brambleghast|105/240|[from] item: Leftovers\n|upkeep\n|\n|t:|1783572762\n|switch|p2a: Poliwrath|Poliwrath, L88, F|25/100 psn\n|turn|26\n|inactive|Time left: 300 sec this turn | 300 sec total\n|\n|t:|1783572763\n|move|p1a: Brambleghast|Poltergeist|p2a: Poliwrath|[miss]\n|-miss|p1a: Brambleghast|p2a: Poliwrath\n|move|p2a: Poliwrath|Ice Punch|p1a: Brambleghast\n|-supereffective|p1a: Brambleghast\n|-damage|p1a: Brambleghast|0 fnt\n|faint|p1a: Brambleghast\n|\n|win|p0y28415ff9", "uploadtime": 1783572763, "views": 0, "rating": 0, "private": 0, "password": null, "_winner": "p0y28415ff9", "_our_name": "p0x2841b1d0"}