{"id": "battle-gen9randombattle-2816", "formatid": "gen9randombattle", "format": "[Gen 9] Random Battle", "players": ["p0x281642de", "p0y2816ed11"], "log": "|init|battle\n|title|p0x281642de vs. p0y2816ed11\n|j|\u2606p0x281642de\n|j|\u2606p0y2816ed11\n|t:|1783572446\n|gametype|singles\n|player|p1|p0x281642de|102|\n|player|p2|p0y2816ed11|101|\n|gen|9\n|tier|[Gen 9] Random Battle\n|rule|Species Clause: Limit one of each Pok\u00e9mon\n|rule|HP Percentage Mod: HP is shown in percentages\n|rule|Sleep Clause Mod: Limit one foe put to sleep\n|rule|Illusion Level Mod: Illusion disguises the Pok\u00e9mon's true level\n|\n|t:|1783572446\n|teamsize|p1|6\n|teamsize|p2|6\n|start\n|switch|p1a: Glalie|Glalie, L96, F|100/100\n|switch|p2a: Staraptor|Staraptor, L79, F|263/263\n|turn|1\n|inactive|Battle timer is ON: inactive players will automatically lose when time's up. (requested by p0x281642de)\n|inactive|Time left: 300 sec this turn | 300 sec total | 60 sec grace\n|inactive|p0y2816ed11 also wants the timer to be on.\n|\n|t:|1783572447\n|move|p2a: Staraptor|Brave Bird|p1a: Glalie\n|-damage|p1a: Glalie|53/100\n|-damage|p2a: Staraptor|214/263|[from] Recoil\n|move|p1a: Glalie|Freeze-Dry|p2a: Staraptor\n|-supereffective|p2a: Staraptor\n|-damage|p2a: Staraptor|0 fnt\n|faint|p2a: Staraptor\n|\n|upkeep\n|inactive|Time left: 300 sec this turn | 300 sec total | 65 sec grace\n|\n|t:|1783572448\n|switch|p2a: Polteageist|Polteageist-Antique, L78|222/222\n|turn|2\n|inactive|Time left: 300 sec this turn | 300 sec total\n|\n|t:|1783572449\n|move|p1a: Glalie|Taunt|p2a: Polteageist\n|-start|p2a: Polteageist|move: Taunt\n|cant|p2a: Polteageist|move: Taunt|Shell Smash\n|\n|upkeep\n|turn|3\n|inactive|Time left: 300 sec this turn | 300 sec total\n|\n|t:|1783572450\n|move|p1a: Glalie|Earthquake|p2a: Polteageist\n|-damage|p2a: Polteageist|125/222\n|-start|p1a: Glalie|Disable|Earthquake|[from] ability: Cursed Body|[of] p2a: Polteageist\n|move|p2a: Polteageist|Shadow Ball|p1a: Glalie\n|-damage|p1a: Glalie|23/100\n|\n|upkeep\n|turn|4\n|inactive|Time left: 300 sec this turn | 300 sec total\n|\n|t:|1783572451\n|move|p1a: Glalie|Freeze-Dry|p2a: Polteageist\n|-damage|p2a: Polteageist|47/222\n|move|p2a: Polteageist|Shadow Ball|p1a: Glalie\n|-damage|p1a: Glalie|0 fnt\n|faint|p1a: Glalie\n|\n|-end|p2a: Polteageist|move: Taunt\n|upkeep\n|\n|t:|1783572452\n|switch|p1a: Yanmega|Yanmega, L82, F|100/100\n|turn|5\n|inactive|Time left: 300 sec this turn | 300 sec total\n|\n|t:|1783572453\n|move|p1a: Yanmega|Air Slash|p2a: Polteageist\n|-damage|p2a: Polteageist|0 fnt\n|faint|p2a: Polteageist\n|\n|-ability|p1a: Yanmega|Speed Boost|boost\n|-boost|p1a: Yanmega|spe|1\n|upkeep\n|inactive|Time left: 300 sec this turn | 300 sec total | 5 sec grace\n|\n|t:|1783572453\n|switch|p2a: Clodsire|Clodsire, L81, F|343/343\n|turn|6\n|inactive|Time left: 300 sec this turn | 300 sec total\n|\n|t:|1783572455\n|move|p1a: Yanmega|Protect|p1a: Yanmega\n|-singleturn|p1a: Yanmega|Protect\n|move|p2a: Clodsire|Spikes|p1a: Yanmega\n|-sidestart|p1: p0x281642de|Spikes\n|\n|-ability|p1a: Yanmega|Speed Boost|boost\n|-boost|p1a: Yanmega|spe|1\n|upkeep\n|turn|7\n|inactive|Time left: 300 sec this turn | 300 sec total\n|\n|t:|1783572456\n|move|p1a: Yanmega|Air Slash|p2a: Clodsire\n|-damage|p2a: Clodsire|262/343\n|move|p2a: Clodsire|Gunk Shot|p1a: Yanmega\n|-damage|p1a: Yanmega|61/100\n|-status|p1a: Yanmega|psn\n|\n|-heal|p2a: Clodsire|283/343|[from] item: Leftovers\n|-damage|p1a: Yanmega|48/100 psn|[from] psn\n|-ability|p1a: Yanmega|Speed Boost|boost\n|-boost|p1a: Yanmega|spe|1\n|upkeep\n|turn|8\n|inactive|Time left: 300 sec this turn | 300 sec total\n|\n|t:|1783572457\n|move|p1a: Yanmega|Air Slash|p2a: Clodsire\n|-damage|p2a: Clodsire|198/343\n|move|p2a: Clodsire|Gunk Shot|p1a: Yanmega\n|-damage|p1a: Yanmega|10/100 psn\n|\n|-heal|p2a: Clodsire|219/343|[from] item: Leftovers\n|-damage|p1a: Yanmega|0 fnt|[from] psn\n|faint|p1a: Yanmega\n|upkeep\n|\n|t:|1783572458\n|switch|p1a: Koraidon|Koraidon, L64|100/100\n|-damage|p1a: Koraidon|88/100|[from] Spikes\n|-weather|SunnyDay|[from] ability: Orichalcum Pulse|[of] p1a: Koraidon\n|-activate|p1a: Koraidon|Orichalcum Pulse|[source]\n|turn|9\n|inactive|Time left: 300 sec this turn | 300 sec total\n|\n|t:|1783572459\n|move|p1a: Koraidon|Swords Dance|p1a: Koraidon\n|-boost|p1a: Koraidon|atk|2\n|move|p2a: Clodsire|Earthquake|p1a: Koraidon\n|-damage|p1a: Koraidon|49/100\n|\n|-weather|SunnyDay|[upkeep]\n|-heal|p2a: Clodsire|240/343|[from] item: Leftovers\n|upkeep\n|turn|10\n|inactive|Time left: 300 sec this turn | 300 sec total\n|\n|t:|1783572460\n|switch|p2a: Gogoat|Gogoat, L88, F|360/360\n|move|p1a: Koraidon|Scale Shot|p2a: Gogoat\n|-damage|p2a: Gogoat|297/360\n|-damage|p2a: Gogoat|228/360\n|-crit|p2a: Gogoat\n|-damage|p2a: Gogoat|123/360\n|-damage|p2a: Gogoat|53/360\n|-damage|p2a: Gogoat|0 fnt\n|faint|p2a: Gogoat\n|-hitcount|p2: Gogoat|5\n|-unboost|p1a: Koraidon|def|1\n|-boost|p1a: Koraidon|spe|1\n|\n|-weather|SunnyDay|[upkeep]\n|upkeep\n|inactive|Time left: 300 sec this turn | 300 sec total | 5 sec grace\n|\n|t:|1783572461\n|switch|p2a: Spiritomb|Spiritomb, L89, F|234/234\n|turn|11\n|inactive|Time left: 300 sec this turn | 300 sec total\n|\n|t:|1783572462\n|-terastallize|p1a: Koraidon|Fire\n|move|p1a: Koraidon|Flare Blitz|p2a: Spiritomb\n|-damage|p2a: Spiritomb|0 fnt\n|faint|p2a: Spiritomb\n|-damage|p1a: Koraidon|17/100|[from] Recoil\n|\n|-weather|SunnyDay|[upkeep]\n|upkeep\n|inactive|Time left: 300 sec this turn | 300 sec total | 5 sec grace\n|\n|t:|1783572463\n|switch|p2a: Clodsire|Clodsire, L81, F|240/343\n|turn|12\n|inactive|Time left: 300 sec this turn | 300 sec total\n|\n|t:|1783572464\n|switch|p2a: Smeargle|Smeargle, L95, F|258/258\n|move|p1a: Koraidon|Scale Shot|p2a: Smeargle|[miss]\n|-miss|p1a: Koraidon|p2a: Smeargle\n|\n|-weather|SunnyDay|[upkeep]\n|upkeep\n|turn|13\n|inactive|Time left: 300 sec this turn | 300 sec total\n|\n|t:|1783572465\n|switch|p2a: Clodsire|Clodsire, L81, F|240/343\n|move|p1a: Koraidon|Scale Shot|p2a: Clodsire\n|-damage|p2a: Clodsire|171/343\n|-damage|p2a: Clodsire|90/343\n|-damage|p2a: Clodsire|9/343\n|-damage|p2a: Clodsire|0 fnt\n|faint|p2a: Clodsire\n|-hitcount|p2: Clodsire|4\n|-unboost|p1a: Koraidon|def|1\n|-boost|p1a: Koraidon|spe|1\n|\n|-weather|none\n|upkeep\n|inactive|Time left: 300 sec this turn | 300 sec total | 5 sec grace\n|\n|t:|1783572465\n|switch|p2a: Smeargle|Smeargle, L95, F|258/258\n|turn|14\n|inactive|Time left: 300 sec this turn | 300 sec total\n|\n|t:|1783572466\n|-terastallize|p2a: Smeargle|Normal\n|move|p1a: Koraidon|Scale Shot|p2a: Smeargle\n|-damage|p2a: Smeargle|192/258\n|-crit|p2a: Smeargle\n|-damage|p2a: Smeargle|87/258\n|-damage|p2a: Smeargle|20/258\n|-damage|p2a: Smeargle|0 fnt\n|faint|p2a: Smeargle\n|-hitcount|p2: Smeargle|4\n|\n|win|p0x281642de", "uploadtime": 1783572466, "views": 0, "rating": 0, "private": 0, "password": null, "_winner": "p0x281642de", "_our_name": "p0y2816ed11"}