{"id": "battle-gen9randombattle-1128", "formatid": "gen9randombattle", "format": "[Gen 9] Random Battle", "players": ["p0x11287bf6", "p0y11287849"], "log": "|init|battle\n|title|p0x11287bf6 vs. p0y11287849\n|j|\u2606p0x11287bf6\n|j|\u2606p0y11287849\n|t:|1783553033\n|gametype|singles\n|player|p1|p0x11287bf6|1|\n|player|p2|p0y11287849|170|\n|gen|9\n|tier|[Gen 9] Random Battle\n|rule|Species Clause: Limit one of each Pok\u00e9mon\n|rule|HP Percentage Mod: HP is shown in percentages\n|rule|Sleep Clause Mod: Limit one foe put to sleep\n|rule|Illusion Level Mod: Illusion disguises the Pok\u00e9mon's true level\n|\n|t:|1783553033\n|teamsize|p1|6\n|teamsize|p2|6\n|start\n|switch|p1a: Qwilfish|Qwilfish, L86, M|100/100\n|switch|p2a: Flygon|Flygon, L82, M|265/265\n|-ability|p1a: Qwilfish|Intimidate|boost\n|-unboost|p2a: Flygon|atk|1\n|turn|1\n|inactive|Battle timer is ON: inactive players will automatically lose when time's up. (requested by p0y11287849)\n|inactive|p0x11287bf6 also wants the timer to be on.\n|\n|t:|1783553034\n|switch|p1a: Heracross|Heracross, L80, F|100/100\n|move|p2a: Flygon|Earthquake|p1a: Heracross\n|-resisted|p1a: Heracross\n|-damage|p1a: Heracross|76/100\n|\n|-status|p1a: Heracross|brn|[from] item: Flame Orb\n|upkeep\n|turn|2\n|inactive|Time left: 300 sec this turn | 300 sec total\n|\n|t:|1783553036\n|switch|p2a: Hitmontop|Hitmontop, L88, M|231/231\n|-ability|p2a: Hitmontop|Intimidate|boost\n|-unboost|p1a: Heracross|atk|1\n|move|p1a: Heracross|Knock Off|p2a: Hitmontop\n|-resisted|p2a: Hitmontop\n|-damage|p2a: Hitmontop|198/231\n|-enditem|p2a: Hitmontop|Assault Vest|[from] move: Knock Off|[of] p1a: Heracross\n|\n|-damage|p1a: Heracross|70/100 brn|[from] brn\n|upkeep\n|turn|3\n|inactive|Time left: 300 sec this turn | 300 sec total\n|\n|t:|1783553037\n|switch|p1a: Qwilfish|Qwilfish, L86, M|100/100\n|-ability|p1a: Qwilfish|Intimidate|boost\n|-unboost|p2a: Hitmontop|atk|1\n|move|p2a: Hitmontop|Earthquake|p1a: Qwilfish\n|-supereffective|p1a: Qwilfish\n|-damage|p1a: Qwilfish|62/100\n|\n|upkeep\n|turn|4\n|inactive|Time left: 300 sec this turn | 300 sec total\n|\n|t:|1783553039\n|switch|p2a: Metagross|Metagross, L79|256/256\n|move|p1a: Qwilfish|Gunk Shot|p2a: Metagross\n|-immune|p2a: Metagross\n|\n|upkeep\n|turn|5\n|inactive|Time left: 300 sec this turn | 300 sec total\n|\n|t:|1783553040\n|move|p2a: Metagross|Earthquake|p1a: Qwilfish\n|-supereffective|p1a: Qwilfish\n|-damage|p1a: Qwilfish|0 fnt\n|faint|p1a: Qwilfish\n|\n|upkeep\n|\n|t:|1783553041\n|switch|p1a: Salamence|Salamence, L77, F|100/100\n|-ability|p1a: Salamence|Intimidate|boost\n|-fail|p2a: Metagross|unboost|[from] ability: Clear Body|[of] p2a: Metagross\n|turn|6\n|inactive|Time left: 300 sec this turn | 300 sec total\n|\n|t:|1783553043\n|move|p2a: Metagross|Earthquake|p1a: Salamence\n|-immune|p1a: Salamence\n|move|p1a: Salamence|Outrage|p2a: Metagross\n|-resisted|p2a: Metagross\n|-damage|p2a: Metagross|200/256\n|\n|upkeep\n|turn|7\n|inactive|Time left: 300 sec this turn | 300 sec total\n|\n|t:|1783553044\n|switch|p2a: Corviknight|Corviknight, L80, M|288/288\n|-ability|p2a: Corviknight|Pressure\n|move|p1a: Salamence|Outrage|p2a: Corviknight|[from] lockedmove\n|-resisted|p2a: Corviknight\n|-damage|p2a: Corviknight|226/288\n|\n|-heal|p2a: Corviknight|244/288|[from] item: Leftovers\n|upkeep\n|turn|8\n|inactive|Time left: 300 sec this turn | 300 sec total\n|\n|t:|1783553045\n|move|p1a: Salamence|Outrage|p2a: Corviknight|[from] lockedmove\n|-resisted|p2a: Corviknight\n|-damage|p2a: Corviknight|178/288\n|-start|p1a: Salamence|confusion|[fatigue]\n|move|p2a: Corviknight|Brave Bird|p1a: Salamence\n|-damage|p1a: Salamence|53/100\n|-damage|p2a: Corviknight|135/288|[from] Recoil\n|\n|-heal|p2a: Corviknight|153/288|[from] item: Leftovers\n|upkeep\n|turn|9\n|inactive|Time left: 300 sec this turn | 300 sec total\n|\n|t:|1783553046\n|switch|p1a: Raging Bolt|Raging Bolt, L78|100/100\n|move|p2a: Corviknight|Roost|p2a: Corviknight\n|-heal|p2a: Corviknight|288/288\n|-singleturn|p2a: Corviknight|move: Roost\n|\n|upkeep\n|turn|10\n|inactive|Time left: 300 sec this turn | 300 sec total\n|\n|t:|1783553047\n|switch|p2a: Flygon|Flygon, L82, M|265/265\n|move|p1a: Raging Bolt|Calm Mind|p1a: Raging Bolt\n|-boost|p1a: Raging Bolt|spa|1\n|-boost|p1a: Raging Bolt|spd|1\n|\n|upkeep\n|turn|11\n|inactive|Time left: 300 sec this turn | 300 sec total\n|\n|t:|1783553048\n|move|p2a: Flygon|Earthquake|p1a: Raging Bolt\n|-supereffective|p1a: Raging Bolt\n|-damage|p1a: Raging Bolt|2/100\n|move|p1a: Raging Bolt|Draco Meteor|p2a: Flygon\n|-supereffective|p2a: Flygon\n|-crit|p2a: Flygon\n|-damage|p2a: Flygon|0 fnt\n|-unboost|p1a: Raging Bolt|spa|2\n|faint|p2a: Flygon\n|\n|-heal|p1a: Raging Bolt|8/100|[from] item: Leftovers\n|upkeep\n|inactive|Time left: 300 sec this turn | 300 sec total | 5 sec grace\n|\n|t:|1783553049\n|switch|p2a: Metagross|Metagross, L79|200/256\n|turn|12\n|inactive|Time left: 300 sec this turn | 300 sec total\n|\n|t:|1783553050\n|move|p1a: Raging Bolt|Thunderclap|p2a: Metagross\n|-damage|p2a: Metagross|143/256\n|move|p2a: Metagross|Psychic Fangs|p1a: Raging Bolt\n|-damage|p1a: Raging Bolt|0 fnt\n|faint|p1a: Raging Bolt\n|-end|p1a: Raging Bolt|Protosynthesis|[silent]\n|\n|upkeep\n|\n|t:|1783553051\n|switch|p1a: Mimikyu|Mimikyu, L79, M|100/100\n|turn|13\n|inactive|Time left: 300 sec this turn | 300 sec total\n|\n|t:|1783553052\n|move|p2a: Metagross|Psychic Fangs|p1a: Mimikyu\n|-activate|p1a: Mimikyu|ability: Disguise\n|-damage|p1a: Mimikyu|100/100\n|detailschange|p1a: Mimikyu|Mimikyu-Busted, L79, M\n|-damage|p1a: Mimikyu|88/100|[from] pokemon: Mimikyu-Busted\n|move|p1a: Mimikyu|Swords Dance|p1a: Mimikyu\n|-boost|p1a: Mimikyu|atk|2\n|\n|upkeep\n|turn|14\n|inactive|Time left: 300 sec this turn | 300 sec total\n|\n|t:|1783553053\n|move|p1a: Mimikyu|Shadow Sneak|p2a: Metagross\n|-supereffective|p2a: Metagross\n|-damage|p2a: Metagross|0 fnt\n|faint|p2a: Metagross\n|-damage|p1a: Mimikyu|78/100|[from] item: Life Orb\n|\n|upkeep\n|inactive|Time left: 300 sec this turn | 300 sec total | 5 sec grace\n|\n|t:|1783553054\n|switch|p2a: Munkidori|Munkidori, L79, M|269/269\n|turn|15\n|inactive|Time left: 300 sec this turn | 300 sec total\n|\n|t:|1783553055\n|move|p1a: Mimikyu|Shadow Sneak|p2a: Munkidori\n|-supereffective|p2a: Munkidori\n|-damage|p2a: Munkidori|17/269\n|-damage|p1a: Mimikyu|69/100|[from] item: Life Orb\n|move|p2a: Munkidori|Sludge Wave|p1a: Mimikyu\n|-damage|p1a: Mimikyu|20/100\n|-status|p1a: Mimikyu|tox|[from] ability: Toxic Chain|[of] p2a: Munkidori\n|\n|-damage|p1a: Mimikyu|14/100 tox|[from] psn\n|upkeep\n|turn|16\n|inactive|Time left: 300 sec this turn | 300 sec total\n|\n|t:|1783553057\n|move|p1a: Mimikyu|Shadow Sneak|p2a: Munkidori\n|-supereffective|p2a: Munkidori\n|-damage|p2a: Munkidori|0 fnt\n|faint|p2a: Munkidori\n|-damage|p1a: Mimikyu|4/100 tox|[from] item: Life Orb\n|\n|-damage|p1a: Mimikyu|0 fnt|[from] psn\n|faint|p1a: Mimikyu\n|upkeep\n|inactive|Time left: 300 sec this turn | 300 sec total | 5 sec grace\n|\n|t:|1783553058\n|switch|p2a: Corviknight|Corviknight, L80, M|288/288\n|switch|p1a: Squawkabilly|Squawkabilly-White, L89, F|100/100\n|-ability|p2a: Corviknight|Pressure\n|turn|17\n|inactive|Time left: 300 sec this turn | 300 sec total\n|\n|t:|1783553059\n|move|p1a: Squawkabilly|Parting Shot|p2a: Corviknight\n|-unboost|p2a: Corviknight|atk|1\n|-unboost|p2a: Corviknight|spa|1\n|\n|t:|1783553060\n|switch|p1a: Salamence|Salamence, L77, F|53/100|[from] Parting Shot\n|-ability|p1a: Salamence|Intimidate|boost\n|-unboost|p2a: Corviknight|atk|1\n|move|p2a: Corviknight|Brave Bird|p1a: Salamence\n|-damage|p1a: Salamence|31/100\n|-damage|p2a: Corviknight|268/288|[from] Recoil\n|\n|-heal|p2a: Corviknight|286/288|[from] item: Leftovers\n|upkeep\n|turn|18\n|inactive|Time left: 300 sec this turn | 300 sec total\n|\n|t:|1783553061\n|move|p1a: Salamence|Roost|p1a: Salamence\n|-heal|p1a: Salamence|81/100\n|-singleturn|p1a: Salamence|move: Roost\n|move|p2a: Corviknight|U-turn|p1a: Salamence\n|-damage|p1a: Salamence|72/100\n|inactive|Time left: 300 sec this turn | 300 sec total | 5 sec grace\n|\n|t:|1783553062\n|switch|p2a: Hitmontop|Hitmontop, L88, M|198/231|[from] U-turn\n|-ability|p2a: Hitmontop|Intimidate|boost\n|-unboost|p1a: Salamence|atk|1\n|\n|upkeep\n|turn|19\n|inactive|Time left: 300 sec this turn | 300 sec total\n|\n|t:|1783553063\n|switch|p2a: Corviknight|Corviknight, L80, M|286/288\n|-ability|p2a: Corviknight|Pressure\n|move|p1a: Salamence|Dragon Dance|p1a: Salamence\n|-boost|p1a: Salamence|atk|1\n|-boost|p1a: Salamence|spe|1\n|\n|-heal|p2a: Corviknight|288/288|[from] item: Leftovers\n|upkeep\n|turn|20\n|inactive|Time left: 300 sec this turn | 300 sec total\n|\n|t:|1783553065\n|move|p1a: Salamence|Dragon Dance|p1a: Salamence\n|-boost|p1a: Salamence|atk|1\n|-boost|p1a: Salamence|spe|1\n|move|p2a: Corviknight|Brave Bird|p1a: Salamence\n|-damage|p1a: Salamence|29/100\n|-damage|p2a: Corviknight|249/288|[from] Recoil\n|\n|-heal|p2a: Corviknight|267/288|[from] item: Leftovers\n|upkeep\n|turn|21\n|inactive|Time left: 300 sec this turn | 300 sec total\n|\n|t:|1783553066\n|move|p1a: Salamence|Roost|p1a: Salamence\n|-heal|p1a: Salamence|79/100\n|-singleturn|p1a: Salamence|move: Roost\n|move|p2a: Corviknight|Brave Bird|p1a: Salamence\n|-damage|p1a: Salamence|34/100\n|-damage|p2a: Corviknight|226/288|[from] Recoil\n|\n|-heal|p2a: Corviknight|244/288|[from] item: Leftovers\n|upkeep\n|turn|22\n|inactive|Time left: 300 sec this turn | 300 sec total\n|\n|t:|1783553067\n|move|p1a: Salamence|Roost|p1a: Salamence\n|-heal|p1a: Salamence|84/100\n|-singleturn|p1a: Salamence|move: Roost\n|move|p2a: Corviknight|Brave Bird|p1a: Salamence\n|-damage|p1a: Salamence|38/100\n|-damage|p2a: Corviknight|202/288|[from] Recoil\n|\n|-heal|p2a: Corviknight|220/288|[from] item: Leftovers\n|upkeep\n|turn|23\n|inactive|Time left: 300 sec this turn | 300 sec total\n|\n|t:|1783553068\n|move|p1a: Salamence|Roost|p1a: Salamence\n|-heal|p1a: Salamence|88/100\n|-singleturn|p1a: Salamence|move: Roost\n|move|p2a: Corviknight|Brave Bird|p1a: Salamence\n|-crit|p1a: Salamence\n|-damage|p1a: Salamence|21/100\n|-damage|p2a: Corviknight|159/288|[from] Recoil\n|\n|-heal|p2a: Corviknight|177/288|[from] item: Leftovers\n|upkeep\n|turn|24\n|inactive|Time left: 300 sec this turn | 300 sec total\n|\n|t:|1783553069\n|move|p1a: Salamence|Roost|p1a: Salamence\n|-heal|p1a: Salamence|71/100\n|-singleturn|p1a: Salamence|move: Roost\n|move|p2a: Corviknight|Brave Bird|p1a: Salamence\n|-damage|p1a: Salamence|26/100\n|-damage|p2a: Corviknight|136/288|[from] Recoil\n|\n|-heal|p2a: Corviknight|154/288|[from] item: Leftovers\n|upkeep\n|turn|25\n|inactive|Time left: 300 sec this turn | 300 sec total\n|\n|t:|1783553071\n|move|p1a: Salamence|Roost|p1a: Salamence\n|-heal|p1a: Salamence|76/100\n|-singleturn|p1a: Salamence|move: Roost\n|move|p2a: Corviknight|Brave Bird|p1a: Salamence\n|-damage|p1a: Salamence|28/100\n|-damage|p2a: Corviknight|110/288|[from] Recoil\n|\n|-heal|p2a: Corviknight|128/288|[from] item: Leftovers\n|upkeep\n|turn|26\n|inactive|Time left: 300 sec this turn | 300 sec total\n|\n|t:|1783553072\n|move|p1a: Salamence|Roost|p1a: Salamence\n|-heal|p1a: Salamence|78/100\n|-singleturn|p1a: Salamence|move: Roost\n|move|p2a: Corviknight|Brave Bird|p1a: Salamence\n|-damage|p1a: Salamence|28/100\n|-damage|p2a: Corviknight|83/288|[from] Recoil\n|\n|-heal|p2a: Corviknight|101/288|[from] item: Leftovers\n|upkeep\n|turn|27\n|inactive|Time left: 300 sec this turn | 300 sec total\n|\n|t:|1783553073\n|move|p1a: Salamence|Roost|p1a: Salamence\n|-heal|p1a: Salamence|78/100\n|-singleturn|p1a: Salamence|move: Roost\n|move|p2a: Corviknight|Brave Bird|p1a: Salamence\n|-crit|p1a: Salamence\n|-damage|p1a: Salamence|13/100\n|-damage|p2a: Corviknight|42/288|[from] Recoil\n|\n|-heal|p2a: Corviknight|60/288|[from] item: Leftovers\n|upkeep\n|turn|28\n|inactive|Time left: 300 sec this turn | 300 sec total\n|\n|t:|1783553074\n|move|p1a: Salamence|Outrage|p2a: Corviknight\n|-resisted|p2a: Corviknight\n|-damage|p2a: Corviknight|0 fnt\n|faint|p2a: Corviknight\n|\n|upkeep\n|inactive|Time left: 300 sec this turn | 300 sec total | 5 sec grace\n|\n|t:|1783553075\n|switch|p2a: Hitmontop|Hitmontop, L88, M|198/231\n|-ability|p2a: Hitmontop|Intimidate|boost\n|-unboost|p1a: Salamence|atk|1\n|turn|29\n|inactive|Time left: 300 sec this turn | 300 sec total\n|\n|t:|1783553076\n|move|p2a: Hitmontop|Sucker Punch|p1a: Salamence\n|-damage|p1a: Salamence|0 fnt\n|faint|p1a: Salamence\n|\n|upkeep\n|\n|t:|1783553077\n|switch|p1a: Heracross|Heracross, L80, F|70/100 brn\n|turn|30\n|inactive|Time left: 300 sec this turn | 300 sec total\n|\n|t:|1783553078\n|switch|p2a: Zamazenta|Zamazenta, L71|248/248\n|-ability|p2a: Zamazenta|Dauntless Shield|boost\n|-boost|p2a: Zamazenta|def|1\n|move|p1a: Heracross|Trailblaze|p2a: Zamazenta\n|-crit|p2a: Zamazenta\n|-damage|p2a: Zamazenta|169/248\n|-boost|p1a: Heracross|spe|1\n|\n|-heal|p2a: Zamazenta|184/248|[from] item: Leftovers\n|-damage|p1a: Heracross|63/100 brn|[from] brn\n|upkeep\n|turn|31\n|inactive|Time left: 300 sec this turn | 300 sec total\n|\n|t:|1783553079\n|move|p1a: Heracross|Facade|p2a: Zamazenta\n|-damage|p2a: Zamazenta|73/248\n|move|p2a: Zamazenta|Body Press|p1a: Heracross\n|-resisted|p1a: Heracross\n|-damage|p1a: Heracross|39/100 brn\n|\n|-heal|p2a: Zamazenta|88/248|[from] item: Leftovers\n|-damage|p1a: Heracross|33/100 brn|[from] brn\n|upkeep\n|turn|32\n|inactive|Time left: 300 sec this turn | 300 sec total\n|\n|t:|1783553080\n|switch|p2a: Hitmontop|Hitmontop, L88, M|198/231\n|-ability|p2a: Hitmontop|Intimidate|boost\n|-unboost|p1a: Heracross|atk|1\n|move|p1a: Heracross|Close Combat|p2a: Hitmontop\n|-damage|p2a: Hitmontop|77/231\n|-unboost|p1a: Heracross|def|1\n|-unboost|p1a: Heracross|spd|1\n|\n|-damage|p1a: Heracross|27/100 brn|[from] brn\n|upkeep\n|turn|33\n|inactive|Time left: 300 sec this turn | 300 sec total\n|\n|t:|1783553081\n|switch|p2a: Zamazenta|Zamazenta, L71|88/248\n|move|p1a: Heracross|Close Combat|p2a: Zamazenta\n|-damage|p2a: Zamazenta|0 fnt\n|-unboost|p1a: Heracross|def|1\n|-unboost|p1a: Heracross|spd|1\n|faint|p2a: Zamazenta\n|\n|-damage|p1a: Heracross|21/100 brn|[from] brn\n|upkeep\n|inactive|Time left: 300 sec this turn | 300 sec total | 5 sec grace\n|\n|t:|1783553082\n|switch|p2a: Hitmontop|Hitmontop, L88, M|77/231\n|-ability|p2a: Hitmontop|Intimidate|boost\n|-unboost|p1a: Heracross|atk|1\n|turn|34\n|inactive|Time left: 300 sec this turn | 300 sec total\n|\n|t:|1783553083\n|-terastallize|p1a: Heracross|Normal\n|move|p2a: Hitmontop|Sucker Punch|p1a: Heracross\n|-damage|p1a: Heracross|0 fnt\n|faint|p1a: Heracross\n|\n|upkeep\n|\n|t:|1783553083\n|switch|p1a: Squawkabilly|Squawkabilly-White, L89, F|100/100\n|turn|35\n|inactive|Time left: 300 sec this turn | 300 sec total\n|\n|t:|1783553084\n|move|p1a: Squawkabilly|Brave Bird|p2a: Hitmontop\n|-supereffective|p2a: Hitmontop\n|-damage|p2a: Hitmontop|0 fnt\n|faint|p2a: Hitmontop\n|-damage|p1a: Squawkabilly|92/100|[from] Recoil\n|\n|win|p0x11287bf6", "uploadtime": 1783553084, "views": 0, "rating": 0, "private": 0, "password": null, "_winner": "p0x11287bf6", "_our_name": "p0y11287849"}