{"id": "battle-gen9randombattle-419", "formatid": "gen9randombattle", "format": "[Gen 9] Random Battle", "players": ["p0x419ffb9", "p0y4194157"], "log": "|init|battle\n|title|p0x419ffb9 vs. p0y4194157\n|j|\u2606p0x419ffb9\n|j|\u2606p0y4194157\n|t:|1783544596\n|gametype|singles\n|player|p1|p0x419ffb9|101|\n|player|p2|p0y4194157|265|\n|gen|9\n|tier|[Gen 9] Random Battle\n|rule|Species Clause: Limit one of each Pok\u00e9mon\n|rule|HP Percentage Mod: HP is shown in percentages\n|rule|Sleep Clause Mod: Limit one foe put to sleep\n|rule|Illusion Level Mod: Illusion disguises the Pok\u00e9mon's true level\n|\n|t:|1783544596\n|teamsize|p1|6\n|teamsize|p2|6\n|start\n|switch|p1a: Weavile|Weavile, L79, F|100/100\n|switch|p2a: Venomoth|Venomoth, L84, M|255/255\n|turn|1\n|inactive|Battle timer is ON: inactive players will automatically lose when time's up. (requested by p0x419ffb9)\n|inactive|Time left: 300 sec this turn | 300 sec total | 60 sec grace\n|inactive|p0y4194157 also wants the timer to be on.\n|\n|t:|1783544598\n|move|p1a: Weavile|Triple Axel|p2a: Venomoth\n|-damage|p2a: Venomoth|207/255\n|-damage|p2a: Venomoth|126/255\n|-damage|p2a: Venomoth|0 fnt\n|faint|p2a: Venomoth\n|-hitcount|p2: Venomoth|3\n|\n|upkeep\n|inactive|Time left: 300 sec this turn | 300 sec total | 65 sec grace\n|\n|t:|1783544599\n|switch|p2a: Hitmonlee|Hitmonlee, L85, M|223/223\n|turn|2\n|inactive|Time left: 300 sec this turn | 300 sec total\n|\n|t:|1783544600\n|move|p2a: Hitmonlee|High Jump Kick|p1a: Weavile\n|-supereffective|p1a: Weavile\n|-crit|p1a: Weavile\n|-damage|p1a: Weavile|0 fnt\n|faint|p1a: Weavile\n|\n|upkeep\n|\n|t:|1783544601\n|switch|p1a: Fezandipiti|Fezandipiti, L82, M|100/100\n|turn|3\n|inactive|Time left: 300 sec this turn | 300 sec total\n|\n|t:|1783544602\n|switch|p2a: Clodsire|Clodsire, L81, F|343/343\n|move|p1a: Fezandipiti|Play Rough|p2a: Clodsire\n|-resisted|p2a: Clodsire\n|-damage|p2a: Clodsire|283/343\n|\n|-heal|p2a: Clodsire|304/343|[from] item: Leftovers\n|upkeep\n|turn|4\n|inactive|Time left: 300 sec this turn | 300 sec total\n|\n|t:|1783544603\n|move|p1a: Fezandipiti|Swords Dance|p1a: Fezandipiti\n|-boost|p1a: Fezandipiti|atk|2\n|move|p2a: Clodsire|Earthquake|p1a: Fezandipiti\n|-supereffective|p1a: Fezandipiti\n|-damage|p1a: Fezandipiti|37/100\n|\n|-heal|p1a: Fezandipiti|43/100|[from] item: Leftovers\n|-heal|p2a: Clodsire|325/343|[from] item: Leftovers\n|upkeep\n|turn|5\n|inactive|Time left: 300 sec this turn | 300 sec total\n|\n|t:|1783544604\n|-terastallize|p1a: Fezandipiti|Ground\n|move|p1a: Fezandipiti|Tera Blast|p2a: Clodsire|[anim] Tera Blast Ground\n|-supereffective|p2a: Clodsire\n|-damage|p2a: Clodsire|131/343\n|move|p2a: Clodsire|Earthquake|p1a: Fezandipiti\n|-damage|p1a: Fezandipiti|11/100\n|\n|-heal|p1a: Fezandipiti|17/100|[from] item: Leftovers\n|-heal|p2a: Clodsire|152/343|[from] item: Leftovers\n|upkeep\n|turn|6\n|inactive|Time left: 300 sec this turn | 300 sec total\n|\n|t:|1783544605\n|move|p1a: Fezandipiti|Tera Blast|p2a: Clodsire|[anim] Tera Blast Ground\n|-supereffective|p2a: Clodsire\n|-damage|p2a: Clodsire|0 fnt\n|faint|p2a: Clodsire\n|\n|-heal|p1a: Fezandipiti|23/100|[from] item: Leftovers\n|upkeep\n|inactive|Time left: 300 sec this turn | 300 sec total | 5 sec grace\n|\n|t:|1783544606\n|switch|p2a: Hitmonlee|Hitmonlee, L85, M|223/223\n|turn|7\n|inactive|Time left: 300 sec this turn | 300 sec total\n|\n|t:|1783544607\n|move|p2a: Hitmonlee|Knock Off|p1a: Fezandipiti\n|-damage|p1a: Fezandipiti|0 fnt\n|-enditem|p1a: Fezandipiti|Leftovers|[from] move: Knock Off|[of] p2a: Hitmonlee\n|faint|p1a: Fezandipiti\n|\n|upkeep\n|\n|t:|1783544608\n|switch|p1a: Roaring Moon|Roaring Moon, L72|100/100\n|turn|8\n|inactive|Time left: 300 sec this turn | 300 sec total\n|\n|t:|1783544609\n|move|p2a: Hitmonlee|Knock Off|p1a: Roaring Moon\n|-resisted|p1a: Roaring Moon\n|-damage|p1a: Roaring Moon|78/100\n|-enditem|p1a: Roaring Moon|Lum Berry|[from] move: Knock Off|[of] p2a: Hitmonlee\n|move|p1a: Roaring Moon|Outrage|p2a: Hitmonlee\n|-crit|p2a: Hitmonlee\n|-damage|p2a: Hitmonlee|0 fnt\n|faint|p2a: Hitmonlee\n|\n|upkeep\n|inactive|Time left: 300 sec this turn | 300 sec total | 5 sec grace\n|\n|t:|1783544610\n|switch|p2a: Zarude|Zarude, L77|288/288\n|turn|9\n|inactive|Time left: 300 sec this turn | 300 sec total\n|\n|t:|1783544612\n|move|p2a: Zarude|Close Combat|p1a: Roaring Moon\n|-supereffective|p1a: Roaring Moon\n|-damage|p1a: Roaring Moon|0 fnt\n|-unboost|p2a: Zarude|def|1\n|-unboost|p2a: Zarude|spd|1\n|faint|p1a: Roaring Moon\n|-end|p1a: Roaring Moon|Protosynthesis|[silent]\n|\n|upkeep\n|\n|t:|1783544613\n|switch|p1a: Staraptor|Staraptor, L79, M|100/100\n|turn|10\n|inactive|Time left: 300 sec this turn | 300 sec total\n|\n|t:|1783544614\n|move|p2a: Zarude|Close Combat|p1a: Staraptor\n|-damage|p1a: Staraptor|58/100\n|-unboost|p2a: Zarude|def|1\n|-unboost|p2a: Zarude|spd|1\n|move|p1a: Staraptor|Brave Bird|p2a: Zarude\n|-supereffective|p2a: Zarude\n|-damage|p2a: Zarude|0 fnt\n|faint|p2a: Zarude\n|-damage|p1a: Staraptor|22/100|[from] Recoil\n|\n|upkeep\n|inactive|Time left: 300 sec this turn | 300 sec total | 5 sec grace\n|\n|t:|1783544615\n|switch|p2a: Palkia|Palkia-Origin, L72|249/249\n|-ability|p2a: Palkia|Pressure\n|turn|11\n|inactive|Time left: 300 sec this turn | 300 sec total\n|\n|t:|1783544616\n|move|p2a: Palkia|Hydro Pump|p1a: Staraptor\n|-damage|p1a: Staraptor|0 fnt\n|faint|p1a: Staraptor\n|\n|upkeep\n|\n|t:|1783544617\n|switch|p1a: Iron Crown|Iron Crown, L78|100/100\n|turn|12\n|inactive|Time left: 300 sec this turn | 300 sec total\n|\n|t:|1783544618\n|move|p2a: Palkia|Fire Blast|p1a: Iron Crown\n|-supereffective|p1a: Iron Crown\n|-damage|p1a: Iron Crown|48/100\n|move|p1a: Iron Crown|Psyshock|p2a: Palkia\n|-damage|p2a: Palkia|119/249\n|\n|upkeep\n|turn|13\n|inactive|Time left: 300 sec this turn | 300 sec total\n|\n|t:|1783544619\n|move|p2a: Palkia|Fire Blast|p1a: Iron Crown\n|-supereffective|p1a: Iron Crown\n|-damage|p1a: Iron Crown|0 fnt\n|faint|p1a: Iron Crown\n|-end|p1a: Iron Crown|Quark Drive|[silent]\n|\n|upkeep\n|\n|t:|1783544620\n|switch|p1a: Flareon|Flareon, L90, F|100/100\n|turn|14\n|inactive|Time left: 300 sec this turn | 300 sec total\n|\n|t:|1783544620\n|-terastallize|p2a: Palkia|Water\n|move|p2a: Palkia|Hydro Pump|p1a: Flareon\n|-supereffective|p1a: Flareon\n|-damage|p1a: Flareon|0 fnt\n|faint|p1a: Flareon\n|\n|win|p0y4194157", "uploadtime": 1783544620, "views": 0, "rating": 0, "private": 0, "password": null, "_winner": "p0y4194157", "_our_name": "p0y4194157"}