{"id": "battle-gen9randombattle-2574", "formatid": "gen9randombattle", "format": "[Gen 9] Random Battle", "players": ["p0x2574b0ce", "p0y2574ac8c"], "log": "|init|battle\n|title|p0x2574b0ce vs. p0y2574ac8c\n|j|\u2606p0x2574b0ce\n|j|\u2606p0y2574ac8c\n|t:|1783568808\n|gametype|singles\n|player|p1|p0x2574b0ce|170|\n|player|p2|p0y2574ac8c|2|\n|gen|9\n|tier|[Gen 9] Random Battle\n|rule|Species Clause: Limit one of each Pok\u00e9mon\n|rule|HP Percentage Mod: HP is shown in percentages\n|rule|Sleep Clause Mod: Limit one foe put to sleep\n|rule|Illusion Level Mod: Illusion disguises the Pok\u00e9mon's true level\n|\n|t:|1783568808\n|teamsize|p1|6\n|teamsize|p2|6\n|start\n|switch|p1a: Klawf|Klawf, L90, M|272/272\n|switch|p2a: Deoxys|Deoxys-Speed, L82|100/100\n|-ability|p2a: Deoxys|Pressure\n|turn|1\n|inactive|Battle timer is ON: inactive players will automatically lose when time's up. (requested by p0x2574b0ce)\n|inactive|p0y2574ac8c also wants the timer to be on.\n|\n|t:|1783568809\n|switch|p2a: Urshifu|Urshifu-Rapid-Strike, L75, F|100/100\n|move|p1a: Klawf|Knock Off|p2a: Urshifu\n|-resisted|p2a: Urshifu\n|-damage|p2a: Urshifu|80/100\n|-enditem|p2a: Urshifu|Choice Band|[from] move: Knock Off|[of] p1a: Klawf\n|-damage|p1a: Klawf|245/272|[from] item: Life Orb\n|\n|upkeep\n|turn|2\n|inactive|Time left: 300 sec this turn | 300 sec total\n|\n|t:|1783568810\n|switch|p1a: Tatsugiri|Tatsugiri, L87, M|260/260\n|move|p2a: Urshifu|Surging Strikes|p1a: Tatsugiri\n|-ability|p1a: Tatsugiri|Storm Drain|boost\n|-boost|p1a: Tatsugiri|spa|1\n|\n|upkeep\n|turn|3\n|inactive|Time left: 300 sec this turn | 300 sec total\n|\n|t:|1783568811\n|move|p1a: Tatsugiri|Draco Meteor|p2a: Urshifu\n|-damage|p2a: Urshifu|0 fnt\n|-unboost|p1a: Tatsugiri|spa|2\n|faint|p2a: Urshifu\n|\n|upkeep\n|\n|t:|1783568812\n|switch|p2a: Mienshao|Mienshao, L83, F|100/100\n|turn|4\n|inactive|Time left: 300 sec this turn | 300 sec total\n|\n|t:|1783568813\n|switch|p1a: Toxicroak|Toxicroak, L84, F|277/277\n|move|p2a: Mienshao|Swords Dance|p2a: Mienshao\n|-boost|p2a: Mienshao|atk|2\n|\n|upkeep\n|turn|5\n|inactive|Time left: 300 sec this turn | 300 sec total\n|\n|t:|1783568814\n|move|p2a: Mienshao|Triple Axel|p1a: Toxicroak\n|-damage|p1a: Toxicroak|225/277\n|-damage|p1a: Toxicroak|113/277\n|-damage|p1a: Toxicroak|0 fnt\n|faint|p1a: Toxicroak\n|-hitcount|p1: Toxicroak|3\n|-damage|p2a: Mienshao|91/100|[from] item: Life Orb\n|\n|upkeep\n|inactive|Time left: 300 sec this turn | 300 sec total | 5 sec grace\n|\n|t:|1783568815\n|switch|p1a: Greninja|Greninja, L80, M|246/246\n|turn|6\n|inactive|Time left: 300 sec this turn | 300 sec total\n|\n|t:|1783568816\n|-terastallize|p1a: Greninja|Water\n|move|p1a: Greninja|Hydro Pump|p2a: Mienshao\n|-damage|p2a: Mienshao|0 fnt\n|faint|p2a: Mienshao\n|-ability|p1a: Greninja|Battle Bond|boost\n|-boost|p1a: Greninja|atk|1\n|-boost|p1a: Greninja|spa|1\n|-boost|p1a: Greninja|spe|1\n|-activate|p1a: Greninja|ability: Battle Bond\n|-damage|p1a: Greninja|222/246|[from] item: Life Orb\n|\n|upkeep\n|\n|t:|1783568817\n|switch|p2a: Reuniclus|Reuniclus, L88, M|100/100\n|turn|7\n|inactive|Time left: 300 sec this turn | 300 sec total\n|\n|t:|1783568818\n|move|p1a: Greninja|Dark Pulse|p2a: Reuniclus\n|-supereffective|p2a: Reuniclus\n|-damage|p2a: Reuniclus|15/100\n|-damage|p1a: Greninja|198/246|[from] item: Life Orb\n|move|p2a: Reuniclus|Psychic|p1a: Greninja\n|-damage|p1a: Greninja|0 fnt\n|faint|p1a: Greninja\n|\n|upkeep\n|inactive|Time left: 300 sec this turn | 300 sec total | 5 sec grace\n|\n|t:|1783568819\n|switch|p1a: Gothitelle|Gothitelle, L90, M|272/272\n|turn|8\n|inactive|Time left: 300 sec this turn | 300 sec total\n|\n|t:|1783568820\n|move|p1a: Gothitelle|Dark Pulse|p2a: Reuniclus\n|-supereffective|p2a: Reuniclus\n|-damage|p2a: Reuniclus|0 fnt\n|faint|p2a: Reuniclus\n|\n|upkeep\n|\n|t:|1783568821\n|switch|p2a: Brambleghast|Brambleghast, L88, F|100/100\n|turn|9\n|inactive|Time left: 300 sec this turn | 300 sec total\n|\n|t:|1783568822\n|switch|p1a: Tatsugiri|Tatsugiri, L87, M|219/219\n|move|p2a: Brambleghast|Poltergeist|p1a: Tatsugiri\n|-immune|p1a: Tatsugiri\n|\n|upkeep\n|turn|10\n|inactive|Time left: 300 sec this turn | 300 sec total\n|\n|t:|1783568823\n|switch|p2a: Cryogonal|Cryogonal, L89|100/100\n|move|p1a: Tatsugiri|Bitter Malice|p2a: Cryogonal\n|-damage|p2a: Cryogonal|72/100\n|-unboost|p2a: Cryogonal|atk|1\n|-damage|p1a: Tatsugiri|198/219|[from] item: Life Orb\n|\n|upkeep\n|turn|11\n|inactive|Time left: 300 sec this turn | 300 sec total\n|\n|t:|1783568824\n|move|p2a: Cryogonal|Ice Beam|p1a: Tatsugiri\n|-damage|p1a: Tatsugiri|48/219\n|replace|p1a: Zoroark|Zoroark-Hisui, L80, M\n|-end|p1a: Zoroark|Illusion\n|-hint|Illusion Level Mod is active, so this Pok\u00e9mon's true level was hidden.\n|move|p1a: Zoroark|Bitter Malice|p2a: Cryogonal\n|-damage|p2a: Cryogonal|45/100\n|-unboost|p2a: Cryogonal|atk|1\n|-damage|p1a: Zoroark|27/219|[from] item: Life Orb\n|\n|upkeep\n|turn|12\n|inactive|Time left: 300 sec this turn | 300 sec total\n|\n|t:|1783568825\n|switch|p1a: Gothitelle|Gothitelle, L90, M|272/272\n|move|p2a: Cryogonal|Ice Beam|p1a: Gothitelle\n|-damage|p1a: Gothitelle|196/272\n|-status|p1a: Gothitelle|frz\n|\n|-heal|p1a: Gothitelle|213/272 frz|[from] item: Leftovers\n|upkeep\n|turn|13\n|inactive|Time left: 300 sec this turn | 300 sec total\n|\n|t:|1783568826\n|move|p2a: Cryogonal|Recover|p2a: Cryogonal\n|-heal|p2a: Cryogonal|95/100\n|cant|p1a: Gothitelle|frz\n|\n|-heal|p1a: Gothitelle|230/272 frz|[from] item: Leftovers\n|upkeep\n|turn|14\n|inactive|Time left: 300 sec this turn | 300 sec total\n|\n|t:|1783568827\n|move|p2a: Cryogonal|Rapid Spin|p1a: Gothitelle\n|-damage|p1a: Gothitelle|219/272 frz\n|-boost|p2a: Cryogonal|spe|1\n|cant|p1a: Gothitelle|frz\n|\n|-heal|p1a: Gothitelle|236/272 frz|[from] item: Leftovers\n|upkeep\n|turn|15\n|inactive|Time left: 300 sec this turn | 300 sec total\n|\n|t:|1783568828\n|move|p2a: Cryogonal|Ice Beam|p1a: Gothitelle\n|-damage|p1a: Gothitelle|160/272 frz\n|-curestatus|p1a: Gothitelle|frz|[msg]\n|move|p1a: Gothitelle|Focus Blast|p2a: Cryogonal\n|-supereffective|p2a: Cryogonal\n|-damage|p2a: Cryogonal|45/100\n|\n|-heal|p1a: Gothitelle|177/272|[from] item: Leftovers\n|upkeep\n|turn|16\n|inactive|Time left: 300 sec this turn | 300 sec total\n|\n|t:|1783568829\n|move|p2a: Cryogonal|Ice Beam|p1a: Gothitelle\n|-damage|p1a: Gothitelle|92/272\n|move|p1a: Gothitelle|Calm Mind|p1a: Gothitelle\n|-boost|p1a: Gothitelle|spa|1\n|-boost|p1a: Gothitelle|spd|1\n|\n|-heal|p1a: Gothitelle|109/272|[from] item: Leftovers\n|upkeep\n|turn|17\n|inactive|Time left: 300 sec this turn | 300 sec total\n|\n|t:|1783568830\n|move|p2a: Cryogonal|Ice Beam|p1a: Gothitelle\n|-damage|p1a: Gothitelle|55/272\n|move|p1a: Gothitelle|Calm Mind|p1a: Gothitelle\n|-boost|p1a: Gothitelle|spa|1\n|-boost|p1a: Gothitelle|spd|1\n|\n|-heal|p1a: Gothitelle|72/272|[from] item: Leftovers\n|upkeep\n|turn|18\n|inactive|Time left: 300 sec this turn | 300 sec total\n|\n|t:|1783568831\n|move|p2a: Cryogonal|Ice Beam|p1a: Gothitelle\n|-damage|p1a: Gothitelle|32/272\n|-status|p1a: Gothitelle|frz\n|cant|p1a: Gothitelle|frz\n|\n|-heal|p1a: Gothitelle|49/272 frz|[from] item: Leftovers\n|upkeep\n|turn|19\n|inactive|Time left: 300 sec this turn | 300 sec total\n|\n|t:|1783568832\n|move|p2a: Cryogonal|Ice Beam|p1a: Gothitelle\n|-damage|p1a: Gothitelle|10/272 frz\n|cant|p1a: Gothitelle|frz\n|\n|-heal|p1a: Gothitelle|27/272 frz|[from] item: Leftovers\n|upkeep\n|turn|20\n|inactive|Time left: 300 sec this turn | 300 sec total\n|\n|t:|1783568833\n|move|p2a: Cryogonal|Ice Beam|p1a: Gothitelle\n|-damage|p1a: Gothitelle|0 fnt\n|faint|p1a: Gothitelle\n|\n|upkeep\n|inactive|Time left: 300 sec this turn | 300 sec total | 5 sec grace\n|\n|t:|1783568834\n|switch|p1a: Klawf|Klawf, L90, M|272/272\n|turn|21\n|inactive|Time left: 300 sec this turn | 300 sec total\n|\n|t:|1783568835\n|move|p2a: Cryogonal|Ice Beam|p1a: Klawf\n|-damage|p1a: Klawf|125/272\n|move|p1a: Klawf|Knock Off|p2a: Cryogonal\n|-damage|p2a: Cryogonal|0 fnt\n|-enditem|p2a: Cryogonal|Heavy-Duty Boots|[from] move: Knock Off|[of] p1a: Klawf\n|faint|p2a: Cryogonal\n|-damage|p1a: Klawf|98/272|[from] item: Life Orb\n|\n|upkeep\n|\n|t:|1783568836\n|switch|p2a: Brambleghast|Brambleghast, L88, F|100/100\n|turn|22\n|inactive|Time left: 300 sec this turn | 300 sec total\n|\n|t:|1783568837\n|switch|p1a: Tatsugiri|Tatsugiri, L87, M|27/219\n|move|p2a: Brambleghast|Power Whip|p1a: Tatsugiri\n|-damage|p1a: Tatsugiri|0 fnt\n|replace|p1a: Zoroark|Zoroark-Hisui, L80, M\n|-end|p1a: Zoroark|Illusion\n|faint|p1a: Zoroark\n|\n|upkeep\n|inactive|Time left: 300 sec this turn | 300 sec total | 5 sec grace\n|\n|t:|1783568838\n|switch|p1a: Tatsugiri|Tatsugiri, L87, M|260/260\n|turn|23\n|inactive|Time left: 300 sec this turn | 300 sec total\n|\n|t:|1783568839\n|move|p2a: Brambleghast|Power Whip|p1a: Tatsugiri\n|-damage|p1a: Tatsugiri|62/260\n|move|p1a: Tatsugiri|Draco Meteor|p2a: Brambleghast\n|-damage|p2a: Brambleghast|15/100\n|-unboost|p1a: Tatsugiri|spa|2\n|\n|-heal|p2a: Brambleghast|22/100|[from] item: Leftovers\n|upkeep\n|turn|24\n|inactive|Time left: 300 sec this turn | 300 sec total\n|\n|t:|1783568840\n|move|p2a: Brambleghast|Power Whip|p1a: Tatsugiri\n|-damage|p1a: Tatsugiri|0 fnt\n|faint|p1a: Tatsugiri\n|\n|-heal|p2a: Brambleghast|28/100|[from] item: Leftovers\n|upkeep\n|inactive|Time left: 300 sec this turn | 300 sec total | 5 sec grace\n|\n|t:|1783568840\n|switch|p1a: Klawf|Klawf, L90, M|188/272\n|turn|25\n|inactive|Time left: 300 sec this turn | 300 sec total\n|\n|t:|1783568841\n|-terastallize|p2a: Brambleghast|Steel\n|move|p2a: Brambleghast|Power Whip|p1a: Klawf\n|-supereffective|p1a: Klawf\n|-damage|p1a: Klawf|0 fnt\n|faint|p1a: Klawf\n|\n|win|p0y2574ac8c", "uploadtime": 1783568841, "views": 0, "rating": 0, "private": 0, "password": null, "_winner": "p0y2574ac8c", "_our_name": "p0x2574b0ce"}