{"id": "battle-gen9randombattle-2090", "formatid": "gen9randombattle", "format": "[Gen 9] Random Battle", "players": ["p0x2090d1c7", "p0y2090a759"], "log": "|init|battle\n|title|p0x2090d1c7 vs. p0y2090a759\n|j|\u2606p0x2090d1c7\n|j|\u2606p0y2090a759\n|t:|1783564213\n|gametype|singles\n|player|p1|p0x2090d1c7|265|\n|player|p2|p0y2090a759|266|\n|gen|9\n|tier|[Gen 9] Random Battle\n|rule|Species Clause: Limit one of each Pok\u00e9mon\n|rule|HP Percentage Mod: HP is shown in percentages\n|rule|Sleep Clause Mod: Limit one foe put to sleep\n|rule|Illusion Level Mod: Illusion disguises the Pok\u00e9mon's true level\n|\n|t:|1783564213\n|teamsize|p1|6\n|teamsize|p2|6\n|start\n|switch|p1a: Miraidon|Miraidon, L65|100/100\n|switch|p2a: Moltres|Moltres-Galar, L79|271/271\n|-fieldstart|move: Electric Terrain|[from] ability: Hadron Engine|[of] p1a: Miraidon\n|turn|1\n|inactive|Battle timer is ON: inactive players will automatically lose when time's up. (requested by p0y2090a759)\n|inactive|p0x2090d1c7 also wants the timer to be on.\n|\n|t:|1783564214\n|switch|p2a: Eternatus|Eternatus, L69|308/308\n|-ability|p2a: Eternatus|Pressure\n|move|p1a: Miraidon|Electro Drift|p2a: Eternatus\n|-resisted|p2a: Eternatus\n|-damage|p2a: Eternatus|191/308\n|-damage|p1a: Miraidon|84/100|[from] item: Rocky Helmet|[of] p2a: Eternatus\n|-damage|p1a: Miraidon|74/100|[from] item: Life Orb\n|\n|upkeep\n|turn|2\n|inactive|Time left: 300 sec this turn | 300 sec total\n|\n|t:|1783564215\n|switch|p1a: Oranguru|Oranguru, L92, M|100/100\n|move|p2a: Eternatus|Dynamax Cannon|p1a: Oranguru\n|-damage|p1a: Oranguru|74/100\n|\n|upkeep\n|turn|3\n|inactive|Time left: 300 sec this turn | 300 sec total\n|\n|t:|1783564216\n|move|p2a: Eternatus|Recover|p2a: Eternatus\n|-heal|p2a: Eternatus|308/308\n|move|p1a: Oranguru|Hyper Voice|p2a: Eternatus\n|-damage|p2a: Eternatus|122/308\n|\n|upkeep\n|turn|4\n|inactive|Time left: 300 sec this turn | 300 sec total\n|\n|t:|1783564217\n|move|p2a: Eternatus|Recover|p2a: Eternatus\n|-heal|p2a: Eternatus|276/308\n|move|p1a: Oranguru|Hyper Voice|p2a: Eternatus\n|-damage|p2a: Eternatus|102/308\n|\n|upkeep\n|turn|5\n|inactive|Time left: 300 sec this turn | 300 sec total\n|\n|t:|1783564218\n|move|p2a: Eternatus|Recover|p2a: Eternatus\n|-heal|p2a: Eternatus|256/308\n|move|p1a: Oranguru|Hyper Voice|p2a: Eternatus\n|-damage|p2a: Eternatus|61/308\n|\n|-fieldend|move: Electric Terrain\n|upkeep\n|turn|6\n|inactive|Time left: 300 sec this turn | 300 sec total\n|\n|t:|1783564219\n|move|p2a: Eternatus|Toxic|p1a: Oranguru\n|-status|p1a: Oranguru|tox\n|move|p1a: Oranguru|Hyper Voice|p2a: Eternatus\n|-damage|p2a: Eternatus|0 fnt\n|faint|p2a: Eternatus\n|\n|-damage|p1a: Oranguru|68/100 tox|[from] psn\n|upkeep\n|inactive|Time left: 300 sec this turn | 300 sec total | 5 sec grace\n|\n|t:|1783564220\n|switch|p2a: Gardevoir|Gardevoir, L83, M|249/249\n|-ability|p2a: Gardevoir|Inner Focus|Trace|[from] ability: Trace|[of] p1a: Oranguru\n|turn|7\n|inactive|Time left: 300 sec this turn | 300 sec total\n|\n|t:|1783564220\n|move|p2a: Gardevoir|Calm Mind|p2a: Gardevoir\n|-boost|p2a: Gardevoir|spa|1\n|-boost|p2a: Gardevoir|spd|1\n|move|p1a: Oranguru|Hyper Voice|p2a: Gardevoir\n|-damage|p2a: Gardevoir|168/249\n|\n|-damage|p1a: Oranguru|56/100 tox|[from] psn\n|upkeep\n|turn|8\n|inactive|Time left: 300 sec this turn | 300 sec total\n|\n|t:|1783564221\n|switch|p1a: Tinkaton|Tinkaton, L82, F|100/100\n|-ability|p1a: Tinkaton|Mold Breaker\n|move|p2a: Gardevoir|Calm Mind|p2a: Gardevoir\n|-boost|p2a: Gardevoir|spa|1\n|-boost|p2a: Gardevoir|spd|1\n|\n|upkeep\n|turn|9\n|inactive|Time left: 300 sec this turn | 300 sec total\n|\n|t:|1783564222\n|-terastallize|p2a: Gardevoir|Fire\n|move|p1a: Tinkaton|Gigaton Hammer|p2a: Gardevoir\n|-resisted|p2a: Gardevoir\n|-damage|p2a: Gardevoir|91/249\n|move|p2a: Gardevoir|Mystical Fire|p1a: Tinkaton\n|-supereffective|p1a: Tinkaton\n|-damage|p1a: Tinkaton|0 fnt\n|faint|p1a: Tinkaton\n|-damage|p2a: Gardevoir|67/249|[from] item: Life Orb\n|\n|upkeep\n|\n|t:|1783564223\n|switch|p1a: Miraidon|Miraidon, L65|74/100\n|-fieldstart|move: Electric Terrain|[from] ability: Hadron Engine|[of] p1a: Miraidon\n|turn|10\n|inactive|Time left: 300 sec this turn | 300 sec total\n|\n|t:|1783564224\n|move|p1a: Miraidon|Electro Drift|p2a: Gardevoir\n|-damage|p2a: Gardevoir|0 fnt\n|faint|p2a: Gardevoir\n|-damage|p1a: Miraidon|65/100|[from] item: Life Orb\n|\n|upkeep\n|inactive|Time left: 300 sec this turn | 300 sec total | 5 sec grace\n|\n|t:|1783564225\n|switch|p2a: Armarouge|Armarouge, L80, F|267/267\n|turn|11\n|inactive|Time left: 300 sec this turn | 300 sec total\n|\n|t:|1783564226\n|-terastallize|p1a: Miraidon|Electric\n|move|p1a: Miraidon|Electro Drift|p2a: Armarouge\n|-damage|p2a: Armarouge|0 fnt\n|faint|p2a: Armarouge\n|-damage|p1a: Miraidon|55/100|[from] item: Life Orb\n|\n|upkeep\n|inactive|Time left: 300 sec this turn | 300 sec total | 5 sec grace\n|\n|t:|1783564227\n|switch|p2a: Scizor|Scizor, L79, F|240/240\n|turn|12\n|inactive|Time left: 300 sec this turn | 300 sec total\n|\n|t:|1783564228\n|move|p1a: Miraidon|Electro Drift|p2a: Scizor\n|-damage|p2a: Scizor|0 fnt\n|faint|p2a: Scizor\n|-damage|p1a: Miraidon|45/100|[from] item: Life Orb\n|\n|upkeep\n|inactive|Time left: 300 sec this turn | 300 sec total | 5 sec grace\n|\n|t:|1783564229\n|switch|p2a: Moltres|Moltres-Galar, L79|271/271\n|turn|13\n|inactive|Time left: 300 sec this turn | 300 sec total\n|\n|t:|1783564230\n|move|p1a: Miraidon|Electro Drift|p2a: Moltres\n|-supereffective|p2a: Moltres\n|-damage|p2a: Moltres|0 fnt\n|faint|p2a: Moltres\n|-damage|p1a: Miraidon|36/100|[from] item: Life Orb\n|\n|upkeep\n|inactive|Time left: 300 sec this turn | 300 sec total | 5 sec grace\n|\n|t:|1783564231\n|switch|p2a: Weezing|Weezing, L88, F|258/258\n|turn|14\n|inactive|Time left: 300 sec this turn | 300 sec total\n|\n|t:|1783564232\n|move|p1a: Miraidon|Electro Drift|p2a: Weezing\n|-damage|p2a: Weezing|0 fnt\n|faint|p2a: Weezing\n|-damage|p1a: Miraidon|26/100|[from] item: Life Orb\n|\n|win|p0x2090d1c7", "uploadtime": 1783564232, "views": 0, "rating": 0, "private": 0, "password": null, "_winner": "p0x2090d1c7", "_our_name": "p0y2090a759"}