{"id": "battle-gen9randombattle-47", "formatid": "gen9randombattle", "format": "[Gen 9] Random Battle", "players": ["p0x0473584", "p0y047b662"], "log": "|init|battle\n|title|p0x0473584 vs. p0y047b662\n|j|\u2606p0x0473584\n|j|\u2606p0y047b662\n|t:|1783539715\n|gametype|singles\n|player|p1|p0x0473584|102|\n|player|p2|p0y047b662|102|\n|gen|9\n|tier|[Gen 9] Random Battle\n|rule|Species Clause: Limit one of each Pok\u00e9mon\n|rule|HP Percentage Mod: HP is shown in percentages\n|rule|Sleep Clause Mod: Limit one foe put to sleep\n|rule|Illusion Level Mod: Illusion disguises the Pok\u00e9mon's true level\n|\n|t:|1783539715\n|teamsize|p1|6\n|teamsize|p2|6\n|start\n|switch|p1a: Ho-Oh|Ho-Oh, L71|268/268\n|switch|p2a: Slither Wing|Slither Wing, L81|100/100\n|turn|1\n|inactive|Battle timer is ON: inactive players will automatically lose when time's up. (requested by p0x0473584)\n|inactive|p0y047b662 also wants the timer to be on.\n|\n|t:|1783539717\n|-end|p2a: Slither Wing|Protosynthesis|[silent]\n|switch|p2a: Porygon2|Porygon2, L81, shiny|100/100\n|-ability|p2a: Porygon2|Download|boost\n|-boost|p2a: Porygon2|atk|1\n|move|p1a: Ho-Oh|Sacred Fire|p2a: Porygon2\n|-damage|p2a: Porygon2|76/100\n|-status|p2a: Porygon2|brn\n|\n|-damage|p2a: Porygon2|70/100 brn|[from] brn\n|upkeep\n|turn|2\n|inactive|Time left: 300 sec this turn | 300 sec total\n|\n|t:|1783539719\n|move|p1a: Ho-Oh|Brave Bird|p2a: Porygon2\n|-damage|p2a: Porygon2|40/100 brn\n|-damage|p1a: Ho-Oh|241/268|[from] Recoil\n|move|p2a: Porygon2|Recover|p2a: Porygon2\n|-heal|p2a: Porygon2|90/100 brn\n|\n|-damage|p2a: Porygon2|84/100 brn|[from] brn\n|upkeep\n|turn|3\n|inactive|Time left: 300 sec this turn | 300 sec total\n|\n|t:|1783539720\n|move|p1a: Ho-Oh|Brave Bird|p2a: Porygon2\n|-damage|p2a: Porygon2|55/100 brn\n|-damage|p1a: Ho-Oh|215/268|[from] Recoil\n|move|p2a: Porygon2|Discharge|p1a: Ho-Oh\n|-supereffective|p1a: Ho-Oh\n|-damage|p1a: Ho-Oh|131/268\n|\n|-damage|p2a: Porygon2|49/100 brn|[from] brn\n|upkeep\n|turn|4\n|inactive|Time left: 300 sec this turn | 300 sec total\n|\n|t:|1783539721\n|move|p1a: Ho-Oh|Recover|p1a: Ho-Oh\n|-heal|p1a: Ho-Oh|265/268\n|move|p2a: Porygon2|Recover|p2a: Porygon2\n|-heal|p2a: Porygon2|99/100 brn\n|\n|-damage|p2a: Porygon2|93/100 brn|[from] brn\n|upkeep\n|turn|5\n|inactive|Time left: 300 sec this turn | 300 sec total\n|\n|t:|1783539722\n|move|p1a: Ho-Oh|Sacred Fire|p2a: Porygon2\n|-damage|p2a: Porygon2|66/100 brn\n|move|p2a: Porygon2|Tri Attack|p1a: Ho-Oh\n|-crit|p1a: Ho-Oh\n|-damage|p1a: Ho-Oh|171/268\n|\n|-damage|p2a: Porygon2|60/100 brn|[from] brn\n|upkeep\n|turn|6\n|inactive|Time left: 300 sec this turn | 300 sec total\n|\n|t:|1783539723\n|switch|p1a: Camerupt|Camerupt, L91, F|275/275\n|move|p2a: Porygon2|Recover|p2a: Porygon2\n|-heal|p2a: Porygon2|100/100 brn\n|\n|-damage|p2a: Porygon2|95/100 brn|[from] brn\n|upkeep\n|turn|7\n|inactive|Time left: 300 sec this turn | 300 sec total\n|\n|t:|1783539724\n|move|p2a: Porygon2|Ice Beam|p1a: Camerupt\n|-damage|p1a: Camerupt|203/275\n|-status|p1a: Camerupt|frz\n|cant|p1a: Camerupt|frz\n|\n|-heal|p1a: Camerupt|220/275 frz|[from] item: Leftovers\n|-damage|p2a: Porygon2|89/100 brn|[from] brn\n|upkeep\n|turn|8\n|inactive|Time left: 300 sec this turn | 300 sec total\n|\n|t:|1783539726\n|move|p2a: Porygon2|Ice Beam|p1a: Camerupt\n|-damage|p1a: Camerupt|155/275 frz\n|cant|p1a: Camerupt|frz\n|\n|-heal|p1a: Camerupt|172/275 frz|[from] item: Leftovers\n|-damage|p2a: Porygon2|83/100 brn|[from] brn\n|upkeep\n|turn|9\n|inactive|Time left: 300 sec this turn | 300 sec total\n|\n|t:|1783539727\n|move|p2a: Porygon2|Tri Attack|p1a: Camerupt\n|-damage|p1a: Camerupt|84/275 frz\n|cant|p1a: Camerupt|frz\n|\n|-heal|p1a: Camerupt|101/275 frz|[from] item: Leftovers\n|-damage|p2a: Porygon2|77/100 brn|[from] brn\n|upkeep\n|turn|10\n|inactive|Time left: 300 sec this turn | 300 sec total\n|\n|t:|1783539728\n|move|p2a: Porygon2|Ice Beam|p1a: Camerupt\n|-damage|p1a: Camerupt|34/275 frz\n|cant|p1a: Camerupt|frz\n|\n|-heal|p1a: Camerupt|51/275 frz|[from] item: Leftovers\n|-damage|p2a: Porygon2|71/100 brn|[from] brn\n|upkeep\n|turn|11\n|inactive|Time left: 300 sec this turn | 300 sec total\n|\n|t:|1783539730\n|move|p2a: Porygon2|Ice Beam|p1a: Camerupt\n|-damage|p1a: Camerupt|0 fnt\n|faint|p1a: Camerupt\n|\n|-damage|p2a: Porygon2|65/100 brn|[from] brn\n|upkeep\n|inactive|Time left: 300 sec this turn | 300 sec total | 5 sec grace\n|\n|t:|1783539731\n|switch|p1a: Ribombee|Ribombee, L83, F|235/235\n|turn|12\n|inactive|Time left: 300 sec this turn | 300 sec total\n|\n|t:|1783539732\n|move|p1a: Ribombee|Sticky Web|p2a: Porygon2\n|-sidestart|p2: p0y047b662|move: Sticky Web\n|move|p2a: Porygon2|Discharge|p1a: Ribombee\n|-damage|p1a: Ribombee|170/235\n|\n|-damage|p2a: Porygon2|59/100 brn|[from] brn\n|upkeep\n|turn|13\n|inactive|Time left: 300 sec this turn | 300 sec total\n|\n|t:|1783539733\n|move|p1a: Ribombee|Moonblast|p2a: Porygon2\n|-damage|p2a: Porygon2|35/100 brn\n|move|p2a: Porygon2|Recover|p2a: Porygon2\n|-heal|p2a: Porygon2|85/100 brn\n|\n|-damage|p2a: Porygon2|79/100 brn|[from] brn\n|upkeep\n|turn|14\n|inactive|Time left: 300 sec this turn | 300 sec total\n|\n|t:|1783539735\n|move|p1a: Ribombee|Moonblast|p2a: Porygon2\n|-damage|p2a: Porygon2|56/100 brn\n|move|p2a: Porygon2|Ice Beam|p1a: Ribombee\n|-damage|p1a: Ribombee|90/235\n|\n|-damage|p2a: Porygon2|50/100 brn|[from] brn\n|upkeep\n|turn|15\n|inactive|Time left: 300 sec this turn | 300 sec total\n|\n|t:|1783539736\n|move|p1a: Ribombee|Moonblast|p2a: Porygon2\n|-damage|p2a: Porygon2|26/100 brn\n|-unboost|p2a: Porygon2|spa|1\n|move|p2a: Porygon2|Recover|p2a: Porygon2\n|-heal|p2a: Porygon2|76/100 brn\n|\n|-damage|p2a: Porygon2|70/100 brn|[from] brn\n|upkeep\n|turn|16\n|inactive|Time left: 300 sec this turn | 300 sec total\n|\n|t:|1783539737\n|move|p1a: Ribombee|Moonblast|p2a: Porygon2\n|-damage|p2a: Porygon2|45/100 brn\n|move|p2a: Porygon2|Recover|p2a: Porygon2\n|-heal|p2a: Porygon2|95/100 brn\n|\n|-damage|p2a: Porygon2|89/100 brn|[from] brn\n|upkeep\n|turn|17\n|inactive|Time left: 300 sec this turn | 300 sec total\n|\n|t:|1783539738\n|move|p1a: Ribombee|Moonblast|p2a: Porygon2\n|-damage|p2a: Porygon2|64/100 brn\n|-unboost|p2a: Porygon2|spa|1\n|move|p2a: Porygon2|Recover|p2a: Porygon2\n|-heal|p2a: Porygon2|100/100 brn\n|\n|-damage|p2a: Porygon2|95/100 brn|[from] brn\n|upkeep\n|turn|18\n|inactive|Time left: 300 sec this turn | 300 sec total\n|\n|t:|1783539739\n|switch|p2a: Braviary|Braviary-Hisui, L85, M|100/100\n|move|p1a: Ribombee|Moonblast|p2a: Braviary\n|-damage|p2a: Braviary|65/100\n|\n|upkeep\n|turn|19\n|inactive|Time left: 300 sec this turn | 300 sec total\n|\n|t:|1783539741\n|move|p1a: Ribombee|Moonblast|p2a: Braviary\n|-damage|p2a: Braviary|27/100\n|move|p2a: Braviary|Agility|p2a: Braviary\n|-boost|p2a: Braviary|spe|2\n|\n|upkeep\n|turn|20\n|inactive|Time left: 300 sec this turn | 300 sec total\n|\n|t:|1783539742\n|switch|p1a: Ho-Oh|Ho-Oh, L71|260/268\n|move|p2a: Braviary|Psychic|p1a: Ho-Oh\n|-damage|p1a: Ho-Oh|107/268\n|\n|upkeep\n|turn|21\n|inactive|Time left: 300 sec this turn | 300 sec total\n|\n|t:|1783539743\n|switch|p1a: Alomomola|Alomomola, L87, M|429/429\n|move|p2a: Braviary|Psychic|p1a: Alomomola\n|-damage|p1a: Alomomola|166/429\n|\n|upkeep\n|turn|22\n|inactive|Time left: 300 sec this turn | 300 sec total\n|\n|t:|1783539744\n|switch|p1a: Ho-Oh|Ho-Oh, L71|196/268\n|move|p2a: Braviary|Psychic|p1a: Ho-Oh\n|-damage|p1a: Ho-Oh|48/268\n|\n|upkeep\n|turn|23\n|inactive|Time left: 300 sec this turn | 300 sec total\n|\n|t:|1783539745\n|switch|p1a: Alomomola|Alomomola, L87, M|309/429\n|move|p2a: Braviary|Psychic|p1a: Alomomola\n|-damage|p1a: Alomomola|9/429\n|\n|upkeep\n|turn|24\n|inactive|Time left: 300 sec this turn | 300 sec total\n|\n|t:|1783539746\n|move|p2a: Braviary|Psychic|p1a: Alomomola\n|-damage|p1a: Alomomola|0 fnt\n|faint|p1a: Alomomola\n|\n|upkeep\n|inactive|Time left: 300 sec this turn | 300 sec total | 5 sec grace\n|\n|t:|1783539747\n|switch|p1a: Lumineon|Lumineon, L93, F|279/279\n|turn|25\n|inactive|Time left: 300 sec this turn | 300 sec total\n|\n|t:|1783539748\n|move|p2a: Braviary|Hurricane|p1a: Lumineon\n|-damage|p1a: Lumineon|83/279\n|move|p1a: Lumineon|Hydro Pump|p2a: Braviary\n|-damage|p2a: Braviary|0 fnt\n|faint|p2a: Braviary\n|-damage|p1a: Lumineon|56/279|[from] item: Life Orb\n|\n|upkeep\n|\n|t:|1783539749\n|switch|p2a: Porygon2|Porygon2, L81, shiny|95/100 brn\n|-activate|p2a: Porygon2|move: Sticky Web\n|-unboost|p2a: Porygon2|spe|1\n|-ability|p2a: Porygon2|Download|boost\n|-boost|p2a: Porygon2|atk|1\n|turn|26\n|inactive|Time left: 300 sec this turn | 300 sec total\n|\n|t:|1783539749\n|switch|p1a: Ho-Oh|Ho-Oh, L71|137/268\n|move|p2a: Porygon2|Discharge|p1a: Ho-Oh\n|-supereffective|p1a: Ho-Oh\n|-damage|p1a: Ho-Oh|47/268\n|\n|-damage|p2a: Porygon2|89/100 brn|[from] brn\n|upkeep\n|turn|27\n|inactive|Time left: 300 sec this turn | 300 sec total\n|\n|t:|1783539750\n|move|p1a: Ho-Oh|Recover|p1a: Ho-Oh\n|-heal|p1a: Ho-Oh|181/268\n|move|p2a: Porygon2|Discharge|p1a: Ho-Oh\n|-supereffective|p1a: Ho-Oh\n|-damage|p1a: Ho-Oh|93/268\n|\n|-damage|p2a: Porygon2|83/100 brn|[from] brn\n|upkeep\n|turn|28\n|inactive|Time left: 300 sec this turn | 300 sec total\n|\n|t:|1783539751\n|move|p1a: Ho-Oh|Recover|p1a: Ho-Oh\n|-heal|p1a: Ho-Oh|227/268\n|move|p2a: Porygon2|Discharge|p1a: Ho-Oh\n|-supereffective|p1a: Ho-Oh\n|-damage|p1a: Ho-Oh|137/268\n|\n|-damage|p2a: Porygon2|77/100 brn|[from] brn\n|upkeep\n|turn|29\n|inactive|Time left: 300 sec this turn | 300 sec total\n|\n|t:|1783539753\n|move|p1a: Ho-Oh|Recover|p1a: Ho-Oh\n|-heal|p1a: Ho-Oh|268/268\n|move|p2a: Porygon2|Recover|p2a: Porygon2\n|-heal|p2a: Porygon2|100/100 brn\n|\n|-damage|p2a: Porygon2|95/100 brn|[from] brn\n|upkeep\n|turn|30\n|inactive|Time left: 300 sec this turn | 300 sec total\n|\n|t:|1783539754\n|move|p1a: Ho-Oh|Brave Bird|p2a: Porygon2\n|-damage|p2a: Porygon2|64/100 brn\n|-damage|p1a: Ho-Oh|241/268|[from] Recoil\n|move|p2a: Porygon2|Ice Beam|p1a: Ho-Oh\n|-damage|p1a: Ho-Oh|194/268\n|\n|-damage|p2a: Porygon2|58/100 brn|[from] brn\n|upkeep\n|turn|31\n|inactive|Time left: 300 sec this turn | 300 sec total\n|\n|t:|1783539755\n|move|p1a: Ho-Oh|Sacred Fire|p2a: Porygon2\n|-damage|p2a: Porygon2|34/100 brn\n|move|p2a: Porygon2|Discharge|p1a: Ho-Oh\n|-supereffective|p1a: Ho-Oh\n|-damage|p1a: Ho-Oh|100/268\n|\n|-damage|p2a: Porygon2|28/100 brn|[from] brn\n|upkeep\n|turn|32\n|inactive|Time left: 300 sec this turn | 300 sec total\n|\n|t:|1783539756\n|move|p1a: Ho-Oh|Recover|p1a: Ho-Oh\n|-heal|p1a: Ho-Oh|234/268\n|move|p2a: Porygon2|Discharge|p1a: Ho-Oh\n|-supereffective|p1a: Ho-Oh\n|-damage|p1a: Ho-Oh|146/268\n|\n|-damage|p2a: Porygon2|22/100 brn|[from] brn\n|upkeep\n|turn|33\n|inactive|Time left: 300 sec this turn | 300 sec total\n|\n|t:|1783539757\n|switch|p2a: Snorlax|Snorlax, L82, M|100/100\n|-activate|p2a: Snorlax|move: Sticky Web\n|-unboost|p2a: Snorlax|spe|1\n|move|p1a: Ho-Oh|Brave Bird|p2a: Snorlax\n|-damage|p2a: Snorlax|63/100\n|-damage|p1a: Ho-Oh|97/268|[from] Recoil\n|\n|-heal|p2a: Snorlax|70/100|[from] item: Leftovers\n|upkeep\n|turn|34\n|inactive|Time left: 300 sec this turn | 300 sec total\n|\n|t:|1783539758\n|switch|p1a: Orthworm|Orthworm, L88, F|266/266\n|move|p2a: Snorlax|Body Slam|p1a: Orthworm\n|-resisted|p1a: Orthworm\n|-damage|p1a: Orthworm|234/266\n|\n|-heal|p2a: Snorlax|76/100|[from] item: Leftovers\n|upkeep\n|turn|35\n|inactive|Time left: 300 sec this turn | 300 sec total\n|\n|t:|1783539759\n|move|p1a: Orthworm|Coil|p1a: Orthworm\n|-boost|p1a: Orthworm|atk|1\n|-boost|p1a: Orthworm|def|1\n|-boost|p1a: Orthworm|accuracy|1\n|move|p2a: Snorlax|Body Slam|p1a: Orthworm\n|-resisted|p1a: Orthworm\n|-damage|p1a: Orthworm|216/266\n|\n|-heal|p2a: Snorlax|82/100|[from] item: Leftovers\n|upkeep\n|turn|36\n|inactive|Time left: 300 sec this turn | 300 sec total\n|\n|t:|1783539760\n|switch|p2a: Skarmory|Skarmory, L80, F|100/100\n|move|p1a: Orthworm|Coil|p1a: Orthworm\n|-boost|p1a: Orthworm|atk|1\n|-boost|p1a: Orthworm|def|1\n|-boost|p1a: Orthworm|accuracy|1\n|\n|upkeep\n|turn|37\n|inactive|Time left: 300 sec this turn | 300 sec total\n|\n|t:|1783539761\n|move|p1a: Orthworm|Coil|p1a: Orthworm\n|-boost|p1a: Orthworm|atk|1\n|-boost|p1a: Orthworm|def|1\n|-boost|p1a: Orthworm|accuracy|1\n|move|p2a: Skarmory|Whirlwind|p1a: Orthworm\n|drag|p1a: Lumineon|Lumineon, L93, F|56/279\n|\n|upkeep\n|turn|38\n|inactive|Time left: 300 sec this turn | 300 sec total\n|\n|t:|1783539762\n|switch|p2a: Snorlax|Snorlax, L82, M|82/100\n|-activate|p2a: Snorlax|move: Sticky Web\n|-unboost|p2a: Snorlax|spe|1\n|move|p1a: Lumineon|Hydro Pump|p2a: Snorlax|[miss]\n|-miss|p1a: Lumineon|p2a: Snorlax\n|\n|-heal|p2a: Snorlax|88/100|[from] item: Leftovers\n|upkeep\n|turn|39\n|inactive|Time left: 300 sec this turn | 300 sec total\n|\n|t:|1783539763\n|switch|p1a: Orthworm|Orthworm, L88, F|216/266\n|move|p2a: Snorlax|Body Slam|p1a: Orthworm\n|-resisted|p1a: Orthworm\n|-damage|p1a: Orthworm|187/266\n|\n|-heal|p2a: Snorlax|94/100|[from] item: Leftovers\n|upkeep\n|turn|40\n|inactive|Time left: 300 sec this turn | 300 sec total\n|\n|t:|1783539764\n|switch|p2a: Slither Wing|Slither Wing, L81|100/100\n|move|p1a: Orthworm|Coil|p1a: Orthworm\n|-boost|p1a: Orthworm|atk|1\n|-boost|p1a: Orthworm|def|1\n|-boost|p1a: Orthworm|accuracy|1\n|\n|upkeep\n|turn|41\n|inactive|Time left: 300 sec this turn | 300 sec total\n|\n|t:|1783539765\n|move|p2a: Slither Wing|Will-O-Wisp|p1a: Orthworm|[miss]\n|-miss|p2a: Slither Wing|p1a: Orthworm\n|move|p1a: Orthworm|Coil|p1a: Orthworm\n|-boost|p1a: Orthworm|atk|1\n|-boost|p1a: Orthworm|def|1\n|-boost|p1a: Orthworm|accuracy|1\n|\n|upkeep\n|turn|42\n|inactive|Time left: 300 sec this turn | 300 sec total\n|\n|t:|1783539766\n|move|p2a: Slither Wing|Will-O-Wisp|p1a: Orthworm\n|-status|p1a: Orthworm|brn\n|move|p1a: Orthworm|Body Press|p2a: Slither Wing\n|-resisted|p2a: Slither Wing\n|-damage|p2a: Slither Wing|82/100\n|\n|-damage|p1a: Orthworm|171/266 brn|[from] brn\n|upkeep\n|turn|43\n|inactive|Time left: 300 sec this turn | 300 sec total\n|\n|t:|1783539767\n|move|p2a: Slither Wing|Morning Sun|p2a: Slither Wing\n|-heal|p2a: Slither Wing|100/100\n|move|p1a: Orthworm|Rest|p1a: Orthworm\n|-status|p1a: Orthworm|slp|[from] move: Rest\n|-heal|p1a: Orthworm|266/266 slp|[silent]\n|-enditem|p1a: Orthworm|Chesto Berry|[eat]\n|-curestatus|p1a: Orthworm|slp|[msg]\n|\n|upkeep\n|turn|44\n|inactive|Time left: 300 sec this turn | 300 sec total\n|\n|t:|1783539768\n|move|p2a: Slither Wing|Will-O-Wisp|p1a: Orthworm\n|-status|p1a: Orthworm|brn\n|move|p1a: Orthworm|Iron Tail|p2a: Slither Wing\n|-damage|p2a: Slither Wing|60/100\n|-unboost|p2a: Slither Wing|def|1\n|\n|-damage|p1a: Orthworm|250/266 brn|[from] brn\n|upkeep\n|turn|45\n|inactive|Time left: 300 sec this turn | 300 sec total\n|\n|t:|1783539770\n|-end|p2a: Slither Wing|Protosynthesis|[silent]\n|switch|p2a: Skarmory|Skarmory, L80, F|100/100\n|move|p1a: Orthworm|Iron Tail|p2a: Skarmory\n|-resisted|p2a: Skarmory\n|-damage|p2a: Skarmory|85/100\n|-damage|p1a: Orthworm|206/266 brn|[from] item: Rocky Helmet|[of] p2a: Skarmory\n|\n|-damage|p1a: Orthworm|190/266 brn|[from] brn\n|upkeep\n|turn|46\n|inactive|Time left: 300 sec this turn | 300 sec total\n|\n|t:|1783539771\n|move|p1a: Orthworm|Rest|p1a: Orthworm\n|-status|p1a: Orthworm|slp|[from] move: Rest\n|-heal|p1a: Orthworm|266/266 slp|[silent]\n|move|p2a: Skarmory|Whirlwind|p1a: Orthworm\n|drag|p1a: Lumineon|Lumineon, L93, F|56/279\n|\n|upkeep\n|turn|47\n|inactive|Time left: 300 sec this turn | 300 sec total\n|\n|t:|1783539772\n|move|p1a: Lumineon|Hydro Pump|p2a: Skarmory|[miss]\n|-miss|p1a: Lumineon|p2a: Skarmory\n|move|p2a: Skarmory|Brave Bird|p1a: Lumineon\n|-damage|p1a: Lumineon|0 fnt\n|faint|p1a: Lumineon\n|-damage|p2a: Skarmory|78/100|[from] Recoil\n|\n|upkeep\n|inactive|Time left: 300 sec this turn | 300 sec total | 5 sec grace\n|\n|t:|1783539773\n|switch|p1a: Ho-Oh|Ho-Oh, L71|186/268\n|turn|48\n|inactive|Time left: 300 sec this turn | 300 sec total\n|\n|t:|1783539774\n|move|p1a: Ho-Oh|Sacred Fire|p2a: Skarmory\n|-supereffective|p2a: Skarmory\n|-damage|p2a: Skarmory|14/100\n|-status|p2a: Skarmory|brn\n|move|p2a: Skarmory|Roost|p2a: Skarmory\n|-heal|p2a: Skarmory|64/100 brn\n|-singleturn|p2a: Skarmory|move: Roost\n|\n|-damage|p2a: Skarmory|58/100 brn|[from] brn\n|upkeep\n|turn|49\n|inactive|Time left: 300 sec this turn | 300 sec total\n|\n|t:|1783539775\n|move|p1a: Ho-Oh|Sacred Fire|p2a: Skarmory\n|-supereffective|p2a: Skarmory\n|-damage|p2a: Skarmory|0 fnt\n|faint|p2a: Skarmory\n|\n|upkeep\n|\n|t:|1783539776\n|switch|p2a: Snorlax|Snorlax, L82, M|94/100\n|-activate|p2a: Snorlax|move: Sticky Web\n|-unboost|p2a: Snorlax|spe|1\n|turn|50\n|inactive|Time left: 300 sec this turn | 300 sec total\n|\n|t:|1783539777\n|move|p1a: Ho-Oh|Sacred Fire|p2a: Snorlax\n|-damage|p2a: Snorlax|78/100\n|-status|p2a: Snorlax|brn\n|move|p2a: Snorlax|Body Slam|p1a: Ho-Oh\n|-crit|p1a: Ho-Oh\n|-damage|p1a: Ho-Oh|110/268\n|-status|p1a: Ho-Oh|par\n|\n|-heal|p2a: Snorlax|84/100 brn|[from] item: Leftovers\n|-damage|p2a: Snorlax|78/100 brn|[from] brn\n|upkeep\n|turn|51\n|inactive|Time left: 300 sec this turn | 300 sec total\n|\n|t:|1783539778\n|move|p1a: Ho-Oh|Recover|p1a: Ho-Oh\n|-heal|p1a: Ho-Oh|244/268 par\n|move|p2a: Snorlax|Curse|p2a: Snorlax\n|-unboost|p2a: Snorlax|spe|1\n|-boost|p2a: Snorlax|atk|1\n|-boost|p2a: Snorlax|def|1\n|\n|-heal|p2a: Snorlax|84/100 brn|[from] item: Leftovers\n|-damage|p2a: Snorlax|78/100 brn|[from] brn\n|upkeep\n|turn|52\n|inactive|Time left: 300 sec this turn | 300 sec total\n|\n|t:|1783539779\n|switch|p1a: Orthworm|Orthworm, L88, F|266/266 slp\n|move|p2a: Snorlax|Curse|p2a: Snorlax\n|-unboost|p2a: Snorlax|spe|1\n|-boost|p2a: Snorlax|atk|1\n|-boost|p2a: Snorlax|def|1\n|\n|-heal|p2a: Snorlax|84/100 brn|[from] item: Leftovers\n|-damage|p2a: Snorlax|78/100 brn|[from] brn\n|upkeep\n|turn|53\n|inactive|Time left: 300 sec this turn | 300 sec total\n|\n|t:|1783539780\n|cant|p1a: Orthworm|slp\n|move|p2a: Snorlax|Curse|p2a: Snorlax\n|-unboost|p2a: Snorlax|spe|1\n|-boost|p2a: Snorlax|atk|1\n|-boost|p2a: Snorlax|def|1\n|\n|-heal|p2a: Snorlax|84/100 brn|[from] item: Leftovers\n|-damage|p2a: Snorlax|78/100 brn|[from] brn\n|upkeep\n|turn|54\n|inactive|Time left: 300 sec this turn | 300 sec total\n|\n|t:|1783539781\n|cant|p1a: Orthworm|slp\n|move|p2a: Snorlax|Curse|p2a: Snorlax\n|-unboost|p2a: Snorlax|spe|1\n|-boost|p2a: Snorlax|atk|1\n|-boost|p2a: Snorlax|def|1\n|\n|-heal|p2a: Snorlax|84/100 brn|[from] item: Leftovers\n|-damage|p2a: Snorlax|78/100 brn|[from] brn\n|upkeep\n|turn|55\n|inactive|Time left: 300 sec this turn | 300 sec total\n|\n|t:|1783539782\n|-curestatus|p1a: Orthworm|slp|[msg]\n|move|p1a: Orthworm|Coil|p1a: Orthworm\n|-boost|p1a: Orthworm|atk|1\n|-boost|p1a: Orthworm|def|1\n|-boost|p1a: Orthworm|accuracy|1\n|move|p2a: Snorlax|Body Slam|p1a: Orthworm\n|-resisted|p1a: Orthworm\n|-damage|p1a: Orthworm|234/266\n|\n|-heal|p2a: Snorlax|84/100 brn|[from] item: Leftovers\n|-damage|p2a: Snorlax|78/100 brn|[from] brn\n|upkeep\n|turn|56\n|inactive|Time left: 300 sec this turn | 300 sec total\n|\n|t:|1783539783\n|move|p1a: Orthworm|Coil|p1a: Orthworm\n|-boost|p1a: Orthworm|atk|1\n|-boost|p1a: Orthworm|def|1\n|-boost|p1a: Orthworm|accuracy|1\n|move|p2a: Snorlax|Body Slam|p1a: Orthworm\n|-resisted|p1a: Orthworm\n|-damage|p1a: Orthworm|213/266\n|\n|-heal|p2a: Snorlax|84/100 brn|[from] item: Leftovers\n|-damage|p2a: Snorlax|78/100 brn|[from] brn\n|upkeep\n|turn|57\n|inactive|Time left: 300 sec this turn | 300 sec total\n|\n|t:|1783539784\n|move|p1a: Orthworm|Coil|p1a: Orthworm\n|-boost|p1a: Orthworm|atk|1\n|-boost|p1a: Orthworm|def|1\n|-boost|p1a: Orthworm|accuracy|1\n|move|p2a: Snorlax|Rest|p2a: Snorlax\n|-status|p2a: Snorlax|slp|[from] move: Rest\n|-heal|p2a: Snorlax|100/100 slp|[silent]\n|\n|upkeep\n|turn|58\n|inactive|Time left: 300 sec this turn | 300 sec total\n|\n|t:|1783539785\n|move|p1a: Orthworm|Body Press|p2a: Snorlax\n|-supereffective|p2a: Snorlax\n|-damage|p2a: Snorlax|57/100 slp\n|cant|p2a: Snorlax|slp\n|move|p2a: Snorlax|Sleep Talk|p2a: Snorlax\n|move|p2a: Snorlax|Curse|p2a: Snorlax|[from] move: Sleep Talk\n|-unboost|p2a: Snorlax|spe|1\n|-boost|p2a: Snorlax|atk|1\n|-boost|p2a: Snorlax|def|1\n|\n|-heal|p2a: Snorlax|63/100 slp|[from] item: Leftovers\n|upkeep\n|turn|59\n|inactive|Time left: 300 sec this turn | 300 sec total\n|\n|t:|1783539786\n|move|p1a: Orthworm|Body Press|p2a: Snorlax\n|-supereffective|p2a: Snorlax\n|-damage|p2a: Snorlax|23/100 slp\n|cant|p2a: Snorlax|slp\n|move|p2a: Snorlax|Sleep Talk|p2a: Snorlax\n|move|p2a: Snorlax|Curse|p2a: Snorlax|[from] move: Sleep Talk\n|-boost|p2a: Snorlax|atk|1\n|-boost|p2a: Snorlax|def|1\n|\n|-heal|p2a: Snorlax|29/100 slp|[from] item: Leftovers\n|upkeep\n|turn|60\n|inactive|Time left: 300 sec this turn | 300 sec total\n|\n|t:|1783539787\n|-terastallize|p2a: Snorlax|Fairy\n|move|p1a: Orthworm|Body Press|p2a: Snorlax\n|-resisted|p2a: Snorlax\n|-damage|p2a: Snorlax|20/100 slp\n|-curestatus|p2a: Snorlax|slp|[msg]\n|move|p2a: Snorlax|Rest|p2a: Snorlax\n|-status|p2a: Snorlax|slp|[from] move: Rest\n|-heal|p2a: Snorlax|100/100 slp|[silent]\n|\n|upkeep\n|turn|61\n|inactive|Time left: 300 sec this turn | 300 sec total\n|\n|t:|1783539788\n|move|p1a: Orthworm|Coil|p1a: Orthworm\n|-boost|p1a: Orthworm|atk|1\n|-boost|p1a: Orthworm|def|1\n|-boost|p1a: Orthworm|accuracy|1\n|cant|p2a: Snorlax|slp\n|move|p2a: Snorlax|Sleep Talk|p2a: Snorlax\n|move|p2a: Snorlax|Rest||[from] move: Sleep Talk|[still]\n|-fail|p2a: Snorlax\n|\n|upkeep\n|turn|62\n|inactive|Time left: 300 sec this turn | 300 sec total\n|\n|t:|1783539789\n|move|p1a: Orthworm|Iron Tail|p2a: Snorlax\n|-supereffective|p2a: Snorlax\n|-damage|p2a: Snorlax|49/100 slp\n|-unboost|p2a: Snorlax|def|1\n|cant|p2a: Snorlax|slp\n|move|p2a: Snorlax|Sleep Talk|p2a: Snorlax\n|move|p2a: Snorlax|Rest||[from] move: Sleep Talk|[still]\n|-fail|p2a: Snorlax\n|\n|-heal|p2a: Snorlax|55/100 slp|[from] item: Leftovers\n|upkeep\n|turn|63\n|inactive|Time left: 300 sec this turn | 300 sec total\n|\n|t:|1783539790\n|move|p1a: Orthworm|Iron Tail|p2a: Snorlax\n|-supereffective|p2a: Snorlax\n|-damage|p2a: Snorlax|0 fnt\n|faint|p2a: Snorlax\n|\n|upkeep\n|\n|t:|1783539791\n|switch|p2a: Porygon2|Porygon2, L81, shiny|22/100 brn\n|-activate|p2a: Porygon2|move: Sticky Web\n|-unboost|p2a: Porygon2|spe|1\n|-ability|p2a: Porygon2|Download|boost\n|-boost|p2a: Porygon2|spa|1\n|turn|64\n|inactive|Time left: 300 sec this turn | 300 sec total\n|\n|t:|1783539792\n|move|p1a: Orthworm|Body Press|p2a: Porygon2\n|-supereffective|p2a: Porygon2\n|-damage|p2a: Porygon2|0 fnt\n|faint|p2a: Porygon2\n|\n|upkeep\n|\n|t:|1783539793\n|switch|p2a: Froslass|Froslass, L87, F|100/100\n|-activate|p2a: Froslass|move: Sticky Web\n|-unboost|p2a: Froslass|spe|1\n|turn|65\n|inactive|Time left: 300 sec this turn | 300 sec total\n|\n|t:|1783539794\n|switch|p2a: Slither Wing|Slither Wing, L81|60/100\n|move|p1a: Orthworm|Iron Tail|p2a: Slither Wing\n|-damage|p2a: Slither Wing|0 fnt\n|faint|p2a: Slither Wing\n|-end|p2a: Slither Wing|Protosynthesis|[silent]\n|\n|upkeep\n|\n|t:|1783539795\n|switch|p2a: Froslass|Froslass, L87, F|100/100\n|-activate|p2a: Froslass|move: Sticky Web\n|-unboost|p2a: Froslass|spe|1\n|turn|66\n|inactive|Time left: 300 sec this turn | 300 sec total\n|\n|t:|1783539795\n|-terastallize|p1a: Orthworm|Fighting\n|move|p1a: Orthworm|Iron Tail|p2a: Froslass\n|-supereffective|p2a: Froslass\n|-damage|p2a: Froslass|0 fnt\n|faint|p2a: Froslass\n|\n|win|p0x0473584", "uploadtime": 1783539795, "views": 0, "rating": 0, "private": 0, "password": null, "_winner": "p0x0473584", "_our_name": "p0x0473584"}