{"id": "battle-gen9randombattle-2859", "formatid": "gen9randombattle", "format": "[Gen 9] Random Battle", "players": ["p0x2859e0de", "p0y28590476"], "log": "|init|battle\n|title|p0x2859e0de vs. p0y28590476\n|j|\u2606p0x2859e0de\n|j|\u2606p0y28590476\n|t:|1783571991\n|gametype|singles\n|player|p1|p0x2859e0de|265|\n|player|p2|p0y28590476|1|\n|gen|9\n|tier|[Gen 9] Random Battle\n|rule|Species Clause: Limit one of each Pok\u00e9mon\n|rule|HP Percentage Mod: HP is shown in percentages\n|rule|Sleep Clause Mod: Limit one foe put to sleep\n|rule|Illusion Level Mod: Illusion disguises the Pok\u00e9mon's true level\n|\n|t:|1783571991\n|teamsize|p1|6\n|teamsize|p2|6\n|start\n|switch|p1a: Kricketune|Kricketune, L99, F|311/311\n|switch|p2a: Rotom|Rotom-Heat, L83|100/100\n|turn|1\n|inactive|Battle timer is ON: inactive players will automatically lose when time's up. (requested by p0y28590476)\n|inactive|Time left: 300 sec this turn | 300 sec total | 60 sec grace\n|inactive|p0x2859e0de also wants the timer to be on.\n|\n|t:|1783571992\n|move|p2a: Rotom|Overheat|p1a: Kricketune\n|-supereffective|p1a: Kricketune\n|-enditem|p1a: Kricketune|Focus Sash\n|-damage|p1a: Kricketune|1/311\n|-unboost|p2a: Rotom|spa|2\n|move|p1a: Kricketune|Sticky Web|p2a: Rotom\n|-sidestart|p2: p0y28590476|move: Sticky Web\n|\n|upkeep\n|turn|2\n|inactive|Time left: 300 sec this turn | 300 sec total\n|\n|t:|1783571993\n|move|p2a: Rotom|Volt Switch|p1a: Kricketune\n|-damage|p1a: Kricketune|0 fnt\n|faint|p1a: Kricketune\n|\n|t:|1783571994\n|switch|p2a: Salamence|Salamence, L77, F|100/100|[from] Volt Switch\n|\n|upkeep\n|inactive|Time left: 300 sec this turn | 300 sec total | 10 sec grace\n|\n|t:|1783571995\n|switch|p1a: Stantler|Stantler, L92, F|284/284\n|-ability|p1a: Stantler|Intimidate|boost\n|-unboost|p2a: Salamence|atk|1\n|turn|3\n|inactive|Time left: 300 sec this turn | 300 sec total\n|\n|t:|1783571996\n|move|p1a: Stantler|Body Slam|p2a: Salamence\n|-damage|p2a: Salamence|58/100\n|move|p2a: Salamence|Dragon Dance|p2a: Salamence\n|-boost|p2a: Salamence|atk|1\n|-boost|p2a: Salamence|spe|1\n|\n|upkeep\n|turn|4\n|inactive|Time left: 300 sec this turn | 300 sec total\n|\n|t:|1783571997\n|move|p2a: Salamence|Outrage|p1a: Stantler\n|-damage|p1a: Stantler|172/284\n|move|p1a: Stantler|Body Slam|p2a: Salamence\n|-damage|p2a: Salamence|15/100\n|-status|p2a: Salamence|par\n|\n|upkeep\n|turn|5\n|inactive|Time left: 300 sec this turn | 300 sec total\n|\n|t:|1783571998\n|move|p1a: Stantler|Body Slam|p2a: Salamence\n|-damage|p2a: Salamence|0 fnt\n|faint|p2a: Salamence\n|\n|upkeep\n|\n|t:|1783571999\n|switch|p2a: Tornadus|Tornadus, L82, M|100/100\n|turn|6\n|inactive|Time left: 300 sec this turn | 300 sec total\n|\n|t:|1783572000\n|move|p2a: Tornadus|Focus Blast|p1a: Stantler\n|-supereffective|p1a: Stantler\n|-damage|p1a: Stantler|20/284\n|move|p1a: Stantler|Body Slam|p2a: Tornadus\n|-damage|p2a: Tornadus|52/100\n|\n|upkeep\n|turn|7\n|inactive|Time left: 300 sec this turn | 300 sec total\n|\n|t:|1783572001\n|move|p2a: Tornadus|Bleakwind Storm|p1a: Stantler\n|-damage|p1a: Stantler|0 fnt\n|faint|p1a: Stantler\n|\n|upkeep\n|inactive|Time left: 300 sec this turn | 300 sec total | 5 sec grace\n|\n|t:|1783572002\n|switch|p1a: Delphox|Delphox, L84, F|263/263\n|turn|8\n|inactive|Time left: 300 sec this turn | 300 sec total\n|\n|t:|1783572003\n|move|p2a: Tornadus|Bleakwind Storm|p1a: Delphox\n|-damage|p1a: Delphox|157/263\n|-unboost|p1a: Delphox|spe|1\n|move|p1a: Delphox|Fire Blast|p2a: Tornadus\n|-damage|p2a: Tornadus|0 fnt\n|faint|p2a: Tornadus\n|\n|upkeep\n|\n|t:|1783572004\n|switch|p2a: Crawdaunt|Crawdaunt, L84, F|100/100\n|-activate|p2a: Crawdaunt|move: Sticky Web\n|-unboost|p2a: Crawdaunt|spe|1\n|turn|9\n|inactive|Time left: 300 sec this turn | 300 sec total\n|\n|t:|1783572005\n|switch|p1a: Arceus|Arceus-Grass, L73|296/296\n|move|p2a: Crawdaunt|Knock Off|p1a: Arceus\n|-damage|p1a: Arceus|156/296\n|-damage|p2a: Crawdaunt|91/100|[from] item: Life Orb\n|\n|upkeep\n|turn|10\n|inactive|Time left: 300 sec this turn | 300 sec total\n|\n|t:|1783572006\n|switch|p2a: Oranguru|Oranguru, L92, F|100/100\n|-activate|p2a: Oranguru|move: Sticky Web\n|-unboost|p2a: Oranguru|spe|1\n|move|p1a: Arceus|Judgment|p2a: Oranguru\n|-damage|p2a: Oranguru|70/100\n|\n|upkeep\n|turn|11\n|inactive|Time left: 300 sec this turn | 300 sec total\n|\n|t:|1783572007\n|move|p1a: Arceus|Judgment|p2a: Oranguru\n|-damage|p2a: Oranguru|42/100\n|move|p2a: Oranguru|Psyshock|p1a: Arceus\n|-damage|p1a: Arceus|27/296\n|\n|upkeep\n|turn|12\n|inactive|Time left: 300 sec this turn | 300 sec total\n|\n|t:|1783572007\n|move|p1a: Arceus|Judgment|p2a: Oranguru\n|-damage|p2a: Oranguru|14/100\n|move|p2a: Oranguru|Psyshock|p1a: Arceus\n|-damage|p1a: Arceus|0 fnt\n|faint|p1a: Arceus\n|\n|upkeep\n|inactive|Time left: 300 sec this turn | 300 sec total | 5 sec grace\n|\n|t:|1783572008\n|switch|p1a: Sandslash|Sandslash, L89, M|278/278\n|turn|13\n|inactive|Time left: 300 sec this turn | 300 sec total\n|\n|t:|1783572009\n|move|p1a: Sandslash|Swords Dance|p1a: Sandslash\n|-boost|p1a: Sandslash|atk|2\n|move|p2a: Oranguru|Psyshock|p1a: Sandslash\n|-damage|p1a: Sandslash|157/278\n|\n|-heal|p1a: Sandslash|174/278|[from] item: Leftovers\n|upkeep\n|turn|14\n|inactive|Time left: 300 sec this turn | 300 sec total\n|\n|t:|1783572010\n|move|p1a: Sandslash|Knock Off|p2a: Oranguru\n|-supereffective|p2a: Oranguru\n|-damage|p2a: Oranguru|0 fnt\n|-enditem|p2a: Oranguru|Choice Specs|[from] move: Knock Off|[of] p1a: Sandslash\n|faint|p2a: Oranguru\n|\n|-heal|p1a: Sandslash|191/278|[from] item: Leftovers\n|upkeep\n|\n|t:|1783572011\n|switch|p2a: Rotom|Rotom-Heat, L83|100/100\n|turn|15\n|inactive|Time left: 300 sec this turn | 300 sec total\n|\n|t:|1783572012\n|-terastallize|p2a: Rotom|Fire\n|move|p2a: Rotom|Overheat|p1a: Sandslash\n|-damage|p1a: Sandslash|0 fnt\n|-unboost|p2a: Rotom|spa|2\n|faint|p1a: Sandslash\n|\n|upkeep\n|inactive|Time left: 300 sec this turn | 300 sec total | 5 sec grace\n|\n|t:|1783572013\n|switch|p1a: Delphox|Delphox, L84, F|157/263\n|turn|16\n|inactive|Time left: 300 sec this turn | 300 sec total\n|\n|t:|1783572014\n|move|p1a: Delphox|Nasty Plot|p1a: Delphox\n|-boost|p1a: Delphox|spa|2\n|move|p2a: Rotom|Volt Switch|p1a: Delphox\n|-damage|p1a: Delphox|123/263\n|\n|t:|1783572015\n|switch|p2a: Crawdaunt|Crawdaunt, L84, F|91/100|[from] Volt Switch\n|-activate|p2a: Crawdaunt|move: Sticky Web\n|-unboost|p2a: Crawdaunt|spe|1\n|\n|upkeep\n|turn|17\n|inactive|Time left: 300 sec this turn | 300 sec total\n|\n|t:|1783572016\n|move|p2a: Crawdaunt|Aqua Jet|p1a: Delphox\n|-supereffective|p1a: Delphox\n|-damage|p1a: Delphox|0 fnt\n|faint|p1a: Delphox\n|-damage|p2a: Crawdaunt|81/100|[from] item: Life Orb\n|\n|upkeep\n|inactive|Time left: 300 sec this turn | 300 sec total | 5 sec grace\n|\n|t:|1783572016\n|switch|p1a: Tentacruel|Tentacruel, L84, F|272/272\n|turn|18\n|inactive|Time left: 300 sec this turn | 300 sec total\n|\n|t:|1783572018\n|move|p1a: Tentacruel|Sludge Bomb|p2a: Crawdaunt\n|-damage|p2a: Crawdaunt|31/100\n|-status|p2a: Crawdaunt|psn\n|move|p2a: Crawdaunt|Knock Off|p1a: Tentacruel\n|-damage|p1a: Tentacruel|15/272\n|-enditem|p1a: Tentacruel|Leftovers|[from] move: Knock Off|[of] p2a: Crawdaunt\n|-damage|p2a: Crawdaunt|21/100 psn|[from] item: Life Orb\n|\n|-damage|p2a: Crawdaunt|9/100 psn|[from] psn\n|upkeep\n|turn|19\n|inactive|Time left: 300 sec this turn | 300 sec total\n|\n|t:|1783572019\n|-terastallize|p1a: Tentacruel|Grass\n|move|p2a: Crawdaunt|Aqua Jet|p1a: Tentacruel\n|-resisted|p1a: Tentacruel\n|-damage|p1a: Tentacruel|0 fnt\n|faint|p1a: Tentacruel\n|-damage|p2a: Crawdaunt|0 fnt|[from] item: Life Orb\n|faint|p2a: Crawdaunt\n|\n|win|p0y28590476", "uploadtime": 1783572019, "views": 0, "rating": 0, "private": 0, "password": null, "_winner": "p0y28590476", "_our_name": "p0x2859e0de"}