{"id": "battle-gen9randombattle-182", "formatid": "gen9randombattle", "format": "[Gen 9] Random Battle", "players": ["p0x182894a", "p0y182899e"], "log": "|init|battle\n|title|p0x182894a vs. p0y182899e\n|j|\u2606p0x182894a\n|j|\u2606p0y182899e\n|t:|1783541222\n|gametype|singles\n|player|p1|p0x182894a|266|\n|player|p2|p0y182899e|266|\n|gen|9\n|tier|[Gen 9] Random Battle\n|rule|Species Clause: Limit one of each Pok\u00e9mon\n|rule|HP Percentage Mod: HP is shown in percentages\n|rule|Sleep Clause Mod: Limit one foe put to sleep\n|rule|Illusion Level Mod: Illusion disguises the Pok\u00e9mon's true level\n|\n|t:|1783541222\n|teamsize|p1|6\n|teamsize|p2|6\n|start\n|switch|p1a: Volcarona|Volcarona, L77, M|257/257\n|switch|p2a: Reshiram|Reshiram, L76|100/100\n|-ability|p2a: Reshiram|Turboblaze\n|turn|1\n|inactive|Battle timer is ON: inactive players will automatically lose when time's up. (requested by p0x182894a)\n|\n|t:|1783541224\n|move|p1a: Volcarona|Quiver Dance|p1a: Volcarona\n|-boost|p1a: Volcarona|spa|1\n|-boost|p1a: Volcarona|spd|1\n|-boost|p1a: Volcarona|spe|1\n|move|p2a: Reshiram|Blue Flare|p1a: Volcarona\n|-damage|p1a: Volcarona|157/257\n|\n|upkeep\n|turn|2\n|inactive|Time left: 300 sec this turn | 300 sec total\n|inactive|p0y182899e also wants the timer to be on.\n|\n|t:|1783541225\n|move|p1a: Volcarona|Quiver Dance|p1a: Volcarona\n|-boost|p1a: Volcarona|spa|1\n|-boost|p1a: Volcarona|spd|1\n|-boost|p1a: Volcarona|spe|1\n|move|p2a: Reshiram|Dragon Tail|p1a: Volcarona\n|-damage|p1a: Volcarona|70/257\n|drag|p1a: Grafaiai|Grafaiai, L86, M|249/249\n|\n|upkeep\n|turn|3\n|inactive|Time left: 300 sec this turn | 300 sec total\n|\n|t:|1783541227\n|move|p1a: Grafaiai|Super Fang|p2a: Reshiram\n|-damage|p2a: Reshiram|51/100\n|move|p2a: Reshiram|Blue Flare|p1a: Grafaiai\n|-damage|p1a: Grafaiai|116/249\n|\n|upkeep\n|turn|4\n|inactive|Time left: 300 sec this turn | 300 sec total\n|\n|t:|1783541228\n|move|p1a: Grafaiai|Gunk Shot|p2a: Reshiram|[miss]\n|-miss|p1a: Grafaiai|p2a: Reshiram\n|move|p2a: Reshiram|Blue Flare|p1a: Grafaiai\n|-damage|p1a: Grafaiai|0 fnt\n|faint|p1a: Grafaiai\n|\n|upkeep\n|inactive|Time left: 300 sec this turn | 300 sec total | 5 sec grace\n|\n|t:|1783541229\n|switch|p1a: Medicham|Medicham, L86, M|243/243\n|turn|5\n|inactive|Time left: 300 sec this turn | 300 sec total\n|\n|t:|1783541230\n|switch|p2a: Ceruledge|Ceruledge, L78, M|100/100\n|move|p1a: Medicham|Close Combat|p2a: Ceruledge\n|-immune|p2a: Ceruledge\n|\n|upkeep\n|turn|6\n|inactive|Time left: 300 sec this turn | 300 sec total\n|\n|t:|1783541231\n|switch|p1a: Zapdos|Zapdos-Galar, L77|265/265\n|move|p2a: Ceruledge|Poltergeist|p1a: Zapdos\n|-activate|p1a: Zapdos|move: Poltergeist|Life Orb\n|-damage|p1a: Zapdos|142/265\n|\n|upkeep\n|turn|7\n|inactive|Time left: 300 sec this turn | 300 sec total\n|\n|t:|1783541232\n|move|p1a: Zapdos|Bulk Up|p1a: Zapdos\n|-boost|p1a: Zapdos|atk|1\n|-boost|p1a: Zapdos|def|1\n|move|p2a: Ceruledge|Bitter Blade|p1a: Zapdos\n|-damage|p1a: Zapdos|66/265\n|\n|upkeep\n|turn|8\n|inactive|Time left: 300 sec this turn | 300 sec total\n|\n|t:|1783541233\n|switch|p2a: Tinkaton|Tinkaton, L82, F|100/100\n|-ability|p2a: Tinkaton|Mold Breaker\n|move|p1a: Zapdos|Knock Off|p2a: Tinkaton\n|-resisted|p2a: Tinkaton\n|-damage|p2a: Tinkaton|72/100\n|-enditem|p2a: Tinkaton|Leftovers|[from] move: Knock Off|[of] p1a: Zapdos\n|-damage|p1a: Zapdos|40/265|[from] item: Life Orb\n|\n|upkeep\n|turn|9\n|inactive|Time left: 300 sec this turn | 300 sec total\n|\n|t:|1783541234\n|move|p2a: Tinkaton|Gigaton Hammer|p1a: Zapdos\n|-damage|p1a: Zapdos|0 fnt\n|faint|p1a: Zapdos\n|\n|upkeep\n|inactive|Time left: 300 sec this turn | 300 sec total | 5 sec grace\n|\n|t:|1783541235\n|switch|p1a: Medicham|Medicham, L86, M|243/243\n|turn|10\n|inactive|Time left: 300 sec this turn | 300 sec total\n|\n|t:|1783541236\n|move|p2a: Tinkaton|Play Rough|p1a: Medicham\n|-supereffective|p1a: Medicham\n|-damage|p1a: Medicham|75/243\n|move|p1a: Medicham|Close Combat|p2a: Tinkaton\n|-damage|p2a: Tinkaton|0 fnt\n|-unboost|p1a: Medicham|def|1\n|-unboost|p1a: Medicham|spd|1\n|faint|p2a: Tinkaton\n|\n|upkeep\n|\n|t:|1783541237\n|switch|p2a: Ceruledge|Ceruledge, L78, M|100/100\n|turn|11\n|inactive|Time left: 300 sec this turn | 300 sec total\n|\n|t:|1783541238\n|move|p1a: Medicham|Close Combat|p2a: Ceruledge\n|-immune|p2a: Ceruledge\n|move|p2a: Ceruledge|Swords Dance|p2a: Ceruledge\n|-boost|p2a: Ceruledge|atk|2\n|\n|upkeep\n|turn|12\n|inactive|Time left: 300 sec this turn | 300 sec total\n|\n|t:|1783541239\n|switch|p1a: Volcarona|Volcarona, L77, M|70/257\n|move|p2a: Ceruledge|Bitter Blade|p1a: Volcarona\n|-damage|p1a: Volcarona|0 fnt\n|faint|p1a: Volcarona\n|\n|upkeep\n|inactive|Time left: 300 sec this turn | 300 sec total | 5 sec grace\n|\n|t:|1783541240\n|switch|p1a: Houndstone|Houndstone, L86, F|264/264\n|turn|13\n|inactive|Time left: 300 sec this turn | 300 sec total\n|\n|t:|1783541241\n|-terastallize|p1a: Houndstone|Fighting\n|move|p2a: Ceruledge|Poltergeist|p1a: Houndstone\n|-activate|p1a: Houndstone|move: Poltergeist|Leftovers\n|-damage|p1a: Houndstone|36/264\n|move|p1a: Houndstone|Poltergeist|p2a: Ceruledge\n|-activate|p2a: Ceruledge|move: Poltergeist|Heavy-Duty Boots\n|-supereffective|p2a: Ceruledge\n|-damage|p2a: Ceruledge|0 fnt\n|faint|p2a: Ceruledge\n|\n|-heal|p1a: Houndstone|52/264|[from] item: Leftovers\n|upkeep\n|\n|t:|1783541242\n|switch|p2a: Baxcalibur|Baxcalibur, L75, F|100/100\n|turn|14\n|inactive|Time left: 300 sec this turn | 300 sec total\n|\n|t:|1783541243\n|move|p2a: Baxcalibur|Scale Shot|p1a: Houndstone\n|-damage|p1a: Houndstone|27/264\n|-damage|p1a: Houndstone|0 fnt\n|faint|p1a: Houndstone\n|-hitcount|p1: Houndstone|2\n|-unboost|p2a: Baxcalibur|def|1\n|-boost|p2a: Baxcalibur|spe|1\n|\n|upkeep\n|inactive|Time left: 300 sec this turn | 300 sec total | 5 sec grace\n|\n|t:|1783541243\n|switch|p1a: Dragapult|Dragapult, L77, F|262/262\n|turn|15\n|inactive|Time left: 300 sec this turn | 300 sec total\n|\n|t:|1783541244\n|switch|p2a: Banette|Banette, L93, F|100/100\n|move|p1a: Dragapult|Dragon Darts|p2a: Banette\n|-damage|p2a: Banette|76/100\n|-anim|p1a: Dragapult|Dragon Darts|p2a: Banette\n|-damage|p2a: Banette|56/100\n|\n|upkeep\n|turn|16\n|inactive|Time left: 300 sec this turn | 300 sec total\n|\n|t:|1783541245\n|-terastallize|p2a: Banette|Ghost\n|move|p2a: Banette|Shadow Sneak|p1a: Dragapult\n|-supereffective|p1a: Dragapult\n|-damage|p1a: Dragapult|23/262\n|-damage|p2a: Banette|46/100|[from] item: Life Orb\n|move|p1a: Dragapult|U-turn|p2a: Banette\n|-resisted|p2a: Banette\n|-damage|p2a: Banette|35/100\n|-start|p1a: Dragapult|Disable|U-turn|[from] ability: Cursed Body|[of] p2a: Banette\n|inactive|Time left: 300 sec this turn | 300 sec total | 5 sec grace\n|\n|t:|1783541246\n|switch|p1a: Medicham|Medicham, L86, M|75/243|[from] U-turn\n|\n|upkeep\n|turn|17\n|inactive|Time left: 300 sec this turn | 300 sec total\n|\n|t:|1783541247\n|move|p2a: Banette|Shadow Sneak|p1a: Medicham\n|-supereffective|p1a: Medicham\n|-damage|p1a: Medicham|0 fnt\n|faint|p1a: Medicham\n|-damage|p2a: Banette|25/100|[from] item: Life Orb\n|\n|upkeep\n|inactive|Time left: 300 sec this turn | 300 sec total | 5 sec grace\n|\n|t:|1783541248\n|switch|p1a: Dragapult|Dragapult, L77, F|23/262\n|turn|18\n|inactive|Time left: 300 sec this turn | 300 sec total\n|\n|t:|1783541249\n|move|p2a: Banette|Shadow Sneak|p1a: Dragapult\n|-supereffective|p1a: Dragapult\n|-damage|p1a: Dragapult|0 fnt\n|faint|p1a: Dragapult\n|-damage|p2a: Banette|15/100|[from] item: Life Orb\n|\n|win|p0y182899e", "uploadtime": 1783541249, "views": 0, "rating": 0, "private": 0, "password": null, "_winner": "p0y182899e", "_our_name": "p0x182894a"}