{"id": "battle-gen9randombattle-115", "formatid": "gen9randombattle", "format": "[Gen 9] Random Battle", "players": ["p0x115684f", "p0y115f6b1"], "log": "|init|battle\n|title|p0x115684f vs. p0y115f6b1\n|j|\u2606p0x115684f\n|j|\u2606p0y115f6b1\n|t:|1783534611\n|gametype|singles\n|player|p1|p0x115684f|2|\n|player|p2|p0y115f6b1|265|\n|gen|9\n|tier|[Gen 9] Random Battle\n|rule|Species Clause: Limit one of each Pok\u00e9mon\n|rule|HP Percentage Mod: HP is shown in percentages\n|rule|Sleep Clause Mod: Limit one foe put to sleep\n|rule|Illusion Level Mod: Illusion disguises the Pok\u00e9mon's true level\n|\n|t:|1783534611\n|teamsize|p1|6\n|teamsize|p2|6\n|start\n|switch|p1a: Iron Hands|Iron Hands, L79|100/100\n|switch|p2a: Hippowdon|Hippowdon, L82, F|311/311\n|-weather|Sandstorm|[from] ability: Sand Stream|[of] p2a: Hippowdon\n|turn|1\n|inactive|Battle timer is ON: inactive players will automatically lose when time's up. (requested by p0x115684f)\n|inactive|Time left: 300 sec this turn | 300 sec total | 60 sec grace\n|inactive|p0y115f6b1 also wants the timer to be on.\n|\n|t:|1783534613\n|-end|p1a: Iron Hands|Quark Drive|[silent]\n|switch|p1a: Oranguru|Oranguru, L92, M|100/100\n|move|p2a: Hippowdon|Earthquake|p1a: Oranguru\n|-damage|p1a: Oranguru|66/100\n|\n|-weather|Sandstorm|[upkeep]\n|-damage|p1a: Oranguru|60/100|[from] Sandstorm\n|-heal|p1a: Oranguru|66/100|[from] item: Leftovers\n|upkeep\n|turn|2\n|inactive|Time left: 300 sec this turn | 300 sec total\n|\n|t:|1783534614\n|move|p1a: Oranguru|Nasty Plot|p1a: Oranguru\n|-boost|p1a: Oranguru|spa|2\n|move|p2a: Hippowdon|Earthquake|p1a: Oranguru\n|-damage|p1a: Oranguru|32/100\n|\n|-weather|Sandstorm|[upkeep]\n|-damage|p1a: Oranguru|26/100|[from] Sandstorm\n|-heal|p1a: Oranguru|32/100|[from] item: Leftovers\n|upkeep\n|turn|3\n|inactive|Time left: 300 sec this turn | 300 sec total\n|\n|t:|1783534616\n|move|p1a: Oranguru|Psychic|p2a: Hippowdon\n|-damage|p2a: Hippowdon|64/311\n|move|p2a: Hippowdon|Earthquake|p1a: Oranguru\n|-damage|p1a: Oranguru|0 fnt\n|faint|p1a: Oranguru\n|\n|-weather|Sandstorm|[upkeep]\n|-heal|p2a: Hippowdon|83/311|[from] item: Leftovers\n|upkeep\n|\n|t:|1783534617\n|switch|p1a: Florges|Florges-Blue, L85, F|100/100\n|turn|4\n|inactive|Time left: 300 sec this turn | 300 sec total\n|\n|t:|1783534618\n|switch|p2a: Tinkaton|Tinkaton, L82, F|274/274\n|-ability|p2a: Tinkaton|Mold Breaker\n|move|p1a: Florges|Moonblast|p2a: Tinkaton\n|-resisted|p2a: Tinkaton\n|-damage|p2a: Tinkaton|220/274\n|-unboost|p2a: Tinkaton|spa|1\n|\n|-weather|Sandstorm|[upkeep]\n|-damage|p1a: Florges|95/100|[from] Sandstorm\n|-heal|p2a: Tinkaton|237/274|[from] item: Leftovers\n|-heal|p1a: Florges|100/100|[from] item: Leftovers\n|upkeep\n|turn|5\n|inactive|Time left: 300 sec this turn | 300 sec total\n|\n|t:|1783534619\n|switch|p1a: Gurdurr|Gurdurr, L85, F|100/100\n|move|p2a: Tinkaton|Swords Dance|p2a: Tinkaton\n|-boost|p2a: Tinkaton|atk|2\n|\n|-weather|none\n|-heal|p2a: Tinkaton|254/274|[from] item: Leftovers\n|upkeep\n|turn|6\n|inactive|Time left: 300 sec this turn | 300 sec total\n|\n|t:|1783534620\n|-terastallize|p1a: Gurdurr|Steel\n|move|p2a: Tinkaton|Play Rough|p1a: Gurdurr\n|-resisted|p1a: Gurdurr\n|-damage|p1a: Gurdurr|82/100\n|move|p1a: Gurdurr|Bulk Up|p1a: Gurdurr\n|-boost|p1a: Gurdurr|atk|1\n|-boost|p1a: Gurdurr|def|1\n|\n|-heal|p2a: Tinkaton|271/274|[from] item: Leftovers\n|upkeep\n|turn|7\n|inactive|Time left: 300 sec this turn | 300 sec total\n|\n|t:|1783534621\n|move|p2a: Tinkaton|Protect|p2a: Tinkaton\n|-singleturn|p2a: Tinkaton|Protect\n|move|p1a: Gurdurr|Drain Punch|p2a: Tinkaton\n|-activate|p2a: Tinkaton|move: Protect\n|\n|-heal|p2a: Tinkaton|274/274|[from] item: Leftovers\n|upkeep\n|turn|8\n|inactive|Time left: 300 sec this turn | 300 sec total\n|\n|t:|1783534622\n|move|p2a: Tinkaton|Gigaton Hammer|p1a: Gurdurr\n|-resisted|p1a: Gurdurr\n|-damage|p1a: Gurdurr|62/100\n|move|p1a: Gurdurr|Drain Punch|p2a: Tinkaton\n|-damage|p2a: Tinkaton|136/274\n|-heal|p1a: Gurdurr|86/100|[from] drain|[of] p2a: Tinkaton\n|\n|-heal|p2a: Tinkaton|153/274|[from] item: Leftovers\n|upkeep\n|turn|9\n|inactive|Time left: 300 sec this turn | 300 sec total\n|\n|t:|1783534623\n|move|p2a: Tinkaton|Protect|p2a: Tinkaton\n|-singleturn|p2a: Tinkaton|Protect\n|move|p1a: Gurdurr|Drain Punch|p2a: Tinkaton\n|-activate|p2a: Tinkaton|move: Protect\n|\n|-heal|p2a: Tinkaton|170/274|[from] item: Leftovers\n|upkeep\n|turn|10\n|inactive|Time left: 300 sec this turn | 300 sec total\n|\n|t:|1783534624\n|move|p2a: Tinkaton|Protect||[still]\n|-fail|p2a: Tinkaton\n|move|p1a: Gurdurr|Drain Punch|p2a: Tinkaton\n|-damage|p2a: Tinkaton|8/274\n|-heal|p1a: Gurdurr|100/100|[from] drain|[of] p2a: Tinkaton\n|\n|-heal|p2a: Tinkaton|25/274|[from] item: Leftovers\n|upkeep\n|turn|11\n|inactive|Time left: 300 sec this turn | 300 sec total\n|\n|t:|1783534625\n|move|p2a: Tinkaton|Protect|p2a: Tinkaton\n|-singleturn|p2a: Tinkaton|Protect\n|move|p1a: Gurdurr|Knock Off|p2a: Tinkaton\n|-activate|p2a: Tinkaton|move: Protect\n|\n|-heal|p2a: Tinkaton|42/274|[from] item: Leftovers\n|upkeep\n|turn|12\n|inactive|Time left: 300 sec this turn | 300 sec total\n|\n|t:|1783534625\n|switch|p2a: Primarina|Primarina, L83, F|268/268\n|move|p1a: Gurdurr|Knock Off|p2a: Primarina\n|-resisted|p2a: Primarina\n|-damage|p2a: Primarina|199/268\n|-enditem|p2a: Primarina|Leftovers|[from] move: Knock Off|[of] p1a: Gurdurr\n|\n|upkeep\n|turn|13\n|inactive|Time left: 300 sec this turn | 300 sec total\n|\n|t:|1783534627\n|move|p2a: Primarina|Psychic Noise|p1a: Gurdurr\n|-damage|p1a: Gurdurr|70/100\n|-start|p1a: Gurdurr|move: Heal Block\n|cant|p1a: Gurdurr|move: Heal Block|Drain Punch\n|\n|upkeep\n|turn|14\n|inactive|Time left: 300 sec this turn | 300 sec total\n|\n|t:|1783534627\n|move|p2a: Primarina|Psychic Noise|p1a: Gurdurr\n|-damage|p1a: Gurdurr|37/100\n|move|p1a: Gurdurr|Bulk Up|p1a: Gurdurr\n|-boost|p1a: Gurdurr|atk|1\n|-boost|p1a: Gurdurr|def|1\n|\n|-end|p1a: Gurdurr|move: Heal Block\n|upkeep\n|turn|15\n|inactive|Time left: 300 sec this turn | 300 sec total\n|\n|t:|1783534628\n|move|p2a: Primarina|Psychic Noise|p1a: Gurdurr\n|-damage|p1a: Gurdurr|3/100\n|-start|p1a: Gurdurr|move: Heal Block\n|move|p1a: Gurdurr|Knock Off|p2a: Primarina\n|-resisted|p2a: Primarina\n|-damage|p2a: Primarina|142/268\n|\n|upkeep\n|turn|16\n|inactive|Time left: 300 sec this turn | 300 sec total\n|\n|t:|1783534629\n|move|p1a: Gurdurr|Mach Punch|p2a: Primarina\n|-resisted|p2a: Primarina\n|-damage|p2a: Primarina|85/268\n|move|p2a: Primarina|Draining Kiss|p1a: Gurdurr\n|-resisted|p1a: Gurdurr\n|-damage|p1a: Gurdurr|0 fnt\n|-heal|p2a: Primarina|90/268|[from] drain|[of] p1a: Gurdurr\n|faint|p1a: Gurdurr\n|\n|upkeep\n|\n|t:|1783534630\n|switch|p1a: Florges|Florges-Blue, L85, F|100/100\n|turn|17\n|inactive|Time left: 300 sec this turn | 300 sec total\n|\n|t:|1783534631\n|switch|p2a: Gumshoos|Gumshoos, L95, M|321/321\n|move|p1a: Florges|Moonblast|p2a: Gumshoos\n|-damage|p2a: Gumshoos|192/321\n|\n|upkeep\n|turn|18\n|inactive|Time left: 300 sec this turn | 300 sec total\n|\n|t:|1783534631\n|move|p1a: Florges|Moonblast|p2a: Gumshoos\n|-damage|p2a: Gumshoos|48/321\n|move|p2a: Gumshoos|Double-Edge|p1a: Florges\n|-damage|p1a: Florges|0 fnt\n|faint|p1a: Florges\n|-damage|p2a: Gumshoos|0 fnt|[from] Recoil\n|faint|p2a: Gumshoos\n|\n|upkeep\n|inactive|Time left: 300 sec this turn | 300 sec total | 5 sec grace\n|\n|t:|1783534632\n|switch|p1a: Vivillon|Vivillon-Ocean, L83, F|100/100\n|switch|p2a: Tinkaton|Tinkaton, L82, F|42/274\n|-ability|p2a: Tinkaton|Mold Breaker\n|turn|19\n|inactive|Time left: 300 sec this turn | 300 sec total\n|\n|t:|1783534633\n|move|p2a: Tinkaton|Gigaton Hammer|p1a: Vivillon\n|-damage|p1a: Vivillon|27/100\n|move|p1a: Vivillon|Quiver Dance|p1a: Vivillon\n|-boost|p1a: Vivillon|spa|1\n|-boost|p1a: Vivillon|spd|1\n|-boost|p1a: Vivillon|spe|1\n|\n|-heal|p2a: Tinkaton|59/274|[from] item: Leftovers\n|upkeep\n|turn|20\n|inactive|Time left: 300 sec this turn | 300 sec total\n|\n|t:|1783534634\n|move|p1a: Vivillon|Hurricane|p2a: Tinkaton\n|-resisted|p2a: Tinkaton\n|-damage|p2a: Tinkaton|0 fnt\n|faint|p2a: Tinkaton\n|\n|upkeep\n|inactive|Time left: 300 sec this turn | 300 sec total | 5 sec grace\n|\n|t:|1783534635\n|switch|p2a: Cetitan|Cetitan, L82, M|413/413\n|turn|21\n|inactive|Time left: 300 sec this turn | 300 sec total\n|\n|t:|1783534636\n|move|p2a: Cetitan|Ice Shard|p1a: Vivillon\n|-supereffective|p1a: Vivillon\n|-damage|p1a: Vivillon|0 fnt\n|faint|p1a: Vivillon\n|-damage|p2a: Cetitan|372/413|[from] item: Life Orb\n|\n|upkeep\n|\n|t:|1783534637\n|switch|p1a: Iron Hands|Iron Hands, L79|100/100\n|turn|22\n|inactive|Time left: 300 sec this turn | 300 sec total\n|\n|t:|1783534638\n|switch|p2a: Hippowdon|Hippowdon, L82, F|83/311\n|-weather|Sandstorm|[from] ability: Sand Stream|[of] p2a: Hippowdon\n|move|p1a: Iron Hands|Close Combat|p2a: Hippowdon\n|-damage|p2a: Hippowdon|0 fnt\n|-unboost|p1a: Iron Hands|def|1\n|-unboost|p1a: Iron Hands|spd|1\n|faint|p2a: Hippowdon\n|\n|-weather|Sandstorm|[upkeep]\n|-damage|p1a: Iron Hands|94/100|[from] Sandstorm\n|upkeep\n|inactive|Time left: 300 sec this turn | 300 sec total | 5 sec grace\n|\n|t:|1783534640\n|switch|p2a: Primarina|Primarina, L83, F|90/268\n|turn|23\n|inactive|Time left: 300 sec this turn | 300 sec total\n|\n|t:|1783534641\n|-end|p1a: Iron Hands|Quark Drive|[silent]\n|switch|p1a: Meloetta|Meloetta, L82|100/100\n|move|p2a: Primarina|Moonblast|p1a: Meloetta\n|-damage|p1a: Meloetta|72/100\n|-unboost|p1a: Meloetta|spa|1\n|\n|-weather|Sandstorm|[upkeep]\n|-damage|p1a: Meloetta|66/100|[from] Sandstorm\n|-damage|p2a: Primarina|74/268|[from] Sandstorm\n|upkeep\n|turn|24\n|inactive|Time left: 300 sec this turn | 300 sec total\n|\n|t:|1783534642\n|move|p1a: Meloetta|Relic Song|p2a: Primarina\n|-damage|p2a: Primarina|3/268\n|-formechange|p1a: Meloetta|Meloetta-Pirouette|[msg]\n|-damage|p1a: Meloetta|56/100|[from] item: Life Orb\n|move|p2a: Primarina|Draining Kiss|p1a: Meloetta\n|-supereffective|p1a: Meloetta\n|-damage|p1a: Meloetta|11/100\n|-heal|p2a: Primarina|104/268|[from] drain|[of] p1a: Meloetta\n|\n|-weather|Sandstorm|[upkeep]\n|-damage|p1a: Meloetta|5/100|[from] Sandstorm\n|-damage|p2a: Primarina|88/268|[from] Sandstorm\n|upkeep\n|turn|25\n|inactive|Time left: 300 sec this turn | 300 sec total\n|\n|t:|1783534643\n|switch|p2a: Chansey|Chansey, L85, F|564/564\n|move|p1a: Meloetta|Close Combat|p2a: Chansey\n|-supereffective|p2a: Chansey\n|-damage|p2a: Chansey|0 fnt\n|-unboost|p1a: Meloetta|def|1\n|-unboost|p1a: Meloetta|spd|1\n|faint|p2a: Chansey\n|-damage|p1a: Meloetta|0 fnt|[from] item: Life Orb\n|faint|p1a: Meloetta\n|\n|-weather|Sandstorm|[upkeep]\n|upkeep\n|inactive|Time left: 300 sec this turn | 300 sec total | 5 sec grace\n|\n|t:|1783534644\n|switch|p1a: Iron Hands|Iron Hands, L79|94/100\n|switch|p2a: Primarina|Primarina, L83, F|88/268\n|turn|26\n|inactive|Time left: 300 sec this turn | 300 sec total\n|\n|t:|1783534645\n|move|p1a: Iron Hands|Fake Out|p2a: Primarina\n|-damage|p2a: Primarina|47/268\n|cant|p2a: Primarina|flinch\n|\n|-weather|none\n|upkeep\n|turn|27\n|inactive|Time left: 300 sec this turn | 300 sec total\n|\n|t:|1783534646\n|move|p2a: Primarina|Moonblast|p1a: Iron Hands\n|-supereffective|p1a: Iron Hands\n|-damage|p1a: Iron Hands|41/100\n|-unboost|p1a: Iron Hands|spa|1\n|move|p1a: Iron Hands|Volt Switch|p2a: Primarina\n|-supereffective|p2a: Primarina\n|-crit|p2a: Primarina\n|-damage|p2a: Primarina|0 fnt\n|faint|p2a: Primarina\n|\n|upkeep\n|inactive|Time left: 300 sec this turn | 300 sec total | 5 sec grace\n|\n|t:|1783534647\n|switch|p2a: Cetitan|Cetitan, L82, M|372/413\n|turn|28\n|inactive|Time left: 300 sec this turn | 300 sec total\n|\n|t:|1783534648\n|-terastallize|p2a: Cetitan|Water\n|move|p2a: Cetitan|Liquidation|p1a: Iron Hands\n|-damage|p1a: Iron Hands|3/100\n|move|p1a: Iron Hands|Close Combat|p2a: Cetitan\n|-crit|p2a: Cetitan\n|-damage|p2a: Cetitan|65/413\n|-unboost|p1a: Iron Hands|def|1\n|-unboost|p1a: Iron Hands|spd|1\n|\n|upkeep\n|turn|29\n|inactive|Time left: 300 sec this turn | 300 sec total\n|\n|t:|1783534649\n|move|p2a: Cetitan|Liquidation|p1a: Iron Hands\n|-damage|p1a: Iron Hands|0 fnt\n|faint|p1a: Iron Hands\n|-end|p1a: Iron Hands|Quark Drive|[silent]\n|\n|win|p0y115f6b1", "uploadtime": 1783534649, "views": 0, "rating": 0, "private": 0, "password": null, "_winner": "p0y115f6b1", "_our_name": "p0y115f6b1"}