{"id": "battle-gen9randombattle-376", "formatid": "gen9randombattle", "format": "[Gen 9] Random Battle", "players": ["p0x376f26f", "p0y3760d48"], "log": "|init|battle\n|title|p0x376f26f vs. p0y3760d48\n|j|\u2606p0x376f26f\n|j|\u2606p0y3760d48\n|t:|1783543463\n|gametype|singles\n|player|p1|p0x376f26f|170|\n|player|p2|p0y3760d48|265|\n|gen|9\n|tier|[Gen 9] Random Battle\n|rule|Species Clause: Limit one of each Pok\u00e9mon\n|rule|HP Percentage Mod: HP is shown in percentages\n|rule|Sleep Clause Mod: Limit one foe put to sleep\n|rule|Illusion Level Mod: Illusion disguises the Pok\u00e9mon's true level\n|\n|t:|1783543463\n|teamsize|p1|6\n|teamsize|p2|6\n|start\n|switch|p1a: Pincurchin|Pincurchin, F|100/100\n|switch|p2a: Qwilfish|Qwilfish, L86, M|252/252\n|-ability|p2a: Qwilfish|Intimidate|boost\n|-unboost|p1a: Pincurchin|atk|1\n|-fieldstart|move: Electric Terrain|[from] ability: Electric Surge|[of] p1a: Pincurchin\n|turn|1\n|inactive|Battle timer is ON: inactive players will automatically lose when time's up. (requested by p0x376f26f)\n|inactive|Time left: 300 sec this turn | 300 sec total | 60 sec grace\n|inactive|p0y3760d48 also wants the timer to be on.\n|\n|t:|1783543465\n|switch|p2a: Pachirisu|Pachirisu, L96, M|271/271\n|move|p1a: Pincurchin|Zing Zap|p2a: Pachirisu\n|-immune|p2a: Pachirisu|[from] ability: Volt Absorb\n|\n|upkeep\n|turn|2\n|inactive|Time left: 300 sec this turn | 300 sec total\n|\n|t:|1783543466\n|switch|p1a: Houndstone|Houndstone, L86, M|100/100\n|move|p2a: Pachirisu|Super Fang|p1a: Houndstone\n|-immune|p1a: Houndstone\n|\n|upkeep\n|turn|3\n|inactive|Time left: 300 sec this turn | 300 sec total\n|\n|t:|1783543468\n|move|p2a: Pachirisu|Discharge|p1a: Houndstone\n|-damage|p1a: Houndstone|72/100\n|move|p1a: Houndstone|Poltergeist|p2a: Pachirisu\n|-activate|p2a: Pachirisu|move: Poltergeist|Heavy-Duty Boots\n|-damage|p2a: Pachirisu|69/271\n|\n|upkeep\n|turn|4\n|inactive|Time left: 300 sec this turn | 300 sec total\n|\n|t:|1783543469\n|move|p2a: Pachirisu|Discharge|p1a: Houndstone\n|-damage|p1a: Houndstone|46/100\n|move|p1a: Houndstone|Poltergeist|p2a: Pachirisu\n|-activate|p2a: Pachirisu|move: Poltergeist|Heavy-Duty Boots\n|-damage|p2a: Pachirisu|0 fnt\n|faint|p2a: Pachirisu\n|\n|upkeep\n|inactive|Time left: 300 sec this turn | 300 sec total | 5 sec grace\n|\n|t:|1783543470\n|switch|p2a: Qwilfish|Qwilfish, L86, M|252/252\n|-ability|p2a: Qwilfish|Intimidate|boost\n|-unboost|p1a: Houndstone|atk|1\n|turn|5\n|inactive|Time left: 300 sec this turn | 300 sec total\n|\n|t:|1783543471\n|move|p2a: Qwilfish|Toxic Spikes|p1a: Houndstone\n|-sidestart|p1: p0x376f26f|move: Toxic Spikes\n|move|p1a: Houndstone|Poltergeist|p2a: Qwilfish\n|-activate|p2a: Qwilfish|move: Poltergeist|Leftovers\n|-crit|p2a: Qwilfish\n|-damage|p2a: Qwilfish|0 fnt\n|faint|p2a: Qwilfish\n|\n|-fieldend|move: Electric Terrain\n|upkeep\n|inactive|Time left: 300 sec this turn | 300 sec total | 5 sec grace\n|\n|t:|1783543472\n|switch|p2a: Sinistcha|Sinistcha-Masterpiece, L83|254/254\n|turn|6\n|inactive|Time left: 300 sec this turn | 300 sec total\n|\n|t:|1783543473\n|move|p1a: Houndstone|Poltergeist|p2a: Sinistcha\n|-activate|p2a: Sinistcha|move: Poltergeist|Leftovers\n|-supereffective|p2a: Sinistcha\n|-damage|p2a: Sinistcha|26/254\n|move|p2a: Sinistcha|Calm Mind|p2a: Sinistcha\n|-boost|p2a: Sinistcha|spa|1\n|-boost|p2a: Sinistcha|spd|1\n|\n|-heal|p2a: Sinistcha|41/254|[from] item: Leftovers\n|upkeep\n|turn|7\n|inactive|Time left: 300 sec this turn | 300 sec total\n|\n|t:|1783543474\n|move|p1a: Houndstone|Poltergeist|p2a: Sinistcha\n|-activate|p2a: Sinistcha|move: Poltergeist|Leftovers\n|-supereffective|p2a: Sinistcha\n|-damage|p2a: Sinistcha|0 fnt\n|faint|p2a: Sinistcha\n|\n|upkeep\n|inactive|Time left: 300 sec this turn | 300 sec total | 5 sec grace\n|\n|t:|1783543475\n|switch|p2a: Malamar|Malamar, L82, F|275/275\n|turn|8\n|inactive|Time left: 300 sec this turn | 300 sec total\n|\n|t:|1783543476\n|move|p2a: Malamar|Knock Off|p1a: Houndstone\n|-supereffective|p1a: Houndstone\n|-damage|p1a: Houndstone|13/100\n|-enditem|p1a: Houndstone|Choice Band|[from] move: Knock Off|[of] p2a: Malamar\n|move|p1a: Houndstone|Poltergeist|p2a: Malamar\n|-activate|p2a: Malamar|move: Poltergeist|Chesto Berry\n|-damage|p2a: Malamar|190/275\n|\n|upkeep\n|turn|9\n|inactive|Time left: 300 sec this turn | 300 sec total\n|\n|t:|1783543477\n|move|p2a: Malamar|Knock Off|p1a: Houndstone\n|-supereffective|p1a: Houndstone\n|-damage|p1a: Houndstone|0 fnt\n|faint|p1a: Houndstone\n|\n|upkeep\n|\n|t:|1783543478\n|switch|p1a: Squawkabilly|Squawkabilly-Yellow, L89, F|100/100\n|turn|10\n|inactive|Time left: 300 sec this turn | 300 sec total\n|\n|t:|1783543479\n|move|p1a: Squawkabilly|Double-Edge|p2a: Malamar\n|-damage|p2a: Malamar|0 fnt\n|faint|p2a: Malamar\n|-damage|p1a: Squawkabilly|79/100|[from] Recoil\n|\n|upkeep\n|inactive|Time left: 300 sec this turn | 300 sec total | 5 sec grace\n|\n|t:|1783543480\n|switch|p2a: Hitmonlee|Hitmonlee, L85, M|223/223\n|turn|11\n|inactive|Time left: 300 sec this turn | 300 sec total\n|\n|t:|1783543481\n|move|p2a: Hitmonlee|High Jump Kick|p1a: Squawkabilly\n|-crit|p1a: Squawkabilly\n|-damage|p1a: Squawkabilly|0 fnt\n|faint|p1a: Squawkabilly\n|\n|upkeep\n|\n|t:|1783543482\n|switch|p1a: Pincurchin|Pincurchin, F|100/100\n|-status|p1a: Pincurchin|psn\n|-fieldstart|move: Electric Terrain|[from] ability: Electric Surge|[of] p1a: Pincurchin\n|turn|12\n|inactive|Time left: 300 sec this turn | 300 sec total\n|\n|t:|1783543483\n|switch|p2a: Tsareena|Tsareena, L87, F|267/267\n|move|p1a: Pincurchin|Zing Zap|p2a: Tsareena\n|-resisted|p2a: Tsareena\n|-damage|p2a: Tsareena|198/267\n|\n|-damage|p1a: Pincurchin|88/100 psn|[from] psn\n|upkeep\n|turn|13\n|inactive|Time left: 300 sec this turn | 300 sec total\n|\n|t:|1783543484\n|move|p2a: Tsareena|Power Whip|p1a: Pincurchin\n|-crit|p1a: Pincurchin\n|-damage|p1a: Pincurchin|18/100 psn\n|move|p1a: Pincurchin|Zing Zap|p2a: Tsareena\n|-resisted|p2a: Tsareena\n|-damage|p2a: Tsareena|126/267\n|\n|-heal|p1a: Pincurchin|24/100 psn|[from] item: Leftovers\n|-damage|p1a: Pincurchin|12/100 psn|[from] psn\n|upkeep\n|turn|14\n|inactive|Time left: 300 sec this turn | 300 sec total\n|\n|t:|1783543485\n|move|p2a: Tsareena|Power Whip|p1a: Pincurchin\n|-damage|p1a: Pincurchin|0 fnt\n|faint|p1a: Pincurchin\n|\n|upkeep\n|\n|t:|1783543486\n|switch|p1a: Smeargle|Smeargle, L95, M|100/100\n|-status|p1a: Smeargle|psn\n|turn|15\n|inactive|Time left: 300 sec this turn | 300 sec total\n|\n|t:|1783543487\n|move|p2a: Tsareena|Power Whip|p1a: Smeargle\n|-damage|p1a: Smeargle|2/100 psn\n|move|p1a: Smeargle|Population Bomb|p2a: Tsareena\n|-damage|p2a: Tsareena|110/267\n|-damage|p2a: Tsareena|95/267\n|-damage|p2a: Tsareena|79/267\n|-damage|p2a: Tsareena|63/267\n|-damage|p2a: Tsareena|47/267\n|-damage|p2a: Tsareena|32/267\n|-damage|p2a: Tsareena|17/267\n|-damage|p2a: Tsareena|2/267\n|-crit|p2a: Tsareena\n|-damage|p2a: Tsareena|0 fnt\n|faint|p2a: Tsareena\n|-hitcount|p2: Tsareena|9\n|\n|-damage|p1a: Smeargle|0 fnt|[from] psn\n|faint|p1a: Smeargle\n|upkeep\n|inactive|Time left: 300 sec this turn | 300 sec total | 5 sec grace\n|\n|t:|1783543488\n|switch|p1a: Dedenne|Dedenne, L88, M|100/100\n|switch|p2a: Hitmonlee|Hitmonlee, L85, M|223/223\n|-status|p1a: Dedenne|psn\n|turn|16\n|inactive|Time left: 300 sec this turn | 300 sec total\n|\n|t:|1783543489\n|move|p2a: Hitmonlee|Poison Jab|p1a: Dedenne\n|-supereffective|p1a: Dedenne\n|-damage|p1a: Dedenne|30/100 psn\n|-enditem|p1a: Dedenne|Sitrus Berry|[eat]\n|-heal|p1a: Dedenne|55/100 psn|[from] item: Sitrus Berry\n|-heal|p1a: Dedenne|88/100 psn|[from] ability: Cheek Pouch\n|move|p1a: Dedenne|Nuzzle|p2a: Hitmonlee\n|-damage|p2a: Hitmonlee|189/223\n|-status|p2a: Hitmonlee|par\n|\n|-damage|p1a: Dedenne|76/100 psn|[from] psn\n|-fieldend|move: Electric Terrain\n|upkeep\n|turn|17\n|inactive|Time left: 300 sec this turn | 300 sec total\n|\n|t:|1783543489\n|move|p1a: Dedenne|Dazzling Gleam|p2a: Hitmonlee\n|-supereffective|p2a: Hitmonlee\n|-damage|p2a: Hitmonlee|55/223 par\n|move|p2a: Hitmonlee|Poison Jab|p1a: Dedenne\n|-supereffective|p1a: Dedenne\n|-damage|p1a: Dedenne|2/100 psn\n|\n|-damage|p1a: Dedenne|0 fnt|[from] psn\n|faint|p1a: Dedenne\n|upkeep\n|\n|t:|1783543490\n|switch|p1a: Keldeo|Keldeo-Resolute, L79|100/100\n|-status|p1a: Keldeo|psn\n|turn|18\n|inactive|Time left: 300 sec this turn | 300 sec total\n|\n|t:|1783543491\n|-terastallize|p1a: Keldeo|Steel\n|-terastallize|p2a: Hitmonlee|Fighting\n|move|p1a: Keldeo|Secret Sword|p2a: Hitmonlee\n|-damage|p2a: Hitmonlee|0 fnt\n|faint|p2a: Hitmonlee\n|\n|win|p0x376f26f", "uploadtime": 1783543491, "views": 0, "rating": 0, "private": 0, "password": null, "_winner": "p0x376f26f", "_our_name": "p0y3760d48"}