{"id": "battle-gen9randombattle-1258", "formatid": "gen9randombattle", "format": "[Gen 9] Random Battle", "players": ["p0x1258c178", "p0y1258afca"], "log": "|init|battle\n|title|p0x1258c178 vs. p0y1258afca\n|j|\u2606p0x1258c178\n|j|\u2606p0y1258afca\n|t:|1783554594\n|gametype|singles\n|player|p1|p0x1258c178|266|\n|player|p2|p0y1258afca|1|\n|gen|9\n|tier|[Gen 9] Random Battle\n|rule|Species Clause: Limit one of each Pok\u00e9mon\n|rule|HP Percentage Mod: HP is shown in percentages\n|rule|Sleep Clause Mod: Limit one foe put to sleep\n|rule|Illusion Level Mod: Illusion disguises the Pok\u00e9mon's true level\n|\n|t:|1783554594\n|teamsize|p1|6\n|teamsize|p2|6\n|start\n|switch|p1a: Arceus|Arceus-Dragon, L71|288/288\n|switch|p2a: Blissey|Blissey, L85, F|100/100\n|turn|1\n|inactive|Battle timer is ON: inactive players will automatically lose when time's up. (requested by p0x1258c178)\n|inactive|p0y1258afca also wants the timer to be on.\n|\n|t:|1783554596\n|move|p1a: Arceus|Calm Mind|p1a: Arceus\n|-boost|p1a: Arceus|spa|1\n|-boost|p1a: Arceus|spd|1\n|move|p2a: Blissey|Stealth Rock|p1a: Arceus\n|-sidestart|p1: p0x1258c178|move: Stealth Rock\n|\n|upkeep\n|turn|2\n|inactive|Time left: 300 sec this turn | 300 sec total\n|\n|t:|1783554598\n|move|p1a: Arceus|Calm Mind|p1a: Arceus\n|-boost|p1a: Arceus|spa|1\n|-boost|p1a: Arceus|spd|1\n|move|p2a: Blissey|Seismic Toss|p1a: Arceus\n|-damage|p1a: Arceus|203/288\n|\n|upkeep\n|turn|3\n|inactive|Time left: 300 sec this turn | 300 sec total\n|\n|t:|1783554599\n|move|p1a: Arceus|Calm Mind|p1a: Arceus\n|-boost|p1a: Arceus|spa|1\n|-boost|p1a: Arceus|spd|1\n|move|p2a: Blissey|Seismic Toss|p1a: Arceus\n|-damage|p1a: Arceus|118/288\n|\n|upkeep\n|turn|4\n|inactive|Time left: 300 sec this turn | 300 sec total\n|\n|t:|1783554600\n|move|p1a: Arceus|Recover|p1a: Arceus\n|-heal|p1a: Arceus|262/288\n|move|p2a: Blissey|Seismic Toss|p1a: Arceus\n|-damage|p1a: Arceus|177/288\n|\n|upkeep\n|turn|5\n|inactive|Time left: 300 sec this turn | 300 sec total\n|\n|t:|1783554601\n|move|p1a: Arceus|Recover|p1a: Arceus\n|-heal|p1a: Arceus|288/288\n|move|p2a: Blissey|Thunder Wave|p1a: Arceus\n|-status|p1a: Arceus|par\n|\n|upkeep\n|turn|6\n|inactive|Time left: 300 sec this turn | 300 sec total\n|\n|t:|1783554602\n|move|p2a: Blissey|Seismic Toss|p1a: Arceus\n|-damage|p1a: Arceus|203/288 par\n|cant|p1a: Arceus|par\n|\n|upkeep\n|turn|7\n|inactive|Time left: 300 sec this turn | 300 sec total\n|\n|t:|1783554603\n|move|p2a: Blissey|Seismic Toss|p1a: Arceus\n|-damage|p1a: Arceus|118/288 par\n|move|p1a: Arceus|Judgment|p2a: Blissey\n|-damage|p2a: Blissey|67/100\n|\n|-heal|p2a: Blissey|74/100|[from] item: Leftovers\n|upkeep\n|turn|8\n|inactive|Time left: 300 sec this turn | 300 sec total\n|\n|t:|1783554604\n|move|p2a: Blissey|Seismic Toss|p1a: Arceus\n|-damage|p1a: Arceus|33/288 par\n|move|p1a: Arceus|Recover|p1a: Arceus\n|-heal|p1a: Arceus|177/288 par\n|\n|-heal|p2a: Blissey|80/100|[from] item: Leftovers\n|upkeep\n|turn|9\n|inactive|Time left: 300 sec this turn | 300 sec total\n|\n|t:|1783554605\n|move|p2a: Blissey|Seismic Toss|p1a: Arceus\n|-damage|p1a: Arceus|92/288 par\n|move|p1a: Arceus|Judgment|p2a: Blissey\n|-damage|p2a: Blissey|46/100\n|\n|-heal|p2a: Blissey|52/100|[from] item: Leftovers\n|upkeep\n|turn|10\n|inactive|Time left: 300 sec this turn | 300 sec total\n|\n|t:|1783554606\n|move|p2a: Blissey|Seismic Toss|p1a: Arceus\n|-damage|p1a: Arceus|7/288 par\n|move|p1a: Arceus|Recover|p1a: Arceus\n|-heal|p1a: Arceus|151/288 par\n|\n|-heal|p2a: Blissey|58/100|[from] item: Leftovers\n|upkeep\n|turn|11\n|inactive|Time left: 300 sec this turn | 300 sec total\n|\n|t:|1783554608\n|move|p2a: Blissey|Seismic Toss|p1a: Arceus\n|-damage|p1a: Arceus|66/288 par\n|move|p1a: Arceus|Recover|p1a: Arceus\n|-heal|p1a: Arceus|210/288 par\n|\n|-heal|p2a: Blissey|64/100|[from] item: Leftovers\n|upkeep\n|turn|12\n|inactive|Time left: 300 sec this turn | 300 sec total\n|\n|t:|1783554608\n|move|p2a: Blissey|Soft-Boiled|p2a: Blissey\n|-heal|p2a: Blissey|100/100\n|move|p1a: Arceus|Judgment|p2a: Blissey\n|-damage|p2a: Blissey|70/100\n|\n|-heal|p2a: Blissey|76/100|[from] item: Leftovers\n|upkeep\n|turn|13\n|inactive|Time left: 300 sec this turn | 300 sec total\n|\n|t:|1783554609\n|move|p2a: Blissey|Seismic Toss|p1a: Arceus\n|-damage|p1a: Arceus|125/288 par\n|move|p1a: Arceus|Judgment|p2a: Blissey\n|-damage|p2a: Blissey|44/100\n|\n|-heal|p2a: Blissey|50/100|[from] item: Leftovers\n|upkeep\n|turn|14\n|inactive|Time left: 300 sec this turn | 300 sec total\n|\n|t:|1783554610\n|move|p2a: Blissey|Seismic Toss|p1a: Arceus\n|-damage|p1a: Arceus|40/288 par\n|move|p1a: Arceus|Recover|p1a: Arceus\n|-heal|p1a: Arceus|184/288 par\n|\n|-heal|p2a: Blissey|56/100|[from] item: Leftovers\n|upkeep\n|turn|15\n|inactive|Time left: 300 sec this turn | 300 sec total\n|\n|t:|1783554612\n|move|p2a: Blissey|Soft-Boiled|p2a: Blissey\n|-heal|p2a: Blissey|100/100\n|move|p1a: Arceus|Judgment|p2a: Blissey\n|-damage|p2a: Blissey|67/100\n|\n|-heal|p2a: Blissey|73/100|[from] item: Leftovers\n|upkeep\n|turn|16\n|inactive|Time left: 300 sec this turn | 300 sec total\n|\n|t:|1783554613\n|move|p2a: Blissey|Seismic Toss|p1a: Arceus\n|-damage|p1a: Arceus|99/288 par\n|move|p1a: Arceus|Recover|p1a: Arceus\n|-heal|p1a: Arceus|243/288 par\n|\n|-heal|p2a: Blissey|80/100|[from] item: Leftovers\n|upkeep\n|turn|17\n|inactive|Time left: 300 sec this turn | 300 sec total\n|\n|t:|1783554614\n|move|p2a: Blissey|Seismic Toss|p1a: Arceus\n|-damage|p1a: Arceus|158/288 par\n|move|p1a: Arceus|Judgment|p2a: Blissey\n|-damage|p2a: Blissey|48/100\n|\n|-heal|p2a: Blissey|54/100|[from] item: Leftovers\n|upkeep\n|turn|18\n|inactive|Time left: 300 sec this turn | 300 sec total\n|\n|t:|1783554615\n|move|p2a: Blissey|Seismic Toss|p1a: Arceus\n|-damage|p1a: Arceus|73/288 par\n|move|p1a: Arceus|Recover|p1a: Arceus\n|-heal|p1a: Arceus|217/288 par\n|\n|-heal|p2a: Blissey|60/100|[from] item: Leftovers\n|upkeep\n|turn|19\n|inactive|Time left: 300 sec this turn | 300 sec total\n|\n|t:|1783554616\n|move|p2a: Blissey|Soft-Boiled|p2a: Blissey\n|-heal|p2a: Blissey|100/100\n|cant|p1a: Arceus|par\n|\n|upkeep\n|turn|20\n|inactive|Time left: 300 sec this turn | 300 sec total\n|\n|t:|1783554617\n|move|p2a: Blissey|Seismic Toss|p1a: Arceus\n|-damage|p1a: Arceus|132/288 par\n|cant|p1a: Arceus|par\n|\n|upkeep\n|turn|21\n|inactive|Time left: 300 sec this turn | 300 sec total\n|\n|t:|1783554618\n|move|p2a: Blissey|Seismic Toss|p1a: Arceus\n|-damage|p1a: Arceus|47/288 par\n|cant|p1a: Arceus|par\n|\n|upkeep\n|turn|22\n|inactive|Time left: 300 sec this turn | 300 sec total\n|\n|t:|1783554619\n|move|p2a: Blissey|Seismic Toss|p1a: Arceus\n|-damage|p1a: Arceus|0 fnt\n|faint|p1a: Arceus\n|\n|upkeep\n|inactive|Time left: 300 sec this turn | 300 sec total | 5 sec grace\n|\n|t:|1783554621\n|switch|p1a: Blastoise|Blastoise, L80, F|258/258\n|-damage|p1a: Blastoise|226/258|[from] Stealth Rock\n|turn|23\n|inactive|Time left: 300 sec this turn | 300 sec total\n|\n|t:|1783554622\n|switch|p2a: Victreebel|Victreebel, L90, M|100/100\n|move|p1a: Blastoise|Shell Smash|p1a: Blastoise\n|-unboost|p1a: Blastoise|def|1\n|-unboost|p1a: Blastoise|spd|1\n|-boost|p1a: Blastoise|atk|2\n|-boost|p1a: Blastoise|spa|2\n|-boost|p1a: Blastoise|spe|2\n|-enditem|p1a: Blastoise|White Herb\n|-clearnegativeboost|p1a: Blastoise|[silent]\n|\n|upkeep\n|turn|24\n|inactive|Time left: 300 sec this turn | 300 sec total\n|\n|t:|1783554623\n|move|p1a: Blastoise|Ice Beam|p2a: Victreebel\n|-supereffective|p2a: Victreebel\n|-damage|p2a: Victreebel|18/100\n|move|p2a: Victreebel|Power Whip|p1a: Blastoise\n|-supereffective|p1a: Blastoise\n|-damage|p1a: Blastoise|0 fnt\n|faint|p1a: Blastoise\n|-damage|p2a: Victreebel|8/100|[from] item: Life Orb\n|\n|upkeep\n|inactive|Time left: 300 sec this turn | 300 sec total | 5 sec grace\n|\n|t:|1783554624\n|switch|p1a: Gengar|Gengar, L81, F|230/230\n|-damage|p1a: Gengar|202/230|[from] Stealth Rock\n|turn|25\n|inactive|Time left: 300 sec this turn | 300 sec total\n|\n|t:|1783554625\n|move|p1a: Gengar|Nasty Plot|p1a: Gengar\n|-boost|p1a: Gengar|spa|2\n|move|p2a: Victreebel|Power Whip|p1a: Gengar|[miss]\n|-miss|p2a: Victreebel|p1a: Gengar\n|\n|upkeep\n|turn|26\n|inactive|Time left: 300 sec this turn | 300 sec total\n|\n|t:|1783554626\n|move|p1a: Gengar|Nasty Plot|p1a: Gengar\n|-boost|p1a: Gengar|spa|2\n|move|p2a: Victreebel|Power Whip|p1a: Gengar\n|-resisted|p1a: Gengar\n|-damage|p1a: Gengar|73/230\n|-damage|p2a: Victreebel|0 fnt|[from] item: Life Orb\n|faint|p2a: Victreebel\n|\n|upkeep\n|\n|t:|1783554627\n|switch|p2a: Espeon|Espeon, L84, M|100/100\n|turn|27\n|inactive|Time left: 300 sec this turn | 300 sec total\n|\n|t:|1783554628\n|switch|p1a: Samurott|Samurott-Hisui, L77, M|265/265\n|-damage|p1a: Samurott|232/265|[from] Stealth Rock\n|move|p2a: Espeon|Shadow Ball|p1a: Samurott\n|-resisted|p1a: Samurott\n|-damage|p1a: Samurott|174/265\n|-damage|p2a: Espeon|91/100|[from] item: Life Orb\n|\n|upkeep\n|turn|28\n|inactive|Time left: 300 sec this turn | 300 sec total\n|\n|t:|1783554629\n|move|p1a: Samurott|Sucker Punch|p2a: Espeon\n|-supereffective|p2a: Espeon\n|-damage|p2a: Espeon|0 fnt\n|faint|p2a: Espeon\n|-damage|p1a: Samurott|148/265|[from] item: Life Orb\n|\n|upkeep\n|\n|t:|1783554630\n|switch|p2a: Dedenne|Dedenne, L88, M|100/100\n|turn|29\n|inactive|Time left: 300 sec this turn | 300 sec total\n|\n|t:|1783554631\n|switch|p1a: Mamoswine|Mamoswine, L81, F|311/311\n|-damage|p1a: Mamoswine|273/311|[from] Stealth Rock\n|move|p2a: Dedenne|Thunderbolt|p1a: Mamoswine\n|-immune|p1a: Mamoswine\n|\n|upkeep\n|turn|30\n|inactive|Time left: 300 sec this turn | 300 sec total\n|\n|t:|1783554632\n|move|p2a: Dedenne|U-turn|p1a: Mamoswine\n|-damage|p1a: Mamoswine|233/311\n|\n|t:|1783554633\n|switch|p2a: Scream Tail|Scream Tail, L84|100/100|[from] U-turn\n|move|p1a: Mamoswine|Earthquake|p2a: Scream Tail\n|-damage|p2a: Scream Tail|54/100\n|-damage|p1a: Mamoswine|202/311|[from] item: Life Orb\n|\n|-heal|p2a: Scream Tail|60/100|[from] item: Leftovers\n|upkeep\n|turn|31\n|inactive|Time left: 300 sec this turn | 300 sec total\n|\n|t:|1783554634\n|move|p2a: Scream Tail|Dazzling Gleam|p1a: Mamoswine\n|-damage|p1a: Mamoswine|109/311\n|move|p1a: Mamoswine|Earthquake|p2a: Scream Tail\n|-damage|p2a: Scream Tail|13/100\n|-damage|p1a: Mamoswine|78/311|[from] item: Life Orb\n|\n|-heal|p2a: Scream Tail|19/100|[from] item: Leftovers\n|upkeep\n|turn|32\n|inactive|Time left: 300 sec this turn | 300 sec total\n|\n|t:|1783554635\n|move|p1a: Mamoswine|Ice Shard|p2a: Scream Tail\n|-damage|p2a: Scream Tail|1/100\n|-damage|p1a: Mamoswine|47/311|[from] item: Life Orb\n|move|p2a: Scream Tail|Dazzling Gleam|p1a: Mamoswine\n|-damage|p1a: Mamoswine|0 fnt\n|faint|p1a: Mamoswine\n|\n|-heal|p2a: Scream Tail|7/100|[from] item: Leftovers\n|upkeep\n|inactive|Time left: 300 sec this turn | 300 sec total | 5 sec grace\n|\n|t:|1783554636\n|switch|p1a: Raging Bolt|Raging Bolt, L78|323/323\n|-damage|p1a: Raging Bolt|283/323|[from] Stealth Rock\n|turn|33\n|inactive|Time left: 300 sec this turn | 300 sec total\n|\n|t:|1783554637\n|move|p2a: Scream Tail|Dazzling Gleam|p1a: Raging Bolt\n|-supereffective|p1a: Raging Bolt\n|-damage|p1a: Raging Bolt|157/323\n|move|p1a: Raging Bolt|Calm Mind|p1a: Raging Bolt\n|-boost|p1a: Raging Bolt|spa|1\n|-boost|p1a: Raging Bolt|spd|1\n|\n|-heal|p2a: Scream Tail|13/100|[from] item: Leftovers\n|-heal|p1a: Raging Bolt|177/323|[from] item: Leftovers\n|upkeep\n|turn|34\n|inactive|Time left: 300 sec this turn | 300 sec total\n|\n|t:|1783554638\n|move|p2a: Scream Tail|Encore|p1a: Raging Bolt\n|-start|p1a: Raging Bolt|Encore\n|move|p1a: Raging Bolt|Calm Mind|p1a: Raging Bolt\n|-boost|p1a: Raging Bolt|spa|1\n|-boost|p1a: Raging Bolt|spd|1\n|\n|-heal|p2a: Scream Tail|19/100|[from] item: Leftovers\n|-heal|p1a: Raging Bolt|197/323|[from] item: Leftovers\n|upkeep\n|turn|35\n|inactive|Time left: 300 sec this turn | 300 sec total\n|\n|t:|1783554639\n|move|p2a: Scream Tail|Dazzling Gleam|p1a: Raging Bolt\n|-supereffective|p1a: Raging Bolt\n|-damage|p1a: Raging Bolt|135/323\n|move|p1a: Raging Bolt|Calm Mind|p1a: Raging Bolt\n|-boost|p1a: Raging Bolt|spa|1\n|-boost|p1a: Raging Bolt|spd|1\n|\n|-heal|p2a: Scream Tail|25/100|[from] item: Leftovers\n|-heal|p1a: Raging Bolt|155/323|[from] item: Leftovers\n|upkeep\n|turn|36\n|inactive|Time left: 300 sec this turn | 300 sec total\n|\n|t:|1783554640\n|move|p2a: Scream Tail|Wish|p2a: Scream Tail\n|move|p1a: Raging Bolt|Calm Mind|p1a: Raging Bolt\n|-boost|p1a: Raging Bolt|spa|1\n|-boost|p1a: Raging Bolt|spd|1\n|\n|-heal|p2a: Scream Tail|31/100|[from] item: Leftovers\n|-heal|p1a: Raging Bolt|175/323|[from] item: Leftovers\n|-end|p1a: Raging Bolt|Encore\n|upkeep\n|turn|37\n|inactive|Time left: 300 sec this turn | 300 sec total\n|\n|t:|1783554641\n|move|p1a: Raging Bolt|Thunderclap||[still]\n|-fail|p1a: Raging Bolt\n|move|p2a: Scream Tail|Encore|p1a: Raging Bolt\n|-start|p1a: Raging Bolt|Encore\n|\n|-heal|p2a: Scream Tail|81/100|[from] move: Wish|[wisher] Scream Tail\n|-heal|p2a: Scream Tail|87/100|[from] item: Leftovers\n|-heal|p1a: Raging Bolt|195/323|[from] item: Leftovers\n|upkeep\n|turn|38\n|inactive|Time left: 300 sec this turn | 300 sec total\n|\n|t:|1783554642\n|-end|p2a: Scream Tail|Protosynthesis|[silent]\n|switch|p2a: Pawmot|Pawmot, L80, M|100/100\n|move|p1a: Raging Bolt|Thunderclap||[still]\n|-fail|p1a: Raging Bolt\n|\n|-heal|p1a: Raging Bolt|215/323|[from] item: Leftovers\n|upkeep\n|turn|39\n|inactive|Time left: 300 sec this turn | 300 sec total\n|\n|t:|1783554643\n|move|p1a: Raging Bolt|Thunderclap|p2a: Pawmot\n|-immune|p2a: Pawmot|[from] ability: Volt Absorb\n|move|p2a: Pawmot|Close Combat|p1a: Raging Bolt\n|-damage|p1a: Raging Bolt|68/323\n|-unboost|p2a: Pawmot|def|1\n|-unboost|p2a: Pawmot|spd|1\n|\n|-heal|p1a: Raging Bolt|88/323|[from] item: Leftovers\n|upkeep\n|turn|40\n|inactive|Time left: 300 sec this turn | 300 sec total\n|\n|t:|1783554644\n|move|p1a: Raging Bolt|Thunderclap|p2a: Pawmot\n|-immune|p2a: Pawmot|[from] ability: Volt Absorb\n|move|p2a: Pawmot|Close Combat|p1a: Raging Bolt\n|-damage|p1a: Raging Bolt|0 fnt\n|-unboost|p2a: Pawmot|def|1\n|-unboost|p2a: Pawmot|spd|1\n|faint|p1a: Raging Bolt\n|-end|p1a: Raging Bolt|Protosynthesis|[silent]\n|\n|upkeep\n|inactive|Time left: 300 sec this turn | 300 sec total | 5 sec grace\n|\n|t:|1783554645\n|switch|p1a: Gengar|Gengar, L81, F|73/230\n|-damage|p1a: Gengar|45/230|[from] Stealth Rock\n|turn|41\n|inactive|Time left: 300 sec this turn | 300 sec total\n|\n|t:|1783554646\n|switch|p2a: Blissey|Blissey, L85, F|100/100\n|move|p1a: Gengar|Sludge Wave|p2a: Blissey\n|-damage|p2a: Blissey|81/100\n|-damage|p1a: Gengar|22/230|[from] item: Life Orb\n|\n|-heal|p2a: Blissey|87/100|[from] item: Leftovers\n|upkeep\n|turn|42\n|inactive|Time left: 300 sec this turn | 300 sec total\n|\n|t:|1783554647\n|switch|p2a: Dedenne|Dedenne, L88, M|100/100\n|move|p1a: Gengar|Nasty Plot|p1a: Gengar\n|-boost|p1a: Gengar|spa|2\n|\n|upkeep\n|turn|43\n|inactive|Time left: 300 sec this turn | 300 sec total\n|\n|t:|1783554648\n|move|p2a: Dedenne|Dazzling Gleam|p1a: Gengar\n|-resisted|p1a: Gengar\n|-damage|p1a: Gengar|0 fnt\n|-start|p2a: Dedenne|Disable|Dazzling Gleam|[from] ability: Cursed Body|[of] p1a: Gengar\n|faint|p1a: Gengar\n|\n|upkeep\n|inactive|Time left: 300 sec this turn | 300 sec total | 5 sec grace\n|\n|t:|1783554649\n|switch|p1a: Samurott|Samurott-Hisui, L77, M|148/265\n|-damage|p1a: Samurott|115/265|[from] Stealth Rock\n|turn|44\n|inactive|Time left: 300 sec this turn | 300 sec total\n|\n|t:|1783554650\n|-terastallize|p2a: Dedenne|Flying\n|-terastallize|p1a: Samurott|Poison\n|move|p2a: Dedenne|Thunderbolt|p1a: Samurott\n|-damage|p1a: Samurott|0 fnt\n|faint|p1a: Samurott\n|\n|win|p0y1258afca", "uploadtime": 1783554650, "views": 0, "rating": 0, "private": 0, "password": null, "_winner": "p0y1258afca", "_our_name": "p0x1258c178"}