{"id": "battle-gen9randombattle-2862", "formatid": "gen9randombattle", "format": "[Gen 9] Random Battle", "players": ["p0x2862c852", "p0y2862e2aa"], "log": "|init|battle\n|title|p0x2862c852 vs. p0y2862e2aa\n|j|\u2606p0x2862c852\n|j|\u2606p0y2862e2aa\n|t:|1783572957\n|gametype|singles\n|player|p1|p0x2862c852|102|\n|player|p2|p0y2862e2aa|102|\n|gen|9\n|tier|[Gen 9] Random Battle\n|rule|Species Clause: Limit one of each Pok\u00e9mon\n|rule|HP Percentage Mod: HP is shown in percentages\n|rule|Sleep Clause Mod: Limit one foe put to sleep\n|rule|Illusion Level Mod: Illusion disguises the Pok\u00e9mon's true level\n|\n|t:|1783572957\n|teamsize|p1|6\n|teamsize|p2|6\n|start\n|switch|p1a: Clodsire|Clodsire, L81, M|100/100\n|switch|p2a: Lanturn|Lanturn, L89, F|367/367\n|turn|1\n|inactive|Battle timer is ON: inactive players will automatically lose when time's up. (requested by p0x2862c852)\n|inactive|Time left: 300 sec this turn | 300 sec total | 60 sec grace\n|inactive|p0y2862e2aa also wants the timer to be on.\n|\n|t:|1783572958\n|move|p2a: Lanturn|Scald|p1a: Clodsire\n|-supereffective|p1a: Clodsire\n|-damage|p1a: Clodsire|60/100\n|move|p1a: Clodsire|Earthquake|p2a: Lanturn\n|-supereffective|p2a: Lanturn\n|-damage|p2a: Lanturn|151/367\n|\n|-heal|p2a: Lanturn|173/367|[from] item: Leftovers\n|-heal|p1a: Clodsire|66/100|[from] item: Leftovers\n|upkeep\n|turn|2\n|inactive|Time left: 300 sec this turn | 300 sec total\n|\n|t:|1783572960\n|move|p2a: Lanturn|Scald|p1a: Clodsire\n|-supereffective|p1a: Clodsire\n|-damage|p1a: Clodsire|26/100\n|-status|p1a: Clodsire|brn\n|move|p1a: Clodsire|Earthquake|p2a: Lanturn\n|-supereffective|p2a: Lanturn\n|-damage|p2a: Lanturn|68/367\n|\n|-heal|p2a: Lanturn|90/367|[from] item: Leftovers\n|-heal|p1a: Clodsire|32/100 brn|[from] item: Leftovers\n|-damage|p1a: Clodsire|26/100 brn|[from] brn\n|upkeep\n|turn|3\n|inactive|Time left: 300 sec this turn | 300 sec total\n|\n|t:|1783572961\n|switch|p1a: Regice|Regice, L88|100/100\n|move|p2a: Lanturn|Scald|p1a: Regice\n|-damage|p1a: Regice|86/100\n|\n|-heal|p2a: Lanturn|112/367|[from] item: Leftovers\n|upkeep\n|turn|4\n|inactive|Time left: 300 sec this turn | 300 sec total\n|\n|t:|1783572962\n|move|p2a: Lanturn|Scald|p1a: Regice\n|-damage|p1a: Regice|72/100\n|move|p1a: Regice|Ice Beam|p2a: Lanturn\n|-resisted|p2a: Lanturn\n|-damage|p2a: Lanturn|55/367\n|\n|-heal|p2a: Lanturn|77/367|[from] item: Leftovers\n|upkeep\n|turn|5\n|inactive|Time left: 300 sec this turn | 300 sec total\n|\n|t:|1783572963\n|move|p2a: Lanturn|Thunder Wave|p1a: Regice\n|-status|p1a: Regice|par\n|cant|p1a: Regice|par\n|\n|-heal|p2a: Lanturn|99/367|[from] item: Leftovers\n|upkeep\n|turn|6\n|inactive|Time left: 300 sec this turn | 300 sec total\n|\n|t:|1783572964\n|move|p2a: Lanturn|Ice Beam|p1a: Regice\n|-resisted|p1a: Regice\n|-damage|p1a: Regice|67/100 par\n|move|p1a: Regice|Ice Beam|p2a: Lanturn\n|-resisted|p2a: Lanturn\n|-damage|p2a: Lanturn|43/367\n|\n|-heal|p2a: Lanturn|65/367|[from] item: Leftovers\n|upkeep\n|turn|7\n|inactive|Time left: 300 sec this turn | 300 sec total\n|\n|t:|1783572965\n|move|p2a: Lanturn|Thunderbolt|p1a: Regice\n|-damage|p1a: Regice|51/100 par\n|move|p1a: Regice|Ice Beam|p2a: Lanturn\n|-resisted|p2a: Lanturn\n|-damage|p2a: Lanturn|6/367\n|\n|-heal|p2a: Lanturn|28/367|[from] item: Leftovers\n|upkeep\n|turn|8\n|inactive|Time left: 300 sec this turn | 300 sec total\n|\n|t:|1783572965\n|move|p2a: Lanturn|Thunderbolt|p1a: Regice\n|-damage|p1a: Regice|35/100 par\n|move|p1a: Regice|Rest|p1a: Regice\n|-status|p1a: Regice|slp|[from] move: Rest\n|-heal|p1a: Regice|100/100 slp|[silent]\n|\n|-heal|p2a: Lanturn|50/367|[from] item: Leftovers\n|upkeep\n|turn|9\n|inactive|Time left: 300 sec this turn | 300 sec total\n|\n|t:|1783572966\n|move|p2a: Lanturn|Scald|p1a: Regice\n|-damage|p1a: Regice|85/100 slp\n|cant|p1a: Regice|slp\n|move|p1a: Regice|Sleep Talk|p1a: Regice\n|move|p1a: Regice|Ice Beam|p2a: Lanturn|[from] move: Sleep Talk\n|-resisted|p2a: Lanturn\n|-damage|p2a: Lanturn|0 fnt\n|faint|p2a: Lanturn\n|\n|upkeep\n|inactive|Time left: 300 sec this turn | 300 sec total | 5 sec grace\n|\n|t:|1783572967\n|switch|p2a: Seviper|Seviper, L93, M|287/287\n|turn|10\n|inactive|Time left: 300 sec this turn | 300 sec total\n|\n|t:|1783572969\n|move|p2a: Seviper|Swords Dance|p2a: Seviper\n|-boost|p2a: Seviper|atk|2\n|cant|p1a: Regice|slp\n|move|p1a: Regice|Sleep Talk|p1a: Regice\n|move|p1a: Regice|Thunderbolt|p2a: Seviper|[from] move: Sleep Talk\n|-crit|p2a: Seviper\n|-damage|p2a: Seviper|157/287\n|\n|-heal|p2a: Seviper|174/287|[from] item: Leftovers\n|upkeep\n|turn|11\n|inactive|Time left: 300 sec this turn | 300 sec total\n|\n|t:|1783572970\n|move|p2a: Seviper|Gunk Shot|p1a: Regice\n|-damage|p1a: Regice|0 fnt\n|faint|p1a: Regice\n|\n|-heal|p2a: Seviper|191/287|[from] item: Leftovers\n|upkeep\n|\n|t:|1783572971\n|switch|p1a: Shiftry|Shiftry, L89, M|100/100\n|turn|12\n|inactive|Time left: 300 sec this turn | 300 sec total\n|\n|t:|1783572972\n|move|p1a: Shiftry|Knock Off|p2a: Seviper\n|-damage|p2a: Seviper|3/287\n|-enditem|p2a: Seviper|Leftovers|[from] move: Knock Off|[of] p1a: Shiftry\n|-damage|p1a: Shiftry|91/100|[from] item: Life Orb\n|move|p2a: Seviper|Gunk Shot|p1a: Shiftry\n|-supereffective|p1a: Shiftry\n|-damage|p1a: Shiftry|0 fnt\n|faint|p1a: Shiftry\n|\n|upkeep\n|\n|t:|1783572973\n|switch|p1a: Pecharunt|Pecharunt, L77|100/100\n|turn|13\n|inactive|Time left: 300 sec this turn | 300 sec total\n|\n|t:|1783572973\n|move|p1a: Pecharunt|Malignant Chain|p2a: Seviper\n|-resisted|p2a: Seviper\n|-damage|p2a: Seviper|0 fnt\n|faint|p2a: Seviper\n|\n|upkeep\n|inactive|Time left: 300 sec this turn | 300 sec total | 5 sec grace\n|\n|t:|1783572974\n|switch|p2a: Gothitelle|Gothitelle, L90, M|272/272\n|turn|14\n|inactive|Time left: 300 sec this turn | 300 sec total\n|\n|t:|1783572975\n|move|p2a: Gothitelle|Psychic|p1a: Pecharunt\n|-supereffective|p1a: Pecharunt\n|-damage|p1a: Pecharunt|17/100\n|move|p1a: Pecharunt|Parting Shot|p2a: Gothitelle\n|-unboost|p2a: Gothitelle|atk|1\n|-unboost|p2a: Gothitelle|spa|1\n|\n|t:|1783572976\n|switch|p1a: Braviary|Braviary-Hisui, L85, M|100/100|[from] Parting Shot\n|\n|upkeep\n|turn|15\n|inactive|Time left: 300 sec this turn | 300 sec total\n|\n|t:|1783572976\n|move|p2a: Gothitelle|Psychic|p1a: Braviary\n|-resisted|p1a: Braviary\n|-damage|p1a: Braviary|89/100\n|move|p1a: Braviary|Esper Wing|p2a: Gothitelle\n|-resisted|p2a: Gothitelle\n|-damage|p2a: Gothitelle|196/272\n|-boost|p1a: Braviary|spe|1\n|\n|upkeep\n|turn|16\n|inactive|Time left: 300 sec this turn | 300 sec total\n|\n|t:|1783572977\n|move|p2a: Gothitelle|Psychic|p1a: Braviary\n|-resisted|p1a: Braviary\n|-damage|p1a: Braviary|77/100\n|-unboost|p1a: Braviary|spd|1\n|move|p1a: Braviary|Hurricane|p2a: Gothitelle\n|-damage|p2a: Gothitelle|93/272\n|-start|p2a: Gothitelle|confusion\n|\n|upkeep\n|turn|17\n|inactive|Time left: 300 sec this turn | 300 sec total\n|\n|t:|1783572978\n|-activate|p2a: Gothitelle|confusion\n|move|p2a: Gothitelle|Psychic|p1a: Braviary\n|-resisted|p1a: Braviary\n|-damage|p1a: Braviary|58/100\n|move|p1a: Braviary|Esper Wing|p2a: Gothitelle\n|-resisted|p2a: Gothitelle\n|-damage|p2a: Gothitelle|15/272\n|-boost|p1a: Braviary|spe|1\n|\n|upkeep\n|turn|18\n|inactive|Time left: 300 sec this turn | 300 sec total\n|\n|t:|1783572979\n|move|p1a: Braviary|Hurricane|p2a: Gothitelle|[miss]\n|-miss|p1a: Braviary|p2a: Gothitelle\n|-activate|p2a: Gothitelle|confusion\n|move|p2a: Gothitelle|Psychic|p1a: Braviary\n|-resisted|p1a: Braviary\n|-damage|p1a: Braviary|38/100\n|\n|upkeep\n|turn|19\n|inactive|Time left: 300 sec this turn | 300 sec total\n|\n|t:|1783572980\n|switch|p2a: Basculin|Basculin-Blue-Striped, L86, F|261/261\n|move|p1a: Braviary|Roost|p1a: Braviary\n|-heal|p1a: Braviary|88/100\n|-singleturn|p1a: Braviary|move: Roost\n|\n|upkeep\n|turn|20\n|inactive|Time left: 300 sec this turn | 300 sec total\n|\n|t:|1783572981\n|move|p1a: Braviary|Hurricane|p2a: Basculin|[miss]\n|-miss|p1a: Braviary|p2a: Basculin\n|move|p2a: Basculin|Wave Crash|p1a: Braviary\n|-damage|p1a: Braviary|1/100\n|-damage|p2a: Basculin|168/261|[from] Recoil\n|\n|upkeep\n|turn|21\n|inactive|Time left: 300 sec this turn | 300 sec total\n|\n|t:|1783572982\n|move|p1a: Braviary|Hurricane|p2a: Basculin\n|-damage|p2a: Basculin|0 fnt\n|faint|p2a: Basculin\n|\n|upkeep\n|inactive|Time left: 300 sec this turn | 300 sec total | 5 sec grace\n|\n|t:|1783572983\n|switch|p2a: Tauros|Tauros, L82, M|257/257\n|turn|22\n|inactive|Time left: 300 sec this turn | 300 sec total\n|\n|t:|1783572984\n|move|p1a: Braviary|Hurricane|p2a: Tauros\n|-damage|p2a: Tauros|92/257\n|-start|p2a: Tauros|confusion\n|-activate|p2a: Tauros|confusion\n|move|p2a: Tauros|Body Slam|p1a: Braviary\n|-damage|p1a: Braviary|0 fnt\n|faint|p1a: Braviary\n|\n|upkeep\n|\n|t:|1783572985\n|switch|p1a: Pachirisu|Pachirisu, L96, M|100/100\n|turn|23\n|inactive|Time left: 300 sec this turn | 300 sec total\n|\n|t:|1783572986\n|switch|p2a: Amoonguss|Amoonguss, L82, M|321/321\n|move|p1a: Pachirisu|Thunderbolt|p2a: Amoonguss\n|-resisted|p2a: Amoonguss\n|-damage|p2a: Amoonguss|280/321\n|\n|upkeep\n|turn|24\n|inactive|Time left: 300 sec this turn | 300 sec total\n|\n|t:|1783572987\n|move|p1a: Pachirisu|Super Fang|p2a: Amoonguss\n|-damage|p2a: Amoonguss|140/321\n|-damage|p1a: Pachirisu|84/100|[from] item: Rocky Helmet|[of] p2a: Amoonguss\n|move|p2a: Amoonguss|Giga Drain|p1a: Pachirisu\n|-damage|p1a: Pachirisu|70/100\n|-heal|p2a: Amoonguss|160/321|[from] drain|[of] p1a: Pachirisu\n|\n|upkeep\n|turn|25\n|inactive|Time left: 300 sec this turn | 300 sec total\n|\n|t:|1783572989\n|switch|p2a: Tauros|Tauros, L82, M|92/257\n|move|p1a: Pachirisu|U-turn|p2a: Tauros\n|-damage|p2a: Tauros|57/257\n|\n|t:|1783572990\n|switch|p1a: Clodsire|Clodsire, L81, M|26/100 brn|[from] U-turn\n|\n|-heal|p1a: Clodsire|32/100 brn|[from] item: Leftovers\n|-damage|p1a: Clodsire|26/100 brn|[from] brn\n|upkeep\n|turn|26\n|inactive|Time left: 300 sec this turn | 300 sec total\n|\n|t:|1783572991\n|switch|p1a: Pecharunt|Pecharunt, L77|17/100\n|move|p2a: Tauros|Body Slam|p1a: Pecharunt\n|-immune|p1a: Pecharunt\n|\n|upkeep\n|turn|27\n|inactive|Time left: 300 sec this turn | 300 sec total\n|\n|t:|1783572992\n|move|p2a: Tauros|Earthquake|p1a: Pecharunt\n|-supereffective|p1a: Pecharunt\n|-damage|p1a: Pecharunt|0 fnt\n|faint|p1a: Pecharunt\n|-damage|p2a: Tauros|32/257|[from] item: Life Orb\n|\n|upkeep\n|\n|t:|1783572993\n|switch|p1a: Pachirisu|Pachirisu, L96, M|70/100\n|turn|28\n|inactive|Time left: 300 sec this turn | 300 sec total\n|\n|t:|1783572994\n|switch|p2a: Amoonguss|Amoonguss, L82, M|267/321\n|move|p1a: Pachirisu|U-turn|p2a: Amoonguss\n|-damage|p2a: Amoonguss|217/321\n|-damage|p1a: Pachirisu|53/100|[from] item: Rocky Helmet|[of] p2a: Amoonguss\n|\n|t:|1783572995\n|switch|p1a: Clodsire|Clodsire, L81, M|26/100 brn|[from] U-turn\n|\n|-heal|p1a: Clodsire|32/100 brn|[from] item: Leftovers\n|-damage|p1a: Clodsire|26/100 brn|[from] brn\n|upkeep\n|turn|29\n|inactive|Time left: 300 sec this turn | 300 sec total\n|\n|t:|1783572996\n|-terastallize|p1a: Clodsire|Flying\n|move|p2a: Amoonguss|Giga Drain|p1a: Clodsire\n|-resisted|p1a: Clodsire\n|-damage|p1a: Clodsire|18/100 brn\n|-heal|p2a: Amoonguss|232/321|[from] drain|[of] p1a: Clodsire\n|move|p1a: Clodsire|Recover|p1a: Clodsire\n|-heal|p1a: Clodsire|68/100 brn\n|\n|-heal|p1a: Clodsire|74/100 brn|[from] item: Leftovers\n|-damage|p1a: Clodsire|68/100 brn|[from] brn\n|upkeep\n|turn|30\n|inactive|Time left: 300 sec this turn | 300 sec total\n|\n|t:|1783572997\n|move|p2a: Amoonguss|Giga Drain|p1a: Clodsire\n|-resisted|p1a: Clodsire\n|-damage|p1a: Clodsire|58/100 brn\n|-heal|p2a: Amoonguss|249/321|[from] drain|[of] p1a: Clodsire\n|move|p1a: Clodsire|Recover|p1a: Clodsire\n|-heal|p1a: Clodsire|100/100 brn\n|\n|-damage|p1a: Clodsire|94/100 brn|[from] brn\n|upkeep\n|turn|31\n|inactive|Time left: 300 sec this turn | 300 sec total\n|\n|t:|1783572998\n|move|p2a: Amoonguss|Sludge Bomb|p1a: Clodsire\n|-damage|p1a: Clodsire|73/100 brn\n|move|p1a: Clodsire|Spikes|p2a: Amoonguss\n|-sidestart|p2: p0y2862e2aa|Spikes\n|\n|-heal|p1a: Clodsire|79/100 brn|[from] item: Leftovers\n|-damage|p1a: Clodsire|73/100 brn|[from] brn\n|upkeep\n|turn|32\n|inactive|Time left: 300 sec this turn | 300 sec total\n|\n|t:|1783572999\n|move|p2a: Amoonguss|Clear Smog|p1a: Clodsire\n|-damage|p1a: Clodsire|60/100 brn\n|-clearboost|p1a: Clodsire\n|move|p1a: Clodsire|Recover|p1a: Clodsire\n|-heal|p1a: Clodsire|100/100 brn\n|\n|-damage|p1a: Clodsire|94/100 brn|[from] brn\n|upkeep\n|turn|33\n|inactive|Time left: 300 sec this turn | 300 sec total\n|\n|t:|1783573000\n|move|p2a: Amoonguss|Clear Smog|p1a: Clodsire\n|-crit|p1a: Clodsire\n|-damage|p1a: Clodsire|77/100 brn\n|-clearboost|p1a: Clodsire\n|move|p1a: Clodsire|Spikes|p2a: Amoonguss\n|-sidestart|p2: p0y2862e2aa|Spikes\n|\n|-heal|p1a: Clodsire|83/100 brn|[from] item: Leftovers\n|-damage|p1a: Clodsire|77/100 brn|[from] brn\n|upkeep\n|turn|34\n|inactive|Time left: 300 sec this turn | 300 sec total\n|\n|t:|1783573001\n|move|p2a: Amoonguss|Sludge Bomb|p1a: Clodsire\n|-damage|p1a: Clodsire|56/100 brn\n|move|p1a: Clodsire|Recover|p1a: Clodsire\n|-heal|p1a: Clodsire|100/100 brn\n|\n|-damage|p1a: Clodsire|94/100 brn|[from] brn\n|upkeep\n|turn|35\n|inactive|Time left: 300 sec this turn | 300 sec total\n|\n|t:|1783573002\n|move|p2a: Amoonguss|Giga Drain|p1a: Clodsire\n|-resisted|p1a: Clodsire\n|-damage|p1a: Clodsire|85/100 brn\n|-heal|p2a: Amoonguss|265/321|[from] drain|[of] p1a: Clodsire\n|move|p1a: Clodsire|Spikes|p2a: Amoonguss\n|-sidestart|p2: p0y2862e2aa|Spikes\n|\n|-heal|p1a: Clodsire|91/100 brn|[from] item: Leftovers\n|-damage|p1a: Clodsire|85/100 brn|[from] brn\n|upkeep\n|turn|36\n|inactive|Time left: 300 sec this turn | 300 sec total\n|\n|t:|1783573003\n|move|p2a: Amoonguss|Giga Drain|p1a: Clodsire\n|-resisted|p1a: Clodsire\n|-damage|p1a: Clodsire|75/100 brn\n|-heal|p2a: Amoonguss|282/321|[from] drain|[of] p1a: Clodsire\n|move|p1a: Clodsire|Recover|p1a: Clodsire\n|-heal|p1a: Clodsire|100/100 brn\n|\n|-damage|p1a: Clodsire|94/100 brn|[from] brn\n|upkeep\n|turn|37\n|inactive|Time left: 300 sec this turn | 300 sec total\n|\n|t:|1783573004\n|move|p2a: Amoonguss|Giga Drain|p1a: Clodsire\n|-resisted|p1a: Clodsire\n|-damage|p1a: Clodsire|85/100 brn\n|-heal|p2a: Amoonguss|299/321|[from] drain|[of] p1a: Clodsire\n|move|p1a: Clodsire|Recover|p1a: Clodsire\n|-heal|p1a: Clodsire|100/100 brn\n|\n|-damage|p1a: Clodsire|94/100 brn|[from] brn\n|upkeep\n|turn|38\n|inactive|Time left: 300 sec this turn | 300 sec total\n|\n|t:|1783573005\n|move|p2a: Amoonguss|Clear Smog|p1a: Clodsire\n|-damage|p1a: Clodsire|82/100 brn\n|-clearboost|p1a: Clodsire\n|move|p1a: Clodsire|Earthquake|p2a: Amoonguss\n|-crit|p2a: Amoonguss\n|-damage|p2a: Amoonguss|222/321\n|\n|-heal|p1a: Clodsire|88/100 brn|[from] item: Leftovers\n|-damage|p1a: Clodsire|82/100 brn|[from] brn\n|upkeep\n|turn|39\n|inactive|Time left: 300 sec this turn | 300 sec total\n|\n|t:|1783573007\n|move|p2a: Amoonguss|Sludge Bomb|p1a: Clodsire\n|-damage|p1a: Clodsire|61/100 brn\n|move|p1a: Clodsire|Recover|p1a: Clodsire\n|-heal|p1a: Clodsire|100/100 brn\n|\n|-damage|p1a: Clodsire|94/100 brn|[from] brn\n|upkeep\n|turn|40\n|inactive|Time left: 300 sec this turn | 300 sec total\n|\n|t:|1783573008\n|move|p2a: Amoonguss|Sludge Bomb|p1a: Clodsire\n|-damage|p1a: Clodsire|73/100 brn\n|move|p1a: Clodsire|Earthquake|p2a: Amoonguss\n|-damage|p2a: Amoonguss|174/321\n|\n|-heal|p1a: Clodsire|80/100 brn|[from] item: Leftovers\n|-damage|p1a: Clodsire|73/100 brn|[from] brn\n|upkeep\n|turn|41\n|inactive|Time left: 300 sec this turn | 300 sec total\n|\n|t:|1783573009\n|move|p2a: Amoonguss|Giga Drain|p1a: Clodsire\n|-resisted|p1a: Clodsire\n|-damage|p1a: Clodsire|64/100 brn\n|-heal|p2a: Amoonguss|191/321|[from] drain|[of] p1a: Clodsire\n|move|p1a: Clodsire|Recover|p1a: Clodsire\n|-heal|p1a: Clodsire|100/100 brn\n|\n|-damage|p1a: Clodsire|94/100 brn|[from] brn\n|upkeep\n|turn|42\n|inactive|Time left: 300 sec this turn | 300 sec total\n|\n|t:|1783573010\n|move|p2a: Amoonguss|Sludge Bomb|p1a: Clodsire\n|-damage|p1a: Clodsire|70/100 brn\n|move|p1a: Clodsire|Earthquake|p2a: Amoonguss\n|-damage|p2a: Amoonguss|138/321\n|\n|-heal|p1a: Clodsire|77/100 brn|[from] item: Leftovers\n|-damage|p1a: Clodsire|70/100 brn|[from] brn\n|upkeep\n|turn|43\n|inactive|Time left: 300 sec this turn | 300 sec total\n|\n|t:|1783573011\n|move|p2a: Amoonguss|Sludge Bomb|p1a: Clodsire\n|-damage|p1a: Clodsire|50/100 brn\n|move|p1a: Clodsire|Earthquake|p2a: Amoonguss\n|-damage|p2a: Amoonguss|87/321\n|\n|-heal|p1a: Clodsire|56/100 brn|[from] item: Leftovers\n|-damage|p1a: Clodsire|50/100 brn|[from] brn\n|upkeep\n|turn|44\n|inactive|Time left: 300 sec this turn | 300 sec total\n|\n|t:|1783573012\n|move|p2a: Amoonguss|Giga Drain|p1a: Clodsire\n|-resisted|p1a: Clodsire\n|-crit|p1a: Clodsire\n|-damage|p1a: Clodsire|37/100 brn\n|-heal|p2a: Amoonguss|110/321|[from] drain|[of] p1a: Clodsire\n|move|p1a: Clodsire|Earthquake|p2a: Amoonguss\n|-damage|p2a: Amoonguss|62/321\n|\n|-heal|p1a: Clodsire|43/100 brn|[from] item: Leftovers\n|-damage|p1a: Clodsire|37/100 brn|[from] brn\n|upkeep\n|turn|45\n|inactive|Time left: 300 sec this turn | 300 sec total\n|\n|t:|1783573013\n|move|p2a: Amoonguss|Giga Drain|p1a: Clodsire\n|-resisted|p1a: Clodsire\n|-damage|p1a: Clodsire|27/100 brn\n|-heal|p2a: Amoonguss|79/321|[from] drain|[of] p1a: Clodsire\n|move|p1a: Clodsire|Earthquake|p2a: Amoonguss\n|-crit|p2a: Amoonguss\n|-damage|p2a: Amoonguss|7/321\n|\n|-heal|p1a: Clodsire|33/100 brn|[from] item: Leftovers\n|-damage|p1a: Clodsire|27/100 brn|[from] brn\n|upkeep\n|turn|46\n|inactive|Time left: 300 sec this turn | 300 sec total\n|\n|t:|1783573014\n|-terastallize|p2a: Amoonguss|Steel\n|move|p2a: Amoonguss|Clear Smog|p1a: Clodsire\n|-damage|p1a: Clodsire|14/100 brn\n|-clearboost|p1a: Clodsire\n|move|p1a: Clodsire|Earthquake|p2a: Amoonguss\n|-supereffective|p2a: Amoonguss\n|-damage|p2a: Amoonguss|0 fnt\n|faint|p2a: Amoonguss\n|\n|-heal|p1a: Clodsire|20/100 brn|[from] item: Leftovers\n|-damage|p1a: Clodsire|14/100 brn|[from] brn\n|upkeep\n|inactive|Time left: 300 sec this turn | 300 sec total | 5 sec grace\n|\n|t:|1783573015\n|switch|p2a: Tauros|Tauros, L82, M|32/257\n|-damage|p2a: Tauros|0 fnt|[from] Spikes\n|faint|p2a: Tauros\n|inactive|Time left: 300 sec this turn | 300 sec total | 10 sec grace\n|\n|t:|1783573016\n|switch|p2a: Gothitelle|Gothitelle, L90, M|15/272\n|-damage|p2a: Gothitelle|0 fnt|[from] Spikes\n|faint|p2a: Gothitelle\n|\n|win|p0x2862c852", "uploadtime": 1783573016, "views": 0, "rating": 0, "private": 0, "password": null, "_winner": "p0x2862c852", "_our_name": "p0y2862e2aa"}