{"id": "battle-gen9randombattle-2505", "formatid": "gen9randombattle", "format": "[Gen 9] Random Battle", "players": ["p0x25053690", "p0y2505515c"], "log": "|init|battle\n|title|p0x25053690 vs. p0y2505515c\n|j|\u2606p0x25053690\n|j|\u2606p0y2505515c\n|t:|1783569033\n|gametype|singles\n|player|p1|p0x25053690|265|\n|player|p2|p0y2505515c|169|\n|gen|9\n|tier|[Gen 9] Random Battle\n|rule|Species Clause: Limit one of each Pok\u00e9mon\n|rule|HP Percentage Mod: HP is shown in percentages\n|rule|Sleep Clause Mod: Limit one foe put to sleep\n|rule|Illusion Level Mod: Illusion disguises the Pok\u00e9mon's true level\n|\n|t:|1783569033\n|teamsize|p1|6\n|teamsize|p2|6\n|start\n|switch|p1a: Furret|Furret, L94, F|100/100\n|switch|p2a: Haxorus|Haxorus, L77, F|244/244\n|-item|p2a: Haxorus|Loaded Dice|[from] ability: Frisk|[of] p1a: Furret\n|-ability|p2a: Haxorus|Mold Breaker\n|turn|1\n|inactive|Battle timer is ON: inactive players will automatically lose when time's up. (requested by p0y2505515c)\n|inactive|p0x25053690 also wants the timer to be on.\n|\n|t:|1783569033\n|move|p1a: Furret|Tidy Up|p1a: Furret\n|-boost|p1a: Furret|atk|1\n|-boost|p1a: Furret|spe|1\n|move|p2a: Haxorus|Scale Shot|p1a: Furret\n|-crit|p1a: Furret\n|-damage|p1a: Furret|84/100\n|-damage|p1a: Furret|73/100\n|-damage|p1a: Furret|62/100\n|-damage|p1a: Furret|50/100\n|-hitcount|p1a: Furret|4\n|-unboost|p2a: Haxorus|def|1\n|-boost|p2a: Haxorus|spe|1\n|\n|upkeep\n|turn|2\n|inactive|Time left: 300 sec this turn | 300 sec total\n|\n|t:|1783569034\n|switch|p2a: Duraludon|Duraludon, L82, M|249/249\n|move|p1a: Furret|Double-Edge|p2a: Duraludon\n|-resisted|p2a: Duraludon\n|-damage|p2a: Duraludon|183/249\n|-damage|p1a: Furret|43/100|[from] Recoil\n|-damage|p1a: Furret|33/100|[from] item: Life Orb\n|\n|upkeep\n|turn|3\n|inactive|Time left: 300 sec this turn | 300 sec total\n|\n|t:|1783569035\n|move|p1a: Furret|Knock Off|p2a: Duraludon\n|-damage|p2a: Duraludon|105/249\n|-enditem|p2a: Duraludon|Eviolite|[from] move: Knock Off|[of] p1a: Furret\n|-damage|p1a: Furret|23/100|[from] item: Life Orb\n|move|p2a: Duraludon|Flash Cannon|p1a: Furret\n|-damage|p1a: Furret|0 fnt\n|faint|p1a: Furret\n|\n|upkeep\n|\n|t:|1783569035\n|switch|p1a: Ariados|Ariados, L95, F|100/100\n|turn|4\n|inactive|Time left: 300 sec this turn | 300 sec total\n|\n|t:|1783569036\n|move|p2a: Duraludon|Flash Cannon|p1a: Ariados\n|-damage|p1a: Ariados|63/100\n|move|p1a: Ariados|Sticky Web|p2a: Duraludon\n|-sidestart|p2: p0y2505515c|move: Sticky Web\n|\n|upkeep\n|turn|5\n|inactive|Time left: 300 sec this turn | 300 sec total\n|\n|t:|1783569037\n|move|p2a: Duraludon|Flash Cannon|p1a: Ariados\n|-damage|p1a: Ariados|27/100\n|move|p1a: Ariados|Megahorn|p2a: Duraludon|[miss]\n|-miss|p1a: Ariados|p2a: Duraludon\n|\n|upkeep\n|turn|6\n|inactive|Time left: 300 sec this turn | 300 sec total\n|\n|t:|1783569037\n|switch|p1a: Krookodile|Krookodile, L79, F|100/100\n|-ability|p1a: Krookodile|Intimidate|boost\n|-unboost|p2a: Duraludon|atk|1\n|move|p2a: Duraludon|Flash Cannon|p1a: Krookodile\n|-damage|p1a: Krookodile|57/100\n|\n|-heal|p1a: Krookodile|63/100|[from] item: Leftovers\n|upkeep\n|turn|7\n|inactive|Time left: 300 sec this turn | 300 sec total\n|\n|t:|1783569038\n|switch|p2a: Krookodile|Krookodile, L79, F|280/280\n|-activate|p2a: Krookodile|move: Sticky Web\n|-unboost|p2a: Krookodile|spe|1\n|-ability|p2a: Krookodile|Intimidate|boost\n|-unboost|p1a: Krookodile|atk|1\n|move|p1a: Krookodile|Earthquake|p2a: Krookodile\n|-damage|p2a: Krookodile|198/280\n|\n|-heal|p1a: Krookodile|69/100|[from] item: Leftovers\n|upkeep\n|turn|8\n|inactive|Time left: 300 sec this turn | 300 sec total\n|\n|t:|1783569040\n|move|p1a: Krookodile|Bulk Up|p1a: Krookodile\n|-boost|p1a: Krookodile|atk|1\n|-boost|p1a: Krookodile|def|1\n|move|p2a: Krookodile|Earthquake|p1a: Krookodile\n|-damage|p1a: Krookodile|30/100\n|-damage|p2a: Krookodile|170/280|[from] item: Life Orb\n|\n|-heal|p1a: Krookodile|36/100|[from] item: Leftovers\n|upkeep\n|turn|9\n|inactive|Time left: 300 sec this turn | 300 sec total\n|\n|t:|1783569041\n|move|p1a: Krookodile|Bulk Up|p1a: Krookodile\n|-boost|p1a: Krookodile|atk|1\n|-boost|p1a: Krookodile|def|1\n|move|p2a: Krookodile|Earthquake|p1a: Krookodile\n|-damage|p1a: Krookodile|7/100\n|-damage|p2a: Krookodile|142/280|[from] item: Life Orb\n|\n|-heal|p1a: Krookodile|13/100|[from] item: Leftovers\n|upkeep\n|turn|10\n|inactive|Time left: 300 sec this turn | 300 sec total\n|\n|t:|1783569042\n|switch|p2a: Quagsire|Quagsire, L84, M|297/297\n|-activate|p2a: Quagsire|move: Sticky Web\n|-unboost|p2a: Quagsire|spe|1\n|move|p1a: Krookodile|Earthquake|p2a: Quagsire\n|-damage|p2a: Quagsire|188/297\n|\n|-heal|p1a: Krookodile|19/100|[from] item: Leftovers\n|-heal|p2a: Quagsire|206/297|[from] item: Leftovers\n|upkeep\n|turn|11\n|inactive|Time left: 300 sec this turn | 300 sec total\n|\n|t:|1783569043\n|move|p1a: Krookodile|Knock Off|p2a: Quagsire\n|-damage|p2a: Quagsire|88/297\n|-enditem|p2a: Quagsire|Leftovers|[from] move: Knock Off|[of] p1a: Krookodile\n|move|p2a: Quagsire|Earthquake|p1a: Krookodile\n|-damage|p1a: Krookodile|0 fnt\n|faint|p1a: Krookodile\n|\n|upkeep\n|\n|t:|1783569044\n|switch|p1a: Electivire|Electivire, L84, F|100/100\n|turn|12\n|inactive|Time left: 300 sec this turn | 300 sec total\n|\n|t:|1783569045\n|move|p1a: Electivire|Earthquake|p2a: Quagsire\n|-damage|p2a: Quagsire|0 fnt\n|faint|p2a: Quagsire\n|-damage|p1a: Electivire|91/100|[from] item: Life Orb\n|\n|upkeep\n|inactive|Time left: 300 sec this turn | 300 sec total | 5 sec grace\n|\n|t:|1783569046\n|switch|p2a: Krookodile|Krookodile, L79, F|142/280\n|-activate|p2a: Krookodile|move: Sticky Web\n|-unboost|p2a: Krookodile|spe|1\n|-ability|p2a: Krookodile|Intimidate|boost\n|-unboost|p1a: Electivire|atk|1\n|turn|13\n|inactive|Time left: 300 sec this turn | 300 sec total\n|\n|t:|1783569047\n|move|p1a: Electivire|Ice Punch|p2a: Krookodile\n|-supereffective|p2a: Krookodile\n|-damage|p2a: Krookodile|25/280\n|-damage|p1a: Electivire|81/100|[from] item: Life Orb\n|move|p2a: Krookodile|Earthquake|p1a: Electivire\n|-supereffective|p1a: Electivire\n|-damage|p1a: Electivire|0 fnt\n|faint|p1a: Electivire\n|-damage|p2a: Krookodile|0 fnt|[from] item: Life Orb\n|faint|p2a: Krookodile\n|\n|upkeep\n|inactive|Time left: 300 sec this turn | 300 sec total | 5 sec grace\n|\n|t:|1783569048\n|switch|p1a: Annihilape|Annihilape, L76, F|100/100\n|switch|p2a: Munkidori|Munkidori, L79, M|269/269\n|-activate|p2a: Munkidori|move: Sticky Web\n|-unboost|p2a: Munkidori|spe|1\n|turn|14\n|inactive|Time left: 300 sec this turn | 300 sec total\n|\n|t:|1783569049\n|move|p1a: Annihilape|Bulk Up|p1a: Annihilape\n|-boost|p1a: Annihilape|atk|1\n|-boost|p1a: Annihilape|def|1\n|move|p2a: Munkidori|Psychic Noise|p1a: Annihilape\n|-supereffective|p1a: Annihilape\n|-damage|p1a: Annihilape|32/100\n|-start|p1a: Annihilape|move: Heal Block\n|\n|upkeep\n|turn|15\n|inactive|Time left: 300 sec this turn | 300 sec total\n|\n|t:|1783569050\n|move|p1a: Annihilape|Rage Fist|p2a: Munkidori\n|-supereffective|p2a: Munkidori\n|-damage|p2a: Munkidori|0 fnt\n|faint|p2a: Munkidori\n|\n|-end|p1a: Annihilape|move: Heal Block\n|upkeep\n|inactive|Time left: 300 sec this turn | 300 sec total | 5 sec grace\n|\n|t:|1783569051\n|switch|p2a: Haxorus|Haxorus, L77, F|244/244\n|-activate|p2a: Haxorus|move: Sticky Web\n|-unboost|p2a: Haxorus|spe|1\n|-ability|p2a: Haxorus|Mold Breaker\n|turn|16\n|inactive|Time left: 300 sec this turn | 300 sec total\n|\n|t:|1783569052\n|move|p1a: Annihilape|Rest|p1a: Annihilape\n|-status|p1a: Annihilape|slp|[from] move: Rest\n|-heal|p1a: Annihilape|100/100 slp|[silent]\n|-enditem|p1a: Annihilape|Chesto Berry|[eat]\n|-curestatus|p1a: Annihilape|slp|[msg]\n|move|p2a: Haxorus|Scale Shot|p1a: Annihilape\n|-damage|p1a: Annihilape|91/100\n|-damage|p1a: Annihilape|83/100\n|-damage|p1a: Annihilape|73/100\n|-damage|p1a: Annihilape|64/100\n|-damage|p1a: Annihilape|55/100\n|-hitcount|p1a: Annihilape|5\n|-unboost|p2a: Haxorus|def|1\n|-boost|p2a: Haxorus|spe|1\n|\n|upkeep\n|turn|17\n|inactive|Time left: 300 sec this turn | 300 sec total\n|\n|t:|1783569053\n|move|p2a: Haxorus|Iron Head|p1a: Annihilape\n|-damage|p1a: Annihilape|36/100\n|move|p1a: Annihilape|Drain Punch|p2a: Haxorus\n|-damage|p2a: Haxorus|57/244\n|-heal|p1a: Annihilape|68/100|[from] drain|[of] p2a: Haxorus\n|\n|upkeep\n|turn|18\n|inactive|Time left: 300 sec this turn | 300 sec total\n|\n|t:|1783569054\n|move|p2a: Haxorus|Scale Shot|p1a: Annihilape\n|-damage|p1a: Annihilape|59/100\n|-damage|p1a: Annihilape|49/100\n|-crit|p1a: Annihilape\n|-damage|p1a: Annihilape|31/100\n|-damage|p1a: Annihilape|21/100\n|-hitcount|p1a: Annihilape|4\n|-unboost|p2a: Haxorus|def|1\n|-boost|p2a: Haxorus|spe|1\n|move|p1a: Annihilape|Drain Punch|p2a: Haxorus\n|-damage|p2a: Haxorus|0 fnt\n|-heal|p1a: Annihilape|31/100|[from] drain|[of] p2a: Haxorus\n|faint|p2a: Haxorus\n|\n|upkeep\n|inactive|Time left: 300 sec this turn | 300 sec total | 5 sec grace\n|\n|t:|1783569055\n|switch|p2a: Duraludon|Duraludon, L82, M|105/249\n|-activate|p2a: Duraludon|move: Sticky Web\n|-unboost|p2a: Duraludon|spe|1\n|turn|19\n|inactive|Time left: 300 sec this turn | 300 sec total\n|\n|t:|1783569057\n|-terastallize|p2a: Duraludon|Fighting\n|move|p1a: Annihilape|Drain Punch|p2a: Duraludon\n|-damage|p2a: Duraludon|15/249\n|-heal|p1a: Annihilape|47/100|[from] drain|[of] p2a: Duraludon\n|move|p2a: Duraludon|Draco Meteor|p1a: Annihilape\n|-damage|p1a: Annihilape|0 fnt\n|-unboost|p2a: Duraludon|spa|2\n|faint|p1a: Annihilape\n|\n|upkeep\n|\n|t:|1783569058\n|switch|p1a: Ariados|Ariados, L95, F|27/100\n|turn|20\n|inactive|Time left: 300 sec this turn | 300 sec total\n|\n|t:|1783569059\n|move|p1a: Ariados|Poison Jab|p2a: Duraludon\n|-damage|p2a: Duraludon|0 fnt\n|faint|p2a: Duraludon\n|\n|upkeep\n|inactive|Time left: 300 sec this turn | 300 sec total | 5 sec grace\n|\n|t:|1783569059\n|switch|p2a: Ditto|Ditto, L87|225/225\n|-activate|p2a: Ditto|move: Sticky Web\n|-unboost|p2a: Ditto|spe|1\n|-transform|p2a: Ditto|p1a: Ariados|[from] ability: Imposter\n|turn|21\n|inactive|Time left: 300 sec this turn | 300 sec total\n|\n|t:|1783569060\n|switch|p1a: Qwilfish|Qwilfish, L86, F|100/100\n|-ability|p1a: Qwilfish|Intimidate|boost\n|-unboost|p2a: Ditto|atk|1\n|move|p2a: Ditto|Megahorn|p1a: Qwilfish\n|-resisted|p1a: Qwilfish\n|-damage|p1a: Qwilfish|81/100\n|\n|upkeep\n|turn|22\n|inactive|Time left: 300 sec this turn | 300 sec total\n|\n|t:|1783569061\n|move|p2a: Ditto|Megahorn|p1a: Qwilfish\n|-resisted|p1a: Qwilfish\n|-damage|p1a: Qwilfish|64/100\n|move|p1a: Qwilfish|Flip Turn|p2a: Ditto\n|-damage|p2a: Ditto|159/225\n|\n|t:|1783569062\n|switch|p1a: Ariados|Ariados, L95, F|27/100|[from] Flip Turn\n|\n|upkeep\n|turn|23\n|inactive|Time left: 300 sec this turn | 300 sec total\n|\n|t:|1783569063\n|-terastallize|p1a: Ariados|Ghost\n|move|p1a: Ariados|Sucker Punch|p2a: Ditto\n|-damage|p2a: Ditto|92/225\n|move|p2a: Ditto|Megahorn|p1a: Ariados\n|-resisted|p1a: Ariados\n|-damage|p1a: Ariados|12/100\n|\n|upkeep\n|turn|24\n|inactive|Time left: 300 sec this turn | 300 sec total\n|\n|t:|1783569064\n|move|p1a: Ariados|Sucker Punch|p2a: Ditto\n|-damage|p2a: Ditto|24/225\n|move|p2a: Ditto|Megahorn|p1a: Ariados\n|-resisted|p1a: Ariados\n|-damage|p1a: Ariados|0 fnt\n|faint|p1a: Ariados\n|\n|upkeep\n|\n|t:|1783569064\n|switch|p1a: Qwilfish|Qwilfish, L86, F|64/100\n|-ability|p1a: Qwilfish|Intimidate|boost\n|-unboost|p2a: Ditto|atk|1\n|turn|25\n|inactive|Time left: 300 sec this turn | 300 sec total\n|\n|t:|1783569065\n|move|p2a: Ditto|Megahorn|p1a: Qwilfish\n|-resisted|p1a: Qwilfish\n|-damage|p1a: Qwilfish|50/100\n|move|p1a: Qwilfish|Flip Turn|p2a: Ditto\n|-damage|p2a: Ditto|0 fnt\n|faint|p2a: Ditto\n|\n|win|p0x25053690", "uploadtime": 1783569065, "views": 0, "rating": 0, "private": 0, "password": null, "_winner": "p0x25053690", "_our_name": "p0y2505515c"}