{"id": "battle-gen9randombattle-972", "formatid": "gen9randombattle", "format": "[Gen 9] Random Battle", "players": ["p0x9727225", "p0y972a960"], "log": "|init|battle\n|title|p0x9727225 vs. p0y972a960\n|j|\u2606p0x9727225\n|j|\u2606p0y972a960\n|t:|1783550407\n|gametype|singles\n|player|p1|p0x9727225|102|\n|player|p2|p0y972a960|170|\n|gen|9\n|tier|[Gen 9] Random Battle\n|rule|Species Clause: Limit one of each Pok\u00e9mon\n|rule|HP Percentage Mod: HP is shown in percentages\n|rule|Sleep Clause Mod: Limit one foe put to sleep\n|rule|Illusion Level Mod: Illusion disguises the Pok\u00e9mon's true level\n|\n|t:|1783550407\n|teamsize|p1|6\n|teamsize|p2|6\n|start\n|switch|p1a: Iron Boulder|Iron Boulder, L77|265/265\n|switch|p2a: Pyroar|Pyroar, L88, M|100/100\n|-ability|p2a: Pyroar|Unnerve\n|turn|1\n|inactive|Battle timer is ON: inactive players will automatically lose when time's up. (requested by p0x9727225)\n|inactive|p0y972a960 also wants the timer to be on.\n|\n|t:|1783550409\n|move|p2a: Pyroar|Will-O-Wisp|p1a: Iron Boulder\n|-status|p1a: Iron Boulder|brn\n|move|p1a: Iron Boulder|Mighty Cleave|p2a: Pyroar\n|-supereffective|p2a: Pyroar\n|-damage|p2a: Pyroar|49/100\n|-damage|p1a: Iron Boulder|239/265 brn|[from] item: Life Orb\n|\n|-damage|p1a: Iron Boulder|223/265 brn|[from] brn\n|upkeep\n|turn|2\n|inactive|Time left: 300 sec this turn | 300 sec total\n|\n|t:|1783550410\n|switch|p2a: Zarude|Zarude, L77|100/100\n|move|p1a: Iron Boulder|Mighty Cleave|p2a: Zarude\n|-damage|p2a: Zarude|80/100\n|-damage|p1a: Iron Boulder|197/265 brn|[from] item: Life Orb\n|\n|-damage|p1a: Iron Boulder|181/265 brn|[from] brn\n|upkeep\n|turn|3\n|inactive|Time left: 300 sec this turn | 300 sec total\n|\n|t:|1783550411\n|move|p2a: Zarude|Power Whip|p1a: Iron Boulder|[miss]\n|-miss|p2a: Zarude|p1a: Iron Boulder\n|move|p1a: Iron Boulder|Swords Dance|p1a: Iron Boulder\n|-boost|p1a: Iron Boulder|atk|2\n|\n|-damage|p1a: Iron Boulder|165/265 brn|[from] brn\n|upkeep\n|turn|4\n|inactive|Time left: 300 sec this turn | 300 sec total\n|\n|t:|1783550412\n|-terastallize|p1a: Iron Boulder|Fighting\n|move|p2a: Zarude|Power Whip|p1a: Iron Boulder|[miss]\n|-miss|p2a: Zarude|p1a: Iron Boulder\n|move|p1a: Iron Boulder|Close Combat|p2a: Zarude\n|-supereffective|p2a: Zarude\n|-damage|p2a: Zarude|0 fnt\n|-unboost|p1a: Iron Boulder|def|1\n|-unboost|p1a: Iron Boulder|spd|1\n|faint|p2a: Zarude\n|-damage|p1a: Iron Boulder|139/265 brn|[from] item: Life Orb\n|\n|-damage|p1a: Iron Boulder|123/265 brn|[from] brn\n|upkeep\n|\n|t:|1783550413\n|switch|p2a: Gardevoir|Gardevoir, L83, F|100/100\n|turn|5\n|inactive|Time left: 300 sec this turn | 300 sec total\n|\n|t:|1783550414\n|move|p2a: Gardevoir|Moonblast|p1a: Iron Boulder\n|-supereffective|p1a: Iron Boulder\n|-damage|p1a: Iron Boulder|0 fnt\n|faint|p1a: Iron Boulder\n|-end|p1a: Iron Boulder|Quark Drive|[silent]\n|\n|upkeep\n|inactive|Time left: 300 sec this turn | 300 sec total | 5 sec grace\n|\n|t:|1783550415\n|switch|p1a: Carbink|Carbink, L90|236/236\n|-ability|p2a: Gardevoir|Clear Body|Trace|[from] ability: Trace|[of] p1a: Carbink\n|turn|6\n|inactive|Time left: 300 sec this turn | 300 sec total\n|\n|t:|1783550416\n|move|p2a: Gardevoir|Moonblast|p1a: Carbink\n|-damage|p1a: Carbink|167/236\n|move|p1a: Carbink|Rock Polish|p1a: Carbink\n|-boost|p1a: Carbink|spe|2\n|\n|-heal|p1a: Carbink|181/236|[from] item: Leftovers\n|upkeep\n|turn|7\n|inactive|Time left: 300 sec this turn | 300 sec total\n|\n|t:|1783550418\n|move|p1a: Carbink|Iron Defense|p1a: Carbink\n|-boost|p1a: Carbink|def|2\n|move|p2a: Gardevoir|Moonblast|p1a: Carbink\n|-damage|p1a: Carbink|105/236\n|\n|-heal|p1a: Carbink|119/236|[from] item: Leftovers\n|upkeep\n|turn|8\n|inactive|Time left: 300 sec this turn | 300 sec total\n|\n|t:|1783550419\n|move|p1a: Carbink|Moonblast|p2a: Gardevoir\n|-damage|p2a: Gardevoir|75/100\n|move|p2a: Gardevoir|Moonblast|p1a: Carbink\n|-damage|p1a: Carbink|47/236\n|\n|-heal|p1a: Carbink|61/236|[from] item: Leftovers\n|upkeep\n|turn|9\n|inactive|Time left: 300 sec this turn | 300 sec total\n|\n|t:|1783550420\n|move|p1a: Carbink|Body Press|p2a: Gardevoir\n|-resisted|p2a: Gardevoir\n|-damage|p2a: Gardevoir|50/100\n|move|p2a: Gardevoir|Moonblast|p1a: Carbink\n|-damage|p1a: Carbink|0 fnt\n|faint|p1a: Carbink\n|\n|upkeep\n|inactive|Time left: 300 sec this turn | 300 sec total | 5 sec grace\n|\n|t:|1783550422\n|switch|p1a: Hypno|Hypno, L95, F|315/315\n|turn|10\n|inactive|Time left: 300 sec this turn | 300 sec total\n|\n|t:|1783550423\n|move|p2a: Gardevoir|Moonblast|p1a: Hypno\n|-damage|p1a: Hypno|222/315\n|move|p1a: Hypno|Knock Off|p2a: Gardevoir\n|-damage|p2a: Gardevoir|15/100\n|-enditem|p2a: Gardevoir|Choice Scarf|[from] move: Knock Off|[of] p1a: Hypno\n|\n|-heal|p1a: Hypno|241/315|[from] item: Leftovers\n|upkeep\n|turn|11\n|inactive|Time left: 300 sec this turn | 300 sec total\n|\n|t:|1783550425\n|move|p1a: Hypno|Knock Off|p2a: Gardevoir\n|-damage|p2a: Gardevoir|0 fnt\n|faint|p2a: Gardevoir\n|\n|-heal|p1a: Hypno|260/315|[from] item: Leftovers\n|upkeep\n|\n|t:|1783550426\n|switch|p2a: Iron Jugulis|Iron Jugulis, L77|100/100\n|turn|12\n|inactive|Time left: 300 sec this turn | 300 sec total\n|\n|t:|1783550427\n|move|p2a: Iron Jugulis|Meteor Beam||[still]\n|-prepare|p2a: Iron Jugulis|Meteor Beam\n|-boost|p2a: Iron Jugulis|spa|1\n|-enditem|p2a: Iron Jugulis|Power Herb\n|-anim|p2a: Iron Jugulis|Meteor Beam|p1a: Hypno\n|-damage|p1a: Hypno|160/315\n|move|p1a: Hypno|Thunder Wave|p2a: Iron Jugulis\n|-status|p2a: Iron Jugulis|par\n|\n|-heal|p1a: Hypno|179/315|[from] item: Leftovers\n|upkeep\n|turn|13\n|inactive|Time left: 300 sec this turn | 300 sec total\n|\n|t:|1783550428\n|move|p1a: Hypno|Encore|p2a: Iron Jugulis\n|-start|p2a: Iron Jugulis|Encore\n|move|p2a: Iron Jugulis|Meteor Beam||[still]\n|-prepare|p2a: Iron Jugulis|Meteor Beam\n|-boost|p2a: Iron Jugulis|spa|1\n|\n|-heal|p1a: Hypno|198/315|[from] item: Leftovers\n|upkeep\n|turn|14\n|inactive|Time left: 300 sec this turn | 300 sec total\n|\n|t:|1783550428\n|switch|p1a: Mabosstiff|Mabosstiff, L86, F|278/278\n|cant|p2a: Iron Jugulis|par\n|\n|upkeep\n|turn|15\n|inactive|Time left: 300 sec this turn | 300 sec total\n|\n|t:|1783550429\n|move|p1a: Mabosstiff|Play Rough|p2a: Iron Jugulis\n|-supereffective|p2a: Iron Jugulis\n|-damage|p2a: Iron Jugulis|33/100 par\n|move|p2a: Iron Jugulis|Meteor Beam||[still]\n|-prepare|p2a: Iron Jugulis|Meteor Beam\n|-boost|p2a: Iron Jugulis|spa|1\n|\n|-end|p2a: Iron Jugulis|Encore\n|upkeep\n|turn|16\n|inactive|Time left: 300 sec this turn | 300 sec total\n|\n|t:|1783550430\n|move|p1a: Mabosstiff|Play Rough|p2a: Iron Jugulis\n|-supereffective|p2a: Iron Jugulis\n|-damage|p2a: Iron Jugulis|0 fnt\n|faint|p2a: Iron Jugulis\n|-end|p2a: Iron Jugulis|Quark Drive|[silent]\n|\n|upkeep\n|\n|t:|1783550431\n|switch|p2a: Primarina|Primarina, L83, M|100/100\n|turn|17\n|inactive|Time left: 300 sec this turn | 300 sec total\n|\n|t:|1783550432\n|switch|p1a: Hypno|Hypno, L95, F|198/315\n|move|p2a: Primarina|Moonblast|p1a: Hypno\n|-crit|p1a: Hypno\n|-damage|p1a: Hypno|0 fnt\n|faint|p1a: Hypno\n|\n|upkeep\n|inactive|Time left: 300 sec this turn | 300 sec total | 5 sec grace\n|\n|t:|1783550433\n|switch|p1a: Smeargle|Smeargle, L95, F|258/258\n|turn|18\n|inactive|Time left: 300 sec this turn | 300 sec total\n|\n|t:|1783550435\n|move|p1a: Smeargle|Spore|p2a: Primarina\n|-status|p2a: Primarina|slp|[from] move: Spore\n|cant|p2a: Primarina|slp\n|\n|upkeep\n|turn|19\n|inactive|Time left: 300 sec this turn | 300 sec total\n|\n|t:|1783550436\n|move|p1a: Smeargle|Population Bomb|p2a: Primarina\n|-damage|p2a: Primarina|94/100 slp\n|-damage|p2a: Primarina|87/100 slp\n|-damage|p2a: Primarina|80/100 slp\n|-damage|p2a: Primarina|74/100 slp\n|-damage|p2a: Primarina|67/100 slp\n|-damage|p2a: Primarina|60/100 slp\n|-damage|p2a: Primarina|53/100 slp\n|-damage|p2a: Primarina|46/100 slp\n|-damage|p2a: Primarina|39/100 slp\n|-damage|p2a: Primarina|32/100 slp\n|-hitcount|p2a: Primarina|10\n|-curestatus|p2a: Primarina|slp|[msg]\n|move|p2a: Primarina|Moonblast|p1a: Smeargle\n|-damage|p1a: Smeargle|2/258\n|-unboost|p1a: Smeargle|spa|1\n|\n|upkeep\n|turn|20\n|inactive|Time left: 300 sec this turn | 300 sec total\n|\n|t:|1783550437\n|move|p1a: Smeargle|Spore|p2a: Primarina\n|-status|p2a: Primarina|slp|[from] move: Spore\n|cant|p2a: Primarina|slp\n|\n|upkeep\n|turn|21\n|inactive|Time left: 300 sec this turn | 300 sec total\n|\n|t:|1783550438\n|move|p1a: Smeargle|Population Bomb|p2a: Primarina\n|-damage|p2a: Primarina|25/100 slp\n|-damage|p2a: Primarina|18/100 slp\n|-damage|p2a: Primarina|12/100 slp\n|-damage|p2a: Primarina|5/100 slp\n|-damage|p2a: Primarina|0 fnt\n|faint|p2a: Primarina\n|-hitcount|p2: Primarina|5\n|\n|upkeep\n|\n|t:|1783550439\n|switch|p2a: Pyroar|Pyroar, L88, M|49/100\n|-ability|p2a: Pyroar|Unnerve\n|turn|22\n|inactive|Time left: 300 sec this turn | 300 sec total\n|\n|t:|1783550440\n|move|p2a: Pyroar|Hyper Voice|p1a: Smeargle\n|-damage|p1a: Smeargle|0 fnt\n|faint|p1a: Smeargle\n|\n|upkeep\n|inactive|Time left: 300 sec this turn | 300 sec total | 5 sec grace\n|\n|t:|1783550441\n|switch|p1a: Mabosstiff|Mabosstiff, L86, F|278/278\n|turn|23\n|inactive|Time left: 300 sec this turn | 300 sec total\n|\n|t:|1783550442\n|move|p1a: Mabosstiff|Crunch|p2a: Pyroar\n|-crit|p2a: Pyroar\n|-damage|p2a: Pyroar|0 fnt\n|faint|p2a: Pyroar\n|\n|upkeep\n|\n|t:|1783550443\n|switch|p2a: Latias|Latias, L79, F|100/100\n|turn|24\n|inactive|Time left: 300 sec this turn | 300 sec total\n|\n|t:|1783550444\n|-terastallize|p2a: Latias|Steel\n|move|p1a: Mabosstiff|Crunch|p2a: Latias\n|-damage|p2a: Latias|57/100\n|move|p2a: Latias|Recover|p2a: Latias\n|-heal|p2a: Latias|100/100\n|\n|upkeep\n|turn|25\n|inactive|Time left: 300 sec this turn | 300 sec total\n|\n|t:|1783550446\n|move|p1a: Mabosstiff|Crunch|p2a: Latias\n|-damage|p2a: Latias|57/100\n|-unboost|p2a: Latias|def|1\n|move|p2a: Latias|Recover|p2a: Latias\n|-heal|p2a: Latias|100/100\n|\n|upkeep\n|turn|26\n|inactive|Time left: 300 sec this turn | 300 sec total\n|\n|t:|1783550447\n|move|p1a: Mabosstiff|Crunch|p2a: Latias\n|-damage|p2a: Latias|38/100\n|move|p2a: Latias|Recover|p2a: Latias\n|-heal|p2a: Latias|88/100\n|\n|upkeep\n|turn|27\n|inactive|Time left: 300 sec this turn | 300 sec total\n|\n|t:|1783550448\n|move|p1a: Mabosstiff|Crunch|p2a: Latias\n|-damage|p2a: Latias|20/100\n|move|p2a: Latias|Draco Meteor|p1a: Mabosstiff\n|-damage|p1a: Mabosstiff|91/278\n|-unboost|p2a: Latias|spa|2\n|\n|upkeep\n|turn|28\n|inactive|Time left: 300 sec this turn | 300 sec total\n|\n|t:|1783550449\n|move|p1a: Mabosstiff|Crunch|p2a: Latias\n|-damage|p2a: Latias|0 fnt\n|faint|p2a: Latias\n|\n|win|p0x9727225", "uploadtime": 1783550449, "views": 0, "rating": 0, "private": 0, "password": null, "_winner": "p0x9727225", "_our_name": "p0x9727225"}