{"id": "battle-gen9randombattle-1173", "formatid": "gen9randombattle", "format": "[Gen 9] Random Battle", "players": ["p0x11732843", "p0y1173dff8"], "log": "|init|battle\n|title|p0x11732843 vs. p0y1173dff8\n|j|\u2606p0x11732843\n|j|\u2606p0y1173dff8\n|t:|1783553585\n|gametype|singles\n|player|p1|p0x11732843|265|\n|player|p2|p0y1173dff8|169|\n|gen|9\n|tier|[Gen 9] Random Battle\n|rule|Species Clause: Limit one of each Pok\u00e9mon\n|rule|HP Percentage Mod: HP is shown in percentages\n|rule|Sleep Clause Mod: Limit one foe put to sleep\n|rule|Illusion Level Mod: Illusion disguises the Pok\u00e9mon's true level\n|\n|t:|1783553585\n|teamsize|p1|6\n|teamsize|p2|6\n|start\n|switch|p1a: Blissey|Blissey, L85, F|572/572\n|switch|p2a: Mamoswine|Mamoswine, L81, F|100/100\n|turn|1\n|inactive|Battle timer is ON: inactive players will automatically lose when time's up. (requested by p0y1173dff8)\n|inactive|Time left: 300 sec this turn | 300 sec total | 60 sec grace\n|inactive|p0x11732843 also wants the timer to be on.\n|\n|t:|1783553586\n|switch|p1a: Urshifu|Urshifu, L74, M|270/270\n|move|p2a: Mamoswine|Earthquake|p1a: Urshifu\n|-damage|p1a: Urshifu|92/270\n|\n|upkeep\n|turn|2\n|inactive|Time left: 300 sec this turn | 300 sec total\n|\n|t:|1783553587\n|switch|p2a: Necrozma|Necrozma-Dawn-Wings, L76|100/100\n|move|p1a: Urshifu|Close Combat|p2a: Necrozma\n|-immune|p2a: Necrozma\n|\n|upkeep\n|turn|3\n|inactive|Time left: 300 sec this turn | 300 sec total\n|\n|t:|1783553589\n|move|p1a: Urshifu|Close Combat|p2a: Necrozma\n|-immune|p2a: Necrozma\n|move|p2a: Necrozma|Dragon Dance|p2a: Necrozma\n|-boost|p2a: Necrozma|atk|1\n|-boost|p2a: Necrozma|spe|1\n|\n|upkeep\n|turn|4\n|inactive|Time left: 300 sec this turn | 300 sec total\n|\n|t:|1783553590\n|move|p2a: Necrozma|Moongeist Beam|p1a: Urshifu\n|-resisted|p1a: Urshifu\n|-damage|p1a: Urshifu|0 fnt\n|faint|p1a: Urshifu\n|-damage|p2a: Necrozma|91/100|[from] item: Life Orb\n|\n|upkeep\n|inactive|Time left: 300 sec this turn | 300 sec total | 5 sec grace\n|\n|t:|1783553591\n|switch|p1a: Electivire|Electivire, L84, F|263/263\n|turn|5\n|inactive|Time left: 300 sec this turn | 300 sec total\n|\n|t:|1783553592\n|move|p2a: Necrozma|Photon Geyser|p1a: Electivire\n|-damage|p1a: Electivire|21/263\n|-damage|p2a: Necrozma|81/100|[from] item: Life Orb\n|move|p1a: Electivire|Supercell Slam|p2a: Necrozma\n|-damage|p2a: Necrozma|28/100\n|-damage|p1a: Electivire|0 fnt|[from] item: Life Orb\n|faint|p1a: Electivire\n|\n|upkeep\n|inactive|Time left: 300 sec this turn | 300 sec total | 5 sec grace\n|\n|t:|1783553593\n|switch|p1a: Ribombee|Ribombee, L83, M|235/235\n|turn|6\n|inactive|Time left: 300 sec this turn | 300 sec total\n|\n|t:|1783553594\n|move|p1a: Ribombee|Moonblast|p2a: Necrozma\n|-damage|p2a: Necrozma|0 fnt\n|faint|p2a: Necrozma\n|\n|upkeep\n|\n|t:|1783553595\n|switch|p2a: Deoxys|Deoxys, L74|100/100\n|-ability|p2a: Deoxys|Pressure\n|turn|7\n|inactive|Time left: 300 sec this turn | 300 sec total\n|\n|t:|1783553596\n|switch|p1a: Delphox|Delphox, L84, F|263/263\n|move|p2a: Deoxys|Psycho Boost|p1a: Delphox\n|-resisted|p1a: Delphox\n|-damage|p1a: Delphox|162/263\n|-unboost|p2a: Deoxys|spa|2\n|-damage|p2a: Deoxys|91/100|[from] item: Life Orb\n|\n|upkeep\n|turn|8\n|inactive|Time left: 300 sec this turn | 300 sec total\n|\n|t:|1783553597\n|switch|p2a: Pincurchin|Pincurchin, F|100/100\n|-fieldstart|move: Electric Terrain|[from] ability: Electric Surge|[of] p2a: Pincurchin\n|move|p1a: Delphox|Fire Blast|p2a: Pincurchin|[miss]\n|-miss|p1a: Delphox|p2a: Pincurchin\n|\n|upkeep\n|turn|9\n|inactive|Time left: 300 sec this turn | 300 sec total\n|\n|t:|1783553598\n|move|p1a: Delphox|Fire Blast|p2a: Pincurchin\n|-damage|p2a: Pincurchin|34/100\n|move|p2a: Pincurchin|Zing Zap|p1a: Delphox\n|-damage|p1a: Delphox|0 fnt\n|faint|p1a: Delphox\n|\n|-heal|p2a: Pincurchin|40/100|[from] item: Leftovers\n|upkeep\n|inactive|Time left: 300 sec this turn | 300 sec total | 5 sec grace\n|\n|t:|1783553599\n|switch|p1a: Iron Moth|Iron Moth, L78|253/253\n|-activate|p1a: Iron Moth|ability: Quark Drive\n|-start|p1a: Iron Moth|quarkdrivespa\n|turn|10\n|inactive|Time left: 300 sec this turn | 300 sec total\n|\n|t:|1783553601\n|move|p1a: Iron Moth|Sludge Wave|p2a: Pincurchin\n|-damage|p2a: Pincurchin|0 fnt\n|faint|p2a: Pincurchin\n|\n|upkeep\n|\n|t:|1783553602\n|switch|p2a: Mamoswine|Mamoswine, L81, F|100/100\n|turn|11\n|inactive|Time left: 300 sec this turn | 300 sec total\n|\n|t:|1783553603\n|-terastallize|p1a: Iron Moth|Grass\n|move|p1a: Iron Moth|Energy Ball|p2a: Mamoswine\n|-supereffective|p2a: Mamoswine\n|-damage|p2a: Mamoswine|0 fnt\n|faint|p2a: Mamoswine\n|\n|upkeep\n|\n|t:|1783553604\n|switch|p2a: Deoxys|Deoxys, L74|91/100\n|-ability|p2a: Deoxys|Pressure\n|turn|12\n|inactive|Time left: 300 sec this turn | 300 sec total\n|\n|t:|1783553605\n|-terastallize|p2a: Deoxys|Fighting\n|move|p2a: Deoxys|Superpower|p1a: Iron Moth\n|-damage|p1a: Iron Moth|0 fnt\n|-unboost|p2a: Deoxys|atk|1\n|-unboost|p2a: Deoxys|def|1\n|faint|p1a: Iron Moth\n|-end|p1a: Iron Moth|Quark Drive|[silent]\n|-damage|p2a: Deoxys|81/100|[from] item: Life Orb\n|\n|-fieldend|move: Electric Terrain\n|upkeep\n|inactive|Time left: 300 sec this turn | 300 sec total | 5 sec grace\n|\n|t:|1783553606\n|switch|p1a: Blissey|Blissey, L85, F|572/572\n|turn|13\n|inactive|Time left: 300 sec this turn | 300 sec total\n|\n|t:|1783553607\n|switch|p1a: Ribombee|Ribombee, L83, M|235/235\n|move|p2a: Deoxys|Superpower|p1a: Ribombee\n|-resisted|p1a: Ribombee\n|-damage|p1a: Ribombee|195/235\n|-unboost|p2a: Deoxys|atk|1\n|-unboost|p2a: Deoxys|def|1\n|-damage|p2a: Deoxys|71/100|[from] item: Life Orb\n|\n|upkeep\n|turn|14\n|inactive|Time left: 300 sec this turn | 300 sec total\n|\n|t:|1783553608\n|switch|p1a: Blissey|Blissey, L85, F|572/572\n|move|p2a: Deoxys|Psycho Boost|p1a: Blissey\n|-damage|p1a: Blissey|408/572\n|-unboost|p2a: Deoxys|spa|2\n|-damage|p2a: Deoxys|62/100|[from] item: Life Orb\n|\n|-heal|p1a: Blissey|443/572|[from] item: Leftovers\n|upkeep\n|turn|15\n|inactive|Time left: 300 sec this turn | 300 sec total\n|\n|t:|1783553609\n|switch|p2a: Orthworm|Orthworm, L88, M|100/100\n|switch|p1a: Ribombee|Ribombee, L83, M|195/235\n|\n|upkeep\n|turn|16\n|inactive|Time left: 300 sec this turn | 300 sec total\n|\n|t:|1783553610\n|switch|p1a: Blissey|Blissey, L85, F|443/572\n|move|p2a: Orthworm|Iron Tail|p1a: Blissey|[miss]\n|-miss|p2a: Orthworm|p1a: Blissey\n|\n|-heal|p1a: Blissey|478/572|[from] item: Leftovers\n|upkeep\n|turn|17\n|inactive|Time left: 300 sec this turn | 300 sec total\n|\n|t:|1783553612\n|switch|p1a: Ribombee|Ribombee, L83, M|195/235\n|move|p2a: Orthworm|Body Press|p1a: Ribombee\n|-resisted|p1a: Ribombee\n|-damage|p1a: Ribombee|166/235\n|\n|upkeep\n|turn|18\n|inactive|Time left: 300 sec this turn | 300 sec total\n|\n|t:|1783553613\n|switch|p1a: Blissey|Blissey, L85, F|478/572\n|move|p2a: Orthworm|Iron Tail|p1a: Blissey\n|-crit|p1a: Blissey\n|-damage|p1a: Blissey|27/572\n|-unboost|p1a: Blissey|def|1\n|\n|-heal|p1a: Blissey|62/572|[from] item: Leftovers\n|upkeep\n|turn|19\n|inactive|Time left: 300 sec this turn | 300 sec total\n|\n|t:|1783553614\n|switch|p1a: Ribombee|Ribombee, L83, M|166/235\n|move|p2a: Orthworm|Iron Tail|p1a: Ribombee\n|-supereffective|p1a: Ribombee\n|-damage|p1a: Ribombee|0 fnt\n|faint|p1a: Ribombee\n|\n|upkeep\n|inactive|Time left: 300 sec this turn | 300 sec total | 5 sec grace\n|\n|t:|1783553614\n|switch|p1a: Blissey|Blissey, L85, F|62/572\n|turn|20\n|inactive|Time left: 300 sec this turn | 300 sec total\n|\n|t:|1783553615\n|move|p2a: Orthworm|Body Press|p1a: Blissey\n|-supereffective|p1a: Blissey\n|-damage|p1a: Blissey|0 fnt\n|faint|p1a: Blissey\n|\n|win|p0y1173dff8", "uploadtime": 1783553615, "views": 0, "rating": 0, "private": 0, "password": null, "_winner": "p0y1173dff8", "_our_name": "p0x11732843"}