{"id": "battle-gen9randombattle-2809", "formatid": "gen9randombattle", "format": "[Gen 9] Random Battle", "players": ["p0x2809b5b1", "p0y280980fd"], "log": "|init|battle\n|title|p0x2809b5b1 vs. p0y280980fd\n|j|\u2606p0x2809b5b1\n|j|\u2606p0y280980fd\n|t:|1783571361\n|gametype|singles\n|player|p1|p0x2809b5b1|265|\n|player|p2|p0y280980fd|1|\n|gen|9\n|tier|[Gen 9] Random Battle\n|rule|Species Clause: Limit one of each Pok\u00e9mon\n|rule|HP Percentage Mod: HP is shown in percentages\n|rule|Sleep Clause Mod: Limit one foe put to sleep\n|rule|Illusion Level Mod: Illusion disguises the Pok\u00e9mon's true level\n|\n|t:|1783571361\n|teamsize|p1|6\n|teamsize|p2|6\n|start\n|switch|p1a: Clefable|Clefable, L83, F|100/100\n|switch|p2a: Eelektross|Eelektross, L87, F|290/290\n|turn|1\n|inactive|Battle timer is ON: inactive players will automatically lose when time's up. (requested by p0y280980fd)\n|inactive|p0x2809b5b1 also wants the timer to be on.\n|\n|t:|1783571363\n|move|p1a: Clefable|Calm Mind|p1a: Clefable\n|-boost|p1a: Clefable|spa|1\n|-boost|p1a: Clefable|spd|1\n|move|p2a: Eelektross|Coil|p2a: Eelektross\n|-boost|p2a: Eelektross|atk|1\n|-boost|p2a: Eelektross|def|1\n|-boost|p2a: Eelektross|accuracy|1\n|\n|upkeep\n|turn|2\n|inactive|Time left: 300 sec this turn | 300 sec total\n|\n|t:|1783571364\n|move|p1a: Clefable|Moonblast|p2a: Eelektross\n|-damage|p2a: Eelektross|133/290\n|move|p2a: Eelektross|Supercell Slam|p1a: Clefable\n|-damage|p1a: Clefable|50/100\n|\n|-heal|p1a: Clefable|56/100|[from] item: Leftovers\n|-heal|p2a: Eelektross|151/290|[from] item: Leftovers\n|upkeep\n|turn|3\n|inactive|Time left: 300 sec this turn | 300 sec total\n|\n|t:|1783571365\n|switch|p2a: Flareon|Flareon, L90, F|263/263\n|move|p1a: Clefable|Moonblast|p2a: Flareon\n|-resisted|p2a: Flareon\n|-damage|p2a: Flareon|206/263\n|\n|-heal|p1a: Clefable|62/100|[from] item: Leftovers\n|-status|p2a: Flareon|tox|[from] item: Toxic Orb\n|upkeep\n|turn|4\n|inactive|Time left: 300 sec this turn | 300 sec total\n|\n|t:|1783571366\n|switch|p1a: Gouging Fire|Gouging Fire, L74|100/100\n|move|p2a: Flareon|Facade|p1a: Gouging Fire\n|-damage|p1a: Gouging Fire|34/100\n|\n|-damage|p2a: Flareon|190/263 tox|[from] psn\n|upkeep\n|turn|5\n|inactive|Time left: 300 sec this turn | 300 sec total\n|\n|t:|1783571368\n|move|p1a: Gouging Fire|Outrage|p2a: Flareon\n|-crit|p2a: Flareon\n|-damage|p2a: Flareon|0 fnt\n|faint|p2a: Flareon\n|\n|upkeep\n|inactive|Time left: 300 sec this turn | 300 sec total | 5 sec grace\n|\n|t:|1783571369\n|switch|p2a: Qwilfish|Qwilfish, L86, M|252/252\n|-ability|p2a: Qwilfish|Intimidate|boost\n|-unboost|p1a: Gouging Fire|atk|1\n|turn|6\n|inactive|Time left: 300 sec this turn | 300 sec total\n|\n|t:|1783571370\n|move|p2a: Qwilfish|Gunk Shot|p1a: Gouging Fire\n|-damage|p1a: Gouging Fire|0 fnt\n|faint|p1a: Gouging Fire\n|-end|p1a: Gouging Fire|Protosynthesis|[silent]\n|\n|upkeep\n|\n|t:|1783571371\n|switch|p1a: Zapdos|Zapdos, L78|100/100\n|turn|7\n|inactive|Time left: 300 sec this turn | 300 sec total\n|\n|t:|1783571372\n|switch|p2a: Eelektross|Eelektross, L87, F|151/290\n|move|p1a: Zapdos|Discharge|p2a: Eelektross\n|-resisted|p2a: Eelektross\n|-damage|p2a: Eelektross|101/290\n|\n|-heal|p2a: Eelektross|119/290|[from] item: Leftovers\n|upkeep\n|turn|8\n|inactive|Time left: 300 sec this turn | 300 sec total\n|\n|t:|1783571373\n|move|p1a: Zapdos|Hurricane|p2a: Eelektross\n|-resisted|p2a: Eelektross\n|-damage|p2a: Eelektross|50/290\n|move|p2a: Eelektross|Coil|p2a: Eelektross\n|-boost|p2a: Eelektross|atk|1\n|-boost|p2a: Eelektross|def|1\n|-boost|p2a: Eelektross|accuracy|1\n|\n|-heal|p2a: Eelektross|68/290|[from] item: Leftovers\n|upkeep\n|turn|9\n|inactive|Time left: 300 sec this turn | 300 sec total\n|\n|t:|1783571374\n|move|p1a: Zapdos|Heat Wave|p2a: Eelektross\n|-damage|p2a: Eelektross|0 fnt\n|faint|p2a: Eelektross\n|\n|upkeep\n|inactive|Time left: 300 sec this turn | 300 sec total | 5 sec grace\n|\n|t:|1783571375\n|switch|p2a: Roaring Moon|Roaring Moon, L72|270/270\n|turn|10\n|inactive|Time left: 300 sec this turn | 300 sec total\n|\n|t:|1783571376\n|switch|p1a: Clefable|Clefable, L83, F|62/100\n|move|p2a: Roaring Moon|Knock Off|p1a: Clefable\n|-resisted|p1a: Clefable\n|-damage|p1a: Clefable|35/100\n|-enditem|p1a: Clefable|Leftovers|[from] move: Knock Off|[of] p2a: Roaring Moon\n|\n|upkeep\n|turn|11\n|inactive|Time left: 300 sec this turn | 300 sec total\n|\n|t:|1783571377\n|-end|p2a: Roaring Moon|Protosynthesis|[silent]\n|switch|p2a: Qwilfish|Qwilfish, L86, M|252/252\n|-ability|p2a: Qwilfish|Intimidate|boost\n|-unboost|p1a: Clefable|atk|1\n|move|p1a: Clefable|Moonblast|p2a: Qwilfish\n|-resisted|p2a: Qwilfish\n|-damage|p2a: Qwilfish|184/252\n|-unboost|p2a: Qwilfish|spa|1\n|\n|-heal|p2a: Qwilfish|199/252|[from] item: Leftovers\n|upkeep\n|turn|12\n|inactive|Time left: 300 sec this turn | 300 sec total\n|\n|t:|1783571378\n|move|p2a: Qwilfish|Gunk Shot|p1a: Clefable\n|-supereffective|p1a: Clefable\n|-damage|p1a: Clefable|0 fnt\n|faint|p1a: Clefable\n|\n|-heal|p2a: Qwilfish|214/252|[from] item: Leftovers\n|upkeep\n|\n|t:|1783571379\n|switch|p1a: Zapdos|Zapdos, L78|100/100\n|turn|13\n|inactive|Time left: 300 sec this turn | 300 sec total\n|\n|t:|1783571380\n|switch|p2a: Roaring Moon|Roaring Moon, L72|270/270\n|move|p1a: Zapdos|Discharge|p2a: Roaring Moon\n|-resisted|p2a: Roaring Moon\n|-damage|p2a: Roaring Moon|227/270\n|\n|upkeep\n|turn|14\n|inactive|Time left: 300 sec this turn | 300 sec total\n|\n|t:|1783571381\n|move|p2a: Roaring Moon|Outrage|p1a: Zapdos\n|-damage|p1a: Zapdos|24/100\n|move|p1a: Zapdos|Hurricane|p2a: Roaring Moon\n|-damage|p2a: Roaring Moon|107/270\n|\n|upkeep\n|turn|15\n|inactive|Time left: 300 sec this turn | 300 sec total\n|\n|t:|1783571383\n|move|p2a: Roaring Moon|Outrage|p1a: Zapdos|[from] lockedmove\n|-damage|p1a: Zapdos|0 fnt\n|faint|p1a: Zapdos\n|-start|p2a: Roaring Moon|confusion|[fatigue]\n|\n|upkeep\n|\n|t:|1783571384\n|switch|p1a: Flamigo|Flamigo, L82, F|100/100\n|turn|16\n|inactive|Time left: 300 sec this turn | 300 sec total\n|\n|t:|1783571385\n|-end|p2a: Roaring Moon|Protosynthesis|[silent]\n|switch|p2a: Lugia|Lugia, L73|275/275\n|move|p1a: Flamigo|Brave Bird|p2a: Lugia\n|-damage|p2a: Lugia|193/275\n|-damage|p1a: Flamigo|90/100|[from] Recoil\n|\n|upkeep\n|turn|17\n|inactive|Time left: 300 sec this turn | 300 sec total\n|\n|t:|1783571386\n|move|p2a: Lugia|Recover|p2a: Lugia\n|-heal|p2a: Lugia|275/275\n|move|p1a: Flamigo|Brave Bird|p2a: Lugia\n|-damage|p2a: Lugia|186/275\n|-damage|p1a: Flamigo|80/100|[from] Recoil\n|\n|upkeep\n|turn|18\n|inactive|Time left: 300 sec this turn | 300 sec total\n|\n|t:|1783571387\n|move|p2a: Lugia|Recover|p2a: Lugia\n|-heal|p2a: Lugia|275/275\n|move|p1a: Flamigo|Brave Bird|p2a: Lugia\n|-damage|p2a: Lugia|187/275\n|-damage|p1a: Flamigo|69/100|[from] Recoil\n|\n|upkeep\n|turn|19\n|inactive|Time left: 300 sec this turn | 300 sec total\n|\n|t:|1783571388\n|switch|p1a: Spectrier|Spectrier, L75|100/100\n|move|p2a: Lugia|Aeroblast|p1a: Spectrier\n|-damage|p1a: Spectrier|67/100\n|\n|upkeep\n|turn|20\n|inactive|Time left: 300 sec this turn | 300 sec total\n|\n|t:|1783571389\n|-terastallize|p2a: Lugia|Steel\n|move|p1a: Spectrier|Nasty Plot|p1a: Spectrier\n|-boost|p1a: Spectrier|spa|2\n|move|p2a: Lugia|Recover|p2a: Lugia\n|-heal|p2a: Lugia|275/275\n|\n|upkeep\n|turn|21\n|inactive|Time left: 300 sec this turn | 300 sec total\n|\n|t:|1783571390\n|move|p1a: Spectrier|Shadow Ball|p2a: Lugia\n|-damage|p2a: Lugia|191/275\n|-damage|p1a: Spectrier|57/100|[from] item: Life Orb\n|move|p2a: Lugia|Calm Mind|p2a: Lugia\n|-boost|p2a: Lugia|spa|1\n|-boost|p2a: Lugia|spd|1\n|\n|upkeep\n|turn|22\n|inactive|Time left: 300 sec this turn | 300 sec total\n|\n|t:|1783571391\n|move|p1a: Spectrier|Dark Pulse|p2a: Lugia\n|-damage|p2a: Lugia|107/275\n|-damage|p1a: Spectrier|47/100|[from] item: Life Orb\n|move|p2a: Lugia|Aeroblast|p1a: Spectrier\n|-damage|p1a: Spectrier|0 fnt\n|faint|p1a: Spectrier\n|\n|upkeep\n|\n|t:|1783571392\n|switch|p1a: Gallade|Gallade, L80, M|100/100\n|turn|23\n|inactive|Time left: 300 sec this turn | 300 sec total\n|\n|t:|1783571393\n|-terastallize|p1a: Gallade|Dark\n|move|p2a: Lugia|Aeroblast|p1a: Gallade\n|-damage|p1a: Gallade|60/100\n|move|p1a: Gallade|Agility|p1a: Gallade\n|-boost|p1a: Gallade|spe|2\n|\n|upkeep\n|turn|24\n|inactive|Time left: 300 sec this turn | 300 sec total\n|\n|t:|1783571394\n|switch|p2a: Qwilfish|Qwilfish, L86, M|214/252\n|-ability|p2a: Qwilfish|Intimidate|boost\n|-unboost|p1a: Gallade|atk|1\n|move|p1a: Gallade|Night Slash|p2a: Qwilfish\n|-damage|p2a: Qwilfish|111/252\n|-damage|p1a: Gallade|50/100|[from] item: Life Orb\n|\n|-heal|p2a: Qwilfish|126/252|[from] item: Leftovers\n|upkeep\n|turn|25\n|inactive|Time left: 300 sec this turn | 300 sec total\n|\n|t:|1783571395\n|move|p1a: Gallade|Psycho Cut|p2a: Qwilfish\n|-supereffective|p2a: Qwilfish\n|-damage|p2a: Qwilfish|0 fnt\n|faint|p2a: Qwilfish\n|-damage|p1a: Gallade|40/100|[from] item: Life Orb\n|\n|upkeep\n|inactive|Time left: 300 sec this turn | 300 sec total | 5 sec grace\n|\n|t:|1783571396\n|switch|p2a: Vivillon|Vivillon-Marine, L83, F|268/268\n|turn|26\n|inactive|Time left: 300 sec this turn | 300 sec total\n|\n|t:|1783571397\n|move|p1a: Gallade|Psycho Cut|p2a: Vivillon\n|-damage|p2a: Vivillon|108/268\n|-damage|p1a: Gallade|30/100|[from] item: Life Orb\n|move|p2a: Vivillon|Hurricane|p1a: Gallade\n|-damage|p1a: Gallade|0 fnt\n|faint|p1a: Gallade\n|\n|upkeep\n|\n|t:|1783571398\n|switch|p1a: Flamigo|Flamigo, L82, F|69/100\n|turn|27\n|inactive|Time left: 300 sec this turn | 300 sec total\n|\n|t:|1783571398\n|move|p2a: Vivillon|Hurricane|p1a: Flamigo\n|-supereffective|p1a: Flamigo\n|-damage|p1a: Flamigo|0 fnt\n|faint|p1a: Flamigo\n|\n|win|p0y280980fd", "uploadtime": 1783571398, "views": 0, "rating": 0, "private": 0, "password": null, "_winner": "p0y280980fd", "_our_name": "p0y280980fd"}