{"id": "battle-gen9randombattle-2679", "formatid": "gen9randombattle", "format": "[Gen 9] Random Battle", "players": ["p0x267991a3", "p0y2679eefb"], "log": "|init|battle\n|title|p0x267991a3 vs. p0y2679eefb\n|j|\u2606p0x267991a3\n|j|\u2606p0y2679eefb\n|t:|1783570913\n|gametype|singles\n|player|p1|p0x267991a3|2|\n|player|p2|p0y2679eefb|170|\n|gen|9\n|tier|[Gen 9] Random Battle\n|rule|Species Clause: Limit one of each Pok\u00e9mon\n|rule|HP Percentage Mod: HP is shown in percentages\n|rule|Sleep Clause Mod: Limit one foe put to sleep\n|rule|Illusion Level Mod: Illusion disguises the Pok\u00e9mon's true level\n|\n|t:|1783570913\n|teamsize|p1|6\n|teamsize|p2|6\n|start\n|switch|p1a: Gothitelle|Gothitelle, L90, F|100/100\n|switch|p2a: Falinks|Falinks, L84|246/246\n|turn|1\n|inactive|Battle timer is ON: inactive players will automatically lose when time's up. (requested by p0x267991a3)\n|inactive|Time left: 300 sec this turn | 300 sec total | 60 sec grace\n|inactive|p0y2679eefb also wants the timer to be on.\n|\n|t:|1783570915\n|move|p2a: Falinks|No Retreat|p2a: Falinks\n|-boost|p2a: Falinks|atk|1\n|-boost|p2a: Falinks|def|1\n|-boost|p2a: Falinks|spa|1\n|-boost|p2a: Falinks|spd|1\n|-boost|p2a: Falinks|spe|1\n|-start|p2a: Falinks|move: No Retreat\n|move|p1a: Gothitelle|Psychic Noise|p2a: Falinks\n|-supereffective|p2a: Falinks\n|-damage|p2a: Falinks|76/246\n|-start|p2a: Falinks|move: Heal Block\n|\n|upkeep\n|turn|2\n|inactive|Time left: 300 sec this turn | 300 sec total\n|\n|t:|1783570916\n|move|p2a: Falinks|Knock Off|p1a: Gothitelle\n|-supereffective|p1a: Gothitelle\n|-damage|p1a: Gothitelle|14/100\n|-enditem|p1a: Gothitelle|Leftovers|[from] move: Knock Off|[of] p2a: Falinks\n|-damage|p2a: Falinks|52/246|[from] item: Life Orb\n|move|p1a: Gothitelle|Psychic Noise|p2a: Falinks\n|-supereffective|p2a: Falinks\n|-damage|p2a: Falinks|0 fnt\n|faint|p2a: Falinks\n|\n|upkeep\n|inactive|Time left: 300 sec this turn | 300 sec total | 5 sec grace\n|\n|t:|1783570917\n|switch|p2a: Heracross|Heracross, L80, M|259/259\n|turn|3\n|inactive|Time left: 300 sec this turn | 300 sec total\n|\n|t:|1783570918\n|switch|p1a: Arbok|Arbok, L87, F|100/100\n|-ability|p1a: Arbok|Intimidate|boost\n|-unboost|p2a: Heracross|atk|1\n|move|p2a: Heracross|Knock Off|p1a: Arbok\n|-damage|p1a: Arbok|75/100\n|-enditem|p1a: Arbok|Life Orb|[from] move: Knock Off|[of] p2a: Heracross\n|\n|upkeep\n|turn|4\n|inactive|Time left: 300 sec this turn | 300 sec total\n|\n|t:|1783570919\n|move|p2a: Heracross|Knock Off|p1a: Arbok\n|-damage|p1a: Arbok|60/100\n|move|p1a: Arbok|Knock Off|p2a: Heracross\n|-resisted|p2a: Heracross\n|-damage|p2a: Heracross|214/259\n|-enditem|p2a: Heracross|Choice Scarf|[from] move: Knock Off|[of] p1a: Arbok\n|\n|upkeep\n|turn|5\n|inactive|Time left: 300 sec this turn | 300 sec total\n|\n|t:|1783570921\n|switch|p2a: Landorus|Landorus, L75, M|257/257\n|move|p1a: Arbok|Gunk Shot|p2a: Landorus\n|-resisted|p2a: Landorus\n|-damage|p2a: Landorus|188/257\n|\n|upkeep\n|turn|6\n|inactive|Time left: 300 sec this turn | 300 sec total\n|\n|t:|1783570922\n|switch|p1a: Ho-Oh|Ho-Oh, L71|100/100\n|move|p2a: Landorus|Earth Power|p1a: Ho-Oh\n|-immune|p1a: Ho-Oh\n|\n|upkeep\n|turn|7\n|inactive|Time left: 300 sec this turn | 300 sec total\n|\n|t:|1783570923\n|move|p2a: Landorus|Rock Slide|p1a: Ho-Oh\n|-supereffective|p1a: Ho-Oh\n|-crit|p1a: Ho-Oh\n|-damage|p1a: Ho-Oh|0 fnt\n|faint|p1a: Ho-Oh\n|\n|upkeep\n|\n|t:|1783570924\n|switch|p1a: Espeon|Espeon, L84, F|100/100\n|turn|8\n|inactive|Time left: 300 sec this turn | 300 sec total\n|\n|t:|1783570925\n|move|p1a: Espeon|Psyshock|p2a: Landorus\n|-damage|p2a: Landorus|10/257\n|move|p2a: Landorus|Earth Power|p1a: Espeon\n|-damage|p1a: Espeon|40/100\n|\n|upkeep\n|turn|9\n|inactive|Time left: 300 sec this turn | 300 sec total\n|\n|t:|1783570926\n|switch|p2a: Iron Jugulis|Iron Jugulis, L77|271/271\n|move|p1a: Espeon|Psyshock|p2a: Iron Jugulis\n|-immune|p2a: Iron Jugulis\n|\n|upkeep\n|turn|10\n|inactive|Time left: 300 sec this turn | 300 sec total\n|\n|t:|1783570927\n|switch|p1a: Wo-Chien|Wo-Chien, L83|100/100\n|-ability|p1a: Wo-Chien|Tablets of Ruin\n|move|p2a: Iron Jugulis|Meteor Beam||[still]\n|-prepare|p2a: Iron Jugulis|Meteor Beam\n|-boost|p2a: Iron Jugulis|spa|1\n|-enditem|p2a: Iron Jugulis|Power Herb\n|-anim|p2a: Iron Jugulis|Meteor Beam|p1a: Wo-Chien\n|-damage|p1a: Wo-Chien|70/100\n|\n|-heal|p1a: Wo-Chien|76/100|[from] item: Leftovers\n|upkeep\n|turn|11\n|inactive|Time left: 300 sec this turn | 300 sec total\n|\n|t:|1783570928\n|move|p2a: Iron Jugulis|Hurricane|p1a: Wo-Chien|[miss]\n|-miss|p2a: Iron Jugulis|p1a: Wo-Chien\n|move|p1a: Wo-Chien|Ruination|p2a: Iron Jugulis\n|-damage|p2a: Iron Jugulis|136/271\n|\n|-heal|p1a: Wo-Chien|82/100|[from] item: Leftovers\n|upkeep\n|turn|12\n|inactive|Time left: 300 sec this turn | 300 sec total\n|\n|t:|1783570929\n|move|p2a: Iron Jugulis|Hurricane|p1a: Wo-Chien\n|-supereffective|p1a: Wo-Chien\n|-damage|p1a: Wo-Chien|0 fnt\n|faint|p1a: Wo-Chien\n|\n|upkeep\n|\n|t:|1783570930\n|switch|p1a: Espeon|Espeon, L84, F|40/100\n|turn|13\n|inactive|Time left: 300 sec this turn | 300 sec total\n|\n|t:|1783570931\n|-end|p2a: Iron Jugulis|Quark Drive|[silent]\n|switch|p2a: Coalossal|Coalossal, L89, M|341/341\n|move|p1a: Espeon|Alluring Voice|p2a: Coalossal\n|-resisted|p2a: Coalossal\n|-damage|p2a: Coalossal|292/341\n|\n|upkeep\n|turn|14\n|inactive|Time left: 300 sec this turn | 300 sec total\n|\n|t:|1783570932\n|move|p1a: Espeon|Alluring Voice|p2a: Coalossal\n|-resisted|p2a: Coalossal\n|-damage|p2a: Coalossal|246/341\n|move|p2a: Coalossal|Stone Edge|p1a: Espeon\n|-damage|p1a: Espeon|0 fnt\n|faint|p1a: Espeon\n|\n|upkeep\n|\n|t:|1783570933\n|switch|p1a: Baxcalibur|Baxcalibur, L75, F|100/100\n|turn|15\n|inactive|Time left: 300 sec this turn | 300 sec total\n|\n|t:|1783570933\n|move|p1a: Baxcalibur|Dragon Dance|p1a: Baxcalibur\n|-boost|p1a: Baxcalibur|atk|1\n|-boost|p1a: Baxcalibur|spe|1\n|move|p2a: Coalossal|Stone Edge|p1a: Baxcalibur\n|-supereffective|p1a: Baxcalibur\n|-damage|p1a: Baxcalibur|23/100\n|\n|upkeep\n|turn|16\n|inactive|Time left: 300 sec this turn | 300 sec total\n|\n|t:|1783570934\n|-terastallize|p2a: Coalossal|Ghost\n|move|p1a: Baxcalibur|Icicle Crash|p2a: Coalossal\n|-damage|p2a: Coalossal|128/341\n|move|p2a: Coalossal|Overheat|p1a: Baxcalibur\n|-damage|p1a: Baxcalibur|0 fnt\n|-unboost|p2a: Coalossal|spa|2\n|faint|p1a: Baxcalibur\n|\n|upkeep\n|\n|t:|1783570935\n|switch|p1a: Arbok|Arbok, L87, F|60/100\n|-ability|p1a: Arbok|Intimidate|boost\n|-unboost|p2a: Coalossal|atk|1\n|turn|17\n|inactive|Time left: 300 sec this turn | 300 sec total\n|\n|t:|1783570936\n|move|p1a: Arbok|Gunk Shot|p2a: Coalossal\n|-resisted|p2a: Coalossal\n|-damage|p2a: Coalossal|77/341\n|move|p2a: Coalossal|Will-O-Wisp|p1a: Arbok\n|-status|p1a: Arbok|brn\n|\n|-damage|p1a: Arbok|54/100 brn|[from] brn\n|upkeep\n|turn|18\n|inactive|Time left: 300 sec this turn | 300 sec total\n|\n|t:|1783570937\n|switch|p2a: Iron Jugulis|Iron Jugulis, L77|136/271\n|move|p1a: Arbok|Gunk Shot|p2a: Iron Jugulis|[miss]\n|-miss|p1a: Arbok|p2a: Iron Jugulis\n|\n|-damage|p1a: Arbok|48/100 brn|[from] brn\n|upkeep\n|turn|19\n|inactive|Time left: 300 sec this turn | 300 sec total\n|\n|t:|1783570938\n|move|p2a: Iron Jugulis|Hurricane|p1a: Arbok\n|-damage|p1a: Arbok|0 fnt\n|faint|p1a: Arbok\n|\n|upkeep\n|\n|t:|1783570939\n|switch|p1a: Gothitelle|Gothitelle, L90, F|14/100\n|turn|20\n|inactive|Time left: 300 sec this turn | 300 sec total\n|\n|t:|1783570940\n|-terastallize|p1a: Gothitelle|Fighting\n|move|p2a: Iron Jugulis|Earth Power|p1a: Gothitelle\n|-damage|p1a: Gothitelle|0 fnt\n|faint|p1a: Gothitelle\n|\n|win|p0y2679eefb", "uploadtime": 1783570940, "views": 0, "rating": 0, "private": 0, "password": null, "_winner": "p0y2679eefb", "_our_name": "p0y2679eefb"}