{"id": "battle-gen9randombattle-1082", "formatid": "gen9randombattle", "format": "[Gen 9] Random Battle", "players": ["p0x1082ba27", "p0y10820f40"], "log": "|init|battle\n|title|p0x1082ba27 vs. p0y10820f40\n|j|\u2606p0x1082ba27\n|j|\u2606p0y10820f40\n|t:|1783552487\n|gametype|singles\n|player|p1|p0x1082ba27|1|\n|player|p2|p0y10820f40|170|\n|gen|9\n|tier|[Gen 9] Random Battle\n|rule|Species Clause: Limit one of each Pok\u00e9mon\n|rule|HP Percentage Mod: HP is shown in percentages\n|rule|Sleep Clause Mod: Limit one foe put to sleep\n|rule|Illusion Level Mod: Illusion disguises the Pok\u00e9mon's true level\n|\n|t:|1783552487\n|teamsize|p1|6\n|teamsize|p2|6\n|start\n|switch|p1a: Meowstic|Meowstic, L89, M|277/277\n|switch|p2a: Pyroar|Pyroar, L88, M|100/100\n|-ability|p2a: Pyroar|Unnerve\n|turn|1\n|inactive|Battle timer is ON: inactive players will automatically lose when time's up. (requested by p0x1082ba27)\n|inactive|p0y10820f40 also wants the timer to be on.\n|\n|t:|1783552489\n|move|p1a: Meowstic|Thunder Wave|p2a: Pyroar\n|-status|p2a: Pyroar|par\n|move|p2a: Pyroar|Fire Blast|p1a: Meowstic\n|-damage|p1a: Meowstic|123/277\n|\n|-heal|p1a: Meowstic|140/277|[from] item: Leftovers\n|upkeep\n|turn|2\n|inactive|Time left: 300 sec this turn | 300 sec total\n|\n|t:|1783552490\n|move|p1a: Meowstic|Psychic Noise|p2a: Pyroar\n|-damage|p2a: Pyroar|66/100 par\n|-start|p2a: Pyroar|move: Heal Block\n|move|p2a: Pyroar|Fire Blast|p1a: Meowstic\n|-crit|p1a: Meowstic\n|-damage|p1a: Meowstic|0 fnt\n|faint|p1a: Meowstic\n|\n|upkeep\n|inactive|Time left: 300 sec this turn | 300 sec total | 5 sec grace\n|\n|t:|1783552491\n|switch|p1a: Oricorio|Oricorio-Sensu, L85, F|266/266\n|turn|3\n|inactive|Time left: 300 sec this turn | 300 sec total\n|\n|t:|1783552492\n|move|p1a: Oricorio|Quiver Dance|p1a: Oricorio\n|-boost|p1a: Oricorio|spa|1\n|-boost|p1a: Oricorio|spd|1\n|-boost|p1a: Oricorio|spe|1\n|move|p2a: Pyroar|Dark Pulse|p1a: Oricorio\n|-supereffective|p1a: Oricorio\n|-damage|p1a: Oricorio|150/266\n|\n|-end|p2a: Pyroar|move: Heal Block\n|upkeep\n|turn|4\n|inactive|Time left: 300 sec this turn | 300 sec total\n|\n|t:|1783552493\n|move|p1a: Oricorio|Quiver Dance|p1a: Oricorio\n|-boost|p1a: Oricorio|spa|1\n|-boost|p1a: Oricorio|spd|1\n|-boost|p1a: Oricorio|spe|1\n|cant|p2a: Pyroar|par\n|\n|upkeep\n|turn|5\n|inactive|Time left: 300 sec this turn | 300 sec total\n|\n|t:|1783552495\n|move|p1a: Oricorio|Hurricane|p2a: Pyroar\n|-damage|p2a: Pyroar|0 fnt\n|faint|p2a: Pyroar\n|\n|upkeep\n|\n|t:|1783552496\n|switch|p2a: Lumineon|Lumineon, L93, F|100/100\n|turn|6\n|inactive|Time left: 300 sec this turn | 300 sec total\n|\n|t:|1783552497\n|move|p1a: Oricorio|Revelation Dance|p2a: Lumineon\n|-damage|p2a: Lumineon|36/100\n|move|p2a: Lumineon|Encore|p1a: Oricorio\n|-start|p1a: Oricorio|Encore\n|\n|upkeep\n|turn|7\n|inactive|Time left: 300 sec this turn | 300 sec total\n|\n|t:|1783552498\n|switch|p2a: Farigiraf|Farigiraf, L90, M|100/100\n|move|p1a: Oricorio|Revelation Dance|p2a: Farigiraf\n|-immune|p2a: Farigiraf\n|\n|upkeep\n|turn|8\n|inactive|Time left: 300 sec this turn | 300 sec total\n|\n|t:|1783552499\n|move|p1a: Oricorio|Revelation Dance|p2a: Farigiraf\n|-immune|p2a: Farigiraf\n|move|p2a: Farigiraf|Psychic Noise|p1a: Oricorio\n|-damage|p1a: Oricorio|93/266\n|-start|p1a: Oricorio|move: Heal Block\n|\n|upkeep\n|turn|9\n|inactive|Time left: 300 sec this turn | 300 sec total\n|\n|t:|1783552501\n|move|p1a: Oricorio|Revelation Dance|p2a: Farigiraf\n|-immune|p2a: Farigiraf\n|move|p2a: Farigiraf|Psychic Noise|p1a: Oricorio\n|-damage|p1a: Oricorio|33/266\n|\n|-end|p1a: Oricorio|Encore\n|-end|p1a: Oricorio|move: Heal Block\n|upkeep\n|turn|10\n|inactive|Time left: 300 sec this turn | 300 sec total\n|\n|t:|1783552502\n|move|p1a: Oricorio|Roost|p1a: Oricorio\n|-heal|p1a: Oricorio|166/266\n|-singleturn|p1a: Oricorio|move: Roost\n|move|p2a: Farigiraf|Psychic Noise|p1a: Oricorio\n|-damage|p1a: Oricorio|108/266\n|-start|p1a: Oricorio|move: Heal Block\n|\n|upkeep\n|turn|11\n|inactive|Time left: 300 sec this turn | 300 sec total\n|\n|t:|1783552503\n|move|p1a: Oricorio|Quiver Dance|p1a: Oricorio\n|-boost|p1a: Oricorio|spa|1\n|-boost|p1a: Oricorio|spd|1\n|-boost|p1a: Oricorio|spe|1\n|move|p2a: Farigiraf|Psychic Noise|p1a: Oricorio\n|-damage|p1a: Oricorio|60/266\n|\n|-end|p1a: Oricorio|move: Heal Block\n|upkeep\n|turn|12\n|inactive|Time left: 300 sec this turn | 300 sec total\n|\n|t:|1783552504\n|move|p1a: Oricorio|Roost|p1a: Oricorio\n|-heal|p1a: Oricorio|193/266\n|-singleturn|p1a: Oricorio|move: Roost\n|move|p2a: Farigiraf|Psychic Noise|p1a: Oricorio\n|-damage|p1a: Oricorio|147/266\n|-start|p1a: Oricorio|move: Heal Block\n|\n|upkeep\n|turn|13\n|inactive|Time left: 300 sec this turn | 300 sec total\n|\n|t:|1783552505\n|move|p1a: Oricorio|Hurricane|p2a: Farigiraf\n|-damage|p2a: Farigiraf|9/100\n|move|p2a: Farigiraf|Psychic Noise|p1a: Oricorio\n|-damage|p1a: Oricorio|96/266\n|\n|-heal|p2a: Farigiraf|15/100|[from] item: Leftovers\n|-end|p1a: Oricorio|move: Heal Block\n|upkeep\n|turn|14\n|inactive|Time left: 300 sec this turn | 300 sec total\n|\n|t:|1783552506\n|move|p1a: Oricorio|Roost|p1a: Oricorio\n|-heal|p1a: Oricorio|229/266\n|-singleturn|p1a: Oricorio|move: Roost\n|move|p2a: Farigiraf|Wish|p2a: Farigiraf\n|\n|-heal|p2a: Farigiraf|21/100|[from] item: Leftovers\n|upkeep\n|turn|15\n|inactive|Time left: 300 sec this turn | 300 sec total\n|\n|t:|1783552507\n|move|p2a: Farigiraf|Protect|p2a: Farigiraf\n|-singleturn|p2a: Farigiraf|Protect\n|move|p1a: Oricorio|Hurricane|p2a: Farigiraf\n|-activate|p2a: Farigiraf|move: Protect\n|\n|-heal|p2a: Farigiraf|71/100|[from] move: Wish|[wisher] Farigiraf\n|-heal|p2a: Farigiraf|77/100|[from] item: Leftovers\n|upkeep\n|turn|16\n|inactive|Time left: 300 sec this turn | 300 sec total\n|\n|t:|1783552508\n|move|p1a: Oricorio|Hurricane|p2a: Farigiraf|[miss]\n|-miss|p1a: Oricorio|p2a: Farigiraf\n|move|p2a: Farigiraf|Wish|p2a: Farigiraf\n|\n|-heal|p2a: Farigiraf|83/100|[from] item: Leftovers\n|upkeep\n|turn|17\n|inactive|Time left: 300 sec this turn | 300 sec total\n|\n|t:|1783552509\n|switch|p2a: Lumineon|Lumineon, L93, F|36/100\n|move|p1a: Oricorio|Hurricane|p2a: Lumineon\n|-damage|p2a: Lumineon|0 fnt\n|faint|p2a: Lumineon\n|\n|upkeep\n|\n|t:|1783552510\n|switch|p2a: Farigiraf|Farigiraf, L90, M|83/100\n|turn|18\n|inactive|Time left: 300 sec this turn | 300 sec total\n|\n|t:|1783552511\n|move|p1a: Oricorio|Hurricane|p2a: Farigiraf\n|-damage|p2a: Farigiraf|0 fnt\n|faint|p2a: Farigiraf\n|\n|upkeep\n|\n|t:|1783552512\n|switch|p2a: Gogoat|Gogoat, L88, M|100/100\n|turn|19\n|inactive|Time left: 300 sec this turn | 300 sec total\n|\n|t:|1783552513\n|move|p1a: Oricorio|Revelation Dance|p2a: Gogoat\n|-damage|p2a: Gogoat|34/100\n|move|p2a: Gogoat|Milk Drink|p2a: Gogoat\n|-heal|p2a: Gogoat|84/100\n|\n|-heal|p2a: Gogoat|90/100|[from] item: Leftovers\n|upkeep\n|turn|20\n|inactive|Time left: 300 sec this turn | 300 sec total\n|\n|t:|1783552514\n|move|p1a: Oricorio|Revelation Dance|p2a: Gogoat\n|-crit|p2a: Gogoat\n|-damage|p2a: Gogoat|0 fnt\n|faint|p2a: Gogoat\n|\n|upkeep\n|\n|t:|1783552515\n|switch|p2a: Bronzong|Bronzong, L88|100/100\n|turn|21\n|inactive|Time left: 300 sec this turn | 300 sec total\n|\n|t:|1783552516\n|-terastallize|p2a: Bronzong|Water\n|move|p1a: Oricorio|Revelation Dance|p2a: Bronzong\n|-damage|p2a: Bronzong|29/100\n|move|p2a: Bronzong|Iron Head|p1a: Oricorio\n|-damage|p1a: Oricorio|127/266\n|\n|-heal|p2a: Bronzong|35/100|[from] item: Leftovers\n|upkeep\n|turn|22\n|inactive|Time left: 300 sec this turn | 300 sec total\n|\n|t:|1783552517\n|switch|p2a: Archaludon|Archaludon, L78, F|100/100\n|move|p1a: Oricorio|Revelation Dance|p2a: Archaludon\n|-damage|p2a: Archaludon|0 fnt\n|faint|p2a: Archaludon\n|\n|upkeep\n|\n|t:|1783552518\n|switch|p2a: Bronzong|Bronzong, L88, tera:Water|35/100\n|turn|23\n|inactive|Time left: 300 sec this turn | 300 sec total\n|\n|t:|1783552519\n|-terastallize|p1a: Oricorio|Fighting\n|move|p1a: Oricorio|Revelation Dance|p2a: Bronzong\n|-crit|p2a: Bronzong\n|-damage|p2a: Bronzong|0 fnt\n|faint|p2a: Bronzong\n|\n|win|p0x1082ba27", "uploadtime": 1783552519, "views": 0, "rating": 0, "private": 0, "password": null, "_winner": "p0x1082ba27", "_our_name": "p0x1082ba27"}