{"id": "battle-gen9randombattle-2802", "formatid": "gen9randombattle", "format": "[Gen 9] Random Battle", "players": ["p0x2802d0e7", "p0y280251db"], "log": "|init|battle\n|title|p0x2802d0e7 vs. p0y280251db\n|j|\u2606p0x2802d0e7\n|j|\u2606p0y280251db\n|t:|1783571300\n|gametype|singles\n|player|p1|p0x2802d0e7|169|\n|player|p2|p0y280251db|266|\n|gen|9\n|tier|[Gen 9] Random Battle\n|rule|Species Clause: Limit one of each Pok\u00e9mon\n|rule|HP Percentage Mod: HP is shown in percentages\n|rule|Sleep Clause Mod: Limit one foe put to sleep\n|rule|Illusion Level Mod: Illusion disguises the Pok\u00e9mon's true level\n|\n|t:|1783571300\n|teamsize|p1|6\n|teamsize|p2|6\n|start\n|switch|p1a: Grimmsnarl|Grimmsnarl, L83, M|293/293\n|switch|p2a: Rhyperior|Rhyperior, L82, F|100/100\n|turn|1\n|inactive|Battle timer is ON: inactive players will automatically lose when time's up. (requested by p0x2802d0e7)\n|inactive|p0y280251db also wants the timer to be on.\n|\n|t:|1783571301\n|move|p1a: Grimmsnarl|Parting Shot|p2a: Rhyperior\n|-unboost|p2a: Rhyperior|atk|1\n|-unboost|p2a: Rhyperior|spa|1\n|inactive|Time left: 300 sec this turn | 300 sec total | 65 sec grace\n|\n|t:|1783571302\n|switch|p1a: Misdreavus|Misdreavus, L90, F|254/254|[from] Parting Shot\n|move|p2a: Rhyperior|Earthquake|p1a: Misdreavus\n|-immune|p1a: Misdreavus|[from] ability: Levitate\n|\n|upkeep\n|turn|2\n|inactive|Time left: 300 sec this turn | 300 sec total\n|\n|t:|1783571303\n|switch|p2a: Lumineon|Lumineon, L93, M|100/100\n|move|p1a: Misdreavus|Calm Mind|p1a: Misdreavus\n|-boost|p1a: Misdreavus|spa|1\n|-boost|p1a: Misdreavus|spd|1\n|\n|upkeep\n|turn|3\n|inactive|Time left: 300 sec this turn | 300 sec total\n|\n|t:|1783571304\n|move|p2a: Lumineon|Encore|p1a: Misdreavus\n|-start|p1a: Misdreavus|Encore\n|move|p1a: Misdreavus|Calm Mind|p1a: Misdreavus\n|-boost|p1a: Misdreavus|spa|1\n|-boost|p1a: Misdreavus|spd|1\n|\n|upkeep\n|turn|4\n|inactive|Time left: 300 sec this turn | 300 sec total\n|\n|t:|1783571305\n|move|p2a: Lumineon|Hydro Pump|p1a: Misdreavus\n|-damage|p1a: Misdreavus|215/254\n|move|p1a: Misdreavus|Calm Mind|p1a: Misdreavus\n|-boost|p1a: Misdreavus|spa|1\n|-boost|p1a: Misdreavus|spd|1\n|\n|upkeep\n|turn|5\n|inactive|Time left: 300 sec this turn | 300 sec total\n|\n|t:|1783571306\n|move|p2a: Lumineon|Ice Beam|p1a: Misdreavus\n|-damage|p1a: Misdreavus|200/254\n|move|p1a: Misdreavus|Calm Mind|p1a: Misdreavus\n|-boost|p1a: Misdreavus|spa|1\n|-boost|p1a: Misdreavus|spd|1\n|\n|-end|p1a: Misdreavus|Encore\n|upkeep\n|turn|6\n|inactive|Time left: 300 sec this turn | 300 sec total\n|\n|t:|1783571307\n|move|p2a: Lumineon|Encore|p1a: Misdreavus\n|-start|p1a: Misdreavus|Encore\n|move|p1a: Misdreavus|Calm Mind|p1a: Misdreavus\n|-boost|p1a: Misdreavus|spa|1\n|-boost|p1a: Misdreavus|spd|1\n|\n|upkeep\n|turn|7\n|inactive|Time left: 300 sec this turn | 300 sec total\n|\n|t:|1783571308\n|move|p2a: Lumineon|Hydro Pump|p1a: Misdreavus|[miss]\n|-miss|p2a: Lumineon|p1a: Misdreavus\n|move|p1a: Misdreavus|Calm Mind|p1a: Misdreavus\n|-boost|p1a: Misdreavus|spa|1\n|-boost|p1a: Misdreavus|spd|1\n|\n|upkeep\n|turn|8\n|inactive|Time left: 300 sec this turn | 300 sec total\n|\n|t:|1783571309\n|move|p2a: Lumineon|Ice Beam|p1a: Misdreavus\n|-damage|p1a: Misdreavus|190/254\n|move|p1a: Misdreavus|Calm Mind|p1a: Misdreavus\n|-boost|p1a: Misdreavus|spa|0\n|-boost|p1a: Misdreavus|spd|0\n|\n|-end|p1a: Misdreavus|Encore\n|upkeep\n|turn|9\n|inactive|Time left: 300 sec this turn | 300 sec total\n|\n|t:|1783571310\n|move|p2a: Lumineon|Encore|p1a: Misdreavus\n|-start|p1a: Misdreavus|Encore\n|move|p1a: Misdreavus|Calm Mind|p1a: Misdreavus\n|-boost|p1a: Misdreavus|spa|0\n|-boost|p1a: Misdreavus|spd|0\n|\n|upkeep\n|turn|10\n|inactive|Time left: 300 sec this turn | 300 sec total\n|\n|t:|1783571311\n|switch|p2a: Rhyperior|Rhyperior, L82, F|100/100\n|move|p1a: Misdreavus|Calm Mind|p1a: Misdreavus\n|-boost|p1a: Misdreavus|spa|0\n|-boost|p1a: Misdreavus|spd|0\n|\n|upkeep\n|turn|11\n|inactive|Time left: 300 sec this turn | 300 sec total\n|\n|t:|1783571312\n|switch|p2a: Lumineon|Lumineon, L93, M|100/100\n|move|p1a: Misdreavus|Calm Mind|p1a: Misdreavus\n|-boost|p1a: Misdreavus|spa|0\n|-boost|p1a: Misdreavus|spd|0\n|\n|-end|p1a: Misdreavus|Encore\n|upkeep\n|turn|12\n|inactive|Time left: 300 sec this turn | 300 sec total\n|\n|t:|1783571313\n|move|p2a: Lumineon|Encore|p1a: Misdreavus\n|-start|p1a: Misdreavus|Encore\n|move|p1a: Misdreavus|Calm Mind|p1a: Misdreavus\n|-boost|p1a: Misdreavus|spa|0\n|-boost|p1a: Misdreavus|spd|0\n|\n|upkeep\n|turn|13\n|inactive|Time left: 300 sec this turn | 300 sec total\n|\n|t:|1783571314\n|switch|p2a: Rhyperior|Rhyperior, L82, F|100/100\n|move|p1a: Misdreavus|Calm Mind|p1a: Misdreavus\n|-boost|p1a: Misdreavus|spa|0\n|-boost|p1a: Misdreavus|spd|0\n|\n|upkeep\n|turn|14\n|inactive|Time left: 300 sec this turn | 300 sec total\n|\n|t:|1783571314\n|switch|p2a: Lumineon|Lumineon, L93, M|100/100\n|move|p1a: Misdreavus|Calm Mind|p1a: Misdreavus\n|-boost|p1a: Misdreavus|spa|0\n|-boost|p1a: Misdreavus|spd|0\n|\n|-end|p1a: Misdreavus|Encore\n|upkeep\n|turn|15\n|inactive|Time left: 300 sec this turn | 300 sec total\n|\n|t:|1783571315\n|move|p2a: Lumineon|Encore|p1a: Misdreavus\n|-start|p1a: Misdreavus|Encore\n|move|p1a: Misdreavus|Calm Mind|p1a: Misdreavus\n|-boost|p1a: Misdreavus|spa|0\n|-boost|p1a: Misdreavus|spd|0\n|\n|upkeep\n|turn|16\n|inactive|Time left: 300 sec this turn | 300 sec total\n|\n|t:|1783571316\n|switch|p2a: Rhyperior|Rhyperior, L82, F|100/100\n|move|p1a: Misdreavus|Calm Mind|p1a: Misdreavus\n|-boost|p1a: Misdreavus|spa|0\n|-boost|p1a: Misdreavus|spd|0\n|\n|upkeep\n|turn|17\n|inactive|Time left: 300 sec this turn | 300 sec total\n|\n|t:|1783571317\n|switch|p2a: Lumineon|Lumineon, L93, M|100/100\n|move|p1a: Misdreavus|Calm Mind|p1a: Misdreavus\n|-boost|p1a: Misdreavus|spa|0\n|-boost|p1a: Misdreavus|spd|0\n|\n|-end|p1a: Misdreavus|Encore\n|upkeep\n|turn|18\n|inactive|Time left: 300 sec this turn | 300 sec total\n|\n|t:|1783571318\n|move|p2a: Lumineon|Encore|p1a: Misdreavus\n|-start|p1a: Misdreavus|Encore\n|move|p1a: Misdreavus|Calm Mind|p1a: Misdreavus\n|-boost|p1a: Misdreavus|spa|0\n|-boost|p1a: Misdreavus|spd|0\n|\n|upkeep\n|turn|19\n|inactive|Time left: 300 sec this turn | 300 sec total\n|\n|t:|1783571319\n|switch|p2a: Rhyperior|Rhyperior, L82, F|100/100\n|move|p1a: Misdreavus|Calm Mind|p1a: Misdreavus\n|-boost|p1a: Misdreavus|spa|0\n|-boost|p1a: Misdreavus|spd|0\n|\n|upkeep\n|turn|20\n|inactive|Time left: 300 sec this turn | 300 sec total\n|\n|t:|1783571320\n|switch|p2a: Lumineon|Lumineon, L93, M|100/100\n|move|p1a: Misdreavus|Calm Mind|p1a: Misdreavus\n|-boost|p1a: Misdreavus|spa|0\n|-boost|p1a: Misdreavus|spd|0\n|\n|-end|p1a: Misdreavus|Encore\n|upkeep\n|turn|21\n|inactive|Time left: 300 sec this turn | 300 sec total\n|\n|t:|1783571321\n|move|p2a: Lumineon|Encore|p1a: Misdreavus\n|-start|p1a: Misdreavus|Encore\n|move|p1a: Misdreavus|Calm Mind|p1a: Misdreavus\n|-boost|p1a: Misdreavus|spa|0\n|-boost|p1a: Misdreavus|spd|0\n|\n|upkeep\n|turn|22\n|inactive|Time left: 300 sec this turn | 300 sec total\n|\n|t:|1783571322\n|switch|p2a: Lokix|Lokix, L82, F|100/100\n|move|p1a: Misdreavus|Calm Mind|p1a: Misdreavus\n|-boost|p1a: Misdreavus|spa|0\n|-boost|p1a: Misdreavus|spd|0\n|\n|upkeep\n|turn|23\n|inactive|Time left: 300 sec this turn | 300 sec total\n|\n|t:|1783571323\n|move|p1a: Misdreavus|Calm Mind|p1a: Misdreavus\n|-boost|p1a: Misdreavus|spa|0\n|-boost|p1a: Misdreavus|spd|0\n|move|p2a: Lokix|Knock Off|p1a: Misdreavus\n|-supereffective|p1a: Misdreavus\n|-crit|p1a: Misdreavus\n|-damage|p1a: Misdreavus|0 fnt\n|-enditem|p1a: Misdreavus|Eviolite|[from] move: Knock Off|[of] p2a: Lokix\n|faint|p1a: Misdreavus\n|\n|upkeep\n|inactive|Time left: 300 sec this turn | 300 sec total | 5 sec grace\n|\n|t:|1783571324\n|switch|p1a: Yanmega|Yanmega, L82, F|275/275\n|turn|24\n|inactive|Time left: 300 sec this turn | 300 sec total\n|\n|t:|1783571325\n|switch|p2a: Rotom|Rotom-Wash, L82|100/100\n|move|p1a: Yanmega|Bug Buzz|p2a: Rotom\n|-damage|p2a: Rotom|34/100\n|\n|upkeep\n|turn|25\n|inactive|Time left: 300 sec this turn | 300 sec total\n|\n|t:|1783571326\n|move|p2a: Rotom|Thunderbolt|p1a: Yanmega\n|-supereffective|p1a: Yanmega\n|-damage|p1a: Yanmega|15/275\n|-status|p1a: Yanmega|par\n|move|p1a: Yanmega|Bug Buzz|p2a: Rotom\n|-damage|p2a: Rotom|0 fnt\n|faint|p2a: Rotom\n|\n|upkeep\n|\n|t:|1783571327\n|switch|p2a: Lokix|Lokix, L82, F|100/100\n|turn|26\n|inactive|Time left: 300 sec this turn | 300 sec total\n|\n|t:|1783571327\n|move|p2a: Lokix|U-turn|p1a: Yanmega\n|-resisted|p1a: Yanmega\n|-damage|p1a: Yanmega|0 fnt\n|faint|p1a: Yanmega\n|\n|t:|1783571328\n|switch|p2a: Cetitan|Cetitan, L82, F|100/100|[from] U-turn\n|\n|upkeep\n|inactive|Time left: 300 sec this turn | 300 sec total | 10 sec grace\n|\n|t:|1783571329\n|switch|p1a: Quaquaval|Quaquaval, L79, M|264/264\n|turn|27\n|inactive|Time left: 300 sec this turn | 300 sec total\n|\n|t:|1783571331\n|switch|p2a: Chesnaught|Chesnaught, L84, M|100/100\n|move|p1a: Quaquaval|Close Combat|p2a: Chesnaught\n|-damage|p2a: Chesnaught|53/100\n|-unboost|p1a: Quaquaval|def|1\n|-unboost|p1a: Quaquaval|spd|1\n|-damage|p1a: Quaquaval|238/264|[from] item: Life Orb\n|\n|-heal|p2a: Chesnaught|59/100|[from] item: Leftovers\n|upkeep\n|turn|28\n|inactive|Time left: 300 sec this turn | 300 sec total\n|\n|t:|1783571332\n|move|p1a: Quaquaval|Triple Axel|p2a: Chesnaught\n|-supereffective|p2a: Chesnaught\n|-damage|p2a: Chesnaught|48/100\n|-supereffective|p2a: Chesnaught\n|-damage|p2a: Chesnaught|27/100\n|-hitcount|p2a: Chesnaught|2\n|-damage|p1a: Quaquaval|212/264|[from] item: Life Orb\n|move|p2a: Chesnaught|Trailblaze|p1a: Quaquaval\n|-supereffective|p1a: Quaquaval\n|-damage|p1a: Quaquaval|30/264\n|-boost|p2a: Chesnaught|spe|1\n|\n|-heal|p2a: Chesnaught|33/100|[from] item: Leftovers\n|upkeep\n|turn|29\n|inactive|Time left: 300 sec this turn | 300 sec total\n|\n|t:|1783571333\n|switch|p1a: Grimmsnarl|Grimmsnarl, L83, M|293/293\n|move|p2a: Chesnaught|Synthesis|p2a: Chesnaught\n|-heal|p2a: Chesnaught|83/100\n|\n|-heal|p2a: Chesnaught|89/100|[from] item: Leftovers\n|upkeep\n|turn|30\n|inactive|Time left: 300 sec this turn | 300 sec total\n|\n|t:|1783571334\n|move|p2a: Chesnaught|Iron Defense|p2a: Chesnaught\n|-boost|p2a: Chesnaught|def|2\n|move|p1a: Grimmsnarl|Spirit Break|p2a: Chesnaught\n|-supereffective|p2a: Chesnaught\n|-damage|p2a: Chesnaught|65/100\n|-unboost|p2a: Chesnaught|spa|1\n|\n|-heal|p2a: Chesnaught|71/100|[from] item: Leftovers\n|upkeep\n|turn|31\n|inactive|Time left: 300 sec this turn | 300 sec total\n|\n|t:|1783571335\n|move|p2a: Chesnaught|Body Press|p1a: Grimmsnarl\n|-damage|p1a: Grimmsnarl|22/293\n|move|p1a: Grimmsnarl|Spirit Break|p2a: Chesnaught\n|-supereffective|p2a: Chesnaught\n|-damage|p2a: Chesnaught|43/100\n|-unboost|p2a: Chesnaught|spa|1\n|\n|-heal|p2a: Chesnaught|49/100|[from] item: Leftovers\n|-heal|p1a: Grimmsnarl|40/293|[from] item: Leftovers\n|upkeep\n|turn|32\n|inactive|Time left: 300 sec this turn | 300 sec total\n|\n|t:|1783571336\n|move|p1a: Grimmsnarl|Parting Shot|p2a: Chesnaught\n|-unboost|p2a: Chesnaught|atk|1\n|-unboost|p2a: Chesnaught|spa|1\n|inactive|Time left: 300 sec this turn | 300 sec total | 5 sec grace\n|\n|t:|1783571337\n|switch|p1a: Quaquaval|Quaquaval, L79, M|30/264|[from] Parting Shot\n|move|p2a: Chesnaught|Trailblaze|p1a: Quaquaval\n|-supereffective|p1a: Quaquaval\n|-damage|p1a: Quaquaval|0 fnt\n|-boost|p2a: Chesnaught|spe|1\n|faint|p1a: Quaquaval\n|\n|-heal|p2a: Chesnaught|55/100|[from] item: Leftovers\n|upkeep\n|inactive|Time left: 300 sec this turn | 300 sec total | 10 sec grace\n|\n|t:|1783571338\n|switch|p1a: Regieleki|Regieleki, L79|256/256\n|turn|33\n|inactive|Time left: 300 sec this turn | 300 sec total\n|\n|t:|1783571339\n|-terastallize|p1a: Regieleki|Ice\n|move|p1a: Regieleki|Tera Blast|p2a: Chesnaught|[anim] Tera Blast Ice\n|-supereffective|p2a: Chesnaught\n|-damage|p2a: Chesnaught|0 fnt\n|faint|p2a: Chesnaught\n|\n|upkeep\n|\n|t:|1783571340\n|switch|p2a: Rhyperior|Rhyperior, L82, F|100/100\n|turn|34\n|inactive|Time left: 300 sec this turn | 300 sec total\n|\n|t:|1783571341\n|switch|p1a: Whiscash|Whiscash, L88, M|337/337\n|move|p2a: Rhyperior|Earthquake|p1a: Whiscash\n|-damage|p1a: Whiscash|195/337\n|\n|-heal|p1a: Whiscash|216/337|[from] item: Leftovers\n|upkeep\n|turn|35\n|inactive|Time left: 300 sec this turn | 300 sec total\n|\n|t:|1783571342\n|move|p1a: Whiscash|Hydro Pump|p2a: Rhyperior\n|-supereffective|p2a: Rhyperior\n|-damage|p2a: Rhyperior|0 fnt\n|faint|p2a: Rhyperior\n|\n|-heal|p1a: Whiscash|237/337|[from] item: Leftovers\n|upkeep\n|\n|t:|1783571343\n|switch|p2a: Cetitan|Cetitan, L82, F|100/100\n|turn|36\n|inactive|Time left: 300 sec this turn | 300 sec total\n|\n|t:|1783571344\n|move|p2a: Cetitan|Belly Drum|p2a: Cetitan\n|-damage|p2a: Cetitan|50/100\n|-setboost|p2a: Cetitan|atk|6|[from] move: Belly Drum\n|-enditem|p2a: Cetitan|Sitrus Berry|[eat]\n|-heal|p2a: Cetitan|75/100|[from] item: Sitrus Berry\n|move|p1a: Whiscash|Earthquake|p2a: Cetitan\n|-damage|p2a: Cetitan|47/100\n|\n|-heal|p1a: Whiscash|258/337|[from] item: Leftovers\n|upkeep\n|turn|37\n|inactive|Time left: 300 sec this turn | 300 sec total\n|\n|t:|1783571345\n|switch|p1a: Grimmsnarl|Grimmsnarl, L83, M|40/293\n|move|p2a: Cetitan|Belly Drum||[still]\n|-fail|p2a: Cetitan\n|\n|-heal|p1a: Grimmsnarl|58/293|[from] item: Leftovers\n|upkeep\n|turn|38\n|inactive|Time left: 300 sec this turn | 300 sec total\n|\n|t:|1783571346\n|move|p1a: Grimmsnarl|Sucker Punch|p2a: Cetitan\n|-damage|p2a: Cetitan|20/100\n|move|p2a: Cetitan|Ice Spinner|p1a: Grimmsnarl\n|-damage|p1a: Grimmsnarl|0 fnt\n|faint|p1a: Grimmsnarl\n|\n|upkeep\n|inactive|Time left: 300 sec this turn | 300 sec total | 5 sec grace\n|\n|t:|1783571347\n|switch|p1a: Regieleki|Regieleki, L79, tera:Ice|256/256\n|turn|39\n|inactive|Time left: 300 sec this turn | 300 sec total\n|\n|t:|1783571348\n|-terastallize|p2a: Cetitan|Ice\n|move|p2a: Cetitan|Ice Shard|p1a: Regieleki\n|-resisted|p1a: Regieleki\n|-damage|p1a: Regieleki|84/256\n|move|p1a: Regieleki|Thunderbolt|p2a: Cetitan\n|-damage|p2a: Cetitan|0 fnt\n|faint|p2a: Cetitan\n|\n|upkeep\n|\n|t:|1783571349\n|switch|p2a: Lokix|Lokix, L82, F|100/100\n|turn|40\n|inactive|Time left: 300 sec this turn | 300 sec total\n|\n|t:|1783571350\n|switch|p1a: Whiscash|Whiscash, L88, M|258/337\n|move|p2a: Lokix|First Impression|p1a: Whiscash\n|-damage|p1a: Whiscash|135/337\n|\n|-heal|p1a: Whiscash|156/337|[from] item: Leftovers\n|upkeep\n|turn|41\n|inactive|Time left: 300 sec this turn | 300 sec total\n|\n|t:|1783571351\n|move|p2a: Lokix|Knock Off|p1a: Whiscash\n|-damage|p1a: Whiscash|38/337\n|-enditem|p1a: Whiscash|Leftovers|[from] move: Knock Off|[of] p2a: Lokix\n|move|p1a: Whiscash|Ice Beam|p2a: Lokix\n|-damage|p2a: Lokix|65/100\n|\n|upkeep\n|turn|42\n|inactive|Time left: 300 sec this turn | 300 sec total\n|\n|t:|1783571352\n|move|p2a: Lokix|Knock Off|p1a: Whiscash\n|-damage|p1a: Whiscash|0 fnt\n|faint|p1a: Whiscash\n|\n|upkeep\n|inactive|Time left: 300 sec this turn | 300 sec total | 5 sec grace\n|\n|t:|1783571352\n|switch|p1a: Regieleki|Regieleki, L79, tera:Ice|84/256\n|turn|43\n|inactive|Time left: 300 sec this turn | 300 sec total\n|\n|t:|1783571353\n|move|p2a: Lokix|Sucker Punch|p1a: Regieleki\n|-damage|p1a: Regieleki|0 fnt\n|faint|p1a: Regieleki\n|\n|win|p0y280251db", "uploadtime": 1783571353, "views": 0, "rating": 0, "private": 0, "password": null, "_winner": "p0y280251db", "_our_name": "p0x2802d0e7"}