{"id": "battle-gen9randombattle-2359", "formatid": "gen9randombattle", "format": "[Gen 9] Random Battle", "players": ["p0x23598fee", "p0y2359cee2"], "log": "|init|battle\n|title|p0x23598fee vs. p0y2359cee2\n|j|\u2606p0x23598fee\n|j|\u2606p0y2359cee2\n|t:|1783567412\n|gametype|singles\n|player|p1|p0x23598fee|170|\n|player|p2|p0y2359cee2|101|\n|gen|9\n|tier|[Gen 9] Random Battle\n|rule|Species Clause: Limit one of each Pok\u00e9mon\n|rule|HP Percentage Mod: HP is shown in percentages\n|rule|Sleep Clause Mod: Limit one foe put to sleep\n|rule|Illusion Level Mod: Illusion disguises the Pok\u00e9mon's true level\n|\n|t:|1783567412\n|teamsize|p1|6\n|teamsize|p2|6\n|start\n|switch|p1a: Feraligatr|Feraligatr, L79, M|100/100\n|switch|p2a: Keldeo|Keldeo-Resolute, L79|273/273\n|turn|1\n|inactive|Battle timer is ON: inactive players will automatically lose when time's up. (requested by p0x23598fee)\n|inactive|Time left: 300 sec this turn | 300 sec total | 60 sec grace\n|inactive|p0y2359cee2 also wants the timer to be on.\n|\n|t:|1783567414\n|move|p2a: Keldeo|Calm Mind|p2a: Keldeo\n|-boost|p2a: Keldeo|spa|1\n|-boost|p2a: Keldeo|spd|1\n|move|p1a: Feraligatr|Dragon Dance|p1a: Feraligatr\n|-boost|p1a: Feraligatr|atk|1\n|-boost|p1a: Feraligatr|spe|1\n|\n|upkeep\n|turn|2\n|inactive|Time left: 300 sec this turn | 300 sec total\n|\n|t:|1783567415\n|move|p1a: Feraligatr|Liquidation|p2a: Keldeo\n|-resisted|p2a: Keldeo\n|-damage|p2a: Keldeo|164/273\n|move|p2a: Keldeo|Secret Sword|p1a: Feraligatr\n|-damage|p1a: Feraligatr|45/100\n|\n|-heal|p2a: Keldeo|181/273|[from] item: Leftovers\n|upkeep\n|turn|3\n|inactive|Time left: 300 sec this turn | 300 sec total\n|\n|t:|1783567416\n|move|p1a: Feraligatr|Liquidation|p2a: Keldeo\n|-resisted|p2a: Keldeo\n|-damage|p2a: Keldeo|68/273\n|move|p2a: Keldeo|Secret Sword|p1a: Feraligatr\n|-damage|p1a: Feraligatr|0 fnt\n|faint|p1a: Feraligatr\n|\n|-heal|p2a: Keldeo|85/273|[from] item: Leftovers\n|upkeep\n|\n|t:|1783567417\n|switch|p1a: Toxtricity|Toxtricity, L82, F|100/100\n|turn|4\n|inactive|Time left: 300 sec this turn | 300 sec total\n|\n|t:|1783567418\n|move|p2a: Keldeo|Surf|p1a: Toxtricity\n|-damage|p1a: Toxtricity|32/100\n|move|p1a: Toxtricity|Overdrive|p2a: Keldeo\n|-supereffective|p2a: Keldeo\n|-damage|p2a: Keldeo|0 fnt\n|faint|p2a: Keldeo\n|-enditem|p1a: Toxtricity|Throat Spray\n|-boost|p1a: Toxtricity|spa|1|[from] item: Throat Spray\n|\n|upkeep\n|inactive|Time left: 300 sec this turn | 300 sec total | 5 sec grace\n|\n|t:|1783567419\n|switch|p2a: Lumineon|Lumineon, L93, M|279/279\n|turn|5\n|inactive|Time left: 300 sec this turn | 300 sec total\n|\n|t:|1783567420\n|move|p2a: Lumineon|Ice Beam|p1a: Toxtricity\n|-damage|p1a: Toxtricity|0 fnt\n|faint|p1a: Toxtricity\n|-damage|p2a: Lumineon|252/279|[from] item: Life Orb\n|\n|upkeep\n|\n|t:|1783567421\n|switch|p1a: Ting-Lu|Ting-Lu, L78|100/100\n|-ability|p1a: Ting-Lu|Vessel of Ruin\n|turn|6\n|inactive|Time left: 300 sec this turn | 300 sec total\n|\n|t:|1783567421\n|move|p2a: Lumineon|Hydro Pump|p1a: Ting-Lu|[miss]\n|-miss|p2a: Lumineon|p1a: Ting-Lu\n|move|p1a: Ting-Lu|Earthquake|p2a: Lumineon\n|-damage|p2a: Lumineon|141/279\n|\n|upkeep\n|turn|7\n|inactive|Time left: 300 sec this turn | 300 sec total\n|\n|t:|1783567422\n|move|p2a: Lumineon|Hydro Pump|p1a: Ting-Lu\n|-supereffective|p1a: Ting-Lu\n|-damage|p1a: Ting-Lu|27/100\n|-damage|p2a: Lumineon|114/279|[from] item: Life Orb\n|move|p1a: Ting-Lu|Earthquake|p2a: Lumineon\n|-damage|p2a: Lumineon|6/279\n|\n|-heal|p1a: Ting-Lu|33/100|[from] item: Leftovers\n|upkeep\n|turn|8\n|inactive|Time left: 300 sec this turn | 300 sec total\n|\n|t:|1783567423\n|switch|p1a: Cryogonal|Cryogonal, L89|100/100\n|move|p2a: Lumineon|Hydro Pump|p1a: Cryogonal\n|-damage|p1a: Cryogonal|65/100\n|-damage|p2a: Lumineon|0 fnt|[from] item: Life Orb\n|faint|p2a: Lumineon\n|\n|upkeep\n|inactive|Time left: 300 sec this turn | 300 sec total | 5 sec grace\n|\n|t:|1783567424\n|switch|p2a: Polteageist|Polteageist-Antique, L78|222/222\n|turn|9\n|inactive|Time left: 300 sec this turn | 300 sec total\n|\n|t:|1783567425\n|switch|p1a: Qwilfish|Qwilfish-Hisui, L83, F|100/100\n|-ability|p1a: Qwilfish|Intimidate|boost\n|-unboost|p2a: Polteageist|atk|1\n|-enditem|p2a: Polteageist|White Herb\n|-clearnegativeboost|p2a: Polteageist|[silent]\n|move|p2a: Polteageist|Shell Smash|p2a: Polteageist\n|-unboost|p2a: Polteageist|def|1\n|-unboost|p2a: Polteageist|spd|1\n|-boost|p2a: Polteageist|atk|2\n|-boost|p2a: Polteageist|spa|2\n|-boost|p2a: Polteageist|spe|2\n|\n|upkeep\n|turn|10\n|inactive|Time left: 300 sec this turn | 300 sec total\n|\n|t:|1783567425\n|-terastallize|p2a: Polteageist|Fighting\n|move|p2a: Polteageist|Tera Blast|p1a: Qwilfish|[anim] Tera Blast Fighting\n|-damage|p1a: Qwilfish|28/100\n|move|p1a: Qwilfish|Crunch|p2a: Polteageist\n|-resisted|p2a: Polteageist\n|-damage|p2a: Polteageist|135/222\n|-start|p1a: Qwilfish|Disable|Crunch|[from] ability: Cursed Body|[of] p2a: Polteageist\n|\n|upkeep\n|turn|11\n|inactive|Time left: 300 sec this turn | 300 sec total\n|\n|t:|1783567426\n|move|p2a: Polteageist|Strength Sap|p1a: Qwilfish\n|-unboost|p1a: Qwilfish|atk|1\n|-heal|p2a: Polteageist|222/222\n|move|p1a: Qwilfish|Gunk Shot|p2a: Polteageist\n|-damage|p2a: Polteageist|60/222\n|\n|upkeep\n|turn|12\n|inactive|Time left: 300 sec this turn | 300 sec total\n|\n|t:|1783567427\n|move|p2a: Polteageist|Strength Sap|p1a: Qwilfish\n|-unboost|p1a: Qwilfish|atk|1\n|-heal|p2a: Polteageist|196/222\n|move|p1a: Qwilfish|Gunk Shot|p2a: Polteageist\n|-crit|p2a: Polteageist\n|-damage|p2a: Polteageist|0 fnt\n|faint|p2a: Polteageist\n|\n|upkeep\n|inactive|Time left: 300 sec this turn | 300 sec total | 5 sec grace\n|\n|t:|1783567428\n|switch|p2a: Emboar|Emboar, L84, M|322/322\n|turn|13\n|inactive|Time left: 300 sec this turn | 300 sec total\n|\n|t:|1783567429\n|move|p1a: Qwilfish|Gunk Shot|p2a: Emboar\n|-crit|p2a: Emboar\n|-damage|p2a: Emboar|94/322\n|move|p2a: Emboar|Flare Blitz|p1a: Qwilfish\n|-damage|p1a: Qwilfish|0 fnt\n|faint|p1a: Qwilfish\n|-damage|p2a: Emboar|72/322|[from] Recoil\n|\n|-heal|p2a: Emboar|92/322|[from] item: Leftovers\n|upkeep\n|\n|t:|1783567430\n|switch|p1a: Iron Bundle|Iron Bundle, L78|100/100\n|turn|14\n|inactive|Time left: 300 sec this turn | 300 sec total\n|\n|t:|1783567431\n|move|p1a: Iron Bundle|Flip Turn|p2a: Emboar\n|-supereffective|p2a: Emboar\n|-damage|p2a: Emboar|0 fnt\n|faint|p2a: Emboar\n|\n|t:|1783567432\n|-end|p1a: Iron Bundle|Quark Drive|[silent]\n|switch|p1a: Cryogonal|Cryogonal, L89|65/100|[from] Flip Turn\n|\n|upkeep\n|inactive|Time left: 300 sec this turn | 300 sec total | 10 sec grace\n|\n|t:|1783567433\n|switch|p2a: Ho-Oh|Ho-Oh, L71|268/268\n|turn|15\n|inactive|Time left: 300 sec this turn | 300 sec total\n|\n|t:|1783567434\n|-terastallize|p1a: Cryogonal|Electric\n|move|p1a: Cryogonal|Tera Blast|p2a: Ho-Oh|[anim] Tera Blast Electric\n|-supereffective|p2a: Ho-Oh\n|-damage|p2a: Ho-Oh|118/268\n|move|p2a: Ho-Oh|Sacred Fire|p1a: Cryogonal\n|-damage|p1a: Cryogonal|16/100\n|-status|p1a: Cryogonal|brn\n|\n|-damage|p1a: Cryogonal|10/100 brn|[from] brn\n|upkeep\n|turn|16\n|inactive|Time left: 300 sec this turn | 300 sec total\n|\n|t:|1783567435\n|switch|p2a: Serperior|Serperior, L79, F|248/248\n|move|p1a: Cryogonal|Tera Blast|p2a: Serperior|[anim] Tera Blast Electric\n|-resisted|p2a: Serperior\n|-damage|p2a: Serperior|204/248\n|\n|-heal|p2a: Serperior|219/248|[from] item: Leftovers\n|-damage|p1a: Cryogonal|4/100 brn|[from] brn\n|upkeep\n|turn|17\n|inactive|Time left: 300 sec this turn | 300 sec total\n|\n|t:|1783567436\n|switch|p2a: Ho-Oh|Ho-Oh, L71|207/268\n|move|p1a: Cryogonal|Ice Beam|p2a: Ho-Oh\n|-damage|p2a: Ho-Oh|134/268\n|\n|-damage|p1a: Cryogonal|0 fnt|[from] brn\n|faint|p1a: Cryogonal\n|upkeep\n|\n|t:|1783567437\n|switch|p1a: Iron Bundle|Iron Bundle, L78|100/100\n|turn|18\n|inactive|Time left: 300 sec this turn | 300 sec total\n|\n|t:|1783567438\n|move|p1a: Iron Bundle|Freeze-Dry|p2a: Ho-Oh\n|-damage|p2a: Ho-Oh|73/268\n|move|p2a: Ho-Oh|Recover|p2a: Ho-Oh\n|-heal|p2a: Ho-Oh|207/268\n|\n|upkeep\n|turn|19\n|inactive|Time left: 300 sec this turn | 300 sec total\n|\n|t:|1783567439\n|move|p1a: Iron Bundle|Freeze-Dry|p2a: Ho-Oh\n|-damage|p2a: Ho-Oh|147/268\n|move|p2a: Ho-Oh|Recover|p2a: Ho-Oh\n|-heal|p2a: Ho-Oh|268/268\n|\n|upkeep\n|turn|20\n|inactive|Time left: 300 sec this turn | 300 sec total\n|\n|t:|1783567440\n|move|p1a: Iron Bundle|Freeze-Dry|p2a: Ho-Oh\n|-damage|p2a: Ho-Oh|211/268\n|move|p2a: Ho-Oh|Sacred Fire|p1a: Iron Bundle\n|-damage|p1a: Iron Bundle|60/100\n|-status|p1a: Iron Bundle|brn\n|\n|-damage|p1a: Iron Bundle|54/100 brn|[from] brn\n|upkeep\n|turn|21\n|inactive|Time left: 300 sec this turn | 300 sec total\n|\n|t:|1783567441\n|move|p1a: Iron Bundle|Flip Turn|p2a: Ho-Oh\n|-supereffective|p2a: Ho-Oh\n|-damage|p2a: Ho-Oh|160/268\n|\n|t:|1783567442\n|-end|p1a: Iron Bundle|Quark Drive|[silent]\n|switch|p1a: Ting-Lu|Ting-Lu, L78|33/100|[from] Flip Turn\n|-ability|p1a: Ting-Lu|Vessel of Ruin\n|move|p2a: Ho-Oh|Brave Bird|p1a: Ting-Lu\n|-damage|p1a: Ting-Lu|6/100\n|-damage|p2a: Ho-Oh|127/268|[from] Recoil\n|\n|-heal|p1a: Ting-Lu|12/100|[from] item: Leftovers\n|upkeep\n|turn|22\n|inactive|Time left: 300 sec this turn | 300 sec total\n|\n|t:|1783567443\n|move|p2a: Ho-Oh|Brave Bird|p1a: Ting-Lu\n|-damage|p1a: Ting-Lu|0 fnt\n|faint|p1a: Ting-Lu\n|-damage|p2a: Ho-Oh|112/268|[from] Recoil\n|\n|upkeep\n|\n|t:|1783567444\n|switch|p1a: Iron Bundle|Iron Bundle, L78|54/100 brn\n|turn|23\n|inactive|Time left: 300 sec this turn | 300 sec total\n|\n|t:|1783567445\n|move|p1a: Iron Bundle|Hydro Pump|p2a: Ho-Oh\n|-supereffective|p2a: Ho-Oh\n|-crit|p2a: Ho-Oh\n|-damage|p2a: Ho-Oh|0 fnt\n|faint|p2a: Ho-Oh\n|\n|-damage|p1a: Iron Bundle|48/100 brn|[from] brn\n|upkeep\n|inactive|Time left: 300 sec this turn | 300 sec total | 5 sec grace\n|\n|t:|1783567446\n|switch|p2a: Serperior|Serperior, L79, F|219/248\n|turn|24\n|inactive|Time left: 300 sec this turn | 300 sec total\n|\n|t:|1783567447\n|move|p1a: Iron Bundle|Freeze-Dry|p2a: Serperior\n|-supereffective|p2a: Serperior\n|-damage|p2a: Serperior|63/248\n|move|p2a: Serperior|Leaf Storm|p1a: Iron Bundle|[miss]\n|-miss|p2a: Serperior|p1a: Iron Bundle\n|\n|-heal|p2a: Serperior|78/248|[from] item: Leftovers\n|-damage|p1a: Iron Bundle|42/100 brn|[from] brn\n|upkeep\n|turn|25\n|inactive|Time left: 300 sec this turn | 300 sec total\n|\n|t:|1783567448\n|move|p1a: Iron Bundle|Freeze-Dry|p2a: Serperior\n|-supereffective|p2a: Serperior\n|-damage|p2a: Serperior|0 fnt\n|faint|p2a: Serperior\n|\n|win|p0x23598fee", "uploadtime": 1783567448, "views": 0, "rating": 0, "private": 0, "password": null, "_winner": "p0x23598fee", "_our_name": "p0y2359cee2"}