{"id": "battle-gen9randombattle-2386", "formatid": "gen9randombattle", "format": "[Gen 9] Random Battle", "players": ["p0x2386c824", "p0y2386357e"], "log": "|init|battle\n|title|p0x2386c824 vs. p0y2386357e\n|j|\u2606p0x2386c824\n|j|\u2606p0y2386357e\n|t:|1783566663\n|gametype|singles\n|player|p1|p0x2386c824|1|\n|player|p2|p0y2386357e|2|\n|gen|9\n|tier|[Gen 9] Random Battle\n|rule|Species Clause: Limit one of each Pok\u00e9mon\n|rule|HP Percentage Mod: HP is shown in percentages\n|rule|Sleep Clause Mod: Limit one foe put to sleep\n|rule|Illusion Level Mod: Illusion disguises the Pok\u00e9mon's true level\n|\n|t:|1783566663\n|teamsize|p1|6\n|teamsize|p2|6\n|start\n|switch|p1a: Perrserker|Perrserker, L89, M|269/269\n|switch|p2a: Toxicroak|Toxicroak, L84, F|100/100\n|turn|1\n|inactive|Battle timer is ON: inactive players will automatically lose when time's up. (requested by p0y2386357e)\n|inactive|Time left: 300 sec this turn | 300 sec total | 60 sec grace\n|inactive|p0x2386c824 also wants the timer to be on.\n|\n|t:|1783566665\n|move|p2a: Toxicroak|Close Combat|p1a: Perrserker\n|-supereffective|p1a: Perrserker\n|-damage|p1a: Perrserker|0 fnt\n|-unboost|p2a: Toxicroak|def|1\n|-unboost|p2a: Toxicroak|spd|1\n|faint|p1a: Perrserker\n|-damage|p2a: Toxicroak|91/100|[from] item: Life Orb\n|\n|upkeep\n|inactive|Time left: 300 sec this turn | 300 sec total | 65 sec grace\n|\n|t:|1783566666\n|switch|p1a: Volcarona|Volcarona, L77, F|257/257\n|turn|2\n|inactive|Time left: 300 sec this turn | 300 sec total\n|\n|t:|1783566668\n|switch|p2a: Emboar|Emboar, L84, F|100/100\n|move|p1a: Volcarona|Fire Blast|p2a: Emboar\n|-resisted|p2a: Emboar\n|-damage|p2a: Emboar|78/100\n|\n|-heal|p2a: Emboar|84/100|[from] item: Leftovers\n|upkeep\n|turn|3\n|inactive|Time left: 300 sec this turn | 300 sec total\n|\n|t:|1783566669\n|move|p1a: Volcarona|Quiver Dance|p1a: Volcarona\n|-boost|p1a: Volcarona|spa|1\n|-boost|p1a: Volcarona|spd|1\n|-boost|p1a: Volcarona|spe|1\n|move|p2a: Emboar|Flare Blitz|p1a: Volcarona\n|-damage|p1a: Volcarona|29/257\n|-damage|p2a: Emboar|61/100|[from] Recoil\n|\n|-heal|p2a: Emboar|67/100|[from] item: Leftovers\n|upkeep\n|turn|4\n|inactive|Time left: 300 sec this turn | 300 sec total\n|\n|t:|1783566670\n|-terastallize|p1a: Volcarona|Ground\n|move|p1a: Volcarona|Tera Blast|p2a: Emboar|[anim] Tera Blast Ground\n|-supereffective|p2a: Emboar\n|-damage|p2a: Emboar|0 fnt\n|faint|p2a: Emboar\n|\n|upkeep\n|\n|t:|1783566671\n|switch|p2a: Snorlax|Snorlax, L82, M|100/100\n|turn|5\n|inactive|Time left: 300 sec this turn | 300 sec total\n|\n|t:|1783566672\n|move|p1a: Volcarona|Fire Blast|p2a: Snorlax|[miss]\n|-miss|p1a: Volcarona|p2a: Snorlax\n|move|p2a: Snorlax|Body Slam|p1a: Volcarona\n|-damage|p1a: Volcarona|0 fnt\n|-status|p2a: Snorlax|brn|[from] ability: Flame Body|[of] p1a: Volcarona\n|faint|p1a: Volcarona\n|\n|-damage|p2a: Snorlax|94/100 brn|[from] brn\n|upkeep\n|inactive|Time left: 300 sec this turn | 300 sec total | 5 sec grace\n|\n|t:|1783566673\n|switch|p1a: Carbink|Carbink, L90|236/236\n|turn|6\n|inactive|Time left: 300 sec this turn | 300 sec total\n|\n|t:|1783566674\n|switch|p2a: Bronzong|Bronzong, L88|100/100\n|move|p1a: Carbink|Rock Polish|p1a: Carbink\n|-boost|p1a: Carbink|spe|2\n|\n|upkeep\n|turn|7\n|inactive|Time left: 300 sec this turn | 300 sec total\n|\n|t:|1783566675\n|move|p1a: Carbink|Iron Defense|p1a: Carbink\n|-boost|p1a: Carbink|def|2\n|move|p2a: Bronzong|Iron Head|p1a: Carbink\n|-supereffective|p1a: Carbink\n|-damage|p1a: Carbink|116/236\n|\n|-heal|p1a: Carbink|130/236|[from] item: Leftovers\n|upkeep\n|turn|8\n|inactive|Time left: 300 sec this turn | 300 sec total\n|\n|t:|1783566676\n|move|p1a: Carbink|Body Press|p2a: Bronzong\n|-damage|p2a: Bronzong|43/100\n|move|p2a: Bronzong|Iron Head|p1a: Carbink\n|-supereffective|p1a: Carbink\n|-damage|p1a: Carbink|10/236\n|\n|-heal|p1a: Carbink|24/236|[from] item: Leftovers\n|-heal|p2a: Bronzong|49/100|[from] item: Leftovers\n|upkeep\n|turn|9\n|inactive|Time left: 300 sec this turn | 300 sec total\n|\n|t:|1783566677\n|switch|p2a: Toxicroak|Toxicroak, L84, F|91/100\n|move|p1a: Carbink|Body Press|p2a: Toxicroak\n|-resisted|p2a: Toxicroak\n|-damage|p2a: Toxicroak|49/100\n|\n|-heal|p1a: Carbink|38/236|[from] item: Leftovers\n|upkeep\n|turn|10\n|inactive|Time left: 300 sec this turn | 300 sec total\n|\n|t:|1783566678\n|move|p1a: Carbink|Body Press|p2a: Toxicroak\n|-resisted|p2a: Toxicroak\n|-damage|p2a: Toxicroak|7/100\n|move|p2a: Toxicroak|Earthquake|p1a: Carbink\n|-supereffective|p1a: Carbink\n|-damage|p1a: Carbink|0 fnt\n|faint|p1a: Carbink\n|-damage|p2a: Toxicroak|0 fnt|[from] item: Life Orb\n|faint|p2a: Toxicroak\n|\n|upkeep\n|inactive|Time left: 300 sec this turn | 300 sec total | 5 sec grace\n|\n|t:|1783566679\n|switch|p2a: Manaphy|Manaphy, L78|100/100\n|switch|p1a: Houndstone|Houndstone, L86, F|264/264\n|turn|11\n|inactive|Time left: 300 sec this turn | 300 sec total\n|\n|t:|1783566680\n|move|p2a: Manaphy|Tail Glow|p2a: Manaphy\n|-boost|p2a: Manaphy|spa|3\n|move|p1a: Houndstone|Poltergeist|p2a: Manaphy\n|-activate|p2a: Manaphy|move: Poltergeist|Leftovers\n|-damage|p2a: Manaphy|54/100\n|\n|-heal|p2a: Manaphy|60/100|[from] item: Leftovers\n|upkeep\n|turn|12\n|inactive|Time left: 300 sec this turn | 300 sec total\n|\n|t:|1783566681\n|move|p2a: Manaphy|Surf|p1a: Houndstone\n|-damage|p1a: Houndstone|72/264\n|move|p1a: Houndstone|Poltergeist|p2a: Manaphy\n|-activate|p2a: Manaphy|move: Poltergeist|Leftovers\n|-damage|p2a: Manaphy|16/100\n|\n|-heal|p2a: Manaphy|22/100|[from] item: Leftovers\n|-heal|p1a: Houndstone|88/264|[from] item: Leftovers\n|upkeep\n|turn|13\n|inactive|Time left: 300 sec this turn | 300 sec total\n|\n|t:|1783566682\n|switch|p1a: Froslass|Froslass, L87, F|263/263\n|move|p2a: Manaphy|Energy Ball|p1a: Froslass\n|-damage|p1a: Froslass|106/263\n|\n|-heal|p2a: Manaphy|28/100|[from] item: Leftovers\n|upkeep\n|turn|14\n|inactive|Time left: 300 sec this turn | 300 sec total\n|\n|t:|1783566683\n|move|p1a: Froslass|Poltergeist|p2a: Manaphy\n|-activate|p2a: Manaphy|move: Poltergeist|Leftovers\n|-damage|p2a: Manaphy|0 fnt\n|faint|p2a: Manaphy\n|\n|upkeep\n|\n|t:|1783566684\n|switch|p2a: Snorlax|Snorlax, L82, M|94/100 brn\n|turn|15\n|inactive|Time left: 300 sec this turn | 300 sec total\n|\n|t:|1783566685\n|switch|p1a: Houndstone|Houndstone, L86, F|88/264\n|move|p2a: Snorlax|Curse|p2a: Snorlax\n|-unboost|p2a: Snorlax|spe|1\n|-boost|p2a: Snorlax|atk|1\n|-boost|p2a: Snorlax|def|1\n|\n|-heal|p1a: Houndstone|104/264|[from] item: Leftovers\n|-heal|p2a: Snorlax|100/100 brn|[from] item: Leftovers\n|-damage|p2a: Snorlax|94/100 brn|[from] brn\n|upkeep\n|turn|16\n|inactive|Time left: 300 sec this turn | 300 sec total\n|\n|t:|1783566686\n|move|p1a: Houndstone|Poltergeist|p2a: Snorlax\n|-immune|p2a: Snorlax\n|move|p2a: Snorlax|Rest|p2a: Snorlax\n|-status|p2a: Snorlax|slp|[from] move: Rest\n|-heal|p2a: Snorlax|100/100 slp|[silent]\n|\n|-heal|p1a: Houndstone|120/264|[from] item: Leftovers\n|upkeep\n|turn|17\n|inactive|Time left: 300 sec this turn | 300 sec total\n|\n|t:|1783566688\n|move|p1a: Houndstone|Body Press|p2a: Snorlax\n|-supereffective|p2a: Snorlax\n|-damage|p2a: Snorlax|73/100 slp\n|cant|p2a: Snorlax|slp\n|move|p2a: Snorlax|Sleep Talk|p2a: Snorlax\n|move|p2a: Snorlax|Rest||[from] move: Sleep Talk|[still]\n|-fail|p2a: Snorlax\n|\n|-heal|p1a: Houndstone|136/264|[from] item: Leftovers\n|-heal|p2a: Snorlax|79/100 slp|[from] item: Leftovers\n|upkeep\n|turn|18\n|inactive|Time left: 300 sec this turn | 300 sec total\n|\n|t:|1783566689\n|move|p1a: Houndstone|Body Press|p2a: Snorlax\n|-supereffective|p2a: Snorlax\n|-damage|p2a: Snorlax|52/100 slp\n|cant|p2a: Snorlax|slp\n|move|p2a: Snorlax|Sleep Talk|p2a: Snorlax\n|move|p2a: Snorlax|Curse|p2a: Snorlax|[from] move: Sleep Talk\n|-unboost|p2a: Snorlax|spe|1\n|-boost|p2a: Snorlax|atk|1\n|-boost|p2a: Snorlax|def|1\n|\n|-heal|p1a: Houndstone|152/264|[from] item: Leftovers\n|-heal|p2a: Snorlax|58/100 slp|[from] item: Leftovers\n|upkeep\n|turn|19\n|inactive|Time left: 300 sec this turn | 300 sec total\n|\n|t:|1783566690\n|move|p1a: Houndstone|Body Press|p2a: Snorlax\n|-supereffective|p2a: Snorlax\n|-damage|p2a: Snorlax|39/100 slp\n|-curestatus|p2a: Snorlax|slp|[msg]\n|move|p2a: Snorlax|Rest|p2a: Snorlax\n|-status|p2a: Snorlax|slp|[from] move: Rest\n|-heal|p2a: Snorlax|100/100 slp|[silent]\n|\n|-heal|p1a: Houndstone|168/264|[from] item: Leftovers\n|upkeep\n|turn|20\n|inactive|Time left: 300 sec this turn | 300 sec total\n|\n|t:|1783566691\n|move|p1a: Houndstone|Body Press|p2a: Snorlax\n|-supereffective|p2a: Snorlax\n|-damage|p2a: Snorlax|79/100 slp\n|cant|p2a: Snorlax|slp\n|\n|-heal|p1a: Houndstone|184/264|[from] item: Leftovers\n|-heal|p2a: Snorlax|85/100 slp|[from] item: Leftovers\n|upkeep\n|turn|21\n|inactive|Time left: 300 sec this turn | 300 sec total\n|\n|t:|1783566692\n|move|p1a: Houndstone|Body Press|p2a: Snorlax\n|-supereffective|p2a: Snorlax\n|-crit|p2a: Snorlax\n|-damage|p2a: Snorlax|28/100 slp\n|cant|p2a: Snorlax|slp\n|move|p2a: Snorlax|Sleep Talk|p2a: Snorlax\n|move|p2a: Snorlax|Body Slam|p1a: Houndstone|[from] move: Sleep Talk\n|-immune|p1a: Houndstone\n|\n|-heal|p1a: Houndstone|200/264|[from] item: Leftovers\n|-heal|p2a: Snorlax|34/100 slp|[from] item: Leftovers\n|upkeep\n|turn|22\n|inactive|Time left: 300 sec this turn | 300 sec total\n|\n|t:|1783566693\n|move|p1a: Houndstone|Body Press|p2a: Snorlax\n|-supereffective|p2a: Snorlax\n|-damage|p2a: Snorlax|12/100 slp\n|-curestatus|p2a: Snorlax|slp|[msg]\n|move|p2a: Snorlax|Rest|p2a: Snorlax\n|-status|p2a: Snorlax|slp|[from] move: Rest\n|-heal|p2a: Snorlax|100/100 slp|[silent]\n|\n|-heal|p1a: Houndstone|216/264|[from] item: Leftovers\n|upkeep\n|turn|23\n|inactive|Time left: 300 sec this turn | 300 sec total\n|\n|t:|1783566694\n|move|p1a: Houndstone|Poltergeist|p2a: Snorlax\n|-immune|p2a: Snorlax\n|cant|p2a: Snorlax|slp\n|\n|-heal|p1a: Houndstone|232/264|[from] item: Leftovers\n|upkeep\n|turn|24\n|inactive|Time left: 300 sec this turn | 300 sec total\n|\n|t:|1783566695\n|move|p1a: Houndstone|Poltergeist|p2a: Snorlax\n|-immune|p2a: Snorlax\n|cant|p2a: Snorlax|slp\n|move|p2a: Snorlax|Sleep Talk|p2a: Snorlax\n|move|p2a: Snorlax|Body Slam|p1a: Houndstone|[from] move: Sleep Talk\n|-immune|p1a: Houndstone\n|\n|-heal|p1a: Houndstone|248/264|[from] item: Leftovers\n|upkeep\n|turn|25\n|inactive|Time left: 300 sec this turn | 300 sec total\n|\n|t:|1783566696\n|move|p1a: Houndstone|Poltergeist|p2a: Snorlax\n|-immune|p2a: Snorlax\n|-curestatus|p2a: Snorlax|slp|[msg]\n|move|p2a: Snorlax|Body Slam|p1a: Houndstone\n|-immune|p1a: Houndstone\n|\n|-heal|p1a: Houndstone|264/264|[from] item: Leftovers\n|upkeep\n|turn|26\n|inactive|Time left: 300 sec this turn | 300 sec total\n|\n|t:|1783566697\n|move|p1a: Houndstone|Poltergeist|p2a: Snorlax\n|-immune|p2a: Snorlax\n|move|p2a: Snorlax|Curse|p2a: Snorlax\n|-unboost|p2a: Snorlax|spe|1\n|-boost|p2a: Snorlax|atk|1\n|-boost|p2a: Snorlax|def|1\n|\n|upkeep\n|turn|27\n|inactive|Time left: 300 sec this turn | 300 sec total\n|\n|t:|1783566698\n|switch|p1a: Froslass|Froslass, L87, F|106/263\n|move|p2a: Snorlax|Curse|p2a: Snorlax\n|-unboost|p2a: Snorlax|spe|1\n|-boost|p2a: Snorlax|atk|1\n|-boost|p2a: Snorlax|def|1\n|\n|upkeep\n|turn|28\n|inactive|Time left: 300 sec this turn | 300 sec total\n|\n|t:|1783566699\n|move|p1a: Froslass|Spikes|p2a: Snorlax\n|-sidestart|p2: p0y2386357e|Spikes\n|move|p2a: Snorlax|Sleep Talk||[still]\n|-fail|p2a: Snorlax\n|\n|upkeep\n|turn|29\n|inactive|Time left: 300 sec this turn | 300 sec total\n|\n|t:|1783566700\n|move|p1a: Froslass|Spikes|p2a: Snorlax\n|-sidestart|p2: p0y2386357e|Spikes\n|move|p2a: Snorlax|Body Slam|p1a: Froslass\n|-immune|p1a: Froslass\n|\n|upkeep\n|turn|30\n|inactive|Time left: 300 sec this turn | 300 sec total\n|\n|t:|1783566701\n|move|p1a: Froslass|Poltergeist|p2a: Snorlax\n|-immune|p2a: Snorlax\n|move|p2a: Snorlax|Sleep Talk||[still]\n|-fail|p2a: Snorlax\n|\n|upkeep\n|turn|31\n|inactive|Time left: 300 sec this turn | 300 sec total\n|\n|t:|1783566702\n|move|p1a: Froslass|Spikes|p2a: Snorlax\n|-sidestart|p2: p0y2386357e|Spikes\n|move|p2a: Snorlax|Sleep Talk||[still]\n|-fail|p2a: Snorlax\n|\n|upkeep\n|turn|32\n|inactive|Time left: 300 sec this turn | 300 sec total\n|\n|t:|1783566703\n|move|p1a: Froslass|Poltergeist|p2a: Snorlax\n|-immune|p2a: Snorlax\n|move|p2a: Snorlax|Body Slam|p1a: Froslass\n|-immune|p1a: Froslass\n|\n|upkeep\n|turn|33\n|inactive|Time left: 300 sec this turn | 300 sec total\n|\n|t:|1783566704\n|move|p1a: Froslass|Poltergeist|p2a: Snorlax\n|-immune|p2a: Snorlax\n|move|p2a: Snorlax|Sleep Talk||[still]\n|-fail|p2a: Snorlax\n|\n|upkeep\n|turn|34\n|inactive|Time left: 300 sec this turn | 300 sec total\n|\n|t:|1783566705\n|move|p1a: Froslass|Poltergeist|p2a: Snorlax\n|-immune|p2a: Snorlax\n|move|p2a: Snorlax|Sleep Talk||[still]\n|-fail|p2a: Snorlax\n|\n|upkeep\n|turn|35\n|inactive|Time left: 300 sec this turn | 300 sec total\n|\n|t:|1783566706\n|move|p1a: Froslass|Poltergeist|p2a: Snorlax\n|-immune|p2a: Snorlax\n|move|p2a: Snorlax|Sleep Talk||[still]\n|-fail|p2a: Snorlax\n|\n|upkeep\n|turn|36\n|inactive|Time left: 300 sec this turn | 300 sec total\n|\n|t:|1783566707\n|move|p1a: Froslass|Poltergeist|p2a: Snorlax\n|-immune|p2a: Snorlax\n|move|p2a: Snorlax|Curse|p2a: Snorlax\n|-unboost|p2a: Snorlax|spe|1\n|-boost|p2a: Snorlax|atk|1\n|-boost|p2a: Snorlax|def|1\n|\n|upkeep\n|turn|37\n|inactive|Time left: 300 sec this turn | 300 sec total\n|\n|t:|1783566708\n|move|p1a: Froslass|Poltergeist|p2a: Snorlax\n|-immune|p2a: Snorlax\n|move|p2a: Snorlax|Curse|p2a: Snorlax\n|-unboost|p2a: Snorlax|spe|1\n|-boost|p2a: Snorlax|atk|1\n|-boost|p2a: Snorlax|def|1\n|\n|upkeep\n|turn|38\n|inactive|Time left: 300 sec this turn | 300 sec total\n|\n|t:|1783566709\n|move|p1a: Froslass|Triple Axel|p2a: Snorlax\n|-damage|p2a: Snorlax|99/100\n|-damage|p2a: Snorlax|98/100\n|-hitcount|p2a: Snorlax|2\n|move|p2a: Snorlax|Curse|p2a: Snorlax\n|\n|-heal|p2a: Snorlax|100/100|[from] item: Leftovers\n|upkeep\n|turn|39\n|inactive|Time left: 300 sec this turn | 300 sec total\n|\n|t:|1783566710\n|move|p1a: Froslass|Spikes||[still]\n|-fail|p1a: Froslass\n|move|p2a: Snorlax|Sleep Talk||[still]\n|-fail|p2a: Snorlax\n|\n|upkeep\n|turn|40\n|inactive|Time left: 300 sec this turn | 300 sec total\n|\n|t:|1783566711\n|move|p1a: Froslass|Triple Axel|p2a: Snorlax\n|-damage|p2a: Snorlax|99/100\n|-damage|p2a: Snorlax|98/100\n|-damage|p2a: Snorlax|95/100\n|-hitcount|p2a: Snorlax|3\n|move|p2a: Snorlax|Sleep Talk||[still]\n|-fail|p2a: Snorlax\n|\n|-heal|p2a: Snorlax|100/100|[from] item: Leftovers\n|upkeep\n|turn|41\n|inactive|Time left: 300 sec this turn | 300 sec total\n|\n|t:|1783566712\n|move|p1a: Froslass|Triple Axel|p2a: Snorlax\n|-damage|p2a: Snorlax|99/100\n|-damage|p2a: Snorlax|98/100\n|-damage|p2a: Snorlax|95/100\n|-hitcount|p2a: Snorlax|3\n|move|p2a: Snorlax|Sleep Talk||[still]\n|-fail|p2a: Snorlax\n|\n|-heal|p2a: Snorlax|100/100|[from] item: Leftovers\n|upkeep\n|turn|42\n|inactive|Time left: 300 sec this turn | 300 sec total\n|\n|t:|1783566713\n|move|p1a: Froslass|Spikes||[still]\n|-fail|p1a: Froslass\n|move|p2a: Snorlax|Sleep Talk||[still]\n|-fail|p2a: Snorlax\n|\n|upkeep\n|turn|43\n|inactive|Time left: 300 sec this turn | 300 sec total\n|\n|t:|1783566714\n|move|p1a: Froslass|Destiny Bond|p1a: Froslass\n|-singlemove|p1a: Froslass|Destiny Bond\n|move|p2a: Snorlax|Body Slam|p1a: Froslass\n|-immune|p1a: Froslass\n|\n|upkeep\n|turn|44\n|inactive|Time left: 300 sec this turn | 300 sec total\n|\n|t:|1783566715\n|move|p1a: Froslass|Triple Axel|p2a: Snorlax\n|-damage|p2a: Snorlax|99/100\n|-damage|p2a: Snorlax|98/100\n|-damage|p2a: Snorlax|95/100\n|-hitcount|p2a: Snorlax|3\n|move|p2a: Snorlax|Sleep Talk||[still]\n|-fail|p2a: Snorlax\n|\n|-heal|p2a: Snorlax|100/100|[from] item: Leftovers\n|upkeep\n|turn|45\n|inactive|Time left: 300 sec this turn | 300 sec total\n|\n|t:|1783566716\n|move|p1a: Froslass|Triple Axel|p2a: Snorlax\n|-damage|p2a: Snorlax|99/100\n|-damage|p2a: Snorlax|98/100\n|-damage|p2a: Snorlax|95/100\n|-hitcount|p2a: Snorlax|3\n|move|p2a: Snorlax|Sleep Talk||[still]\n|-fail|p2a: Snorlax\n|\n|-heal|p2a: Snorlax|100/100|[from] item: Leftovers\n|upkeep\n|turn|46\n|inactive|Time left: 300 sec this turn | 300 sec total\n|\n|t:|1783566716\n|move|p1a: Froslass|Destiny Bond|p1a: Froslass\n|-singlemove|p1a: Froslass|Destiny Bond\n|move|p2a: Snorlax|Body Slam|p1a: Froslass\n|-immune|p1a: Froslass\n|\n|upkeep\n|turn|47\n|inactive|Time left: 300 sec this turn | 300 sec total\n|\n|t:|1783566717\n|switch|p1a: Houndstone|Houndstone, L86, F|264/264\n|move|p2a: Snorlax|Body Slam|p1a: Houndstone\n|-immune|p1a: Houndstone\n|\n|upkeep\n|turn|48\n|inactive|Time left: 300 sec this turn | 300 sec total\n|\n|t:|1783566718\n|move|p1a: Houndstone|Body Press|p2a: Snorlax\n|-supereffective|p2a: Snorlax\n|-damage|p2a: Snorlax|91/100\n|move|p2a: Snorlax|Body Slam|p1a: Houndstone\n|-immune|p1a: Houndstone\n|\n|-heal|p2a: Snorlax|97/100|[from] item: Leftovers\n|upkeep\n|turn|49\n|inactive|Time left: 300 sec this turn | 300 sec total\n|\n|t:|1783566719\n|move|p1a: Houndstone|Body Press|p2a: Snorlax\n|-supereffective|p2a: Snorlax\n|-damage|p2a: Snorlax|87/100\n|move|p2a: Snorlax|Curse|p2a: Snorlax\n|\n|-heal|p2a: Snorlax|93/100|[from] item: Leftovers\n|upkeep\n|turn|50\n|inactive|Time left: 300 sec this turn | 300 sec total\n|\n|t:|1783566720\n|move|p1a: Houndstone|Body Press|p2a: Snorlax\n|-supereffective|p2a: Snorlax\n|-damage|p2a: Snorlax|83/100\n|move|p2a: Snorlax|Body Slam|p1a: Houndstone\n|-immune|p1a: Houndstone\n|\n|-heal|p2a: Snorlax|89/100|[from] item: Leftovers\n|upkeep\n|turn|51\n|inactive|Time left: 300 sec this turn | 300 sec total\n|\n|t:|1783566721\n|move|p1a: Houndstone|Body Press|p2a: Snorlax\n|-supereffective|p2a: Snorlax\n|-damage|p2a: Snorlax|79/100\n|move|p2a: Snorlax|Body Slam|p1a: Houndstone\n|-immune|p1a: Houndstone\n|\n|-heal|p2a: Snorlax|85/100|[from] item: Leftovers\n|upkeep\n|turn|52\n|inactive|Time left: 300 sec this turn | 300 sec total\n|\n|t:|1783566722\n|move|p1a: Houndstone|Body Press|p2a: Snorlax\n|-supereffective|p2a: Snorlax\n|-damage|p2a: Snorlax|75/100\n|move|p2a: Snorlax|Curse|p2a: Snorlax\n|\n|-heal|p2a: Snorlax|81/100|[from] item: Leftovers\n|upkeep\n|turn|53\n|inactive|Time left: 300 sec this turn | 300 sec total\n|\n|t:|1783566723\n|move|p1a: Houndstone|Body Press|p2a: Snorlax\n|-supereffective|p2a: Snorlax\n|-damage|p2a: Snorlax|72/100\n|move|p2a: Snorlax|Curse|p2a: Snorlax\n|\n|-heal|p2a: Snorlax|78/100|[from] item: Leftovers\n|upkeep\n|turn|54\n|inactive|Time left: 300 sec this turn | 300 sec total\n|\n|t:|1783566724\n|move|p1a: Houndstone|Body Press|p2a: Snorlax\n|-supereffective|p2a: Snorlax\n|-damage|p2a: Snorlax|68/100\n|move|p2a: Snorlax|Curse|p2a: Snorlax\n|\n|-heal|p2a: Snorlax|74/100|[from] item: Leftovers\n|upkeep\n|turn|55\n|inactive|Time left: 300 sec this turn | 300 sec total\n|\n|t:|1783566725\n|move|p1a: Houndstone|Body Press|p2a: Snorlax\n|-supereffective|p2a: Snorlax\n|-damage|p2a: Snorlax|65/100\n|move|p2a: Snorlax|Curse|p2a: Snorlax\n|\n|-heal|p2a: Snorlax|71/100|[from] item: Leftovers\n|upkeep\n|turn|56\n|inactive|Time left: 300 sec this turn | 300 sec total\n|\n|t:|1783566726\n|move|p1a: Houndstone|Body Press|p2a: Snorlax\n|-supereffective|p2a: Snorlax\n|-damage|p2a: Snorlax|61/100\n|move|p2a: Snorlax|Body Slam|p1a: Houndstone\n|-immune|p1a: Houndstone\n|\n|-heal|p2a: Snorlax|67/100|[from] item: Leftovers\n|upkeep\n|turn|57\n|inactive|Time left: 300 sec this turn | 300 sec total\n|\n|t:|1783566727\n|move|p1a: Houndstone|Body Press|p2a: Snorlax\n|-supereffective|p2a: Snorlax\n|-damage|p2a: Snorlax|58/100\n|move|p2a: Snorlax|Body Slam|p1a: Houndstone\n|-immune|p1a: Houndstone\n|\n|-heal|p2a: Snorlax|64/100|[from] item: Leftovers\n|upkeep\n|turn|58\n|inactive|Time left: 300 sec this turn | 300 sec total\n|\n|t:|1783566728\n|switch|p1a: Froslass|Froslass, L87, F|106/263\n|move|p2a: Snorlax|Curse|p2a: Snorlax\n|\n|-heal|p2a: Snorlax|70/100|[from] item: Leftovers\n|upkeep\n|turn|59\n|inactive|Time left: 300 sec this turn | 300 sec total\n|\n|t:|1783566729\n|move|p1a: Froslass|Triple Axel|p2a: Snorlax\n|-damage|p2a: Snorlax|69/100\n|-damage|p2a: Snorlax|68/100\n|-damage|p2a: Snorlax|65/100\n|-hitcount|p2a: Snorlax|3\n|move|p2a: Snorlax|Curse|p2a: Snorlax\n|\n|-heal|p2a: Snorlax|71/100|[from] item: Leftovers\n|upkeep\n|turn|60\n|inactive|Time left: 300 sec this turn | 300 sec total\n|\n|t:|1783566729\n|move|p1a: Froslass|Spikes||[still]\n|-fail|p1a: Froslass\n|move|p2a: Snorlax|Body Slam|p1a: Froslass\n|-immune|p1a: Froslass\n|\n|-heal|p2a: Snorlax|77/100|[from] item: Leftovers\n|upkeep\n|turn|61\n|inactive|Time left: 300 sec this turn | 300 sec total\n|\n|t:|1783566730\n|move|p1a: Froslass|Spikes||[still]\n|-fail|p1a: Froslass\n|move|p2a: Snorlax|Body Slam|p1a: Froslass\n|-immune|p1a: Froslass\n|\n|-heal|p2a: Snorlax|83/100|[from] item: Leftovers\n|upkeep\n|turn|62\n|inactive|Time left: 300 sec this turn | 300 sec total\n|\n|t:|1783566731\n|move|p1a: Froslass|Triple Axel|p2a: Snorlax\n|-damage|p2a: Snorlax|82/100\n|-damage|p2a: Snorlax|80/100\n|-damage|p2a: Snorlax|78/100\n|-hitcount|p2a: Snorlax|3\n|move|p2a: Snorlax|Body Slam|p1a: Froslass\n|-immune|p1a: Froslass\n|\n|-heal|p2a: Snorlax|84/100|[from] item: Leftovers\n|upkeep\n|turn|63\n|inactive|Time left: 300 sec this turn | 300 sec total\n|\n|t:|1783566732\n|move|p1a: Froslass|Triple Axel|p2a: Snorlax\n|-damage|p2a: Snorlax|83/100\n|-damage|p2a: Snorlax|81/100\n|-damage|p2a: Snorlax|79/100\n|-hitcount|p2a: Snorlax|3\n|move|p2a: Snorlax|Body Slam|p1a: Froslass\n|-immune|p1a: Froslass\n|\n|-heal|p2a: Snorlax|85/100|[from] item: Leftovers\n|upkeep\n|turn|64\n|inactive|Time left: 300 sec this turn | 300 sec total\n|\n|t:|1783566733\n|move|p1a: Froslass|Spikes||[still]\n|-fail|p1a: Froslass\n|move|p2a: Snorlax|Curse|p2a: Snorlax\n|\n|-heal|p2a: Snorlax|91/100|[from] item: Leftovers\n|upkeep\n|turn|65\n|inactive|Time left: 300 sec this turn | 300 sec total\n|\n|t:|1783566734\n|move|p1a: Froslass|Spikes||[still]\n|-fail|p1a: Froslass\n|move|p2a: Snorlax|Body Slam|p1a: Froslass\n|-immune|p1a: Froslass\n|\n|-heal|p2a: Snorlax|97/100|[from] item: Leftovers\n|upkeep\n|turn|66\n|inactive|Time left: 300 sec this turn | 300 sec total\n|\n|t:|1783566735\n|move|p1a: Froslass|Destiny Bond|p1a: Froslass\n|-singlemove|p1a: Froslass|Destiny Bond\n|move|p2a: Snorlax|Body Slam|p1a: Froslass\n|-immune|p1a: Froslass\n|\n|-heal|p2a: Snorlax|100/100|[from] item: Leftovers\n|upkeep\n|turn|67\n|inactive|Time left: 300 sec this turn | 300 sec total\n|\n|t:|1783566736\n|move|p1a: Froslass|Spikes||[still]\n|-fail|p1a: Froslass\n|move|p2a: Snorlax|Curse|p2a: Snorlax\n|\n|upkeep\n|turn|68\n|inactive|Time left: 300 sec this turn | 300 sec total\n|\n|t:|1783566737\n|move|p1a: Froslass|Triple Axel|p2a: Snorlax\n|-damage|p2a: Snorlax|99/100\n|-damage|p2a: Snorlax|98/100\n|-damage|p2a: Snorlax|95/100\n|-hitcount|p2a: Snorlax|3\n|move|p2a: Snorlax|Body Slam|p1a: Froslass\n|-immune|p1a: Froslass\n|\n|-heal|p2a: Snorlax|100/100|[from] item: Leftovers\n|upkeep\n|turn|69\n|inactive|Time left: 300 sec this turn | 300 sec total\n|\n|t:|1783566738\n|switch|p1a: Houndstone|Houndstone, L86, F|264/264\n|move|p2a: Snorlax|Body Slam|p1a: Houndstone\n|-immune|p1a: Houndstone\n|\n|upkeep\n|turn|70\n|inactive|Time left: 300 sec this turn | 300 sec total\n|\n|t:|1783566739\n|switch|p1a: Froslass|Froslass, L87, F|106/263\n|move|p2a: Snorlax|Body Slam|p1a: Froslass\n|-immune|p1a: Froslass\n|\n|upkeep\n|turn|71\n|inactive|Time left: 300 sec this turn | 300 sec total\n|\n|t:|1783566740\n|move|p1a: Froslass|Triple Axel|p2a: Snorlax\n|-damage|p2a: Snorlax|99/100\n|-damage|p2a: Snorlax|98/100\n|-damage|p2a: Snorlax|95/100\n|-hitcount|p2a: Snorlax|3\n|move|p2a: Snorlax|Body Slam|p1a: Froslass\n|-immune|p1a: Froslass\n|\n|-heal|p2a: Snorlax|100/100|[from] item: Leftovers\n|upkeep\n|turn|72\n|inactive|Time left: 300 sec this turn | 300 sec total\n|\n|t:|1783566741\n|move|p1a: Froslass|Destiny Bond|p1a: Froslass\n|-singlemove|p1a: Froslass|Destiny Bond\n|move|p2a: Snorlax|Body Slam|p1a: Froslass\n|-immune|p1a: Froslass\n|\n|upkeep\n|turn|73\n|inactive|Time left: 300 sec this turn | 300 sec total\n|\n|t:|1783566742\n|move|p1a: Froslass|Destiny Bond||[still]\n|-fail|p1a: Froslass\n|move|p2a: Snorlax|Body Slam|p1a: Froslass\n|-immune|p1a: Froslass\n|\n|upkeep\n|turn|74\n|inactive|Time left: 300 sec this turn | 300 sec total\n|\n|t:|1783566743\n|switch|p1a: Houndstone|Houndstone, L86, F|264/264\n|switch|p2a: Bronzong|Bronzong, L88|49/100\n|\n|-heal|p2a: Bronzong|55/100|[from] item: Leftovers\n|upkeep\n|turn|75\n|inactive|Time left: 300 sec this turn | 300 sec total\n|\n|t:|1783566744\n|-terastallize|p2a: Bronzong|Water\n|move|p1a: Houndstone|Poltergeist|p2a: Bronzong\n|-activate|p2a: Bronzong|move: Poltergeist|Leftovers\n|-damage|p2a: Bronzong|19/100\n|move|p2a: Bronzong|Stealth Rock|p1a: Houndstone\n|-sidestart|p1: p0x2386c824|move: Stealth Rock\n|\n|-heal|p2a: Bronzong|25/100|[from] item: Leftovers\n|upkeep\n|turn|76\n|inactive|Time left: 300 sec this turn | 300 sec total\n|\n|t:|1783566745\n|switch|p1a: Qwilfish|Qwilfish, L86, F|252/252\n|-ability|p1a: Qwilfish|Intimidate|boost\n|-unboost|p2a: Bronzong|atk|1\n|move|p2a: Bronzong|Earthquake|p1a: Qwilfish\n|-supereffective|p1a: Qwilfish\n|-damage|p1a: Qwilfish|148/252\n|\n|-heal|p2a: Bronzong|32/100|[from] item: Leftovers\n|upkeep\n|turn|77\n|inactive|Time left: 300 sec this turn | 300 sec total\n|\n|t:|1783566746\n|move|p1a: Qwilfish|Gunk Shot|p2a: Bronzong|[miss]\n|-miss|p1a: Qwilfish|p2a: Bronzong\n|move|p2a: Bronzong|Psychic Noise|p1a: Qwilfish\n|-supereffective|p1a: Qwilfish\n|-damage|p1a: Qwilfish|0 fnt\n|faint|p1a: Qwilfish\n|\n|-heal|p2a: Bronzong|38/100|[from] item: Leftovers\n|upkeep\n|inactive|Time left: 300 sec this turn | 300 sec total | 5 sec grace\n|\n|t:|1783566747\n|switch|p1a: Houndstone|Houndstone, L86, F|264/264\n|-damage|p1a: Houndstone|231/264|[from] Stealth Rock\n|turn|78\n|inactive|Time left: 300 sec this turn | 300 sec total\n|\n|t:|1783566748\n|move|p1a: Houndstone|Rest|p1a: Houndstone\n|-status|p1a: Houndstone|slp|[from] move: Rest\n|-heal|p1a: Houndstone|264/264 slp|[silent]\n|move|p2a: Bronzong|Psychic Noise|p1a: Houndstone\n|-damage|p1a: Houndstone|189/264 slp\n|-start|p1a: Houndstone|move: Heal Block\n|\n|-heal|p2a: Bronzong|44/100|[from] item: Leftovers\n|upkeep\n|turn|79\n|inactive|Time left: 300 sec this turn | 300 sec total\n|\n|t:|1783566749\n|cant|p1a: Houndstone|slp\n|move|p1a: Houndstone|Sleep Talk|p1a: Houndstone\n|move|p1a: Houndstone|Poltergeist|p2a: Bronzong|[from] move: Sleep Talk\n|-activate|p2a: Bronzong|move: Poltergeist|Leftovers\n|-damage|p2a: Bronzong|5/100\n|move|p2a: Bronzong|Psychic Noise|p1a: Houndstone\n|-damage|p1a: Houndstone|114/264 slp\n|\n|-heal|p2a: Bronzong|11/100|[from] item: Leftovers\n|-end|p1a: Houndstone|move: Heal Block\n|upkeep\n|turn|80\n|inactive|Time left: 300 sec this turn | 300 sec total\n|\n|t:|1783566750\n|cant|p1a: Houndstone|slp\n|move|p1a: Houndstone|Sleep Talk|p1a: Houndstone\n|move|p1a: Houndstone|Rest||[from] move: Sleep Talk|[still]\n|-fail|p1a: Houndstone\n|move|p2a: Bronzong|Psychic Noise|p1a: Houndstone\n|-damage|p1a: Houndstone|45/264 slp\n|-start|p1a: Houndstone|move: Heal Block\n|\n|-heal|p2a: Bronzong|17/100|[from] item: Leftovers\n|upkeep\n|turn|81\n|inactive|Time left: 300 sec this turn | 300 sec total\n|\n|t:|1783566752\n|switch|p1a: Froslass|Froslass, L87, F|106/263\n|-damage|p1a: Froslass|41/263|[from] Stealth Rock\n|switch|p2a: Volbeat|Volbeat, L90, M|100/100\n|\n|upkeep\n|turn|82\n|inactive|Time left: 300 sec this turn | 300 sec total\n|\n|t:|1783566753\n|move|p1a: Froslass|Triple Axel|p2a: Volbeat\n|-damage|p2a: Volbeat|93/100\n|-damage|p2a: Volbeat|78/100\n|-damage|p2a: Volbeat|55/100\n|-hitcount|p2a: Volbeat|3\n|move|p2a: Volbeat|Lunge|p1a: Froslass\n|-resisted|p1a: Froslass\n|-damage|p1a: Froslass|0 fnt\n|faint|p1a: Froslass\n|\n|upkeep\n|inactive|Time left: 300 sec this turn | 300 sec total | 5 sec grace\n|\n|t:|1783566754\n|switch|p1a: Houndstone|Houndstone, L86, F|45/264 slp\n|-damage|p1a: Houndstone|12/264 slp|[from] Stealth Rock\n|turn|83\n|inactive|Time left: 300 sec this turn | 300 sec total\n|\n|t:|1783566754\n|move|p2a: Volbeat|Lunge|p1a: Houndstone\n|-resisted|p1a: Houndstone\n|-damage|p1a: Houndstone|0 fnt\n|faint|p1a: Houndstone\n|\n|win|p0y2386357e", "uploadtime": 1783566754, "views": 0, "rating": 0, "private": 0, "password": null, "_winner": "p0y2386357e", "_our_name": "p0x2386c824"}