{"id": "battle-gen9randombattle-2519", "formatid": "gen9randombattle", "format": "[Gen 9] Random Battle", "players": ["p0x25191649", "p0y25191e91"], "log": "|init|battle\n|title|p0x25191649 vs. p0y25191e91\n|j|\u2606p0x25191649\n|j|\u2606p0y25191e91\n|t:|1783568194\n|gametype|singles\n|player|p1|p0x25191649|102|\n|player|p2|p0y25191e91|1|\n|gen|9\n|tier|[Gen 9] Random Battle\n|rule|Species Clause: Limit one of each Pok\u00e9mon\n|rule|HP Percentage Mod: HP is shown in percentages\n|rule|Sleep Clause Mod: Limit one foe put to sleep\n|rule|Illusion Level Mod: Illusion disguises the Pok\u00e9mon's true level\n|\n|t:|1783568194\n|teamsize|p1|6\n|teamsize|p2|6\n|start\n|switch|p1a: Toucannon|Toucannon, L88, M|284/284\n|switch|p2a: Alcremie|Alcremie-Lemon-Cream, L90, F|100/100\n|turn|1\n|inactive|Battle timer is ON: inactive players will automatically lose when time's up. (requested by p0x25191649)\n|inactive|p0y25191e91 also wants the timer to be on.\n|\n|t:|1783568195\n|-singleturn|p1a: Toucannon|move: Beak Blast\n|move|p2a: Alcremie|Calm Mind|p2a: Alcremie\n|-boost|p2a: Alcremie|spa|1\n|-boost|p2a: Alcremie|spd|1\n|move|p1a: Toucannon|Beak Blast|p2a: Alcremie\n|-damage|p2a: Alcremie|47/100\n|\n|-heal|p2a: Alcremie|53/100|[from] item: Leftovers\n|upkeep\n|turn|2\n|inactive|Time left: 300 sec this turn | 300 sec total\n|\n|t:|1783568196\n|-singleturn|p1a: Toucannon|move: Beak Blast\n|move|p2a: Alcremie|Recover|p2a: Alcremie\n|-heal|p2a: Alcremie|100/100\n|move|p1a: Toucannon|Beak Blast|p2a: Alcremie\n|-damage|p2a: Alcremie|48/100\n|\n|-heal|p2a: Alcremie|54/100|[from] item: Leftovers\n|upkeep\n|turn|3\n|inactive|Time left: 300 sec this turn | 300 sec total\n|\n|t:|1783568197\n|-singleturn|p1a: Toucannon|move: Beak Blast\n|move|p2a: Alcremie|Recover|p2a: Alcremie\n|-heal|p2a: Alcremie|100/100\n|move|p1a: Toucannon|Beak Blast|p2a: Alcremie\n|-damage|p2a: Alcremie|50/100\n|\n|-heal|p2a: Alcremie|56/100|[from] item: Leftovers\n|upkeep\n|turn|4\n|inactive|Time left: 300 sec this turn | 300 sec total\n|\n|t:|1783568198\n|-singleturn|p1a: Toucannon|move: Beak Blast\n|move|p2a: Alcremie|Recover|p2a: Alcremie\n|-heal|p2a: Alcremie|100/100\n|move|p1a: Toucannon|Beak Blast|p2a: Alcremie\n|-damage|p2a: Alcremie|45/100\n|\n|-heal|p2a: Alcremie|51/100|[from] item: Leftovers\n|upkeep\n|turn|5\n|inactive|Time left: 300 sec this turn | 300 sec total\n|\n|t:|1783568199\n|-singleturn|p1a: Toucannon|move: Beak Blast\n|move|p2a: Alcremie|Recover|p2a: Alcremie\n|-heal|p2a: Alcremie|100/100\n|move|p1a: Toucannon|Beak Blast|p2a: Alcremie\n|-damage|p2a: Alcremie|47/100\n|\n|-heal|p2a: Alcremie|53/100|[from] item: Leftovers\n|upkeep\n|turn|6\n|inactive|Time left: 300 sec this turn | 300 sec total\n|\n|t:|1783568200\n|-singleturn|p1a: Toucannon|move: Beak Blast\n|move|p2a: Alcremie|Recover|p2a: Alcremie\n|-heal|p2a: Alcremie|100/100\n|move|p1a: Toucannon|Beak Blast|p2a: Alcremie\n|-damage|p2a: Alcremie|47/100\n|\n|-heal|p2a: Alcremie|53/100|[from] item: Leftovers\n|upkeep\n|turn|7\n|inactive|Time left: 300 sec this turn | 300 sec total\n|\n|t:|1783568202\n|-singleturn|p1a: Toucannon|move: Beak Blast\n|move|p2a: Alcremie|Recover|p2a: Alcremie\n|-heal|p2a: Alcremie|100/100\n|move|p1a: Toucannon|Beak Blast|p2a: Alcremie\n|-damage|p2a: Alcremie|43/100\n|\n|-heal|p2a: Alcremie|49/100|[from] item: Leftovers\n|upkeep\n|turn|8\n|inactive|Time left: 300 sec this turn | 300 sec total\n|\n|t:|1783568203\n|-singleturn|p1a: Toucannon|move: Beak Blast\n|move|p2a: Alcremie|Recover|p2a: Alcremie\n|-heal|p2a: Alcremie|99/100\n|move|p1a: Toucannon|Beak Blast|p2a: Alcremie\n|-damage|p2a: Alcremie|42/100\n|\n|-heal|p2a: Alcremie|48/100|[from] item: Leftovers\n|upkeep\n|turn|9\n|inactive|Time left: 300 sec this turn | 300 sec total\n|\n|t:|1783568204\n|-singleturn|p1a: Toucannon|move: Beak Blast\n|move|p2a: Alcremie|Recover|p2a: Alcremie\n|-heal|p2a: Alcremie|98/100\n|move|p1a: Toucannon|Beak Blast|p2a: Alcremie\n|-damage|p2a: Alcremie|41/100\n|\n|-heal|p2a: Alcremie|47/100|[from] item: Leftovers\n|upkeep\n|turn|10\n|inactive|Time left: 300 sec this turn | 300 sec total\n|\n|t:|1783568205\n|-singleturn|p1a: Toucannon|move: Beak Blast\n|move|p2a: Alcremie|Alluring Voice|p1a: Toucannon\n|-damage|p1a: Toucannon|104/284\n|move|p1a: Toucannon|Beak Blast|p2a: Alcremie\n|-damage|p2a: Alcremie|0 fnt\n|faint|p2a: Alcremie\n|\n|upkeep\n|\n|t:|1783568206\n|switch|p2a: Clawitzer|Clawitzer, L87, F|100/100\n|turn|11\n|inactive|Time left: 300 sec this turn | 300 sec total\n|\n|t:|1783568207\n|move|p1a: Toucannon|Roost|p1a: Toucannon\n|-heal|p1a: Toucannon|246/284\n|-singleturn|p1a: Toucannon|move: Roost\n|move|p2a: Clawitzer|Water Pulse|p1a: Toucannon\n|-damage|p1a: Toucannon|44/284\n|\n|upkeep\n|turn|12\n|inactive|Time left: 300 sec this turn | 300 sec total\n|\n|t:|1783568208\n|move|p1a: Toucannon|Knock Off|p2a: Clawitzer\n|-damage|p2a: Clawitzer|69/100\n|-enditem|p2a: Clawitzer|Choice Specs|[from] move: Knock Off|[of] p1a: Toucannon\n|move|p2a: Clawitzer|Water Pulse|p1a: Toucannon\n|-damage|p1a: Toucannon|0 fnt\n|faint|p1a: Toucannon\n|\n|upkeep\n|inactive|Time left: 300 sec this turn | 300 sec total | 5 sec grace\n|\n|t:|1783568209\n|switch|p1a: Scovillain|Scovillain, L91, M|266/266\n|turn|13\n|inactive|Time left: 300 sec this turn | 300 sec total\n|\n|t:|1783568210\n|move|p1a: Scovillain|Energy Ball|p2a: Clawitzer\n|-supereffective|p2a: Clawitzer\n|-damage|p2a: Clawitzer|0 fnt\n|faint|p2a: Clawitzer\n|\n|upkeep\n|\n|t:|1783568211\n|switch|p2a: Bombirdier|Bombirdier, L85, F|100/100\n|turn|14\n|inactive|Time left: 300 sec this turn | 300 sec total\n|\n|t:|1783568212\n|switch|p1a: Lycanroc|Lycanroc-Dusk, L81, F|254/254\n|move|p2a: Bombirdier|Knock Off|p1a: Lycanroc\n|-damage|p1a: Lycanroc|121/254\n|-enditem|p1a: Lycanroc|Life Orb|[from] move: Knock Off|[of] p2a: Bombirdier\n|\n|upkeep\n|turn|15\n|inactive|Time left: 300 sec this turn | 300 sec total\n|\n|t:|1783568213\n|move|p1a: Lycanroc|Stone Edge|p2a: Bombirdier\n|-supereffective|p2a: Bombirdier\n|-damage|p2a: Bombirdier|2/100\n|move|p2a: Bombirdier|Stealth Rock|p1a: Lycanroc\n|-sidestart|p1: p0x25191649|move: Stealth Rock\n|\n|upkeep\n|turn|16\n|inactive|Time left: 300 sec this turn | 300 sec total\n|\n|t:|1783568214\n|move|p1a: Lycanroc|Stone Edge|p2a: Bombirdier\n|-supereffective|p2a: Bombirdier\n|-damage|p2a: Bombirdier|0 fnt\n|faint|p2a: Bombirdier\n|\n|upkeep\n|\n|t:|1783568215\n|switch|p2a: Haxorus|Haxorus, L77, M|100/100\n|-ability|p2a: Haxorus|Mold Breaker\n|turn|17\n|inactive|Time left: 300 sec this turn | 300 sec total\n|\n|t:|1783568216\n|move|p1a: Lycanroc|Close Combat|p2a: Haxorus\n|-damage|p2a: Haxorus|52/100\n|-unboost|p1a: Lycanroc|def|1\n|-unboost|p1a: Lycanroc|spd|1\n|move|p2a: Haxorus|Scale Shot|p1a: Lycanroc\n|-damage|p1a: Lycanroc|57/254\n|-damage|p1a: Lycanroc|0 fnt\n|faint|p1a: Lycanroc\n|-hitcount|p1: Lycanroc|2\n|-unboost|p2a: Haxorus|def|1\n|-boost|p2a: Haxorus|spe|1\n|\n|upkeep\n|inactive|Time left: 300 sec this turn | 300 sec total | 5 sec grace\n|\n|t:|1783568217\n|switch|p1a: Clodsire|Clodsire, L81, F|343/343\n|-damage|p1a: Clodsire|322/343|[from] Stealth Rock\n|turn|18\n|inactive|Time left: 300 sec this turn | 300 sec total\n|\n|t:|1783568217\n|switch|p2a: Thundurus|Thundurus-Therian, L80, M|100/100\n|move|p1a: Clodsire|Earthquake|p2a: Thundurus\n|-immune|p2a: Thundurus\n|\n|-heal|p1a: Clodsire|343/343|[from] item: Leftovers\n|upkeep\n|turn|19\n|inactive|Time left: 300 sec this turn | 300 sec total\n|\n|t:|1783568218\n|move|p2a: Thundurus|Nasty Plot|p2a: Thundurus\n|-boost|p2a: Thundurus|spa|2\n|move|p1a: Clodsire|Toxic|p2a: Thundurus\n|-status|p2a: Thundurus|tox\n|\n|-damage|p2a: Thundurus|94/100 tox|[from] psn\n|upkeep\n|turn|20\n|inactive|Time left: 300 sec this turn | 300 sec total\n|\n|t:|1783568219\n|move|p2a: Thundurus|Psychic|p1a: Clodsire\n|-supereffective|p1a: Clodsire\n|-damage|p1a: Clodsire|183/343\n|move|p1a: Clodsire|Spikes|p2a: Thundurus\n|-sidestart|p2: p0y25191e91|Spikes\n|\n|-heal|p1a: Clodsire|204/343|[from] item: Leftovers\n|-damage|p2a: Thundurus|82/100 tox|[from] psn\n|upkeep\n|turn|21\n|inactive|Time left: 300 sec this turn | 300 sec total\n|\n|t:|1783568220\n|move|p2a: Thundurus|Psychic|p1a: Clodsire\n|-supereffective|p1a: Clodsire\n|-damage|p1a: Clodsire|54/343\n|move|p1a: Clodsire|Recover|p1a: Clodsire\n|-heal|p1a: Clodsire|226/343\n|\n|-heal|p1a: Clodsire|247/343|[from] item: Leftovers\n|-damage|p2a: Thundurus|63/100 tox|[from] psn\n|upkeep\n|turn|22\n|inactive|Time left: 300 sec this turn | 300 sec total\n|\n|t:|1783568221\n|move|p2a: Thundurus|Psychic|p1a: Clodsire\n|-supereffective|p1a: Clodsire\n|-damage|p1a: Clodsire|91/343\n|move|p1a: Clodsire|Recover|p1a: Clodsire\n|-heal|p1a: Clodsire|263/343\n|\n|-heal|p1a: Clodsire|284/343|[from] item: Leftovers\n|-damage|p2a: Thundurus|38/100 tox|[from] psn\n|upkeep\n|turn|23\n|inactive|Time left: 300 sec this turn | 300 sec total\n|\n|t:|1783568222\n|move|p2a: Thundurus|Psychic|p1a: Clodsire\n|-supereffective|p1a: Clodsire\n|-damage|p1a: Clodsire|126/343\n|move|p1a: Clodsire|Earthquake|p2a: Thundurus\n|-immune|p2a: Thundurus\n|\n|-heal|p1a: Clodsire|147/343|[from] item: Leftovers\n|-damage|p2a: Thundurus|7/100 tox|[from] psn\n|upkeep\n|turn|24\n|inactive|Time left: 300 sec this turn | 300 sec total\n|\n|t:|1783568223\n|move|p2a: Thundurus|Psychic|p1a: Clodsire\n|-supereffective|p1a: Clodsire\n|-damage|p1a: Clodsire|0 fnt\n|faint|p1a: Clodsire\n|\n|-damage|p2a: Thundurus|0 fnt|[from] psn\n|faint|p2a: Thundurus\n|upkeep\n|inactive|Time left: 300 sec this turn | 300 sec total | 5 sec grace\n|\n|t:|1783568224\n|switch|p2a: Dewgong|Dewgong, L94, M|100/100\n|switch|p1a: Sneasler|Sneasler, L74, M|235/235\n|-damage|p1a: Sneasler|206/235|[from] Stealth Rock\n|turn|25\n|inactive|Time left: 300 sec this turn | 300 sec total\n|\n|t:|1783568224\n|-terastallize|p2a: Dewgong|Ground\n|move|p1a: Sneasler|Focus Blast|p2a: Dewgong\n|-damage|p2a: Dewgong|67/100\n|-damage|p1a: Sneasler|183/235|[from] item: Life Orb\n|move|p2a: Dewgong|Triple Axel|p1a: Sneasler\n|-damage|p1a: Sneasler|155/235\n|replace|p1a: Zoroark|Zoroark, L83, F\n|-end|p1a: Zoroark|Illusion\n|-hint|Illusion Level Mod is active, so this Pok\u00e9mon's true level was hidden.\n|-hitcount|p1a: Zoroark|1\n|\n|upkeep\n|turn|26\n|inactive|Time left: 300 sec this turn | 300 sec total\n|\n|t:|1783568225\n|move|p1a: Zoroark|Dark Pulse|p2a: Dewgong\n|-damage|p2a: Dewgong|35/100\n|-damage|p1a: Zoroark|132/235|[from] item: Life Orb\n|cant|p2a: Dewgong|flinch\n|\n|upkeep\n|turn|27\n|inactive|Time left: 300 sec this turn | 300 sec total\n|\n|t:|1783568226\n|move|p1a: Zoroark|Dark Pulse|p2a: Dewgong\n|-damage|p2a: Dewgong|0 fnt\n|faint|p2a: Dewgong\n|-damage|p1a: Zoroark|109/235|[from] item: Life Orb\n|\n|upkeep\n|\n|t:|1783568227\n|switch|p2a: Haxorus|Haxorus, L77, M|52/100\n|-damage|p2a: Haxorus|40/100|[from] Spikes\n|-ability|p2a: Haxorus|Mold Breaker\n|turn|28\n|inactive|Time left: 300 sec this turn | 300 sec total\n|\n|t:|1783568228\n|move|p1a: Zoroark|Sludge Bomb|p2a: Haxorus\n|-damage|p2a: Haxorus|0 fnt\n|faint|p2a: Haxorus\n|-damage|p1a: Zoroark|86/235|[from] item: Life Orb\n|\n|win|p0x25191649", "uploadtime": 1783568228, "views": 0, "rating": 0, "private": 0, "password": null, "_winner": "p0x25191649", "_our_name": "p0x25191649"}