{"id": "battle-gen9randombattle-184", "formatid": "gen9randombattle", "format": "[Gen 9] Random Battle", "players": ["p0x1840da5", "p0y184d72a"], "log": "|init|battle\n|title|p0x1840da5 vs. p0y184d72a\n|j|\u2606p0x1840da5\n|j|\u2606p0y184d72a\n|t:|1783541246\n|gametype|singles\n|player|p1|p0x1840da5|169|\n|player|p2|p0y184d72a|266|\n|gen|9\n|tier|[Gen 9] Random Battle\n|rule|Species Clause: Limit one of each Pok\u00e9mon\n|rule|HP Percentage Mod: HP is shown in percentages\n|rule|Sleep Clause Mod: Limit one foe put to sleep\n|rule|Illusion Level Mod: Illusion disguises the Pok\u00e9mon's true level\n|\n|t:|1783541246\n|teamsize|p1|6\n|teamsize|p2|6\n|start\n|switch|p1a: Mimikyu|Mimikyu, L79, M|100/100\n|switch|p2a: Crabominable|Crabominable, L90, F|321/321\n|turn|1\n|inactive|Battle timer is ON: inactive players will automatically lose when time's up. (requested by p0y184d72a)\n|inactive|p0x1840da5 also wants the timer to be on.\n|\n|t:|1783541247\n|move|p1a: Mimikyu|Swords Dance|p1a: Mimikyu\n|-boost|p1a: Mimikyu|atk|2\n|move|p2a: Crabominable|Earthquake|p1a: Mimikyu\n|-activate|p1a: Mimikyu|ability: Disguise\n|-damage|p1a: Mimikyu|100/100\n|detailschange|p1a: Mimikyu|Mimikyu-Busted, L79, M\n|-damage|p1a: Mimikyu|88/100|[from] pokemon: Mimikyu-Busted\n|\n|upkeep\n|turn|2\n|inactive|Time left: 300 sec this turn | 300 sec total\n|\n|t:|1783541248\n|switch|p2a: Dondozo|Dondozo, L78, F|362/362\n|move|p1a: Mimikyu|Play Rough|p2a: Dondozo\n|-damage|p2a: Dondozo|272/362\n|-damage|p1a: Mimikyu|78/100|[from] item: Life Orb\n|\n|-heal|p2a: Dondozo|294/362|[from] item: Leftovers\n|upkeep\n|turn|3\n|inactive|Time left: 300 sec this turn | 300 sec total\n|\n|t:|1783541249\n|move|p1a: Mimikyu|Swords Dance|p1a: Mimikyu\n|-boost|p1a: Mimikyu|atk|2\n|move|p2a: Dondozo|Wave Crash|p1a: Mimikyu\n|-damage|p1a: Mimikyu|24/100\n|-damage|p2a: Dondozo|255/362|[from] Recoil\n|\n|-heal|p2a: Dondozo|277/362|[from] item: Leftovers\n|upkeep\n|turn|4\n|inactive|Time left: 300 sec this turn | 300 sec total\n|\n|t:|1783541250\n|move|p1a: Mimikyu|Play Rough|p2a: Dondozo\n|-damage|p2a: Dondozo|183/362\n|-damage|p1a: Mimikyu|14/100|[from] item: Life Orb\n|move|p2a: Dondozo|Wave Crash|p1a: Mimikyu\n|-damage|p1a: Mimikyu|0 fnt\n|faint|p1a: Mimikyu\n|-damage|p2a: Dondozo|173/362|[from] Recoil\n|\n|-heal|p2a: Dondozo|195/362|[from] item: Leftovers\n|upkeep\n|\n|t:|1783541251\n|switch|p1a: Grimmsnarl|Grimmsnarl, L83, M|100/100\n|turn|5\n|inactive|Time left: 300 sec this turn | 300 sec total\n|\n|t:|1783541252\n|move|p1a: Grimmsnarl|Reflect|p1a: Grimmsnarl\n|-sidestart|p1: p0x1840da5|Reflect\n|move|p2a: Dondozo|Wave Crash|p1a: Grimmsnarl\n|-damage|p1a: Grimmsnarl|77/100\n|-damage|p2a: Dondozo|172/362|[from] Recoil\n|\n|-heal|p2a: Dondozo|194/362|[from] item: Leftovers\n|upkeep\n|turn|6\n|inactive|Time left: 300 sec this turn | 300 sec total\n|\n|t:|1783541253\n|move|p1a: Grimmsnarl|Spirit Break|p2a: Dondozo\n|-damage|p2a: Dondozo|115/362\n|-unboost|p2a: Dondozo|spa|1\n|move|p2a: Dondozo|Rest|p2a: Dondozo\n|-status|p2a: Dondozo|slp|[from] move: Rest\n|-heal|p2a: Dondozo|362/362 slp|[silent]\n|\n|upkeep\n|turn|7\n|inactive|Time left: 300 sec this turn | 300 sec total\n|\n|t:|1783541253\n|switch|p2a: Frosmoth|Frosmoth, L82, M|249/249\n|move|p1a: Grimmsnarl|Spirit Break|p2a: Frosmoth\n|-damage|p2a: Frosmoth|129/249\n|-unboost|p2a: Frosmoth|spa|1\n|\n|upkeep\n|turn|8\n|inactive|Time left: 300 sec this turn | 300 sec total\n|\n|t:|1783541254\n|move|p2a: Frosmoth|Ice Beam|p1a: Grimmsnarl\n|-damage|p1a: Grimmsnarl|49/100\n|move|p1a: Grimmsnarl|Spirit Break|p2a: Frosmoth\n|-damage|p2a: Frosmoth|8/249\n|-unboost|p2a: Frosmoth|spa|1\n|\n|upkeep\n|turn|9\n|inactive|Time left: 300 sec this turn | 300 sec total\n|\n|t:|1783541255\n|move|p1a: Grimmsnarl|Light Screen|p1a: Grimmsnarl\n|-sidestart|p1: p0x1840da5|move: Light Screen\n|move|p2a: Frosmoth|Quiver Dance|p2a: Frosmoth\n|-boost|p2a: Frosmoth|spa|1\n|-boost|p2a: Frosmoth|spd|1\n|-boost|p2a: Frosmoth|spe|1\n|\n|upkeep\n|turn|10\n|inactive|Time left: 300 sec this turn | 300 sec total\n|\n|t:|1783541256\n|move|p2a: Frosmoth|Ice Beam|p1a: Grimmsnarl\n|-damage|p1a: Grimmsnarl|35/100\n|move|p1a: Grimmsnarl|Spirit Break|p2a: Frosmoth\n|-damage|p2a: Frosmoth|0 fnt\n|faint|p2a: Frosmoth\n|\n|upkeep\n|inactive|Time left: 300 sec this turn | 300 sec total | 5 sec grace\n|\n|t:|1783541257\n|switch|p2a: Crabominable|Crabominable, L90, F|321/321\n|turn|11\n|inactive|Time left: 300 sec this turn | 300 sec total\n|\n|t:|1783541258\n|move|p1a: Grimmsnarl|Spirit Break|p2a: Crabominable\n|-supereffective|p2a: Crabominable\n|-damage|p2a: Crabominable|121/321\n|-unboost|p2a: Crabominable|spa|1\n|move|p2a: Crabominable|Drain Punch|p1a: Grimmsnarl\n|-damage|p1a: Grimmsnarl|0 fnt\n|-heal|p2a: Crabominable|171/321|[from] drain|[of] p1a: Grimmsnarl\n|faint|p1a: Grimmsnarl\n|\n|upkeep\n|\n|t:|1783541259\n|switch|p1a: Ludicolo|Ludicolo, L90, F|100/100\n|turn|12\n|inactive|Time left: 300 sec this turn | 300 sec total\n|\n|t:|1783541260\n|move|p1a: Ludicolo|Nasty Plot|p1a: Ludicolo\n|-boost|p1a: Ludicolo|spa|2\n|move|p2a: Crabominable|Drain Punch|p1a: Ludicolo\n|-immune|p1a: Ludicolo\n|\n|-sideend|p1: p0x1840da5|Reflect\n|upkeep\n|turn|13\n|inactive|Time left: 300 sec this turn | 300 sec total\n|\n|t:|1783541261\n|switch|p2a: Dondozo|Dondozo, L78, F|362/362 slp\n|move|p1a: Ludicolo|Hyper Voice|p2a: Dondozo\n|-damage|p2a: Dondozo|158/362 slp\n|-damage|p1a: Ludicolo|91/100|[from] item: Life Orb\n|\n|-heal|p2a: Dondozo|180/362 slp|[from] item: Leftovers\n|upkeep\n|turn|14\n|inactive|Time left: 300 sec this turn | 300 sec total\n|\n|t:|1783541262\n|move|p1a: Ludicolo|Hyper Voice|p2a: Dondozo\n|-damage|p2a: Dondozo|7/362 slp\n|-damage|p1a: Ludicolo|81/100|[from] item: Life Orb\n|cant|p2a: Dondozo|slp\n|move|p2a: Dondozo|Sleep Talk|p2a: Dondozo\n|move|p2a: Dondozo|Wave Crash|p1a: Ludicolo|[from] move: Sleep Talk\n|-damage|p1a: Ludicolo|7/100\n|replace|p1a: Zoroark|Zoroark-Hisui, L80, F\n|-end|p1a: Zoroark|Illusion\n|-hint|Illusion Level Mod is active, so this Pok\u00e9mon's true level was hidden.\n|-damage|p2a: Dondozo|0 fnt|[from] Recoil\n|faint|p2a: Dondozo\n|\n|upkeep\n|inactive|Time left: 300 sec this turn | 300 sec total | 5 sec grace\n|\n|t:|1783541263\n|switch|p2a: Crabominable|Crabominable, L90, F|171/321\n|turn|15\n|inactive|Time left: 300 sec this turn | 300 sec total\n|\n|t:|1783541264\n|move|p1a: Zoroark|Hyper Voice|p2a: Crabominable\n|-damage|p2a: Crabominable|0 fnt\n|faint|p2a: Crabominable\n|-damage|p1a: Zoroark|0 fnt|[from] item: Life Orb\n|faint|p1a: Zoroark\n|\n|upkeep\n|inactive|Time left: 300 sec this turn | 300 sec total | 5 sec grace\n|\n|t:|1783541265\n|switch|p1a: Ludicolo|Ludicolo, L90, F|100/100\n|switch|p2a: Flamigo|Flamigo, L82, M|269/269\n|turn|16\n|inactive|Time left: 300 sec this turn | 300 sec total\n|\n|t:|1783541266\n|-terastallize|p1a: Ludicolo|Water\n|move|p2a: Flamigo|Brave Bird|p1a: Ludicolo\n|-damage|p1a: Ludicolo|17/100\n|-damage|p2a: Flamigo|189/269|[from] Recoil\n|move|p1a: Ludicolo|Hydro Pump|p2a: Flamigo|[miss]\n|-miss|p1a: Ludicolo|p2a: Flamigo\n|\n|-sideend|p1: p0x1840da5|move: Light Screen\n|upkeep\n|turn|17\n|inactive|Time left: 300 sec this turn | 300 sec total\n|\n|t:|1783541267\n|move|p2a: Flamigo|Brave Bird|p1a: Ludicolo\n|-damage|p1a: Ludicolo|0 fnt\n|faint|p1a: Ludicolo\n|-damage|p2a: Flamigo|173/269|[from] Recoil\n|\n|upkeep\n|\n|t:|1783541268\n|switch|p1a: Donphan|Donphan, L84, F|100/100\n|turn|18\n|inactive|Time left: 300 sec this turn | 300 sec total\n|\n|t:|1783541269\n|move|p2a: Flamigo|Brave Bird|p1a: Donphan\n|-damage|p1a: Donphan|45/100\n|-damage|p2a: Flamigo|120/269|[from] Recoil\n|move|p1a: Donphan|Knock Off|p2a: Flamigo\n|-resisted|p2a: Flamigo\n|-damage|p2a: Flamigo|76/269\n|-enditem|p2a: Flamigo|Choice Band|[from] move: Knock Off|[of] p1a: Donphan\n|\n|upkeep\n|turn|19\n|inactive|Time left: 300 sec this turn | 300 sec total\n|\n|t:|1783541270\n|-terastallize|p2a: Flamigo|Fighting\n|move|p1a: Donphan|Ice Shard|p2a: Flamigo\n|-damage|p2a: Flamigo|37/269\n|move|p2a: Flamigo|Close Combat|p1a: Donphan\n|-crit|p1a: Donphan\n|-damage|p1a: Donphan|0 fnt\n|-unboost|p2a: Flamigo|def|1\n|-unboost|p2a: Flamigo|spd|1\n|faint|p1a: Donphan\n|\n|upkeep\n|\n|t:|1783541271\n|switch|p1a: Chien-Pao|Chien-Pao, L72|100/100\n|-ability|p1a: Chien-Pao|Sword of Ruin\n|turn|20\n|inactive|Time left: 300 sec this turn | 300 sec total\n|\n|t:|1783541271\n|move|p1a: Chien-Pao|Sacred Sword|p2a: Flamigo\n|-damage|p2a: Flamigo|0 fnt\n|faint|p2a: Flamigo\n|\n|upkeep\n|inactive|Time left: 300 sec this turn | 300 sec total | 5 sec grace\n|\n|t:|1783541272\n|switch|p2a: Pikachu|Pikachu, L93, M|216/216\n|turn|21\n|inactive|Time left: 300 sec this turn | 300 sec total\n|\n|t:|1783541273\n|move|p1a: Chien-Pao|Icicle Crash|p2a: Pikachu\n|-damage|p2a: Pikachu|45/216\n|move|p2a: Pikachu|Volt Tackle|p1a: Chien-Pao\n|-damage|p1a: Chien-Pao|0 fnt\n|faint|p1a: Chien-Pao\n|-damage|p2a: Pikachu|0 fnt|[from] Recoil\n|faint|p2a: Pikachu\n|\n|win|p0y184d72a", "uploadtime": 1783541273, "views": 0, "rating": 0, "private": 0, "password": null, "_winner": "p0y184d72a", "_our_name": "p0y184d72a"}