{"id": "battle-gen9randombattle-1934", "formatid": "gen9randombattle", "format": "[Gen 9] Random Battle", "players": ["p0x1934befd", "p0y1934a965"], "log": "|init|battle\n|title|p0x1934befd vs. p0y1934a965\n|j|\u2606p0x1934befd\n|j|\u2606p0y1934a965\n|t:|1783562361\n|gametype|singles\n|player|p1|p0x1934befd|169|\n|player|p2|p0y1934a965|266|\n|gen|9\n|tier|[Gen 9] Random Battle\n|rule|Species Clause: Limit one of each Pok\u00e9mon\n|rule|HP Percentage Mod: HP is shown in percentages\n|rule|Sleep Clause Mod: Limit one foe put to sleep\n|rule|Illusion Level Mod: Illusion disguises the Pok\u00e9mon's true level\n|\n|t:|1783562361\n|teamsize|p1|6\n|teamsize|p2|6\n|start\n|switch|p1a: Pelipper|Pelipper, L86, M|243/243\n|switch|p2a: Oricorio|Oricorio-Pom-Pom, L82, F|100/100\n|-weather|RainDance|[from] ability: Drizzle|[of] p1a: Pelipper\n|turn|1\n|inactive|Battle timer is ON: inactive players will automatically lose when time's up. (requested by p0x1934befd)\n|inactive|p0y1934a965 also wants the timer to be on.\n|\n|t:|1783562363\n|move|p2a: Oricorio|Revelation Dance|p1a: Pelipper\n|-supereffective|p1a: Pelipper\n|-damage|p1a: Pelipper|0 fnt\n|faint|p1a: Pelipper\n|\n|-weather|RainDance|[upkeep]\n|upkeep\n|inactive|Time left: 300 sec this turn | 300 sec total | 65 sec grace\n|\n|t:|1783562364\n|switch|p1a: Mimikyu|Mimikyu, L79, M|216/216\n|turn|2\n|inactive|Time left: 300 sec this turn | 300 sec total\n|\n|t:|1783562366\n|move|p2a: Oricorio|Hurricane|p1a: Mimikyu\n|-activate|p1a: Mimikyu|ability: Disguise\n|-damage|p1a: Mimikyu|216/216\n|-start|p1a: Mimikyu|confusion\n|detailschange|p1a: Mimikyu|Mimikyu-Busted, L79, M\n|-damage|p1a: Mimikyu|189/216|[from] pokemon: Mimikyu-Busted\n|-activate|p1a: Mimikyu|confusion\n|-damage|p1a: Mimikyu|161/216|[from] confusion\n|\n|-weather|RainDance|[upkeep]\n|upkeep\n|turn|3\n|inactive|Time left: 300 sec this turn | 300 sec total\n|\n|t:|1783562367\n|switch|p1a: Greedent|Greedent, L86, F|347/347\n|move|p2a: Oricorio|Hurricane|p1a: Greedent\n|-damage|p1a: Greedent|235/347\n|\n|-weather|RainDance|[upkeep]\n|upkeep\n|turn|4\n|inactive|Time left: 300 sec this turn | 300 sec total\n|\n|t:|1783562368\n|move|p2a: Oricorio|Quiver Dance|p2a: Oricorio\n|-boost|p2a: Oricorio|spa|1\n|-boost|p2a: Oricorio|spd|1\n|-boost|p2a: Oricorio|spe|1\n|move|p1a: Greedent|Swords Dance|p1a: Greedent\n|-boost|p1a: Greedent|atk|2\n|-activate|p2a: Oricorio|ability: Dancer\n|move|p2a: Oricorio|Swords Dance|p2a: Oricorio|[from] ability: Dancer\n|-boost|p2a: Oricorio|atk|2\n|\n|-weather|RainDance|[upkeep]\n|upkeep\n|turn|5\n|inactive|Time left: 300 sec this turn | 300 sec total\n|\n|t:|1783562369\n|move|p2a: Oricorio|Hurricane|p1a: Greedent\n|-damage|p1a: Greedent|63/347\n|-enditem|p1a: Greedent|Sitrus Berry|[eat]\n|-heal|p1a: Greedent|149/347|[from] item: Sitrus Berry\n|-heal|p1a: Greedent|264/347|[from] ability: Cheek Pouch\n|move|p1a: Greedent|Body Slam|p2a: Oricorio\n|-damage|p2a: Oricorio|7/100\n|\n|-weather|none\n|upkeep\n|turn|6\n|inactive|Time left: 300 sec this turn | 300 sec total\n|\n|t:|1783562370\n|move|p2a: Oricorio|Hurricane|p1a: Greedent|[miss]\n|-miss|p2a: Oricorio|p1a: Greedent\n|move|p1a: Greedent|Body Slam|p2a: Oricorio\n|-crit|p2a: Oricorio\n|-damage|p2a: Oricorio|0 fnt\n|faint|p2a: Oricorio\n|\n|upkeep\n|\n|t:|1783562371\n|switch|p2a: Tauros|Tauros-Paldea-Aqua, L81, M|100/100\n|-ability|p2a: Tauros|Intimidate|boost\n|-unboost|p1a: Greedent|atk|1\n|turn|7\n|inactive|Time left: 300 sec this turn | 300 sec total\n|\n|t:|1783562373\n|move|p2a: Tauros|Wave Crash|p1a: Greedent\n|-damage|p1a: Greedent|90/347\n|-damage|p2a: Tauros|78/100|[from] Recoil\n|move|p1a: Greedent|Body Slam|p2a: Tauros\n|-damage|p2a: Tauros|27/100\n|\n|upkeep\n|turn|8\n|inactive|Time left: 300 sec this turn | 300 sec total\n|\n|t:|1783562374\n|move|p2a: Tauros|Wave Crash|p1a: Greedent\n|-damage|p1a: Greedent|0 fnt\n|faint|p1a: Greedent\n|-damage|p2a: Tauros|15/100|[from] Recoil\n|\n|upkeep\n|inactive|Time left: 300 sec this turn | 300 sec total | 5 sec grace\n|\n|t:|1783562374\n|switch|p1a: Kilowattrel|Kilowattrel, L83, M|252/252\n|turn|9\n|inactive|Time left: 300 sec this turn | 300 sec total\n|\n|t:|1783562375\n|switch|p2a: Lanturn|Lanturn, L89, F|100/100\n|move|p1a: Kilowattrel|Thunderbolt|p2a: Lanturn\n|-immune|p2a: Lanturn|[from] ability: Volt Absorb\n|\n|upkeep\n|turn|10\n|inactive|Time left: 300 sec this turn | 300 sec total\n|\n|t:|1783562376\n|move|p1a: Kilowattrel|Hurricane|p2a: Lanturn\n|-resisted|p2a: Lanturn\n|-damage|p2a: Lanturn|84/100\n|-start|p2a: Lanturn|confusion\n|-activate|p2a: Lanturn|confusion\n|move|p2a: Lanturn|Ice Beam|p1a: Kilowattrel\n|-supereffective|p1a: Kilowattrel\n|-damage|p1a: Kilowattrel|98/252\n|-status|p1a: Kilowattrel|frz\n|\n|-heal|p2a: Lanturn|90/100|[from] item: Leftovers\n|upkeep\n|turn|11\n|inactive|Time left: 300 sec this turn | 300 sec total\n|\n|t:|1783562377\n|switch|p1a: Palossand|Palossand, L89, M|296/296\n|-activate|p2a: Lanturn|confusion\n|-damage|p2a: Lanturn|85/100|[from] confusion\n|\n|-heal|p2a: Lanturn|91/100|[from] item: Leftovers\n|upkeep\n|turn|12\n|inactive|Time left: 300 sec this turn | 300 sec total\n|\n|t:|1783562378\n|switch|p2a: Delibird|Delibird, F|100/100\n|move|p1a: Palossand|Stealth Rock|p2a: Delibird\n|-sidestart|p2: p0y1934a965|move: Stealth Rock\n|\n|upkeep\n|turn|13\n|inactive|Time left: 300 sec this turn | 300 sec total\n|\n|t:|1783562379\n|move|p2a: Delibird|Ice Spinner|p1a: Palossand\n|-supereffective|p1a: Palossand\n|-damage|p1a: Palossand|120/296\n|move|p1a: Palossand|Shadow Ball|p2a: Delibird\n|-damage|p2a: Delibird|51/100\n|-unboost|p2a: Delibird|spd|1\n|\n|-heal|p1a: Palossand|138/296|[from] item: Leftovers\n|upkeep\n|turn|14\n|inactive|Time left: 300 sec this turn | 300 sec total\n|\n|t:|1783562380\n|move|p2a: Delibird|Ice Spinner|p1a: Palossand\n|-supereffective|p1a: Palossand\n|-damage|p1a: Palossand|0 fnt\n|faint|p1a: Palossand\n|\n|upkeep\n|inactive|Time left: 300 sec this turn | 300 sec total | 5 sec grace\n|\n|t:|1783562381\n|switch|p1a: Sandy Shocks|Sandy Shocks, L80|267/267\n|turn|15\n|inactive|Time left: 300 sec this turn | 300 sec total\n|\n|t:|1783562382\n|switch|p2a: Lanturn|Lanturn, L89, F|91/100\n|-damage|p2a: Lanturn|78/100|[from] Stealth Rock\n|move|p1a: Sandy Shocks|Thunderbolt|p2a: Lanturn\n|-heal|p2a: Lanturn|100/100|[from] ability: Volt Absorb|[of] p1a: Sandy Shocks\n|\n|upkeep\n|turn|16\n|inactive|Time left: 300 sec this turn | 300 sec total\n|\n|t:|1783562383\n|move|p1a: Sandy Shocks|Earth Power|p2a: Lanturn\n|-supereffective|p2a: Lanturn\n|-damage|p2a: Lanturn|37/100\n|move|p2a: Lanturn|Scald|p1a: Sandy Shocks\n|-supereffective|p1a: Sandy Shocks\n|-damage|p1a: Sandy Shocks|91/267\n|\n|-heal|p1a: Sandy Shocks|107/267|[from] item: Leftovers\n|-heal|p2a: Lanturn|43/100|[from] item: Leftovers\n|upkeep\n|turn|17\n|inactive|Time left: 300 sec this turn | 300 sec total\n|\n|t:|1783562384\n|-terastallize|p2a: Lanturn|Flying\n|move|p1a: Sandy Shocks|Earth Power|p2a: Lanturn\n|-immune|p2a: Lanturn\n|move|p2a: Lanturn|Ice Beam|p1a: Sandy Shocks\n|-supereffective|p1a: Sandy Shocks\n|-damage|p1a: Sandy Shocks|0 fnt\n|faint|p1a: Sandy Shocks\n|-end|p1a: Sandy Shocks|Protosynthesis|[silent]\n|\n|-heal|p2a: Lanturn|49/100|[from] item: Leftovers\n|upkeep\n|inactive|Time left: 300 sec this turn | 300 sec total | 5 sec grace\n|\n|t:|1783562385\n|switch|p1a: Mimikyu|Mimikyu-Busted, L79, M|161/216\n|turn|18\n|inactive|Time left: 300 sec this turn | 300 sec total\n|\n|t:|1783562386\n|move|p1a: Mimikyu|Swords Dance|p1a: Mimikyu\n|-boost|p1a: Mimikyu|atk|2\n|move|p2a: Lanturn|Scald|p1a: Mimikyu\n|-damage|p1a: Mimikyu|85/216\n|-status|p1a: Mimikyu|brn\n|\n|-heal|p2a: Lanturn|55/100|[from] item: Leftovers\n|-damage|p1a: Mimikyu|72/216 brn|[from] brn\n|upkeep\n|turn|19\n|inactive|Time left: 300 sec this turn | 300 sec total\n|\n|t:|1783562387\n|move|p1a: Mimikyu|Shadow Claw|p2a: Lanturn\n|-damage|p2a: Lanturn|25/100\n|-damage|p1a: Mimikyu|51/216 brn|[from] item: Life Orb\n|move|p2a: Lanturn|Scald|p1a: Mimikyu\n|-damage|p1a: Mimikyu|0 fnt\n|faint|p1a: Mimikyu\n|\n|-heal|p2a: Lanturn|31/100|[from] item: Leftovers\n|upkeep\n|inactive|Time left: 300 sec this turn | 300 sec total | 5 sec grace\n|\n|t:|1783562388\n|switch|p1a: Kilowattrel|Kilowattrel, L83, M|98/252 frz\n|turn|20\n|inactive|Time left: 300 sec this turn | 300 sec total\n|\n|t:|1783562389\n|-terastallize|p1a: Kilowattrel|Water\n|cant|p1a: Kilowattrel|frz\n|move|p2a: Lanturn|Scald|p1a: Kilowattrel\n|-resisted|p1a: Kilowattrel\n|-damage|p1a: Kilowattrel|42/252 frz\n|-curestatus|p1a: Kilowattrel|frz|[msg]\n|\n|-heal|p2a: Lanturn|37/100|[from] item: Leftovers\n|upkeep\n|turn|21\n|inactive|Time left: 300 sec this turn | 300 sec total\n|\n|t:|1783562390\n|move|p1a: Kilowattrel|Hurricane|p2a: Lanturn\n|-damage|p2a: Lanturn|2/100\n|move|p2a: Lanturn|Scald|p1a: Kilowattrel\n|-resisted|p1a: Kilowattrel\n|-damage|p1a: Kilowattrel|0 fnt\n|faint|p1a: Kilowattrel\n|\n|win|p0y1934a965", "uploadtime": 1783562390, "views": 0, "rating": 0, "private": 0, "password": null, "_winner": "p0y1934a965", "_our_name": "p0x1934befd"}