{"id": "battle-gen9randombattle-1134", "formatid": "gen9randombattle", "format": "[Gen 9] Random Battle", "players": ["p0x113466dc", "p0y1134296c"], "log": "|init|battle\n|title|p0x113466dc vs. p0y1134296c\n|j|\u2606p0x113466dc\n|j|\u2606p0y1134296c\n|t:|1783552285\n|gametype|singles\n|player|p1|p0x113466dc|266|\n|player|p2|p0y1134296c|170|\n|gen|9\n|tier|[Gen 9] Random Battle\n|rule|Species Clause: Limit one of each Pok\u00e9mon\n|rule|HP Percentage Mod: HP is shown in percentages\n|rule|Sleep Clause Mod: Limit one foe put to sleep\n|rule|Illusion Level Mod: Illusion disguises the Pok\u00e9mon's true level\n|\n|t:|1783552285\n|teamsize|p1|6\n|teamsize|p2|6\n|start\n|switch|p1a: Trevenant|Trevenant, L89, F|100/100\n|switch|p2a: Carbink|Carbink, L90|236/236\n|turn|1\n|inactive|Battle timer is ON: inactive players will automatically lose when time's up. (requested by p0y1134296c)\n|inactive|p0x113466dc also wants the timer to be on.\n|\n|t:|1783552287\n|move|p1a: Trevenant|Poltergeist|p2a: Carbink\n|-activate|p2a: Carbink|move: Poltergeist|Chesto Berry\n|-damage|p2a: Carbink|129/236\n|-damage|p1a: Trevenant|91/100|[from] item: Life Orb\n|move|p2a: Carbink|Iron Defense|p2a: Carbink\n|-boost|p2a: Carbink|def|2\n|\n|upkeep\n|turn|2\n|inactive|Time left: 300 sec this turn | 300 sec total\n|\n|t:|1783552288\n|move|p1a: Trevenant|Horn Leech|p2a: Carbink\n|-supereffective|p2a: Carbink\n|-crit|p2a: Carbink\n|-damage|p2a: Carbink|0 fnt\n|-heal|p1a: Trevenant|100/100|[from] drain|[of] p2a: Carbink\n|faint|p2a: Carbink\n|-damage|p1a: Trevenant|91/100|[from] item: Life Orb\n|\n|upkeep\n|inactive|Time left: 300 sec this turn | 300 sec total | 5 sec grace\n|\n|t:|1783552289\n|switch|p2a: Kleavor|Kleavor, L78, M|237/237\n|turn|3\n|inactive|Time left: 300 sec this turn | 300 sec total\n|\n|t:|1783552290\n|move|p2a: Kleavor|Stone Axe|p1a: Trevenant\n|-damage|p1a: Trevenant|50/100\n|-sidestart|p1: p0x113466dc|move: Stealth Rock\n|move|p1a: Trevenant|Horn Leech|p2a: Kleavor\n|-damage|p2a: Kleavor|111/237\n|-heal|p1a: Trevenant|71/100|[from] drain|[of] p2a: Kleavor\n|-damage|p1a: Trevenant|61/100|[from] item: Life Orb\n|\n|upkeep\n|turn|4\n|inactive|Time left: 300 sec this turn | 300 sec total\n|\n|t:|1783552291\n|move|p2a: Kleavor|X-Scissor|p1a: Trevenant\n|-damage|p1a: Trevenant|10/100\n|move|p1a: Trevenant|Horn Leech|p2a: Kleavor\n|-crit|p2a: Kleavor\n|-damage|p2a: Kleavor|0 fnt\n|-heal|p1a: Trevenant|29/100|[from] drain|[of] p2a: Kleavor\n|faint|p2a: Kleavor\n|-damage|p1a: Trevenant|19/100|[from] item: Life Orb\n|\n|upkeep\n|inactive|Time left: 300 sec this turn | 300 sec total | 5 sec grace\n|\n|t:|1783552292\n|switch|p2a: Delphox|Delphox, L84, F|263/263\n|turn|5\n|inactive|Time left: 300 sec this turn | 300 sec total\n|\n|t:|1783552293\n|move|p2a: Delphox|Psyshock|p1a: Trevenant\n|-damage|p1a: Trevenant|0 fnt\n|faint|p1a: Trevenant\n|\n|upkeep\n|\n|t:|1783552294\n|switch|p1a: Infernape|Infernape, L82, M|100/100\n|-damage|p1a: Infernape|88/100|[from] Stealth Rock\n|turn|6\n|inactive|Time left: 300 sec this turn | 300 sec total\n|\n|t:|1783552295\n|-terastallize|p1a: Infernape|Dark\n|move|p2a: Delphox|Psyshock|p1a: Infernape\n|-immune|p1a: Infernape\n|move|p1a: Infernape|Knock Off|p2a: Delphox\n|-supereffective|p2a: Delphox\n|-damage|p2a: Delphox|0 fnt\n|-enditem|p2a: Delphox|Choice Scarf|[from] move: Knock Off|[of] p1a: Infernape\n|faint|p2a: Delphox\n|\n|upkeep\n|inactive|Time left: 300 sec this turn | 300 sec total | 5 sec grace\n|\n|t:|1783552295\n|switch|p2a: Tsareena|Tsareena, L87, F|267/267\n|turn|7\n|inactive|Time left: 300 sec this turn | 300 sec total\n|\n|t:|1783552296\n|move|p1a: Infernape|Knock Off|p2a: Tsareena\n|-damage|p2a: Tsareena|125/267\n|-enditem|p2a: Tsareena|Heavy-Duty Boots|[from] move: Knock Off|[of] p1a: Infernape\n|move|p2a: Tsareena|Power Whip|p1a: Infernape\n|-damage|p1a: Infernape|20/100\n|\n|upkeep\n|turn|8\n|inactive|Time left: 300 sec this turn | 300 sec total\n|\n|t:|1783552298\n|move|p1a: Infernape|Knock Off|p2a: Tsareena\n|-damage|p2a: Tsareena|38/267\n|move|p2a: Tsareena|Synthesis|p2a: Tsareena\n|-heal|p2a: Tsareena|171/267\n|\n|upkeep\n|turn|9\n|inactive|Time left: 300 sec this turn | 300 sec total\n|\n|t:|1783552299\n|switch|p1a: Scyther|Scyther, L82, M|100/100\n|move|p2a: Tsareena|Rapid Spin|p1a: Scyther\n|-damage|p1a: Scyther|81/100\n|-boost|p2a: Tsareena|spe|1\n|\n|upkeep\n|turn|10\n|inactive|Time left: 300 sec this turn | 300 sec total\n|\n|t:|1783552300\n|switch|p2a: Pachirisu|Pachirisu, L96, F|271/271\n|move|p1a: Scyther|Dual Wingbeat|p2a: Pachirisu\n|-resisted|p2a: Pachirisu\n|-damage|p2a: Pachirisu|235/271\n|-resisted|p2a: Pachirisu\n|-damage|p2a: Pachirisu|202/271\n|-hitcount|p2a: Pachirisu|2\n|\n|upkeep\n|turn|11\n|inactive|Time left: 300 sec this turn | 300 sec total\n|\n|t:|1783552301\n|switch|p1a: Rotom|Rotom-Frost, L87|100/100\n|move|p2a: Pachirisu|Thunderbolt|p1a: Rotom\n|-resisted|p1a: Rotom\n|-damage|p1a: Rotom|87/100\n|\n|upkeep\n|turn|12\n|inactive|Time left: 300 sec this turn | 300 sec total\n|\n|t:|1783552302\n|move|p2a: Pachirisu|Super Fang|p1a: Rotom\n|-damage|p1a: Rotom|44/100\n|move|p1a: Rotom|Will-O-Wisp|p2a: Pachirisu\n|-status|p2a: Pachirisu|brn\n|\n|-damage|p2a: Pachirisu|186/271 brn|[from] brn\n|upkeep\n|turn|13\n|inactive|Time left: 300 sec this turn | 300 sec total\n|\n|t:|1783552303\n|move|p2a: Pachirisu|Thunderbolt|p1a: Rotom\n|-resisted|p1a: Rotom\n|-damage|p1a: Rotom|31/100\n|move|p1a: Rotom|Nasty Plot|p1a: Rotom\n|-boost|p1a: Rotom|spa|2\n|\n|-damage|p2a: Pachirisu|170/271 brn|[from] brn\n|upkeep\n|turn|14\n|inactive|Time left: 300 sec this turn | 300 sec total\n|\n|t:|1783552304\n|move|p2a: Pachirisu|Super Fang|p1a: Rotom|[miss]\n|-miss|p2a: Pachirisu|p1a: Rotom\n|move|p1a: Rotom|Blizzard|p2a: Pachirisu|[miss]\n|-miss|p1a: Rotom|p2a: Pachirisu\n|\n|-damage|p2a: Pachirisu|154/271 brn|[from] brn\n|upkeep\n|turn|15\n|inactive|Time left: 300 sec this turn | 300 sec total\n|\n|t:|1783552305\n|move|p2a: Pachirisu|Super Fang|p1a: Rotom\n|-damage|p1a: Rotom|16/100\n|move|p1a: Rotom|Will-O-Wisp|p2a: Pachirisu\n|-fail|p2a: Pachirisu|brn\n|\n|-damage|p2a: Pachirisu|138/271 brn|[from] brn\n|upkeep\n|turn|16\n|inactive|Time left: 300 sec this turn | 300 sec total\n|\n|t:|1783552306\n|move|p2a: Pachirisu|Thunderbolt|p1a: Rotom\n|-resisted|p1a: Rotom\n|-damage|p1a: Rotom|3/100\n|move|p1a: Rotom|Blizzard|p2a: Pachirisu\n|-damage|p2a: Pachirisu|0 fnt\n|faint|p2a: Pachirisu\n|\n|upkeep\n|inactive|Time left: 300 sec this turn | 300 sec total | 5 sec grace\n|\n|t:|1783552307\n|switch|p2a: Golduck|Golduck, L90, F|290/290\n|-ability|p2a: Golduck|Cloud Nine\n|turn|17\n|inactive|Time left: 300 sec this turn | 300 sec total\n|\n|t:|1783552309\n|move|p2a: Golduck|Ice Beam|p1a: Rotom\n|-resisted|p1a: Rotom\n|-damage|p1a: Rotom|0 fnt\n|faint|p1a: Rotom\n|\n|upkeep\n|\n|t:|1783552310\n|switch|p1a: Infernape|Infernape, L82, M, tera:Dark|20/100\n|-damage|p1a: Infernape|7/100|[from] Stealth Rock\n|turn|18\n|inactive|Time left: 300 sec this turn | 300 sec total\n|\n|t:|1783552311\n|move|p1a: Infernape|Close Combat|p2a: Golduck\n|-damage|p2a: Golduck|110/290\n|-unboost|p1a: Infernape|def|1\n|-unboost|p1a: Infernape|spd|1\n|move|p2a: Golduck|Hydro Pump|p1a: Infernape\n|-damage|p1a: Infernape|0 fnt\n|faint|p1a: Infernape\n|\n|-heal|p2a: Golduck|128/290|[from] item: Leftovers\n|upkeep\n|\n|t:|1783552312\n|switch|p1a: Scyther|Scyther, L82, M|81/100\n|turn|19\n|inactive|Time left: 300 sec this turn | 300 sec total\n|\n|t:|1783552313\n|move|p1a: Scyther|Dual Wingbeat|p2a: Golduck\n|-damage|p2a: Golduck|62/290\n|-damage|p2a: Golduck|0 fnt\n|faint|p2a: Golduck\n|-hitcount|p2: Golduck|2\n|\n|upkeep\n|inactive|Time left: 300 sec this turn | 300 sec total | 5 sec grace\n|\n|t:|1783552314\n|switch|p2a: Tsareena|Tsareena, L87, F|171/267\n|turn|20\n|inactive|Time left: 300 sec this turn | 300 sec total\n|\n|t:|1783552315\n|move|p1a: Scyther|Dual Wingbeat|p2a: Tsareena\n|-supereffective|p2a: Tsareena\n|-damage|p2a: Tsareena|57/267\n|-supereffective|p2a: Tsareena\n|-damage|p2a: Tsareena|0 fnt\n|faint|p2a: Tsareena\n|-hitcount|p2: Tsareena|2\n|\n|win|p0x113466dc", "uploadtime": 1783552315, "views": 0, "rating": 0, "private": 0, "password": null, "_winner": "p0x113466dc", "_our_name": "p0y1134296c"}