{"id": "battle-gen9randombattle-1777", "formatid": "gen9randombattle", "format": "[Gen 9] Random Battle", "players": ["p0x17772fdc", "p0y177712c4"], "log": "|init|battle\n|title|p0x17772fdc vs. p0y177712c4\n|j|\u2606p0x17772fdc\n|j|\u2606p0y177712c4\n|t:|1783559841\n|gametype|singles\n|player|p1|p0x17772fdc|101|\n|player|p2|p0y177712c4|169|\n|gen|9\n|tier|[Gen 9] Random Battle\n|rule|Species Clause: Limit one of each Pok\u00e9mon\n|rule|HP Percentage Mod: HP is shown in percentages\n|rule|Sleep Clause Mod: Limit one foe put to sleep\n|rule|Illusion Level Mod: Illusion disguises the Pok\u00e9mon's true level\n|\n|t:|1783559841\n|teamsize|p1|6\n|teamsize|p2|6\n|start\n|switch|p1a: Palafin|Palafin, L77, M|100/100\n|switch|p2a: Azumarill|Azumarill, L82, M|298/298\n|turn|1\n|inactive|Battle timer is ON: inactive players will automatically lose when time's up. (requested by p0x17772fdc)\n|inactive|Time left: 300 sec this turn | 300 sec total | 60 sec grace\n|inactive|p0y177712c4 also wants the timer to be on.\n|\n|t:|1783559843\n|move|p1a: Palafin|Bulk Up|p1a: Palafin\n|-boost|p1a: Palafin|atk|1\n|-boost|p1a: Palafin|def|1\n|move|p2a: Azumarill|Play Rough|p1a: Palafin|[miss]\n|-miss|p2a: Azumarill|p1a: Palafin\n|\n|upkeep\n|turn|2\n|inactive|Time left: 300 sec this turn | 300 sec total\n|\n|t:|1783559844\n|move|p1a: Palafin|Bulk Up|p1a: Palafin\n|-boost|p1a: Palafin|atk|1\n|-boost|p1a: Palafin|def|1\n|move|p2a: Azumarill|Play Rough|p1a: Palafin\n|-damage|p1a: Palafin|63/100\n|\n|-heal|p1a: Palafin|69/100|[from] item: Leftovers\n|upkeep\n|turn|3\n|inactive|Time left: 300 sec this turn | 300 sec total\n|\n|t:|1783559845\n|move|p1a: Palafin|Bulk Up|p1a: Palafin\n|-boost|p1a: Palafin|atk|1\n|-boost|p1a: Palafin|def|1\n|move|p2a: Azumarill|Play Rough|p1a: Palafin\n|-damage|p1a: Palafin|40/100\n|-unboost|p1a: Palafin|atk|1\n|\n|-heal|p1a: Palafin|46/100|[from] item: Leftovers\n|upkeep\n|turn|4\n|inactive|Time left: 300 sec this turn | 300 sec total\n|\n|t:|1783559846\n|move|p1a: Palafin|Bulk Up|p1a: Palafin\n|-boost|p1a: Palafin|atk|1\n|-boost|p1a: Palafin|def|1\n|move|p2a: Azumarill|Play Rough|p1a: Palafin\n|-damage|p1a: Palafin|23/100\n|\n|-heal|p1a: Palafin|29/100|[from] item: Leftovers\n|upkeep\n|turn|5\n|inactive|Time left: 300 sec this turn | 300 sec total\n|\n|t:|1783559846\n|move|p1a: Palafin|Drain Punch|p2a: Azumarill\n|-resisted|p2a: Azumarill\n|-damage|p2a: Azumarill|251/298\n|-heal|p1a: Palafin|37/100|[from] drain|[of] p2a: Azumarill\n|move|p2a: Azumarill|Play Rough|p1a: Palafin\n|-damage|p1a: Palafin|11/100\n|-unboost|p1a: Palafin|atk|1\n|\n|-heal|p1a: Palafin|17/100|[from] item: Leftovers\n|upkeep\n|turn|6\n|inactive|Time left: 300 sec this turn | 300 sec total\n|\n|t:|1783559847\n|move|p1a: Palafin|Drain Punch|p2a: Azumarill\n|-resisted|p2a: Azumarill\n|-damage|p2a: Azumarill|214/298\n|-heal|p1a: Palafin|24/100|[from] drain|[of] p2a: Azumarill\n|move|p2a: Azumarill|Play Rough|p1a: Palafin\n|-damage|p1a: Palafin|0 fnt\n|faint|p1a: Palafin\n|\n|upkeep\n|\n|t:|1783559848\n|switch|p1a: Mamoswine|Mamoswine, L81, M|100/100\n|turn|7\n|inactive|Time left: 300 sec this turn | 300 sec total\n|\n|t:|1783559849\n|move|p1a: Mamoswine|Earthquake|p2a: Azumarill\n|-damage|p2a: Azumarill|22/298\n|move|p2a: Azumarill|Play Rough|p1a: Mamoswine\n|-damage|p1a: Mamoswine|38/100\n|\n|upkeep\n|turn|8\n|inactive|Time left: 300 sec this turn | 300 sec total\n|\n|t:|1783559850\n|switch|p2a: Mesprit|Mesprit, L85|275/275\n|move|p1a: Mamoswine|Earthquake|p2a: Mesprit\n|-immune|p2a: Mesprit|[from] ability: Levitate\n|\n|upkeep\n|turn|9\n|inactive|Time left: 300 sec this turn | 300 sec total\n|\n|t:|1783559851\n|switch|p1a: Lunala|Lunala, L70|100/100\n|move|p2a: Mesprit|Knock Off|p1a: Lunala\n|-supereffective|p1a: Lunala\n|-damage|p1a: Lunala|41/100\n|-enditem|p1a: Lunala|Leftovers|[from] move: Knock Off|[of] p2a: Mesprit\n|\n|upkeep\n|turn|10\n|inactive|Time left: 300 sec this turn | 300 sec total\n|\n|t:|1783559852\n|move|p2a: Mesprit|Knock Off|p1a: Lunala\n|-supereffective|p1a: Lunala\n|-damage|p1a: Lunala|0 fnt\n|faint|p1a: Lunala\n|\n|upkeep\n|\n|t:|1783559853\n|switch|p1a: Blastoise|Blastoise, L80, F|100/100\n|turn|11\n|inactive|Time left: 300 sec this turn | 300 sec total\n|\n|t:|1783559854\n|move|p2a: Mesprit|Knock Off|p1a: Blastoise\n|-damage|p1a: Blastoise|70/100\n|-enditem|p1a: Blastoise|White Herb|[from] move: Knock Off|[of] p2a: Mesprit\n|move|p1a: Blastoise|Shell Smash|p1a: Blastoise\n|-unboost|p1a: Blastoise|def|1\n|-unboost|p1a: Blastoise|spd|1\n|-boost|p1a: Blastoise|atk|2\n|-boost|p1a: Blastoise|spa|2\n|-boost|p1a: Blastoise|spe|2\n|\n|upkeep\n|turn|12\n|inactive|Time left: 300 sec this turn | 300 sec total\n|\n|t:|1783559855\n|move|p1a: Blastoise|Hydro Pump|p2a: Mesprit|[miss]\n|-miss|p1a: Blastoise|p2a: Mesprit\n|move|p2a: Mesprit|Psychic Noise|p1a: Blastoise\n|-damage|p1a: Blastoise|25/100\n|-start|p1a: Blastoise|move: Heal Block\n|\n|upkeep\n|turn|13\n|inactive|Time left: 300 sec this turn | 300 sec total\n|\n|t:|1783559857\n|move|p1a: Blastoise|Hydro Pump|p2a: Mesprit\n|-damage|p2a: Mesprit|7/275\n|move|p2a: Mesprit|Knock Off|p1a: Blastoise\n|-crit|p1a: Blastoise\n|-damage|p1a: Blastoise|0 fnt\n|faint|p1a: Blastoise\n|\n|-heal|p2a: Mesprit|24/275|[from] item: Leftovers\n|upkeep\n|\n|t:|1783559858\n|switch|p1a: Chien-Pao|Chien-Pao, L72|100/100\n|-ability|p1a: Chien-Pao|Sword of Ruin\n|turn|14\n|inactive|Time left: 300 sec this turn | 300 sec total\n|\n|t:|1783559859\n|switch|p2a: Clefable|Clefable, L83, M|293/293\n|move|p1a: Chien-Pao|Swords Dance|p1a: Chien-Pao\n|-boost|p1a: Chien-Pao|atk|2\n|\n|upkeep\n|turn|15\n|inactive|Time left: 300 sec this turn | 300 sec total\n|\n|t:|1783559860\n|-terastallize|p1a: Chien-Pao|Ice\n|move|p1a: Chien-Pao|Icicle Crash|p2a: Clefable\n|-damage|p2a: Clefable|127/293\n|move|p2a: Clefable|Moonblast|p1a: Chien-Pao\n|-damage|p1a: Chien-Pao|43/100\n|\n|-heal|p2a: Clefable|145/293|[from] item: Leftovers\n|upkeep\n|turn|16\n|inactive|Time left: 300 sec this turn | 300 sec total\n|\n|t:|1783559861\n|-terastallize|p2a: Clefable|Steel\n|move|p1a: Chien-Pao|Icicle Crash|p2a: Clefable\n|-resisted|p2a: Clefable\n|-crit|p2a: Clefable\n|-damage|p2a: Clefable|27/293\n|cant|p2a: Clefable|flinch\n|\n|-heal|p2a: Clefable|45/293|[from] item: Leftovers\n|upkeep\n|turn|17\n|inactive|Time left: 300 sec this turn | 300 sec total\n|\n|t:|1783559863\n|move|p1a: Chien-Pao|Throat Chop|p2a: Clefable\n|-damage|p2a: Clefable|0 fnt\n|faint|p2a: Clefable\n|\n|upkeep\n|inactive|Time left: 300 sec this turn | 300 sec total | 5 sec grace\n|\n|t:|1783559864\n|switch|p2a: Azumarill|Azumarill, L82, M|22/298\n|turn|18\n|inactive|Time left: 300 sec this turn | 300 sec total\n|\n|t:|1783559865\n|move|p2a: Azumarill|Aqua Jet|p1a: Chien-Pao\n|-damage|p1a: Chien-Pao|3/100\n|move|p1a: Chien-Pao|Throat Chop|p2a: Azumarill\n|-resisted|p2a: Azumarill\n|-damage|p2a: Azumarill|0 fnt\n|faint|p2a: Azumarill\n|\n|upkeep\n|inactive|Time left: 300 sec this turn | 300 sec total | 5 sec grace\n|\n|t:|1783559865\n|switch|p2a: Mesprit|Mesprit, L85|24/275\n|turn|19\n|inactive|Time left: 300 sec this turn | 300 sec total\n|\n|t:|1783559866\n|move|p1a: Chien-Pao|Sacred Sword|p2a: Mesprit\n|-resisted|p2a: Mesprit\n|-crit|p2a: Mesprit\n|-damage|p2a: Mesprit|0 fnt\n|faint|p2a: Mesprit\n|\n|upkeep\n|inactive|Time left: 300 sec this turn | 300 sec total | 5 sec grace\n|\n|t:|1783559867\n|switch|p2a: Hypno|Hypno, L95, M|315/315\n|turn|20\n|inactive|Time left: 300 sec this turn | 300 sec total\n|\n|t:|1783559868\n|move|p2a: Hypno|Protect|p2a: Hypno\n|-singleturn|p2a: Hypno|Protect\n|move|p1a: Chien-Pao|Throat Chop|p2a: Hypno\n|-activate|p2a: Hypno|move: Protect\n|\n|upkeep\n|turn|21\n|inactive|Time left: 300 sec this turn | 300 sec total\n|\n|t:|1783559869\n|switch|p2a: Rampardos|Rampardos, L90, F|321/321\n|move|p1a: Chien-Pao|Throat Chop|p2a: Rampardos\n|-damage|p2a: Rampardos|75/321\n|-start|p2a: Rampardos|Throat Chop|[silent]\n|\n|upkeep\n|turn|22\n|inactive|Time left: 300 sec this turn | 300 sec total\n|\n|t:|1783559870\n|move|p1a: Chien-Pao|Sacred Sword|p2a: Rampardos\n|-supereffective|p2a: Rampardos\n|-damage|p2a: Rampardos|0 fnt\n|faint|p2a: Rampardos\n|\n|upkeep\n|inactive|Time left: 300 sec this turn | 300 sec total | 5 sec grace\n|\n|t:|1783559871\n|switch|p2a: Ursaring|Ursaring, L84, F|288/288\n|turn|23\n|inactive|Time left: 300 sec this turn | 300 sec total\n|\n|t:|1783559873\n|switch|p2a: Hypno|Hypno, L95, M|315/315\n|move|p1a: Chien-Pao|Icicle Crash|p2a: Hypno\n|-damage|p2a: Hypno|9/315\n|\n|-heal|p2a: Hypno|28/315|[from] item: Leftovers\n|upkeep\n|turn|24\n|inactive|Time left: 300 sec this turn | 300 sec total\n|\n|t:|1783559874\n|move|p2a: Hypno|Protect|p2a: Hypno\n|-singleturn|p2a: Hypno|Protect\n|move|p1a: Chien-Pao|Sacred Sword|p2a: Hypno\n|-activate|p2a: Hypno|move: Protect\n|\n|-heal|p2a: Hypno|47/315|[from] item: Leftovers\n|upkeep\n|turn|25\n|inactive|Time left: 300 sec this turn | 300 sec total\n|\n|t:|1783559875\n|move|p2a: Hypno|Protect||[still]\n|-fail|p2a: Hypno\n|move|p1a: Chien-Pao|Sacred Sword|p2a: Hypno\n|-resisted|p2a: Hypno\n|-damage|p2a: Hypno|0 fnt\n|faint|p2a: Hypno\n|\n|upkeep\n|inactive|Time left: 300 sec this turn | 300 sec total | 5 sec grace\n|\n|t:|1783559876\n|switch|p2a: Ursaring|Ursaring, L84, F|288/288\n|turn|26\n|inactive|Time left: 300 sec this turn | 300 sec total\n|\n|t:|1783559877\n|move|p1a: Chien-Pao|Sacred Sword|p2a: Ursaring\n|-supereffective|p2a: Ursaring\n|-damage|p2a: Ursaring|0 fnt\n|faint|p2a: Ursaring\n|\n|win|p0x17772fdc", "uploadtime": 1783559877, "views": 0, "rating": 0, "private": 0, "password": null, "_winner": "p0x17772fdc", "_our_name": "p0y177712c4"}