{"id": "battle-gen9randombattle-2368", "formatid": "gen9randombattle", "format": "[Gen 9] Random Battle", "players": ["p0x23689365", "p0y23681c18"], "log": "|init|battle\n|title|p0x23689365 vs. p0y23681c18\n|j|\u2606p0x23689365\n|j|\u2606p0y23681c18\n|t:|1783566478\n|gametype|singles\n|player|p1|p0x23689365|1|\n|player|p2|p0y23681c18|1|\n|gen|9\n|tier|[Gen 9] Random Battle\n|rule|Species Clause: Limit one of each Pok\u00e9mon\n|rule|HP Percentage Mod: HP is shown in percentages\n|rule|Sleep Clause Mod: Limit one foe put to sleep\n|rule|Illusion Level Mod: Illusion disguises the Pok\u00e9mon's true level\n|\n|t:|1783566478\n|teamsize|p1|6\n|teamsize|p2|6\n|start\n|switch|p1a: Donphan|Donphan, L84, F|288/288\n|switch|p2a: Dipplin|Dipplin, L88, M|100/100\n|turn|1\n|inactive|Battle timer is ON: inactive players will automatically lose when time's up. (requested by p0y23681c18)\n|inactive|Time left: 300 sec this turn | 300 sec total | 60 sec grace\n|inactive|p0x23689365 also wants the timer to be on.\n|\n|t:|1783566479\n|move|p1a: Donphan|Rapid Spin|p2a: Dipplin\n|-damage|p2a: Dipplin|92/100\n|-boost|p1a: Donphan|spe|1\n|move|p2a: Dipplin|Giga Drain|p1a: Donphan\n|-supereffective|p1a: Donphan\n|-damage|p1a: Donphan|142/288\n|-heal|p2a: Dipplin|100/100|[from] drain|[of] p1a: Donphan\n|\n|upkeep\n|turn|2\n|inactive|Time left: 300 sec this turn | 300 sec total\n|\n|t:|1783566480\n|switch|p1a: Decidueye|Decidueye-Hisui, L87, M|295/295\n|move|p2a: Dipplin|Giga Drain|p1a: Decidueye\n|-resisted|p1a: Decidueye\n|-damage|p1a: Decidueye|252/295\n|\n|-heal|p1a: Decidueye|270/295|[from] item: Leftovers\n|upkeep\n|turn|3\n|inactive|Time left: 300 sec this turn | 300 sec total\n|\n|t:|1783566481\n|move|p1a: Decidueye|Triple Arrows|p2a: Dipplin\n|-damage|p2a: Dipplin|77/100\n|-unboost|p2a: Dipplin|def|1\n|cant|p2a: Dipplin|flinch\n|\n|-heal|p1a: Decidueye|288/295|[from] item: Leftovers\n|upkeep\n|turn|4\n|inactive|Time left: 300 sec this turn | 300 sec total\n|\n|t:|1783566482\n|move|p1a: Decidueye|Triple Arrows|p2a: Dipplin\n|-damage|p2a: Dipplin|45/100\n|move|p2a: Dipplin|Recover|p2a: Dipplin\n|-heal|p2a: Dipplin|95/100\n|\n|-heal|p1a: Decidueye|295/295|[from] item: Leftovers\n|upkeep\n|turn|5\n|inactive|Time left: 300 sec this turn | 300 sec total\n|\n|t:|1783566483\n|switch|p2a: Toxicroak|Toxicroak, L84, F|100/100\n|move|p1a: Decidueye|Triple Arrows|p2a: Toxicroak\n|-resisted|p2a: Toxicroak\n|-damage|p2a: Toxicroak|76/100\n|\n|upkeep\n|turn|6\n|inactive|Time left: 300 sec this turn | 300 sec total\n|\n|t:|1783566485\n|switch|p1a: Hippowdon|Hippowdon, L82, M|311/311\n|-weather|Sandstorm|[from] ability: Sand Stream|[of] p1a: Hippowdon\n|move|p2a: Toxicroak|Gunk Shot|p1a: Hippowdon\n|-resisted|p1a: Hippowdon\n|-damage|p1a: Hippowdon|236/311\n|-damage|p2a: Toxicroak|66/100|[from] item: Life Orb\n|\n|-weather|Sandstorm|[upkeep]\n|-damage|p2a: Toxicroak|60/100|[from] Sandstorm\n|upkeep\n|turn|7\n|inactive|Time left: 300 sec this turn | 300 sec total\n|\n|t:|1783566486\n|switch|p2a: Zarude|Zarude, L77|100/100\n|move|p1a: Hippowdon|Earthquake|p2a: Zarude\n|-resisted|p2a: Zarude\n|-damage|p2a: Zarude|82/100\n|\n|-weather|Sandstorm|[upkeep]\n|-damage|p2a: Zarude|76/100|[from] Sandstorm\n|-heal|p2a: Zarude|82/100|[from] item: Leftovers\n|upkeep\n|turn|8\n|inactive|Time left: 300 sec this turn | 300 sec total\n|\n|t:|1783566487\n|move|p2a: Zarude|Swords Dance|p2a: Zarude\n|-boost|p2a: Zarude|atk|2\n|move|p1a: Hippowdon|Slack Off|p1a: Hippowdon\n|-heal|p1a: Hippowdon|311/311\n|\n|-weather|Sandstorm|[upkeep]\n|-damage|p2a: Zarude|76/100|[from] Sandstorm\n|-heal|p2a: Zarude|82/100|[from] item: Leftovers\n|upkeep\n|turn|9\n|inactive|Time left: 300 sec this turn | 300 sec total\n|\n|t:|1783566488\n|switch|p1a: Decidueye|Decidueye-Hisui, L87, M|295/295\n|move|p2a: Zarude|Power Whip|p1a: Decidueye|[miss]\n|-miss|p2a: Zarude|p1a: Decidueye\n|\n|-weather|Sandstorm|[upkeep]\n|-damage|p2a: Zarude|76/100|[from] Sandstorm\n|-damage|p1a: Decidueye|277/295|[from] Sandstorm\n|-heal|p2a: Zarude|82/100|[from] item: Leftovers\n|-heal|p1a: Decidueye|295/295|[from] item: Leftovers\n|upkeep\n|turn|10\n|inactive|Time left: 300 sec this turn | 300 sec total\n|\n|t:|1783566489\n|move|p2a: Zarude|Knock Off|p1a: Decidueye\n|-resisted|p1a: Decidueye\n|-damage|p1a: Decidueye|190/295\n|-enditem|p1a: Decidueye|Leftovers|[from] move: Knock Off|[of] p2a: Zarude\n|move|p1a: Decidueye|Triple Arrows|p2a: Zarude\n|-supereffective|p2a: Zarude\n|-damage|p2a: Zarude|6/100\n|-unboost|p2a: Zarude|def|1\n|\n|-weather|none\n|-heal|p2a: Zarude|13/100|[from] item: Leftovers\n|upkeep\n|turn|11\n|inactive|Time left: 300 sec this turn | 300 sec total\n|\n|t:|1783566490\n|move|p2a: Zarude|Power Whip|p1a: Decidueye\n|-resisted|p1a: Decidueye\n|-damage|p1a: Decidueye|62/295\n|move|p1a: Decidueye|Triple Arrows|p2a: Zarude\n|-supereffective|p2a: Zarude\n|-damage|p2a: Zarude|0 fnt\n|faint|p2a: Zarude\n|\n|upkeep\n|\n|t:|1783566491\n|switch|p2a: Toxicroak|Toxicroak, L84, F|60/100\n|turn|12\n|inactive|Time left: 300 sec this turn | 300 sec total\n|\n|t:|1783566492\n|switch|p1a: Dusknoir|Dusknoir, L89, M|225/225\n|-item|p2a: Toxicroak|Life Orb|[from] ability: Frisk|[of] p1a: Dusknoir\n|move|p2a: Toxicroak|Swords Dance|p2a: Toxicroak\n|-boost|p2a: Toxicroak|atk|2\n|\n|upkeep\n|turn|13\n|inactive|Time left: 300 sec this turn | 300 sec total\n|\n|t:|1783566493\n|move|p2a: Toxicroak|Earthquake|p1a: Dusknoir\n|-damage|p1a: Dusknoir|82/225\n|-damage|p2a: Toxicroak|50/100|[from] item: Life Orb\n|move|p1a: Dusknoir|Earthquake|p2a: Toxicroak\n|-supereffective|p2a: Toxicroak\n|-damage|p2a: Toxicroak|0 fnt\n|faint|p2a: Toxicroak\n|-damage|p1a: Dusknoir|60/225|[from] item: Life Orb\n|\n|upkeep\n|\n|t:|1783566493\n|switch|p2a: Bombirdier|Bombirdier, L85, F|100/100\n|turn|14\n|inactive|Time left: 300 sec this turn | 300 sec total\n|\n|t:|1783566494\n|switch|p1a: Hippowdon|Hippowdon, L82, M|311/311\n|-weather|Sandstorm|[from] ability: Sand Stream|[of] p1a: Hippowdon\n|move|p2a: Bombirdier|Brave Bird|p1a: Hippowdon\n|-damage|p1a: Hippowdon|197/311\n|-damage|p2a: Bombirdier|84/100|[from] item: Rocky Helmet|[of] p1a: Hippowdon\n|-damage|p2a: Bombirdier|69/100|[from] Recoil\n|\n|-weather|Sandstorm|[upkeep]\n|-damage|p2a: Bombirdier|63/100|[from] Sandstorm\n|upkeep\n|turn|15\n|inactive|Time left: 300 sec this turn | 300 sec total\n|\n|t:|1783566495\n|move|p2a: Bombirdier|Stealth Rock|p1a: Hippowdon\n|-sidestart|p1: p0x23689365|move: Stealth Rock\n|move|p1a: Hippowdon|Slack Off|p1a: Hippowdon\n|-heal|p1a: Hippowdon|311/311\n|\n|-weather|Sandstorm|[upkeep]\n|-damage|p2a: Bombirdier|57/100|[from] Sandstorm\n|upkeep\n|turn|16\n|inactive|Time left: 300 sec this turn | 300 sec total\n|\n|t:|1783566496\n|move|p2a: Bombirdier|Roost|p2a: Bombirdier\n|-heal|p2a: Bombirdier|100/100\n|-singleturn|p2a: Bombirdier|move: Roost\n|move|p1a: Hippowdon|Earthquake|p2a: Bombirdier\n|-damage|p2a: Bombirdier|54/100\n|\n|-weather|Sandstorm|[upkeep]\n|-damage|p2a: Bombirdier|47/100|[from] Sandstorm\n|upkeep\n|turn|17\n|inactive|Time left: 300 sec this turn | 300 sec total\n|\n|t:|1783566497\n|move|p2a: Bombirdier|Roost|p2a: Bombirdier\n|-heal|p2a: Bombirdier|97/100\n|-singleturn|p2a: Bombirdier|move: Roost\n|move|p1a: Hippowdon|Stone Edge|p2a: Bombirdier\n|-damage|p2a: Bombirdier|69/100\n|\n|-weather|Sandstorm|[upkeep]\n|-damage|p2a: Bombirdier|63/100|[from] Sandstorm\n|upkeep\n|turn|18\n|inactive|Time left: 300 sec this turn | 300 sec total\n|\n|t:|1783566498\n|move|p2a: Bombirdier|Roost|p2a: Bombirdier\n|-heal|p2a: Bombirdier|100/100\n|-singleturn|p2a: Bombirdier|move: Roost\n|move|p1a: Hippowdon|Stone Edge|p2a: Bombirdier|[miss]\n|-miss|p1a: Hippowdon|p2a: Bombirdier\n|\n|-weather|none\n|upkeep\n|turn|19\n|inactive|Time left: 300 sec this turn | 300 sec total\n|\n|t:|1783566499\n|switch|p2a: Dipplin|Dipplin, L88, M|95/100\n|move|p1a: Hippowdon|Stone Edge|p2a: Dipplin\n|-damage|p2a: Dipplin|80/100\n|\n|upkeep\n|turn|20\n|inactive|Time left: 300 sec this turn | 300 sec total\n|\n|t:|1783566500\n|switch|p1a: Decidueye|Decidueye-Hisui, L87, M|62/295\n|-damage|p1a: Decidueye|44/295|[from] Stealth Rock\n|move|p2a: Dipplin|Giga Drain|p1a: Decidueye\n|-resisted|p1a: Decidueye\n|-crit|p1a: Decidueye\n|-damage|p1a: Decidueye|0 fnt\n|-heal|p2a: Dipplin|87/100|[from] drain|[of] p1a: Decidueye\n|faint|p1a: Decidueye\n|\n|upkeep\n|inactive|Time left: 300 sec this turn | 300 sec total | 5 sec grace\n|\n|t:|1783566501\n|switch|p1a: Dusknoir|Dusknoir, L89, M|60/225\n|-damage|p1a: Dusknoir|32/225|[from] Stealth Rock\n|-item|p2a: Dipplin|Eviolite|[from] ability: Frisk|[of] p1a: Dusknoir\n|turn|21\n|inactive|Time left: 300 sec this turn | 300 sec total\n|\n|t:|1783566502\n|move|p1a: Dusknoir|Pain Split|p2a: Dipplin\n|-sethp|p2a: Dipplin|49/100|[from] move: Pain Split|[silent]\n|-sethp|p1a: Dusknoir|139/225|[from] move: Pain Split\n|move|p2a: Dipplin|Giga Drain|p1a: Dusknoir\n|-damage|p1a: Dusknoir|75/225\n|-heal|p2a: Dipplin|61/100|[from] drain|[of] p1a: Dusknoir\n|\n|upkeep\n|turn|22\n|inactive|Time left: 300 sec this turn | 300 sec total\n|\n|t:|1783566503\n|move|p1a: Dusknoir|Pain Split|p2a: Dipplin\n|-sethp|p2a: Dipplin|44/100|[from] move: Pain Split|[silent]\n|-sethp|p1a: Dusknoir|123/225|[from] move: Pain Split\n|move|p2a: Dipplin|Giga Drain|p1a: Dusknoir\n|-damage|p1a: Dusknoir|65/225\n|-heal|p2a: Dipplin|54/100|[from] drain|[of] p1a: Dusknoir\n|\n|upkeep\n|turn|23\n|inactive|Time left: 300 sec this turn | 300 sec total\n|\n|t:|1783566504\n|move|p1a: Dusknoir|Pain Split|p2a: Dipplin\n|-sethp|p2a: Dipplin|39/100|[from] move: Pain Split|[silent]\n|-sethp|p1a: Dusknoir|108/225|[from] move: Pain Split\n|move|p2a: Dipplin|Giga Drain|p1a: Dusknoir\n|-damage|p1a: Dusknoir|53/225\n|-heal|p2a: Dipplin|48/100|[from] drain|[of] p1a: Dusknoir\n|\n|upkeep\n|turn|24\n|inactive|Time left: 300 sec this turn | 300 sec total\n|\n|t:|1783566505\n|move|p1a: Dusknoir|Pain Split|p2a: Dipplin\n|-sethp|p2a: Dipplin|34/100|[from] move: Pain Split|[silent]\n|-sethp|p1a: Dusknoir|94/225|[from] move: Pain Split\n|move|p2a: Dipplin|Giga Drain|p1a: Dusknoir\n|-damage|p1a: Dusknoir|36/225\n|-heal|p2a: Dipplin|44/100|[from] drain|[of] p1a: Dusknoir\n|\n|upkeep\n|turn|25\n|inactive|Time left: 300 sec this turn | 300 sec total\n|\n|t:|1783566506\n|move|p1a: Dusknoir|Pain Split|p2a: Dipplin\n|-sethp|p2a: Dipplin|28/100|[from] move: Pain Split|[silent]\n|-sethp|p1a: Dusknoir|79/225|[from] move: Pain Split\n|move|p2a: Dipplin|Giga Drain|p1a: Dusknoir\n|-damage|p1a: Dusknoir|21/225\n|-heal|p2a: Dipplin|39/100|[from] drain|[of] p1a: Dusknoir\n|\n|upkeep\n|turn|26\n|inactive|Time left: 300 sec this turn | 300 sec total\n|\n|t:|1783566507\n|move|p1a: Dusknoir|Pain Split|p2a: Dipplin\n|-sethp|p2a: Dipplin|23/100|[from] move: Pain Split|[silent]\n|-sethp|p1a: Dusknoir|64/225|[from] move: Pain Split\n|move|p2a: Dipplin|Recover|p2a: Dipplin\n|-heal|p2a: Dipplin|73/100\n|\n|upkeep\n|turn|27\n|inactive|Time left: 300 sec this turn | 300 sec total\n|\n|t:|1783566508\n|move|p1a: Dusknoir|Pain Split|p2a: Dipplin\n|-sethp|p2a: Dipplin|48/100|[from] move: Pain Split|[silent]\n|-sethp|p1a: Dusknoir|135/225|[from] move: Pain Split\n|move|p2a: Dipplin|Giga Drain|p1a: Dusknoir\n|-damage|p1a: Dusknoir|75/225\n|-heal|p2a: Dipplin|59/100|[from] drain|[of] p1a: Dusknoir\n|\n|upkeep\n|turn|28\n|inactive|Time left: 300 sec this turn | 300 sec total\n|\n|t:|1783566508\n|move|p1a: Dusknoir|Pain Split|p2a: Dipplin\n|-sethp|p2a: Dipplin|43/100|[from] move: Pain Split|[silent]\n|-sethp|p1a: Dusknoir|120/225|[from] move: Pain Split\n|move|p2a: Dipplin|Giga Drain|p1a: Dusknoir\n|-damage|p1a: Dusknoir|62/225\n|-heal|p2a: Dipplin|53/100|[from] drain|[of] p1a: Dusknoir\n|\n|upkeep\n|turn|29\n|inactive|Time left: 300 sec this turn | 300 sec total\n|\n|t:|1783566509\n|move|p1a: Dusknoir|Pain Split|p2a: Dipplin\n|-sethp|p2a: Dipplin|37/100|[from] move: Pain Split|[silent]\n|-sethp|p1a: Dusknoir|105/225|[from] move: Pain Split\n|move|p2a: Dipplin|Giga Drain|p1a: Dusknoir\n|-damage|p1a: Dusknoir|44/225\n|-heal|p2a: Dipplin|48/100|[from] drain|[of] p1a: Dusknoir\n|\n|upkeep\n|turn|30\n|inactive|Time left: 300 sec this turn | 300 sec total\n|\n|t:|1783566510\n|move|p1a: Dusknoir|Pain Split|p2a: Dipplin\n|-sethp|p2a: Dipplin|32/100|[from] move: Pain Split|[silent]\n|-sethp|p1a: Dusknoir|90/225|[from] move: Pain Split\n|move|p2a: Dipplin|Giga Drain|p1a: Dusknoir\n|-damage|p1a: Dusknoir|30/225\n|-heal|p2a: Dipplin|43/100|[from] drain|[of] p1a: Dusknoir\n|\n|upkeep\n|turn|31\n|inactive|Time left: 300 sec this turn | 300 sec total\n|\n|t:|1783566511\n|move|p1a: Dusknoir|Pain Split|p2a: Dipplin\n|-sethp|p2a: Dipplin|27/100|[from] move: Pain Split|[silent]\n|-sethp|p1a: Dusknoir|75/225|[from] move: Pain Split\n|move|p2a: Dipplin|Recover|p2a: Dipplin\n|-heal|p2a: Dipplin|77/100\n|\n|upkeep\n|turn|32\n|inactive|Time left: 300 sec this turn | 300 sec total\n|\n|t:|1783566512\n|move|p1a: Dusknoir|Pain Split|p2a: Dipplin\n|-sethp|p2a: Dipplin|52/100|[from] move: Pain Split|[silent]\n|-sethp|p1a: Dusknoir|146/225|[from] move: Pain Split\n|move|p2a: Dipplin|Giga Drain|p1a: Dusknoir\n|-damage|p1a: Dusknoir|91/225\n|-heal|p2a: Dipplin|62/100|[from] drain|[of] p1a: Dusknoir\n|\n|upkeep\n|turn|33\n|inactive|Time left: 300 sec this turn | 300 sec total\n|\n|t:|1783566513\n|move|p1a: Dusknoir|Pain Split|p2a: Dipplin\n|-sethp|p2a: Dipplin|47/100|[from] move: Pain Split|[silent]\n|-sethp|p1a: Dusknoir|132/225|[from] move: Pain Split\n|move|p2a: Dipplin|Giga Drain|p1a: Dusknoir\n|-damage|p1a: Dusknoir|78/225\n|-heal|p2a: Dipplin|56/100|[from] drain|[of] p1a: Dusknoir\n|\n|upkeep\n|turn|34\n|inactive|Time left: 300 sec this turn | 300 sec total\n|\n|t:|1783566514\n|move|p1a: Dusknoir|Pain Split|p2a: Dipplin\n|-sethp|p2a: Dipplin|42/100|[from] move: Pain Split|[silent]\n|-sethp|p1a: Dusknoir|118/225|[from] move: Pain Split\n|move|p2a: Dipplin|Giga Drain|p1a: Dusknoir\n|-crit|p1a: Dusknoir\n|-damage|p1a: Dusknoir|33/225\n|-heal|p2a: Dipplin|57/100|[from] drain|[of] p1a: Dusknoir\n|\n|upkeep\n|turn|35\n|inactive|Time left: 300 sec this turn | 300 sec total\n|\n|t:|1783566515\n|move|p1a: Dusknoir|Pain Split|p2a: Dipplin\n|-sethp|p2a: Dipplin|35/100|[from] move: Pain Split|[silent]\n|-sethp|p1a: Dusknoir|97/225|[from] move: Pain Split\n|move|p2a: Dipplin|Recover|p2a: Dipplin\n|-heal|p2a: Dipplin|85/100\n|\n|upkeep\n|turn|36\n|inactive|Time left: 300 sec this turn | 300 sec total\n|\n|t:|1783566516\n|move|p1a: Dusknoir|Pain Split|p2a: Dipplin\n|-sethp|p2a: Dipplin|60/100|[from] move: Pain Split|[silent]\n|-sethp|p1a: Dusknoir|168/225|[from] move: Pain Split\n|move|p2a: Dipplin|Giga Drain|p1a: Dusknoir\n|-damage|p1a: Dusknoir|108/225\n|-heal|p2a: Dipplin|70/100|[from] drain|[of] p1a: Dusknoir\n|\n|upkeep\n|turn|37\n|inactive|Time left: 300 sec this turn | 300 sec total\n|\n|t:|1783566517\n|move|p1a: Dusknoir|Pain Split|p2a: Dipplin\n|-sethp|p2a: Dipplin|54/100|[from] move: Pain Split|[silent]\n|-sethp|p1a: Dusknoir|153/225|[from] move: Pain Split\n|move|p2a: Dipplin|Dragon Pulse|p1a: Dusknoir\n|-damage|p1a: Dusknoir|89/225\n|\n|upkeep\n|turn|38\n|inactive|Time left: 300 sec this turn | 300 sec total\n|\n|t:|1783566518\n|move|p1a: Dusknoir|Pain Split|p2a: Dipplin\n|-sethp|p2a: Dipplin|43/100|[from] move: Pain Split|[silent]\n|-sethp|p1a: Dusknoir|121/225|[from] move: Pain Split\n|move|p2a: Dipplin|Dragon Pulse|p1a: Dusknoir\n|-damage|p1a: Dusknoir|58/225\n|\n|upkeep\n|turn|39\n|inactive|Time left: 300 sec this turn | 300 sec total\n|\n|t:|1783566519\n|move|p1a: Dusknoir|Pain Split|p2a: Dipplin\n|-sethp|p2a: Dipplin|32/100|[from] move: Pain Split|[silent]\n|-sethp|p1a: Dusknoir|89/225|[from] move: Pain Split\n|move|p2a: Dipplin|Recover|p2a: Dipplin\n|-heal|p2a: Dipplin|82/100\n|\n|upkeep\n|turn|40\n|inactive|Time left: 300 sec this turn | 300 sec total\n|\n|t:|1783566520\n|move|p1a: Dusknoir|Pain Split|p2a: Dipplin\n|-sethp|p2a: Dipplin|57/100|[from] move: Pain Split|[silent]\n|-sethp|p1a: Dusknoir|160/225|[from] move: Pain Split\n|move|p2a: Dipplin|Dragon Pulse|p1a: Dusknoir\n|-damage|p1a: Dusknoir|96/225\n|\n|upkeep\n|turn|41\n|inactive|Time left: 300 sec this turn | 300 sec total\n|\n|t:|1783566521\n|move|p1a: Dusknoir|Pain Split|p2a: Dipplin\n|-sethp|p2a: Dipplin|46/100|[from] move: Pain Split|[silent]\n|-sethp|p1a: Dusknoir|128/225|[from] move: Pain Split\n|move|p2a: Dipplin|Dragon Pulse|p1a: Dusknoir\n|-damage|p1a: Dusknoir|56/225\n|\n|upkeep\n|turn|42\n|inactive|Time left: 300 sec this turn | 300 sec total\n|\n|t:|1783566522\n|move|p1a: Dusknoir|Pain Split|p2a: Dipplin\n|-sethp|p2a: Dipplin|33/100|[from] move: Pain Split|[silent]\n|-sethp|p1a: Dusknoir|92/225|[from] move: Pain Split\n|move|p2a: Dipplin|Recover|p2a: Dipplin\n|-heal|p2a: Dipplin|83/100\n|\n|upkeep\n|turn|43\n|inactive|Time left: 300 sec this turn | 300 sec total\n|\n|t:|1783566523\n|move|p1a: Dusknoir|Pain Split|p2a: Dipplin\n|-sethp|p2a: Dipplin|58/100|[from] move: Pain Split|[silent]\n|-sethp|p1a: Dusknoir|163/225|[from] move: Pain Split\n|move|p2a: Dipplin|Dragon Pulse|p1a: Dusknoir\n|-damage|p1a: Dusknoir|97/225\n|\n|upkeep\n|turn|44\n|inactive|Time left: 300 sec this turn | 300 sec total\n|\n|t:|1783566524\n|move|p1a: Dusknoir|Pain Split|p2a: Dipplin\n|-sethp|p2a: Dipplin|46/100|[from] move: Pain Split|[silent]\n|-sethp|p1a: Dusknoir|130/225|[from] move: Pain Split\n|move|p2a: Dipplin|Recover|p2a: Dipplin\n|-heal|p2a: Dipplin|96/100\n|\n|upkeep\n|turn|45\n|inactive|Time left: 300 sec this turn | 300 sec total\n|\n|t:|1783566525\n|move|p1a: Dusknoir|Pain Split|p2a: Dipplin\n|-sethp|p2a: Dipplin|71/100|[from] move: Pain Split|[silent]\n|-sethp|p1a: Dusknoir|201/225|[from] move: Pain Split\n|move|p2a: Dipplin|Dragon Pulse|p1a: Dusknoir\n|-damage|p1a: Dusknoir|135/225\n|\n|upkeep\n|turn|46\n|inactive|Time left: 300 sec this turn | 300 sec total\n|\n|t:|1783566526\n|move|p1a: Dusknoir|Pain Split|p2a: Dipplin\n|-sethp|p2a: Dipplin|60/100|[from] move: Pain Split|[silent]\n|-sethp|p1a: Dusknoir|168/225|[from] move: Pain Split\n|move|p2a: Dipplin|Recover|p2a: Dipplin\n|-heal|p2a: Dipplin|100/100\n|\n|upkeep\n|turn|47\n|inactive|Time left: 300 sec this turn | 300 sec total\n|\n|t:|1783566528\n|move|p1a: Dusknoir|Pain Split|p2a: Dipplin\n|-sethp|p2a: Dipplin|80/100|[from] move: Pain Split|[silent]\n|-sethp|p1a: Dusknoir|225/225|[from] move: Pain Split\n|move|p2a: Dipplin|Dragon Pulse|p1a: Dusknoir\n|-damage|p1a: Dusknoir|161/225\n|\n|upkeep\n|turn|48\n|inactive|Time left: 300 sec this turn | 300 sec total\n|\n|t:|1783566529\n|move|p1a: Dusknoir|Pain Split|p2a: Dipplin\n|-sethp|p2a: Dipplin|68/100|[from] move: Pain Split|[silent]\n|-sethp|p1a: Dusknoir|193/225|[from] move: Pain Split\n|move|p2a: Dipplin|Dragon Pulse|p1a: Dusknoir\n|-crit|p1a: Dusknoir\n|-damage|p1a: Dusknoir|85/225\n|\n|upkeep\n|turn|49\n|inactive|Time left: 300 sec this turn | 300 sec total\n|\n|t:|1783566530\n|move|p1a: Dusknoir|Pain Split|p2a: Dipplin\n|-sethp|p2a: Dipplin|49/100|[from] move: Pain Split|[silent]\n|-sethp|p1a: Dusknoir|139/225|[from] move: Pain Split\n|move|p2a: Dipplin|Dragon Pulse|p1a: Dusknoir\n|-damage|p1a: Dusknoir|72/225\n|\n|upkeep\n|turn|50\n|inactive|Time left: 300 sec this turn | 300 sec total\n|\n|t:|1783566531\n|move|p1a: Dusknoir|Pain Split|p2a: Dipplin\n|-sethp|p2a: Dipplin|37/100|[from] move: Pain Split|[silent]\n|-sethp|p1a: Dusknoir|105/225|[from] move: Pain Split\n|move|p2a: Dipplin|Dragon Pulse|p1a: Dusknoir\n|-damage|p1a: Dusknoir|36/225\n|\n|upkeep\n|turn|51\n|inactive|Time left: 300 sec this turn | 300 sec total\n|\n|t:|1783566532\n|move|p1a: Dusknoir|Pain Split|p2a: Dipplin\n|-sethp|p2a: Dipplin|25/100|[from] move: Pain Split|[silent]\n|-sethp|p1a: Dusknoir|70/225|[from] move: Pain Split\n|move|p2a: Dipplin|Dragon Pulse|p1a: Dusknoir\n|-damage|p1a: Dusknoir|1/225\n|\n|upkeep\n|turn|52\n|inactive|Time left: 300 sec this turn | 300 sec total\n|\n|t:|1783566533\n|move|p1a: Dusknoir|Poltergeist|p2a: Dipplin\n|-activate|p2a: Dipplin|move: Poltergeist|Eviolite\n|-damage|p2a: Dipplin|0 fnt\n|faint|p2a: Dipplin\n|-damage|p1a: Dusknoir|0 fnt|[from] item: Life Orb\n|faint|p1a: Dusknoir\n|\n|upkeep\n|inactive|Time left: 300 sec this turn | 300 sec total | 5 sec grace\n|\n|t:|1783566534\n|switch|p1a: Hippowdon|Hippowdon, L82, M|311/311\n|switch|p2a: Dewgong|Dewgong, L94, M|100/100\n|-damage|p1a: Hippowdon|292/311|[from] Stealth Rock\n|-weather|Sandstorm|[from] ability: Sand Stream|[of] p1a: Hippowdon\n|turn|53\n|inactive|Time left: 300 sec this turn | 300 sec total\n|\n|t:|1783566535\n|switch|p1a: Ogerpon|Ogerpon-Wellspring, L76, F|247/247\n|-damage|p1a: Ogerpon|217/247|[from] Stealth Rock\n|move|p2a: Dewgong|Surf|p1a: Ogerpon\n|-heal|p1a: Ogerpon|247/247|[from] ability: Water Absorb|[of] p2a: Dewgong\n|\n|-weather|Sandstorm|[upkeep]\n|-damage|p1a: Ogerpon|232/247|[from] Sandstorm\n|-damage|p2a: Dewgong|94/100|[from] Sandstorm\n|upkeep\n|turn|54\n|inactive|Time left: 300 sec this turn | 300 sec total\n|\n|t:|1783566535\n|move|p1a: Ogerpon|Horn Leech|p2a: Dewgong\n|-supereffective|p2a: Dewgong\n|-damage|p2a: Dewgong|35/100\n|-heal|p1a: Ogerpon|247/247|[from] drain|[of] p2a: Dewgong\n|move|p2a: Dewgong|Triple Axel|p1a: Ogerpon|[miss]\n|-miss|p2a: Dewgong|p1a: Ogerpon\n|\n|-weather|Sandstorm|[upkeep]\n|-damage|p1a: Ogerpon|232/247|[from] Sandstorm\n|-damage|p2a: Dewgong|28/100|[from] Sandstorm\n|upkeep\n|turn|55\n|inactive|Time left: 300 sec this turn | 300 sec total\n|\n|t:|1783566536\n|move|p1a: Ogerpon|Swords Dance|p1a: Ogerpon\n|-boost|p1a: Ogerpon|atk|2\n|move|p2a: Dewgong|Triple Axel|p1a: Ogerpon\n|-damage|p1a: Ogerpon|208/247\n|-damage|p1a: Ogerpon|162/247\n|-damage|p1a: Ogerpon|84/247\n|-hitcount|p1a: Ogerpon|3\n|\n|-weather|Sandstorm|[upkeep]\n|-damage|p1a: Ogerpon|69/247|[from] Sandstorm\n|-damage|p2a: Dewgong|22/100|[from] Sandstorm\n|upkeep\n|turn|56\n|inactive|Time left: 300 sec this turn | 300 sec total\n|\n|t:|1783566537\n|move|p1a: Ogerpon|Horn Leech|p2a: Dewgong\n|-supereffective|p2a: Dewgong\n|-damage|p2a: Dewgong|0 fnt\n|-heal|p1a: Ogerpon|104/247|[from] drain|[of] p2a: Dewgong\n|faint|p2a: Dewgong\n|\n|-weather|Sandstorm|[upkeep]\n|-damage|p1a: Ogerpon|89/247|[from] Sandstorm\n|upkeep\n|\n|t:|1783566538\n|switch|p2a: Luvdisc|Luvdisc, M|100/100\n|turn|57\n|inactive|Time left: 300 sec this turn | 300 sec total\n|\n|t:|1783566539\n|move|p2a: Luvdisc|Substitute|p2a: Luvdisc\n|-start|p2a: Luvdisc|Substitute\n|-damage|p2a: Luvdisc|76/100\n|move|p1a: Ogerpon|Horn Leech|p2a: Luvdisc\n|-supereffective|p2a: Luvdisc\n|-end|p2a: Luvdisc|Substitute\n|-heal|p1a: Ogerpon|120/247|[from] drain|[of] p2a: Luvdisc\n|\n|-weather|none\n|upkeep\n|turn|58\n|inactive|Time left: 300 sec this turn | 300 sec total\n|\n|t:|1783566540\n|move|p2a: Luvdisc|Substitute|p2a: Luvdisc\n|-start|p2a: Luvdisc|Substitute\n|-damage|p2a: Luvdisc|51/100\n|move|p1a: Ogerpon|Horn Leech|p2a: Luvdisc\n|-supereffective|p2a: Luvdisc\n|-end|p2a: Luvdisc|Substitute\n|-heal|p1a: Ogerpon|151/247|[from] drain|[of] p2a: Luvdisc\n|\n|upkeep\n|turn|59\n|inactive|Time left: 300 sec this turn | 300 sec total\n|\n|t:|1783566541\n|move|p2a: Luvdisc|Substitute|p2a: Luvdisc\n|-start|p2a: Luvdisc|Substitute\n|-damage|p2a: Luvdisc|26/100\n|move|p1a: Ogerpon|Ivy Cudgel|p2a: Luvdisc|[anim] Ivy Cudgel Water\n|-resisted|p2a: Luvdisc\n|-end|p2a: Luvdisc|Substitute\n|\n|upkeep\n|turn|60\n|inactive|Time left: 300 sec this turn | 300 sec total\n|\n|t:|1783566542\n|move|p2a: Luvdisc|Substitute|p2a: Luvdisc\n|-start|p2a: Luvdisc|Substitute\n|-damage|p2a: Luvdisc|2/100\n|move|p1a: Ogerpon|Horn Leech|p2a: Luvdisc\n|-supereffective|p2a: Luvdisc\n|-end|p2a: Luvdisc|Substitute\n|-heal|p1a: Ogerpon|182/247|[from] drain|[of] p2a: Luvdisc\n|\n|upkeep\n|turn|61\n|inactive|Time left: 300 sec this turn | 300 sec total\n|\n|t:|1783566542\n|-terastallize|p1a: Ogerpon|Water\n|detailschange|p1a: Ogerpon|Ogerpon-Wellspring-Tera, L76, F, tera:Water\n|-ability|p1a: Ogerpon|Embody Aspect (Wellspring)|boost\n|-boost|p1a: Ogerpon|spd|1\n|move|p2a: Luvdisc|Endeavor|p1a: Ogerpon\n|-damage|p1a: Ogerpon|3/247\n|move|p1a: Ogerpon|Ivy Cudgel|p2a: Luvdisc|[anim] Ivy Cudgel Water\n|-resisted|p2a: Luvdisc\n|-damage|p2a: Luvdisc|0 fnt\n|faint|p2a: Luvdisc\n|\n|upkeep\n|\n|t:|1783566543\n|switch|p2a: Bombirdier|Bombirdier, L85, F|100/100\n|turn|62\n|inactive|Time left: 300 sec this turn | 300 sec total\n|\n|t:|1783566544\n|move|p1a: Ogerpon|Ivy Cudgel|p2a: Bombirdier|[anim] Ivy Cudgel Water\n|-damage|p2a: Bombirdier|0 fnt\n|faint|p2a: Bombirdier\n|\n|win|p0x23689365", "uploadtime": 1783566544, "views": 0, "rating": 0, "private": 0, "password": null, "_winner": "p0x23689365", "_our_name": "p0x23689365"}