{"id": "battle-gen9randombattle-1875", "formatid": "gen9randombattle", "format": "[Gen 9] Random Battle", "players": ["p0x18753957", "p0y1875ecc3"], "log": "|init|battle\n|title|p0x18753957 vs. p0y1875ecc3\n|j|\u2606p0x18753957\n|j|\u2606p0y1875ecc3\n|t:|1783561715\n|gametype|singles\n|player|p1|p0x18753957|265|\n|player|p2|p0y1875ecc3|101|\n|gen|9\n|tier|[Gen 9] Random Battle\n|rule|Species Clause: Limit one of each Pok\u00e9mon\n|rule|HP Percentage Mod: HP is shown in percentages\n|rule|Sleep Clause Mod: Limit one foe put to sleep\n|rule|Illusion Level Mod: Illusion disguises the Pok\u00e9mon's true level\n|\n|t:|1783561715\n|teamsize|p1|6\n|teamsize|p2|6\n|start\n|switch|p1a: Iron Jugulis|Iron Jugulis, L77|100/100\n|switch|p2a: Salamence|Salamence, L77, M|273/273\n|-ability|p2a: Salamence|Intimidate|boost\n|-unboost|p1a: Iron Jugulis|atk|1\n|turn|1\n|inactive|Battle timer is ON: inactive players will automatically lose when time's up. (requested by p0x18753957)\n|inactive|Time left: 300 sec this turn | 300 sec total | 60 sec grace\n|inactive|p0y1875ecc3 also wants the timer to be on.\n|\n|t:|1783561716\n|-terastallize|p2a: Salamence|Dragon\n|move|p1a: Iron Jugulis|Dark Pulse|p2a: Salamence\n|-damage|p2a: Salamence|116/273\n|move|p2a: Salamence|Outrage|p1a: Iron Jugulis\n|-damage|p1a: Iron Jugulis|20/100\n|\n|upkeep\n|turn|2\n|inactive|Time left: 300 sec this turn | 300 sec total\n|\n|t:|1783561717\n|move|p1a: Iron Jugulis|Dark Pulse|p2a: Salamence\n|-damage|p2a: Salamence|0 fnt\n|faint|p2a: Salamence\n|\n|upkeep\n|inactive|Time left: 300 sec this turn | 300 sec total | 5 sec grace\n|\n|t:|1783561718\n|switch|p2a: Iron Hands|Iron Hands, L79|373/373\n|turn|3\n|inactive|Time left: 300 sec this turn | 300 sec total\n|\n|t:|1783561719\n|move|p1a: Iron Jugulis|Dark Pulse|p2a: Iron Hands\n|-resisted|p2a: Iron Hands\n|-crit|p2a: Iron Hands\n|-damage|p2a: Iron Hands|254/373\n|move|p2a: Iron Hands|Swords Dance|p2a: Iron Hands\n|-boost|p2a: Iron Hands|atk|2\n|\n|-heal|p2a: Iron Hands|277/373|[from] item: Leftovers\n|upkeep\n|turn|4\n|inactive|Time left: 300 sec this turn | 300 sec total\n|\n|t:|1783561720\n|move|p1a: Iron Jugulis|Dark Pulse|p2a: Iron Hands\n|-resisted|p2a: Iron Hands\n|-damage|p2a: Iron Hands|200/373\n|move|p2a: Iron Hands|Drain Punch|p1a: Iron Jugulis\n|-damage|p1a: Iron Jugulis|0 fnt\n|-heal|p2a: Iron Hands|227/373|[from] drain|[of] p1a: Iron Jugulis\n|faint|p1a: Iron Jugulis\n|-end|p1a: Iron Jugulis|Quark Drive|[silent]\n|\n|-heal|p2a: Iron Hands|250/373|[from] item: Leftovers\n|upkeep\n|\n|t:|1783561721\n|switch|p1a: Gothitelle|Gothitelle, L90, F|100/100\n|turn|5\n|inactive|Time left: 300 sec this turn | 300 sec total\n|\n|t:|1783561722\n|move|p1a: Gothitelle|Psychic|p2a: Iron Hands\n|-supereffective|p2a: Iron Hands\n|-damage|p2a: Iron Hands|0 fnt\n|faint|p2a: Iron Hands\n|-end|p2a: Iron Hands|Quark Drive|[silent]\n|\n|upkeep\n|inactive|Time left: 300 sec this turn | 300 sec total | 5 sec grace\n|\n|t:|1783561723\n|switch|p2a: Florges|Florges-Blue, L85, F|271/271\n|turn|6\n|inactive|Time left: 300 sec this turn | 300 sec total\n|\n|t:|1783561724\n|switch|p1a: Revavroom|Revavroom, L79, M|100/100\n|move|p2a: Florges|Calm Mind|p2a: Florges\n|-boost|p2a: Florges|spa|1\n|-boost|p2a: Florges|spd|1\n|\n|upkeep\n|turn|7\n|inactive|Time left: 300 sec this turn | 300 sec total\n|\n|t:|1783561725\n|switch|p2a: Necrozma|Necrozma-Dawn-Wings, L76|272/272\n|move|p1a: Revavroom|Shift Gear|p1a: Revavroom\n|-boost|p1a: Revavroom|spe|2\n|-boost|p1a: Revavroom|atk|1\n|\n|upkeep\n|turn|8\n|inactive|Time left: 300 sec this turn | 300 sec total\n|\n|t:|1783561726\n|move|p1a: Revavroom|Iron Head|p2a: Necrozma\n|-damage|p2a: Necrozma|97/272\n|-damage|p1a: Revavroom|91/100|[from] item: Life Orb\n|cant|p2a: Necrozma|flinch\n|\n|-heal|p2a: Necrozma|114/272|[from] item: Leftovers\n|upkeep\n|turn|9\n|inactive|Time left: 300 sec this turn | 300 sec total\n|\n|t:|1783561727\n|switch|p2a: Palafin|Palafin, L77, M|281/281\n|move|p1a: Revavroom|Iron Head|p2a: Palafin\n|-resisted|p2a: Palafin\n|-damage|p2a: Palafin|174/281\n|-damage|p1a: Revavroom|81/100|[from] item: Life Orb\n|\n|-heal|p2a: Palafin|191/281|[from] item: Leftovers\n|upkeep\n|turn|10\n|inactive|Time left: 300 sec this turn | 300 sec total\n|\n|t:|1783561728\n|move|p1a: Revavroom|Shift Gear|p1a: Revavroom\n|-boost|p1a: Revavroom|spe|2\n|-boost|p1a: Revavroom|atk|1\n|move|p2a: Palafin|Bulk Up|p2a: Palafin\n|-boost|p2a: Palafin|atk|1\n|-boost|p2a: Palafin|def|1\n|\n|-heal|p2a: Palafin|208/281|[from] item: Leftovers\n|upkeep\n|turn|11\n|inactive|Time left: 300 sec this turn | 300 sec total\n|\n|t:|1783561729\n|move|p2a: Palafin|Jet Punch|p1a: Revavroom\n|-crit|p1a: Revavroom\n|-damage|p1a: Revavroom|43/100\n|move|p1a: Revavroom|Gunk Shot|p2a: Palafin\n|-damage|p2a: Palafin|0 fnt\n|faint|p2a: Palafin\n|-damage|p1a: Revavroom|34/100|[from] item: Life Orb\n|\n|upkeep\n|inactive|Time left: 300 sec this turn | 300 sec total | 5 sec grace\n|\n|t:|1783561730\n|switch|p2a: Deoxys|Deoxys-Speed, L82|216/216\n|-ability|p2a: Deoxys|Pressure\n|turn|12\n|inactive|Time left: 300 sec this turn | 300 sec total\n|\n|t:|1783561731\n|move|p1a: Revavroom|Iron Head|p2a: Deoxys\n|-damage|p2a: Deoxys|0 fnt\n|faint|p2a: Deoxys\n|-damage|p1a: Revavroom|24/100|[from] item: Life Orb\n|\n|upkeep\n|inactive|Time left: 300 sec this turn | 300 sec total | 5 sec grace\n|\n|t:|1783561732\n|switch|p2a: Necrozma|Necrozma-Dawn-Wings, L76|114/272\n|turn|13\n|inactive|Time left: 300 sec this turn | 300 sec total\n|\n|t:|1783561733\n|move|p1a: Revavroom|Iron Head|p2a: Necrozma\n|-damage|p2a: Necrozma|0 fnt\n|faint|p2a: Necrozma\n|-damage|p1a: Revavroom|14/100|[from] item: Life Orb\n|\n|upkeep\n|inactive|Time left: 300 sec this turn | 300 sec total | 5 sec grace\n|\n|t:|1783561734\n|switch|p2a: Florges|Florges-Blue, L85, F|271/271\n|turn|14\n|inactive|Time left: 300 sec this turn | 300 sec total\n|\n|t:|1783561735\n|-terastallize|p1a: Revavroom|Ground\n|move|p1a: Revavroom|Iron Head|p2a: Florges\n|-supereffective|p2a: Florges\n|-damage|p2a: Florges|0 fnt\n|faint|p2a: Florges\n|-damage|p1a: Revavroom|4/100|[from] item: Life Orb\n|\n|win|p0x18753957", "uploadtime": 1783561735, "views": 0, "rating": 0, "private": 0, "password": null, "_winner": "p0x18753957", "_our_name": "p0y1875ecc3"}