{"id": "battle-gen9randombattle-2190", "formatid": "gen9randombattle", "format": "[Gen 9] Random Battle", "players": ["p0x2190c988", "p0y21909f4e"], "log": "|init|battle\n|title|p0x2190c988 vs. p0y21909f4e\n|j|\u2606p0x2190c988\n|j|\u2606p0y21909f4e\n|t:|1783565386\n|gametype|singles\n|player|p1|p0x2190c988|2|\n|player|p2|p0y21909f4e|102|\n|gen|9\n|tier|[Gen 9] Random Battle\n|rule|Species Clause: Limit one of each Pok\u00e9mon\n|rule|HP Percentage Mod: HP is shown in percentages\n|rule|Sleep Clause Mod: Limit one foe put to sleep\n|rule|Illusion Level Mod: Illusion disguises the Pok\u00e9mon's true level\n|\n|t:|1783565386\n|teamsize|p1|6\n|teamsize|p2|6\n|start\n|switch|p1a: Toxtricity|Toxtricity, L82, F|100/100\n|switch|p2a: Zekrom|Zekrom, L71|259/259\n|-ability|p2a: Zekrom|Teravolt\n|turn|1\n|inactive|Battle timer is ON: inactive players will automatically lose when time's up. (requested by p0y21909f4e)\n|inactive|p0x2190c988 also wants the timer to be on.\n|\n|t:|1783565388\n|move|p1a: Toxtricity|Boomburst|p2a: Zekrom\n|-damage|p2a: Zekrom|123/259\n|move|p2a: Zekrom|Outrage|p1a: Toxtricity\n|-damage|p1a: Toxtricity|43/100\n|\n|-heal|p2a: Zekrom|139/259|[from] item: Leftovers\n|upkeep\n|turn|2\n|inactive|Time left: 300 sec this turn | 300 sec total\n|\n|t:|1783565389\n|move|p1a: Toxtricity|Boomburst|p2a: Zekrom\n|-damage|p2a: Zekrom|2/259\n|move|p2a: Zekrom|Outrage|p1a: Toxtricity|[from] lockedmove\n|-damage|p1a: Toxtricity|0 fnt\n|faint|p1a: Toxtricity\n|-start|p2a: Zekrom|confusion|[fatigue]\n|\n|-heal|p2a: Zekrom|18/259|[from] item: Leftovers\n|upkeep\n|\n|t:|1783565390\n|switch|p1a: Quaquaval|Quaquaval, L79, F|100/100\n|turn|3\n|inactive|Time left: 300 sec this turn | 300 sec total\n|\n|t:|1783565391\n|switch|p2a: Dachsbun|Dachsbun, L92, F|254/254\n|move|p1a: Quaquaval|Aqua Step|p2a: Dachsbun\n|-damage|p2a: Dachsbun|154/254\n|-boost|p1a: Quaquaval|spe|1\n|\n|-heal|p2a: Dachsbun|169/254|[from] item: Leftovers\n|upkeep\n|turn|4\n|inactive|Time left: 300 sec this turn | 300 sec total\n|\n|t:|1783565392\n|move|p1a: Quaquaval|Aqua Step|p2a: Dachsbun\n|-damage|p2a: Dachsbun|66/254\n|-boost|p1a: Quaquaval|spe|1\n|move|p2a: Dachsbun|Play Rough|p1a: Quaquaval|[miss]\n|-miss|p2a: Dachsbun|p1a: Quaquaval\n|\n|-heal|p2a: Dachsbun|81/254|[from] item: Leftovers\n|upkeep\n|turn|5\n|inactive|Time left: 300 sec this turn | 300 sec total\n|\n|t:|1783565393\n|move|p1a: Quaquaval|Aqua Step|p2a: Dachsbun\n|-damage|p2a: Dachsbun|0 fnt\n|-boost|p1a: Quaquaval|spe|1\n|faint|p2a: Dachsbun\n|-ability|p1a: Quaquaval|Moxie|boost\n|-boost|p1a: Quaquaval|atk|1\n|\n|upkeep\n|inactive|Time left: 300 sec this turn | 300 sec total | 5 sec grace\n|\n|t:|1783565394\n|switch|p2a: Tornadus|Tornadus, L82, M|263/263\n|turn|6\n|inactive|Time left: 300 sec this turn | 300 sec total\n|\n|t:|1783565395\n|move|p1a: Quaquaval|Aqua Step|p2a: Tornadus\n|-damage|p2a: Tornadus|32/263\n|-boost|p1a: Quaquaval|spe|1\n|move|p2a: Tornadus|Bleakwind Storm|p1a: Quaquaval|[miss]\n|-miss|p2a: Tornadus|p1a: Quaquaval\n|\n|upkeep\n|turn|7\n|inactive|Time left: 300 sec this turn | 300 sec total\n|\n|t:|1783565396\n|move|p1a: Quaquaval|Aqua Step|p2a: Tornadus\n|-damage|p2a: Tornadus|0 fnt\n|-boost|p1a: Quaquaval|spe|1\n|faint|p2a: Tornadus\n|-ability|p1a: Quaquaval|Moxie|boost\n|-boost|p1a: Quaquaval|atk|1\n|\n|upkeep\n|inactive|Time left: 300 sec this turn | 300 sec total | 5 sec grace\n|\n|t:|1783565397\n|switch|p2a: Zekrom|Zekrom, L71|18/259\n|-ability|p2a: Zekrom|Teravolt\n|turn|8\n|inactive|Time left: 300 sec this turn | 300 sec total\n|\n|t:|1783565397\n|move|p1a: Quaquaval|Aqua Step|p2a: Zekrom\n|-resisted|p2a: Zekrom\n|-damage|p2a: Zekrom|0 fnt\n|-boost|p1a: Quaquaval|spe|1\n|faint|p2a: Zekrom\n|-ability|p1a: Quaquaval|Moxie|boost\n|-boost|p1a: Quaquaval|atk|1\n|\n|upkeep\n|inactive|Time left: 300 sec this turn | 300 sec total | 5 sec grace\n|\n|t:|1783565398\n|switch|p2a: Chien-Pao|Chien-Pao, L72|234/234\n|-ability|p2a: Chien-Pao|Sword of Ruin\n|turn|9\n|inactive|Time left: 300 sec this turn | 300 sec total\n|\n|t:|1783565399\n|switch|p2a: Ursaring|Ursaring, L84, M|288/288\n|move|p1a: Quaquaval|Aqua Step|p2a: Ursaring\n|-damage|p2a: Ursaring|0 fnt\n|faint|p2a: Ursaring\n|-ability|p1a: Quaquaval|Moxie|boost\n|-boost|p1a: Quaquaval|atk|1\n|\n|upkeep\n|inactive|Time left: 300 sec this turn | 300 sec total | 5 sec grace\n|\n|t:|1783565400\n|switch|p2a: Chien-Pao|Chien-Pao, L72|234/234\n|-ability|p2a: Chien-Pao|Sword of Ruin\n|turn|10\n|inactive|Time left: 300 sec this turn | 300 sec total\n|\n|t:|1783565401\n|move|p1a: Quaquaval|Aqua Step|p2a: Chien-Pao\n|-damage|p2a: Chien-Pao|0 fnt\n|faint|p2a: Chien-Pao\n|-ability|p1a: Quaquaval|Moxie|boost\n|-boost|p1a: Quaquaval|atk|1\n|\n|upkeep\n|inactive|Time left: 300 sec this turn | 300 sec total | 5 sec grace\n|\n|t:|1783565401\n|switch|p2a: Terrakion|Terrakion, L79|273/273\n|turn|11\n|inactive|Time left: 300 sec this turn | 300 sec total\n|\n|t:|1783565402\n|-terastallize|p2a: Terrakion|Ground\n|move|p1a: Quaquaval|Aqua Step|p2a: Terrakion\n|-supereffective|p2a: Terrakion\n|-damage|p2a: Terrakion|0 fnt\n|faint|p2a: Terrakion\n|\n|win|p0x2190c988", "uploadtime": 1783565402, "views": 0, "rating": 0, "private": 0, "password": null, "_winner": "p0x2190c988", "_our_name": "p0y21909f4e"}