{"id": "battle-gen9randombattle-32", "formatid": "gen9randombattle", "format": "[Gen 9] Random Battle", "players": ["p0x032b1e8", "p0y032cf0a"], "log": "|init|battle\n|title|p0x032b1e8 vs. p0y032cf0a\n|j|\u2606p0x032b1e8\n|j|\u2606p0y032cf0a\n|t:|1783539542\n|gametype|singles\n|player|p1|p0x032b1e8|101|\n|player|p2|p0y032cf0a|2|\n|gen|9\n|tier|[Gen 9] Random Battle\n|rule|Species Clause: Limit one of each Pok\u00e9mon\n|rule|HP Percentage Mod: HP is shown in percentages\n|rule|Sleep Clause Mod: Limit one foe put to sleep\n|rule|Illusion Level Mod: Illusion disguises the Pok\u00e9mon's true level\n|\n|t:|1783539542\n|teamsize|p1|6\n|teamsize|p2|6\n|start\n|switch|p1a: Greninja|Greninja, L80, M|100/100\n|switch|p2a: Skarmory|Skarmory, L80, M|235/235\n|turn|1\n|inactive|Battle timer is ON: inactive players will automatically lose when time's up. (requested by p0y032cf0a)\n|inactive|p0x032b1e8 also wants the timer to be on.\n|\n|t:|1783539544\n|move|p1a: Greninja|Dark Pulse|p2a: Skarmory\n|-damage|p2a: Skarmory|97/235\n|-damage|p1a: Greninja|91/100|[from] item: Life Orb\n|move|p2a: Skarmory|Brave Bird|p1a: Greninja\n|-damage|p1a: Greninja|41/100\n|-damage|p2a: Skarmory|56/235|[from] Recoil\n|\n|upkeep\n|turn|2\n|inactive|Time left: 300 sec this turn | 300 sec total\n|\n|t:|1783539545\n|move|p1a: Greninja|Dark Pulse|p2a: Skarmory\n|-damage|p2a: Skarmory|0 fnt\n|faint|p2a: Skarmory\n|-ability|p1a: Greninja|Battle Bond|boost\n|-boost|p1a: Greninja|atk|1\n|-boost|p1a: Greninja|spa|1\n|-boost|p1a: Greninja|spe|1\n|-activate|p1a: Greninja|ability: Battle Bond\n|-damage|p1a: Greninja|31/100|[from] item: Life Orb\n|\n|upkeep\n|inactive|Time left: 300 sec this turn | 300 sec total | 5 sec grace\n|\n|t:|1783539546\n|switch|p2a: Pachirisu|Pachirisu, L96, M|271/271\n|turn|3\n|inactive|Time left: 300 sec this turn | 300 sec total\n|\n|t:|1783539548\n|move|p1a: Greninja|Dark Pulse|p2a: Pachirisu\n|-damage|p2a: Pachirisu|174/271\n|-damage|p1a: Greninja|21/100|[from] item: Life Orb\n|cant|p2a: Pachirisu|flinch\n|\n|upkeep\n|turn|4\n|inactive|Time left: 300 sec this turn | 300 sec total\n|\n|t:|1783539549\n|move|p1a: Greninja|Hydro Pump|p2a: Pachirisu\n|-damage|p2a: Pachirisu|41/271\n|-damage|p1a: Greninja|11/100|[from] item: Life Orb\n|move|p2a: Pachirisu|Thunderbolt|p1a: Greninja\n|-supereffective|p1a: Greninja\n|-damage|p1a: Greninja|0 fnt\n|faint|p1a: Greninja\n|\n|upkeep\n|\n|t:|1783539550\n|switch|p1a: Hydrapple|Hydrapple, L83, M|100/100\n|turn|5\n|inactive|Time left: 300 sec this turn | 300 sec total\n|\n|t:|1783539551\n|move|p2a: Pachirisu|Super Fang|p1a: Hydrapple\n|-damage|p1a: Hydrapple|50/100\n|move|p1a: Hydrapple|Fickle Beam|p2a: Pachirisu\n|-crit|p2a: Pachirisu\n|-damage|p2a: Pachirisu|0 fnt\n|faint|p2a: Pachirisu\n|\n|upkeep\n|inactive|Time left: 300 sec this turn | 300 sec total | 5 sec grace\n|\n|t:|1783539552\n|switch|p2a: Gallade|Gallade, L80, M|240/240\n|turn|6\n|inactive|Time left: 300 sec this turn | 300 sec total\n|\n|t:|1783539553\n|move|p2a: Gallade|Sacred Sword|p1a: Hydrapple\n|-damage|p1a: Hydrapple|9/100\n|move|p1a: Hydrapple|Fickle Beam|p2a: Gallade|[anim] Fickle Beam All Out\n|-activate|p1a: Hydrapple|move: Fickle Beam\n|-damage|p2a: Gallade|0 fnt\n|faint|p2a: Gallade\n|\n|upkeep\n|inactive|Time left: 300 sec this turn | 300 sec total | 5 sec grace\n|\n|t:|1783539553\n|switch|p2a: Torterra|Torterra, L78, M|276/276\n|turn|7\n|inactive|Time left: 300 sec this turn | 300 sec total\n|\n|t:|1783539554\n|move|p2a: Torterra|Shell Smash|p2a: Torterra\n|-unboost|p2a: Torterra|def|1\n|-unboost|p2a: Torterra|spd|1\n|-boost|p2a: Torterra|atk|2\n|-boost|p2a: Torterra|spa|2\n|-boost|p2a: Torterra|spe|2\n|move|p1a: Hydrapple|Fickle Beam|p2a: Torterra\n|-damage|p2a: Torterra|33/276\n|\n|upkeep\n|turn|8\n|inactive|Time left: 300 sec this turn | 300 sec total\n|\n|t:|1783539555\n|move|p2a: Torterra|Bullet Seed|p1a: Hydrapple\n|-resisted|p1a: Hydrapple\n|-damage|p1a: Hydrapple|3/100\n|-resisted|p1a: Hydrapple\n|-damage|p1a: Hydrapple|0 fnt\n|faint|p1a: Hydrapple\n|-hitcount|p1: Hydrapple|2\n|\n|upkeep\n|\n|t:|1783539556\n|switch|p1a: Whimsicott|Whimsicott, L84, M|100/100\n|turn|9\n|inactive|Time left: 300 sec this turn | 300 sec total\n|\n|t:|1783539557\n|move|p2a: Torterra|Headlong Rush|p1a: Whimsicott\n|-resisted|p1a: Whimsicott\n|-damage|p1a: Whimsicott|49/100\n|-unboost|p2a: Torterra|def|1\n|-unboost|p2a: Torterra|spd|1\n|move|p1a: Whimsicott|Moonblast|p2a: Torterra\n|-damage|p2a: Torterra|0 fnt\n|faint|p2a: Torterra\n|\n|-heal|p1a: Whimsicott|55/100|[from] item: Leftovers\n|upkeep\n|inactive|Time left: 300 sec this turn | 300 sec total | 5 sec grace\n|\n|t:|1783539558\n|switch|p2a: Pyroar|Pyroar, L88, F|295/295\n|-ability|p2a: Pyroar|Unnerve\n|turn|10\n|inactive|Time left: 300 sec this turn | 300 sec total\n|\n|t:|1783539559\n|move|p1a: Whimsicott|Leech Seed|p2a: Pyroar\n|-start|p2a: Pyroar|move: Leech Seed\n|move|p2a: Pyroar|Fire Blast|p1a: Whimsicott\n|-supereffective|p1a: Whimsicott\n|-damage|p1a: Whimsicott|0 fnt\n|faint|p1a: Whimsicott\n|\n|upkeep\n|\n|t:|1783539560\n|switch|p1a: Kyurem|Kyurem-Black, L71|100/100\n|-ability|p1a: Kyurem|Teravolt\n|turn|11\n|inactive|Time left: 300 sec this turn | 300 sec total\n|\n|t:|1783539560\n|move|p2a: Pyroar|Fire Blast|p1a: Kyurem\n|-damage|p1a: Kyurem|47/100\n|move|p1a: Kyurem|Dragon Dance|p1a: Kyurem\n|-boost|p1a: Kyurem|atk|1\n|-boost|p1a: Kyurem|spe|1\n|\n|-damage|p2a: Pyroar|259/295|[from] Leech Seed|[of] p1a: Kyurem\n|-heal|p1a: Kyurem|59/100|[silent]\n|upkeep\n|turn|12\n|inactive|Time left: 300 sec this turn | 300 sec total\n|\n|t:|1783539561\n|-terastallize|p1a: Kyurem|Ground\n|-terastallize|p2a: Pyroar|Fire\n|move|p1a: Kyurem|Tera Blast|p2a: Pyroar|[anim] Tera Blast Ground\n|-supereffective|p2a: Pyroar\n|-damage|p2a: Pyroar|0 fnt\n|faint|p2a: Pyroar\n|\n|upkeep\n|inactive|Time left: 300 sec this turn | 300 sec total | 5 sec grace\n|\n|t:|1783539562\n|switch|p2a: Slowking|Slowking, L88, M|310/310\n|turn|13\n|inactive|Time left: 300 sec this turn | 300 sec total\n|\n|t:|1783539563\n|move|p1a: Kyurem|Scale Shot|p2a: Slowking\n|-damage|p2a: Slowking|259/310\n|-crit|p2a: Slowking\n|-damage|p2a: Slowking|184/310\n|-damage|p2a: Slowking|139/310\n|-damage|p2a: Slowking|88/310\n|-hitcount|p2a: Slowking|4\n|-unboost|p1a: Kyurem|def|1\n|-boost|p1a: Kyurem|spe|1\n|move|p2a: Slowking|Slack Off|p2a: Slowking\n|-heal|p2a: Slowking|243/310\n|\n|upkeep\n|turn|14\n|inactive|Time left: 300 sec this turn | 300 sec total\n|\n|t:|1783539564\n|move|p1a: Kyurem|Scale Shot|p2a: Slowking\n|-damage|p2a: Slowking|194/310\n|-damage|p2a: Slowking|148/310\n|-damage|p2a: Slowking|100/310\n|-damage|p2a: Slowking|52/310\n|-hitcount|p2a: Slowking|4\n|-unboost|p1a: Kyurem|def|1\n|-boost|p1a: Kyurem|spe|1\n|move|p2a: Slowking|Slack Off|p2a: Slowking\n|-heal|p2a: Slowking|207/310\n|\n|upkeep\n|turn|15\n|inactive|Time left: 300 sec this turn | 300 sec total\n|\n|t:|1783539566\n|move|p1a: Kyurem|Scale Shot|p2a: Slowking\n|-damage|p2a: Slowking|162/310\n|-damage|p2a: Slowking|117/310\n|-damage|p2a: Slowking|74/310\n|-damage|p2a: Slowking|25/310\n|-hitcount|p2a: Slowking|4\n|-unboost|p1a: Kyurem|def|1\n|-boost|p1a: Kyurem|spe|1\n|move|p2a: Slowking|Slack Off|p2a: Slowking\n|-heal|p2a: Slowking|180/310\n|\n|upkeep\n|turn|16\n|inactive|Time left: 300 sec this turn | 300 sec total\n|\n|t:|1783539567\n|move|p1a: Kyurem|Scale Shot|p2a: Slowking\n|-damage|p2a: Slowking|135/310\n|-damage|p2a: Slowking|87/310\n|-damage|p2a: Slowking|42/310\n|-damage|p2a: Slowking|0 fnt\n|faint|p2a: Slowking\n|-hitcount|p2: Slowking|4\n|\n|win|p0x032b1e8", "uploadtime": 1783539567, "views": 0, "rating": 0, "private": 0, "password": null, "_winner": "p0x032b1e8", "_our_name": "p0y032cf0a"}