{"id": "battle-gen9randombattle-17", "formatid": "gen9randombattle", "format": "[Gen 9] Random Battle", "players": ["p0x017bdfa", "p0y01704a0"], "log": "|init|battle\n|title|p0x017bdfa vs. p0y01704a0\n|j|\u2606p0x017bdfa\n|j|\u2606p0y01704a0\n|t:|1783539621\n|gametype|singles\n|player|p1|p0x017bdfa|266|\n|player|p2|p0y01704a0|101|\n|gen|9\n|tier|[Gen 9] Random Battle\n|rule|Species Clause: Limit one of each Pok\u00e9mon\n|rule|HP Percentage Mod: HP is shown in percentages\n|rule|Sleep Clause Mod: Limit one foe put to sleep\n|rule|Illusion Level Mod: Illusion disguises the Pok\u00e9mon's true level\n|\n|t:|1783539621\n|teamsize|p1|6\n|teamsize|p2|6\n|start\n|switch|p1a: Kingambit|Kingambit, L74, M|100/100\n|switch|p2a: Torkoal|Torkoal, L88, F|266/266\n|-weather|SunnyDay|[from] ability: Drought|[of] p2a: Torkoal\n|turn|1\n|inactive|Battle timer is ON: inactive players will automatically lose when time's up. (requested by p0x017bdfa)\n|inactive|Time left: 300 sec this turn | 300 sec total | 60 sec grace\n|inactive|p0y01704a0 also wants the timer to be on.\n|\n|t:|1783539623\n|-end|p1a: Kingambit|fallenundefined|[silent]\n|switch|p1a: Baxcalibur|Baxcalibur, L75, F|100/100\n|move|p2a: Torkoal|Fire Blast|p1a: Baxcalibur\n|-damage|p1a: Baxcalibur|33/100\n|-ability|p1a: Baxcalibur|Thermal Exchange|boost\n|-boost|p1a: Baxcalibur|atk|1\n|\n|-weather|SunnyDay|[upkeep]\n|upkeep\n|turn|2\n|inactive|Time left: 300 sec this turn | 300 sec total\n|\n|t:|1783539624\n|move|p1a: Baxcalibur|Earthquake|p2a: Torkoal\n|-supereffective|p2a: Torkoal\n|-damage|p2a: Torkoal|120/266\n|move|p2a: Torkoal|Fire Blast|p1a: Baxcalibur\n|-damage|p1a: Baxcalibur|0 fnt\n|faint|p1a: Baxcalibur\n|\n|-weather|SunnyDay|[upkeep]\n|upkeep\n|\n|t:|1783539625\n|switch|p1a: Yanmega|Yanmega, L82, F|100/100\n|turn|3\n|inactive|Time left: 300 sec this turn | 300 sec total\n|\n|t:|1783539626\n|move|p1a: Yanmega|Air Slash|p2a: Torkoal\n|-damage|p2a: Torkoal|18/266\n|move|p2a: Torkoal|Fire Blast|p1a: Yanmega\n|-supereffective|p1a: Yanmega\n|-damage|p1a: Yanmega|0 fnt\n|faint|p1a: Yanmega\n|\n|-weather|SunnyDay|[upkeep]\n|upkeep\n|\n|t:|1783539627\n|switch|p1a: Wyrdeer|Wyrdeer, L87, M|100/100\n|-ability|p1a: Wyrdeer|Intimidate|boost\n|-unboost|p2a: Torkoal|atk|1\n|turn|4\n|inactive|Time left: 300 sec this turn | 300 sec total\n|\n|t:|1783539628\n|switch|p2a: Spidops|Spidops, L96, F|271/271\n|move|p1a: Wyrdeer|Earthquake|p2a: Spidops\n|-resisted|p2a: Spidops\n|-damage|p2a: Spidops|235/271\n|\n|-weather|SunnyDay|[upkeep]\n|upkeep\n|turn|5\n|inactive|Time left: 300 sec this turn | 300 sec total\n|\n|t:|1783539629\n|move|p1a: Wyrdeer|Thunder Wave|p2a: Spidops\n|-status|p2a: Spidops|par\n|move|p2a: Spidops|Sticky Web|p1a: Wyrdeer\n|-sidestart|p1: p0x017bdfa|move: Sticky Web\n|\n|-weather|none\n|upkeep\n|turn|6\n|inactive|Time left: 300 sec this turn | 300 sec total\n|\n|t:|1783539630\n|move|p1a: Wyrdeer|Psychic Noise|p2a: Spidops\n|-damage|p2a: Spidops|160/271 par\n|-start|p2a: Spidops|move: Heal Block\n|cant|p2a: Spidops|par\n|\n|upkeep\n|turn|7\n|inactive|Time left: 300 sec this turn | 300 sec total\n|\n|t:|1783539631\n|move|p1a: Wyrdeer|Psychic Noise|p2a: Spidops\n|-damage|p2a: Spidops|78/271 par\n|cant|p2a: Spidops|par\n|\n|-end|p2a: Spidops|move: Heal Block\n|upkeep\n|turn|8\n|inactive|Time left: 300 sec this turn | 300 sec total\n|\n|t:|1783539632\n|move|p1a: Wyrdeer|Psychic Noise|p2a: Spidops\n|-damage|p2a: Spidops|0 fnt\n|faint|p2a: Spidops\n|\n|upkeep\n|inactive|Time left: 300 sec this turn | 300 sec total | 5 sec grace\n|\n|t:|1783539633\n|switch|p2a: Sableye|Sableye, L88, M|231/231\n|turn|9\n|inactive|Time left: 300 sec this turn | 300 sec total\n|\n|t:|1783539634\n|move|p1a: Wyrdeer|Earthquake|p2a: Sableye\n|-damage|p2a: Sableye|149/231\n|move|p2a: Sableye|Knock Off|p1a: Wyrdeer\n|-supereffective|p1a: Wyrdeer\n|-damage|p1a: Wyrdeer|33/100\n|-enditem|p1a: Wyrdeer|Leftovers|[from] move: Knock Off|[of] p2a: Sableye\n|\n|-heal|p2a: Sableye|163/231|[from] item: Leftovers\n|upkeep\n|turn|10\n|inactive|Time left: 300 sec this turn | 300 sec total\n|\n|t:|1783539635\n|move|p1a: Wyrdeer|Megahorn|p2a: Sableye\n|-damage|p2a: Sableye|56/231\n|move|p2a: Sableye|Knock Off|p1a: Wyrdeer\n|-supereffective|p1a: Wyrdeer\n|-damage|p1a: Wyrdeer|0 fnt\n|faint|p1a: Wyrdeer\n|\n|-heal|p2a: Sableye|70/231|[from] item: Leftovers\n|upkeep\n|\n|t:|1783539636\n|switch|p1a: Furret|Furret, L94, F|100/100\n|-activate|p1a: Furret|move: Sticky Web\n|-unboost|p1a: Furret|spe|1\n|-item|p2a: Sableye|Leftovers|[from] ability: Frisk|[of] p1a: Furret\n|turn|11\n|inactive|Time left: 300 sec this turn | 300 sec total\n|\n|t:|1783539637\n|move|p2a: Sableye|Thunder Wave|p1a: Furret\n|-status|p1a: Furret|par\n|move|p1a: Furret|Tidy Up|p1a: Furret\n|-sideend|p1: p0x017bdfa|Sticky Web\n|-activate|p1a: Furret|move: Tidy Up\n|-boost|p1a: Furret|atk|1\n|-boost|p1a: Furret|spe|1\n|\n|-heal|p2a: Sableye|84/231|[from] item: Leftovers\n|upkeep\n|turn|12\n|inactive|Time left: 300 sec this turn | 300 sec total\n|\n|t:|1783539638\n|move|p2a: Sableye|Knock Off|p1a: Furret\n|-damage|p1a: Furret|69/100 par\n|-enditem|p1a: Furret|Life Orb|[from] move: Knock Off|[of] p2a: Sableye\n|move|p1a: Furret|Tidy Up|p1a: Furret\n|-boost|p1a: Furret|atk|1\n|-boost|p1a: Furret|spe|1\n|\n|-heal|p2a: Sableye|98/231|[from] item: Leftovers\n|upkeep\n|turn|13\n|inactive|Time left: 300 sec this turn | 300 sec total\n|\n|t:|1783539639\n|move|p2a: Sableye|Encore|p1a: Furret\n|-start|p1a: Furret|Encore\n|move|p1a: Furret|Tidy Up|p1a: Furret\n|-boost|p1a: Furret|atk|1\n|-boost|p1a: Furret|spe|1\n|\n|-heal|p2a: Sableye|112/231|[from] item: Leftovers\n|upkeep\n|turn|14\n|inactive|Time left: 300 sec this turn | 300 sec total\n|\n|t:|1783539640\n|switch|p2a: Breloom|Breloom, L83, M|235/235\n|move|p1a: Furret|Tidy Up|p1a: Furret\n|-boost|p1a: Furret|atk|1\n|-boost|p1a: Furret|spe|1\n|\n|upkeep\n|turn|15\n|inactive|Time left: 300 sec this turn | 300 sec total\n|\n|t:|1783539641\n|move|p1a: Furret|Tidy Up|p1a: Furret\n|-boost|p1a: Furret|atk|1\n|-boost|p1a: Furret|spe|1\n|move|p2a: Breloom|Bullet Seed|p1a: Furret\n|-damage|p1a: Furret|48/100 par\n|-damage|p1a: Furret|22/100 par\n|-damage|p1a: Furret|0 fnt\n|faint|p1a: Furret\n|-hitcount|p1: Furret|3\n|-damage|p2a: Breloom|212/235|[from] item: Life Orb\n|\n|upkeep\n|\n|t:|1783539642\n|switch|p1a: Great Tusk|Great Tusk, L77|100/100\n|-enditem|p1a: Great Tusk|Booster Energy\n|-activate|p1a: Great Tusk|ability: Protosynthesis|[fromitem]\n|-start|p1a: Great Tusk|protosynthesisatk\n|turn|16\n|inactive|Time left: 300 sec this turn | 300 sec total\n|\n|t:|1783539643\n|move|p1a: Great Tusk|Bulk Up|p1a: Great Tusk\n|-boost|p1a: Great Tusk|atk|1\n|-boost|p1a: Great Tusk|def|1\n|move|p2a: Breloom|Bullet Seed|p1a: Great Tusk\n|-supereffective|p1a: Great Tusk\n|-damage|p1a: Great Tusk|75/100\n|-supereffective|p1a: Great Tusk\n|-damage|p1a: Great Tusk|51/100\n|-supereffective|p1a: Great Tusk\n|-damage|p1a: Great Tusk|25/100\n|-hitcount|p1a: Great Tusk|3\n|-damage|p2a: Breloom|189/235|[from] item: Life Orb\n|\n|upkeep\n|turn|17\n|inactive|Time left: 300 sec this turn | 300 sec total\n|\n|t:|1783539644\n|move|p1a: Great Tusk|Close Combat|p2a: Breloom\n|-damage|p2a: Breloom|0 fnt\n|-unboost|p1a: Great Tusk|def|1\n|-unboost|p1a: Great Tusk|spd|1\n|faint|p2a: Breloom\n|\n|upkeep\n|inactive|Time left: 300 sec this turn | 300 sec total | 5 sec grace\n|\n|t:|1783539645\n|switch|p2a: Sableye|Sableye, L88, M|112/231\n|turn|18\n|inactive|Time left: 300 sec this turn | 300 sec total\n|\n|t:|1783539646\n|move|p2a: Sableye|Encore|p1a: Great Tusk\n|-start|p1a: Great Tusk|Encore\n|move|p1a: Great Tusk|Close Combat|p2a: Sableye\n|-immune|p2a: Sableye\n|\n|-heal|p2a: Sableye|126/231|[from] item: Leftovers\n|upkeep\n|turn|19\n|inactive|Time left: 300 sec this turn | 300 sec total\n|\n|t:|1783539647\n|switch|p2a: Houndstone|Houndstone, L86, F|264/264\n|move|p1a: Great Tusk|Close Combat|p2a: Houndstone\n|-immune|p2a: Houndstone\n|\n|upkeep\n|turn|20\n|inactive|Time left: 300 sec this turn | 300 sec total\n|\n|t:|1783539648\n|-terastallize|p2a: Houndstone|Fighting\n|move|p1a: Great Tusk|Close Combat|p2a: Houndstone\n|-damage|p2a: Houndstone|147/264\n|-unboost|p1a: Great Tusk|def|1\n|-unboost|p1a: Great Tusk|spd|1\n|move|p2a: Houndstone|Body Press|p1a: Great Tusk\n|-crit|p1a: Great Tusk\n|-damage|p1a: Great Tusk|0 fnt\n|faint|p1a: Great Tusk\n|-end|p1a: Great Tusk|Protosynthesis|[silent]\n|\n|upkeep\n|\n|t:|1783539650\n|switch|p1a: Kingambit|Kingambit, L74, M|100/100\n|-activate|p1a: Kingambit|ability: Supreme Overlord\n|-start|p1a: Kingambit|fallen5|[silent]\n|turn|21\n|inactive|Time left: 300 sec this turn | 300 sec total\n|\n|t:|1783539651\n|-terastallize|p1a: Kingambit|Flying\n|move|p2a: Houndstone|Body Press|p1a: Kingambit\n|-resisted|p1a: Kingambit\n|-damage|p1a: Kingambit|85/100\n|move|p1a: Kingambit|Swords Dance|p1a: Kingambit\n|-boost|p1a: Kingambit|atk|2\n|\n|-heal|p1a: Kingambit|91/100|[from] item: Leftovers\n|upkeep\n|turn|22\n|inactive|Time left: 300 sec this turn | 300 sec total\n|\n|t:|1783539652\n|move|p2a: Houndstone|Poltergeist|p1a: Kingambit\n|-activate|p1a: Kingambit|move: Poltergeist|Leftovers\n|-damage|p1a: Kingambit|50/100\n|move|p1a: Kingambit|Iron Head|p2a: Houndstone\n|-damage|p2a: Houndstone|34/264\n|\n|-heal|p1a: Kingambit|56/100|[from] item: Leftovers\n|upkeep\n|turn|23\n|inactive|Time left: 300 sec this turn | 300 sec total\n|\n|t:|1783539653\n|move|p2a: Houndstone|Poltergeist|p1a: Kingambit|[miss]\n|-miss|p2a: Houndstone|p1a: Kingambit\n|move|p1a: Kingambit|Swords Dance|p1a: Kingambit\n|-boost|p1a: Kingambit|atk|2\n|\n|-heal|p1a: Kingambit|62/100|[from] item: Leftovers\n|upkeep\n|turn|24\n|inactive|Time left: 300 sec this turn | 300 sec total\n|\n|t:|1783539654\n|move|p1a: Kingambit|Sucker Punch|p2a: Houndstone\n|-resisted|p2a: Houndstone\n|-crit|p2a: Houndstone\n|-damage|p2a: Houndstone|0 fnt\n|faint|p2a: Houndstone\n|\n|-heal|p1a: Kingambit|68/100|[from] item: Leftovers\n|upkeep\n|inactive|Time left: 300 sec this turn | 300 sec total | 5 sec grace\n|\n|t:|1783539655\n|switch|p2a: Sableye|Sableye, L88, M|126/231\n|turn|25\n|inactive|Time left: 300 sec this turn | 300 sec total\n|\n|t:|1783539656\n|move|p2a: Sableye|Encore|p1a: Kingambit\n|-start|p1a: Kingambit|Encore\n|move|p1a: Kingambit|Sucker Punch||[still]\n|-fail|p1a: Kingambit\n|\n|-heal|p2a: Sableye|140/231|[from] item: Leftovers\n|-heal|p1a: Kingambit|74/100|[from] item: Leftovers\n|upkeep\n|turn|26\n|inactive|Time left: 300 sec this turn | 300 sec total\n|\n|t:|1783539658\n|move|p2a: Sableye|Thunder Wave|p1a: Kingambit\n|-status|p1a: Kingambit|par\n|move|p1a: Kingambit|Sucker Punch||[still]\n|-fail|p1a: Kingambit\n|\n|-heal|p2a: Sableye|154/231|[from] item: Leftovers\n|-heal|p1a: Kingambit|80/100 par|[from] item: Leftovers\n|upkeep\n|turn|27\n|inactive|Time left: 300 sec this turn | 300 sec total\n|\n|t:|1783539659\n|move|p2a: Sableye|Recover|p2a: Sableye\n|-heal|p2a: Sableye|231/231\n|move|p1a: Kingambit|Sucker Punch||[still]\n|-fail|p1a: Kingambit\n|\n|-heal|p1a: Kingambit|86/100 par|[from] item: Leftovers\n|-end|p1a: Kingambit|Encore\n|upkeep\n|turn|28\n|inactive|Time left: 300 sec this turn | 300 sec total\n|\n|t:|1783539660\n|cant|p1a: Kingambit|par\n|move|p2a: Sableye|Knock Off|p1a: Kingambit\n|-damage|p1a: Kingambit|52/100 par\n|-enditem|p1a: Kingambit|Leftovers|[from] move: Knock Off|[of] p2a: Sableye\n|\n|upkeep\n|turn|29\n|inactive|Time left: 300 sec this turn | 300 sec total\n|\n|t:|1783539661\n|move|p2a: Sableye|Knock Off|p1a: Kingambit\n|-damage|p1a: Kingambit|31/100 par\n|cant|p1a: Kingambit|par\n|\n|upkeep\n|turn|30\n|inactive|Time left: 300 sec this turn | 300 sec total\n|\n|t:|1783539662\n|cant|p1a: Kingambit|par\n|move|p2a: Sableye|Knock Off|p1a: Kingambit\n|-damage|p1a: Kingambit|10/100 par\n|\n|upkeep\n|turn|31\n|inactive|Time left: 300 sec this turn | 300 sec total\n|\n|t:|1783539662\n|move|p1a: Kingambit|Sucker Punch|p2a: Sableye\n|-damage|p2a: Sableye|0 fnt\n|faint|p2a: Sableye\n|\n|upkeep\n|inactive|Time left: 300 sec this turn | 300 sec total | 5 sec grace\n|\n|t:|1783539663\n|switch|p2a: Torkoal|Torkoal, L88, F|18/266\n|-weather|SunnyDay|[from] ability: Drought|[of] p2a: Torkoal\n|turn|32\n|inactive|Time left: 300 sec this turn | 300 sec total\n|\n|t:|1783539664\n|move|p1a: Kingambit|Sucker Punch|p2a: Torkoal\n|-damage|p2a: Torkoal|0 fnt\n|faint|p2a: Torkoal\n|\n|-weather|SunnyDay|[upkeep]\n|upkeep\n|inactive|Time left: 300 sec this turn | 300 sec total | 5 sec grace\n|\n|t:|1783539665\n|switch|p2a: Muk|Muk, L86, F|321/321\n|turn|33\n|inactive|Time left: 300 sec this turn | 300 sec total\n|\n|t:|1783539666\n|move|p2a: Muk|Shadow Sneak|p1a: Kingambit\n|-damage|p1a: Kingambit|0 fnt\n|faint|p1a: Kingambit\n|-end|p1a: Kingambit|fallen5|[silent]\n|\n|win|p0y01704a0", "uploadtime": 1783539666, "views": 0, "rating": 0, "private": 0, "password": null, "_winner": "p0y01704a0", "_our_name": "p0y01704a0"}