{"id": "battle-gen9randombattle-173", "formatid": "gen9randombattle", "format": "[Gen 9] Random Battle", "players": ["p0x173a2e6", "p0y173ad28"], "log": "|init|battle\n|title|p0x173a2e6 vs. p0y173ad28\n|j|\u2606p0x173a2e6\n|j|\u2606p0y173ad28\n|t:|1783541581\n|gametype|singles\n|player|p1|p0x173a2e6|265|\n|player|p2|p0y173ad28|265|\n|gen|9\n|tier|[Gen 9] Random Battle\n|rule|Species Clause: Limit one of each Pok\u00e9mon\n|rule|HP Percentage Mod: HP is shown in percentages\n|rule|Sleep Clause Mod: Limit one foe put to sleep\n|rule|Illusion Level Mod: Illusion disguises the Pok\u00e9mon's true level\n|\n|t:|1783541581\n|teamsize|p1|6\n|teamsize|p2|6\n|start\n|switch|p1a: Greninja|Greninja, L80, M|100/100\n|switch|p2a: Miraidon|Miraidon, L65|238/238\n|-fieldstart|move: Electric Terrain|[from] ability: Hadron Engine|[of] p2a: Miraidon\n|turn|1\n|inactive|Battle timer is ON: inactive players will automatically lose when time's up. (requested by p0x173a2e6)\n|inactive|Time left: 300 sec this turn | 300 sec total | 60 sec grace\n|inactive|p0y173ad28 also wants the timer to be on.\n|\n|t:|1783541582\n|move|p1a: Greninja|Ice Beam|p2a: Miraidon\n|-start|p1a: Greninja|typechange|Ice|[from] ability: Protean\n|-supereffective|p2a: Miraidon\n|-damage|p2a: Miraidon|0 fnt\n|faint|p2a: Miraidon\n|-damage|p1a: Greninja|91/100|[from] item: Life Orb\n|\n|upkeep\n|inactive|Time left: 300 sec this turn | 300 sec total | 65 sec grace\n|\n|t:|1783541584\n|switch|p2a: Araquanid|Araquanid, L82, M|246/246\n|turn|2\n|inactive|Time left: 300 sec this turn | 300 sec total\n|\n|t:|1783541585\n|switch|p1a: Rillaboom|Rillaboom, L79, F|100/100\n|-fieldstart|move: Grassy Terrain|[from] ability: Grassy Surge|[of] p1a: Rillaboom\n|move|p2a: Araquanid|Sticky Web|p1a: Rillaboom\n|-sidestart|p1: p0x173a2e6|move: Sticky Web\n|\n|upkeep\n|turn|3\n|inactive|Time left: 300 sec this turn | 300 sec total\n|\n|t:|1783541586\n|switch|p2a: Abomasnow|Abomasnow, L84, M|287/287\n|-weather|Snowscape|[from] ability: Snow Warning|[of] p2a: Abomasnow\n|move|p1a: Rillaboom|Swords Dance|p1a: Rillaboom\n|-boost|p1a: Rillaboom|atk|2\n|\n|-weather|Snowscape|[upkeep]\n|upkeep\n|turn|4\n|inactive|Time left: 300 sec this turn | 300 sec total\n|\n|t:|1783541588\n|move|p1a: Rillaboom|Wood Hammer|p2a: Abomasnow\n|-resisted|p2a: Abomasnow\n|-damage|p2a: Abomasnow|115/287\n|-damage|p1a: Rillaboom|81/100|[from] Recoil\n|-damage|p1a: Rillaboom|71/100|[from] item: Life Orb\n|move|p2a: Abomasnow|Aurora Veil|p2a: Abomasnow\n|-sidestart|p2: p0y173ad28|move: Aurora Veil\n|\n|-weather|Snowscape|[upkeep]\n|-heal|p1a: Rillaboom|77/100|[from] Grassy Terrain\n|-heal|p2a: Abomasnow|132/287|[from] Grassy Terrain\n|upkeep\n|turn|5\n|inactive|Time left: 300 sec this turn | 300 sec total\n|\n|t:|1783541589\n|switch|p1a: Gurdurr|Gurdurr, L85, M|100/100\n|-activate|p1a: Gurdurr|move: Sticky Web\n|-unboost|p1a: Gurdurr|spe|1\n|move|p2a: Abomasnow|Blizzard|p1a: Gurdurr\n|-damage|p1a: Gurdurr|60/100\n|\n|-weather|Snowscape|[upkeep]\n|-heal|p2a: Abomasnow|149/287|[from] Grassy Terrain\n|-heal|p1a: Gurdurr|66/100|[from] Grassy Terrain\n|upkeep\n|turn|6\n|inactive|Time left: 300 sec this turn | 300 sec total\n|\n|t:|1783541590\n|switch|p2a: Rillaboom|Rillaboom, L79, F|288/288\n|move|p1a: Gurdurr|Defog|p2a: Rillaboom\n|-unboost|p2a: Rillaboom|evasion|1\n|-sideend|p2: p0y173ad28|move: Aurora Veil\n|-sideend|p1: p0x173a2e6|Sticky Web|[from] move: Defog|[of] p1a: Gurdurr\n|-fieldend|move: Grassy Terrain\n|\n|-weather|Snowscape|[upkeep]\n|upkeep\n|turn|7\n|inactive|Time left: 300 sec this turn | 300 sec total\n|\n|t:|1783541591\n|move|p2a: Rillaboom|Wood Hammer|p1a: Gurdurr\n|-damage|p1a: Gurdurr|21/100\n|-damage|p2a: Rillaboom|246/288|[from] Recoil\n|move|p1a: Gurdurr|Drain Punch|p2a: Rillaboom\n|-damage|p2a: Rillaboom|158/288\n|-heal|p1a: Gurdurr|37/100|[from] drain|[of] p2a: Rillaboom\n|\n|-weather|none\n|upkeep\n|turn|8\n|inactive|Time left: 300 sec this turn | 300 sec total\n|\n|t:|1783541592\n|switch|p1a: Cobalion|Cobalion, L80|100/100\n|move|p2a: Rillaboom|Wood Hammer|p1a: Cobalion\n|-resisted|p1a: Cobalion\n|-damage|p1a: Cobalion|71/100\n|-damage|p2a: Rillaboom|131/288|[from] Recoil\n|\n|-heal|p1a: Cobalion|77/100|[from] item: Leftovers\n|upkeep\n|turn|9\n|inactive|Time left: 300 sec this turn | 300 sec total\n|\n|t:|1783541593\n|switch|p2a: Araquanid|Araquanid, L82, M|246/246\n|move|p1a: Cobalion|Swords Dance|p1a: Cobalion\n|-boost|p1a: Cobalion|atk|2\n|\n|-heal|p1a: Cobalion|83/100|[from] item: Leftovers\n|upkeep\n|turn|10\n|inactive|Time left: 300 sec this turn | 300 sec total\n|\n|t:|1783541594\n|move|p1a: Cobalion|Iron Head|p2a: Araquanid\n|-resisted|p2a: Araquanid\n|-damage|p2a: Araquanid|174/246\n|move|p2a: Araquanid|Sticky Web|p1a: Cobalion\n|-sidestart|p1: p0x173a2e6|move: Sticky Web\n|\n|-heal|p1a: Cobalion|89/100|[from] item: Leftovers\n|upkeep\n|turn|11\n|inactive|Time left: 300 sec this turn | 300 sec total\n|\n|t:|1783541595\n|move|p1a: Cobalion|Iron Head|p2a: Araquanid\n|-resisted|p2a: Araquanid\n|-damage|p2a: Araquanid|100/246\n|move|p2a: Araquanid|Liquidation|p1a: Cobalion\n|-damage|p1a: Cobalion|54/100\n|\n|-heal|p1a: Cobalion|60/100|[from] item: Leftovers\n|upkeep\n|turn|12\n|inactive|Time left: 300 sec this turn | 300 sec total\n|\n|t:|1783541597\n|move|p1a: Cobalion|Close Combat|p2a: Araquanid\n|-resisted|p2a: Araquanid\n|-damage|p2a: Araquanid|0 fnt\n|-unboost|p1a: Cobalion|def|1\n|-unboost|p1a: Cobalion|spd|1\n|faint|p2a: Araquanid\n|\n|-heal|p1a: Cobalion|66/100|[from] item: Leftovers\n|upkeep\n|inactive|Time left: 300 sec this turn | 300 sec total | 5 sec grace\n|\n|t:|1783541598\n|switch|p2a: Weavile|Weavile, L79, F|240/240\n|turn|13\n|inactive|Time left: 300 sec this turn | 300 sec total\n|\n|t:|1783541598\n|-terastallize|p1a: Cobalion|Fighting\n|move|p2a: Weavile|Low Kick|p1a: Cobalion\n|-damage|p1a: Cobalion|28/100\n|move|p1a: Cobalion|Iron Head|p2a: Weavile\n|-supereffective|p2a: Weavile\n|-damage|p2a: Weavile|0 fnt\n|faint|p2a: Weavile\n|\n|-heal|p1a: Cobalion|34/100|[from] item: Leftovers\n|upkeep\n|inactive|Time left: 300 sec this turn | 300 sec total | 5 sec grace\n|\n|t:|1783541599\n|switch|p2a: Rillaboom|Rillaboom, L79, F|131/288\n|-fieldstart|move: Grassy Terrain|[from] ability: Grassy Surge|[of] p2a: Rillaboom\n|turn|14\n|inactive|Time left: 300 sec this turn | 300 sec total\n|\n|t:|1783541600\n|move|p2a: Rillaboom|Grassy Glide|p1a: Cobalion\n|-damage|p1a: Cobalion|0 fnt\n|faint|p1a: Cobalion\n|\n|-heal|p2a: Rillaboom|149/288|[from] Grassy Terrain\n|upkeep\n|\n|t:|1783541601\n|switch|p1a: Kleavor|Kleavor, L78, F|100/100\n|-activate|p1a: Kleavor|move: Sticky Web\n|-unboost|p1a: Kleavor|spe|1\n|turn|15\n|inactive|Time left: 300 sec this turn | 300 sec total\n|\n|t:|1783541602\n|move|p2a: Rillaboom|Grassy Glide|p1a: Kleavor\n|-damage|p1a: Kleavor|43/100\n|move|p1a: Kleavor|U-turn|p2a: Rillaboom\n|-supereffective|p2a: Rillaboom\n|-damage|p2a: Rillaboom|0 fnt\n|faint|p2a: Rillaboom\n|\n|t:|1783541603\n|switch|p1a: Gurdurr|Gurdurr, L85, M|37/100|[from] U-turn\n|-activate|p1a: Gurdurr|move: Sticky Web\n|-unboost|p1a: Gurdurr|spe|1\n|\n|-heal|p1a: Gurdurr|43/100|[from] Grassy Terrain\n|upkeep\n|inactive|Time left: 300 sec this turn | 300 sec total | 10 sec grace\n|\n|t:|1783541604\n|switch|p2a: Florges|Florges-Blue, L85, F|271/271\n|turn|16\n|inactive|Time left: 300 sec this turn | 300 sec total\n|\n|t:|1783541605\n|move|p2a: Florges|Moonblast|p1a: Gurdurr\n|-supereffective|p1a: Gurdurr\n|-damage|p1a: Gurdurr|0 fnt\n|faint|p1a: Gurdurr\n|\n|upkeep\n|\n|t:|1783541606\n|switch|p1a: Rillaboom|Rillaboom, L79, F|77/100\n|-activate|p1a: Rillaboom|move: Sticky Web\n|-unboost|p1a: Rillaboom|spe|1\n|turn|17\n|inactive|Time left: 300 sec this turn | 300 sec total\n|\n|t:|1783541607\n|switch|p2a: Abomasnow|Abomasnow, L84, M|149/287\n|-weather|Snowscape|[from] ability: Snow Warning|[of] p2a: Abomasnow\n|move|p1a: Rillaboom|Swords Dance|p1a: Rillaboom\n|-boost|p1a: Rillaboom|atk|2\n|\n|-weather|Snowscape|[upkeep]\n|-heal|p2a: Abomasnow|166/287|[from] Grassy Terrain\n|-heal|p1a: Rillaboom|83/100|[from] Grassy Terrain\n|upkeep\n|turn|18\n|inactive|Time left: 300 sec this turn | 300 sec total\n|\n|t:|1783541608\n|move|p2a: Abomasnow|Aurora Veil|p2a: Abomasnow\n|-sidestart|p2: p0y173ad28|move: Aurora Veil\n|move|p1a: Rillaboom|Wood Hammer|p2a: Abomasnow\n|-resisted|p2a: Abomasnow\n|-damage|p2a: Abomasnow|77/287\n|-damage|p1a: Rillaboom|73/100|[from] Recoil\n|-damage|p1a: Rillaboom|64/100|[from] item: Life Orb\n|\n|-weather|Snowscape|[upkeep]\n|-heal|p2a: Abomasnow|94/287|[from] Grassy Terrain\n|-heal|p1a: Rillaboom|70/100|[from] Grassy Terrain\n|-fieldend|move: Grassy Terrain\n|upkeep\n|turn|19\n|inactive|Time left: 300 sec this turn | 300 sec total\n|\n|t:|1783541609\n|switch|p1a: Mamoswine|Mamoswine, L81, F|100/100\n|-activate|p1a: Mamoswine|move: Sticky Web\n|-unboost|p1a: Mamoswine|spe|1\n|move|p2a: Abomasnow|Blizzard|p1a: Mamoswine\n|-damage|p1a: Mamoswine|77/100\n|\n|-weather|Snowscape|[upkeep]\n|upkeep\n|turn|20\n|inactive|Time left: 300 sec this turn | 300 sec total\n|\n|t:|1783541611\n|move|p2a: Abomasnow|Blizzard|p1a: Mamoswine\n|-damage|p1a: Mamoswine|54/100\n|move|p1a: Mamoswine|Stealth Rock|p2a: Abomasnow\n|-sidestart|p2: p0y173ad28|move: Stealth Rock\n|\n|-weather|Snowscape|[upkeep]\n|upkeep\n|turn|21\n|inactive|Time left: 300 sec this turn | 300 sec total\n|\n|t:|1783541612\n|move|p2a: Abomasnow|Wood Hammer|p1a: Mamoswine\n|-supereffective|p1a: Mamoswine\n|-damage|p1a: Mamoswine|0 fnt\n|faint|p1a: Mamoswine\n|-damage|p2a: Abomasnow|39/287|[from] Recoil\n|\n|-weather|none\n|upkeep\n|\n|t:|1783541613\n|switch|p1a: Kleavor|Kleavor, L78, F|43/100\n|-activate|p1a: Kleavor|move: Sticky Web\n|-unboost|p1a: Kleavor|spe|1\n|turn|22\n|inactive|Time left: 300 sec this turn | 300 sec total\n|\n|t:|1783541614\n|switch|p2a: Florges|Florges-Blue, L85, F|271/271\n|-damage|p2a: Florges|238/271|[from] Stealth Rock\n|move|p1a: Kleavor|U-turn|p2a: Florges\n|-resisted|p2a: Florges\n|-damage|p2a: Florges|212/271\n|\n|t:|1783541614\n|switch|p1a: Rillaboom|Rillaboom, L79, F|70/100|[from] U-turn\n|-activate|p1a: Rillaboom|move: Sticky Web\n|-unboost|p1a: Rillaboom|spe|1\n|-fieldstart|move: Grassy Terrain|[from] ability: Grassy Surge|[of] p1a: Rillaboom\n|\n|-heal|p2a: Florges|228/271|[from] Grassy Terrain\n|-heal|p2a: Florges|244/271|[from] item: Leftovers\n|-heal|p1a: Rillaboom|76/100|[from] Grassy Terrain\n|upkeep\n|turn|23\n|inactive|Time left: 300 sec this turn | 300 sec total\n|\n|t:|1783541615\n|move|p2a: Florges|Moonblast|p1a: Rillaboom\n|-damage|p1a: Rillaboom|21/100\n|move|p1a: Rillaboom|Swords Dance|p1a: Rillaboom\n|-boost|p1a: Rillaboom|atk|2\n|\n|-heal|p2a: Florges|260/271|[from] Grassy Terrain\n|-heal|p2a: Florges|271/271|[from] item: Leftovers\n|-heal|p1a: Rillaboom|27/100|[from] Grassy Terrain\n|upkeep\n|turn|24\n|inactive|Time left: 300 sec this turn | 300 sec total\n|\n|t:|1783541616\n|move|p1a: Rillaboom|Grassy Glide|p2a: Florges\n|-damage|p2a: Florges|148/271\n|-damage|p1a: Rillaboom|18/100|[from] item: Life Orb\n|move|p2a: Florges|Moonblast|p1a: Rillaboom\n|-damage|p1a: Rillaboom|0 fnt\n|faint|p1a: Rillaboom\n|\n|-heal|p2a: Florges|164/271|[from] Grassy Terrain\n|-heal|p2a: Florges|180/271|[from] item: Leftovers\n|upkeep\n|\n|t:|1783541617\n|switch|p1a: Kleavor|Kleavor, L78, F|43/100\n|-activate|p1a: Kleavor|move: Sticky Web\n|-unboost|p1a: Kleavor|spe|1\n|turn|25\n|inactive|Time left: 300 sec this turn | 300 sec total\n|\n|t:|1783541618\n|move|p1a: Kleavor|Stone Axe|p2a: Florges\n|-damage|p2a: Florges|107/271\n|move|p2a: Florges|Moonblast|p1a: Kleavor\n|-damage|p1a: Kleavor|0 fnt\n|faint|p1a: Kleavor\n|\n|-heal|p2a: Florges|123/271|[from] Grassy Terrain\n|-heal|p2a: Florges|139/271|[from] item: Leftovers\n|-sideend|p2: p0y173ad28|move: Aurora Veil\n|upkeep\n|\n|t:|1783541619\n|switch|p1a: Greninja|Greninja, L80, M|91/100\n|-activate|p1a: Greninja|move: Sticky Web\n|-unboost|p1a: Greninja|spe|1\n|turn|26\n|inactive|Time left: 300 sec this turn | 300 sec total\n|\n|t:|1783541620\n|-terastallize|p2a: Florges|Ground\n|move|p2a: Florges|Moonblast|p1a: Greninja\n|-supereffective|p1a: Greninja\n|-damage|p1a: Greninja|0 fnt\n|faint|p1a: Greninja\n|\n|win|p0y173ad28", "uploadtime": 1783541620, "views": 0, "rating": 0, "private": 0, "password": null, "_winner": "p0y173ad28", "_our_name": "p0y173ad28"}