{"id": "battle-gen9randombattle-2764", "formatid": "gen9randombattle", "format": "[Gen 9] Random Battle", "players": ["p0x276470b3", "p0y27649e1d"], "log": "|init|battle\n|title|p0x276470b3 vs. p0y27649e1d\n|j|\u2606p0x276470b3\n|j|\u2606p0y27649e1d\n|t:|1783570848\n|gametype|singles\n|player|p1|p0x276470b3|265|\n|player|p2|p0y27649e1d|169|\n|gen|9\n|tier|[Gen 9] Random Battle\n|rule|Species Clause: Limit one of each Pok\u00e9mon\n|rule|HP Percentage Mod: HP is shown in percentages\n|rule|Sleep Clause Mod: Limit one foe put to sleep\n|rule|Illusion Level Mod: Illusion disguises the Pok\u00e9mon's true level\n|\n|t:|1783570848\n|teamsize|p1|6\n|teamsize|p2|6\n|start\n|switch|p1a: Hippowdon|Hippowdon, L82, M|311/311\n|switch|p2a: Infernape|Infernape, L82, M|100/100\n|-weather|Sandstorm|[from] ability: Sand Stream|[of] p1a: Hippowdon\n|turn|1\n|inactive|Battle timer is ON: inactive players will automatically lose when time's up. (requested by p0x276470b3)\n|\n|t:|1783570849\n|switch|p2a: Flamigo|Flamigo, L82, F|100/100\n|move|p1a: Hippowdon|Earthquake|p2a: Flamigo\n|-immune|p2a: Flamigo\n|\n|-weather|Sandstorm|[upkeep]\n|-damage|p2a: Flamigo|95/100|[from] Sandstorm\n|upkeep\n|turn|2\n|inactive|Time left: 300 sec this turn | 300 sec total\n|inactive|p0y27649e1d also wants the timer to be on.\n|\n|t:|1783570851\n|move|p2a: Flamigo|Close Combat|p1a: Hippowdon\n|-damage|p1a: Hippowdon|134/311\n|-unboost|p2a: Flamigo|def|1\n|-unboost|p2a: Flamigo|spd|1\n|move|p1a: Hippowdon|Earthquake|p2a: Flamigo\n|-immune|p2a: Flamigo\n|\n|-weather|Sandstorm|[upkeep]\n|-damage|p2a: Flamigo|89/100|[from] Sandstorm\n|-heal|p1a: Hippowdon|153/311|[from] item: Leftovers\n|upkeep\n|turn|3\n|inactive|Time left: 300 sec this turn | 300 sec total\n|\n|t:|1783570852\n|move|p2a: Flamigo|Close Combat|p1a: Hippowdon\n|-damage|p1a: Hippowdon|0 fnt\n|-unboost|p2a: Flamigo|def|1\n|-unboost|p2a: Flamigo|spd|1\n|faint|p1a: Hippowdon\n|\n|-weather|Sandstorm|[upkeep]\n|-damage|p2a: Flamigo|83/100|[from] Sandstorm\n|upkeep\n|inactive|Time left: 300 sec this turn | 300 sec total | 5 sec grace\n|\n|t:|1783570853\n|switch|p1a: Luxray|Luxray, L88, F|283/283\n|turn|4\n|inactive|Time left: 300 sec this turn | 300 sec total\n|\n|t:|1783570854\n|-terastallize|p2a: Flamigo|Fighting\n|move|p2a: Flamigo|Close Combat|p1a: Luxray\n|-damage|p1a: Luxray|0 fnt\n|-unboost|p2a: Flamigo|def|1\n|-unboost|p2a: Flamigo|spd|1\n|faint|p1a: Luxray\n|\n|-weather|Sandstorm|[upkeep]\n|-damage|p2a: Flamigo|77/100|[from] Sandstorm\n|upkeep\n|inactive|Time left: 300 sec this turn | 300 sec total | 5 sec grace\n|\n|t:|1783570855\n|switch|p1a: Emboar|Emboar, L84, F|322/322\n|turn|5\n|inactive|Time left: 300 sec this turn | 300 sec total\n|\n|t:|1783570856\n|move|p2a: Flamigo|Close Combat|p1a: Emboar\n|-damage|p1a: Emboar|0 fnt\n|-unboost|p2a: Flamigo|def|1\n|-unboost|p2a: Flamigo|spd|1\n|faint|p1a: Emboar\n|\n|-weather|none\n|upkeep\n|inactive|Time left: 300 sec this turn | 300 sec total | 5 sec grace\n|\n|t:|1783570857\n|switch|p1a: Zangoose|Zangoose, L85, M|263/263\n|turn|6\n|inactive|Time left: 300 sec this turn | 300 sec total\n|\n|t:|1783570858\n|switch|p2a: Rhydon|Rhydon, L85, M|100/100\n|move|p1a: Zangoose|Facade|p2a: Rhydon\n|-resisted|p2a: Rhydon\n|-damage|p2a: Rhydon|94/100\n|\n|-status|p1a: Zangoose|tox|[from] item: Toxic Orb\n|upkeep\n|turn|7\n|inactive|Time left: 300 sec this turn | 300 sec total\n|\n|t:|1783570859\n|move|p1a: Zangoose|Swords Dance|p1a: Zangoose\n|-boost|p1a: Zangoose|atk|2\n|move|p2a: Rhydon|Earthquake|p1a: Zangoose\n|-damage|p1a: Zangoose|73/263 tox\n|\n|-damage|p1a: Zangoose|57/263 tox|[from] psn\n|upkeep\n|turn|8\n|inactive|Time left: 300 sec this turn | 300 sec total\n|\n|t:|1783570860\n|move|p1a: Zangoose|Close Combat|p2a: Rhydon\n|-supereffective|p2a: Rhydon\n|-damage|p2a: Rhydon|0 fnt\n|-unboost|p1a: Zangoose|def|1\n|-unboost|p1a: Zangoose|spd|1\n|faint|p2a: Rhydon\n|\n|-damage|p1a: Zangoose|25/263 tox|[from] psn\n|upkeep\n|\n|t:|1783570861\n|switch|p2a: Infernape|Infernape, L82, M|100/100\n|turn|9\n|inactive|Time left: 300 sec this turn | 300 sec total\n|\n|t:|1783570862\n|switch|p1a: Bellibolt|Bellibolt, L84, M|320/320\n|move|p2a: Infernape|Flare Blitz|p1a: Bellibolt\n|-crit|p1a: Bellibolt\n|-damage|p1a: Bellibolt|122/320\n|-start|p1a: Bellibolt|Charge|Flare Blitz|[from] ability: Electromorphosis\n|-damage|p2a: Infernape|75/100|[from] Recoil\n|\n|-heal|p1a: Bellibolt|142/320|[from] item: Leftovers\n|upkeep\n|turn|10\n|inactive|Time left: 300 sec this turn | 300 sec total\n|\n|t:|1783570863\n|switch|p2a: Rillaboom|Rillaboom, L79, F|100/100\n|-fieldstart|move: Grassy Terrain|[from] ability: Grassy Surge|[of] p2a: Rillaboom\n|-terastallize|p1a: Bellibolt|Water\n|move|p1a: Bellibolt|Slack Off|p1a: Bellibolt\n|-heal|p1a: Bellibolt|302/320\n|\n|-heal|p1a: Bellibolt|320/320|[from] Grassy Terrain\n|upkeep\n|turn|11\n|inactive|Time left: 300 sec this turn | 300 sec total\n|\n|t:|1783570864\n|switch|p1a: Volbeat|Volbeat, L90, M|263/263\n|move|p2a: Rillaboom|Wood Hammer|p1a: Volbeat\n|-resisted|p1a: Volbeat\n|-crit|p1a: Volbeat\n|-damage|p1a: Volbeat|47/263\n|-damage|p2a: Rillaboom|76/100|[from] Recoil\n|\n|-heal|p1a: Volbeat|63/263|[from] Grassy Terrain\n|-heal|p2a: Rillaboom|82/100|[from] Grassy Terrain\n|upkeep\n|turn|12\n|inactive|Time left: 300 sec this turn | 300 sec total\n|\n|t:|1783570865\n|move|p1a: Volbeat|Roost|p1a: Volbeat\n|-heal|p1a: Volbeat|195/263\n|-singleturn|p1a: Volbeat|move: Roost\n|move|p2a: Rillaboom|Wood Hammer|p1a: Volbeat\n|-resisted|p1a: Volbeat\n|-damage|p1a: Volbeat|50/263\n|-damage|p2a: Rillaboom|65/100|[from] Recoil\n|\n|-heal|p1a: Volbeat|66/263|[from] Grassy Terrain\n|-heal|p2a: Rillaboom|72/100|[from] Grassy Terrain\n|upkeep\n|turn|13\n|inactive|Time left: 300 sec this turn | 300 sec total\n|\n|t:|1783570866\n|move|p1a: Volbeat|Roost|p1a: Volbeat\n|-heal|p1a: Volbeat|198/263\n|-singleturn|p1a: Volbeat|move: Roost\n|move|p2a: Rillaboom|Wood Hammer|p1a: Volbeat\n|-resisted|p1a: Volbeat\n|-damage|p1a: Volbeat|60/263\n|-damage|p2a: Rillaboom|56/100|[from] Recoil\n|\n|-heal|p1a: Volbeat|76/263|[from] Grassy Terrain\n|-heal|p2a: Rillaboom|62/100|[from] Grassy Terrain\n|upkeep\n|turn|14\n|inactive|Time left: 300 sec this turn | 300 sec total\n|\n|t:|1783570866\n|move|p1a: Volbeat|Lunge|p2a: Rillaboom\n|-supereffective|p2a: Rillaboom\n|-damage|p2a: Rillaboom|4/100\n|-unboost|p2a: Rillaboom|atk|1\n|move|p2a: Rillaboom|Wood Hammer|p1a: Volbeat\n|-resisted|p1a: Volbeat\n|-damage|p1a: Volbeat|0 fnt\n|faint|p1a: Volbeat\n|-damage|p2a: Rillaboom|0 fnt|[from] Recoil\n|faint|p2a: Rillaboom\n|\n|-fieldend|move: Grassy Terrain\n|upkeep\n|inactive|Time left: 300 sec this turn | 300 sec total | 5 sec grace\n|\n|t:|1783570867\n|switch|p1a: Zangoose|Zangoose, L85, M|25/263 tox\n|switch|p2a: Duraludon|Duraludon, L82, F|100/100\n|turn|15\n|inactive|Time left: 300 sec this turn | 300 sec total\n|\n|t:|1783570868\n|move|p1a: Zangoose|Close Combat|p2a: Duraludon\n|-supereffective|p2a: Duraludon\n|-damage|p2a: Duraludon|36/100\n|-unboost|p1a: Zangoose|def|1\n|-unboost|p1a: Zangoose|spd|1\n|move|p2a: Duraludon|Dragon Tail|p1a: Zangoose\n|-damage|p1a: Zangoose|0 fnt\n|faint|p1a: Zangoose\n|\n|upkeep\n|inactive|Time left: 300 sec this turn | 300 sec total | 5 sec grace\n|\n|t:|1783570869\n|switch|p1a: Bellibolt|Bellibolt, L84, M, tera:Water|320/320\n|turn|16\n|inactive|Time left: 300 sec this turn | 300 sec total\n|\n|t:|1783570870\n|move|p2a: Duraludon|Draco Meteor|p1a: Bellibolt\n|-damage|p1a: Bellibolt|173/320\n|-unboost|p2a: Duraludon|spa|2\n|-start|p1a: Bellibolt|Charge|Draco Meteor|[from] ability: Electromorphosis\n|move|p1a: Bellibolt|Thunderbolt|p2a: Duraludon\n|-resisted|p2a: Duraludon\n|-damage|p2a: Duraludon|0 fnt\n|faint|p2a: Duraludon\n|-end|p1a: Bellibolt|Charge|[silent]\n|\n|-heal|p1a: Bellibolt|193/320|[from] item: Leftovers\n|upkeep\n|\n|t:|1783570871\n|switch|p2a: Flamigo|Flamigo, L82, F, tera:Fighting|77/100\n|turn|17\n|inactive|Time left: 300 sec this turn | 300 sec total\n|\n|t:|1783570872\n|move|p2a: Flamigo|Close Combat|p1a: Bellibolt\n|-damage|p1a: Bellibolt|0 fnt\n|-unboost|p2a: Flamigo|def|1\n|-unboost|p2a: Flamigo|spd|1\n|faint|p1a: Bellibolt\n|\n|win|p0y27649e1d", "uploadtime": 1783570872, "views": 0, "rating": 0, "private": 0, "password": null, "_winner": "p0y27649e1d", "_our_name": "p0x276470b3"}