{"id": "battle-gen9randombattle-1709", "formatid": "gen9randombattle", "format": "[Gen 9] Random Battle", "players": ["p0x1709f652", "p0y170935fb"], "log": "|init|battle\n|title|p0x1709f652 vs. p0y170935fb\n|j|\u2606p0x1709f652\n|j|\u2606p0y170935fb\n|t:|1783559793\n|gametype|singles\n|player|p1|p0x1709f652|169|\n|player|p2|p0y170935fb|2|\n|gen|9\n|tier|[Gen 9] Random Battle\n|rule|Species Clause: Limit one of each Pok\u00e9mon\n|rule|HP Percentage Mod: HP is shown in percentages\n|rule|Sleep Clause Mod: Limit one foe put to sleep\n|rule|Illusion Level Mod: Illusion disguises the Pok\u00e9mon's true level\n|\n|t:|1783559793\n|teamsize|p1|6\n|teamsize|p2|6\n|start\n|switch|p1a: Gouging Fire|Gouging Fire, L74|100/100\n|switch|p2a: Kleavor|Kleavor, L78, F|237/237\n|turn|1\n|inactive|Battle timer is ON: inactive players will automatically lose when time's up. (requested by p0y170935fb)\n|inactive|p0x1709f652 also wants the timer to be on.\n|\n|t:|1783559795\n|-end|p1a: Gouging Fire|Protosynthesis|[silent]\n|switch|p1a: Ursaluna|Ursaluna, L79, M|100/100\n|move|p2a: Kleavor|Stone Axe|p1a: Ursaluna\n|-resisted|p1a: Ursaluna\n|-damage|p1a: Ursaluna|84/100\n|-sidestart|p1: p0x1709f652|move: Stealth Rock\n|\n|-status|p1a: Ursaluna|brn|[from] item: Flame Orb\n|upkeep\n|turn|2\n|inactive|Time left: 300 sec this turn | 300 sec total\n|\n|t:|1783559796\n|move|p2a: Kleavor|Swords Dance|p2a: Kleavor\n|-boost|p2a: Kleavor|atk|2\n|move|p1a: Ursaluna|Facade|p2a: Kleavor\n|-resisted|p2a: Kleavor\n|-crit|p2a: Kleavor\n|-damage|p2a: Kleavor|45/237\n|\n|-damage|p1a: Ursaluna|78/100 brn|[from] brn\n|upkeep\n|turn|3\n|inactive|Time left: 300 sec this turn | 300 sec total\n|\n|t:|1783559797\n|switch|p1a: Gouging Fire|Gouging Fire, L74|100/100\n|move|p2a: Kleavor|Close Combat|p1a: Gouging Fire\n|-damage|p1a: Gouging Fire|35/100\n|-unboost|p2a: Kleavor|def|1\n|-unboost|p2a: Kleavor|spd|1\n|\n|upkeep\n|turn|4\n|inactive|Time left: 300 sec this turn | 300 sec total\n|\n|t:|1783559797\n|move|p2a: Kleavor|X-Scissor|p1a: Gouging Fire\n|-resisted|p1a: Gouging Fire\n|-damage|p1a: Gouging Fire|0 fnt\n|faint|p1a: Gouging Fire\n|-end|p1a: Gouging Fire|Protosynthesis|[silent]\n|\n|upkeep\n|\n|t:|1783559798\n|switch|p1a: Falinks|Falinks, L84|100/100\n|-damage|p1a: Falinks|94/100|[from] Stealth Rock\n|turn|5\n|inactive|Time left: 300 sec this turn | 300 sec total\n|\n|t:|1783559799\n|-terastallize|p2a: Kleavor|Fighting\n|move|p2a: Kleavor|Close Combat|p1a: Falinks\n|-damage|p1a: Falinks|0 fnt\n|-unboost|p2a: Kleavor|def|1\n|-unboost|p2a: Kleavor|spd|1\n|faint|p1a: Falinks\n|\n|upkeep\n|\n|t:|1783559800\n|switch|p1a: Luvdisc|Luvdisc, F|100/100\n|turn|6\n|inactive|Time left: 300 sec this turn | 300 sec total\n|\n|t:|1783559801\n|switch|p2a: Wo-Chien|Wo-Chien, L83|277/277\n|-ability|p2a: Wo-Chien|Tablets of Ruin\n|move|p1a: Luvdisc|Surf|p2a: Wo-Chien\n|-resisted|p2a: Wo-Chien\n|-damage|p2a: Wo-Chien|252/277\n|\n|-heal|p2a: Wo-Chien|269/277|[from] item: Leftovers\n|upkeep\n|turn|7\n|inactive|Time left: 300 sec this turn | 300 sec total\n|\n|t:|1783559803\n|move|p1a: Luvdisc|Substitute|p1a: Luvdisc\n|-start|p1a: Luvdisc|Substitute\n|-damage|p1a: Luvdisc|76/100\n|move|p2a: Wo-Chien|Knock Off|p1a: Luvdisc\n|-end|p1a: Luvdisc|Substitute\n|\n|-heal|p2a: Wo-Chien|277/277|[from] item: Leftovers\n|upkeep\n|turn|8\n|inactive|Time left: 300 sec this turn | 300 sec total\n|\n|t:|1783559804\n|move|p1a: Luvdisc|Substitute|p1a: Luvdisc\n|-start|p1a: Luvdisc|Substitute\n|-damage|p1a: Luvdisc|51/100\n|move|p2a: Wo-Chien|Knock Off|p1a: Luvdisc\n|-end|p1a: Luvdisc|Substitute\n|\n|upkeep\n|turn|9\n|inactive|Time left: 300 sec this turn | 300 sec total\n|\n|t:|1783559804\n|move|p1a: Luvdisc|Substitute|p1a: Luvdisc\n|-start|p1a: Luvdisc|Substitute\n|-damage|p1a: Luvdisc|26/100\n|move|p2a: Wo-Chien|Knock Off|p1a: Luvdisc\n|-crit|p1a: Luvdisc\n|-end|p1a: Luvdisc|Substitute\n|\n|upkeep\n|turn|10\n|inactive|Time left: 300 sec this turn | 300 sec total\n|\n|t:|1783559805\n|move|p1a: Luvdisc|Substitute|p1a: Luvdisc\n|-start|p1a: Luvdisc|Substitute\n|-damage|p1a: Luvdisc|2/100\n|move|p2a: Wo-Chien|Knock Off|p1a: Luvdisc\n|-end|p1a: Luvdisc|Substitute\n|\n|upkeep\n|turn|11\n|inactive|Time left: 300 sec this turn | 300 sec total\n|\n|t:|1783559806\n|switch|p2a: Golurk|Golurk, L87|297/297\n|move|p1a: Luvdisc|Endeavor|p2a: Golurk\n|-immune|p2a: Golurk\n|\n|upkeep\n|turn|12\n|inactive|Time left: 300 sec this turn | 300 sec total\n|\n|t:|1783559807\n|move|p1a: Luvdisc|Surf|p2a: Golurk\n|-supereffective|p2a: Golurk\n|-damage|p2a: Golurk|133/297\n|move|p2a: Golurk|Dynamic Punch|p1a: Luvdisc\n|-damage|p1a: Luvdisc|0 fnt\n|faint|p1a: Luvdisc\n|\n|upkeep\n|\n|t:|1783559808\n|switch|p1a: Empoleon|Empoleon, L84, F|100/100\n|-damage|p1a: Empoleon|94/100|[from] Stealth Rock\n|turn|13\n|inactive|Time left: 300 sec this turn | 300 sec total\n|\n|t:|1783559809\n|switch|p2a: Glastrier|Glastrier, L86|312/312\n|move|p1a: Empoleon|Surf|p2a: Glastrier\n|-damage|p2a: Glastrier|225/312\n|\n|-heal|p1a: Empoleon|100/100|[from] item: Leftovers\n|upkeep\n|turn|14\n|inactive|Time left: 300 sec this turn | 300 sec total\n|\n|t:|1783559810\n|move|p1a: Empoleon|Surf|p2a: Glastrier\n|-damage|p2a: Glastrier|138/312\n|move|p2a: Glastrier|High Horsepower|p1a: Empoleon\n|-supereffective|p1a: Empoleon\n|-damage|p1a: Empoleon|35/100\n|\n|-heal|p1a: Empoleon|41/100|[from] item: Leftovers\n|upkeep\n|turn|15\n|inactive|Time left: 300 sec this turn | 300 sec total\n|\n|t:|1783559811\n|move|p1a: Empoleon|Surf|p2a: Glastrier\n|-damage|p2a: Glastrier|45/312\n|move|p2a: Glastrier|Close Combat|p1a: Empoleon\n|-supereffective|p1a: Empoleon\n|-damage|p1a: Empoleon|0 fnt\n|-unboost|p2a: Glastrier|def|1\n|-unboost|p2a: Glastrier|spd|1\n|faint|p1a: Empoleon\n|-ability|p2a: Glastrier|Chilling Neigh|boost\n|-boost|p2a: Glastrier|atk|1\n|\n|upkeep\n|\n|t:|1783559812\n|switch|p1a: Ursaluna|Ursaluna, L79, M|78/100 brn\n|-damage|p1a: Ursaluna|72/100 brn|[from] Stealth Rock\n|turn|16\n|inactive|Time left: 300 sec this turn | 300 sec total\n|\n|t:|1783559813\n|move|p1a: Ursaluna|Trailblaze|p2a: Glastrier\n|-damage|p2a: Glastrier|0 fnt\n|-boost|p1a: Ursaluna|spe|1\n|faint|p2a: Glastrier\n|\n|-damage|p1a: Ursaluna|66/100 brn|[from] brn\n|upkeep\n|inactive|Time left: 300 sec this turn | 300 sec total | 5 sec grace\n|\n|t:|1783559814\n|switch|p2a: Palkia|Palkia, L75|259/259\n|-ability|p2a: Palkia|Pressure\n|turn|17\n|inactive|Time left: 300 sec this turn | 300 sec total\n|\n|t:|1783559815\n|-terastallize|p1a: Ursaluna|Normal\n|move|p2a: Palkia|Hydro Pump|p1a: Ursaluna\n|-damage|p1a: Ursaluna|11/100 brn\n|move|p1a: Ursaluna|Facade|p2a: Palkia\n|-crit|p2a: Palkia\n|-damage|p2a: Palkia|0 fnt\n|faint|p2a: Palkia\n|\n|-damage|p1a: Ursaluna|5/100 brn|[from] brn\n|upkeep\n|inactive|Time left: 300 sec this turn | 300 sec total | 5 sec grace\n|\n|t:|1783559816\n|switch|p2a: Wo-Chien|Wo-Chien, L83|277/277\n|-ability|p2a: Wo-Chien|Tablets of Ruin\n|turn|18\n|inactive|Time left: 300 sec this turn | 300 sec total\n|\n|t:|1783559817\n|switch|p2a: Golurk|Golurk, L87|133/297\n|move|p1a: Ursaluna|Facade|p2a: Golurk\n|-immune|p2a: Golurk\n|\n|-damage|p1a: Ursaluna|0 fnt|[from] brn\n|faint|p1a: Ursaluna\n|upkeep\n|\n|t:|1783559818\n|switch|p1a: Chimecho|Chimecho, L93, M|100/100\n|-damage|p1a: Chimecho|88/100|[from] Stealth Rock\n|turn|19\n|inactive|Time left: 300 sec this turn | 300 sec total\n|\n|t:|1783559819\n|move|p1a: Chimecho|Psychic Noise|p2a: Golurk\n|-damage|p2a: Golurk|31/297\n|-start|p2a: Golurk|move: Heal Block\n|move|p2a: Golurk|Poltergeist|p1a: Chimecho\n|-activate|p1a: Chimecho|move: Poltergeist|Leftovers\n|-supereffective|p1a: Chimecho\n|-damage|p1a: Chimecho|0 fnt\n|faint|p1a: Chimecho\n|\n|win|p0y170935fb", "uploadtime": 1783559819, "views": 0, "rating": 0, "private": 0, "password": null, "_winner": "p0y170935fb", "_our_name": "p0y170935fb"}