{"id": "battle-gen9randombattle-1947", "formatid": "gen9randombattle", "format": "[Gen 9] Random Battle", "players": ["p0x19479e9f", "p0y19470001"], "log": "|init|battle\n|title|p0x19479e9f vs. p0y19470001\n|j|\u2606p0x19479e9f\n|j|\u2606p0y19470001\n|t:|1783561774\n|gametype|singles\n|player|p1|p0x19479e9f|265|\n|player|p2|p0y19470001|266|\n|gen|9\n|tier|[Gen 9] Random Battle\n|rule|Species Clause: Limit one of each Pok\u00e9mon\n|rule|HP Percentage Mod: HP is shown in percentages\n|rule|Sleep Clause Mod: Limit one foe put to sleep\n|rule|Illusion Level Mod: Illusion disguises the Pok\u00e9mon's true level\n|\n|t:|1783561774\n|teamsize|p1|6\n|teamsize|p2|6\n|start\n|switch|p1a: Gliscor|Gliscor, L76, M|239/239\n|switch|p2a: Whimsicott|Whimsicott, L84, F|100/100\n|turn|1\n|inactive|Battle timer is ON: inactive players will automatically lose when time's up. (requested by p0y19470001)\n|inactive|Time left: 300 sec this turn | 300 sec total | 60 sec grace\n|\n|t:|1783561775\n|move|p2a: Whimsicott|Leech Seed|p1a: Gliscor\n|-start|p1a: Gliscor|move: Leech Seed\n|move|p1a: Gliscor|Toxic Spikes|p2a: Whimsicott\n|-sidestart|p2: p0y19470001|move: Toxic Spikes\n|\n|-damage|p1a: Gliscor|210/239|[from] Leech Seed|[of] p2a: Whimsicott\n|-status|p1a: Gliscor|tox|[from] item: Toxic Orb\n|upkeep\n|turn|2\n|inactive|Time left: 300 sec this turn | 300 sec total\n|inactive|p0x19479e9f also wants the timer to be on.\n|\n|t:|1783561776\n|switch|p1a: Glaceon|Glaceon, L94, M|275/275\n|move|p2a: Whimsicott|Moonblast|p1a: Glaceon\n|-damage|p1a: Glaceon|199/275\n|\n|upkeep\n|turn|3\n|inactive|Time left: 300 sec this turn | 300 sec total\n|\n|t:|1783561777\n|move|p2a: Whimsicott|Substitute|p2a: Whimsicott\n|-start|p2a: Whimsicott|Substitute\n|-damage|p2a: Whimsicott|76/100\n|move|p1a: Glaceon|Freeze-Dry|p2a: Whimsicott\n|-supereffective|p2a: Whimsicott\n|-end|p2a: Whimsicott|Substitute\n|\n|-heal|p2a: Whimsicott|82/100|[from] item: Leftovers\n|upkeep\n|turn|4\n|inactive|Time left: 300 sec this turn | 300 sec total\n|\n|t:|1783561778\n|move|p2a: Whimsicott|Substitute|p2a: Whimsicott\n|-start|p2a: Whimsicott|Substitute\n|-damage|p2a: Whimsicott|57/100\n|move|p1a: Glaceon|Freeze-Dry|p2a: Whimsicott\n|-supereffective|p2a: Whimsicott\n|-end|p2a: Whimsicott|Substitute\n|\n|-heal|p2a: Whimsicott|63/100|[from] item: Leftovers\n|upkeep\n|turn|5\n|inactive|Time left: 300 sec this turn | 300 sec total\n|\n|t:|1783561780\n|move|p2a: Whimsicott|Leech Seed|p1a: Glaceon\n|-start|p1a: Glaceon|move: Leech Seed\n|move|p1a: Glaceon|Freeze-Dry|p2a: Whimsicott\n|-supereffective|p2a: Whimsicott\n|-damage|p2a: Whimsicott|0 fnt\n|faint|p2a: Whimsicott\n|\n|upkeep\n|\n|t:|1783561780\n|switch|p2a: Spidops|Spidops, L96, M|100/100\n|turn|6\n|inactive|Time left: 300 sec this turn | 300 sec total\n|\n|t:|1783561782\n|switch|p1a: Grimmsnarl|Grimmsnarl, L83, M|293/293\n|move|p2a: Spidops|Sticky Web|p1a: Grimmsnarl\n|-sidestart|p1: p0x19479e9f|move: Sticky Web\n|\n|upkeep\n|turn|7\n|inactive|Time left: 300 sec this turn | 300 sec total\n|\n|t:|1783561783\n|move|p1a: Grimmsnarl|Spirit Break|p2a: Spidops\n|-damage|p2a: Spidops|70/100\n|-unboost|p2a: Spidops|spa|1\n|move|p2a: Spidops|Spikes|p1a: Grimmsnarl\n|-sidestart|p1: p0x19479e9f|Spikes\n|\n|upkeep\n|turn|8\n|inactive|Time left: 300 sec this turn | 300 sec total\n|\n|t:|1783561784\n|switch|p2a: Drednaw|Drednaw, L81, F|100/100\n|-status|p2a: Drednaw|psn\n|move|p1a: Grimmsnarl|Spirit Break|p2a: Drednaw\n|-damage|p2a: Drednaw|66/100 psn\n|-unboost|p2a: Drednaw|spa|1\n|-enditem|p2a: Drednaw|White Herb\n|-clearnegativeboost|p2a: Drednaw|[silent]\n|\n|-damage|p2a: Drednaw|54/100 psn|[from] psn\n|upkeep\n|turn|9\n|inactive|Time left: 300 sec this turn | 300 sec total\n|\n|t:|1783561785\n|move|p2a: Drednaw|Liquidation|p1a: Grimmsnarl\n|-damage|p1a: Grimmsnarl|167/293\n|move|p1a: Grimmsnarl|Spirit Break|p2a: Drednaw\n|-damage|p2a: Drednaw|21/100 psn\n|-unboost|p2a: Drednaw|spa|1\n|\n|-heal|p1a: Grimmsnarl|185/293|[from] item: Leftovers\n|-damage|p2a: Drednaw|9/100 psn|[from] psn\n|upkeep\n|turn|10\n|inactive|Time left: 300 sec this turn | 300 sec total\n|\n|t:|1783561786\n|move|p1a: Grimmsnarl|Sucker Punch|p2a: Drednaw\n|-damage|p2a: Drednaw|0 fnt\n|faint|p2a: Drednaw\n|\n|-heal|p1a: Grimmsnarl|203/293|[from] item: Leftovers\n|upkeep\n|\n|t:|1783561787\n|switch|p2a: Golem|Golem-Alola, L93, M|100/100\n|-status|p2a: Golem|psn\n|turn|11\n|inactive|Time left: 300 sec this turn | 300 sec total\n|\n|t:|1783561788\n|move|p1a: Grimmsnarl|Spirit Break|p2a: Golem\n|-damage|p2a: Golem|81/100 psn\n|-unboost|p2a: Golem|spa|1\n|move|p2a: Golem|Stone Edge|p1a: Grimmsnarl|[miss]\n|-miss|p2a: Golem|p1a: Grimmsnarl\n|\n|-heal|p1a: Grimmsnarl|221/293|[from] item: Leftovers\n|-damage|p2a: Golem|69/100 psn|[from] psn\n|upkeep\n|turn|12\n|inactive|Time left: 300 sec this turn | 300 sec total\n|\n|t:|1783561789\n|move|p1a: Grimmsnarl|Spirit Break|p2a: Golem\n|-damage|p2a: Golem|49/100 psn\n|-unboost|p2a: Golem|spa|1\n|move|p2a: Golem|Stone Edge|p1a: Grimmsnarl\n|-damage|p1a: Grimmsnarl|0 fnt\n|faint|p1a: Grimmsnarl\n|-damage|p2a: Golem|39/100 psn|[from] item: Life Orb\n|\n|-damage|p2a: Golem|27/100 psn|[from] psn\n|upkeep\n|inactive|Time left: 300 sec this turn | 300 sec total | 5 sec grace\n|\n|t:|1783561790\n|switch|p1a: Glaceon|Glaceon, L94, M|199/275\n|turn|13\n|inactive|Time left: 300 sec this turn | 300 sec total\n|\n|t:|1783561791\n|move|p1a: Glaceon|Freeze-Dry|p2a: Golem\n|-damage|p2a: Golem|0 fnt\n|faint|p2a: Golem\n|\n|upkeep\n|\n|t:|1783561792\n|switch|p2a: Spidops|Spidops, L96, M|70/100\n|turn|14\n|inactive|Time left: 300 sec this turn | 300 sec total\n|\n|t:|1783561793\n|move|p1a: Glaceon|Freeze-Dry|p2a: Spidops\n|-damage|p2a: Spidops|31/100\n|move|p2a: Spidops|Knock Off|p1a: Glaceon\n|-damage|p1a: Glaceon|145/275\n|-enditem|p1a: Glaceon|Heavy-Duty Boots|[from] move: Knock Off|[of] p2a: Spidops\n|\n|upkeep\n|turn|15\n|inactive|Time left: 300 sec this turn | 300 sec total\n|\n|t:|1783561794\n|switch|p2a: Ampharos|Ampharos, L88, M|100/100\n|-status|p2a: Ampharos|psn\n|move|p1a: Glaceon|Freeze-Dry|p2a: Ampharos\n|-damage|p2a: Ampharos|75/100 psn\n|\n|-damage|p2a: Ampharos|62/100 psn|[from] psn\n|upkeep\n|turn|16\n|inactive|Time left: 300 sec this turn | 300 sec total\n|\n|t:|1783561795\n|move|p1a: Glaceon|Freeze-Dry|p2a: Ampharos\n|-damage|p2a: Ampharos|38/100 psn\n|move|p2a: Ampharos|Thunderbolt|p1a: Glaceon\n|-damage|p1a: Glaceon|34/275\n|\n|-damage|p2a: Ampharos|25/100 psn|[from] psn\n|upkeep\n|turn|17\n|inactive|Time left: 300 sec this turn | 300 sec total\n|\n|t:|1783561796\n|move|p1a: Glaceon|Freeze-Dry|p2a: Ampharos\n|-damage|p2a: Ampharos|2/100 psn\n|move|p2a: Ampharos|Dragon Tail|p1a: Glaceon\n|-damage|p1a: Glaceon|4/275\n|drag|p1a: Moltres|Moltres, L81|278/278\n|\n|-damage|p2a: Ampharos|0 fnt|[from] psn\n|faint|p2a: Ampharos\n|upkeep\n|\n|t:|1783561797\n|switch|p2a: Feraligatr|Feraligatr, L79, F|100/100\n|-status|p2a: Feraligatr|psn\n|turn|18\n|inactive|Time left: 300 sec this turn | 300 sec total\n|\n|t:|1783561798\n|switch|p1a: Glaceon|Glaceon, L94, M|4/275\n|-activate|p1a: Glaceon|move: Sticky Web\n|-unboost|p1a: Glaceon|spe|1\n|-damage|p1a: Glaceon|0 fnt|[from] Spikes\n|faint|p1a: Glaceon\n|move|p2a: Feraligatr|Dragon Dance|p2a: Feraligatr\n|-boost|p2a: Feraligatr|atk|1\n|-boost|p2a: Feraligatr|spe|1\n|\n|-damage|p2a: Feraligatr|88/100 psn|[from] psn\n|upkeep\n|inactive|Time left: 300 sec this turn | 300 sec total | 5 sec grace\n|\n|t:|1783561799\n|switch|p1a: Gliscor|Gliscor, L76, M|210/239 tox\n|turn|19\n|inactive|Time left: 300 sec this turn | 300 sec total\n|\n|t:|1783561800\n|-terastallize|p1a: Gliscor|Water\n|move|p2a: Feraligatr|Dragon Dance|p2a: Feraligatr\n|-boost|p2a: Feraligatr|atk|1\n|-boost|p2a: Feraligatr|spe|1\n|move|p1a: Gliscor|Earthquake|p2a: Feraligatr\n|-damage|p2a: Feraligatr|59/100 psn\n|\n|-damage|p2a: Feraligatr|47/100 psn|[from] psn\n|-heal|p1a: Gliscor|239/239 tox|[from] ability: Poison Heal\n|upkeep\n|turn|20\n|inactive|Time left: 300 sec this turn | 300 sec total\n|\n|t:|1783561801\n|move|p2a: Feraligatr|Dragon Dance|p2a: Feraligatr\n|-boost|p2a: Feraligatr|atk|1\n|-boost|p2a: Feraligatr|spe|1\n|move|p1a: Gliscor|Earthquake|p2a: Feraligatr\n|-damage|p2a: Feraligatr|14/100 psn\n|\n|-damage|p2a: Feraligatr|1/100 psn|[from] psn\n|upkeep\n|turn|21\n|inactive|Time left: 300 sec this turn | 300 sec total\n|\n|t:|1783561802\n|move|p1a: Gliscor|Protect|p1a: Gliscor\n|-singleturn|p1a: Gliscor|Protect\n|move|p2a: Feraligatr|Liquidation|p1a: Gliscor\n|-activate|p1a: Gliscor|move: Protect\n|\n|-damage|p2a: Feraligatr|0 fnt|[from] psn\n|faint|p2a: Feraligatr\n|upkeep\n|\n|t:|1783561803\n|switch|p2a: Spidops|Spidops, L96, M|31/100\n|turn|22\n|inactive|Time left: 300 sec this turn | 300 sec total\n|\n|t:|1783561803\n|move|p1a: Gliscor|Knock Off|p2a: Spidops\n|-damage|p2a: Spidops|14/100\n|-enditem|p2a: Spidops|Heavy-Duty Boots|[from] move: Knock Off|[of] p1a: Gliscor\n|move|p2a: Spidops|Spikes|p1a: Gliscor\n|-sidestart|p1: p0x19479e9f|Spikes\n|\n|upkeep\n|turn|23\n|inactive|Time left: 300 sec this turn | 300 sec total\n|\n|t:|1783561804\n|move|p1a: Gliscor|Earthquake|p2a: Spidops\n|-resisted|p2a: Spidops\n|-damage|p2a: Spidops|0 fnt\n|faint|p2a: Spidops\n|\n|win|p0x19479e9f", "uploadtime": 1783561804, "views": 0, "rating": 0, "private": 0, "password": null, "_winner": "p0x19479e9f", "_our_name": "p0x19479e9f"}