{"id": "battle-gen9randombattle-142", "formatid": "gen9randombattle", "format": "[Gen 9] Random Battle", "players": ["p0x142c785", "p0y142d112"], "log": "|init|battle\n|title|p0x142c785 vs. p0y142d112\n|j|\u2606p0x142c785\n|j|\u2606p0y142d112\n|t:|1783541175\n|gametype|singles\n|player|p1|p0x142c785|265|\n|player|p2|p0y142d112|266|\n|gen|9\n|tier|[Gen 9] Random Battle\n|rule|Species Clause: Limit one of each Pok\u00e9mon\n|rule|HP Percentage Mod: HP is shown in percentages\n|rule|Sleep Clause Mod: Limit one foe put to sleep\n|rule|Illusion Level Mod: Illusion disguises the Pok\u00e9mon's true level\n|\n|t:|1783541175\n|teamsize|p1|6\n|teamsize|p2|6\n|start\n|switch|p1a: Trevenant|Trevenant, L89, F|296/296\n|switch|p2a: Cinderace|Cinderace, L77, M|100/100\n|turn|1\n|inactive|Battle timer is ON: inactive players will automatically lose when time's up. (requested by p0x142c785)\n|\n|t:|1783541177\n|move|p1a: Trevenant|Protect|p1a: Trevenant\n|-singleturn|p1a: Trevenant|Protect\n|move|p2a: Cinderace|Will-O-Wisp|p1a: Trevenant\n|-activate|p1a: Trevenant|move: Protect\n|\n|upkeep\n|turn|2\n|inactive|Time left: 300 sec this turn | 300 sec total\n|inactive|p0y142d112 also wants the timer to be on.\n|\n|t:|1783541178\n|switch|p1a: Volcanion|Volcanion, L79|255/255\n|move|p2a: Cinderace|Pyro Ball|p1a: Volcanion\n|-resisted|p1a: Volcanion\n|-damage|p1a: Volcanion|228/255\n|\n|upkeep\n|turn|3\n|inactive|Time left: 300 sec this turn | 300 sec total\n|\n|t:|1783541179\n|switch|p2a: Muk|Muk, L86, M|100/100\n|move|p1a: Volcanion|Steam Eruption|p2a: Muk\n|-damage|p2a: Muk|74/100\n|\n|upkeep\n|turn|4\n|inactive|Time left: 300 sec this turn | 300 sec total\n|\n|t:|1783541180\n|move|p1a: Volcanion|Steam Eruption|p2a: Muk\n|-damage|p2a: Muk|50/100\n|move|p2a: Muk|Gunk Shot|p1a: Volcanion\n|-damage|p1a: Volcanion|114/255\n|-status|p1a: Volcanion|psn\n|\n|-damage|p1a: Volcanion|83/255 psn|[from] psn\n|upkeep\n|turn|5\n|inactive|Time left: 300 sec this turn | 300 sec total\n|\n|t:|1783541181\n|move|p1a: Volcanion|Steam Eruption|p2a: Muk\n|-damage|p2a: Muk|25/100\n|move|p2a: Muk|Gunk Shot|p1a: Volcanion\n|-crit|p1a: Volcanion\n|-damage|p1a: Volcanion|0 fnt\n|faint|p1a: Volcanion\n|\n|upkeep\n|inactive|Time left: 300 sec this turn | 300 sec total | 5 sec grace\n|\n|t:|1783541182\n|switch|p1a: Ninetales|Ninetales-Alola, L78, M|242/242\n|-weather|Snowscape|[from] ability: Snow Warning|[of] p1a: Ninetales\n|turn|6\n|inactive|Time left: 300 sec this turn | 300 sec total\n|\n|t:|1783541183\n|move|p1a: Ninetales|Aurora Veil|p1a: Ninetales\n|-sidestart|p1: p0x142c785|move: Aurora Veil\n|move|p2a: Muk|Gunk Shot|p1a: Ninetales|[miss]\n|-miss|p2a: Muk|p1a: Ninetales\n|\n|-weather|Snowscape|[upkeep]\n|upkeep\n|turn|7\n|inactive|Time left: 300 sec this turn | 300 sec total\n|\n|t:|1783541185\n|move|p1a: Ninetales|Freeze-Dry|p2a: Muk\n|-damage|p2a: Muk|15/100\n|-status|p2a: Muk|frz\n|cant|p2a: Muk|frz\n|\n|-weather|Snowscape|[upkeep]\n|upkeep\n|turn|8\n|inactive|Time left: 300 sec this turn | 300 sec total\n|\n|t:|1783541186\n|move|p1a: Ninetales|Blizzard|p2a: Muk\n|-damage|p2a: Muk|0 fnt\n|faint|p2a: Muk\n|\n|-weather|Snowscape|[upkeep]\n|upkeep\n|\n|t:|1783541187\n|switch|p2a: Cinderace|Cinderace, L77, M|100/100\n|turn|9\n|inactive|Time left: 300 sec this turn | 300 sec total\n|\n|t:|1783541188\n|move|p2a: Cinderace|Pyro Ball|p1a: Ninetales\n|-supereffective|p1a: Ninetales\n|-damage|p1a: Ninetales|139/242\n|move|p1a: Ninetales|Moonblast|p2a: Cinderace\n|-resisted|p2a: Cinderace\n|-damage|p2a: Cinderace|80/100\n|-unboost|p2a: Cinderace|spa|1\n|\n|-weather|Snowscape|[upkeep]\n|upkeep\n|turn|10\n|inactive|Time left: 300 sec this turn | 300 sec total\n|\n|t:|1783541189\n|move|p2a: Cinderace|Pyro Ball|p1a: Ninetales\n|-supereffective|p1a: Ninetales\n|-damage|p1a: Ninetales|40/242\n|move|p1a: Ninetales|Blizzard|p2a: Cinderace\n|-resisted|p2a: Cinderace\n|-damage|p2a: Cinderace|58/100\n|\n|-weather|none\n|upkeep\n|turn|11\n|inactive|Time left: 300 sec this turn | 300 sec total\n|\n|t:|1783541191\n|move|p2a: Cinderace|Court Change|p2a: Cinderace\n|-start|p2a: Cinderace|typechange|Normal|[from] ability: Libero\n|-swapsideconditions\n|-activate|p2a: Cinderace|move: Court Change\n|move|p1a: Ninetales|Blizzard|p2a: Cinderace|[miss]\n|-miss|p1a: Ninetales|p2a: Cinderace\n|\n|upkeep\n|turn|12\n|inactive|Time left: 300 sec this turn | 300 sec total\n|\n|t:|1783541192\n|move|p2a: Cinderace|Pyro Ball|p1a: Ninetales|[miss]\n|-miss|p2a: Cinderace|p1a: Ninetales\n|move|p1a: Ninetales|Freeze-Dry|p2a: Cinderace\n|-damage|p2a: Cinderace|43/100\n|\n|upkeep\n|turn|13\n|inactive|Time left: 300 sec this turn | 300 sec total\n|\n|t:|1783541193\n|move|p2a: Cinderace|Pyro Ball|p1a: Ninetales\n|-supereffective|p1a: Ninetales\n|-damage|p1a: Ninetales|0 fnt\n|faint|p1a: Ninetales\n|\n|-sideend|p2: p0y142d112|move: Aurora Veil\n|upkeep\n|inactive|Time left: 300 sec this turn | 300 sec total | 5 sec grace\n|\n|t:|1783541194\n|switch|p1a: Trevenant|Trevenant, L89, F|235/235\n|turn|14\n|inactive|Time left: 300 sec this turn | 300 sec total\n|\n|t:|1783541195\n|move|p2a: Cinderace|Will-O-Wisp|p1a: Trevenant\n|-status|p1a: Trevenant|brn\n|move|p1a: Trevenant|Dark Pulse|p2a: Cinderace\n|-damage|p2a: Cinderace|0 fnt\n|faint|p2a: Cinderace\n|\n|-damage|p1a: Trevenant|221/235 brn|[from] brn\n|upkeep\n|\n|t:|1783541196\n|switch|p2a: Medicham|Medicham, L86, F|100/100\n|turn|15\n|inactive|Time left: 300 sec this turn | 300 sec total\n|\n|t:|1783541198\n|move|p2a: Medicham|Ice Punch|p1a: Trevenant\n|-damage|p1a: Trevenant|118/235 brn\n|replace|p1a: Zoroark|Zoroark, L83, F\n|-end|p1a: Zoroark|Illusion\n|-hint|Illusion Level Mod is active, so this Pok\u00e9mon's true level was hidden.\n|move|p1a: Zoroark|Dark Pulse|p2a: Medicham\n|-damage|p2a: Medicham|35/100\n|\n|-damage|p1a: Zoroark|104/235 brn|[from] brn\n|upkeep\n|turn|16\n|inactive|Time left: 300 sec this turn | 300 sec total\n|\n|t:|1783541199\n|switch|p1a: Arceus|Arceus-Dark, L71|288/288\n|move|p2a: Medicham|Ice Punch|p1a: Arceus\n|-damage|p1a: Arceus|214/288\n|\n|upkeep\n|turn|17\n|inactive|Time left: 300 sec this turn | 300 sec total\n|\n|t:|1783541200\n|move|p2a: Medicham|Ice Punch|p1a: Arceus\n|-damage|p1a: Arceus|141/288\n|move|p1a: Arceus|Calm Mind|p1a: Arceus\n|-boost|p1a: Arceus|spa|1\n|-boost|p1a: Arceus|spd|1\n|\n|upkeep\n|turn|18\n|inactive|Time left: 300 sec this turn | 300 sec total\n|\n|t:|1783541201\n|move|p2a: Medicham|Ice Punch|p1a: Arceus\n|-damage|p1a: Arceus|70/288\n|move|p1a: Arceus|Recover|p1a: Arceus\n|-heal|p1a: Arceus|214/288\n|\n|upkeep\n|turn|19\n|inactive|Time left: 300 sec this turn | 300 sec total\n|\n|t:|1783541202\n|move|p2a: Medicham|Ice Punch|p1a: Arceus\n|-damage|p1a: Arceus|139/288\n|-status|p1a: Arceus|frz\n|cant|p1a: Arceus|frz\n|\n|upkeep\n|turn|20\n|inactive|Time left: 300 sec this turn | 300 sec total\n|\n|t:|1783541203\n|move|p2a: Medicham|Ice Punch|p1a: Arceus\n|-damage|p1a: Arceus|61/288 frz\n|-curestatus|p1a: Arceus|frz|[msg]\n|move|p1a: Arceus|Dazzling Gleam|p2a: Medicham\n|-supereffective|p2a: Medicham\n|-damage|p2a: Medicham|0 fnt\n|faint|p2a: Medicham\n|\n|upkeep\n|\n|t:|1783541204\n|switch|p2a: Flapple|Flapple, L88, M|100/100\n|turn|21\n|inactive|Time left: 300 sec this turn | 300 sec total\n|\n|t:|1783541205\n|-terastallize|p2a: Flapple|Fire\n|move|p1a: Arceus|Judgment|p2a: Flapple\n|-damage|p2a: Flapple|27/100\n|move|p2a: Flapple|Dragon Dance|p2a: Flapple\n|-boost|p2a: Flapple|atk|1\n|-boost|p2a: Flapple|spe|1\n|\n|upkeep\n|turn|22\n|inactive|Time left: 300 sec this turn | 300 sec total\n|\n|t:|1783541206\n|move|p2a: Flapple|Grav Apple|p1a: Arceus\n|-damage|p1a: Arceus|0 fnt\n|faint|p1a: Arceus\n|\n|upkeep\n|inactive|Time left: 300 sec this turn | 300 sec total | 5 sec grace\n|\n|t:|1783541207\n|switch|p1a: Trevenant|Trevenant, L89, F|296/296\n|turn|23\n|inactive|Time left: 300 sec this turn | 300 sec total\n|\n|t:|1783541208\n|-terastallize|p1a: Trevenant|Fairy\n|move|p2a: Flapple|Outrage|p1a: Trevenant\n|-immune|p1a: Trevenant\n|move|p1a: Trevenant|Poltergeist|p2a: Flapple\n|-activate|p2a: Flapple|move: Poltergeist|Wide Lens\n|-damage|p2a: Flapple|0 fnt\n|faint|p2a: Flapple\n|\n|upkeep\n|\n|t:|1783541209\n|switch|p2a: Golem|Golem, L87, M|100/100\n|turn|24\n|inactive|Time left: 300 sec this turn | 300 sec total\n|\n|t:|1783541210\n|move|p1a: Trevenant|Toxic|p2a: Golem\n|-status|p2a: Golem|tox\n|move|p2a: Golem|Earthquake|p1a: Trevenant\n|-damage|p1a: Trevenant|158/296\n|\n|-damage|p2a: Golem|94/100 tox|[from] psn\n|upkeep\n|turn|25\n|inactive|Time left: 300 sec this turn | 300 sec total\n|\n|t:|1783541212\n|move|p1a: Trevenant|Drain Punch|p2a: Golem\n|-supereffective|p2a: Golem\n|-damage|p2a: Golem|60/100 tox\n|-heal|p1a: Trevenant|207/296|[from] drain|[of] p2a: Golem\n|move|p2a: Golem|Stone Edge|p1a: Trevenant\n|-damage|p1a: Trevenant|66/296\n|-enditem|p1a: Trevenant|Sitrus Berry|[eat]\n|-heal|p1a: Trevenant|140/296|[from] item: Sitrus Berry\n|\n|-damage|p2a: Golem|47/100 tox|[from] psn\n|upkeep\n|turn|26\n|inactive|Time left: 300 sec this turn | 300 sec total\n|\n|t:|1783541213\n|move|p1a: Trevenant|Protect|p1a: Trevenant\n|-singleturn|p1a: Trevenant|Protect\n|move|p2a: Golem|Earthquake|p1a: Trevenant\n|-activate|p1a: Trevenant|move: Protect\n|\n|-damage|p2a: Golem|29/100 tox|[from] psn\n|-item|p1a: Trevenant|Sitrus Berry|[from] ability: Harvest\n|upkeep\n|-enditem|p1a: Trevenant|Sitrus Berry|[eat]\n|-heal|p1a: Trevenant|214/296|[from] item: Sitrus Berry\n|turn|27\n|inactive|Time left: 300 sec this turn | 300 sec total\n|\n|t:|1783541214\n|move|p1a: Trevenant|Drain Punch|p2a: Golem\n|-supereffective|p2a: Golem\n|-damage|p2a: Golem|0 fnt\n|-heal|p1a: Trevenant|255/296|[from] drain|[of] p2a: Golem\n|faint|p2a: Golem\n|\n|upkeep\n|\n|t:|1783541215\n|switch|p2a: Calyrex|Calyrex, L93|100/100\n|-ability|p2a: Calyrex|Unnerve\n|turn|28\n|inactive|Time left: 300 sec this turn | 300 sec total\n|\n|t:|1783541216\n|move|p2a: Calyrex|Encore|p1a: Trevenant\n|-start|p1a: Trevenant|Encore\n|move|p1a: Trevenant|Drain Punch|p2a: Calyrex\n|-resisted|p2a: Calyrex\n|-damage|p2a: Calyrex|91/100\n|-heal|p1a: Trevenant|271/296|[from] drain|[of] p2a: Calyrex\n|\n|-heal|p2a: Calyrex|97/100|[from] item: Leftovers\n|upkeep\n|turn|29\n|inactive|Time left: 300 sec this turn | 300 sec total\n|\n|t:|1783541217\n|switch|p1a: Gothitelle|Gothitelle, L90, F|104/235 brn\n|move|p2a: Calyrex|Giga Drain|p1a: Gothitelle\n|-damage|p1a: Gothitelle|0 fnt\n|-heal|p2a: Calyrex|100/100|[from] drain|[of] p1a: Gothitelle\n|replace|p1a: Zoroark|Zoroark, L83, F\n|-end|p1a: Zoroark|Illusion\n|faint|p1a: Zoroark\n|\n|upkeep\n|inactive|Time left: 300 sec this turn | 300 sec total | 5 sec grace\n|\n|t:|1783541218\n|switch|p1a: Trevenant|Trevenant, L89, F, tera:Fairy|271/296\n|turn|30\n|inactive|Time left: 300 sec this turn | 300 sec total\n|\n|t:|1783541219\n|move|p2a: Calyrex|Psyshock|p1a: Trevenant\n|-damage|p1a: Trevenant|174/296\n|move|p1a: Trevenant|Poltergeist|p2a: Calyrex\n|-activate|p2a: Calyrex|move: Poltergeist|Leftovers\n|-supereffective|p2a: Calyrex\n|-damage|p2a: Calyrex|16/100\n|\n|-heal|p2a: Calyrex|22/100|[from] item: Leftovers\n|upkeep\n|turn|31\n|inactive|Time left: 300 sec this turn | 300 sec total\n|\n|t:|1783541220\n|move|p2a: Calyrex|Psyshock|p1a: Trevenant\n|-damage|p1a: Trevenant|84/296\n|move|p1a: Trevenant|Poltergeist|p2a: Calyrex\n|-activate|p2a: Calyrex|move: Poltergeist|Leftovers\n|-supereffective|p2a: Calyrex\n|-damage|p2a: Calyrex|0 fnt\n|faint|p2a: Calyrex\n|\n|win|p0x142c785", "uploadtime": 1783541220, "views": 0, "rating": 0, "private": 0, "password": null, "_winner": "p0x142c785", "_our_name": "p0x142c785"}