{"id": "battle-gen9randombattle-2741", "formatid": "gen9randombattle", "format": "[Gen 9] Random Battle", "players": ["p0x274109fa", "p0y2741ab0f"], "log": "|init|battle\n|title|p0x274109fa vs. p0y2741ab0f\n|j|\u2606p0x274109fa\n|j|\u2606p0y2741ab0f\n|t:|1783570605\n|gametype|singles\n|player|p1|p0x274109fa|265|\n|player|p2|p0y2741ab0f|266|\n|gen|9\n|tier|[Gen 9] Random Battle\n|rule|Species Clause: Limit one of each Pok\u00e9mon\n|rule|HP Percentage Mod: HP is shown in percentages\n|rule|Sleep Clause Mod: Limit one foe put to sleep\n|rule|Illusion Level Mod: Illusion disguises the Pok\u00e9mon's true level\n|\n|t:|1783570605\n|teamsize|p1|6\n|teamsize|p2|6\n|start\n|switch|p1a: Ogerpon|Ogerpon-Cornerstone, L76, F|247/247\n|switch|p2a: Stonjourner|Stonjourner, L91, F|100/100\n|turn|1\n|inactive|Battle timer is ON: inactive players will automatically lose when time's up. (requested by p0y2741ab0f)\n|inactive|Time left: 300 sec this turn | 300 sec total | 60 sec grace\n|inactive|p0x274109fa also wants the timer to be on.\n|\n|t:|1783570606\n|move|p1a: Ogerpon|Swords Dance|p1a: Ogerpon\n|-boost|p1a: Ogerpon|atk|2\n|move|p2a: Stonjourner|Stone Edge|p1a: Ogerpon\n|-damage|p1a: Ogerpon|4/247\n|-damage|p2a: Stonjourner|90/100|[from] item: Life Orb\n|\n|upkeep\n|turn|2\n|inactive|Time left: 300 sec this turn | 300 sec total\n|\n|t:|1783570607\n|move|p1a: Ogerpon|Power Whip|p2a: Stonjourner\n|-supereffective|p2a: Stonjourner\n|-damage|p2a: Stonjourner|0 fnt\n|faint|p2a: Stonjourner\n|\n|upkeep\n|\n|t:|1783570607\n|switch|p2a: Pyroar|Pyroar, L88, M|100/100\n|-ability|p2a: Pyroar|Unnerve\n|turn|3\n|inactive|Time left: 300 sec this turn | 300 sec total\n|\n|t:|1783570608\n|move|p2a: Pyroar|Hyper Voice|p1a: Ogerpon\n|-resisted|p1a: Ogerpon\n|-damage|p1a: Ogerpon|0 fnt\n|faint|p1a: Ogerpon\n|\n|upkeep\n|inactive|Time left: 300 sec this turn | 300 sec total | 5 sec grace\n|\n|t:|1783570608\n|switch|p1a: Quagsire|Quagsire, L84, F|297/297\n|turn|4\n|inactive|Time left: 300 sec this turn | 300 sec total\n|\n|t:|1783570609\n|move|p2a: Pyroar|Fire Blast|p1a: Quagsire\n|-resisted|p1a: Quagsire\n|-damage|p1a: Quagsire|216/297\n|move|p1a: Quagsire|Earthquake|p2a: Pyroar\n|-supereffective|p2a: Pyroar\n|-damage|p2a: Pyroar|23/100\n|\n|-heal|p1a: Quagsire|234/297|[from] item: Leftovers\n|upkeep\n|turn|5\n|inactive|Time left: 300 sec this turn | 300 sec total\n|\n|t:|1783570610\n|move|p2a: Pyroar|Hyper Voice|p1a: Quagsire\n|-damage|p1a: Quagsire|99/297\n|move|p1a: Quagsire|Earthquake|p2a: Pyroar\n|-supereffective|p2a: Pyroar\n|-damage|p2a: Pyroar|0 fnt\n|faint|p2a: Pyroar\n|\n|-heal|p1a: Quagsire|117/297|[from] item: Leftovers\n|upkeep\n|\n|t:|1783570611\n|switch|p2a: Enamorus|Enamorus-Therian, L83, F|100/100\n|turn|6\n|inactive|Time left: 300 sec this turn | 300 sec total\n|\n|t:|1783570612\n|switch|p1a: Cresselia|Cresselia, L80, F|323/323\n|move|p2a: Enamorus|Moonblast|p1a: Cresselia\n|-damage|p1a: Cresselia|218/323\n|\n|-heal|p1a: Cresselia|238/323|[from] item: Leftovers\n|upkeep\n|turn|7\n|inactive|Time left: 300 sec this turn | 300 sec total\n|\n|t:|1783570613\n|move|p1a: Cresselia|Calm Mind|p1a: Cresselia\n|-boost|p1a: Cresselia|spa|1\n|-boost|p1a: Cresselia|spd|1\n|move|p2a: Enamorus|Moonblast|p1a: Cresselia\n|-damage|p1a: Cresselia|163/323\n|\n|-heal|p1a: Cresselia|183/323|[from] item: Leftovers\n|upkeep\n|turn|8\n|inactive|Time left: 300 sec this turn | 300 sec total\n|\n|t:|1783570614\n|switch|p2a: Mightyena|Mightyena, L96, F|100/100\n|-ability|p2a: Mightyena|Intimidate|boost\n|-unboost|p1a: Cresselia|atk|1\n|move|p1a: Cresselia|Calm Mind|p1a: Cresselia\n|-boost|p1a: Cresselia|spa|1\n|-boost|p1a: Cresselia|spd|1\n|\n|-heal|p1a: Cresselia|203/323|[from] item: Leftovers\n|upkeep\n|turn|9\n|inactive|Time left: 300 sec this turn | 300 sec total\n|\n|t:|1783570615\n|-terastallize|p1a: Cresselia|Fairy\n|move|p2a: Mightyena|Crunch|p1a: Cresselia\n|-resisted|p1a: Cresselia\n|-damage|p1a: Cresselia|155/323\n|-unboost|p1a: Cresselia|def|1\n|move|p1a: Cresselia|Moonblast|p2a: Mightyena\n|-supereffective|p2a: Mightyena\n|-damage|p2a: Mightyena|17/100\n|-unboost|p2a: Mightyena|spa|1\n|\n|-heal|p1a: Cresselia|175/323|[from] item: Leftovers\n|upkeep\n|turn|10\n|inactive|Time left: 300 sec this turn | 300 sec total\n|\n|t:|1783570616\n|move|p2a: Mightyena|Poison Fang|p1a: Cresselia\n|-supereffective|p1a: Cresselia\n|-damage|p1a: Cresselia|53/323\n|-status|p1a: Cresselia|tox\n|move|p1a: Cresselia|Moonblast|p2a: Mightyena\n|-supereffective|p2a: Mightyena\n|-damage|p2a: Mightyena|0 fnt\n|faint|p2a: Mightyena\n|\n|-heal|p1a: Cresselia|73/323 tox|[from] item: Leftovers\n|-damage|p1a: Cresselia|53/323 tox|[from] psn\n|upkeep\n|\n|t:|1783570617\n|switch|p2a: Drifblim|Drifblim, L86, M|100/100\n|turn|11\n|inactive|Time left: 300 sec this turn | 300 sec total\n|\n|t:|1783570618\n|move|p2a: Drifblim|Calm Mind|p2a: Drifblim\n|-boost|p2a: Drifblim|spa|1\n|-boost|p2a: Drifblim|spd|1\n|move|p1a: Cresselia|Moonlight|p1a: Cresselia\n|-heal|p1a: Cresselia|214/323 tox\n|\n|-heal|p1a: Cresselia|234/323 tox|[from] item: Leftovers\n|-damage|p1a: Cresselia|194/323 tox|[from] psn\n|upkeep\n|turn|12\n|inactive|Time left: 300 sec this turn | 300 sec total\n|\n|t:|1783570619\n|move|p2a: Drifblim|Calm Mind|p2a: Drifblim\n|-boost|p2a: Drifblim|spa|1\n|-boost|p2a: Drifblim|spd|1\n|move|p1a: Cresselia|Moonlight|p1a: Cresselia\n|-heal|p1a: Cresselia|323/323 tox\n|\n|-damage|p1a: Cresselia|263/323 tox|[from] psn\n|upkeep\n|turn|13\n|inactive|Time left: 300 sec this turn | 300 sec total\n|\n|t:|1783570620\n|move|p2a: Drifblim|Shadow Ball|p1a: Cresselia\n|-damage|p1a: Cresselia|190/323 tox\n|move|p1a: Cresselia|Moonblast|p2a: Drifblim\n|-crit|p2a: Drifblim\n|-damage|p2a: Drifblim|26/100\n|-enditem|p2a: Drifblim|Sitrus Berry|[eat]\n|-heal|p2a: Drifblim|51/100|[from] item: Sitrus Berry\n|\n|-heal|p1a: Cresselia|210/323 tox|[from] item: Leftovers\n|-damage|p1a: Cresselia|130/323 tox|[from] psn\n|upkeep\n|turn|14\n|inactive|Time left: 300 sec this turn | 300 sec total\n|\n|t:|1783570622\n|move|p2a: Drifblim|Strength Sap|p1a: Cresselia\n|-unboost|p1a: Cresselia|atk|1\n|-heal|p2a: Drifblim|71/100\n|move|p1a: Cresselia|Psyshock|p2a: Drifblim\n|-damage|p2a: Drifblim|17/100\n|\n|-heal|p1a: Cresselia|150/323 tox|[from] item: Leftovers\n|-damage|p1a: Cresselia|50/323 tox|[from] psn\n|upkeep\n|turn|15\n|inactive|Time left: 300 sec this turn | 300 sec total\n|\n|t:|1783570623\n|move|p2a: Drifblim|Shadow Ball|p1a: Cresselia\n|-damage|p1a: Cresselia|0 fnt\n|faint|p1a: Cresselia\n|\n|upkeep\n|inactive|Time left: 300 sec this turn | 300 sec total | 5 sec grace\n|\n|t:|1783570624\n|switch|p1a: Skeledirge|Skeledirge, L79, F|294/294\n|turn|16\n|inactive|Time left: 300 sec this turn | 300 sec total\n|\n|t:|1783570625\n|move|p2a: Drifblim|Air Slash|p1a: Skeledirge\n|-damage|p1a: Skeledirge|195/294\n|cant|p1a: Skeledirge|flinch\n|\n|upkeep\n|turn|17\n|inactive|Time left: 300 sec this turn | 300 sec total\n|\n|t:|1783570626\n|move|p2a: Drifblim|Shadow Ball|p1a: Skeledirge\n|-supereffective|p1a: Skeledirge\n|-damage|p1a: Skeledirge|0 fnt\n|faint|p1a: Skeledirge\n|\n|upkeep\n|inactive|Time left: 300 sec this turn | 300 sec total | 5 sec grace\n|\n|t:|1783570627\n|switch|p1a: Quagsire|Quagsire, L84, F|117/297\n|turn|18\n|inactive|Time left: 300 sec this turn | 300 sec total\n|\n|t:|1783570628\n|move|p2a: Drifblim|Strength Sap|p1a: Quagsire\n|-unboost|p1a: Quagsire|atk|1\n|-heal|p2a: Drifblim|65/100\n|move|p1a: Quagsire|Toxic|p2a: Drifblim|[miss]\n|-miss|p1a: Quagsire|p2a: Drifblim\n|\n|-heal|p1a: Quagsire|135/297|[from] item: Leftovers\n|upkeep\n|turn|19\n|inactive|Time left: 300 sec this turn | 300 sec total\n|\n|t:|1783570629\n|move|p2a: Drifblim|Air Slash|p1a: Quagsire\n|-damage|p1a: Quagsire|44/297\n|cant|p1a: Quagsire|flinch\n|\n|-heal|p1a: Quagsire|62/297|[from] item: Leftovers\n|upkeep\n|turn|20\n|inactive|Time left: 300 sec this turn | 300 sec total\n|\n|t:|1783570630\n|move|p2a: Drifblim|Shadow Ball|p1a: Quagsire\n|-damage|p1a: Quagsire|0 fnt\n|faint|p1a: Quagsire\n|\n|upkeep\n|inactive|Time left: 300 sec this turn | 300 sec total | 5 sec grace\n|\n|t:|1783570631\n|switch|p1a: Gengar|Gengar, L81, F|230/230\n|turn|21\n|inactive|Time left: 300 sec this turn | 300 sec total\n|\n|t:|1783570632\n|move|p2a: Drifblim|Shadow Ball|p1a: Gengar\n|-supereffective|p1a: Gengar\n|-damage|p1a: Gengar|0 fnt\n|faint|p1a: Gengar\n|\n|upkeep\n|inactive|Time left: 300 sec this turn | 300 sec total | 5 sec grace\n|\n|t:|1783570633\n|switch|p1a: Cloyster|Cloyster, L80, F|211/211\n|turn|22\n|inactive|Time left: 300 sec this turn | 300 sec total\n|\n|t:|1783570634\n|-terastallize|p2a: Drifblim|Steel\n|move|p2a: Drifblim|Shadow Ball|p1a: Cloyster\n|-damage|p1a: Cloyster|0 fnt\n|faint|p1a: Cloyster\n|\n|win|p0y2741ab0f", "uploadtime": 1783570634, "views": 0, "rating": 0, "private": 0, "password": null, "_winner": "p0y2741ab0f", "_our_name": "p0x274109fa"}