{"id": "battle-gen9randombattle-2331", "formatid": "gen9randombattle", "format": "[Gen 9] Random Battle", "players": ["p0x2331ff5d", "p0y233107ce"], "log": "|init|battle\n|title|p0x2331ff5d vs. p0y233107ce\n|j|\u2606p0x2331ff5d\n|j|\u2606p0y233107ce\n|t:|1783567034\n|gametype|singles\n|player|p1|p0x2331ff5d|169|\n|player|p2|p0y233107ce|265|\n|gen|9\n|tier|[Gen 9] Random Battle\n|rule|Species Clause: Limit one of each Pok\u00e9mon\n|rule|HP Percentage Mod: HP is shown in percentages\n|rule|Sleep Clause Mod: Limit one foe put to sleep\n|rule|Illusion Level Mod: Illusion disguises the Pok\u00e9mon's true level\n|\n|t:|1783567034\n|teamsize|p1|6\n|teamsize|p2|6\n|start\n|switch|p1a: Golurk|Golurk, L87|100/100\n|switch|p2a: Electrode|Electrode-Hisui, L87|246/246\n|turn|1\n|inactive|Battle timer is ON: inactive players will automatically lose when time's up. (requested by p0x2331ff5d)\n|inactive|Time left: 300 sec this turn | 300 sec total | 60 sec grace\n|inactive|p0y233107ce also wants the timer to be on.\n|\n|t:|1783567036\n|move|p2a: Electrode|Leaf Storm|p1a: Golurk\n|-supereffective|p1a: Golurk\n|-damage|p1a: Golurk|0 fnt\n|-unboost|p2a: Electrode|spa|2\n|faint|p1a: Golurk\n|-damage|p2a: Electrode|222/246|[from] item: Life Orb\n|\n|upkeep\n|\n|t:|1783567037\n|switch|p1a: Brambleghast|Brambleghast, L88, F|100/100\n|turn|2\n|inactive|Time left: 300 sec this turn | 300 sec total\n|\n|t:|1783567039\n|switch|p2a: Forretress|Forretress, L84, M|263/263\n|move|p1a: Brambleghast|Poltergeist|p2a: Forretress\n|-activate|p2a: Forretress|move: Poltergeist|Leftovers\n|-damage|p2a: Forretress|166/263\n|\n|-heal|p2a: Forretress|182/263|[from] item: Leftovers\n|upkeep\n|turn|3\n|inactive|Time left: 300 sec this turn | 300 sec total\n|\n|t:|1783567040\n|move|p1a: Brambleghast|Poltergeist|p2a: Forretress\n|-activate|p2a: Forretress|move: Poltergeist|Leftovers\n|-damage|p2a: Forretress|76/263\n|move|p2a: Forretress|Stealth Rock|p1a: Brambleghast\n|-sidestart|p1: p0x2331ff5d|move: Stealth Rock\n|\n|-heal|p2a: Forretress|92/263|[from] item: Leftovers\n|upkeep\n|turn|4\n|inactive|Time left: 300 sec this turn | 300 sec total\n|\n|t:|1783567041\n|switch|p2a: Regigigas|Regigigas, L84|322/322\n|-start|p2a: Regigigas|ability: Slow Start\n|move|p1a: Brambleghast|Poltergeist|p2a: Regigigas\n|-immune|p2a: Regigigas\n|\n|upkeep\n|turn|5\n|inactive|Time left: 300 sec this turn | 300 sec total\n|\n|t:|1783567043\n|move|p1a: Brambleghast|Spikes|p2a: Regigigas\n|-sidestart|p2: p0y233107ce|Spikes\n|move|p2a: Regigigas|Knock Off|p1a: Brambleghast\n|-supereffective|p1a: Brambleghast\n|-damage|p1a: Brambleghast|55/100\n|-enditem|p1a: Brambleghast|Leftovers|[from] move: Knock Off|[of] p2a: Regigigas\n|\n|upkeep\n|turn|6\n|inactive|Time left: 300 sec this turn | 300 sec total\n|\n|t:|1783567044\n|move|p1a: Brambleghast|Strength Sap|p2a: Regigigas\n|-unboost|p2a: Regigigas|atk|1\n|-heal|p1a: Brambleghast|100/100\n|move|p2a: Regigigas|Knock Off|p1a: Brambleghast\n|-supereffective|p1a: Brambleghast\n|-damage|p1a: Brambleghast|79/100\n|\n|upkeep\n|turn|7\n|inactive|Time left: 300 sec this turn | 300 sec total\n|\n|t:|1783567045\n|switch|p2a: Swanna|Swanna, L89, M|278/278\n|move|p1a: Brambleghast|Spikes|p2a: Swanna\n|-sidestart|p2: p0y233107ce|Spikes\n|\n|upkeep\n|turn|8\n|inactive|Time left: 300 sec this turn | 300 sec total\n|\n|t:|1783567046\n|-terastallize|p1a: Brambleghast|Water\n|move|p2a: Swanna|Brave Bird|p1a: Brambleghast\n|-damage|p1a: Brambleghast|18/100\n|-damage|p2a: Swanna|229/278|[from] Recoil\n|move|p1a: Brambleghast|Strength Sap|p2a: Swanna\n|-unboost|p2a: Swanna|atk|1\n|-heal|p1a: Brambleghast|100/100\n|\n|upkeep\n|turn|9\n|inactive|Time left: 300 sec this turn | 300 sec total\n|\n|t:|1783567047\n|switch|p2a: Forretress|Forretress, L84, M|92/263\n|-damage|p2a: Forretress|49/263|[from] Spikes\n|move|p1a: Brambleghast|Power Whip|p2a: Forretress\n|-resisted|p2a: Forretress\n|-damage|p2a: Forretress|23/263\n|\n|-heal|p2a: Forretress|39/263|[from] item: Leftovers\n|upkeep\n|turn|10\n|inactive|Time left: 300 sec this turn | 300 sec total\n|\n|t:|1783567048\n|move|p1a: Brambleghast|Poltergeist|p2a: Forretress\n|-activate|p2a: Forretress|move: Poltergeist|Leftovers\n|-damage|p2a: Forretress|0 fnt\n|faint|p2a: Forretress\n|\n|upkeep\n|inactive|Time left: 300 sec this turn | 300 sec total | 5 sec grace\n|\n|t:|1783567050\n|switch|p2a: Electrode|Electrode-Hisui, L87|222/246\n|-damage|p2a: Electrode|181/246|[from] Spikes\n|turn|11\n|inactive|Time left: 300 sec this turn | 300 sec total\n|\n|t:|1783567051\n|switch|p1a: Electivire|Electivire, L84, M|100/100\n|-damage|p1a: Electivire|88/100|[from] Stealth Rock\n|move|p2a: Electrode|Thunderbolt|p1a: Electivire\n|-ability|p1a: Electivire|Motor Drive|boost\n|-boost|p1a: Electivire|spe|1\n|\n|upkeep\n|turn|12\n|inactive|Time left: 300 sec this turn | 300 sec total\n|\n|t:|1783567052\n|move|p1a: Electivire|Ice Punch|p2a: Electrode\n|-supereffective|p2a: Electrode\n|-damage|p2a: Electrode|0 fnt\n|-damage|p1a: Electivire|64/100|[from] ability: Aftermath|[of] p2a: Electrode\n|faint|p2a: Electrode\n|-damage|p1a: Electivire|54/100|[from] item: Life Orb\n|\n|upkeep\n|inactive|Time left: 300 sec this turn | 300 sec total | 5 sec grace\n|\n|t:|1783567053\n|switch|p2a: Regirock|Regirock, L83|268/268\n|-damage|p2a: Regirock|224/268|[from] Spikes\n|turn|13\n|inactive|Time left: 300 sec this turn | 300 sec total\n|\n|t:|1783567054\n|move|p1a: Electivire|Bulk Up|p1a: Electivire\n|-boost|p1a: Electivire|atk|1\n|-boost|p1a: Electivire|def|1\n|move|p2a: Regirock|Body Press|p1a: Electivire\n|-damage|p1a: Electivire|24/100\n|\n|upkeep\n|turn|14\n|inactive|Time left: 300 sec this turn | 300 sec total\n|\n|t:|1783567055\n|move|p1a: Electivire|Earthquake|p2a: Regirock\n|-supereffective|p2a: Regirock\n|-damage|p2a: Regirock|58/268\n|-damage|p1a: Electivire|14/100|[from] item: Life Orb\n|move|p2a: Regirock|Body Press|p1a: Electivire\n|-damage|p1a: Electivire|0 fnt\n|faint|p1a: Electivire\n|\n|upkeep\n|\n|t:|1783567056\n|switch|p1a: Terrakion|Terrakion, L79|100/100\n|-damage|p1a: Terrakion|94/100|[from] Stealth Rock\n|turn|15\n|inactive|Time left: 300 sec this turn | 300 sec total\n|\n|t:|1783567057\n|switch|p2a: Swanna|Swanna, L89, M|229/278\n|move|p1a: Terrakion|Close Combat|p2a: Swanna\n|-resisted|p2a: Swanna\n|-crit|p2a: Swanna\n|-damage|p2a: Swanna|32/278\n|-unboost|p1a: Terrakion|def|1\n|-unboost|p1a: Terrakion|spd|1\n|\n|upkeep\n|turn|16\n|inactive|Time left: 300 sec this turn | 300 sec total\n|\n|t:|1783567058\n|switch|p1a: Brambleghast|Brambleghast, L88, F, tera:Water|100/100\n|-damage|p1a: Brambleghast|88/100|[from] Stealth Rock\n|move|p2a: Swanna|Hydro Pump|p1a: Brambleghast\n|-resisted|p1a: Brambleghast\n|-damage|p1a: Brambleghast|58/100\n|\n|upkeep\n|turn|17\n|inactive|Time left: 300 sec this turn | 300 sec total\n|\n|t:|1783567059\n|move|p2a: Swanna|Brave Bird|p1a: Brambleghast\n|-damage|p1a: Brambleghast|0 fnt\n|faint|p1a: Brambleghast\n|-damage|p2a: Swanna|0 fnt|[from] Recoil\n|faint|p2a: Swanna\n|\n|upkeep\n|inactive|Time left: 300 sec this turn | 300 sec total | 5 sec grace\n|\n|t:|1783567060\n|switch|p2a: Regigigas|Regigigas, L84|322/322\n|switch|p1a: Terrakion|Terrakion, L79|94/100\n|-damage|p2a: Regigigas|269/322|[from] Spikes\n|-start|p2a: Regigigas|ability: Slow Start\n|-damage|p1a: Terrakion|88/100|[from] Stealth Rock\n|turn|18\n|inactive|Time left: 300 sec this turn | 300 sec total\n|\n|t:|1783567061\n|-terastallize|p2a: Regigigas|Ghost\n|move|p1a: Terrakion|Close Combat|p2a: Regigigas\n|-immune|p2a: Regigigas\n|move|p2a: Regigigas|Body Slam|p1a: Terrakion\n|-resisted|p1a: Terrakion\n|-damage|p1a: Terrakion|76/100\n|\n|-heal|p2a: Regigigas|289/322|[from] item: Leftovers\n|upkeep\n|turn|19\n|inactive|Time left: 300 sec this turn | 300 sec total\n|\n|t:|1783567062\n|switch|p1a: Tyranitar|Tyranitar, L78, M|100/100\n|-damage|p1a: Tyranitar|88/100|[from] Stealth Rock\n|-weather|Sandstorm|[from] ability: Sand Stream|[of] p1a: Tyranitar\n|move|p2a: Regigigas|Body Slam|p1a: Tyranitar\n|-resisted|p1a: Tyranitar\n|-damage|p1a: Tyranitar|77/100\n|\n|-weather|Sandstorm|[upkeep]\n|-damage|p2a: Regigigas|269/322|[from] Sandstorm\n|-heal|p1a: Tyranitar|83/100|[from] item: Leftovers\n|-heal|p2a: Regigigas|289/322|[from] item: Leftovers\n|upkeep\n|turn|20\n|inactive|Time left: 300 sec this turn | 300 sec total\n|\n|t:|1783567063\n|switch|p2a: Regirock|Regirock, L83|58/268\n|-damage|p2a: Regirock|14/268|[from] Spikes\n|move|p1a: Tyranitar|Knock Off|p2a: Regirock\n|-damage|p2a: Regirock|0 fnt\n|-enditem|p2a: Regirock|Chesto Berry|[from] move: Knock Off|[of] p1a: Tyranitar\n|faint|p2a: Regirock\n|\n|-weather|Sandstorm|[upkeep]\n|-heal|p1a: Tyranitar|89/100|[from] item: Leftovers\n|upkeep\n|inactive|Time left: 300 sec this turn | 300 sec total | 5 sec grace\n|\n|t:|1783567064\n|switch|p2a: Excadrill|Excadrill, L79, F|303/303\n|-damage|p2a: Excadrill|253/303|[from] Spikes\n|-ability|p2a: Excadrill|Mold Breaker\n|turn|21\n|inactive|Time left: 300 sec this turn | 300 sec total\n|\n|t:|1783567065\n|move|p2a: Excadrill|Iron Head|p1a: Tyranitar\n|-supereffective|p1a: Tyranitar\n|-damage|p1a: Tyranitar|20/100\n|move|p1a: Tyranitar|Knock Off|p2a: Excadrill\n|-damage|p2a: Excadrill|84/303\n|-enditem|p2a: Excadrill|Assault Vest|[from] move: Knock Off|[of] p1a: Tyranitar\n|\n|-weather|Sandstorm|[upkeep]\n|-heal|p1a: Tyranitar|26/100|[from] item: Leftovers\n|upkeep\n|turn|22\n|inactive|Time left: 300 sec this turn | 300 sec total\n|\n|t:|1783567067\n|move|p2a: Excadrill|Iron Head|p1a: Tyranitar\n|-supereffective|p1a: Tyranitar\n|-damage|p1a: Tyranitar|0 fnt\n|faint|p1a: Tyranitar\n|\n|-weather|Sandstorm|[upkeep]\n|upkeep\n|\n|t:|1783567068\n|switch|p1a: Terrakion|Terrakion, L79|76/100\n|-damage|p1a: Terrakion|70/100|[from] Stealth Rock\n|turn|23\n|inactive|Time left: 300 sec this turn | 300 sec total\n|\n|t:|1783567069\n|switch|p2a: Regigigas|Regigigas, L84, tera:Ghost|289/322\n|-damage|p2a: Regigigas|236/322|[from] Spikes\n|-start|p2a: Regigigas|ability: Slow Start\n|move|p1a: Terrakion|Earthquake|p2a: Regigigas\n|-damage|p2a: Regigigas|134/322\n|\n|-weather|none\n|-heal|p2a: Regigigas|154/322|[from] item: Leftovers\n|upkeep\n|turn|24\n|inactive|Time left: 300 sec this turn | 300 sec total\n|\n|t:|1783567070\n|move|p1a: Terrakion|Earthquake|p2a: Regigigas\n|-damage|p2a: Regigigas|53/322\n|move|p2a: Regigigas|Rest|p2a: Regigigas\n|-status|p2a: Regigigas|slp|[from] move: Rest\n|-heal|p2a: Regigigas|322/322 slp|[silent]\n|\n|upkeep\n|turn|25\n|inactive|Time left: 300 sec this turn | 300 sec total\n|\n|t:|1783567071\n|move|p1a: Terrakion|Earthquake|p2a: Regigigas\n|-damage|p2a: Regigigas|217/322 slp\n|cant|p2a: Regigigas|slp\n|move|p2a: Regigigas|Sleep Talk|p2a: Regigigas\n|move|p2a: Regigigas|Knock Off|p1a: Terrakion|[from] move: Sleep Talk\n|-resisted|p1a: Terrakion\n|-damage|p1a: Terrakion|61/100\n|-ability|p1a: Terrakion|Justified|boost\n|-boost|p1a: Terrakion|atk|1\n|-enditem|p1a: Terrakion|Choice Band|[from] move: Knock Off|[of] p2a: Regigigas\n|\n|-heal|p2a: Regigigas|237/322 slp|[from] item: Leftovers\n|upkeep\n|turn|26\n|inactive|Time left: 300 sec this turn | 300 sec total\n|\n|t:|1783567072\n|move|p1a: Terrakion|Stone Edge|p2a: Regigigas\n|-damage|p2a: Regigigas|96/322 slp\n|cant|p2a: Regigigas|slp\n|move|p2a: Regigigas|Sleep Talk|p2a: Regigigas\n|move|p2a: Regigigas|Rest||[from] move: Sleep Talk|[still]\n|-fail|p2a: Regigigas\n|\n|-heal|p2a: Regigigas|116/322 slp|[from] item: Leftovers\n|upkeep\n|turn|27\n|inactive|Time left: 300 sec this turn | 300 sec total\n|\n|t:|1783567073\n|move|p1a: Terrakion|Stone Edge|p2a: Regigigas\n|-damage|p2a: Regigigas|0 fnt\n|faint|p2a: Regigigas\n|-end|p2a: Regigigas|Slow Start|[silent]\n|\n|upkeep\n|inactive|Time left: 300 sec this turn | 300 sec total | 5 sec grace\n|\n|t:|1783567074\n|switch|p2a: Excadrill|Excadrill, L79, F|84/303\n|-damage|p2a: Excadrill|34/303|[from] Spikes\n|-ability|p2a: Excadrill|Mold Breaker\n|turn|28\n|inactive|Time left: 300 sec this turn | 300 sec total\n|\n|t:|1783567075\n|move|p1a: Terrakion|Close Combat|p2a: Excadrill\n|-supereffective|p2a: Excadrill\n|-damage|p2a: Excadrill|0 fnt\n|-unboost|p1a: Terrakion|def|1\n|-unboost|p1a: Terrakion|spd|1\n|faint|p2a: Excadrill\n|\n|win|p0x2331ff5d", "uploadtime": 1783567075, "views": 0, "rating": 0, "private": 0, "password": null, "_winner": "p0x2331ff5d", "_our_name": "p0y233107ce"}