{"id": "battle-gen9randombattle-1914", "formatid": "gen9randombattle", "format": "[Gen 9] Random Battle", "players": ["p0x191492a1", "p0y19149ce5"], "log": "|init|battle\n|title|p0x191492a1 vs. p0y19149ce5\n|j|\u2606p0x191492a1\n|j|\u2606p0y19149ce5\n|t:|1783562130\n|gametype|singles\n|player|p1|p0x191492a1|101|\n|player|p2|p0y19149ce5|2|\n|gen|9\n|tier|[Gen 9] Random Battle\n|rule|Species Clause: Limit one of each Pok\u00e9mon\n|rule|HP Percentage Mod: HP is shown in percentages\n|rule|Sleep Clause Mod: Limit one foe put to sleep\n|rule|Illusion Level Mod: Illusion disguises the Pok\u00e9mon's true level\n|\n|t:|1783562130\n|teamsize|p1|6\n|teamsize|p2|6\n|start\n|switch|p1a: Dedenne|Dedenne, L88, F|261/261\n|switch|p2a: Hippowdon|Hippowdon, L82, M|100/100\n|-weather|Sandstorm|[from] ability: Sand Stream|[of] p2a: Hippowdon\n|turn|1\n|inactive|Battle timer is ON: inactive players will automatically lose when time's up. (requested by p0y19149ce5)\n|inactive|Time left: 300 sec this turn | 300 sec total | 60 sec grace\n|inactive|p0x191492a1 also wants the timer to be on.\n|\n|t:|1783562131\n|switch|p1a: Forretress|Forretress, L84, M|263/263\n|move|p2a: Hippowdon|Earthquake|p1a: Forretress\n|-damage|p1a: Forretress|187/263\n|\n|-weather|Sandstorm|[upkeep]\n|-heal|p1a: Forretress|203/263|[from] item: Leftovers\n|upkeep\n|turn|2\n|inactive|Time left: 300 sec this turn | 300 sec total\n|\n|t:|1783562133\n|move|p2a: Hippowdon|Earthquake|p1a: Forretress\n|-damage|p1a: Forretress|124/263\n|move|p1a: Forretress|Spikes|p2a: Hippowdon\n|-sidestart|p2: p0y19149ce5|Spikes\n|\n|-weather|Sandstorm|[upkeep]\n|-heal|p1a: Forretress|140/263|[from] item: Leftovers\n|upkeep\n|turn|3\n|inactive|Time left: 300 sec this turn | 300 sec total\n|\n|t:|1783562134\n|move|p2a: Hippowdon|Earthquake|p1a: Forretress\n|-damage|p1a: Forretress|58/263\n|move|p1a: Forretress|Spikes|p2a: Hippowdon\n|-sidestart|p2: p0y19149ce5|Spikes\n|\n|-weather|Sandstorm|[upkeep]\n|-heal|p1a: Forretress|74/263|[from] item: Leftovers\n|upkeep\n|turn|4\n|inactive|Time left: 300 sec this turn | 300 sec total\n|\n|t:|1783562135\n|switch|p1a: Hydrapple|Hydrapple, L83, F|312/312\n|move|p2a: Hippowdon|Earthquake|p1a: Hydrapple\n|-resisted|p1a: Hydrapple\n|-damage|p1a: Hydrapple|265/312\n|\n|-weather|Sandstorm|[upkeep]\n|-damage|p1a: Hydrapple|246/312|[from] Sandstorm\n|upkeep\n|turn|5\n|inactive|Time left: 300 sec this turn | 300 sec total\n|\n|t:|1783562136\n|move|p2a: Hippowdon|Earthquake|p1a: Hydrapple\n|-resisted|p1a: Hydrapple\n|-damage|p1a: Hydrapple|196/312\n|move|p1a: Hydrapple|Giga Drain|p2a: Hippowdon\n|-supereffective|p2a: Hippowdon\n|-damage|p2a: Hippowdon|25/100\n|-heal|p1a: Hydrapple|312/312|[from] drain|[of] p2a: Hippowdon\n|\n|-weather|none\n|-heal|p2a: Hippowdon|31/100|[from] item: Leftovers\n|upkeep\n|turn|6\n|inactive|Time left: 300 sec this turn | 300 sec total\n|\n|t:|1783562137\n|move|p2a: Hippowdon|Slack Off|p2a: Hippowdon\n|-heal|p2a: Hippowdon|82/100\n|move|p1a: Hydrapple|Giga Drain|p2a: Hippowdon\n|-supereffective|p2a: Hippowdon\n|-damage|p2a: Hippowdon|6/100\n|\n|-heal|p2a: Hippowdon|12/100|[from] item: Leftovers\n|upkeep\n|turn|7\n|inactive|Time left: 300 sec this turn | 300 sec total\n|\n|t:|1783562138\n|move|p2a: Hippowdon|Slack Off|p2a: Hippowdon\n|-heal|p2a: Hippowdon|62/100\n|move|p1a: Hydrapple|Giga Drain|p2a: Hippowdon\n|-supereffective|p2a: Hippowdon\n|-damage|p2a: Hippowdon|0 fnt\n|faint|p2a: Hippowdon\n|\n|upkeep\n|\n|t:|1783562139\n|switch|p2a: Forretress|Forretress, L84, F|100/100\n|-damage|p2a: Forretress|84/100|[from] Spikes\n|turn|8\n|inactive|Time left: 300 sec this turn | 300 sec total\n|\n|t:|1783562140\n|move|p1a: Hydrapple|Fickle Beam|p2a: Forretress\n|-resisted|p2a: Forretress\n|-damage|p2a: Forretress|59/100\n|move|p2a: Forretress|Rapid Spin|p1a: Hydrapple\n|-damage|p1a: Hydrapple|281/312\n|-boost|p2a: Forretress|spe|1\n|-sideend|p2: p0y19149ce5|Spikes|[from] move: Rapid Spin|[of] p2a: Forretress\n|\n|-heal|p2a: Forretress|65/100|[from] item: Leftovers\n|upkeep\n|turn|9\n|inactive|Time left: 300 sec this turn | 300 sec total\n|\n|t:|1783562142\n|move|p2a: Forretress|Stealth Rock|p1a: Hydrapple\n|-sidestart|p1: p0x191492a1|move: Stealth Rock\n|move|p1a: Hydrapple|Earth Power|p2a: Forretress\n|-damage|p2a: Forretress|31/100\n|\n|-heal|p2a: Forretress|37/100|[from] item: Leftovers\n|upkeep\n|turn|10\n|inactive|Time left: 300 sec this turn | 300 sec total\n|\n|t:|1783562143\n|move|p2a: Forretress|Spikes|p1a: Hydrapple\n|-sidestart|p1: p0x191492a1|Spikes\n|move|p1a: Hydrapple|Fickle Beam|p2a: Forretress\n|-resisted|p2a: Forretress\n|-damage|p2a: Forretress|12/100\n|\n|-heal|p2a: Forretress|18/100|[from] item: Leftovers\n|upkeep\n|turn|11\n|inactive|Time left: 300 sec this turn | 300 sec total\n|\n|t:|1783562144\n|move|p2a: Forretress|Spikes|p1a: Hydrapple\n|-sidestart|p1: p0x191492a1|Spikes\n|move|p1a: Hydrapple|Fickle Beam|p2a: Forretress\n|-resisted|p2a: Forretress\n|-damage|p2a: Forretress|0 fnt\n|faint|p2a: Forretress\n|\n|upkeep\n|\n|t:|1783562145\n|switch|p2a: Salamence|Salamence, L77, M|100/100\n|-ability|p2a: Salamence|Intimidate|boost\n|-unboost|p1a: Hydrapple|atk|1\n|turn|12\n|inactive|Time left: 300 sec this turn | 300 sec total\n|\n|t:|1783562146\n|switch|p2a: Conkeldurr|Conkeldurr, L80, M|100/100\n|move|p1a: Hydrapple|Fickle Beam|p2a: Conkeldurr\n|-damage|p2a: Conkeldurr|59/100\n|\n|-status|p2a: Conkeldurr|brn|[from] item: Flame Orb\n|upkeep\n|turn|13\n|inactive|Time left: 300 sec this turn | 300 sec total\n|\n|t:|1783562147\n|switch|p2a: Arboliva|Arboliva, L91, F|100/100\n|move|p1a: Hydrapple|Fickle Beam|p2a: Arboliva\n|-damage|p2a: Arboliva|75/100\n|-fieldstart|move: Grassy Terrain|[from] ability: Seed Sower|[of] p2a: Arboliva\n|\n|-heal|p2a: Arboliva|82/100|[from] Grassy Terrain\n|-heal|p2a: Arboliva|88/100|[from] item: Leftovers\n|-heal|p1a: Hydrapple|300/312|[from] Grassy Terrain\n|upkeep\n|turn|14\n|inactive|Time left: 300 sec this turn | 300 sec total\n|\n|t:|1783562148\n|move|p2a: Arboliva|Hyper Voice|p1a: Hydrapple\n|-damage|p1a: Hydrapple|209/312\n|move|p1a: Hydrapple|Fickle Beam|p2a: Arboliva\n|-damage|p2a: Arboliva|63/100\n|\n|-heal|p2a: Arboliva|69/100|[from] Grassy Terrain\n|-heal|p2a: Arboliva|75/100|[from] item: Leftovers\n|-heal|p1a: Hydrapple|228/312|[from] Grassy Terrain\n|upkeep\n|turn|15\n|inactive|Time left: 300 sec this turn | 300 sec total\n|\n|t:|1783562149\n|move|p2a: Arboliva|Strength Sap|p1a: Hydrapple\n|-unboost|p1a: Hydrapple|atk|1\n|-heal|p2a: Arboliva|100/100\n|move|p1a: Hydrapple|Fickle Beam|p2a: Arboliva\n|-damage|p2a: Arboliva|72/100\n|\n|-heal|p2a: Arboliva|78/100|[from] Grassy Terrain\n|-heal|p2a: Arboliva|85/100|[from] item: Leftovers\n|-heal|p1a: Hydrapple|247/312|[from] Grassy Terrain\n|upkeep\n|turn|16\n|inactive|Time left: 300 sec this turn | 300 sec total\n|\n|t:|1783562150\n|move|p2a: Arboliva|Earth Power|p1a: Hydrapple\n|-resisted|p1a: Hydrapple\n|-crit|p1a: Hydrapple\n|-damage|p1a: Hydrapple|199/312\n|move|p1a: Hydrapple|Fickle Beam|p2a: Arboliva|[anim] Fickle Beam All Out\n|-activate|p1a: Hydrapple|move: Fickle Beam\n|-damage|p2a: Arboliva|33/100\n|\n|-heal|p2a: Arboliva|39/100|[from] Grassy Terrain\n|-heal|p2a: Arboliva|45/100|[from] item: Leftovers\n|-heal|p1a: Hydrapple|218/312|[from] Grassy Terrain\n|upkeep\n|turn|17\n|inactive|Time left: 300 sec this turn | 300 sec total\n|\n|t:|1783562151\n|switch|p1a: Rabsca|Rabsca, L91, F|284/284\n|move|p2a: Arboliva|Strength Sap|p1a: Rabsca\n|-unboost|p1a: Rabsca|atk|1\n|-heal|p2a: Arboliva|78/100\n|\n|-heal|p2a: Arboliva|85/100|[from] Grassy Terrain\n|-heal|p2a: Arboliva|91/100|[from] item: Leftovers\n|-fieldend|move: Grassy Terrain\n|upkeep\n|turn|18\n|inactive|Time left: 300 sec this turn | 300 sec total\n|\n|t:|1783562152\n|move|p1a: Rabsca|Bug Buzz|p2a: Arboliva\n|-supereffective|p2a: Arboliva\n|-crit|p2a: Arboliva\n|-damage|p2a: Arboliva|0 fnt\n|-fieldstart|move: Grassy Terrain|[from] ability: Seed Sower|[of] p2a: Arboliva\n|faint|p2a: Arboliva\n|\n|upkeep\n|\n|t:|1783562153\n|switch|p2a: Eiscue|Eiscue, L88, M|100/100\n|turn|19\n|inactive|Time left: 300 sec this turn | 300 sec total\n|\n|t:|1783562154\n|move|p2a: Eiscue|Belly Drum|p2a: Eiscue\n|-damage|p2a: Eiscue|50/100\n|-setboost|p2a: Eiscue|atk|6|[from] move: Belly Drum\n|-enditem|p2a: Eiscue|Sitrus Berry|[eat]\n|-heal|p2a: Eiscue|75/100|[from] item: Sitrus Berry\n|move|p1a: Rabsca|Psychic|p2a: Eiscue\n|-damage|p2a: Eiscue|29/100\n|\n|-heal|p2a: Eiscue|35/100|[from] Grassy Terrain\n|upkeep\n|turn|20\n|inactive|Time left: 300 sec this turn | 300 sec total\n|\n|t:|1783562155\n|switch|p1a: Forretress|Forretress, L84, M|74/263\n|-damage|p1a: Forretress|42/263|[from] Stealth Rock\n|-damage|p1a: Forretress|0 fnt|[from] Spikes\n|faint|p1a: Forretress\n|-terastallize|p2a: Eiscue|Water\n|move|p2a: Eiscue|Liquidation|p1: Forretress|[notarget]\n|-fail|p2a: Eiscue\n|\n|-heal|p2a: Eiscue|41/100|[from] Grassy Terrain\n|upkeep\n|inactive|Time left: 300 sec this turn | 300 sec total | 5 sec grace\n|\n|t:|1783562156\n|switch|p1a: Dedenne|Dedenne, L88, F|261/261\n|-damage|p1a: Dedenne|229/261|[from] Stealth Rock\n|-damage|p1a: Dedenne|186/261|[from] Spikes\n|turn|21\n|inactive|Time left: 300 sec this turn | 300 sec total\n|\n|t:|1783562156\n|move|p1a: Dedenne|Thunderbolt|p2a: Eiscue\n|-supereffective|p2a: Eiscue\n|-damage|p2a: Eiscue|0 fnt\n|faint|p2a: Eiscue\n|\n|-heal|p1a: Dedenne|202/261|[from] Grassy Terrain\n|upkeep\n|\n|t:|1783562157\n|switch|p2a: Salamence|Salamence, L77, M|100/100\n|-ability|p2a: Salamence|Intimidate|boost\n|-unboost|p1a: Dedenne|atk|1\n|turn|22\n|inactive|Time left: 300 sec this turn | 300 sec total\n|\n|t:|1783562157\n|move|p1a: Dedenne|Dazzling Gleam|p2a: Salamence\n|-supereffective|p2a: Salamence\n|-damage|p2a: Salamence|27/100\n|move|p2a: Salamence|Dragon Dance|p2a: Salamence\n|-boost|p2a: Salamence|atk|1\n|-boost|p2a: Salamence|spe|1\n|\n|-heal|p1a: Dedenne|218/261|[from] Grassy Terrain\n|-fieldend|move: Grassy Terrain\n|upkeep\n|turn|23\n|inactive|Time left: 300 sec this turn | 300 sec total\n|\n|t:|1783562158\n|move|p2a: Salamence|Earthquake|p1a: Dedenne\n|-supereffective|p1a: Dedenne\n|-damage|p1a: Dedenne|0 fnt\n|faint|p1a: Dedenne\n|\n|upkeep\n|inactive|Time left: 300 sec this turn | 300 sec total | 5 sec grace\n|\n|t:|1783562159\n|switch|p1a: Rabsca|Rabsca, L91, F|284/284\n|turn|24\n|inactive|Time left: 300 sec this turn | 300 sec total\n|\n|t:|1783562159\n|-terastallize|p1a: Rabsca|Steel\n|move|p2a: Salamence|Earthquake|p1a: Rabsca\n|-supereffective|p1a: Rabsca\n|-damage|p1a: Rabsca|66/284\n|move|p1a: Rabsca|Psychic|p2a: Salamence\n|-damage|p2a: Salamence|0 fnt\n|faint|p2a: Salamence\n|\n|upkeep\n|\n|t:|1783562160\n|switch|p2a: Conkeldurr|Conkeldurr, L80, M|59/100 brn\n|turn|25\n|inactive|Time left: 300 sec this turn | 300 sec total\n|\n|t:|1783562161\n|move|p2a: Conkeldurr|Mach Punch|p1a: Rabsca\n|-supereffective|p1a: Rabsca\n|-damage|p1a: Rabsca|0 fnt\n|faint|p1a: Rabsca\n|\n|-damage|p2a: Conkeldurr|53/100 brn|[from] brn\n|upkeep\n|inactive|Time left: 300 sec this turn | 300 sec total | 5 sec grace\n|\n|t:|1783562161\n|switch|p1a: Hydrapple|Hydrapple, L83, F|312/312\n|-damage|p1a: Hydrapple|273/312|[from] Stealth Rock\n|-damage|p1a: Hydrapple|221/312|[from] Spikes\n|turn|26\n|inactive|Time left: 300 sec this turn | 300 sec total\n|\n|t:|1783562162\n|move|p1a: Hydrapple|Giga Drain|p2a: Conkeldurr\n|-damage|p2a: Conkeldurr|16/100 brn\n|-heal|p1a: Hydrapple|277/312|[from] drain|[of] p2a: Conkeldurr\n|move|p2a: Conkeldurr|Close Combat|p1a: Hydrapple\n|-damage|p1a: Hydrapple|63/312\n|-unboost|p2a: Conkeldurr|def|1\n|-unboost|p2a: Conkeldurr|spd|1\n|\n|-damage|p2a: Conkeldurr|10/100 brn|[from] brn\n|upkeep\n|turn|27\n|inactive|Time left: 300 sec this turn | 300 sec total\n|\n|t:|1783562163\n|move|p2a: Conkeldurr|Knock Off|p1a: Hydrapple\n|-damage|p1a: Hydrapple|0 fnt\n|-enditem|p1a: Hydrapple|Assault Vest|[from] move: Knock Off|[of] p2a: Conkeldurr\n|faint|p1a: Hydrapple\n|\n|-damage|p2a: Conkeldurr|4/100 brn|[from] brn\n|upkeep\n|inactive|Time left: 300 sec this turn | 300 sec total | 5 sec grace\n|\n|t:|1783562164\n|switch|p1a: Porygon-Z|Porygon-Z, L83|277/277\n|-damage|p1a: Porygon-Z|243/277|[from] Stealth Rock\n|-damage|p1a: Porygon-Z|197/277|[from] Spikes\n|turn|28\n|inactive|Time left: 300 sec this turn | 300 sec total\n|\n|t:|1783562165\n|move|p1a: Porygon-Z|Nasty Plot|p1a: Porygon-Z\n|-boost|p1a: Porygon-Z|spa|2\n|move|p2a: Conkeldurr|Facade|p1a: Porygon-Z\n|-damage|p1a: Porygon-Z|0 fnt\n|faint|p1a: Porygon-Z\n|\n|-damage|p2a: Conkeldurr|0 fnt|[from] brn\n|faint|p2a: Conkeldurr\n|\n|win|p0x191492a1", "uploadtime": 1783562165, "views": 0, "rating": 0, "private": 0, "password": null, "_winner": "p0x191492a1", "_our_name": "p0x191492a1"}