{"id": "battle-gen9randombattle-387", "formatid": "gen9randombattle", "format": "[Gen 9] Random Battle", "players": ["p0x3872a17", "p0y38732d4"], "log": "|init|battle\n|title|p0x3872a17 vs. p0y38732d4\n|j|\u2606p0x3872a17\n|j|\u2606p0y38732d4\n|t:|1783544156\n|gametype|singles\n|player|p1|p0x3872a17|1|\n|player|p2|p0y38732d4|170|\n|gen|9\n|tier|[Gen 9] Random Battle\n|rule|Species Clause: Limit one of each Pok\u00e9mon\n|rule|HP Percentage Mod: HP is shown in percentages\n|rule|Sleep Clause Mod: Limit one foe put to sleep\n|rule|Illusion Level Mod: Illusion disguises the Pok\u00e9mon's true level\n|\n|t:|1783544156\n|teamsize|p1|6\n|teamsize|p2|6\n|start\n|switch|p1a: Jirachi|Jirachi, L80|291/291\n|switch|p2a: Sunflora|Sunflora, M|100/100\n|turn|1\n|inactive|Battle timer is ON: inactive players will automatically lose when time's up. (requested by p0x3872a17)\n|inactive|p0y38732d4 also wants the timer to be on.\n|\n|t:|1783544158\n|move|p1a: Jirachi|Body Slam|p2a: Sunflora\n|-damage|p2a: Sunflora|77/100\n|-status|p2a: Sunflora|par\n|cant|p2a: Sunflora|par\n|\n|upkeep\n|turn|2\n|inactive|Time left: 300 sec this turn | 300 sec total\n|\n|t:|1783544159\n|move|p1a: Jirachi|Iron Head|p2a: Sunflora\n|-damage|p2a: Sunflora|47/100 par\n|cant|p2a: Sunflora|flinch\n|\n|upkeep\n|turn|3\n|inactive|Time left: 300 sec this turn | 300 sec total\n|\n|t:|1783544160\n|move|p1a: Jirachi|Iron Head|p2a: Sunflora\n|-crit|p2a: Sunflora\n|-damage|p2a: Sunflora|4/100 par\n|cant|p2a: Sunflora|flinch\n|\n|upkeep\n|turn|4\n|inactive|Time left: 300 sec this turn | 300 sec total\n|\n|t:|1783544161\n|move|p1a: Jirachi|Iron Head|p2a: Sunflora\n|-damage|p2a: Sunflora|0 fnt\n|faint|p2a: Sunflora\n|\n|upkeep\n|\n|t:|1783544162\n|switch|p2a: Volcanion|Volcanion, L79|100/100\n|turn|5\n|inactive|Time left: 300 sec this turn | 300 sec total\n|\n|t:|1783544164\n|move|p1a: Jirachi|Body Slam|p2a: Volcanion\n|-damage|p2a: Volcanion|83/100\n|-status|p2a: Volcanion|par\n|move|p2a: Volcanion|Flame Charge|p1a: Jirachi\n|-supereffective|p1a: Jirachi\n|-damage|p1a: Jirachi|193/291\n|-boost|p2a: Volcanion|spe|1\n|\n|-heal|p1a: Jirachi|211/291|[from] item: Leftovers\n|upkeep\n|turn|6\n|inactive|Time left: 300 sec this turn | 300 sec total\n|\n|t:|1783544165\n|move|p1a: Jirachi|Iron Head|p2a: Volcanion\n|-resisted|p2a: Volcanion\n|-damage|p2a: Volcanion|76/100 par\n|move|p2a: Volcanion|Flamethrower|p1a: Jirachi\n|-supereffective|p1a: Jirachi\n|-damage|p1a: Jirachi|17/291\n|\n|-heal|p1a: Jirachi|35/291|[from] item: Leftovers\n|upkeep\n|turn|7\n|inactive|Time left: 300 sec this turn | 300 sec total\n|\n|t:|1783544166\n|move|p1a: Jirachi|Protect|p1a: Jirachi\n|-singleturn|p1a: Jirachi|Protect\n|cant|p2a: Volcanion|par\n|\n|-heal|p1a: Jirachi|53/291|[from] item: Leftovers\n|upkeep\n|turn|8\n|inactive|Time left: 300 sec this turn | 300 sec total\n|\n|t:|1783544167\n|switch|p1a: Trevenant|Trevenant, L89, M|296/296\n|cant|p2a: Volcanion|par\n|\n|upkeep\n|turn|9\n|inactive|Time left: 300 sec this turn | 300 sec total\n|\n|t:|1783544169\n|move|p1a: Trevenant|Wood Hammer|p2a: Volcanion\n|-damage|p2a: Volcanion|5/100 par\n|-damage|p1a: Trevenant|236/296|[from] Recoil\n|move|p2a: Volcanion|Flame Charge|p1a: Trevenant\n|-supereffective|p1a: Trevenant\n|-damage|p1a: Trevenant|120/296\n|-boost|p2a: Volcanion|spe|1\n|\n|upkeep\n|turn|10\n|inactive|Time left: 300 sec this turn | 300 sec total\n|\n|t:|1783544170\n|move|p2a: Volcanion|Flamethrower|p1a: Trevenant\n|-supereffective|p1a: Trevenant\n|-crit|p1a: Trevenant\n|-damage|p1a: Trevenant|0 fnt\n|faint|p1a: Trevenant\n|\n|upkeep\n|inactive|Time left: 300 sec this turn | 300 sec total | 5 sec grace\n|\n|t:|1783544171\n|switch|p1a: Flutter Mane|Flutter Mane, L74|203/203\n|turn|11\n|inactive|Time left: 300 sec this turn | 300 sec total\n|\n|t:|1783544172\n|move|p1a: Flutter Mane|Moonblast|p2a: Volcanion\n|-resisted|p2a: Volcanion\n|-damage|p2a: Volcanion|0 fnt\n|faint|p2a: Volcanion\n|\n|upkeep\n|\n|t:|1783544173\n|switch|p2a: Victreebel|Victreebel, L90, M|100/100\n|turn|12\n|inactive|Time left: 300 sec this turn | 300 sec total\n|\n|t:|1783544175\n|-end|p1a: Flutter Mane|Protosynthesis|[silent]\n|switch|p1a: Jirachi|Jirachi, L80|53/291\n|move|p2a: Victreebel|Poison Jab|p1a: Jirachi\n|-immune|p1a: Jirachi\n|\n|-heal|p1a: Jirachi|71/291|[from] item: Leftovers\n|upkeep\n|turn|13\n|inactive|Time left: 300 sec this turn | 300 sec total\n|\n|t:|1783544176\n|move|p1a: Jirachi|Body Slam|p2a: Victreebel\n|-damage|p2a: Victreebel|79/100\n|move|p2a: Victreebel|Swords Dance|p2a: Victreebel\n|-boost|p2a: Victreebel|atk|2\n|\n|-heal|p1a: Jirachi|89/291|[from] item: Leftovers\n|upkeep\n|turn|14\n|inactive|Time left: 300 sec this turn | 300 sec total\n|\n|t:|1783544177\n|move|p2a: Victreebel|Sucker Punch||[still]\n|-fail|p2a: Victreebel\n|move|p1a: Jirachi|Wish|p1a: Jirachi\n|\n|-heal|p1a: Jirachi|107/291|[from] item: Leftovers\n|upkeep\n|turn|15\n|inactive|Time left: 300 sec this turn | 300 sec total\n|\n|t:|1783544178\n|move|p1a: Jirachi|Protect|p1a: Jirachi\n|-singleturn|p1a: Jirachi|Protect\n|move|p2a: Victreebel|Sucker Punch||[still]\n|-fail|p2a: Victreebel\n|\n|-heal|p1a: Jirachi|252/291|[from] move: Wish|[wisher] Jirachi\n|-heal|p1a: Jirachi|270/291|[from] item: Leftovers\n|upkeep\n|turn|16\n|inactive|Time left: 300 sec this turn | 300 sec total\n|\n|t:|1783544179\n|move|p1a: Jirachi|Protect||[still]\n|-fail|p1a: Jirachi\n|move|p2a: Victreebel|Power Whip|p1a: Jirachi\n|-resisted|p1a: Jirachi\n|-damage|p1a: Jirachi|65/291\n|-damage|p2a: Victreebel|69/100|[from] item: Life Orb\n|\n|-heal|p1a: Jirachi|83/291|[from] item: Leftovers\n|upkeep\n|turn|17\n|inactive|Time left: 300 sec this turn | 300 sec total\n|\n|t:|1783544180\n|move|p1a: Jirachi|Iron Head|p2a: Victreebel\n|-damage|p2a: Victreebel|37/100\n|move|p2a: Victreebel|Power Whip|p1a: Jirachi\n|-resisted|p1a: Jirachi\n|-damage|p1a: Jirachi|0 fnt\n|faint|p1a: Jirachi\n|-damage|p2a: Victreebel|27/100|[from] item: Life Orb\n|\n|upkeep\n|inactive|Time left: 300 sec this turn | 300 sec total | 5 sec grace\n|\n|t:|1783544181\n|switch|p1a: Vigoroth|Vigoroth, L85, F|275/275\n|turn|18\n|inactive|Time left: 300 sec this turn | 300 sec total\n|\n|t:|1783544182\n|move|p2a: Victreebel|Sucker Punch|p1a: Vigoroth\n|-damage|p1a: Vigoroth|165/275\n|-damage|p2a: Victreebel|17/100|[from] item: Life Orb\n|move|p1a: Vigoroth|Body Slam|p2a: Victreebel\n|-damage|p2a: Victreebel|0 fnt\n|faint|p2a: Victreebel\n|\n|upkeep\n|\n|t:|1783544182\n|switch|p2a: Inteleon|Inteleon, L81, M|100/100\n|turn|19\n|inactive|Time left: 300 sec this turn | 300 sec total\n|\n|t:|1783544184\n|switch|p1a: Dewgong|Dewgong, L94, M|322/322\n|move|p2a: Inteleon|Hydro Pump|p1a: Dewgong\n|-resisted|p1a: Dewgong\n|-damage|p1a: Dewgong|269/322\n|\n|upkeep\n|turn|20\n|inactive|Time left: 300 sec this turn | 300 sec total\n|\n|t:|1783544185\n|move|p2a: Inteleon|Hydro Pump|p1a: Dewgong|[miss]\n|-miss|p2a: Inteleon|p1a: Dewgong\n|move|p1a: Dewgong|Knock Off|p2a: Inteleon\n|-damage|p2a: Inteleon|68/100\n|-enditem|p2a: Inteleon|Choice Specs|[from] move: Knock Off|[of] p1a: Dewgong\n|\n|upkeep\n|turn|21\n|inactive|Time left: 300 sec this turn | 300 sec total\n|\n|t:|1783544185\n|move|p2a: Inteleon|Scald|p1a: Dewgong\n|-resisted|p1a: Dewgong\n|-damage|p1a: Dewgong|241/322\n|move|p1a: Dewgong|Surf|p2a: Inteleon\n|-resisted|p2a: Inteleon\n|-damage|p2a: Inteleon|44/100\n|\n|upkeep\n|turn|22\n|inactive|Time left: 300 sec this turn | 300 sec total\n|\n|t:|1783544186\n|move|p2a: Inteleon|Scald|p1a: Dewgong\n|-resisted|p1a: Dewgong\n|-damage|p1a: Dewgong|216/322\n|move|p1a: Dewgong|Triple Axel|p2a: Inteleon\n|-resisted|p2a: Inteleon\n|-damage|p2a: Inteleon|39/100\n|-resisted|p2a: Inteleon\n|-damage|p2a: Inteleon|28/100\n|-resisted|p2a: Inteleon\n|-damage|p2a: Inteleon|12/100\n|-hitcount|p2a: Inteleon|3\n|\n|upkeep\n|turn|23\n|inactive|Time left: 300 sec this turn | 300 sec total\n|\n|t:|1783544188\n|move|p2a: Inteleon|Scald|p1a: Dewgong\n|-resisted|p1a: Dewgong\n|-damage|p1a: Dewgong|176/322\n|move|p1a: Dewgong|Surf|p2a: Inteleon\n|-resisted|p2a: Inteleon\n|-damage|p2a: Inteleon|0 fnt\n|faint|p2a: Inteleon\n|\n|upkeep\n|\n|t:|1783544189\n|switch|p2a: Sylveon|Sylveon, L85, M|100/100\n|turn|24\n|inactive|Time left: 300 sec this turn | 300 sec total\n|\n|t:|1783544190\n|move|p1a: Dewgong|Triple Axel|p2a: Sylveon\n|-damage|p2a: Sylveon|91/100\n|-damage|p2a: Sylveon|73/100\n|-damage|p2a: Sylveon|46/100\n|-hitcount|p2a: Sylveon|3\n|move|p2a: Sylveon|Calm Mind|p2a: Sylveon\n|-boost|p2a: Sylveon|spa|1\n|-boost|p2a: Sylveon|spd|1\n|\n|-heal|p2a: Sylveon|52/100|[from] item: Leftovers\n|upkeep\n|turn|25\n|inactive|Time left: 300 sec this turn | 300 sec total\n|\n|t:|1783544191\n|move|p2a: Sylveon|Protect|p2a: Sylveon\n|-singleturn|p2a: Sylveon|Protect\n|move|p1a: Dewgong|Triple Axel|p2a: Sylveon\n|-activate|p2a: Sylveon|move: Protect\n|\n|-heal|p2a: Sylveon|58/100|[from] item: Leftovers\n|upkeep\n|turn|26\n|inactive|Time left: 300 sec this turn | 300 sec total\n|\n|t:|1783544192\n|move|p1a: Dewgong|Triple Axel|p2a: Sylveon\n|-damage|p2a: Sylveon|49/100\n|-damage|p2a: Sylveon|32/100\n|-damage|p2a: Sylveon|9/100\n|-hitcount|p2a: Sylveon|3\n|move|p2a: Sylveon|Hyper Voice|p1a: Dewgong\n|-damage|p1a: Dewgong|62/322\n|\n|-heal|p2a: Sylveon|15/100|[from] item: Leftovers\n|upkeep\n|turn|27\n|inactive|Time left: 300 sec this turn | 300 sec total\n|\n|t:|1783544194\n|move|p2a: Sylveon|Protect|p2a: Sylveon\n|-singleturn|p2a: Sylveon|Protect\n|move|p1a: Dewgong|Flip Turn|p2a: Sylveon\n|-activate|p2a: Sylveon|move: Protect\n|\n|-heal|p2a: Sylveon|21/100|[from] item: Leftovers\n|upkeep\n|turn|28\n|inactive|Time left: 300 sec this turn | 300 sec total\n|\n|t:|1783544195\n|move|p2a: Sylveon|Protect|p2a: Sylveon\n|-singleturn|p2a: Sylveon|Protect\n|move|p1a: Dewgong|Flip Turn|p2a: Sylveon\n|-activate|p2a: Sylveon|move: Protect\n|\n|-heal|p2a: Sylveon|27/100|[from] item: Leftovers\n|upkeep\n|turn|29\n|inactive|Time left: 300 sec this turn | 300 sec total\n|\n|t:|1783544196\n|move|p1a: Dewgong|Triple Axel|p2a: Sylveon|[miss]\n|-miss|p1a: Dewgong|p2a: Sylveon\n|move|p2a: Sylveon|Hyper Voice|p1a: Dewgong\n|-damage|p1a: Dewgong|0 fnt\n|faint|p1a: Dewgong\n|\n|-heal|p2a: Sylveon|33/100|[from] item: Leftovers\n|upkeep\n|inactive|Time left: 300 sec this turn | 300 sec total | 5 sec grace\n|\n|t:|1783544197\n|switch|p1a: Victreebel|Victreebel, L90, M|290/290\n|turn|30\n|inactive|Time left: 300 sec this turn | 300 sec total\n|\n|t:|1783544198\n|switch|p2a: Orthworm|Orthworm, L88, M|100/100\n|move|p1a: Victreebel|Power Whip|p2a: Orthworm\n|-resisted|p2a: Orthworm\n|-damage|p2a: Orthworm|78/100\n|-damage|p1a: Victreebel|261/290|[from] item: Life Orb\n|\n|upkeep\n|turn|31\n|inactive|Time left: 300 sec this turn | 300 sec total\n|\n|t:|1783544199\n|move|p1a: Victreebel|Knock Off|p2a: Orthworm\n|-damage|p2a: Orthworm|50/100\n|-enditem|p2a: Orthworm|Chesto Berry|[from] move: Knock Off|[of] p1a: Victreebel\n|-damage|p1a: Victreebel|232/290|[from] item: Life Orb\n|move|p2a: Orthworm|Coil|p2a: Orthworm\n|-boost|p2a: Orthworm|atk|1\n|-boost|p2a: Orthworm|def|1\n|-boost|p2a: Orthworm|accuracy|1\n|\n|upkeep\n|turn|32\n|inactive|Time left: 300 sec this turn | 300 sec total\n|\n|t:|1783544200\n|move|p1a: Victreebel|Sleep Powder|p2a: Orthworm\n|-status|p2a: Orthworm|slp|[from] move: Sleep Powder\n|cant|p2a: Orthworm|slp\n|\n|upkeep\n|turn|33\n|inactive|Time left: 300 sec this turn | 300 sec total\n|\n|t:|1783544201\n|switch|p1a: Flutter Mane|Flutter Mane, L74|203/203\n|cant|p2a: Orthworm|slp\n|\n|upkeep\n|turn|34\n|inactive|Time left: 300 sec this turn | 300 sec total\n|\n|t:|1783544202\n|move|p1a: Flutter Mane|Shadow Ball|p2a: Orthworm\n|-damage|p2a: Orthworm|0 fnt\n|faint|p2a: Orthworm\n|\n|upkeep\n|\n|t:|1783544203\n|switch|p2a: Sylveon|Sylveon, L85, M|33/100\n|turn|35\n|inactive|Time left: 300 sec this turn | 300 sec total\n|\n|t:|1783544204\n|move|p2a: Sylveon|Protect|p2a: Sylveon\n|-singleturn|p2a: Sylveon|Protect\n|move|p1a: Flutter Mane|Shadow Ball|p2a: Sylveon\n|-activate|p2a: Sylveon|move: Protect\n|\n|-heal|p2a: Sylveon|39/100|[from] item: Leftovers\n|upkeep\n|turn|36\n|inactive|Time left: 300 sec this turn | 300 sec total\n|\n|t:|1783544205\n|move|p1a: Flutter Mane|Shadow Ball|p2a: Sylveon\n|-damage|p2a: Sylveon|7/100\n|move|p2a: Sylveon|Wish|p2a: Sylveon\n|\n|-heal|p2a: Sylveon|13/100|[from] item: Leftovers\n|upkeep\n|turn|37\n|inactive|Time left: 300 sec this turn | 300 sec total\n|\n|t:|1783544206\n|move|p2a: Sylveon|Protect|p2a: Sylveon\n|-singleturn|p2a: Sylveon|Protect\n|move|p1a: Flutter Mane|Shadow Ball|p2a: Sylveon\n|-activate|p2a: Sylveon|move: Protect\n|\n|-heal|p2a: Sylveon|63/100|[from] move: Wish|[wisher] Sylveon\n|-heal|p2a: Sylveon|69/100|[from] item: Leftovers\n|upkeep\n|turn|38\n|inactive|Time left: 300 sec this turn | 300 sec total\n|\n|t:|1783544207\n|move|p1a: Flutter Mane|Shadow Ball|p2a: Sylveon\n|-damage|p2a: Sylveon|37/100\n|move|p2a: Sylveon|Calm Mind|p2a: Sylveon\n|-boost|p2a: Sylveon|spa|1\n|-boost|p2a: Sylveon|spd|1\n|\n|-heal|p2a: Sylveon|43/100|[from] item: Leftovers\n|upkeep\n|turn|39\n|inactive|Time left: 300 sec this turn | 300 sec total\n|\n|t:|1783544208\n|move|p1a: Flutter Mane|Shadow Ball|p2a: Sylveon\n|-damage|p2a: Sylveon|22/100\n|-unboost|p2a: Sylveon|spd|1\n|move|p2a: Sylveon|Wish|p2a: Sylveon\n|\n|-heal|p2a: Sylveon|28/100|[from] item: Leftovers\n|upkeep\n|turn|40\n|inactive|Time left: 300 sec this turn | 300 sec total\n|\n|t:|1783544209\n|-end|p1a: Flutter Mane|Protosynthesis|[silent]\n|switch|p1a: Victreebel|Victreebel, L90, M|232/290\n|move|p2a: Sylveon|Protect||[still]\n|-fail|p2a: Sylveon\n|\n|-heal|p2a: Sylveon|78/100|[from] move: Wish|[wisher] Sylveon\n|-heal|p2a: Sylveon|84/100|[from] item: Leftovers\n|upkeep\n|turn|41\n|inactive|Time left: 300 sec this turn | 300 sec total\n|\n|t:|1783544210\n|-terastallize|p2a: Sylveon|Steel\n|move|p2a: Sylveon|Protect|p2a: Sylveon\n|-singleturn|p2a: Sylveon|Protect\n|move|p1a: Victreebel|Knock Off|p2a: Sylveon\n|-activate|p2a: Sylveon|move: Protect\n|\n|-heal|p2a: Sylveon|90/100|[from] item: Leftovers\n|upkeep\n|turn|42\n|inactive|Time left: 300 sec this turn | 300 sec total\n|\n|t:|1783544211\n|move|p1a: Victreebel|Knock Off|p2a: Sylveon\n|-damage|p2a: Sylveon|46/100\n|-enditem|p2a: Sylveon|Leftovers|[from] move: Knock Off|[of] p1a: Victreebel\n|-damage|p1a: Victreebel|203/290|[from] item: Life Orb\n|move|p2a: Sylveon|Wish|p2a: Sylveon\n|\n|upkeep\n|turn|43\n|inactive|Time left: 300 sec this turn | 300 sec total\n|\n|t:|1783544213\n|move|p2a: Sylveon|Protect|p2a: Sylveon\n|-singleturn|p2a: Sylveon|Protect\n|move|p1a: Victreebel|Power Whip|p2a: Sylveon\n|-activate|p2a: Sylveon|move: Protect\n|\n|-heal|p2a: Sylveon|96/100|[from] move: Wish|[wisher] Sylveon\n|upkeep\n|turn|44\n|inactive|Time left: 300 sec this turn | 300 sec total\n|\n|t:|1783544214\n|move|p1a: Victreebel|Sleep Powder|p2a: Sylveon\n|-status|p2a: Sylveon|slp|[from] move: Sleep Powder\n|cant|p2a: Sylveon|slp\n|\n|upkeep\n|turn|45\n|inactive|Time left: 300 sec this turn | 300 sec total\n|\n|t:|1783544215\n|cant|p2a: Sylveon|slp\n|move|p1a: Victreebel|Power Whip|p2a: Sylveon|[miss]\n|-miss|p1a: Victreebel|p2a: Sylveon\n|\n|upkeep\n|turn|46\n|inactive|Time left: 300 sec this turn | 300 sec total\n|\n|t:|1783544216\n|move|p1a: Victreebel|Power Whip|p2a: Sylveon\n|-resisted|p2a: Sylveon\n|-damage|p2a: Sylveon|53/100 slp\n|-damage|p1a: Victreebel|174/290|[from] item: Life Orb\n|cant|p2a: Sylveon|slp\n|\n|upkeep\n|turn|47\n|inactive|Time left: 300 sec this turn | 300 sec total\n|\n|t:|1783544217\n|move|p1a: Victreebel|Power Whip|p2a: Sylveon\n|-resisted|p2a: Sylveon\n|-damage|p2a: Sylveon|14/100 slp\n|-damage|p1a: Victreebel|145/290|[from] item: Life Orb\n|-curestatus|p2a: Sylveon|slp|[msg]\n|move|p2a: Sylveon|Wish|p2a: Sylveon\n|\n|upkeep\n|turn|48\n|inactive|Time left: 300 sec this turn | 300 sec total\n|\n|t:|1783544218\n|switch|p1a: Flutter Mane|Flutter Mane, L74|203/203\n|move|p2a: Sylveon|Protect||[still]\n|-fail|p2a: Sylveon\n|\n|-heal|p2a: Sylveon|64/100|[from] move: Wish|[wisher] Sylveon\n|upkeep\n|turn|49\n|inactive|Time left: 300 sec this turn | 300 sec total\n|\n|t:|1783544219\n|move|p1a: Flutter Mane|Mystical Fire|p2a: Sylveon\n|-supereffective|p2a: Sylveon\n|-damage|p2a: Sylveon|27/100\n|-unboost|p2a: Sylveon|spa|1\n|move|p2a: Sylveon|Wish|p2a: Sylveon\n|\n|upkeep\n|turn|50\n|inactive|Time left: 300 sec this turn | 300 sec total\n|\n|t:|1783544220\n|move|p2a: Sylveon|Protect|p2a: Sylveon\n|-singleturn|p2a: Sylveon|Protect\n|move|p1a: Flutter Mane|Mystical Fire|p2a: Sylveon\n|-activate|p2a: Sylveon|move: Protect\n|\n|-heal|p2a: Sylveon|77/100|[from] move: Wish|[wisher] Sylveon\n|upkeep\n|turn|51\n|inactive|Time left: 300 sec this turn | 300 sec total\n|\n|t:|1783544221\n|move|p1a: Flutter Mane|Mystical Fire|p2a: Sylveon\n|-supereffective|p2a: Sylveon\n|-damage|p2a: Sylveon|34/100\n|-unboost|p2a: Sylveon|spa|1\n|move|p2a: Sylveon|Wish|p2a: Sylveon\n|\n|upkeep\n|turn|52\n|inactive|Time left: 300 sec this turn | 300 sec total\n|\n|t:|1783544222\n|move|p2a: Sylveon|Protect|p2a: Sylveon\n|-singleturn|p2a: Sylveon|Protect\n|move|p1a: Flutter Mane|Mystical Fire|p2a: Sylveon\n|-activate|p2a: Sylveon|move: Protect\n|\n|-heal|p2a: Sylveon|84/100|[from] move: Wish|[wisher] Sylveon\n|upkeep\n|turn|53\n|inactive|Time left: 300 sec this turn | 300 sec total\n|\n|t:|1783544223\n|move|p1a: Flutter Mane|Mystical Fire|p2a: Sylveon\n|-supereffective|p2a: Sylveon\n|-damage|p2a: Sylveon|45/100\n|-unboost|p2a: Sylveon|spa|1\n|move|p2a: Sylveon|Wish|p2a: Sylveon\n|\n|upkeep\n|turn|54\n|inactive|Time left: 300 sec this turn | 300 sec total\n|\n|t:|1783544224\n|move|p2a: Sylveon|Protect|p2a: Sylveon\n|-singleturn|p2a: Sylveon|Protect\n|move|p1a: Flutter Mane|Mystical Fire|p2a: Sylveon\n|-activate|p2a: Sylveon|move: Protect\n|\n|-heal|p2a: Sylveon|95/100|[from] move: Wish|[wisher] Sylveon\n|upkeep\n|turn|55\n|inactive|Time left: 300 sec this turn | 300 sec total\n|\n|t:|1783544225\n|move|p1a: Flutter Mane|Mystical Fire|p2a: Sylveon\n|-supereffective|p2a: Sylveon\n|-damage|p2a: Sylveon|55/100\n|-unboost|p2a: Sylveon|spa|1\n|move|p2a: Sylveon|Wish|p2a: Sylveon\n|\n|upkeep\n|turn|56\n|inactive|Time left: 300 sec this turn | 300 sec total\n|\n|t:|1783544226\n|move|p2a: Sylveon|Protect|p2a: Sylveon\n|-singleturn|p2a: Sylveon|Protect\n|move|p1a: Flutter Mane|Mystical Fire|p2a: Sylveon\n|-activate|p2a: Sylveon|move: Protect\n|\n|-heal|p2a: Sylveon|100/100|[from] move: Wish|[wisher] Sylveon\n|upkeep\n|turn|57\n|inactive|Time left: 300 sec this turn | 300 sec total\n|\n|t:|1783544227\n|move|p1a: Flutter Mane|Mystical Fire|p2a: Sylveon\n|-supereffective|p2a: Sylveon\n|-damage|p2a: Sylveon|60/100\n|-unboost|p2a: Sylveon|spa|1\n|move|p2a: Sylveon|Wish|p2a: Sylveon\n|\n|upkeep\n|turn|58\n|inactive|Time left: 300 sec this turn | 300 sec total\n|\n|t:|1783544228\n|move|p2a: Sylveon|Protect|p2a: Sylveon\n|-singleturn|p2a: Sylveon|Protect\n|move|p1a: Flutter Mane|Mystical Fire|p2a: Sylveon\n|-activate|p2a: Sylveon|move: Protect\n|\n|-heal|p2a: Sylveon|100/100|[from] move: Wish|[wisher] Sylveon\n|upkeep\n|turn|59\n|inactive|Time left: 300 sec this turn | 300 sec total\n|\n|t:|1783544229\n|move|p1a: Flutter Mane|Mystical Fire|p2a: Sylveon\n|-supereffective|p2a: Sylveon\n|-damage|p2a: Sylveon|59/100\n|-unboost|p2a: Sylveon|spa|1\n|move|p2a: Sylveon|Wish|p2a: Sylveon\n|\n|upkeep\n|turn|60\n|inactive|Time left: 300 sec this turn | 300 sec total\n|\n|t:|1783544230\n|move|p1a: Flutter Mane|Mystical Fire|p2a: Sylveon\n|-supereffective|p2a: Sylveon\n|-damage|p2a: Sylveon|20/100\n|-unboost|p2a: Sylveon|spa|1\n|move|p2a: Sylveon|Calm Mind|p2a: Sylveon\n|-boost|p2a: Sylveon|spa|1\n|-boost|p2a: Sylveon|spd|1\n|\n|-heal|p2a: Sylveon|70/100|[from] move: Wish|[wisher] Sylveon\n|upkeep\n|turn|61\n|inactive|Time left: 300 sec this turn | 300 sec total\n|\n|t:|1783544231\n|move|p1a: Flutter Mane|Mystical Fire|p2a: Sylveon\n|-supereffective|p2a: Sylveon\n|-damage|p2a: Sylveon|46/100\n|-unboost|p2a: Sylveon|spa|1\n|move|p2a: Sylveon|Wish|p2a: Sylveon\n|\n|upkeep\n|turn|62\n|inactive|Time left: 300 sec this turn | 300 sec total\n|\n|t:|1783544232\n|-end|p1a: Flutter Mane|Protosynthesis|[silent]\n|switch|p1a: Vigoroth|Vigoroth, L85, F|165/275\n|move|p2a: Sylveon|Calm Mind|p2a: Sylveon\n|-boost|p2a: Sylveon|spa|1\n|-boost|p2a: Sylveon|spd|1\n|\n|-heal|p2a: Sylveon|96/100|[from] move: Wish|[wisher] Sylveon\n|upkeep\n|turn|63\n|inactive|Time left: 300 sec this turn | 300 sec total\n|\n|t:|1783544233\n|move|p1a: Vigoroth|Bulk Up|p1a: Vigoroth\n|-boost|p1a: Vigoroth|atk|1\n|-boost|p1a: Vigoroth|def|1\n|move|p2a: Sylveon|Wish|p2a: Sylveon\n|\n|upkeep\n|turn|64\n|inactive|Time left: 300 sec this turn | 300 sec total\n|\n|t:|1783544234\n|move|p2a: Sylveon|Protect|p2a: Sylveon\n|-singleturn|p2a: Sylveon|Protect\n|move|p1a: Vigoroth|Bulk Up|p1a: Vigoroth\n|-boost|p1a: Vigoroth|atk|1\n|-boost|p1a: Vigoroth|def|1\n|\n|-heal|p2a: Sylveon|100/100|[from] move: Wish|[wisher] Sylveon\n|upkeep\n|turn|65\n|inactive|Time left: 300 sec this turn | 300 sec total\n|\n|t:|1783544235\n|move|p1a: Vigoroth|Body Slam|p2a: Sylveon\n|-resisted|p2a: Sylveon\n|-damage|p2a: Sylveon|66/100\n|move|p2a: Sylveon|Wish|p2a: Sylveon\n|\n|upkeep\n|turn|66\n|inactive|Time left: 300 sec this turn | 300 sec total\n|\n|t:|1783544236\n|move|p1a: Vigoroth|Bulk Up|p1a: Vigoroth\n|-boost|p1a: Vigoroth|atk|1\n|-boost|p1a: Vigoroth|def|1\n|move|p2a: Sylveon|Calm Mind|p2a: Sylveon\n|-boost|p2a: Sylveon|spa|1\n|-boost|p2a: Sylveon|spd|1\n|\n|-heal|p2a: Sylveon|100/100|[from] move: Wish|[wisher] Sylveon\n|upkeep\n|turn|67\n|inactive|Time left: 300 sec this turn | 300 sec total\n|\n|t:|1783544237\n|move|p2a: Sylveon|Protect|p2a: Sylveon\n|-singleturn|p2a: Sylveon|Protect\n|move|p1a: Vigoroth|Bulk Up|p1a: Vigoroth\n|-boost|p1a: Vigoroth|atk|1\n|-boost|p1a: Vigoroth|def|1\n|\n|upkeep\n|turn|68\n|inactive|Time left: 300 sec this turn | 300 sec total\n|\n|t:|1783544238\n|move|p1a: Vigoroth|Knock Off|p2a: Sylveon\n|-damage|p2a: Sylveon|47/100\n|move|p2a: Sylveon|Wish|p2a: Sylveon\n|\n|upkeep\n|turn|69\n|inactive|Time left: 300 sec this turn | 300 sec total\n|\n|t:|1783544239\n|move|p1a: Vigoroth|Knock Off|p2a: Sylveon\n|-damage|p2a: Sylveon|0 fnt\n|faint|p2a: Sylveon\n|\n|win|p0x3872a17", "uploadtime": 1783544239, "views": 0, "rating": 0, "private": 0, "password": null, "_winner": "p0x3872a17", "_our_name": "p0x3872a17"}