{"id": "battle-gen9randombattle-873", "formatid": "gen9randombattle", "format": "[Gen 9] Random Battle", "players": ["p0x8731357", "p0y873223b"], "log": "|init|battle\n|title|p0x8731357 vs. p0y873223b\n|j|\u2606p0x8731357\n|j|\u2606p0y873223b\n|t:|1783549243\n|gametype|singles\n|player|p1|p0x8731357|1|\n|player|p2|p0y873223b|101|\n|gen|9\n|tier|[Gen 9] Random Battle\n|rule|Species Clause: Limit one of each Pok\u00e9mon\n|rule|HP Percentage Mod: HP is shown in percentages\n|rule|Sleep Clause Mod: Limit one foe put to sleep\n|rule|Illusion Level Mod: Illusion disguises the Pok\u00e9mon's true level\n|\n|t:|1783549243\n|teamsize|p1|6\n|teamsize|p2|6\n|start\n|switch|p1a: Terapagos|Terapagos, L77, M|100/100\n|switch|p2a: Gastrodon|Gastrodon, L86, M|331/331\n|-activate|p1a: Terapagos|ability: Tera Shift\n|detailschange|p1a: Terapagos|Terapagos-Terastal, L77, M\n|-heal|p1a: Terapagos|100/100|[silent]\n|turn|1\n|inactive|Battle timer is ON: inactive players will automatically lose when time's up. (requested by p0y873223b)\n|inactive|p0x8731357 also wants the timer to be on.\n|\n|t:|1783549245\n|move|p1a: Terapagos|Calm Mind|p1a: Terapagos\n|-boost|p1a: Terapagos|spa|1\n|-boost|p1a: Terapagos|spd|1\n|move|p2a: Gastrodon|Surf|p1a: Terapagos\n|-activate|p1a: Terapagos|ability: Tera Shell\n|-resisted|p1a: Terapagos\n|-damage|p1a: Terapagos|91/100\n|\n|upkeep\n|turn|2\n|inactive|Time left: 300 sec this turn | 300 sec total\n|\n|t:|1783549246\n|move|p1a: Terapagos|Tera Starstorm|p2a: Gastrodon\n|-damage|p2a: Gastrodon|168/331\n|move|p2a: Gastrodon|Earthquake|p1a: Terapagos\n|-damage|p1a: Terapagos|56/100\n|\n|-heal|p2a: Gastrodon|188/331|[from] item: Leftovers\n|upkeep\n|turn|3\n|inactive|Time left: 300 sec this turn | 300 sec total\n|\n|t:|1783549247\n|move|p1a: Terapagos|Tera Starstorm|p2a: Gastrodon\n|-damage|p2a: Gastrodon|23/331\n|move|p2a: Gastrodon|Recover|p2a: Gastrodon\n|-heal|p2a: Gastrodon|189/331\n|\n|-heal|p2a: Gastrodon|209/331|[from] item: Leftovers\n|upkeep\n|turn|4\n|inactive|Time left: 300 sec this turn | 300 sec total\n|\n|t:|1783549248\n|move|p1a: Terapagos|Tera Starstorm|p2a: Gastrodon\n|-damage|p2a: Gastrodon|23/331\n|move|p2a: Gastrodon|Recover|p2a: Gastrodon\n|-heal|p2a: Gastrodon|189/331\n|\n|-heal|p2a: Gastrodon|209/331|[from] item: Leftovers\n|upkeep\n|turn|5\n|inactive|Time left: 300 sec this turn | 300 sec total\n|\n|t:|1783549249\n|move|p1a: Terapagos|Tera Starstorm|p2a: Gastrodon\n|-damage|p2a: Gastrodon|29/331\n|move|p2a: Gastrodon|Recover|p2a: Gastrodon\n|-heal|p2a: Gastrodon|195/331\n|\n|-heal|p2a: Gastrodon|215/331|[from] item: Leftovers\n|upkeep\n|turn|6\n|inactive|Time left: 300 sec this turn | 300 sec total\n|\n|t:|1783549250\n|move|p1a: Terapagos|Tera Starstorm|p2a: Gastrodon\n|-damage|p2a: Gastrodon|53/331\n|move|p2a: Gastrodon|Recover|p2a: Gastrodon\n|-heal|p2a: Gastrodon|219/331\n|\n|-heal|p2a: Gastrodon|239/331|[from] item: Leftovers\n|upkeep\n|turn|7\n|inactive|Time left: 300 sec this turn | 300 sec total\n|\n|t:|1783549251\n|move|p1a: Terapagos|Tera Starstorm|p2a: Gastrodon\n|-damage|p2a: Gastrodon|74/331\n|move|p2a: Gastrodon|Earthquake|p1a: Terapagos\n|-damage|p1a: Terapagos|23/100\n|\n|-heal|p2a: Gastrodon|94/331|[from] item: Leftovers\n|upkeep\n|turn|8\n|inactive|Time left: 300 sec this turn | 300 sec total\n|\n|t:|1783549252\n|move|p1a: Terapagos|Rest|p1a: Terapagos\n|-status|p1a: Terapagos|slp|[from] move: Rest\n|-heal|p1a: Terapagos|100/100 slp|[silent]\n|-enditem|p1a: Terapagos|Chesto Berry|[eat]\n|-curestatus|p1a: Terapagos|slp|[msg]\n|move|p2a: Gastrodon|Recover|p2a: Gastrodon\n|-heal|p2a: Gastrodon|260/331\n|\n|-heal|p2a: Gastrodon|280/331|[from] item: Leftovers\n|upkeep\n|turn|9\n|inactive|Time left: 300 sec this turn | 300 sec total\n|\n|t:|1783549252\n|move|p1a: Terapagos|Tera Starstorm|p2a: Gastrodon\n|-damage|p2a: Gastrodon|91/331\n|move|p2a: Gastrodon|Recover|p2a: Gastrodon\n|-heal|p2a: Gastrodon|257/331\n|\n|-heal|p2a: Gastrodon|277/331|[from] item: Leftovers\n|upkeep\n|turn|10\n|inactive|Time left: 300 sec this turn | 300 sec total\n|\n|t:|1783549253\n|move|p1a: Terapagos|Calm Mind|p1a: Terapagos\n|-boost|p1a: Terapagos|spa|1\n|-boost|p1a: Terapagos|spd|1\n|move|p2a: Gastrodon|Earthquake|p1a: Terapagos\n|-activate|p1a: Terapagos|ability: Tera Shell\n|-resisted|p1a: Terapagos\n|-damage|p1a: Terapagos|85/100\n|\n|-heal|p2a: Gastrodon|297/331|[from] item: Leftovers\n|upkeep\n|turn|11\n|inactive|Time left: 300 sec this turn | 300 sec total\n|\n|t:|1783549254\n|move|p1a: Terapagos|Tera Starstorm|p2a: Gastrodon\n|-damage|p2a: Gastrodon|62/331\n|move|p2a: Gastrodon|Recover|p2a: Gastrodon\n|-heal|p2a: Gastrodon|228/331\n|\n|-heal|p2a: Gastrodon|248/331|[from] item: Leftovers\n|upkeep\n|turn|12\n|inactive|Time left: 300 sec this turn | 300 sec total\n|\n|t:|1783549255\n|move|p1a: Terapagos|Dark Pulse|p2a: Gastrodon\n|-damage|p2a: Gastrodon|140/331\n|move|p2a: Gastrodon|Recover|p2a: Gastrodon\n|-heal|p2a: Gastrodon|306/331\n|\n|-heal|p2a: Gastrodon|326/331|[from] item: Leftovers\n|upkeep\n|turn|13\n|inactive|Time left: 300 sec this turn | 300 sec total\n|\n|t:|1783549257\n|move|p1a: Terapagos|Dark Pulse|p2a: Gastrodon\n|-damage|p2a: Gastrodon|215/331\n|cant|p2a: Gastrodon|flinch\n|\n|-heal|p2a: Gastrodon|235/331|[from] item: Leftovers\n|upkeep\n|turn|14\n|inactive|Time left: 300 sec this turn | 300 sec total\n|\n|t:|1783549258\n|move|p1a: Terapagos|Dark Pulse|p2a: Gastrodon\n|-damage|p2a: Gastrodon|124/331\n|move|p2a: Gastrodon|Earthquake|p1a: Terapagos\n|-damage|p1a: Terapagos|50/100\n|\n|-heal|p2a: Gastrodon|144/331|[from] item: Leftovers\n|upkeep\n|turn|15\n|inactive|Time left: 300 sec this turn | 300 sec total\n|\n|t:|1783549259\n|move|p1a: Terapagos|Dark Pulse|p2a: Gastrodon\n|-damage|p2a: Gastrodon|34/331\n|move|p2a: Gastrodon|Earthquake|p1a: Terapagos\n|-damage|p1a: Terapagos|18/100\n|\n|-heal|p2a: Gastrodon|54/331|[from] item: Leftovers\n|upkeep\n|turn|16\n|inactive|Time left: 300 sec this turn | 300 sec total\n|\n|t:|1783549260\n|switch|p2a: Meowscarada|Meowscarada, L78, F|247/247\n|move|p1a: Terapagos|Rest|p1a: Terapagos\n|-status|p1a: Terapagos|slp|[from] move: Rest\n|-heal|p1a: Terapagos|100/100 slp|[silent]\n|\n|upkeep\n|turn|17\n|inactive|Time left: 300 sec this turn | 300 sec total\n|\n|t:|1783549261\n|move|p2a: Meowscarada|Flower Trick|p1a: Terapagos\n|-start|p2a: Meowscarada|typechange|Grass|[from] ability: Protean\n|-activate|p1a: Terapagos|ability: Tera Shell\n|-resisted|p1a: Terapagos\n|-crit|p1a: Terapagos\n|-damage|p1a: Terapagos|77/100 slp\n|-damage|p2a: Meowscarada|223/247|[from] item: Life Orb\n|cant|p1a: Terapagos|slp\n|\n|upkeep\n|turn|18\n|inactive|Time left: 300 sec this turn | 300 sec total\n|\n|t:|1783549262\n|move|p2a: Meowscarada|Flower Trick|p1a: Terapagos\n|-crit|p1a: Terapagos\n|-damage|p1a: Terapagos|31/100 slp\n|-damage|p2a: Meowscarada|199/247|[from] item: Life Orb\n|cant|p1a: Terapagos|slp\n|\n|upkeep\n|turn|19\n|inactive|Time left: 300 sec this turn | 300 sec total\n|\n|t:|1783549263\n|move|p2a: Meowscarada|Triple Axel|p1a: Terapagos\n|-damage|p1a: Terapagos|24/100 slp\n|-damage|p1a: Terapagos|12/100 slp\n|-damage|p1a: Terapagos|0 fnt\n|faint|p1a: Terapagos\n|-hitcount|p1: Terapagos|3\n|-damage|p2a: Meowscarada|175/247|[from] item: Life Orb\n|\n|upkeep\n|\n|t:|1783549264\n|switch|p1a: Bruxish|Bruxish, L85, F|100/100\n|turn|20\n|inactive|Time left: 300 sec this turn | 300 sec total\n|\n|t:|1783549265\n|move|p1a: Bruxish|Ice Fang|p2a: Meowscarada\n|-supereffective|p2a: Meowscarada\n|-damage|p2a: Meowscarada|0 fnt\n|faint|p2a: Meowscarada\n|\n|upkeep\n|inactive|Time left: 300 sec this turn | 300 sec total | 5 sec grace\n|\n|t:|1783549266\n|switch|p2a: Forretress|Forretress, L84, M|263/263\n|turn|21\n|inactive|Time left: 300 sec this turn | 300 sec total\n|\n|t:|1783549267\n|switch|p1a: Granbull|Granbull, L88, F|100/100\n|-ability|p1a: Granbull|Intimidate|boost\n|-unboost|p2a: Forretress|atk|1\n|move|p2a: Forretress|Stealth Rock|p1a: Granbull\n|-sidestart|p1: p0x8731357|move: Stealth Rock\n|\n|upkeep\n|turn|22\n|inactive|Time left: 300 sec this turn | 300 sec total\n|\n|t:|1783549268\n|switch|p1a: Glaceon|Glaceon, L94, M|100/100\n|switch|p2a: Granbull|Granbull, L88, F|302/302\n|-ability|p2a: Granbull|Intimidate|boost\n|-unboost|p1a: Glaceon|atk|1\n|\n|upkeep\n|turn|23\n|inactive|Time left: 300 sec this turn | 300 sec total\n|\n|t:|1783549269\n|move|p1a: Glaceon|Freeze-Dry|p2a: Granbull\n|-damage|p2a: Granbull|167/302\n|move|p2a: Granbull|Play Rough|p1a: Glaceon\n|-damage|p1a: Glaceon|64/100\n|\n|-heal|p2a: Granbull|185/302|[from] item: Leftovers\n|upkeep\n|turn|24\n|inactive|Time left: 300 sec this turn | 300 sec total\n|\n|t:|1783549270\n|move|p1a: Glaceon|Freeze-Dry|p2a: Granbull\n|-damage|p2a: Granbull|47/302\n|move|p2a: Granbull|Play Rough|p1a: Glaceon\n|-damage|p1a: Glaceon|30/100\n|\n|-heal|p2a: Granbull|65/302|[from] item: Leftovers\n|upkeep\n|turn|25\n|inactive|Time left: 300 sec this turn | 300 sec total\n|\n|t:|1783549271\n|move|p1a: Glaceon|Freeze-Dry|p2a: Granbull\n|-damage|p2a: Granbull|0 fnt\n|faint|p2a: Granbull\n|\n|upkeep\n|inactive|Time left: 300 sec this turn | 300 sec total | 5 sec grace\n|\n|t:|1783549272\n|switch|p2a: Flutter Mane|Flutter Mane, L74|203/203\n|turn|26\n|inactive|Time left: 300 sec this turn | 300 sec total\n|\n|t:|1783549273\n|move|p1a: Glaceon|Protect|p1a: Glaceon\n|-singleturn|p1a: Glaceon|Protect\n|move|p2a: Flutter Mane|Shadow Ball|p1a: Glaceon\n|-activate|p1a: Glaceon|move: Protect\n|\n|upkeep\n|turn|27\n|inactive|Time left: 300 sec this turn | 300 sec total\n|\n|t:|1783549274\n|move|p1a: Glaceon|Protect||[still]\n|-fail|p1a: Glaceon\n|move|p2a: Flutter Mane|Shadow Ball|p1a: Glaceon\n|-damage|p1a: Glaceon|0 fnt\n|faint|p1a: Glaceon\n|-damage|p2a: Flutter Mane|183/203|[from] item: Life Orb\n|\n|upkeep\n|\n|t:|1783549275\n|switch|p1a: Bruxish|Bruxish, L85, F|100/100\n|-damage|p1a: Bruxish|88/100|[from] Stealth Rock\n|turn|28\n|inactive|Time left: 300 sec this turn | 300 sec total\n|\n|t:|1783549275\n|-end|p2a: Flutter Mane|Protosynthesis|[silent]\n|switch|p2a: Forretress|Forretress, L84, M|263/263\n|move|p1a: Bruxish|Psychic Fangs|p2a: Forretress\n|-resisted|p2a: Forretress\n|-damage|p2a: Forretress|216/263\n|\n|-heal|p2a: Forretress|232/263|[from] item: Leftovers\n|upkeep\n|turn|29\n|inactive|Time left: 300 sec this turn | 300 sec total\n|\n|t:|1783549277\n|move|p1a: Bruxish|Psychic Fangs|p2a: Forretress\n|-resisted|p2a: Forretress\n|-damage|p2a: Forretress|184/263\n|move|p2a: Forretress|Rapid Spin|p1a: Bruxish\n|-damage|p1a: Bruxish|73/100\n|-boost|p2a: Forretress|spe|1\n|\n|-heal|p2a: Forretress|200/263|[from] item: Leftovers\n|upkeep\n|turn|30\n|inactive|Time left: 300 sec this turn | 300 sec total\n|\n|t:|1783549278\n|move|p1a: Bruxish|Psychic Fangs|p2a: Forretress\n|-resisted|p2a: Forretress\n|-damage|p2a: Forretress|146/263\n|move|p2a: Forretress|Iron Head|p1a: Bruxish\n|-resisted|p1a: Bruxish\n|-damage|p1a: Bruxish|54/100\n|\n|-heal|p2a: Forretress|162/263|[from] item: Leftovers\n|upkeep\n|turn|31\n|inactive|Time left: 300 sec this turn | 300 sec total\n|\n|t:|1783549279\n|move|p1a: Bruxish|Psychic Fangs|p2a: Forretress\n|-resisted|p2a: Forretress\n|-damage|p2a: Forretress|113/263\n|move|p2a: Forretress|Iron Head|p1a: Bruxish\n|-resisted|p1a: Bruxish\n|-damage|p1a: Bruxish|37/100\n|\n|-heal|p2a: Forretress|129/263|[from] item: Leftovers\n|upkeep\n|turn|32\n|inactive|Time left: 300 sec this turn | 300 sec total\n|\n|t:|1783549280\n|move|p1a: Bruxish|Psychic Fangs|p2a: Forretress\n|-resisted|p2a: Forretress\n|-damage|p2a: Forretress|75/263\n|move|p2a: Forretress|Iron Head|p1a: Bruxish\n|-resisted|p1a: Bruxish\n|-damage|p1a: Bruxish|18/100\n|\n|-heal|p2a: Forretress|91/263|[from] item: Leftovers\n|upkeep\n|turn|33\n|inactive|Time left: 300 sec this turn | 300 sec total\n|\n|t:|1783549282\n|move|p1a: Bruxish|Psychic Fangs|p2a: Forretress\n|-resisted|p2a: Forretress\n|-damage|p2a: Forretress|42/263\n|move|p2a: Forretress|Iron Head|p1a: Bruxish\n|-resisted|p1a: Bruxish\n|-damage|p1a: Bruxish|1/100\n|\n|-heal|p2a: Forretress|58/263|[from] item: Leftovers\n|upkeep\n|turn|34\n|inactive|Time left: 300 sec this turn | 300 sec total\n|\n|t:|1783549283\n|-terastallize|p1a: Bruxish|Psychic\n|move|p1a: Bruxish|Psychic Fangs|p2a: Forretress\n|-resisted|p2a: Forretress\n|-damage|p2a: Forretress|0 fnt\n|faint|p2a: Forretress\n|\n|upkeep\n|inactive|Time left: 300 sec this turn | 300 sec total | 5 sec grace\n|\n|t:|1783549284\n|switch|p2a: Magmortar|Magmortar, L88, M|275/275\n|turn|35\n|inactive|Time left: 300 sec this turn | 300 sec total\n|\n|t:|1783549285\n|move|p1a: Bruxish|Psychic Fangs|p2a: Magmortar\n|-crit|p2a: Magmortar\n|-damage|p2a: Magmortar|0 fnt\n|-status|p1a: Bruxish|brn|[from] ability: Flame Body|[of] p2a: Magmortar\n|faint|p2a: Magmortar\n|\n|-damage|p1a: Bruxish|0 fnt|[from] brn\n|faint|p1a: Bruxish\n|upkeep\n|inactive|Time left: 300 sec this turn | 300 sec total | 5 sec grace\n|\n|t:|1783549286\n|switch|p1a: Granbull|Granbull, L88, F|100/100\n|switch|p2a: Flutter Mane|Flutter Mane, L74|183/203\n|-damage|p1a: Granbull|88/100|[from] Stealth Rock\n|-ability|p1a: Granbull|Intimidate|boost\n|-unboost|p2a: Flutter Mane|atk|1\n|turn|36\n|inactive|Time left: 300 sec this turn | 300 sec total\n|\n|t:|1783549287\n|move|p2a: Flutter Mane|Shadow Ball|p1a: Granbull\n|-damage|p1a: Granbull|45/100\n|-damage|p2a: Flutter Mane|163/203|[from] item: Life Orb\n|move|p1a: Granbull|Play Rough|p2a: Flutter Mane\n|-damage|p2a: Flutter Mane|0 fnt\n|faint|p2a: Flutter Mane\n|-end|p2a: Flutter Mane|Protosynthesis|[silent]\n|\n|-heal|p1a: Granbull|51/100|[from] item: Leftovers\n|upkeep\n|inactive|Time left: 300 sec this turn | 300 sec total | 5 sec grace\n|\n|t:|1783549288\n|switch|p2a: Gastrodon|Gastrodon, L86, M|54/331\n|turn|37\n|inactive|Time left: 300 sec this turn | 300 sec total\n|\n|t:|1783549289\n|move|p1a: Granbull|Earthquake|p2a: Gastrodon\n|-damage|p2a: Gastrodon|0 fnt\n|faint|p2a: Gastrodon\n|\n|win|p0x8731357", "uploadtime": 1783549289, "views": 0, "rating": 0, "private": 0, "password": null, "_winner": "p0x8731357", "_our_name": "p0y873223b"}