{"id": "battle-gen9randombattle-2229", "formatid": "gen9randombattle", "format": "[Gen 9] Random Battle", "players": ["p0x2229da28", "p0y222908ad"], "log": "|init|battle\n|title|p0x2229da28 vs. p0y222908ad\n|j|\u2606p0x2229da28\n|j|\u2606p0y222908ad\n|t:|1783564916\n|gametype|singles\n|player|p1|p0x2229da28|1|\n|player|p2|p0y222908ad|266|\n|gen|9\n|tier|[Gen 9] Random Battle\n|rule|Species Clause: Limit one of each Pok\u00e9mon\n|rule|HP Percentage Mod: HP is shown in percentages\n|rule|Sleep Clause Mod: Limit one foe put to sleep\n|rule|Illusion Level Mod: Illusion disguises the Pok\u00e9mon's true level\n|\n|t:|1783564916\n|teamsize|p1|6\n|teamsize|p2|6\n|start\n|switch|p1a: Malamar|Malamar, L82, F|100/100\n|switch|p2a: Quagsire|Quagsire, L84, M|297/297\n|turn|1\n|inactive|Battle timer is ON: inactive players will automatically lose when time's up. (requested by p0x2229da28)\n|inactive|Time left: 300 sec this turn | 300 sec total | 60 sec grace\n|\n|t:|1783564918\n|move|p1a: Malamar|Superpower|p2a: Quagsire\n|-damage|p2a: Quagsire|224/297\n|-boost|p1a: Malamar|atk|1\n|-boost|p1a: Malamar|def|1\n|move|p2a: Quagsire|Earthquake|p1a: Malamar\n|-damage|p1a: Malamar|64/100\n|\n|-heal|p1a: Malamar|71/100|[from] item: Leftovers\n|-heal|p2a: Quagsire|242/297|[from] item: Leftovers\n|upkeep\n|turn|2\n|inactive|Time left: 300 sec this turn | 300 sec total\n|inactive|p0y222908ad also wants the timer to be on.\n|\n|t:|1783564919\n|move|p1a: Malamar|Superpower|p2a: Quagsire\n|-damage|p2a: Quagsire|159/297\n|-boost|p1a: Malamar|atk|1\n|-boost|p1a: Malamar|def|1\n|move|p2a: Quagsire|Earthquake|p1a: Malamar\n|-damage|p1a: Malamar|32/100\n|\n|-heal|p1a: Malamar|38/100|[from] item: Leftovers\n|-heal|p2a: Quagsire|177/297|[from] item: Leftovers\n|upkeep\n|turn|3\n|inactive|Time left: 300 sec this turn | 300 sec total\n|\n|t:|1783564920\n|move|p1a: Malamar|Knock Off|p2a: Quagsire\n|-damage|p2a: Quagsire|75/297\n|-enditem|p2a: Quagsire|Leftovers|[from] move: Knock Off|[of] p1a: Malamar\n|move|p2a: Quagsire|Earthquake|p1a: Malamar\n|-damage|p1a: Malamar|5/100\n|\n|-heal|p1a: Malamar|11/100|[from] item: Leftovers\n|upkeep\n|turn|4\n|inactive|Time left: 300 sec this turn | 300 sec total\n|\n|t:|1783564921\n|move|p1a: Malamar|Rest|p1a: Malamar\n|-status|p1a: Malamar|slp|[from] move: Rest\n|-heal|p1a: Malamar|100/100 slp|[silent]\n|move|p2a: Quagsire|Recover|p2a: Quagsire\n|-heal|p2a: Quagsire|224/297\n|\n|upkeep\n|turn|5\n|inactive|Time left: 300 sec this turn | 300 sec total\n|\n|t:|1783564922\n|cant|p1a: Malamar|slp\n|move|p1a: Malamar|Sleep Talk|p1a: Malamar\n|move|p1a: Malamar|Superpower|p2a: Quagsire|[from] move: Sleep Talk\n|-damage|p2a: Quagsire|140/297\n|-boost|p1a: Malamar|atk|1\n|-boost|p1a: Malamar|def|1\n|move|p2a: Quagsire|Earthquake|p1a: Malamar\n|-damage|p1a: Malamar|67/100 slp\n|\n|-heal|p1a: Malamar|74/100 slp|[from] item: Leftovers\n|upkeep\n|turn|6\n|inactive|Time left: 300 sec this turn | 300 sec total\n|\n|t:|1783564923\n|cant|p1a: Malamar|slp\n|move|p1a: Malamar|Sleep Talk|p1a: Malamar\n|move|p1a: Malamar|Superpower|p2a: Quagsire|[from] move: Sleep Talk\n|-damage|p2a: Quagsire|55/297\n|-boost|p1a: Malamar|atk|1\n|-boost|p1a: Malamar|def|1\n|move|p2a: Quagsire|Recover|p2a: Quagsire\n|-heal|p2a: Quagsire|204/297\n|\n|-heal|p1a: Malamar|80/100 slp|[from] item: Leftovers\n|upkeep\n|turn|7\n|inactive|Time left: 300 sec this turn | 300 sec total\n|\n|t:|1783564923\n|-curestatus|p1a: Malamar|slp|[msg]\n|move|p1a: Malamar|Superpower|p2a: Quagsire\n|-damage|p2a: Quagsire|131/297\n|-boost|p1a: Malamar|atk|1\n|-boost|p1a: Malamar|def|1\n|move|p2a: Quagsire|Recover|p2a: Quagsire\n|-heal|p2a: Quagsire|280/297\n|\n|-heal|p1a: Malamar|86/100|[from] item: Leftovers\n|upkeep\n|turn|8\n|inactive|Time left: 300 sec this turn | 300 sec total\n|\n|t:|1783564924\n|move|p1a: Malamar|Superpower|p2a: Quagsire\n|-damage|p2a: Quagsire|199/297\n|-boost|p1a: Malamar|atk|1\n|-boost|p1a: Malamar|def|1\n|move|p2a: Quagsire|Earthquake|p1a: Malamar\n|-damage|p1a: Malamar|53/100\n|\n|-heal|p1a: Malamar|59/100|[from] item: Leftovers\n|upkeep\n|turn|9\n|inactive|Time left: 300 sec this turn | 300 sec total\n|\n|t:|1783564925\n|move|p1a: Malamar|Superpower|p2a: Quagsire\n|-damage|p2a: Quagsire|113/297\n|move|p2a: Quagsire|Earthquake|p1a: Malamar\n|-damage|p1a: Malamar|22/100\n|\n|-heal|p1a: Malamar|28/100|[from] item: Leftovers\n|upkeep\n|turn|10\n|inactive|Time left: 300 sec this turn | 300 sec total\n|\n|t:|1783564925\n|move|p1a: Malamar|Rest|p1a: Malamar\n|-status|p1a: Malamar|slp|[from] move: Rest\n|-heal|p1a: Malamar|100/100 slp|[silent]\n|move|p2a: Quagsire|Earthquake|p1a: Malamar\n|-damage|p1a: Malamar|62/100 slp\n|\n|-heal|p1a: Malamar|68/100 slp|[from] item: Leftovers\n|upkeep\n|turn|11\n|inactive|Time left: 300 sec this turn | 300 sec total\n|\n|t:|1783564926\n|cant|p1a: Malamar|slp\n|move|p1a: Malamar|Sleep Talk|p1a: Malamar\n|move|p1a: Malamar|Rest||[from] move: Sleep Talk|[still]\n|-fail|p1a: Malamar\n|move|p2a: Quagsire|Recover|p2a: Quagsire\n|-heal|p2a: Quagsire|262/297\n|\n|-heal|p1a: Malamar|75/100 slp|[from] item: Leftovers\n|upkeep\n|turn|12\n|inactive|Time left: 300 sec this turn | 300 sec total\n|\n|t:|1783564927\n|cant|p1a: Malamar|slp\n|move|p1a: Malamar|Sleep Talk|p1a: Malamar\n|move|p1a: Malamar|Superpower|p2a: Quagsire|[from] move: Sleep Talk\n|-damage|p2a: Quagsire|180/297\n|move|p2a: Quagsire|Earthquake|p1a: Malamar\n|-damage|p1a: Malamar|36/100 slp\n|\n|-heal|p1a: Malamar|42/100 slp|[from] item: Leftovers\n|upkeep\n|turn|13\n|inactive|Time left: 300 sec this turn | 300 sec total\n|\n|t:|1783564928\n|-curestatus|p1a: Malamar|slp|[msg]\n|move|p1a: Malamar|Rest|p1a: Malamar\n|-status|p1a: Malamar|slp|[from] move: Rest\n|-heal|p1a: Malamar|100/100 slp|[silent]\n|move|p2a: Quagsire|Earthquake|p1a: Malamar\n|-damage|p1a: Malamar|63/100 slp\n|\n|-heal|p1a: Malamar|69/100 slp|[from] item: Leftovers\n|upkeep\n|turn|14\n|inactive|Time left: 300 sec this turn | 300 sec total\n|\n|t:|1783564929\n|cant|p1a: Malamar|slp\n|move|p1a: Malamar|Sleep Talk|p1a: Malamar\n|move|p1a: Malamar|Knock Off|p2a: Quagsire|[from] move: Sleep Talk\n|-damage|p2a: Quagsire|114/297\n|move|p2a: Quagsire|Earthquake|p1a: Malamar\n|-damage|p1a: Malamar|36/100 slp\n|\n|-heal|p1a: Malamar|42/100 slp|[from] item: Leftovers\n|upkeep\n|turn|15\n|inactive|Time left: 300 sec this turn | 300 sec total\n|\n|t:|1783564930\n|cant|p1a: Malamar|slp\n|move|p1a: Malamar|Sleep Talk|p1a: Malamar\n|move|p1a: Malamar|Rest||[from] move: Sleep Talk|[still]\n|-fail|p1a: Malamar\n|move|p2a: Quagsire|Recover|p2a: Quagsire\n|-heal|p2a: Quagsire|263/297\n|\n|-heal|p1a: Malamar|48/100 slp|[from] item: Leftovers\n|upkeep\n|turn|16\n|inactive|Time left: 300 sec this turn | 300 sec total\n|\n|t:|1783564931\n|-curestatus|p1a: Malamar|slp|[msg]\n|move|p1a: Malamar|Knock Off|p2a: Quagsire\n|-damage|p2a: Quagsire|200/297\n|move|p2a: Quagsire|Earthquake|p1a: Malamar\n|-damage|p1a: Malamar|15/100\n|\n|-heal|p1a: Malamar|22/100|[from] item: Leftovers\n|upkeep\n|turn|17\n|inactive|Time left: 300 sec this turn | 300 sec total\n|\n|t:|1783564932\n|move|p1a: Malamar|Rest|p1a: Malamar\n|-status|p1a: Malamar|slp|[from] move: Rest\n|-heal|p1a: Malamar|100/100 slp|[silent]\n|move|p2a: Quagsire|Earthquake|p1a: Malamar\n|-damage|p1a: Malamar|64/100 slp\n|\n|-heal|p1a: Malamar|71/100 slp|[from] item: Leftovers\n|upkeep\n|turn|18\n|inactive|Time left: 300 sec this turn | 300 sec total\n|\n|t:|1783564933\n|cant|p1a: Malamar|slp\n|move|p1a: Malamar|Sleep Talk|p1a: Malamar\n|move|p1a: Malamar|Rest||[from] move: Sleep Talk|[still]\n|-fail|p1a: Malamar\n|move|p2a: Quagsire|Recover|p2a: Quagsire\n|-heal|p2a: Quagsire|297/297\n|\n|-heal|p1a: Malamar|77/100 slp|[from] item: Leftovers\n|upkeep\n|turn|19\n|inactive|Time left: 300 sec this turn | 300 sec total\n|\n|t:|1783564934\n|cant|p1a: Malamar|slp\n|move|p1a: Malamar|Sleep Talk|p1a: Malamar\n|move|p1a: Malamar|Rest||[from] move: Sleep Talk|[still]\n|-fail|p1a: Malamar\n|move|p2a: Quagsire|Earthquake|p1a: Malamar\n|-damage|p1a: Malamar|39/100 slp\n|\n|-heal|p1a: Malamar|46/100 slp|[from] item: Leftovers\n|upkeep\n|turn|20\n|inactive|Time left: 300 sec this turn | 300 sec total\n|\n|t:|1783564935\n|-curestatus|p1a: Malamar|slp|[msg]\n|move|p1a: Malamar|Knock Off|p2a: Quagsire\n|-damage|p2a: Quagsire|233/297\n|move|p2a: Quagsire|Earthquake|p1a: Malamar\n|-damage|p1a: Malamar|11/100\n|\n|-heal|p1a: Malamar|17/100|[from] item: Leftovers\n|upkeep\n|turn|21\n|inactive|Time left: 300 sec this turn | 300 sec total\n|\n|t:|1783564936\n|move|p1a: Malamar|Rest|p1a: Malamar\n|-status|p1a: Malamar|slp|[from] move: Rest\n|-heal|p1a: Malamar|100/100 slp|[silent]\n|move|p2a: Quagsire|Earthquake|p1a: Malamar\n|-crit|p1a: Malamar\n|-damage|p1a: Malamar|51/100 slp\n|\n|-heal|p1a: Malamar|57/100 slp|[from] item: Leftovers\n|upkeep\n|turn|22\n|inactive|Time left: 300 sec this turn | 300 sec total\n|\n|t:|1783564937\n|cant|p1a: Malamar|slp\n|move|p1a: Malamar|Sleep Talk|p1a: Malamar\n|move|p1a: Malamar|Superpower|p2a: Quagsire|[from] move: Sleep Talk\n|-damage|p2a: Quagsire|154/297\n|move|p2a: Quagsire|Earthquake|p1a: Malamar\n|-damage|p1a: Malamar|23/100 slp\n|\n|-heal|p1a: Malamar|30/100 slp|[from] item: Leftovers\n|upkeep\n|turn|23\n|inactive|Time left: 300 sec this turn | 300 sec total\n|\n|t:|1783564938\n|switch|p2a: Oricorio|Oricorio-Sensu, L85, F|266/266\n|cant|p1a: Malamar|slp\n|move|p1a: Malamar|Sleep Talk|p1a: Malamar\n|move|p1a: Malamar|Superpower|p2a: Oricorio|[from] move: Sleep Talk\n|-immune|p2a: Oricorio\n|\n|-heal|p1a: Malamar|36/100 slp|[from] item: Leftovers\n|upkeep\n|turn|24\n|inactive|Time left: 300 sec this turn | 300 sec total\n|\n|t:|1783564939\n|move|p2a: Oricorio|Revelation Dance|p1a: Malamar\n|-damage|p1a: Malamar|0 fnt\n|faint|p1a: Malamar\n|\n|upkeep\n|\n|t:|1783564940\n|switch|p1a: Barraskewda|Barraskewda, L81, M|100/100\n|turn|25\n|inactive|Time left: 300 sec this turn | 300 sec total\n|\n|t:|1783564941\n|move|p1a: Barraskewda|Waterfall|p2a: Oricorio\n|-damage|p2a: Oricorio|92/266\n|cant|p2a: Oricorio|flinch\n|\n|upkeep\n|turn|26\n|inactive|Time left: 300 sec this turn | 300 sec total\n|\n|t:|1783564942\n|switch|p2a: Kyurem|Kyurem-White, L73|303/303\n|-ability|p2a: Kyurem|Turboblaze\n|move|p1a: Barraskewda|Waterfall|p2a: Kyurem\n|-resisted|p2a: Kyurem\n|-damage|p2a: Kyurem|217/303\n|\n|upkeep\n|turn|27\n|inactive|Time left: 300 sec this turn | 300 sec total\n|\n|t:|1783564943\n|switch|p1a: Registeel|Registeel, L81|100/100\n|move|p2a: Kyurem|Freeze-Dry|p1a: Registeel\n|-resisted|p1a: Registeel\n|-damage|p1a: Registeel|89/100\n|\n|-heal|p1a: Registeel|95/100|[from] item: Leftovers\n|upkeep\n|turn|28\n|inactive|Time left: 300 sec this turn | 300 sec total\n|\n|t:|1783564945\n|switch|p2a: Oricorio|Oricorio-Sensu, L85, F|92/266\n|move|p1a: Registeel|Stealth Rock|p2a: Oricorio\n|-sidestart|p2: p0y222908ad|move: Stealth Rock\n|\n|-heal|p1a: Registeel|100/100|[from] item: Leftovers\n|upkeep\n|turn|29\n|inactive|Time left: 300 sec this turn | 300 sec total\n|\n|t:|1783564946\n|move|p2a: Oricorio|Quiver Dance|p2a: Oricorio\n|-boost|p2a: Oricorio|spa|1\n|-boost|p2a: Oricorio|spd|1\n|-boost|p2a: Oricorio|spe|1\n|move|p1a: Registeel|Iron Head|p2a: Oricorio\n|-damage|p2a: Oricorio|20/266\n|\n|upkeep\n|turn|30\n|inactive|Time left: 300 sec this turn | 300 sec total\n|\n|t:|1783564947\n|move|p2a: Oricorio|Roost|p2a: Oricorio\n|-heal|p2a: Oricorio|153/266\n|-singleturn|p2a: Oricorio|move: Roost\n|move|p1a: Registeel|Iron Head|p2a: Oricorio\n|-damage|p2a: Oricorio|77/266\n|\n|upkeep\n|turn|31\n|inactive|Time left: 300 sec this turn | 300 sec total\n|\n|t:|1783564948\n|move|p2a: Oricorio|Roost|p2a: Oricorio\n|-heal|p2a: Oricorio|210/266\n|-singleturn|p2a: Oricorio|move: Roost\n|move|p1a: Registeel|Iron Head|p2a: Oricorio\n|-damage|p2a: Oricorio|140/266\n|\n|upkeep\n|turn|32\n|inactive|Time left: 300 sec this turn | 300 sec total\n|\n|t:|1783564949\n|move|p2a: Oricorio|Quiver Dance|p2a: Oricorio\n|-boost|p2a: Oricorio|spa|1\n|-boost|p2a: Oricorio|spd|1\n|-boost|p2a: Oricorio|spe|1\n|move|p1a: Registeel|Iron Head|p2a: Oricorio\n|-damage|p2a: Oricorio|56/266\n|\n|upkeep\n|turn|33\n|inactive|Time left: 300 sec this turn | 300 sec total\n|\n|t:|1783564950\n|move|p2a: Oricorio|Roost|p2a: Oricorio\n|-heal|p2a: Oricorio|189/266\n|-singleturn|p2a: Oricorio|move: Roost\n|move|p1a: Registeel|Iron Head|p2a: Oricorio\n|-damage|p2a: Oricorio|108/266\n|\n|upkeep\n|turn|34\n|inactive|Time left: 300 sec this turn | 300 sec total\n|\n|t:|1783564951\n|move|p2a: Oricorio|Roost|p2a: Oricorio\n|-heal|p2a: Oricorio|241/266\n|-singleturn|p2a: Oricorio|move: Roost\n|move|p1a: Registeel|Iron Head|p2a: Oricorio\n|-damage|p2a: Oricorio|157/266\n|\n|upkeep\n|turn|35\n|inactive|Time left: 300 sec this turn | 300 sec total\n|\n|t:|1783564952\n|move|p2a: Oricorio|Revelation Dance|p1a: Registeel\n|-damage|p1a: Registeel|51/100\n|move|p1a: Registeel|Iron Head|p2a: Oricorio\n|-damage|p2a: Oricorio|76/266\n|\n|-heal|p1a: Registeel|57/100|[from] item: Leftovers\n|upkeep\n|turn|36\n|inactive|Time left: 300 sec this turn | 300 sec total\n|\n|t:|1783564953\n|move|p2a: Oricorio|Roost|p2a: Oricorio\n|-heal|p2a: Oricorio|209/266\n|-singleturn|p2a: Oricorio|move: Roost\n|move|p1a: Registeel|Iron Head|p2a: Oricorio\n|-damage|p2a: Oricorio|133/266\n|\n|-heal|p1a: Registeel|63/100|[from] item: Leftovers\n|upkeep\n|turn|37\n|inactive|Time left: 300 sec this turn | 300 sec total\n|\n|t:|1783564954\n|move|p2a: Oricorio|Revelation Dance|p1a: Registeel\n|-damage|p1a: Registeel|12/100\n|move|p1a: Registeel|Iron Head|p2a: Oricorio\n|-damage|p2a: Oricorio|51/266\n|\n|-heal|p1a: Registeel|18/100|[from] item: Leftovers\n|upkeep\n|turn|38\n|inactive|Time left: 300 sec this turn | 300 sec total\n|\n|t:|1783564956\n|move|p2a: Oricorio|Roost|p2a: Oricorio\n|-heal|p2a: Oricorio|184/266\n|-singleturn|p2a: Oricorio|move: Roost\n|move|p1a: Registeel|Iron Head|p2a: Oricorio\n|-damage|p2a: Oricorio|111/266\n|\n|-heal|p1a: Registeel|24/100|[from] item: Leftovers\n|upkeep\n|turn|39\n|inactive|Time left: 300 sec this turn | 300 sec total\n|\n|t:|1783564957\n|move|p2a: Oricorio|Revelation Dance|p1a: Registeel\n|-damage|p1a: Registeel|0 fnt\n|faint|p1a: Registeel\n|\n|upkeep\n|\n|t:|1783564958\n|switch|p1a: Venusaur|Venusaur, L84, F|100/100\n|turn|40\n|inactive|Time left: 300 sec this turn | 300 sec total\n|\n|t:|1783564959\n|move|p2a: Oricorio|Hurricane|p1a: Venusaur\n|-supereffective|p1a: Venusaur\n|-damage|p1a: Venusaur|0 fnt\n|faint|p1a: Venusaur\n|\n|upkeep\n|\n|t:|1783564960\n|switch|p1a: Zamazenta|Zamazenta, L71|100/100\n|-ability|p1a: Zamazenta|Dauntless Shield|boost\n|-boost|p1a: Zamazenta|def|1\n|turn|41\n|inactive|Time left: 300 sec this turn | 300 sec total\n|\n|t:|1783564961\n|move|p2a: Oricorio|Roost|p2a: Oricorio\n|-heal|p2a: Oricorio|244/266\n|-singleturn|p2a: Oricorio|move: Roost\n|move|p1a: Zamazenta|Iron Head|p2a: Oricorio\n|-damage|p2a: Oricorio|192/266\n|\n|upkeep\n|turn|42\n|inactive|Time left: 300 sec this turn | 300 sec total\n|\n|t:|1783564962\n|-terastallize|p1a: Zamazenta|Steel\n|move|p2a: Oricorio|Revelation Dance|p1a: Zamazenta\n|-damage|p1a: Zamazenta|18/100\n|move|p1a: Zamazenta|Iron Head|p2a: Oricorio\n|-damage|p2a: Oricorio|113/266\n|\n|upkeep\n|turn|43\n|inactive|Time left: 300 sec this turn | 300 sec total\n|\n|t:|1783564963\n|move|p2a: Oricorio|Revelation Dance|p1a: Zamazenta\n|-damage|p1a: Zamazenta|0 fnt\n|faint|p1a: Zamazenta\n|\n|upkeep\n|\n|t:|1783564964\n|switch|p1a: Dragalge|Dragalge, L88, M|100/100\n|turn|44\n|inactive|Time left: 300 sec this turn | 300 sec total\n|\n|t:|1783564965\n|move|p2a: Oricorio|Roost|p2a: Oricorio\n|-heal|p2a: Oricorio|246/266\n|-singleturn|p2a: Oricorio|move: Roost\n|move|p1a: Dragalge|Draco Meteor|p2a: Oricorio\n|-damage|p2a: Oricorio|132/266\n|-unboost|p1a: Dragalge|spa|2\n|\n|upkeep\n|turn|45\n|inactive|Time left: 300 sec this turn | 300 sec total\n|\n|t:|1783564966\n|move|p2a: Oricorio|Revelation Dance|p1a: Dragalge\n|-damage|p1a: Dragalge|44/100\n|move|p1a: Dragalge|Toxic Spikes|p2a: Oricorio\n|-sidestart|p2: p0y222908ad|move: Toxic Spikes\n|\n|-heal|p1a: Dragalge|50/100|[from] item: Leftovers\n|upkeep\n|turn|46\n|inactive|Time left: 300 sec this turn | 300 sec total\n|\n|t:|1783564967\n|move|p2a: Oricorio|Revelation Dance|p1a: Dragalge\n|-damage|p1a: Dragalge|0 fnt\n|faint|p1a: Dragalge\n|\n|upkeep\n|\n|t:|1783564968\n|switch|p1a: Barraskewda|Barraskewda, L81, M|100/100\n|turn|47\n|inactive|Time left: 300 sec this turn | 300 sec total\n|\n|t:|1783564969\n|move|p2a: Oricorio|Revelation Dance|p1a: Barraskewda\n|-damage|p1a: Barraskewda|0 fnt\n|faint|p1a: Barraskewda\n|\n|win|p0y222908ad", "uploadtime": 1783564969, "views": 0, "rating": 0, "private": 0, "password": null, "_winner": "p0y222908ad", "_our_name": "p0y222908ad"}