{"id": "battle-gen9randombattle-22", "formatid": "gen9randombattle", "format": "[Gen 9] Random Battle", "players": ["p0x022b1ba", "p0y022ccf3"], "log": "|init|battle\n|title|p0x022b1ba vs. p0y022ccf3\n|j|\u2606p0x022b1ba\n|j|\u2606p0y022ccf3\n|t:|1783539675\n|gametype|singles\n|player|p1|p0x022b1ba|265|\n|player|p2|p0y022ccf3|169|\n|gen|9\n|tier|[Gen 9] Random Battle\n|rule|Species Clause: Limit one of each Pok\u00e9mon\n|rule|HP Percentage Mod: HP is shown in percentages\n|rule|Sleep Clause Mod: Limit one foe put to sleep\n|rule|Illusion Level Mod: Illusion disguises the Pok\u00e9mon's true level\n|\n|t:|1783539675\n|teamsize|p1|6\n|teamsize|p2|6\n|start\n|switch|p1a: Registeel|Registeel, L81|100/100\n|switch|p2a: Gouging Fire|Gouging Fire, L74|277/277\n|turn|1\n|inactive|Battle timer is ON: inactive players will automatically lose when time's up. (requested by p0y022ccf3)\n|inactive|p0x022b1ba also wants the timer to be on.\n|\n|t:|1783539677\n|move|p2a: Gouging Fire|Dragon Dance|p2a: Gouging Fire\n|-boost|p2a: Gouging Fire|atk|1\n|-boost|p2a: Gouging Fire|spe|1\n|move|p1a: Registeel|Stealth Rock|p2a: Gouging Fire\n|-sidestart|p2: p0y022ccf3|move: Stealth Rock\n|\n|upkeep\n|turn|2\n|inactive|Time left: 300 sec this turn | 300 sec total\n|\n|t:|1783539678\n|move|p2a: Gouging Fire|Outrage|p1a: Registeel\n|-resisted|p1a: Registeel\n|-damage|p1a: Registeel|78/100\n|move|p1a: Registeel|Thunder Wave|p2a: Gouging Fire\n|-status|p2a: Gouging Fire|par\n|\n|-heal|p1a: Registeel|84/100|[from] item: Leftovers\n|upkeep\n|turn|3\n|inactive|Time left: 300 sec this turn | 300 sec total\n|\n|t:|1783539679\n|move|p2a: Gouging Fire|Outrage|p1a: Registeel|[from] lockedmove\n|-resisted|p1a: Registeel\n|-damage|p1a: Registeel|62/100\n|-start|p2a: Gouging Fire|confusion|[fatigue]\n|move|p1a: Registeel|Body Press|p2a: Gouging Fire\n|-damage|p2a: Gouging Fire|208/277 par\n|\n|-heal|p1a: Registeel|68/100|[from] item: Leftovers\n|upkeep\n|turn|4\n|inactive|Time left: 300 sec this turn | 300 sec total\n|\n|t:|1783539680\n|-activate|p2a: Gouging Fire|confusion\n|move|p2a: Gouging Fire|Outrage|p1a: Registeel\n|-resisted|p1a: Registeel\n|-damage|p1a: Registeel|46/100\n|move|p1a: Registeel|Body Press|p2a: Gouging Fire\n|-damage|p2a: Gouging Fire|138/277 par\n|\n|-heal|p1a: Registeel|52/100|[from] item: Leftovers\n|upkeep\n|turn|5\n|inactive|Time left: 300 sec this turn | 300 sec total\n|\n|t:|1783539682\n|-activate|p2a: Gouging Fire|confusion\n|-damage|p2a: Gouging Fire|102/277 par|[from] confusion\n|move|p1a: Registeel|Body Press|p2a: Gouging Fire\n|-damage|p2a: Gouging Fire|34/277 par\n|\n|-heal|p1a: Registeel|58/100|[from] item: Leftovers\n|upkeep\n|turn|6\n|inactive|Time left: 300 sec this turn | 300 sec total\n|\n|t:|1783539683\n|-activate|p2a: Gouging Fire|confusion\n|cant|p2a: Gouging Fire|par\n|move|p1a: Registeel|Body Press|p2a: Gouging Fire\n|-damage|p2a: Gouging Fire|0 fnt\n|faint|p2a: Gouging Fire\n|-end|p2a: Gouging Fire|Protosynthesis|[silent]\n|\n|-heal|p1a: Registeel|64/100|[from] item: Leftovers\n|upkeep\n|inactive|Time left: 300 sec this turn | 300 sec total | 5 sec grace\n|\n|t:|1783539684\n|switch|p2a: Drednaw|Drednaw, L81, M|278/278\n|-damage|p2a: Drednaw|244/278|[from] Stealth Rock\n|turn|7\n|inactive|Time left: 300 sec this turn | 300 sec total\n|\n|t:|1783539685\n|-terastallize|p2a: Drednaw|Water\n|move|p2a: Drednaw|Shell Smash|p2a: Drednaw\n|-unboost|p2a: Drednaw|def|1\n|-unboost|p2a: Drednaw|spd|1\n|-boost|p2a: Drednaw|atk|2\n|-boost|p2a: Drednaw|spa|2\n|-boost|p2a: Drednaw|spe|2\n|-enditem|p2a: Drednaw|White Herb\n|-clearnegativeboost|p2a: Drednaw|[silent]\n|move|p1a: Registeel|Body Press|p2a: Drednaw\n|-damage|p2a: Drednaw|171/278\n|\n|-heal|p1a: Registeel|70/100|[from] item: Leftovers\n|upkeep\n|turn|8\n|inactive|Time left: 300 sec this turn | 300 sec total\n|\n|t:|1783539686\n|-terastallize|p1a: Registeel|Fighting\n|move|p2a: Drednaw|Liquidation|p1a: Registeel\n|-damage|p1a: Registeel|0 fnt\n|faint|p1a: Registeel\n|\n|upkeep\n|\n|t:|1783539687\n|switch|p1a: Qwilfish|Qwilfish-Hisui, L83, M|100/100\n|-ability|p1a: Qwilfish|Intimidate|boost\n|-unboost|p2a: Drednaw|atk|1\n|turn|9\n|inactive|Time left: 300 sec this turn | 300 sec total\n|\n|t:|1783539688\n|move|p2a: Drednaw|Earthquake|p1a: Qwilfish\n|-supereffective|p1a: Qwilfish\n|-damage|p1a: Qwilfish|34/100\n|move|p1a: Qwilfish|Gunk Shot|p2a: Drednaw\n|-damage|p2a: Drednaw|53/278\n|-status|p2a: Drednaw|psn\n|\n|-damage|p2a: Drednaw|19/278 psn|[from] psn\n|upkeep\n|turn|10\n|inactive|Time left: 300 sec this turn | 300 sec total\n|\n|t:|1783539689\n|move|p2a: Drednaw|Liquidation|p1a: Qwilfish\n|-damage|p1a: Qwilfish|0 fnt\n|faint|p1a: Qwilfish\n|\n|-damage|p2a: Drednaw|0 fnt|[from] psn\n|faint|p2a: Drednaw\n|upkeep\n|inactive|Time left: 300 sec this turn | 300 sec total | 5 sec grace\n|\n|t:|1783539690\n|switch|p1a: Hariyama|Hariyama, L87, F|100/100\n|switch|p2a: Lunala|Lunala, L70|308/308\n|-damage|p2a: Lunala|270/308|[from] Stealth Rock\n|turn|11\n|inactive|Time left: 300 sec this turn | 300 sec total\n|\n|t:|1783539692\n|move|p2a: Lunala|Psyshock|p1a: Hariyama\n|-supereffective|p1a: Hariyama\n|-damage|p1a: Hariyama|45/100\n|move|p1a: Hariyama|Knock Off|p2a: Lunala\n|-supereffective|p2a: Lunala\n|-damage|p2a: Lunala|0 fnt\n|-enditem|p2a: Lunala|Leftovers|[from] move: Knock Off|[of] p1a: Hariyama\n|faint|p2a: Lunala\n|\n|upkeep\n|inactive|Time left: 300 sec this turn | 300 sec total | 5 sec grace\n|\n|t:|1783539693\n|switch|p2a: Altaria|Altaria, L89, M|278/278\n|turn|12\n|inactive|Time left: 300 sec this turn | 300 sec total\n|\n|t:|1783539694\n|switch|p1a: Morpeko|Morpeko, L88, F|100/100\n|move|p2a: Altaria|Dragon Dance|p2a: Altaria\n|-boost|p2a: Altaria|atk|1\n|-boost|p2a: Altaria|spe|1\n|\n|-formechange|p1a: Morpeko|Morpeko-Hangry||[from] ability: Hunger Switch\n|upkeep\n|turn|13\n|inactive|Time left: 300 sec this turn | 300 sec total\n|\n|t:|1783539695\n|move|p2a: Altaria|Earthquake|p1a: Morpeko\n|-supereffective|p1a: Morpeko\n|-damage|p1a: Morpeko|1/100\n|move|p1a: Morpeko|Knock Off|p2a: Altaria\n|-damage|p2a: Altaria|170/278\n|-enditem|p2a: Altaria|Heavy-Duty Boots|[from] move: Knock Off|[of] p1a: Morpeko\n|\n|-heal|p1a: Morpeko|7/100|[from] item: Leftovers\n|-formechange|p1a: Morpeko|Morpeko||[from] ability: Hunger Switch\n|upkeep\n|turn|14\n|inactive|Time left: 300 sec this turn | 300 sec total\n|\n|t:|1783539696\n|move|p2a: Altaria|Brave Bird|p1a: Morpeko\n|-resisted|p1a: Morpeko\n|-damage|p1a: Morpeko|0 fnt\n|faint|p1a: Morpeko\n|-damage|p2a: Altaria|165/278|[from] Recoil\n|\n|upkeep\n|\n|t:|1783539697\n|switch|p1a: Cramorant|Cramorant, L86, M|100/100\n|turn|15\n|inactive|Time left: 300 sec this turn | 300 sec total\n|\n|t:|1783539698\n|move|p2a: Altaria|Roost|p2a: Altaria\n|-heal|p2a: Altaria|278/278\n|-singleturn|p2a: Altaria|move: Roost\n|move|p1a: Cramorant|Brave Bird|p2a: Altaria\n|-damage|p2a: Altaria|157/278\n|-damage|p1a: Cramorant|85/100|[from] Recoil\n|\n|upkeep\n|turn|16\n|inactive|Time left: 300 sec this turn | 300 sec total\n|\n|t:|1783539699\n|move|p2a: Altaria|Brave Bird|p1a: Cramorant\n|-damage|p1a: Cramorant|3/100\n|-damage|p2a: Altaria|86/278|[from] Recoil\n|move|p1a: Cramorant|Surf|p2a: Altaria\n|-formechange|p1a: Cramorant|Cramorant-Gorging|\n|-resisted|p2a: Altaria\n|-damage|p2a: Altaria|48/278\n|\n|upkeep\n|turn|17\n|inactive|Time left: 300 sec this turn | 300 sec total\n|\n|t:|1783539700\n|move|p2a: Altaria|Roost|p2a: Altaria\n|-heal|p2a: Altaria|187/278\n|-singleturn|p2a: Altaria|move: Roost\n|move|p1a: Cramorant|Roost|p1a: Cramorant\n|-heal|p1a: Cramorant|53/100\n|-singleturn|p1a: Cramorant|move: Roost\n|\n|upkeep\n|turn|18\n|inactive|Time left: 300 sec this turn | 300 sec total\n|\n|t:|1783539701\n|move|p2a: Altaria|Dragon Dance|p2a: Altaria\n|-boost|p2a: Altaria|atk|1\n|-boost|p2a: Altaria|spe|1\n|move|p1a: Cramorant|Roost|p1a: Cramorant\n|-heal|p1a: Cramorant|100/100\n|-singleturn|p1a: Cramorant|move: Roost\n|\n|upkeep\n|turn|19\n|inactive|Time left: 300 sec this turn | 300 sec total\n|\n|t:|1783539702\n|move|p2a: Altaria|Roost|p2a: Altaria\n|-heal|p2a: Altaria|278/278\n|-singleturn|p2a: Altaria|move: Roost\n|move|p1a: Cramorant|Brave Bird|p2a: Altaria\n|-damage|p2a: Altaria|158/278\n|-damage|p1a: Cramorant|85/100|[from] Recoil\n|\n|upkeep\n|turn|20\n|inactive|Time left: 300 sec this turn | 300 sec total\n|\n|t:|1783539703\n|move|p2a: Altaria|Roost|p2a: Altaria\n|-heal|p2a: Altaria|278/278\n|-singleturn|p2a: Altaria|move: Roost\n|move|p1a: Cramorant|Brave Bird|p2a: Altaria\n|-crit|p2a: Altaria\n|-damage|p2a: Altaria|112/278\n|-damage|p1a: Cramorant|64/100|[from] Recoil\n|\n|upkeep\n|turn|21\n|inactive|Time left: 300 sec this turn | 300 sec total\n|\n|t:|1783539705\n|move|p2a: Altaria|Roost|p2a: Altaria\n|-heal|p2a: Altaria|251/278\n|-singleturn|p2a: Altaria|move: Roost\n|move|p1a: Cramorant|Brave Bird|p2a: Altaria\n|-damage|p2a: Altaria|148/278\n|-damage|p1a: Cramorant|51/100|[from] Recoil\n|\n|upkeep\n|turn|22\n|inactive|Time left: 300 sec this turn | 300 sec total\n|\n|t:|1783539706\n|move|p2a: Altaria|Roost|p2a: Altaria\n|-heal|p2a: Altaria|278/278\n|-singleturn|p2a: Altaria|move: Roost\n|move|p1a: Cramorant|Brave Bird|p2a: Altaria\n|-damage|p2a: Altaria|170/278\n|-damage|p1a: Cramorant|37/100|[from] Recoil\n|\n|upkeep\n|turn|23\n|inactive|Time left: 300 sec this turn | 300 sec total\n|\n|t:|1783539707\n|move|p2a: Altaria|Roost|p2a: Altaria\n|-heal|p2a: Altaria|278/278\n|-singleturn|p2a: Altaria|move: Roost\n|move|p1a: Cramorant|Brave Bird|p2a: Altaria\n|-crit|p2a: Altaria\n|-damage|p2a: Altaria|113/278\n|-damage|p1a: Cramorant|17/100|[from] Recoil\n|\n|upkeep\n|turn|24\n|inactive|Time left: 300 sec this turn | 300 sec total\n|\n|t:|1783539708\n|move|p2a: Altaria|Roost|p2a: Altaria\n|-heal|p2a: Altaria|252/278\n|-singleturn|p2a: Altaria|move: Roost\n|move|p1a: Cramorant|Brave Bird|p2a: Altaria\n|-damage|p2a: Altaria|141/278\n|-damage|p1a: Cramorant|2/100|[from] Recoil\n|\n|upkeep\n|turn|25\n|inactive|Time left: 300 sec this turn | 300 sec total\n|\n|t:|1783539709\n|move|p2a: Altaria|Brave Bird|p1a: Cramorant\n|-damage|p1a: Cramorant|0 fnt\n|-damage|p2a: Altaria|72/278|[from] ability: Gulp Missile|[of] p1a: Cramorant\n|-status|p2a: Altaria|par\n|-formechange|p1a: Cramorant|Cramorant|\n|faint|p1a: Cramorant\n|-damage|p2a: Altaria|70/278 par|[from] Recoil\n|\n|upkeep\n|\n|t:|1783539709\n|switch|p1a: Hariyama|Hariyama, L87, F|45/100\n|turn|26\n|inactive|Time left: 300 sec this turn | 300 sec total\n|\n|t:|1783539710\n|cant|p2a: Altaria|par\n|move|p1a: Hariyama|Close Combat|p2a: Altaria\n|-resisted|p2a: Altaria\n|-damage|p2a: Altaria|0 fnt\n|-unboost|p1a: Hariyama|def|1\n|-unboost|p1a: Hariyama|spd|1\n|faint|p2a: Altaria\n|\n|upkeep\n|inactive|Time left: 300 sec this turn | 300 sec total | 5 sec grace\n|\n|t:|1783539711\n|switch|p2a: Fezandipiti|Fezandipiti, L82, M|278/278\n|-damage|p2a: Fezandipiti|244/278|[from] Stealth Rock\n|turn|27\n|inactive|Time left: 300 sec this turn | 300 sec total\n|\n|t:|1783539712\n|move|p2a: Fezandipiti|Play Rough|p1a: Hariyama\n|-supereffective|p1a: Hariyama\n|-damage|p1a: Hariyama|0 fnt\n|faint|p1a: Hariyama\n|\n|-heal|p2a: Fezandipiti|261/278|[from] item: Leftovers\n|upkeep\n|\n|t:|1783539713\n|switch|p1a: Arceus|Arceus-Fighting, L70|100/100\n|turn|28\n|inactive|Time left: 300 sec this turn | 300 sec total\n|\n|t:|1783539713\n|move|p2a: Fezandipiti|Swords Dance|p2a: Fezandipiti\n|-boost|p2a: Fezandipiti|atk|2\n|move|p1a: Arceus|Cosmic Power|p1a: Arceus\n|-boost|p1a: Arceus|def|1\n|-boost|p1a: Arceus|spd|1\n|\n|-heal|p2a: Fezandipiti|278/278|[from] item: Leftovers\n|upkeep\n|turn|29\n|inactive|Time left: 300 sec this turn | 300 sec total\n|\n|t:|1783539714\n|move|p2a: Fezandipiti|Play Rough|p1a: Arceus\n|-supereffective|p1a: Arceus\n|-damage|p1a: Arceus|27/100\n|move|p1a: Arceus|Cosmic Power|p1a: Arceus\n|-boost|p1a: Arceus|def|1\n|-boost|p1a: Arceus|spd|1\n|\n|upkeep\n|turn|30\n|inactive|Time left: 300 sec this turn | 300 sec total\n|\n|t:|1783539715\n|move|p2a: Fezandipiti|Play Rough|p1a: Arceus\n|-supereffective|p1a: Arceus\n|-damage|p1a: Arceus|0 fnt\n|faint|p1a: Arceus\n|\n|win|p0y022ccf3", "uploadtime": 1783539715, "views": 0, "rating": 0, "private": 0, "password": null, "_winner": "p0y022ccf3", "_our_name": "p0y022ccf3"}