{"id": "battle-gen9randombattle-2112", "formatid": "gen9randombattle", "format": "[Gen 9] Random Battle", "players": ["p0x21126170", "p0y21125f73"], "log": "|init|battle\n|title|p0x21126170 vs. p0y21125f73\n|j|\u2606p0x21126170\n|j|\u2606p0y21125f73\n|t:|1783563652\n|gametype|singles\n|player|p1|p0x21126170|266|\n|player|p2|p0y21125f73|102|\n|gen|9\n|tier|[Gen 9] Random Battle\n|rule|Species Clause: Limit one of each Pok\u00e9mon\n|rule|HP Percentage Mod: HP is shown in percentages\n|rule|Sleep Clause Mod: Limit one foe put to sleep\n|rule|Illusion Level Mod: Illusion disguises the Pok\u00e9mon's true level\n|\n|t:|1783563652\n|teamsize|p1|6\n|teamsize|p2|6\n|start\n|switch|p1a: Arceus|Arceus-Flying, L69|279/279\n|switch|p2a: Golduck|Golduck, L90, M|100/100\n|-ability|p2a: Golduck|Cloud Nine\n|turn|1\n|inactive|Battle timer is ON: inactive players will automatically lose when time's up. (requested by p0x21126170)\n|inactive|p0y21125f73 also wants the timer to be on.\n|\n|t:|1783563653\n|move|p1a: Arceus|Calm Mind|p1a: Arceus\n|-boost|p1a: Arceus|spa|1\n|-boost|p1a: Arceus|spd|1\n|move|p2a: Golduck|Hydro Pump|p1a: Arceus\n|-damage|p1a: Arceus|162/279\n|\n|upkeep\n|turn|2\n|inactive|Time left: 300 sec this turn | 300 sec total\n|\n|t:|1783563654\n|move|p1a: Arceus|Judgment|p2a: Golduck\n|-damage|p2a: Golduck|46/100\n|move|p2a: Golduck|Hydro Pump|p1a: Arceus\n|-damage|p1a: Arceus|36/279\n|\n|upkeep\n|turn|3\n|inactive|Time left: 300 sec this turn | 300 sec total\n|\n|t:|1783563655\n|switch|p2a: Necrozma|Necrozma-Dusk-Mane, L69|100/100\n|move|p1a: Arceus|Judgment|p2a: Necrozma\n|-resisted|p2a: Necrozma\n|-damage|p2a: Necrozma|71/100\n|\n|upkeep\n|turn|4\n|inactive|Time left: 300 sec this turn | 300 sec total\n|\n|t:|1783563656\n|move|p1a: Arceus|Recover|p1a: Arceus\n|-heal|p1a: Arceus|176/279\n|move|p2a: Necrozma|Dragon Dance|p2a: Necrozma\n|-boost|p2a: Necrozma|atk|1\n|-boost|p2a: Necrozma|spe|1\n|\n|upkeep\n|turn|5\n|inactive|Time left: 300 sec this turn | 300 sec total\n|\n|t:|1783563657\n|move|p2a: Necrozma|Photon Geyser|p1a: Arceus\n|-damage|p1a: Arceus|11/279\n|move|p1a: Arceus|Judgment|p2a: Necrozma\n|-resisted|p2a: Necrozma\n|-damage|p2a: Necrozma|39/100\n|\n|upkeep\n|turn|6\n|inactive|Time left: 300 sec this turn | 300 sec total\n|\n|t:|1783563658\n|move|p2a: Necrozma|Photon Geyser|p1a: Arceus\n|-damage|p1a: Arceus|0 fnt\n|faint|p1a: Arceus\n|\n|upkeep\n|inactive|Time left: 300 sec this turn | 300 sec total | 5 sec grace\n|\n|t:|1783563659\n|switch|p1a: Chi-Yu|Chi-Yu, L77|211/211\n|-ability|p1a: Chi-Yu|Beads of Ruin\n|turn|7\n|inactive|Time left: 300 sec this turn | 300 sec total\n|\n|t:|1783563661\n|move|p1a: Chi-Yu|Flamethrower|p2a: Necrozma\n|-supereffective|p2a: Necrozma\n|-damage|p2a: Necrozma|0 fnt\n|faint|p2a: Necrozma\n|\n|upkeep\n|\n|t:|1783563662\n|switch|p2a: Walking Wake|Walking Wake, L79|100/100\n|turn|8\n|inactive|Time left: 300 sec this turn | 300 sec total\n|\n|t:|1783563663\n|switch|p1a: Kingdra|Kingdra, L84, M|263/263\n|move|p2a: Walking Wake|Hydro Pump|p1a: Kingdra\n|-resisted|p1a: Kingdra\n|-damage|p1a: Kingdra|218/263\n|\n|upkeep\n|turn|9\n|inactive|Time left: 300 sec this turn | 300 sec total\n|\n|t:|1783563664\n|-end|p2a: Walking Wake|Protosynthesis|[silent]\n|switch|p2a: Duraludon|Duraludon, L82, F|100/100\n|move|p1a: Kingdra|Outrage|p2a: Duraludon\n|-damage|p2a: Duraludon|74/100\n|\n|upkeep\n|turn|10\n|inactive|Time left: 300 sec this turn | 300 sec total\n|\n|t:|1783563665\n|move|p1a: Kingdra|Outrage|p2a: Duraludon|[from] lockedmove\n|-damage|p2a: Duraludon|48/100\n|move|p2a: Duraludon|Draco Meteor|p1a: Kingdra\n|-supereffective|p1a: Kingdra\n|-damage|p1a: Kingdra|0 fnt\n|-unboost|p2a: Duraludon|spa|2\n|faint|p1a: Kingdra\n|\n|upkeep\n|inactive|Time left: 300 sec this turn | 300 sec total | 5 sec grace\n|\n|t:|1783563666\n|switch|p1a: Magearna|Magearna, L77|250/250\n|turn|11\n|inactive|Time left: 300 sec this turn | 300 sec total\n|\n|t:|1783563667\n|switch|p2a: Blissey|Blissey, L85, F|100/100\n|move|p1a: Magearna|Shift Gear|p1a: Magearna\n|-boost|p1a: Magearna|spe|2\n|-boost|p1a: Magearna|atk|1\n|\n|upkeep\n|turn|12\n|inactive|Time left: 300 sec this turn | 300 sec total\n|\n|t:|1783563668\n|move|p1a: Magearna|Calm Mind|p1a: Magearna\n|-boost|p1a: Magearna|spa|1\n|-boost|p1a: Magearna|spd|1\n|move|p2a: Blissey|Stealth Rock|p1a: Magearna\n|-sidestart|p1: p0x21126170|move: Stealth Rock\n|\n|upkeep\n|turn|13\n|inactive|Time left: 300 sec this turn | 300 sec total\n|\n|t:|1783563669\n|move|p1a: Magearna|Calm Mind|p1a: Magearna\n|-boost|p1a: Magearna|spa|1\n|-boost|p1a: Magearna|spd|1\n|move|p2a: Blissey|Thunder Wave|p1a: Magearna\n|-status|p1a: Magearna|par\n|\n|upkeep\n|turn|14\n|inactive|Time left: 300 sec this turn | 300 sec total\n|\n|t:|1783563670\n|move|p1a: Magearna|Shift Gear|p1a: Magearna\n|-boost|p1a: Magearna|spe|2\n|-boost|p1a: Magearna|atk|1\n|move|p2a: Blissey|Seismic Toss|p1a: Magearna\n|-damage|p1a: Magearna|165/250 par\n|\n|-heal|p1a: Magearna|180/250 par|[from] item: Leftovers\n|upkeep\n|turn|15\n|inactive|Time left: 300 sec this turn | 300 sec total\n|\n|t:|1783563671\n|move|p1a: Magearna|Calm Mind|p1a: Magearna\n|-boost|p1a: Magearna|spa|1\n|-boost|p1a: Magearna|spd|1\n|move|p2a: Blissey|Seismic Toss|p1a: Magearna\n|-damage|p1a: Magearna|95/250 par\n|\n|-heal|p1a: Magearna|110/250 par|[from] item: Leftovers\n|upkeep\n|turn|16\n|inactive|Time left: 300 sec this turn | 300 sec total\n|\n|t:|1783563672\n|cant|p1a: Magearna|par\n|move|p2a: Blissey|Seismic Toss|p1a: Magearna\n|-damage|p1a: Magearna|25/250 par\n|\n|-heal|p1a: Magearna|40/250 par|[from] item: Leftovers\n|upkeep\n|turn|17\n|inactive|Time left: 300 sec this turn | 300 sec total\n|\n|t:|1783563673\n|move|p1a: Magearna|Shift Gear|p1a: Magearna\n|-boost|p1a: Magearna|spe|2\n|-boost|p1a: Magearna|atk|1\n|move|p2a: Blissey|Seismic Toss|p1a: Magearna\n|-damage|p1a: Magearna|0 fnt\n|faint|p1a: Magearna\n|\n|upkeep\n|inactive|Time left: 300 sec this turn | 300 sec total | 5 sec grace\n|\n|t:|1783563673\n|switch|p1a: Suicune|Suicune, L82|298/298\n|-damage|p1a: Suicune|261/298|[from] Stealth Rock\n|-ability|p1a: Suicune|Pressure\n|turn|18\n|inactive|Time left: 300 sec this turn | 300 sec total\n|\n|t:|1783563674\n|move|p1a: Suicune|Calm Mind|p1a: Suicune\n|-boost|p1a: Suicune|spa|1\n|-boost|p1a: Suicune|spd|1\n|move|p2a: Blissey|Seismic Toss|p1a: Suicune\n|-damage|p1a: Suicune|176/298\n|\n|-heal|p1a: Suicune|194/298|[from] item: Leftovers\n|upkeep\n|turn|19\n|inactive|Time left: 300 sec this turn | 300 sec total\n|\n|t:|1783563675\n|move|p1a: Suicune|Calm Mind|p1a: Suicune\n|-boost|p1a: Suicune|spa|1\n|-boost|p1a: Suicune|spd|1\n|move|p2a: Blissey|Seismic Toss|p1a: Suicune\n|-damage|p1a: Suicune|109/298\n|\n|-heal|p1a: Suicune|127/298|[from] item: Leftovers\n|upkeep\n|turn|20\n|inactive|Time left: 300 sec this turn | 300 sec total\n|\n|t:|1783563676\n|move|p1a: Suicune|Scald|p2a: Blissey\n|-damage|p2a: Blissey|82/100\n|move|p2a: Blissey|Seismic Toss|p1a: Suicune\n|-damage|p1a: Suicune|42/298\n|\n|-heal|p1a: Suicune|60/298|[from] item: Leftovers\n|-heal|p2a: Blissey|88/100|[from] item: Leftovers\n|upkeep\n|turn|21\n|inactive|Time left: 300 sec this turn | 300 sec total\n|\n|t:|1783563677\n|move|p1a: Suicune|Scald|p2a: Blissey\n|-damage|p2a: Blissey|69/100\n|-status|p2a: Blissey|brn\n|move|p2a: Blissey|Seismic Toss|p1a: Suicune\n|-damage|p1a: Suicune|0 fnt\n|faint|p1a: Suicune\n|\n|-heal|p2a: Blissey|75/100 brn|[from] item: Leftovers\n|-damage|p2a: Blissey|69/100 brn|[from] brn\n|upkeep\n|inactive|Time left: 300 sec this turn | 300 sec total | 5 sec grace\n|\n|t:|1783563678\n|switch|p1a: Porygon-Z|Porygon-Z, L83|277/277\n|-damage|p1a: Porygon-Z|243/277|[from] Stealth Rock\n|turn|22\n|inactive|Time left: 300 sec this turn | 300 sec total\n|\n|t:|1783563679\n|-curestatus|p2a: Blissey|brn|[from] ability: Natural Cure|[silent]\n|switch|p2a: Walking Wake|Walking Wake, L79|100/100\n|move|p1a: Porygon-Z|Tri Attack|p2a: Walking Wake\n|-damage|p2a: Walking Wake|40/100\n|\n|upkeep\n|turn|23\n|inactive|Time left: 300 sec this turn | 300 sec total\n|\n|t:|1783563680\n|-end|p2a: Walking Wake|Protosynthesis|[silent]\n|switch|p2a: Blissey|Blissey, L85, F|69/100\n|move|p1a: Porygon-Z|Tri Attack|p2a: Blissey\n|-damage|p2a: Blissey|52/100\n|\n|-heal|p2a: Blissey|58/100|[from] item: Leftovers\n|upkeep\n|turn|24\n|inactive|Time left: 300 sec this turn | 300 sec total\n|\n|t:|1783563681\n|move|p1a: Porygon-Z|Tri Attack|p2a: Blissey\n|-damage|p2a: Blissey|40/100\n|-status|p2a: Blissey|par\n|move|p2a: Blissey|Soft-Boiled|p2a: Blissey\n|-heal|p2a: Blissey|90/100 par\n|\n|-heal|p2a: Blissey|96/100 par|[from] item: Leftovers\n|upkeep\n|turn|25\n|inactive|Time left: 300 sec this turn | 300 sec total\n|\n|t:|1783563682\n|move|p1a: Porygon-Z|Tri Attack|p2a: Blissey\n|-damage|p2a: Blissey|77/100 par\n|move|p2a: Blissey|Thunder Wave|p1a: Porygon-Z\n|-status|p1a: Porygon-Z|par\n|\n|-heal|p2a: Blissey|83/100 par|[from] item: Leftovers\n|upkeep\n|turn|26\n|inactive|Time left: 300 sec this turn | 300 sec total\n|\n|t:|1783563684\n|cant|p1a: Porygon-Z|par\n|move|p2a: Blissey|Seismic Toss|p1a: Porygon-Z\n|-damage|p1a: Porygon-Z|158/277 par\n|\n|-heal|p2a: Blissey|89/100 par|[from] item: Leftovers\n|upkeep\n|turn|27\n|inactive|Time left: 300 sec this turn | 300 sec total\n|\n|t:|1783563685\n|cant|p1a: Porygon-Z|par\n|move|p2a: Blissey|Seismic Toss|p1a: Porygon-Z\n|-damage|p1a: Porygon-Z|73/277 par\n|\n|-heal|p2a: Blissey|95/100 par|[from] item: Leftovers\n|upkeep\n|turn|28\n|inactive|Time left: 300 sec this turn | 300 sec total\n|\n|t:|1783563686\n|cant|p1a: Porygon-Z|par\n|move|p2a: Blissey|Seismic Toss|p1a: Porygon-Z\n|-damage|p1a: Porygon-Z|0 fnt\n|faint|p1a: Porygon-Z\n|\n|-heal|p2a: Blissey|100/100 par|[from] item: Leftovers\n|upkeep\n|inactive|Time left: 300 sec this turn | 300 sec total | 5 sec grace\n|\n|t:|1783563687\n|switch|p1a: Chi-Yu|Chi-Yu, L77|211/211\n|-damage|p1a: Chi-Yu|159/211|[from] Stealth Rock\n|-ability|p1a: Chi-Yu|Beads of Ruin\n|turn|29\n|inactive|Time left: 300 sec this turn | 300 sec total\n|\n|t:|1783563688\n|-curestatus|p2a: Blissey|par|[from] ability: Natural Cure|[silent]\n|switch|p2a: Iron Boulder|Iron Boulder, L77|100/100\n|-enditem|p2a: Iron Boulder|Booster Energy\n|-activate|p2a: Iron Boulder|ability: Quark Drive|[fromitem]\n|-start|p2a: Iron Boulder|quarkdrivespe\n|move|p1a: Chi-Yu|Dark Pulse|p2a: Iron Boulder\n|-supereffective|p2a: Iron Boulder\n|-damage|p2a: Iron Boulder|9/100\n|\n|upkeep\n|turn|30\n|inactive|Time left: 300 sec this turn | 300 sec total\n|\n|t:|1783563689\n|-terastallize|p2a: Iron Boulder|Fighting\n|-terastallize|p1a: Chi-Yu|Fire\n|move|p2a: Iron Boulder|Close Combat|p1a: Chi-Yu\n|-damage|p1a: Chi-Yu|20/211\n|-unboost|p2a: Iron Boulder|def|1\n|-unboost|p2a: Iron Boulder|spd|1\n|move|p1a: Chi-Yu|Dark Pulse|p2a: Iron Boulder\n|-resisted|p2a: Iron Boulder\n|-damage|p2a: Iron Boulder|0 fnt\n|faint|p2a: Iron Boulder\n|-end|p2a: Iron Boulder|Quark Drive|[silent]\n|\n|upkeep\n|\n|t:|1783563690\n|switch|p2a: Blissey|Blissey, L85, F|100/100\n|turn|31\n|inactive|Time left: 300 sec this turn | 300 sec total\n|\n|t:|1783563690\n|move|p1a: Chi-Yu|Dark Pulse|p2a: Blissey\n|-crit|p2a: Blissey\n|-damage|p2a: Blissey|75/100\n|move|p2a: Blissey|Seismic Toss|p1a: Chi-Yu\n|-damage|p1a: Chi-Yu|0 fnt\n|faint|p1a: Chi-Yu\n|\n|win|p0y21125f73", "uploadtime": 1783563690, "views": 0, "rating": 0, "private": 0, "password": null, "_winner": "p0y21125f73", "_our_name": "p0x21126170"}