{"id": "battle-gen9randombattle-285", "formatid": "gen9randombattle", "format": "[Gen 9] Random Battle", "players": ["p0x2854260", "p0y2852895"], "log": "|init|battle\n|title|p0x2854260 vs. p0y2852895\n|j|\u2606p0x2854260\n|j|\u2606p0y2852895\n|t:|1783542888\n|gametype|singles\n|player|p1|p0x2854260|1|\n|player|p2|p0y2852895|2|\n|gen|9\n|tier|[Gen 9] Random Battle\n|rule|Species Clause: Limit one of each Pok\u00e9mon\n|rule|HP Percentage Mod: HP is shown in percentages\n|rule|Sleep Clause Mod: Limit one foe put to sleep\n|rule|Illusion Level Mod: Illusion disguises the Pok\u00e9mon's true level\n|\n|t:|1783542888\n|teamsize|p1|6\n|teamsize|p2|6\n|start\n|switch|p1a: Slowbro|Slowbro, L85, M|300/300\n|switch|p2a: Arboliva|Arboliva, L91, F|100/100\n|turn|1\n|inactive|Battle timer is ON: inactive players will automatically lose when time's up. (requested by p0x2854260)\n|inactive|p0y2852895 also wants the timer to be on.\n|\n|t:|1783542889\n|switch|p1a: Girafarig|Girafarig, L89, F|269/269\n|move|p2a: Arboliva|Hyper Voice|p1a: Girafarig\n|-damage|p1a: Girafarig|155/269\n|\n|upkeep\n|turn|2\n|inactive|Time left: 300 sec this turn | 300 sec total\n|\n|t:|1783542891\n|move|p1a: Girafarig|Nasty Plot|p1a: Girafarig\n|-boost|p1a: Girafarig|spa|2\n|move|p2a: Arboliva|Hyper Voice|p1a: Girafarig\n|-damage|p1a: Girafarig|53/269\n|\n|upkeep\n|turn|3\n|inactive|Time left: 300 sec this turn | 300 sec total\n|\n|t:|1783542892\n|move|p1a: Girafarig|Hyper Voice|p2a: Arboliva\n|-damage|p2a: Arboliva|47/100\n|-enditem|p2a: Arboliva|Sitrus Berry|[eat]\n|-heal|p2a: Arboliva|72/100|[from] item: Sitrus Berry\n|move|p2a: Arboliva|Hyper Voice|p1a: Girafarig\n|-damage|p1a: Girafarig|0 fnt\n|faint|p1a: Girafarig\n|\n|upkeep\n|inactive|Time left: 300 sec this turn | 300 sec total | 5 sec grace\n|\n|t:|1783542893\n|switch|p1a: Revavroom|Revavroom, L79, F|256/256\n|turn|4\n|inactive|Time left: 300 sec this turn | 300 sec total\n|\n|t:|1783542894\n|move|p1a: Revavroom|Shift Gear|p1a: Revavroom\n|-boost|p1a: Revavroom|spe|2\n|-boost|p1a: Revavroom|atk|1\n|move|p2a: Arboliva|Leech Seed|p1a: Revavroom\n|-start|p1a: Revavroom|move: Leech Seed\n|\n|-damage|p1a: Revavroom|224/256|[from] Leech Seed|[of] p2a: Arboliva\n|-heal|p2a: Arboliva|83/100|[silent]\n|-item|p2a: Arboliva|Sitrus Berry|[from] ability: Harvest\n|upkeep\n|turn|5\n|inactive|Time left: 300 sec this turn | 300 sec total\n|\n|t:|1783542895\n|move|p2a: Arboliva|Protect|p2a: Arboliva\n|-singleturn|p2a: Arboliva|Protect\n|move|p1a: Revavroom|Gunk Shot|p2a: Arboliva\n|-activate|p2a: Arboliva|move: Protect\n|\n|-damage|p1a: Revavroom|192/256|[from] Leech Seed|[of] p2a: Arboliva\n|-heal|p2a: Arboliva|95/100|[silent]\n|upkeep\n|turn|6\n|inactive|Time left: 300 sec this turn | 300 sec total\n|\n|t:|1783542896\n|-terastallize|p2a: Arboliva|Water\n|move|p1a: Revavroom|Gunk Shot|p2a: Arboliva\n|-damage|p2a: Arboliva|18/100\n|-enditem|p2a: Arboliva|Sitrus Berry|[eat]\n|-heal|p2a: Arboliva|43/100|[from] item: Sitrus Berry\n|-damage|p1a: Revavroom|167/256|[from] item: Life Orb\n|move|p2a: Arboliva|Hyper Voice|p1a: Revavroom\n|-resisted|p1a: Revavroom\n|-damage|p1a: Revavroom|83/256\n|\n|-damage|p1a: Revavroom|51/256|[from] Leech Seed|[of] p2a: Arboliva\n|-heal|p2a: Arboliva|54/100|[silent]\n|-item|p2a: Arboliva|Sitrus Berry|[from] ability: Harvest\n|upkeep\n|turn|7\n|inactive|Time left: 300 sec this turn | 300 sec total\n|\n|t:|1783542897\n|move|p2a: Arboliva|Protect|p2a: Arboliva\n|-singleturn|p2a: Arboliva|Protect\n|move|p1a: Revavroom|Gunk Shot|p2a: Arboliva\n|-activate|p2a: Arboliva|move: Protect\n|\n|-damage|p1a: Revavroom|19/256|[from] Leech Seed|[of] p2a: Arboliva\n|-heal|p2a: Arboliva|65/100|[silent]\n|upkeep\n|turn|8\n|inactive|Time left: 300 sec this turn | 300 sec total\n|\n|t:|1783542898\n|move|p1a: Revavroom|Gunk Shot|p2a: Arboliva\n|-damage|p2a: Arboliva|0 fnt\n|faint|p2a: Arboliva\n|-damage|p1a: Revavroom|0 fnt|[from] item: Life Orb\n|faint|p1a: Revavroom\n|\n|upkeep\n|inactive|Time left: 300 sec this turn | 300 sec total | 5 sec grace\n|\n|t:|1783542898\n|switch|p1a: Golduck|Golduck, L90, M|290/290\n|switch|p2a: Exeggutor|Exeggutor-Alola, L89, F|100/100\n|-ability|p1a: Golduck|Cloud Nine\n|-item|p1a: Golduck|Leftovers|[from] ability: Frisk|[of] p2a: Exeggutor\n|turn|9\n|inactive|Time left: 300 sec this turn | 300 sec total\n|\n|t:|1783542899\n|move|p1a: Golduck|Ice Beam|p2a: Exeggutor\n|-supereffective|p2a: Exeggutor\n|-damage|p2a: Exeggutor|5/100\n|move|p2a: Exeggutor|Giga Drain|p1a: Golduck\n|-supereffective|p1a: Golduck\n|-damage|p1a: Golduck|0 fnt\n|-heal|p2a: Exeggutor|51/100|[from] drain|[of] p1a: Golduck\n|faint|p1a: Golduck\n|\n|upkeep\n|inactive|Time left: 300 sec this turn | 300 sec total | 5 sec grace\n|\n|t:|1783542900\n|switch|p1a: Leafeon|Leafeon, L88, F|258/258\n|turn|10\n|inactive|Time left: 300 sec this turn | 300 sec total\n|\n|t:|1783542901\n|move|p1a: Leafeon|Swords Dance|p1a: Leafeon\n|-boost|p1a: Leafeon|atk|2\n|move|p2a: Exeggutor|Giga Drain|p1a: Leafeon\n|-resisted|p1a: Leafeon\n|-damage|p1a: Leafeon|161/258\n|-heal|p2a: Exeggutor|67/100|[from] drain|[of] p1a: Leafeon\n|\n|upkeep\n|turn|11\n|inactive|Time left: 300 sec this turn | 300 sec total\n|\n|t:|1783542902\n|move|p1a: Leafeon|Double-Edge|p2a: Exeggutor\n|-damage|p2a: Exeggutor|0 fnt\n|faint|p2a: Exeggutor\n|-damage|p1a: Leafeon|92/258|[from] Recoil\n|-damage|p1a: Leafeon|67/258|[from] item: Life Orb\n|\n|upkeep\n|\n|t:|1783542903\n|switch|p2a: Cetitan|Cetitan, L82, F|100/100\n|turn|12\n|inactive|Time left: 300 sec this turn | 300 sec total\n|\n|t:|1783542904\n|move|p2a: Cetitan|Ice Shard|p1a: Leafeon\n|-supereffective|p1a: Leafeon\n|-crit|p1a: Leafeon\n|-damage|p1a: Leafeon|0 fnt\n|faint|p1a: Leafeon\n|\n|upkeep\n|inactive|Time left: 300 sec this turn | 300 sec total | 5 sec grace\n|\n|t:|1783542905\n|switch|p1a: Slowbro|Slowbro, L85, M|300/300\n|turn|13\n|inactive|Time left: 300 sec this turn | 300 sec total\n|\n|t:|1783542905\n|move|p2a: Cetitan|Belly Drum|p2a: Cetitan\n|-damage|p2a: Cetitan|50/100\n|-setboost|p2a: Cetitan|atk|6|[from] move: Belly Drum\n|-enditem|p2a: Cetitan|Sitrus Berry|[eat]\n|-heal|p2a: Cetitan|75/100|[from] item: Sitrus Berry\n|move|p1a: Slowbro|Scald|p2a: Cetitan\n|-damage|p2a: Cetitan|44/100\n|\n|upkeep\n|turn|14\n|inactive|Time left: 300 sec this turn | 300 sec total\n|\n|t:|1783542907\n|-terastallize|p1a: Slowbro|Fighting\n|move|p2a: Cetitan|Earthquake|p1a: Slowbro\n|-damage|p1a: Slowbro|69/300\n|move|p1a: Slowbro|Body Press|p2a: Cetitan\n|-supereffective|p2a: Cetitan\n|-damage|p2a: Cetitan|0 fnt\n|faint|p2a: Cetitan\n|\n|-heal|p1a: Slowbro|87/300|[from] item: Leftovers\n|upkeep\n|\n|t:|1783542908\n|switch|p2a: Quaquaval|Quaquaval, L79, M|100/100\n|turn|15\n|inactive|Time left: 300 sec this turn | 300 sec total\n|\n|t:|1783542909\n|switch|p1a: Clodsire|Clodsire, L81, M|343/343\n|move|p2a: Quaquaval|Swords Dance|p2a: Quaquaval\n|-boost|p2a: Quaquaval|atk|2\n|\n|upkeep\n|turn|16\n|inactive|Time left: 300 sec this turn | 300 sec total\n|\n|t:|1783542910\n|move|p2a: Quaquaval|Aqua Step|p1a: Clodsire\n|-supereffective|p1a: Clodsire\n|-damage|p1a: Clodsire|83/343\n|-boost|p2a: Quaquaval|spe|1\n|move|p1a: Clodsire|Recover|p1a: Clodsire\n|-heal|p1a: Clodsire|255/343\n|\n|-heal|p1a: Clodsire|276/343|[from] item: Leftovers\n|upkeep\n|turn|17\n|inactive|Time left: 300 sec this turn | 300 sec total\n|\n|t:|1783542911\n|switch|p1a: Slowbro|Slowbro, L85, M, tera:Fighting|187/300\n|move|p2a: Quaquaval|Aqua Step|p1a: Slowbro\n|-damage|p1a: Slowbro|46/300\n|-boost|p2a: Quaquaval|spe|1\n|\n|-heal|p1a: Slowbro|64/300|[from] item: Leftovers\n|upkeep\n|turn|18\n|inactive|Time left: 300 sec this turn | 300 sec total\n|\n|t:|1783542912\n|move|p2a: Quaquaval|Aqua Step|p1a: Slowbro\n|-damage|p1a: Slowbro|0 fnt\n|-boost|p2a: Quaquaval|spe|1\n|faint|p1a: Slowbro\n|-ability|p2a: Quaquaval|Moxie|boost\n|-boost|p2a: Quaquaval|atk|1\n|\n|upkeep\n|inactive|Time left: 300 sec this turn | 300 sec total | 5 sec grace\n|\n|t:|1783542913\n|switch|p1a: Clodsire|Clodsire, L81, M|276/343\n|turn|19\n|inactive|Time left: 300 sec this turn | 300 sec total\n|\n|t:|1783542914\n|move|p2a: Quaquaval|Aqua Step|p1a: Clodsire\n|-supereffective|p1a: Clodsire\n|-damage|p1a: Clodsire|18/343\n|-boost|p2a: Quaquaval|spe|1\n|move|p1a: Clodsire|Gunk Shot|p2a: Quaquaval\n|-damage|p2a: Quaquaval|61/100\n|-status|p2a: Quaquaval|psn\n|\n|-heal|p2a: Quaquaval|67/100 psn|[from] item: Leftovers\n|-heal|p1a: Clodsire|39/343|[from] item: Leftovers\n|-damage|p2a: Quaquaval|54/100 psn|[from] psn\n|upkeep\n|turn|20\n|inactive|Time left: 300 sec this turn | 300 sec total\n|\n|t:|1783542915\n|move|p2a: Quaquaval|Close Combat|p1a: Clodsire\n|-resisted|p1a: Clodsire\n|-damage|p1a: Clodsire|0 fnt\n|-unboost|p2a: Quaquaval|def|1\n|-unboost|p2a: Quaquaval|spd|1\n|faint|p1a: Clodsire\n|\n|win|p0y2852895", "uploadtime": 1783542915, "views": 0, "rating": 0, "private": 0, "password": null, "_winner": "p0y2852895", "_our_name": "p0x2854260"}