{"id": "battle-gen9randombattle-1443", "formatid": "gen9randombattle", "format": "[Gen 9] Random Battle", "players": ["p0x14434e60", "p0y14432128"], "log": "|init|battle\n|title|p0x14434e60 vs. p0y14432128\n|j|\u2606p0x14434e60\n|j|\u2606p0y14432128\n|t:|1783555868\n|gametype|singles\n|player|p1|p0x14434e60|2|\n|player|p2|p0y14432128|101|\n|gen|9\n|tier|[Gen 9] Random Battle\n|rule|Species Clause: Limit one of each Pok\u00e9mon\n|rule|HP Percentage Mod: HP is shown in percentages\n|rule|Sleep Clause Mod: Limit one foe put to sleep\n|rule|Illusion Level Mod: Illusion disguises the Pok\u00e9mon's true level\n|\n|t:|1783555868\n|teamsize|p1|6\n|teamsize|p2|6\n|start\n|switch|p1a: Granbull|Granbull, L88, M|100/100\n|switch|p2a: Heatran|Heatran, L79, M|273/273\n|-item|p2a: Heatran|Air Balloon\n|-ability|p1a: Granbull|Intimidate|boost\n|-unboost|p2a: Heatran|atk|1\n|turn|1\n|inactive|Battle timer is ON: inactive players will automatically lose when time's up. (requested by p0y14432128)\n|inactive|p0x14434e60 also wants the timer to be on.\n|\n|t:|1783555870\n|move|p2a: Heatran|Magma Storm|p1a: Granbull\n|-damage|p1a: Granbull|51/100\n|-activate|p1a: Granbull|move: Magma Storm|[of] p2a: Heatran\n|move|p1a: Granbull|Play Rough|p2a: Heatran\n|-resisted|p2a: Heatran\n|-damage|p2a: Heatran|244/273\n|-enditem|p2a: Heatran|Air Balloon\n|\n|-heal|p1a: Granbull|57/100|[from] item: Leftovers\n|-damage|p1a: Granbull|45/100|[from] move: Magma Storm|[partiallytrapped]\n|upkeep\n|turn|2\n|inactive|Time left: 300 sec this turn | 300 sec total\n|\n|t:|1783555871\n|move|p2a: Heatran|Magma Storm|p1a: Granbull|[miss]\n|-miss|p2a: Heatran|p1a: Granbull\n|move|p1a: Granbull|Earthquake|p2a: Heatran\n|-supereffective|p2a: Heatran\n|-damage|p2a: Heatran|0 fnt\n|faint|p2a: Heatran\n|\n|-heal|p1a: Granbull|51/100|[from] item: Leftovers\n|-end|p1a: Granbull|Magma Storm|[partiallytrapped]|[silent]\n|upkeep\n|inactive|Time left: 300 sec this turn | 300 sec total | 5 sec grace\n|\n|t:|1783555872\n|switch|p2a: Dusknoir|Dusknoir, L89, F|225/225\n|-item|p1a: Granbull|Leftovers|[from] ability: Frisk|[of] p2a: Dusknoir\n|turn|3\n|inactive|Time left: 300 sec this turn | 300 sec total\n|\n|t:|1783555873\n|move|p2a: Dusknoir|Poltergeist|p1a: Granbull\n|-activate|p1a: Granbull|move: Poltergeist|Leftovers\n|-damage|p1a: Granbull|0 fnt\n|faint|p1a: Granbull\n|-damage|p2a: Dusknoir|203/225|[from] item: Life Orb\n|\n|upkeep\n|\n|t:|1783555874\n|switch|p1a: Registeel|Registeel, L81|100/100\n|turn|4\n|inactive|Time left: 300 sec this turn | 300 sec total\n|\n|t:|1783555875\n|move|p2a: Dusknoir|Pain Split|p1a: Registeel\n|-sethp|p1a: Registeel|89/100|[from] move: Pain Split|[silent]\n|-sethp|p2a: Dusknoir|225/225|[from] move: Pain Split\n|move|p1a: Registeel|Stealth Rock|p2a: Dusknoir\n|-sidestart|p2: p0y14432128|move: Stealth Rock\n|\n|-heal|p1a: Registeel|95/100|[from] item: Leftovers\n|upkeep\n|turn|5\n|inactive|Time left: 300 sec this turn | 300 sec total\n|\n|t:|1783555876\n|move|p2a: Dusknoir|Poltergeist|p1a: Registeel\n|-activate|p1a: Registeel|move: Poltergeist|Leftovers\n|-damage|p1a: Registeel|54/100\n|-damage|p2a: Dusknoir|203/225|[from] item: Life Orb\n|move|p1a: Registeel|Thunder Wave|p2a: Dusknoir\n|-status|p2a: Dusknoir|par\n|\n|-heal|p1a: Registeel|60/100|[from] item: Leftovers\n|upkeep\n|turn|6\n|inactive|Time left: 300 sec this turn | 300 sec total\n|\n|t:|1783555878\n|move|p1a: Registeel|Iron Head|p2a: Dusknoir\n|-damage|p2a: Dusknoir|155/225 par\n|cant|p2a: Dusknoir|par\n|\n|-heal|p1a: Registeel|66/100|[from] item: Leftovers\n|upkeep\n|turn|7\n|inactive|Time left: 300 sec this turn | 300 sec total\n|\n|t:|1783555879\n|move|p1a: Registeel|Iron Head|p2a: Dusknoir\n|-damage|p2a: Dusknoir|112/225 par\n|move|p2a: Dusknoir|Poltergeist|p1a: Registeel\n|-activate|p1a: Registeel|move: Poltergeist|Leftovers\n|-damage|p1a: Registeel|24/100\n|-damage|p2a: Dusknoir|90/225 par|[from] item: Life Orb\n|\n|-heal|p1a: Registeel|30/100|[from] item: Leftovers\n|upkeep\n|turn|8\n|inactive|Time left: 300 sec this turn | 300 sec total\n|\n|t:|1783555880\n|move|p1a: Registeel|Iron Head|p2a: Dusknoir\n|-damage|p2a: Dusknoir|42/225 par\n|move|p2a: Dusknoir|Poltergeist|p1a: Registeel\n|-activate|p1a: Registeel|move: Poltergeist|Leftovers\n|-damage|p1a: Registeel|0 fnt\n|faint|p1a: Registeel\n|-damage|p2a: Dusknoir|20/225 par|[from] item: Life Orb\n|\n|upkeep\n|\n|t:|1783555881\n|switch|p1a: Mismagius|Mismagius, L86, M|100/100\n|turn|9\n|inactive|Time left: 300 sec this turn | 300 sec total\n|\n|t:|1783555882\n|move|p2a: Dusknoir|Shadow Sneak|p1a: Mismagius\n|-supereffective|p1a: Mismagius\n|-damage|p1a: Mismagius|30/100\n|-damage|p2a: Dusknoir|0 fnt|[from] item: Life Orb\n|faint|p2a: Dusknoir\n|move|p1a: Mismagius|Dazzling Gleam|p2: Dusknoir|[notarget]\n|-fail|p1a: Mismagius\n|\n|-heal|p1a: Mismagius|36/100|[from] item: Leftovers\n|upkeep\n|inactive|Time left: 300 sec this turn | 300 sec total | 5 sec grace\n|\n|t:|1783555883\n|switch|p2a: Minior|Minior-Violet, L79|224/224\n|-damage|p2a: Minior|168/224|[from] Stealth Rock\n|-formechange|p2a: Minior|Minior-Meteor||[from] ability: Shields Down\n|turn|10\n|inactive|Time left: 300 sec this turn | 300 sec total\n|\n|t:|1783555884\n|move|p1a: Mismagius|Nasty Plot|p1a: Mismagius\n|-boost|p1a: Mismagius|spa|2\n|move|p2a: Minior|Shell Smash|p2a: Minior\n|-unboost|p2a: Minior|def|1\n|-unboost|p2a: Minior|spd|1\n|-boost|p2a: Minior|atk|2\n|-boost|p2a: Minior|spa|2\n|-boost|p2a: Minior|spe|2\n|-enditem|p2a: Minior|White Herb\n|-clearnegativeboost|p2a: Minior|[silent]\n|\n|-heal|p1a: Mismagius|42/100|[from] item: Leftovers\n|upkeep\n|turn|11\n|inactive|Time left: 300 sec this turn | 300 sec total\n|\n|t:|1783555885\n|switch|p1a: Forretress|Forretress, L84, F|100/100\n|move|p2a: Minior|Acrobatics|p1a: Forretress\n|-damage|p1a: Forretress|59/100\n|\n|-heal|p1a: Forretress|65/100|[from] item: Leftovers\n|upkeep\n|turn|12\n|inactive|Time left: 300 sec this turn | 300 sec total\n|\n|t:|1783555886\n|move|p2a: Minior|Acrobatics|p1a: Forretress\n|-damage|p1a: Forretress|30/100\n|move|p1a: Forretress|Iron Head|p2a: Minior\n|-supereffective|p2a: Minior\n|-damage|p2a: Minior|24/224\n|\n|-heal|p1a: Forretress|36/100|[from] item: Leftovers\n|-formechange|p2a: Minior|Minior-Violet||[from] ability: Shields Down\n|upkeep\n|turn|13\n|inactive|Time left: 300 sec this turn | 300 sec total\n|\n|t:|1783555887\n|move|p2a: Minior|Acrobatics|p1a: Forretress\n|-damage|p1a: Forretress|0 fnt\n|faint|p1a: Forretress\n|\n|upkeep\n|\n|t:|1783555888\n|switch|p1a: Grumpig|Grumpig, L92, F|100/100\n|turn|14\n|inactive|Time left: 300 sec this turn | 300 sec total\n|\n|t:|1783555889\n|-terastallize|p2a: Minior|Flying\n|move|p2a: Minior|Acrobatics|p1a: Grumpig\n|-damage|p1a: Grumpig|0 fnt\n|faint|p1a: Grumpig\n|\n|upkeep\n|\n|t:|1783555890\n|switch|p1a: Mismagius|Mismagius, L86, M|42/100\n|turn|15\n|inactive|Time left: 300 sec this turn | 300 sec total\n|\n|t:|1783555891\n|switch|p1a: Scyther|Scyther, L82, M|100/100\n|move|p2a: Minior|Acrobatics|p1a: Scyther\n|-supereffective|p1a: Scyther\n|-damage|p1a: Scyther|0 fnt\n|faint|p1a: Scyther\n|\n|upkeep\n|\n|t:|1783555892\n|switch|p1a: Mismagius|Mismagius, L86, M|42/100\n|turn|16\n|inactive|Time left: 300 sec this turn | 300 sec total\n|\n|t:|1783555893\n|-terastallize|p1a: Mismagius|Fairy\n|move|p2a: Minior|Acrobatics|p1a: Mismagius\n|-damage|p1a: Mismagius|0 fnt\n|faint|p1a: Mismagius\n|\n|win|p0y14432128", "uploadtime": 1783555893, "views": 0, "rating": 0, "private": 0, "password": null, "_winner": "p0y14432128", "_our_name": "p0y14432128"}