{"id": "battle-gen9randombattle-2500", "formatid": "gen9randombattle", "format": "[Gen 9] Random Battle", "players": ["p0x25009a84", "p0y25003810"], "log": "|init|battle\n|title|p0x25009a84 vs. p0y25003810\n|j|\u2606p0x25009a84\n|j|\u2606p0y25003810\n|t:|1783567990\n|gametype|singles\n|player|p1|p0x25009a84|266|\n|player|p2|p0y25003810|169|\n|gen|9\n|tier|[Gen 9] Random Battle\n|rule|Species Clause: Limit one of each Pok\u00e9mon\n|rule|HP Percentage Mod: HP is shown in percentages\n|rule|Sleep Clause Mod: Limit one foe put to sleep\n|rule|Illusion Level Mod: Illusion disguises the Pok\u00e9mon's true level\n|\n|t:|1783567990\n|teamsize|p1|6\n|teamsize|p2|6\n|start\n|switch|p1a: Lokix|Lokix, L82, F|251/251\n|switch|p2a: Banette|Banette, L93, F|100/100\n|turn|1\n|inactive|Battle timer is ON: inactive players will automatically lose when time's up. (requested by p0y25003810)\n|inactive|Time left: 300 sec this turn | 300 sec total | 60 sec grace\n|inactive|p0x25009a84 also wants the timer to be on.\n|\n|t:|1783567992\n|-terastallize|p2a: Banette|Poison\n|move|p1a: Lokix|Knock Off|p2a: Banette\n|-damage|p2a: Banette|42/100\n|-start|p1a: Lokix|Disable|Knock Off|[from] ability: Cursed Body|[of] p2a: Banette\n|-enditem|p2a: Banette|Life Orb|[from] move: Knock Off|[of] p1a: Lokix\n|-damage|p1a: Lokix|226/251|[from] item: Life Orb\n|move|p2a: Banette|Gunk Shot|p1a: Lokix\n|-damage|p1a: Lokix|10/251\n|-status|p1a: Lokix|psn\n|\n|-damage|p1a: Lokix|0 fnt|[from] psn\n|faint|p1a: Lokix\n|upkeep\n|inactive|Time left: 300 sec this turn | 300 sec total | 65 sec grace\n|\n|t:|1783567993\n|switch|p1a: Terrakion|Terrakion, L79|273/273\n|turn|2\n|inactive|Time left: 300 sec this turn | 300 sec total\n|\n|t:|1783567994\n|move|p1a: Terrakion|Stone Edge|p2a: Banette\n|-damage|p2a: Banette|0 fnt\n|faint|p2a: Banette\n|\n|upkeep\n|\n|t:|1783567995\n|switch|p2a: Necrozma|Necrozma-Dusk-Mane, L69|100/100\n|turn|3\n|inactive|Time left: 300 sec this turn | 300 sec total\n|\n|t:|1783567996\n|switch|p1a: Feraligatr|Feraligatr, L79, F|264/264\n|move|p2a: Necrozma|Sunsteel Strike|p1a: Feraligatr\n|-resisted|p1a: Feraligatr\n|-damage|p1a: Feraligatr|215/264\n|\n|upkeep\n|turn|4\n|inactive|Time left: 300 sec this turn | 300 sec total\n|\n|t:|1783567997\n|move|p1a: Feraligatr|Dragon Dance|p1a: Feraligatr\n|-boost|p1a: Feraligatr|atk|1\n|-boost|p1a: Feraligatr|spe|1\n|move|p2a: Necrozma|Dragon Dance|p2a: Necrozma\n|-boost|p2a: Necrozma|atk|1\n|-boost|p2a: Necrozma|spe|1\n|\n|upkeep\n|turn|5\n|inactive|Time left: 300 sec this turn | 300 sec total\n|\n|t:|1783567998\n|-terastallize|p1a: Feraligatr|Water\n|move|p1a: Feraligatr|Liquidation|p2a: Necrozma\n|-crit|p2a: Necrozma\n|-damage|p2a: Necrozma|0 fnt\n|faint|p2a: Necrozma\n|\n|upkeep\n|\n|t:|1783567999\n|switch|p2a: Zarude|Zarude, L77|100/100\n|turn|6\n|inactive|Time left: 300 sec this turn | 300 sec total\n|\n|t:|1783568000\n|move|p2a: Zarude|Power Whip|p1a: Feraligatr\n|-supereffective|p1a: Feraligatr\n|-damage|p1a: Feraligatr|0 fnt\n|faint|p1a: Feraligatr\n|\n|upkeep\n|inactive|Time left: 300 sec this turn | 300 sec total | 5 sec grace\n|\n|t:|1783568001\n|switch|p1a: Rayquaza|Rayquaza, L72|270/270\n|-ability|p1a: Rayquaza|Air Lock\n|turn|7\n|inactive|Time left: 300 sec this turn | 300 sec total\n|\n|t:|1783568002\n|switch|p2a: Florges|Florges-White, L85, F|100/100\n|move|p1a: Rayquaza|Dragon Ascent|p2a: Florges\n|-damage|p2a: Florges|19/100\n|-unboost|p1a: Rayquaza|def|1\n|-unboost|p1a: Rayquaza|spd|1\n|\n|-heal|p2a: Florges|24/100|[from] item: Leftovers\n|upkeep\n|turn|8\n|inactive|Time left: 300 sec this turn | 300 sec total\n|\n|t:|1783568003\n|switch|p2a: Kingambit|Kingambit, L74, M|100/100\n|-activate|p2a: Kingambit|ability: Supreme Overlord\n|-start|p2a: Kingambit|fallen2|[silent]\n|move|p1a: Rayquaza|Dragon Ascent|p2a: Kingambit\n|-resisted|p2a: Kingambit\n|-damage|p2a: Kingambit|67/100\n|-unboost|p1a: Rayquaza|def|1\n|-unboost|p1a: Rayquaza|spd|1\n|\n|-heal|p2a: Kingambit|73/100|[from] item: Leftovers\n|upkeep\n|turn|9\n|inactive|Time left: 300 sec this turn | 300 sec total\n|\n|t:|1783568004\n|switch|p1a: Terrakion|Terrakion, L79|273/273\n|move|p2a: Kingambit|Iron Head|p1a: Terrakion\n|-supereffective|p1a: Terrakion\n|-damage|p1a: Terrakion|69/273\n|\n|-heal|p2a: Kingambit|79/100|[from] item: Leftovers\n|upkeep\n|turn|10\n|inactive|Time left: 300 sec this turn | 300 sec total\n|\n|t:|1783568005\n|-end|p2a: Kingambit|fallen2|[silent]\n|switch|p2a: Florges|Florges-White, L85, F|24/100\n|move|p1a: Terrakion|Close Combat|p2a: Florges\n|-resisted|p2a: Florges\n|-damage|p2a: Florges|0 fnt\n|-unboost|p1a: Terrakion|def|1\n|-unboost|p1a: Terrakion|spd|1\n|faint|p2a: Florges\n|\n|upkeep\n|\n|t:|1783568006\n|switch|p2a: Zebstrika|Zebstrika, L87, M|100/100\n|turn|11\n|inactive|Time left: 300 sec this turn | 300 sec total\n|\n|t:|1783568007\n|move|p2a: Zebstrika|Supercell Slam|p1a: Terrakion\n|-damage|p1a: Terrakion|0 fnt\n|faint|p1a: Terrakion\n|-damage|p2a: Zebstrika|91/100|[from] item: Life Orb\n|\n|upkeep\n|inactive|Time left: 300 sec this turn | 300 sec total | 5 sec grace\n|\n|t:|1783568008\n|switch|p1a: Rayquaza|Rayquaza, L72|270/270\n|-ability|p1a: Rayquaza|Air Lock\n|turn|12\n|inactive|Time left: 300 sec this turn | 300 sec total\n|\n|t:|1783568009\n|move|p2a: Zebstrika|Supercell Slam|p1a: Rayquaza\n|-damage|p1a: Rayquaza|102/270\n|-damage|p2a: Zebstrika|81/100|[from] item: Life Orb\n|move|p1a: Rayquaza|Earthquake|p2a: Zebstrika\n|-supereffective|p2a: Zebstrika\n|-damage|p2a: Zebstrika|0 fnt\n|faint|p2a: Zebstrika\n|\n|upkeep\n|\n|t:|1783568010\n|switch|p2a: Kingambit|Kingambit, L74, M|79/100\n|-activate|p2a: Kingambit|ability: Supreme Overlord\n|-start|p2a: Kingambit|fallen4|[silent]\n|turn|13\n|inactive|Time left: 300 sec this turn | 300 sec total\n|\n|t:|1783568011\n|move|p1a: Rayquaza|Earthquake|p2a: Kingambit\n|-supereffective|p2a: Kingambit\n|-damage|p2a: Kingambit|2/100\n|move|p2a: Kingambit|Swords Dance|p2a: Kingambit\n|-boost|p2a: Kingambit|atk|2\n|\n|-heal|p2a: Kingambit|8/100|[from] item: Leftovers\n|upkeep\n|turn|14\n|inactive|Time left: 300 sec this turn | 300 sec total\n|\n|t:|1783568012\n|move|p2a: Kingambit|Sucker Punch|p1a: Rayquaza\n|-damage|p1a: Rayquaza|0 fnt\n|faint|p1a: Rayquaza\n|\n|-heal|p2a: Kingambit|14/100|[from] item: Leftovers\n|upkeep\n|inactive|Time left: 300 sec this turn | 300 sec total | 5 sec grace\n|\n|t:|1783568013\n|switch|p1a: Gyarados|Gyarados, L79, M|280/280\n|turn|15\n|inactive|Time left: 300 sec this turn | 300 sec total\n|\n|t:|1783568014\n|move|p2a: Kingambit|Sucker Punch||[still]\n|-fail|p2a: Kingambit\n|move|p1a: Gyarados|Dragon Dance|p1a: Gyarados\n|-boost|p1a: Gyarados|atk|1\n|-boost|p1a: Gyarados|spe|1\n|\n|-heal|p2a: Kingambit|20/100|[from] item: Leftovers\n|upkeep\n|turn|16\n|inactive|Time left: 300 sec this turn | 300 sec total\n|\n|t:|1783568015\n|move|p2a: Kingambit|Sucker Punch||[still]\n|-fail|p2a: Kingambit\n|move|p1a: Gyarados|Dragon Dance|p1a: Gyarados\n|-boost|p1a: Gyarados|atk|1\n|-boost|p1a: Gyarados|spe|1\n|\n|-heal|p2a: Kingambit|26/100|[from] item: Leftovers\n|upkeep\n|turn|17\n|inactive|Time left: 300 sec this turn | 300 sec total\n|\n|t:|1783568015\n|move|p2a: Kingambit|Sucker Punch|p1a: Gyarados\n|-damage|p1a: Gyarados|55/280\n|move|p1a: Gyarados|Temper Flare|p2a: Kingambit\n|-supereffective|p2a: Kingambit\n|-damage|p2a: Kingambit|0 fnt\n|faint|p2a: Kingambit\n|-end|p2a: Kingambit|fallen4|[silent]\n|-ability|p1a: Gyarados|Moxie|boost\n|-boost|p1a: Gyarados|atk|1\n|\n|upkeep\n|\n|t:|1783568016\n|switch|p2a: Zarude|Zarude, L77|100/100\n|turn|18\n|inactive|Time left: 300 sec this turn | 300 sec total\n|\n|t:|1783568017\n|move|p1a: Gyarados|Temper Flare|p2a: Zarude\n|-supereffective|p2a: Zarude\n|-damage|p2a: Zarude|3/100\n|move|p2a: Zarude|U-turn|p1a: Gyarados\n|-resisted|p1a: Gyarados\n|-damage|p1a: Gyarados|25/280\n|\n|upkeep\n|turn|19\n|inactive|Time left: 300 sec this turn | 300 sec total\n|\n|t:|1783568018\n|move|p1a: Gyarados|Waterfall|p2a: Zarude\n|-resisted|p2a: Zarude\n|-damage|p2a: Zarude|0 fnt\n|faint|p2a: Zarude\n|\n|win|p0x25009a84", "uploadtime": 1783568018, "views": 0, "rating": 0, "private": 0, "password": null, "_winner": "p0x25009a84", "_our_name": "p0x25009a84"}