{"id": "battle-gen9randombattle-874", "formatid": "gen9randombattle", "format": "[Gen 9] Random Battle", "players": ["p0x87469e2", "p0y87407d6"], "log": "|init|battle\n|title|p0x87469e2 vs. p0y87407d6\n|j|\u2606p0x87469e2\n|j|\u2606p0y87407d6\n|t:|1783549254\n|gametype|singles\n|player|p1|p0x87469e2|101|\n|player|p2|p0y87407d6|266|\n|gen|9\n|tier|[Gen 9] Random Battle\n|rule|Species Clause: Limit one of each Pok\u00e9mon\n|rule|HP Percentage Mod: HP is shown in percentages\n|rule|Sleep Clause Mod: Limit one foe put to sleep\n|rule|Illusion Level Mod: Illusion disguises the Pok\u00e9mon's true level\n|\n|t:|1783549254\n|teamsize|p1|6\n|teamsize|p2|6\n|start\n|switch|p1a: Weezing|Weezing, L88, M|100/100\n|switch|p2a: Skuntank|Skuntank, L84, F|310/310\n|turn|1\n|inactive|Battle timer is ON: inactive players will automatically lose when time's up. (requested by p0x87469e2)\n|inactive|Time left: 300 sec this turn | 300 sec total | 60 sec grace\n|inactive|p0y87407d6 also wants the timer to be on.\n|\n|t:|1783549255\n|move|p2a: Skuntank|Fire Blast|p1a: Weezing\n|-damage|p1a: Weezing|71/100\n|move|p1a: Weezing|Will-O-Wisp|p2a: Skuntank\n|-status|p2a: Skuntank|brn\n|\n|-heal|p1a: Weezing|77/100|[from] item: Leftovers\n|-damage|p2a: Skuntank|291/310 brn|[from] brn\n|upkeep\n|turn|2\n|inactive|Time left: 300 sec this turn | 300 sec total\n|\n|t:|1783549257\n|move|p2a: Skuntank|Toxic Spikes|p1a: Weezing\n|-sidestart|p1: p0x87469e2|move: Toxic Spikes\n|move|p1a: Weezing|Pain Split|p2a: Skuntank\n|-sethp|p2a: Skuntank|244/310 brn|[from] move: Pain Split|[silent]\n|-sethp|p1a: Weezing|95/100|[from] move: Pain Split\n|\n|-heal|p1a: Weezing|100/100|[from] item: Leftovers\n|-damage|p2a: Skuntank|225/310 brn|[from] brn\n|upkeep\n|turn|3\n|inactive|Time left: 300 sec this turn | 300 sec total\n|\n|t:|1783549258\n|move|p2a: Skuntank|Knock Off|p1a: Weezing\n|-damage|p1a: Weezing|87/100\n|-enditem|p1a: Weezing|Leftovers|[from] move: Knock Off|[of] p2a: Skuntank\n|move|p1a: Weezing|Gunk Shot|p2a: Skuntank\n|-resisted|p2a: Skuntank\n|-damage|p2a: Skuntank|142/310 brn\n|\n|-damage|p2a: Skuntank|123/310 brn|[from] brn\n|upkeep\n|turn|4\n|inactive|Time left: 300 sec this turn | 300 sec total\n|\n|t:|1783549259\n|switch|p1a: Sandy Shocks|Sandy Shocks, L80|100/100\n|move|p2a: Skuntank|Toxic Spikes|p1a: Sandy Shocks\n|-sidestart|p1: p0x87469e2|move: Toxic Spikes\n|\n|-damage|p2a: Skuntank|104/310 brn|[from] brn\n|upkeep\n|turn|5\n|inactive|Time left: 300 sec this turn | 300 sec total\n|\n|t:|1783549260\n|switch|p2a: Abomasnow|Abomasnow, L84, F|287/287\n|-weather|Snowscape|[from] ability: Snow Warning|[of] p2a: Abomasnow\n|move|p1a: Sandy Shocks|Stealth Rock|p2a: Abomasnow\n|-sidestart|p2: p0y87407d6|move: Stealth Rock\n|\n|-weather|Snowscape|[upkeep]\n|upkeep\n|turn|6\n|inactive|Time left: 300 sec this turn | 300 sec total\n|\n|t:|1783549261\n|-end|p1a: Sandy Shocks|Protosynthesis|[silent]\n|switch|p1a: Ninetales|Ninetales, L85, M|100/100\n|-weather|SunnyDay|[from] ability: Drought|[of] p1a: Ninetales\n|move|p2a: Abomasnow|Aurora Veil||[still]\n|-fail|p2a: Abomasnow\n|\n|-weather|SunnyDay|[upkeep]\n|upkeep\n|turn|7\n|inactive|Time left: 300 sec this turn | 300 sec total\n|\n|t:|1783549263\n|switch|p2a: Blissey|Blissey, L85, F|572/572\n|-damage|p2a: Blissey|501/572|[from] Stealth Rock\n|move|p1a: Ninetales|Fire Blast|p2a: Blissey\n|-damage|p2a: Blissey|384/572\n|\n|-weather|SunnyDay|[upkeep]\n|-heal|p2a: Blissey|419/572|[from] item: Leftovers\n|upkeep\n|turn|8\n|inactive|Time left: 300 sec this turn | 300 sec total\n|\n|t:|1783549264\n|move|p1a: Ninetales|Nasty Plot|p1a: Ninetales\n|-boost|p1a: Ninetales|spa|2\n|move|p2a: Blissey|Stealth Rock|p1a: Ninetales\n|-sidestart|p1: p0x87469e2|move: Stealth Rock\n|\n|-weather|SunnyDay|[upkeep]\n|-heal|p2a: Blissey|454/572|[from] item: Leftovers\n|upkeep\n|turn|9\n|inactive|Time left: 300 sec this turn | 300 sec total\n|\n|t:|1783549265\n|move|p1a: Ninetales|Nasty Plot|p1a: Ninetales\n|-boost|p1a: Ninetales|spa|2\n|move|p2a: Blissey|Seismic Toss|p1a: Ninetales\n|-damage|p1a: Ninetales|68/100\n|\n|-weather|SunnyDay|[upkeep]\n|-heal|p2a: Blissey|489/572|[from] item: Leftovers\n|upkeep\n|turn|10\n|inactive|Time left: 300 sec this turn | 300 sec total\n|\n|t:|1783549266\n|move|p1a: Ninetales|Fire Blast|p2a: Blissey|[miss]\n|-miss|p1a: Ninetales|p2a: Blissey\n|move|p2a: Blissey|Seismic Toss|p1a: Ninetales\n|-damage|p1a: Ninetales|36/100\n|\n|-weather|none\n|-heal|p2a: Blissey|524/572|[from] item: Leftovers\n|upkeep\n|turn|11\n|inactive|Time left: 300 sec this turn | 300 sec total\n|\n|t:|1783549267\n|move|p1a: Ninetales|Fire Blast|p2a: Blissey\n|-damage|p2a: Blissey|307/572\n|move|p2a: Blissey|Seismic Toss|p1a: Ninetales\n|-damage|p1a: Ninetales|4/100\n|\n|-heal|p2a: Blissey|342/572|[from] item: Leftovers\n|upkeep\n|turn|12\n|inactive|Time left: 300 sec this turn | 300 sec total\n|\n|t:|1783549268\n|move|p1a: Ninetales|Fire Blast|p2a: Blissey|[miss]\n|-miss|p1a: Ninetales|p2a: Blissey\n|move|p2a: Blissey|Seismic Toss|p1a: Ninetales\n|-damage|p1a: Ninetales|0 fnt\n|faint|p1a: Ninetales\n|\n|-heal|p2a: Blissey|377/572|[from] item: Leftovers\n|upkeep\n|\n|t:|1783549268\n|switch|p1a: Weezing|Weezing, L88, M|87/100\n|-damage|p1a: Weezing|75/100|[from] Stealth Rock\n|turn|13\n|inactive|Time left: 300 sec this turn | 300 sec total\n|\n|t:|1783549269\n|switch|p2a: Skuntank|Skuntank, L84, F|104/310 brn\n|-damage|p2a: Skuntank|66/310 brn|[from] Stealth Rock\n|move|p1a: Weezing|Gunk Shot|p2a: Skuntank\n|-resisted|p2a: Skuntank\n|-damage|p2a: Skuntank|0 fnt\n|faint|p2a: Skuntank\n|\n|upkeep\n|inactive|Time left: 300 sec this turn | 300 sec total | 5 sec grace\n|\n|t:|1783549270\n|switch|p2a: Lumineon|Lumineon, L93, M|279/279\n|turn|14\n|inactive|Time left: 300 sec this turn | 300 sec total\n|\n|t:|1783549271\n|move|p2a: Lumineon|Hydro Pump|p1a: Weezing\n|-damage|p1a: Weezing|30/100\n|move|p1a: Weezing|Gunk Shot|p2a: Lumineon\n|-crit|p2a: Lumineon\n|-damage|p2a: Lumineon|95/279\n|\n|upkeep\n|turn|15\n|inactive|Time left: 300 sec this turn | 300 sec total\n|\n|t:|1783549272\n|move|p2a: Lumineon|Hydro Pump|p1a: Weezing\n|-damage|p1a: Weezing|0 fnt\n|faint|p1a: Weezing\n|\n|upkeep\n|\n|t:|1783549273\n|switch|p1a: Necrozma|Necrozma-Dawn-Wings, L76|100/100\n|-status|p1a: Necrozma|tox\n|-damage|p1a: Necrozma|88/100 tox|[from] Stealth Rock\n|turn|16\n|inactive|Time left: 300 sec this turn | 300 sec total\n|\n|t:|1783549274\n|move|p2a: Lumineon|U-turn|p1a: Necrozma\n|-damage|p1a: Necrozma|71/100 tox\n|inactive|Time left: 300 sec this turn | 300 sec total | 5 sec grace\n|\n|t:|1783549275\n|switch|p2a: Blissey|Blissey, L85, F|377/572|[from] U-turn\n|-damage|p2a: Blissey|306/572|[from] Stealth Rock\n|move|p1a: Necrozma|Dragon Dance|p1a: Necrozma\n|-boost|p1a: Necrozma|atk|1\n|-boost|p1a: Necrozma|spe|1\n|\n|-heal|p2a: Blissey|341/572|[from] item: Leftovers\n|-damage|p1a: Necrozma|64/100 tox|[from] psn\n|upkeep\n|turn|17\n|inactive|Time left: 300 sec this turn | 300 sec total\n|\n|t:|1783549276\n|switch|p2a: Golem|Golem-Alola, L93, F|300/300\n|-damage|p2a: Golem|263/300|[from] Stealth Rock\n|move|p1a: Necrozma|Photon Geyser|p2a: Golem\n|-damage|p2a: Golem|138/300\n|-damage|p1a: Necrozma|55/100 tox|[from] item: Life Orb\n|\n|-damage|p1a: Necrozma|42/100 tox|[from] psn\n|upkeep\n|turn|18\n|inactive|Time left: 300 sec this turn | 300 sec total\n|\n|t:|1783549277\n|move|p1a: Necrozma|Moongeist Beam|p2a: Golem\n|-damage|p2a: Golem|0 fnt\n|faint|p2a: Golem\n|-damage|p1a: Necrozma|32/100 tox|[from] item: Life Orb\n|\n|-damage|p1a: Necrozma|13/100 tox|[from] psn\n|upkeep\n|inactive|Time left: 300 sec this turn | 300 sec total | 5 sec grace\n|\n|t:|1783549278\n|switch|p2a: Abomasnow|Abomasnow, L84, F|287/287\n|-damage|p2a: Abomasnow|216/287|[from] Stealth Rock\n|-weather|Snowscape|[from] ability: Snow Warning|[of] p2a: Abomasnow\n|turn|19\n|inactive|Time left: 300 sec this turn | 300 sec total\n|\n|t:|1783549280\n|move|p1a: Necrozma|Photon Geyser|p2a: Abomasnow\n|-damage|p2a: Abomasnow|64/287\n|-damage|p1a: Necrozma|3/100 tox|[from] item: Life Orb\n|move|p2a: Abomasnow|Aurora Veil|p2a: Abomasnow\n|-sidestart|p2: p0y87407d6|move: Aurora Veil\n|\n|-weather|Snowscape|[upkeep]\n|-damage|p1a: Necrozma|0 fnt|[from] psn\n|faint|p1a: Necrozma\n|upkeep\n|\n|t:|1783549281\n|switch|p1a: Sandy Shocks|Sandy Shocks, L80|100/100\n|turn|20\n|inactive|Time left: 300 sec this turn | 300 sec total\n|\n|t:|1783549282\n|move|p1a: Sandy Shocks|Thunderbolt|p2a: Abomasnow\n|-resisted|p2a: Abomasnow\n|-damage|p2a: Abomasnow|39/287\n|-status|p2a: Abomasnow|par\n|move|p2a: Abomasnow|Blizzard|p1a: Sandy Shocks\n|-supereffective|p1a: Sandy Shocks\n|-damage|p1a: Sandy Shocks|15/100\n|\n|-weather|Snowscape|[upkeep]\n|upkeep\n|turn|21\n|inactive|Time left: 300 sec this turn | 300 sec total\n|\n|t:|1783549283\n|move|p1a: Sandy Shocks|Thunderbolt|p2a: Abomasnow\n|-resisted|p2a: Abomasnow\n|-damage|p2a: Abomasnow|15/287 par\n|move|p2a: Abomasnow|Earthquake|p1a: Sandy Shocks\n|-supereffective|p1a: Sandy Shocks\n|-damage|p1a: Sandy Shocks|0 fnt\n|faint|p1a: Sandy Shocks\n|-end|p1a: Sandy Shocks|Protosynthesis|[silent]\n|\n|-weather|Snowscape|[upkeep]\n|upkeep\n|\n|t:|1783549284\n|switch|p1a: Quagsire|Quagsire, L84, M|100/100\n|-status|p1a: Quagsire|tox\n|-damage|p1a: Quagsire|94/100 tox|[from] Stealth Rock\n|turn|22\n|inactive|Time left: 300 sec this turn | 300 sec total\n|\n|t:|1783549285\n|switch|p2a: Eelektross|Eelektross, L87, F|290/290\n|-damage|p2a: Eelektross|254/290|[from] Stealth Rock\n|move|p1a: Quagsire|Ice Beam|p2a: Eelektross\n|-damage|p2a: Eelektross|229/290\n|\n|-weather|Snowscape|[upkeep]\n|-heal|p2a: Eelektross|247/290|[from] item: Leftovers\n|-heal|p1a: Quagsire|100/100 tox|[from] item: Leftovers\n|-damage|p1a: Quagsire|94/100 tox|[from] psn\n|upkeep\n|turn|23\n|inactive|Time left: 300 sec this turn | 300 sec total\n|\n|t:|1783549286\n|move|p2a: Eelektross|Coil|p2a: Eelektross\n|-boost|p2a: Eelektross|atk|1\n|-boost|p2a: Eelektross|def|1\n|-boost|p2a: Eelektross|accuracy|1\n|move|p1a: Quagsire|Toxic|p2a: Eelektross\n|-status|p2a: Eelektross|tox\n|\n|-weather|none\n|-heal|p2a: Eelektross|265/290 tox|[from] item: Leftovers\n|-heal|p1a: Quagsire|100/100 tox|[from] item: Leftovers\n|-damage|p2a: Eelektross|247/290 tox|[from] psn\n|-damage|p1a: Quagsire|88/100 tox|[from] psn\n|upkeep\n|turn|24\n|inactive|Time left: 300 sec this turn | 300 sec total\n|\n|t:|1783549287\n|move|p2a: Eelektross|Coil|p2a: Eelektross\n|-boost|p2a: Eelektross|atk|1\n|-boost|p2a: Eelektross|def|1\n|-boost|p2a: Eelektross|accuracy|1\n|move|p1a: Quagsire|Recover|p1a: Quagsire\n|-heal|p1a: Quagsire|100/100 tox\n|\n|-heal|p2a: Eelektross|265/290 tox|[from] item: Leftovers\n|-damage|p2a: Eelektross|229/290 tox|[from] psn\n|-damage|p1a: Quagsire|82/100 tox|[from] psn\n|upkeep\n|turn|25\n|inactive|Time left: 300 sec this turn | 300 sec total\n|\n|t:|1783549288\n|move|p2a: Eelektross|Drain Punch|p1a: Quagsire\n|-damage|p1a: Quagsire|61/100 tox\n|-heal|p2a: Eelektross|261/290 tox|[from] drain|[of] p1a: Quagsire\n|move|p1a: Quagsire|Recover|p1a: Quagsire\n|-heal|p1a: Quagsire|100/100 tox\n|\n|-heal|p2a: Eelektross|279/290 tox|[from] item: Leftovers\n|-damage|p2a: Eelektross|225/290 tox|[from] psn\n|-damage|p1a: Quagsire|76/100 tox|[from] psn\n|upkeep\n|turn|26\n|inactive|Time left: 300 sec this turn | 300 sec total\n|\n|t:|1783549289\n|move|p2a: Eelektross|Drain Punch|p1a: Quagsire\n|-damage|p1a: Quagsire|53/100 tox\n|-heal|p2a: Eelektross|260/290 tox|[from] drain|[of] p1a: Quagsire\n|move|p1a: Quagsire|Recover|p1a: Quagsire\n|-heal|p1a: Quagsire|100/100 tox\n|\n|-heal|p2a: Eelektross|278/290 tox|[from] item: Leftovers\n|-damage|p2a: Eelektross|206/290 tox|[from] psn\n|-damage|p1a: Quagsire|70/100 tox|[from] psn\n|-sideend|p2: p0y87407d6|move: Aurora Veil\n|upkeep\n|turn|27\n|inactive|Time left: 300 sec this turn | 300 sec total\n|\n|t:|1783549290\n|move|p2a: Eelektross|Drain Punch|p1a: Quagsire\n|-damage|p1a: Quagsire|49/100 tox\n|-heal|p2a: Eelektross|238/290 tox|[from] drain|[of] p1a: Quagsire\n|move|p1a: Quagsire|Recover|p1a: Quagsire\n|-heal|p1a: Quagsire|99/100 tox\n|\n|-heal|p2a: Eelektross|256/290 tox|[from] item: Leftovers\n|-heal|p1a: Quagsire|100/100 tox|[from] item: Leftovers\n|-damage|p2a: Eelektross|166/290 tox|[from] psn\n|-damage|p1a: Quagsire|64/100 tox|[from] psn\n|upkeep\n|turn|28\n|inactive|Time left: 300 sec this turn | 300 sec total\n|\n|t:|1783549291\n|move|p2a: Eelektross|Drain Punch|p1a: Quagsire\n|-damage|p1a: Quagsire|43/100 tox\n|-heal|p2a: Eelektross|198/290 tox|[from] drain|[of] p1a: Quagsire\n|move|p1a: Quagsire|Recover|p1a: Quagsire\n|-heal|p1a: Quagsire|93/100 tox\n|\n|-heal|p2a: Eelektross|216/290 tox|[from] item: Leftovers\n|-heal|p1a: Quagsire|99/100 tox|[from] item: Leftovers\n|-damage|p2a: Eelektross|108/290 tox|[from] psn\n|-damage|p1a: Quagsire|56/100 tox|[from] psn\n|upkeep\n|turn|29\n|inactive|Time left: 300 sec this turn | 300 sec total\n|\n|t:|1783549293\n|move|p2a: Eelektross|Drain Punch|p1a: Quagsire\n|-damage|p1a: Quagsire|36/100 tox\n|-heal|p2a: Eelektross|139/290 tox|[from] drain|[of] p1a: Quagsire\n|move|p1a: Quagsire|Recover|p1a: Quagsire\n|-heal|p1a: Quagsire|86/100 tox\n|\n|-heal|p2a: Eelektross|157/290 tox|[from] item: Leftovers\n|-heal|p1a: Quagsire|92/100 tox|[from] item: Leftovers\n|-damage|p2a: Eelektross|31/290 tox|[from] psn\n|-damage|p1a: Quagsire|43/100 tox|[from] psn\n|upkeep\n|turn|30\n|inactive|Time left: 300 sec this turn | 300 sec total\n|\n|t:|1783549294\n|move|p2a: Eelektross|Supercell Slam|p1a: Quagsire\n|-immune|p1a: Quagsire\n|-damage|p2a: Eelektross|0 fnt|[from] supercellslam\n|faint|p2a: Eelektross\n|move|p1a: Quagsire|Recover|p1a: Quagsire\n|-heal|p1a: Quagsire|93/100 tox\n|\n|-heal|p1a: Quagsire|99/100 tox|[from] item: Leftovers\n|-damage|p1a: Quagsire|45/100 tox|[from] psn\n|upkeep\n|inactive|Time left: 300 sec this turn | 300 sec total | 5 sec grace\n|\n|t:|1783549294\n|switch|p2a: Lumineon|Lumineon, L93, M|95/279\n|turn|31\n|inactive|Time left: 300 sec this turn | 300 sec total\n|\n|t:|1783549295\n|move|p2a: Lumineon|Hydro Pump|p1a: Quagsire\n|-damage|p1a: Quagsire|0 fnt\n|faint|p1a: Quagsire\n|\n|upkeep\n|\n|t:|1783549296\n|switch|p1a: Cetitan|Cetitan, L82, M|100/100\n|-status|p1a: Cetitan|tox\n|-damage|p1a: Cetitan|76/100 tox|[from] Stealth Rock\n|turn|32\n|inactive|Time left: 300 sec this turn | 300 sec total\n|\n|t:|1783549297\n|-terastallize|p1a: Cetitan|Water\n|move|p2a: Lumineon|Hydro Pump|p1a: Cetitan\n|-resisted|p1a: Cetitan\n|-damage|p1a: Cetitan|56/100 tox\n|move|p1a: Cetitan|Superpower|p2a: Lumineon\n|-damage|p2a: Lumineon|0 fnt\n|-unboost|p1a: Cetitan|atk|1\n|-unboost|p1a: Cetitan|def|1\n|faint|p2a: Lumineon\n|-damage|p1a: Cetitan|47/100 tox|[from] item: Life Orb\n|\n|-damage|p1a: Cetitan|40/100 tox|[from] psn\n|upkeep\n|inactive|Time left: 300 sec this turn | 300 sec total | 5 sec grace\n|\n|t:|1783549298\n|switch|p2a: Abomasnow|Abomasnow, L84, F|15/287 par\n|-damage|p2a: Abomasnow|0 fnt|[from] Stealth Rock\n|faint|p2a: Abomasnow\n|inactive|Time left: 300 sec this turn | 300 sec total | 10 sec grace\n|\n|t:|1783549299\n|switch|p2a: Blissey|Blissey, L85, F|341/572\n|-damage|p2a: Blissey|270/572|[from] Stealth Rock\n|turn|33\n|inactive|Time left: 300 sec this turn | 300 sec total\n|\n|t:|1783549299\n|move|p1a: Cetitan|Liquidation|p2a: Blissey\n|-damage|p2a: Blissey|0 fnt\n|faint|p2a: Blissey\n|\n|win|p0x87469e2", "uploadtime": 1783549299, "views": 0, "rating": 0, "private": 0, "password": null, "_winner": "p0x87469e2", "_our_name": "p0y87407d6"}