{"id": "battle-gen9randombattle-624", "formatid": "gen9randombattle", "format": "[Gen 9] Random Battle", "players": ["p0x624564b", "p0y62498b1"], "log": "|init|battle\n|title|p0x624564b vs. p0y62498b1\n|j|\u2606p0x624564b\n|j|\u2606p0y62498b1\n|t:|1783546354\n|gametype|singles\n|player|p1|p0x624564b|2|\n|player|p2|p0y62498b1|2|\n|gen|9\n|tier|[Gen 9] Random Battle\n|rule|Species Clause: Limit one of each Pok\u00e9mon\n|rule|HP Percentage Mod: HP is shown in percentages\n|rule|Sleep Clause Mod: Limit one foe put to sleep\n|rule|Illusion Level Mod: Illusion disguises the Pok\u00e9mon's true level\n|\n|t:|1783546354\n|teamsize|p1|6\n|teamsize|p2|6\n|start\n|switch|p1a: Sunflora|Sunflora, M|100/100\n|switch|p2a: Ursaring|Ursaring, L84, F|288/288\n|turn|1\n|inactive|Battle timer is ON: inactive players will automatically lose when time's up. (requested by p0y62498b1)\n|\n|t:|1783546356\n|move|p2a: Ursaring|Swords Dance|p2a: Ursaring\n|-boost|p2a: Ursaring|atk|2\n|move|p1a: Sunflora|Leaf Storm|p2a: Ursaring\n|-damage|p2a: Ursaring|0 fnt\n|-unboost|p1a: Sunflora|spa|2\n|faint|p2a: Ursaring\n|\n|upkeep\n|inactive|Time left: 300 sec this turn | 300 sec total | 65 sec grace\n|inactive|p0x624564b also wants the timer to be on.\n|\n|t:|1783546356\n|switch|p2a: Glastrier|Glastrier, L86|311/311\n|turn|2\n|inactive|Time left: 300 sec this turn | 300 sec total\n|\n|t:|1783546358\n|switch|p1a: Volcarona|Volcarona, L77, M|100/100\n|move|p2a: Glastrier|Icicle Crash|p1a: Volcarona\n|-resisted|p1a: Volcarona\n|-damage|p1a: Volcarona|53/100\n|\n|upkeep\n|turn|3\n|inactive|Time left: 300 sec this turn | 300 sec total\n|\n|t:|1783546359\n|move|p1a: Volcarona|Fire Blast|p2a: Glastrier\n|-supereffective|p2a: Glastrier\n|-damage|p2a: Glastrier|113/311\n|move|p2a: Glastrier|Icicle Crash|p1a: Volcarona\n|-resisted|p1a: Volcarona\n|-damage|p1a: Volcarona|2/100\n|\n|upkeep\n|turn|4\n|inactive|Time left: 300 sec this turn | 300 sec total\n|\n|t:|1783546361\n|move|p1a: Volcarona|Fire Blast|p2a: Glastrier\n|-supereffective|p2a: Glastrier\n|-damage|p2a: Glastrier|0 fnt\n|faint|p2a: Glastrier\n|\n|upkeep\n|inactive|Time left: 300 sec this turn | 300 sec total | 5 sec grace\n|\n|t:|1783546362\n|switch|p2a: Lanturn|Lanturn, L89, F|367/367\n|turn|5\n|inactive|Time left: 300 sec this turn | 300 sec total\n|\n|t:|1783546363\n|move|p1a: Volcarona|Morning Sun|p1a: Volcarona\n|-heal|p1a: Volcarona|52/100\n|move|p2a: Lanturn|Scald|p1a: Volcarona\n|-supereffective|p1a: Volcarona\n|-damage|p1a: Volcarona|0 fnt\n|faint|p1a: Volcarona\n|\n|upkeep\n|\n|t:|1783546364\n|switch|p1a: Sunflora|Sunflora, M|100/100\n|turn|6\n|inactive|Time left: 300 sec this turn | 300 sec total\n|\n|t:|1783546365\n|move|p2a: Lanturn|Volt Switch|p1a: Sunflora\n|-resisted|p1a: Sunflora\n|-damage|p1a: Sunflora|90/100\n|inactive|Time left: 300 sec this turn | 300 sec total | 5 sec grace\n|\n|t:|1783546366\n|switch|p2a: Magnezone|Magnezone, L85|258/258|[from] Volt Switch\n|move|p1a: Sunflora|Sludge Bomb|p2a: Magnezone\n|-immune|p2a: Magnezone\n|\n|upkeep\n|turn|7\n|inactive|Time left: 300 sec this turn | 300 sec total\n|\n|t:|1783546367\n|switch|p1a: Tsareena|Tsareena, L87, F|100/100\n|move|p2a: Magnezone|Flash Cannon|p1a: Tsareena\n|-damage|p1a: Tsareena|74/100\n|\n|upkeep\n|turn|8\n|inactive|Time left: 300 sec this turn | 300 sec total\n|\n|t:|1783546368\n|move|p1a: Tsareena|High Jump Kick|p2a: Magnezone\n|-supereffective|p2a: Magnezone\n|-damage|p2a: Magnezone|84/258\n|move|p2a: Magnezone|Thunderbolt|p1a: Tsareena\n|-resisted|p1a: Tsareena\n|-damage|p1a: Tsareena|60/100\n|\n|-heal|p2a: Magnezone|100/258|[from] item: Leftovers\n|upkeep\n|turn|9\n|inactive|Time left: 300 sec this turn | 300 sec total\n|\n|t:|1783546370\n|move|p1a: Tsareena|High Jump Kick|p2a: Magnezone\n|-supereffective|p2a: Magnezone\n|-damage|p2a: Magnezone|0 fnt\n|faint|p2a: Magnezone\n|\n|upkeep\n|inactive|Time left: 300 sec this turn | 300 sec total | 5 sec grace\n|\n|t:|1783546371\n|switch|p2a: Scovillain|Scovillain, L91, M|266/266\n|turn|10\n|inactive|Time left: 300 sec this turn | 300 sec total\n|\n|t:|1783546372\n|-terastallize|p1a: Tsareena|Fighting\n|move|p2a: Scovillain|Flamethrower|p1a: Tsareena\n|-damage|p1a: Tsareena|32/100\n|-status|p1a: Tsareena|brn\n|move|p1a: Tsareena|High Jump Kick|p2a: Scovillain\n|-damage|p2a: Scovillain|163/266\n|\n|-heal|p2a: Scovillain|179/266|[from] item: Leftovers\n|-damage|p1a: Tsareena|26/100 brn|[from] brn\n|upkeep\n|turn|11\n|inactive|Time left: 300 sec this turn | 300 sec total\n|\n|t:|1783546373\n|move|p2a: Scovillain|Flamethrower|p1a: Tsareena\n|-damage|p1a: Tsareena|0 fnt\n|faint|p1a: Tsareena\n|\n|-heal|p2a: Scovillain|195/266|[from] item: Leftovers\n|upkeep\n|\n|t:|1783546374\n|switch|p1a: Mewtwo|Mewtwo, L72|100/100\n|-ability|p1a: Mewtwo|Pressure\n|turn|12\n|inactive|Time left: 300 sec this turn | 300 sec total\n|\n|t:|1783546375\n|move|p1a: Mewtwo|Nasty Plot|p1a: Mewtwo\n|-boost|p1a: Mewtwo|spa|2\n|move|p2a: Scovillain|Flamethrower|p1a: Mewtwo\n|-damage|p1a: Mewtwo|49/100\n|\n|-heal|p2a: Scovillain|211/266|[from] item: Leftovers\n|upkeep\n|turn|13\n|inactive|Time left: 300 sec this turn | 300 sec total\n|\n|t:|1783546376\n|-terastallize|p2a: Scovillain|Steel\n|move|p1a: Mewtwo|Fire Blast|p2a: Scovillain\n|-supereffective|p2a: Scovillain\n|-damage|p2a: Scovillain|0 fnt\n|faint|p2a: Scovillain\n|-damage|p1a: Mewtwo|39/100|[from] item: Life Orb\n|\n|upkeep\n|inactive|Time left: 300 sec this turn | 300 sec total | 5 sec grace\n|\n|t:|1783546377\n|switch|p2a: Sceptile|Sceptile, L87, F|264/264\n|turn|14\n|inactive|Time left: 300 sec this turn | 300 sec total\n|\n|t:|1783546378\n|switch|p1a: Sunflora|Sunflora, M|90/100\n|move|p2a: Sceptile|Substitute|p2a: Sceptile\n|-start|p2a: Sceptile|Substitute\n|-damage|p2a: Sceptile|198/264\n|\n|-heal|p2a: Sceptile|214/264|[from] item: Leftovers\n|upkeep\n|turn|15\n|inactive|Time left: 300 sec this turn | 300 sec total\n|\n|t:|1783546378\n|move|p2a: Sceptile|Focus Blast|p1a: Sunflora\n|-damage|p1a: Sunflora|62/100\n|move|p1a: Sunflora|Sludge Bomb|p2a: Sceptile\n|-supereffective|p2a: Sceptile\n|-end|p2a: Sceptile|Substitute\n|\n|-heal|p2a: Sceptile|230/264|[from] item: Leftovers\n|upkeep\n|turn|16\n|inactive|Time left: 300 sec this turn | 300 sec total\n|\n|t:|1783546379\n|move|p2a: Sceptile|Substitute|p2a: Sceptile\n|-start|p2a: Sceptile|Substitute\n|-damage|p2a: Sceptile|164/264\n|move|p1a: Sunflora|Sludge Bomb|p2a: Sceptile\n|-supereffective|p2a: Sceptile\n|-end|p2a: Sceptile|Substitute\n|\n|-heal|p2a: Sceptile|180/264|[from] item: Leftovers\n|upkeep\n|turn|17\n|inactive|Time left: 300 sec this turn | 300 sec total\n|\n|t:|1783546380\n|move|p2a: Sceptile|Substitute|p2a: Sceptile\n|-start|p2a: Sceptile|Substitute\n|-damage|p2a: Sceptile|114/264\n|move|p1a: Sunflora|Sludge Bomb|p2a: Sceptile\n|-supereffective|p2a: Sceptile\n|-end|p2a: Sceptile|Substitute\n|\n|-heal|p2a: Sceptile|130/264|[from] item: Leftovers\n|upkeep\n|turn|18\n|inactive|Time left: 300 sec this turn | 300 sec total\n|\n|t:|1783546381\n|move|p2a: Sceptile|Substitute|p2a: Sceptile\n|-start|p2a: Sceptile|Substitute\n|-damage|p2a: Sceptile|64/264\n|move|p1a: Sunflora|Sludge Bomb|p2a: Sceptile\n|-supereffective|p2a: Sceptile\n|-end|p2a: Sceptile|Substitute\n|\n|-heal|p2a: Sceptile|80/264|[from] item: Leftovers\n|upkeep\n|turn|19\n|inactive|Time left: 300 sec this turn | 300 sec total\n|\n|t:|1783546382\n|move|p2a: Sceptile|Substitute|p2a: Sceptile\n|-start|p2a: Sceptile|Substitute\n|-damage|p2a: Sceptile|14/264\n|move|p1a: Sunflora|Sludge Bomb|p2a: Sceptile\n|-supereffective|p2a: Sceptile\n|-end|p2a: Sceptile|Substitute\n|\n|-heal|p2a: Sceptile|30/264|[from] item: Leftovers\n|upkeep\n|turn|20\n|inactive|Time left: 300 sec this turn | 300 sec total\n|\n|t:|1783546383\n|move|p2a: Sceptile|Focus Blast|p1a: Sunflora|[miss]\n|-miss|p2a: Sceptile|p1a: Sunflora\n|move|p1a: Sunflora|Sludge Bomb|p2a: Sceptile\n|-supereffective|p2a: Sceptile\n|-damage|p2a: Sceptile|0 fnt\n|faint|p2a: Sceptile\n|\n|upkeep\n|inactive|Time left: 300 sec this turn | 300 sec total | 5 sec grace\n|\n|t:|1783546384\n|switch|p2a: Lanturn|Lanturn, L89, F|367/367\n|turn|21\n|inactive|Time left: 300 sec this turn | 300 sec total\n|\n|t:|1783546385\n|move|p2a: Lanturn|Thunder Wave|p1a: Sunflora|[miss]\n|-miss|p2a: Lanturn|p1a: Sunflora\n|move|p1a: Sunflora|Sludge Bomb|p2a: Lanturn\n|-damage|p2a: Lanturn|220/367\n|-status|p2a: Lanturn|psn\n|\n|-damage|p2a: Lanturn|175/367 psn|[from] psn\n|upkeep\n|turn|22\n|inactive|Time left: 300 sec this turn | 300 sec total\n|\n|t:|1783546386\n|move|p2a: Lanturn|Thunder Wave|p1a: Sunflora\n|-status|p1a: Sunflora|par\n|move|p1a: Sunflora|Sludge Bomb|p2a: Lanturn\n|-damage|p2a: Lanturn|11/367 psn\n|\n|-damage|p2a: Lanturn|0 fnt|[from] psn\n|faint|p2a: Lanturn\n|\n|win|p0x624564b", "uploadtime": 1783546386, "views": 0, "rating": 0, "private": 0, "password": null, "_winner": "p0x624564b", "_our_name": "p0y62498b1"}