{"id": "battle-gen9randombattle-1155", "formatid": "gen9randombattle", "format": "[Gen 9] Random Battle", "players": ["p0x1155f4a9", "p0y1155a686"], "log": "|init|battle\n|title|p0x1155f4a9 vs. p0y1155a686\n|j|\u2606p0x1155f4a9\n|j|\u2606p0y1155a686\n|t:|1783553414\n|gametype|singles\n|player|p1|p0x1155f4a9|169|\n|player|p2|p0y1155a686|2|\n|gen|9\n|tier|[Gen 9] Random Battle\n|rule|Species Clause: Limit one of each Pok\u00e9mon\n|rule|HP Percentage Mod: HP is shown in percentages\n|rule|Sleep Clause Mod: Limit one foe put to sleep\n|rule|Illusion Level Mod: Illusion disguises the Pok\u00e9mon's true level\n|\n|t:|1783553414\n|teamsize|p1|6\n|teamsize|p2|6\n|start\n|switch|p1a: Bruxish|Bruxish, L85, M|254/254\n|switch|p2a: Bellibolt|Bellibolt, L84, M|100/100\n|turn|1\n|inactive|Battle timer is ON: inactive players will automatically lose when time's up. (requested by p0x1155f4a9)\n|inactive|p0y1155a686 also wants the timer to be on.\n|\n|t:|1783553415\n|move|p1a: Bruxish|Psychic Fangs|p2a: Bellibolt\n|-damage|p2a: Bellibolt|36/100\n|-start|p2a: Bellibolt|Charge|Psychic Fangs|[from] ability: Electromorphosis\n|move|p2a: Bellibolt|Thunderbolt|p1a: Bruxish\n|-supereffective|p1a: Bruxish\n|-damage|p1a: Bruxish|0 fnt\n|faint|p1a: Bruxish\n|-end|p2a: Bellibolt|Charge|[silent]\n|\n|-heal|p2a: Bellibolt|42/100|[from] item: Leftovers\n|upkeep\n|inactive|Time left: 300 sec this turn | 300 sec total | 65 sec grace\n|\n|t:|1783553416\n|switch|p1a: Ludicolo|Ludicolo, L90, F|290/290\n|turn|2\n|inactive|Time left: 300 sec this turn | 300 sec total\n|\n|t:|1783553417\n|move|p1a: Ludicolo|Hydro Pump|p2a: Bellibolt\n|-damage|p2a: Bellibolt|0 fnt\n|faint|p2a: Bellibolt\n|\n|upkeep\n|\n|t:|1783553418\n|switch|p2a: Serperior|Serperior, L79, M|100/100\n|turn|3\n|inactive|Time left: 300 sec this turn | 300 sec total\n|\n|t:|1783553419\n|move|p2a: Serperior|Leaf Storm|p1a: Ludicolo\n|-damage|p1a: Ludicolo|187/290\n|-boost|p2a: Serperior|spa|2\n|-damage|p2a: Serperior|91/100|[from] item: Life Orb\n|move|p1a: Ludicolo|Hydro Pump|p2a: Serperior\n|-resisted|p2a: Serperior\n|-damage|p2a: Serperior|49/100\n|\n|upkeep\n|turn|4\n|inactive|Time left: 300 sec this turn | 300 sec total\n|\n|t:|1783553421\n|switch|p1a: Clodsire|Clodsire, L81, F|343/343\n|move|p2a: Serperior|Leaf Storm|p1a: Clodsire\n|-crit|p1a: Clodsire\n|-damage|p1a: Clodsire|166/343\n|-boost|p2a: Serperior|spa|2\n|-damage|p2a: Serperior|40/100|[from] item: Life Orb\n|\n|-heal|p1a: Clodsire|187/343|[from] item: Leftovers\n|upkeep\n|turn|5\n|inactive|Time left: 300 sec this turn | 300 sec total\n|\n|t:|1783553422\n|move|p2a: Serperior|Leaf Storm|p1a: Clodsire\n|-damage|p1a: Clodsire|73/343\n|-boost|p2a: Serperior|spa|2\n|-damage|p2a: Serperior|30/100|[from] item: Life Orb\n|move|p1a: Clodsire|Gunk Shot|p2a: Serperior|[miss]\n|-miss|p1a: Clodsire|p2a: Serperior\n|\n|-heal|p1a: Clodsire|94/343|[from] item: Leftovers\n|upkeep\n|turn|6\n|inactive|Time left: 300 sec this turn | 300 sec total\n|\n|t:|1783553423\n|move|p2a: Serperior|Leaf Storm|p1a: Clodsire\n|-damage|p1a: Clodsire|0 fnt\n|faint|p1a: Clodsire\n|-damage|p2a: Serperior|20/100|[from] item: Life Orb\n|\n|upkeep\n|inactive|Time left: 300 sec this turn | 300 sec total | 5 sec grace\n|\n|t:|1783553424\n|switch|p1a: Indeedee|Indeedee, L84, M|238/238\n|-fieldstart|move: Psychic Terrain|[from] ability: Psychic Surge|[of] p1a: Indeedee\n|turn|7\n|inactive|Time left: 300 sec this turn | 300 sec total\n|\n|t:|1783553425\n|move|p1a: Indeedee|Expanding Force|p2a: Serperior\n|-damage|p2a: Serperior|0 fnt\n|faint|p2a: Serperior\n|\n|upkeep\n|\n|t:|1783553426\n|switch|p2a: Tyranitar|Tyranitar, L78, M|100/100\n|-weather|Sandstorm|[from] ability: Sand Stream|[of] p2a: Tyranitar\n|turn|8\n|inactive|Time left: 300 sec this turn | 300 sec total\n|\n|t:|1783553427\n|switch|p1a: Ludicolo|Ludicolo, L90, F|187/290\n|move|p2a: Tyranitar|Knock Off|p1a: Ludicolo\n|-damage|p1a: Ludicolo|69/290\n|-enditem|p1a: Ludicolo|Choice Specs|[from] move: Knock Off|[of] p2a: Tyranitar\n|\n|-weather|Sandstorm|[upkeep]\n|-damage|p1a: Ludicolo|51/290|[from] Sandstorm\n|upkeep\n|turn|9\n|inactive|Time left: 300 sec this turn | 300 sec total\n|\n|t:|1783553428\n|move|p1a: Ludicolo|Leaf Storm|p2a: Tyranitar\n|-supereffective|p2a: Tyranitar\n|-damage|p2a: Tyranitar|27/100\n|-unboost|p1a: Ludicolo|spa|2\n|move|p2a: Tyranitar|Stone Edge|p1a: Ludicolo\n|-crit|p1a: Ludicolo\n|-damage|p1a: Ludicolo|0 fnt\n|faint|p1a: Ludicolo\n|\n|-weather|Sandstorm|[upkeep]\n|-heal|p2a: Tyranitar|33/100|[from] item: Leftovers\n|upkeep\n|inactive|Time left: 300 sec this turn | 300 sec total | 5 sec grace\n|\n|t:|1783553429\n|switch|p1a: Dedenne|Dedenne, L88, F|261/261\n|turn|10\n|inactive|Time left: 300 sec this turn | 300 sec total\n|\n|t:|1783553430\n|switch|p2a: Rhyperior|Rhyperior, L82, F|100/100\n|move|p1a: Dedenne|Dazzling Gleam|p2a: Rhyperior\n|-damage|p2a: Rhyperior|78/100\n|\n|-weather|Sandstorm|[upkeep]\n|-damage|p1a: Dedenne|245/261|[from] Sandstorm\n|upkeep\n|turn|11\n|inactive|Time left: 300 sec this turn | 300 sec total\n|\n|t:|1783553431\n|move|p1a: Dedenne|Super Fang|p2a: Rhyperior\n|-damage|p2a: Rhyperior|39/100\n|move|p2a: Rhyperior|Stone Edge|p1a: Dedenne\n|-damage|p1a: Dedenne|0 fnt\n|faint|p1a: Dedenne\n|\n|-weather|Sandstorm|[upkeep]\n|-fieldend|move: Psychic Terrain\n|upkeep\n|inactive|Time left: 300 sec this turn | 300 sec total | 5 sec grace\n|\n|t:|1783553432\n|switch|p1a: Froslass|Froslass, L87, F|263/263\n|turn|12\n|inactive|Time left: 300 sec this turn | 300 sec total\n|\n|t:|1783553433\n|switch|p2a: Chimecho|Chimecho, L93, F|100/100\n|move|p1a: Froslass|Triple Axel|p2a: Chimecho\n|-damage|p2a: Chimecho|93/100\n|-damage|p2a: Chimecho|82/100\n|-damage|p2a: Chimecho|63/100\n|-hitcount|p2a: Chimecho|3\n|\n|-weather|none\n|-heal|p2a: Chimecho|69/100|[from] item: Leftovers\n|upkeep\n|turn|13\n|inactive|Time left: 300 sec this turn | 300 sec total\n|\n|t:|1783553434\n|switch|p2a: Tyranitar|Tyranitar, L78, M|33/100\n|-weather|Sandstorm|[from] ability: Sand Stream|[of] p2a: Tyranitar\n|move|p1a: Froslass|Poltergeist|p2a: Tyranitar\n|-activate|p2a: Tyranitar|move: Poltergeist|Leftovers\n|-resisted|p2a: Tyranitar\n|-damage|p2a: Tyranitar|15/100\n|\n|-weather|Sandstorm|[upkeep]\n|-damage|p1a: Froslass|247/263|[from] Sandstorm\n|-heal|p2a: Tyranitar|21/100|[from] item: Leftovers\n|upkeep\n|turn|14\n|inactive|Time left: 300 sec this turn | 300 sec total\n|\n|t:|1783553435\n|move|p1a: Froslass|Triple Axel|p2a: Tyranitar\n|-damage|p2a: Tyranitar|15/100\n|-damage|p2a: Tyranitar|2/100\n|-damage|p2a: Tyranitar|0 fnt\n|faint|p2a: Tyranitar\n|-hitcount|p2: Tyranitar|3\n|\n|-weather|Sandstorm|[upkeep]\n|-damage|p1a: Froslass|231/263|[from] Sandstorm\n|upkeep\n|\n|t:|1783553436\n|switch|p2a: Chimecho|Chimecho, L93, F|69/100\n|turn|15\n|inactive|Time left: 300 sec this turn | 300 sec total\n|\n|t:|1783553437\n|-terastallize|p2a: Chimecho|Steel\n|move|p1a: Froslass|Poltergeist|p2a: Chimecho\n|-activate|p2a: Chimecho|move: Poltergeist|Leftovers\n|-damage|p2a: Chimecho|34/100\n|move|p2a: Chimecho|Cosmic Power|p2a: Chimecho\n|-boost|p2a: Chimecho|def|1\n|-boost|p2a: Chimecho|spd|1\n|\n|-weather|Sandstorm|[upkeep]\n|-damage|p1a: Froslass|215/263|[from] Sandstorm\n|-heal|p2a: Chimecho|40/100|[from] item: Leftovers\n|upkeep\n|turn|16\n|inactive|Time left: 300 sec this turn | 300 sec total\n|\n|t:|1783553438\n|move|p1a: Froslass|Poltergeist|p2a: Chimecho\n|-activate|p2a: Chimecho|move: Poltergeist|Leftovers\n|-damage|p2a: Chimecho|14/100\n|move|p2a: Chimecho|Recover|p2a: Chimecho\n|-heal|p2a: Chimecho|64/100\n|\n|-weather|Sandstorm|[upkeep]\n|-damage|p1a: Froslass|199/263|[from] Sandstorm\n|-heal|p2a: Chimecho|70/100|[from] item: Leftovers\n|upkeep\n|turn|17\n|inactive|Time left: 300 sec this turn | 300 sec total\n|\n|t:|1783553440\n|move|p1a: Froslass|Spikes|p2a: Chimecho\n|-sidestart|p2: p0y1155a686|Spikes\n|move|p2a: Chimecho|Cosmic Power|p2a: Chimecho\n|-boost|p2a: Chimecho|def|1\n|-boost|p2a: Chimecho|spd|1\n|\n|-weather|none\n|-heal|p2a: Chimecho|76/100|[from] item: Leftovers\n|upkeep\n|turn|18\n|inactive|Time left: 300 sec this turn | 300 sec total\n|\n|t:|1783553441\n|move|p1a: Froslass|Spikes|p2a: Chimecho\n|-sidestart|p2: p0y1155a686|Spikes\n|move|p2a: Chimecho|Stored Power|p1a: Froslass\n|-damage|p1a: Froslass|49/263\n|\n|-heal|p2a: Chimecho|83/100|[from] item: Leftovers\n|upkeep\n|turn|19\n|inactive|Time left: 300 sec this turn | 300 sec total\n|\n|t:|1783553442\n|move|p1a: Froslass|Poltergeist|p2a: Chimecho\n|-activate|p2a: Chimecho|move: Poltergeist|Leftovers\n|-damage|p2a: Chimecho|63/100\n|move|p2a: Chimecho|Stored Power|p1a: Froslass\n|-damage|p1a: Froslass|0 fnt\n|faint|p1a: Froslass\n|\n|-heal|p2a: Chimecho|69/100|[from] item: Leftovers\n|upkeep\n|inactive|Time left: 300 sec this turn | 300 sec total | 5 sec grace\n|\n|t:|1783553443\n|switch|p1a: Indeedee|Indeedee, L84, M|238/238\n|-fieldstart|move: Psychic Terrain|[from] ability: Psychic Surge|[of] p1a: Indeedee\n|turn|20\n|inactive|Time left: 300 sec this turn | 300 sec total\n|\n|t:|1783553444\n|move|p1a: Indeedee|Expanding Force|p2a: Chimecho\n|-resisted|p2a: Chimecho\n|-damage|p2a: Chimecho|56/100\n|move|p2a: Chimecho|Dazzling Gleam|p1a: Indeedee\n|-damage|p1a: Indeedee|175/238\n|\n|-heal|p2a: Chimecho|63/100|[from] item: Leftovers\n|upkeep\n|turn|21\n|inactive|Time left: 300 sec this turn | 300 sec total\n|\n|t:|1783553446\n|-terastallize|p1a: Indeedee|Psychic\n|move|p1a: Indeedee|Expanding Force|p2a: Chimecho\n|-resisted|p2a: Chimecho\n|-damage|p2a: Chimecho|46/100\n|move|p2a: Chimecho|Dazzling Gleam|p1a: Indeedee\n|-crit|p1a: Indeedee\n|-damage|p1a: Indeedee|81/238\n|\n|-heal|p2a: Chimecho|52/100|[from] item: Leftovers\n|upkeep\n|turn|22\n|inactive|Time left: 300 sec this turn | 300 sec total\n|\n|t:|1783553447\n|move|p1a: Indeedee|Expanding Force|p2a: Chimecho\n|-resisted|p2a: Chimecho\n|-damage|p2a: Chimecho|34/100\n|move|p2a: Chimecho|Dazzling Gleam|p1a: Indeedee\n|-damage|p1a: Indeedee|10/238\n|\n|-heal|p2a: Chimecho|40/100|[from] item: Leftovers\n|upkeep\n|turn|23\n|inactive|Time left: 300 sec this turn | 300 sec total\n|\n|t:|1783553448\n|switch|p2a: Rhyperior|Rhyperior, L82, F|39/100\n|-damage|p2a: Rhyperior|23/100|[from] Spikes\n|move|p1a: Indeedee|Expanding Force|p2a: Rhyperior\n|-damage|p2a: Rhyperior|0 fnt\n|faint|p2a: Rhyperior\n|\n|upkeep\n|\n|t:|1783553449\n|switch|p2a: Great Tusk|Great Tusk, L77|100/100\n|-damage|p2a: Great Tusk|84/100|[from] Spikes\n|turn|24\n|inactive|Time left: 300 sec this turn | 300 sec total\n|\n|t:|1783553450\n|move|p1a: Indeedee|Expanding Force|p2a: Great Tusk\n|-supereffective|p2a: Great Tusk\n|-damage|p2a: Great Tusk|0 fnt\n|faint|p2a: Great Tusk\n|-end|p2a: Great Tusk|Protosynthesis|[silent]\n|\n|-fieldend|move: Psychic Terrain\n|upkeep\n|\n|t:|1783553451\n|switch|p2a: Chimecho|Chimecho, L93, F, tera:Steel|40/100\n|turn|25\n|inactive|Time left: 300 sec this turn | 300 sec total\n|\n|t:|1783553452\n|move|p1a: Indeedee|Expanding Force|p2a: Chimecho\n|-resisted|p2a: Chimecho\n|-damage|p2a: Chimecho|22/100\n|move|p2a: Chimecho|Dazzling Gleam|p1a: Indeedee\n|-crit|p1a: Indeedee\n|-damage|p1a: Indeedee|0 fnt\n|faint|p1a: Indeedee\n|\n|win|p0y1155a686", "uploadtime": 1783553452, "views": 0, "rating": 0, "private": 0, "password": null, "_winner": "p0y1155a686", "_our_name": "p0x1155f4a9"}