{"id": "battle-gen9randombattle-2424", "formatid": "gen9randombattle", "format": "[Gen 9] Random Battle", "players": ["p0x2424b818", "p0y24241a51"], "log": "|init|battle\n|title|p0x2424b818 vs. p0y24241a51\n|j|\u2606p0x2424b818\n|j|\u2606p0y24241a51\n|t:|1783567118\n|gametype|singles\n|player|p1|p0x2424b818|102|\n|player|p2|p0y24241a51|169|\n|gen|9\n|tier|[Gen 9] Random Battle\n|rule|Species Clause: Limit one of each Pok\u00e9mon\n|rule|HP Percentage Mod: HP is shown in percentages\n|rule|Sleep Clause Mod: Limit one foe put to sleep\n|rule|Illusion Level Mod: Illusion disguises the Pok\u00e9mon's true level\n|\n|t:|1783567118\n|teamsize|p1|6\n|teamsize|p2|6\n|start\n|switch|p1a: Toucannon|Toucannon, L88, F|100/100\n|switch|p2a: Forretress|Forretress, L84, F|263/263\n|turn|1\n|inactive|Battle timer is ON: inactive players will automatically lose when time's up. (requested by p0y24241a51)\n|inactive|p0x2424b818 also wants the timer to be on.\n|\n|t:|1783567119\n|move|p1a: Toucannon|Knock Off|p2a: Forretress\n|-damage|p2a: Forretress|198/263\n|-enditem|p2a: Forretress|Leftovers|[from] move: Knock Off|[of] p1a: Toucannon\n|move|p2a: Forretress|Rapid Spin|p1a: Toucannon\n|-damage|p1a: Toucannon|86/100\n|-boost|p2a: Forretress|spe|1\n|\n|upkeep\n|turn|2\n|inactive|Time left: 300 sec this turn | 300 sec total\n|\n|t:|1783567121\n|-singleturn|p1a: Toucannon|move: Beak Blast\n|move|p2a: Forretress|Stealth Rock|p1a: Toucannon\n|-sidestart|p1: p0x2424b818|move: Stealth Rock\n|move|p1a: Toucannon|Beak Blast|p2a: Forretress\n|-damage|p2a: Forretress|104/263\n|\n|upkeep\n|turn|3\n|inactive|Time left: 300 sec this turn | 300 sec total\n|\n|t:|1783567122\n|-singleturn|p1a: Toucannon|move: Beak Blast\n|move|p2a: Forretress|Iron Head|p1a: Toucannon\n|-damage|p1a: Toucannon|58/100\n|-status|p2a: Forretress|brn\n|cant|p1a: Toucannon|flinch\n|\n|-damage|p2a: Forretress|88/263 brn|[from] brn\n|upkeep\n|turn|4\n|inactive|Time left: 300 sec this turn | 300 sec total\n|\n|t:|1783567123\n|move|p2a: Forretress|Toxic Spikes|p1a: Toucannon\n|-sidestart|p1: p0x2424b818|move: Toxic Spikes\n|move|p1a: Toucannon|Roost|p1a: Toucannon\n|-heal|p1a: Toucannon|100/100\n|-singleturn|p1a: Toucannon|move: Roost\n|\n|-damage|p2a: Forretress|72/263 brn|[from] brn\n|upkeep\n|turn|5\n|inactive|Time left: 300 sec this turn | 300 sec total\n|\n|t:|1783567124\n|-singleturn|p1a: Toucannon|move: Beak Blast\n|move|p2a: Forretress|Iron Head|p1a: Toucannon\n|-damage|p1a: Toucannon|86/100\n|move|p1a: Toucannon|Beak Blast|p2a: Forretress\n|-damage|p2a: Forretress|0 fnt\n|faint|p2a: Forretress\n|\n|upkeep\n|inactive|Time left: 300 sec this turn | 300 sec total | 5 sec grace\n|\n|t:|1783567125\n|switch|p2a: Slowbro|Slowbro-Galar, L87, M|307/307\n|turn|6\n|inactive|Time left: 300 sec this turn | 300 sec total\n|\n|t:|1783567126\n|move|p1a: Toucannon|Knock Off|p2a: Slowbro\n|-supereffective|p2a: Slowbro\n|-damage|p2a: Slowbro|151/307\n|-enditem|p2a: Slowbro|Leftovers|[from] move: Knock Off|[of] p1a: Toucannon\n|move|p2a: Slowbro|Shell Side Arm|p1a: Toucannon|[anim] Shell Side Arm Physical\n|-damage|p1a: Toucannon|48/100\n|-hint|Physical Shell Side Arm\n|\n|upkeep\n|turn|7\n|inactive|Time left: 300 sec this turn | 300 sec total\n|\n|t:|1783567127\n|move|p1a: Toucannon|Boomburst|p2a: Slowbro\n|-damage|p2a: Slowbro|0 fnt\n|faint|p2a: Slowbro\n|\n|upkeep\n|inactive|Time left: 300 sec this turn | 300 sec total | 5 sec grace\n|\n|t:|1783567128\n|switch|p2a: Scyther|Scyther, L82, M|249/249\n|turn|8\n|inactive|Time left: 300 sec this turn | 300 sec total\n|\n|t:|1783567129\n|-terastallize|p1a: Toucannon|Steel\n|-singleturn|p1a: Toucannon|move: Beak Blast\n|move|p2a: Scyther|Dual Wingbeat|p1a: Toucannon\n|-resisted|p1a: Toucannon\n|-damage|p1a: Toucannon|35/100\n|-status|p2a: Scyther|brn\n|-resisted|p1a: Toucannon\n|-damage|p1a: Toucannon|29/100\n|-hitcount|p1a: Toucannon|2\n|move|p1a: Toucannon|Beak Blast|p2a: Scyther\n|-supereffective|p2a: Scyther\n|-damage|p2a: Scyther|0 fnt\n|faint|p2a: Scyther\n|\n|upkeep\n|inactive|Time left: 300 sec this turn | 300 sec total | 5 sec grace\n|\n|t:|1783567130\n|switch|p2a: Keldeo|Keldeo-Resolute, L79|273/273\n|turn|9\n|inactive|Time left: 300 sec this turn | 300 sec total\n|\n|t:|1783567131\n|-singleturn|p1a: Toucannon|move: Beak Blast\n|move|p2a: Keldeo|Surf|p1a: Toucannon\n|-damage|p1a: Toucannon|0 fnt\n|faint|p1a: Toucannon\n|\n|upkeep\n|\n|t:|1783567132\n|switch|p1a: Slither Wing|Slither Wing, L81|100/100\n|-damage|p1a: Slither Wing|88/100|[from] Stealth Rock\n|-status|p1a: Slither Wing|psn\n|-enditem|p1a: Slither Wing|Booster Energy\n|-activate|p1a: Slither Wing|ability: Protosynthesis|[fromitem]\n|-start|p1a: Slither Wing|protosynthesisatk\n|turn|10\n|inactive|Time left: 300 sec this turn | 300 sec total\n|\n|t:|1783567133\n|move|p2a: Keldeo|Surf|p1a: Slither Wing\n|-damage|p1a: Slither Wing|53/100 psn\n|move|p1a: Slither Wing|Acrobatics|p2a: Keldeo\n|-supereffective|p2a: Keldeo\n|-damage|p2a: Keldeo|19/273\n|\n|-heal|p2a: Keldeo|36/273|[from] item: Leftovers\n|-damage|p1a: Slither Wing|41/100 psn|[from] psn\n|upkeep\n|turn|11\n|inactive|Time left: 300 sec this turn | 300 sec total\n|\n|t:|1783567134\n|move|p2a: Keldeo|Surf|p1a: Slither Wing\n|-damage|p1a: Slither Wing|5/100 psn\n|move|p1a: Slither Wing|Acrobatics|p2a: Keldeo\n|-supereffective|p2a: Keldeo\n|-damage|p2a: Keldeo|0 fnt\n|faint|p2a: Keldeo\n|\n|-damage|p1a: Slither Wing|0 fnt|[from] psn\n|faint|p1a: Slither Wing\n|-end|p1a: Slither Wing|Protosynthesis|[silent]\n|upkeep\n|inactive|Time left: 300 sec this turn | 300 sec total | 5 sec grace\n|\n|t:|1783567136\n|switch|p2a: Gogoat|Gogoat, L88, M|360/360\n|switch|p1a: Annihilape|Annihilape, L76, F|100/100\n|-damage|p1a: Annihilape|94/100|[from] Stealth Rock\n|-status|p1a: Annihilape|psn\n|turn|12\n|inactive|Time left: 300 sec this turn | 300 sec total\n|\n|t:|1783567137\n|move|p1a: Annihilape|Bulk Up|p1a: Annihilape\n|-boost|p1a: Annihilape|atk|1\n|-boost|p1a: Annihilape|def|1\n|move|p2a: Gogoat|Bulk Up|p2a: Gogoat\n|-boost|p2a: Gogoat|atk|1\n|-boost|p2a: Gogoat|def|1\n|\n|-heal|p1a: Annihilape|100/100 psn|[from] item: Leftovers\n|-damage|p1a: Annihilape|88/100 psn|[from] psn\n|upkeep\n|turn|13\n|inactive|Time left: 300 sec this turn | 300 sec total\n|\n|t:|1783567138\n|-terastallize|p2a: Gogoat|Ground\n|move|p1a: Annihilape|Bulk Up|p1a: Annihilape\n|-boost|p1a: Annihilape|atk|1\n|-boost|p1a: Annihilape|def|1\n|move|p2a: Gogoat|Earthquake|p1a: Annihilape\n|-damage|p1a: Annihilape|50/100 psn\n|\n|-heal|p1a: Annihilape|56/100 psn|[from] item: Leftovers\n|-damage|p1a: Annihilape|44/100 psn|[from] psn\n|upkeep\n|turn|14\n|inactive|Time left: 300 sec this turn | 300 sec total\n|\n|t:|1783567139\n|move|p1a: Annihilape|Drain Punch|p2a: Gogoat\n|-crit|p2a: Gogoat\n|-damage|p2a: Gogoat|93/360\n|-heal|p1a: Annihilape|90/100 psn|[from] drain|[of] p2a: Gogoat\n|move|p2a: Gogoat|Earthquake|p1a: Annihilape\n|-damage|p1a: Annihilape|55/100 psn\n|\n|-heal|p1a: Annihilape|61/100 psn|[from] item: Leftovers\n|-heal|p2a: Gogoat|115/360|[from] item: Leftovers\n|-damage|p1a: Annihilape|49/100 psn|[from] psn\n|upkeep\n|turn|15\n|inactive|Time left: 300 sec this turn | 300 sec total\n|\n|t:|1783567140\n|switch|p2a: Toxapex|Toxapex, L82, F|216/216\n|move|p1a: Annihilape|Drain Punch|p2a: Toxapex\n|-resisted|p2a: Toxapex\n|-damage|p2a: Toxapex|162/216\n|-heal|p1a: Annihilape|58/100 psn|[from] drain|[of] p2a: Toxapex\n|-damage|p1a: Annihilape|42/100 psn|[from] item: Rocky Helmet|[of] p2a: Toxapex\n|\n|-heal|p1a: Annihilape|48/100 psn|[from] item: Leftovers\n|-damage|p1a: Annihilape|35/100 psn|[from] psn\n|upkeep\n|turn|16\n|inactive|Time left: 300 sec this turn | 300 sec total\n|\n|t:|1783567141\n|switch|p1a: Espeon|Espeon, L84, M|100/100\n|-damage|p1a: Espeon|88/100|[from] Stealth Rock\n|-status|p1a: Espeon|psn\n|move|p2a: Toxapex|Recover|p2a: Toxapex\n|-heal|p2a: Toxapex|216/216\n|\n|-damage|p1a: Espeon|76/100 psn|[from] psn\n|upkeep\n|turn|17\n|inactive|Time left: 300 sec this turn | 300 sec total\n|\n|t:|1783567142\n|move|p1a: Espeon|Psyshock|p2a: Toxapex\n|-supereffective|p2a: Toxapex\n|-damage|p2a: Toxapex|10/216\n|move|p2a: Toxapex|Liquidation|p1a: Espeon\n|-damage|p1a: Espeon|44/100 psn\n|\n|-damage|p1a: Espeon|32/100 psn|[from] psn\n|upkeep\n|turn|18\n|inactive|Time left: 300 sec this turn | 300 sec total\n|\n|t:|1783567142\n|switch|p2a: Gogoat|Gogoat, L88, M, tera:Ground|115/360\n|move|p1a: Espeon|Psyshock|p2a: Gogoat\n|-damage|p2a: Gogoat|0 fnt\n|faint|p2a: Gogoat\n|\n|-damage|p1a: Espeon|20/100 psn|[from] psn\n|upkeep\n|inactive|Time left: 300 sec this turn | 300 sec total | 5 sec grace\n|\n|t:|1783567143\n|switch|p2a: Toxapex|Toxapex, L82, F|82/216\n|turn|19\n|inactive|Time left: 300 sec this turn | 300 sec total\n|\n|t:|1783567144\n|move|p1a: Espeon|Psyshock|p2a: Toxapex\n|-supereffective|p2a: Toxapex\n|-damage|p2a: Toxapex|0 fnt\n|faint|p2a: Toxapex\n|\n|win|p0x2424b818", "uploadtime": 1783567144, "views": 0, "rating": 0, "private": 0, "password": null, "_winner": "p0x2424b818", "_our_name": "p0y24241a51"}