{"id": "battle-gen9randombattle-935", "formatid": "gen9randombattle", "format": "[Gen 9] Random Battle", "players": ["p0x935c284", "p0y935f336"], "log": "|init|battle\n|title|p0x935c284 vs. p0y935f336\n|j|\u2606p0x935c284\n|j|\u2606p0y935f336\n|t:|1783549994\n|gametype|singles\n|player|p1|p0x935c284|265|\n|player|p2|p0y935f336|265|\n|gen|9\n|tier|[Gen 9] Random Battle\n|rule|Species Clause: Limit one of each Pok\u00e9mon\n|rule|HP Percentage Mod: HP is shown in percentages\n|rule|Sleep Clause Mod: Limit one foe put to sleep\n|rule|Illusion Level Mod: Illusion disguises the Pok\u00e9mon's true level\n|\n|t:|1783549994\n|teamsize|p1|6\n|teamsize|p2|6\n|start\n|switch|p1a: Vileplume|Vileplume, L85, M|266/266\n|switch|p2a: Hawlucha|Hawlucha, L80, M|100/100\n|turn|1\n|inactive|Battle timer is ON: inactive players will automatically lose when time's up. (requested by p0y935f336)\n|inactive|Time left: 300 sec this turn | 300 sec total | 60 sec grace\n|inactive|p0x935c284 also wants the timer to be on.\n|\n|t:|1783549995\n|move|p2a: Hawlucha|Swords Dance|p2a: Hawlucha\n|-boost|p2a: Hawlucha|atk|2\n|move|p1a: Vileplume|Sludge Bomb|p2a: Hawlucha\n|-damage|p2a: Hawlucha|40/100\n|-status|p2a: Hawlucha|psn\n|\n|-damage|p2a: Hawlucha|27/100 psn|[from] psn\n|upkeep\n|turn|2\n|inactive|Time left: 300 sec this turn | 300 sec total\n|\n|t:|1783549997\n|move|p2a: Hawlucha|Acrobatics|p1a: Vileplume\n|-supereffective|p1a: Vileplume\n|-damage|p1a: Vileplume|74/266\n|move|p1a: Vileplume|Giga Drain|p2a: Hawlucha\n|-resisted|p2a: Hawlucha\n|-crit|p2a: Hawlucha\n|-damage|p2a: Hawlucha|0 fnt\n|-heal|p1a: Vileplume|108/266|[from] drain|[of] p2a: Hawlucha\n|faint|p2a: Hawlucha\n|\n|-heal|p1a: Vileplume|124/266|[from] item: Leftovers\n|upkeep\n|\n|t:|1783549997\n|switch|p2a: Meowstic|Meowstic, L89, M|100/100\n|turn|3\n|inactive|Time left: 300 sec this turn | 300 sec total\n|\n|t:|1783549999\n|switch|p1a: Grumpig|Grumpig, L92, F|297/297\n|move|p2a: Meowstic|Psychic Noise|p1a: Grumpig\n|-resisted|p1a: Grumpig\n|-damage|p1a: Grumpig|267/297\n|-start|p1a: Grumpig|move: Heal Block\n|\n|upkeep\n|turn|4\n|inactive|Time left: 300 sec this turn | 300 sec total\n|\n|t:|1783550000\n|move|p2a: Meowstic|Light Screen|p2a: Meowstic\n|-sidestart|p2: p0y935f336|move: Light Screen\n|move|p1a: Grumpig|Nasty Plot|p1a: Grumpig\n|-boost|p1a: Grumpig|spa|2\n|\n|-end|p1a: Grumpig|move: Heal Block\n|upkeep\n|turn|5\n|inactive|Time left: 300 sec this turn | 300 sec total\n|\n|t:|1783550001\n|move|p2a: Meowstic|Reflect|p2a: Meowstic\n|-sidestart|p2: p0y935f336|Reflect\n|move|p1a: Grumpig|Shadow Ball|p2a: Meowstic\n|-supereffective|p2a: Meowstic\n|-damage|p2a: Meowstic|57/100\n|-unboost|p2a: Meowstic|spd|1\n|\n|-heal|p1a: Grumpig|285/297|[from] item: Leftovers\n|upkeep\n|turn|6\n|inactive|Time left: 300 sec this turn | 300 sec total\n|\n|t:|1783550002\n|switch|p2a: Scizor|Scizor, L79, F|100/100\n|move|p1a: Grumpig|Psychic|p2a: Scizor\n|-resisted|p2a: Scizor\n|-damage|p2a: Scizor|78/100\n|\n|-heal|p1a: Grumpig|297/297|[from] item: Leftovers\n|upkeep\n|turn|7\n|inactive|Time left: 300 sec this turn | 300 sec total\n|\n|t:|1783550003\n|-terastallize|p1a: Grumpig|Fighting\n|move|p1a: Grumpig|Focus Blast|p2a: Scizor\n|-damage|p2a: Scizor|13/100\n|move|p2a: Scizor|Bug Bite|p1a: Grumpig\n|-resisted|p1a: Grumpig\n|-damage|p1a: Grumpig|216/297\n|-damage|p2a: Scizor|3/100|[from] item: Life Orb\n|\n|-heal|p1a: Grumpig|234/297|[from] item: Leftovers\n|upkeep\n|turn|8\n|inactive|Time left: 300 sec this turn | 300 sec total\n|\n|t:|1783550004\n|move|p2a: Scizor|Bullet Punch|p1a: Grumpig\n|-damage|p1a: Grumpig|131/297\n|-damage|p2a: Scizor|0 fnt|[from] item: Life Orb\n|faint|p2a: Scizor\n|move|p1a: Grumpig|Shadow Ball|p2: Scizor|[notarget]\n|-fail|p1a: Grumpig\n|\n|-heal|p1a: Grumpig|149/297|[from] item: Leftovers\n|upkeep\n|\n|t:|1783550005\n|switch|p2a: Sneasler|Sneasler, L74, M|100/100\n|turn|9\n|inactive|Time left: 300 sec this turn | 300 sec total\n|\n|t:|1783550006\n|move|p2a: Sneasler|Close Combat|p1a: Grumpig\n|-damage|p1a: Grumpig|0 fnt\n|-unboost|p2a: Sneasler|def|1\n|-unboost|p2a: Sneasler|spd|1\n|faint|p1a: Grumpig\n|\n|upkeep\n|inactive|Time left: 300 sec this turn | 300 sec total | 5 sec grace\n|\n|t:|1783550007\n|switch|p1a: Ho-Oh|Ho-Oh, L71|268/268\n|turn|10\n|inactive|Time left: 300 sec this turn | 300 sec total\n|\n|t:|1783550008\n|switch|p2a: Magnezone|Magnezone, L85|100/100\n|move|p1a: Ho-Oh|Sacred Fire|p2a: Magnezone\n|-supereffective|p2a: Magnezone\n|-damage|p2a: Magnezone|70/100\n|\n|upkeep\n|turn|11\n|inactive|Time left: 300 sec this turn | 300 sec total\n|\n|t:|1783550010\n|move|p1a: Ho-Oh|Sacred Fire|p2a: Magnezone\n|-supereffective|p2a: Magnezone\n|-damage|p2a: Magnezone|40/100\n|move|p2a: Magnezone|Thunderbolt|p1a: Ho-Oh\n|-supereffective|p1a: Ho-Oh\n|-damage|p1a: Ho-Oh|14/268\n|\n|-sideend|p2: p0y935f336|move: Light Screen\n|upkeep\n|turn|12\n|inactive|Time left: 300 sec this turn | 300 sec total\n|\n|t:|1783550011\n|move|p1a: Ho-Oh|Earthquake|p2a: Magnezone\n|-supereffective|p2a: Magnezone\n|-damage|p2a: Magnezone|0 fnt\n|faint|p2a: Magnezone\n|\n|-sideend|p2: p0y935f336|Reflect\n|upkeep\n|\n|t:|1783550012\n|switch|p2a: Sneasler|Sneasler, L74, M|100/100\n|turn|13\n|inactive|Time left: 300 sec this turn | 300 sec total\n|\n|t:|1783550013\n|switch|p1a: Dusknoir|Dusknoir, L89, M|225/225\n|-item|p2a: Sneasler|Choice Band|[from] ability: Frisk|[of] p1a: Dusknoir\n|move|p2a: Sneasler|Dire Claw|p1a: Dusknoir\n|-resisted|p1a: Dusknoir\n|-damage|p1a: Dusknoir|184/225\n|\n|-heal|p1a: Dusknoir|198/225|[from] item: Leftovers\n|upkeep\n|turn|14\n|inactive|Time left: 300 sec this turn | 300 sec total\n|\n|t:|1783550013\n|move|p2a: Sneasler|Dire Claw|p1a: Dusknoir\n|-resisted|p1a: Dusknoir\n|-damage|p1a: Dusknoir|155/225\n|move|p1a: Dusknoir|Poltergeist|p2a: Sneasler\n|-activate|p2a: Sneasler|move: Poltergeist|Choice Band\n|-damage|p2a: Sneasler|13/100\n|\n|-heal|p1a: Dusknoir|169/225|[from] item: Leftovers\n|upkeep\n|turn|15\n|inactive|Time left: 300 sec this turn | 300 sec total\n|\n|t:|1783550015\n|switch|p1a: Scizor|Scizor, L79, M|240/240\n|move|p2a: Sneasler|Dire Claw|p1a: Scizor\n|-immune|p1a: Scizor\n|\n|upkeep\n|turn|16\n|inactive|Time left: 300 sec this turn | 300 sec total\n|\n|t:|1783550016\n|move|p2a: Sneasler|Dire Claw|p1a: Scizor\n|-immune|p1a: Scizor\n|move|p1a: Scizor|Swords Dance|p1a: Scizor\n|-boost|p1a: Scizor|atk|2\n|\n|upkeep\n|turn|17\n|inactive|Time left: 300 sec this turn | 300 sec total\n|\n|t:|1783550017\n|move|p1a: Scizor|Bullet Punch|p2a: Sneasler\n|-damage|p2a: Sneasler|0 fnt\n|faint|p2a: Sneasler\n|-damage|p1a: Scizor|216/240|[from] item: Life Orb\n|\n|upkeep\n|\n|t:|1783550017\n|switch|p2a: Meowstic|Meowstic, L89, M|57/100\n|turn|18\n|inactive|Time left: 300 sec this turn | 300 sec total\n|\n|t:|1783550018\n|move|p2a: Meowstic|Reflect|p2a: Meowstic\n|-sidestart|p2: p0y935f336|Reflect\n|move|p1a: Scizor|Bullet Punch|p2a: Meowstic\n|-damage|p2a: Meowstic|23/100\n|-damage|p1a: Scizor|192/240|[from] item: Life Orb\n|\n|upkeep\n|turn|19\n|inactive|Time left: 300 sec this turn | 300 sec total\n|\n|t:|1783550019\n|move|p2a: Meowstic|Yawn|p1a: Scizor\n|-start|p1a: Scizor|move: Yawn|[of] p2a: Meowstic\n|move|p1a: Scizor|Bullet Punch|p2a: Meowstic\n|-damage|p2a: Meowstic|0 fnt\n|faint|p2a: Meowstic\n|-damage|p1a: Scizor|168/240|[from] item: Life Orb\n|\n|upkeep\n|\n|t:|1783550020\n|switch|p2a: Smeargle|Smeargle, L95, F|100/100\n|turn|20\n|inactive|Time left: 300 sec this turn | 300 sec total\n|\n|t:|1783550021\n|move|p2a: Smeargle|Spore|p1a: Scizor\n|-status|p1a: Scizor|slp|[from] move: Spore\n|cant|p1a: Scizor|slp\n|\n|-end|p1a: Scizor|move: Yawn|[silent]\n|upkeep\n|turn|21\n|inactive|Time left: 300 sec this turn | 300 sec total\n|\n|t:|1783550022\n|-terastallize|p2a: Smeargle|Normal\n|move|p2a: Smeargle|Shell Smash|p2a: Smeargle\n|-unboost|p2a: Smeargle|def|1\n|-unboost|p2a: Smeargle|spd|1\n|-boost|p2a: Smeargle|atk|2\n|-boost|p2a: Smeargle|spa|2\n|-boost|p2a: Smeargle|spe|2\n|cant|p1a: Scizor|slp\n|\n|upkeep\n|turn|22\n|inactive|Time left: 300 sec this turn | 300 sec total\n|\n|t:|1783550023\n|switch|p1a: Dusknoir|Dusknoir, L89, M|169/225\n|-item|p2a: Smeargle|Wide Lens|[from] ability: Frisk|[of] p1a: Dusknoir\n|move|p2a: Smeargle|Population Bomb|p1a: Dusknoir\n|-immune|p1a: Dusknoir\n|\n|-heal|p1a: Dusknoir|183/225|[from] item: Leftovers\n|upkeep\n|turn|23\n|inactive|Time left: 300 sec this turn | 300 sec total\n|\n|t:|1783550025\n|move|p2a: Smeargle|Power Trip|p1a: Dusknoir\n|-supereffective|p1a: Dusknoir\n|-damage|p1a: Dusknoir|55/225\n|move|p1a: Dusknoir|Pain Split|p2a: Smeargle\n|-sethp|p2a: Smeargle|61/100|[from] move: Pain Split|[silent]\n|-sethp|p1a: Dusknoir|156/225|[from] move: Pain Split\n|\n|-heal|p1a: Dusknoir|170/225|[from] item: Leftovers\n|upkeep\n|turn|24\n|inactive|Time left: 300 sec this turn | 300 sec total\n|\n|t:|1783550026\n|switch|p1a: Vileplume|Vileplume, L85, M|124/266\n|move|p2a: Smeargle|Power Trip|p1a: Vileplume\n|-damage|p1a: Vileplume|23/266\n|-status|p2a: Smeargle|slp|[from] ability: Effect Spore|[of] p1a: Vileplume\n|\n|-heal|p1a: Vileplume|39/266|[from] item: Leftovers\n|upkeep\n|turn|25\n|inactive|Time left: 300 sec this turn | 300 sec total\n|\n|t:|1783550027\n|cant|p2a: Smeargle|slp\n|move|p1a: Vileplume|Giga Drain|p2a: Smeargle\n|-damage|p2a: Smeargle|0 fnt\n|-heal|p1a: Vileplume|117/266|[from] drain|[of] p2a: Smeargle\n|faint|p2a: Smeargle\n|\n|win|p0x935c284", "uploadtime": 1783550027, "views": 0, "rating": 0, "private": 0, "password": null, "_winner": "p0x935c284", "_our_name": "p0x935c284"}