{"id": "battle-gen9randombattle-639", "formatid": "gen9randombattle", "format": "[Gen 9] Random Battle", "players": ["p0x6400594", "p0y640a7ea"], "log": "|init|battle\n|title|p0x6400594 vs. p0y640a7ea\n|j|\u2606p0x6400594\n|j|\u2606p0y640a7ea\n|t:|1783546536\n|gametype|singles\n|player|p1|p0x6400594|2|\n|player|p2|p0y640a7ea|1|\n|gen|9\n|tier|[Gen 9] Random Battle\n|rule|Species Clause: Limit one of each Pok\u00e9mon\n|rule|HP Percentage Mod: HP is shown in percentages\n|rule|Sleep Clause Mod: Limit one foe put to sleep\n|rule|Illusion Level Mod: Illusion disguises the Pok\u00e9mon's true level\n|\n|t:|1783546536\n|teamsize|p1|6\n|teamsize|p2|6\n|start\n|switch|p1a: Minior|Minior-Yellow, L79|100/100\n|switch|p2a: Iron Crown|Iron Crown, L78|268/268\n|-formechange|p1a: Minior|Minior-Meteor||[from] ability: Shields Down\n|turn|1\n|inactive|Battle timer is ON: inactive players will automatically lose when time's up. (requested by p0y640a7ea)\n|inactive|p0x6400594 also wants the timer to be on.\n|\n|t:|1783546537\n|move|p2a: Iron Crown|Tachyon Cutter|p1a: Minior\n|-supereffective|p1a: Minior\n|-damage|p1a: Minior|31/100\n|-supereffective|p1a: Minior\n|-damage|p1a: Minior|0 fnt\n|faint|p1a: Minior\n|-hitcount|p1: Minior|2\n|\n|upkeep\n|\n|t:|1783546538\n|switch|p1a: Mabosstiff|Mabosstiff, L86, M|100/100\n|turn|2\n|inactive|Time left: 300 sec this turn | 300 sec total\n|\n|t:|1783546539\n|-terastallize|p2a: Iron Crown|Steel\n|move|p2a: Iron Crown|Tachyon Cutter|p1a: Mabosstiff\n|-damage|p1a: Mabosstiff|54/100\n|-damage|p1a: Mabosstiff|8/100\n|-hitcount|p1a: Mabosstiff|2\n|move|p1a: Mabosstiff|Crunch|p2a: Iron Crown\n|-damage|p2a: Iron Crown|117/268\n|\n|upkeep\n|turn|3\n|inactive|Time left: 300 sec this turn | 300 sec total\n|\n|t:|1783546540\n|move|p2a: Iron Crown|Tachyon Cutter|p1a: Mabosstiff\n|-damage|p1a: Mabosstiff|0 fnt\n|faint|p1a: Mabosstiff\n|-hitcount|p1: Mabosstiff|1\n|\n|upkeep\n|\n|t:|1783546541\n|switch|p1a: Sawsbuck|Sawsbuck, L88, M|100/100\n|turn|4\n|inactive|Time left: 300 sec this turn | 300 sec total\n|\n|t:|1783546542\n|move|p1a: Sawsbuck|High Horsepower|p2a: Iron Crown\n|-supereffective|p2a: Iron Crown\n|-damage|p2a: Iron Crown|0 fnt\n|faint|p2a: Iron Crown\n|-end|p2a: Iron Crown|Quark Drive|[silent]\n|-damage|p1a: Sawsbuck|91/100|[from] item: Life Orb\n|\n|upkeep\n|inactive|Time left: 300 sec this turn | 300 sec total | 5 sec grace\n|\n|t:|1783546543\n|switch|p2a: Virizion|Virizion, L82|283/283\n|turn|5\n|inactive|Time left: 300 sec this turn | 300 sec total\n|\n|t:|1783546544\n|switch|p1a: Conkeldurr|Conkeldurr, L80, M|100/100\n|move|p2a: Virizion|Close Combat|p1a: Conkeldurr\n|-damage|p1a: Conkeldurr|53/100\n|-unboost|p2a: Virizion|def|1\n|-unboost|p2a: Virizion|spd|1\n|-damage|p2a: Virizion|255/283|[from] item: Life Orb\n|\n|-status|p1a: Conkeldurr|brn|[from] item: Flame Orb\n|upkeep\n|turn|6\n|inactive|Time left: 300 sec this turn | 300 sec total\n|\n|t:|1783546545\n|switch|p1a: Houndstone|Houndstone, L86, M|100/100\n|move|p2a: Virizion|Close Combat|p1a: Houndstone\n|-immune|p1a: Houndstone\n|\n|upkeep\n|turn|7\n|inactive|Time left: 300 sec this turn | 300 sec total\n|\n|t:|1783546546\n|switch|p2a: Scrafty|Scrafty, L83, M|244/244\n|-ability|p2a: Scrafty|Intimidate|boost\n|-unboost|p1a: Houndstone|atk|1\n|move|p1a: Houndstone|Poltergeist|p2a: Scrafty\n|-activate|p2a: Scrafty|move: Poltergeist|Leftovers\n|-resisted|p2a: Scrafty\n|-damage|p2a: Scrafty|211/244\n|\n|-heal|p2a: Scrafty|226/244|[from] item: Leftovers\n|upkeep\n|turn|8\n|inactive|Time left: 300 sec this turn | 300 sec total\n|\n|t:|1783546547\n|move|p1a: Houndstone|Play Rough|p2a: Scrafty|[miss]\n|-miss|p1a: Houndstone|p2a: Scrafty\n|move|p2a: Scrafty|Dragon Dance|p2a: Scrafty\n|-boost|p2a: Scrafty|atk|1\n|-boost|p2a: Scrafty|spe|1\n|\n|-heal|p2a: Scrafty|241/244|[from] item: Leftovers\n|upkeep\n|turn|9\n|inactive|Time left: 300 sec this turn | 300 sec total\n|\n|t:|1783546548\n|move|p2a: Scrafty|Knock Off|p1a: Houndstone\n|-supereffective|p1a: Houndstone\n|-damage|p1a: Houndstone|54/100\n|-enditem|p1a: Houndstone|Assault Vest|[from] move: Knock Off|[of] p2a: Scrafty\n|move|p1a: Houndstone|Play Rough|p2a: Scrafty\n|-supereffective|p2a: Scrafty\n|-damage|p2a: Scrafty|93/244\n|\n|-heal|p2a: Scrafty|108/244|[from] item: Leftovers\n|upkeep\n|turn|10\n|inactive|Time left: 300 sec this turn | 300 sec total\n|\n|t:|1783546549\n|move|p2a: Scrafty|Knock Off|p1a: Houndstone\n|-supereffective|p1a: Houndstone\n|-crit|p1a: Houndstone\n|-damage|p1a: Houndstone|2/100\n|move|p1a: Houndstone|Play Rough|p2a: Scrafty\n|-supereffective|p2a: Scrafty\n|-damage|p2a: Scrafty|0 fnt\n|faint|p2a: Scrafty\n|\n|upkeep\n|inactive|Time left: 300 sec this turn | 300 sec total | 5 sec grace\n|\n|t:|1783546551\n|switch|p2a: Flygon|Flygon, L82, F|265/265\n|turn|11\n|inactive|Time left: 300 sec this turn | 300 sec total\n|\n|t:|1783546552\n|move|p2a: Flygon|Outrage|p1a: Houndstone\n|-damage|p1a: Houndstone|0 fnt\n|faint|p1a: Houndstone\n|\n|upkeep\n|\n|t:|1783546553\n|switch|p1a: Sawsbuck|Sawsbuck, L88, M|91/100\n|turn|12\n|inactive|Time left: 300 sec this turn | 300 sec total\n|\n|t:|1783546554\n|move|p2a: Flygon|Outrage|p1a: Sawsbuck|[from] lockedmove\n|-damage|p1a: Sawsbuck|39/100\n|-start|p2a: Flygon|confusion|[fatigue]\n|move|p1a: Sawsbuck|Swords Dance|p1a: Sawsbuck\n|-boost|p1a: Sawsbuck|atk|2\n|\n|upkeep\n|turn|13\n|inactive|Time left: 300 sec this turn | 300 sec total\n|\n|t:|1783546555\n|-activate|p2a: Flygon|confusion\n|move|p2a: Flygon|Outrage|p1a: Sawsbuck\n|-damage|p1a: Sawsbuck|0 fnt\n|faint|p1a: Sawsbuck\n|\n|upkeep\n|\n|t:|1783546556\n|switch|p1a: Shiftry|Shiftry, L89, F|100/100\n|turn|14\n|inactive|Time left: 300 sec this turn | 300 sec total\n|\n|t:|1783546557\n|-activate|p2a: Flygon|confusion\n|move|p2a: Flygon|Outrage|p1a: Shiftry|[from] lockedmove\n|-damage|p1a: Shiftry|54/100\n|move|p1a: Shiftry|Will-O-Wisp|p2a: Flygon\n|-status|p2a: Flygon|brn\n|\n|-damage|p2a: Flygon|249/265 brn|[from] brn\n|upkeep\n|turn|15\n|inactive|Time left: 300 sec this turn | 300 sec total\n|\n|t:|1783546558\n|move|p1a: Shiftry|Sucker Punch|p2a: Flygon\n|-damage|p2a: Flygon|124/265 brn\n|-damage|p1a: Shiftry|44/100|[from] item: Life Orb\n|-end|p2a: Flygon|confusion\n|move|p2a: Flygon|Outrage|p1a: Shiftry\n|-damage|p1a: Shiftry|19/100\n|\n|-damage|p2a: Flygon|108/265 brn|[from] brn\n|upkeep\n|turn|16\n|inactive|Time left: 300 sec this turn | 300 sec total\n|\n|t:|1783546559\n|move|p1a: Shiftry|Sucker Punch|p2a: Flygon\n|-damage|p2a: Flygon|0 fnt\n|faint|p2a: Flygon\n|-damage|p1a: Shiftry|9/100|[from] item: Life Orb\n|\n|upkeep\n|inactive|Time left: 300 sec this turn | 300 sec total | 5 sec grace\n|\n|t:|1783546560\n|switch|p2a: Rotom|Rotom-Frost, L87|229/229\n|turn|17\n|inactive|Time left: 300 sec this turn | 300 sec total\n|\n|t:|1783546561\n|-terastallize|p1a: Shiftry|Dark\n|move|p1a: Shiftry|Sucker Punch|p2a: Rotom\n|-damage|p2a: Rotom|109/229\n|-damage|p1a: Shiftry|0 fnt|[from] item: Life Orb\n|faint|p1a: Shiftry\n|move|p2a: Rotom|Thunderbolt|p1: Shiftry|[notarget]\n|-fail|p2a: Rotom\n|\n|upkeep\n|\n|t:|1783546562\n|switch|p1a: Conkeldurr|Conkeldurr, L80, M|53/100 brn\n|turn|18\n|inactive|Time left: 300 sec this turn | 300 sec total\n|\n|t:|1783546563\n|move|p1a: Conkeldurr|Mach Punch|p2a: Rotom\n|-supereffective|p2a: Rotom\n|-crit|p2a: Rotom\n|-damage|p2a: Rotom|0 fnt\n|faint|p2a: Rotom\n|\n|-damage|p1a: Conkeldurr|47/100 brn|[from] brn\n|upkeep\n|inactive|Time left: 300 sec this turn | 300 sec total | 5 sec grace\n|\n|t:|1783546564\n|switch|p2a: Virizion|Virizion, L82|255/283\n|turn|19\n|inactive|Time left: 300 sec this turn | 300 sec total\n|\n|t:|1783546565\n|move|p2a: Virizion|Leaf Blade|p1a: Conkeldurr\n|-damage|p1a: Conkeldurr|7/100 brn\n|-damage|p2a: Virizion|227/283|[from] item: Life Orb\n|move|p1a: Conkeldurr|Facade|p2a: Virizion\n|-damage|p2a: Virizion|18/283\n|\n|-damage|p1a: Conkeldurr|0 fnt|[from] brn\n|faint|p1a: Conkeldurr\n|\n|win|p0y640a7ea", "uploadtime": 1783546565, "views": 0, "rating": 0, "private": 0, "password": null, "_winner": "p0y640a7ea", "_our_name": "p0y640a7ea"}