{"id": "battle-gen9randombattle-2099", "formatid": "gen9randombattle", "format": "[Gen 9] Random Battle", "players": ["p0x2099a260", "p0y209905fa"], "log": "|init|battle\n|title|p0x2099a260 vs. p0y209905fa\n|j|\u2606p0x2099a260\n|j|\u2606p0y209905fa\n|t:|1783563494\n|gametype|singles\n|player|p1|p0x2099a260|265|\n|player|p2|p0y209905fa|266|\n|gen|9\n|tier|[Gen 9] Random Battle\n|rule|Species Clause: Limit one of each Pok\u00e9mon\n|rule|HP Percentage Mod: HP is shown in percentages\n|rule|Sleep Clause Mod: Limit one foe put to sleep\n|rule|Illusion Level Mod: Illusion disguises the Pok\u00e9mon's true level\n|\n|t:|1783563494\n|teamsize|p1|6\n|teamsize|p2|6\n|start\n|switch|p1a: Braviary|Braviary, L85, M|309/309\n|switch|p2a: Arceus|Arceus-Steel, L70|100/100\n|turn|1\n|inactive|Battle timer is ON: inactive players will automatically lose when time's up. (requested by p0x2099a260)\n|inactive|p0y209905fa also wants the timer to be on.\n|\n|t:|1783563495\n|move|p2a: Arceus|Calm Mind|p2a: Arceus\n|-boost|p2a: Arceus|spa|1\n|-boost|p2a: Arceus|spd|1\n|move|p1a: Braviary|Bulk Up|p1a: Braviary\n|-boost|p1a: Braviary|atk|1\n|-boost|p1a: Braviary|def|1\n|\n|upkeep\n|turn|2\n|inactive|Time left: 300 sec this turn | 300 sec total\n|\n|t:|1783563497\n|move|p2a: Arceus|Judgment|p1a: Braviary\n|-damage|p1a: Braviary|126/309\n|move|p1a: Braviary|Close Combat|p2a: Arceus\n|-supereffective|p2a: Arceus\n|-damage|p2a: Arceus|5/100\n|-unboost|p1a: Braviary|def|1\n|-unboost|p1a: Braviary|spd|1\n|\n|upkeep\n|turn|3\n|inactive|Time left: 300 sec this turn | 300 sec total\n|\n|t:|1783563498\n|switch|p1a: Mabosstiff|Mabosstiff, L86, F|278/278\n|move|p2a: Arceus|Judgment|p1a: Mabosstiff\n|-damage|p1a: Mabosstiff|104/278\n|\n|upkeep\n|turn|4\n|inactive|Time left: 300 sec this turn | 300 sec total\n|\n|t:|1783563499\n|move|p1a: Mabosstiff|Crunch|p2a: Arceus\n|-crit|p2a: Arceus\n|-damage|p2a: Arceus|0 fnt\n|faint|p2a: Arceus\n|\n|upkeep\n|\n|t:|1783563500\n|switch|p2a: Chi-Yu|Chi-Yu, L77|100/100\n|-ability|p2a: Chi-Yu|Beads of Ruin\n|turn|5\n|inactive|Time left: 300 sec this turn | 300 sec total\n|\n|t:|1783563501\n|move|p1a: Mabosstiff|Crunch|p2a: Chi-Yu\n|-resisted|p2a: Chi-Yu\n|-damage|p2a: Chi-Yu|69/100\n|move|p2a: Chi-Yu|Nasty Plot|p2a: Chi-Yu\n|-boost|p2a: Chi-Yu|spa|2\n|\n|upkeep\n|turn|6\n|inactive|Time left: 300 sec this turn | 300 sec total\n|\n|t:|1783563502\n|move|p1a: Mabosstiff|Crunch|p2a: Chi-Yu\n|-resisted|p2a: Chi-Yu\n|-damage|p2a: Chi-Yu|41/100\n|move|p2a: Chi-Yu|Fire Blast|p1a: Mabosstiff\n|-damage|p1a: Mabosstiff|0 fnt\n|faint|p1a: Mabosstiff\n|\n|upkeep\n|inactive|Time left: 300 sec this turn | 300 sec total | 5 sec grace\n|\n|t:|1783563503\n|switch|p1a: Breloom|Breloom, L83, M|235/235\n|turn|7\n|inactive|Time left: 300 sec this turn | 300 sec total\n|\n|t:|1783563504\n|switch|p2a: Calyrex|Calyrex, L93|100/100\n|-ability|p2a: Calyrex|Unnerve\n|move|p1a: Breloom|Mach Punch|p2a: Calyrex\n|-resisted|p2a: Calyrex\n|-damage|p2a: Calyrex|87/100\n|-damage|p1a: Breloom|212/235|[from] item: Life Orb\n|\n|-heal|p2a: Calyrex|93/100|[from] item: Leftovers\n|upkeep\n|turn|8\n|inactive|Time left: 300 sec this turn | 300 sec total\n|\n|t:|1783563505\n|switch|p1a: Magcargo|Magcargo, L95, F|268/268\n|move|p2a: Calyrex|Psychic|p1a: Magcargo\n|-damage|p1a: Magcargo|172/268\n|\n|-heal|p2a: Calyrex|99/100|[from] item: Leftovers\n|upkeep\n|turn|9\n|inactive|Time left: 300 sec this turn | 300 sec total\n|\n|t:|1783563507\n|move|p2a: Calyrex|Psychic|p1a: Magcargo\n|-damage|p1a: Magcargo|84/268\n|move|p1a: Magcargo|Lava Plume|p2a: Calyrex\n|-supereffective|p2a: Calyrex\n|-damage|p2a: Calyrex|41/100\n|\n|-heal|p2a: Calyrex|48/100|[from] item: Leftovers\n|upkeep\n|turn|10\n|inactive|Time left: 300 sec this turn | 300 sec total\n|\n|t:|1783563508\n|switch|p1a: Chandelure|Chandelure, L83, M|235/235\n|move|p2a: Calyrex|Psychic|p1a: Chandelure\n|-damage|p1a: Chandelure|133/235\n|\n|-heal|p2a: Calyrex|54/100|[from] item: Leftovers\n|upkeep\n|turn|11\n|inactive|Time left: 300 sec this turn | 300 sec total\n|\n|t:|1783563509\n|switch|p2a: Chi-Yu|Chi-Yu, L77|41/100\n|-ability|p2a: Chi-Yu|Beads of Ruin\n|move|p1a: Chandelure|Fire Blast|p2a: Chi-Yu\n|-resisted|p2a: Chi-Yu\n|-damage|p2a: Chi-Yu|7/100\n|\n|upkeep\n|turn|12\n|inactive|Time left: 300 sec this turn | 300 sec total\n|\n|t:|1783563510\n|move|p1a: Chandelure|Fire Blast|p2a: Chi-Yu|[miss]\n|-miss|p1a: Chandelure|p2a: Chi-Yu\n|move|p2a: Chi-Yu|Dark Pulse|p1a: Chandelure\n|-supereffective|p1a: Chandelure\n|-damage|p1a: Chandelure|0 fnt\n|faint|p1a: Chandelure\n|\n|upkeep\n|inactive|Time left: 300 sec this turn | 300 sec total | 5 sec grace\n|\n|t:|1783563511\n|switch|p1a: Breloom|Breloom, L83, M|212/235\n|turn|13\n|inactive|Time left: 300 sec this turn | 300 sec total\n|\n|t:|1783563512\n|move|p1a: Breloom|Mach Punch|p2a: Chi-Yu\n|-supereffective|p2a: Chi-Yu\n|-damage|p2a: Chi-Yu|0 fnt\n|faint|p2a: Chi-Yu\n|-damage|p1a: Breloom|189/235|[from] item: Life Orb\n|\n|upkeep\n|\n|t:|1783563513\n|switch|p2a: Calyrex|Calyrex, L93|54/100\n|-ability|p2a: Calyrex|Unnerve\n|turn|14\n|inactive|Time left: 300 sec this turn | 300 sec total\n|\n|t:|1783563514\n|switch|p1a: Braviary|Braviary, L85, M|126/309\n|move|p2a: Calyrex|Psychic|p1a: Braviary\n|-damage|p1a: Braviary|11/309\n|\n|-heal|p2a: Calyrex|60/100|[from] item: Leftovers\n|upkeep\n|turn|15\n|inactive|Time left: 300 sec this turn | 300 sec total\n|\n|t:|1783563515\n|move|p2a: Calyrex|Giga Drain|p1a: Braviary\n|-resisted|p1a: Braviary\n|-damage|p1a: Braviary|0 fnt\n|-heal|p2a: Calyrex|62/100|[from] drain|[of] p1a: Braviary\n|faint|p1a: Braviary\n|\n|-heal|p2a: Calyrex|68/100|[from] item: Leftovers\n|upkeep\n|inactive|Time left: 300 sec this turn | 300 sec total | 5 sec grace\n|\n|t:|1783563516\n|switch|p1a: Annihilape|Annihilape, L76, M|292/292\n|turn|16\n|inactive|Time left: 300 sec this turn | 300 sec total\n|\n|t:|1783563517\n|-terastallize|p1a: Annihilape|Steel\n|move|p2a: Calyrex|Psychic|p1a: Annihilape\n|-resisted|p1a: Annihilape\n|-damage|p1a: Annihilape|240/292\n|move|p1a: Annihilape|Bulk Up|p1a: Annihilape\n|-boost|p1a: Annihilape|atk|1\n|-boost|p1a: Annihilape|def|1\n|\n|-heal|p2a: Calyrex|74/100|[from] item: Leftovers\n|upkeep\n|turn|17\n|inactive|Time left: 300 sec this turn | 300 sec total\n|\n|t:|1783563518\n|move|p2a: Calyrex|Leech Seed|p1a: Annihilape\n|-start|p1a: Annihilape|move: Leech Seed\n|move|p1a: Annihilape|Rage Fist|p2a: Calyrex\n|-supereffective|p2a: Calyrex\n|-damage|p2a: Calyrex|0 fnt\n|faint|p2a: Calyrex\n|\n|upkeep\n|\n|t:|1783563519\n|switch|p2a: Cramorant|Cramorant, L86, M|100/100\n|turn|18\n|inactive|Time left: 300 sec this turn | 300 sec total\n|\n|t:|1783563521\n|move|p2a: Cramorant|Surf|p1a: Annihilape\n|-formechange|p2a: Cramorant|Cramorant-Gulping|\n|-damage|p1a: Annihilape|135/292\n|move|p1a: Annihilape|Bulk Up|p1a: Annihilape\n|-boost|p1a: Annihilape|atk|1\n|-boost|p1a: Annihilape|def|1\n|\n|-damage|p1a: Annihilape|99/292|[from] Leech Seed|[of] p2a: Cramorant\n|upkeep\n|turn|19\n|inactive|Time left: 300 sec this turn | 300 sec total\n|\n|t:|1783563521\n|move|p2a: Cramorant|Surf|p1a: Annihilape\n|-crit|p1a: Annihilape\n|-damage|p1a: Annihilape|0 fnt\n|faint|p1a: Annihilape\n|\n|upkeep\n|inactive|Time left: 300 sec this turn | 300 sec total | 5 sec grace\n|\n|t:|1783563522\n|switch|p1a: Breloom|Breloom, L83, M|189/235\n|turn|20\n|inactive|Time left: 300 sec this turn | 300 sec total\n|\n|t:|1783563523\n|switch|p1a: Magcargo|Magcargo, L95, F|84/268\n|move|p2a: Cramorant|Brave Bird|p1a: Magcargo\n|-resisted|p1a: Magcargo\n|-damage|p1a: Magcargo|42/268\n|-damage|p2a: Cramorant|95/100|[from] Recoil\n|\n|upkeep\n|turn|21\n|inactive|Time left: 300 sec this turn | 300 sec total\n|\n|t:|1783563524\n|switch|p1a: Breloom|Breloom, L83, M|189/235\n|move|p2a: Cramorant|Surf|p1a: Breloom\n|-resisted|p1a: Breloom\n|-damage|p1a: Breloom|135/235\n|\n|upkeep\n|turn|22\n|inactive|Time left: 300 sec this turn | 300 sec total\n|\n|t:|1783563525\n|switch|p1a: Magcargo|Magcargo, L95, F|42/268\n|move|p2a: Cramorant|Brave Bird|p1a: Magcargo\n|-resisted|p1a: Magcargo\n|-damage|p1a: Magcargo|0 fnt\n|faint|p1a: Magcargo\n|-damage|p2a: Cramorant|90/100|[from] Recoil\n|\n|upkeep\n|inactive|Time left: 300 sec this turn | 300 sec total | 5 sec grace\n|\n|t:|1783563525\n|switch|p1a: Breloom|Breloom, L83, M|135/235\n|turn|23\n|inactive|Time left: 300 sec this turn | 300 sec total\n|\n|t:|1783563526\n|move|p2a: Cramorant|Brave Bird|p1a: Breloom\n|-supereffective|p1a: Breloom\n|-damage|p1a: Breloom|0 fnt\n|faint|p1a: Breloom\n|-damage|p2a: Cramorant|73/100|[from] Recoil\n|\n|win|p0y209905fa", "uploadtime": 1783563526, "views": 0, "rating": 0, "private": 0, "password": null, "_winner": "p0y209905fa", "_our_name": "p0x2099a260"}