{"id": "battle-gen9randombattle-1255", "formatid": "gen9randombattle", "format": "[Gen 9] Random Battle", "players": ["p0x12553dd0", "p0y1255fc3f"], "log": "|init|battle\n|title|p0x12553dd0 vs. p0y1255fc3f\n|j|\u2606p0x12553dd0\n|j|\u2606p0y1255fc3f\n|t:|1783553679\n|gametype|singles\n|player|p1|p0x12553dd0|101|\n|player|p2|p0y1255fc3f|1|\n|gen|9\n|tier|[Gen 9] Random Battle\n|rule|Species Clause: Limit one of each Pok\u00e9mon\n|rule|HP Percentage Mod: HP is shown in percentages\n|rule|Sleep Clause Mod: Limit one foe put to sleep\n|rule|Illusion Level Mod: Illusion disguises the Pok\u00e9mon's true level\n|\n|t:|1783553679\n|teamsize|p1|6\n|teamsize|p2|6\n|start\n|switch|p1a: Comfey|Comfey, L85, M|225/225\n|switch|p2a: Floatzel|Floatzel, L86, M|100/100\n|turn|1\n|inactive|Battle timer is ON: inactive players will automatically lose when time's up. (requested by p0y1255fc3f)\n|inactive|Time left: 300 sec this turn | 300 sec total | 60 sec grace\n|\n|t:|1783553681\n|move|p1a: Comfey|Giga Drain|p2a: Floatzel\n|-supereffective|p2a: Floatzel\n|-damage|p2a: Floatzel|47/100\n|move|p2a: Floatzel|Wave Crash|p1a: Comfey\n|-damage|p1a: Comfey|6/225\n|-damage|p2a: Floatzel|22/100|[from] Recoil\n|\n|-heal|p1a: Comfey|20/225|[from] item: Leftovers\n|upkeep\n|turn|2\n|inactive|Time left: 300 sec this turn | 300 sec total\n|inactive|p0x12553dd0 also wants the timer to be on.\n|\n|t:|1783553681\n|switch|p2a: Dudunsparce|Dudunsparce-Three-Segment, L83, M|100/100\n|move|p1a: Comfey|Draining Kiss|p2a: Dudunsparce\n|-damage|p2a: Dudunsparce|84/100\n|-heal|p1a: Comfey|61/225|[from] drain|[of] p2a: Dudunsparce\n|\n|-heal|p1a: Comfey|75/225|[from] item: Leftovers\n|-heal|p2a: Dudunsparce|91/100|[from] item: Leftovers\n|upkeep\n|turn|3\n|inactive|Time left: 300 sec this turn | 300 sec total\n|\n|t:|1783553682\n|move|p1a: Comfey|Calm Mind|p1a: Comfey\n|-boost|p1a: Comfey|spa|1\n|-boost|p1a: Comfey|spd|1\n|move|p2a: Dudunsparce|Boomburst|p1a: Comfey\n|-damage|p1a: Comfey|0 fnt\n|faint|p1a: Comfey\n|\n|-heal|p2a: Dudunsparce|97/100|[from] item: Leftovers\n|upkeep\n|inactive|Time left: 300 sec this turn | 300 sec total | 5 sec grace\n|\n|t:|1783553683\n|switch|p1a: Torterra|Torterra, L78, F|276/276\n|turn|4\n|inactive|Time left: 300 sec this turn | 300 sec total\n|\n|t:|1783553684\n|move|p2a: Dudunsparce|Boomburst|p1a: Torterra\n|-damage|p1a: Torterra|129/276\n|move|p1a: Torterra|Shell Smash|p1a: Torterra\n|-unboost|p1a: Torterra|def|1\n|-unboost|p1a: Torterra|spd|1\n|-boost|p1a: Torterra|atk|2\n|-boost|p1a: Torterra|spa|2\n|-boost|p1a: Torterra|spe|2\n|\n|-heal|p2a: Dudunsparce|100/100|[from] item: Leftovers\n|upkeep\n|turn|5\n|inactive|Time left: 300 sec this turn | 300 sec total\n|\n|t:|1783553685\n|-terastallize|p1a: Torterra|Rock\n|move|p1a: Torterra|Bullet Seed|p2a: Dudunsparce\n|-damage|p2a: Dudunsparce|83/100\n|-damage|p2a: Dudunsparce|66/100\n|-damage|p2a: Dudunsparce|49/100\n|-damage|p2a: Dudunsparce|33/100\n|-damage|p2a: Dudunsparce|17/100\n|-hitcount|p2a: Dudunsparce|5\n|move|p2a: Dudunsparce|Boomburst|p1a: Torterra\n|-resisted|p1a: Torterra\n|-damage|p1a: Torterra|16/276\n|\n|-heal|p2a: Dudunsparce|23/100|[from] item: Leftovers\n|upkeep\n|turn|6\n|inactive|Time left: 300 sec this turn | 300 sec total\n|\n|t:|1783553686\n|move|p1a: Torterra|Bullet Seed|p2a: Dudunsparce\n|-damage|p2a: Dudunsparce|0 fnt\n|faint|p2a: Dudunsparce\n|-hitcount|p2: Dudunsparce|1\n|\n|upkeep\n|\n|t:|1783553686\n|switch|p2a: Wugtrio|Wugtrio, L91, F|100/100\n|turn|7\n|inactive|Time left: 300 sec this turn | 300 sec total\n|\n|t:|1783553688\n|switch|p1a: Volcarona|Volcarona, L77, F|257/257\n|move|p2a: Wugtrio|Liquidation|p1a: Volcarona\n|-supereffective|p1a: Volcarona\n|-damage|p1a: Volcarona|0 fnt\n|faint|p1a: Volcarona\n|\n|upkeep\n|inactive|Time left: 300 sec this turn | 300 sec total | 5 sec grace\n|\n|t:|1783553688\n|switch|p1a: Phione|Phione, L91|293/293\n|turn|8\n|inactive|Time left: 300 sec this turn | 300 sec total\n|\n|t:|1783553689\n|move|p2a: Wugtrio|Liquidation|p1a: Phione\n|-resisted|p1a: Phione\n|-damage|p1a: Phione|214/293\n|-unboost|p1a: Phione|def|1\n|move|p1a: Phione|Scald|p2a: Wugtrio\n|-resisted|p2a: Wugtrio\n|-damage|p2a: Wugtrio|81/100\n|-status|p2a: Wugtrio|brn\n|\n|-heal|p1a: Phione|232/293|[from] item: Leftovers\n|-damage|p2a: Wugtrio|75/100 brn|[from] brn\n|upkeep\n|turn|9\n|inactive|Time left: 300 sec this turn | 300 sec total\n|\n|t:|1783553690\n|move|p2a: Wugtrio|Liquidation|p1a: Phione\n|-resisted|p1a: Phione\n|-damage|p1a: Phione|169/293\n|move|p1a: Phione|Scald|p2a: Wugtrio\n|-resisted|p2a: Wugtrio\n|-damage|p2a: Wugtrio|50/100 brn\n|\n|-heal|p1a: Phione|187/293|[from] item: Leftovers\n|-damage|p2a: Wugtrio|44/100 brn|[from] brn\n|upkeep\n|turn|10\n|inactive|Time left: 300 sec this turn | 300 sec total\n|\n|t:|1783553691\n|move|p2a: Wugtrio|Liquidation|p1a: Phione\n|-resisted|p1a: Phione\n|-damage|p1a: Phione|123/293\n|-unboost|p1a: Phione|def|1\n|move|p1a: Phione|Scald|p2a: Wugtrio\n|-resisted|p2a: Wugtrio\n|-damage|p2a: Wugtrio|22/100 brn\n|\n|-heal|p1a: Phione|141/293|[from] item: Leftovers\n|-damage|p2a: Wugtrio|16/100 brn|[from] brn\n|upkeep\n|turn|11\n|inactive|Time left: 300 sec this turn | 300 sec total\n|\n|t:|1783553692\n|switch|p1a: Meloetta|Meloetta, L82|298/298\n|move|p2a: Wugtrio|Liquidation|p1a: Meloetta\n|-damage|p1a: Meloetta|202/298\n|\n|-heal|p1a: Meloetta|220/298|[from] item: Leftovers\n|-damage|p2a: Wugtrio|10/100 brn|[from] brn\n|upkeep\n|turn|12\n|inactive|Time left: 300 sec this turn | 300 sec total\n|\n|t:|1783553693\n|move|p2a: Wugtrio|Liquidation|p1a: Meloetta\n|-damage|p1a: Meloetta|135/298\n|move|p1a: Meloetta|Calm Mind|p1a: Meloetta\n|-boost|p1a: Meloetta|spa|1\n|-boost|p1a: Meloetta|spd|1\n|\n|-heal|p1a: Meloetta|153/298|[from] item: Leftovers\n|-damage|p2a: Wugtrio|4/100 brn|[from] brn\n|upkeep\n|turn|13\n|inactive|Time left: 300 sec this turn | 300 sec total\n|\n|t:|1783553694\n|move|p2a: Wugtrio|Liquidation|p1a: Meloetta\n|-damage|p1a: Meloetta|68/298\n|-unboost|p1a: Meloetta|def|1\n|move|p1a: Meloetta|Calm Mind|p1a: Meloetta\n|-boost|p1a: Meloetta|spa|1\n|-boost|p1a: Meloetta|spd|1\n|\n|-heal|p1a: Meloetta|86/298|[from] item: Leftovers\n|-damage|p2a: Wugtrio|0 fnt|[from] brn\n|faint|p2a: Wugtrio\n|upkeep\n|\n|t:|1783553694\n|switch|p2a: Dugtrio|Dugtrio, L84, M|100/100\n|turn|14\n|inactive|Time left: 300 sec this turn | 300 sec total\n|\n|t:|1783553695\n|move|p2a: Dugtrio|Earthquake|p1a: Meloetta\n|-damage|p1a: Meloetta|0 fnt\n|faint|p1a: Meloetta\n|\n|upkeep\n|inactive|Time left: 300 sec this turn | 300 sec total | 5 sec grace\n|\n|t:|1783553696\n|switch|p1a: Munkidori|Munkidori, L79, M|269/269\n|turn|15\n|inactive|Time left: 300 sec this turn | 300 sec total\n|\n|t:|1783553697\n|move|p1a: Munkidori|Fake Out|p2a: Dugtrio\n|-damage|p2a: Dugtrio|84/100\n|cant|p2a: Dugtrio|flinch\n|\n|upkeep\n|turn|16\n|inactive|Time left: 300 sec this turn | 300 sec total\n|\n|t:|1783553698\n|move|p1a: Munkidori|Fake Out||[still]\n|-hint|Fake Out only works on your first turn out.\n|-fail|p1a: Munkidori\n|move|p2a: Dugtrio|Earthquake|p1a: Munkidori\n|-supereffective|p1a: Munkidori\n|-damage|p1a: Munkidori|0 fnt\n|faint|p1a: Munkidori\n|\n|upkeep\n|inactive|Time left: 300 sec this turn | 300 sec total | 5 sec grace\n|\n|t:|1783553699\n|switch|p1a: Torterra|Torterra, L78, F, tera:Rock|16/276\n|turn|17\n|inactive|Time left: 300 sec this turn | 300 sec total\n|\n|t:|1783553700\n|-terastallize|p2a: Dugtrio|Ground\n|move|p2a: Dugtrio|Earthquake|p1a: Torterra\n|-supereffective|p1a: Torterra\n|-damage|p1a: Torterra|0 fnt\n|faint|p1a: Torterra\n|\n|upkeep\n|inactive|Time left: 300 sec this turn | 300 sec total | 5 sec grace\n|\n|t:|1783553701\n|switch|p1a: Phione|Phione, L91|141/293\n|turn|18\n|inactive|Time left: 300 sec this turn | 300 sec total\n|\n|t:|1783553702\n|move|p2a: Dugtrio|Earthquake|p1a: Phione\n|-damage|p1a: Phione|0 fnt\n|faint|p1a: Phione\n|\n|win|p0y1255fc3f", "uploadtime": 1783553702, "views": 0, "rating": 0, "private": 0, "password": null, "_winner": "p0y1255fc3f", "_our_name": "p0x12553dd0"}