{"id": "battle-gen9randombattle-2882", "formatid": "gen9randombattle", "format": "[Gen 9] Random Battle", "players": ["p0x2882a3f4", "p0y2882897a"], "log": "|init|battle\n|title|p0x2882a3f4 vs. p0y2882897a\n|j|\u2606p0x2882a3f4\n|j|\u2606p0y2882897a\n|t:|1783572228\n|gametype|singles\n|player|p1|p0x2882a3f4|170|\n|player|p2|p0y2882897a|2|\n|gen|9\n|tier|[Gen 9] Random Battle\n|rule|Species Clause: Limit one of each Pok\u00e9mon\n|rule|HP Percentage Mod: HP is shown in percentages\n|rule|Sleep Clause Mod: Limit one foe put to sleep\n|rule|Illusion Level Mod: Illusion disguises the Pok\u00e9mon's true level\n|\n|t:|1783572228\n|teamsize|p1|6\n|teamsize|p2|6\n|start\n|switch|p1a: Jolteon|Jolteon, L84, M|246/246\n|switch|p2a: Meowstic|Meowstic, L89, M|100/100\n|turn|1\n|inactive|Battle timer is ON: inactive players will automatically lose when time's up. (requested by p0x2882a3f4)\n|\n|t:|1783572230\n|switch|p2a: Ursaluna|Ursaluna, L79, F|100/100\n|move|p1a: Jolteon|Thunderbolt|p2a: Ursaluna\n|-immune|p2a: Ursaluna\n|\n|-status|p2a: Ursaluna|brn|[from] item: Flame Orb\n|upkeep\n|turn|2\n|inactive|Time left: 300 sec this turn | 300 sec total\n|inactive|p0y2882897a also wants the timer to be on.\n|\n|t:|1783572231\n|switch|p1a: Trevenant|Trevenant, L89, F|296/296\n|move|p2a: Ursaluna|Facade|p1a: Trevenant\n|-immune|p1a: Trevenant\n|\n|-damage|p2a: Ursaluna|95/100 brn|[from] brn\n|upkeep\n|turn|3\n|inactive|Time left: 300 sec this turn | 300 sec total\n|\n|t:|1783572232\n|switch|p1a: Zamazenta|Zamazenta, L71|248/248\n|-ability|p1a: Zamazenta|Dauntless Shield|boost\n|-boost|p1a: Zamazenta|def|1\n|move|p2a: Ursaluna|Crunch|p1a: Zamazenta\n|-resisted|p1a: Zamazenta\n|-damage|p1a: Zamazenta|218/248\n|\n|-damage|p2a: Ursaluna|89/100 brn|[from] brn\n|upkeep\n|turn|4\n|inactive|Time left: 300 sec this turn | 300 sec total\n|\n|t:|1783572233\n|switch|p2a: Mudsdale|Mudsdale, L83, M|100/100\n|move|p1a: Zamazenta|Close Combat|p2a: Mudsdale\n|-damage|p2a: Mudsdale|55/100\n|-unboost|p1a: Zamazenta|def|1\n|-unboost|p1a: Zamazenta|spd|1\n|-ability|p2a: Mudsdale|Stamina|boost\n|-boost|p2a: Mudsdale|def|1\n|\n|-heal|p2a: Mudsdale|61/100|[from] item: Leftovers\n|upkeep\n|turn|5\n|inactive|Time left: 300 sec this turn | 300 sec total\n|\n|t:|1783572235\n|move|p1a: Zamazenta|Close Combat|p2a: Mudsdale\n|-damage|p2a: Mudsdale|28/100\n|-unboost|p1a: Zamazenta|def|1\n|-unboost|p1a: Zamazenta|spd|1\n|-ability|p2a: Mudsdale|Stamina|boost\n|-boost|p2a: Mudsdale|def|1\n|move|p2a: Mudsdale|Earthquake|p1a: Zamazenta\n|-damage|p1a: Zamazenta|46/248\n|\n|-heal|p2a: Mudsdale|34/100|[from] item: Leftovers\n|upkeep\n|turn|6\n|inactive|Time left: 300 sec this turn | 300 sec total\n|\n|t:|1783572236\n|move|p1a: Zamazenta|Close Combat|p2a: Mudsdale\n|-damage|p2a: Mudsdale|9/100\n|-unboost|p1a: Zamazenta|def|1\n|-unboost|p1a: Zamazenta|spd|1\n|-ability|p2a: Mudsdale|Stamina|boost\n|-boost|p2a: Mudsdale|def|1\n|move|p2a: Mudsdale|Earthquake|p1a: Zamazenta\n|-damage|p1a: Zamazenta|0 fnt\n|faint|p1a: Zamazenta\n|\n|-heal|p2a: Mudsdale|15/100|[from] item: Leftovers\n|upkeep\n|inactive|Time left: 300 sec this turn | 300 sec total | 5 sec grace\n|\n|t:|1783572237\n|switch|p1a: Iron Jugulis|Iron Jugulis, L77|271/271\n|turn|7\n|inactive|Time left: 300 sec this turn | 300 sec total\n|\n|t:|1783572238\n|switch|p2a: Hydreigon|Hydreigon, L79, F|100/100\n|move|p1a: Iron Jugulis|Meteor Beam||[still]\n|-prepare|p1a: Iron Jugulis|Meteor Beam\n|-boost|p1a: Iron Jugulis|spa|1\n|-enditem|p1a: Iron Jugulis|Power Herb\n|-anim|p1a: Iron Jugulis|Meteor Beam|p2a: Hydreigon\n|-damage|p2a: Hydreigon|54/100\n|\n|upkeep\n|turn|8\n|inactive|Time left: 300 sec this turn | 300 sec total\n|\n|t:|1783572239\n|move|p1a: Iron Jugulis|Hurricane|p2a: Hydreigon\n|-damage|p2a: Hydreigon|0 fnt\n|faint|p2a: Hydreigon\n|\n|upkeep\n|\n|t:|1783572240\n|switch|p2a: Ursaluna|Ursaluna, L79, F|89/100 brn\n|turn|9\n|inactive|Time left: 300 sec this turn | 300 sec total\n|\n|t:|1783572241\n|move|p1a: Iron Jugulis|Dark Pulse|p2a: Ursaluna\n|-damage|p2a: Ursaluna|48/100 brn\n|move|p2a: Ursaluna|Facade|p1a: Iron Jugulis\n|-damage|p1a: Iron Jugulis|0 fnt\n|faint|p1a: Iron Jugulis\n|-end|p1a: Iron Jugulis|Quark Drive|[silent]\n|\n|-damage|p2a: Ursaluna|42/100 brn|[from] brn\n|upkeep\n|inactive|Time left: 300 sec this turn | 300 sec total | 5 sec grace\n|\n|t:|1783572242\n|switch|p1a: Trevenant|Trevenant, L89, F|296/296\n|turn|10\n|inactive|Time left: 300 sec this turn | 300 sec total\n|\n|t:|1783572243\n|switch|p2a: Meowstic|Meowstic, L89, M|100/100\n|move|p1a: Trevenant|Drain Punch|p2a: Meowstic\n|-resisted|p2a: Meowstic\n|-crit|p2a: Meowstic\n|-damage|p2a: Meowstic|82/100\n|\n|upkeep\n|turn|11\n|inactive|Time left: 300 sec this turn | 300 sec total\n|\n|t:|1783572243\n|move|p2a: Meowstic|Reflect|p2a: Meowstic\n|-sidestart|p2: p0y2882897a|Reflect\n|move|p1a: Trevenant|Poltergeist|p2a: Meowstic\n|-activate|p2a: Meowstic|move: Poltergeist|Light Clay\n|-supereffective|p2a: Meowstic\n|-damage|p2a: Meowstic|26/100\n|\n|upkeep\n|turn|12\n|inactive|Time left: 300 sec this turn | 300 sec total\n|\n|t:|1783572244\n|move|p2a: Meowstic|Light Screen|p2a: Meowstic\n|-sidestart|p2: p0y2882897a|move: Light Screen\n|move|p1a: Trevenant|Poltergeist|p2a: Meowstic\n|-activate|p2a: Meowstic|move: Poltergeist|Light Clay\n|-supereffective|p2a: Meowstic\n|-damage|p2a: Meowstic|0 fnt\n|faint|p2a: Meowstic\n|\n|upkeep\n|\n|t:|1783572245\n|switch|p2a: Smeargle|Smeargle, L95, M|100/100\n|turn|13\n|inactive|Time left: 300 sec this turn | 300 sec total\n|\n|t:|1783572246\n|move|p2a: Smeargle|Shell Smash|p2a: Smeargle\n|-unboost|p2a: Smeargle|def|1\n|-unboost|p2a: Smeargle|spd|1\n|-boost|p2a: Smeargle|atk|2\n|-boost|p2a: Smeargle|spa|2\n|-boost|p2a: Smeargle|spe|2\n|move|p1a: Trevenant|Drain Punch|p2a: Smeargle\n|-supereffective|p2a: Smeargle\n|-damage|p2a: Smeargle|38/100\n|\n|upkeep\n|turn|14\n|inactive|Time left: 300 sec this turn | 300 sec total\n|\n|t:|1783572247\n|-terastallize|p2a: Smeargle|Ghost\n|move|p2a: Smeargle|Shell Smash|p2a: Smeargle\n|-unboost|p2a: Smeargle|def|1\n|-unboost|p2a: Smeargle|spd|1\n|-boost|p2a: Smeargle|atk|2\n|-boost|p2a: Smeargle|spa|2\n|-boost|p2a: Smeargle|spe|2\n|move|p1a: Trevenant|Drain Punch|p2a: Smeargle\n|-immune|p2a: Smeargle\n|\n|upkeep\n|turn|15\n|inactive|Time left: 300 sec this turn | 300 sec total\n|\n|t:|1783572248\n|-terastallize|p1a: Trevenant|Fairy\n|move|p2a: Smeargle|Power Trip|p1a: Trevenant\n|-resisted|p1a: Trevenant\n|-damage|p1a: Trevenant|145/296\n|-enditem|p1a: Trevenant|Sitrus Berry|[eat]\n|-heal|p1a: Trevenant|219/296|[from] item: Sitrus Berry\n|move|p1a: Trevenant|Poltergeist|p2a: Smeargle\n|-activate|p2a: Smeargle|move: Poltergeist|Wide Lens\n|-supereffective|p2a: Smeargle\n|-damage|p2a: Smeargle|0 fnt\n|faint|p2a: Smeargle\n|\n|upkeep\n|\n|t:|1783572249\n|switch|p2a: Ursaluna|Ursaluna, L79, F|42/100 brn\n|turn|16\n|inactive|Time left: 300 sec this turn | 300 sec total\n|\n|t:|1783572250\n|move|p1a: Trevenant|Drain Punch|p2a: Ursaluna\n|-supereffective|p2a: Ursaluna\n|-damage|p2a: Ursaluna|24/100 brn\n|-heal|p1a: Trevenant|250/296|[from] drain|[of] p2a: Ursaluna\n|move|p2a: Ursaluna|Facade|p1a: Trevenant\n|-damage|p1a: Trevenant|0 fnt\n|faint|p1a: Trevenant\n|\n|-damage|p2a: Ursaluna|18/100 brn|[from] brn\n|upkeep\n|inactive|Time left: 300 sec this turn | 300 sec total | 5 sec grace\n|\n|t:|1783572251\n|switch|p1a: Eelektross|Eelektross, L87, F|290/290\n|turn|17\n|inactive|Time left: 300 sec this turn | 300 sec total\n|\n|t:|1783572252\n|move|p1a: Eelektross|Coil|p1a: Eelektross\n|-boost|p1a: Eelektross|atk|1\n|-boost|p1a: Eelektross|def|1\n|-boost|p1a: Eelektross|accuracy|1\n|move|p2a: Ursaluna|Facade|p1a: Eelektross\n|-damage|p1a: Eelektross|107/290\n|\n|-heal|p1a: Eelektross|125/290|[from] item: Leftovers\n|-damage|p2a: Ursaluna|12/100 brn|[from] brn\n|upkeep\n|turn|18\n|inactive|Time left: 300 sec this turn | 300 sec total\n|\n|t:|1783572253\n|switch|p2a: Wugtrio|Wugtrio, L91, F|100/100\n|move|p1a: Eelektross|Drain Punch|p2a: Wugtrio\n|-damage|p2a: Wugtrio|71/100\n|-heal|p1a: Eelektross|156/290|[from] drain|[of] p2a: Wugtrio\n|-ability|p2a: Wugtrio|Gooey\n|-unboost|p1a: Eelektross|spe|1\n|\n|-heal|p1a: Eelektross|174/290|[from] item: Leftovers\n|-sideend|p2: p0y2882897a|Reflect\n|upkeep\n|turn|19\n|inactive|Time left: 300 sec this turn | 300 sec total\n|\n|t:|1783572254\n|move|p2a: Wugtrio|Liquidation|p1a: Eelektross\n|-damage|p1a: Eelektross|60/290\n|move|p1a: Eelektross|Supercell Slam|p2a: Wugtrio\n|-supereffective|p2a: Wugtrio\n|-damage|p2a: Wugtrio|0 fnt\n|-ability|p2a: Wugtrio|Gooey\n|-unboost|p1a: Eelektross|spe|1\n|faint|p2a: Wugtrio\n|\n|-heal|p1a: Eelektross|78/290|[from] item: Leftovers\n|-sideend|p2: p0y2882897a|move: Light Screen\n|upkeep\n|\n|t:|1783572255\n|switch|p2a: Ursaluna|Ursaluna, L79, F|12/100 brn\n|turn|20\n|inactive|Time left: 300 sec this turn | 300 sec total\n|\n|t:|1783572256\n|move|p2a: Ursaluna|Facade|p1a: Eelektross\n|-damage|p1a: Eelektross|0 fnt\n|faint|p1a: Eelektross\n|\n|-damage|p2a: Ursaluna|6/100 brn|[from] brn\n|upkeep\n|inactive|Time left: 300 sec this turn | 300 sec total | 5 sec grace\n|\n|t:|1783572257\n|switch|p1a: Jolteon|Jolteon, L84, M|246/246\n|turn|21\n|inactive|Time left: 300 sec this turn | 300 sec total\n|\n|t:|1783572257\n|move|p1a: Jolteon|Alluring Voice|p2a: Ursaluna\n|-damage|p2a: Ursaluna|0 fnt\n|faint|p2a: Ursaluna\n|\n|upkeep\n|\n|t:|1783572258\n|switch|p2a: Mudsdale|Mudsdale, L83, M|15/100\n|turn|22\n|inactive|Time left: 300 sec this turn | 300 sec total\n|\n|t:|1783572259\n|move|p1a: Jolteon|Alluring Voice|p2a: Mudsdale\n|-damage|p2a: Mudsdale|0 fnt\n|faint|p2a: Mudsdale\n|\n|win|p0x2882a3f4", "uploadtime": 1783572259, "views": 0, "rating": 0, "private": 0, "password": null, "_winner": "p0x2882a3f4", "_our_name": "p0x2882a3f4"}