{"id": "battle-gen9randombattle-320", "formatid": "gen9randombattle", "format": "[Gen 9] Random Battle", "players": ["p0x320df0e", "p0y3202d81"], "log": "|init|battle\n|title|p0x320df0e vs. p0y3202d81\n|j|\u2606p0x320df0e\n|j|\u2606p0y3202d81\n|t:|1783542793\n|gametype|singles\n|player|p1|p0x320df0e|1|\n|player|p2|p0y3202d81|102|\n|gen|9\n|tier|[Gen 9] Random Battle\n|rule|Species Clause: Limit one of each Pok\u00e9mon\n|rule|HP Percentage Mod: HP is shown in percentages\n|rule|Sleep Clause Mod: Limit one foe put to sleep\n|rule|Illusion Level Mod: Illusion disguises the Pok\u00e9mon's true level\n|\n|t:|1783542793\n|teamsize|p1|6\n|teamsize|p2|6\n|start\n|switch|p1a: Whiscash|Whiscash, L88, M|337/337\n|switch|p2a: Clefable|Clefable, L83, F|100/100\n|turn|1\n|inactive|Battle timer is ON: inactive players will automatically lose when time's up. (requested by p0y3202d81)\n|inactive|Time left: 300 sec this turn | 300 sec total | 60 sec grace\n|inactive|p0x320df0e also wants the timer to be on.\n|\n|t:|1783542795\n|move|p1a: Whiscash|Earthquake|p2a: Clefable\n|-damage|p2a: Clefable|63/100\n|move|p2a: Clefable|Calm Mind|p2a: Clefable\n|-boost|p2a: Clefable|spa|1\n|-boost|p2a: Clefable|spd|1\n|\n|-heal|p2a: Clefable|69/100|[from] item: Leftovers\n|upkeep\n|turn|2\n|inactive|Time left: 300 sec this turn | 300 sec total\n|\n|t:|1783542796\n|move|p1a: Whiscash|Earthquake|p2a: Clefable\n|-damage|p2a: Clefable|31/100\n|move|p2a: Clefable|Moonlight|p2a: Clefable\n|-heal|p2a: Clefable|80/100\n|\n|-heal|p2a: Clefable|87/100|[from] item: Leftovers\n|upkeep\n|turn|3\n|inactive|Time left: 300 sec this turn | 300 sec total\n|\n|t:|1783542797\n|move|p1a: Whiscash|Stealth Rock|p2a: Clefable\n|-sidestart|p2: p0y3202d81|move: Stealth Rock\n|move|p2a: Clefable|Moonblast|p1a: Whiscash\n|-damage|p1a: Whiscash|163/337\n|-unboost|p1a: Whiscash|spa|1\n|\n|-heal|p1a: Whiscash|184/337|[from] item: Leftovers\n|-heal|p2a: Clefable|93/100|[from] item: Leftovers\n|upkeep\n|turn|4\n|inactive|Time left: 300 sec this turn | 300 sec total\n|\n|t:|1783542798\n|move|p1a: Whiscash|Earthquake|p2a: Clefable\n|-damage|p2a: Clefable|56/100\n|move|p2a: Clefable|Moonblast|p1a: Whiscash\n|-damage|p1a: Whiscash|30/337\n|\n|-heal|p1a: Whiscash|51/337|[from] item: Leftovers\n|-heal|p2a: Clefable|62/100|[from] item: Leftovers\n|upkeep\n|turn|5\n|inactive|Time left: 300 sec this turn | 300 sec total\n|\n|t:|1783542799\n|move|p1a: Whiscash|Earthquake|p2a: Clefable\n|-damage|p2a: Clefable|23/100\n|move|p2a: Clefable|Moonblast|p1a: Whiscash\n|-damage|p1a: Whiscash|0 fnt\n|faint|p1a: Whiscash\n|\n|-heal|p2a: Clefable|29/100|[from] item: Leftovers\n|upkeep\n|inactive|Time left: 300 sec this turn | 300 sec total | 5 sec grace\n|\n|t:|1783542800\n|switch|p1a: Gliscor|Gliscor, L76, F|239/239\n|turn|6\n|inactive|Time left: 300 sec this turn | 300 sec total\n|\n|t:|1783542801\n|switch|p2a: Toedscruel|Toedscruel, L87, M|100/100\n|-damage|p2a: Toedscruel|94/100|[from] Stealth Rock\n|move|p1a: Gliscor|Earthquake|p2a: Toedscruel\n|-resisted|p2a: Toedscruel\n|-damage|p2a: Toedscruel|77/100\n|\n|-status|p1a: Gliscor|tox|[from] item: Toxic Orb\n|upkeep\n|turn|7\n|inactive|Time left: 300 sec this turn | 300 sec total\n|\n|t:|1783542802\n|move|p2a: Toedscruel|Rapid Spin|p1a: Gliscor\n|-damage|p1a: Gliscor|213/239 tox\n|-boost|p2a: Toedscruel|spe|1\n|-sideend|p2: p0y3202d81|Stealth Rock|[from] move: Rapid Spin|[of] p2a: Toedscruel\n|move|p1a: Gliscor|Toxic Spikes|p2a: Toedscruel\n|-sidestart|p2: p0y3202d81|move: Toxic Spikes\n|\n|-heal|p1a: Gliscor|239/239 tox|[from] ability: Poison Heal\n|upkeep\n|turn|8\n|inactive|Time left: 300 sec this turn | 300 sec total\n|\n|t:|1783542803\n|move|p2a: Toedscruel|Rapid Spin|p1a: Gliscor\n|-damage|p1a: Gliscor|214/239 tox\n|-boost|p2a: Toedscruel|spe|1\n|-sideend|p2: p0y3202d81|Toxic Spikes|[from] move: Rapid Spin|[of] p2a: Toedscruel\n|move|p1a: Gliscor|Knock Off|p2a: Toedscruel\n|-crit|p2a: Toedscruel\n|-damage|p2a: Toedscruel|44/100\n|-enditem|p2a: Toedscruel|Assault Vest|[from] move: Knock Off|[of] p1a: Gliscor\n|\n|-heal|p1a: Gliscor|239/239 tox|[from] ability: Poison Heal\n|upkeep\n|turn|9\n|inactive|Time left: 300 sec this turn | 300 sec total\n|\n|t:|1783542804\n|move|p2a: Toedscruel|Giga Drain|p1a: Gliscor\n|-damage|p1a: Gliscor|143/239 tox\n|-heal|p2a: Toedscruel|61/100|[from] drain|[of] p1a: Gliscor\n|move|p1a: Gliscor|Earthquake|p2a: Toedscruel\n|-resisted|p2a: Toedscruel\n|-crit|p2a: Toedscruel\n|-damage|p2a: Toedscruel|35/100\n|\n|-heal|p1a: Gliscor|172/239 tox|[from] ability: Poison Heal\n|upkeep\n|turn|10\n|inactive|Time left: 300 sec this turn | 300 sec total\n|\n|t:|1783542805\n|move|p1a: Gliscor|Protect|p1a: Gliscor\n|-singleturn|p1a: Gliscor|Protect\n|move|p2a: Toedscruel|Giga Drain|p1a: Gliscor\n|-activate|p1a: Gliscor|move: Protect\n|\n|-heal|p1a: Gliscor|201/239 tox|[from] ability: Poison Heal\n|upkeep\n|turn|11\n|inactive|Time left: 300 sec this turn | 300 sec total\n|\n|t:|1783542806\n|move|p2a: Toedscruel|Giga Drain|p1a: Gliscor\n|-damage|p1a: Gliscor|111/239 tox\n|-heal|p2a: Toedscruel|51/100|[from] drain|[of] p1a: Gliscor\n|move|p1a: Gliscor|Toxic Spikes|p2a: Toedscruel\n|-sidestart|p2: p0y3202d81|move: Toxic Spikes\n|\n|-heal|p1a: Gliscor|140/239 tox|[from] ability: Poison Heal\n|upkeep\n|turn|12\n|inactive|Time left: 300 sec this turn | 300 sec total\n|\n|t:|1783542807\n|move|p1a: Gliscor|Protect|p1a: Gliscor\n|-singleturn|p1a: Gliscor|Protect\n|move|p2a: Toedscruel|Rapid Spin|p1a: Gliscor\n|-activate|p1a: Gliscor|move: Protect\n|\n|-heal|p1a: Gliscor|169/239 tox|[from] ability: Poison Heal\n|upkeep\n|turn|13\n|inactive|Time left: 300 sec this turn | 300 sec total\n|\n|t:|1783542808\n|move|p2a: Toedscruel|Rapid Spin|p1a: Gliscor\n|-damage|p1a: Gliscor|145/239 tox\n|-boost|p2a: Toedscruel|spe|1\n|-sideend|p2: p0y3202d81|Toxic Spikes|[from] move: Rapid Spin|[of] p2a: Toedscruel\n|move|p1a: Gliscor|Knock Off|p2a: Toedscruel\n|-damage|p2a: Toedscruel|36/100\n|\n|-heal|p1a: Gliscor|174/239 tox|[from] ability: Poison Heal\n|upkeep\n|turn|14\n|inactive|Time left: 300 sec this turn | 300 sec total\n|\n|t:|1783542809\n|move|p1a: Gliscor|Protect|p1a: Gliscor\n|-singleturn|p1a: Gliscor|Protect\n|move|p2a: Toedscruel|Giga Drain|p1a: Gliscor\n|-activate|p1a: Gliscor|move: Protect\n|\n|-heal|p1a: Gliscor|203/239 tox|[from] ability: Poison Heal\n|upkeep\n|turn|15\n|inactive|Time left: 300 sec this turn | 300 sec total\n|\n|t:|1783542810\n|move|p2a: Toedscruel|Giga Drain|p1a: Gliscor\n|-damage|p1a: Gliscor|118/239 tox\n|-heal|p2a: Toedscruel|52/100|[from] drain|[of] p1a: Gliscor\n|move|p1a: Gliscor|Earthquake|p2a: Toedscruel\n|-resisted|p2a: Toedscruel\n|-damage|p2a: Toedscruel|35/100\n|\n|-heal|p1a: Gliscor|147/239 tox|[from] ability: Poison Heal\n|upkeep\n|turn|16\n|inactive|Time left: 300 sec this turn | 300 sec total\n|\n|t:|1783542811\n|move|p1a: Gliscor|Protect|p1a: Gliscor\n|-singleturn|p1a: Gliscor|Protect\n|move|p2a: Toedscruel|Giga Drain|p1a: Gliscor\n|-activate|p1a: Gliscor|move: Protect\n|\n|-heal|p1a: Gliscor|176/239 tox|[from] ability: Poison Heal\n|upkeep\n|turn|17\n|inactive|Time left: 300 sec this turn | 300 sec total\n|\n|t:|1783542812\n|move|p2a: Toedscruel|Giga Drain|p1a: Gliscor\n|-damage|p1a: Gliscor|89/239 tox\n|-heal|p2a: Toedscruel|51/100|[from] drain|[of] p1a: Gliscor\n|move|p1a: Gliscor|Toxic Spikes|p2a: Toedscruel\n|-sidestart|p2: p0y3202d81|move: Toxic Spikes\n|\n|-heal|p1a: Gliscor|118/239 tox|[from] ability: Poison Heal\n|upkeep\n|turn|18\n|inactive|Time left: 300 sec this turn | 300 sec total\n|\n|t:|1783542813\n|move|p2a: Toedscruel|Rapid Spin|p1a: Gliscor\n|-damage|p1a: Gliscor|95/239 tox\n|-boost|p2a: Toedscruel|spe|1\n|-sideend|p2: p0y3202d81|Toxic Spikes|[from] move: Rapid Spin|[of] p2a: Toedscruel\n|move|p1a: Gliscor|Toxic Spikes|p2a: Toedscruel\n|-sidestart|p2: p0y3202d81|move: Toxic Spikes\n|\n|-heal|p1a: Gliscor|124/239 tox|[from] ability: Poison Heal\n|upkeep\n|turn|19\n|inactive|Time left: 300 sec this turn | 300 sec total\n|\n|t:|1783542814\n|move|p1a: Gliscor|Protect|p1a: Gliscor\n|-singleturn|p1a: Gliscor|Protect\n|move|p2a: Toedscruel|Giga Drain|p1a: Gliscor\n|-activate|p1a: Gliscor|move: Protect\n|\n|-heal|p1a: Gliscor|153/239 tox|[from] ability: Poison Heal\n|upkeep\n|turn|20\n|inactive|Time left: 300 sec this turn | 300 sec total\n|\n|t:|1783542815\n|switch|p1a: Ceruledge|Ceruledge, L78, M|245/245\n|move|p2a: Toedscruel|Giga Drain|p1a: Ceruledge\n|-resisted|p1a: Ceruledge\n|-crit|p1a: Ceruledge\n|-damage|p1a: Ceruledge|187/245\n|-heal|p2a: Toedscruel|61/100|[from] drain|[of] p1a: Ceruledge\n|\n|upkeep\n|turn|21\n|inactive|Time left: 300 sec this turn | 300 sec total\n|\n|t:|1783542817\n|-terastallize|p2a: Toedscruel|Water\n|move|p2a: Toedscruel|Earth Power|p1a: Ceruledge\n|-supereffective|p1a: Ceruledge\n|-damage|p1a: Ceruledge|7/245\n|move|p1a: Ceruledge|Bitter Blade|p2a: Toedscruel\n|-resisted|p2a: Toedscruel\n|-damage|p2a: Toedscruel|38/100\n|-heal|p1a: Ceruledge|39/245|[from] drain|[of] p2a: Toedscruel\n|\n|upkeep\n|turn|22\n|inactive|Time left: 300 sec this turn | 300 sec total\n|\n|t:|1783542818\n|move|p2a: Toedscruel|Giga Drain|p1a: Ceruledge\n|-resisted|p1a: Ceruledge\n|-damage|p1a: Ceruledge|5/245\n|-heal|p2a: Toedscruel|44/100|[from] drain|[of] p1a: Ceruledge\n|move|p1a: Ceruledge|Close Combat|p2a: Toedscruel\n|-damage|p2a: Toedscruel|4/100\n|-unboost|p1a: Ceruledge|def|1\n|-unboost|p1a: Ceruledge|spd|1\n|\n|upkeep\n|turn|23\n|inactive|Time left: 300 sec this turn | 300 sec total\n|\n|t:|1783542819\n|move|p2a: Toedscruel|Giga Drain|p1a: Ceruledge\n|-resisted|p1a: Ceruledge\n|-damage|p1a: Ceruledge|0 fnt\n|-heal|p2a: Toedscruel|5/100|[from] drain|[of] p1a: Ceruledge\n|faint|p1a: Ceruledge\n|\n|upkeep\n|inactive|Time left: 300 sec this turn | 300 sec total | 5 sec grace\n|\n|t:|1783542820\n|switch|p1a: Avalugg|Avalugg, L88, M|310/310\n|turn|24\n|inactive|Time left: 300 sec this turn | 300 sec total\n|\n|t:|1783542821\n|move|p2a: Toedscruel|Giga Drain|p1a: Avalugg\n|-damage|p1a: Avalugg|205/310\n|-heal|p2a: Toedscruel|24/100|[from] drain|[of] p1a: Avalugg\n|move|p1a: Avalugg|Rapid Spin|p2a: Toedscruel\n|-damage|p2a: Toedscruel|6/100\n|-boost|p1a: Avalugg|spe|1\n|\n|upkeep\n|turn|25\n|inactive|Time left: 300 sec this turn | 300 sec total\n|\n|t:|1783542822\n|move|p2a: Toedscruel|Giga Drain|p1a: Avalugg\n|-damage|p1a: Avalugg|87/310\n|-heal|p2a: Toedscruel|27/100|[from] drain|[of] p1a: Avalugg\n|move|p1a: Avalugg|Body Press|p2a: Toedscruel\n|-damage|p2a: Toedscruel|0 fnt\n|faint|p2a: Toedscruel\n|\n|upkeep\n|\n|t:|1783542824\n|switch|p2a: Thundurus|Thundurus, L80, M|100/100\n|turn|26\n|inactive|Time left: 300 sec this turn | 300 sec total\n|\n|t:|1783542825\n|switch|p1a: Iron Boulder|Iron Boulder, L77|265/265\n|-enditem|p1a: Iron Boulder|Booster Energy\n|-activate|p1a: Iron Boulder|ability: Quark Drive|[fromitem]\n|-start|p1a: Iron Boulder|quarkdrivespe\n|move|p2a: Thundurus|Sludge Wave|p1a: Iron Boulder\n|-resisted|p1a: Iron Boulder\n|-damage|p1a: Iron Boulder|230/265\n|\n|upkeep\n|turn|27\n|inactive|Time left: 300 sec this turn | 300 sec total\n|\n|t:|1783542826\n|switch|p2a: Bisharp|Bisharp, L79, F|100/100\n|move|p1a: Iron Boulder|Mighty Cleave|p2a: Bisharp\n|-resisted|p2a: Bisharp\n|-damage|p2a: Bisharp|88/100\n|\n|upkeep\n|turn|28\n|inactive|Time left: 300 sec this turn | 300 sec total\n|\n|t:|1783542827\n|move|p1a: Iron Boulder|Close Combat|p2a: Bisharp\n|-supereffective|p2a: Bisharp\n|-damage|p2a: Bisharp|0 fnt\n|-unboost|p1a: Iron Boulder|def|1\n|-unboost|p1a: Iron Boulder|spd|1\n|faint|p2a: Bisharp\n|\n|upkeep\n|\n|t:|1783542828\n|switch|p2a: Oranguru|Oranguru, L92, F|100/100\n|-status|p2a: Oranguru|psn\n|turn|29\n|inactive|Time left: 300 sec this turn | 300 sec total\n|\n|t:|1783542829\n|move|p1a: Iron Boulder|Swords Dance|p1a: Iron Boulder\n|-boost|p1a: Iron Boulder|atk|2\n|move|p2a: Oranguru|Nasty Plot|p2a: Oranguru\n|-boost|p2a: Oranguru|spa|2\n|\n|-damage|p2a: Oranguru|88/100 psn|[from] psn\n|upkeep\n|turn|30\n|inactive|Time left: 300 sec this turn | 300 sec total\n|\n|t:|1783542830\n|move|p1a: Iron Boulder|Mighty Cleave|p2a: Oranguru\n|-damage|p2a: Oranguru|27/100 psn\n|move|p2a: Oranguru|Focus Blast|p1a: Iron Boulder\n|-damage|p1a: Iron Boulder|0 fnt\n|faint|p1a: Iron Boulder\n|-end|p1a: Iron Boulder|Quark Drive|[silent]\n|-damage|p2a: Oranguru|17/100 psn|[from] item: Life Orb\n|\n|-damage|p2a: Oranguru|5/100 psn|[from] psn\n|upkeep\n|inactive|Time left: 300 sec this turn | 300 sec total | 5 sec grace\n|\n|t:|1783542832\n|switch|p1a: Gliscor|Gliscor, L76, F|153/239 tox\n|turn|31\n|inactive|Time left: 300 sec this turn | 300 sec total\n|\n|t:|1783542833\n|switch|p2a: Thundurus|Thundurus, L80, M|100/100\n|move|p1a: Gliscor|Knock Off|p2a: Thundurus\n|-damage|p2a: Thundurus|73/100\n|-enditem|p2a: Thundurus|Heavy-Duty Boots|[from] move: Knock Off|[of] p1a: Gliscor\n|\n|-heal|p1a: Gliscor|182/239 tox|[from] ability: Poison Heal\n|upkeep\n|turn|32\n|inactive|Time left: 300 sec this turn | 300 sec total\n|\n|t:|1783542834\n|move|p2a: Thundurus|Knock Off|p1a: Gliscor\n|-damage|p1a: Gliscor|117/239 tox\n|-enditem|p1a: Gliscor|Toxic Orb|[from] move: Knock Off|[of] p2a: Thundurus\n|move|p1a: Gliscor|Knock Off|p2a: Thundurus\n|-damage|p2a: Thundurus|54/100\n|\n|-heal|p1a: Gliscor|146/239 tox|[from] ability: Poison Heal\n|upkeep\n|turn|33\n|inactive|Time left: 300 sec this turn | 300 sec total\n|\n|t:|1783542835\n|move|p2a: Thundurus|Focus Blast|p1a: Gliscor\n|-resisted|p1a: Gliscor\n|-damage|p1a: Gliscor|83/239 tox\n|move|p1a: Gliscor|Knock Off|p2a: Thundurus\n|-damage|p2a: Thundurus|35/100\n|\n|-heal|p1a: Gliscor|112/239 tox|[from] ability: Poison Heal\n|upkeep\n|turn|34\n|inactive|Time left: 300 sec this turn | 300 sec total\n|\n|t:|1783542837\n|move|p2a: Thundurus|Focus Blast|p1a: Gliscor|[miss]\n|-miss|p2a: Thundurus|p1a: Gliscor\n|move|p1a: Gliscor|Knock Off|p2a: Thundurus\n|-damage|p2a: Thundurus|17/100\n|\n|-heal|p1a: Gliscor|141/239 tox|[from] ability: Poison Heal\n|upkeep\n|turn|35\n|inactive|Time left: 300 sec this turn | 300 sec total\n|\n|t:|1783542838\n|move|p2a: Thundurus|Focus Blast|p1a: Gliscor\n|-resisted|p1a: Gliscor\n|-damage|p1a: Gliscor|81/239 tox\n|move|p1a: Gliscor|Knock Off|p2a: Thundurus\n|-damage|p2a: Thundurus|0 fnt\n|faint|p2a: Thundurus\n|\n|-heal|p1a: Gliscor|110/239 tox|[from] ability: Poison Heal\n|upkeep\n|\n|t:|1783542839\n|switch|p2a: Pikachu|Pikachu, L93, M|100/100\n|-status|p2a: Pikachu|psn\n|turn|36\n|inactive|Time left: 300 sec this turn | 300 sec total\n|\n|t:|1783542840\n|move|p1a: Gliscor|Protect|p1a: Gliscor\n|-singleturn|p1a: Gliscor|Protect\n|move|p2a: Pikachu|Surf|p1a: Gliscor\n|-activate|p1a: Gliscor|move: Protect\n|\n|-damage|p2a: Pikachu|88/100 psn|[from] psn\n|-heal|p1a: Gliscor|139/239 tox|[from] ability: Poison Heal\n|upkeep\n|turn|37\n|inactive|Time left: 300 sec this turn | 300 sec total\n|\n|t:|1783542841\n|-terastallize|p1a: Gliscor|Water\n|move|p2a: Pikachu|Surf|p1a: Gliscor\n|-resisted|p1a: Gliscor\n|-damage|p1a: Gliscor|81/239 tox\n|move|p1a: Gliscor|Earthquake|p2a: Pikachu\n|-supereffective|p2a: Pikachu\n|-damage|p2a: Pikachu|0 fnt\n|faint|p2a: Pikachu\n|\n|-heal|p1a: Gliscor|110/239 tox|[from] ability: Poison Heal\n|upkeep\n|\n|t:|1783542842\n|switch|p2a: Oranguru|Oranguru, L92, F|5/100 psn\n|turn|38\n|inactive|Time left: 300 sec this turn | 300 sec total\n|\n|t:|1783542843\n|move|p1a: Gliscor|Earthquake|p2a: Oranguru\n|-damage|p2a: Oranguru|0 fnt\n|faint|p2a: Oranguru\n|\n|-heal|p1a: Gliscor|139/239 tox|[from] ability: Poison Heal\n|upkeep\n|\n|t:|1783542844\n|switch|p2a: Clefable|Clefable, L83, F|29/100\n|-status|p2a: Clefable|psn\n|turn|39\n|inactive|Time left: 300 sec this turn | 300 sec total\n|\n|t:|1783542845\n|move|p1a: Gliscor|Earthquake|p2a: Clefable\n|-damage|p2a: Clefable|0 fnt\n|faint|p2a: Clefable\n|\n|win|p0x320df0e", "uploadtime": 1783542845, "views": 0, "rating": 0, "private": 0, "password": null, "_winner": "p0x320df0e", "_our_name": "p0x320df0e"}