{"id": "battle-gen9randombattle-991", "formatid": "gen9randombattle", "format": "[Gen 9] Random Battle", "players": ["p0x991a6ce", "p0y99132b6"], "log": "|init|battle\n|title|p0x991a6ce vs. p0y99132b6\n|j|\u2606p0x991a6ce\n|j|\u2606p0y99132b6\n|t:|1783550659\n|gametype|singles\n|player|p1|p0x991a6ce|170|\n|player|p2|p0y99132b6|169|\n|gen|9\n|tier|[Gen 9] Random Battle\n|rule|Species Clause: Limit one of each Pok\u00e9mon\n|rule|HP Percentage Mod: HP is shown in percentages\n|rule|Sleep Clause Mod: Limit one foe put to sleep\n|rule|Illusion Level Mod: Illusion disguises the Pok\u00e9mon's true level\n|\n|t:|1783550659\n|teamsize|p1|6\n|teamsize|p2|6\n|start\n|switch|p1a: Tentacruel|Tentacruel, L84, F|272/272\n|switch|p2a: Quagsire|Quagsire, L84, M|100/100\n|turn|1\n|inactive|Battle timer is ON: inactive players will automatically lose when time's up. (requested by p0x991a6ce)\n|inactive|p0y99132b6 also wants the timer to be on.\n|\n|t:|1783550660\n|move|p1a: Tentacruel|Sludge Bomb|p2a: Quagsire\n|-resisted|p2a: Quagsire\n|-damage|p2a: Quagsire|83/100\n|-status|p2a: Quagsire|psn\n|move|p2a: Quagsire|Earthquake|p1a: Tentacruel\n|-supereffective|p1a: Tentacruel\n|-damage|p1a: Tentacruel|44/272\n|\n|-heal|p1a: Tentacruel|61/272|[from] item: Leftovers\n|-heal|p2a: Quagsire|89/100 psn|[from] item: Leftovers\n|-damage|p2a: Quagsire|76/100 psn|[from] psn\n|upkeep\n|turn|2\n|inactive|Time left: 300 sec this turn | 300 sec total\n|\n|t:|1783550661\n|move|p1a: Tentacruel|Surf|p2a: Quagsire\n|-damage|p2a: Quagsire|45/100 psn\n|move|p2a: Quagsire|Earthquake|p1a: Tentacruel\n|-supereffective|p1a: Tentacruel\n|-damage|p1a: Tentacruel|0 fnt\n|faint|p1a: Tentacruel\n|\n|-heal|p2a: Quagsire|51/100 psn|[from] item: Leftovers\n|-damage|p2a: Quagsire|38/100 psn|[from] psn\n|upkeep\n|inactive|Time left: 300 sec this turn | 300 sec total | 5 sec grace\n|\n|t:|1783550662\n|switch|p1a: Smeargle|Smeargle, L95, F|258/258\n|turn|3\n|inactive|Time left: 300 sec this turn | 300 sec total\n|\n|t:|1783550664\n|move|p1a: Smeargle|Sticky Web|p2a: Quagsire\n|-sidestart|p2: p0y99132b6|move: Sticky Web\n|move|p2a: Quagsire|Recover|p2a: Quagsire\n|-heal|p2a: Quagsire|88/100 psn\n|\n|-heal|p2a: Quagsire|94/100 psn|[from] item: Leftovers\n|-damage|p2a: Quagsire|82/100 psn|[from] psn\n|upkeep\n|turn|4\n|inactive|Time left: 300 sec this turn | 300 sec total\n|\n|t:|1783550665\n|move|p1a: Smeargle|Ceaseless Edge|p2a: Quagsire\n|-damage|p2a: Quagsire|74/100 psn\n|-sidestart|p2: p0y99132b6|Spikes\n|move|p2a: Quagsire|Earthquake|p1a: Smeargle\n|-damage|p1a: Smeargle|92/258\n|\n|-heal|p2a: Quagsire|80/100 psn|[from] item: Leftovers\n|-damage|p2a: Quagsire|68/100 psn|[from] psn\n|upkeep\n|turn|5\n|inactive|Time left: 300 sec this turn | 300 sec total\n|\n|t:|1783550666\n|move|p1a: Smeargle|Ceaseless Edge|p2a: Quagsire\n|-damage|p2a: Quagsire|59/100 psn\n|-sidestart|p2: p0y99132b6|Spikes\n|move|p2a: Quagsire|Earthquake|p1a: Smeargle\n|-damage|p1a: Smeargle|0 fnt\n|faint|p1a: Smeargle\n|\n|-heal|p2a: Quagsire|65/100 psn|[from] item: Leftovers\n|-damage|p2a: Quagsire|53/100 psn|[from] psn\n|upkeep\n|inactive|Time left: 300 sec this turn | 300 sec total | 5 sec grace\n|\n|t:|1783550667\n|switch|p1a: Lumineon|Lumineon, L93, M|279/279\n|turn|6\n|inactive|Time left: 300 sec this turn | 300 sec total\n|\n|t:|1783550668\n|move|p1a: Lumineon|Hydro Pump|p2a: Quagsire\n|-damage|p2a: Quagsire|5/100 psn\n|move|p2a: Quagsire|Recover|p2a: Quagsire\n|-heal|p2a: Quagsire|55/100 psn\n|\n|-heal|p2a: Quagsire|61/100 psn|[from] item: Leftovers\n|-damage|p2a: Quagsire|49/100 psn|[from] psn\n|upkeep\n|turn|7\n|inactive|Time left: 300 sec this turn | 300 sec total\n|\n|t:|1783550669\n|move|p1a: Lumineon|Hydro Pump|p2a: Quagsire\n|-damage|p2a: Quagsire|3/100 psn\n|move|p2a: Quagsire|Recover|p2a: Quagsire\n|-heal|p2a: Quagsire|53/100 psn\n|\n|-heal|p2a: Quagsire|59/100 psn|[from] item: Leftovers\n|-damage|p2a: Quagsire|47/100 psn|[from] psn\n|upkeep\n|turn|8\n|inactive|Time left: 300 sec this turn | 300 sec total\n|\n|t:|1783550670\n|move|p1a: Lumineon|Hydro Pump|p2a: Quagsire\n|-damage|p2a: Quagsire|0 fnt\n|faint|p2a: Quagsire\n|\n|upkeep\n|\n|t:|1783550671\n|switch|p2a: Mienshao|Mienshao, L83, M|100/100\n|-activate|p2a: Mienshao|move: Sticky Web\n|-unboost|p2a: Mienshao|spe|1\n|-damage|p2a: Mienshao|84/100|[from] Spikes\n|turn|9\n|inactive|Time left: 300 sec this turn | 300 sec total\n|\n|t:|1783550672\n|switch|p1a: Okidogi|Okidogi, L77, M|262/262\n|move|p2a: Mienshao|High Jump Kick|p1a: Okidogi\n|-resisted|p1a: Okidogi\n|-damage|p1a: Okidogi|131/262\n|\n|upkeep\n|turn|10\n|inactive|Time left: 300 sec this turn | 300 sec total\n|\n|t:|1783550673\n|move|p1a: Okidogi|Drain Punch|p2a: Mienshao\n|-damage|p2a: Mienshao|41/100\n|-heal|p1a: Okidogi|184/262|[from] drain|[of] p2a: Mienshao\n|move|p2a: Mienshao|High Jump Kick|p1a: Okidogi\n|-resisted|p1a: Okidogi\n|-crit|p1a: Okidogi\n|-damage|p1a: Okidogi|0 fnt\n|faint|p1a: Okidogi\n|\n|upkeep\n|inactive|Time left: 300 sec this turn | 300 sec total | 5 sec grace\n|\n|t:|1783550675\n|switch|p1a: Lumineon|Lumineon, L93, M|279/279\n|turn|11\n|inactive|Time left: 300 sec this turn | 300 sec total\n|\n|t:|1783550676\n|move|p1a: Lumineon|Hydro Pump|p2a: Mienshao|[miss]\n|-miss|p1a: Lumineon|p2a: Mienshao\n|move|p2a: Mienshao|High Jump Kick|p1a: Lumineon\n|-damage|p1a: Lumineon|0 fnt\n|faint|p1a: Lumineon\n|\n|upkeep\n|inactive|Time left: 300 sec this turn | 300 sec total | 5 sec grace\n|\n|t:|1783550677\n|switch|p1a: Spiritomb|Spiritomb, L89, F|234/234\n|turn|12\n|inactive|Time left: 300 sec this turn | 300 sec total\n|\n|t:|1783550678\n|switch|p2a: Granbull|Granbull, L88, M|100/100\n|-activate|p2a: Granbull|move: Sticky Web\n|-unboost|p2a: Granbull|spe|1\n|-damage|p2a: Granbull|84/100|[from] Spikes\n|-ability|p2a: Granbull|Intimidate|boost\n|-unboost|p1a: Spiritomb|atk|1\n|move|p1a: Spiritomb|Foul Play|p2a: Granbull\n|-resisted|p2a: Granbull\n|-damage|p2a: Granbull|59/100\n|\n|-heal|p2a: Granbull|65/100|[from] item: Leftovers\n|upkeep\n|turn|13\n|inactive|Time left: 300 sec this turn | 300 sec total\n|\n|t:|1783550679\n|move|p1a: Spiritomb|Will-O-Wisp|p2a: Granbull\n|-status|p2a: Granbull|brn\n|move|p2a: Granbull|Play Rough|p1a: Spiritomb\n|-supereffective|p1a: Spiritomb\n|-damage|p1a: Spiritomb|134/234\n|\n|-heal|p1a: Spiritomb|148/234|[from] item: Leftovers\n|-heal|p2a: Granbull|71/100 brn|[from] item: Leftovers\n|-damage|p2a: Granbull|65/100 brn|[from] brn\n|upkeep\n|turn|14\n|inactive|Time left: 300 sec this turn | 300 sec total\n|\n|t:|1783550680\n|switch|p1a: Houndstone|Houndstone, L86, M|264/264\n|move|p2a: Granbull|Play Rough|p1a: Houndstone\n|-damage|p1a: Houndstone|237/264\n|\n|-heal|p1a: Houndstone|253/264|[from] item: Leftovers\n|-heal|p2a: Granbull|71/100 brn|[from] item: Leftovers\n|-damage|p2a: Granbull|65/100 brn|[from] brn\n|upkeep\n|turn|15\n|inactive|Time left: 300 sec this turn | 300 sec total\n|\n|t:|1783550681\n|move|p1a: Houndstone|Poltergeist|p2a: Granbull\n|-activate|p2a: Granbull|move: Poltergeist|Leftovers\n|-damage|p2a: Granbull|20/100 brn\n|move|p2a: Granbull|Thunder Wave|p1a: Houndstone\n|-status|p1a: Houndstone|par\n|\n|-heal|p2a: Granbull|26/100 brn|[from] item: Leftovers\n|-heal|p1a: Houndstone|264/264 par|[from] item: Leftovers\n|-damage|p2a: Granbull|20/100 brn|[from] brn\n|upkeep\n|turn|16\n|inactive|Time left: 300 sec this turn | 300 sec total\n|\n|t:|1783550683\n|move|p2a: Granbull|Earthquake|p1a: Houndstone\n|-damage|p1a: Houndstone|223/264 par\n|move|p1a: Houndstone|Body Press|p2a: Granbull\n|-resisted|p2a: Granbull\n|-damage|p2a: Granbull|9/100 brn\n|\n|-heal|p2a: Granbull|15/100 brn|[from] item: Leftovers\n|-heal|p1a: Houndstone|239/264 par|[from] item: Leftovers\n|-damage|p2a: Granbull|9/100 brn|[from] brn\n|upkeep\n|turn|17\n|inactive|Time left: 300 sec this turn | 300 sec total\n|\n|t:|1783550684\n|move|p2a: Granbull|Earthquake|p1a: Houndstone\n|-damage|p1a: Houndstone|200/264 par\n|cant|p1a: Houndstone|par\n|\n|-heal|p2a: Granbull|15/100 brn|[from] item: Leftovers\n|-heal|p1a: Houndstone|216/264 par|[from] item: Leftovers\n|-damage|p2a: Granbull|9/100 brn|[from] brn\n|upkeep\n|turn|18\n|inactive|Time left: 300 sec this turn | 300 sec total\n|\n|t:|1783550685\n|move|p2a: Granbull|Earthquake|p1a: Houndstone\n|-crit|p1a: Houndstone\n|-damage|p1a: Houndstone|152/264 par\n|move|p1a: Houndstone|Poltergeist|p2a: Granbull\n|-activate|p2a: Granbull|move: Poltergeist|Leftovers\n|-damage|p2a: Granbull|0 fnt\n|faint|p2a: Granbull\n|\n|-heal|p1a: Houndstone|168/264 par|[from] item: Leftovers\n|upkeep\n|\n|t:|1783550686\n|switch|p2a: Rayquaza|Rayquaza, L72|100/100\n|-ability|p2a: Rayquaza|Air Lock\n|turn|19\n|inactive|Time left: 300 sec this turn | 300 sec total\n|\n|t:|1783550687\n|move|p2a: Rayquaza|Swords Dance|p2a: Rayquaza\n|-boost|p2a: Rayquaza|atk|2\n|move|p1a: Houndstone|Poltergeist|p2a: Rayquaza\n|-activate|p2a: Rayquaza|move: Poltergeist|Heavy-Duty Boots\n|-damage|p2a: Rayquaza|44/100\n|\n|-heal|p1a: Houndstone|184/264 par|[from] item: Leftovers\n|upkeep\n|turn|20\n|inactive|Time left: 300 sec this turn | 300 sec total\n|\n|t:|1783550688\n|move|p2a: Rayquaza|Earthquake|p1a: Houndstone\n|-damage|p1a: Houndstone|45/264 par\n|move|p1a: Houndstone|Poltergeist|p2a: Rayquaza\n|-activate|p2a: Rayquaza|move: Poltergeist|Heavy-Duty Boots\n|-damage|p2a: Rayquaza|0 fnt\n|faint|p2a: Rayquaza\n|\n|-heal|p1a: Houndstone|61/264 par|[from] item: Leftovers\n|upkeep\n|\n|t:|1783550689\n|switch|p2a: Mienshao|Mienshao, L83, M|41/100\n|-activate|p2a: Mienshao|move: Sticky Web\n|-unboost|p2a: Mienshao|spe|1\n|-damage|p2a: Mienshao|24/100|[from] Spikes\n|turn|21\n|inactive|Time left: 300 sec this turn | 300 sec total\n|\n|t:|1783550690\n|-terastallize|p1a: Houndstone|Fighting\n|move|p2a: Mienshao|Knock Off|p1a: Houndstone\n|-resisted|p1a: Houndstone\n|-damage|p1a: Houndstone|36/264 par\n|-enditem|p1a: Houndstone|Leftovers|[from] move: Knock Off|[of] p2a: Mienshao\n|move|p1a: Houndstone|Rest|p1a: Houndstone\n|-status|p1a: Houndstone|slp|[from] move: Rest\n|-heal|p1a: Houndstone|264/264 slp|[silent]\n|\n|upkeep\n|turn|22\n|inactive|Time left: 300 sec this turn | 300 sec total\n|\n|t:|1783550691\n|cant|p1a: Houndstone|slp\n|move|p1a: Houndstone|Sleep Talk|p1a: Houndstone\n|move|p1a: Houndstone|Body Press|p2a: Mienshao|[from] move: Sleep Talk\n|-damage|p2a: Mienshao|0 fnt\n|faint|p2a: Mienshao\n|\n|upkeep\n|\n|t:|1783550692\n|switch|p2a: Zapdos|Zapdos-Galar, L77|100/100\n|turn|23\n|inactive|Time left: 300 sec this turn | 300 sec total\n|\n|t:|1783550693\n|move|p2a: Zapdos|Brave Bird|p1a: Houndstone\n|-supereffective|p1a: Houndstone\n|-damage|p1a: Houndstone|143/264 slp\n|-damage|p2a: Zapdos|85/100|[from] Recoil\n|cant|p1a: Houndstone|slp\n|move|p1a: Houndstone|Sleep Talk|p1a: Houndstone\n|move|p1a: Houndstone|Rest||[from] move: Sleep Talk|[still]\n|-fail|p1a: Houndstone\n|\n|upkeep\n|turn|24\n|inactive|Time left: 300 sec this turn | 300 sec total\n|\n|t:|1783550694\n|move|p2a: Zapdos|Brave Bird|p1a: Houndstone\n|-supereffective|p1a: Houndstone\n|-damage|p1a: Houndstone|34/264 slp\n|-damage|p2a: Zapdos|72/100|[from] Recoil\n|-curestatus|p1a: Houndstone|slp|[msg]\n|move|p1a: Houndstone|Rest|p1a: Houndstone\n|-status|p1a: Houndstone|slp|[from] move: Rest\n|-heal|p1a: Houndstone|264/264 slp|[silent]\n|\n|upkeep\n|turn|25\n|inactive|Time left: 300 sec this turn | 300 sec total\n|\n|t:|1783550695\n|move|p2a: Zapdos|Brave Bird|p1a: Houndstone\n|-supereffective|p1a: Houndstone\n|-damage|p1a: Houndstone|141/264 slp\n|-damage|p2a: Zapdos|56/100|[from] Recoil\n|cant|p1a: Houndstone|slp\n|move|p1a: Houndstone|Sleep Talk|p1a: Houndstone\n|move|p1a: Houndstone|Rest||[from] move: Sleep Talk|[still]\n|-fail|p1a: Houndstone\n|\n|upkeep\n|turn|26\n|inactive|Time left: 300 sec this turn | 300 sec total\n|\n|t:|1783550696\n|move|p2a: Zapdos|Brave Bird|p1a: Houndstone\n|-supereffective|p1a: Houndstone\n|-damage|p1a: Houndstone|17/264 slp\n|-damage|p2a: Zapdos|41/100|[from] Recoil\n|cant|p1a: Houndstone|slp\n|move|p1a: Houndstone|Sleep Talk|p1a: Houndstone\n|move|p1a: Houndstone|Rest||[from] move: Sleep Talk|[still]\n|-fail|p1a: Houndstone\n|\n|upkeep\n|turn|27\n|inactive|Time left: 300 sec this turn | 300 sec total\n|\n|t:|1783550697\n|move|p2a: Zapdos|Brave Bird|p1a: Houndstone\n|-supereffective|p1a: Houndstone\n|-damage|p1a: Houndstone|0 fnt\n|faint|p1a: Houndstone\n|-damage|p2a: Zapdos|39/100|[from] Recoil\n|\n|upkeep\n|inactive|Time left: 300 sec this turn | 300 sec total | 5 sec grace\n|\n|t:|1783550698\n|switch|p1a: Spiritomb|Spiritomb, L89, F|148/234\n|turn|28\n|inactive|Time left: 300 sec this turn | 300 sec total\n|\n|t:|1783550699\n|-terastallize|p2a: Zapdos|Fighting\n|move|p1a: Spiritomb|Sucker Punch|p2a: Zapdos\n|-resisted|p2a: Zapdos\n|-damage|p2a: Zapdos|22/100\n|move|p2a: Zapdos|Brave Bird|p1a: Spiritomb\n|-damage|p1a: Spiritomb|45/234\n|-damage|p2a: Zapdos|10/100|[from] Recoil\n|\n|-heal|p1a: Spiritomb|59/234|[from] item: Leftovers\n|upkeep\n|turn|29\n|inactive|Time left: 300 sec this turn | 300 sec total\n|\n|t:|1783550700\n|move|p1a: Spiritomb|Sucker Punch|p2a: Zapdos\n|-resisted|p2a: Zapdos\n|-damage|p2a: Zapdos|0 fnt\n|faint|p2a: Zapdos\n|\n|-heal|p1a: Spiritomb|73/234|[from] item: Leftovers\n|upkeep\n|\n|t:|1783550701\n|switch|p2a: Persian|Persian, L92, F|100/100\n|-activate|p2a: Persian|move: Sticky Web\n|-unboost|p2a: Persian|spe|1\n|-damage|p2a: Persian|84/100|[from] Spikes\n|turn|30\n|inactive|Time left: 300 sec this turn | 300 sec total\n|\n|t:|1783550702\n|move|p2a: Persian|Knock Off|p1a: Spiritomb\n|-damage|p1a: Spiritomb|0 fnt\n|-enditem|p1a: Spiritomb|Leftovers|[from] move: Knock Off|[of] p2a: Persian\n|faint|p1a: Spiritomb\n|\n|win|p0y99132b6", "uploadtime": 1783550702, "views": 0, "rating": 0, "private": 0, "password": null, "_winner": "p0y99132b6", "_our_name": "p0x991a6ce"}