{"id": "battle-gen9randombattle-2805", "formatid": "gen9randombattle", "format": "[Gen 9] Random Battle", "players": ["p0x280529e4", "p0y2805d721"], "log": "|init|battle\n|title|p0x280529e4 vs. p0y2805d721\n|j|\u2606p0x280529e4\n|j|\u2606p0y2805d721\n|t:|1783571321\n|gametype|singles\n|player|p1|p0x280529e4|1|\n|player|p2|p0y2805d721|266|\n|gen|9\n|tier|[Gen 9] Random Battle\n|rule|Species Clause: Limit one of each Pok\u00e9mon\n|rule|HP Percentage Mod: HP is shown in percentages\n|rule|Sleep Clause Mod: Limit one foe put to sleep\n|rule|Illusion Level Mod: Illusion disguises the Pok\u00e9mon's true level\n|\n|t:|1783571321\n|teamsize|p1|6\n|teamsize|p2|6\n|start\n|switch|p1a: Pawmot|Pawmot, L80, M|100/100\n|switch|p2a: Rhydon|Rhydon, L85, M|317/317\n|turn|1\n|inactive|Battle timer is ON: inactive players will automatically lose when time's up. (requested by p0x280529e4)\n|inactive|Time left: 300 sec this turn | 300 sec total | 60 sec grace\n|inactive|p0y2805d721 also wants the timer to be on.\n|\n|t:|1783571322\n|switch|p1a: Misdreavus|Misdreavus, L90, M|100/100\n|move|p2a: Rhydon|Earthquake|p1a: Misdreavus\n|-immune|p1a: Misdreavus|[from] ability: Levitate\n|\n|upkeep\n|turn|2\n|inactive|Time left: 300 sec this turn | 300 sec total\n|\n|t:|1783571324\n|move|p1a: Misdreavus|Will-O-Wisp|p2a: Rhydon\n|-status|p2a: Rhydon|brn\n|move|p2a: Rhydon|Swords Dance|p2a: Rhydon\n|-boost|p2a: Rhydon|atk|2\n|\n|-damage|p2a: Rhydon|298/317 brn|[from] brn\n|upkeep\n|turn|3\n|inactive|Time left: 300 sec this turn | 300 sec total\n|\n|t:|1783571325\n|move|p1a: Misdreavus|Calm Mind|p1a: Misdreavus\n|-boost|p1a: Misdreavus|spa|1\n|-boost|p1a: Misdreavus|spd|1\n|move|p2a: Rhydon|Stone Edge|p1a: Misdreavus\n|-crit|p1a: Misdreavus\n|-damage|p1a: Misdreavus|32/100\n|\n|-damage|p2a: Rhydon|279/317 brn|[from] brn\n|upkeep\n|turn|4\n|inactive|Time left: 300 sec this turn | 300 sec total\n|\n|t:|1783571326\n|move|p1a: Misdreavus|Draining Kiss|p2a: Rhydon\n|-damage|p2a: Rhydon|221/317 brn\n|-heal|p1a: Misdreavus|49/100|[from] drain|[of] p2a: Rhydon\n|move|p2a: Rhydon|Stone Edge|p1a: Misdreavus\n|-damage|p1a: Misdreavus|0 fnt\n|faint|p1a: Misdreavus\n|\n|-damage|p2a: Rhydon|202/317 brn|[from] brn\n|upkeep\n|\n|t:|1783571327\n|switch|p1a: Palkia|Palkia, L75|100/100\n|-ability|p1a: Palkia|Pressure\n|turn|5\n|inactive|Time left: 300 sec this turn | 300 sec total\n|\n|t:|1783571328\n|move|p1a: Palkia|Hydro Pump|p2a: Rhydon\n|-supereffective|p2a: Rhydon\n|-damage|p2a: Rhydon|0 fnt\n|faint|p2a: Rhydon\n|\n|upkeep\n|inactive|Time left: 300 sec this turn | 300 sec total | 5 sec grace\n|\n|t:|1783571329\n|switch|p2a: Ariados|Ariados, L95, F|287/287\n|turn|6\n|inactive|Time left: 300 sec this turn | 300 sec total\n|\n|t:|1783571330\n|move|p1a: Palkia|Hydro Pump|p2a: Ariados\n|-damage|p2a: Ariados|82/287\n|move|p2a: Ariados|Sticky Web|p1a: Palkia\n|-sidestart|p1: p0x280529e4|move: Sticky Web\n|\n|upkeep\n|turn|7\n|inactive|Time left: 300 sec this turn | 300 sec total\n|\n|t:|1783571331\n|switch|p2a: Uxie|Uxie, L83|260/260\n|move|p1a: Palkia|Hydro Pump|p2a: Uxie\n|-damage|p2a: Uxie|107/260\n|\n|-heal|p2a: Uxie|123/260|[from] item: Leftovers\n|upkeep\n|turn|8\n|inactive|Time left: 300 sec this turn | 300 sec total\n|\n|t:|1783571333\n|move|p2a: Uxie|Stealth Rock|p1a: Palkia\n|-sidestart|p1: p0x280529e4|move: Stealth Rock\n|move|p1a: Palkia|Hydro Pump|p2a: Uxie|[miss]\n|-miss|p1a: Palkia|p2a: Uxie\n|\n|-heal|p2a: Uxie|139/260|[from] item: Leftovers\n|upkeep\n|turn|9\n|inactive|Time left: 300 sec this turn | 300 sec total\n|\n|t:|1783571334\n|move|p2a: Uxie|Thunder Wave|p1a: Palkia\n|-status|p1a: Palkia|par\n|move|p1a: Palkia|Hydro Pump|p2a: Uxie\n|-damage|p2a: Uxie|0 fnt\n|faint|p2a: Uxie\n|\n|upkeep\n|inactive|Time left: 300 sec this turn | 300 sec total | 5 sec grace\n|\n|t:|1783571335\n|switch|p2a: Ariados|Ariados, L95, F|82/287\n|turn|10\n|inactive|Time left: 300 sec this turn | 300 sec total\n|\n|t:|1783571336\n|move|p2a: Ariados|Megahorn|p1a: Palkia\n|-damage|p1a: Palkia|3/100 par\n|move|p1a: Palkia|Hydro Pump|p2a: Ariados|[miss]\n|-miss|p1a: Palkia|p2a: Ariados\n|\n|upkeep\n|turn|11\n|inactive|Time left: 300 sec this turn | 300 sec total\n|\n|t:|1783571337\n|move|p2a: Ariados|Megahorn|p1a: Palkia\n|-damage|p1a: Palkia|0 fnt\n|faint|p1a: Palkia\n|\n|upkeep\n|\n|t:|1783571338\n|switch|p1a: Raichu|Raichu-Alola, L87, F|100/100\n|-activate|p1a: Raichu|move: Sticky Web\n|-unboost|p1a: Raichu|spe|1\n|-damage|p1a: Raichu|88/100|[from] Stealth Rock\n|turn|12\n|inactive|Time left: 300 sec this turn | 300 sec total\n|\n|t:|1783571339\n|move|p2a: Ariados|Sucker Punch|p1a: Raichu\n|-supereffective|p1a: Raichu\n|-damage|p1a: Raichu|14/100\n|move|p1a: Raichu|Thunderbolt|p2a: Ariados\n|-damage|p2a: Ariados|0 fnt\n|faint|p2a: Ariados\n|\n|upkeep\n|inactive|Time left: 300 sec this turn | 300 sec total | 5 sec grace\n|\n|t:|1783571340\n|switch|p2a: Iron Moth|Iron Moth, L78|253/253\n|turn|13\n|inactive|Time left: 300 sec this turn | 300 sec total\n|\n|t:|1783571341\n|switch|p1a: Probopass|Probopass, L91, M|100/100\n|-activate|p1a: Probopass|move: Sticky Web\n|-unboost|p1a: Probopass|spe|1\n|-damage|p1a: Probopass|94/100|[from] Stealth Rock\n|move|p2a: Iron Moth|Sludge Wave|p1a: Probopass\n|-immune|p1a: Probopass\n|\n|-heal|p1a: Probopass|100/100|[from] item: Leftovers\n|upkeep\n|turn|14\n|inactive|Time left: 300 sec this turn | 300 sec total\n|\n|t:|1783571342\n|move|p2a: Iron Moth|Sludge Wave|p1a: Probopass\n|-immune|p1a: Probopass\n|move|p1a: Probopass|Power Gem|p2a: Iron Moth\n|-supereffective|p2a: Iron Moth\n|-damage|p2a: Iron Moth|97/253\n|\n|upkeep\n|turn|15\n|inactive|Time left: 300 sec this turn | 300 sec total\n|\n|t:|1783571343\n|-end|p2a: Iron Moth|Quark Drive|[silent]\n|switch|p2a: Klefki|Klefki, L84, F|233/233\n|move|p1a: Probopass|Power Gem|p2a: Klefki\n|-resisted|p2a: Klefki\n|-damage|p2a: Klefki|195/233\n|\n|-heal|p2a: Klefki|209/233|[from] item: Leftovers\n|upkeep\n|turn|16\n|inactive|Time left: 300 sec this turn | 300 sec total\n|\n|t:|1783571344\n|move|p2a: Klefki|Thunder Wave|p1a: Probopass\n|-status|p1a: Probopass|par\n|cant|p1a: Probopass|par\n|\n|-heal|p2a: Klefki|223/233|[from] item: Leftovers\n|upkeep\n|turn|17\n|inactive|Time left: 300 sec this turn | 300 sec total\n|\n|t:|1783571345\n|move|p2a: Klefki|Spikes|p1a: Probopass\n|-sidestart|p1: p0x280529e4|Spikes\n|move|p1a: Probopass|Flash Cannon|p2a: Klefki\n|-damage|p2a: Klefki|141/233\n|\n|-heal|p2a: Klefki|155/233|[from] item: Leftovers\n|upkeep\n|turn|18\n|inactive|Time left: 300 sec this turn | 300 sec total\n|\n|t:|1783571346\n|move|p2a: Klefki|Spikes|p1a: Probopass\n|-sidestart|p1: p0x280529e4|Spikes\n|move|p1a: Probopass|Body Press|p2a: Klefki\n|-damage|p2a: Klefki|61/233\n|\n|-heal|p2a: Klefki|75/233|[from] item: Leftovers\n|upkeep\n|turn|19\n|inactive|Time left: 300 sec this turn | 300 sec total\n|\n|t:|1783571347\n|move|p2a: Klefki|Spikes|p1a: Probopass\n|-sidestart|p1: p0x280529e4|Spikes\n|move|p1a: Probopass|Body Press|p2a: Klefki\n|-damage|p2a: Klefki|0 fnt\n|faint|p2a: Klefki\n|\n|upkeep\n|inactive|Time left: 300 sec this turn | 300 sec total | 5 sec grace\n|\n|t:|1783571348\n|switch|p2a: Urshifu|Urshifu, L74, F|270/270\n|turn|20\n|inactive|Time left: 300 sec this turn | 300 sec total\n|\n|t:|1783571349\n|switch|p2a: Iron Moth|Iron Moth, L78|97/253\n|-terastallize|p1a: Probopass|Fighting\n|cant|p1a: Probopass|par\n|\n|upkeep\n|turn|21\n|inactive|Time left: 300 sec this turn | 300 sec total\n|\n|t:|1783571350\n|move|p2a: Iron Moth|Sludge Wave|p1a: Probopass\n|-damage|p1a: Probopass|62/100 par\n|move|p1a: Probopass|Power Gem|p2a: Iron Moth\n|-supereffective|p2a: Iron Moth\n|-damage|p2a: Iron Moth|0 fnt\n|faint|p2a: Iron Moth\n|-end|p2a: Iron Moth|Quark Drive|[silent]\n|\n|-heal|p1a: Probopass|68/100 par|[from] item: Leftovers\n|upkeep\n|inactive|Time left: 300 sec this turn | 300 sec total | 5 sec grace\n|\n|t:|1783571351\n|switch|p2a: Urshifu|Urshifu, L74, F|270/270\n|turn|22\n|inactive|Time left: 300 sec this turn | 300 sec total\n|\n|t:|1783571351\n|move|p2a: Urshifu|Swords Dance|p2a: Urshifu\n|-boost|p2a: Urshifu|atk|2\n|move|p1a: Probopass|Body Press|p2a: Urshifu\n|-supereffective|p2a: Urshifu\n|-damage|p2a: Urshifu|6/270\n|\n|-heal|p1a: Probopass|74/100 par|[from] item: Leftovers\n|upkeep\n|turn|23\n|inactive|Time left: 300 sec this turn | 300 sec total\n|\n|t:|1783571352\n|-terastallize|p2a: Urshifu|Dark\n|move|p2a: Urshifu|Swords Dance|p2a: Urshifu\n|-boost|p2a: Urshifu|atk|2\n|move|p1a: Probopass|Body Press|p2a: Urshifu\n|-supereffective|p2a: Urshifu\n|-damage|p2a: Urshifu|0 fnt\n|faint|p2a: Urshifu\n|\n|win|p0x280529e4", "uploadtime": 1783571352, "views": 0, "rating": 0, "private": 0, "password": null, "_winner": "p0x280529e4", "_our_name": "p0y2805d721"}