{"id": "battle-gen9randombattle-192", "formatid": "gen9randombattle", "format": "[Gen 9] Random Battle", "players": ["p0x1920a6a", "p0y1921330"], "log": "|init|battle\n|title|p0x1920a6a vs. p0y1921330\n|j|\u2606p0x1920a6a\n|j|\u2606p0y1921330\n|t:|1783541792\n|gametype|singles\n|player|p1|p0x1920a6a|169|\n|player|p2|p0y1921330|265|\n|gen|9\n|tier|[Gen 9] Random Battle\n|rule|Species Clause: Limit one of each Pok\u00e9mon\n|rule|HP Percentage Mod: HP is shown in percentages\n|rule|Sleep Clause Mod: Limit one foe put to sleep\n|rule|Illusion Level Mod: Illusion disguises the Pok\u00e9mon's true level\n|\n|t:|1783541792\n|teamsize|p1|6\n|teamsize|p2|6\n|start\n|switch|p1a: Scream Tail|Scream Tail, L84|100/100\n|switch|p2a: Kingdra|Kingdra, L84, M|263/263\n|turn|1\n|inactive|Battle timer is ON: inactive players will automatically lose when time's up. (requested by p0y1921330)\n|inactive|p0x1920a6a also wants the timer to be on.\n|\n|t:|1783541794\n|switch|p2a: Zacian|Zacian-Crowned, L64|225/225\n|-ability|p2a: Zacian|Intrepid Sword|boost\n|-boost|p2a: Zacian|atk|1\n|move|p1a: Scream Tail|Dazzling Gleam|p2a: Zacian\n|-resisted|p2a: Zacian\n|-damage|p2a: Zacian|190/225\n|\n|upkeep\n|turn|2\n|inactive|Time left: 300 sec this turn | 300 sec total\n|\n|t:|1783541795\n|-end|p1a: Scream Tail|Protosynthesis|[silent]\n|switch|p1a: Typhlosion|Typhlosion, L84, M|100/100\n|move|p2a: Zacian|Swords Dance|p2a: Zacian\n|-boost|p2a: Zacian|atk|2\n|\n|upkeep\n|turn|3\n|inactive|Time left: 300 sec this turn | 300 sec total\n|\n|t:|1783541796\n|-terastallize|p2a: Zacian|Fighting\n|move|p1a: Typhlosion|Eruption|p2a: Zacian\n|-damage|p2a: Zacian|12/225\n|move|p2a: Zacian|Close Combat|p1a: Typhlosion\n|-damage|p1a: Typhlosion|0 fnt\n|-unboost|p2a: Zacian|def|1\n|-unboost|p2a: Zacian|spd|1\n|faint|p1a: Typhlosion\n|\n|upkeep\n|\n|t:|1783541797\n|switch|p1a: Scream Tail|Scream Tail, L84|100/100\n|turn|4\n|inactive|Time left: 300 sec this turn | 300 sec total\n|\n|t:|1783541798\n|switch|p2a: Metagross|Metagross, L79|256/256\n|move|p1a: Scream Tail|Dazzling Gleam|p2a: Metagross\n|-resisted|p2a: Metagross\n|-damage|p2a: Metagross|222/256\n|\n|-heal|p2a: Metagross|238/256|[from] item: Leftovers\n|upkeep\n|turn|5\n|inactive|Time left: 300 sec this turn | 300 sec total\n|\n|t:|1783541800\n|-end|p1a: Scream Tail|Protosynthesis|[silent]\n|switch|p1a: Leafeon|Leafeon, L88, F|100/100\n|move|p2a: Metagross|Stealth Rock|p1a: Leafeon\n|-sidestart|p1: p0x1920a6a|move: Stealth Rock\n|\n|-heal|p2a: Metagross|254/256|[from] item: Leftovers\n|upkeep\n|turn|6\n|inactive|Time left: 300 sec this turn | 300 sec total\n|\n|t:|1783541801\n|move|p1a: Leafeon|Swords Dance|p1a: Leafeon\n|-boost|p1a: Leafeon|atk|2\n|move|p2a: Metagross|Heavy Slam|p1a: Leafeon\n|-damage|p1a: Leafeon|62/100\n|\n|-heal|p1a: Leafeon|68/100|[from] item: Leftovers\n|-heal|p2a: Metagross|256/256|[from] item: Leftovers\n|upkeep\n|turn|7\n|inactive|Time left: 300 sec this turn | 300 sec total\n|\n|t:|1783541802\n|move|p1a: Leafeon|Leaf Blade|p2a: Metagross\n|-resisted|p2a: Metagross\n|-damage|p2a: Metagross|163/256\n|move|p2a: Metagross|Heavy Slam|p1a: Leafeon\n|-damage|p1a: Leafeon|25/100\n|\n|-heal|p1a: Leafeon|31/100|[from] item: Leftovers\n|-heal|p2a: Metagross|179/256|[from] item: Leftovers\n|upkeep\n|turn|8\n|inactive|Time left: 300 sec this turn | 300 sec total\n|\n|t:|1783541804\n|move|p1a: Leafeon|Leaf Blade|p2a: Metagross\n|-resisted|p2a: Metagross\n|-damage|p2a: Metagross|84/256\n|move|p2a: Metagross|Heavy Slam|p1a: Leafeon\n|-damage|p1a: Leafeon|0 fnt\n|faint|p1a: Leafeon\n|\n|-heal|p2a: Metagross|100/256|[from] item: Leftovers\n|upkeep\n|\n|t:|1783541805\n|switch|p1a: Rhyperior|Rhyperior, L82, M|100/100\n|-damage|p1a: Rhyperior|94/100|[from] Stealth Rock\n|turn|9\n|inactive|Time left: 300 sec this turn | 300 sec total\n|\n|t:|1783541806\n|move|p2a: Metagross|Knock Off|p1a: Rhyperior\n|-damage|p1a: Rhyperior|76/100\n|-enditem|p1a: Rhyperior|Assault Vest|[from] move: Knock Off|[of] p2a: Metagross\n|move|p1a: Rhyperior|Earthquake|p2a: Metagross\n|-supereffective|p2a: Metagross\n|-damage|p2a: Metagross|0 fnt\n|faint|p2a: Metagross\n|\n|upkeep\n|inactive|Time left: 300 sec this turn | 300 sec total | 5 sec grace\n|\n|t:|1783541807\n|switch|p2a: Pelipper|Pelipper, L86, F|243/243\n|-weather|RainDance|[from] ability: Drizzle|[of] p2a: Pelipper\n|turn|10\n|inactive|Time left: 300 sec this turn | 300 sec total\n|\n|t:|1783541808\n|-terastallize|p1a: Rhyperior|Grass\n|move|p2a: Pelipper|Weather Ball|p1a: Rhyperior\n|-resisted|p1a: Rhyperior\n|-damage|p1a: Rhyperior|20/100\n|move|p1a: Rhyperior|Stone Edge|p2a: Pelipper\n|-supereffective|p2a: Pelipper\n|-damage|p2a: Pelipper|7/243\n|\n|-weather|RainDance|[upkeep]\n|upkeep\n|turn|11\n|inactive|Time left: 300 sec this turn | 300 sec total\n|\n|t:|1783541809\n|move|p2a: Pelipper|Weather Ball|p1a: Rhyperior\n|-resisted|p1a: Rhyperior\n|-damage|p1a: Rhyperior|0 fnt\n|faint|p1a: Rhyperior\n|\n|-weather|RainDance|[upkeep]\n|upkeep\n|\n|t:|1783541810\n|switch|p1a: Venomoth|Venomoth, L84, M|100/100\n|turn|12\n|inactive|Time left: 300 sec this turn | 300 sec total\n|\n|t:|1783541811\n|switch|p2a: Kingdra|Kingdra, L84, M|263/263\n|move|p1a: Venomoth|Sludge Wave|p2a: Kingdra\n|-damage|p2a: Kingdra|175/263\n|\n|-weather|RainDance|[upkeep]\n|upkeep\n|turn|13\n|inactive|Time left: 300 sec this turn | 300 sec total\n|\n|t:|1783541812\n|switch|p1a: Scream Tail|Scream Tail, L84|100/100\n|-damage|p1a: Scream Tail|88/100|[from] Stealth Rock\n|move|p2a: Kingdra|Wave Crash|p1a: Scream Tail\n|-damage|p1a: Scream Tail|26/100\n|-damage|p2a: Kingdra|108/263|[from] Recoil\n|-damage|p2a: Kingdra|82/263|[from] item: Life Orb\n|\n|-weather|RainDance|[upkeep]\n|-heal|p1a: Scream Tail|32/100|[from] item: Leftovers\n|upkeep\n|turn|14\n|inactive|Time left: 300 sec this turn | 300 sec total\n|\n|t:|1783541813\n|move|p2a: Kingdra|Wave Crash|p1a: Scream Tail\n|-damage|p1a: Scream Tail|0 fnt\n|faint|p1a: Scream Tail\n|-end|p1a: Scream Tail|Protosynthesis|[silent]\n|-damage|p2a: Kingdra|47/263|[from] Recoil\n|-damage|p2a: Kingdra|21/263|[from] item: Life Orb\n|\n|-weather|none\n|upkeep\n|\n|t:|1783541814\n|switch|p1a: Venomoth|Venomoth, L84, M|100/100\n|turn|15\n|inactive|Time left: 300 sec this turn | 300 sec total\n|\n|t:|1783541815\n|move|p1a: Venomoth|Sludge Wave|p2a: Kingdra\n|-damage|p2a: Kingdra|0 fnt\n|faint|p2a: Kingdra\n|\n|upkeep\n|inactive|Time left: 300 sec this turn | 300 sec total | 5 sec grace\n|\n|t:|1783541816\n|switch|p2a: Zacian|Zacian-Crowned, L64, tera:Fighting|12/225\n|turn|16\n|inactive|Time left: 300 sec this turn | 300 sec total\n|\n|t:|1783541817\n|move|p2a: Zacian|Behemoth Blade|p1a: Venomoth\n|-damage|p1a: Venomoth|54/100\n|move|p1a: Venomoth|Quiver Dance|p1a: Venomoth\n|-boost|p1a: Venomoth|spa|1\n|-boost|p1a: Venomoth|spd|1\n|-boost|p1a: Venomoth|spe|1\n|\n|upkeep\n|turn|17\n|inactive|Time left: 300 sec this turn | 300 sec total\n|\n|t:|1783541818\n|move|p1a: Venomoth|Quiver Dance|p1a: Venomoth\n|-boost|p1a: Venomoth|spa|1\n|-boost|p1a: Venomoth|spd|1\n|-boost|p1a: Venomoth|spe|1\n|move|p2a: Zacian|Behemoth Blade|p1a: Venomoth\n|-damage|p1a: Venomoth|10/100\n|\n|upkeep\n|turn|18\n|inactive|Time left: 300 sec this turn | 300 sec total\n|\n|t:|1783541819\n|move|p1a: Venomoth|Sludge Wave|p2a: Zacian\n|-damage|p2a: Zacian|0 fnt\n|faint|p2a: Zacian\n|\n|upkeep\n|inactive|Time left: 300 sec this turn | 300 sec total | 5 sec grace\n|\n|t:|1783541821\n|switch|p2a: Bellibolt|Bellibolt, L84, F|320/320\n|turn|19\n|inactive|Time left: 300 sec this turn | 300 sec total\n|\n|t:|1783541822\n|move|p1a: Venomoth|Sleep Powder|p2a: Bellibolt|[miss]\n|-miss|p1a: Venomoth|p2a: Bellibolt\n|move|p2a: Bellibolt|Thunderbolt|p1a: Venomoth\n|-damage|p1a: Venomoth|0 fnt\n|faint|p1a: Venomoth\n|\n|upkeep\n|\n|t:|1783541823\n|switch|p1a: Beartic|Beartic, L91, M|100/100\n|turn|20\n|inactive|Time left: 300 sec this turn | 300 sec total\n|\n|t:|1783541824\n|move|p1a: Beartic|Icicle Crash|p2a: Bellibolt\n|-damage|p2a: Bellibolt|202/320\n|-start|p2a: Bellibolt|Charge|Icicle Crash|[from] ability: Electromorphosis\n|move|p2a: Bellibolt|Toxic|p1a: Beartic\n|-status|p1a: Beartic|tox\n|\n|-heal|p2a: Bellibolt|222/320|[from] item: Leftovers\n|-damage|p1a: Beartic|94/100 tox|[from] psn\n|upkeep\n|turn|21\n|inactive|Time left: 300 sec this turn | 300 sec total\n|\n|t:|1783541825\n|move|p1a: Beartic|Icicle Crash|p2a: Bellibolt\n|-damage|p2a: Bellibolt|93/320\n|-start|p2a: Bellibolt|Charge|Icicle Crash|[from] ability: Electromorphosis\n|cant|p2a: Bellibolt|flinch\n|-end|p2a: Bellibolt|Charge|[silent]\n|\n|-heal|p2a: Bellibolt|113/320|[from] item: Leftovers\n|-damage|p1a: Beartic|82/100 tox|[from] psn\n|upkeep\n|turn|22\n|inactive|Time left: 300 sec this turn | 300 sec total\n|\n|t:|1783541826\n|move|p1a: Beartic|Icicle Crash|p2a: Bellibolt\n|-damage|p2a: Bellibolt|0 fnt\n|faint|p2a: Bellibolt\n|\n|-damage|p1a: Beartic|63/100 tox|[from] psn\n|upkeep\n|inactive|Time left: 300 sec this turn | 300 sec total | 5 sec grace\n|\n|t:|1783541827\n|switch|p2a: Pelipper|Pelipper, L86, F|7/243\n|-weather|RainDance|[from] ability: Drizzle|[of] p2a: Pelipper\n|turn|23\n|inactive|Time left: 300 sec this turn | 300 sec total\n|\n|t:|1783541828\n|move|p2a: Pelipper|Weather Ball|p1a: Beartic\n|-damage|p1a: Beartic|0 fnt\n|faint|p1a: Beartic\n|\n|win|p0y1921330", "uploadtime": 1783541828, "views": 0, "rating": 0, "private": 0, "password": null, "_winner": "p0y1921330", "_our_name": "p0y1921330"}