{"id": "battle-gen9randombattle-480", "formatid": "gen9randombattle", "format": "[Gen 9] Random Battle", "players": ["p0x4803e99", "p0y48074ad"], "log": "|init|battle\n|title|p0x4803e99 vs. p0y48074ad\n|j|\u2606p0x4803e99\n|j|\u2606p0y48074ad\n|t:|1783544614\n|gametype|singles\n|player|p1|p0x4803e99|169|\n|player|p2|p0y48074ad|265|\n|gen|9\n|tier|[Gen 9] Random Battle\n|rule|Species Clause: Limit one of each Pok\u00e9mon\n|rule|HP Percentage Mod: HP is shown in percentages\n|rule|Sleep Clause Mod: Limit one foe put to sleep\n|rule|Illusion Level Mod: Illusion disguises the Pok\u00e9mon's true level\n|\n|t:|1783544614\n|teamsize|p1|6\n|teamsize|p2|6\n|start\n|switch|p1a: Sneasler|Sneasler, L74, M|240/240\n|switch|p2a: Swampert|Swampert, L83, M|100/100\n|turn|1\n|inactive|Battle timer is ON: inactive players will automatically lose when time's up. (requested by p0x4803e99)\n|inactive|p0y48074ad also wants the timer to be on.\n|\n|t:|1783544616\n|move|p1a: Sneasler|Close Combat|p2a: Swampert\n|-damage|p2a: Swampert|36/100\n|-unboost|p1a: Sneasler|def|1\n|-unboost|p1a: Sneasler|spd|1\n|move|p2a: Swampert|Earthquake|p1a: Sneasler\n|-supereffective|p1a: Sneasler\n|-damage|p1a: Sneasler|0 fnt\n|faint|p1a: Sneasler\n|\n|-heal|p2a: Swampert|42/100|[from] item: Leftovers\n|upkeep\n|inactive|Time left: 300 sec this turn | 300 sec total | 65 sec grace\n|\n|t:|1783544617\n|switch|p1a: Primarina|Primarina, L83, F|268/268\n|turn|2\n|inactive|Time left: 300 sec this turn | 300 sec total\n|\n|t:|1783544618\n|move|p1a: Primarina|Moonblast|p2a: Swampert\n|-damage|p2a: Swampert|0 fnt\n|faint|p2a: Swampert\n|\n|upkeep\n|\n|t:|1783544619\n|switch|p2a: Revavroom|Revavroom, L79, F|100/100\n|turn|3\n|inactive|Time left: 300 sec this turn | 300 sec total\n|\n|t:|1783544620\n|switch|p1a: Arboliva|Arboliva, L91, F|290/290\n|move|p2a: Revavroom|Shift Gear|p2a: Revavroom\n|-boost|p2a: Revavroom|spe|2\n|-boost|p2a: Revavroom|atk|1\n|\n|upkeep\n|turn|4\n|inactive|Time left: 300 sec this turn | 300 sec total\n|\n|t:|1783544621\n|-terastallize|p1a: Arboliva|Ground\n|move|p2a: Revavroom|Gunk Shot|p1a: Arboliva\n|-resisted|p1a: Arboliva\n|-damage|p1a: Arboliva|173/290\n|-status|p1a: Arboliva|psn\n|-fieldstart|move: Grassy Terrain|[from] ability: Seed Sower|[of] p1a: Arboliva\n|-damage|p2a: Revavroom|91/100|[from] item: Life Orb\n|move|p1a: Arboliva|Earth Power|p2a: Revavroom\n|-supereffective|p2a: Revavroom\n|-damage|p2a: Revavroom|0 fnt\n|faint|p2a: Revavroom\n|\n|-heal|p1a: Arboliva|191/290 psn|[from] Grassy Terrain\n|-heal|p1a: Arboliva|209/290 psn|[from] item: Leftovers\n|-damage|p1a: Arboliva|173/290 psn|[from] psn\n|upkeep\n|\n|t:|1783544621\n|switch|p2a: Bellossom|Bellossom, L84, M|100/100\n|turn|5\n|inactive|Time left: 300 sec this turn | 300 sec total\n|\n|t:|1783544622\n|move|p2a: Bellossom|Quiver Dance|p2a: Bellossom\n|-boost|p2a: Bellossom|spa|1\n|-boost|p2a: Bellossom|spd|1\n|-boost|p2a: Bellossom|spe|1\n|move|p1a: Arboliva|Strength Sap|p2a: Bellossom\n|-unboost|p2a: Bellossom|atk|1\n|-heal|p1a: Arboliva|290/290 psn\n|\n|-damage|p1a: Arboliva|254/290 psn|[from] psn\n|upkeep\n|turn|6\n|inactive|Time left: 300 sec this turn | 300 sec total\n|\n|t:|1783544623\n|switch|p1a: Muk|Muk, L86, M|321/321\n|move|p2a: Bellossom|Quiver Dance|p2a: Bellossom\n|-boost|p2a: Bellossom|spa|1\n|-boost|p2a: Bellossom|spd|1\n|-boost|p2a: Bellossom|spe|1\n|\n|upkeep\n|turn|7\n|inactive|Time left: 300 sec this turn | 300 sec total\n|\n|t:|1783544624\n|move|p2a: Bellossom|Strength Sap|p1a: Muk\n|-unboost|p1a: Muk|atk|1\n|move|p1a: Muk|Poison Jab|p2a: Bellossom\n|-supereffective|p2a: Bellossom\n|-damage|p2a: Bellossom|50/100\n|-status|p2a: Bellossom|psn\n|\n|-heal|p2a: Bellossom|56/100 psn|[from] Grassy Terrain\n|-heal|p2a: Bellossom|62/100 psn|[from] item: Leftovers\n|-damage|p2a: Bellossom|50/100 psn|[from] psn\n|upkeep\n|turn|8\n|inactive|Time left: 300 sec this turn | 300 sec total\n|\n|t:|1783544625\n|move|p2a: Bellossom|Strength Sap|p1a: Muk\n|-unboost|p1a: Muk|atk|1\n|-heal|p2a: Bellossom|100/100 psn\n|move|p1a: Muk|Poison Jab|p2a: Bellossom\n|-supereffective|p2a: Bellossom\n|-damage|p2a: Bellossom|66/100 psn\n|\n|-heal|p2a: Bellossom|72/100 psn|[from] Grassy Terrain\n|-heal|p2a: Bellossom|78/100 psn|[from] item: Leftovers\n|-damage|p2a: Bellossom|66/100 psn|[from] psn\n|-fieldend|move: Grassy Terrain\n|upkeep\n|turn|9\n|inactive|Time left: 300 sec this turn | 300 sec total\n|\n|t:|1783544626\n|move|p2a: Bellossom|Giga Drain|p1a: Muk\n|-resisted|p1a: Muk\n|-damage|p1a: Muk|278/321\n|-heal|p2a: Bellossom|74/100 psn|[from] drain|[of] p1a: Muk\n|move|p1a: Muk|Poison Jab|p2a: Bellossom\n|-supereffective|p2a: Bellossom\n|-damage|p2a: Bellossom|39/100 psn\n|\n|-heal|p2a: Bellossom|45/100 psn|[from] item: Leftovers\n|-damage|p2a: Bellossom|33/100 psn|[from] psn\n|upkeep\n|turn|10\n|inactive|Time left: 300 sec this turn | 300 sec total\n|\n|t:|1783544628\n|move|p2a: Bellossom|Strength Sap|p1a: Muk\n|-unboost|p1a: Muk|atk|1\n|-heal|p2a: Bellossom|77/100 psn\n|move|p1a: Muk|Poison Jab|p2a: Bellossom\n|-supereffective|p2a: Bellossom\n|-damage|p2a: Bellossom|49/100 psn\n|\n|-heal|p2a: Bellossom|55/100 psn|[from] item: Leftovers\n|-damage|p2a: Bellossom|43/100 psn|[from] psn\n|upkeep\n|turn|11\n|inactive|Time left: 300 sec this turn | 300 sec total\n|\n|t:|1783544629\n|move|p2a: Bellossom|Strength Sap|p1a: Muk\n|-unboost|p1a: Muk|atk|1\n|-heal|p2a: Bellossom|78/100 psn\n|move|p1a: Muk|Knock Off|p2a: Bellossom\n|-damage|p2a: Bellossom|68/100 psn\n|-enditem|p2a: Bellossom|Leftovers|[from] move: Knock Off|[of] p1a: Muk\n|\n|-damage|p2a: Bellossom|56/100 psn|[from] psn\n|upkeep\n|turn|12\n|inactive|Time left: 300 sec this turn | 300 sec total\n|\n|t:|1783544630\n|move|p2a: Bellossom|Strength Sap|p1a: Muk\n|-unboost|p1a: Muk|atk|1\n|-heal|p2a: Bellossom|85/100 psn\n|move|p1a: Muk|Poison Jab|p2a: Bellossom\n|-supereffective|p2a: Bellossom\n|-damage|p2a: Bellossom|64/100 psn\n|\n|-damage|p2a: Bellossom|52/100 psn|[from] psn\n|upkeep\n|turn|13\n|inactive|Time left: 300 sec this turn | 300 sec total\n|\n|t:|1783544631\n|move|p2a: Bellossom|Strength Sap|p1a: Muk\n|-unboost|p1a: Muk|atk|1\n|-heal|p2a: Bellossom|77/100 psn\n|move|p1a: Muk|Poison Jab|p2a: Bellossom\n|-supereffective|p2a: Bellossom\n|-damage|p2a: Bellossom|61/100 psn\n|\n|-damage|p2a: Bellossom|49/100 psn|[from] psn\n|upkeep\n|turn|14\n|inactive|Time left: 300 sec this turn | 300 sec total\n|\n|t:|1783544632\n|move|p2a: Bellossom|Giga Drain|p1a: Muk\n|-resisted|p1a: Muk\n|-damage|p1a: Muk|233/321\n|-heal|p2a: Bellossom|58/100 psn|[from] drain|[of] p1a: Muk\n|move|p1a: Muk|Poison Jab|p2a: Bellossom\n|-supereffective|p2a: Bellossom\n|-damage|p2a: Bellossom|39/100 psn\n|\n|-damage|p2a: Bellossom|26/100 psn|[from] psn\n|upkeep\n|turn|15\n|inactive|Time left: 300 sec this turn | 300 sec total\n|\n|t:|1783544634\n|move|p2a: Bellossom|Giga Drain|p1a: Muk\n|-resisted|p1a: Muk\n|-damage|p1a: Muk|185/321\n|-heal|p2a: Bellossom|35/100 psn|[from] drain|[of] p1a: Muk\n|move|p1a: Muk|Poison Jab|p2a: Bellossom\n|-supereffective|p2a: Bellossom\n|-damage|p2a: Bellossom|19/100 psn\n|\n|-damage|p2a: Bellossom|7/100 psn|[from] psn\n|upkeep\n|turn|16\n|inactive|Time left: 300 sec this turn | 300 sec total\n|\n|t:|1783544635\n|move|p2a: Bellossom|Giga Drain|p1a: Muk\n|-resisted|p1a: Muk\n|-damage|p1a: Muk|140/321\n|-heal|p2a: Bellossom|15/100 psn|[from] drain|[of] p1a: Muk\n|move|p1a: Muk|Poison Jab|p2a: Bellossom\n|-supereffective|p2a: Bellossom\n|-damage|p2a: Bellossom|0 fnt\n|faint|p2a: Bellossom\n|\n|upkeep\n|\n|t:|1783544636\n|switch|p2a: Vivillon|Vivillon-Polar, L83, F|100/100\n|turn|17\n|inactive|Time left: 300 sec this turn | 300 sec total\n|\n|t:|1783544637\n|switch|p1a: Primarina|Primarina, L83, F|268/268\n|move|p2a: Vivillon|Quiver Dance|p2a: Vivillon\n|-boost|p2a: Vivillon|spa|1\n|-boost|p2a: Vivillon|spd|1\n|-boost|p2a: Vivillon|spe|1\n|\n|upkeep\n|turn|18\n|inactive|Time left: 300 sec this turn | 300 sec total\n|\n|t:|1783544638\n|move|p2a: Vivillon|Quiver Dance|p2a: Vivillon\n|-boost|p2a: Vivillon|spa|1\n|-boost|p2a: Vivillon|spd|1\n|-boost|p2a: Vivillon|spe|1\n|move|p1a: Primarina|Moonblast|p2a: Vivillon\n|-damage|p2a: Vivillon|50/100\n|-unboost|p2a: Vivillon|spa|1\n|\n|upkeep\n|turn|19\n|inactive|Time left: 300 sec this turn | 300 sec total\n|\n|t:|1783544639\n|move|p2a: Vivillon|Sleep Powder|p1a: Primarina\n|-status|p1a: Primarina|slp|[from] move: Sleep Powder\n|cant|p1a: Primarina|slp\n|\n|upkeep\n|turn|20\n|inactive|Time left: 300 sec this turn | 300 sec total\n|\n|t:|1783544640\n|move|p2a: Vivillon|Quiver Dance|p2a: Vivillon\n|-boost|p2a: Vivillon|spa|1\n|-boost|p2a: Vivillon|spd|1\n|-boost|p2a: Vivillon|spe|1\n|-curestatus|p1a: Primarina|slp|[msg]\n|move|p1a: Primarina|Moonblast|p2a: Vivillon\n|-damage|p2a: Vivillon|12/100\n|\n|upkeep\n|turn|21\n|inactive|Time left: 300 sec this turn | 300 sec total\n|\n|t:|1783544641\n|move|p2a: Vivillon|Sleep Powder|p1a: Primarina\n|-status|p1a: Primarina|slp|[from] move: Sleep Powder\n|cant|p1a: Primarina|slp\n|\n|upkeep\n|turn|22\n|inactive|Time left: 300 sec this turn | 300 sec total\n|\n|t:|1783544642\n|switch|p1a: Muk|Muk, L86, M|140/321\n|move|p2a: Vivillon|Hurricane|p1a: Muk\n|-damage|p1a: Muk|8/321\n|\n|upkeep\n|turn|23\n|inactive|Time left: 300 sec this turn | 300 sec total\n|\n|t:|1783544644\n|move|p1a: Muk|Shadow Sneak|p2a: Vivillon\n|-damage|p2a: Vivillon|0 fnt\n|faint|p2a: Vivillon\n|\n|upkeep\n|\n|t:|1783544645\n|switch|p2a: Deoxys|Deoxys-Speed, L82|100/100\n|-ability|p2a: Deoxys|Pressure\n|turn|24\n|inactive|Time left: 300 sec this turn | 300 sec total\n|\n|t:|1783544646\n|move|p2a: Deoxys|Nasty Plot|p2a: Deoxys\n|-boost|p2a: Deoxys|spa|2\n|move|p1a: Muk|Knock Off|p2a: Deoxys\n|-supereffective|p2a: Deoxys\n|-damage|p2a: Deoxys|28/100\n|-status|p2a: Deoxys|psn|[from] ability: Poison Touch|[of] p1a: Muk\n|-enditem|p2a: Deoxys|Life Orb|[from] move: Knock Off|[of] p1a: Muk\n|\n|-damage|p2a: Deoxys|16/100 psn|[from] psn\n|upkeep\n|turn|25\n|inactive|Time left: 300 sec this turn | 300 sec total\n|\n|t:|1783544647\n|switch|p2a: Toxapex|Toxapex, L82, M|100/100\n|move|p1a: Muk|Shadow Sneak|p2a: Toxapex\n|-damage|p2a: Toxapex|90/100\n|-damage|p1a: Muk|0 fnt|[from] item: Rocky Helmet|[of] p2a: Toxapex\n|faint|p1a: Muk\n|\n|upkeep\n|inactive|Time left: 300 sec this turn | 300 sec total | 5 sec grace\n|\n|t:|1783544648\n|switch|p1a: Arboliva|Arboliva, L91, F, tera:Ground|254/290 psn\n|turn|26\n|inactive|Time left: 300 sec this turn | 300 sec total\n|\n|t:|1783544649\n|switch|p2a: Deoxys|Deoxys-Speed, L82|16/100 psn\n|-ability|p2a: Deoxys|Pressure\n|move|p1a: Arboliva|Earth Power|p2a: Deoxys\n|-damage|p2a: Deoxys|0 fnt\n|faint|p2a: Deoxys\n|\n|-heal|p1a: Arboliva|272/290 psn|[from] item: Leftovers\n|-damage|p1a: Arboliva|236/290 psn|[from] psn\n|upkeep\n|\n|t:|1783544650\n|switch|p2a: Toxapex|Toxapex, L82, M|100/100\n|turn|27\n|inactive|Time left: 300 sec this turn | 300 sec total\n|\n|t:|1783544651\n|move|p1a: Arboliva|Earth Power|p2a: Toxapex\n|-supereffective|p2a: Toxapex\n|-damage|p2a: Toxapex|9/100\n|move|p2a: Toxapex|Recover|p2a: Toxapex\n|-heal|p2a: Toxapex|59/100\n|\n|-heal|p1a: Arboliva|254/290 psn|[from] item: Leftovers\n|-damage|p1a: Arboliva|218/290 psn|[from] psn\n|upkeep\n|turn|28\n|inactive|Time left: 300 sec this turn | 300 sec total\n|\n|t:|1783544652\n|-terastallize|p2a: Toxapex|Fairy\n|move|p1a: Arboliva|Earth Power|p2a: Toxapex\n|-crit|p2a: Toxapex\n|-damage|p2a: Toxapex|0 fnt\n|faint|p2a: Toxapex\n|\n|win|p0x4803e99", "uploadtime": 1783544652, "views": 0, "rating": 0, "private": 0, "password": null, "_winner": "p0x4803e99", "_our_name": "p0x4803e99"}