{"id": "battle-gen9randombattle-2285", "formatid": "gen9randombattle", "format": "[Gen 9] Random Battle", "players": ["p0x22852378", "p0y22859dc4"], "log": "|init|battle\n|title|p0x22852378 vs. p0y22859dc4\n|j|\u2606p0x22852378\n|j|\u2606p0y22859dc4\n|t:|1783565535\n|gametype|singles\n|player|p1|p0x22852378|266|\n|player|p2|p0y22859dc4|266|\n|gen|9\n|tier|[Gen 9] Random Battle\n|rule|Species Clause: Limit one of each Pok\u00e9mon\n|rule|HP Percentage Mod: HP is shown in percentages\n|rule|Sleep Clause Mod: Limit one foe put to sleep\n|rule|Illusion Level Mod: Illusion disguises the Pok\u00e9mon's true level\n|\n|t:|1783565535\n|teamsize|p1|6\n|teamsize|p2|6\n|start\n|switch|p1a: Zangoose|Zangoose, L85, F|263/263\n|switch|p2a: Mudsdale|Mudsdale, L83, M|100/100\n|turn|1\n|inactive|Battle timer is ON: inactive players will automatically lose when time's up. (requested by p0y22859dc4)\n|inactive|Time left: 300 sec this turn | 300 sec total | 60 sec grace\n|inactive|p0x22852378 also wants the timer to be on.\n|\n|t:|1783565537\n|switch|p1a: Krookodile|Krookodile, L79, M|280/280\n|-ability|p1a: Krookodile|Intimidate|boost\n|-unboost|p2a: Mudsdale|atk|1\n|move|p2a: Mudsdale|Earthquake|p1a: Krookodile\n|-damage|p1a: Krookodile|189/280\n|\n|upkeep\n|turn|2\n|inactive|Time left: 300 sec this turn | 300 sec total\n|\n|t:|1783565538\n|move|p1a: Krookodile|Stealth Rock|p2a: Mudsdale\n|-sidestart|p2: p0y22859dc4|move: Stealth Rock\n|move|p2a: Mudsdale|Earthquake|p1a: Krookodile\n|-damage|p1a: Krookodile|89/280\n|\n|upkeep\n|turn|3\n|inactive|Time left: 300 sec this turn | 300 sec total\n|\n|t:|1783565539\n|move|p1a: Krookodile|Knock Off|p2a: Mudsdale\n|-crit|p2a: Mudsdale\n|-damage|p2a: Mudsdale|36/100\n|-ability|p2a: Mudsdale|Stamina|boost\n|-boost|p2a: Mudsdale|def|1\n|-enditem|p2a: Mudsdale|Leftovers|[from] move: Knock Off|[of] p1a: Krookodile\n|-damage|p1a: Krookodile|61/280|[from] item: Life Orb\n|move|p2a: Mudsdale|Earthquake|p1a: Krookodile\n|-damage|p1a: Krookodile|0 fnt\n|faint|p1a: Krookodile\n|\n|upkeep\n|inactive|Time left: 300 sec this turn | 300 sec total | 5 sec grace\n|\n|t:|1783565540\n|switch|p1a: Typhlosion|Typhlosion, L84, M|267/267\n|turn|4\n|inactive|Time left: 300 sec this turn | 300 sec total\n|\n|t:|1783565541\n|move|p1a: Typhlosion|Eruption|p2a: Mudsdale\n|-crit|p2a: Mudsdale\n|-damage|p2a: Mudsdale|0 fnt\n|faint|p2a: Mudsdale\n|\n|upkeep\n|\n|t:|1783565542\n|switch|p2a: Lycanroc|Lycanroc-Dusk, L81, M|100/100\n|-damage|p2a: Lycanroc|88/100|[from] Stealth Rock\n|turn|5\n|inactive|Time left: 300 sec this turn | 300 sec total\n|\n|t:|1783565543\n|switch|p1a: Zamazenta|Zamazenta, L71|248/248\n|-ability|p1a: Zamazenta|Dauntless Shield|boost\n|-boost|p1a: Zamazenta|def|1\n|move|p2a: Lycanroc|Swords Dance|p2a: Lycanroc\n|-boost|p2a: Lycanroc|atk|2\n|\n|upkeep\n|turn|6\n|inactive|Time left: 300 sec this turn | 300 sec total\n|\n|t:|1783565544\n|switch|p2a: Alcremie|Alcremie-Salted-Cream, L90, F|100/100\n|-damage|p2a: Alcremie|88/100|[from] Stealth Rock\n|move|p1a: Zamazenta|Body Press|p2a: Alcremie\n|-resisted|p2a: Alcremie\n|-damage|p2a: Alcremie|66/100\n|\n|-heal|p2a: Alcremie|72/100|[from] item: Leftovers\n|upkeep\n|turn|7\n|inactive|Time left: 300 sec this turn | 300 sec total\n|\n|t:|1783565545\n|move|p1a: Zamazenta|Iron Head|p2a: Alcremie\n|-supereffective|p2a: Alcremie\n|-damage|p2a: Alcremie|31/100\n|move|p2a: Alcremie|Alluring Voice|p1a: Zamazenta\n|-supereffective|p1a: Zamazenta\n|-damage|p1a: Zamazenta|42/248\n|\n|-heal|p1a: Zamazenta|57/248|[from] item: Leftovers\n|-heal|p2a: Alcremie|37/100|[from] item: Leftovers\n|upkeep\n|turn|8\n|inactive|Time left: 300 sec this turn | 300 sec total\n|\n|t:|1783565546\n|move|p1a: Zamazenta|Iron Head|p2a: Alcremie\n|-supereffective|p2a: Alcremie\n|-damage|p2a: Alcremie|0 fnt\n|faint|p2a: Alcremie\n|\n|-heal|p1a: Zamazenta|72/248|[from] item: Leftovers\n|upkeep\n|\n|t:|1783565547\n|switch|p2a: Greedent|Greedent, L86, F|100/100\n|-damage|p2a: Greedent|88/100|[from] Stealth Rock\n|turn|9\n|inactive|Time left: 300 sec this turn | 300 sec total\n|\n|t:|1783565548\n|move|p1a: Zamazenta|Body Press|p2a: Greedent\n|-supereffective|p2a: Greedent\n|-damage|p2a: Greedent|29/100\n|-enditem|p2a: Greedent|Sitrus Berry|[eat]\n|-heal|p2a: Greedent|54/100|[from] item: Sitrus Berry\n|-heal|p2a: Greedent|87/100|[from] ability: Cheek Pouch\n|move|p2a: Greedent|Swords Dance|p2a: Greedent\n|-boost|p2a: Greedent|atk|2\n|\n|-heal|p1a: Zamazenta|87/248|[from] item: Leftovers\n|upkeep\n|turn|10\n|inactive|Time left: 300 sec this turn | 300 sec total\n|\n|t:|1783565549\n|-terastallize|p2a: Greedent|Ground\n|move|p1a: Zamazenta|Body Press|p2a: Greedent\n|-damage|p2a: Greedent|59/100\n|move|p2a: Greedent|Earthquake|p1a: Zamazenta\n|-damage|p1a: Zamazenta|0 fnt\n|faint|p1a: Zamazenta\n|\n|upkeep\n|inactive|Time left: 300 sec this turn | 300 sec total | 5 sec grace\n|\n|t:|1783565550\n|switch|p1a: Frosmoth|Frosmoth, L82, M|249/249\n|turn|11\n|inactive|Time left: 300 sec this turn | 300 sec total\n|\n|t:|1783565551\n|move|p1a: Frosmoth|Ice Beam|p2a: Greedent\n|-supereffective|p2a: Greedent\n|-damage|p2a: Greedent|0 fnt\n|faint|p2a: Greedent\n|\n|upkeep\n|\n|t:|1783565552\n|switch|p2a: Breloom|Breloom, L83, F|100/100\n|-damage|p2a: Breloom|95/100|[from] Stealth Rock\n|turn|12\n|inactive|Time left: 300 sec this turn | 300 sec total\n|\n|t:|1783565553\n|-terastallize|p1a: Frosmoth|Water\n|move|p2a: Breloom|Rock Tomb|p1a: Frosmoth\n|-damage|p1a: Frosmoth|118/249\n|-unboost|p1a: Frosmoth|spe|1\n|-damage|p2a: Breloom|85/100|[from] item: Life Orb\n|move|p1a: Frosmoth|Ice Beam|p2a: Breloom\n|-supereffective|p2a: Breloom\n|-damage|p2a: Breloom|0 fnt\n|faint|p2a: Breloom\n|\n|upkeep\n|\n|t:|1783565554\n|switch|p2a: Lycanroc|Lycanroc-Dusk, L81, M|88/100\n|-damage|p2a: Lycanroc|76/100|[from] Stealth Rock\n|turn|13\n|inactive|Time left: 300 sec this turn | 300 sec total\n|\n|t:|1783565555\n|move|p2a: Lycanroc|Swords Dance|p2a: Lycanroc\n|-boost|p2a: Lycanroc|atk|2\n|move|p1a: Frosmoth|Giga Drain|p2a: Lycanroc\n|-supereffective|p2a: Lycanroc\n|-damage|p2a: Lycanroc|19/100\n|-heal|p1a: Frosmoth|191/249|[from] drain|[of] p2a: Lycanroc\n|\n|upkeep\n|turn|14\n|inactive|Time left: 300 sec this turn | 300 sec total\n|\n|t:|1783565556\n|move|p2a: Lycanroc|Close Combat|p1a: Frosmoth\n|-damage|p1a: Frosmoth|0 fnt\n|-unboost|p2a: Lycanroc|def|1\n|-unboost|p2a: Lycanroc|spd|1\n|faint|p1a: Frosmoth\n|-damage|p2a: Lycanroc|9/100|[from] item: Life Orb\n|\n|upkeep\n|inactive|Time left: 300 sec this turn | 300 sec total | 5 sec grace\n|\n|t:|1783565557\n|switch|p1a: Salazzle|Salazzle, L83, F|249/249\n|turn|15\n|inactive|Time left: 300 sec this turn | 300 sec total\n|\n|t:|1783565558\n|move|p1a: Salazzle|Flamethrower|p2a: Lycanroc\n|-resisted|p2a: Lycanroc\n|-damage|p2a: Lycanroc|0 fnt\n|faint|p2a: Lycanroc\n|\n|upkeep\n|\n|t:|1783565559\n|switch|p2a: Cinccino|Cinccino, L83, F|100/100\n|-damage|p2a: Cinccino|88/100|[from] Stealth Rock\n|turn|16\n|inactive|Time left: 300 sec this turn | 300 sec total\n|\n|t:|1783565560\n|move|p1a: Salazzle|Flamethrower|p2a: Cinccino\n|-damage|p2a: Cinccino|36/100\n|move|p2a: Cinccino|Tail Slap|p1a: Salazzle\n|-damage|p1a: Salazzle|200/249\n|-damage|p1a: Salazzle|143/249\n|-damage|p1a: Salazzle|91/249\n|-damage|p1a: Salazzle|42/249\n|-damage|p1a: Salazzle|0 fnt\n|faint|p1a: Salazzle\n|-hitcount|p1: Salazzle|5\n|\n|upkeep\n|inactive|Time left: 300 sec this turn | 300 sec total | 5 sec grace\n|\n|t:|1783565561\n|switch|p1a: Zangoose|Zangoose, L85, F|263/263\n|turn|17\n|inactive|Time left: 300 sec this turn | 300 sec total\n|\n|t:|1783565561\n|move|p2a: Cinccino|Bullet Seed|p1a: Zangoose\n|-damage|p1a: Zangoose|229/263\n|-damage|p1a: Zangoose|195/263\n|-damage|p1a: Zangoose|164/263\n|-damage|p1a: Zangoose|132/263\n|-hitcount|p1a: Zangoose|4\n|move|p1a: Zangoose|Close Combat|p2a: Cinccino\n|-supereffective|p2a: Cinccino\n|-damage|p2a: Cinccino|0 fnt\n|-unboost|p1a: Zangoose|def|1\n|-unboost|p1a: Zangoose|spd|1\n|faint|p2a: Cinccino\n|\n|win|p0x22852378", "uploadtime": 1783565561, "views": 0, "rating": 0, "private": 0, "password": null, "_winner": "p0x22852378", "_our_name": "p0x22852378"}