{"id": "battle-gen9randombattle-1500", "formatid": "gen9randombattle", "format": "[Gen 9] Random Battle", "players": ["p0x150070ca", "p0y1500cb4b"], "log": "|init|battle\n|title|p0x150070ca vs. p0y1500cb4b\n|j|\u2606p0x150070ca\n|j|\u2606p0y1500cb4b\n|t:|1783557455\n|gametype|singles\n|player|p1|p0x150070ca|2|\n|player|p2|p0y1500cb4b|1|\n|gen|9\n|tier|[Gen 9] Random Battle\n|rule|Species Clause: Limit one of each Pok\u00e9mon\n|rule|HP Percentage Mod: HP is shown in percentages\n|rule|Sleep Clause Mod: Limit one foe put to sleep\n|rule|Illusion Level Mod: Illusion disguises the Pok\u00e9mon's true level\n|\n|t:|1783557455\n|teamsize|p1|6\n|teamsize|p2|6\n|start\n|switch|p1a: Registeel|Registeel, L81|100/100\n|switch|p2a: Lurantis|Lurantis, L87, M|264/264\n|turn|1\n|inactive|Battle timer is ON: inactive players will automatically lose when time's up. (requested by p0y1500cb4b)\n|inactive|p0x150070ca also wants the timer to be on.\n|\n|t:|1783557457\n|move|p2a: Lurantis|Superpower|p1a: Registeel\n|-supereffective|p1a: Registeel\n|-damage|p1a: Registeel|49/100\n|-boost|p2a: Lurantis|atk|1\n|-boost|p2a: Lurantis|def|1\n|move|p1a: Registeel|Iron Head|p2a: Lurantis\n|-damage|p2a: Lurantis|222/264\n|\n|-heal|p1a: Registeel|55/100|[from] item: Leftovers\n|upkeep\n|turn|2\n|inactive|Time left: 300 sec this turn | 300 sec total\n|\n|t:|1783557458\n|switch|p1a: Gouging Fire|Gouging Fire, L74|100/100\n|move|p2a: Lurantis|Superpower|p1a: Gouging Fire\n|-damage|p1a: Gouging Fire|51/100\n|-boost|p2a: Lurantis|atk|1\n|-boost|p2a: Lurantis|def|1\n|\n|upkeep\n|turn|3\n|inactive|Time left: 300 sec this turn | 300 sec total\n|\n|t:|1783557459\n|move|p1a: Gouging Fire|Morning Sun|p1a: Gouging Fire\n|-heal|p1a: Gouging Fire|100/100\n|move|p2a: Lurantis|Superpower|p1a: Gouging Fire\n|-damage|p1a: Gouging Fire|42/100\n|-boost|p2a: Lurantis|atk|1\n|-boost|p2a: Lurantis|def|1\n|\n|upkeep\n|turn|4\n|inactive|Time left: 300 sec this turn | 300 sec total\n|\n|t:|1783557460\n|move|p1a: Gouging Fire|Morning Sun|p1a: Gouging Fire\n|-heal|p1a: Gouging Fire|91/100\n|move|p2a: Lurantis|Superpower|p1a: Gouging Fire\n|-damage|p1a: Gouging Fire|15/100\n|-boost|p2a: Lurantis|atk|1\n|-boost|p2a: Lurantis|def|1\n|\n|upkeep\n|turn|5\n|inactive|Time left: 300 sec this turn | 300 sec total\n|\n|t:|1783557461\n|move|p1a: Gouging Fire|Heat Crash|p2a: Lurantis\n|-supereffective|p2a: Lurantis\n|-damage|p2a: Lurantis|148/264\n|move|p2a: Lurantis|Superpower|p1a: Gouging Fire\n|-crit|p1a: Gouging Fire\n|-damage|p1a: Gouging Fire|0 fnt\n|-boost|p2a: Lurantis|atk|1\n|-boost|p2a: Lurantis|def|1\n|faint|p1a: Gouging Fire\n|-end|p1a: Gouging Fire|Protosynthesis|[silent]\n|\n|upkeep\n|\n|t:|1783557462\n|switch|p1a: Magearna|Magearna-Original, L77|100/100\n|turn|6\n|inactive|Time left: 300 sec this turn | 300 sec total\n|\n|t:|1783557463\n|-terastallize|p1a: Magearna|Fairy\n|move|p1a: Magearna|Calm Mind|p1a: Magearna\n|-boost|p1a: Magearna|spa|1\n|-boost|p1a: Magearna|spd|1\n|move|p2a: Lurantis|Superpower|p1a: Magearna\n|-resisted|p1a: Magearna\n|-damage|p1a: Magearna|39/100\n|-boost|p2a: Lurantis|atk|1\n|-boost|p2a: Lurantis|def|1\n|\n|-heal|p1a: Magearna|45/100|[from] item: Leftovers\n|upkeep\n|turn|7\n|inactive|Time left: 300 sec this turn | 300 sec total\n|\n|t:|1783557465\n|move|p1a: Magearna|Fleur Cannon|p2a: Lurantis\n|-damage|p2a: Lurantis|0 fnt\n|-unboost|p1a: Magearna|spa|2\n|faint|p2a: Lurantis\n|-ability|p1a: Magearna|Soul-Heart|boost\n|-boost|p1a: Magearna|spa|1\n|\n|-heal|p1a: Magearna|51/100|[from] item: Leftovers\n|upkeep\n|inactive|Time left: 300 sec this turn | 300 sec total | 5 sec grace\n|\n|t:|1783557466\n|switch|p2a: Primarina|Primarina, L83, F|268/268\n|turn|8\n|inactive|Time left: 300 sec this turn | 300 sec total\n|\n|t:|1783557467\n|move|p2a: Primarina|Moonblast|p1a: Magearna\n|-damage|p1a: Magearna|11/100\n|-unboost|p1a: Magearna|spa|1\n|move|p1a: Magearna|Shift Gear|p1a: Magearna\n|-boost|p1a: Magearna|spe|2\n|-boost|p1a: Magearna|atk|1\n|\n|-heal|p1a: Magearna|17/100|[from] item: Leftovers\n|upkeep\n|turn|9\n|inactive|Time left: 300 sec this turn | 300 sec total\n|\n|t:|1783557468\n|switch|p1a: Registeel|Registeel, L81|55/100\n|move|p2a: Primarina|Moonblast|p1a: Registeel\n|-resisted|p1a: Registeel\n|-damage|p1a: Registeel|31/100\n|\n|-heal|p1a: Registeel|37/100|[from] item: Leftovers\n|upkeep\n|turn|10\n|inactive|Time left: 300 sec this turn | 300 sec total\n|\n|t:|1783557469\n|move|p2a: Primarina|Moonblast|p1a: Registeel\n|-resisted|p1a: Registeel\n|-damage|p1a: Registeel|14/100\n|move|p1a: Registeel|Thunder Wave|p2a: Primarina\n|-status|p2a: Primarina|par\n|\n|-heal|p1a: Registeel|20/100|[from] item: Leftovers\n|upkeep\n|turn|11\n|inactive|Time left: 300 sec this turn | 300 sec total\n|\n|t:|1783557470\n|move|p1a: Registeel|Iron Head|p2a: Primarina\n|-damage|p2a: Primarina|196/268 par\n|move|p2a: Primarina|Moonblast|p1a: Registeel\n|-resisted|p1a: Registeel\n|-damage|p1a: Registeel|0 fnt\n|faint|p1a: Registeel\n|\n|upkeep\n|\n|t:|1783557471\n|switch|p1a: Kyogre|Kyogre, L71|100/100\n|-weather|RainDance|[from] ability: Drizzle|[of] p1a: Kyogre\n|turn|12\n|inactive|Time left: 300 sec this turn | 300 sec total\n|\n|t:|1783557472\n|move|p1a: Kyogre|Calm Mind|p1a: Kyogre\n|-boost|p1a: Kyogre|spa|1\n|-boost|p1a: Kyogre|spd|1\n|move|p2a: Primarina|Moonblast|p1a: Kyogre\n|-damage|p1a: Kyogre|62/100\n|-unboost|p1a: Kyogre|spa|1\n|\n|-weather|RainDance|[upkeep]\n|-heal|p1a: Kyogre|68/100|[from] item: Leftovers\n|upkeep\n|turn|13\n|inactive|Time left: 300 sec this turn | 300 sec total\n|\n|t:|1783557473\n|switch|p2a: Heracross|Heracross, L80, F|259/259\n|move|p1a: Kyogre|Origin Pulse|p2a: Heracross\n|-damage|p2a: Heracross|84/259\n|\n|-weather|RainDance|[upkeep]\n|-heal|p1a: Kyogre|74/100|[from] item: Leftovers\n|upkeep\n|turn|14\n|inactive|Time left: 300 sec this turn | 300 sec total\n|\n|t:|1783557474\n|move|p2a: Heracross|Close Combat|p1a: Kyogre\n|-damage|p1a: Kyogre|0 fnt\n|-unboost|p2a: Heracross|def|1\n|-unboost|p2a: Heracross|spd|1\n|faint|p1a: Kyogre\n|-ability|p2a: Heracross|Moxie|boost\n|-boost|p2a: Heracross|atk|1\n|\n|-weather|RainDance|[upkeep]\n|upkeep\n|\n|t:|1783557475\n|switch|p1a: Luvdisc|Luvdisc, M|100/100\n|turn|15\n|inactive|Time left: 300 sec this turn | 300 sec total\n|\n|t:|1783557476\n|switch|p2a: Clodsire|Clodsire, L81, F|343/343\n|move|p1a: Luvdisc|Surf|p2a: Clodsire\n|-immune|p2a: Clodsire|[from] ability: Water Absorb\n|\n|-weather|RainDance|[upkeep]\n|upkeep\n|turn|16\n|inactive|Time left: 300 sec this turn | 300 sec total\n|\n|t:|1783557478\n|switch|p1a: Scrafty|Scrafty, L83, M|100/100\n|move|p2a: Clodsire|Poison Jab|p1a: Scrafty\n|-damage|p1a: Scrafty|77/100\n|-status|p1a: Scrafty|psn\n|\n|-weather|none\n|-heal|p1a: Scrafty|83/100 psn|[from] item: Leftovers\n|-damage|p1a: Scrafty|71/100 psn|[from] psn\n|upkeep\n|turn|17\n|inactive|Time left: 300 sec this turn | 300 sec total\n|\n|t:|1783557479\n|switch|p2a: Heracross|Heracross, L80, F|84/259\n|move|p1a: Scrafty|Knock Off|p2a: Heracross\n|-resisted|p2a: Heracross\n|-damage|p2a: Heracross|28/259\n|-enditem|p2a: Heracross|Choice Band|[from] move: Knock Off|[of] p1a: Scrafty\n|\n|-activate|p1a: Scrafty|ability: Shed Skin\n|-curestatus|p1a: Scrafty|psn|[msg]\n|-heal|p1a: Scrafty|77/100|[from] item: Leftovers\n|upkeep\n|turn|18\n|inactive|Time left: 300 sec this turn | 300 sec total\n|\n|t:|1783557480\n|switch|p1a: Magearna|Magearna-Original, L77, tera:Fairy|17/100\n|move|p2a: Heracross|Close Combat|p1a: Magearna\n|-resisted|p1a: Magearna\n|-damage|p1a: Magearna|0 fnt\n|-unboost|p2a: Heracross|def|1\n|-unboost|p2a: Heracross|spd|1\n|faint|p1a: Magearna\n|-ability|p2a: Heracross|Moxie|boost\n|-boost|p2a: Heracross|atk|1\n|\n|upkeep\n|\n|t:|1783557481\n|switch|p1a: Luvdisc|Luvdisc, M|100/100\n|turn|19\n|inactive|Time left: 300 sec this turn | 300 sec total\n|\n|t:|1783557482\n|switch|p2a: Primarina|Primarina, L83, F|196/268 par\n|move|p1a: Luvdisc|Flip Turn|p2a: Primarina\n|-resisted|p2a: Primarina\n|-damage|p2a: Primarina|173/268 par\n|\n|t:|1783557483\n|switch|p1a: Scrafty|Scrafty, L83, M|77/100|[from] Flip Turn\n|\n|-heal|p1a: Scrafty|83/100|[from] item: Leftovers\n|upkeep\n|turn|20\n|inactive|Time left: 300 sec this turn | 300 sec total\n|\n|t:|1783557484\n|move|p1a: Scrafty|Knock Off|p2a: Primarina\n|-resisted|p2a: Primarina\n|-damage|p2a: Primarina|116/268 par\n|-enditem|p2a: Primarina|Choice Specs|[from] move: Knock Off|[of] p1a: Scrafty\n|move|p2a: Primarina|Moonblast|p1a: Scrafty\n|-supereffective|p1a: Scrafty\n|-damage|p1a: Scrafty|0 fnt\n|faint|p1a: Scrafty\n|\n|upkeep\n|\n|t:|1783557485\n|switch|p1a: Luvdisc|Luvdisc, M|100/100\n|turn|21\n|inactive|Time left: 300 sec this turn | 300 sec total\n|\n|t:|1783557486\n|move|p1a: Luvdisc|Substitute|p1a: Luvdisc\n|-start|p1a: Luvdisc|Substitute\n|-damage|p1a: Luvdisc|76/100\n|move|p2a: Primarina|Moonblast|p1a: Luvdisc\n|-end|p1a: Luvdisc|Substitute\n|\n|upkeep\n|turn|22\n|inactive|Time left: 300 sec this turn | 300 sec total\n|\n|t:|1783557487\n|move|p1a: Luvdisc|Substitute|p1a: Luvdisc\n|-start|p1a: Luvdisc|Substitute\n|-damage|p1a: Luvdisc|51/100\n|move|p2a: Primarina|Moonblast|p1a: Luvdisc\n|-end|p1a: Luvdisc|Substitute\n|\n|upkeep\n|turn|23\n|inactive|Time left: 300 sec this turn | 300 sec total\n|\n|t:|1783557488\n|move|p1a: Luvdisc|Substitute|p1a: Luvdisc\n|-start|p1a: Luvdisc|Substitute\n|-damage|p1a: Luvdisc|26/100\n|move|p2a: Primarina|Moonblast|p1a: Luvdisc\n|-end|p1a: Luvdisc|Substitute\n|\n|upkeep\n|turn|24\n|inactive|Time left: 300 sec this turn | 300 sec total\n|\n|t:|1783557489\n|switch|p2a: Slowking|Slowking-Galar, L85, M|300/300\n|move|p1a: Luvdisc|Substitute|p1a: Luvdisc\n|-start|p1a: Luvdisc|Substitute\n|-damage|p1a: Luvdisc|2/100\n|\n|upkeep\n|turn|25\n|inactive|Time left: 300 sec this turn | 300 sec total\n|\n|t:|1783557490\n|move|p1a: Luvdisc|Endeavor|p2a: Slowking\n|-damage|p2a: Slowking|3/300\n|move|p2a: Slowking|Psychic Noise|p1a: Luvdisc\n|-damage|p1a: Luvdisc|0 fnt\n|faint|p1a: Luvdisc\n|\n|win|p0y1500cb4b", "uploadtime": 1783557490, "views": 0, "rating": 0, "private": 0, "password": null, "_winner": "p0y1500cb4b", "_our_name": "p0y1500cb4b"}