{"id": "battle-gen9randombattle-2758", "formatid": "gen9randombattle", "format": "[Gen 9] Random Battle", "players": ["p0x27588aaa", "p0y2758efd6"], "log": "|init|battle\n|title|p0x27588aaa vs. p0y2758efd6\n|j|\u2606p0x27588aaa\n|j|\u2606p0y2758efd6\n|t:|1783571786\n|gametype|singles\n|player|p1|p0x27588aaa|266|\n|player|p2|p0y2758efd6|266|\n|gen|9\n|tier|[Gen 9] Random Battle\n|rule|Species Clause: Limit one of each Pok\u00e9mon\n|rule|HP Percentage Mod: HP is shown in percentages\n|rule|Sleep Clause Mod: Limit one foe put to sleep\n|rule|Illusion Level Mod: Illusion disguises the Pok\u00e9mon's true level\n|\n|t:|1783571786\n|teamsize|p1|6\n|teamsize|p2|6\n|start\n|switch|p1a: Landorus|Landorus, L75, M|100/100\n|switch|p2a: Klefki|Klefki, L84, F|233/233\n|turn|1\n|inactive|Battle timer is ON: inactive players will automatically lose when time's up. (requested by p0y2758efd6)\n|inactive|p0x27588aaa also wants the timer to be on.\n|\n|t:|1783571788\n|switch|p2a: Latios|Latios, L78, M|253/253\n|move|p1a: Landorus|Earth Power|p2a: Latios\n|-immune|p2a: Latios|[from] ability: Levitate\n|\n|upkeep\n|turn|2\n|inactive|Time left: 300 sec this turn | 300 sec total\n|\n|t:|1783571789\n|switch|p1a: Armarouge|Armarouge, L80, F|100/100\n|move|p2a: Latios|Luster Purge|p1a: Armarouge\n|-resisted|p1a: Armarouge\n|-damage|p1a: Armarouge|71/100\n|\n|upkeep\n|turn|3\n|inactive|Time left: 300 sec this turn | 300 sec total\n|\n|t:|1783571790\n|move|p2a: Latios|Draco Meteor|p1a: Armarouge\n|-damage|p1a: Armarouge|0 fnt\n|-unboost|p2a: Latios|spa|2\n|faint|p1a: Armarouge\n|\n|upkeep\n|\n|t:|1783571791\n|switch|p1a: Falinks|Falinks, L84|100/100\n|turn|4\n|inactive|Time left: 300 sec this turn | 300 sec total\n|\n|t:|1783571793\n|move|p2a: Latios|Luster Purge|p1a: Falinks\n|-supereffective|p1a: Falinks\n|-damage|p1a: Falinks|27/100\n|-unboost|p1a: Falinks|spd|1\n|-ability|p1a: Falinks|Defiant|boost\n|-boost|p1a: Falinks|atk|2\n|move|p1a: Falinks|No Retreat|p1a: Falinks\n|-boost|p1a: Falinks|atk|1\n|-boost|p1a: Falinks|def|1\n|-boost|p1a: Falinks|spa|1\n|-boost|p1a: Falinks|spd|1\n|-boost|p1a: Falinks|spe|1\n|-start|p1a: Falinks|move: No Retreat\n|\n|upkeep\n|turn|5\n|inactive|Time left: 300 sec this turn | 300 sec total\n|\n|t:|1783571794\n|move|p1a: Falinks|Knock Off|p2a: Latios\n|-supereffective|p2a: Latios\n|-damage|p2a: Latios|0 fnt\n|-enditem|p2a: Latios|Soul Dew|[from] move: Knock Off|[of] p1a: Falinks\n|faint|p2a: Latios\n|-damage|p1a: Falinks|18/100|[from] item: Life Orb\n|\n|upkeep\n|inactive|Time left: 300 sec this turn | 300 sec total | 5 sec grace\n|\n|t:|1783571795\n|switch|p2a: Klefki|Klefki, L84, F|233/233\n|turn|6\n|inactive|Time left: 300 sec this turn | 300 sec total\n|\n|t:|1783571796\n|move|p2a: Klefki|Thunder Wave|p1a: Falinks|[miss]\n|-miss|p2a: Klefki|p1a: Falinks\n|move|p1a: Falinks|Close Combat|p2a: Klefki\n|-damage|p2a: Klefki|0 fnt\n|-unboost|p1a: Falinks|def|1\n|-unboost|p1a: Falinks|spd|1\n|faint|p2a: Klefki\n|-damage|p1a: Falinks|8/100|[from] item: Life Orb\n|\n|upkeep\n|inactive|Time left: 300 sec this turn | 300 sec total | 5 sec grace\n|\n|t:|1783571797\n|switch|p2a: Vivillon|Vivillon-Jungle, L83, F|268/268\n|turn|7\n|inactive|Time left: 300 sec this turn | 300 sec total\n|\n|t:|1783571798\n|switch|p2a: Braviary|Braviary, L85, M|309/309\n|move|p1a: Falinks|Knock Off|p2a: Braviary\n|-damage|p2a: Braviary|75/309\n|-enditem|p2a: Braviary|Heavy-Duty Boots|[from] move: Knock Off|[of] p1a: Falinks\n|-damage|p1a: Falinks|0 fnt|[from] item: Life Orb\n|faint|p1a: Falinks\n|\n|upkeep\n|\n|t:|1783571799\n|switch|p1a: Landorus|Landorus, L75, M|100/100\n|turn|8\n|inactive|Time left: 300 sec this turn | 300 sec total\n|\n|t:|1783571800\n|move|p1a: Landorus|Rock Slide|p2a: Braviary\n|-supereffective|p2a: Braviary\n|-damage|p2a: Braviary|0 fnt\n|faint|p2a: Braviary\n|\n|upkeep\n|inactive|Time left: 300 sec this turn | 300 sec total | 5 sec grace\n|\n|t:|1783571801\n|switch|p2a: Glaceon|Glaceon, L94, F|275/275\n|turn|9\n|inactive|Time left: 300 sec this turn | 300 sec total\n|\n|t:|1783571802\n|switch|p1a: Skuntank|Skuntank, L84, M|100/100\n|move|p2a: Glaceon|Freeze-Dry|p1a: Skuntank\n|-damage|p1a: Skuntank|49/100\n|\n|upkeep\n|turn|10\n|inactive|Time left: 300 sec this turn | 300 sec total\n|\n|t:|1783571802\n|move|p1a: Skuntank|Gunk Shot|p2a: Glaceon|[miss]\n|-miss|p1a: Skuntank|p2a: Glaceon\n|move|p2a: Glaceon|Freeze-Dry|p1a: Skuntank\n|-damage|p1a: Skuntank|1/100\n|\n|upkeep\n|turn|11\n|inactive|Time left: 300 sec this turn | 300 sec total\n|\n|t:|1783571803\n|move|p1a: Skuntank|Gunk Shot|p2a: Glaceon\n|-damage|p2a: Glaceon|146/275\n|-damage|p1a: Skuntank|0 fnt|[from] item: Life Orb\n|faint|p1a: Skuntank\n|move|p2a: Glaceon|Calm Mind|p2a: Glaceon\n|-boost|p2a: Glaceon|spa|1\n|-boost|p2a: Glaceon|spd|1\n|\n|upkeep\n|\n|t:|1783571804\n|switch|p1a: Slowking|Slowking, L88, M|100/100\n|turn|12\n|inactive|Time left: 300 sec this turn | 300 sec total\n|\n|t:|1783571805\n|move|p2a: Glaceon|Freeze-Dry|p1a: Slowking\n|-supereffective|p1a: Slowking\n|-damage|p1a: Slowking|17/100\n|move|p1a: Slowking|Scald|p2a: Glaceon\n|-damage|p2a: Glaceon|89/275\n|\n|upkeep\n|turn|13\n|inactive|Time left: 300 sec this turn | 300 sec total\n|\n|t:|1783571806\n|move|p2a: Glaceon|Freeze-Dry|p1a: Slowking\n|-supereffective|p1a: Slowking\n|-damage|p1a: Slowking|0 fnt\n|faint|p1a: Slowking\n|\n|upkeep\n|\n|t:|1783571806\n|switch|p1a: Landorus|Landorus, L75, M|100/100\n|turn|14\n|inactive|Time left: 300 sec this turn | 300 sec total\n|\n|t:|1783571807\n|-terastallize|p1a: Landorus|Ground\n|-terastallize|p2a: Glaceon|Water\n|move|p1a: Landorus|Earth Power|p2a: Glaceon\n|-damage|p2a: Glaceon|0 fnt\n|faint|p2a: Glaceon\n|\n|upkeep\n|inactive|Time left: 300 sec this turn | 300 sec total | 5 sec grace\n|\n|t:|1783571808\n|switch|p2a: Vivillon|Vivillon-Jungle, L83, F|268/268\n|turn|15\n|inactive|Time left: 300 sec this turn | 300 sec total\n|\n|t:|1783571809\n|move|p1a: Landorus|Rock Slide|p2a: Vivillon|[miss]\n|-miss|p1a: Landorus|p2a: Vivillon\n|move|p2a: Vivillon|Sleep Powder|p1a: Landorus\n|-status|p1a: Landorus|slp|[from] move: Sleep Powder\n|\n|upkeep\n|turn|16\n|inactive|Time left: 300 sec this turn | 300 sec total\n|\n|t:|1783571810\n|switch|p1a: Sandaconda|Sandaconda, L84, F|100/100\n|move|p2a: Vivillon|Hurricane|p1a: Sandaconda\n|-damage|p1a: Sandaconda|49/100\n|-start|p1a: Sandaconda|confusion\n|\n|-heal|p1a: Sandaconda|55/100|[from] item: Leftovers\n|upkeep\n|turn|17\n|inactive|Time left: 300 sec this turn | 300 sec total\n|\n|t:|1783571811\n|move|p2a: Vivillon|Hurricane|p1a: Sandaconda\n|-damage|p1a: Sandaconda|1/100\n|-activate|p1a: Sandaconda|confusion\n|move|p1a: Sandaconda|Stone Edge|p2a: Vivillon\n|-supereffective|p2a: Vivillon\n|-damage|p2a: Vivillon|0 fnt\n|faint|p2a: Vivillon\n|\n|-heal|p1a: Sandaconda|7/100|[from] item: Leftovers\n|upkeep\n|inactive|Time left: 300 sec this turn | 300 sec total | 5 sec grace\n|\n|t:|1783571813\n|switch|p2a: Raichu|Raichu-Alola, L87, F|246/246\n|turn|18\n|inactive|Time left: 300 sec this turn | 300 sec total\n|\n|t:|1783571814\n|move|p2a: Raichu|Alluring Voice|p1a: Sandaconda\n|-damage|p1a: Sandaconda|0 fnt\n|faint|p1a: Sandaconda\n|-damage|p2a: Raichu|222/246|[from] item: Life Orb\n|\n|upkeep\n|\n|t:|1783571815\n|switch|p1a: Landorus|Landorus, L75, M, tera:Ground|100/100 slp\n|turn|19\n|inactive|Time left: 300 sec this turn | 300 sec total\n|\n|t:|1783571816\n|move|p2a: Raichu|Nasty Plot|p2a: Raichu\n|-boost|p2a: Raichu|spa|2\n|cant|p1a: Landorus|slp\n|\n|upkeep\n|turn|20\n|inactive|Time left: 300 sec this turn | 300 sec total\n|\n|t:|1783571817\n|move|p2a: Raichu|Psyshock|p1a: Landorus\n|-damage|p1a: Landorus|11/100 slp\n|-damage|p2a: Raichu|198/246|[from] item: Life Orb\n|-curestatus|p1a: Landorus|slp|[msg]\n|move|p1a: Landorus|Focus Blast|p2a: Raichu\n|-resisted|p2a: Raichu\n|-damage|p2a: Raichu|138/246\n|\n|upkeep\n|turn|21\n|inactive|Time left: 300 sec this turn | 300 sec total\n|\n|t:|1783571818\n|move|p2a: Raichu|Psyshock|p1a: Landorus\n|-damage|p1a: Landorus|0 fnt\n|faint|p1a: Landorus\n|-damage|p2a: Raichu|114/246|[from] item: Life Orb\n|\n|win|p0y2758efd6", "uploadtime": 1783571818, "views": 0, "rating": 0, "private": 0, "password": null, "_winner": "p0y2758efd6", "_our_name": "p0y2758efd6"}