{"id": "battle-gen9randombattle-741", "formatid": "gen9randombattle", "format": "[Gen 9] Random Battle", "players": ["p0x74128ed", "p0y741423c"], "log": "|init|battle\n|title|p0x74128ed vs. p0y741423c\n|j|\u2606p0x74128ed\n|j|\u2606p0y741423c\n|t:|1783547725\n|gametype|singles\n|player|p1|p0x74128ed|102|\n|player|p2|p0y741423c|101|\n|gen|9\n|tier|[Gen 9] Random Battle\n|rule|Species Clause: Limit one of each Pok\u00e9mon\n|rule|HP Percentage Mod: HP is shown in percentages\n|rule|Sleep Clause Mod: Limit one foe put to sleep\n|rule|Illusion Level Mod: Illusion disguises the Pok\u00e9mon's true level\n|\n|t:|1783547725\n|teamsize|p1|6\n|teamsize|p2|6\n|start\n|switch|p1a: Coalossal|Coalossal, L89, M|100/100\n|switch|p2a: Lurantis|Lurantis, L87, F|264/264\n|turn|1\n|inactive|Battle timer is ON: inactive players will automatically lose when time's up. (requested by p0y741423c)\n|inactive|p0x74128ed also wants the timer to be on.\n|\n|t:|1783547727\n|move|p2a: Lurantis|Leaf Storm|p1a: Coalossal|[miss]\n|-miss|p2a: Lurantis|p1a: Coalossal\n|move|p1a: Coalossal|Stealth Rock|p2a: Lurantis\n|-sidestart|p2: p0y741423c|move: Stealth Rock\n|\n|upkeep\n|turn|2\n|inactive|Time left: 300 sec this turn | 300 sec total\n|\n|t:|1783547728\n|move|p2a: Lurantis|Leaf Storm|p1a: Coalossal\n|-damage|p1a: Coalossal|63/100\n|-boost|p2a: Lurantis|spa|2\n|move|p1a: Coalossal|Flamethrower|p2a: Lurantis\n|-supereffective|p2a: Lurantis\n|-damage|p2a: Lurantis|148/264\n|\n|upkeep\n|turn|3\n|inactive|Time left: 300 sec this turn | 300 sec total\n|\n|t:|1783547729\n|switch|p1a: Luxray|Luxray, L88, M|100/100\n|move|p2a: Lurantis|Leaf Storm|p1a: Luxray\n|-damage|p1a: Luxray|10/100\n|-boost|p2a: Lurantis|spa|2\n|\n|-status|p1a: Luxray|brn|[from] item: Flame Orb\n|upkeep\n|turn|4\n|inactive|Time left: 300 sec this turn | 300 sec total\n|\n|t:|1783547730\n|switch|p2a: Oricorio|Oricorio-Sensu, L85, F|266/266\n|move|p1a: Luxray|Facade|p2a: Oricorio\n|-immune|p2a: Oricorio\n|\n|-damage|p1a: Luxray|4/100 brn|[from] brn\n|upkeep\n|turn|5\n|inactive|Time left: 300 sec this turn | 300 sec total\n|\n|t:|1783547731\n|switch|p1a: Shiftry|Shiftry, L89, M|100/100\n|move|p2a: Oricorio|Hurricane|p1a: Shiftry\n|-ability|p1a: Shiftry|Wind Rider|boost\n|-boost|p1a: Shiftry|atk|1\n|\n|upkeep\n|turn|6\n|inactive|Time left: 300 sec this turn | 300 sec total\n|\n|t:|1783547731\n|-terastallize|p2a: Oricorio|Fighting\n|move|p2a: Oricorio|Revelation Dance|p1a: Shiftry\n|-supereffective|p1a: Shiftry\n|-damage|p1a: Shiftry|13/100\n|move|p1a: Shiftry|Leaf Blade|p2a: Oricorio\n|-damage|p2a: Oricorio|27/266\n|-damage|p1a: Shiftry|3/100|[from] item: Life Orb\n|\n|upkeep\n|turn|7\n|inactive|Time left: 300 sec this turn | 300 sec total\n|\n|t:|1783547732\n|move|p2a: Oricorio|Roost|p2a: Oricorio\n|-heal|p2a: Oricorio|160/266\n|move|p1a: Shiftry|Knock Off|p2a: Oricorio\n|-resisted|p2a: Oricorio\n|-damage|p2a: Oricorio|16/266\n|-enditem|p2a: Oricorio|Heavy-Duty Boots|[from] move: Knock Off|[of] p1a: Shiftry\n|-damage|p1a: Shiftry|0 fnt|[from] item: Life Orb\n|faint|p1a: Shiftry\n|\n|upkeep\n|\n|t:|1783547733\n|switch|p1a: Honchkrow|Honchkrow, L86, M|100/100\n|turn|8\n|inactive|Time left: 300 sec this turn | 300 sec total\n|\n|t:|1783547735\n|move|p2a: Oricorio|Roost|p2a: Oricorio\n|-heal|p2a: Oricorio|149/266\n|move|p1a: Honchkrow|Brave Bird|p2a: Oricorio\n|-supereffective|p2a: Oricorio\n|-damage|p2a: Oricorio|0 fnt\n|faint|p2a: Oricorio\n|-ability|p1a: Honchkrow|Moxie|boost\n|-boost|p1a: Honchkrow|atk|1\n|-damage|p1a: Honchkrow|85/100|[from] Recoil\n|\n|upkeep\n|inactive|Time left: 300 sec this turn | 300 sec total | 5 sec grace\n|\n|t:|1783547736\n|switch|p2a: Mudsdale|Mudsdale, L83, F|302/302\n|-damage|p2a: Mudsdale|284/302|[from] Stealth Rock\n|turn|9\n|inactive|Time left: 300 sec this turn | 300 sec total\n|\n|t:|1783547737\n|move|p1a: Honchkrow|Brave Bird|p2a: Mudsdale\n|-damage|p2a: Mudsdale|77/302\n|-ability|p2a: Mudsdale|Stamina|boost\n|-boost|p2a: Mudsdale|def|1\n|-damage|p1a: Honchkrow|63/100|[from] Recoil\n|move|p2a: Mudsdale|Stone Edge|p1a: Honchkrow\n|-supereffective|p1a: Honchkrow\n|-damage|p1a: Honchkrow|0 fnt\n|faint|p1a: Honchkrow\n|\n|-heal|p2a: Mudsdale|95/302|[from] item: Leftovers\n|upkeep\n|\n|t:|1783547738\n|switch|p1a: Kingdra|Kingdra, L84, F|100/100\n|turn|10\n|inactive|Time left: 300 sec this turn | 300 sec total\n|\n|t:|1783547739\n|move|p1a: Kingdra|Wave Crash|p2a: Mudsdale\n|-supereffective|p2a: Mudsdale\n|-damage|p2a: Mudsdale|0 fnt\n|faint|p2a: Mudsdale\n|-damage|p1a: Kingdra|89/100|[from] Recoil\n|-damage|p1a: Kingdra|79/100|[from] item: Life Orb\n|\n|upkeep\n|inactive|Time left: 300 sec this turn | 300 sec total | 5 sec grace\n|\n|t:|1783547740\n|switch|p2a: Greedent|Greedent, L86, F|347/347\n|-damage|p2a: Greedent|304/347|[from] Stealth Rock\n|turn|11\n|inactive|Time left: 300 sec this turn | 300 sec total\n|\n|t:|1783547741\n|move|p1a: Kingdra|Hurricane|p2a: Greedent|[miss]\n|-miss|p1a: Kingdra|p2a: Greedent\n|move|p2a: Greedent|Swords Dance|p2a: Greedent\n|-boost|p2a: Greedent|atk|2\n|\n|upkeep\n|turn|12\n|inactive|Time left: 300 sec this turn | 300 sec total\n|\n|t:|1783547742\n|switch|p1a: Coalossal|Coalossal, L89, M|63/100\n|move|p2a: Greedent|Knock Off|p1a: Coalossal\n|-damage|p1a: Coalossal|35/100\n|-enditem|p1a: Coalossal|Heavy-Duty Boots|[from] move: Knock Off|[of] p2a: Greedent\n|\n|upkeep\n|turn|13\n|inactive|Time left: 300 sec this turn | 300 sec total\n|\n|t:|1783547743\n|move|p1a: Coalossal|Flamethrower|p2a: Greedent\n|-damage|p2a: Greedent|202/347\n|move|p2a: Greedent|Earthquake|p1a: Coalossal\n|-supereffective|p1a: Coalossal\n|-damage|p1a: Coalossal|0 fnt\n|faint|p1a: Coalossal\n|\n|upkeep\n|\n|t:|1783547744\n|switch|p1a: Luxray|Luxray, L88, M|4/100 brn\n|turn|14\n|inactive|Time left: 300 sec this turn | 300 sec total\n|\n|t:|1783547745\n|-terastallize|p1a: Luxray|Normal\n|move|p1a: Luxray|Facade|p2a: Greedent\n|-damage|p2a: Greedent|0 fnt\n|faint|p2a: Greedent\n|\n|-damage|p1a: Luxray|0 fnt|[from] brn\n|faint|p1a: Luxray\n|upkeep\n|inactive|Time left: 300 sec this turn | 300 sec total | 5 sec grace\n|\n|t:|1783547746\n|switch|p1a: Kingdra|Kingdra, L84, F|79/100\n|switch|p2a: Orthworm|Orthworm, L88, F|266/266\n|-damage|p2a: Orthworm|250/266|[from] Stealth Rock\n|turn|15\n|inactive|Time left: 300 sec this turn | 300 sec total\n|\n|t:|1783547748\n|switch|p1a: Pachirisu|Pachirisu, L96, F|100/100\n|move|p2a: Orthworm|Body Press|p1a: Pachirisu\n|-damage|p1a: Pachirisu|69/100\n|\n|-heal|p2a: Orthworm|266/266|[from] item: Leftovers\n|upkeep\n|turn|16\n|inactive|Time left: 300 sec this turn | 300 sec total\n|\n|t:|1783547749\n|move|p1a: Pachirisu|Super Fang|p2a: Orthworm\n|-damage|p2a: Orthworm|133/266\n|move|p2a: Orthworm|Body Press|p1a: Pachirisu\n|-damage|p1a: Pachirisu|38/100\n|\n|-heal|p2a: Orthworm|149/266|[from] item: Leftovers\n|upkeep\n|turn|17\n|inactive|Time left: 300 sec this turn | 300 sec total\n|\n|t:|1783547750\n|move|p1a: Pachirisu|Discharge|p2a: Orthworm\n|-damage|p2a: Orthworm|70/266\n|-status|p2a: Orthworm|par\n|cant|p2a: Orthworm|par\n|\n|-heal|p2a: Orthworm|86/266 par|[from] item: Leftovers\n|upkeep\n|turn|18\n|inactive|Time left: 300 sec this turn | 300 sec total\n|\n|t:|1783547751\n|move|p1a: Pachirisu|Discharge|p2a: Orthworm\n|-damage|p2a: Orthworm|0 fnt\n|faint|p2a: Orthworm\n|\n|upkeep\n|inactive|Time left: 300 sec this turn | 300 sec total | 5 sec grace\n|\n|t:|1783547752\n|switch|p2a: Delphox|Delphox, L84, F|263/263\n|turn|19\n|inactive|Time left: 300 sec this turn | 300 sec total\n|\n|t:|1783547753\n|move|p1a: Pachirisu|Super Fang|p2a: Delphox\n|-damage|p2a: Delphox|132/263\n|move|p2a: Delphox|Psyshock|p1a: Pachirisu\n|-damage|p1a: Pachirisu|2/100\n|\n|upkeep\n|turn|20\n|inactive|Time left: 300 sec this turn | 300 sec total\n|\n|t:|1783547754\n|move|p1a: Pachirisu|Discharge|p2a: Delphox\n|-damage|p2a: Delphox|75/263\n|move|p2a: Delphox|Psyshock|p1a: Pachirisu\n|-damage|p1a: Pachirisu|0 fnt\n|faint|p1a: Pachirisu\n|\n|upkeep\n|\n|t:|1783547755\n|switch|p1a: Kingdra|Kingdra, L84, F|79/100\n|turn|21\n|inactive|Time left: 300 sec this turn | 300 sec total\n|\n|t:|1783547756\n|move|p2a: Delphox|Fire Blast|p1a: Kingdra\n|-resisted|p1a: Kingdra\n|-damage|p1a: Kingdra|62/100\n|move|p1a: Kingdra|Wave Crash|p2a: Delphox\n|-supereffective|p2a: Delphox\n|-damage|p2a: Delphox|0 fnt\n|faint|p2a: Delphox\n|-damage|p1a: Kingdra|53/100|[from] Recoil\n|-damage|p1a: Kingdra|43/100|[from] item: Life Orb\n|\n|upkeep\n|inactive|Time left: 300 sec this turn | 300 sec total | 5 sec grace\n|\n|t:|1783547757\n|switch|p2a: Lurantis|Lurantis, L87, F|148/264\n|-damage|p2a: Lurantis|115/264|[from] Stealth Rock\n|turn|22\n|inactive|Time left: 300 sec this turn | 300 sec total\n|\n|t:|1783547758\n|move|p1a: Kingdra|Hurricane|p2a: Lurantis\n|-supereffective|p2a: Lurantis\n|-damage|p2a: Lurantis|0 fnt\n|faint|p2a: Lurantis\n|-damage|p1a: Kingdra|33/100|[from] item: Life Orb\n|\n|win|p0x74128ed", "uploadtime": 1783547758, "views": 0, "rating": 0, "private": 0, "password": null, "_winner": "p0x74128ed", "_our_name": "p0y741423c"}