{"id": "battle-gen9randombattle-1919", "formatid": "gen9randombattle", "format": "[Gen 9] Random Battle", "players": ["p0x19197490", "p0y191931da"], "log": "|init|battle\n|title|p0x19197490 vs. p0y191931da\n|j|\u2606p0x19197490\n|j|\u2606p0y191931da\n|t:|1783561473\n|gametype|singles\n|player|p1|p0x19197490|265|\n|player|p2|p0y191931da|2|\n|gen|9\n|tier|[Gen 9] Random Battle\n|rule|Species Clause: Limit one of each Pok\u00e9mon\n|rule|HP Percentage Mod: HP is shown in percentages\n|rule|Sleep Clause Mod: Limit one foe put to sleep\n|rule|Illusion Level Mod: Illusion disguises the Pok\u00e9mon's true level\n|\n|t:|1783561473\n|teamsize|p1|6\n|teamsize|p2|6\n|start\n|switch|p1a: Yanmega|Yanmega, L82, F|275/275\n|switch|p2a: Quaquaval|Quaquaval, L79, M|100/100\n|turn|1\n|inactive|Battle timer is ON: inactive players will automatically lose when time's up. (requested by p0y191931da)\n|inactive|Time left: 300 sec this turn | 300 sec total | 60 sec grace\n|inactive|p0x19197490 also wants the timer to be on.\n|\n|t:|1783561474\n|switch|p2a: Houndstone|Houndstone, L86, F|100/100\n|move|p1a: Yanmega|Air Slash|p2a: Houndstone\n|-damage|p2a: Houndstone|80/100\n|\n|-ability|p1a: Yanmega|Speed Boost|boost\n|-boost|p1a: Yanmega|spe|1\n|upkeep\n|turn|2\n|inactive|Time left: 300 sec this turn | 300 sec total\n|\n|t:|1783561476\n|move|p1a: Yanmega|Air Slash|p2a: Houndstone\n|-damage|p2a: Houndstone|58/100\n|cant|p2a: Houndstone|flinch\n|\n|-ability|p1a: Yanmega|Speed Boost|boost\n|-boost|p1a: Yanmega|spe|1\n|upkeep\n|turn|3\n|inactive|Time left: 300 sec this turn | 300 sec total\n|\n|t:|1783561477\n|move|p1a: Yanmega|Bug Buzz|p2a: Houndstone\n|-resisted|p2a: Houndstone\n|-damage|p2a: Houndstone|45/100\n|move|p2a: Houndstone|Poltergeist|p1a: Yanmega\n|-activate|p1a: Yanmega|move: Poltergeist|Heavy-Duty Boots\n|-damage|p1a: Yanmega|136/275\n|\n|-ability|p1a: Yanmega|Speed Boost|boost\n|-boost|p1a: Yanmega|spe|1\n|upkeep\n|turn|4\n|inactive|Time left: 300 sec this turn | 300 sec total\n|\n|t:|1783561478\n|move|p1a: Yanmega|Protect|p1a: Yanmega\n|-singleturn|p1a: Yanmega|Protect\n|move|p2a: Houndstone|Poltergeist|p1a: Yanmega\n|-activate|p1a: Yanmega|move: Protect\n|\n|-ability|p1a: Yanmega|Speed Boost|boost\n|-boost|p1a: Yanmega|spe|1\n|upkeep\n|turn|5\n|inactive|Time left: 300 sec this turn | 300 sec total\n|\n|t:|1783561479\n|move|p1a: Yanmega|Air Slash|p2a: Houndstone\n|-damage|p2a: Houndstone|25/100\n|move|p2a: Houndstone|Poltergeist|p1a: Yanmega\n|-activate|p1a: Yanmega|move: Poltergeist|Heavy-Duty Boots\n|-crit|p1a: Yanmega\n|-damage|p1a: Yanmega|0 fnt\n|faint|p1a: Yanmega\n|\n|upkeep\n|inactive|Time left: 300 sec this turn | 300 sec total | 5 sec grace\n|\n|t:|1783561480\n|switch|p1a: Wigglytuff|Wigglytuff, L96, M|424/424\n|turn|6\n|inactive|Time left: 300 sec this turn | 300 sec total\n|\n|t:|1783561481\n|switch|p2a: Umbreon|Umbreon, L84, F|100/100\n|move|p1a: Wigglytuff|Alluring Voice|p2a: Umbreon\n|-supereffective|p2a: Umbreon\n|-damage|p2a: Umbreon|48/100\n|\n|-heal|p2a: Umbreon|54/100|[from] item: Leftovers\n|upkeep\n|turn|7\n|inactive|Time left: 300 sec this turn | 300 sec total\n|\n|t:|1783561482\n|move|p2a: Umbreon|Toxic|p1a: Wigglytuff\n|-status|p1a: Wigglytuff|tox\n|move|p1a: Wigglytuff|Alluring Voice|p2a: Umbreon\n|-supereffective|p2a: Umbreon\n|-damage|p2a: Umbreon|2/100\n|\n|-heal|p2a: Umbreon|8/100|[from] item: Leftovers\n|-damage|p1a: Wigglytuff|398/424 tox|[from] psn\n|upkeep\n|turn|8\n|inactive|Time left: 300 sec this turn | 300 sec total\n|\n|t:|1783561483\n|move|p2a: Umbreon|Foul Play|p1a: Wigglytuff\n|-resisted|p1a: Wigglytuff\n|-damage|p1a: Wigglytuff|354/424 tox\n|move|p1a: Wigglytuff|Alluring Voice|p2a: Umbreon\n|-supereffective|p2a: Umbreon\n|-damage|p2a: Umbreon|0 fnt\n|faint|p2a: Umbreon\n|\n|-heal|p1a: Wigglytuff|380/424 tox|[from] item: Leftovers\n|-damage|p1a: Wigglytuff|328/424 tox|[from] psn\n|upkeep\n|\n|t:|1783561484\n|switch|p2a: Miraidon|Miraidon, L65|100/100\n|-fieldstart|move: Electric Terrain|[from] ability: Hadron Engine|[of] p2a: Miraidon\n|turn|9\n|inactive|Time left: 300 sec this turn | 300 sec total\n|\n|t:|1783561485\n|move|p2a: Miraidon|Calm Mind|p2a: Miraidon\n|-boost|p2a: Miraidon|spa|1\n|-boost|p2a: Miraidon|spd|1\n|move|p1a: Wigglytuff|Alluring Voice|p2a: Miraidon\n|-supereffective|p2a: Miraidon\n|-damage|p2a: Miraidon|47/100\n|-start|p2a: Miraidon|confusion\n|\n|-heal|p1a: Wigglytuff|354/424 tox|[from] item: Leftovers\n|-damage|p1a: Wigglytuff|276/424 tox|[from] psn\n|upkeep\n|turn|10\n|inactive|Time left: 300 sec this turn | 300 sec total\n|\n|t:|1783561486\n|-activate|p2a: Miraidon|confusion\n|-damage|p2a: Miraidon|41/100|[from] confusion\n|move|p1a: Wigglytuff|Alluring Voice|p2a: Miraidon\n|-supereffective|p2a: Miraidon\n|-damage|p2a: Miraidon|0 fnt\n|faint|p2a: Miraidon\n|\n|-heal|p1a: Wigglytuff|302/424 tox|[from] item: Leftovers\n|-damage|p1a: Wigglytuff|198/424 tox|[from] psn\n|upkeep\n|\n|t:|1783561487\n|switch|p2a: Victreebel|Victreebel, L90, M|100/100\n|turn|11\n|inactive|Time left: 300 sec this turn | 300 sec total\n|\n|t:|1783561488\n|switch|p1a: Bronzong|Bronzong, L88|261/261\n|move|p2a: Victreebel|Sludge Wave|p1a: Bronzong\n|-immune|p1a: Bronzong\n|\n|upkeep\n|turn|12\n|inactive|Time left: 300 sec this turn | 300 sec total\n|\n|t:|1783561488\n|switch|p2a: Houndstone|Houndstone, L86, F|25/100\n|move|p1a: Bronzong|Psychic Noise|p2a: Houndstone\n|-damage|p2a: Houndstone|7/100\n|-start|p2a: Houndstone|move: Heal Block\n|\n|upkeep\n|turn|13\n|inactive|Time left: 300 sec this turn | 300 sec total\n|\n|t:|1783561489\n|move|p2a: Houndstone|Poltergeist|p1a: Bronzong\n|-activate|p1a: Bronzong|move: Poltergeist|Leftovers\n|-supereffective|p1a: Bronzong\n|-damage|p1a: Bronzong|63/261\n|move|p1a: Bronzong|Iron Defense|p1a: Bronzong\n|-boost|p1a: Bronzong|def|2\n|\n|-heal|p1a: Bronzong|79/261|[from] item: Leftovers\n|-end|p2a: Houndstone|move: Heal Block\n|-fieldend|move: Electric Terrain\n|upkeep\n|turn|14\n|inactive|Time left: 300 sec this turn | 300 sec total\n|\n|t:|1783561490\n|switch|p1a: Wigglytuff|Wigglytuff, L96, M|198/424 tox\n|move|p2a: Houndstone|Poltergeist|p1a: Wigglytuff\n|-immune|p1a: Wigglytuff\n|\n|-heal|p1a: Wigglytuff|224/424 tox|[from] item: Leftovers\n|-damage|p1a: Wigglytuff|198/424 tox|[from] psn\n|upkeep\n|turn|15\n|inactive|Time left: 300 sec this turn | 300 sec total\n|\n|t:|1783561491\n|move|p2a: Houndstone|Body Press|p1a: Wigglytuff\n|-damage|p1a: Wigglytuff|109/424 tox\n|move|p1a: Wigglytuff|Alluring Voice|p2a: Houndstone\n|-damage|p2a: Houndstone|0 fnt\n|faint|p2a: Houndstone\n|\n|-heal|p1a: Wigglytuff|135/424 tox|[from] item: Leftovers\n|-damage|p1a: Wigglytuff|83/424 tox|[from] psn\n|upkeep\n|\n|t:|1783561492\n|switch|p2a: Quaquaval|Quaquaval, L79, M|100/100\n|turn|16\n|inactive|Time left: 300 sec this turn | 300 sec total\n|\n|t:|1783561492\n|switch|p1a: Hypno|Hypno, L95, F|315/315\n|move|p2a: Quaquaval|Aqua Step|p1a: Hypno\n|-damage|p1a: Hypno|213/315\n|-boost|p2a: Quaquaval|spe|1\n|\n|-heal|p1a: Hypno|232/315|[from] item: Leftovers\n|upkeep\n|turn|17\n|inactive|Time left: 300 sec this turn | 300 sec total\n|\n|t:|1783561493\n|-terastallize|p2a: Quaquaval|Steel\n|move|p2a: Quaquaval|Aqua Step|p1a: Hypno\n|-damage|p1a: Hypno|133/315\n|-boost|p2a: Quaquaval|spe|1\n|move|p1a: Hypno|Psychic Noise|p2a: Quaquaval\n|-resisted|p2a: Quaquaval\n|-damage|p2a: Quaquaval|81/100\n|-start|p2a: Quaquaval|move: Heal Block\n|\n|-heal|p1a: Hypno|152/315|[from] item: Leftovers\n|upkeep\n|turn|18\n|inactive|Time left: 300 sec this turn | 300 sec total\n|\n|t:|1783561494\n|move|p2a: Quaquaval|Aqua Step|p1a: Hypno\n|-damage|p1a: Hypno|53/315\n|-boost|p2a: Quaquaval|spe|1\n|move|p1a: Hypno|Focus Blast|p2a: Quaquaval\n|-supereffective|p2a: Quaquaval\n|-damage|p2a: Quaquaval|0 fnt\n|faint|p2a: Quaquaval\n|\n|-heal|p1a: Hypno|72/315|[from] item: Leftovers\n|upkeep\n|\n|t:|1783561494\n|switch|p2a: Sunflora|Sunflora, M|100/100\n|turn|19\n|inactive|Time left: 300 sec this turn | 300 sec total\n|\n|t:|1783561495\n|move|p1a: Hypno|Protect|p1a: Hypno\n|-singleturn|p1a: Hypno|Protect\n|move|p2a: Sunflora|Sunny Day|p2a: Sunflora\n|-weather|SunnyDay\n|\n|-weather|SunnyDay|[upkeep]\n|-heal|p1a: Hypno|91/315|[from] item: Leftovers\n|upkeep\n|turn|20\n|inactive|Time left: 300 sec this turn | 300 sec total\n|\n|t:|1783561496\n|move|p1a: Hypno|Protect||[still]\n|-fail|p1a: Hypno\n|move|p2a: Sunflora|Solar Beam||[still]\n|-prepare|p2a: Sunflora|Solar Beam\n|-anim|p2a: Sunflora|Solar Beam|p1a: Hypno\n|-damage|p1a: Hypno|0 fnt\n|faint|p1a: Hypno\n|-damage|p2a: Sunflora|91/100|[from] item: Life Orb\n|\n|-weather|SunnyDay|[upkeep]\n|upkeep\n|inactive|Time left: 300 sec this turn | 300 sec total | 5 sec grace\n|\n|t:|1783561497\n|switch|p1a: Wigglytuff|Wigglytuff, L96, M|83/424 tox\n|turn|21\n|inactive|Time left: 300 sec this turn | 300 sec total\n|\n|t:|1783561498\n|move|p1a: Wigglytuff|Protect|p1a: Wigglytuff\n|-singleturn|p1a: Wigglytuff|Protect\n|move|p2a: Sunflora|Weather Ball|p1a: Wigglytuff\n|-activate|p1a: Wigglytuff|move: Protect\n|\n|-weather|SunnyDay|[upkeep]\n|-heal|p1a: Wigglytuff|109/424 tox|[from] item: Leftovers\n|-damage|p1a: Wigglytuff|83/424 tox|[from] psn\n|upkeep\n|turn|22\n|inactive|Time left: 300 sec this turn | 300 sec total\n|\n|t:|1783561498\n|move|p2a: Sunflora|Weather Ball|p1a: Wigglytuff\n|-crit|p1a: Wigglytuff\n|-damage|p1a: Wigglytuff|0 fnt\n|faint|p1a: Wigglytuff\n|-damage|p2a: Sunflora|81/100|[from] item: Life Orb\n|\n|-weather|SunnyDay|[upkeep]\n|upkeep\n|inactive|Time left: 300 sec this turn | 300 sec total | 5 sec grace\n|\n|t:|1783561499\n|switch|p1a: Enamorus|Enamorus, L79, F|247/247\n|turn|23\n|inactive|Time left: 300 sec this turn | 300 sec total\n|\n|t:|1783561500\n|move|p2a: Sunflora|Weather Ball|p1a: Enamorus\n|-damage|p1a: Enamorus|0 fnt\n|faint|p1a: Enamorus\n|-damage|p2a: Sunflora|71/100|[from] item: Life Orb\n|\n|-weather|none\n|upkeep\n|inactive|Time left: 300 sec this turn | 300 sec total | 5 sec grace\n|\n|t:|1783561501\n|switch|p1a: Luvdisc|Luvdisc, F|247/247\n|turn|24\n|inactive|Time left: 300 sec this turn | 300 sec total\n|\n|t:|1783561502\n|move|p1a: Luvdisc|Substitute|p1a: Luvdisc\n|-start|p1a: Luvdisc|Substitute\n|-damage|p1a: Luvdisc|186/247\n|move|p2a: Sunflora|Sunny Day|p2a: Sunflora\n|-weather|SunnyDay\n|\n|-weather|SunnyDay|[upkeep]\n|upkeep\n|turn|25\n|inactive|Time left: 300 sec this turn | 300 sec total\n|\n|t:|1783561503\n|move|p1a: Luvdisc|Whirlpool|p2a: Sunflora\n|-resisted|p2a: Sunflora\n|-damage|p2a: Sunflora|69/100\n|-activate|p2a: Sunflora|move: Whirlpool|[of] p1a: Luvdisc\n|move|p2a: Sunflora|Weather Ball|p1a: Luvdisc\n|-resisted|p1a: Luvdisc\n|-end|p1a: Luvdisc|Substitute\n|-damage|p2a: Sunflora|59/100|[from] item: Life Orb\n|\n|-weather|SunnyDay|[upkeep]\n|-damage|p2a: Sunflora|47/100|[from] move: Whirlpool|[partiallytrapped]\n|upkeep\n|turn|26\n|inactive|Time left: 300 sec this turn | 300 sec total\n|\n|t:|1783561504\n|move|p1a: Luvdisc|Substitute|p1a: Luvdisc\n|-start|p1a: Luvdisc|Substitute\n|-damage|p1a: Luvdisc|125/247\n|move|p2a: Sunflora|Solar Beam||[still]\n|-prepare|p2a: Sunflora|Solar Beam\n|-anim|p2a: Sunflora|Solar Beam|p1a: Luvdisc\n|-supereffective|p1a: Luvdisc\n|-end|p1a: Luvdisc|Substitute\n|-damage|p2a: Sunflora|37/100|[from] item: Life Orb\n|\n|-weather|SunnyDay|[upkeep]\n|-damage|p2a: Sunflora|24/100|[from] move: Whirlpool|[partiallytrapped]\n|upkeep\n|turn|27\n|inactive|Time left: 300 sec this turn | 300 sec total\n|\n|t:|1783561505\n|move|p1a: Luvdisc|Substitute|p1a: Luvdisc\n|-start|p1a: Luvdisc|Substitute\n|-damage|p1a: Luvdisc|64/247\n|move|p2a: Sunflora|Sunny Day||[still]\n|-fail|p2a: Sunflora\n|\n|-weather|SunnyDay|[upkeep]\n|-damage|p2a: Sunflora|12/100|[from] move: Whirlpool|[partiallytrapped]\n|upkeep\n|turn|28\n|inactive|Time left: 300 sec this turn | 300 sec total\n|\n|t:|1783561506\n|-terastallize|p1a: Luvdisc|Ghost\n|move|p1a: Luvdisc|Endeavor|p2a: Sunflora\n|-immune|p2a: Sunflora\n|move|p2a: Sunflora|Weather Ball|p1a: Luvdisc\n|-end|p1a: Luvdisc|Substitute\n|-damage|p2a: Sunflora|2/100|[from] item: Life Orb\n|\n|-weather|none\n|-damage|p2a: Sunflora|0 fnt|[from] move: Whirlpool|[partiallytrapped]\n|faint|p2a: Sunflora\n|upkeep\n|\n|t:|1783561507\n|switch|p2a: Victreebel|Victreebel, L90, M|100/100\n|turn|29\n|inactive|Time left: 300 sec this turn | 300 sec total\n|\n|t:|1783561508\n|move|p1a: Luvdisc|Substitute|p1a: Luvdisc\n|-start|p1a: Luvdisc|Substitute\n|-damage|p1a: Luvdisc|3/247\n|move|p2a: Victreebel|Sunny Day|p2a: Victreebel\n|-weather|SunnyDay\n|\n|-weather|SunnyDay|[upkeep]\n|upkeep\n|turn|30\n|inactive|Time left: 300 sec this turn | 300 sec total\n|\n|t:|1783561509\n|move|p2a: Victreebel|Sunny Day||[still]\n|-fail|p2a: Victreebel\n|move|p1a: Luvdisc|Endeavor|p2a: Victreebel\n|-damage|p2a: Victreebel|2/100\n|\n|-weather|SunnyDay|[upkeep]\n|upkeep\n|turn|31\n|inactive|Time left: 300 sec this turn | 300 sec total\n|\n|t:|1783561509\n|move|p2a: Victreebel|Sunny Day||[still]\n|-fail|p2a: Victreebel\n|move|p1a: Luvdisc|Endeavor|p2a: Victreebel\n|-immune|p2a: Victreebel\n|\n|-weather|SunnyDay|[upkeep]\n|upkeep\n|turn|32\n|inactive|Time left: 300 sec this turn | 300 sec total\n|\n|t:|1783561510\n|move|p2a: Victreebel|Sunny Day||[still]\n|-fail|p2a: Victreebel\n|move|p1a: Luvdisc|Surf|p2a: Victreebel\n|-resisted|p2a: Victreebel\n|-damage|p2a: Victreebel|0 fnt\n|faint|p2a: Victreebel\n|\n|win|p0x19197490", "uploadtime": 1783561510, "views": 0, "rating": 0, "private": 0, "password": null, "_winner": "p0x19197490", "_our_name": "p0x19197490"}