{"id": "battle-gen9randombattle-1339", "formatid": "gen9randombattle", "format": "[Gen 9] Random Battle", "players": ["p0x1339f552", "p0y1339880f"], "log": "|init|battle\n|title|p0x1339f552 vs. p0y1339880f\n|j|\u2606p0x1339f552\n|j|\u2606p0y1339880f\n|t:|1783554670\n|gametype|singles\n|player|p1|p0x1339f552|101|\n|player|p2|p0y1339880f|1|\n|gen|9\n|tier|[Gen 9] Random Battle\n|rule|Species Clause: Limit one of each Pok\u00e9mon\n|rule|HP Percentage Mod: HP is shown in percentages\n|rule|Sleep Clause Mod: Limit one foe put to sleep\n|rule|Illusion Level Mod: Illusion disguises the Pok\u00e9mon's true level\n|\n|t:|1783554670\n|teamsize|p1|6\n|teamsize|p2|6\n|start\n|switch|p1a: Pyroar|Pyroar, L88, F|100/100\n|switch|p2a: Lucario|Lucario, L84, F|255/255\n|-ability|p1a: Pyroar|Unnerve\n|turn|1\n|inactive|Battle timer is ON: inactive players will automatically lose when time's up. (requested by p0x1339f552)\n|inactive|Time left: 300 sec this turn | 300 sec total | 60 sec grace\n|inactive|p0y1339880f also wants the timer to be on.\n|\n|t:|1783554671\n|-terastallize|p2a: Lucario|Fighting\n|move|p1a: Pyroar|Fire Blast|p2a: Lucario\n|-damage|p2a: Lucario|96/255\n|move|p2a: Lucario|Aura Sphere|p1a: Pyroar\n|-supereffective|p1a: Pyroar\n|-damage|p1a: Pyroar|0 fnt\n|faint|p1a: Pyroar\n|-damage|p2a: Lucario|71/255|[from] item: Life Orb\n|\n|upkeep\n|\n|t:|1783554672\n|switch|p1a: Primarina|Primarina, L83, F|100/100\n|turn|2\n|inactive|Time left: 300 sec this turn | 300 sec total\n|\n|t:|1783554674\n|move|p2a: Lucario|Aura Sphere|p1a: Primarina\n|-resisted|p1a: Primarina\n|-damage|p1a: Primarina|75/100\n|-damage|p2a: Lucario|46/255|[from] item: Life Orb\n|move|p1a: Primarina|Calm Mind|p1a: Primarina\n|-boost|p1a: Primarina|spa|1\n|-boost|p1a: Primarina|spd|1\n|\n|-heal|p1a: Primarina|81/100|[from] item: Leftovers\n|upkeep\n|turn|3\n|inactive|Time left: 300 sec this turn | 300 sec total\n|\n|t:|1783554675\n|switch|p2a: Jirachi|Jirachi, L80|291/291\n|move|p1a: Primarina|Moonblast|p2a: Jirachi\n|-resisted|p2a: Jirachi\n|-damage|p2a: Jirachi|201/291\n|\n|-heal|p2a: Jirachi|219/291|[from] item: Leftovers\n|-heal|p1a: Primarina|87/100|[from] item: Leftovers\n|upkeep\n|turn|4\n|inactive|Time left: 300 sec this turn | 300 sec total\n|\n|t:|1783554676\n|move|p2a: Jirachi|Iron Head|p1a: Primarina\n|-crit|p1a: Primarina\n|-damage|p1a: Primarina|37/100\n|move|p1a: Primarina|Psychic Noise|p2a: Jirachi\n|-damage|p2a: Jirachi|86/291\n|-start|p2a: Jirachi|move: Heal Block\n|\n|-heal|p1a: Primarina|43/100|[from] item: Leftovers\n|upkeep\n|turn|5\n|inactive|Time left: 300 sec this turn | 300 sec total\n|\n|t:|1783554677\n|move|p2a: Jirachi|Iron Head|p1a: Primarina\n|-damage|p1a: Primarina|11/100\n|move|p1a: Primarina|Psychic Noise|p2a: Jirachi\n|-damage|p2a: Jirachi|0 fnt\n|faint|p2a: Jirachi\n|\n|-heal|p1a: Primarina|17/100|[from] item: Leftovers\n|upkeep\n|inactive|Time left: 300 sec this turn | 300 sec total | 5 sec grace\n|\n|t:|1783554678\n|switch|p2a: Persian|Persian, L92, F|269/269\n|turn|6\n|inactive|Time left: 300 sec this turn | 300 sec total\n|\n|t:|1783554680\n|switch|p1a: Bellossom|Bellossom, L84, M|100/100\n|move|p2a: Persian|Double-Edge|p1a: Bellossom\n|-damage|p1a: Bellossom|47/100\n|-damage|p2a: Persian|222/269|[from] Recoil\n|\n|-heal|p1a: Bellossom|53/100|[from] item: Leftovers\n|upkeep\n|turn|7\n|inactive|Time left: 300 sec this turn | 300 sec total\n|\n|t:|1783554681\n|move|p2a: Persian|Double-Edge|p1a: Bellossom\n|-damage|p1a: Bellossom|0 fnt\n|faint|p1a: Bellossom\n|-damage|p2a: Persian|176/269|[from] Recoil\n|\n|upkeep\n|\n|t:|1783554682\n|switch|p1a: Gastrodon|Gastrodon, L86, F|100/100\n|turn|8\n|inactive|Time left: 300 sec this turn | 300 sec total\n|\n|t:|1783554683\n|switch|p2a: Crabominable|Crabominable, L90, F|321/321\n|move|p1a: Gastrodon|Sludge Bomb|p2a: Crabominable\n|-damage|p2a: Crabominable|269/321\n|\n|upkeep\n|turn|9\n|inactive|Time left: 300 sec this turn | 300 sec total\n|\n|t:|1783554684\n|move|p2a: Crabominable|Drain Punch|p1a: Gastrodon\n|-damage|p1a: Gastrodon|52/100\n|-heal|p2a: Crabominable|321/321|[from] drain|[of] p1a: Gastrodon\n|move|p1a: Gastrodon|Recover|p1a: Gastrodon\n|-heal|p1a: Gastrodon|100/100\n|\n|upkeep\n|turn|10\n|inactive|Time left: 300 sec this turn | 300 sec total\n|\n|t:|1783554685\n|move|p2a: Crabominable|Earthquake|p1a: Gastrodon\n|-damage|p1a: Gastrodon|63/100\n|move|p1a: Gastrodon|Recover|p1a: Gastrodon\n|-heal|p1a: Gastrodon|100/100\n|\n|upkeep\n|turn|11\n|inactive|Time left: 300 sec this turn | 300 sec total\n|\n|t:|1783554686\n|move|p2a: Crabominable|Knock Off|p1a: Gastrodon\n|-damage|p1a: Gastrodon|61/100\n|-enditem|p1a: Gastrodon|Leftovers|[from] move: Knock Off|[of] p2a: Crabominable\n|move|p1a: Gastrodon|Recover|p1a: Gastrodon\n|-heal|p1a: Gastrodon|100/100\n|\n|upkeep\n|turn|12\n|inactive|Time left: 300 sec this turn | 300 sec total\n|\n|t:|1783554687\n|move|p2a: Crabominable|Ice Hammer|p1a: Gastrodon\n|-damage|p1a: Gastrodon|33/100\n|-unboost|p2a: Crabominable|spe|1\n|move|p1a: Gastrodon|Recover|p1a: Gastrodon\n|-heal|p1a: Gastrodon|84/100\n|\n|upkeep\n|turn|13\n|inactive|Time left: 300 sec this turn | 300 sec total\n|\n|t:|1783554689\n|move|p1a: Gastrodon|Surf|p2a: Crabominable\n|-damage|p2a: Crabominable|248/321\n|move|p2a: Crabominable|Drain Punch|p1a: Gastrodon\n|-damage|p1a: Gastrodon|31/100\n|-heal|p2a: Crabominable|321/321|[from] drain|[of] p1a: Gastrodon\n|\n|upkeep\n|turn|14\n|inactive|Time left: 300 sec this turn | 300 sec total\n|\n|t:|1783554690\n|move|p1a: Gastrodon|Recover|p1a: Gastrodon\n|-heal|p1a: Gastrodon|81/100\n|move|p2a: Crabominable|Drain Punch|p1a: Gastrodon\n|-damage|p1a: Gastrodon|31/100\n|\n|upkeep\n|turn|15\n|inactive|Time left: 300 sec this turn | 300 sec total\n|\n|t:|1783554691\n|move|p1a: Gastrodon|Recover|p1a: Gastrodon\n|-heal|p1a: Gastrodon|81/100\n|move|p2a: Crabominable|Drain Punch|p1a: Gastrodon\n|-damage|p1a: Gastrodon|28/100\n|\n|upkeep\n|turn|16\n|inactive|Time left: 300 sec this turn | 300 sec total\n|\n|t:|1783554692\n|move|p1a: Gastrodon|Recover|p1a: Gastrodon\n|-heal|p1a: Gastrodon|78/100\n|move|p2a: Crabominable|Drain Punch|p1a: Gastrodon\n|-damage|p1a: Gastrodon|32/100\n|\n|upkeep\n|turn|17\n|inactive|Time left: 300 sec this turn | 300 sec total\n|\n|t:|1783554693\n|move|p1a: Gastrodon|Recover|p1a: Gastrodon\n|-heal|p1a: Gastrodon|82/100\n|move|p2a: Crabominable|Drain Punch|p1a: Gastrodon\n|-damage|p1a: Gastrodon|33/100\n|\n|upkeep\n|turn|18\n|inactive|Time left: 300 sec this turn | 300 sec total\n|\n|t:|1783554694\n|move|p1a: Gastrodon|Earthquake|p2a: Crabominable\n|-damage|p2a: Crabominable|219/321\n|move|p2a: Crabominable|Drain Punch|p1a: Gastrodon\n|-damage|p1a: Gastrodon|0 fnt\n|-heal|p2a: Crabominable|274/321|[from] drain|[of] p1a: Gastrodon\n|faint|p1a: Gastrodon\n|\n|upkeep\n|\n|t:|1783554695\n|switch|p1a: Primarina|Primarina, L83, F|17/100\n|turn|19\n|inactive|Time left: 300 sec this turn | 300 sec total\n|\n|t:|1783554696\n|move|p1a: Primarina|Draining Kiss|p2a: Crabominable\n|-supereffective|p2a: Crabominable\n|-damage|p2a: Crabominable|178/321\n|-heal|p1a: Primarina|44/100|[from] drain|[of] p2a: Crabominable\n|move|p2a: Crabominable|Earthquake|p1a: Primarina\n|-damage|p1a: Primarina|0 fnt\n|faint|p1a: Primarina\n|\n|upkeep\n|\n|t:|1783554697\n|switch|p1a: Sunflora|Sunflora, M|100/100\n|turn|20\n|inactive|Time left: 300 sec this turn | 300 sec total\n|\n|t:|1783554698\n|move|p1a: Sunflora|Sunny Day|p1a: Sunflora\n|-weather|SunnyDay\n|move|p2a: Crabominable|Drain Punch|p1a: Sunflora\n|-damage|p1a: Sunflora|50/100\n|-heal|p2a: Crabominable|257/321|[from] drain|[of] p1a: Sunflora\n|\n|-weather|SunnyDay|[upkeep]\n|upkeep\n|turn|21\n|inactive|Time left: 300 sec this turn | 300 sec total\n|\n|t:|1783554699\n|switch|p2a: Lucario|Lucario, L84, F, tera:Fighting|46/255\n|move|p1a: Sunflora|Weather Ball|p2a: Lucario\n|-damage|p2a: Lucario|0 fnt\n|faint|p2a: Lucario\n|-damage|p1a: Sunflora|40/100|[from] item: Life Orb\n|\n|-weather|SunnyDay|[upkeep]\n|upkeep\n|inactive|Time left: 300 sec this turn | 300 sec total | 5 sec grace\n|\n|t:|1783554700\n|switch|p2a: Persian|Persian, L92, F|176/269\n|turn|22\n|inactive|Time left: 300 sec this turn | 300 sec total\n|\n|t:|1783554701\n|move|p2a: Persian|Double-Edge|p1a: Sunflora\n|-damage|p1a: Sunflora|0 fnt\n|faint|p1a: Sunflora\n|-damage|p2a: Persian|135/269|[from] Recoil\n|\n|-weather|SunnyDay|[upkeep]\n|upkeep\n|\n|t:|1783554702\n|switch|p1a: Jolteon|Jolteon, L84, M|100/100\n|turn|23\n|inactive|Time left: 300 sec this turn | 300 sec total\n|\n|t:|1783554703\n|move|p1a: Jolteon|Substitute|p1a: Jolteon\n|-start|p1a: Jolteon|Substitute\n|-damage|p1a: Jolteon|76/100\n|move|p2a: Persian|Double-Edge|p1a: Jolteon\n|-end|p1a: Jolteon|Substitute\n|-damage|p2a: Persian|115/269|[from] Recoil|[of] p1a: Jolteon\n|\n|-weather|SunnyDay|[upkeep]\n|-heal|p1a: Jolteon|82/100|[from] item: Leftovers\n|upkeep\n|turn|24\n|inactive|Time left: 300 sec this turn | 300 sec total\n|\n|t:|1783554704\n|switch|p2a: Crabominable|Crabominable, L90, F|257/321\n|move|p1a: Jolteon|Substitute|p1a: Jolteon\n|-start|p1a: Jolteon|Substitute\n|-damage|p1a: Jolteon|57/100\n|\n|-weather|none\n|-heal|p1a: Jolteon|63/100|[from] item: Leftovers\n|upkeep\n|turn|25\n|inactive|Time left: 300 sec this turn | 300 sec total\n|\n|t:|1783554705\n|move|p1a: Jolteon|Calm Mind|p1a: Jolteon\n|-boost|p1a: Jolteon|spa|1\n|-boost|p1a: Jolteon|spd|1\n|move|p2a: Crabominable|Drain Punch|p1a: Jolteon\n|-end|p1a: Jolteon|Substitute\n|-heal|p2a: Crabominable|288/321|[from] drain|[of] p1a: Jolteon\n|\n|-heal|p1a: Jolteon|69/100|[from] item: Leftovers\n|upkeep\n|turn|26\n|inactive|Time left: 300 sec this turn | 300 sec total\n|\n|t:|1783554706\n|-terastallize|p1a: Jolteon|Ice\n|move|p1a: Jolteon|Substitute|p1a: Jolteon\n|-start|p1a: Jolteon|Substitute\n|-damage|p1a: Jolteon|44/100\n|move|p2a: Crabominable|Drain Punch|p1a: Jolteon\n|-supereffective|p1a: Jolteon\n|-end|p1a: Jolteon|Substitute\n|-heal|p2a: Crabominable|319/321|[from] drain|[of] p1a: Jolteon\n|\n|-heal|p1a: Jolteon|50/100|[from] item: Leftovers\n|upkeep\n|turn|27\n|inactive|Time left: 300 sec this turn | 300 sec total\n|\n|t:|1783554707\n|move|p1a: Jolteon|Substitute|p1a: Jolteon\n|-start|p1a: Jolteon|Substitute\n|-damage|p1a: Jolteon|26/100\n|move|p2a: Crabominable|Knock Off|p1a: Jolteon\n|-end|p1a: Jolteon|Substitute\n|\n|-heal|p1a: Jolteon|32/100|[from] item: Leftovers\n|upkeep\n|turn|28\n|inactive|Time left: 300 sec this turn | 300 sec total\n|\n|t:|1783554708\n|move|p1a: Jolteon|Substitute|p1a: Jolteon\n|-start|p1a: Jolteon|Substitute\n|-damage|p1a: Jolteon|7/100\n|move|p2a: Crabominable|Earthquake|p1a: Jolteon\n|-end|p1a: Jolteon|Substitute\n|\n|-heal|p1a: Jolteon|13/100|[from] item: Leftovers\n|upkeep\n|turn|29\n|inactive|Time left: 300 sec this turn | 300 sec total\n|\n|t:|1783554709\n|move|p1a: Jolteon|Tera Blast|p2a: Crabominable|[anim] Tera Blast Ice\n|-resisted|p2a: Crabominable\n|-damage|p2a: Crabominable|266/321\n|move|p2a: Crabominable|Earthquake|p1a: Jolteon\n|-damage|p1a: Jolteon|0 fnt\n|faint|p1a: Jolteon\n|\n|win|p0y1339880f", "uploadtime": 1783554709, "views": 0, "rating": 0, "private": 0, "password": null, "_winner": "p0y1339880f", "_our_name": "p0y1339880f"}