{"id": "battle-gen9randombattle-264", "formatid": "gen9randombattle", "format": "[Gen 9] Random Battle", "players": ["p0x2642080", "p0y2646230"], "log": "|init|battle\n|title|p0x2642080 vs. p0y2646230\n|j|\u2606p0x2642080\n|j|\u2606p0y2646230\n|t:|1783536344\n|gametype|singles\n|player|p1|p0x2642080|169|\n|player|p2|p0y2646230|170|\n|gen|9\n|tier|[Gen 9] Random Battle\n|rule|Species Clause: Limit one of each Pok\u00e9mon\n|rule|HP Percentage Mod: HP is shown in percentages\n|rule|Sleep Clause Mod: Limit one foe put to sleep\n|rule|Illusion Level Mod: Illusion disguises the Pok\u00e9mon's true level\n|\n|t:|1783536344\n|teamsize|p1|6\n|teamsize|p2|6\n|start\n|switch|p1a: Hariyama|Hariyama, L87, F|100/100\n|switch|p2a: Scovillain|Scovillain, L91, M|266/266\n|turn|1\n|inactive|Battle timer is ON: inactive players will automatically lose when time's up. (requested by p0y2646230)\n|inactive|p0x2642080 also wants the timer to be on.\n|\n|t:|1783536344\n|move|p2a: Scovillain|Fire Blast|p1a: Hariyama\n|-damage|p1a: Hariyama|52/100\n|move|p1a: Hariyama|Close Combat|p2a: Scovillain\n|-damage|p2a: Scovillain|82/266\n|-unboost|p1a: Hariyama|def|1\n|-unboost|p1a: Hariyama|spd|1\n|\n|-status|p1a: Hariyama|brn|[from] item: Flame Orb\n|upkeep\n|turn|2\n|inactive|Time left: 300 sec this turn | 300 sec total\n|\n|t:|1783536345\n|switch|p1a: Porygon2|Porygon2, L81|100/100\n|-ability|p1a: Porygon2|Download|boost\n|-boost|p1a: Porygon2|spa|1\n|move|p2a: Scovillain|Fire Blast|p1a: Porygon2\n|-damage|p1a: Porygon2|67/100\n|\n|upkeep\n|turn|3\n|inactive|Time left: 300 sec this turn | 300 sec total\n|\n|t:|1783536346\n|move|p2a: Scovillain|Fire Blast|p1a: Porygon2\n|-crit|p1a: Porygon2\n|-damage|p1a: Porygon2|11/100\n|move|p1a: Porygon2|Ice Beam|p2a: Scovillain\n|-damage|p2a: Scovillain|0 fnt\n|faint|p2a: Scovillain\n|\n|upkeep\n|inactive|Time left: 300 sec this turn | 300 sec total | 5 sec grace\n|\n|t:|1783536347\n|switch|p2a: Articuno|Articuno-Galar, L84|288/288\n|turn|4\n|inactive|Time left: 300 sec this turn | 300 sec total\n|\n|t:|1783536347\n|move|p2a: Articuno|Freezing Glare|p1a: Porygon2\n|-crit|p1a: Porygon2\n|-damage|p1a: Porygon2|0 fnt\n|faint|p1a: Porygon2\n|\n|upkeep\n|\n|t:|1783536348\n|switch|p1a: Lapras|Lapras, L87, M|100/100\n|turn|5\n|inactive|Time left: 300 sec this turn | 300 sec total\n|\n|t:|1783536349\n|move|p2a: Articuno|Calm Mind|p2a: Articuno\n|-boost|p2a: Articuno|spa|1\n|-boost|p2a: Articuno|spd|1\n|move|p1a: Lapras|Ice Beam|p2a: Articuno\n|-supereffective|p2a: Articuno\n|-damage|p2a: Articuno|112/288\n|\n|upkeep\n|turn|6\n|inactive|Time left: 300 sec this turn | 300 sec total\n|\n|t:|1783536350\n|-terastallize|p2a: Articuno|Steel\n|move|p2a: Articuno|Freezing Glare|p1a: Lapras\n|-damage|p1a: Lapras|60/100\n|move|p1a: Lapras|Ice Beam|p2a: Articuno\n|-resisted|p2a: Articuno\n|-damage|p2a: Articuno|71/288\n|\n|upkeep\n|turn|7\n|inactive|Time left: 300 sec this turn | 300 sec total\n|\n|t:|1783536351\n|move|p2a: Articuno|Recover|p2a: Articuno\n|-heal|p2a: Articuno|215/288\n|move|p1a: Lapras|Ice Beam|p2a: Articuno\n|-resisted|p2a: Articuno\n|-damage|p2a: Articuno|171/288\n|\n|upkeep\n|turn|8\n|inactive|Time left: 300 sec this turn | 300 sec total\n|\n|t:|1783536352\n|switch|p1a: Carbink|Carbink, L90|100/100\n|move|p2a: Articuno|Freezing Glare|p1a: Carbink\n|-damage|p1a: Carbink|59/100\n|\n|upkeep\n|turn|9\n|inactive|Time left: 300 sec this turn | 300 sec total\n|\n|t:|1783536353\n|move|p2a: Articuno|Recover|p2a: Articuno\n|-heal|p2a: Articuno|288/288\n|move|p1a: Carbink|Body Press|p2a: Articuno\n|-supereffective|p2a: Articuno\n|-damage|p2a: Articuno|92/288\n|\n|upkeep\n|turn|10\n|inactive|Time left: 300 sec this turn | 300 sec total\n|\n|t:|1783536354\n|move|p2a: Articuno|Freezing Glare|p1a: Carbink\n|-damage|p1a: Carbink|15/100\n|move|p1a: Carbink|Body Press|p2a: Articuno\n|-supereffective|p2a: Articuno\n|-damage|p2a: Articuno|0 fnt\n|faint|p2a: Articuno\n|\n|upkeep\n|inactive|Time left: 300 sec this turn | 300 sec total | 5 sec grace\n|\n|t:|1783536355\n|switch|p2a: Porygon-Z|Porygon-Z, L83|277/277\n|-ability|p2a: Porygon-Z|Download|boost\n|-boost|p2a: Porygon-Z|spa|1\n|turn|11\n|inactive|Time left: 300 sec this turn | 300 sec total\n|\n|t:|1783536357\n|move|p2a: Porygon-Z|Tri Attack|p1a: Carbink\n|-resisted|p1a: Carbink\n|-damage|p1a: Carbink|0 fnt\n|faint|p1a: Carbink\n|\n|upkeep\n|\n|t:|1783536358\n|switch|p1a: Araquanid|Araquanid, L82, F|100/100\n|turn|12\n|inactive|Time left: 300 sec this turn | 300 sec total\n|\n|t:|1783536359\n|move|p2a: Porygon-Z|Tri Attack|p1a: Araquanid\n|-damage|p1a: Araquanid|51/100\n|move|p1a: Araquanid|Mirror Coat|p2a: Porygon-Z\n|-damage|p2a: Porygon-Z|35/277\n|\n|upkeep\n|turn|13\n|inactive|Time left: 300 sec this turn | 300 sec total\n|\n|t:|1783536361\n|move|p2a: Porygon-Z|Tri Attack|p1a: Araquanid\n|-crit|p1a: Araquanid\n|-damage|p1a: Araquanid|0 fnt\n|faint|p1a: Araquanid\n|\n|upkeep\n|\n|t:|1783536362\n|switch|p1a: Mightyena|Mightyena, L96, M|100/100\n|-ability|p1a: Mightyena|Intimidate|boost\n|-unboost|p2a: Porygon-Z|atk|1\n|turn|14\n|inactive|Time left: 300 sec this turn | 300 sec total\n|\n|t:|1783536363\n|move|p1a: Mightyena|Sucker Punch|p2a: Porygon-Z\n|-damage|p2a: Porygon-Z|0 fnt\n|faint|p2a: Porygon-Z\n|\n|upkeep\n|inactive|Time left: 300 sec this turn | 300 sec total | 5 sec grace\n|\n|t:|1783536364\n|switch|p2a: Mienshao|Mienshao, L83, F|244/244\n|turn|15\n|inactive|Time left: 300 sec this turn | 300 sec total\n|\n|t:|1783536365\n|-terastallize|p1a: Mightyena|Fairy\n|move|p2a: Mienshao|Close Combat|p1a: Mightyena\n|-resisted|p1a: Mightyena\n|-damage|p1a: Mightyena|72/100\n|-unboost|p2a: Mienshao|def|1\n|-unboost|p2a: Mienshao|spd|1\n|move|p1a: Mightyena|Play Rough|p2a: Mienshao\n|-supereffective|p2a: Mienshao\n|-damage|p2a: Mienshao|0 fnt\n|faint|p2a: Mienshao\n|\n|upkeep\n|inactive|Time left: 300 sec this turn | 300 sec total | 5 sec grace\n|\n|t:|1783536366\n|switch|p2a: Seviper|Seviper, L93, M|287/287\n|turn|16\n|inactive|Time left: 300 sec this turn | 300 sec total\n|\n|t:|1783536367\n|move|p1a: Mightyena|Super Fang|p2a: Seviper\n|-damage|p2a: Seviper|144/287\n|move|p2a: Seviper|Gunk Shot|p1a: Mightyena\n|-supereffective|p1a: Mightyena\n|-damage|p1a: Mightyena|0 fnt\n|faint|p1a: Mightyena\n|-damage|p2a: Seviper|116/287|[from] item: Life Orb\n|\n|upkeep\n|\n|t:|1783536369\n|switch|p1a: Lapras|Lapras, L87, M|60/100\n|turn|17\n|inactive|Time left: 300 sec this turn | 300 sec total\n|\n|t:|1783536370\n|move|p2a: Seviper|Gunk Shot|p1a: Lapras\n|-damage|p1a: Lapras|0 fnt\n|faint|p1a: Lapras\n|-damage|p2a: Seviper|88/287|[from] item: Life Orb\n|\n|upkeep\n|\n|t:|1783536371\n|switch|p1a: Hariyama|Hariyama, L87, F|52/100 brn\n|turn|18\n|inactive|Time left: 300 sec this turn | 300 sec total\n|\n|t:|1783536372\n|move|p2a: Seviper|Flamethrower|p1a: Hariyama\n|-damage|p1a: Hariyama|16/100 brn\n|-damage|p2a: Seviper|60/287|[from] item: Life Orb\n|move|p1a: Hariyama|Close Combat|p2a: Seviper\n|-resisted|p2a: Seviper\n|-damage|p2a: Seviper|0 fnt\n|-unboost|p1a: Hariyama|def|1\n|-unboost|p1a: Hariyama|spd|1\n|faint|p2a: Seviper\n|\n|-damage|p1a: Hariyama|9/100 brn|[from] brn\n|upkeep\n|inactive|Time left: 300 sec this turn | 300 sec total | 5 sec grace\n|\n|t:|1783536373\n|switch|p2a: Ambipom|Ambipom, L84, M|263/263\n|turn|19\n|inactive|Time left: 300 sec this turn | 300 sec total\n|\n|t:|1783536373\n|move|p2a: Ambipom|Knock Off|p1a: Hariyama\n|-resisted|p1a: Hariyama\n|-damage|p1a: Hariyama|0 fnt\n|-enditem|p1a: Hariyama|Flame Orb|[from] move: Knock Off|[of] p2a: Ambipom\n|faint|p1a: Hariyama\n|\n|win|p0y2646230", "uploadtime": 1783536373, "views": 0, "rating": 0, "private": 0, "password": null, "_winner": "p0y2646230", "_our_name": "p0y2646230"}