{"id": "battle-gen9randombattle-212", "formatid": "gen9randombattle", "format": "[Gen 9] Random Battle", "players": ["p0x21259e6", "p0y2127e89"], "log": "|init|battle\n|title|p0x21259e6 vs. p0y2127e89\n|j|\u2606p0x21259e6\n|j|\u2606p0y2127e89\n|t:|1783541554\n|gametype|singles\n|player|p1|p0x21259e6|1|\n|player|p2|p0y2127e89|102|\n|gen|9\n|tier|[Gen 9] Random Battle\n|rule|Species Clause: Limit one of each Pok\u00e9mon\n|rule|HP Percentage Mod: HP is shown in percentages\n|rule|Sleep Clause Mod: Limit one foe put to sleep\n|rule|Illusion Level Mod: Illusion disguises the Pok\u00e9mon's true level\n|\n|t:|1783541554\n|teamsize|p1|6\n|teamsize|p2|6\n|start\n|switch|p1a: Minior|Minior-Blue, L79|100/100\n|switch|p2a: Dragonite|Dragonite, L74, M|257/257\n|-formechange|p1a: Minior|Minior-Meteor||[from] ability: Shields Down\n|turn|1\n|inactive|Battle timer is ON: inactive players will automatically lose when time's up. (requested by p0y2127e89)\n|inactive|p0x21259e6 also wants the timer to be on.\n|\n|t:|1783541556\n|move|p2a: Dragonite|Outrage|p1a: Minior\n|-damage|p1a: Minior|43/100\n|move|p1a: Minior|Shell Smash|p1a: Minior\n|-unboost|p1a: Minior|def|1\n|-unboost|p1a: Minior|spd|1\n|-boost|p1a: Minior|atk|2\n|-boost|p1a: Minior|spa|2\n|-boost|p1a: Minior|spe|2\n|-enditem|p1a: Minior|White Herb\n|-clearnegativeboost|p1a: Minior|[silent]\n|\n|-formechange|p1a: Minior|Minior-Blue||[from] ability: Shields Down\n|upkeep\n|turn|2\n|inactive|Time left: 300 sec this turn | 300 sec total\n|\n|t:|1783541557\n|switch|p1a: Azumarill|Azumarill, L82, F|100/100\n|move|p2a: Dragonite|Outrage|p1a: Azumarill|[from] lockedmove\n|-immune|p1a: Azumarill\n|-start|p2a: Dragonite|confusion|[fatigue]\n|\n|upkeep\n|turn|3\n|inactive|Time left: 300 sec this turn | 300 sec total\n|\n|t:|1783541558\n|switch|p2a: Slowking|Slowking, L88, M|310/310\n|move|p1a: Azumarill|Belly Drum|p1a: Azumarill\n|-damage|p1a: Azumarill|50/100\n|-setboost|p1a: Azumarill|atk|6|[from] move: Belly Drum\n|-enditem|p1a: Azumarill|Sitrus Berry|[eat]\n|-heal|p1a: Azumarill|75/100|[from] item: Sitrus Berry\n|\n|upkeep\n|turn|4\n|inactive|Time left: 300 sec this turn | 300 sec total\n|\n|t:|1783541559\n|move|p1a: Azumarill|Play Rough|p2a: Slowking|[miss]\n|-miss|p1a: Azumarill|p2a: Slowking\n|-prepare|p2a: Slowking|Chilly Reception|[premajor]\n|move|p2a: Slowking|Chilly Reception|p2a: Slowking\n|-weather|Snowscape\n|inactive|Time left: 300 sec this turn | 300 sec total | 5 sec grace\n|\n|t:|1783541560\n|switch|p2a: Raichu|Raichu, L88, F|249/249|[from] Chilly Reception\n|\n|-weather|Snowscape|[upkeep]\n|upkeep\n|turn|5\n|inactive|Time left: 300 sec this turn | 300 sec total\n|\n|t:|1783541562\n|-terastallize|p2a: Raichu|Ice\n|move|p1a: Azumarill|Aqua Jet|p2a: Raichu\n|-damage|p2a: Raichu|84/249\n|move|p2a: Raichu|Thunderbolt|p1a: Azumarill\n|-supereffective|p1a: Azumarill\n|-damage|p1a: Azumarill|0 fnt\n|faint|p1a: Azumarill\n|-damage|p2a: Raichu|60/249|[from] item: Life Orb\n|\n|-weather|Snowscape|[upkeep]\n|upkeep\n|\n|t:|1783541564\n|switch|p1a: Flareon|Flareon, L90, M|100/100\n|turn|6\n|inactive|Time left: 300 sec this turn | 300 sec total\n|\n|t:|1783541565\n|switch|p2a: Chandelure|Chandelure, L83, M|235/235\n|move|p1a: Flareon|Trailblaze|p2a: Chandelure\n|-resisted|p2a: Chandelure\n|-crit|p2a: Chandelure\n|-damage|p2a: Chandelure|199/235\n|-boost|p1a: Flareon|spe|1\n|\n|-weather|Snowscape|[upkeep]\n|-status|p1a: Flareon|tox|[from] item: Toxic Orb\n|upkeep\n|turn|7\n|inactive|Time left: 300 sec this turn | 300 sec total\n|\n|t:|1783541566\n|move|p2a: Chandelure|Shadow Ball|p1a: Flareon\n|-damage|p1a: Flareon|67/100 tox\n|move|p1a: Flareon|Trailblaze|p2a: Chandelure\n|-resisted|p2a: Chandelure\n|-damage|p2a: Chandelure|163/235\n|-boost|p1a: Flareon|spe|1\n|\n|-weather|Snowscape|[upkeep]\n|-damage|p1a: Flareon|61/100 tox|[from] psn\n|upkeep\n|turn|8\n|inactive|Time left: 300 sec this turn | 300 sec total\n|\n|t:|1783541567\n|-terastallize|p1a: Flareon|Normal\n|move|p1a: Flareon|Trailblaze|p2a: Chandelure\n|-resisted|p2a: Chandelure\n|-damage|p2a: Chandelure|127/235\n|-boost|p1a: Flareon|spe|1\n|move|p2a: Chandelure|Shadow Ball|p1a: Flareon\n|-immune|p1a: Flareon\n|\n|-weather|none\n|-damage|p1a: Flareon|49/100 tox|[from] psn\n|upkeep\n|turn|9\n|inactive|Time left: 300 sec this turn | 300 sec total\n|\n|t:|1783541568\n|move|p1a: Flareon|Trailblaze|p2a: Chandelure\n|-resisted|p2a: Chandelure\n|-damage|p2a: Chandelure|89/235\n|-boost|p1a: Flareon|spe|1\n|move|p2a: Chandelure|Shadow Ball|p1a: Flareon\n|-immune|p1a: Flareon\n|\n|-damage|p1a: Flareon|31/100 tox|[from] psn\n|upkeep\n|turn|10\n|inactive|Time left: 300 sec this turn | 300 sec total\n|\n|t:|1783541568\n|move|p1a: Flareon|Facade|p2a: Chandelure\n|-immune|p2a: Chandelure\n|move|p2a: Chandelure|Shadow Ball|p1a: Flareon\n|-immune|p1a: Flareon\n|\n|-damage|p1a: Flareon|6/100 tox|[from] psn\n|upkeep\n|turn|11\n|inactive|Time left: 300 sec this turn | 300 sec total\n|\n|t:|1783541569\n|move|p1a: Flareon|Facade|p2a: Chandelure\n|-immune|p2a: Chandelure\n|move|p2a: Chandelure|Shadow Ball|p1a: Flareon\n|-immune|p1a: Flareon\n|\n|-damage|p1a: Flareon|0 fnt|[from] psn\n|faint|p1a: Flareon\n|upkeep\n|\n|t:|1783541570\n|switch|p1a: Shiftry|Shiftry, L89, F|100/100\n|turn|12\n|inactive|Time left: 300 sec this turn | 300 sec total\n|\n|t:|1783541571\n|switch|p2a: Dragonite|Dragonite, L74, M|257/257\n|move|p1a: Shiftry|Knock Off|p2a: Dragonite\n|-damage|p2a: Dragonite|179/257\n|-enditem|p2a: Dragonite|Heavy-Duty Boots|[from] move: Knock Off|[of] p1a: Shiftry\n|-damage|p1a: Shiftry|91/100|[from] item: Life Orb\n|\n|upkeep\n|turn|13\n|inactive|Time left: 300 sec this turn | 300 sec total\n|\n|t:|1783541572\n|move|p1a: Shiftry|Knock Off|p2a: Dragonite\n|-damage|p2a: Dragonite|65/257\n|-damage|p1a: Shiftry|81/100|[from] item: Life Orb\n|move|p2a: Dragonite|Outrage|p1a: Shiftry\n|-damage|p1a: Shiftry|28/100\n|\n|upkeep\n|turn|14\n|inactive|Time left: 300 sec this turn | 300 sec total\n|\n|t:|1783541573\n|move|p1a: Shiftry|Knock Off|p2a: Dragonite\n|-damage|p2a: Dragonite|0 fnt\n|faint|p2a: Dragonite\n|-damage|p1a: Shiftry|18/100|[from] item: Life Orb\n|\n|upkeep\n|inactive|Time left: 300 sec this turn | 300 sec total | 5 sec grace\n|\n|t:|1783541574\n|switch|p2a: Umbreon|Umbreon, L84, M|297/297\n|turn|15\n|inactive|Time left: 300 sec this turn | 300 sec total\n|\n|t:|1783541575\n|move|p1a: Shiftry|Leaf Blade|p2a: Umbreon\n|-damage|p2a: Umbreon|172/297\n|-damage|p1a: Shiftry|8/100|[from] item: Life Orb\n|move|p2a: Umbreon|Foul Play|p1a: Shiftry\n|-resisted|p1a: Shiftry\n|-damage|p1a: Shiftry|0 fnt\n|faint|p1a: Shiftry\n|\n|-heal|p2a: Umbreon|190/297|[from] item: Leftovers\n|upkeep\n|\n|t:|1783541576\n|switch|p1a: Gurdurr|Gurdurr, L85, M|100/100\n|turn|16\n|inactive|Time left: 300 sec this turn | 300 sec total\n|\n|t:|1783541577\n|move|p2a: Umbreon|Wish|p2a: Umbreon\n|move|p1a: Gurdurr|Knock Off|p2a: Umbreon\n|-resisted|p2a: Umbreon\n|-damage|p2a: Umbreon|157/297\n|-enditem|p2a: Umbreon|Leftovers|[from] move: Knock Off|[of] p1a: Gurdurr\n|\n|upkeep\n|turn|17\n|inactive|Time left: 300 sec this turn | 300 sec total\n|\n|t:|1783541578\n|move|p2a: Umbreon|Protect|p2a: Umbreon\n|-singleturn|p2a: Umbreon|Protect\n|move|p1a: Gurdurr|Knock Off|p2a: Umbreon\n|-activate|p2a: Umbreon|move: Protect\n|\n|-heal|p2a: Umbreon|297/297|[from] move: Wish|[wisher] Umbreon\n|upkeep\n|turn|18\n|inactive|Time left: 300 sec this turn | 300 sec total\n|\n|t:|1783541579\n|switch|p2a: Cramorant|Cramorant, L86, F|261/261\n|move|p1a: Gurdurr|Drain Punch|p2a: Cramorant\n|-resisted|p2a: Cramorant\n|-damage|p2a: Cramorant|199/261\n|\n|upkeep\n|turn|19\n|inactive|Time left: 300 sec this turn | 300 sec total\n|\n|t:|1783541580\n|switch|p1a: Cresselia|Cresselia, L80, F|100/100\n|move|p2a: Cramorant|Surf|p1a: Cresselia\n|-formechange|p2a: Cramorant|Cramorant-Gulping|\n|-damage|p1a: Cresselia|79/100\n|\n|-heal|p1a: Cresselia|85/100|[from] item: Leftovers\n|upkeep\n|turn|20\n|inactive|Time left: 300 sec this turn | 300 sec total\n|\n|t:|1783541581\n|move|p2a: Cramorant|Brave Bird|p1a: Cresselia\n|-damage|p1a: Cresselia|51/100\n|-damage|p2a: Cramorant|163/261|[from] Recoil\n|move|p1a: Cresselia|Calm Mind|p1a: Cresselia\n|-boost|p1a: Cresselia|spa|1\n|-boost|p1a: Cresselia|spd|1\n|\n|-heal|p1a: Cresselia|57/100|[from] item: Leftovers\n|upkeep\n|turn|21\n|inactive|Time left: 300 sec this turn | 300 sec total\n|\n|t:|1783541582\n|move|p2a: Cramorant|Roost|p2a: Cramorant\n|-heal|p2a: Cramorant|261/261\n|-singleturn|p2a: Cramorant|move: Roost\n|move|p1a: Cresselia|Moonlight|p1a: Cresselia\n|-heal|p1a: Cresselia|100/100\n|\n|upkeep\n|turn|22\n|inactive|Time left: 300 sec this turn | 300 sec total\n|\n|t:|1783541584\n|switch|p2a: Umbreon|Umbreon, L84, M|297/297\n|move|p1a: Cresselia|Calm Mind|p1a: Cresselia\n|-boost|p1a: Cresselia|spa|1\n|-boost|p1a: Cresselia|spd|1\n|\n|upkeep\n|turn|23\n|inactive|Time left: 300 sec this turn | 300 sec total\n|\n|t:|1783541585\n|move|p1a: Cresselia|Moonblast|p2a: Umbreon\n|-supereffective|p2a: Umbreon\n|-damage|p2a: Umbreon|137/297\n|move|p2a: Umbreon|Toxic|p1a: Cresselia\n|-status|p1a: Cresselia|tox\n|\n|-damage|p1a: Cresselia|94/100 tox|[from] psn\n|upkeep\n|turn|24\n|inactive|Time left: 300 sec this turn | 300 sec total\n|\n|t:|1783541586\n|move|p2a: Umbreon|Protect|p2a: Umbreon\n|-singleturn|p2a: Umbreon|Protect\n|move|p1a: Cresselia|Moonblast|p2a: Umbreon\n|-activate|p2a: Umbreon|move: Protect\n|\n|-heal|p1a: Cresselia|100/100 tox|[from] item: Leftovers\n|-damage|p1a: Cresselia|88/100 tox|[from] psn\n|upkeep\n|turn|25\n|inactive|Time left: 300 sec this turn | 300 sec total\n|\n|t:|1783541587\n|switch|p2a: Slowking|Slowking, L88, M|310/310\n|move|p1a: Cresselia|Moonblast|p2a: Slowking\n|-damage|p2a: Slowking|231/310\n|\n|-heal|p1a: Cresselia|94/100 tox|[from] item: Leftovers\n|-damage|p1a: Cresselia|76/100 tox|[from] psn\n|upkeep\n|turn|26\n|inactive|Time left: 300 sec this turn | 300 sec total\n|\n|t:|1783541588\n|move|p1a: Cresselia|Moonlight|p1a: Cresselia\n|-heal|p1a: Cresselia|100/100 tox\n|-prepare|p2a: Slowking|Chilly Reception|[premajor]\n|move|p2a: Slowking|Chilly Reception|p2a: Slowking\n|-weather|Snowscape\n|inactive|Time left: 300 sec this turn | 300 sec total | 5 sec grace\n|\n|t:|1783541589\n|switch|p2a: Cramorant|Cramorant, L86, F|261/261|[from] Chilly Reception\n|\n|-weather|Snowscape|[upkeep]\n|-damage|p1a: Cresselia|76/100 tox|[from] psn\n|upkeep\n|turn|27\n|inactive|Time left: 300 sec this turn | 300 sec total\n|\n|t:|1783541590\n|move|p2a: Cramorant|Surf|p1a: Cresselia\n|-formechange|p2a: Cramorant|Cramorant-Gulping|\n|-crit|p1a: Cresselia\n|-damage|p1a: Cresselia|40/100 tox\n|move|p1a: Cresselia|Psyshock|p2a: Cramorant\n|-damage|p2a: Cramorant|83/261\n|-damage|p1a: Cresselia|15/100 tox|[from] ability: Gulp Missile|[of] p2a: Cramorant\n|-unboost|p1a: Cresselia|def|1\n|-formechange|p2a: Cramorant|Cramorant|\n|\n|-weather|Snowscape|[upkeep]\n|-heal|p1a: Cresselia|22/100 tox|[from] item: Leftovers\n|-damage|p1a: Cresselia|0 fnt|[from] psn\n|faint|p1a: Cresselia\n|upkeep\n|\n|t:|1783541591\n|switch|p1a: Minior|Minior-Blue, L79|43/100\n|turn|28\n|inactive|Time left: 300 sec this turn | 300 sec total\n|\n|t:|1783541592\n|switch|p2a: Slowking|Slowking, L88, M|310/310\n|move|p1a: Minior|Acrobatics|p2a: Slowking\n|-damage|p2a: Slowking|198/310\n|\n|-weather|Snowscape|[upkeep]\n|upkeep\n|turn|29\n|inactive|Time left: 300 sec this turn | 300 sec total\n|\n|t:|1783541592\n|move|p1a: Minior|Acrobatics|p2a: Slowking\n|-damage|p2a: Slowking|83/310\n|move|p2a: Slowking|Scald|p1a: Minior\n|-supereffective|p1a: Minior\n|-damage|p1a: Minior|0 fnt\n|faint|p1a: Minior\n|\n|-weather|Snowscape|[upkeep]\n|upkeep\n|\n|t:|1783541593\n|switch|p1a: Gurdurr|Gurdurr, L85, M|100/100\n|turn|30\n|inactive|Time left: 300 sec this turn | 300 sec total\n|\n|t:|1783541594\n|switch|p2a: Umbreon|Umbreon, L84, M|137/297\n|move|p1a: Gurdurr|Knock Off|p2a: Umbreon\n|-resisted|p2a: Umbreon\n|-damage|p2a: Umbreon|117/297\n|\n|-weather|none\n|upkeep\n|turn|31\n|inactive|Time left: 300 sec this turn | 300 sec total\n|\n|t:|1783541595\n|move|p2a: Umbreon|Wish|p2a: Umbreon\n|move|p1a: Gurdurr|Drain Punch|p2a: Umbreon\n|-supereffective|p2a: Umbreon\n|-damage|p2a: Umbreon|0 fnt\n|faint|p2a: Umbreon\n|\n|upkeep\n|inactive|Time left: 300 sec this turn | 300 sec total | 5 sec grace\n|\n|t:|1783541596\n|switch|p2a: Cramorant|Cramorant, L86, F|83/261\n|turn|32\n|inactive|Time left: 300 sec this turn | 300 sec total\n|\n|t:|1783541597\n|move|p2a: Cramorant|Surf|p1a: Gurdurr\n|-formechange|p2a: Cramorant|Cramorant-Gorging|\n|-damage|p1a: Gurdurr|68/100\n|move|p1a: Gurdurr|Knock Off|p2a: Cramorant\n|-damage|p2a: Cramorant|0 fnt\n|-damage|p1a: Gurdurr|43/100|[from] ability: Gulp Missile|[of] p2a: Cramorant\n|-status|p1a: Gurdurr|par\n|-formechange|p2a: Cramorant|Cramorant|\n|-enditem|p2a: Cramorant|Heavy-Duty Boots|[from] move: Knock Off|[of] p1a: Gurdurr\n|faint|p2a: Cramorant\n|\n|upkeep\n|inactive|Time left: 300 sec this turn | 300 sec total | 5 sec grace\n|\n|t:|1783541598\n|switch|p2a: Chandelure|Chandelure, L83, M|89/235\n|turn|33\n|inactive|Time left: 300 sec this turn | 300 sec total\n|\n|t:|1783541599\n|move|p2a: Chandelure|Fire Blast|p1a: Gurdurr\n|-damage|p1a: Gurdurr|0 fnt\n|faint|p1a: Gurdurr\n|\n|win|p0y2127e89", "uploadtime": 1783541599, "views": 0, "rating": 0, "private": 0, "password": null, "_winner": "p0y2127e89", "_our_name": "p0y2127e89"}