{"id": "battle-gen9randombattle-1215", "formatid": "gen9randombattle", "format": "[Gen 9] Random Battle", "players": ["p0x1215ba1b", "p0y1215d8d0"], "log": "|init|battle\n|title|p0x1215ba1b vs. p0y1215d8d0\n|j|\u2606p0x1215ba1b\n|j|\u2606p0y1215d8d0\n|t:|1783553192\n|gametype|singles\n|player|p1|p0x1215ba1b|169|\n|player|p2|p0y1215d8d0|1|\n|gen|9\n|tier|[Gen 9] Random Battle\n|rule|Species Clause: Limit one of each Pok\u00e9mon\n|rule|HP Percentage Mod: HP is shown in percentages\n|rule|Sleep Clause Mod: Limit one foe put to sleep\n|rule|Illusion Level Mod: Illusion disguises the Pok\u00e9mon's true level\n|\n|t:|1783553192\n|teamsize|p1|6\n|teamsize|p2|6\n|start\n|switch|p1a: Clefable|Clefable, L83, M|100/100\n|switch|p2a: Gurdurr|Gurdurr, L85, M|283/283\n|turn|1\n|inactive|Battle timer is ON: inactive players will automatically lose when time's up. (requested by p0x1215ba1b)\n|inactive|Time left: 300 sec this turn | 300 sec total | 60 sec grace\n|\n|t:|1783553194\n|switch|p2a: Granbull|Granbull, L88, M|302/302\n|-ability|p2a: Granbull|Intimidate|boost\n|-unboost|p1a: Clefable|atk|1\n|move|p1a: Clefable|Stealth Rock|p2a: Granbull\n|-sidestart|p2: p0y1215d8d0|move: Stealth Rock\n|\n|upkeep\n|turn|2\n|inactive|Time left: 300 sec this turn | 300 sec total\n|inactive|p0y1215d8d0 also wants the timer to be on.\n|\n|t:|1783553195\n|switch|p1a: Mudsdale|Mudsdale, L83, F|100/100\n|move|p2a: Granbull|Play Rough|p1a: Mudsdale\n|-damage|p1a: Mudsdale|60/100\n|-ability|p1a: Mudsdale|Stamina|boost\n|-boost|p1a: Mudsdale|def|1\n|\n|-heal|p1a: Mudsdale|66/100|[from] item: Leftovers\n|upkeep\n|turn|3\n|inactive|Time left: 300 sec this turn | 300 sec total\n|\n|t:|1783553196\n|switch|p2a: Gurdurr|Gurdurr, L85, M|283/283\n|-damage|p2a: Gurdurr|266/283|[from] Stealth Rock\n|move|p1a: Mudsdale|Heavy Slam|p2a: Gurdurr\n|-damage|p2a: Gurdurr|193/283\n|\n|-heal|p1a: Mudsdale|72/100|[from] item: Leftovers\n|upkeep\n|turn|4\n|inactive|Time left: 300 sec this turn | 300 sec total\n|\n|t:|1783553198\n|move|p2a: Gurdurr|Defog|p1a: Mudsdale\n|-unboost|p1a: Mudsdale|evasion|1\n|-sideend|p2: p0y1215d8d0|Stealth Rock|[from] move: Defog|[of] p2a: Gurdurr\n|move|p1a: Mudsdale|Earthquake|p2a: Gurdurr\n|-damage|p2a: Gurdurr|99/283\n|\n|-heal|p1a: Mudsdale|78/100|[from] item: Leftovers\n|upkeep\n|turn|5\n|inactive|Time left: 300 sec this turn | 300 sec total\n|\n|t:|1783553199\n|move|p2a: Gurdurr|Knock Off|p1a: Mudsdale\n|-damage|p1a: Mudsdale|62/100\n|-ability|p1a: Mudsdale|Stamina|boost\n|-boost|p1a: Mudsdale|def|1\n|-enditem|p1a: Mudsdale|Leftovers|[from] move: Knock Off|[of] p2a: Gurdurr\n|move|p1a: Mudsdale|Earthquake|p2a: Gurdurr\n|-damage|p2a: Gurdurr|12/283\n|\n|upkeep\n|turn|6\n|inactive|Time left: 300 sec this turn | 300 sec total\n|\n|t:|1783553200\n|switch|p2a: Armarouge|Armarouge, L80, M|267/267\n|move|p1a: Mudsdale|Heavy Slam|p2a: Armarouge\n|-resisted|p2a: Armarouge\n|-damage|p2a: Armarouge|219/267\n|-ability|p2a: Armarouge|Weak Armor|boost\n|-unboost|p2a: Armarouge|def|1\n|-boost|p2a: Armarouge|spe|2\n|\n|upkeep\n|turn|7\n|inactive|Time left: 300 sec this turn | 300 sec total\n|\n|t:|1783553201\n|move|p2a: Armarouge|Armor Cannon|p1a: Mudsdale\n|-damage|p1a: Mudsdale|0 fnt\n|-unboost|p2a: Armarouge|def|1\n|-unboost|p2a: Armarouge|spd|1\n|faint|p1a: Mudsdale\n|\n|upkeep\n|\n|t:|1783553202\n|switch|p1a: Baxcalibur|Baxcalibur, L75, M|100/100\n|turn|8\n|inactive|Time left: 300 sec this turn | 300 sec total\n|\n|t:|1783553203\n|switch|p2a: Granbull|Granbull, L88, M|302/302\n|-ability|p2a: Granbull|Intimidate|boost\n|-unboost|p1a: Baxcalibur|atk|1\n|-terastallize|p1a: Baxcalibur|Dragon\n|move|p1a: Baxcalibur|Glaive Rush|p2a: Granbull\n|-immune|p2a: Granbull\n|\n|upkeep\n|turn|9\n|inactive|Time left: 300 sec this turn | 300 sec total\n|\n|t:|1783553204\n|switch|p1a: Clefable|Clefable, L83, M|100/100\n|move|p2a: Granbull|Play Rough|p1a: Clefable\n|-damage|p1a: Clefable|53/100\n|\n|-heal|p1a: Clefable|60/100|[from] item: Leftovers\n|upkeep\n|turn|10\n|inactive|Time left: 300 sec this turn | 300 sec total\n|\n|t:|1783553205\n|move|p1a: Clefable|Stealth Rock|p2a: Granbull\n|-sidestart|p2: p0y1215d8d0|move: Stealth Rock\n|move|p2a: Granbull|Play Rough|p1a: Clefable|[miss]\n|-miss|p2a: Granbull|p1a: Clefable\n|\n|-heal|p1a: Clefable|66/100|[from] item: Leftovers\n|upkeep\n|turn|11\n|inactive|Time left: 300 sec this turn | 300 sec total\n|\n|t:|1783553206\n|move|p1a: Clefable|Moonlight|p1a: Clefable\n|-heal|p1a: Clefable|100/100\n|move|p2a: Granbull|Play Rough|p1a: Clefable\n|-damage|p1a: Clefable|52/100\n|-unboost|p1a: Clefable|atk|1\n|\n|-heal|p1a: Clefable|59/100|[from] item: Leftovers\n|upkeep\n|turn|12\n|inactive|Time left: 300 sec this turn | 300 sec total\n|\n|t:|1783553207\n|move|p1a: Clefable|Moonblast|p2a: Granbull\n|-damage|p2a: Granbull|182/302\n|move|p2a: Granbull|Play Rough|p1a: Clefable\n|-damage|p1a: Clefable|11/100\n|\n|-heal|p1a: Clefable|17/100|[from] item: Leftovers\n|-heal|p2a: Granbull|200/302|[from] item: Leftovers\n|upkeep\n|turn|13\n|inactive|Time left: 300 sec this turn | 300 sec total\n|\n|t:|1783553209\n|move|p1a: Clefable|Moonlight|p1a: Clefable\n|-heal|p1a: Clefable|67/100\n|move|p2a: Granbull|Play Rough|p1a: Clefable\n|-damage|p1a: Clefable|22/100\n|\n|-heal|p1a: Clefable|28/100|[from] item: Leftovers\n|-heal|p2a: Granbull|218/302|[from] item: Leftovers\n|upkeep\n|turn|14\n|inactive|Time left: 300 sec this turn | 300 sec total\n|\n|t:|1783553210\n|move|p1a: Clefable|Moonlight|p1a: Clefable\n|-heal|p1a: Clefable|78/100\n|move|p2a: Granbull|Play Rough|p1a: Clefable\n|-crit|p1a: Clefable\n|-damage|p1a: Clefable|0 fnt\n|faint|p1a: Clefable\n|\n|-heal|p2a: Granbull|236/302|[from] item: Leftovers\n|upkeep\n|\n|t:|1783553211\n|switch|p1a: Solgaleo|Solgaleo, L74|100/100\n|turn|15\n|inactive|Time left: 300 sec this turn | 300 sec total\n|\n|t:|1783553212\n|-terastallize|p2a: Granbull|Ground\n|move|p1a: Solgaleo|Sunsteel Strike|p2a: Granbull\n|-damage|p2a: Granbull|122/302\n|move|p2a: Granbull|Earthquake|p1a: Solgaleo\n|-supereffective|p1a: Solgaleo\n|-damage|p1a: Solgaleo|20/100\n|\n|-heal|p1a: Solgaleo|27/100|[from] item: Leftovers\n|-heal|p2a: Granbull|140/302|[from] item: Leftovers\n|upkeep\n|turn|16\n|inactive|Time left: 300 sec this turn | 300 sec total\n|\n|t:|1783553213\n|move|p1a: Solgaleo|Sunsteel Strike|p2a: Granbull\n|-damage|p2a: Granbull|13/302\n|move|p2a: Granbull|Earthquake|p1a: Solgaleo\n|-supereffective|p1a: Solgaleo\n|-damage|p1a: Solgaleo|0 fnt\n|faint|p1a: Solgaleo\n|\n|-heal|p2a: Granbull|31/302|[from] item: Leftovers\n|upkeep\n|\n|t:|1783553214\n|switch|p1a: Baxcalibur|Baxcalibur, L75, M, tera:Dragon|100/100\n|turn|17\n|inactive|Time left: 300 sec this turn | 300 sec total\n|\n|t:|1783553215\n|switch|p2a: Gurdurr|Gurdurr, L85, M|12/283\n|-damage|p2a: Gurdurr|0 fnt|[from] Stealth Rock\n|faint|p2a: Gurdurr\n|move|p1a: Baxcalibur|Glaive Rush|p2: Gurdurr|[notarget]\n|-fail|p1a: Baxcalibur\n|\n|upkeep\n|inactive|Time left: 300 sec this turn | 300 sec total | 5 sec grace\n|\n|t:|1783553216\n|switch|p2a: Granbull|Granbull, L88, M, tera:Ground|31/302\n|-damage|p2a: Granbull|13/302|[from] Stealth Rock\n|-ability|p2a: Granbull|Intimidate|boost\n|-unboost|p1a: Baxcalibur|atk|1\n|turn|18\n|inactive|Time left: 300 sec this turn | 300 sec total\n|\n|t:|1783553217\n|move|p1a: Baxcalibur|Glaive Rush|p2a: Granbull\n|-damage|p2a: Granbull|0 fnt\n|-singlemove|p1a: Baxcalibur|Glaive Rush|[silent]\n|faint|p2a: Granbull\n|\n|upkeep\n|inactive|Time left: 300 sec this turn | 300 sec total | 5 sec grace\n|\n|t:|1783553218\n|switch|p2a: Swalot|Swalot, L90, M|326/326\n|-damage|p2a: Swalot|286/326|[from] Stealth Rock\n|turn|19\n|inactive|Time left: 300 sec this turn | 300 sec total\n|\n|t:|1783553219\n|move|p1a: Baxcalibur|Glaive Rush|p2a: Swalot\n|-damage|p2a: Swalot|104/326\n|-singlemove|p1a: Baxcalibur|Glaive Rush|[silent]\n|move|p2a: Swalot|Knock Off|p1a: Baxcalibur\n|-damage|p1a: Baxcalibur|54/100\n|-enditem|p1a: Baxcalibur|Choice Band|[from] move: Knock Off|[of] p2a: Swalot\n|\n|-heal|p2a: Swalot|124/326|[from] item: Leftovers\n|upkeep\n|turn|20\n|inactive|Time left: 300 sec this turn | 300 sec total\n|\n|t:|1783553220\n|move|p1a: Baxcalibur|Glaive Rush|p2a: Swalot\n|-damage|p2a: Swalot|10/326\n|-singlemove|p1a: Baxcalibur|Glaive Rush|[silent]\n|move|p2a: Swalot|Knock Off|p1a: Baxcalibur\n|-damage|p1a: Baxcalibur|23/100\n|\n|-heal|p2a: Swalot|30/326|[from] item: Leftovers\n|upkeep\n|turn|21\n|inactive|Time left: 300 sec this turn | 300 sec total\n|\n|t:|1783553221\n|switch|p2a: Armarouge|Armarouge, L80, M|219/267\n|-damage|p2a: Armarouge|153/267|[from] Stealth Rock\n|move|p1a: Baxcalibur|Glaive Rush|p2a: Armarouge\n|-damage|p2a: Armarouge|41/267\n|-singlemove|p1a: Baxcalibur|Glaive Rush|[silent]\n|-ability|p2a: Armarouge|Weak Armor|boost\n|-unboost|p2a: Armarouge|def|1\n|-boost|p2a: Armarouge|spe|2\n|\n|upkeep\n|turn|22\n|inactive|Time left: 300 sec this turn | 300 sec total\n|\n|t:|1783553222\n|move|p2a: Armarouge|Armor Cannon|p1a: Baxcalibur\n|-resisted|p1a: Baxcalibur\n|-crit|p1a: Baxcalibur\n|-damage|p1a: Baxcalibur|0 fnt\n|-unboost|p2a: Armarouge|def|1\n|-unboost|p2a: Armarouge|spd|1\n|faint|p1a: Baxcalibur\n|\n|upkeep\n|\n|t:|1783553224\n|switch|p1a: Cyclizar|Cyclizar, L84, F|100/100\n|turn|23\n|inactive|Time left: 300 sec this turn | 300 sec total\n|\n|t:|1783553225\n|move|p2a: Armarouge|Armor Cannon|p1a: Cyclizar\n|-resisted|p1a: Cyclizar\n|-damage|p1a: Cyclizar|44/100\n|-unboost|p2a: Armarouge|def|1\n|-unboost|p2a: Armarouge|spd|1\n|move|p1a: Cyclizar|Rapid Spin|p2a: Armarouge\n|-damage|p2a: Armarouge|0 fnt\n|-boost|p1a: Cyclizar|spe|1\n|faint|p2a: Armarouge\n|\n|upkeep\n|inactive|Time left: 300 sec this turn | 300 sec total | 5 sec grace\n|\n|t:|1783553226\n|switch|p2a: Groudon|Groudon, L72|263/263\n|-damage|p2a: Groudon|247/263|[from] Stealth Rock\n|-weather|SunnyDay|[from] ability: Drought|[of] p2a: Groudon\n|turn|24\n|inactive|Time left: 300 sec this turn | 300 sec total\n|\n|t:|1783553226\n|move|p1a: Cyclizar|Knock Off|p2a: Groudon\n|-damage|p2a: Groudon|188/263\n|-enditem|p2a: Groudon|Leftovers|[from] move: Knock Off|[of] p1a: Cyclizar\n|move|p2a: Groudon|Precipice Blades|p1a: Cyclizar\n|-damage|p1a: Cyclizar|0 fnt\n|faint|p1a: Cyclizar\n|\n|-weather|SunnyDay|[upkeep]\n|upkeep\n|\n|t:|1783553227\n|switch|p1a: Iron Leaves|Iron Leaves, L80|100/100\n|turn|25\n|inactive|Time left: 300 sec this turn | 300 sec total\n|\n|t:|1783553228\n|switch|p2a: Glimmora|Glimmora, L75, M|248/248\n|-damage|p2a: Glimmora|217/248|[from] Stealth Rock\n|-item|p2a: Glimmora|Air Balloon\n|move|p1a: Iron Leaves|Leaf Blade|p2a: Glimmora\n|-crit|p2a: Glimmora\n|-damage|p2a: Glimmora|0 fnt\n|-activate|p2a: Glimmora|ability: Toxic Debris\n|-sidestart|p1: p0x1215ba1b|move: Toxic Spikes\n|-enditem|p2a: Glimmora|Air Balloon\n|faint|p2a: Glimmora\n|\n|-weather|SunnyDay|[upkeep]\n|upkeep\n|inactive|Time left: 300 sec this turn | 300 sec total | 5 sec grace\n|\n|t:|1783553228\n|switch|p2a: Swalot|Swalot, L90, M|30/326\n|-damage|p2a: Swalot|0 fnt|[from] Stealth Rock\n|faint|p2a: Swalot\n|inactive|Time left: 300 sec this turn | 300 sec total | 10 sec grace\n|\n|t:|1783553229\n|switch|p2a: Groudon|Groudon, L72|188/263\n|-damage|p2a: Groudon|172/263|[from] Stealth Rock\n|turn|26\n|inactive|Time left: 300 sec this turn | 300 sec total\n|\n|t:|1783553230\n|move|p1a: Iron Leaves|Leaf Blade|p2a: Groudon\n|-supereffective|p2a: Groudon\n|-damage|p2a: Groudon|0 fnt\n|faint|p2a: Groudon\n|\n|win|p0x1215ba1b", "uploadtime": 1783553230, "views": 0, "rating": 0, "private": 0, "password": null, "_winner": "p0x1215ba1b", "_our_name": "p0y1215d8d0"}