{"id": "battle-gen9randombattle-5", "formatid": "gen9randombattle", "format": "[Gen 9] Random Battle", "players": ["p0x005732d", "p0y0052ca8"], "log": "|init|battle\n|title|p0x005732d vs. p0y0052ca8\n|j|\u2606p0x005732d\n|j|\u2606p0y0052ca8\n|t:|1783533892\n|gametype|singles\n|player|p1|p0x005732d|266|\n|player|p2|p0y0052ca8|169|\n|gen|9\n|tier|[Gen 9] Random Battle\n|rule|Species Clause: Limit one of each Pok\u00e9mon\n|rule|HP Percentage Mod: HP is shown in percentages\n|rule|Sleep Clause Mod: Limit one foe put to sleep\n|rule|Illusion Level Mod: Illusion disguises the Pok\u00e9mon's true level\n|\n|t:|1783533892\n|teamsize|p1|6\n|teamsize|p2|6\n|start\n|switch|p1a: Golduck|Golduck, L90, F|290/290\n|switch|p2a: Trevenant|Trevenant, L89, F|100/100\n|-ability|p1a: Golduck|Cloud Nine\n|turn|1\n|inactive|Battle timer is ON: inactive players will automatically lose when time's up. (requested by p0x005732d)\n|inactive|p0y0052ca8 also wants the timer to be on.\n|\n|t:|1783533893\n|move|p1a: Golduck|Nasty Plot|p1a: Golduck\n|-boost|p1a: Golduck|spa|2\n|move|p2a: Trevenant|Horn Leech|p1a: Golduck\n|-supereffective|p1a: Golduck\n|-damage|p1a: Golduck|0 fnt\n|faint|p1a: Golduck\n|\n|upkeep\n|inactive|Time left: 300 sec this turn | 300 sec total | 65 sec grace\n|\n|t:|1783533893\n|switch|p1a: Brambleghast|Brambleghast, L88, M|240/240\n|turn|2\n|inactive|Time left: 300 sec this turn | 300 sec total\n|\n|t:|1783533894\n|switch|p2a: Masquerain|Masquerain, L87, M|100/100\n|-ability|p2a: Masquerain|Intimidate|boost\n|-unboost|p1a: Brambleghast|atk|1\n|move|p1a: Brambleghast|Poltergeist|p2a: Masquerain\n|-activate|p2a: Masquerain|move: Poltergeist|Heavy-Duty Boots\n|-damage|p2a: Masquerain|56/100\n|\n|upkeep\n|turn|3\n|inactive|Time left: 300 sec this turn | 300 sec total\n|\n|t:|1783533895\n|move|p1a: Brambleghast|Poltergeist|p2a: Masquerain\n|-activate|p2a: Masquerain|move: Poltergeist|Heavy-Duty Boots\n|-damage|p2a: Masquerain|10/100\n|move|p2a: Masquerain|Quiver Dance|p2a: Masquerain\n|-boost|p2a: Masquerain|spa|1\n|-boost|p2a: Masquerain|spd|1\n|-boost|p2a: Masquerain|spe|1\n|\n|upkeep\n|turn|4\n|inactive|Time left: 300 sec this turn | 300 sec total\n|\n|t:|1783533896\n|move|p2a: Masquerain|Bug Buzz|p1a: Brambleghast\n|-damage|p1a: Brambleghast|77/240\n|move|p1a: Brambleghast|Poltergeist|p2a: Masquerain\n|-activate|p2a: Masquerain|move: Poltergeist|Heavy-Duty Boots\n|-damage|p2a: Masquerain|0 fnt\n|faint|p2a: Masquerain\n|\n|-heal|p1a: Brambleghast|92/240|[from] item: Leftovers\n|upkeep\n|\n|t:|1783533897\n|switch|p2a: Latios|Latios, L78, M|100/100\n|turn|5\n|inactive|Time left: 300 sec this turn | 300 sec total\n|\n|t:|1783533897\n|move|p2a: Latios|Luster Purge|p1a: Brambleghast\n|-damage|p1a: Brambleghast|0 fnt\n|faint|p1a: Brambleghast\n|\n|upkeep\n|inactive|Time left: 300 sec this turn | 300 sec total | 5 sec grace\n|\n|t:|1783533898\n|switch|p1a: Veluza|Veluza, L85, F|292/292\n|turn|6\n|inactive|Time left: 300 sec this turn | 300 sec total\n|\n|t:|1783533899\n|move|p2a: Latios|Draco Meteor|p1a: Veluza\n|-damage|p1a: Veluza|67/292\n|-unboost|p2a: Latios|spa|2\n|-enditem|p1a: Veluza|Sitrus Berry|[eat]\n|-heal|p1a: Veluza|140/292|[from] item: Sitrus Berry\n|move|p1a: Veluza|Fillet Away||[still]\n|-fail|p1a: Veluza\n|\n|upkeep\n|turn|7\n|inactive|Time left: 300 sec this turn | 300 sec total\n|\n|t:|1783533900\n|switch|p2a: Chimecho|Chimecho, L93, F|100/100\n|move|p1a: Veluza|Night Slash|p2a: Chimecho\n|-supereffective|p2a: Chimecho\n|-damage|p2a: Chimecho|46/100\n|\n|-heal|p2a: Chimecho|52/100|[from] item: Leftovers\n|upkeep\n|turn|8\n|inactive|Time left: 300 sec this turn | 300 sec total\n|\n|t:|1783533901\n|move|p2a: Chimecho|Recover|p2a: Chimecho\n|-heal|p2a: Chimecho|100/100\n|move|p1a: Veluza|Night Slash|p2a: Chimecho\n|-supereffective|p2a: Chimecho\n|-damage|p2a: Chimecho|42/100\n|\n|-heal|p2a: Chimecho|48/100|[from] item: Leftovers\n|upkeep\n|turn|9\n|inactive|Time left: 300 sec this turn | 300 sec total\n|\n|t:|1783533903\n|move|p2a: Chimecho|Recover|p2a: Chimecho\n|-heal|p2a: Chimecho|98/100\n|move|p1a: Veluza|Night Slash|p2a: Chimecho\n|-supereffective|p2a: Chimecho\n|-damage|p2a: Chimecho|44/100\n|\n|-heal|p2a: Chimecho|50/100|[from] item: Leftovers\n|upkeep\n|turn|10\n|inactive|Time left: 300 sec this turn | 300 sec total\n|\n|t:|1783533904\n|move|p2a: Chimecho|Recover|p2a: Chimecho\n|-heal|p2a: Chimecho|99/100\n|move|p1a: Veluza|Night Slash|p2a: Chimecho\n|-supereffective|p2a: Chimecho\n|-crit|p2a: Chimecho\n|-damage|p2a: Chimecho|20/100\n|\n|-heal|p2a: Chimecho|26/100|[from] item: Leftovers\n|upkeep\n|turn|11\n|inactive|Time left: 300 sec this turn | 300 sec total\n|\n|t:|1783533905\n|move|p2a: Chimecho|Recover|p2a: Chimecho\n|-heal|p2a: Chimecho|76/100\n|move|p1a: Veluza|Night Slash|p2a: Chimecho\n|-supereffective|p2a: Chimecho\n|-damage|p2a: Chimecho|21/100\n|\n|-heal|p2a: Chimecho|27/100|[from] item: Leftovers\n|upkeep\n|turn|12\n|inactive|Time left: 300 sec this turn | 300 sec total\n|\n|t:|1783533906\n|move|p2a: Chimecho|Recover|p2a: Chimecho\n|-heal|p2a: Chimecho|77/100\n|move|p1a: Veluza|Night Slash|p2a: Chimecho\n|-supereffective|p2a: Chimecho\n|-damage|p2a: Chimecho|27/100\n|\n|-heal|p2a: Chimecho|34/100|[from] item: Leftovers\n|upkeep\n|turn|13\n|inactive|Time left: 300 sec this turn | 300 sec total\n|\n|t:|1783533908\n|move|p2a: Chimecho|Recover|p2a: Chimecho\n|-heal|p2a: Chimecho|84/100\n|move|p1a: Veluza|Aqua Cutter|p2a: Chimecho\n|-damage|p2a: Chimecho|45/100\n|\n|-heal|p2a: Chimecho|51/100|[from] item: Leftovers\n|upkeep\n|turn|14\n|inactive|Time left: 300 sec this turn | 300 sec total\n|\n|t:|1783533909\n|move|p2a: Chimecho|Recover|p2a: Chimecho\n|-heal|p2a: Chimecho|100/100\n|move|p1a: Veluza|Night Slash|p2a: Chimecho\n|-supereffective|p2a: Chimecho\n|-damage|p2a: Chimecho|47/100\n|\n|-heal|p2a: Chimecho|54/100|[from] item: Leftovers\n|upkeep\n|turn|15\n|inactive|Time left: 300 sec this turn | 300 sec total\n|\n|t:|1783533910\n|move|p2a: Chimecho|Recover|p2a: Chimecho\n|-heal|p2a: Chimecho|100/100\n|move|p1a: Veluza|Night Slash|p2a: Chimecho\n|-supereffective|p2a: Chimecho\n|-damage|p2a: Chimecho|50/100\n|\n|-heal|p2a: Chimecho|56/100|[from] item: Leftovers\n|upkeep\n|turn|16\n|inactive|Time left: 300 sec this turn | 300 sec total\n|\n|t:|1783533912\n|move|p2a: Chimecho|Cosmic Power|p2a: Chimecho\n|-boost|p2a: Chimecho|def|1\n|-boost|p2a: Chimecho|spd|1\n|move|p1a: Veluza|Night Slash|p2a: Chimecho\n|-supereffective|p2a: Chimecho\n|-damage|p2a: Chimecho|19/100\n|\n|-heal|p2a: Chimecho|25/100|[from] item: Leftovers\n|upkeep\n|turn|17\n|inactive|Time left: 300 sec this turn | 300 sec total\n|\n|t:|1783533913\n|move|p2a: Chimecho|Dazzling Gleam|p1a: Veluza\n|-damage|p1a: Veluza|58/292\n|move|p1a: Veluza|Night Slash|p2a: Chimecho\n|-supereffective|p2a: Chimecho\n|-damage|p2a: Chimecho|0 fnt\n|faint|p2a: Chimecho\n|\n|upkeep\n|\n|t:|1783533914\n|switch|p2a: Trevenant|Trevenant, L89, F|100/100\n|turn|18\n|inactive|Time left: 300 sec this turn | 300 sec total\n|\n|t:|1783533915\n|move|p1a: Veluza|Psycho Cut|p2a: Trevenant\n|-damage|p2a: Trevenant|55/100\n|move|p2a: Trevenant|Horn Leech|p1a: Veluza\n|-supereffective|p1a: Veluza\n|-damage|p1a: Veluza|0 fnt\n|-heal|p2a: Trevenant|65/100|[from] drain|[of] p1a: Veluza\n|faint|p1a: Veluza\n|\n|upkeep\n|inactive|Time left: 300 sec this turn | 300 sec total | 5 sec grace\n|\n|t:|1783533916\n|switch|p1a: Bellossom|Bellossom, L84, M|263/263\n|turn|19\n|inactive|Time left: 300 sec this turn | 300 sec total\n|\n|t:|1783533917\n|switch|p2a: Toxapex|Toxapex, L82, M|100/100\n|move|p1a: Bellossom|Quiver Dance|p1a: Bellossom\n|-boost|p1a: Bellossom|spa|1\n|-boost|p1a: Bellossom|spd|1\n|-boost|p1a: Bellossom|spe|1\n|\n|upkeep\n|turn|20\n|inactive|Time left: 300 sec this turn | 300 sec total\n|\n|t:|1783533918\n|move|p1a: Bellossom|Sludge Bomb|p2a: Toxapex\n|-resisted|p2a: Toxapex\n|-damage|p2a: Toxapex|86/100\n|move|p2a: Toxapex|Haze|p2a: Toxapex\n|-clearallboost\n|\n|upkeep\n|turn|21\n|inactive|Time left: 300 sec this turn | 300 sec total\n|\n|t:|1783533919\n|move|p1a: Bellossom|Quiver Dance|p1a: Bellossom\n|-boost|p1a: Bellossom|spa|1\n|-boost|p1a: Bellossom|spd|1\n|-boost|p1a: Bellossom|spe|1\n|move|p2a: Toxapex|Toxic|p1a: Bellossom\n|-status|p1a: Bellossom|tox\n|\n|-damage|p1a: Bellossom|247/263 tox|[from] psn\n|upkeep\n|turn|22\n|inactive|Time left: 300 sec this turn | 300 sec total\n|\n|t:|1783533920\n|move|p1a: Bellossom|Quiver Dance|p1a: Bellossom\n|-boost|p1a: Bellossom|spa|1\n|-boost|p1a: Bellossom|spd|1\n|-boost|p1a: Bellossom|spe|1\n|move|p2a: Toxapex|Haze|p2a: Toxapex\n|-clearallboost\n|\n|-heal|p1a: Bellossom|263/263 tox|[from] item: Leftovers\n|-damage|p1a: Bellossom|231/263 tox|[from] psn\n|upkeep\n|turn|23\n|inactive|Time left: 300 sec this turn | 300 sec total\n|\n|t:|1783533921\n|switch|p1a: Porygon-Z|Porygon-Z, L83|277/277\n|-ability|p1a: Porygon-Z|Download|boost\n|-boost|p1a: Porygon-Z|spa|1\n|switch|p2a: Trevenant|Trevenant, L89, F|65/100\n|\n|upkeep\n|turn|24\n|inactive|Time left: 300 sec this turn | 300 sec total\n|\n|t:|1783533923\n|-terastallize|p1a: Porygon-Z|Ghost\n|-terastallize|p2a: Trevenant|Fighting\n|move|p1a: Porygon-Z|Shadow Ball|p2a: Trevenant\n|-damage|p2a: Trevenant|0 fnt\n|faint|p2a: Trevenant\n|-damage|p1a: Porygon-Z|250/277|[from] item: Life Orb\n|\n|upkeep\n|\n|t:|1783533924\n|switch|p2a: Latios|Latios, L78, M|100/100\n|turn|25\n|inactive|Time left: 300 sec this turn | 300 sec total\n|\n|t:|1783533925\n|move|p2a: Latios|Draco Meteor|p1a: Porygon-Z\n|-damage|p1a: Porygon-Z|30/277\n|-unboost|p2a: Latios|spa|2\n|move|p1a: Porygon-Z|Shadow Ball|p2a: Latios\n|-supereffective|p2a: Latios\n|-damage|p2a: Latios|0 fnt\n|faint|p2a: Latios\n|-damage|p1a: Porygon-Z|3/277|[from] item: Life Orb\n|\n|upkeep\n|\n|t:|1783533926\n|switch|p2a: Lycanroc|Lycanroc, L86, M|100/100\n|turn|26\n|inactive|Time left: 300 sec this turn | 300 sec total\n|\n|t:|1783533927\n|move|p2a: Lycanroc|Accelerock|p1a: Porygon-Z\n|-damage|p1a: Porygon-Z|0 fnt\n|faint|p1a: Porygon-Z\n|-damage|p2a: Lycanroc|91/100|[from] item: Life Orb\n|\n|upkeep\n|inactive|Time left: 300 sec this turn | 300 sec total | 5 sec grace\n|\n|t:|1783533928\n|switch|p1a: Bellossom|Bellossom, L84, M|231/263 tox\n|turn|27\n|inactive|Time left: 300 sec this turn | 300 sec total\n|\n|t:|1783533929\n|move|p2a: Lycanroc|Swords Dance|p2a: Lycanroc\n|-boost|p2a: Lycanroc|atk|2\n|move|p1a: Bellossom|Giga Drain|p2a: Lycanroc\n|-supereffective|p2a: Lycanroc\n|-damage|p2a: Lycanroc|19/100\n|-heal|p1a: Bellossom|263/263 tox|[from] drain|[of] p2a: Lycanroc\n|\n|-damage|p1a: Bellossom|247/263 tox|[from] psn\n|upkeep\n|turn|28\n|inactive|Time left: 300 sec this turn | 300 sec total\n|\n|t:|1783533930\n|switch|p1a: Weezing|Weezing-Galar, L86, F|252/252\n|move|p2a: Lycanroc|Stone Edge|p1a: Weezing\n|-damage|p1a: Weezing|0 fnt\n|faint|p1a: Weezing\n|-damage|p2a: Lycanroc|10/100|[from] item: Life Orb\n|\n|upkeep\n|inactive|Time left: 300 sec this turn | 300 sec total | 5 sec grace\n|\n|t:|1783533931\n|switch|p1a: Bellossom|Bellossom, L84, M|247/263 tox\n|turn|29\n|inactive|Time left: 300 sec this turn | 300 sec total\n|\n|t:|1783533932\n|move|p2a: Lycanroc|Stone Edge|p1a: Bellossom|[miss]\n|-miss|p2a: Lycanroc|p1a: Bellossom\n|move|p1a: Bellossom|Strength Sap|p2a: Lycanroc\n|-unboost|p2a: Lycanroc|atk|1\n|-heal|p1a: Bellossom|263/263 tox\n|\n|-damage|p1a: Bellossom|247/263 tox|[from] psn\n|upkeep\n|turn|30\n|inactive|Time left: 300 sec this turn | 300 sec total\n|\n|t:|1783533932\n|move|p2a: Lycanroc|Stone Edge|p1a: Bellossom\n|-damage|p1a: Bellossom|25/263 tox\n|-damage|p2a: Lycanroc|0 fnt|[from] item: Life Orb\n|faint|p2a: Lycanroc\n|move|p1a: Bellossom|Strength Sap|p2: Lycanroc|[notarget]\n|-fail|p1a: Bellossom\n|\n|-heal|p1a: Bellossom|41/263 tox|[from] item: Leftovers\n|-damage|p1a: Bellossom|9/263 tox|[from] psn\n|upkeep\n|\n|t:|1783533933\n|switch|p2a: Toxapex|Toxapex, L82, M|100/100\n|turn|31\n|inactive|Time left: 300 sec this turn | 300 sec total\n|\n|t:|1783533934\n|move|p1a: Bellossom|Strength Sap|p2a: Toxapex\n|-unboost|p2a: Toxapex|atk|1\n|-heal|p1a: Bellossom|159/263 tox\n|move|p2a: Toxapex|Liquidation|p1a: Bellossom\n|-resisted|p1a: Bellossom\n|-damage|p1a: Bellossom|140/263 tox\n|-unboost|p1a: Bellossom|def|1\n|\n|-heal|p1a: Bellossom|156/263 tox|[from] item: Leftovers\n|-damage|p1a: Bellossom|108/263 tox|[from] psn\n|upkeep\n|turn|32\n|inactive|Time left: 300 sec this turn | 300 sec total\n|\n|t:|1783533935\n|move|p1a: Bellossom|Strength Sap|p2a: Toxapex\n|-unboost|p2a: Toxapex|atk|1\n|-heal|p1a: Bellossom|208/263 tox\n|move|p2a: Toxapex|Liquidation|p1a: Bellossom\n|-resisted|p1a: Bellossom\n|-damage|p1a: Bellossom|186/263 tox\n|-unboost|p1a: Bellossom|def|1\n|\n|-heal|p1a: Bellossom|202/263 tox|[from] item: Leftovers\n|-damage|p1a: Bellossom|138/263 tox|[from] psn\n|upkeep\n|turn|33\n|inactive|Time left: 300 sec this turn | 300 sec total\n|\n|t:|1783533936\n|move|p1a: Bellossom|Strength Sap|p2a: Toxapex\n|-unboost|p2a: Toxapex|atk|1\n|-heal|p1a: Bellossom|213/263 tox\n|move|p2a: Toxapex|Liquidation|p1a: Bellossom\n|-resisted|p1a: Bellossom\n|-damage|p1a: Bellossom|190/263 tox\n|\n|-heal|p1a: Bellossom|206/263 tox|[from] item: Leftovers\n|-damage|p1a: Bellossom|126/263 tox|[from] psn\n|upkeep\n|turn|34\n|inactive|Time left: 300 sec this turn | 300 sec total\n|\n|t:|1783533936\n|move|p1a: Bellossom|Giga Drain|p2a: Toxapex\n|-damage|p2a: Toxapex|77/100\n|-heal|p1a: Bellossom|152/263 tox|[from] drain|[of] p2a: Toxapex\n|move|p2a: Toxapex|Recover|p2a: Toxapex\n|-heal|p2a: Toxapex|100/100\n|\n|-heal|p1a: Bellossom|168/263 tox|[from] item: Leftovers\n|-damage|p1a: Bellossom|72/263 tox|[from] psn\n|upkeep\n|turn|35\n|inactive|Time left: 300 sec this turn | 300 sec total\n|\n|t:|1783533937\n|move|p1a: Bellossom|Giga Drain|p2a: Toxapex\n|-damage|p2a: Toxapex|75/100\n|-heal|p1a: Bellossom|100/263 tox|[from] drain|[of] p2a: Toxapex\n|move|p2a: Toxapex|Recover|p2a: Toxapex\n|-heal|p2a: Toxapex|100/100\n|\n|-heal|p1a: Bellossom|116/263 tox|[from] item: Leftovers\n|-damage|p1a: Bellossom|4/263 tox|[from] psn\n|upkeep\n|turn|36\n|inactive|Time left: 300 sec this turn | 300 sec total\n|\n|t:|1783533938\n|move|p1a: Bellossom|Giga Drain|p2a: Toxapex\n|-damage|p2a: Toxapex|77/100\n|-heal|p1a: Bellossom|30/263 tox|[from] drain|[of] p2a: Toxapex\n|move|p2a: Toxapex|Liquidation|p1a: Bellossom\n|-resisted|p1a: Bellossom\n|-damage|p1a: Bellossom|8/263 tox\n|-unboost|p1a: Bellossom|def|1\n|\n|-heal|p1a: Bellossom|24/263 tox|[from] item: Leftovers\n|-damage|p1a: Bellossom|0 fnt|[from] psn\n|faint|p1a: Bellossom\n|\n|win|p0y0052ca8", "uploadtime": 1783533938, "views": 0, "rating": 0, "private": 0, "password": null, "_winner": "p0y0052ca8", "_our_name": "p0x005732d"}