{"id": "battle-gen9randombattle-2780", "formatid": "gen9randombattle", "format": "[Gen 9] Random Battle", "players": ["p0x2780b75e", "p0y27809a74"], "log": "|init|battle\n|title|p0x2780b75e vs. p0y27809a74\n|j|\u2606p0x2780b75e\n|j|\u2606p0y27809a74\n|t:|1783572022\n|gametype|singles\n|player|p1|p0x2780b75e|170|\n|player|p2|p0y27809a74|169|\n|gen|9\n|tier|[Gen 9] Random Battle\n|rule|Species Clause: Limit one of each Pok\u00e9mon\n|rule|HP Percentage Mod: HP is shown in percentages\n|rule|Sleep Clause Mod: Limit one foe put to sleep\n|rule|Illusion Level Mod: Illusion disguises the Pok\u00e9mon's true level\n|\n|t:|1783572022\n|teamsize|p1|6\n|teamsize|p2|6\n|start\n|switch|p1a: Reuniclus|Reuniclus, L88, F|100/100\n|switch|p2a: Falinks|Falinks, L84|246/246\n|turn|1\n|inactive|Battle timer is ON: inactive players will automatically lose when time's up. (requested by p0x2780b75e)\n|inactive|Time left: 300 sec this turn | 300 sec total | 60 sec grace\n|inactive|p0y27809a74 also wants the timer to be on.\n|\n|t:|1783572024\n|move|p2a: Falinks|No Retreat|p2a: Falinks\n|-boost|p2a: Falinks|atk|1\n|-boost|p2a: Falinks|def|1\n|-boost|p2a: Falinks|spa|1\n|-boost|p2a: Falinks|spd|1\n|-boost|p2a: Falinks|spe|1\n|-start|p2a: Falinks|move: No Retreat\n|move|p1a: Reuniclus|Psyshock|p2a: Falinks\n|-supereffective|p2a: Falinks\n|-damage|p2a: Falinks|56/246\n|\n|upkeep\n|turn|2\n|inactive|Time left: 300 sec this turn | 300 sec total\n|\n|t:|1783572025\n|-terastallize|p2a: Falinks|Dark\n|move|p2a: Falinks|Knock Off|p1a: Reuniclus\n|-supereffective|p1a: Reuniclus\n|-damage|p1a: Reuniclus|0 fnt\n|-enditem|p1a: Reuniclus|Life Orb|[from] move: Knock Off|[of] p2a: Falinks\n|faint|p1a: Reuniclus\n|-damage|p2a: Falinks|32/246|[from] item: Life Orb\n|\n|upkeep\n|\n|t:|1783572026\n|switch|p1a: Swampert|Swampert, L83, F|100/100\n|turn|3\n|inactive|Time left: 300 sec this turn | 300 sec total\n|\n|t:|1783572026\n|move|p2a: Falinks|Knock Off|p1a: Swampert\n|-damage|p1a: Swampert|32/100\n|-enditem|p1a: Swampert|Leftovers|[from] move: Knock Off|[of] p2a: Falinks\n|-damage|p2a: Falinks|8/246|[from] item: Life Orb\n|move|p1a: Swampert|Flip Turn|p2a: Falinks\n|-damage|p2a: Falinks|0 fnt\n|faint|p2a: Falinks\n|\n|t:|1783572027\n|switch|p1a: Zapdos|Zapdos, L78|100/100|[from] Flip Turn\n|\n|upkeep\n|inactive|Time left: 300 sec this turn | 300 sec total | 10 sec grace\n|\n|t:|1783572029\n|switch|p2a: Altaria|Altaria, L89, F|278/278\n|turn|4\n|inactive|Time left: 300 sec this turn | 300 sec total\n|\n|t:|1783572030\n|move|p1a: Zapdos|Hurricane|p2a: Altaria\n|-damage|p2a: Altaria|166/278\n|move|p2a: Altaria|Dragon Dance|p2a: Altaria\n|-boost|p2a: Altaria|atk|1\n|-boost|p2a: Altaria|spe|1\n|\n|upkeep\n|turn|5\n|inactive|Time left: 300 sec this turn | 300 sec total\n|\n|t:|1783572031\n|move|p2a: Altaria|Roost|p2a: Altaria\n|-heal|p2a: Altaria|278/278\n|-singleturn|p2a: Altaria|move: Roost\n|move|p1a: Zapdos|Hurricane|p2a: Altaria\n|-damage|p2a: Altaria|179/278\n|-start|p2a: Altaria|confusion\n|\n|upkeep\n|turn|6\n|inactive|Time left: 300 sec this turn | 300 sec total\n|\n|t:|1783572032\n|-activate|p2a: Altaria|confusion\n|move|p2a: Altaria|Roost|p2a: Altaria\n|-heal|p2a: Altaria|278/278\n|-singleturn|p2a: Altaria|move: Roost\n|move|p1a: Zapdos|Thunderbolt|p2a: Altaria\n|-resisted|p2a: Altaria\n|-damage|p2a: Altaria|235/278\n|\n|upkeep\n|turn|7\n|inactive|Time left: 300 sec this turn | 300 sec total\n|\n|t:|1783572033\n|-activate|p2a: Altaria|confusion\n|-damage|p2a: Altaria|200/278|[from] confusion\n|move|p1a: Zapdos|Thunderbolt|p2a: Altaria\n|-damage|p2a: Altaria|119/278\n|\n|upkeep\n|turn|8\n|inactive|Time left: 300 sec this turn | 300 sec total\n|\n|t:|1783572034\n|-end|p2a: Altaria|confusion\n|move|p2a: Altaria|Roost|p2a: Altaria\n|-heal|p2a: Altaria|258/278\n|-singleturn|p2a: Altaria|move: Roost\n|move|p1a: Zapdos|Hurricane|p2a: Altaria\n|-damage|p2a: Altaria|150/278\n|\n|upkeep\n|turn|9\n|inactive|Time left: 300 sec this turn | 300 sec total\n|\n|t:|1783572035\n|move|p2a: Altaria|Roost|p2a: Altaria\n|-heal|p2a: Altaria|278/278\n|-singleturn|p2a: Altaria|move: Roost\n|move|p1a: Zapdos|Hurricane|p2a: Altaria|[miss]\n|-miss|p1a: Zapdos|p2a: Altaria\n|\n|upkeep\n|turn|10\n|inactive|Time left: 300 sec this turn | 300 sec total\n|\n|t:|1783572036\n|move|p2a: Altaria|Dragon Dance|p2a: Altaria\n|-boost|p2a: Altaria|atk|1\n|-boost|p2a: Altaria|spe|1\n|move|p1a: Zapdos|Thunderbolt|p2a: Altaria\n|-damage|p2a: Altaria|190/278\n|\n|upkeep\n|turn|11\n|inactive|Time left: 300 sec this turn | 300 sec total\n|\n|t:|1783572037\n|move|p2a: Altaria|Roost|p2a: Altaria\n|-heal|p2a: Altaria|278/278\n|-singleturn|p2a: Altaria|move: Roost\n|move|p1a: Zapdos|Thunderbolt|p2a: Altaria\n|-resisted|p2a: Altaria\n|-damage|p2a: Altaria|239/278\n|\n|upkeep\n|turn|12\n|inactive|Time left: 300 sec this turn | 300 sec total\n|\n|t:|1783572038\n|move|p2a: Altaria|Dragon Dance|p2a: Altaria\n|-boost|p2a: Altaria|atk|1\n|-boost|p2a: Altaria|spe|1\n|move|p1a: Zapdos|Thunderbolt|p2a: Altaria\n|-damage|p2a: Altaria|160/278\n|\n|upkeep\n|turn|13\n|inactive|Time left: 300 sec this turn | 300 sec total\n|\n|t:|1783572039\n|move|p2a: Altaria|Roost|p2a: Altaria\n|-heal|p2a: Altaria|278/278\n|-singleturn|p2a: Altaria|move: Roost\n|move|p1a: Zapdos|Hurricane|p2a: Altaria|[miss]\n|-miss|p1a: Zapdos|p2a: Altaria\n|\n|upkeep\n|turn|14\n|inactive|Time left: 300 sec this turn | 300 sec total\n|\n|t:|1783572040\n|move|p2a: Altaria|Dragon Dance|p2a: Altaria\n|-boost|p2a: Altaria|atk|1\n|-boost|p2a: Altaria|spe|1\n|move|p1a: Zapdos|Hurricane|p2a: Altaria\n|-damage|p2a: Altaria|182/278\n|\n|upkeep\n|turn|15\n|inactive|Time left: 300 sec this turn | 300 sec total\n|\n|t:|1783572041\n|move|p2a: Altaria|Roost|p2a: Altaria\n|-heal|p2a: Altaria|278/278\n|-singleturn|p2a: Altaria|move: Roost\n|move|p1a: Zapdos|Hurricane|p2a: Altaria\n|-damage|p2a: Altaria|182/278\n|-start|p2a: Altaria|confusion\n|\n|upkeep\n|turn|16\n|inactive|Time left: 300 sec this turn | 300 sec total\n|\n|t:|1783572042\n|-activate|p2a: Altaria|confusion\n|move|p2a: Altaria|Roost|p2a: Altaria\n|-heal|p2a: Altaria|278/278\n|-singleturn|p2a: Altaria|move: Roost\n|move|p1a: Zapdos|Thunderbolt|p2a: Altaria\n|-resisted|p2a: Altaria\n|-damage|p2a: Altaria|239/278\n|\n|upkeep\n|turn|17\n|inactive|Time left: 300 sec this turn | 300 sec total\n|\n|t:|1783572044\n|-activate|p2a: Altaria|confusion\n|move|p2a: Altaria|Brave Bird|p1a: Zapdos\n|-resisted|p1a: Zapdos\n|-damage|p1a: Zapdos|32/100\n|-damage|p2a: Altaria|179/278|[from] Recoil\n|move|p1a: Zapdos|Thunderbolt|p2a: Altaria\n|-damage|p2a: Altaria|89/278\n|\n|upkeep\n|turn|18\n|inactive|Time left: 300 sec this turn | 300 sec total\n|\n|t:|1783572045\n|-activate|p2a: Altaria|confusion\n|-damage|p2a: Altaria|15/278|[from] confusion\n|move|p1a: Zapdos|Thunderbolt|p2a: Altaria\n|-damage|p2a: Altaria|0 fnt\n|faint|p2a: Altaria\n|\n|upkeep\n|inactive|Time left: 300 sec this turn | 300 sec total | 5 sec grace\n|\n|t:|1783572045\n|switch|p2a: Iron Valiant|Iron Valiant, L78|244/244\n|turn|19\n|inactive|Time left: 300 sec this turn | 300 sec total\n|\n|t:|1783572047\n|switch|p1a: Wyrdeer|Wyrdeer, L87, F|100/100\n|-ability|p1a: Wyrdeer|Intimidate|boost\n|-unboost|p2a: Iron Valiant|atk|1\n|move|p2a: Iron Valiant|Spirit Break|p1a: Wyrdeer\n|-damage|p1a: Wyrdeer|72/100\n|-unboost|p1a: Wyrdeer|spa|1\n|-damage|p2a: Iron Valiant|220/244|[from] item: Life Orb\n|\n|-heal|p1a: Wyrdeer|78/100|[from] item: Leftovers\n|upkeep\n|turn|20\n|inactive|Time left: 300 sec this turn | 300 sec total\n|\n|t:|1783572048\n|move|p2a: Iron Valiant|Swords Dance|p2a: Iron Valiant\n|-boost|p2a: Iron Valiant|atk|2\n|move|p1a: Wyrdeer|Psychic Noise|p2a: Iron Valiant\n|-supereffective|p2a: Iron Valiant\n|-damage|p2a: Iron Valiant|58/244\n|-start|p2a: Iron Valiant|move: Heal Block\n|\n|-heal|p1a: Wyrdeer|85/100|[from] item: Leftovers\n|upkeep\n|turn|21\n|inactive|Time left: 300 sec this turn | 300 sec total\n|\n|t:|1783572049\n|switch|p1a: Zapdos|Zapdos, L78|32/100\n|move|p2a: Iron Valiant|Close Combat|p1a: Zapdos\n|-resisted|p1a: Zapdos\n|-damage|p1a: Zapdos|0 fnt\n|-unboost|p2a: Iron Valiant|def|1\n|-unboost|p2a: Iron Valiant|spd|1\n|faint|p1a: Zapdos\n|-damage|p2a: Iron Valiant|34/244|[from] item: Life Orb\n|\n|-end|p2a: Iron Valiant|move: Heal Block\n|upkeep\n|\n|t:|1783572050\n|switch|p1a: Wyrdeer|Wyrdeer, L87, F|85/100\n|-ability|p1a: Wyrdeer|Intimidate|boost\n|-unboost|p2a: Iron Valiant|atk|1\n|turn|22\n|inactive|Time left: 300 sec this turn | 300 sec total\n|\n|t:|1783572051\n|move|p2a: Iron Valiant|Close Combat|p1a: Wyrdeer\n|-damage|p1a: Wyrdeer|19/100\n|-unboost|p2a: Iron Valiant|def|1\n|-unboost|p2a: Iron Valiant|spd|1\n|-damage|p2a: Iron Valiant|10/244|[from] item: Life Orb\n|move|p1a: Wyrdeer|Body Slam|p2a: Iron Valiant\n|-damage|p2a: Iron Valiant|0 fnt\n|faint|p2a: Iron Valiant\n|-end|p2a: Iron Valiant|Quark Drive|[silent]\n|\n|-heal|p1a: Wyrdeer|25/100|[from] item: Leftovers\n|upkeep\n|inactive|Time left: 300 sec this turn | 300 sec total | 5 sec grace\n|\n|t:|1783572052\n|switch|p2a: Mesprit|Mesprit, L85|275/275\n|turn|23\n|inactive|Time left: 300 sec this turn | 300 sec total\n|\n|t:|1783572053\n|switch|p1a: Hitmonchan|Hitmonchan, L87, M|100/100\n|move|p2a: Mesprit|Knock Off|p1a: Hitmonchan\n|-resisted|p1a: Hitmonchan\n|-damage|p1a: Hitmonchan|84/100\n|-enditem|p1a: Hitmonchan|Leftovers|[from] move: Knock Off|[of] p2a: Mesprit\n|\n|upkeep\n|turn|24\n|inactive|Time left: 300 sec this turn | 300 sec total\n|\n|t:|1783572054\n|-terastallize|p1a: Hitmonchan|Dark\n|move|p2a: Mesprit|Psychic Noise|p1a: Hitmonchan\n|-immune|p1a: Hitmonchan\n|move|p1a: Hitmonchan|Knock Off|p2a: Mesprit\n|-supereffective|p2a: Mesprit\n|-damage|p2a: Mesprit|59/275\n|-enditem|p2a: Mesprit|Leftovers|[from] move: Knock Off|[of] p1a: Hitmonchan\n|\n|upkeep\n|turn|25\n|inactive|Time left: 300 sec this turn | 300 sec total\n|\n|t:|1783572055\n|move|p2a: Mesprit|U-turn|p1a: Hitmonchan\n|-supereffective|p1a: Hitmonchan\n|-damage|p1a: Hitmonchan|35/100\n|inactive|Time left: 300 sec this turn | 300 sec total | 5 sec grace\n|\n|t:|1783572056\n|switch|p2a: Granbull|Granbull, L88, M|302/302|[from] U-turn\n|-ability|p2a: Granbull|Intimidate|boost\n|-unboost|p1a: Hitmonchan|atk|1\n|move|p1a: Hitmonchan|Drain Punch|p2a: Granbull\n|-resisted|p2a: Granbull\n|-damage|p2a: Granbull|263/302\n|-heal|p1a: Hitmonchan|44/100|[from] drain|[of] p2a: Granbull\n|\n|-heal|p2a: Granbull|281/302|[from] item: Leftovers\n|upkeep\n|turn|26\n|inactive|Time left: 300 sec this turn | 300 sec total\n|\n|t:|1783572057\n|switch|p1a: Drifblim|Drifblim, L86, F|100/100\n|move|p2a: Granbull|Play Rough|p1a: Drifblim\n|-damage|p1a: Drifblim|51/100\n|\n|-heal|p2a: Granbull|299/302|[from] item: Leftovers\n|upkeep\n|turn|27\n|inactive|Time left: 300 sec this turn | 300 sec total\n|\n|t:|1783572058\n|switch|p2a: Electrode|Electrode-Hisui, L87|246/246\n|move|p1a: Drifblim|Strength Sap|p2a: Electrode\n|-unboost|p2a: Electrode|atk|1\n|-heal|p1a: Drifblim|74/100\n|\n|upkeep\n|turn|28\n|inactive|Time left: 300 sec this turn | 300 sec total\n|\n|t:|1783572059\n|switch|p1a: Swampert|Swampert, L83, F|32/100\n|move|p2a: Electrode|Thunderbolt|p1a: Swampert\n|-immune|p1a: Swampert\n|\n|upkeep\n|turn|29\n|inactive|Time left: 300 sec this turn | 300 sec total\n|\n|t:|1783572060\n|switch|p1a: Drifblim|Drifblim, L86, F|74/100\n|move|p2a: Electrode|Giga Drain|p1a: Drifblim\n|-resisted|p1a: Drifblim\n|-damage|p1a: Drifblim|59/100\n|-damage|p2a: Electrode|222/246|[from] item: Life Orb\n|\n|upkeep\n|turn|30\n|inactive|Time left: 300 sec this turn | 300 sec total\n|\n|t:|1783572061\n|switch|p1a: Swampert|Swampert, L83, F|32/100\n|move|p2a: Electrode|Thunderbolt|p1a: Swampert\n|-immune|p1a: Swampert\n|\n|upkeep\n|turn|31\n|inactive|Time left: 300 sec this turn | 300 sec total\n|\n|t:|1783572062\n|switch|p1a: Drifblim|Drifblim, L86, F|59/100\n|move|p2a: Electrode|Giga Drain|p1a: Drifblim\n|-resisted|p1a: Drifblim\n|-damage|p1a: Drifblim|42/100\n|-heal|p2a: Electrode|246/246|[from] drain|[of] p1a: Drifblim\n|-enditem|p1a: Drifblim|Sitrus Berry|[eat]\n|-heal|p1a: Drifblim|67/100|[from] item: Sitrus Berry\n|-damage|p2a: Electrode|222/246|[from] item: Life Orb\n|\n|upkeep\n|turn|32\n|inactive|Time left: 300 sec this turn | 300 sec total\n|\n|t:|1783572063\n|move|p1a: Drifblim|Calm Mind|p1a: Drifblim\n|-boost|p1a: Drifblim|spa|1\n|-boost|p1a: Drifblim|spd|1\n|move|p2a: Electrode|Thunderbolt|p1a: Drifblim\n|-supereffective|p1a: Drifblim\n|-damage|p1a: Drifblim|17/100\n|-damage|p2a: Electrode|198/246|[from] item: Life Orb\n|\n|upkeep\n|turn|33\n|inactive|Time left: 300 sec this turn | 300 sec total\n|\n|t:|1783572064\n|move|p1a: Drifblim|Air Slash|p2a: Electrode\n|-damage|p2a: Electrode|77/246\n|move|p2a: Electrode|Thunderbolt|p1a: Drifblim\n|-supereffective|p1a: Drifblim\n|-damage|p1a: Drifblim|0 fnt\n|faint|p1a: Drifblim\n|-damage|p2a: Electrode|53/246|[from] item: Life Orb\n|\n|upkeep\n|\n|t:|1783572065\n|switch|p1a: Hitmonchan|Hitmonchan, L87, M, tera:Dark|44/100\n|turn|34\n|inactive|Time left: 300 sec this turn | 300 sec total\n|\n|t:|1783572065\n|move|p2a: Electrode|Thunderbolt|p1a: Hitmonchan\n|-damage|p1a: Hitmonchan|5/100\n|-damage|p2a: Electrode|29/246|[from] item: Life Orb\n|move|p1a: Hitmonchan|Drain Punch|p2a: Electrode\n|-damage|p2a: Electrode|0 fnt\n|-heal|p1a: Hitmonchan|11/100|[from] drain|[of] p2a: Electrode\n|-damage|p1a: Hitmonchan|0 fnt|[from] ability: Aftermath|[of] p2a: Electrode\n|faint|p2a: Electrode\n|faint|p1a: Hitmonchan\n|\n|upkeep\n|inactive|Time left: 300 sec this turn | 300 sec total | 5 sec grace\n|\n|t:|1783572066\n|switch|p2a: Mesprit|Mesprit, L85|59/275\n|switch|p1a: Swampert|Swampert, L83, F|32/100\n|turn|35\n|inactive|Time left: 300 sec this turn | 300 sec total\n|\n|t:|1783572067\n|move|p2a: Mesprit|Psychic Noise|p1a: Swampert\n|-damage|p1a: Swampert|1/100\n|-start|p1a: Swampert|move: Heal Block\n|move|p1a: Swampert|Flip Turn|p2a: Mesprit\n|-damage|p2a: Mesprit|0 fnt\n|faint|p2a: Mesprit\n|\n|t:|1783572068\n|switch|p1a: Wyrdeer|Wyrdeer, L87, F|25/100|[from] Flip Turn\n|\n|-heal|p1a: Wyrdeer|31/100|[from] item: Leftovers\n|upkeep\n|inactive|Time left: 300 sec this turn | 300 sec total | 10 sec grace\n|\n|t:|1783572069\n|switch|p2a: Granbull|Granbull, L88, M|299/302\n|-ability|p2a: Granbull|Intimidate|boost\n|-unboost|p1a: Wyrdeer|atk|1\n|turn|36\n|inactive|Time left: 300 sec this turn | 300 sec total\n|\n|t:|1783572070\n|move|p1a: Wyrdeer|Thunder Wave|p2a: Granbull\n|-status|p2a: Granbull|par\n|cant|p2a: Granbull|par\n|\n|-heal|p1a: Wyrdeer|37/100|[from] item: Leftovers\n|-heal|p2a: Granbull|302/302 par|[from] item: Leftovers\n|upkeep\n|turn|37\n|inactive|Time left: 300 sec this turn | 300 sec total\n|\n|t:|1783572071\n|switch|p1a: Swampert|Swampert, L83, F|1/100\n|move|p2a: Granbull|Play Rough|p1a: Swampert\n|-damage|p1a: Swampert|0 fnt\n|faint|p1a: Swampert\n|\n|upkeep\n|\n|t:|1783572072\n|switch|p1a: Wyrdeer|Wyrdeer, L87, F|37/100\n|-ability|p1a: Wyrdeer|Intimidate|boost\n|-unboost|p2a: Granbull|atk|1\n|turn|38\n|inactive|Time left: 300 sec this turn | 300 sec total\n|\n|t:|1783572072\n|move|p1a: Wyrdeer|Psychic Noise|p2a: Granbull\n|-damage|p2a: Granbull|181/302 par\n|-start|p2a: Granbull|move: Heal Block\n|move|p2a: Granbull|Play Rough|p1a: Wyrdeer\n|-damage|p1a: Wyrdeer|9/100\n|\n|-heal|p1a: Wyrdeer|15/100|[from] item: Leftovers\n|upkeep\n|turn|39\n|inactive|Time left: 300 sec this turn | 300 sec total\n|\n|t:|1783572073\n|move|p1a: Wyrdeer|Body Slam|p2a: Granbull\n|-damage|p2a: Granbull|66/302 par\n|cant|p2a: Granbull|par\n|\n|-heal|p1a: Wyrdeer|21/100|[from] item: Leftovers\n|-end|p2a: Granbull|move: Heal Block\n|upkeep\n|turn|40\n|inactive|Time left: 300 sec this turn | 300 sec total\n|\n|t:|1783572074\n|move|p1a: Wyrdeer|Body Slam|p2a: Granbull\n|-damage|p2a: Granbull|0 fnt\n|faint|p2a: Granbull\n|\n|win|p0x2780b75e", "uploadtime": 1783572074, "views": 0, "rating": 0, "private": 0, "password": null, "_winner": "p0x2780b75e", "_our_name": "p0y27809a74"}