{"id": "battle-gen9randombattle-132", "formatid": "gen9randombattle", "format": "[Gen 9] Random Battle", "players": ["p0x132cdda", "p0y132b486"], "log": "|init|battle\n|title|p0x132cdda vs. p0y132b486\n|j|\u2606p0x132cdda\n|j|\u2606p0y132b486\n|t:|1783541003\n|gametype|singles\n|player|p1|p0x132cdda|2|\n|player|p2|p0y132b486|170|\n|gen|9\n|tier|[Gen 9] Random Battle\n|rule|Species Clause: Limit one of each Pok\u00e9mon\n|rule|HP Percentage Mod: HP is shown in percentages\n|rule|Sleep Clause Mod: Limit one foe put to sleep\n|rule|Illusion Level Mod: Illusion disguises the Pok\u00e9mon's true level\n|\n|t:|1783541003\n|teamsize|p1|6\n|teamsize|p2|6\n|start\n|switch|p1a: Articuno|Articuno-Galar, L84|100/100\n|switch|p2a: Iron Jugulis|Iron Jugulis, L77|271/271\n|turn|1\n|inactive|Battle timer is ON: inactive players will automatically lose when time's up. (requested by p0y132b486)\n|inactive|p0x132cdda also wants the timer to be on.\n|\n|t:|1783541005\n|move|p2a: Iron Jugulis|Dark Pulse|p1a: Articuno\n|-supereffective|p1a: Articuno\n|-damage|p1a: Articuno|19/100\n|move|p1a: Articuno|Hurricane|p2a: Iron Jugulis|[miss]\n|-miss|p1a: Articuno|p2a: Iron Jugulis\n|\n|upkeep\n|turn|2\n|inactive|Time left: 300 sec this turn | 300 sec total\n|\n|t:|1783541006\n|switch|p1a: Kingambit|Kingambit, L74, M|100/100\n|move|p2a: Iron Jugulis|Dark Pulse|p1a: Kingambit\n|-resisted|p1a: Kingambit\n|-damage|p1a: Kingambit|72/100\n|\n|-heal|p1a: Kingambit|78/100|[from] item: Leftovers\n|upkeep\n|turn|3\n|inactive|Time left: 300 sec this turn | 300 sec total\n|\n|t:|1783541007\n|move|p2a: Iron Jugulis|Dark Pulse|p1a: Kingambit\n|-resisted|p1a: Kingambit\n|-damage|p1a: Kingambit|51/100\n|move|p1a: Kingambit|Swords Dance|p1a: Kingambit\n|-boost|p1a: Kingambit|atk|2\n|\n|-heal|p1a: Kingambit|57/100|[from] item: Leftovers\n|upkeep\n|turn|4\n|inactive|Time left: 300 sec this turn | 300 sec total\n|\n|t:|1783541008\n|move|p2a: Iron Jugulis|Dark Pulse|p1a: Kingambit\n|-resisted|p1a: Kingambit\n|-damage|p1a: Kingambit|29/100\n|move|p1a: Kingambit|Iron Head|p2a: Iron Jugulis\n|-damage|p2a: Iron Jugulis|64/271\n|\n|-heal|p1a: Kingambit|35/100|[from] item: Leftovers\n|upkeep\n|turn|5\n|inactive|Time left: 300 sec this turn | 300 sec total\n|\n|t:|1783541010\n|-end|p2a: Iron Jugulis|Quark Drive|[silent]\n|switch|p2a: Raging Bolt|Raging Bolt, L78|323/323\n|move|p1a: Kingambit|Sucker Punch||[still]\n|-fail|p1a: Kingambit\n|\n|-heal|p1a: Kingambit|41/100|[from] item: Leftovers\n|upkeep\n|turn|6\n|inactive|Time left: 300 sec this turn | 300 sec total\n|\n|t:|1783541011\n|-end|p1a: Kingambit|fallenundefined|[silent]\n|switch|p1a: Flygon|Flygon, L82, M|100/100\n|move|p2a: Raging Bolt|Thunderbolt|p1a: Flygon\n|-immune|p1a: Flygon\n|\n|upkeep\n|turn|7\n|inactive|Time left: 300 sec this turn | 300 sec total\n|\n|t:|1783541012\n|move|p1a: Flygon|Outrage|p2a: Raging Bolt\n|-supereffective|p2a: Raging Bolt\n|-damage|p2a: Raging Bolt|53/323\n|move|p2a: Raging Bolt|Draco Meteor|p1a: Flygon|[miss]\n|-miss|p2a: Raging Bolt|p1a: Flygon\n|\n|-heal|p2a: Raging Bolt|73/323|[from] item: Leftovers\n|upkeep\n|turn|8\n|inactive|Time left: 300 sec this turn | 300 sec total\n|\n|t:|1783541013\n|-terastallize|p2a: Raging Bolt|Fairy\n|move|p1a: Flygon|Outrage|p2a: Raging Bolt|[from] lockedmove\n|-immune|p2a: Raging Bolt\n|move|p2a: Raging Bolt|Draco Meteor|p1a: Flygon\n|-supereffective|p1a: Flygon\n|-damage|p1a: Flygon|0 fnt\n|-unboost|p2a: Raging Bolt|spa|2\n|faint|p1a: Flygon\n|\n|-heal|p2a: Raging Bolt|93/323|[from] item: Leftovers\n|upkeep\n|\n|t:|1783541014\n|switch|p1a: Seviper|Seviper, L93, F|100/100\n|turn|9\n|inactive|Time left: 300 sec this turn | 300 sec total\n|\n|t:|1783541016\n|-end|p2a: Raging Bolt|Protosynthesis|[silent]\n|switch|p2a: Iron Jugulis|Iron Jugulis, L77|64/271\n|move|p1a: Seviper|Gunk Shot|p2a: Iron Jugulis\n|-damage|p2a: Iron Jugulis|0 fnt\n|faint|p2a: Iron Jugulis\n|-end|p2a: Iron Jugulis|Quark Drive|[silent]\n|\n|upkeep\n|inactive|Time left: 300 sec this turn | 300 sec total | 5 sec grace\n|\n|t:|1783541017\n|switch|p2a: Chandelure|Chandelure, L83, M|235/235\n|turn|10\n|inactive|Time left: 300 sec this turn | 300 sec total\n|\n|t:|1783541018\n|move|p2a: Chandelure|Fire Blast|p1a: Seviper\n|-damage|p1a: Seviper|32/100\n|move|p1a: Seviper|Earthquake|p2a: Chandelure\n|-supereffective|p2a: Chandelure\n|-damage|p2a: Chandelure|71/235\n|\n|-heal|p1a: Seviper|37/100|[from] item: Leftovers\n|upkeep\n|turn|11\n|inactive|Time left: 300 sec this turn | 300 sec total\n|\n|t:|1783541020\n|switch|p1a: Politoed|Politoed, L88, F|100/100\n|-weather|RainDance|[from] ability: Drizzle|[of] p1a: Politoed\n|move|p2a: Chandelure|Shadow Ball|p1a: Politoed\n|-damage|p1a: Politoed|70/100\n|\n|-weather|RainDance|[upkeep]\n|upkeep\n|turn|12\n|inactive|Time left: 300 sec this turn | 300 sec total\n|\n|t:|1783541021\n|switch|p2a: Lumineon|Lumineon, L93, M|279/279\n|move|p1a: Politoed|Surf|p2a: Lumineon\n|-ability|p2a: Lumineon|Storm Drain|boost\n|-boost|p2a: Lumineon|spa|1\n|\n|-weather|RainDance|[upkeep]\n|upkeep\n|turn|13\n|inactive|Time left: 300 sec this turn | 300 sec total\n|\n|t:|1783541022\n|move|p2a: Lumineon|Hydro Pump|p1a: Politoed\n|-resisted|p1a: Politoed\n|-damage|p1a: Politoed|32/100\n|move|p1a: Politoed|Hypnosis|p2a: Lumineon\n|-status|p2a: Lumineon|slp|[from] move: Hypnosis\n|\n|-weather|RainDance|[upkeep]\n|upkeep\n|turn|14\n|inactive|Time left: 300 sec this turn | 300 sec total\n|\n|t:|1783541023\n|cant|p2a: Lumineon|slp\n|move|p1a: Politoed|Rest|p1a: Politoed\n|-status|p1a: Politoed|slp|[from] move: Rest\n|-heal|p1a: Politoed|100/100 slp|[silent]\n|-enditem|p1a: Politoed|Chesto Berry|[eat]\n|-curestatus|p1a: Politoed|slp|[msg]\n|\n|-weather|RainDance|[upkeep]\n|upkeep\n|turn|15\n|inactive|Time left: 300 sec this turn | 300 sec total\n|\n|t:|1783541024\n|switch|p1a: Kingambit|Kingambit, L74, M|41/100\n|-activate|p1a: Kingambit|ability: Supreme Overlord\n|-start|p1a: Kingambit|fallen1|[silent]\n|cant|p2a: Lumineon|slp\n|\n|-weather|none\n|-heal|p1a: Kingambit|47/100|[from] item: Leftovers\n|upkeep\n|turn|16\n|inactive|Time left: 300 sec this turn | 300 sec total\n|\n|t:|1783541025\n|-curestatus|p2a: Lumineon|slp|[msg]\n|move|p2a: Lumineon|Hydro Pump|p1a: Kingambit\n|-damage|p1a: Kingambit|0 fnt\n|faint|p1a: Kingambit\n|-end|p1a: Kingambit|fallen1|[silent]\n|\n|upkeep\n|\n|t:|1783541026\n|switch|p1a: Politoed|Politoed, L88, F|100/100\n|-weather|RainDance|[from] ability: Drizzle|[of] p1a: Politoed\n|turn|17\n|inactive|Time left: 300 sec this turn | 300 sec total\n|\n|t:|1783541027\n|move|p2a: Lumineon|Hydro Pump|p1a: Politoed\n|-resisted|p1a: Politoed\n|-damage|p1a: Politoed|67/100\n|move|p1a: Politoed|Ice Beam|p2a: Lumineon\n|-resisted|p2a: Lumineon\n|-damage|p2a: Lumineon|250/279\n|\n|-weather|RainDance|[upkeep]\n|upkeep\n|turn|18\n|inactive|Time left: 300 sec this turn | 300 sec total\n|\n|t:|1783541028\n|move|p2a: Lumineon|Hydro Pump|p1a: Politoed\n|-resisted|p1a: Politoed\n|-crit|p1a: Politoed\n|-damage|p1a: Politoed|14/100\n|move|p1a: Politoed|Ice Beam|p2a: Lumineon\n|-resisted|p2a: Lumineon\n|-damage|p2a: Lumineon|218/279\n|\n|-weather|RainDance|[upkeep]\n|upkeep\n|turn|19\n|inactive|Time left: 300 sec this turn | 300 sec total\n|\n|t:|1783541030\n|move|p2a: Lumineon|Hydro Pump|p1a: Politoed\n|-resisted|p1a: Politoed\n|-damage|p1a: Politoed|0 fnt\n|faint|p1a: Politoed\n|\n|-weather|RainDance|[upkeep]\n|upkeep\n|\n|t:|1783541030\n|switch|p1a: Articuno|Articuno-Galar, L84|19/100\n|turn|20\n|inactive|Time left: 300 sec this turn | 300 sec total\n|\n|t:|1783541032\n|move|p2a: Lumineon|Hydro Pump|p1a: Articuno|[miss]\n|-miss|p2a: Lumineon|p1a: Articuno\n|move|p1a: Articuno|Calm Mind|p1a: Articuno\n|-boost|p1a: Articuno|spa|1\n|-boost|p1a: Articuno|spd|1\n|\n|-weather|RainDance|[upkeep]\n|upkeep\n|turn|21\n|inactive|Time left: 300 sec this turn | 300 sec total\n|\n|t:|1783541033\n|move|p2a: Lumineon|Hydro Pump|p1a: Articuno\n|-damage|p1a: Articuno|0 fnt\n|faint|p1a: Articuno\n|\n|-weather|none\n|upkeep\n|\n|t:|1783541034\n|switch|p1a: Breloom|Breloom, L83, M|100/100\n|turn|22\n|inactive|Time left: 300 sec this turn | 300 sec total\n|\n|t:|1783541035\n|-terastallize|p1a: Breloom|Rock\n|move|p2a: Lumineon|Ice Beam|p1a: Breloom\n|-damage|p1a: Breloom|48/100\n|move|p1a: Breloom|Rock Tomb|p2a: Lumineon\n|-damage|p2a: Lumineon|76/279\n|-unboost|p2a: Lumineon|spe|1\n|-damage|p1a: Breloom|38/100|[from] item: Life Orb\n|\n|upkeep\n|turn|23\n|inactive|Time left: 300 sec this turn | 300 sec total\n|\n|t:|1783541036\n|switch|p2a: Raging Bolt|Raging Bolt, L78, tera:Fairy|93/323\n|move|p1a: Breloom|Rock Tomb|p2a: Raging Bolt\n|-damage|p2a: Raging Bolt|0 fnt\n|faint|p2a: Raging Bolt\n|-end|p2a: Raging Bolt|Protosynthesis|[silent]\n|-damage|p1a: Breloom|29/100|[from] item: Life Orb\n|\n|upkeep\n|inactive|Time left: 300 sec this turn | 300 sec total | 5 sec grace\n|\n|t:|1783541037\n|switch|p2a: Chandelure|Chandelure, L83, M|71/235\n|turn|24\n|inactive|Time left: 300 sec this turn | 300 sec total\n|\n|t:|1783541038\n|move|p2a: Chandelure|Shadow Ball|p1a: Breloom\n|-damage|p1a: Breloom|0 fnt\n|faint|p1a: Breloom\n|\n|upkeep\n|\n|t:|1783541039\n|switch|p1a: Seviper|Seviper, L93, F|37/100\n|turn|25\n|inactive|Time left: 300 sec this turn | 300 sec total\n|\n|t:|1783541040\n|move|p2a: Chandelure|Shadow Ball|p1a: Seviper\n|-damage|p1a: Seviper|0 fnt\n|faint|p1a: Seviper\n|\n|win|p0y132b486", "uploadtime": 1783541040, "views": 0, "rating": 0, "private": 0, "password": null, "_winner": "p0y132b486", "_our_name": "p0y132b486"}