{"id": "battle-gen9randombattle-946", "formatid": "gen9randombattle", "format": "[Gen 9] Random Battle", "players": ["p0x9463f8f", "p0y94679f0"], "log": "|init|battle\n|title|p0x9463f8f vs. p0y94679f0\n|j|\u2606p0x9463f8f\n|j|\u2606p0y94679f0\n|t:|1783550116\n|gametype|singles\n|player|p1|p0x9463f8f|102|\n|player|p2|p0y94679f0|2|\n|gen|9\n|tier|[Gen 9] Random Battle\n|rule|Species Clause: Limit one of each Pok\u00e9mon\n|rule|HP Percentage Mod: HP is shown in percentages\n|rule|Sleep Clause Mod: Limit one foe put to sleep\n|rule|Illusion Level Mod: Illusion disguises the Pok\u00e9mon's true level\n|\n|t:|1783550116\n|teamsize|p1|6\n|teamsize|p2|6\n|start\n|switch|p1a: Malamar|Malamar, L82, M|275/275\n|switch|p2a: Azelf|Azelf, L82|100/100\n|turn|1\n|inactive|Battle timer is ON: inactive players will automatically lose when time's up. (requested by p0x9463f8f)\n|inactive|p0y94679f0 also wants the timer to be on.\n|\n|t:|1783550118\n|move|p2a: Azelf|Nasty Plot|p2a: Azelf\n|-boost|p2a: Azelf|spa|2\n|move|p1a: Malamar|Knock Off|p2a: Azelf\n|-supereffective|p2a: Azelf\n|-crit|p2a: Azelf\n|-damage|p2a: Azelf|0 fnt\n|-enditem|p2a: Azelf|Life Orb|[from] move: Knock Off|[of] p1a: Malamar\n|faint|p2a: Azelf\n|\n|upkeep\n|\n|t:|1783550119\n|switch|p2a: Malamar|Malamar, L82, F|100/100\n|turn|2\n|inactive|Time left: 300 sec this turn | 300 sec total\n|\n|t:|1783550120\n|move|p1a: Malamar|Superpower|p2a: Malamar\n|-damage|p2a: Malamar|72/100\n|-boost|p1a: Malamar|atk|1\n|-boost|p1a: Malamar|def|1\n|move|p2a: Malamar|Superpower|p1a: Malamar\n|-damage|p1a: Malamar|219/275\n|-boost|p2a: Malamar|atk|1\n|-boost|p2a: Malamar|def|1\n|\n|-heal|p2a: Malamar|78/100|[from] item: Leftovers\n|-heal|p1a: Malamar|236/275|[from] item: Leftovers\n|upkeep\n|turn|3\n|inactive|Time left: 300 sec this turn | 300 sec total\n|\n|t:|1783550121\n|move|p1a: Malamar|Superpower|p2a: Malamar\n|-damage|p2a: Malamar|51/100\n|-boost|p1a: Malamar|atk|1\n|-boost|p1a: Malamar|def|1\n|move|p2a: Malamar|Superpower|p1a: Malamar\n|-damage|p1a: Malamar|173/275\n|-boost|p2a: Malamar|atk|1\n|-boost|p2a: Malamar|def|1\n|\n|-heal|p1a: Malamar|190/275|[from] item: Leftovers\n|-heal|p2a: Malamar|58/100|[from] item: Leftovers\n|upkeep\n|turn|4\n|inactive|Time left: 300 sec this turn | 300 sec total\n|\n|t:|1783550122\n|-terastallize|p2a: Malamar|Fighting\n|move|p2a: Malamar|Superpower|p1a: Malamar\n|-damage|p1a: Malamar|72/275\n|-boost|p2a: Malamar|atk|1\n|-boost|p2a: Malamar|def|1\n|move|p1a: Malamar|Superpower|p2a: Malamar\n|-damage|p2a: Malamar|33/100\n|-boost|p1a: Malamar|atk|1\n|-boost|p1a: Malamar|def|1\n|\n|-heal|p1a: Malamar|89/275|[from] item: Leftovers\n|-heal|p2a: Malamar|39/100|[from] item: Leftovers\n|upkeep\n|turn|5\n|inactive|Time left: 300 sec this turn | 300 sec total\n|\n|t:|1783550123\n|-terastallize|p1a: Malamar|Fighting\n|move|p2a: Malamar|Superpower|p1a: Malamar\n|-damage|p1a: Malamar|0 fnt\n|-boost|p2a: Malamar|atk|1\n|-boost|p2a: Malamar|def|1\n|faint|p1a: Malamar\n|\n|-heal|p2a: Malamar|46/100|[from] item: Leftovers\n|upkeep\n|inactive|Time left: 300 sec this turn | 300 sec total | 5 sec grace\n|\n|t:|1783550124\n|switch|p1a: Deoxys|Deoxys-Attack, L72|191/191\n|-ability|p1a: Deoxys|Pressure\n|turn|6\n|inactive|Time left: 300 sec this turn | 300 sec total\n|\n|t:|1783550125\n|move|p1a: Deoxys|Psycho Boost|p2a: Malamar\n|-supereffective|p2a: Malamar\n|-damage|p2a: Malamar|0 fnt\n|-unboost|p1a: Deoxys|spa|2\n|faint|p2a: Malamar\n|-damage|p1a: Deoxys|172/191|[from] item: Life Orb\n|\n|upkeep\n|\n|t:|1783550126\n|switch|p2a: Sandaconda|Sandaconda, L84, M|100/100\n|turn|7\n|inactive|Time left: 300 sec this turn | 300 sec total\n|\n|t:|1783550127\n|switch|p1a: Rillaboom|Rillaboom, L79, F|288/288\n|-fieldstart|move: Grassy Terrain|[from] ability: Grassy Surge|[of] p1a: Rillaboom\n|move|p2a: Sandaconda|Coil|p2a: Sandaconda\n|-boost|p2a: Sandaconda|atk|1\n|-boost|p2a: Sandaconda|def|1\n|-boost|p2a: Sandaconda|accuracy|1\n|\n|upkeep\n|turn|8\n|inactive|Time left: 300 sec this turn | 300 sec total\n|\n|t:|1783550128\n|move|p1a: Rillaboom|Swords Dance|p1a: Rillaboom\n|-boost|p1a: Rillaboom|atk|2\n|move|p2a: Sandaconda|Scale Shot|p1a: Rillaboom\n|-damage|p1a: Rillaboom|258/288\n|-damage|p1a: Rillaboom|229/288\n|-damage|p1a: Rillaboom|201/288\n|-damage|p1a: Rillaboom|172/288\n|-hitcount|p1a: Rillaboom|4\n|-unboost|p2a: Sandaconda|def|1\n|-boost|p2a: Sandaconda|spe|1\n|\n|-heal|p1a: Rillaboom|190/288|[from] Grassy Terrain\n|upkeep\n|turn|9\n|inactive|Time left: 300 sec this turn | 300 sec total\n|\n|t:|1783550129\n|switch|p2a: Volbeat|Volbeat, L90, M|100/100\n|move|p1a: Rillaboom|Grassy Glide|p2a: Volbeat\n|-resisted|p2a: Volbeat\n|-damage|p2a: Volbeat|57/100\n|-damage|p1a: Rillaboom|162/288|[from] item: Life Orb\n|\n|-heal|p2a: Volbeat|63/100|[from] Grassy Terrain\n|-heal|p1a: Rillaboom|180/288|[from] Grassy Terrain\n|upkeep\n|turn|10\n|inactive|Time left: 300 sec this turn | 300 sec total\n|\n|t:|1783550130\n|move|p2a: Volbeat|Lunge|p1a: Rillaboom\n|-supereffective|p1a: Rillaboom\n|-damage|p1a: Rillaboom|22/288\n|-unboost|p1a: Rillaboom|atk|1\n|move|p1a: Rillaboom|Wood Hammer|p2a: Volbeat\n|-resisted|p2a: Volbeat\n|-damage|p2a: Volbeat|0 fnt\n|faint|p2a: Volbeat\n|-damage|p1a: Rillaboom|0 fnt|[from] Recoil\n|faint|p1a: Rillaboom\n|\n|upkeep\n|inactive|Time left: 300 sec this turn | 300 sec total | 5 sec grace\n|\n|t:|1783550131\n|switch|p2a: Regirock|Regirock, L83|100/100\n|switch|p1a: Archaludon|Archaludon, L78, M|268/268\n|turn|11\n|inactive|Time left: 300 sec this turn | 300 sec total\n|\n|t:|1783550132\n|switch|p2a: Polteageist|Polteageist, L78|100/100\n|move|p1a: Archaludon|Iron Head|p2a: Polteageist\n|-damage|p2a: Polteageist|54/100\n|-start|p1a: Archaludon|Disable|Iron Head|[from] ability: Cursed Body|[of] p2a: Polteageist\n|\n|-heal|p2a: Polteageist|60/100|[from] Grassy Terrain\n|-fieldend|move: Grassy Terrain\n|upkeep\n|turn|12\n|inactive|Time left: 300 sec this turn | 300 sec total\n|\n|t:|1783550133\n|move|p1a: Archaludon|Outrage|p2a: Polteageist\n|-damage|p2a: Polteageist|0 fnt\n|faint|p2a: Polteageist\n|\n|upkeep\n|\n|t:|1783550134\n|switch|p2a: Regirock|Regirock, L83|100/100\n|turn|13\n|inactive|Time left: 300 sec this turn | 300 sec total\n|\n|t:|1783550135\n|move|p1a: Archaludon|Outrage|p2a: Regirock|[from] lockedmove\n|-damage|p2a: Regirock|76/100\n|move|p2a: Regirock|Curse|p2a: Regirock\n|-unboost|p2a: Regirock|spe|1\n|-boost|p2a: Regirock|atk|1\n|-boost|p2a: Regirock|def|1\n|\n|upkeep\n|turn|14\n|inactive|Time left: 300 sec this turn | 300 sec total\n|\n|t:|1783550136\n|move|p1a: Archaludon|Outrage|p2a: Regirock|[from] lockedmove\n|-damage|p2a: Regirock|60/100\n|-start|p1a: Archaludon|confusion|[fatigue]\n|-enditem|p1a: Archaludon|Lum Berry|[eat]\n|-end|p1a: Archaludon|confusion\n|move|p2a: Regirock|Body Press|p1a: Archaludon\n|-supereffective|p1a: Archaludon\n|-damage|p1a: Archaludon|34/268\n|-ability|p1a: Archaludon|Stamina|boost\n|-boost|p1a: Archaludon|def|1\n|\n|-end|p1a: Archaludon|Disable\n|upkeep\n|turn|15\n|inactive|Time left: 300 sec this turn | 300 sec total\n|\n|t:|1783550137\n|move|p1a: Archaludon|Iron Head|p2a: Regirock\n|-supereffective|p2a: Regirock\n|-damage|p2a: Regirock|40/100\n|cant|p2a: Regirock|flinch\n|\n|upkeep\n|turn|16\n|inactive|Time left: 300 sec this turn | 300 sec total\n|\n|t:|1783550139\n|move|p1a: Archaludon|Iron Head|p2a: Regirock\n|-supereffective|p2a: Regirock\n|-damage|p2a: Regirock|21/100\n|move|p2a: Regirock|Rest|p2a: Regirock\n|-status|p2a: Regirock|slp|[from] move: Rest\n|-heal|p2a: Regirock|100/100 slp|[silent]\n|-enditem|p2a: Regirock|Chesto Berry|[eat]\n|-curestatus|p2a: Regirock|slp|[msg]\n|\n|upkeep\n|turn|17\n|inactive|Time left: 300 sec this turn | 300 sec total\n|\n|t:|1783550140\n|move|p1a: Archaludon|Iron Head|p2a: Regirock\n|-supereffective|p2a: Regirock\n|-damage|p2a: Regirock|82/100\n|move|p2a: Regirock|Body Press|p1a: Archaludon\n|-supereffective|p1a: Archaludon\n|-damage|p1a: Archaludon|0 fnt\n|faint|p1a: Archaludon\n|\n|upkeep\n|inactive|Time left: 300 sec this turn | 300 sec total | 5 sec grace\n|\n|t:|1783550141\n|switch|p1a: Deoxys|Deoxys-Attack, L72|172/191\n|-ability|p1a: Deoxys|Pressure\n|turn|18\n|inactive|Time left: 300 sec this turn | 300 sec total\n|\n|t:|1783550142\n|move|p1a: Deoxys|Psycho Boost|p2a: Regirock\n|-damage|p2a: Regirock|5/100\n|-unboost|p1a: Deoxys|spa|2\n|-damage|p1a: Deoxys|153/191|[from] item: Life Orb\n|move|p2a: Regirock|Body Press|p1a: Deoxys\n|-resisted|p1a: Deoxys\n|-damage|p1a: Deoxys|0 fnt\n|faint|p1a: Deoxys\n|\n|upkeep\n|inactive|Time left: 300 sec this turn | 300 sec total | 5 sec grace\n|\n|t:|1783550143\n|switch|p1a: Flygon|Flygon, L82, M|265/265\n|turn|19\n|inactive|Time left: 300 sec this turn | 300 sec total\n|\n|t:|1783550144\n|move|p1a: Flygon|Dragon Dance|p1a: Flygon\n|-boost|p1a: Flygon|atk|1\n|-boost|p1a: Flygon|spe|1\n|move|p2a: Regirock|Body Press|p1a: Flygon\n|-damage|p1a: Flygon|103/265\n|\n|upkeep\n|turn|20\n|inactive|Time left: 300 sec this turn | 300 sec total\n|\n|t:|1783550145\n|move|p1a: Flygon|Outrage|p2a: Regirock\n|-damage|p2a: Regirock|0 fnt\n|faint|p2a: Regirock\n|\n|upkeep\n|\n|t:|1783550146\n|switch|p2a: Sandaconda|Sandaconda, L84, M|100/100\n|turn|21\n|inactive|Time left: 300 sec this turn | 300 sec total\n|\n|t:|1783550147\n|move|p1a: Flygon|Outrage|p2a: Sandaconda|[from] lockedmove\n|-damage|p2a: Sandaconda|50/100\n|-start|p1a: Flygon|confusion|[fatigue]\n|-enditem|p1a: Flygon|Lum Berry|[eat]\n|-end|p1a: Flygon|confusion\n|move|p2a: Sandaconda|Coil|p2a: Sandaconda\n|-boost|p2a: Sandaconda|atk|1\n|-boost|p2a: Sandaconda|def|1\n|-boost|p2a: Sandaconda|accuracy|1\n|\n|upkeep\n|turn|22\n|inactive|Time left: 300 sec this turn | 300 sec total\n|\n|t:|1783550148\n|move|p1a: Flygon|Outrage|p2a: Sandaconda\n|-damage|p2a: Sandaconda|16/100\n|move|p2a: Sandaconda|Scale Shot|p1a: Flygon\n|-supereffective|p1a: Flygon\n|-damage|p1a: Flygon|43/265\n|-supereffective|p1a: Flygon\n|-damage|p1a: Flygon|0 fnt\n|faint|p1a: Flygon\n|-hitcount|p1: Flygon|2\n|-unboost|p2a: Sandaconda|def|1\n|-boost|p2a: Sandaconda|spe|1\n|\n|upkeep\n|inactive|Time left: 300 sec this turn | 300 sec total | 5 sec grace\n|\n|t:|1783550149\n|switch|p1a: Scizor|Scizor, L79, F|240/240\n|turn|23\n|inactive|Time left: 300 sec this turn | 300 sec total\n|\n|t:|1783550150\n|move|p1a: Scizor|Bullet Punch|p2a: Sandaconda\n|-damage|p2a: Sandaconda|0 fnt\n|faint|p2a: Sandaconda\n|\n|win|p0x9463f8f", "uploadtime": 1783550150, "views": 0, "rating": 0, "private": 0, "password": null, "_winner": "p0x9463f8f", "_our_name": "p0x9463f8f"}