{"id": "battle-gen9randombattle-1340", "formatid": "gen9randombattle", "format": "[Gen 9] Random Battle", "players": ["p0x134051a5", "p0y13405500"], "log": "|init|battle\n|title|p0x134051a5 vs. p0y13405500\n|j|\u2606p0x134051a5\n|j|\u2606p0y13405500\n|t:|1783555577\n|gametype|singles\n|player|p1|p0x134051a5|102|\n|player|p2|p0y13405500|1|\n|gen|9\n|tier|[Gen 9] Random Battle\n|rule|Species Clause: Limit one of each Pok\u00e9mon\n|rule|HP Percentage Mod: HP is shown in percentages\n|rule|Sleep Clause Mod: Limit one foe put to sleep\n|rule|Illusion Level Mod: Illusion disguises the Pok\u00e9mon's true level\n|\n|t:|1783555577\n|teamsize|p1|6\n|teamsize|p2|6\n|start\n|switch|p1a: Venusaur|Venusaur, L84, M|100/100\n|switch|p2a: Leavanny|Leavanny, L86, F|269/269\n|turn|1\n|inactive|Battle timer is ON: inactive players will automatically lose when time's up. (requested by p0y13405500)\n|\n|t:|1783555578\n|move|p2a: Leavanny|Sticky Web|p1a: Venusaur\n|-sidestart|p1: p0x134051a5|move: Sticky Web\n|move|p1a: Venusaur|Sludge Bomb|p2a: Leavanny\n|-supereffective|p2a: Leavanny\n|-crit|p2a: Leavanny\n|-enditem|p2a: Leavanny|Focus Sash\n|-damage|p2a: Leavanny|1/269\n|\n|upkeep\n|turn|2\n|inactive|Time left: 300 sec this turn | 300 sec total\n|inactive|p0x134051a5 also wants the timer to be on.\n|\n|t:|1783555580\n|move|p2a: Leavanny|Lunge|p1a: Venusaur\n|-damage|p1a: Venusaur|50/100\n|-unboost|p1a: Venusaur|atk|1\n|move|p1a: Venusaur|Sludge Bomb|p2a: Leavanny\n|-supereffective|p2a: Leavanny\n|-damage|p2a: Leavanny|0 fnt\n|faint|p2a: Leavanny\n|\n|-heal|p1a: Venusaur|57/100|[from] item: Leftovers\n|upkeep\n|inactive|Time left: 300 sec this turn | 300 sec total | 5 sec grace\n|\n|t:|1783555581\n|switch|p2a: Roaring Moon|Roaring Moon, L72|270/270\n|turn|3\n|inactive|Time left: 300 sec this turn | 300 sec total\n|\n|t:|1783555582\n|switch|p1a: Granbull|Granbull, L88, F|100/100\n|-activate|p1a: Granbull|move: Sticky Web\n|-unboost|p1a: Granbull|spe|1\n|-ability|p1a: Granbull|Intimidate|boost\n|-unboost|p2a: Roaring Moon|atk|1\n|move|p2a: Roaring Moon|Outrage|p1a: Granbull\n|-immune|p1a: Granbull\n|\n|upkeep\n|turn|4\n|inactive|Time left: 300 sec this turn | 300 sec total\n|\n|t:|1783555583\n|move|p2a: Roaring Moon|Outrage|p1a: Granbull\n|-immune|p1a: Granbull\n|move|p1a: Granbull|Play Rough|p2a: Roaring Moon\n|-supereffective|p2a: Roaring Moon\n|-damage|p2a: Roaring Moon|0 fnt\n|faint|p2a: Roaring Moon\n|-end|p2a: Roaring Moon|Protosynthesis|[silent]\n|\n|upkeep\n|inactive|Time left: 300 sec this turn | 300 sec total | 5 sec grace\n|\n|t:|1783555584\n|switch|p2a: Palossand|Palossand, L89, F|296/296\n|turn|5\n|inactive|Time left: 300 sec this turn | 300 sec total\n|\n|t:|1783555585\n|switch|p1a: Venusaur|Venusaur, L84, M|57/100\n|-activate|p1a: Venusaur|move: Sticky Web\n|-unboost|p1a: Venusaur|spe|1\n|move|p2a: Palossand|Stealth Rock|p1a: Venusaur\n|-sidestart|p1: p0x134051a5|move: Stealth Rock\n|\n|-heal|p1a: Venusaur|63/100|[from] item: Leftovers\n|upkeep\n|turn|6\n|inactive|Time left: 300 sec this turn | 300 sec total\n|\n|t:|1783555586\n|move|p1a: Venusaur|Knock Off|p2a: Palossand\n|-supereffective|p2a: Palossand\n|-damage|p2a: Palossand|200/296\n|-enditem|p2a: Palossand|Leftovers|[from] move: Knock Off|[of] p1a: Venusaur\n|move|p2a: Palossand|Shadow Ball|p1a: Venusaur\n|-damage|p1a: Venusaur|32/100\n|\n|-heal|p1a: Venusaur|38/100|[from] item: Leftovers\n|upkeep\n|turn|7\n|inactive|Time left: 300 sec this turn | 300 sec total\n|\n|t:|1783555588\n|switch|p2a: Kingambit|Kingambit, L74, M|270/270\n|-activate|p2a: Kingambit|ability: Supreme Overlord\n|-start|p2a: Kingambit|fallen2|[silent]\n|move|p1a: Venusaur|Synthesis|p1a: Venusaur\n|-heal|p1a: Venusaur|88/100\n|\n|-heal|p1a: Venusaur|95/100|[from] item: Leftovers\n|upkeep\n|turn|8\n|inactive|Time left: 300 sec this turn | 300 sec total\n|\n|t:|1783555589\n|move|p1a: Venusaur|Sleep Powder|p2a: Kingambit\n|-status|p2a: Kingambit|slp|[from] move: Sleep Powder\n|cant|p2a: Kingambit|slp\n|\n|-heal|p1a: Venusaur|100/100|[from] item: Leftovers\n|upkeep\n|turn|9\n|inactive|Time left: 300 sec this turn | 300 sec total\n|\n|t:|1783555590\n|switch|p1a: Granbull|Granbull, L88, F|100/100\n|-activate|p1a: Granbull|move: Sticky Web\n|-unboost|p1a: Granbull|spe|1\n|-damage|p1a: Granbull|88/100|[from] Stealth Rock\n|-ability|p1a: Granbull|Intimidate|boost\n|-unboost|p2a: Kingambit|atk|1\n|cant|p2a: Kingambit|slp\n|\n|-heal|p1a: Granbull|94/100|[from] item: Leftovers\n|upkeep\n|turn|10\n|inactive|Time left: 300 sec this turn | 300 sec total\n|\n|t:|1783555591\n|-curestatus|p2a: Kingambit|slp|[msg]\n|move|p2a: Kingambit|Iron Head|p1a: Granbull\n|-supereffective|p1a: Granbull\n|-damage|p1a: Granbull|48/100\n|cant|p1a: Granbull|flinch\n|\n|-heal|p1a: Granbull|54/100|[from] item: Leftovers\n|upkeep\n|turn|11\n|inactive|Time left: 300 sec this turn | 300 sec total\n|\n|t:|1783555592\n|move|p2a: Kingambit|Swords Dance|p2a: Kingambit\n|-boost|p2a: Kingambit|atk|2\n|move|p1a: Granbull|Earthquake|p2a: Kingambit\n|-supereffective|p2a: Kingambit\n|-damage|p2a: Kingambit|98/270\n|\n|-heal|p2a: Kingambit|114/270|[from] item: Leftovers\n|-heal|p1a: Granbull|60/100|[from] item: Leftovers\n|upkeep\n|turn|12\n|inactive|Time left: 300 sec this turn | 300 sec total\n|\n|t:|1783555593\n|-terastallize|p1a: Granbull|Ground\n|move|p2a: Kingambit|Iron Head|p1a: Granbull\n|-damage|p1a: Granbull|0 fnt\n|faint|p1a: Granbull\n|\n|-heal|p2a: Kingambit|130/270|[from] item: Leftovers\n|upkeep\n|\n|t:|1783555594\n|switch|p1a: Sneasler|Sneasler, L74, F|100/100\n|-activate|p1a: Sneasler|move: Sticky Web\n|-unboost|p1a: Sneasler|spe|1\n|-damage|p1a: Sneasler|94/100|[from] Stealth Rock\n|turn|13\n|inactive|Time left: 300 sec this turn | 300 sec total\n|\n|t:|1783555595\n|-terastallize|p2a: Kingambit|Flying\n|move|p1a: Sneasler|Close Combat|p2a: Kingambit\n|-resisted|p2a: Kingambit\n|-damage|p2a: Kingambit|44/270\n|-unboost|p1a: Sneasler|def|1\n|-unboost|p1a: Sneasler|spd|1\n|-status|p2a: Kingambit|psn|[from] ability: Poison Touch|[of] p1a: Sneasler\n|move|p2a: Kingambit|Iron Head|p1a: Sneasler\n|-crit|p1a: Sneasler\n|-damage|p1a: Sneasler|0 fnt\n|faint|p1a: Sneasler\n|\n|-heal|p2a: Kingambit|60/270 psn|[from] item: Leftovers\n|-damage|p2a: Kingambit|27/270 psn|[from] psn\n|upkeep\n|\n|t:|1783555595\n|switch|p1a: Rayquaza|Rayquaza, L72|100/100\n|-damage|p1a: Rayquaza|76/100|[from] Stealth Rock\n|-ability|p1a: Rayquaza|Air Lock\n|turn|14\n|inactive|Time left: 300 sec this turn | 300 sec total\n|\n|t:|1783555596\n|move|p2a: Kingambit|Sucker Punch|p1a: Rayquaza\n|-damage|p1a: Rayquaza|22/100\n|move|p1a: Rayquaza|Scale Shot|p2a: Kingambit\n|-damage|p2a: Kingambit|2/270 psn\n|-damage|p2a: Kingambit|0 fnt\n|faint|p2a: Kingambit\n|-end|p2a: Kingambit|fallen2|[silent]\n|-hitcount|p2: Kingambit|2\n|-unboost|p1a: Rayquaza|def|1\n|-boost|p1a: Rayquaza|spe|1\n|\n|upkeep\n|inactive|Time left: 300 sec this turn | 300 sec total | 5 sec grace\n|\n|t:|1783555597\n|switch|p2a: Palossand|Palossand, L89, F|200/296\n|turn|15\n|inactive|Time left: 300 sec this turn | 300 sec total\n|\n|t:|1783555598\n|move|p1a: Rayquaza|Dragon Ascent|p2a: Palossand\n|-damage|p2a: Palossand|94/296\n|-unboost|p1a: Rayquaza|def|1\n|-unboost|p1a: Rayquaza|spd|1\n|move|p2a: Palossand|Shadow Ball|p1a: Rayquaza\n|-damage|p1a: Rayquaza|0 fnt\n|faint|p1a: Rayquaza\n|\n|upkeep\n|\n|t:|1783555599\n|switch|p1a: Spectrier|Spectrier, L75|100/100\n|-activate|p1a: Spectrier|move: Sticky Web\n|-unboost|p1a: Spectrier|spe|1\n|-damage|p1a: Spectrier|88/100|[from] Stealth Rock\n|turn|16\n|inactive|Time left: 300 sec this turn | 300 sec total\n|\n|t:|1783555600\n|switch|p2a: Quagsire|Quagsire, L84, M|297/297\n|move|p1a: Spectrier|Shadow Ball|p2a: Quagsire\n|-damage|p2a: Quagsire|136/297\n|-unboost|p2a: Quagsire|spd|1\n|-damage|p1a: Spectrier|78/100|[from] item: Life Orb\n|\n|-heal|p2a: Quagsire|154/297|[from] item: Leftovers\n|upkeep\n|turn|17\n|inactive|Time left: 300 sec this turn | 300 sec total\n|\n|t:|1783555600\n|switch|p2a: Munkidori|Munkidori, L79, M|269/269\n|move|p1a: Spectrier|Shadow Ball|p2a: Munkidori\n|-supereffective|p2a: Munkidori\n|-damage|p2a: Munkidori|105/269\n|-damage|p1a: Spectrier|68/100|[from] item: Life Orb\n|\n|upkeep\n|turn|18\n|inactive|Time left: 300 sec this turn | 300 sec total\n|\n|t:|1783555601\n|move|p2a: Munkidori|Psychic Noise|p1a: Spectrier\n|-crit|p1a: Spectrier\n|-damage|p1a: Spectrier|12/100\n|-start|p1a: Spectrier|move: Heal Block\n|-status|p1a: Spectrier|tox|[from] ability: Toxic Chain|[of] p2a: Munkidori\n|move|p1a: Spectrier|Shadow Ball|p2a: Munkidori\n|-supereffective|p2a: Munkidori\n|-damage|p2a: Munkidori|0 fnt\n|faint|p2a: Munkidori\n|-ability|p1a: Spectrier|Grim Neigh|boost\n|-boost|p1a: Spectrier|spa|1\n|-damage|p1a: Spectrier|2/100 tox|[from] item: Life Orb\n|\n|-damage|p1a: Spectrier|0 fnt|[from] psn\n|faint|p1a: Spectrier\n|upkeep\n|inactive|Time left: 300 sec this turn | 300 sec total | 5 sec grace\n|\n|t:|1783555603\n|switch|p1a: Meloetta|Meloetta, L82|100/100\n|switch|p2a: Quagsire|Quagsire, L84, M|154/297\n|-activate|p1a: Meloetta|move: Sticky Web\n|-unboost|p1a: Meloetta|spe|1\n|-damage|p1a: Meloetta|88/100|[from] Stealth Rock\n|turn|19\n|inactive|Time left: 300 sec this turn | 300 sec total\n|\n|t:|1783555603\n|switch|p2a: Palossand|Palossand, L89, F|94/296\n|move|p1a: Meloetta|Relic Song|p2a: Palossand\n|-immune|p2a: Palossand\n|\n|upkeep\n|turn|20\n|inactive|Time left: 300 sec this turn | 300 sec total\n|\n|t:|1783555604\n|move|p1a: Meloetta|Triple Axel|p2a: Palossand\n|-supereffective|p2a: Palossand\n|-damage|p2a: Palossand|71/296\n|-supereffective|p2a: Palossand\n|-damage|p2a: Palossand|19/296\n|-supereffective|p2a: Palossand\n|-damage|p2a: Palossand|0 fnt\n|faint|p2a: Palossand\n|-hitcount|p2: Palossand|3\n|-damage|p1a: Meloetta|78/100|[from] item: Life Orb\n|\n|upkeep\n|inactive|Time left: 300 sec this turn | 300 sec total | 5 sec grace\n|\n|t:|1783555605\n|switch|p2a: Quagsire|Quagsire, L84, M|154/297\n|turn|21\n|inactive|Time left: 300 sec this turn | 300 sec total\n|\n|t:|1783555606\n|move|p1a: Meloetta|Relic Song|p2a: Quagsire\n|-damage|p2a: Quagsire|6/297\n|-formechange|p1a: Meloetta|Meloetta-Pirouette|[msg]\n|-damage|p1a: Meloetta|69/100|[from] item: Life Orb\n|move|p2a: Quagsire|Recover|p2a: Quagsire\n|-heal|p2a: Quagsire|155/297\n|\n|-heal|p2a: Quagsire|173/297|[from] item: Leftovers\n|upkeep\n|turn|22\n|inactive|Time left: 300 sec this turn | 300 sec total\n|\n|t:|1783555607\n|move|p1a: Meloetta|Close Combat|p2a: Quagsire\n|-damage|p2a: Quagsire|0 fnt\n|-unboost|p1a: Meloetta|def|1\n|-unboost|p1a: Meloetta|spd|1\n|faint|p2a: Quagsire\n|-damage|p1a: Meloetta|59/100|[from] item: Life Orb\n|\n|win|p0x134051a5", "uploadtime": 1783555607, "views": 0, "rating": 0, "private": 0, "password": null, "_winner": "p0x134051a5", "_our_name": "p0y13405500"}