{"id": "battle-gen9randombattle-2624", "formatid": "gen9randombattle", "format": "[Gen 9] Random Battle", "players": ["p0x26243d4d", "p0y26246c2d"], "log": "|init|battle\n|title|p0x26243d4d vs. p0y26246c2d\n|j|\u2606p0x26243d4d\n|j|\u2606p0y26246c2d\n|t:|1783569308\n|gametype|singles\n|player|p1|p0x26243d4d|2|\n|player|p2|p0y26246c2d|266|\n|gen|9\n|tier|[Gen 9] Random Battle\n|rule|Species Clause: Limit one of each Pok\u00e9mon\n|rule|HP Percentage Mod: HP is shown in percentages\n|rule|Sleep Clause Mod: Limit one foe put to sleep\n|rule|Illusion Level Mod: Illusion disguises the Pok\u00e9mon's true level\n|\n|t:|1783569308\n|teamsize|p1|6\n|teamsize|p2|6\n|start\n|switch|p1a: Clefable|Clefable, L83, F|293/293\n|switch|p2a: Tinkaton|Tinkaton, L82, F|100/100\n|-ability|p2a: Tinkaton|Mold Breaker\n|turn|1\n|inactive|Battle timer is ON: inactive players will automatically lose when time's up. (requested by p0x26243d4d)\n|inactive|p0y26246c2d also wants the timer to be on.\n|\n|t:|1783569309\n|switch|p1a: Blastoise|Blastoise, L80, M|258/258\n|move|p2a: Tinkaton|Gigaton Hammer|p1a: Blastoise\n|-resisted|p1a: Blastoise\n|-damage|p1a: Blastoise|196/258\n|\n|upkeep\n|turn|2\n|inactive|Time left: 300 sec this turn | 300 sec total\n|\n|t:|1783569310\n|move|p2a: Tinkaton|Swords Dance|p2a: Tinkaton\n|-boost|p2a: Tinkaton|atk|2\n|move|p1a: Blastoise|Shell Smash|p1a: Blastoise\n|-unboost|p1a: Blastoise|def|1\n|-unboost|p1a: Blastoise|spd|1\n|-boost|p1a: Blastoise|atk|2\n|-boost|p1a: Blastoise|spa|2\n|-boost|p1a: Blastoise|spe|2\n|-enditem|p1a: Blastoise|White Herb\n|-clearnegativeboost|p1a: Blastoise|[silent]\n|\n|upkeep\n|turn|3\n|inactive|Time left: 300 sec this turn | 300 sec total\n|\n|t:|1783569311\n|move|p1a: Blastoise|Hydro Pump|p2a: Tinkaton\n|-damage|p2a: Tinkaton|41/100\n|move|p2a: Tinkaton|Play Rough|p1a: Blastoise\n|-damage|p1a: Blastoise|46/258\n|\n|-heal|p2a: Tinkaton|47/100|[from] item: Leftovers\n|upkeep\n|turn|4\n|inactive|Time left: 300 sec this turn | 300 sec total\n|\n|t:|1783569312\n|switch|p2a: Appletun|Appletun, L92, F|100/100\n|move|p1a: Blastoise|Hydro Pump|p2a: Appletun\n|-resisted|p2a: Appletun\n|-damage|p2a: Appletun|79/100\n|\n|-heal|p2a: Appletun|86/100|[from] item: Leftovers\n|upkeep\n|turn|5\n|inactive|Time left: 300 sec this turn | 300 sec total\n|\n|t:|1783569314\n|move|p1a: Blastoise|Ice Beam|p2a: Appletun\n|-supereffective|p2a: Appletun\n|-damage|p2a: Appletun|29/100\n|move|p2a: Appletun|Apple Acid|p1a: Blastoise\n|-supereffective|p1a: Blastoise\n|-damage|p1a: Blastoise|0 fnt\n|faint|p1a: Blastoise\n|\n|-heal|p2a: Appletun|35/100|[from] item: Leftovers\n|upkeep\n|inactive|Time left: 300 sec this turn | 300 sec total | 5 sec grace\n|\n|t:|1783569314\n|switch|p1a: Passimian|Passimian, L83, F|302/302\n|turn|6\n|inactive|Time left: 300 sec this turn | 300 sec total\n|\n|t:|1783569315\n|move|p1a: Passimian|Close Combat|p2a: Appletun\n|-crit|p2a: Appletun\n|-damage|p2a: Appletun|0 fnt\n|-unboost|p1a: Passimian|def|1\n|-unboost|p1a: Passimian|spd|1\n|faint|p2a: Appletun\n|\n|upkeep\n|\n|t:|1783569316\n|switch|p2a: Eternatus|Eternatus, L69|100/100\n|-ability|p2a: Eternatus|Pressure\n|turn|7\n|inactive|Time left: 300 sec this turn | 300 sec total\n|\n|t:|1783569318\n|switch|p1a: Alcremie|Alcremie-Lemon-Cream, L90, F|263/263\n|move|p2a: Eternatus|Meteor Beam||[still]\n|-prepare|p2a: Eternatus|Meteor Beam\n|-boost|p2a: Eternatus|spa|1\n|-enditem|p2a: Eternatus|Power Herb\n|-anim|p2a: Eternatus|Meteor Beam|p1a: Alcremie\n|-damage|p1a: Alcremie|179/263\n|\n|-heal|p1a: Alcremie|195/263|[from] item: Leftovers\n|upkeep\n|turn|8\n|inactive|Time left: 300 sec this turn | 300 sec total\n|\n|t:|1783569319\n|move|p2a: Eternatus|Sludge Bomb|p1a: Alcremie\n|-supereffective|p1a: Alcremie\n|-damage|p1a: Alcremie|7/263\n|-status|p1a: Alcremie|psn\n|move|p1a: Alcremie|Psyshock|p2a: Eternatus\n|-supereffective|p2a: Eternatus\n|-damage|p2a: Eternatus|47/100\n|\n|-heal|p1a: Alcremie|23/263 psn|[from] item: Leftovers\n|-damage|p1a: Alcremie|0 fnt|[from] psn\n|faint|p1a: Alcremie\n|upkeep\n|inactive|Time left: 300 sec this turn | 300 sec total | 5 sec grace\n|\n|t:|1783569320\n|switch|p1a: Whiscash|Whiscash, L88, F|337/337\n|turn|9\n|inactive|Time left: 300 sec this turn | 300 sec total\n|\n|t:|1783569321\n|move|p2a: Eternatus|Dynamax Cannon|p1a: Whiscash\n|-damage|p1a: Whiscash|156/337\n|move|p1a: Whiscash|Earthquake|p2a: Eternatus\n|-supereffective|p2a: Eternatus\n|-damage|p2a: Eternatus|0 fnt\n|faint|p2a: Eternatus\n|\n|-heal|p1a: Whiscash|177/337|[from] item: Leftovers\n|upkeep\n|\n|t:|1783569321\n|switch|p2a: Ludicolo|Ludicolo, L90, M|100/100\n|turn|10\n|inactive|Time left: 300 sec this turn | 300 sec total\n|\n|t:|1783569322\n|switch|p1a: Dusknoir|Dusknoir, L89, F|225/225\n|-item|p2a: Ludicolo|Life Orb|[from] ability: Frisk|[of] p1a: Dusknoir\n|move|p2a: Ludicolo|Hydro Pump|p1a: Dusknoir|[miss]\n|-miss|p2a: Ludicolo|p1a: Dusknoir\n|\n|upkeep\n|turn|11\n|inactive|Time left: 300 sec this turn | 300 sec total\n|\n|t:|1783569323\n|move|p2a: Ludicolo|Hydro Pump|p1a: Dusknoir\n|-damage|p1a: Dusknoir|104/225\n|-damage|p2a: Ludicolo|90/100|[from] item: Life Orb\n|move|p1a: Dusknoir|Poltergeist|p2a: Ludicolo\n|-activate|p2a: Ludicolo|move: Poltergeist|Life Orb\n|-damage|p2a: Ludicolo|37/100\n|\n|-heal|p1a: Dusknoir|118/225|[from] item: Leftovers\n|upkeep\n|turn|12\n|inactive|Time left: 300 sec this turn | 300 sec total\n|\n|t:|1783569324\n|move|p2a: Ludicolo|Giga Drain|p1a: Dusknoir\n|-damage|p1a: Dusknoir|43/225\n|-heal|p2a: Ludicolo|50/100|[from] drain|[of] p1a: Dusknoir\n|-damage|p2a: Ludicolo|40/100|[from] item: Life Orb\n|move|p1a: Dusknoir|Poltergeist|p2a: Ludicolo\n|-activate|p2a: Ludicolo|move: Poltergeist|Life Orb\n|-damage|p2a: Ludicolo|0 fnt\n|faint|p2a: Ludicolo\n|\n|-heal|p1a: Dusknoir|57/225|[from] item: Leftovers\n|upkeep\n|\n|t:|1783569325\n|switch|p2a: Tinkaton|Tinkaton, L82, F|47/100\n|-ability|p2a: Tinkaton|Mold Breaker\n|turn|13\n|inactive|Time left: 300 sec this turn | 300 sec total\n|\n|t:|1783569326\n|move|p2a: Tinkaton|Gigaton Hammer|p1a: Dusknoir\n|-damage|p1a: Dusknoir|0 fnt\n|faint|p1a: Dusknoir\n|\n|-heal|p2a: Tinkaton|53/100|[from] item: Leftovers\n|upkeep\n|inactive|Time left: 300 sec this turn | 300 sec total | 5 sec grace\n|\n|t:|1783569327\n|switch|p1a: Passimian|Passimian, L83, F|302/302\n|turn|14\n|inactive|Time left: 300 sec this turn | 300 sec total\n|\n|t:|1783569328\n|move|p2a: Tinkaton|Swords Dance|p2a: Tinkaton\n|-boost|p2a: Tinkaton|atk|2\n|move|p1a: Passimian|Earthquake|p2a: Tinkaton\n|-supereffective|p2a: Tinkaton\n|-damage|p2a: Tinkaton|0 fnt\n|faint|p2a: Tinkaton\n|\n|upkeep\n|\n|t:|1783569329\n|switch|p2a: Rabsca|Rabsca, L91, M|100/100\n|turn|15\n|inactive|Time left: 300 sec this turn | 300 sec total\n|\n|t:|1783569330\n|switch|p1a: Clefable|Clefable, L83, F|293/293\n|move|p2a: Rabsca|Psychic|p1a: Clefable\n|-damage|p1a: Clefable|166/293\n|\n|-heal|p1a: Clefable|184/293|[from] item: Leftovers\n|upkeep\n|turn|16\n|inactive|Time left: 300 sec this turn | 300 sec total\n|\n|t:|1783569331\n|move|p1a: Clefable|Moonlight|p1a: Clefable\n|-heal|p1a: Clefable|293/293\n|move|p2a: Rabsca|Psychic|p1a: Clefable\n|-damage|p1a: Clefable|173/293\n|\n|-heal|p1a: Clefable|191/293|[from] item: Leftovers\n|upkeep\n|turn|17\n|inactive|Time left: 300 sec this turn | 300 sec total\n|\n|t:|1783569332\n|move|p1a: Clefable|Thunder Wave|p2a: Rabsca\n|-status|p2a: Rabsca|par\n|-activate|p2a: Rabsca|ability: Synchronize\n|-status|p1a: Clefable|par\n|move|p2a: Rabsca|Psychic|p1a: Clefable\n|-damage|p1a: Clefable|53/293 par\n|\n|-heal|p1a: Clefable|71/293 par|[from] item: Leftovers\n|upkeep\n|turn|18\n|inactive|Time left: 300 sec this turn | 300 sec total\n|\n|t:|1783569333\n|move|p1a: Clefable|Moonlight|p1a: Clefable\n|-heal|p1a: Clefable|217/293 par\n|move|p2a: Rabsca|Earth Power|p1a: Clefable\n|-damage|p1a: Clefable|129/293 par\n|\n|-heal|p1a: Clefable|147/293 par|[from] item: Leftovers\n|upkeep\n|turn|19\n|inactive|Time left: 300 sec this turn | 300 sec total\n|\n|t:|1783569334\n|cant|p1a: Clefable|par\n|move|p2a: Rabsca|Psychic|p1a: Clefable\n|-damage|p1a: Clefable|12/293 par\n|\n|-heal|p1a: Clefable|30/293 par|[from] item: Leftovers\n|upkeep\n|turn|20\n|inactive|Time left: 300 sec this turn | 300 sec total\n|\n|t:|1783569336\n|move|p1a: Clefable|Moonlight|p1a: Clefable\n|-heal|p1a: Clefable|176/293 par\n|move|p2a: Rabsca|Psychic|p1a: Clefable\n|-damage|p1a: Clefable|56/293 par\n|\n|-heal|p1a: Clefable|74/293 par|[from] item: Leftovers\n|upkeep\n|turn|21\n|inactive|Time left: 300 sec this turn | 300 sec total\n|\n|t:|1783569337\n|cant|p1a: Clefable|par\n|move|p2a: Rabsca|Earth Power|p1a: Clefable\n|-damage|p1a: Clefable|0 fnt\n|faint|p1a: Clefable\n|\n|upkeep\n|inactive|Time left: 300 sec this turn | 300 sec total | 5 sec grace\n|\n|t:|1783569337\n|switch|p1a: Whiscash|Whiscash, L88, F|177/337\n|turn|22\n|inactive|Time left: 300 sec this turn | 300 sec total\n|\n|t:|1783569338\n|move|p1a: Whiscash|Ice Beam|p2a: Rabsca\n|-damage|p2a: Rabsca|84/100 par\n|move|p2a: Rabsca|Psychic|p1a: Whiscash\n|-damage|p1a: Whiscash|21/337\n|\n|-heal|p1a: Whiscash|42/337|[from] item: Leftovers\n|upkeep\n|turn|23\n|inactive|Time left: 300 sec this turn | 300 sec total\n|\n|t:|1783569339\n|move|p1a: Whiscash|Earthquake|p2a: Rabsca\n|-resisted|p2a: Rabsca\n|-damage|p2a: Rabsca|66/100 par\n|move|p2a: Rabsca|Bug Buzz|p1a: Whiscash\n|-damage|p1a: Whiscash|0 fnt\n|faint|p1a: Whiscash\n|\n|upkeep\n|inactive|Time left: 300 sec this turn | 300 sec total | 5 sec grace\n|\n|t:|1783569340\n|switch|p1a: Passimian|Passimian, L83, F|302/302\n|turn|24\n|inactive|Time left: 300 sec this turn | 300 sec total\n|\n|t:|1783569341\n|move|p1a: Passimian|Knock Off|p2a: Rabsca\n|-supereffective|p2a: Rabsca\n|-damage|p2a: Rabsca|0 fnt\n|-enditem|p2a: Rabsca|Heavy-Duty Boots|[from] move: Knock Off|[of] p1a: Passimian\n|faint|p2a: Rabsca\n|\n|upkeep\n|\n|t:|1783569342\n|switch|p2a: Skeledirge|Skeledirge, L79, F|100/100\n|turn|25\n|inactive|Time left: 300 sec this turn | 300 sec total\n|\n|t:|1783569343\n|-terastallize|p2a: Skeledirge|Fairy\n|move|p1a: Passimian|Knock Off|p2a: Skeledirge\n|-resisted|p2a: Skeledirge\n|-damage|p2a: Skeledirge|81/100\n|-enditem|p2a: Skeledirge|Heavy-Duty Boots|[from] move: Knock Off|[of] p1a: Passimian\n|move|p2a: Skeledirge|Torch Song|p1a: Passimian\n|-crit|p1a: Passimian\n|-damage|p1a: Passimian|148/302\n|-boost|p2a: Skeledirge|spa|1\n|\n|upkeep\n|turn|26\n|inactive|Time left: 300 sec this turn | 300 sec total\n|\n|t:|1783569344\n|-terastallize|p1a: Passimian|Poison\n|move|p1a: Passimian|Knock Off|p2a: Skeledirge\n|-resisted|p2a: Skeledirge\n|-damage|p2a: Skeledirge|68/100\n|move|p2a: Skeledirge|Shadow Ball|p1a: Passimian\n|-damage|p1a: Passimian|0 fnt\n|faint|p1a: Passimian\n|\n|win|p0y26246c2d", "uploadtime": 1783569344, "views": 0, "rating": 0, "private": 0, "password": null, "_winner": "p0y26246c2d", "_our_name": "p0x26243d4d"}