{"id": "battle-gen9randombattle-188", "formatid": "gen9randombattle", "format": "[Gen 9] Random Battle", "players": ["p0x1886058", "p0y188a108"], "log": "|init|battle\n|title|p0x1886058 vs. p0y188a108\n|j|\u2606p0x1886058\n|j|\u2606p0y188a108\n|t:|1783535946\n|gametype|singles\n|player|p1|p0x1886058|265|\n|player|p2|p0y188a108|266|\n|gen|9\n|tier|[Gen 9] Random Battle\n|rule|Species Clause: Limit one of each Pok\u00e9mon\n|rule|HP Percentage Mod: HP is shown in percentages\n|rule|Sleep Clause Mod: Limit one foe put to sleep\n|rule|Illusion Level Mod: Illusion disguises the Pok\u00e9mon's true level\n|\n|t:|1783535946\n|teamsize|p1|6\n|teamsize|p2|6\n|start\n|switch|p1a: Camerupt|Camerupt, L91, F|275/275\n|switch|p2a: Morpeko|Morpeko, L88, F|100/100\n|turn|1\n|inactive|Battle timer is ON: inactive players will automatically lose when time's up. (requested by p0x1886058)\n|inactive|p0y188a108 also wants the timer to be on.\n|\n|t:|1783535947\n|move|p2a: Morpeko|Parting Shot|p1a: Camerupt\n|-unboost|p1a: Camerupt|atk|1\n|-unboost|p1a: Camerupt|spa|1\n|\n|t:|1783535948\n|switch|p2a: Alcremie|Alcremie-Lemon-Cream, L90, F|100/100|[from] Parting Shot\n|move|p1a: Camerupt|Earthquake|p2a: Alcremie\n|-damage|p2a: Alcremie|65/100\n|\n|-heal|p2a: Alcremie|71/100|[from] item: Leftovers\n|upkeep\n|turn|2\n|inactive|Time left: 300 sec this turn | 300 sec total\n|\n|t:|1783535950\n|switch|p1a: Stantler|Stantler, L92, F|284/284\n|-ability|p1a: Stantler|Intimidate|boost\n|-unboost|p2a: Alcremie|atk|1\n|move|p2a: Alcremie|Calm Mind|p2a: Alcremie\n|-boost|p2a: Alcremie|spa|1\n|-boost|p2a: Alcremie|spd|1\n|\n|-heal|p2a: Alcremie|77/100|[from] item: Leftovers\n|upkeep\n|turn|3\n|inactive|Time left: 300 sec this turn | 300 sec total\n|\n|t:|1783535951\n|move|p1a: Stantler|Body Slam|p2a: Alcremie\n|-damage|p2a: Alcremie|32/100\n|-status|p2a: Alcremie|par\n|cant|p2a: Alcremie|par\n|\n|-heal|p2a: Alcremie|39/100 par|[from] item: Leftovers\n|upkeep\n|turn|4\n|inactive|Time left: 300 sec this turn | 300 sec total\n|\n|t:|1783535952\n|-terastallize|p2a: Alcremie|Steel\n|move|p1a: Stantler|Body Slam|p2a: Alcremie\n|-resisted|p2a: Alcremie\n|-damage|p2a: Alcremie|18/100 par\n|move|p2a: Alcremie|Alluring Voice|p1a: Stantler\n|-damage|p1a: Stantler|155/284\n|\n|-heal|p2a: Alcremie|24/100 par|[from] item: Leftovers\n|upkeep\n|turn|5\n|inactive|Time left: 300 sec this turn | 300 sec total\n|\n|t:|1783535953\n|move|p1a: Stantler|Earthquake|p2a: Alcremie\n|-supereffective|p2a: Alcremie\n|-damage|p2a: Alcremie|0 fnt\n|faint|p2a: Alcremie\n|\n|upkeep\n|\n|t:|1783535953\n|switch|p2a: Regidrago|Regidrago, L77|100/100\n|turn|6\n|inactive|Time left: 300 sec this turn | 300 sec total\n|\n|t:|1783535954\n|move|p2a: Regidrago|Outrage|p1a: Stantler\n|-damage|p1a: Stantler|23/284\n|move|p1a: Stantler|Body Slam|p2a: Regidrago\n|-damage|p2a: Regidrago|64/100\n|\n|upkeep\n|turn|7\n|inactive|Time left: 300 sec this turn | 300 sec total\n|\n|t:|1783535955\n|switch|p1a: Skeledirge|Skeledirge, L79, M|294/294\n|move|p2a: Regidrago|Outrage|p1a: Skeledirge|[from] lockedmove\n|-damage|p1a: Skeledirge|138/294\n|-start|p2a: Regidrago|confusion|[fatigue]\n|\n|upkeep\n|turn|8\n|inactive|Time left: 300 sec this turn | 300 sec total\n|\n|t:|1783535956\n|-terastallize|p1a: Skeledirge|Fairy\n|-activate|p2a: Regidrago|confusion\n|-damage|p2a: Regidrago|55/100|[from] confusion\n|move|p1a: Skeledirge|Slack Off|p1a: Skeledirge\n|-heal|p1a: Skeledirge|285/294\n|\n|upkeep\n|turn|9\n|inactive|Time left: 300 sec this turn | 300 sec total\n|\n|t:|1783535957\n|switch|p2a: Morpeko|Morpeko, L88, F|100/100\n|move|p1a: Skeledirge|Torch Song|p2a: Morpeko\n|-damage|p2a: Morpeko|55/100\n|-boost|p1a: Skeledirge|spa|1\n|\n|-formechange|p2a: Morpeko|Morpeko-Hangry||[from] ability: Hunger Switch\n|upkeep\n|turn|10\n|inactive|Time left: 300 sec this turn | 300 sec total\n|\n|t:|1783535958\n|move|p2a: Morpeko|Protect|p2a: Morpeko\n|-singleturn|p2a: Morpeko|Protect\n|move|p1a: Skeledirge|Torch Song|p2a: Morpeko\n|-activate|p2a: Morpeko|move: Protect\n|\n|-formechange|p2a: Morpeko|Morpeko||[from] ability: Hunger Switch\n|upkeep\n|turn|11\n|inactive|Time left: 300 sec this turn | 300 sec total\n|\n|t:|1783535959\n|move|p2a: Morpeko|Aura Wheel|p1a: Skeledirge\n|-damage|p1a: Skeledirge|167/294\n|-boost|p2a: Morpeko|spe|1\n|move|p1a: Skeledirge|Torch Song|p2a: Morpeko\n|-damage|p2a: Morpeko|0 fnt\n|-boost|p1a: Skeledirge|spa|1\n|faint|p2a: Morpeko\n|\n|upkeep\n|\n|t:|1783535960\n|switch|p2a: Maushold|Maushold-Four, L76|100/100\n|turn|12\n|inactive|Time left: 300 sec this turn | 300 sec total\n|\n|t:|1783535961\n|switch|p1a: Stantler|Stantler, L92, F|23/284\n|-ability|p1a: Stantler|Intimidate|boost\n|-unboost|p2a: Maushold|atk|1\n|move|p2a: Maushold|Population Bomb|p1a: Stantler\n|-damage|p1a: Stantler|8/284\n|-damage|p1a: Stantler|0 fnt\n|faint|p1a: Stantler\n|-hitcount|p1: Stantler|2\n|\n|upkeep\n|inactive|Time left: 300 sec this turn | 300 sec total | 5 sec grace\n|\n|t:|1783535961\n|switch|p1a: Chien-Pao|Chien-Pao, L72|234/234\n|-ability|p1a: Chien-Pao|Sword of Ruin\n|turn|13\n|inactive|Time left: 300 sec this turn | 300 sec total\n|\n|t:|1783535962\n|move|p1a: Chien-Pao|Icicle Crash|p2a: Maushold\n|-damage|p2a: Maushold|21/100\n|move|p2a: Maushold|Population Bomb|p1a: Chien-Pao\n|-damage|p1a: Chien-Pao|216/234\n|-damage|p1a: Chien-Pao|198/234\n|-damage|p1a: Chien-Pao|180/234\n|-damage|p1a: Chien-Pao|162/234\n|-damage|p1a: Chien-Pao|141/234\n|-damage|p1a: Chien-Pao|122/234\n|-damage|p1a: Chien-Pao|103/234\n|-damage|p1a: Chien-Pao|84/234\n|-damage|p1a: Chien-Pao|63/234\n|-damage|p1a: Chien-Pao|45/234\n|-hitcount|p1a: Chien-Pao|10\n|\n|upkeep\n|turn|14\n|inactive|Time left: 300 sec this turn | 300 sec total\n|\n|t:|1783535963\n|move|p1a: Chien-Pao|Icicle Crash|p2a: Maushold\n|-damage|p2a: Maushold|0 fnt\n|faint|p2a: Maushold\n|\n|upkeep\n|\n|t:|1783535964\n|switch|p2a: Regidrago|Regidrago, L77|55/100\n|turn|15\n|inactive|Time left: 300 sec this turn | 300 sec total\n|\n|t:|1783535965\n|switch|p1a: Skeledirge|Skeledirge, L79, M, tera:Fairy|167/294\n|move|p2a: Regidrago|Earthquake|p1a: Skeledirge\n|-damage|p1a: Skeledirge|107/294\n|\n|upkeep\n|turn|16\n|inactive|Time left: 300 sec this turn | 300 sec total\n|\n|t:|1783535966\n|move|p2a: Regidrago|Earthquake|p1a: Skeledirge\n|-damage|p1a: Skeledirge|47/294\n|move|p1a: Skeledirge|Slack Off|p1a: Skeledirge\n|-heal|p1a: Skeledirge|194/294\n|\n|upkeep\n|turn|17\n|inactive|Time left: 300 sec this turn | 300 sec total\n|\n|t:|1783535967\n|move|p2a: Regidrago|Earthquake|p1a: Skeledirge\n|-damage|p1a: Skeledirge|132/294\n|move|p1a: Skeledirge|Torch Song|p2a: Regidrago\n|-resisted|p2a: Regidrago\n|-damage|p2a: Regidrago|39/100\n|-boost|p1a: Skeledirge|spa|1\n|\n|upkeep\n|turn|18\n|inactive|Time left: 300 sec this turn | 300 sec total\n|\n|t:|1783535968\n|switch|p2a: Shaymin|Shaymin, L82|100/100\n|move|p1a: Skeledirge|Slack Off|p1a: Skeledirge\n|-heal|p1a: Skeledirge|279/294\n|\n|upkeep\n|turn|19\n|inactive|Time left: 300 sec this turn | 300 sec total\n|\n|t:|1783535969\n|move|p2a: Shaymin|Seed Flare|p1a: Skeledirge|[miss]\n|-miss|p2a: Shaymin|p1a: Skeledirge\n|move|p1a: Skeledirge|Torch Song|p2a: Shaymin\n|-supereffective|p2a: Shaymin\n|-damage|p2a: Shaymin|22/100\n|-boost|p1a: Skeledirge|spa|1\n|\n|-heal|p2a: Shaymin|28/100|[from] item: Leftovers\n|upkeep\n|turn|20\n|inactive|Time left: 300 sec this turn | 300 sec total\n|\n|t:|1783535970\n|move|p2a: Shaymin|Seed Flare|p1a: Skeledirge\n|-damage|p1a: Skeledirge|134/294\n|move|p1a: Skeledirge|Torch Song|p2a: Shaymin\n|-supereffective|p2a: Shaymin\n|-damage|p2a: Shaymin|0 fnt\n|-boost|p1a: Skeledirge|spa|1\n|faint|p2a: Shaymin\n|\n|upkeep\n|\n|t:|1783535971\n|switch|p2a: Regidrago|Regidrago, L77|39/100\n|turn|21\n|inactive|Time left: 300 sec this turn | 300 sec total\n|\n|t:|1783535972\n|move|p2a: Regidrago|Earthquake|p1a: Skeledirge\n|-damage|p1a: Skeledirge|80/294\n|move|p1a: Skeledirge|Slack Off|p1a: Skeledirge\n|-heal|p1a: Skeledirge|227/294\n|\n|upkeep\n|turn|22\n|inactive|Time left: 300 sec this turn | 300 sec total\n|\n|t:|1783535973\n|move|p2a: Regidrago|Earthquake|p1a: Skeledirge\n|-damage|p1a: Skeledirge|167/294\n|move|p1a: Skeledirge|Shadow Ball|p2a: Regidrago\n|-damage|p2a: Regidrago|0 fnt\n|faint|p2a: Regidrago\n|\n|upkeep\n|\n|t:|1783535974\n|switch|p2a: Leavanny|Leavanny, L86, M|100/100\n|turn|23\n|inactive|Time left: 300 sec this turn | 300 sec total\n|\n|t:|1783535975\n|move|p2a: Leavanny|Lunge|p1a: Skeledirge\n|-resisted|p1a: Skeledirge\n|-crit|p1a: Skeledirge\n|-damage|p1a: Skeledirge|104/294\n|-unboost|p1a: Skeledirge|atk|1\n|move|p1a: Skeledirge|Torch Song|p2a: Leavanny\n|-supereffective|p2a: Leavanny\n|-damage|p2a: Leavanny|0 fnt\n|-boost|p1a: Skeledirge|spa|1\n|faint|p2a: Leavanny\n|\n|win|p0x1886058", "uploadtime": 1783535975, "views": 0, "rating": 0, "private": 0, "password": null, "_winner": "p0x1886058", "_our_name": "p0x1886058"}