{"id": "battle-gen9randombattle-956", "formatid": "gen9randombattle", "format": "[Gen 9] Random Battle", "players": ["p0x9560fbf", "p0y95616ca"], "log": "|init|battle\n|title|p0x9560fbf vs. p0y95616ca\n|j|\u2606p0x9560fbf\n|j|\u2606p0y95616ca\n|t:|1783550953\n|gametype|singles\n|player|p1|p0x9560fbf|2|\n|player|p2|p0y95616ca|266|\n|gen|9\n|tier|[Gen 9] Random Battle\n|rule|Species Clause: Limit one of each Pok\u00e9mon\n|rule|HP Percentage Mod: HP is shown in percentages\n|rule|Sleep Clause Mod: Limit one foe put to sleep\n|rule|Illusion Level Mod: Illusion disguises the Pok\u00e9mon's true level\n|\n|t:|1783550953\n|teamsize|p1|6\n|teamsize|p2|6\n|start\n|switch|p1a: Ariados|Ariados, L95, M|287/287\n|switch|p2a: Swampert|Swampert, L83, M|100/100\n|turn|1\n|inactive|Battle timer is ON: inactive players will automatically lose when time's up. (requested by p0y95616ca)\n|inactive|Time left: 300 sec this turn | 300 sec total | 60 sec grace\n|\n|t:|1783550955\n|move|p2a: Swampert|Flip Turn|p1a: Ariados\n|-damage|p1a: Ariados|218/287\n|inactive|p0x9560fbf also wants the timer to be on.\n|\n|t:|1783550956\n|switch|p2a: Volcanion|Volcanion, L79|100/100|[from] Flip Turn\n|move|p1a: Ariados|Sticky Web|p2a: Volcanion\n|-sidestart|p2: p0y95616ca|move: Sticky Web\n|\n|upkeep\n|turn|2\n|inactive|Time left: 300 sec this turn | 300 sec total\n|\n|t:|1783550958\n|move|p2a: Volcanion|Steam Eruption|p1a: Ariados\n|-damage|p1a: Ariados|82/287\n|move|p1a: Ariados|Knock Off|p2a: Volcanion\n|-damage|p2a: Volcanion|73/100\n|-enditem|p2a: Volcanion|Assault Vest|[from] move: Knock Off|[of] p1a: Ariados\n|\n|upkeep\n|turn|3\n|inactive|Time left: 300 sec this turn | 300 sec total\n|\n|t:|1783550959\n|switch|p1a: Grafaiai|Grafaiai, L86, M|249/249\n|move|p2a: Volcanion|Flame Charge|p1a: Grafaiai\n|-damage|p1a: Grafaiai|191/249\n|-boost|p2a: Volcanion|spe|1\n|\n|upkeep\n|turn|4\n|inactive|Time left: 300 sec this turn | 300 sec total\n|\n|t:|1783550960\n|move|p1a: Grafaiai|Parting Shot|p2a: Volcanion\n|-unboost|p2a: Volcanion|atk|1\n|-unboost|p2a: Volcanion|spa|1\n|inactive|Time left: 300 sec this turn | 300 sec total | 5 sec grace\n|\n|t:|1783550961\n|switch|p1a: Spectrier|Spectrier, L75|274/274|[from] Parting Shot\n|move|p2a: Volcanion|Steam Eruption|p1a: Spectrier|[miss]\n|-miss|p2a: Volcanion|p1a: Spectrier\n|\n|upkeep\n|turn|5\n|inactive|Time left: 300 sec this turn | 300 sec total\n|\n|t:|1783550962\n|move|p1a: Spectrier|Shadow Ball|p2a: Volcanion\n|-damage|p2a: Volcanion|26/100\n|-damage|p1a: Spectrier|247/274|[from] item: Life Orb\n|move|p2a: Volcanion|Steam Eruption|p1a: Spectrier\n|-damage|p1a: Spectrier|153/274\n|\n|upkeep\n|turn|6\n|inactive|Time left: 300 sec this turn | 300 sec total\n|\n|t:|1783550964\n|move|p1a: Spectrier|Shadow Ball|p2a: Volcanion\n|-damage|p2a: Volcanion|0 fnt\n|faint|p2a: Volcanion\n|-ability|p1a: Spectrier|Grim Neigh|boost\n|-boost|p1a: Spectrier|spa|1\n|-damage|p1a: Spectrier|126/274|[from] item: Life Orb\n|\n|upkeep\n|\n|t:|1783550964\n|switch|p2a: Piloswine|Piloswine, L85, M|100/100\n|-activate|p2a: Piloswine|move: Sticky Web\n|-unboost|p2a: Piloswine|spe|1\n|turn|7\n|inactive|Time left: 300 sec this turn | 300 sec total\n|\n|t:|1783550965\n|move|p1a: Spectrier|Will-O-Wisp|p2a: Piloswine\n|-status|p2a: Piloswine|brn\n|move|p2a: Piloswine|Earthquake|p1a: Spectrier\n|-damage|p1a: Spectrier|48/274\n|\n|-damage|p2a: Piloswine|94/100 brn|[from] brn\n|upkeep\n|turn|8\n|inactive|Time left: 300 sec this turn | 300 sec total\n|\n|t:|1783550966\n|switch|p1a: Rhyperior|Rhyperior, L82, M|323/323\n|move|p2a: Piloswine|Earthquake|p1a: Rhyperior\n|-supereffective|p1a: Rhyperior\n|-damage|p1a: Rhyperior|260/323\n|-enditem|p1a: Rhyperior|Weakness Policy\n|-boost|p1a: Rhyperior|atk|2|[from] item: Weakness Policy\n|-boost|p1a: Rhyperior|spa|2|[from] item: Weakness Policy\n|\n|-damage|p2a: Piloswine|88/100 brn|[from] brn\n|upkeep\n|turn|9\n|inactive|Time left: 300 sec this turn | 300 sec total\n|\n|t:|1783550967\n|move|p1a: Rhyperior|Rock Polish|p1a: Rhyperior\n|-boost|p1a: Rhyperior|spe|2\n|move|p2a: Piloswine|Roar|p1a: Rhyperior\n|drag|p1a: Grafaiai|Grafaiai, L86, M|191/249\n|\n|-damage|p2a: Piloswine|82/100 brn|[from] brn\n|upkeep\n|turn|10\n|inactive|Time left: 300 sec this turn | 300 sec total\n|\n|t:|1783550968\n|move|p1a: Grafaiai|Parting Shot|p2a: Piloswine\n|-unboost|p2a: Piloswine|atk|1\n|-unboost|p2a: Piloswine|spa|1\n|inactive|Time left: 300 sec this turn | 300 sec total | 5 sec grace\n|\n|t:|1783550969\n|switch|p1a: Rhyperior|Rhyperior, L82, M|260/323|[from] Parting Shot\n|move|p2a: Piloswine|Stealth Rock|p1a: Rhyperior\n|-sidestart|p1: p0x9560fbf|move: Stealth Rock\n|\n|-damage|p2a: Piloswine|76/100 brn|[from] brn\n|upkeep\n|turn|11\n|inactive|Time left: 300 sec this turn | 300 sec total\n|\n|t:|1783550970\n|switch|p2a: Swampert|Swampert, L83, M|100/100\n|-activate|p2a: Swampert|move: Sticky Web\n|-unboost|p2a: Swampert|spe|1\n|move|p1a: Rhyperior|Stone Edge|p2a: Swampert\n|-resisted|p2a: Swampert\n|-damage|p2a: Swampert|80/100\n|\n|-heal|p2a: Swampert|86/100|[from] item: Leftovers\n|upkeep\n|turn|12\n|inactive|Time left: 300 sec this turn | 300 sec total\n|\n|t:|1783550972\n|move|p1a: Rhyperior|Earthquake|p2a: Swampert\n|-damage|p2a: Swampert|40/100\n|move|p2a: Swampert|Ice Beam|p1a: Rhyperior\n|-supereffective|p1a: Rhyperior\n|-damage|p1a: Rhyperior|128/323\n|\n|-heal|p2a: Swampert|46/100|[from] item: Leftovers\n|upkeep\n|turn|13\n|inactive|Time left: 300 sec this turn | 300 sec total\n|\n|t:|1783550973\n|move|p1a: Rhyperior|Earthquake|p2a: Swampert\n|-damage|p2a: Swampert|2/100\n|move|p2a: Swampert|Earthquake|p1a: Rhyperior\n|-supereffective|p1a: Rhyperior\n|-damage|p1a: Rhyperior|7/323\n|\n|-heal|p2a: Swampert|8/100|[from] item: Leftovers\n|upkeep\n|turn|14\n|inactive|Time left: 300 sec this turn | 300 sec total\n|\n|t:|1783550974\n|move|p1a: Rhyperior|Earthquake|p2a: Swampert\n|-crit|p2a: Swampert\n|-damage|p2a: Swampert|0 fnt\n|faint|p2a: Swampert\n|\n|upkeep\n|\n|t:|1783550975\n|switch|p2a: Kricketune|Kricketune, L99, F|100/100\n|turn|15\n|inactive|Time left: 300 sec this turn | 300 sec total\n|\n|t:|1783550976\n|move|p2a: Kricketune|Knock Off|p1a: Rhyperior\n|-damage|p1a: Rhyperior|0 fnt\n|faint|p1a: Rhyperior\n|\n|upkeep\n|inactive|Time left: 300 sec this turn | 300 sec total | 5 sec grace\n|\n|t:|1783550976\n|switch|p1a: Grafaiai|Grafaiai, L86, M|191/249\n|turn|16\n|inactive|Time left: 300 sec this turn | 300 sec total\n|\n|t:|1783550977\n|move|p1a: Grafaiai|Knock Off|p2a: Kricketune\n|-damage|p2a: Kricketune|70/100\n|-enditem|p2a: Kricketune|Heavy-Duty Boots|[from] move: Knock Off|[of] p1a: Grafaiai\n|move|p2a: Kricketune|Sticky Web|p1a: Grafaiai\n|-sidestart|p1: p0x9560fbf|move: Sticky Web\n|\n|upkeep\n|turn|17\n|inactive|Time left: 300 sec this turn | 300 sec total\n|\n|t:|1783550979\n|move|p1a: Grafaiai|Encore|p2a: Kricketune\n|-start|p2a: Kricketune|Encore\n|move|p2a: Kricketune|Sticky Web||[still]\n|-fail|p2a: Kricketune\n|\n|upkeep\n|turn|18\n|inactive|Time left: 300 sec this turn | 300 sec total\n|\n|t:|1783550980\n|switch|p2a: Iron Thorns|Iron Thorns, L83|100/100\n|-activate|p2a: Iron Thorns|move: Sticky Web\n|-unboost|p2a: Iron Thorns|spe|1\n|-enditem|p2a: Iron Thorns|Booster Energy\n|-activate|p2a: Iron Thorns|ability: Quark Drive|[fromitem]\n|-start|p2a: Iron Thorns|quarkdriveatk\n|move|p1a: Grafaiai|Gunk Shot|p2a: Iron Thorns|[miss]\n|-miss|p1a: Grafaiai|p2a: Iron Thorns\n|\n|upkeep\n|turn|19\n|inactive|Time left: 300 sec this turn | 300 sec total\n|\n|t:|1783550981\n|move|p1a: Grafaiai|Parting Shot|p2a: Iron Thorns\n|-unboost|p2a: Iron Thorns|atk|1\n|-unboost|p2a: Iron Thorns|spa|1\n|inactive|Time left: 300 sec this turn | 300 sec total | 5 sec grace\n|\n|t:|1783550982\n|switch|p1a: Spectrier|Spectrier, L75|48/274|[from] Parting Shot\n|-damage|p1a: Spectrier|14/274|[from] Stealth Rock\n|-activate|p1a: Spectrier|move: Sticky Web\n|-unboost|p1a: Spectrier|spe|1\n|move|p2a: Iron Thorns|Dragon Dance|p2a: Iron Thorns\n|-boost|p2a: Iron Thorns|atk|1\n|-boost|p2a: Iron Thorns|spe|1\n|\n|upkeep\n|turn|20\n|inactive|Time left: 300 sec this turn | 300 sec total\n|\n|t:|1783550983\n|move|p2a: Iron Thorns|Wild Charge|p1a: Spectrier\n|-damage|p1a: Spectrier|0 fnt\n|faint|p1a: Spectrier\n|-damage|p2a: Iron Thorns|99/100|[from] Recoil\n|\n|upkeep\n|inactive|Time left: 300 sec this turn | 300 sec total | 5 sec grace\n|\n|t:|1783550984\n|switch|p1a: Zarude|Zarude, L77|288/288\n|-damage|p1a: Zarude|252/288|[from] Stealth Rock\n|-activate|p1a: Zarude|move: Sticky Web\n|-unboost|p1a: Zarude|spe|1\n|turn|21\n|inactive|Time left: 300 sec this turn | 300 sec total\n|\n|t:|1783550985\n|move|p1a: Zarude|Power Whip|p2a: Iron Thorns\n|-supereffective|p2a: Iron Thorns\n|-damage|p2a: Iron Thorns|23/100\n|move|p2a: Iron Thorns|Ice Punch|p1a: Zarude\n|-supereffective|p1a: Zarude\n|-damage|p1a: Zarude|92/288\n|\n|upkeep\n|turn|22\n|inactive|Time left: 300 sec this turn | 300 sec total\n|\n|t:|1783550986\n|-terastallize|p2a: Iron Thorns|Grass\n|move|p1a: Zarude|Power Whip|p2a: Iron Thorns\n|-resisted|p2a: Iron Thorns\n|-damage|p2a: Iron Thorns|4/100\n|move|p2a: Iron Thorns|Dragon Dance|p2a: Iron Thorns\n|-boost|p2a: Iron Thorns|atk|1\n|-boost|p2a: Iron Thorns|spe|1\n|\n|upkeep\n|turn|23\n|inactive|Time left: 300 sec this turn | 300 sec total\n|\n|t:|1783550988\n|move|p2a: Iron Thorns|Ice Punch|p1a: Zarude\n|-supereffective|p1a: Zarude\n|-damage|p1a: Zarude|0 fnt\n|faint|p1a: Zarude\n|\n|upkeep\n|inactive|Time left: 300 sec this turn | 300 sec total | 5 sec grace\n|\n|t:|1783550989\n|switch|p1a: Comfey|Comfey, L85, M|225/225\n|-damage|p1a: Comfey|197/225|[from] Stealth Rock\n|-activate|p1a: Comfey|move: Sticky Web\n|-unboost|p1a: Comfey|spe|1\n|turn|24\n|inactive|Time left: 300 sec this turn | 300 sec total\n|\n|t:|1783550990\n|move|p1a: Comfey|Giga Drain|p2a: Iron Thorns\n|-resisted|p2a: Iron Thorns\n|-damage|p2a: Iron Thorns|0 fnt\n|-heal|p1a: Comfey|202/225|[from] drain|[of] p2a: Iron Thorns\n|faint|p2a: Iron Thorns\n|-end|p2a: Iron Thorns|Quark Drive|[silent]\n|\n|-heal|p1a: Comfey|216/225|[from] item: Leftovers\n|upkeep\n|\n|t:|1783550991\n|switch|p2a: Gengar|Gengar, L81, M|100/100\n|-activate|p2a: Gengar|move: Sticky Web\n|-unboost|p2a: Gengar|spe|1\n|turn|25\n|inactive|Time left: 300 sec this turn | 300 sec total\n|\n|t:|1783550992\n|switch|p1a: Grafaiai|Grafaiai, L86, M|191/249\n|move|p2a: Gengar|Sludge Wave|p1a: Grafaiai\n|-resisted|p1a: Grafaiai\n|-damage|p1a: Grafaiai|107/249\n|-damage|p2a: Gengar|90/100|[from] item: Life Orb\n|\n|upkeep\n|turn|26\n|inactive|Time left: 300 sec this turn | 300 sec total\n|\n|t:|1783550993\n|switch|p2a: Piloswine|Piloswine, L85, M|76/100 brn\n|-activate|p2a: Piloswine|move: Sticky Web\n|-unboost|p2a: Piloswine|spe|1\n|move|p1a: Grafaiai|Knock Off|p2a: Piloswine\n|-damage|p2a: Piloswine|59/100 brn\n|-enditem|p2a: Piloswine|Eviolite|[from] move: Knock Off|[of] p1a: Grafaiai\n|\n|-damage|p2a: Piloswine|53/100 brn|[from] brn\n|upkeep\n|turn|27\n|inactive|Time left: 300 sec this turn | 300 sec total\n|\n|t:|1783550994\n|move|p1a: Grafaiai|Parting Shot|p2a: Piloswine\n|-unboost|p2a: Piloswine|atk|1\n|-unboost|p2a: Piloswine|spa|1\n|inactive|Time left: 300 sec this turn | 300 sec total | 5 sec grace\n|\n|t:|1783550995\n|switch|p1a: Comfey|Comfey, L85, M|216/225|[from] Parting Shot\n|-damage|p1a: Comfey|188/225|[from] Stealth Rock\n|-activate|p1a: Comfey|move: Sticky Web\n|-unboost|p1a: Comfey|spe|1\n|move|p2a: Piloswine|Earthquake|p1a: Comfey\n|-damage|p1a: Comfey|152/225\n|\n|-heal|p1a: Comfey|166/225|[from] item: Leftovers\n|-damage|p2a: Piloswine|46/100 brn|[from] brn\n|upkeep\n|turn|28\n|inactive|Time left: 300 sec this turn | 300 sec total\n|\n|t:|1783550996\n|switch|p2a: Gengar|Gengar, L81, M|90/100\n|-activate|p2a: Gengar|move: Sticky Web\n|-unboost|p2a: Gengar|spe|1\n|move|p1a: Comfey|Calm Mind|p1a: Comfey\n|-boost|p1a: Comfey|spa|1\n|-boost|p1a: Comfey|spd|1\n|\n|-heal|p1a: Comfey|180/225|[from] item: Leftovers\n|upkeep\n|turn|29\n|inactive|Time left: 300 sec this turn | 300 sec total\n|\n|t:|1783550997\n|-terastallize|p1a: Comfey|Steel\n|move|p2a: Gengar|Sludge Wave|p1a: Comfey\n|-immune|p1a: Comfey\n|move|p1a: Comfey|Stored Power|p2a: Gengar\n|-supereffective|p2a: Gengar\n|-damage|p2a: Gengar|31/100\n|-start|p1a: Comfey|Disable|Stored Power|[from] ability: Cursed Body|[of] p2a: Gengar\n|\n|-heal|p1a: Comfey|194/225|[from] item: Leftovers\n|upkeep\n|turn|30\n|inactive|Time left: 300 sec this turn | 300 sec total\n|\n|t:|1783550998\n|move|p2a: Gengar|Focus Blast|p1a: Comfey\n|-supereffective|p1a: Comfey\n|-damage|p1a: Comfey|61/225\n|-damage|p2a: Gengar|21/100|[from] item: Life Orb\n|move|p1a: Comfey|Calm Mind|p1a: Comfey\n|-boost|p1a: Comfey|spa|1\n|-boost|p1a: Comfey|spd|1\n|\n|-heal|p1a: Comfey|75/225|[from] item: Leftovers\n|upkeep\n|turn|31\n|inactive|Time left: 300 sec this turn | 300 sec total\n|\n|t:|1783550999\n|move|p1a: Comfey|Draining Kiss|p2a: Gengar\n|-resisted|p2a: Gengar\n|-damage|p2a: Gengar|0 fnt\n|-heal|p1a: Comfey|111/225|[from] drain|[of] p2a: Gengar\n|faint|p2a: Gengar\n|\n|-heal|p1a: Comfey|125/225|[from] item: Leftovers\n|upkeep\n|\n|t:|1783551000\n|switch|p2a: Kricketune|Kricketune, L99, F|70/100\n|-activate|p2a: Kricketune|move: Sticky Web\n|-unboost|p2a: Kricketune|spe|1\n|turn|32\n|inactive|Time left: 300 sec this turn | 300 sec total\n|\n|t:|1783551001\n|move|p1a: Comfey|Draining Kiss|p2a: Kricketune\n|-damage|p2a: Kricketune|32/100\n|-heal|p1a: Comfey|215/225|[from] drain|[of] p2a: Kricketune\n|move|p2a: Kricketune|Pounce|p1a: Comfey\n|-resisted|p1a: Comfey\n|-damage|p1a: Comfey|171/225\n|-unboost|p1a: Comfey|spe|1\n|\n|-heal|p1a: Comfey|185/225|[from] item: Leftovers\n|-end|p1a: Comfey|Disable\n|upkeep\n|turn|33\n|inactive|Time left: 300 sec this turn | 300 sec total\n|\n|t:|1783551002\n|switch|p2a: Piloswine|Piloswine, L85, M|46/100 brn\n|-activate|p2a: Piloswine|move: Sticky Web\n|-unboost|p2a: Piloswine|spe|1\n|move|p1a: Comfey|Stored Power|p2a: Piloswine\n|-damage|p2a: Piloswine|0 fnt\n|faint|p2a: Piloswine\n|\n|-heal|p1a: Comfey|199/225|[from] item: Leftovers\n|upkeep\n|\n|t:|1783551003\n|switch|p2a: Kricketune|Kricketune, L99, F|32/100\n|-activate|p2a: Kricketune|move: Sticky Web\n|-unboost|p2a: Kricketune|spe|1\n|turn|34\n|inactive|Time left: 300 sec this turn | 300 sec total\n|\n|t:|1783551004\n|move|p1a: Comfey|Draining Kiss|p2a: Kricketune\n|-damage|p2a: Kricketune|0 fnt\n|-heal|p1a: Comfey|225/225|[from] drain|[of] p2a: Kricketune\n|faint|p2a: Kricketune\n|\n|win|p0x9560fbf", "uploadtime": 1783551004, "views": 0, "rating": 0, "private": 0, "password": null, "_winner": "p0x9560fbf", "_our_name": "p0x9560fbf"}