{"id": "battle-gen9randombattle-2132", "formatid": "gen9randombattle", "format": "[Gen 9] Random Battle", "players": ["p0x213250fd", "p0y213281c1"], "log": "|init|battle\n|title|p0x213250fd vs. p0y213281c1\n|j|\u2606p0x213250fd\n|j|\u2606p0y213281c1\n|t:|1783563882\n|gametype|singles\n|player|p1|p0x213250fd|2|\n|player|p2|p0y213281c1|101|\n|gen|9\n|tier|[Gen 9] Random Battle\n|rule|Species Clause: Limit one of each Pok\u00e9mon\n|rule|HP Percentage Mod: HP is shown in percentages\n|rule|Sleep Clause Mod: Limit one foe put to sleep\n|rule|Illusion Level Mod: Illusion disguises the Pok\u00e9mon's true level\n|\n|t:|1783563882\n|teamsize|p1|6\n|teamsize|p2|6\n|start\n|switch|p1a: Medicham|Medicham, L86, M|243/243\n|switch|p2a: Porygon2|Porygon2, L81|100/100\n|-ability|p2a: Porygon2|Download|boost\n|-boost|p2a: Porygon2|spa|1\n|turn|1\n|inactive|Battle timer is ON: inactive players will automatically lose when time's up. (requested by p0x213250fd)\n|\n|t:|1783563883\n|-terastallize|p2a: Porygon2|Fairy\n|move|p1a: Medicham|Close Combat|p2a: Porygon2\n|-resisted|p2a: Porygon2\n|-damage|p2a: Porygon2|64/100\n|-unboost|p1a: Medicham|def|1\n|-unboost|p1a: Medicham|spd|1\n|move|p2a: Porygon2|Tera Blast|p1a: Medicham|[anim] Tera Blast Fairy\n|-supereffective|p1a: Medicham\n|-damage|p1a: Medicham|0 fnt\n|faint|p1a: Medicham\n|\n|upkeep\n|inactive|Time left: 300 sec this turn | 300 sec total | 65 sec grace\n|inactive|p0y213281c1 also wants the timer to be on.\n|\n|t:|1783563884\n|switch|p1a: Gholdengo|Gholdengo, L77|261/261\n|turn|2\n|inactive|Time left: 300 sec this turn | 300 sec total\n|\n|t:|1783563885\n|switch|p2a: Lurantis|Lurantis, L87, M|100/100\n|move|p1a: Gholdengo|Nasty Plot|p1a: Gholdengo\n|-boost|p1a: Gholdengo|spa|2\n|\n|upkeep\n|turn|3\n|inactive|Time left: 300 sec this turn | 300 sec total\n|\n|t:|1783563887\n|move|p1a: Gholdengo|Make It Rain|p2a: Lurantis\n|-damage|p2a: Lurantis|31/100\n|-unboost|p1a: Gholdengo|spa|1\n|move|p2a: Lurantis|Knock Off|p1a: Gholdengo\n|-supereffective|p1a: Gholdengo\n|-crit|p1a: Gholdengo\n|-damage|p1a: Gholdengo|17/261\n|-enditem|p1a: Gholdengo|Leftovers|[from] move: Knock Off|[of] p2a: Lurantis\n|\n|upkeep\n|turn|4\n|inactive|Time left: 300 sec this turn | 300 sec total\n|\n|t:|1783563888\n|switch|p2a: Toedscruel|Toedscruel, L87, M|100/100\n|move|p1a: Gholdengo|Shadow Ball|p2a: Toedscruel\n|-damage|p2a: Toedscruel|78/100\n|\n|upkeep\n|turn|5\n|inactive|Time left: 300 sec this turn | 300 sec total\n|\n|t:|1783563889\n|move|p2a: Toedscruel|Earth Power|p1a: Gholdengo\n|-supereffective|p1a: Gholdengo\n|-damage|p1a: Gholdengo|0 fnt\n|faint|p1a: Gholdengo\n|\n|upkeep\n|inactive|Time left: 300 sec this turn | 300 sec total | 5 sec grace\n|\n|t:|1783563890\n|switch|p1a: Ceruledge|Ceruledge, L78, M|245/245\n|turn|6\n|inactive|Time left: 300 sec this turn | 300 sec total\n|\n|t:|1783563891\n|switch|p2a: Squawkabilly|Squawkabilly-White, L89, F|100/100\n|move|p1a: Ceruledge|Bitter Blade|p2a: Squawkabilly\n|-damage|p2a: Squawkabilly|49/100\n|\n|upkeep\n|turn|7\n|inactive|Time left: 300 sec this turn | 300 sec total\n|\n|t:|1783563892\n|move|p2a: Squawkabilly|Brave Bird|p1a: Ceruledge\n|-damage|p1a: Ceruledge|0 fnt\n|faint|p1a: Ceruledge\n|-damage|p2a: Squawkabilly|21/100|[from] Recoil\n|\n|upkeep\n|inactive|Time left: 300 sec this turn | 300 sec total | 5 sec grace\n|\n|t:|1783563893\n|switch|p1a: Cobalion|Cobalion, L80|277/277\n|turn|8\n|inactive|Time left: 300 sec this turn | 300 sec total\n|\n|t:|1783563894\n|switch|p2a: Espathra|Espathra, L80, F|100/100\n|move|p1a: Cobalion|Swords Dance|p1a: Cobalion\n|-boost|p1a: Cobalion|atk|2\n|\n|upkeep\n|turn|9\n|inactive|Time left: 300 sec this turn | 300 sec total\n|\n|t:|1783563895\n|move|p1a: Cobalion|Iron Head|p2a: Espathra\n|-damage|p2a: Espathra|12/100\n|-damage|p1a: Cobalion|250/277|[from] item: Life Orb\n|cant|p2a: Espathra|flinch\n|\n|-heal|p2a: Espathra|18/100|[from] item: Leftovers\n|-ability|p2a: Espathra|Speed Boost|boost\n|-boost|p2a: Espathra|spe|1\n|upkeep\n|turn|10\n|inactive|Time left: 300 sec this turn | 300 sec total\n|\n|t:|1783563896\n|move|p2a: Espathra|Dazzling Gleam|p1a: Cobalion\n|-damage|p1a: Cobalion|184/277\n|move|p1a: Cobalion|Iron Head|p2a: Espathra\n|-damage|p2a: Espathra|0 fnt\n|faint|p2a: Espathra\n|-damage|p1a: Cobalion|157/277|[from] item: Life Orb\n|\n|upkeep\n|\n|t:|1783563897\n|switch|p2a: Toedscruel|Toedscruel, L87, M|78/100\n|turn|11\n|inactive|Time left: 300 sec this turn | 300 sec total\n|\n|t:|1783563898\n|-terastallize|p1a: Cobalion|Fighting\n|move|p2a: Toedscruel|Earth Power|p1a: Cobalion\n|-damage|p1a: Cobalion|46/277\n|move|p1a: Cobalion|Iron Head|p2a: Toedscruel\n|-damage|p2a: Toedscruel|0 fnt\n|faint|p2a: Toedscruel\n|-damage|p1a: Cobalion|19/277|[from] item: Life Orb\n|\n|upkeep\n|\n|t:|1783563899\n|switch|p2a: Squawkabilly|Squawkabilly-White, L89, F|21/100\n|turn|12\n|inactive|Time left: 300 sec this turn | 300 sec total\n|\n|t:|1783563900\n|move|p2a: Squawkabilly|Quick Attack|p1a: Cobalion\n|-damage|p1a: Cobalion|0 fnt\n|faint|p1a: Cobalion\n|\n|upkeep\n|inactive|Time left: 300 sec this turn | 300 sec total | 5 sec grace\n|\n|t:|1783563901\n|switch|p1a: Ting-Lu|Ting-Lu, L78|370/370\n|-ability|p1a: Ting-Lu|Vessel of Ruin\n|turn|13\n|inactive|Time left: 300 sec this turn | 300 sec total\n|\n|t:|1783563902\n|switch|p2a: Porygon2|Porygon2, L81, tera:Fairy|64/100\n|-ability|p2a: Porygon2|Download|boost\n|-boost|p2a: Porygon2|spa|1\n|move|p1a: Ting-Lu|Heavy Slam|p2a: Porygon2\n|-supereffective|p2a: Porygon2\n|-damage|p2a: Porygon2|21/100\n|\n|upkeep\n|turn|14\n|inactive|Time left: 300 sec this turn | 300 sec total\n|\n|t:|1783563903\n|move|p2a: Porygon2|Recover|p2a: Porygon2\n|-heal|p2a: Porygon2|71/100\n|move|p1a: Ting-Lu|Earthquake|p2a: Porygon2\n|-damage|p2a: Porygon2|44/100\n|\n|upkeep\n|turn|15\n|inactive|Time left: 300 sec this turn | 300 sec total\n|\n|t:|1783563903\n|move|p2a: Porygon2|Tera Blast|p1a: Ting-Lu|[anim] Tera Blast Fairy\n|-supereffective|p1a: Ting-Lu\n|-damage|p1a: Ting-Lu|154/370\n|move|p1a: Ting-Lu|Heavy Slam|p2a: Porygon2\n|-supereffective|p2a: Porygon2\n|-damage|p2a: Porygon2|3/100\n|\n|-heal|p1a: Ting-Lu|177/370|[from] item: Leftovers\n|upkeep\n|turn|16\n|inactive|Time left: 300 sec this turn | 300 sec total\n|\n|t:|1783563904\n|switch|p1a: Illumise|Illumise, L91, F|266/266\n|move|p2a: Porygon2|Tera Blast|p1a: Illumise|[anim] Tera Blast Fairy\n|-damage|p1a: Illumise|145/266\n|\n|upkeep\n|turn|17\n|inactive|Time left: 300 sec this turn | 300 sec total\n|\n|t:|1783563905\n|move|p1a: Illumise|Bug Buzz|p2a: Porygon2\n|-resisted|p2a: Porygon2\n|-damage|p2a: Porygon2|0 fnt\n|faint|p2a: Porygon2\n|\n|upkeep\n|\n|t:|1783563906\n|switch|p2a: Squawkabilly|Squawkabilly-White, L89, F|21/100\n|turn|18\n|inactive|Time left: 300 sec this turn | 300 sec total\n|\n|t:|1783563907\n|move|p1a: Illumise|Thunder Wave|p2a: Squawkabilly\n|-status|p2a: Squawkabilly|par\n|move|p2a: Squawkabilly|Double-Edge|p1a: Illumise\n|-damage|p1a: Illumise|0 fnt\n|faint|p1a: Illumise\n|-damage|p2a: Squawkabilly|5/100 par|[from] Recoil\n|\n|upkeep\n|inactive|Time left: 300 sec this turn | 300 sec total | 5 sec grace\n|\n|t:|1783563908\n|switch|p1a: Ting-Lu|Ting-Lu, L78|177/370\n|-ability|p1a: Ting-Lu|Vessel of Ruin\n|turn|19\n|inactive|Time left: 300 sec this turn | 300 sec total\n|\n|t:|1783563909\n|move|p1a: Ting-Lu|Earthquake|p2a: Squawkabilly\n|-immune|p2a: Squawkabilly\n|move|p2a: Squawkabilly|Double-Edge|p1a: Ting-Lu|[miss]\n|-miss|p2a: Squawkabilly|p1a: Ting-Lu\n|\n|-heal|p1a: Ting-Lu|200/370|[from] item: Leftovers\n|upkeep\n|turn|20\n|inactive|Time left: 300 sec this turn | 300 sec total\n|\n|t:|1783563910\n|move|p1a: Ting-Lu|Spikes|p2a: Squawkabilly\n|-sidestart|p2: p0y213281c1|Spikes\n|move|p2a: Squawkabilly|Double-Edge|p1a: Ting-Lu|[miss]\n|-miss|p2a: Squawkabilly|p1a: Ting-Lu\n|\n|-heal|p1a: Ting-Lu|223/370|[from] item: Leftovers\n|upkeep\n|turn|21\n|inactive|Time left: 300 sec this turn | 300 sec total\n|\n|t:|1783563911\n|move|p1a: Ting-Lu|Earthquake|p2a: Squawkabilly\n|-immune|p2a: Squawkabilly\n|move|p2a: Squawkabilly|Double-Edge|p1a: Ting-Lu\n|-crit|p1a: Ting-Lu\n|-damage|p1a: Ting-Lu|0 fnt\n|faint|p1a: Ting-Lu\n|-damage|p2a: Squawkabilly|0 fnt|[from] Recoil\n|faint|p2a: Squawkabilly\n|\n|win|p0y213281c1", "uploadtime": 1783563911, "views": 0, "rating": 0, "private": 0, "password": null, "_winner": "p0y213281c1", "_our_name": "p0x213250fd"}