{"id": "battle-gen9randombattle-698", "formatid": "gen9randombattle", "format": "[Gen 9] Random Battle", "players": ["p0x6980ab8", "p0y6987df5"], "log": "|init|battle\n|title|p0x6980ab8 vs. p0y6987df5\n|j|\u2606p0x6980ab8\n|j|\u2606p0y6987df5\n|t:|1783547918\n|gametype|singles\n|player|p1|p0x6980ab8|1|\n|player|p2|p0y6987df5|169|\n|gen|9\n|tier|[Gen 9] Random Battle\n|rule|Species Clause: Limit one of each Pok\u00e9mon\n|rule|HP Percentage Mod: HP is shown in percentages\n|rule|Sleep Clause Mod: Limit one foe put to sleep\n|rule|Illusion Level Mod: Illusion disguises the Pok\u00e9mon's true level\n|\n|t:|1783547918\n|teamsize|p1|6\n|teamsize|p2|6\n|start\n|switch|p1a: Lapras|Lapras, L87, M|367/367\n|switch|p2a: Klawf|Klawf, L90, F|100/100\n|turn|1\n|inactive|Battle timer is ON: inactive players will automatically lose when time's up. (requested by p0y6987df5)\n|inactive|Time left: 300 sec this turn | 300 sec total | 60 sec grace\n|inactive|p0x6980ab8 also wants the timer to be on.\n|\n|t:|1783547919\n|move|p2a: Klawf|Stone Edge|p1a: Lapras\n|-supereffective|p1a: Lapras\n|-damage|p1a: Lapras|69/367\n|move|p1a: Lapras|Hydro Pump|p2a: Klawf|[miss]\n|-miss|p1a: Lapras|p2a: Klawf\n|\n|upkeep\n|turn|2\n|inactive|Time left: 300 sec this turn | 300 sec total\n|\n|t:|1783547920\n|switch|p1a: Rillaboom|Rillaboom, L79, F|288/288\n|-fieldstart|move: Grassy Terrain|[from] ability: Grassy Surge|[of] p1a: Rillaboom\n|move|p2a: Klawf|Knock Off|p1a: Rillaboom\n|-damage|p1a: Rillaboom|210/288\n|-enditem|p1a: Rillaboom|Life Orb|[from] move: Knock Off|[of] p2a: Klawf\n|\n|-heal|p1a: Rillaboom|228/288|[from] Grassy Terrain\n|upkeep\n|turn|3\n|inactive|Time left: 300 sec this turn | 300 sec total\n|\n|t:|1783547921\n|move|p2a: Klawf|Stone Edge|p1a: Rillaboom|[miss]\n|-miss|p2a: Klawf|p1a: Rillaboom\n|move|p1a: Rillaboom|Wood Hammer|p2a: Klawf\n|-supereffective|p2a: Klawf\n|-damage|p2a: Klawf|6/100\n|-damage|p1a: Rillaboom|143/288|[from] Recoil\n|-ability|p2a: Klawf|Anger Shell|boost\n|-boost|p2a: Klawf|atk|1\n|-boost|p2a: Klawf|spa|1\n|-boost|p2a: Klawf|spe|1\n|-unboost|p2a: Klawf|def|1\n|-unboost|p2a: Klawf|spd|1\n|\n|-heal|p2a: Klawf|12/100|[from] Grassy Terrain\n|-heal|p1a: Rillaboom|161/288|[from] Grassy Terrain\n|upkeep\n|turn|4\n|inactive|Time left: 300 sec this turn | 300 sec total\n|\n|t:|1783547922\n|move|p1a: Rillaboom|Grassy Glide|p2a: Klawf\n|-supereffective|p2a: Klawf\n|-damage|p2a: Klawf|0 fnt\n|faint|p2a: Klawf\n|\n|-heal|p1a: Rillaboom|179/288|[from] Grassy Terrain\n|upkeep\n|\n|t:|1783547923\n|switch|p2a: Mismagius|Mismagius, L86, M|100/100\n|turn|5\n|inactive|Time left: 300 sec this turn | 300 sec total\n|\n|t:|1783547924\n|move|p2a: Mismagius|Mystical Fire|p1a: Rillaboom\n|-supereffective|p1a: Rillaboom\n|-damage|p1a: Rillaboom|0 fnt\n|faint|p1a: Rillaboom\n|\n|upkeep\n|inactive|Time left: 300 sec this turn | 300 sec total | 5 sec grace\n|\n|t:|1783547925\n|switch|p1a: Tsareena|Tsareena, L87, F|267/267\n|turn|6\n|inactive|Time left: 300 sec this turn | 300 sec total\n|\n|t:|1783547927\n|move|p2a: Mismagius|Mystical Fire|p1a: Tsareena\n|-supereffective|p1a: Tsareena\n|-damage|p1a: Tsareena|105/267\n|-unboost|p1a: Tsareena|spa|1\n|move|p1a: Tsareena|Power Whip|p2a: Mismagius|[miss]\n|-miss|p1a: Tsareena|p2a: Mismagius\n|\n|-heal|p1a: Tsareena|121/267|[from] Grassy Terrain\n|-fieldend|move: Grassy Terrain\n|upkeep\n|turn|7\n|inactive|Time left: 300 sec this turn | 300 sec total\n|\n|t:|1783547928\n|switch|p1a: Armarouge|Armarouge, L80, M|267/267\n|move|p2a: Mismagius|Mystical Fire|p1a: Armarouge\n|-resisted|p1a: Armarouge\n|-damage|p1a: Armarouge|218/267\n|-unboost|p1a: Armarouge|spa|1\n|\n|upkeep\n|turn|8\n|inactive|Time left: 300 sec this turn | 300 sec total\n|\n|t:|1783547929\n|move|p2a: Mismagius|Mystical Fire|p1a: Armarouge\n|-resisted|p1a: Armarouge\n|-damage|p1a: Armarouge|169/267\n|-unboost|p1a: Armarouge|spa|1\n|move|p1a: Armarouge|Armor Cannon|p2a: Mismagius\n|-damage|p2a: Mismagius|61/100\n|-unboost|p1a: Armarouge|def|1\n|-unboost|p1a: Armarouge|spd|1\n|\n|upkeep\n|turn|9\n|inactive|Time left: 300 sec this turn | 300 sec total\n|\n|t:|1783547930\n|move|p2a: Mismagius|Mystical Fire|p1a: Armarouge\n|-resisted|p1a: Armarouge\n|-damage|p1a: Armarouge|93/267\n|-unboost|p1a: Armarouge|spa|1\n|move|p1a: Armarouge|Armor Cannon|p2a: Mismagius\n|-damage|p2a: Mismagius|30/100\n|-unboost|p1a: Armarouge|def|1\n|-unboost|p1a: Armarouge|spd|1\n|\n|upkeep\n|turn|10\n|inactive|Time left: 300 sec this turn | 300 sec total\n|\n|t:|1783547931\n|switch|p1a: Greninja|Greninja, L80, M|246/246\n|move|p2a: Mismagius|Mystical Fire|p1a: Greninja\n|-resisted|p1a: Greninja\n|-damage|p1a: Greninja|195/246\n|-unboost|p1a: Greninja|spa|1\n|\n|upkeep\n|turn|11\n|inactive|Time left: 300 sec this turn | 300 sec total\n|\n|t:|1783547933\n|move|p1a: Greninja|Hydro Pump|p2a: Mismagius\n|-damage|p2a: Mismagius|0 fnt\n|faint|p2a: Mismagius\n|-ability|p1a: Greninja|Battle Bond|boost\n|-boost|p1a: Greninja|atk|1\n|-boost|p1a: Greninja|spa|1\n|-boost|p1a: Greninja|spe|1\n|-activate|p1a: Greninja|ability: Battle Bond\n|-damage|p1a: Greninja|171/246|[from] item: Life Orb\n|\n|upkeep\n|\n|t:|1783547934\n|switch|p2a: Registeel|Registeel, L81|100/100\n|turn|12\n|inactive|Time left: 300 sec this turn | 300 sec total\n|\n|t:|1783547935\n|switch|p1a: Armarouge|Armarouge, L80, M|93/267\n|move|p2a: Registeel|Body Press|p1a: Armarouge\n|-resisted|p1a: Armarouge\n|-damage|p1a: Armarouge|55/267\n|-ability|p1a: Armarouge|Weak Armor|boost\n|-unboost|p1a: Armarouge|def|1\n|-boost|p1a: Armarouge|spe|2\n|\n|upkeep\n|turn|13\n|inactive|Time left: 300 sec this turn | 300 sec total\n|\n|t:|1783547936\n|-terastallize|p2a: Registeel|Fighting\n|move|p1a: Armarouge|Armor Cannon|p2a: Registeel\n|-crit|p2a: Registeel\n|-damage|p2a: Registeel|15/100\n|-unboost|p1a: Armarouge|def|1\n|-unboost|p1a: Armarouge|spd|1\n|move|p2a: Registeel|Body Press|p1a: Armarouge\n|-resisted|p1a: Armarouge\n|-damage|p1a: Armarouge|0 fnt\n|faint|p1a: Armarouge\n|\n|-heal|p2a: Registeel|21/100|[from] item: Leftovers\n|upkeep\n|inactive|Time left: 300 sec this turn | 300 sec total | 5 sec grace\n|\n|t:|1783547937\n|switch|p1a: Lapras|Lapras, L87, M|69/367\n|turn|14\n|inactive|Time left: 300 sec this turn | 300 sec total\n|\n|t:|1783547938\n|switch|p2a: Hypno|Hypno, L95, M|100/100\n|move|p1a: Lapras|Ice Beam|p2a: Hypno\n|-damage|p2a: Hypno|70/100\n|-status|p2a: Hypno|frz\n|\n|-heal|p2a: Hypno|76/100 frz|[from] item: Leftovers\n|upkeep\n|turn|15\n|inactive|Time left: 300 sec this turn | 300 sec total\n|\n|t:|1783547939\n|cant|p2a: Hypno|frz\n|move|p1a: Lapras|Ice Beam|p2a: Hypno\n|-damage|p2a: Hypno|47/100 frz\n|\n|-heal|p2a: Hypno|53/100 frz|[from] item: Leftovers\n|upkeep\n|turn|16\n|inactive|Time left: 300 sec this turn | 300 sec total\n|\n|t:|1783547940\n|-curestatus|p2a: Hypno|frz|[msg]\n|move|p2a: Hypno|Protect|p2a: Hypno\n|-singleturn|p2a: Hypno|Protect\n|move|p1a: Lapras|Ice Beam|p2a: Hypno\n|-activate|p2a: Hypno|move: Protect\n|\n|-heal|p2a: Hypno|59/100|[from] item: Leftovers\n|upkeep\n|turn|17\n|inactive|Time left: 300 sec this turn | 300 sec total\n|\n|t:|1783547941\n|switch|p1a: Tsareena|Tsareena, L87, F|121/267\n|move|p2a: Hypno|Psychic Noise|p1a: Tsareena\n|-damage|p1a: Tsareena|49/267\n|-start|p1a: Tsareena|move: Heal Block\n|\n|-heal|p2a: Hypno|65/100|[from] item: Leftovers\n|upkeep\n|turn|18\n|inactive|Time left: 300 sec this turn | 300 sec total\n|\n|t:|1783547943\n|move|p2a: Hypno|Psychic Noise|p1a: Tsareena\n|-damage|p1a: Tsareena|0 fnt\n|faint|p1a: Tsareena\n|\n|-heal|p2a: Hypno|71/100|[from] item: Leftovers\n|upkeep\n|inactive|Time left: 300 sec this turn | 300 sec total | 5 sec grace\n|\n|t:|1783547943\n|switch|p1a: Greninja|Greninja, L80, M|171/246\n|turn|19\n|inactive|Time left: 300 sec this turn | 300 sec total\n|\n|t:|1783547944\n|move|p1a: Greninja|Dark Pulse|p2a: Hypno\n|-supereffective|p2a: Hypno\n|-crit|p2a: Hypno\n|-damage|p2a: Hypno|0 fnt\n|faint|p2a: Hypno\n|-damage|p1a: Greninja|147/246|[from] item: Life Orb\n|\n|upkeep\n|\n|t:|1783547945\n|switch|p2a: Hatterene|Hatterene, L85, F|100/100\n|turn|20\n|inactive|Time left: 300 sec this turn | 300 sec total\n|\n|t:|1783547946\n|move|p1a: Greninja|Gunk Shot|p2a: Hatterene\n|-supereffective|p2a: Hatterene\n|-damage|p2a: Hatterene|25/100\n|-damage|p1a: Greninja|123/246|[from] item: Life Orb\n|move|p2a: Hatterene|Draining Kiss|p1a: Greninja\n|-supereffective|p1a: Greninja\n|-damage|p1a: Greninja|0 fnt\n|-heal|p2a: Hatterene|64/100|[from] drain|[of] p1a: Greninja\n|faint|p1a: Greninja\n|\n|upkeep\n|inactive|Time left: 300 sec this turn | 300 sec total | 5 sec grace\n|\n|t:|1783547947\n|switch|p1a: Lapras|Lapras, L87, M|69/367\n|turn|21\n|inactive|Time left: 300 sec this turn | 300 sec total\n|\n|t:|1783547948\n|move|p1a: Lapras|Hydro Pump|p2a: Hatterene|[miss]\n|-miss|p1a: Lapras|p2a: Hatterene\n|move|p2a: Hatterene|Nuzzle|p1a: Lapras\n|-supereffective|p1a: Lapras\n|-damage|p1a: Lapras|35/367\n|-status|p1a: Lapras|par\n|\n|upkeep\n|turn|22\n|inactive|Time left: 300 sec this turn | 300 sec total\n|\n|t:|1783547949\n|switch|p1a: Vespiquen|Vespiquen, L99, F|299/299\n|-ability|p1a: Vespiquen|Pressure\n|move|p2a: Hatterene|Draining Kiss|p1a: Vespiquen\n|-damage|p1a: Vespiquen|245/299\n|-heal|p2a: Hatterene|81/100|[from] drain|[of] p1a: Vespiquen\n|\n|upkeep\n|turn|23\n|inactive|Time left: 300 sec this turn | 300 sec total\n|\n|t:|1783547950\n|move|p1a: Vespiquen|Air Slash|p2a: Hatterene\n|-damage|p2a: Hatterene|59/100\n|move|p2a: Hatterene|Mystical Fire|p1a: Vespiquen\n|-supereffective|p1a: Vespiquen\n|-damage|p1a: Vespiquen|131/299\n|-unboost|p1a: Vespiquen|spa|1\n|\n|upkeep\n|turn|24\n|inactive|Time left: 300 sec this turn | 300 sec total\n|\n|t:|1783547952\n|move|p1a: Vespiquen|Roost|p1a: Vespiquen\n|-heal|p1a: Vespiquen|281/299\n|-singleturn|p1a: Vespiquen|move: Roost\n|move|p2a: Hatterene|Mystical Fire|p1a: Vespiquen\n|-supereffective|p1a: Vespiquen\n|-damage|p1a: Vespiquen|171/299\n|-unboost|p1a: Vespiquen|spa|1\n|\n|upkeep\n|turn|25\n|inactive|Time left: 300 sec this turn | 300 sec total\n|\n|t:|1783547953\n|switch|p1a: Lapras|Lapras, L87, M|35/367 par\n|move|p2a: Hatterene|Draining Kiss|p1a: Lapras\n|-damage|p1a: Lapras|0 fnt\n|-heal|p2a: Hatterene|70/100|[from] drain|[of] p1a: Lapras\n|faint|p1a: Lapras\n|\n|upkeep\n|inactive|Time left: 300 sec this turn | 300 sec total | 5 sec grace\n|\n|t:|1783547954\n|switch|p1a: Vespiquen|Vespiquen, L99, F|171/299\n|-ability|p1a: Vespiquen|Pressure\n|turn|26\n|inactive|Time left: 300 sec this turn | 300 sec total\n|\n|t:|1783547955\n|move|p1a: Vespiquen|Air Slash|p2a: Hatterene\n|-damage|p2a: Hatterene|47/100\n|move|p2a: Hatterene|Mystical Fire|p1a: Vespiquen\n|-supereffective|p1a: Vespiquen\n|-damage|p1a: Vespiquen|65/299\n|-unboost|p1a: Vespiquen|spa|1\n|\n|upkeep\n|turn|27\n|inactive|Time left: 300 sec this turn | 300 sec total\n|\n|t:|1783547956\n|-terastallize|p1a: Vespiquen|Steel\n|move|p1a: Vespiquen|Roost|p1a: Vespiquen\n|-heal|p1a: Vespiquen|215/299\n|move|p2a: Hatterene|Mystical Fire|p1a: Vespiquen\n|-supereffective|p1a: Vespiquen\n|-damage|p1a: Vespiquen|111/299\n|-unboost|p1a: Vespiquen|spa|1\n|\n|upkeep\n|turn|28\n|inactive|Time left: 300 sec this turn | 300 sec total\n|\n|t:|1783547957\n|switch|p2a: Kleavor|Kleavor, L78, M|100/100\n|move|p1a: Vespiquen|Roost|p1a: Vespiquen\n|-heal|p1a: Vespiquen|261/299\n|\n|upkeep\n|turn|29\n|inactive|Time left: 300 sec this turn | 300 sec total\n|\n|t:|1783547958\n|move|p2a: Kleavor|Close Combat|p1a: Vespiquen\n|-supereffective|p1a: Vespiquen\n|-damage|p1a: Vespiquen|23/299\n|-unboost|p2a: Kleavor|def|1\n|-unboost|p2a: Kleavor|spd|1\n|move|p1a: Vespiquen|Roost|p1a: Vespiquen\n|-heal|p1a: Vespiquen|173/299\n|\n|upkeep\n|turn|30\n|inactive|Time left: 300 sec this turn | 300 sec total\n|\n|t:|1783547959\n|move|p2a: Kleavor|Close Combat|p1a: Vespiquen\n|-supereffective|p1a: Vespiquen\n|-damage|p1a: Vespiquen|0 fnt\n|-unboost|p2a: Kleavor|def|1\n|-unboost|p2a: Kleavor|spd|1\n|faint|p1a: Vespiquen\n|\n|win|p0y6987df5", "uploadtime": 1783547959, "views": 0, "rating": 0, "private": 0, "password": null, "_winner": "p0y6987df5", "_our_name": "p0x6980ab8"}