{"id": "battle-gen9randombattle-762", "formatid": "gen9randombattle", "format": "[Gen 9] Random Battle", "players": ["p0x762a9e9", "p0y762a597"], "log": "|init|battle\n|title|p0x762a9e9 vs. p0y762a597\n|j|\u2606p0x762a9e9\n|j|\u2606p0y762a597\n|t:|1783547962\n|gametype|singles\n|player|p1|p0x762a9e9|266|\n|player|p2|p0y762a597|169|\n|gen|9\n|tier|[Gen 9] Random Battle\n|rule|Species Clause: Limit one of each Pok\u00e9mon\n|rule|HP Percentage Mod: HP is shown in percentages\n|rule|Sleep Clause Mod: Limit one foe put to sleep\n|rule|Illusion Level Mod: Illusion disguises the Pok\u00e9mon's true level\n|\n|t:|1783547963\n|teamsize|p1|6\n|teamsize|p2|6\n|start\n|switch|p1a: Bombirdier|Bombirdier, L85, F|100/100\n|switch|p2a: Kricketune|Kricketune, L99, M|311/311\n|turn|1\n|inactive|Battle timer is ON: inactive players will automatically lose when time's up. (requested by p0x762a9e9)\n|inactive|Time left: 300 sec this turn | 300 sec total | 60 sec grace\n|inactive|p0y762a597 also wants the timer to be on.\n|\n|t:|1783547964\n|move|p1a: Bombirdier|Brave Bird|p2a: Kricketune\n|-supereffective|p2a: Kricketune\n|-enditem|p2a: Kricketune|Focus Sash\n|-damage|p2a: Kricketune|1/311\n|-damage|p1a: Bombirdier|61/100|[from] Recoil\n|move|p2a: Kricketune|Sticky Web|p1a: Bombirdier\n|-sidestart|p1: p0x762a9e9|move: Sticky Web\n|\n|upkeep\n|turn|2\n|inactive|Time left: 300 sec this turn | 300 sec total\n|\n|t:|1783547965\n|move|p1a: Bombirdier|Knock Off|p2a: Kricketune\n|-damage|p2a: Kricketune|0 fnt\n|faint|p2a: Kricketune\n|\n|upkeep\n|inactive|Time left: 300 sec this turn | 300 sec total | 5 sec grace\n|\n|t:|1783547966\n|switch|p2a: Electivire|Electivire, L84, M|263/263\n|turn|3\n|inactive|Time left: 300 sec this turn | 300 sec total\n|\n|t:|1783547967\n|move|p2a: Electivire|Supercell Slam|p1a: Bombirdier\n|-supereffective|p1a: Bombirdier\n|-damage|p1a: Bombirdier|0 fnt\n|faint|p1a: Bombirdier\n|\n|upkeep\n|\n|t:|1783547968\n|switch|p1a: Glimmora|Glimmora, L75, F|100/100\n|-activate|p1a: Glimmora|move: Sticky Web\n|-unboost|p1a: Glimmora|spe|1\n|turn|4\n|inactive|Time left: 300 sec this turn | 300 sec total\n|\n|t:|1783547969\n|move|p2a: Electivire|Supercell Slam|p1a: Glimmora\n|-crit|p1a: Glimmora\n|-damage|p1a: Glimmora|0 fnt\n|-activate|p1a: Glimmora|ability: Toxic Debris\n|-sidestart|p2: p0y762a597|move: Toxic Spikes\n|faint|p1a: Glimmora\n|\n|upkeep\n|\n|t:|1783547970\n|switch|p1a: Regieleki|Regieleki, L79|100/100\n|-activate|p1a: Regieleki|move: Sticky Web\n|-unboost|p1a: Regieleki|spe|1\n|turn|5\n|inactive|Time left: 300 sec this turn | 300 sec total\n|\n|t:|1783547972\n|move|p1a: Regieleki|Rapid Spin|p2a: Electivire\n|-damage|p2a: Electivire|224/263\n|-boost|p1a: Regieleki|spe|1\n|-sideend|p1: p0x762a9e9|Sticky Web|[from] move: Rapid Spin|[of] p1a: Regieleki\n|move|p2a: Electivire|Supercell Slam|p1a: Regieleki\n|-resisted|p1a: Regieleki\n|-damage|p1a: Regieleki|45/100\n|\n|upkeep\n|turn|6\n|inactive|Time left: 300 sec this turn | 300 sec total\n|\n|t:|1783547973\n|switch|p1a: Pachirisu|Pachirisu, L96, F|100/100\n|move|p2a: Electivire|Supercell Slam|p1a: Pachirisu\n|-immune|p1a: Pachirisu|[from] ability: Volt Absorb\n|-damage|p2a: Electivire|93/263|[from] supercellslam\n|\n|upkeep\n|turn|7\n|inactive|Time left: 300 sec this turn | 300 sec total\n|\n|t:|1783547974\n|move|p1a: Pachirisu|Super Fang|p2a: Electivire\n|-damage|p2a: Electivire|47/263\n|move|p2a: Electivire|Supercell Slam|p1a: Pachirisu\n|-immune|p1a: Pachirisu|[from] ability: Volt Absorb\n|-damage|p2a: Electivire|0 fnt|[from] supercellslam\n|faint|p2a: Electivire\n|\n|upkeep\n|inactive|Time left: 300 sec this turn | 300 sec total | 5 sec grace\n|\n|t:|1783547975\n|switch|p2a: Rhyperior|Rhyperior, L82, F|323/323\n|-status|p2a: Rhyperior|psn\n|turn|8\n|inactive|Time left: 300 sec this turn | 300 sec total\n|\n|t:|1783547976\n|move|p1a: Pachirisu|Super Fang|p2a: Rhyperior\n|-damage|p2a: Rhyperior|162/323 psn\n|move|p2a: Rhyperior|Earthquake|p1a: Pachirisu\n|-supereffective|p1a: Pachirisu\n|-damage|p1a: Pachirisu|0 fnt\n|faint|p1a: Pachirisu\n|\n|-damage|p2a: Rhyperior|122/323 psn|[from] psn\n|upkeep\n|\n|t:|1783547977\n|switch|p1a: Koraidon|Koraidon, L64|100/100\n|-weather|SunnyDay|[from] ability: Orichalcum Pulse|[of] p1a: Koraidon\n|-activate|p1a: Koraidon|Orichalcum Pulse|[source]\n|turn|9\n|inactive|Time left: 300 sec this turn | 300 sec total\n|\n|t:|1783547978\n|move|p1a: Koraidon|Collision Course|p2a: Rhyperior\n|-supereffective|p2a: Rhyperior\n|-damage|p2a: Rhyperior|0 fnt\n|faint|p2a: Rhyperior\n|\n|-weather|SunnyDay|[upkeep]\n|upkeep\n|inactive|Time left: 300 sec this turn | 300 sec total | 5 sec grace\n|\n|t:|1783547979\n|switch|p2a: Indeedee|Indeedee-F, L90, F|272/272\n|-status|p2a: Indeedee|psn\n|-fieldstart|move: Psychic Terrain|[from] ability: Psychic Surge|[of] p2a: Indeedee\n|turn|10\n|inactive|Time left: 300 sec this turn | 300 sec total\n|\n|t:|1783547980\n|-terastallize|p1a: Koraidon|Fire\n|move|p2a: Indeedee|Psyshock|p1a: Koraidon\n|-damage|p1a: Koraidon|49/100\n|move|p1a: Koraidon|Flare Blitz|p2a: Indeedee\n|-damage|p2a: Indeedee|25/272 psn\n|-damage|p1a: Koraidon|14/100|[from] Recoil\n|\n|-weather|SunnyDay|[upkeep]\n|-damage|p2a: Indeedee|0 fnt|[from] psn\n|faint|p2a: Indeedee\n|upkeep\n|inactive|Time left: 300 sec this turn | 300 sec total | 5 sec grace\n|\n|t:|1783547981\n|switch|p2a: Reshiram|Reshiram, L76|277/277\n|-ability|p2a: Reshiram|Turboblaze\n|turn|11\n|inactive|Time left: 300 sec this turn | 300 sec total\n|\n|t:|1783547982\n|move|p1a: Koraidon|Scale Shot|p2a: Reshiram\n|-supereffective|p2a: Reshiram\n|-damage|p2a: Reshiram|221/277\n|-supereffective|p2a: Reshiram\n|-damage|p2a: Reshiram|165/277\n|-supereffective|p2a: Reshiram\n|-damage|p2a: Reshiram|111/277\n|-supereffective|p2a: Reshiram\n|-damage|p2a: Reshiram|55/277\n|-supereffective|p2a: Reshiram\n|-damage|p2a: Reshiram|1/277\n|-hitcount|p2a: Reshiram|5\n|-unboost|p1a: Koraidon|def|1\n|-boost|p1a: Koraidon|spe|1\n|move|p2a: Reshiram|Dragon Tail|p1a: Koraidon|[miss]\n|-miss|p2a: Reshiram|p1a: Koraidon\n|\n|-weather|SunnyDay|[upkeep]\n|upkeep\n|turn|12\n|inactive|Time left: 300 sec this turn | 300 sec total\n|\n|t:|1783547983\n|move|p1a: Koraidon|Collision Course|p2a: Reshiram\n|-crit|p2a: Reshiram\n|-damage|p2a: Reshiram|0 fnt\n|faint|p2a: Reshiram\n|\n|-weather|SunnyDay|[upkeep]\n|upkeep\n|inactive|Time left: 300 sec this turn | 300 sec total | 5 sec grace\n|\n|t:|1783547984\n|switch|p2a: Terapagos|Terapagos, L77, F|265/265\n|-activate|p2a: Terapagos|ability: Tera Shift\n|detailschange|p2a: Terapagos|Terapagos-Terastal, L77, F\n|-heal|p2a: Terapagos|273/273|[silent]\n|turn|13\n|inactive|Time left: 300 sec this turn | 300 sec total\n|\n|t:|1783547984\n|-terastallize|p2a: Terapagos|Stellar\n|detailschange|p2a: Terapagos|Terapagos-Stellar, L77, F, tera:Stellar\n|-heal|p2a: Terapagos|373/373|[silent]\n|-ability|p2a: Terapagos|Teraform Zero\n|-weather|none\n|-fieldend|move: Psychic Terrain\n|move|p1a: Koraidon|Collision Course|p2a: Terapagos\n|-supereffective|p2a: Terapagos\n|-damage|p2a: Terapagos|191/373\n|move|p2a: Terapagos|Calm Mind|p2a: Terapagos\n|-boost|p2a: Terapagos|spa|1\n|-boost|p2a: Terapagos|spd|1\n|\n|upkeep\n|turn|14\n|inactive|Time left: 300 sec this turn | 300 sec total\n|\n|t:|1783547985\n|move|p1a: Koraidon|Collision Course|p2a: Terapagos\n|-supereffective|p2a: Terapagos\n|-damage|p2a: Terapagos|9/373\n|move|p2a: Terapagos|Tera Starstorm|p1a: Koraidon\n|-supereffective|p1a: Koraidon\n|-damage|p1a: Koraidon|0 fnt\n|faint|p1a: Koraidon\n|\n|upkeep\n|\n|t:|1783547986\n|switch|p1a: Regieleki|Regieleki, L79|45/100\n|turn|15\n|inactive|Time left: 300 sec this turn | 300 sec total\n|\n|t:|1783547987\n|move|p1a: Regieleki|Thunderbolt|p2a: Terapagos\n|-damage|p2a: Terapagos|0 fnt\n|faint|p2a: Terapagos\n|detailschange|p2: Terapagos|Terapagos, L77, F|[silent]\n|\n|win|p0x762a9e9", "uploadtime": 1783547987, "views": 0, "rating": 0, "private": 0, "password": null, "_winner": "p0x762a9e9", "_our_name": "p0y762a597"}