{"id": "battle-gen9randombattle-2451", "formatid": "gen9randombattle", "format": "[Gen 9] Random Battle", "players": ["p0x2451f734", "p0y2451916e"], "log": "|init|battle\n|title|p0x2451f734 vs. p0y2451916e\n|j|\u2606p0x2451f734\n|j|\u2606p0y2451916e\n|t:|1783567449\n|gametype|singles\n|player|p1|p0x2451f734|169|\n|player|p2|p0y2451916e|102|\n|gen|9\n|tier|[Gen 9] Random Battle\n|rule|Species Clause: Limit one of each Pok\u00e9mon\n|rule|HP Percentage Mod: HP is shown in percentages\n|rule|Sleep Clause Mod: Limit one foe put to sleep\n|rule|Illusion Level Mod: Illusion disguises the Pok\u00e9mon's true level\n|\n|t:|1783567450\n|teamsize|p1|6\n|teamsize|p2|6\n|start\n|switch|p1a: Entei|Entei, L78|307/307\n|switch|p2a: Clodsire|Clodsire, L81, F|100/100\n|turn|1\n|inactive|Battle timer is ON: inactive players will automatically lose when time's up. (requested by p0x2451f734)\n|inactive|p0y2451916e also wants the timer to be on.\n|\n|t:|1783567451\n|move|p1a: Entei|Sacred Fire|p2a: Clodsire\n|-damage|p2a: Clodsire|39/100\n|-status|p2a: Clodsire|brn\n|move|p2a: Clodsire|Stealth Rock|p1a: Entei\n|-sidestart|p1: p0x2451f734|move: Stealth Rock\n|\n|-heal|p2a: Clodsire|45/100 brn|[from] item: Leftovers\n|-damage|p2a: Clodsire|39/100 brn|[from] brn\n|upkeep\n|turn|2\n|inactive|Time left: 300 sec this turn | 300 sec total\n|\n|t:|1783567452\n|move|p1a: Entei|Sacred Fire|p2a: Clodsire\n|-damage|p2a: Clodsire|0 fnt\n|faint|p2a: Clodsire\n|\n|upkeep\n|\n|t:|1783567453\n|switch|p2a: Tentacruel|Tentacruel, L84, F|100/100\n|turn|3\n|inactive|Time left: 300 sec this turn | 300 sec total\n|\n|t:|1783567454\n|move|p2a: Tentacruel|Surf|p1a: Entei\n|-supereffective|p1a: Entei\n|-damage|p1a: Entei|115/307\n|move|p1a: Entei|Sacred Fire|p2a: Tentacruel|[miss]\n|-miss|p1a: Entei|p2a: Tentacruel\n|\n|upkeep\n|turn|4\n|inactive|Time left: 300 sec this turn | 300 sec total\n|\n|t:|1783567455\n|move|p2a: Tentacruel|Surf|p1a: Entei\n|-supereffective|p1a: Entei\n|-damage|p1a: Entei|0 fnt\n|faint|p1a: Entei\n|\n|upkeep\n|inactive|Time left: 300 sec this turn | 300 sec total | 5 sec grace\n|\n|t:|1783567456\n|switch|p1a: Reuniclus|Reuniclus, L88, F|337/337\n|turn|5\n|inactive|Time left: 300 sec this turn | 300 sec total\n|\n|t:|1783567457\n|switch|p2a: Scizor|Scizor, L79, M|100/100\n|move|p1a: Reuniclus|Psychic|p2a: Scizor\n|-resisted|p2a: Scizor\n|-damage|p2a: Scizor|61/100\n|\n|upkeep\n|turn|6\n|inactive|Time left: 300 sec this turn | 300 sec total\n|\n|t:|1783567458\n|move|p2a: Scizor|Knock Off|p1a: Reuniclus\n|-supereffective|p1a: Reuniclus\n|-crit|p1a: Reuniclus\n|-damage|p1a: Reuniclus|0 fnt\n|-enditem|p1a: Reuniclus|Life Orb|[from] move: Knock Off|[of] p2a: Scizor\n|faint|p1a: Reuniclus\n|\n|upkeep\n|inactive|Time left: 300 sec this turn | 300 sec total | 5 sec grace\n|\n|t:|1783567459\n|switch|p1a: Zamazenta|Zamazenta-Crowned, L68|238/238\n|-damage|p1a: Zamazenta|231/238|[from] Stealth Rock\n|-ability|p1a: Zamazenta|Dauntless Shield|boost\n|-boost|p1a: Zamazenta|def|1\n|turn|7\n|inactive|Time left: 300 sec this turn | 300 sec total\n|\n|t:|1783567460\n|switch|p2a: Uxie|Uxie, L83|100/100\n|move|p1a: Zamazenta|Body Press|p2a: Uxie\n|-resisted|p2a: Uxie\n|-crit|p2a: Uxie\n|-damage|p2a: Uxie|74/100\n|\n|-heal|p2a: Uxie|80/100|[from] item: Leftovers\n|upkeep\n|turn|8\n|inactive|Time left: 300 sec this turn | 300 sec total\n|\n|t:|1783567461\n|move|p1a: Zamazenta|Body Press|p2a: Uxie\n|-resisted|p2a: Uxie\n|-damage|p2a: Uxie|63/100\n|move|p2a: Uxie|Psychic Noise|p1a: Zamazenta\n|-damage|p1a: Zamazenta|173/238\n|-start|p1a: Zamazenta|move: Heal Block\n|\n|-heal|p2a: Uxie|69/100|[from] item: Leftovers\n|upkeep\n|turn|9\n|inactive|Time left: 300 sec this turn | 300 sec total\n|\n|t:|1783567463\n|move|p1a: Zamazenta|Heavy Slam|p2a: Uxie\n|-damage|p2a: Uxie|40/100\n|move|p2a: Uxie|Yawn|p1a: Zamazenta\n|-start|p1a: Zamazenta|move: Yawn|[of] p2a: Uxie\n|\n|-heal|p2a: Uxie|47/100|[from] item: Leftovers\n|-end|p1a: Zamazenta|move: Heal Block\n|upkeep\n|turn|10\n|inactive|Time left: 300 sec this turn | 300 sec total\n|\n|t:|1783567464\n|switch|p1a: Espathra|Espathra, L80, M|283/283\n|-damage|p1a: Espathra|248/283|[from] Stealth Rock\n|move|p2a: Uxie|Psychic Noise|p1a: Espathra\n|-resisted|p1a: Espathra\n|-damage|p1a: Espathra|204/283\n|-start|p1a: Espathra|move: Heal Block\n|\n|-heal|p2a: Uxie|53/100|[from] item: Leftovers\n|upkeep\n|turn|11\n|inactive|Time left: 300 sec this turn | 300 sec total\n|\n|t:|1783567465\n|move|p1a: Espathra|Calm Mind|p1a: Espathra\n|-boost|p1a: Espathra|spa|1\n|-boost|p1a: Espathra|spd|1\n|move|p2a: Uxie|Knock Off|p1a: Espathra\n|-supereffective|p1a: Espathra\n|-damage|p1a: Espathra|36/283\n|-enditem|p1a: Espathra|Leftovers|[from] move: Knock Off|[of] p2a: Uxie\n|\n|-heal|p2a: Uxie|59/100|[from] item: Leftovers\n|-end|p1a: Espathra|move: Heal Block\n|-ability|p1a: Espathra|Speed Boost|boost\n|-boost|p1a: Espathra|spe|1\n|upkeep\n|turn|12\n|inactive|Time left: 300 sec this turn | 300 sec total\n|\n|t:|1783567466\n|move|p1a: Espathra|Roost|p1a: Espathra\n|-heal|p1a: Espathra|178/283\n|-singleturn|p1a: Espathra|move: Roost\n|move|p2a: Uxie|U-turn|p1a: Espathra\n|-supereffective|p1a: Espathra\n|-damage|p1a: Espathra|60/283\n|\n|t:|1783567467\n|switch|p2a: Scizor|Scizor, L79, M|61/100|[from] U-turn\n|\n|-ability|p1a: Espathra|Speed Boost|boost\n|-boost|p1a: Espathra|spe|1\n|upkeep\n|turn|13\n|inactive|Time left: 300 sec this turn | 300 sec total\n|\n|t:|1783567468\n|switch|p1a: Zamazenta|Zamazenta-Crowned, L68|173/238\n|-damage|p1a: Zamazenta|166/238|[from] Stealth Rock\n|move|p2a: Scizor|Bullet Punch|p1a: Zamazenta\n|-resisted|p1a: Zamazenta\n|-damage|p1a: Zamazenta|117/238\n|\n|upkeep\n|turn|14\n|inactive|Time left: 300 sec this turn | 300 sec total\n|\n|t:|1783567469\n|move|p2a: Scizor|Bullet Punch|p1a: Zamazenta\n|-resisted|p1a: Zamazenta\n|-damage|p1a: Zamazenta|69/238\n|move|p1a: Zamazenta|Body Press|p2a: Scizor\n|-damage|p2a: Scizor|29/100\n|\n|upkeep\n|turn|15\n|inactive|Time left: 300 sec this turn | 300 sec total\n|\n|t:|1783567470\n|move|p2a: Scizor|Bullet Punch|p1a: Zamazenta\n|-resisted|p1a: Zamazenta\n|-damage|p1a: Zamazenta|24/238\n|move|p1a: Zamazenta|Body Press|p2a: Scizor\n|-damage|p2a: Scizor|0 fnt\n|faint|p2a: Scizor\n|\n|upkeep\n|\n|t:|1783567471\n|switch|p2a: Tentacruel|Tentacruel, L84, F|100/100\n|turn|16\n|inactive|Time left: 300 sec this turn | 300 sec total\n|\n|t:|1783567472\n|switch|p1a: Sceptile|Sceptile, L87, F|264/264\n|-damage|p1a: Sceptile|231/264|[from] Stealth Rock\n|move|p2a: Tentacruel|Surf|p1a: Sceptile\n|-resisted|p1a: Sceptile\n|-damage|p1a: Sceptile|190/264\n|\n|-heal|p1a: Sceptile|206/264|[from] item: Leftovers\n|upkeep\n|turn|17\n|inactive|Time left: 300 sec this turn | 300 sec total\n|\n|t:|1783567473\n|move|p1a: Sceptile|Leech Seed|p2a: Tentacruel|[miss]\n|-miss|p1a: Sceptile|p2a: Tentacruel\n|move|p2a: Tentacruel|Sludge Bomb|p1a: Sceptile\n|-supereffective|p1a: Sceptile\n|-damage|p1a: Sceptile|54/264\n|\n|-heal|p1a: Sceptile|70/264|[from] item: Leftovers\n|upkeep\n|turn|18\n|inactive|Time left: 300 sec this turn | 300 sec total\n|\n|t:|1783567474\n|move|p1a: Sceptile|Leech Seed|p2a: Tentacruel\n|-start|p2a: Tentacruel|move: Leech Seed\n|move|p2a: Tentacruel|Rapid Spin|p1a: Sceptile\n|-damage|p1a: Sceptile|39/264\n|-boost|p2a: Tentacruel|spe|1\n|-end|p2a: Tentacruel|Leech Seed|[from] move: Rapid Spin|[of] p2a: Tentacruel\n|\n|-heal|p1a: Sceptile|55/264|[from] item: Leftovers\n|upkeep\n|turn|19\n|inactive|Time left: 300 sec this turn | 300 sec total\n|\n|t:|1783567475\n|move|p2a: Tentacruel|Surf|p1a: Sceptile\n|-resisted|p1a: Sceptile\n|-damage|p1a: Sceptile|14/264\n|move|p1a: Sceptile|Leech Seed|p2a: Tentacruel\n|-start|p2a: Tentacruel|move: Leech Seed\n|\n|-heal|p1a: Sceptile|30/264|[from] item: Leftovers\n|-damage|p2a: Tentacruel|88/100|[from] Leech Seed|[of] p1a: Sceptile\n|-damage|p1a: Sceptile|0 fnt|[from] ability: Liquid Ooze|[of] p2a: Tentacruel\n|faint|p1a: Sceptile\n|upkeep\n|inactive|Time left: 300 sec this turn | 300 sec total | 5 sec grace\n|\n|t:|1783567476\n|switch|p1a: Porygon-Z|Porygon-Z, L83|277/277\n|-damage|p1a: Porygon-Z|243/277|[from] Stealth Rock\n|turn|20\n|inactive|Time left: 300 sec this turn | 300 sec total\n|\n|t:|1783567477\n|move|p2a: Tentacruel|Sludge Bomb|p1a: Porygon-Z\n|-damage|p1a: Porygon-Z|156/277\n|-status|p1a: Porygon-Z|psn\n|move|p1a: Porygon-Z|Nasty Plot|p1a: Porygon-Z\n|-boost|p1a: Porygon-Z|spa|2\n|\n|-heal|p2a: Tentacruel|94/100|[from] item: Leftovers\n|-damage|p2a: Tentacruel|82/100|[from] Leech Seed|[of] p1a: Porygon-Z\n|-damage|p1a: Porygon-Z|122/277 psn|[from] ability: Liquid Ooze|[of] p2a: Tentacruel\n|-damage|p1a: Porygon-Z|88/277 psn|[from] psn\n|upkeep\n|turn|21\n|inactive|Time left: 300 sec this turn | 300 sec total\n|\n|t:|1783567478\n|move|p2a: Tentacruel|Surf|p1a: Porygon-Z\n|-damage|p1a: Porygon-Z|0 fnt\n|faint|p1a: Porygon-Z\n|\n|-heal|p2a: Tentacruel|88/100|[from] item: Leftovers\n|upkeep\n|inactive|Time left: 300 sec this turn | 300 sec total | 5 sec grace\n|\n|t:|1783567478\n|switch|p1a: Espathra|Espathra, L80, M|60/283\n|-damage|p1a: Espathra|25/283|[from] Stealth Rock\n|turn|22\n|inactive|Time left: 300 sec this turn | 300 sec total\n|\n|t:|1783567479\n|move|p2a: Tentacruel|Surf|p1a: Espathra\n|-damage|p1a: Espathra|0 fnt\n|faint|p1a: Espathra\n|\n|-heal|p2a: Tentacruel|94/100|[from] item: Leftovers\n|upkeep\n|inactive|Time left: 300 sec this turn | 300 sec total | 5 sec grace\n|\n|t:|1783567480\n|switch|p1a: Zamazenta|Zamazenta-Crowned, L68|24/238\n|-damage|p1a: Zamazenta|17/238|[from] Stealth Rock\n|turn|23\n|inactive|Time left: 300 sec this turn | 300 sec total\n|\n|t:|1783567481\n|-terastallize|p2a: Tentacruel|Grass\n|move|p2a: Tentacruel|Surf|p1a: Zamazenta\n|-damage|p1a: Zamazenta|0 fnt\n|faint|p1a: Zamazenta\n|\n|win|p0y2451916e", "uploadtime": 1783567481, "views": 0, "rating": 0, "private": 0, "password": null, "_winner": "p0y2451916e", "_our_name": "p0x2451f734"}