{"id": "battle-gen9randombattle-2925", "formatid": "gen9randombattle", "format": "[Gen 9] Random Battle", "players": ["p0x2925e991", "p0y2925e84d"], "log": "|init|battle\n|title|p0x2925e991 vs. p0y2925e84d\n|j|\u2606p0x2925e991\n|j|\u2606p0y2925e84d\n|t:|1783573681\n|gametype|singles\n|player|p1|p0x2925e991|266|\n|player|p2|p0y2925e84d|2|\n|gen|9\n|tier|[Gen 9] Random Battle\n|rule|Species Clause: Limit one of each Pok\u00e9mon\n|rule|HP Percentage Mod: HP is shown in percentages\n|rule|Sleep Clause Mod: Limit one foe put to sleep\n|rule|Illusion Level Mod: Illusion disguises the Pok\u00e9mon's true level\n|\n|t:|1783573681\n|teamsize|p1|6\n|teamsize|p2|6\n|start\n|switch|p1a: Ribombee|Ribombee, L83, M|100/100\n|switch|p2a: Sinistcha|Sinistcha-Masterpiece, L83|254/254\n|turn|1\n|inactive|Battle timer is ON: inactive players will automatically lose when time's up. (requested by p0y2925e84d)\n|inactive|p0x2925e991 also wants the timer to be on.\n|\n|t:|1783573682\n|move|p1a: Ribombee|Sticky Web|p2a: Sinistcha\n|-sidestart|p2: p0y2925e84d|move: Sticky Web\n|move|p2a: Sinistcha|Calm Mind|p2a: Sinistcha\n|-boost|p2a: Sinistcha|spa|1\n|-boost|p2a: Sinistcha|spd|1\n|\n|upkeep\n|turn|2\n|inactive|Time left: 300 sec this turn | 300 sec total\n|\n|t:|1783573683\n|switch|p1a: Regice|Regice, L88|100/100\n|move|p2a: Sinistcha|Shadow Ball|p1a: Regice\n|-damage|p1a: Regice|75/100\n|\n|upkeep\n|turn|3\n|inactive|Time left: 300 sec this turn | 300 sec total\n|\n|t:|1783573684\n|move|p2a: Sinistcha|Calm Mind|p2a: Sinistcha\n|-boost|p2a: Sinistcha|spa|1\n|-boost|p2a: Sinistcha|spd|1\n|move|p1a: Regice|Ice Beam|p2a: Sinistcha\n|-supereffective|p2a: Sinistcha\n|-damage|p2a: Sinistcha|140/254\n|\n|-heal|p2a: Sinistcha|155/254|[from] item: Leftovers\n|upkeep\n|turn|4\n|inactive|Time left: 300 sec this turn | 300 sec total\n|\n|t:|1783573685\n|move|p2a: Sinistcha|Matcha Gotcha|p1a: Regice\n|-damage|p1a: Regice|40/100\n|-heal|p2a: Sinistcha|205/254|[from] drain|[of] p1a: Regice\n|-status|p1a: Regice|brn\n|move|p1a: Regice|Ice Beam|p2a: Sinistcha\n|-supereffective|p2a: Sinistcha\n|-damage|p2a: Sinistcha|95/254\n|-status|p2a: Sinistcha|frz\n|\n|-heal|p2a: Sinistcha|110/254 frz|[from] item: Leftovers\n|-damage|p1a: Regice|34/100 brn|[from] brn\n|upkeep\n|turn|5\n|inactive|Time left: 300 sec this turn | 300 sec total\n|\n|t:|1783573686\n|switch|p1a: Dipplin|Dipplin, L88, M|100/100\n|-curestatus|p2a: Sinistcha|frz|[from] move: Matcha Gotcha\n|move|p2a: Sinistcha|Matcha Gotcha|p1a: Dipplin\n|-resisted|p1a: Dipplin\n|-damage|p1a: Dipplin|89/100\n|-heal|p2a: Sinistcha|126/254|[from] drain|[of] p1a: Dipplin\n|\n|-heal|p2a: Sinistcha|141/254|[from] item: Leftovers\n|upkeep\n|turn|6\n|inactive|Time left: 300 sec this turn | 300 sec total\n|\n|t:|1783573687\n|move|p2a: Sinistcha|Strength Sap|p1a: Dipplin\n|-unboost|p1a: Dipplin|atk|1\n|-heal|p2a: Sinistcha|254/254\n|move|p1a: Dipplin|Dragon Tail|p2a: Sinistcha\n|-damage|p2a: Sinistcha|221/254\n|drag|p2a: Tornadus|Tornadus-Therian, L79, M|254/254\n|\n|upkeep\n|turn|7\n|inactive|Time left: 300 sec this turn | 300 sec total\n|\n|t:|1783573688\n|move|p2a: Tornadus|Nasty Plot|p2a: Tornadus\n|-boost|p2a: Tornadus|spa|2\n|move|p1a: Dipplin|Giga Drain|p2a: Tornadus\n|-resisted|p2a: Tornadus\n|-damage|p2a: Tornadus|206/254\n|-heal|p1a: Dipplin|98/100|[from] drain|[of] p2a: Tornadus\n|\n|upkeep\n|turn|8\n|inactive|Time left: 300 sec this turn | 300 sec total\n|\n|t:|1783573689\n|switch|p1a: Iron Hands|Iron Hands, L79|100/100\n|move|p2a: Tornadus|Bleakwind Storm|p1a: Iron Hands\n|-damage|p1a: Iron Hands|49/100\n|\n|upkeep\n|turn|9\n|inactive|Time left: 300 sec this turn | 300 sec total\n|\n|t:|1783573690\n|-terastallize|p2a: Tornadus|Fighting\n|move|p2a: Tornadus|Focus Blast|p1a: Iron Hands\n|-damage|p1a: Iron Hands|0 fnt\n|faint|p1a: Iron Hands\n|-end|p1a: Iron Hands|Quark Drive|[silent]\n|\n|upkeep\n|\n|t:|1783573691\n|switch|p1a: Ribombee|Ribombee, L83, M|100/100\n|turn|10\n|inactive|Time left: 300 sec this turn | 300 sec total\n|\n|t:|1783573692\n|move|p1a: Ribombee|Moonblast|p2a: Tornadus\n|-supereffective|p2a: Tornadus\n|-damage|p2a: Tornadus|12/254\n|move|p2a: Tornadus|Bleakwind Storm|p1a: Ribombee|[miss]\n|-miss|p2a: Tornadus|p1a: Ribombee\n|\n|upkeep\n|turn|11\n|inactive|Time left: 300 sec this turn | 300 sec total\n|\n|t:|1783573693\n|switch|p2a: Magmortar|Magmortar, L88, F|275/275\n|move|p1a: Ribombee|Moonblast|p2a: Magmortar\n|-resisted|p2a: Magmortar\n|-damage|p2a: Magmortar|229/275\n|\n|upkeep\n|turn|12\n|inactive|Time left: 300 sec this turn | 300 sec total\n|\n|t:|1783573694\n|switch|p1a: Dipplin|Dipplin, L88, M|98/100\n|move|p2a: Magmortar|Fire Blast|p1a: Dipplin\n|-damage|p1a: Dipplin|60/100\n|\n|upkeep\n|turn|13\n|inactive|Time left: 300 sec this turn | 300 sec total\n|\n|t:|1783573695\n|move|p2a: Magmortar|Fire Blast|p1a: Dipplin\n|-damage|p1a: Dipplin|20/100\n|move|p1a: Dipplin|Recover|p1a: Dipplin\n|-heal|p1a: Dipplin|70/100\n|\n|upkeep\n|turn|14\n|inactive|Time left: 300 sec this turn | 300 sec total\n|\n|t:|1783573696\n|move|p2a: Magmortar|Fire Blast|p1a: Dipplin\n|-damage|p1a: Dipplin|35/100\n|move|p1a: Dipplin|Dragon Pulse|p2a: Magmortar\n|-damage|p2a: Magmortar|139/275\n|\n|upkeep\n|turn|15\n|inactive|Time left: 300 sec this turn | 300 sec total\n|\n|t:|1783573697\n|switch|p1a: Dewgong|Dewgong, L94, M|100/100\n|move|p2a: Magmortar|Fire Blast|p1a: Dewgong\n|-damage|p1a: Dewgong|81/100\n|\n|upkeep\n|turn|16\n|inactive|Time left: 300 sec this turn | 300 sec total\n|\n|t:|1783573699\n|move|p2a: Magmortar|Will-O-Wisp|p1a: Dewgong\n|-status|p1a: Dewgong|brn\n|move|p1a: Dewgong|Surf|p2a: Magmortar\n|-supereffective|p2a: Magmortar\n|-damage|p2a: Magmortar|0 fnt\n|faint|p2a: Magmortar\n|\n|-damage|p1a: Dewgong|74/100 brn|[from] brn\n|upkeep\n|inactive|Time left: 300 sec this turn | 300 sec total | 5 sec grace\n|\n|t:|1783573700\n|switch|p2a: Sinistcha|Sinistcha-Masterpiece, L83|221/254\n|-activate|p2a: Sinistcha|move: Sticky Web\n|-unboost|p2a: Sinistcha|spe|1\n|turn|17\n|inactive|Time left: 300 sec this turn | 300 sec total\n|\n|t:|1783573701\n|move|p1a: Dewgong|Triple Axel|p2a: Sinistcha\n|-supereffective|p2a: Sinistcha\n|-damage|p2a: Sinistcha|205/254\n|-supereffective|p2a: Sinistcha\n|-crit|p2a: Sinistcha\n|-damage|p2a: Sinistcha|153/254\n|-supereffective|p2a: Sinistcha\n|-damage|p2a: Sinistcha|102/254\n|-hitcount|p2a: Sinistcha|3\n|move|p2a: Sinistcha|Strength Sap|p1a: Dewgong\n|-unboost|p1a: Dewgong|atk|1\n|-heal|p2a: Sinistcha|254/254\n|\n|-damage|p1a: Dewgong|68/100 brn|[from] brn\n|upkeep\n|turn|18\n|inactive|Time left: 300 sec this turn | 300 sec total\n|\n|t:|1783573702\n|switch|p1a: Dipplin|Dipplin, L88, M|35/100\n|move|p2a: Sinistcha|Calm Mind|p2a: Sinistcha\n|-boost|p2a: Sinistcha|spa|1\n|-boost|p2a: Sinistcha|spd|1\n|\n|upkeep\n|turn|19\n|inactive|Time left: 300 sec this turn | 300 sec total\n|\n|t:|1783573703\n|move|p1a: Dipplin|Recover|p1a: Dipplin\n|-heal|p1a: Dipplin|85/100\n|move|p2a: Sinistcha|Shadow Ball|p1a: Dipplin\n|-damage|p1a: Dipplin|50/100\n|-unboost|p1a: Dipplin|spd|1\n|\n|upkeep\n|turn|20\n|inactive|Time left: 300 sec this turn | 300 sec total\n|\n|t:|1783573704\n|move|p1a: Dipplin|Recover|p1a: Dipplin\n|-heal|p1a: Dipplin|99/100\n|move|p2a: Sinistcha|Shadow Ball|p1a: Dipplin\n|-crit|p1a: Dipplin\n|-damage|p1a: Dipplin|25/100\n|\n|upkeep\n|turn|21\n|inactive|Time left: 300 sec this turn | 300 sec total\n|\n|t:|1783573705\n|move|p1a: Dipplin|Recover|p1a: Dipplin\n|-heal|p1a: Dipplin|75/100\n|move|p2a: Sinistcha|Shadow Ball|p1a: Dipplin\n|-damage|p1a: Dipplin|23/100\n|\n|upkeep\n|turn|22\n|inactive|Time left: 300 sec this turn | 300 sec total\n|\n|t:|1783573706\n|move|p1a: Dipplin|Recover|p1a: Dipplin\n|-heal|p1a: Dipplin|73/100\n|move|p2a: Sinistcha|Shadow Ball|p1a: Dipplin\n|-damage|p1a: Dipplin|17/100\n|\n|upkeep\n|turn|23\n|inactive|Time left: 300 sec this turn | 300 sec total\n|\n|t:|1783573707\n|move|p1a: Dipplin|Recover|p1a: Dipplin\n|-heal|p1a: Dipplin|67/100\n|move|p2a: Sinistcha|Shadow Ball|p1a: Dipplin\n|-damage|p1a: Dipplin|11/100\n|\n|upkeep\n|turn|24\n|inactive|Time left: 300 sec this turn | 300 sec total\n|\n|t:|1783573708\n|move|p1a: Dipplin|Recover|p1a: Dipplin\n|-heal|p1a: Dipplin|61/100\n|move|p2a: Sinistcha|Shadow Ball|p1a: Dipplin\n|-damage|p1a: Dipplin|9/100\n|\n|upkeep\n|turn|25\n|inactive|Time left: 300 sec this turn | 300 sec total\n|\n|t:|1783573709\n|move|p1a: Dipplin|Recover|p1a: Dipplin\n|-heal|p1a: Dipplin|59/100\n|move|p2a: Sinistcha|Shadow Ball|p1a: Dipplin\n|-damage|p1a: Dipplin|9/100\n|\n|upkeep\n|turn|26\n|inactive|Time left: 300 sec this turn | 300 sec total\n|\n|t:|1783573710\n|move|p1a: Dipplin|Dragon Pulse|p2a: Sinistcha\n|-damage|p2a: Sinistcha|178/254\n|move|p2a: Sinistcha|Shadow Ball|p1a: Dipplin\n|-damage|p1a: Dipplin|0 fnt\n|faint|p1a: Dipplin\n|\n|-heal|p2a: Sinistcha|193/254|[from] item: Leftovers\n|upkeep\n|\n|t:|1783573711\n|switch|p1a: Regice|Regice, L88|34/100 brn\n|turn|27\n|inactive|Time left: 300 sec this turn | 300 sec total\n|\n|t:|1783573712\n|move|p1a: Regice|Ice Beam|p2a: Sinistcha\n|-supereffective|p2a: Sinistcha\n|-damage|p2a: Sinistcha|37/254\n|move|p2a: Sinistcha|Strength Sap|p1a: Regice\n|-fail|p1a: Regice|unboost|[from] ability: Clear Body|[of] p1a: Regice\n|-heal|p2a: Sinistcha|130/254\n|\n|-heal|p2a: Sinistcha|145/254|[from] item: Leftovers\n|-damage|p1a: Regice|28/100 brn|[from] brn\n|upkeep\n|turn|28\n|inactive|Time left: 300 sec this turn | 300 sec total\n|\n|t:|1783573713\n|move|p1a: Regice|Ice Beam|p2a: Sinistcha\n|-supereffective|p2a: Sinistcha\n|-damage|p2a: Sinistcha|0 fnt\n|faint|p2a: Sinistcha\n|\n|-damage|p1a: Regice|22/100 brn|[from] brn\n|upkeep\n|inactive|Time left: 300 sec this turn | 300 sec total | 5 sec grace\n|\n|t:|1783573714\n|switch|p2a: Kleavor|Kleavor, L78, M|237/237\n|-activate|p2a: Kleavor|move: Sticky Web\n|-unboost|p2a: Kleavor|spe|1\n|turn|29\n|inactive|Time left: 300 sec this turn | 300 sec total\n|\n|t:|1783573715\n|move|p2a: Kleavor|Stone Axe|p1a: Regice\n|-supereffective|p1a: Regice\n|-damage|p1a: Regice|0 fnt\n|-sidestart|p1: p0x2925e991|move: Stealth Rock\n|faint|p1a: Regice\n|\n|upkeep\n|\n|t:|1783573716\n|switch|p1a: Duraludon|Duraludon, L82, M|100/100\n|-damage|p1a: Duraludon|94/100|[from] Stealth Rock\n|turn|30\n|inactive|Time left: 300 sec this turn | 300 sec total\n|\n|t:|1783573717\n|switch|p2a: Rotom|Rotom, L88|231/231\n|move|p1a: Duraludon|Flash Cannon|p2a: Rotom\n|-resisted|p2a: Rotom\n|-damage|p2a: Rotom|184/231\n|-unboost|p2a: Rotom|spd|1\n|\n|upkeep\n|turn|31\n|inactive|Time left: 300 sec this turn | 300 sec total\n|\n|t:|1783573718\n|move|p2a: Rotom|Shadow Ball|p1a: Duraludon\n|-damage|p1a: Duraludon|46/100\n|-damage|p2a: Rotom|161/231|[from] item: Life Orb\n|move|p1a: Duraludon|Draco Meteor|p2a: Rotom\n|-damage|p2a: Rotom|0 fnt\n|-unboost|p1a: Duraludon|spa|2\n|faint|p2a: Rotom\n|\n|upkeep\n|inactive|Time left: 300 sec this turn | 300 sec total | 5 sec grace\n|\n|t:|1783573719\n|switch|p2a: Tornadus|Tornadus-Therian, L79, M, tera:Fighting|96/254\n|turn|32\n|inactive|Time left: 300 sec this turn | 300 sec total\n|\n|t:|1783573720\n|switch|p2a: Hawlucha|Hawlucha, L80, F|256/256\n|switch|p1a: Dewgong|Dewgong, L94, M|68/100 brn\n|\n|-damage|p1a: Dewgong|62/100 brn|[from] brn\n|upkeep\n|turn|33\n|inactive|Time left: 300 sec this turn | 300 sec total\n|\n|t:|1783573721\n|move|p2a: Hawlucha|Swords Dance|p2a: Hawlucha\n|-boost|p2a: Hawlucha|atk|2\n|move|p1a: Dewgong|Flip Turn|p2a: Hawlucha\n|-damage|p2a: Hawlucha|220/256\n|\n|t:|1783573722\n|switch|p1a: Ribombee|Ribombee, L83, M|100/100|[from] Flip Turn\n|-damage|p1a: Ribombee|76/100|[from] Stealth Rock\n|\n|upkeep\n|turn|34\n|inactive|Time left: 300 sec this turn | 300 sec total\n|\n|t:|1783573723\n|switch|p2a: Kleavor|Kleavor, L78, M|237/237\n|-activate|p2a: Kleavor|move: Sticky Web\n|-unboost|p2a: Kleavor|spe|1\n|move|p1a: Ribombee|Moonblast|p2a: Kleavor\n|-damage|p2a: Kleavor|123/237\n|\n|upkeep\n|turn|35\n|inactive|Time left: 300 sec this turn | 300 sec total\n|\n|t:|1783573724\n|move|p1a: Ribombee|Moonblast|p2a: Kleavor\n|-damage|p2a: Kleavor|0 fnt\n|faint|p2a: Kleavor\n|\n|upkeep\n|inactive|Time left: 300 sec this turn | 300 sec total | 5 sec grace\n|\n|t:|1783573724\n|switch|p2a: Tornadus|Tornadus-Therian, L79, M, tera:Fighting|180/254\n|turn|36\n|inactive|Time left: 300 sec this turn | 300 sec total\n|\n|t:|1783573725\n|switch|p2a: Hawlucha|Hawlucha, L80, F|220/256\n|move|p1a: Ribombee|Moonblast|p2a: Hawlucha\n|-supereffective|p2a: Hawlucha\n|-damage|p2a: Hawlucha|0 fnt\n|faint|p2a: Hawlucha\n|\n|upkeep\n|inactive|Time left: 300 sec this turn | 300 sec total | 5 sec grace\n|\n|t:|1783573726\n|switch|p2a: Tornadus|Tornadus-Therian, L79, M, tera:Fighting|254/254\n|turn|37\n|inactive|Time left: 300 sec this turn | 300 sec total\n|\n|t:|1783573727\n|-terastallize|p1a: Ribombee|Ghost\n|move|p1a: Ribombee|Moonblast|p2a: Tornadus\n|-supereffective|p2a: Tornadus\n|-damage|p2a: Tornadus|66/254\n|move|p2a: Tornadus|Bleakwind Storm|p1a: Ribombee\n|-damage|p1a: Ribombee|24/100\n|\n|upkeep\n|turn|38\n|inactive|Time left: 300 sec this turn | 300 sec total\n|\n|t:|1783573728\n|move|p1a: Ribombee|Moonblast|p2a: Tornadus\n|-supereffective|p2a: Tornadus\n|-damage|p2a: Tornadus|0 fnt\n|faint|p2a: Tornadus\n|\n|win|p0x2925e991", "uploadtime": 1783573728, "views": 0, "rating": 0, "private": 0, "password": null, "_winner": "p0x2925e991", "_our_name": "p0y2925e84d"}