{"id": "battle-gen9randombattle-2052", "formatid": "gen9randombattle", "format": "[Gen 9] Random Battle", "players": ["p0x205275e6", "p0y2052acf9"], "log": "|init|battle\n|title|p0x205275e6 vs. p0y2052acf9\n|j|\u2606p0x205275e6\n|j|\u2606p0y2052acf9\n|t:|1783563001\n|gametype|singles\n|player|p1|p0x205275e6|266|\n|player|p2|p0y2052acf9|170|\n|gen|9\n|tier|[Gen 9] Random Battle\n|rule|Species Clause: Limit one of each Pok\u00e9mon\n|rule|HP Percentage Mod: HP is shown in percentages\n|rule|Sleep Clause Mod: Limit one foe put to sleep\n|rule|Illusion Level Mod: Illusion disguises the Pok\u00e9mon's true level\n|\n|t:|1783563001\n|teamsize|p1|6\n|teamsize|p2|6\n|start\n|switch|p1a: Registeel|Registeel, L81|262/262\n|switch|p2a: Iron Jugulis|Iron Jugulis, L77|100/100\n|turn|1\n|inactive|Battle timer is ON: inactive players will automatically lose when time's up. (requested by p0x205275e6)\n|inactive|p0y2052acf9 also wants the timer to be on.\n|\n|t:|1783563002\n|move|p2a: Iron Jugulis|Meteor Beam||[still]\n|-prepare|p2a: Iron Jugulis|Meteor Beam\n|-boost|p2a: Iron Jugulis|spa|1\n|-enditem|p2a: Iron Jugulis|Power Herb\n|-anim|p2a: Iron Jugulis|Meteor Beam|p1a: Registeel\n|-resisted|p1a: Registeel\n|-damage|p1a: Registeel|223/262\n|move|p1a: Registeel|Body Press|p2a: Iron Jugulis\n|-damage|p2a: Iron Jugulis|71/100\n|\n|-heal|p1a: Registeel|239/262|[from] item: Leftovers\n|upkeep\n|turn|2\n|inactive|Time left: 300 sec this turn | 300 sec total\n|\n|t:|1783563003\n|move|p2a: Iron Jugulis|Dark Pulse|p1a: Registeel\n|-damage|p1a: Registeel|145/262\n|move|p1a: Registeel|Body Press|p2a: Iron Jugulis\n|-damage|p2a: Iron Jugulis|43/100\n|\n|-heal|p1a: Registeel|161/262|[from] item: Leftovers\n|upkeep\n|turn|3\n|inactive|Time left: 300 sec this turn | 300 sec total\n|\n|t:|1783563004\n|move|p2a: Iron Jugulis|Earth Power|p1a: Registeel\n|-supereffective|p1a: Registeel\n|-damage|p1a: Registeel|31/262\n|move|p1a: Registeel|Iron Head|p2a: Iron Jugulis\n|-damage|p2a: Iron Jugulis|17/100\n|\n|-heal|p1a: Registeel|47/262|[from] item: Leftovers\n|upkeep\n|turn|4\n|inactive|Time left: 300 sec this turn | 300 sec total\n|\n|t:|1783563005\n|move|p2a: Iron Jugulis|Dark Pulse|p1a: Registeel\n|-damage|p1a: Registeel|0 fnt\n|faint|p1a: Registeel\n|\n|upkeep\n|inactive|Time left: 300 sec this turn | 300 sec total | 5 sec grace\n|\n|t:|1783563005\n|switch|p1a: Iron Leaves|Iron Leaves, L80|275/275\n|turn|5\n|inactive|Time left: 300 sec this turn | 300 sec total\n|\n|t:|1783563006\n|move|p1a: Iron Leaves|Leaf Blade|p2a: Iron Jugulis\n|-resisted|p2a: Iron Jugulis\n|-crit|p2a: Iron Jugulis\n|-damage|p2a: Iron Jugulis|0 fnt\n|faint|p2a: Iron Jugulis\n|-end|p2a: Iron Jugulis|Quark Drive|[silent]\n|\n|upkeep\n|\n|t:|1783563007\n|switch|p2a: Gouging Fire|Gouging Fire, L74|100/100\n|turn|6\n|inactive|Time left: 300 sec this turn | 300 sec total\n|\n|t:|1783563008\n|-end|p1a: Iron Leaves|Quark Drive|[silent]\n|switch|p1a: Duraludon|Duraludon, L82, M|249/249\n|move|p2a: Gouging Fire|Dragon Dance|p2a: Gouging Fire\n|-boost|p2a: Gouging Fire|atk|1\n|-boost|p2a: Gouging Fire|spe|1\n|\n|upkeep\n|turn|7\n|inactive|Time left: 300 sec this turn | 300 sec total\n|\n|t:|1783563009\n|-terastallize|p2a: Gouging Fire|Ground\n|move|p2a: Gouging Fire|Outrage|p1a: Duraludon\n|-damage|p1a: Duraludon|161/249\n|move|p1a: Duraludon|Draco Meteor|p2a: Gouging Fire\n|-damage|p2a: Gouging Fire|40/100\n|-unboost|p1a: Duraludon|spa|2\n|\n|upkeep\n|turn|8\n|inactive|Time left: 300 sec this turn | 300 sec total\n|\n|t:|1783563010\n|move|p2a: Gouging Fire|Outrage|p1a: Duraludon|[from] lockedmove\n|-damage|p1a: Duraludon|68/249\n|-start|p2a: Gouging Fire|confusion|[fatigue]\n|move|p1a: Duraludon|Draco Meteor|p2a: Gouging Fire\n|-damage|p2a: Gouging Fire|12/100\n|-unboost|p1a: Duraludon|spa|2\n|\n|upkeep\n|turn|9\n|inactive|Time left: 300 sec this turn | 300 sec total\n|\n|t:|1783563011\n|switch|p1a: Girafarig|Girafarig, L89, F|269/269\n|-activate|p2a: Gouging Fire|confusion\n|move|p2a: Gouging Fire|Outrage|p1a: Girafarig\n|-damage|p1a: Girafarig|137/269\n|\n|upkeep\n|turn|10\n|inactive|Time left: 300 sec this turn | 300 sec total\n|\n|t:|1783563012\n|-activate|p2a: Gouging Fire|confusion\n|-damage|p2a: Gouging Fire|0 fnt|[from] confusion\n|faint|p2a: Gouging Fire\n|-end|p2a: Gouging Fire|Protosynthesis|[silent]\n|move|p1a: Girafarig|Hyper Voice|p2: Gouging Fire|[notarget]\n|-fail|p1a: Girafarig\n|\n|upkeep\n|\n|t:|1783563013\n|switch|p2a: Falinks|Falinks, L84|100/100\n|turn|11\n|inactive|Time left: 300 sec this turn | 300 sec total\n|\n|t:|1783563014\n|move|p1a: Girafarig|Psyshock|p2a: Falinks\n|-supereffective|p2a: Falinks\n|-damage|p2a: Falinks|39/100\n|move|p2a: Falinks|No Retreat|p2a: Falinks\n|-boost|p2a: Falinks|atk|1\n|-boost|p2a: Falinks|def|1\n|-boost|p2a: Falinks|spa|1\n|-boost|p2a: Falinks|spd|1\n|-boost|p2a: Falinks|spe|1\n|-start|p2a: Falinks|move: No Retreat\n|\n|upkeep\n|turn|12\n|inactive|Time left: 300 sec this turn | 300 sec total\n|\n|t:|1783563015\n|switch|p1a: Iron Leaves|Iron Leaves, L80|275/275\n|move|p2a: Falinks|Close Combat|p1a: Iron Leaves\n|-resisted|p1a: Iron Leaves\n|-damage|p1a: Iron Leaves|141/275\n|-unboost|p2a: Falinks|def|1\n|-unboost|p2a: Falinks|spd|1\n|-damage|p2a: Falinks|29/100|[from] item: Life Orb\n|\n|upkeep\n|turn|13\n|inactive|Time left: 300 sec this turn | 300 sec total\n|\n|t:|1783563016\n|-terastallize|p1a: Iron Leaves|Fighting\n|move|p2a: Falinks|Knock Off|p1a: Iron Leaves\n|-resisted|p1a: Iron Leaves\n|-damage|p1a: Iron Leaves|76/275\n|-enditem|p1a: Iron Leaves|Choice Band|[from] move: Knock Off|[of] p2a: Falinks\n|-damage|p2a: Falinks|19/100|[from] item: Life Orb\n|move|p1a: Iron Leaves|Close Combat|p2a: Falinks\n|-damage|p2a: Falinks|0 fnt\n|-unboost|p1a: Iron Leaves|def|1\n|-unboost|p1a: Iron Leaves|spd|1\n|faint|p2a: Falinks\n|\n|upkeep\n|\n|t:|1783563017\n|switch|p2a: Gardevoir|Gardevoir, L83, F|100/100\n|turn|14\n|inactive|Time left: 300 sec this turn | 300 sec total\n|\n|t:|1783563018\n|move|p2a: Gardevoir|Moonblast|p1a: Iron Leaves\n|-supereffective|p1a: Iron Leaves\n|-damage|p1a: Iron Leaves|0 fnt\n|faint|p1a: Iron Leaves\n|-end|p1a: Iron Leaves|Quark Drive|[silent]\n|\n|upkeep\n|inactive|Time left: 300 sec this turn | 300 sec total | 5 sec grace\n|\n|t:|1783563019\n|switch|p1a: Sceptile|Sceptile, L87, M|264/264\n|-ability|p2a: Gardevoir|Overgrow|Trace|[from] ability: Trace|[of] p1a: Sceptile\n|turn|15\n|inactive|Time left: 300 sec this turn | 300 sec total\n|\n|t:|1783563020\n|move|p2a: Gardevoir|Moonblast|p1a: Sceptile\n|-damage|p1a: Sceptile|134/264\n|move|p1a: Sceptile|Swords Dance|p1a: Sceptile\n|-boost|p1a: Sceptile|atk|2\n|\n|upkeep\n|turn|16\n|inactive|Time left: 300 sec this turn | 300 sec total\n|\n|t:|1783563021\n|move|p2a: Gardevoir|Moonblast|p1a: Sceptile\n|-damage|p1a: Sceptile|14/264\n|-unboost|p1a: Sceptile|spa|1\n|move|p1a: Sceptile|Leaf Blade|p2a: Gardevoir\n|-damage|p2a: Gardevoir|0 fnt\n|faint|p2a: Gardevoir\n|-damage|p1a: Sceptile|0 fnt|[from] item: Life Orb\n|faint|p1a: Sceptile\n|\n|upkeep\n|inactive|Time left: 300 sec this turn | 300 sec total | 5 sec grace\n|\n|t:|1783563022\n|switch|p1a: Girafarig|Girafarig, L89, F|137/269\n|switch|p2a: Darkrai|Darkrai, L77|100/100\n|turn|17\n|inactive|Time left: 300 sec this turn | 300 sec total\n|\n|t:|1783563023\n|switch|p1a: Quaquaval|Quaquaval, L79, M|264/264\n|move|p2a: Darkrai|Dark Pulse|p1a: Quaquaval\n|-resisted|p1a: Quaquaval\n|-damage|p1a: Quaquaval|213/264\n|\n|-heal|p1a: Quaquaval|229/264|[from] item: Leftovers\n|upkeep\n|turn|18\n|inactive|Time left: 300 sec this turn | 300 sec total\n|\n|t:|1783563024\n|switch|p2a: Bellossom|Bellossom, L84, F|100/100\n|move|p1a: Quaquaval|Aqua Step|p2a: Bellossom\n|-resisted|p2a: Bellossom\n|-damage|p2a: Bellossom|85/100\n|-boost|p1a: Quaquaval|spe|1\n|\n|-heal|p1a: Quaquaval|245/264|[from] item: Leftovers\n|-heal|p2a: Bellossom|91/100|[from] item: Leftovers\n|upkeep\n|turn|19\n|inactive|Time left: 300 sec this turn | 300 sec total\n|\n|t:|1783563025\n|switch|p1a: Girafarig|Girafarig, L89, F|137/269\n|move|p2a: Bellossom|Quiver Dance|p2a: Bellossom\n|-boost|p2a: Bellossom|spa|1\n|-boost|p2a: Bellossom|spd|1\n|-boost|p2a: Bellossom|spe|1\n|\n|-heal|p2a: Bellossom|97/100|[from] item: Leftovers\n|upkeep\n|turn|20\n|inactive|Time left: 300 sec this turn | 300 sec total\n|\n|t:|1783563026\n|move|p1a: Girafarig|Nasty Plot|p1a: Girafarig\n|-boost|p1a: Girafarig|spa|2\n|move|p2a: Bellossom|Quiver Dance|p2a: Bellossom\n|-boost|p2a: Bellossom|spa|1\n|-boost|p2a: Bellossom|spd|1\n|-boost|p2a: Bellossom|spe|1\n|\n|-heal|p2a: Bellossom|100/100|[from] item: Leftovers\n|upkeep\n|turn|21\n|inactive|Time left: 300 sec this turn | 300 sec total\n|\n|t:|1783563027\n|move|p2a: Bellossom|Tera Blast|p1a: Girafarig\n|-damage|p1a: Girafarig|50/269\n|move|p1a: Girafarig|Psyshock|p2a: Bellossom\n|-damage|p2a: Bellossom|35/100\n|\n|-heal|p2a: Bellossom|41/100|[from] item: Leftovers\n|upkeep\n|turn|22\n|inactive|Time left: 300 sec this turn | 300 sec total\n|\n|t:|1783563028\n|switch|p1a: Quaquaval|Quaquaval, L79, M|245/264\n|move|p2a: Bellossom|Tera Blast|p1a: Quaquaval\n|-damage|p1a: Quaquaval|108/264\n|\n|-heal|p2a: Bellossom|47/100|[from] item: Leftovers\n|-heal|p1a: Quaquaval|124/264|[from] item: Leftovers\n|upkeep\n|turn|23\n|inactive|Time left: 300 sec this turn | 300 sec total\n|\n|t:|1783563029\n|switch|p1a: Girafarig|Girafarig, L89, F|50/269\n|move|p2a: Bellossom|Giga Drain|p1a: Girafarig\n|-ability|p1a: Girafarig|Sap Sipper|boost\n|-boost|p1a: Girafarig|atk|1\n|\n|-heal|p2a: Bellossom|53/100|[from] item: Leftovers\n|upkeep\n|turn|24\n|inactive|Time left: 300 sec this turn | 300 sec total\n|\n|t:|1783563030\n|switch|p1a: Duraludon|Duraludon, L82, M|68/249\n|move|p2a: Bellossom|Tera Blast|p1a: Duraludon\n|-resisted|p1a: Duraludon\n|-damage|p1a: Duraludon|12/249\n|\n|-heal|p2a: Bellossom|59/100|[from] item: Leftovers\n|upkeep\n|turn|25\n|inactive|Time left: 300 sec this turn | 300 sec total\n|\n|t:|1783563031\n|move|p2a: Bellossom|Tera Blast|p1a: Duraludon\n|-resisted|p1a: Duraludon\n|-damage|p1a: Duraludon|0 fnt\n|faint|p1a: Duraludon\n|\n|-heal|p2a: Bellossom|66/100|[from] item: Leftovers\n|upkeep\n|inactive|Time left: 300 sec this turn | 300 sec total | 5 sec grace\n|\n|t:|1783563032\n|switch|p1a: Quaquaval|Quaquaval, L79, M|124/264\n|turn|26\n|inactive|Time left: 300 sec this turn | 300 sec total\n|\n|t:|1783563033\n|switch|p1a: Girafarig|Girafarig, L89, F|50/269\n|move|p2a: Bellossom|Giga Drain|p1a: Girafarig\n|-ability|p1a: Girafarig|Sap Sipper|boost\n|-boost|p1a: Girafarig|atk|1\n|\n|-heal|p2a: Bellossom|72/100|[from] item: Leftovers\n|upkeep\n|turn|27\n|inactive|Time left: 300 sec this turn | 300 sec total\n|\n|t:|1783563034\n|switch|p1a: Quaquaval|Quaquaval, L79, M|124/264\n|move|p2a: Bellossom|Tera Blast|p1a: Quaquaval\n|-damage|p1a: Quaquaval|0 fnt\n|faint|p1a: Quaquaval\n|\n|-heal|p2a: Bellossom|78/100|[from] item: Leftovers\n|upkeep\n|inactive|Time left: 300 sec this turn | 300 sec total | 5 sec grace\n|\n|t:|1783563035\n|switch|p1a: Girafarig|Girafarig, L89, F|50/269\n|turn|28\n|inactive|Time left: 300 sec this turn | 300 sec total\n|\n|t:|1783563036\n|move|p2a: Bellossom|Tera Blast|p1a: Girafarig\n|-damage|p1a: Girafarig|0 fnt\n|faint|p1a: Girafarig\n|\n|win|p0y2052acf9", "uploadtime": 1783563036, "views": 0, "rating": 0, "private": 0, "password": null, "_winner": "p0y2052acf9", "_our_name": "p0x205275e6"}