{"id": "battle-gen9randombattle-705", "formatid": "gen9randombattle", "format": "[Gen 9] Random Battle", "players": ["p0x705f49f", "p0y7050241"], "log": "|init|battle\n|title|p0x705f49f vs. p0y7050241\n|j|\u2606p0x705f49f\n|j|\u2606p0y7050241\n|t:|1783547987\n|gametype|singles\n|player|p1|p0x705f49f|265|\n|player|p2|p0y7050241|266|\n|gen|9\n|tier|[Gen 9] Random Battle\n|rule|Species Clause: Limit one of each Pok\u00e9mon\n|rule|HP Percentage Mod: HP is shown in percentages\n|rule|Sleep Clause Mod: Limit one foe put to sleep\n|rule|Illusion Level Mod: Illusion disguises the Pok\u00e9mon's true level\n|\n|t:|1783547987\n|teamsize|p1|6\n|teamsize|p2|6\n|start\n|switch|p1a: Pachirisu|Pachirisu, L96, M|271/271\n|switch|p2a: Miraidon|Miraidon, L65|100/100\n|-fieldstart|move: Electric Terrain|[from] ability: Hadron Engine|[of] p2a: Miraidon\n|turn|1\n|inactive|Battle timer is ON: inactive players will automatically lose when time's up. (requested by p0y7050241)\n|inactive|Time left: 300 sec this turn | 300 sec total | 60 sec grace\n|\n|t:|1783547989\n|move|p1a: Pachirisu|Super Fang|p2a: Miraidon\n|-damage|p2a: Miraidon|50/100\n|move|p2a: Miraidon|Calm Mind|p2a: Miraidon\n|-boost|p2a: Miraidon|spa|1\n|-boost|p2a: Miraidon|spd|1\n|\n|upkeep\n|turn|2\n|inactive|Time left: 300 sec this turn | 300 sec total\n|inactive|p0x705f49f also wants the timer to be on.\n|\n|t:|1783547990\n|move|p1a: Pachirisu|Super Fang|p2a: Miraidon\n|-damage|p2a: Miraidon|26/100\n|move|p2a: Miraidon|Electro Drift|p1a: Pachirisu\n|-immune|p1a: Pachirisu|[from] ability: Volt Absorb\n|\n|upkeep\n|turn|3\n|inactive|Time left: 300 sec this turn | 300 sec total\n|\n|t:|1783547991\n|move|p1a: Pachirisu|Super Fang|p2a: Miraidon\n|-damage|p2a: Miraidon|13/100\n|move|p2a: Miraidon|Draco Meteor|p1a: Pachirisu\n|-damage|p1a: Pachirisu|118/271\n|-unboost|p2a: Miraidon|spa|2\n|-damage|p2a: Miraidon|3/100|[from] item: Life Orb\n|\n|upkeep\n|turn|4\n|inactive|Time left: 300 sec this turn | 300 sec total\n|\n|t:|1783547992\n|switch|p2a: Gumshoos|Gumshoos, L95, M|100/100\n|move|p1a: Pachirisu|Thunderbolt|p2a: Gumshoos\n|-damage|p2a: Gumshoos|65/100\n|\n|upkeep\n|turn|5\n|inactive|Time left: 300 sec this turn | 300 sec total\n|\n|t:|1783547994\n|move|p1a: Pachirisu|Thunderbolt|p2a: Gumshoos\n|-damage|p2a: Gumshoos|30/100\n|-status|p2a: Gumshoos|par\n|move|p2a: Gumshoos|Knock Off|p1a: Pachirisu\n|-damage|p1a: Pachirisu|0 fnt\n|-enditem|p1a: Pachirisu|Assault Vest|[from] move: Knock Off|[of] p2a: Gumshoos\n|faint|p1a: Pachirisu\n|\n|-fieldend|move: Electric Terrain\n|upkeep\n|inactive|Time left: 300 sec this turn | 300 sec total | 5 sec grace\n|\n|t:|1783547995\n|switch|p1a: Armarouge|Armarouge, L80, F|267/267\n|turn|6\n|inactive|Time left: 300 sec this turn | 300 sec total\n|\n|t:|1783547996\n|move|p1a: Armarouge|Meteor Beam||[still]\n|-prepare|p1a: Armarouge|Meteor Beam\n|-boost|p1a: Armarouge|spa|1\n|-enditem|p1a: Armarouge|Power Herb\n|-anim|p1a: Armarouge|Meteor Beam|p2a: Gumshoos\n|-damage|p2a: Gumshoos|0 fnt\n|faint|p2a: Gumshoos\n|\n|upkeep\n|\n|t:|1783547997\n|switch|p2a: Miraidon|Miraidon, L65|3/100\n|-fieldstart|move: Electric Terrain|[from] ability: Hadron Engine|[of] p2a: Miraidon\n|turn|7\n|inactive|Time left: 300 sec this turn | 300 sec total\n|\n|t:|1783547998\n|move|p2a: Miraidon|Draco Meteor|p1a: Armarouge|[miss]\n|-miss|p2a: Miraidon|p1a: Armarouge\n|move|p1a: Armarouge|Meteor Beam||[still]\n|-prepare|p1a: Armarouge|Meteor Beam\n|-boost|p1a: Armarouge|spa|1\n|\n|upkeep\n|turn|8\n|inactive|Time left: 300 sec this turn | 300 sec total\n|\n|t:|1783547999\n|move|p2a: Miraidon|Electro Drift|p1a: Armarouge\n|-damage|p1a: Armarouge|56/267\n|-damage|p2a: Miraidon|0 fnt|[from] item: Life Orb\n|faint|p2a: Miraidon\n|move|p1a: Armarouge|Meteor Beam|p2: Miraidon|[from] lockedmove|[notarget]\n|-fail|p1a: Armarouge\n|\n|upkeep\n|\n|t:|1783548000\n|switch|p2a: Flareon|Flareon, L90, F|100/100\n|turn|9\n|inactive|Time left: 300 sec this turn | 300 sec total\n|\n|t:|1783548002\n|move|p2a: Flareon|Facade|p1a: Armarouge\n|-damage|p1a: Armarouge|0 fnt\n|faint|p1a: Armarouge\n|\n|-status|p2a: Flareon|tox|[from] item: Toxic Orb\n|upkeep\n|inactive|Time left: 300 sec this turn | 300 sec total | 5 sec grace\n|\n|t:|1783548003\n|switch|p1a: Jumpluff|Jumpluff, L87, M|271/271\n|turn|10\n|inactive|Time left: 300 sec this turn | 300 sec total\n|\n|t:|1783548004\n|move|p1a: Jumpluff|Substitute|p1a: Jumpluff\n|-start|p1a: Jumpluff|Substitute\n|-damage|p1a: Jumpluff|204/271\n|move|p2a: Flareon|Flare Blitz|p1a: Jumpluff\n|-supereffective|p1a: Jumpluff\n|-end|p1a: Jumpluff|Substitute\n|-damage|p2a: Flareon|92/100 tox|[from] Recoil|[of] p1a: Jumpluff\n|\n|-damage|p2a: Flareon|86/100 tox|[from] psn\n|upkeep\n|turn|11\n|inactive|Time left: 300 sec this turn | 300 sec total\n|\n|t:|1783548005\n|move|p1a: Jumpluff|Substitute|p1a: Jumpluff\n|-start|p1a: Jumpluff|Substitute\n|-damage|p1a: Jumpluff|137/271\n|move|p2a: Flareon|Facade|p1a: Jumpluff\n|-end|p1a: Jumpluff|Substitute\n|\n|-damage|p2a: Flareon|74/100 tox|[from] psn\n|-fieldend|move: Electric Terrain\n|upkeep\n|turn|12\n|inactive|Time left: 300 sec this turn | 300 sec total\n|\n|t:|1783548006\n|move|p1a: Jumpluff|Strength Sap|p2a: Flareon\n|-unboost|p2a: Flareon|atk|1\n|-heal|p1a: Jumpluff|271/271\n|move|p2a: Flareon|Flare Blitz|p1a: Jumpluff\n|-supereffective|p1a: Jumpluff\n|-damage|p1a: Jumpluff|0 fnt\n|faint|p1a: Jumpluff\n|-damage|p2a: Flareon|40/100 tox|[from] Recoil\n|\n|-damage|p2a: Flareon|22/100 tox|[from] psn\n|upkeep\n|inactive|Time left: 300 sec this turn | 300 sec total | 5 sec grace\n|\n|t:|1783548007\n|switch|p1a: Oricorio|Oricorio, L84, F|263/263\n|turn|13\n|inactive|Time left: 300 sec this turn | 300 sec total\n|\n|t:|1783548008\n|move|p1a: Oricorio|Quiver Dance|p1a: Oricorio\n|-boost|p1a: Oricorio|spa|1\n|-boost|p1a: Oricorio|spd|1\n|-boost|p1a: Oricorio|spe|1\n|move|p2a: Flareon|Facade|p1a: Oricorio\n|-damage|p1a: Oricorio|107/263\n|\n|-damage|p2a: Flareon|0 fnt|[from] psn\n|faint|p2a: Flareon\n|upkeep\n|\n|t:|1783548009\n|switch|p2a: Latios|Latios, L78, M|100/100\n|turn|14\n|inactive|Time left: 300 sec this turn | 300 sec total\n|\n|t:|1783548010\n|move|p1a: Oricorio|Roost|p1a: Oricorio\n|-heal|p1a: Oricorio|239/263\n|-singleturn|p1a: Oricorio|move: Roost\n|move|p2a: Latios|Psyshock|p1a: Oricorio\n|-damage|p1a: Oricorio|113/263\n|\n|upkeep\n|turn|15\n|inactive|Time left: 300 sec this turn | 300 sec total\n|\n|t:|1783548011\n|move|p1a: Oricorio|Roost|p1a: Oricorio\n|-heal|p1a: Oricorio|245/263\n|-singleturn|p1a: Oricorio|move: Roost\n|move|p2a: Latios|Psyshock|p1a: Oricorio\n|-damage|p1a: Oricorio|107/263\n|\n|upkeep\n|turn|16\n|inactive|Time left: 300 sec this turn | 300 sec total\n|\n|t:|1783548012\n|move|p1a: Oricorio|Roost|p1a: Oricorio\n|-heal|p1a: Oricorio|239/263\n|-singleturn|p1a: Oricorio|move: Roost\n|move|p2a: Latios|Psyshock|p1a: Oricorio\n|-crit|p1a: Oricorio\n|-damage|p1a: Oricorio|56/263\n|\n|upkeep\n|turn|17\n|inactive|Time left: 300 sec this turn | 300 sec total\n|\n|t:|1783548014\n|move|p1a: Oricorio|Hurricane|p2a: Latios\n|-damage|p2a: Latios|41/100\n|move|p2a: Latios|Psyshock|p1a: Oricorio\n|-damage|p1a: Oricorio|0 fnt\n|faint|p1a: Oricorio\n|\n|upkeep\n|inactive|Time left: 300 sec this turn | 300 sec total | 5 sec grace\n|\n|t:|1783548015\n|switch|p1a: Darkrai|Darkrai, L77|234/234\n|turn|18\n|inactive|Time left: 300 sec this turn | 300 sec total\n|\n|t:|1783548016\n|move|p1a: Darkrai|Dark Pulse|p2a: Latios\n|-supereffective|p2a: Latios\n|-damage|p2a: Latios|0 fnt\n|faint|p2a: Latios\n|-damage|p1a: Darkrai|211/234|[from] item: Life Orb\n|\n|upkeep\n|\n|t:|1783548017\n|switch|p2a: Jolteon|Jolteon, L84, F|100/100\n|turn|19\n|inactive|Time left: 300 sec this turn | 300 sec total\n|\n|t:|1783548018\n|move|p2a: Jolteon|Thunderbolt|p1a: Darkrai\n|-damage|p1a: Darkrai|97/234\n|move|p1a: Darkrai|Hypnosis|p2a: Jolteon\n|-status|p2a: Jolteon|slp|[from] move: Hypnosis\n|\n|-damage|p2a: Jolteon|88/100 slp|[from] ability: Bad Dreams|[of] p1a: Darkrai\n|upkeep\n|turn|20\n|inactive|Time left: 300 sec this turn | 300 sec total\n|\n|t:|1783548019\n|switch|p2a: Volbeat|Volbeat, L90, M|100/100\n|move|p1a: Darkrai|Nasty Plot|p1a: Darkrai\n|-boost|p1a: Darkrai|spa|2\n|\n|upkeep\n|turn|21\n|inactive|Time left: 300 sec this turn | 300 sec total\n|\n|t:|1783548020\n|move|p1a: Darkrai|Dark Pulse|p2a: Volbeat\n|-damage|p2a: Volbeat|14/100\n|-damage|p1a: Darkrai|74/234|[from] item: Life Orb\n|cant|p2a: Volbeat|flinch\n|\n|upkeep\n|turn|22\n|inactive|Time left: 300 sec this turn | 300 sec total\n|\n|t:|1783548021\n|move|p2a: Volbeat|Thunder Wave|p1a: Darkrai\n|-hint|Since gen 7, Dark is immune to Prankster moves.\n|-immune|p1a: Darkrai\n|move|p1a: Darkrai|Dark Pulse|p2a: Volbeat\n|-damage|p2a: Volbeat|0 fnt\n|faint|p2a: Volbeat\n|-damage|p1a: Darkrai|51/234|[from] item: Life Orb\n|\n|upkeep\n|\n|t:|1783548022\n|switch|p2a: Jolteon|Jolteon, L84, F|88/100 slp\n|turn|23\n|inactive|Time left: 300 sec this turn | 300 sec total\n|\n|t:|1783548023\n|-terastallize|p1a: Darkrai|Poison\n|cant|p2a: Jolteon|slp\n|move|p1a: Darkrai|Sludge Bomb|p2a: Jolteon\n|-damage|p2a: Jolteon|0 fnt\n|faint|p2a: Jolteon\n|-damage|p1a: Darkrai|28/234|[from] item: Life Orb\n|\n|win|p0x705f49f", "uploadtime": 1783548023, "views": 0, "rating": 0, "private": 0, "password": null, "_winner": "p0x705f49f", "_our_name": "p0x705f49f"}