{"id": "battle-gen9randombattle-692", "formatid": "gen9randombattle", "format": "[Gen 9] Random Battle", "players": ["p0x6920a5f", "p0y69227bb"], "log": "|init|battle\n|title|p0x6920a5f vs. p0y69227bb\n|j|\u2606p0x6920a5f\n|j|\u2606p0y69227bb\n|t:|1783547150\n|gametype|singles\n|player|p1|p0x6920a5f|169|\n|player|p2|p0y69227bb|265|\n|gen|9\n|tier|[Gen 9] Random Battle\n|rule|Species Clause: Limit one of each Pok\u00e9mon\n|rule|HP Percentage Mod: HP is shown in percentages\n|rule|Sleep Clause Mod: Limit one foe put to sleep\n|rule|Illusion Level Mod: Illusion disguises the Pok\u00e9mon's true level\n|\n|t:|1783547150\n|teamsize|p1|6\n|teamsize|p2|6\n|start\n|switch|p1a: Fezandipiti|Fezandipiti, L82, M|278/278\n|switch|p2a: Jumpluff|Jumpluff, L87, M|100/100\n|turn|1\n|inactive|Battle timer is ON: inactive players will automatically lose when time's up. (requested by p0x6920a5f)\n|inactive|p0y69227bb also wants the timer to be on.\n|\n|t:|1783547152\n|move|p2a: Jumpluff|Sleep Powder|p1a: Fezandipiti\n|-status|p1a: Fezandipiti|slp|[from] move: Sleep Powder\n|cant|p1a: Fezandipiti|slp\n|\n|upkeep\n|turn|2\n|inactive|Time left: 300 sec this turn | 300 sec total\n|\n|t:|1783547153\n|move|p2a: Jumpluff|Strength Sap|p1a: Fezandipiti\n|-unboost|p1a: Fezandipiti|atk|1\n|cant|p1a: Fezandipiti|slp\n|\n|upkeep\n|turn|3\n|inactive|Time left: 300 sec this turn | 300 sec total\n|\n|t:|1783547154\n|switch|p2a: Farigiraf|Farigiraf, L90, F|100/100\n|-curestatus|p1a: Fezandipiti|slp|[msg]\n|move|p1a: Fezandipiti|Moonblast|p2a: Farigiraf\n|-damage|p2a: Farigiraf|76/100\n|\n|-heal|p2a: Farigiraf|82/100|[from] item: Leftovers\n|upkeep\n|turn|4\n|inactive|Time left: 300 sec this turn | 300 sec total\n|\n|t:|1783547156\n|switch|p1a: Flareon|Flareon, L90, F|263/263\n|move|p2a: Farigiraf|Psychic Noise|p1a: Flareon\n|-damage|p1a: Flareon|178/263\n|-start|p1a: Flareon|move: Heal Block\n|\n|-heal|p2a: Farigiraf|88/100|[from] item: Leftovers\n|-status|p1a: Flareon|tox|[from] item: Toxic Orb\n|upkeep\n|turn|5\n|inactive|Time left: 300 sec this turn | 300 sec total\n|\n|t:|1783547157\n|move|p2a: Farigiraf|Protect|p2a: Farigiraf\n|-singleturn|p2a: Farigiraf|Protect\n|move|p1a: Flareon|Facade|p2a: Farigiraf\n|-activate|p2a: Farigiraf|move: Protect\n|\n|-heal|p2a: Farigiraf|94/100|[from] item: Leftovers\n|-damage|p1a: Flareon|162/263 tox|[from] psn\n|-end|p1a: Flareon|move: Heal Block\n|upkeep\n|turn|6\n|inactive|Time left: 300 sec this turn | 300 sec total\n|\n|t:|1783547158\n|switch|p2a: Stantler|Stantler, L92, M|100/100\n|-ability|p2a: Stantler|Intimidate|boost\n|-unboost|p1a: Flareon|atk|1\n|-terastallize|p1a: Flareon|Normal\n|move|p1a: Flareon|Facade|p2a: Stantler\n|-damage|p2a: Stantler|41/100\n|\n|-damage|p1a: Flareon|130/263 tox|[from] psn\n|upkeep\n|turn|7\n|inactive|Time left: 300 sec this turn | 300 sec total\n|\n|t:|1783547159\n|move|p2a: Stantler|Body Slam|p1a: Flareon\n|-damage|p1a: Flareon|0 fnt\n|faint|p1a: Flareon\n|\n|upkeep\n|inactive|Time left: 300 sec this turn | 300 sec total | 5 sec grace\n|\n|t:|1783547160\n|switch|p1a: Scizor|Scizor, L79, M|240/240\n|turn|8\n|inactive|Time left: 300 sec this turn | 300 sec total\n|\n|t:|1783547161\n|move|p2a: Stantler|Earthquake|p1a: Scizor\n|-damage|p1a: Scizor|157/240\n|move|p1a: Scizor|Knock Off|p2a: Stantler\n|-damage|p2a: Stantler|8/100\n|-enditem|p2a: Stantler|Eviolite|[from] move: Knock Off|[of] p1a: Scizor\n|\n|upkeep\n|turn|9\n|inactive|Time left: 300 sec this turn | 300 sec total\n|\n|t:|1783547163\n|move|p2a: Stantler|Earthquake|p1a: Scizor\n|-damage|p1a: Scizor|84/240\n|move|p1a: Scizor|Knock Off|p2a: Stantler\n|-damage|p2a: Stantler|0 fnt\n|faint|p2a: Stantler\n|\n|upkeep\n|\n|t:|1783547164\n|switch|p2a: Tsareena|Tsareena, L87, F|100/100\n|turn|10\n|inactive|Time left: 300 sec this turn | 300 sec total\n|\n|t:|1783547165\n|switch|p1a: Fezandipiti|Fezandipiti, L82, M|278/278\n|move|p2a: Tsareena|High Jump Kick|p1a: Fezandipiti\n|-resisted|p1a: Fezandipiti\n|-damage|p1a: Fezandipiti|238/278\n|-damage|p2a: Tsareena|91/100|[from] item: Life Orb\n|\n|-heal|p1a: Fezandipiti|255/278|[from] item: Leftovers\n|upkeep\n|turn|11\n|inactive|Time left: 300 sec this turn | 300 sec total\n|\n|t:|1783547166\n|move|p1a: Fezandipiti|Gunk Shot|p2a: Tsareena\n|-supereffective|p2a: Tsareena\n|-damage|p2a: Tsareena|8/100\n|-status|p2a: Tsareena|psn\n|move|p2a: Tsareena|Synthesis|p2a: Tsareena\n|-heal|p2a: Tsareena|57/100 psn\n|\n|-heal|p1a: Fezandipiti|272/278|[from] item: Leftovers\n|-damage|p2a: Tsareena|45/100 psn|[from] psn\n|upkeep\n|turn|12\n|inactive|Time left: 300 sec this turn | 300 sec total\n|\n|t:|1783547167\n|move|p1a: Fezandipiti|Gunk Shot|p2a: Tsareena\n|-supereffective|p2a: Tsareena\n|-damage|p2a: Tsareena|0 fnt\n|faint|p2a: Tsareena\n|\n|-heal|p1a: Fezandipiti|278/278|[from] item: Leftovers\n|upkeep\n|\n|t:|1783547168\n|switch|p2a: Farigiraf|Farigiraf, L90, F|94/100\n|turn|13\n|inactive|Time left: 300 sec this turn | 300 sec total\n|\n|t:|1783547169\n|move|p1a: Fezandipiti|Gunk Shot|p2a: Farigiraf\n|-damage|p2a: Farigiraf|57/100\n|move|p2a: Farigiraf|Psychic Noise|p1a: Fezandipiti\n|-supereffective|p1a: Fezandipiti\n|-damage|p1a: Fezandipiti|114/278\n|-start|p1a: Fezandipiti|move: Heal Block\n|\n|-heal|p2a: Farigiraf|63/100|[from] item: Leftovers\n|upkeep\n|turn|14\n|inactive|Time left: 300 sec this turn | 300 sec total\n|\n|t:|1783547170\n|move|p1a: Fezandipiti|Moonblast|p2a: Farigiraf\n|-damage|p2a: Farigiraf|42/100\n|-status|p2a: Farigiraf|tox|[from] ability: Toxic Chain|[of] p1a: Fezandipiti\n|move|p2a: Farigiraf|Psychic Noise|p1a: Fezandipiti\n|-supereffective|p1a: Fezandipiti\n|-damage|p1a: Fezandipiti|0 fnt\n|faint|p1a: Fezandipiti\n|\n|-heal|p2a: Farigiraf|48/100 tox|[from] item: Leftovers\n|-damage|p2a: Farigiraf|42/100 tox|[from] psn\n|upkeep\n|inactive|Time left: 300 sec this turn | 300 sec total | 5 sec grace\n|\n|t:|1783547171\n|switch|p1a: Urshifu|Urshifu, L74, F|270/270\n|turn|15\n|inactive|Time left: 300 sec this turn | 300 sec total\n|\n|t:|1783547172\n|move|p1a: Urshifu|Wicked Blow|p2a: Farigiraf\n|-supereffective|p2a: Farigiraf\n|-crit|p2a: Farigiraf\n|-damage|p2a: Farigiraf|0 fnt\n|faint|p2a: Farigiraf\n|\n|upkeep\n|\n|t:|1783547173\n|switch|p2a: Jumpluff|Jumpluff, L87, M|100/100\n|turn|16\n|inactive|Time left: 300 sec this turn | 300 sec total\n|\n|t:|1783547174\n|move|p2a: Jumpluff|Acrobatics|p1a: Urshifu\n|-supereffective|p1a: Urshifu\n|-damage|p1a: Urshifu|112/270\n|move|p1a: Urshifu|Wicked Blow|p2a: Jumpluff\n|-crit|p2a: Jumpluff\n|-damage|p2a: Jumpluff|22/100\n|\n|upkeep\n|turn|17\n|inactive|Time left: 300 sec this turn | 300 sec total\n|\n|t:|1783547175\n|move|p2a: Jumpluff|Acrobatics|p1a: Urshifu\n|-supereffective|p1a: Urshifu\n|-damage|p1a: Urshifu|0 fnt\n|faint|p1a: Urshifu\n|\n|upkeep\n|inactive|Time left: 300 sec this turn | 300 sec total | 5 sec grace\n|\n|t:|1783547176\n|switch|p1a: Scizor|Scizor, L79, M|84/240\n|turn|18\n|inactive|Time left: 300 sec this turn | 300 sec total\n|\n|t:|1783547177\n|move|p1a: Scizor|Bullet Punch|p2a: Jumpluff\n|-damage|p2a: Jumpluff|0 fnt\n|faint|p2a: Jumpluff\n|\n|upkeep\n|\n|t:|1783547177\n|switch|p2a: Regieleki|Regieleki, L79|100/100\n|turn|19\n|inactive|Time left: 300 sec this turn | 300 sec total\n|\n|t:|1783547178\n|move|p1a: Scizor|Bullet Punch|p2a: Regieleki\n|-resisted|p2a: Regieleki\n|-damage|p2a: Regieleki|69/100\n|move|p2a: Regieleki|Thunderbolt|p1a: Scizor\n|-damage|p1a: Scizor|0 fnt\n|faint|p1a: Scizor\n|\n|upkeep\n|inactive|Time left: 300 sec this turn | 300 sec total | 5 sec grace\n|\n|t:|1783547179\n|switch|p1a: Stantler|Stantler, L92, F|284/284\n|-ability|p1a: Stantler|Intimidate|boost\n|-unboost|p2a: Regieleki|atk|1\n|turn|20\n|inactive|Time left: 300 sec this turn | 300 sec total\n|\n|t:|1783547180\n|-terastallize|p2a: Regieleki|Ice\n|move|p2a: Regieleki|Thunderbolt|p1a: Stantler\n|-damage|p1a: Stantler|182/284\n|move|p1a: Stantler|Calm Mind|p1a: Stantler\n|-boost|p1a: Stantler|spa|1\n|-boost|p1a: Stantler|spd|1\n|\n|upkeep\n|turn|21\n|inactive|Time left: 300 sec this turn | 300 sec total\n|\n|t:|1783547181\n|move|p2a: Regieleki|Thunderbolt|p1a: Stantler\n|-damage|p1a: Stantler|110/284\n|move|p1a: Stantler|Tera Blast|p2a: Regieleki\n|-damage|p2a: Regieleki|0 fnt\n|faint|p2a: Regieleki\n|\n|upkeep\n|\n|t:|1783547182\n|switch|p2a: Luvdisc|Luvdisc, F|100/100\n|turn|22\n|inactive|Time left: 300 sec this turn | 300 sec total\n|\n|t:|1783547183\n|move|p2a: Luvdisc|Substitute|p2a: Luvdisc\n|-start|p2a: Luvdisc|Substitute\n|-damage|p2a: Luvdisc|76/100\n|move|p1a: Stantler|Tera Blast|p2a: Luvdisc\n|-crit|p2a: Luvdisc\n|-end|p2a: Luvdisc|Substitute\n|\n|upkeep\n|turn|23\n|inactive|Time left: 300 sec this turn | 300 sec total\n|\n|t:|1783547184\n|move|p2a: Luvdisc|Surf|p1a: Stantler\n|-crit|p1a: Stantler\n|-damage|p1a: Stantler|19/284\n|move|p1a: Stantler|Tera Blast|p2a: Luvdisc\n|-damage|p2a: Luvdisc|13/100\n|\n|upkeep\n|turn|24\n|inactive|Time left: 300 sec this turn | 300 sec total\n|\n|t:|1783547184\n|move|p2a: Luvdisc|Surf|p1a: Stantler\n|-damage|p1a: Stantler|0 fnt\n|faint|p1a: Stantler\n|\n|upkeep\n|inactive|Time left: 300 sec this turn | 300 sec total | 5 sec grace\n|\n|t:|1783547185\n|switch|p1a: Bruxish|Bruxish, L85, M|254/254\n|turn|25\n|inactive|Time left: 300 sec this turn | 300 sec total\n|\n|t:|1783547186\n|move|p1a: Bruxish|Aqua Jet|p2a: Luvdisc\n|-resisted|p2a: Luvdisc\n|-damage|p2a: Luvdisc|0 fnt\n|faint|p2a: Luvdisc\n|-damage|p1a: Bruxish|229/254|[from] item: Life Orb\n|\n|win|p0x6920a5f", "uploadtime": 1783547186, "views": 0, "rating": 0, "private": 0, "password": null, "_winner": "p0x6920a5f", "_our_name": "p0x6920a5f"}