{"id": "battle-gen9randombattle-223", "formatid": "gen9randombattle", "format": "[Gen 9] Random Battle", "players": ["p0x2237dcf", "p0y223394d"], "log": "|init|battle\n|title|p0x2237dcf vs. p0y223394d\n|j|\u2606p0x2237dcf\n|j|\u2606p0y223394d\n|t:|1783535824\n|gametype|singles\n|player|p1|p0x2237dcf|102|\n|player|p2|p0y223394d|2|\n|gen|9\n|tier|[Gen 9] Random Battle\n|rule|Species Clause: Limit one of each Pok\u00e9mon\n|rule|HP Percentage Mod: HP is shown in percentages\n|rule|Sleep Clause Mod: Limit one foe put to sleep\n|rule|Illusion Level Mod: Illusion disguises the Pok\u00e9mon's true level\n|\n|t:|1783535824\n|teamsize|p1|6\n|teamsize|p2|6\n|start\n|switch|p1a: Indeedee|Indeedee, L84, M|100/100\n|switch|p2a: Terapagos|Terapagos, L77, M|265/265\n|-activate|p2a: Terapagos|ability: Tera Shift\n|detailschange|p2a: Terapagos|Terapagos-Terastal, L77, M\n|-heal|p2a: Terapagos|273/273|[silent]\n|-fieldstart|move: Psychic Terrain|[from] ability: Psychic Surge|[of] p1a: Indeedee\n|turn|1\n|inactive|Battle timer is ON: inactive players will automatically lose when time's up. (requested by p0x2237dcf)\n|inactive|Time left: 300 sec this turn | 300 sec total | 60 sec grace\n|inactive|p0y223394d also wants the timer to be on.\n|\n|t:|1783535826\n|move|p1a: Indeedee|Expanding Force|p2a: Terapagos\n|-activate|p2a: Terapagos|ability: Tera Shell\n|-resisted|p2a: Terapagos\n|-damage|p2a: Terapagos|163/273\n|-damage|p1a: Indeedee|91/100|[from] item: Life Orb\n|move|p2a: Terapagos|Calm Mind|p2a: Terapagos\n|-boost|p2a: Terapagos|spa|1\n|-boost|p2a: Terapagos|spd|1\n|\n|upkeep\n|turn|2\n|inactive|Time left: 300 sec this turn | 300 sec total\n|\n|t:|1783535827\n|-terastallize|p1a: Indeedee|Psychic\n|move|p1a: Indeedee|Expanding Force|p2a: Terapagos\n|-damage|p2a: Terapagos|0 fnt\n|faint|p2a: Terapagos\n|-damage|p1a: Indeedee|81/100|[from] item: Life Orb\n|\n|upkeep\n|inactive|Time left: 300 sec this turn | 300 sec total | 5 sec grace\n|\n|t:|1783535828\n|switch|p2a: Wugtrio|Wugtrio, L91, F|212/212\n|turn|3\n|inactive|Time left: 300 sec this turn | 300 sec total\n|\n|t:|1783535829\n|switch|p1a: Baxcalibur|Baxcalibur, L75, F|100/100\n|move|p2a: Wugtrio|Liquidation|p1a: Baxcalibur\n|-resisted|p1a: Baxcalibur\n|-damage|p1a: Baxcalibur|70/100\n|\n|upkeep\n|turn|4\n|inactive|Time left: 300 sec this turn | 300 sec total\n|\n|t:|1783535831\n|move|p2a: Wugtrio|Liquidation|p1a: Baxcalibur\n|-resisted|p1a: Baxcalibur\n|-damage|p1a: Baxcalibur|43/100\n|move|p1a: Baxcalibur|Glaive Rush|p2a: Wugtrio\n|-damage|p2a: Wugtrio|0 fnt\n|-singlemove|p1a: Baxcalibur|Glaive Rush|[silent]\n|-ability|p2a: Wugtrio|Gooey\n|-unboost|p1a: Baxcalibur|spe|1\n|faint|p2a: Wugtrio\n|\n|upkeep\n|inactive|Time left: 300 sec this turn | 300 sec total | 5 sec grace\n|\n|t:|1783535832\n|switch|p2a: Arcanine|Arcanine-Hisui, L79, F|279/279\n|turn|5\n|inactive|Time left: 300 sec this turn | 300 sec total\n|\n|t:|1783535833\n|move|p2a: Arcanine|Head Smash|p1a: Baxcalibur\n|-supereffective|p1a: Baxcalibur\n|-damage|p1a: Baxcalibur|0 fnt\n|faint|p1a: Baxcalibur\n|\n|-fieldend|move: Psychic Terrain\n|upkeep\n|\n|t:|1783535834\n|switch|p1a: Indeedee|Indeedee, L84, M, tera:Psychic|81/100\n|-fieldstart|move: Psychic Terrain|[from] ability: Psychic Surge|[of] p1a: Indeedee\n|turn|6\n|inactive|Time left: 300 sec this turn | 300 sec total\n|\n|t:|1783535835\n|switch|p2a: Iron Jugulis|Iron Jugulis, L77|271/271\n|move|p1a: Indeedee|Expanding Force|p2a: Iron Jugulis\n|-immune|p2a: Iron Jugulis\n|\n|upkeep\n|turn|7\n|inactive|Time left: 300 sec this turn | 300 sec total\n|\n|t:|1783535836\n|move|p2a: Iron Jugulis|Dark Pulse|p1a: Indeedee\n|-supereffective|p1a: Indeedee\n|-damage|p1a: Indeedee|0 fnt\n|faint|p1a: Indeedee\n|\n|upkeep\n|\n|t:|1783535838\n|switch|p1a: Zacian|Zacian-Crowned, L64|100/100\n|-ability|p1a: Zacian|Intrepid Sword|boost\n|-boost|p1a: Zacian|atk|1\n|turn|8\n|inactive|Time left: 300 sec this turn | 300 sec total\n|\n|t:|1783535839\n|-end|p2a: Iron Jugulis|Quark Drive|[silent]\n|switch|p2a: Espathra|Espathra, L80, F|283/283\n|move|p1a: Zacian|Play Rough|p2a: Espathra\n|-damage|p2a: Espathra|129/283\n|-unboost|p2a: Espathra|atk|1\n|\n|-heal|p2a: Espathra|146/283|[from] item: Leftovers\n|upkeep\n|turn|9\n|inactive|Time left: 300 sec this turn | 300 sec total\n|\n|t:|1783535839\n|switch|p2a: Okidogi|Okidogi, L77, M|262/262\n|move|p1a: Zacian|Behemoth Blade|p2a: Okidogi\n|-damage|p2a: Okidogi|154/262\n|\n|-heal|p2a: Okidogi|170/262|[from] item: Leftovers\n|upkeep\n|turn|10\n|inactive|Time left: 300 sec this turn | 300 sec total\n|\n|t:|1783535840\n|move|p1a: Zacian|Behemoth Blade|p2a: Okidogi\n|-damage|p2a: Okidogi|43/262\n|move|p2a: Okidogi|Drain Punch|p1a: Zacian\n|-damage|p1a: Zacian|60/100\n|-heal|p2a: Okidogi|89/262|[from] drain|[of] p1a: Zacian\n|\n|-heal|p2a: Okidogi|105/262|[from] item: Leftovers\n|-fieldend|move: Psychic Terrain\n|upkeep\n|turn|11\n|inactive|Time left: 300 sec this turn | 300 sec total\n|\n|t:|1783535841\n|move|p1a: Zacian|Behemoth Blade|p2a: Okidogi\n|-damage|p2a: Okidogi|0 fnt\n|faint|p2a: Okidogi\n|\n|upkeep\n|inactive|Time left: 300 sec this turn | 300 sec total | 5 sec grace\n|\n|t:|1783535842\n|switch|p2a: Arcanine|Arcanine-Hisui, L79, F|279/279\n|turn|12\n|inactive|Time left: 300 sec this turn | 300 sec total\n|\n|t:|1783535843\n|move|p1a: Zacian|Close Combat|p2a: Arcanine\n|-supereffective|p2a: Arcanine\n|-damage|p2a: Arcanine|21/279\n|-unboost|p1a: Zacian|def|1\n|-unboost|p1a: Zacian|spd|1\n|move|p2a: Arcanine|Flare Blitz|p1a: Zacian\n|-supereffective|p1a: Zacian\n|-damage|p1a: Zacian|0 fnt\n|faint|p1a: Zacian\n|\n|upkeep\n|\n|t:|1783535844\n|switch|p1a: Cryogonal|Cryogonal, L89|100/100\n|turn|13\n|inactive|Time left: 300 sec this turn | 300 sec total\n|\n|t:|1783535845\n|move|p1a: Cryogonal|Ice Beam|p2a: Arcanine\n|-resisted|p2a: Arcanine\n|-damage|p2a: Arcanine|0 fnt\n|faint|p2a: Arcanine\n|\n|upkeep\n|inactive|Time left: 300 sec this turn | 300 sec total | 5 sec grace\n|\n|t:|1783535846\n|switch|p2a: Espathra|Espathra, L80, F|146/283\n|turn|14\n|inactive|Time left: 300 sec this turn | 300 sec total\n|\n|t:|1783535846\n|move|p2a: Espathra|Protect|p2a: Espathra\n|-singleturn|p2a: Espathra|Protect\n|move|p1a: Cryogonal|Ice Beam|p2a: Espathra\n|-activate|p2a: Espathra|move: Protect\n|\n|-heal|p2a: Espathra|163/283|[from] item: Leftovers\n|-ability|p2a: Espathra|Speed Boost|boost\n|-boost|p2a: Espathra|spe|1\n|upkeep\n|turn|15\n|inactive|Time left: 300 sec this turn | 300 sec total\n|\n|t:|1783535847\n|move|p2a: Espathra|Calm Mind|p2a: Espathra\n|-boost|p2a: Espathra|spa|1\n|-boost|p2a: Espathra|spd|1\n|move|p1a: Cryogonal|Ice Beam|p2a: Espathra\n|-damage|p2a: Espathra|70/283\n|\n|-heal|p2a: Espathra|87/283|[from] item: Leftovers\n|-ability|p2a: Espathra|Speed Boost|boost\n|-boost|p2a: Espathra|spe|1\n|upkeep\n|turn|16\n|inactive|Time left: 300 sec this turn | 300 sec total\n|\n|t:|1783535848\n|move|p2a: Espathra|Protect|p2a: Espathra\n|-singleturn|p2a: Espathra|Protect\n|move|p1a: Cryogonal|Ice Beam|p2a: Espathra\n|-activate|p2a: Espathra|move: Protect\n|\n|-heal|p2a: Espathra|104/283|[from] item: Leftovers\n|-ability|p2a: Espathra|Speed Boost|boost\n|-boost|p2a: Espathra|spe|1\n|upkeep\n|turn|17\n|inactive|Time left: 300 sec this turn | 300 sec total\n|\n|t:|1783535849\n|move|p2a: Espathra|Calm Mind|p2a: Espathra\n|-boost|p2a: Espathra|spa|1\n|-boost|p2a: Espathra|spd|1\n|move|p1a: Cryogonal|Ice Beam|p2a: Espathra\n|-damage|p2a: Espathra|29/283\n|\n|-heal|p2a: Espathra|46/283|[from] item: Leftovers\n|-ability|p2a: Espathra|Speed Boost|boost\n|-boost|p2a: Espathra|spe|1\n|upkeep\n|turn|18\n|inactive|Time left: 300 sec this turn | 300 sec total\n|\n|t:|1783535850\n|move|p2a: Espathra|Protect|p2a: Espathra\n|-singleturn|p2a: Espathra|Protect\n|move|p1a: Cryogonal|Ice Beam|p2a: Espathra\n|-activate|p2a: Espathra|move: Protect\n|\n|-heal|p2a: Espathra|63/283|[from] item: Leftovers\n|-ability|p2a: Espathra|Speed Boost|boost\n|-boost|p2a: Espathra|spe|1\n|upkeep\n|turn|19\n|inactive|Time left: 300 sec this turn | 300 sec total\n|\n|t:|1783535851\n|move|p2a: Espathra|Calm Mind|p2a: Espathra\n|-boost|p2a: Espathra|spa|1\n|-boost|p2a: Espathra|spd|1\n|move|p1a: Cryogonal|Ice Beam|p2a: Espathra\n|-damage|p2a: Espathra|3/283\n|\n|-heal|p2a: Espathra|20/283|[from] item: Leftovers\n|-ability|p2a: Espathra|Speed Boost|boost\n|-boost|p2a: Espathra|spe|1\n|upkeep\n|turn|20\n|inactive|Time left: 300 sec this turn | 300 sec total\n|\n|t:|1783535852\n|switch|p1a: Iron Jugulis|Iron Jugulis, L77|100/100\n|move|p2a: Espathra|Stored Power|p1a: Iron Jugulis\n|-immune|p1a: Iron Jugulis\n|\n|-heal|p2a: Espathra|37/283|[from] item: Leftovers\n|upkeep\n|turn|21\n|inactive|Time left: 300 sec this turn | 300 sec total\n|\n|t:|1783535853\n|-end|p1a: Iron Jugulis|Quark Drive|[silent]\n|switch|p1a: Cryogonal|Cryogonal, L89|100/100\n|move|p2a: Espathra|Dazzling Gleam|p1a: Cryogonal\n|-damage|p1a: Cryogonal|70/100\n|\n|-heal|p2a: Espathra|54/283|[from] item: Leftovers\n|upkeep\n|turn|22\n|inactive|Time left: 300 sec this turn | 300 sec total\n|\n|t:|1783535854\n|switch|p1a: Iron Jugulis|Iron Jugulis, L77|100/100\n|move|p2a: Espathra|Stored Power|p1a: Iron Jugulis\n|-immune|p1a: Iron Jugulis\n|\n|-heal|p2a: Espathra|71/283|[from] item: Leftovers\n|upkeep\n|turn|23\n|inactive|Time left: 300 sec this turn | 300 sec total\n|\n|t:|1783535855\n|-end|p1a: Iron Jugulis|Quark Drive|[silent]\n|switch|p1a: Cryogonal|Cryogonal, L89|70/100\n|move|p2a: Espathra|Dazzling Gleam|p1a: Cryogonal\n|-damage|p1a: Cryogonal|38/100\n|\n|-heal|p2a: Espathra|88/283|[from] item: Leftovers\n|upkeep\n|turn|24\n|inactive|Time left: 300 sec this turn | 300 sec total\n|\n|t:|1783535856\n|-terastallize|p2a: Espathra|Fairy\n|move|p2a: Espathra|Dazzling Gleam|p1a: Cryogonal\n|-damage|p1a: Cryogonal|0 fnt\n|faint|p1a: Cryogonal\n|\n|-heal|p2a: Espathra|105/283|[from] item: Leftovers\n|upkeep\n|\n|t:|1783535857\n|switch|p1a: Zamazenta|Zamazenta-Crowned, L68|100/100\n|-ability|p1a: Zamazenta|Dauntless Shield|boost\n|-boost|p1a: Zamazenta|def|1\n|turn|25\n|inactive|Time left: 300 sec this turn | 300 sec total\n|\n|t:|1783535858\n|switch|p1a: Iron Jugulis|Iron Jugulis, L77|100/100\n|move|p2a: Espathra|Stored Power|p1a: Iron Jugulis\n|-immune|p1a: Iron Jugulis\n|\n|-heal|p2a: Espathra|122/283|[from] item: Leftovers\n|upkeep\n|turn|26\n|inactive|Time left: 300 sec this turn | 300 sec total\n|\n|t:|1783535860\n|-end|p1a: Iron Jugulis|Quark Drive|[silent]\n|switch|p1a: Zamazenta|Zamazenta-Crowned, L68|100/100\n|move|p2a: Espathra|Dazzling Gleam|p1a: Zamazenta\n|-crit|p1a: Zamazenta\n|-damage|p1a: Zamazenta|0 fnt\n|faint|p1a: Zamazenta\n|\n|-heal|p2a: Espathra|139/283|[from] item: Leftovers\n|upkeep\n|\n|t:|1783535861\n|switch|p1a: Iron Jugulis|Iron Jugulis, L77|100/100\n|turn|27\n|inactive|Time left: 300 sec this turn | 300 sec total\n|\n|t:|1783535861\n|move|p2a: Espathra|Dazzling Gleam|p1a: Iron Jugulis\n|-supereffective|p1a: Iron Jugulis\n|-damage|p1a: Iron Jugulis|0 fnt\n|faint|p1a: Iron Jugulis\n|-end|p1a: Iron Jugulis|Quark Drive|[silent]\n|\n|win|p0y223394d", "uploadtime": 1783535862, "views": 0, "rating": 0, "private": 0, "password": null, "_winner": "p0y223394d", "_our_name": "p0y223394d"}