{"id": "battle-gen9randombattle-1022", "formatid": "gen9randombattle", "format": "[Gen 9] Random Battle", "players": ["p0x10223962", "p0y10227915"], "log": "|init|battle\n|title|p0x10223962 vs. p0y10227915\n|j|\u2606p0x10223962\n|j|\u2606p0y10227915\n|t:|1783551745\n|gametype|singles\n|player|p1|p0x10223962|169|\n|player|p2|p0y10227915|266|\n|gen|9\n|tier|[Gen 9] Random Battle\n|rule|Species Clause: Limit one of each Pok\u00e9mon\n|rule|HP Percentage Mod: HP is shown in percentages\n|rule|Sleep Clause Mod: Limit one foe put to sleep\n|rule|Illusion Level Mod: Illusion disguises the Pok\u00e9mon's true level\n|\n|t:|1783551745\n|teamsize|p1|6\n|teamsize|p2|6\n|start\n|switch|p1a: Oranguru|Oranguru, L92, F|100/100\n|switch|p2a: Exeggutor|Exeggutor, L89, M|312/312\n|turn|1\n|inactive|Battle timer is ON: inactive players will automatically lose when time's up. (requested by p0y10227915)\n|inactive|p0x10223962 also wants the timer to be on.\n|\n|t:|1783551746\n|move|p1a: Oranguru|Nasty Plot|p1a: Oranguru\n|-boost|p1a: Oranguru|spa|2\n|move|p2a: Exeggutor|Leech Seed|p1a: Oranguru|[miss]\n|-miss|p2a: Exeggutor|p1a: Oranguru\n|\n|upkeep\n|turn|2\n|inactive|Time left: 300 sec this turn | 300 sec total\n|\n|t:|1783551747\n|move|p1a: Oranguru|Nasty Plot|p1a: Oranguru\n|-boost|p1a: Oranguru|spa|2\n|move|p2a: Exeggutor|Leech Seed|p1a: Oranguru\n|-start|p1a: Oranguru|move: Leech Seed\n|\n|-damage|p1a: Oranguru|88/100|[from] Leech Seed|[of] p2a: Exeggutor\n|upkeep\n|turn|3\n|inactive|Time left: 300 sec this turn | 300 sec total\n|\n|t:|1783551748\n|move|p2a: Exeggutor|Protect|p2a: Exeggutor\n|-singleturn|p2a: Exeggutor|Protect\n|move|p1a: Oranguru|Psyshock|p2a: Exeggutor\n|-activate|p2a: Exeggutor|move: Protect\n|\n|-heal|p1a: Oranguru|94/100|[from] item: Leftovers\n|-damage|p1a: Oranguru|82/100|[from] Leech Seed|[of] p2a: Exeggutor\n|upkeep\n|turn|4\n|inactive|Time left: 300 sec this turn | 300 sec total\n|\n|t:|1783551749\n|move|p1a: Oranguru|Focus Blast|p2a: Exeggutor|[miss]\n|-miss|p1a: Oranguru|p2a: Exeggutor\n|move|p2a: Exeggutor|Psychic Noise|p1a: Oranguru\n|-resisted|p1a: Oranguru\n|-damage|p1a: Oranguru|68/100\n|-start|p1a: Oranguru|move: Heal Block\n|\n|-damage|p1a: Oranguru|56/100|[from] Leech Seed|[of] p2a: Exeggutor\n|upkeep\n|turn|5\n|inactive|Time left: 300 sec this turn | 300 sec total\n|\n|t:|1783551750\n|move|p1a: Oranguru|Focus Blast|p2a: Exeggutor\n|-resisted|p2a: Exeggutor\n|-damage|p2a: Exeggutor|174/312\n|move|p2a: Exeggutor|Substitute|p2a: Exeggutor\n|-start|p2a: Exeggutor|Substitute\n|-damage|p2a: Exeggutor|96/312\n|-enditem|p2a: Exeggutor|Sitrus Berry|[eat]\n|-heal|p2a: Exeggutor|174/312|[from] item: Sitrus Berry\n|\n|-damage|p1a: Oranguru|44/100|[from] Leech Seed|[of] p2a: Exeggutor\n|-heal|p2a: Exeggutor|213/312|[silent]\n|-end|p1a: Oranguru|move: Heal Block\n|upkeep\n|turn|6\n|inactive|Time left: 300 sec this turn | 300 sec total\n|\n|t:|1783551751\n|move|p1a: Oranguru|Psyshock|p2a: Exeggutor\n|-resisted|p2a: Exeggutor\n|-end|p2a: Exeggutor|Substitute\n|move|p2a: Exeggutor|Psychic Noise|p1a: Oranguru\n|-resisted|p1a: Oranguru\n|-damage|p1a: Oranguru|31/100\n|-start|p1a: Oranguru|move: Heal Block\n|\n|-damage|p1a: Oranguru|18/100|[from] Leech Seed|[of] p2a: Exeggutor\n|-heal|p2a: Exeggutor|252/312|[silent]\n|upkeep\n|turn|7\n|inactive|Time left: 300 sec this turn | 300 sec total\n|\n|t:|1783551752\n|move|p1a: Oranguru|Psyshock|p2a: Exeggutor\n|-resisted|p2a: Exeggutor\n|-damage|p2a: Exeggutor|122/312\n|move|p2a: Exeggutor|Psychic Noise|p1a: Oranguru\n|-resisted|p1a: Oranguru\n|-damage|p1a: Oranguru|6/100\n|\n|-damage|p1a: Oranguru|0 fnt|[from] Leech Seed|[of] p2a: Exeggutor\n|-heal|p2a: Exeggutor|138/312|[silent]\n|faint|p1a: Oranguru\n|upkeep\n|\n|t:|1783551754\n|switch|p1a: Minior|Minior-Orange, L79|100/100\n|-formechange|p1a: Minior|Minior-Meteor||[from] ability: Shields Down\n|turn|8\n|inactive|Time left: 300 sec this turn | 300 sec total\n|\n|t:|1783551755\n|switch|p2a: Copperajah|Copperajah, L86, F|350/350\n|move|p1a: Minior|Shell Smash|p1a: Minior\n|-unboost|p1a: Minior|def|1\n|-unboost|p1a: Minior|spd|1\n|-boost|p1a: Minior|atk|2\n|-boost|p1a: Minior|spa|2\n|-boost|p1a: Minior|spe|2\n|-enditem|p1a: Minior|White Herb\n|-clearnegativeboost|p1a: Minior|[silent]\n|\n|upkeep\n|turn|9\n|inactive|Time left: 300 sec this turn | 300 sec total\n|\n|t:|1783551756\n|move|p1a: Minior|Earthquake|p2a: Copperajah\n|-supereffective|p2a: Copperajah\n|-damage|p2a: Copperajah|160/350\n|move|p2a: Copperajah|Heavy Slam|p1a: Minior\n|-supereffective|p1a: Minior\n|-damage|p1a: Minior|0 fnt\n|faint|p1a: Minior\n|\n|upkeep\n|\n|t:|1783551757\n|switch|p1a: Walking Wake|Walking Wake, L79|100/100\n|turn|10\n|inactive|Time left: 300 sec this turn | 300 sec total\n|\n|t:|1783551758\n|switch|p2a: Lumineon|Lumineon, L93, M|279/279\n|move|p1a: Walking Wake|Hydro Pump|p2a: Lumineon\n|-ability|p2a: Lumineon|Storm Drain|boost\n|-boost|p2a: Lumineon|spa|1\n|\n|upkeep\n|turn|11\n|inactive|Time left: 300 sec this turn | 300 sec total\n|\n|t:|1783551759\n|-end|p1a: Walking Wake|Protosynthesis|[silent]\n|switch|p1a: Minun|Minun, L95, M|100/100\n|move|p2a: Lumineon|Hydro Pump|p1a: Minun\n|-damage|p1a: Minun|28/100\n|-damage|p2a: Lumineon|252/279|[from] item: Life Orb\n|\n|upkeep\n|turn|12\n|inactive|Time left: 300 sec this turn | 300 sec total\n|\n|t:|1783551760\n|switch|p2a: Reshiram|Reshiram, L76|277/277\n|-ability|p2a: Reshiram|Turboblaze\n|move|p1a: Minun|Thunderbolt|p2a: Reshiram\n|-resisted|p2a: Reshiram\n|-damage|p2a: Reshiram|215/277\n|-damage|p1a: Minun|18/100|[from] item: Life Orb\n|\n|upkeep\n|turn|13\n|inactive|Time left: 300 sec this turn | 300 sec total\n|\n|t:|1783551761\n|move|p1a: Minun|Thunderbolt|p2a: Reshiram\n|-resisted|p2a: Reshiram\n|-damage|p2a: Reshiram|160/277\n|-damage|p1a: Minun|8/100|[from] item: Life Orb\n|move|p2a: Reshiram|Dragon Dance|p2a: Reshiram\n|-boost|p2a: Reshiram|atk|1\n|-boost|p2a: Reshiram|spe|1\n|\n|upkeep\n|turn|14\n|inactive|Time left: 300 sec this turn | 300 sec total\n|\n|t:|1783551762\n|switch|p1a: Gurdurr|Gurdurr, L85, M|100/100\n|move|p2a: Reshiram|Outrage|p1a: Gurdurr\n|-damage|p1a: Gurdurr|56/100\n|\n|upkeep\n|turn|15\n|inactive|Time left: 300 sec this turn | 300 sec total\n|\n|t:|1783551763\n|-terastallize|p1a: Gurdurr|Steel\n|move|p2a: Reshiram|Outrage|p1a: Gurdurr|[from] lockedmove\n|-resisted|p1a: Gurdurr\n|-damage|p1a: Gurdurr|32/100\n|move|p1a: Gurdurr|Drain Punch|p2a: Reshiram\n|-damage|p2a: Reshiram|64/277\n|-heal|p1a: Gurdurr|49/100|[from] drain|[of] p2a: Reshiram\n|\n|upkeep\n|turn|16\n|inactive|Time left: 300 sec this turn | 300 sec total\n|\n|t:|1783551764\n|move|p2a: Reshiram|Outrage|p1a: Gurdurr|[from] lockedmove\n|-resisted|p1a: Gurdurr\n|-damage|p1a: Gurdurr|25/100\n|-start|p2a: Reshiram|confusion|[fatigue]\n|move|p1a: Gurdurr|Drain Punch|p2a: Reshiram\n|-crit|p2a: Reshiram\n|-damage|p2a: Reshiram|0 fnt\n|-heal|p1a: Gurdurr|36/100|[from] drain|[of] p2a: Reshiram\n|faint|p2a: Reshiram\n|\n|upkeep\n|inactive|Time left: 300 sec this turn | 300 sec total | 5 sec grace\n|\n|t:|1783551765\n|switch|p2a: Gallade|Gallade, L80, M|240/240\n|turn|17\n|inactive|Time left: 300 sec this turn | 300 sec total\n|\n|t:|1783551766\n|move|p2a: Gallade|Sacred Sword|p1a: Gurdurr\n|-supereffective|p1a: Gurdurr\n|-damage|p1a: Gurdurr|0 fnt\n|faint|p1a: Gurdurr\n|-damage|p2a: Gallade|216/240|[from] item: Life Orb\n|\n|upkeep\n|\n|t:|1783551767\n|switch|p1a: Walking Wake|Walking Wake, L79|100/100\n|turn|18\n|inactive|Time left: 300 sec this turn | 300 sec total\n|\n|t:|1783551768\n|move|p1a: Walking Wake|Flamethrower|p2a: Gallade\n|-damage|p2a: Gallade|126/240\n|move|p2a: Gallade|Sacred Sword|p1a: Walking Wake\n|-damage|p1a: Walking Wake|30/100\n|-damage|p2a: Gallade|102/240|[from] item: Life Orb\n|\n|upkeep\n|turn|19\n|inactive|Time left: 300 sec this turn | 300 sec total\n|\n|t:|1783551769\n|move|p1a: Walking Wake|Flamethrower|p2a: Gallade\n|-damage|p2a: Gallade|8/240\n|move|p2a: Gallade|Psycho Cut|p1a: Walking Wake\n|-damage|p1a: Walking Wake|0 fnt\n|faint|p1a: Walking Wake\n|-end|p1a: Walking Wake|Protosynthesis|[silent]\n|-damage|p2a: Gallade|0 fnt|[from] item: Life Orb\n|faint|p2a: Gallade\n|\n|upkeep\n|inactive|Time left: 300 sec this turn | 300 sec total | 5 sec grace\n|\n|t:|1783551770\n|switch|p1a: Minun|Minun, L95, M|8/100\n|switch|p2a: Mabosstiff|Mabosstiff, L86, M|278/278\n|turn|20\n|inactive|Time left: 300 sec this turn | 300 sec total\n|\n|t:|1783551771\n|move|p1a: Minun|Thunderbolt|p2a: Mabosstiff\n|-damage|p2a: Mabosstiff|138/278\n|-damage|p1a: Minun|0 fnt|[from] item: Life Orb\n|faint|p1a: Minun\n|move|p2a: Mabosstiff|Crunch|p1: Minun|[notarget]\n|-fail|p2a: Mabosstiff\n|\n|upkeep\n|\n|t:|1783551771\n|switch|p1a: Hitmonlee|Hitmonlee, L85, M|100/100\n|turn|21\n|inactive|Time left: 300 sec this turn | 300 sec total\n|\n|t:|1783551772\n|move|p1a: Hitmonlee|Knock Off|p2a: Mabosstiff\n|-resisted|p2a: Mabosstiff\n|-damage|p2a: Mabosstiff|100/278\n|-enditem|p2a: Mabosstiff|Choice Band|[from] move: Knock Off|[of] p1a: Hitmonlee\n|move|p2a: Mabosstiff|Crunch|p1a: Hitmonlee\n|-resisted|p1a: Hitmonlee\n|-damage|p1a: Hitmonlee|66/100\n|\n|upkeep\n|turn|22\n|inactive|Time left: 300 sec this turn | 300 sec total\n|\n|t:|1783551773\n|-terastallize|p2a: Mabosstiff|Fairy\n|move|p1a: Hitmonlee|Close Combat|p2a: Mabosstiff\n|-resisted|p2a: Mabosstiff\n|-damage|p2a: Mabosstiff|24/278\n|-unboost|p1a: Hitmonlee|def|1\n|-unboost|p1a: Hitmonlee|spd|1\n|-enditem|p1a: Hitmonlee|White Herb\n|-clearnegativeboost|p1a: Hitmonlee|[silent]\n|move|p2a: Mabosstiff|Psychic Fangs|p1a: Hitmonlee\n|-supereffective|p1a: Hitmonlee\n|-damage|p1a: Hitmonlee|0 fnt\n|faint|p1a: Hitmonlee\n|\n|win|p0y10227915", "uploadtime": 1783551773, "views": 0, "rating": 0, "private": 0, "password": null, "_winner": "p0y10227915", "_our_name": "p0y10227915"}