{"id": "battle-gen9randombattle-1998", "formatid": "gen9randombattle", "format": "[Gen 9] Random Battle", "players": ["p0x19985a27", "p0y1998b223"], "log": "|init|battle\n|title|p0x19985a27 vs. p0y1998b223\n|j|\u2606p0x19985a27\n|j|\u2606p0y1998b223\n|t:|1783562378\n|gametype|singles\n|player|p1|p0x19985a27|1|\n|player|p2|p0y1998b223|102|\n|gen|9\n|tier|[Gen 9] Random Battle\n|rule|Species Clause: Limit one of each Pok\u00e9mon\n|rule|HP Percentage Mod: HP is shown in percentages\n|rule|Sleep Clause Mod: Limit one foe put to sleep\n|rule|Illusion Level Mod: Illusion disguises the Pok\u00e9mon's true level\n|\n|t:|1783562378\n|teamsize|p1|6\n|teamsize|p2|6\n|start\n|switch|p1a: Annihilape|Annihilape, L76, F|292/292\n|switch|p2a: Flamigo|Flamigo, L82, M|100/100\n|turn|1\n|inactive|Battle timer is ON: inactive players will automatically lose when time's up. (requested by p0x19985a27)\n|\n|t:|1783562380\n|switch|p1a: Electrode|Electrode, L92|260/260\n|move|p2a: Flamigo|Brave Bird|p1a: Electrode\n|-resisted|p1a: Electrode\n|-damage|p1a: Electrode|168/260\n|-damage|p2a: Flamigo|89/100|[from] Recoil\n|-damage|p2a: Flamigo|80/100|[from] item: Life Orb\n|\n|upkeep\n|turn|2\n|inactive|Time left: 300 sec this turn | 300 sec total\n|inactive|p0y1998b223 also wants the timer to be on.\n|\n|t:|1783562381\n|switch|p2a: Morpeko|Morpeko, L88, F|100/100\n|move|p1a: Electrode|Thunderbolt|p2a: Morpeko\n|-resisted|p2a: Morpeko\n|-damage|p2a: Morpeko|64/100\n|-damage|p1a: Electrode|142/260|[from] item: Life Orb\n|\n|-formechange|p2a: Morpeko|Morpeko-Hangry||[from] ability: Hunger Switch\n|upkeep\n|turn|3\n|inactive|Time left: 300 sec this turn | 300 sec total\n|\n|t:|1783562382\n|move|p1a: Electrode|Explosion|p2a: Morpeko\n|-damage|p2a: Morpeko|0 fnt\n|faint|p1a: Electrode\n|faint|p2a: Morpeko\n|\n|upkeep\n|inactive|Time left: 300 sec this turn | 300 sec total | 5 sec grace\n|\n|t:|1783562383\n|switch|p1a: Staraptor|Staraptor, L79, M|263/263\n|switch|p2a: Chandelure|Chandelure, L83, F|100/100\n|turn|4\n|inactive|Time left: 300 sec this turn | 300 sec total\n|\n|t:|1783562384\n|move|p1a: Staraptor|Brave Bird|p2a: Chandelure\n|-damage|p2a: Chandelure|0 fnt\n|faint|p2a: Chandelure\n|-damage|p1a: Staraptor|185/263|[from] Recoil\n|\n|upkeep\n|\n|t:|1783562385\n|switch|p2a: Leavanny|Leavanny, L86, M|100/100\n|turn|5\n|inactive|Time left: 300 sec this turn | 300 sec total\n|\n|t:|1783562386\n|move|p2a: Leavanny|Triple Axel|p1a: Staraptor\n|-supereffective|p1a: Staraptor\n|-damage|p1a: Staraptor|145/263\n|-supereffective|p1a: Staraptor\n|-damage|p1a: Staraptor|73/263\n|-supereffective|p1a: Staraptor\n|-damage|p1a: Staraptor|0 fnt\n|faint|p1a: Staraptor\n|-hitcount|p1: Staraptor|3\n|\n|upkeep\n|inactive|Time left: 300 sec this turn | 300 sec total | 5 sec grace\n|\n|t:|1783562387\n|switch|p1a: Arceus|Arceus-Bug, L73|295/295\n|turn|6\n|inactive|Time left: 300 sec this turn | 300 sec total\n|\n|t:|1783562388\n|-terastallize|p2a: Leavanny|Ghost\n|move|p1a: Arceus|Judgment|p2a: Leavanny\n|-resisted|p2a: Leavanny\n|-damage|p2a: Leavanny|78/100\n|move|p2a: Leavanny|Sticky Web|p1a: Arceus\n|-sidestart|p1: p0x19985a27|move: Sticky Web\n|\n|upkeep\n|turn|7\n|inactive|Time left: 300 sec this turn | 300 sec total\n|\n|t:|1783562388\n|switch|p2a: Flamigo|Flamigo, L82, M|80/100\n|move|p1a: Arceus|Calm Mind|p1a: Arceus\n|-boost|p1a: Arceus|spa|1\n|-boost|p1a: Arceus|spd|1\n|\n|upkeep\n|turn|8\n|inactive|Time left: 300 sec this turn | 300 sec total\n|\n|t:|1783562389\n|switch|p1a: Iron Bundle|Iron Bundle, L78|215/215\n|move|p2a: Flamigo|Brave Bird|p1a: Iron Bundle\n|-crit|p1a: Iron Bundle\n|-damage|p1a: Iron Bundle|0 fnt\n|faint|p1a: Iron Bundle\n|-end|p1a: Iron Bundle|Quark Drive|[silent]\n|-damage|p2a: Flamigo|53/100|[from] Recoil\n|-damage|p2a: Flamigo|44/100|[from] item: Life Orb\n|\n|upkeep\n|inactive|Time left: 300 sec this turn | 300 sec total | 5 sec grace\n|\n|t:|1783562390\n|switch|p1a: Hypno|Hypno, L95, M|315/315\n|-activate|p1a: Hypno|move: Sticky Web\n|-unboost|p1a: Hypno|spe|1\n|turn|9\n|inactive|Time left: 300 sec this turn | 300 sec total\n|\n|t:|1783562391\n|move|p2a: Flamigo|Roost|p2a: Flamigo\n|-heal|p2a: Flamigo|94/100\n|-singleturn|p2a: Flamigo|move: Roost\n|move|p1a: Hypno|Psychic Noise|p2a: Flamigo\n|-supereffective|p2a: Flamigo\n|-damage|p2a: Flamigo|11/100\n|-start|p2a: Flamigo|move: Heal Block\n|\n|upkeep\n|turn|10\n|inactive|Time left: 300 sec this turn | 300 sec total\n|\n|t:|1783562392\n|move|p2a: Flamigo|Brave Bird|p1a: Hypno\n|-damage|p1a: Hypno|132/315\n|-damage|p2a: Flamigo|0 fnt|[from] Recoil\n|faint|p2a: Flamigo\n|move|p1a: Hypno|Psychic Noise|p2: Flamigo|[notarget]\n|-fail|p1a: Hypno\n|\n|-heal|p1a: Hypno|151/315|[from] item: Leftovers\n|upkeep\n|\n|t:|1783562393\n|switch|p2a: Leavanny|Leavanny, L86, M, tera:Ghost|78/100\n|turn|11\n|inactive|Time left: 300 sec this turn | 300 sec total\n|\n|t:|1783562394\n|switch|p1a: Arceus|Arceus-Bug, L73|295/295\n|-activate|p1a: Arceus|move: Sticky Web\n|-unboost|p1a: Arceus|spe|1\n|move|p2a: Leavanny|Knock Off|p1a: Arceus\n|-damage|p1a: Arceus|251/295\n|\n|upkeep\n|turn|12\n|inactive|Time left: 300 sec this turn | 300 sec total\n|\n|t:|1783562395\n|move|p2a: Leavanny|Bullet Seed|p1a: Arceus\n|-resisted|p1a: Arceus\n|-damage|p1a: Arceus|238/295\n|-resisted|p1a: Arceus\n|-damage|p1a: Arceus|225/295\n|-resisted|p1a: Arceus\n|-damage|p1a: Arceus|212/295\n|-resisted|p1a: Arceus\n|-damage|p1a: Arceus|198/295\n|-hitcount|p1a: Arceus|4\n|move|p1a: Arceus|Calm Mind|p1a: Arceus\n|-boost|p1a: Arceus|spa|1\n|-boost|p1a: Arceus|spd|1\n|\n|upkeep\n|turn|13\n|inactive|Time left: 300 sec this turn | 300 sec total\n|\n|t:|1783562396\n|switch|p2a: Talonflame|Talonflame, L83, M|100/100\n|move|p1a: Arceus|Recover|p1a: Arceus\n|-heal|p1a: Arceus|295/295\n|\n|upkeep\n|turn|14\n|inactive|Time left: 300 sec this turn | 300 sec total\n|\n|t:|1783562397\n|move|p2a: Talonflame|Brave Bird|p1a: Arceus\n|-supereffective|p1a: Arceus\n|-damage|p1a: Arceus|97/295\n|-damage|p2a: Talonflame|76/100|[from] Recoil\n|move|p1a: Arceus|Recover|p1a: Arceus\n|-heal|p1a: Arceus|245/295\n|\n|upkeep\n|turn|15\n|inactive|Time left: 300 sec this turn | 300 sec total\n|\n|t:|1783562398\n|move|p2a: Talonflame|Brave Bird|p1a: Arceus\n|-supereffective|p1a: Arceus\n|-damage|p1a: Arceus|53/295\n|-damage|p2a: Talonflame|52/100|[from] Recoil\n|move|p1a: Arceus|Recover|p1a: Arceus\n|-heal|p1a: Arceus|201/295\n|\n|upkeep\n|turn|16\n|inactive|Time left: 300 sec this turn | 300 sec total\n|\n|t:|1783562399\n|-terastallize|p1a: Arceus|Ground\n|move|p2a: Talonflame|Brave Bird|p1a: Arceus\n|-damage|p1a: Arceus|102/295\n|-damage|p2a: Talonflame|40/100|[from] Recoil\n|move|p1a: Arceus|Recover|p1a: Arceus\n|-heal|p1a: Arceus|250/295\n|\n|upkeep\n|turn|17\n|inactive|Time left: 300 sec this turn | 300 sec total\n|\n|t:|1783562401\n|move|p2a: Talonflame|Roost|p2a: Talonflame\n|-heal|p2a: Talonflame|90/100\n|-singleturn|p2a: Talonflame|move: Roost\n|move|p1a: Arceus|Judgment|p2a: Talonflame\n|-resisted|p2a: Talonflame\n|-damage|p2a: Talonflame|49/100\n|\n|upkeep\n|turn|18\n|inactive|Time left: 300 sec this turn | 300 sec total\n|\n|t:|1783562402\n|move|p2a: Talonflame|Brave Bird|p1a: Arceus\n|-damage|p1a: Arceus|159/295\n|-damage|p2a: Talonflame|38/100|[from] Recoil\n|move|p1a: Arceus|Judgment|p2a: Talonflame\n|-resisted|p2a: Talonflame\n|-damage|p2a: Talonflame|17/100\n|\n|upkeep\n|turn|19\n|inactive|Time left: 300 sec this turn | 300 sec total\n|\n|t:|1783562403\n|switch|p2a: Leavanny|Leavanny, L86, M, tera:Ghost|78/100\n|move|p1a: Arceus|Recover|p1a: Arceus\n|-heal|p1a: Arceus|295/295\n|\n|upkeep\n|turn|20\n|inactive|Time left: 300 sec this turn | 300 sec total\n|\n|t:|1783562404\n|move|p2a: Leavanny|Bullet Seed|p1a: Arceus\n|-supereffective|p1a: Arceus\n|-damage|p1a: Arceus|239/295\n|-supereffective|p1a: Arceus\n|-damage|p1a: Arceus|185/295\n|-supereffective|p1a: Arceus\n|-damage|p1a: Arceus|125/295\n|-supereffective|p1a: Arceus\n|-damage|p1a: Arceus|71/295\n|-supereffective|p1a: Arceus\n|-damage|p1a: Arceus|21/295\n|-hitcount|p1a: Arceus|5\n|move|p1a: Arceus|Recover|p1a: Arceus\n|-heal|p1a: Arceus|169/295\n|\n|upkeep\n|turn|21\n|inactive|Time left: 300 sec this turn | 300 sec total\n|\n|t:|1783562405\n|switch|p1a: Annihilape|Annihilape, L76, F|292/292\n|-activate|p1a: Annihilape|move: Sticky Web\n|-unboost|p1a: Annihilape|spe|1\n|-ability|p1a: Annihilape|Defiant|boost\n|-boost|p1a: Annihilape|atk|2\n|move|p2a: Leavanny|Bullet Seed|p1a: Annihilape\n|-damage|p1a: Annihilape|259/292\n|-damage|p1a: Annihilape|220/292\n|-damage|p1a: Annihilape|183/292\n|-damage|p1a: Annihilape|149/292\n|-hitcount|p1a: Annihilape|4\n|\n|-heal|p1a: Annihilape|167/292|[from] item: Leftovers\n|upkeep\n|turn|22\n|inactive|Time left: 300 sec this turn | 300 sec total\n|\n|t:|1783562406\n|move|p2a: Leavanny|Bullet Seed|p1a: Annihilape\n|-damage|p1a: Annihilape|131/292\n|-damage|p1a: Annihilape|97/292\n|-damage|p1a: Annihilape|63/292\n|-damage|p1a: Annihilape|27/292\n|-hitcount|p1a: Annihilape|4\n|move|p1a: Annihilape|Rage Fist|p2a: Leavanny\n|-supereffective|p2a: Leavanny\n|-damage|p2a: Leavanny|0 fnt\n|faint|p2a: Leavanny\n|\n|-heal|p1a: Annihilape|45/292|[from] item: Leftovers\n|upkeep\n|\n|t:|1783562406\n|switch|p2a: Hydrapple|Hydrapple, L83, F|100/100\n|turn|23\n|inactive|Time left: 300 sec this turn | 300 sec total\n|\n|t:|1783562407\n|move|p2a: Hydrapple|Fickle Beam|p1a: Annihilape|[anim] Fickle Beam All Out\n|-activate|p2a: Hydrapple|move: Fickle Beam\n|-damage|p1a: Annihilape|0 fnt\n|faint|p1a: Annihilape\n|\n|upkeep\n|inactive|Time left: 300 sec this turn | 300 sec total | 5 sec grace\n|\n|t:|1783562408\n|switch|p1a: Arceus|Arceus-Bug, L73, tera:Ground|169/295\n|-activate|p1a: Arceus|move: Sticky Web\n|-unboost|p1a: Arceus|spe|1\n|turn|24\n|inactive|Time left: 300 sec this turn | 300 sec total\n|\n|t:|1783562409\n|move|p1a: Arceus|Calm Mind|p1a: Arceus\n|-boost|p1a: Arceus|spa|1\n|-boost|p1a: Arceus|spd|1\n|move|p2a: Hydrapple|Leaf Storm|p1a: Arceus\n|-supereffective|p1a: Arceus\n|-damage|p1a: Arceus|0 fnt\n|-unboost|p2a: Hydrapple|spa|2\n|faint|p1a: Arceus\n|\n|upkeep\n|inactive|Time left: 300 sec this turn | 300 sec total | 5 sec grace\n|\n|t:|1783562410\n|switch|p1a: Hypno|Hypno, L95, M|151/315\n|-activate|p1a: Hypno|move: Sticky Web\n|-unboost|p1a: Hypno|spe|1\n|turn|25\n|inactive|Time left: 300 sec this turn | 300 sec total\n|\n|t:|1783562411\n|switch|p2a: Talonflame|Talonflame, L83, M|17/100\n|move|p1a: Hypno|Psychic Noise|p2a: Talonflame\n|-damage|p2a: Talonflame|0 fnt\n|faint|p2a: Talonflame\n|\n|-heal|p1a: Hypno|170/315|[from] item: Leftovers\n|upkeep\n|\n|t:|1783562412\n|switch|p2a: Hydrapple|Hydrapple, L83, F|100/100\n|turn|26\n|inactive|Time left: 300 sec this turn | 300 sec total\n|\n|t:|1783562413\n|move|p1a: Hypno|Protect|p1a: Hypno\n|-singleturn|p1a: Hypno|Protect\n|move|p2a: Hydrapple|Fickle Beam|p1a: Hypno\n|-activate|p1a: Hypno|move: Protect\n|\n|-heal|p1a: Hypno|189/315|[from] item: Leftovers\n|upkeep\n|turn|27\n|inactive|Time left: 300 sec this turn | 300 sec total\n|\n|t:|1783562414\n|move|p2a: Hydrapple|Fickle Beam|p1a: Hypno|[anim] Fickle Beam All Out\n|-activate|p2a: Hydrapple|move: Fickle Beam\n|-damage|p1a: Hypno|42/315\n|move|p1a: Hypno|Toxic|p2a: Hydrapple\n|-status|p2a: Hydrapple|tox\n|\n|-heal|p1a: Hypno|61/315|[from] item: Leftovers\n|-damage|p2a: Hydrapple|94/100 tox|[from] psn\n|upkeep\n|turn|28\n|inactive|Time left: 300 sec this turn | 300 sec total\n|\n|t:|1783562414\n|move|p1a: Hypno|Protect|p1a: Hypno\n|-singleturn|p1a: Hypno|Protect\n|move|p2a: Hydrapple|Leaf Storm|p1a: Hypno\n|-activate|p1a: Hypno|move: Protect\n|\n|-heal|p1a: Hypno|80/315|[from] item: Leftovers\n|-damage|p2a: Hydrapple|82/100 tox|[from] psn\n|upkeep\n|turn|29\n|inactive|Time left: 300 sec this turn | 300 sec total\n|\n|t:|1783562415\n|move|p1a: Hypno|Protect||[still]\n|-fail|p1a: Hypno\n|move|p2a: Hydrapple|Leaf Storm|p1a: Hypno\n|-damage|p1a: Hypno|0 fnt\n|-unboost|p2a: Hydrapple|spa|2\n|faint|p1a: Hypno\n|\n|win|p0y1998b223", "uploadtime": 1783562415, "views": 0, "rating": 0, "private": 0, "password": null, "_winner": "p0y1998b223", "_our_name": "p0x19985a27"}