{"id": "battle-gen9randombattle-2244", "formatid": "gen9randombattle", "format": "[Gen 9] Random Battle", "players": ["p0x2244d1b8", "p0y22446061"], "log": "|init|battle\n|title|p0x2244d1b8 vs. p0y22446061\n|j|\u2606p0x2244d1b8\n|j|\u2606p0y22446061\n|t:|1783565083\n|gametype|singles\n|player|p1|p0x2244d1b8|266|\n|player|p2|p0y22446061|1|\n|gen|9\n|tier|[Gen 9] Random Battle\n|rule|Species Clause: Limit one of each Pok\u00e9mon\n|rule|HP Percentage Mod: HP is shown in percentages\n|rule|Sleep Clause Mod: Limit one foe put to sleep\n|rule|Illusion Level Mod: Illusion disguises the Pok\u00e9mon's true level\n|\n|t:|1783565083\n|teamsize|p1|6\n|teamsize|p2|6\n|start\n|switch|p1a: Volcarona|Volcarona, L77, F|100/100\n|switch|p2a: Terrakion|Terrakion, L79|273/273\n|turn|1\n|inactive|Battle timer is ON: inactive players will automatically lose when time's up. (requested by p0y22446061)\n|inactive|p0x2244d1b8 also wants the timer to be on.\n|\n|t:|1783565084\n|move|p2a: Terrakion|Stone Edge|p1a: Volcarona\n|-supereffective|p1a: Volcarona\n|-damage|p1a: Volcarona|0 fnt\n|faint|p1a: Volcarona\n|\n|upkeep\n|\n|t:|1783565086\n|switch|p1a: Quaquaval|Quaquaval, L79, F|100/100\n|turn|2\n|inactive|Time left: 300 sec this turn | 300 sec total\n|\n|t:|1783565087\n|switch|p2a: Salamence|Salamence, L77, M|273/273\n|move|p1a: Quaquaval|Aqua Step|p2a: Salamence\n|-resisted|p2a: Salamence\n|-damage|p2a: Salamence|221/273\n|-boost|p1a: Quaquaval|spe|1\n|\n|upkeep\n|turn|3\n|inactive|Time left: 300 sec this turn | 300 sec total\n|\n|t:|1783565088\n|move|p1a: Quaquaval|Swords Dance|p1a: Quaquaval\n|-boost|p1a: Quaquaval|atk|2\n|move|p2a: Salamence|Outrage|p1a: Quaquaval\n|-damage|p1a: Quaquaval|44/100\n|\n|-heal|p1a: Quaquaval|50/100|[from] item: Leftovers\n|upkeep\n|turn|4\n|inactive|Time left: 300 sec this turn | 300 sec total\n|\n|t:|1783565089\n|-terastallize|p1a: Quaquaval|Steel\n|move|p1a: Quaquaval|Aqua Step|p2a: Salamence\n|-resisted|p2a: Salamence\n|-damage|p2a: Salamence|118/273\n|-boost|p1a: Quaquaval|spe|1\n|move|p2a: Salamence|Outrage|p1a: Quaquaval|[from] lockedmove\n|-resisted|p1a: Quaquaval\n|-damage|p1a: Quaquaval|21/100\n|\n|-heal|p1a: Quaquaval|27/100|[from] item: Leftovers\n|upkeep\n|turn|5\n|inactive|Time left: 300 sec this turn | 300 sec total\n|\n|t:|1783565090\n|move|p1a: Quaquaval|Close Combat|p2a: Salamence\n|-resisted|p2a: Salamence\n|-damage|p2a: Salamence|0 fnt\n|-unboost|p1a: Quaquaval|def|1\n|-unboost|p1a: Quaquaval|spd|1\n|faint|p2a: Salamence\n|-ability|p1a: Quaquaval|Moxie|boost\n|-boost|p1a: Quaquaval|atk|1\n|\n|-heal|p1a: Quaquaval|33/100|[from] item: Leftovers\n|upkeep\n|inactive|Time left: 300 sec this turn | 300 sec total | 5 sec grace\n|\n|t:|1783565091\n|switch|p2a: Glalie|Glalie, L96, M|309/309\n|turn|6\n|inactive|Time left: 300 sec this turn | 300 sec total\n|\n|t:|1783565092\n|-terastallize|p2a: Glalie|Ghost\n|move|p1a: Quaquaval|Close Combat|p2a: Glalie\n|-immune|p2a: Glalie\n|move|p2a: Glalie|Earthquake|p1a: Quaquaval\n|-supereffective|p1a: Quaquaval\n|-damage|p1a: Quaquaval|0 fnt\n|faint|p1a: Quaquaval\n|\n|upkeep\n|\n|t:|1783565093\n|switch|p1a: Meganium|Meganium, L90, M|100/100\n|turn|7\n|inactive|Time left: 300 sec this turn | 300 sec total\n|\n|t:|1783565094\n|move|p2a: Glalie|Freeze-Dry|p1a: Meganium\n|-supereffective|p1a: Meganium\n|-damage|p1a: Meganium|55/100\n|move|p1a: Meganium|Knock Off|p2a: Glalie\n|-supereffective|p2a: Glalie\n|-damage|p2a: Glalie|175/309\n|-enditem|p2a: Glalie|Heavy-Duty Boots|[from] move: Knock Off|[of] p1a: Meganium\n|\n|-heal|p1a: Meganium|61/100|[from] item: Leftovers\n|upkeep\n|turn|8\n|inactive|Time left: 300 sec this turn | 300 sec total\n|\n|t:|1783565095\n|move|p2a: Glalie|Freeze-Dry|p1a: Meganium\n|-supereffective|p1a: Meganium\n|-damage|p1a: Meganium|15/100\n|move|p1a: Meganium|Petal Blizzard|p2a: Glalie\n|-damage|p2a: Glalie|42/309\n|\n|-heal|p1a: Meganium|21/100|[from] item: Leftovers\n|upkeep\n|turn|9\n|inactive|Time left: 300 sec this turn | 300 sec total\n|\n|t:|1783565096\n|switch|p1a: Houndoom|Houndoom, L87, M|100/100\n|move|p2a: Glalie|Freeze-Dry|p1a: Houndoom\n|-resisted|p1a: Houndoom\n|-damage|p1a: Houndoom|86/100\n|\n|upkeep\n|turn|10\n|inactive|Time left: 300 sec this turn | 300 sec total\n|\n|t:|1783565097\n|switch|p2a: Kommo-o|Kommo-o, L77, M|242/242\n|move|p1a: Houndoom|Fire Blast|p2a: Kommo-o\n|-resisted|p2a: Kommo-o\n|-damage|p2a: Kommo-o|176/242\n|\n|upkeep\n|turn|11\n|inactive|Time left: 300 sec this turn | 300 sec total\n|\n|t:|1783565098\n|switch|p1a: Phione|Phione, L91|100/100\n|move|p2a: Kommo-o|Drain Punch|p1a: Phione\n|-damage|p1a: Phione|74/100\n|-heal|p2a: Kommo-o|215/242|[from] drain|[of] p1a: Phione\n|\n|-heal|p1a: Phione|80/100|[from] item: Leftovers\n|upkeep\n|turn|12\n|inactive|Time left: 300 sec this turn | 300 sec total\n|\n|t:|1783565099\n|move|p1a: Phione|Ice Beam|p2a: Kommo-o\n|-supereffective|p2a: Kommo-o\n|-damage|p2a: Kommo-o|91/242\n|move|p2a: Kommo-o|Clangorous Soul|p2a: Kommo-o\n|-boost|p2a: Kommo-o|atk|1\n|-boost|p2a: Kommo-o|def|1\n|-boost|p2a: Kommo-o|spa|1\n|-boost|p2a: Kommo-o|spd|1\n|-boost|p2a: Kommo-o|spe|1\n|-damage|p2a: Kommo-o|12/242\n|-enditem|p2a: Kommo-o|Throat Spray\n|-boost|p2a: Kommo-o|spa|1|[from] item: Throat Spray\n|\n|-heal|p1a: Phione|86/100|[from] item: Leftovers\n|upkeep\n|turn|13\n|inactive|Time left: 300 sec this turn | 300 sec total\n|\n|t:|1783565100\n|move|p2a: Kommo-o|Drain Punch|p1a: Phione\n|-damage|p1a: Phione|51/100\n|-heal|p2a: Kommo-o|63/242|[from] drain|[of] p1a: Phione\n|move|p1a: Phione|Ice Beam|p2a: Kommo-o\n|-supereffective|p2a: Kommo-o\n|-damage|p2a: Kommo-o|0 fnt\n|faint|p2a: Kommo-o\n|\n|-heal|p1a: Phione|57/100|[from] item: Leftovers\n|upkeep\n|inactive|Time left: 300 sec this turn | 300 sec total | 5 sec grace\n|\n|t:|1783565101\n|switch|p2a: Terrakion|Terrakion, L79|273/273\n|turn|14\n|inactive|Time left: 300 sec this turn | 300 sec total\n|\n|t:|1783565102\n|switch|p1a: Meganium|Meganium, L90, M|21/100\n|move|p2a: Terrakion|Close Combat|p1a: Meganium\n|-damage|p1a: Meganium|0 fnt\n|-unboost|p2a: Terrakion|def|1\n|-unboost|p2a: Terrakion|spd|1\n|faint|p1a: Meganium\n|\n|upkeep\n|\n|t:|1783565103\n|switch|p1a: Mightyena|Mightyena, L96, M|100/100\n|-ability|p1a: Mightyena|Intimidate|boost\n|-unboost|p2a: Terrakion|atk|1\n|turn|15\n|inactive|Time left: 300 sec this turn | 300 sec total\n|\n|t:|1783565104\n|move|p2a: Terrakion|Close Combat|p1a: Mightyena\n|-supereffective|p1a: Mightyena\n|-damage|p1a: Mightyena|0 fnt\n|-unboost|p2a: Terrakion|def|1\n|-unboost|p2a: Terrakion|spd|1\n|faint|p1a: Mightyena\n|\n|upkeep\n|\n|t:|1783565105\n|switch|p1a: Phione|Phione, L91|57/100\n|turn|16\n|inactive|Time left: 300 sec this turn | 300 sec total\n|\n|t:|1783565106\n|switch|p2a: Bellossom|Bellossom, L84, M|263/263\n|move|p1a: Phione|Scald|p2a: Bellossom\n|-resisted|p2a: Bellossom\n|-damage|p2a: Bellossom|225/263\n|-status|p2a: Bellossom|brn\n|\n|-heal|p1a: Phione|64/100|[from] item: Leftovers\n|-heal|p2a: Bellossom|241/263 brn|[from] item: Leftovers\n|-damage|p2a: Bellossom|225/263 brn|[from] brn\n|upkeep\n|turn|17\n|inactive|Time left: 300 sec this turn | 300 sec total\n|\n|t:|1783565107\n|switch|p1a: Houndoom|Houndoom, L87, M|86/100\n|move|p2a: Bellossom|Quiver Dance|p2a: Bellossom\n|-boost|p2a: Bellossom|spa|1\n|-boost|p2a: Bellossom|spd|1\n|-boost|p2a: Bellossom|spe|1\n|\n|-heal|p2a: Bellossom|241/263 brn|[from] item: Leftovers\n|-damage|p2a: Bellossom|225/263 brn|[from] brn\n|upkeep\n|turn|18\n|inactive|Time left: 300 sec this turn | 300 sec total\n|\n|t:|1783565107\n|switch|p2a: Terrakion|Terrakion, L79|273/273\n|move|p1a: Houndoom|Fire Blast|p2a: Terrakion\n|-resisted|p2a: Terrakion\n|-damage|p2a: Terrakion|199/273\n|\n|upkeep\n|turn|19\n|inactive|Time left: 300 sec this turn | 300 sec total\n|\n|t:|1783565108\n|move|p2a: Terrakion|Close Combat|p1a: Houndoom\n|-supereffective|p1a: Houndoom\n|-damage|p1a: Houndoom|0 fnt\n|-unboost|p2a: Terrakion|def|1\n|-unboost|p2a: Terrakion|spd|1\n|faint|p1a: Houndoom\n|\n|upkeep\n|\n|t:|1783565109\n|switch|p1a: Phione|Phione, L91|64/100\n|turn|20\n|inactive|Time left: 300 sec this turn | 300 sec total\n|\n|t:|1783565109\n|move|p2a: Terrakion|Close Combat|p1a: Phione\n|-damage|p1a: Phione|0 fnt\n|-unboost|p2a: Terrakion|def|1\n|-unboost|p2a: Terrakion|spd|1\n|faint|p1a: Phione\n|\n|win|p0y22446061", "uploadtime": 1783565109, "views": 0, "rating": 0, "private": 0, "password": null, "_winner": "p0y22446061", "_our_name": "p0y22446061"}