{"id": "battle-gen9randombattle-1503", "formatid": "gen9randombattle", "format": "[Gen 9] Random Battle", "players": ["p0x15038920", "p0y1503295f"], "log": "|init|battle\n|title|p0x15038920 vs. p0y1503295f\n|j|\u2606p0x15038920\n|j|\u2606p0y1503295f\n|t:|1783557505\n|gametype|singles\n|player|p1|p0x15038920|265|\n|player|p2|p0y1503295f|170|\n|gen|9\n|tier|[Gen 9] Random Battle\n|rule|Species Clause: Limit one of each Pok\u00e9mon\n|rule|HP Percentage Mod: HP is shown in percentages\n|rule|Sleep Clause Mod: Limit one foe put to sleep\n|rule|Illusion Level Mod: Illusion disguises the Pok\u00e9mon's true level\n|\n|t:|1783557505\n|teamsize|p1|6\n|teamsize|p2|6\n|start\n|switch|p1a: Glimmora|Glimmora, L75, M|100/100\n|switch|p2a: Arceus|Arceus-Ground, L70|284/284\n|turn|1\n|inactive|Battle timer is ON: inactive players will automatically lose when time's up. (requested by p0y1503295f)\n|inactive|p0x15038920 also wants the timer to be on.\n|\n|t:|1783557507\n|switch|p1a: Minior|Minior-Green, L79|100/100\n|-formechange|p1a: Minior|Minior-Meteor||[from] ability: Shields Down\n|move|p2a: Arceus|Earthquake|p1a: Minior\n|-immune|p1a: Minior\n|\n|upkeep\n|turn|2\n|inactive|Time left: 300 sec this turn | 300 sec total\n|\n|t:|1783557509\n|switch|p2a: Luxray|Luxray, L88, F|283/283\n|move|p1a: Minior|Shell Smash|p1a: Minior\n|-unboost|p1a: Minior|def|1\n|-unboost|p1a: Minior|spd|1\n|-boost|p1a: Minior|atk|2\n|-boost|p1a: Minior|spa|2\n|-boost|p1a: Minior|spe|2\n|-enditem|p1a: Minior|White Herb\n|-clearnegativeboost|p1a: Minior|[silent]\n|\n|-status|p2a: Luxray|brn|[from] item: Flame Orb\n|upkeep\n|turn|3\n|inactive|Time left: 300 sec this turn | 300 sec total\n|\n|t:|1783557510\n|move|p1a: Minior|Acrobatics|p2a: Luxray\n|-resisted|p2a: Luxray\n|-damage|p2a: Luxray|204/283 brn\n|move|p2a: Luxray|Supercell Slam|p1a: Minior\n|-supereffective|p1a: Minior\n|-damage|p1a: Minior|0 fnt\n|faint|p1a: Minior\n|\n|-damage|p2a: Luxray|187/283 brn|[from] brn\n|upkeep\n|\n|t:|1783557511\n|switch|p1a: Meloetta|Meloetta, L82|100/100\n|turn|4\n|inactive|Time left: 300 sec this turn | 300 sec total\n|\n|t:|1783557512\n|move|p1a: Meloetta|Hyper Voice|p2a: Luxray\n|-damage|p2a: Luxray|9/283 brn\n|move|p2a: Luxray|Supercell Slam|p1a: Meloetta\n|-damage|p1a: Meloetta|18/100\n|\n|-damage|p2a: Luxray|0 fnt|[from] brn\n|faint|p2a: Luxray\n|upkeep\n|inactive|Time left: 300 sec this turn | 300 sec total | 5 sec grace\n|\n|t:|1783557513\n|switch|p2a: Rotom|Rotom, L88|231/231\n|turn|5\n|inactive|Time left: 300 sec this turn | 300 sec total\n|\n|t:|1783557514\n|switch|p1a: Bellossom|Bellossom, L84, F|100/100\n|move|p2a: Rotom|Nasty Plot|p2a: Rotom\n|-boost|p2a: Rotom|spa|2\n|\n|upkeep\n|turn|6\n|inactive|Time left: 300 sec this turn | 300 sec total\n|\n|t:|1783557515\n|-terastallize|p2a: Rotom|Ghost\n|move|p2a: Rotom|Shadow Ball|p1a: Bellossom\n|-damage|p1a: Bellossom|0 fnt\n|faint|p1a: Bellossom\n|-damage|p2a: Rotom|208/231|[from] item: Life Orb\n|\n|upkeep\n|\n|t:|1783557516\n|switch|p1a: Meloetta|Meloetta, L82|18/100\n|turn|7\n|inactive|Time left: 300 sec this turn | 300 sec total\n|\n|t:|1783557517\n|move|p2a: Rotom|Thunderbolt|p1a: Meloetta\n|-damage|p1a: Meloetta|0 fnt\n|faint|p1a: Meloetta\n|-damage|p2a: Rotom|185/231|[from] item: Life Orb\n|\n|upkeep\n|\n|t:|1783557518\n|switch|p1a: Ogerpon|Ogerpon-Wellspring, L76, F|100/100\n|turn|8\n|inactive|Time left: 300 sec this turn | 300 sec total\n|\n|t:|1783557519\n|-terastallize|p1a: Ogerpon|Water\n|detailschange|p1a: Ogerpon|Ogerpon-Wellspring-Tera, L76, F, tera:Water\n|-ability|p1a: Ogerpon|Embody Aspect (Wellspring)|boost\n|-boost|p1a: Ogerpon|spd|1\n|move|p1a: Ogerpon|Ivy Cudgel|p2a: Rotom|[anim] Ivy Cudgel Water\n|-damage|p2a: Rotom|25/231\n|move|p2a: Rotom|Thunderbolt|p1a: Ogerpon\n|-supereffective|p1a: Ogerpon\n|-damage|p1a: Ogerpon|0 fnt\n|faint|p1a: Ogerpon\n|detailschange|p1: Ogerpon|Ogerpon-Wellspring, L76, F|[silent]\n|-damage|p2a: Rotom|2/231|[from] item: Life Orb\n|\n|upkeep\n|\n|t:|1783557520\n|switch|p1a: Tinkaton|Tinkaton, L82, F|100/100\n|-ability|p1a: Tinkaton|Mold Breaker\n|turn|9\n|inactive|Time left: 300 sec this turn | 300 sec total\n|\n|t:|1783557521\n|move|p2a: Rotom|Shadow Ball|p1a: Tinkaton\n|-damage|p1a: Tinkaton|0 fnt\n|faint|p1a: Tinkaton\n|-damage|p2a: Rotom|0 fnt|[from] item: Life Orb\n|faint|p2a: Rotom\n|\n|upkeep\n|inactive|Time left: 300 sec this turn | 300 sec total | 5 sec grace\n|\n|t:|1783557522\n|switch|p2a: Arceus|Arceus-Ground, L70|284/284\n|switch|p1a: Glimmora|Glimmora, L75, M|100/100\n|turn|10\n|inactive|Time left: 300 sec this turn | 300 sec total\n|\n|t:|1783557523\n|move|p2a: Arceus|Earthquake|p1a: Glimmora\n|-supereffective|p1a: Glimmora\n|-damage|p1a: Glimmora|0 fnt\n|-activate|p1a: Glimmora|ability: Toxic Debris\n|-sidestart|p2: p0y1503295f|move: Toxic Spikes\n|faint|p1a: Glimmora\n|\n|win|p0y1503295f", "uploadtime": 1783557523, "views": 0, "rating": 0, "private": 0, "password": null, "_winner": "p0y1503295f", "_our_name": "p0y1503295f"}