{"id": "battle-gen9randombattle-151", "formatid": "gen9randombattle", "format": "[Gen 9] Random Battle", "players": ["p0x1511c28", "p0y1518e5f"], "log": "|init|battle\n|title|p0x1511c28 vs. p0y1518e5f\n|j|\u2606p0x1511c28\n|j|\u2606p0y1518e5f\n|t:|1783535483\n|gametype|singles\n|player|p1|p0x1511c28|169|\n|player|p2|p0y1518e5f|1|\n|gen|9\n|tier|[Gen 9] Random Battle\n|rule|Species Clause: Limit one of each Pok\u00e9mon\n|rule|HP Percentage Mod: HP is shown in percentages\n|rule|Sleep Clause Mod: Limit one foe put to sleep\n|rule|Illusion Level Mod: Illusion disguises the Pok\u00e9mon's true level\n|\n|t:|1783535483\n|teamsize|p1|6\n|teamsize|p2|6\n|start\n|switch|p1a: Dodrio|Dodrio, L85, M|241/241\n|switch|p2a: Breloom|Breloom, L83, F|100/100\n|turn|1\n|inactive|Battle timer is ON: inactive players will automatically lose when time's up. (requested by p0y1518e5f)\n|inactive|Time left: 300 sec this turn | 300 sec total | 60 sec grace\n|inactive|p0x1511c28 also wants the timer to be on.\n|\n|t:|1783535484\n|switch|p2a: Mandibuzz|Mandibuzz, L85, F|100/100\n|move|p1a: Dodrio|Brave Bird|p2a: Mandibuzz\n|-damage|p2a: Mandibuzz|43/100\n|-damage|p1a: Dodrio|179/241|[from] Recoil\n|\n|upkeep\n|turn|2\n|inactive|Time left: 300 sec this turn | 300 sec total\n|\n|t:|1783535486\n|move|p1a: Dodrio|Brave Bird|p2a: Mandibuzz\n|-damage|p2a: Mandibuzz|0 fnt\n|faint|p2a: Mandibuzz\n|-damage|p1a: Dodrio|133/241|[from] Recoil\n|\n|upkeep\n|\n|t:|1783535487\n|switch|p2a: Lapras|Lapras, L87, M|100/100\n|turn|3\n|inactive|Time left: 300 sec this turn | 300 sec total\n|\n|t:|1783535488\n|move|p1a: Dodrio|Brave Bird|p2a: Lapras\n|-damage|p2a: Lapras|43/100\n|-damage|p1a: Dodrio|64/241|[from] Recoil\n|move|p2a: Lapras|Icicle Spear|p1a: Dodrio\n|-supereffective|p1a: Dodrio\n|-damage|p1a: Dodrio|0 fnt\n|faint|p1a: Dodrio\n|-hitcount|p1: Dodrio|1\n|\n|upkeep\n|inactive|Time left: 300 sec this turn | 300 sec total | 5 sec grace\n|\n|t:|1783535489\n|switch|p1a: Cinccino|Cinccino, L83, F|260/260\n|turn|4\n|inactive|Time left: 300 sec this turn | 300 sec total\n|\n|t:|1783535490\n|switch|p2a: Masquerain|Masquerain, L87, M|100/100\n|-ability|p2a: Masquerain|Intimidate|boost\n|-unboost|p1a: Cinccino|atk|1\n|move|p1a: Cinccino|Bullet Seed|p2a: Masquerain\n|-resisted|p2a: Masquerain\n|-damage|p2a: Masquerain|99/100\n|-resisted|p2a: Masquerain\n|-damage|p2a: Masquerain|97/100\n|-resisted|p2a: Masquerain\n|-damage|p2a: Masquerain|95/100\n|-resisted|p2a: Masquerain\n|-damage|p2a: Masquerain|93/100\n|-resisted|p2a: Masquerain\n|-damage|p2a: Masquerain|91/100\n|-hitcount|p2a: Masquerain|5\n|\n|upkeep\n|turn|5\n|inactive|Time left: 300 sec this turn | 300 sec total\n|\n|t:|1783535491\n|move|p1a: Cinccino|Triple Axel|p2a: Masquerain\n|-supereffective|p2a: Masquerain\n|-damage|p2a: Masquerain|77/100\n|-supereffective|p2a: Masquerain\n|-damage|p2a: Masquerain|49/100\n|-supereffective|p2a: Masquerain\n|-damage|p2a: Masquerain|11/100\n|-hitcount|p2a: Masquerain|3\n|move|p2a: Masquerain|Sticky Web|p1a: Cinccino\n|-sidestart|p1: p0x1511c28|move: Sticky Web\n|\n|upkeep\n|turn|6\n|inactive|Time left: 300 sec this turn | 300 sec total\n|\n|t:|1783535492\n|move|p1a: Cinccino|Tidy Up|p1a: Cinccino\n|-sideend|p1: p0x1511c28|Sticky Web\n|-activate|p1a: Cinccino|move: Tidy Up\n|-boost|p1a: Cinccino|atk|1\n|-boost|p1a: Cinccino|spe|1\n|move|p2a: Masquerain|U-turn|p1a: Cinccino\n|-damage|p1a: Cinccino|185/260\n|\n|t:|1783535493\n|switch|p2a: Perrserker|Perrserker, L89, M|100/100|[from] U-turn\n|\n|upkeep\n|turn|7\n|inactive|Time left: 300 sec this turn | 300 sec total\n|\n|t:|1783535494\n|switch|p1a: Gholdengo|Gholdengo, L77|261/261\n|move|p2a: Perrserker|Iron Head|p1a: Gholdengo\n|-resisted|p1a: Gholdengo\n|-damage|p1a: Gholdengo|167/261\n|-damage|p2a: Perrserker|91/100|[from] item: Life Orb\n|\n|upkeep\n|turn|8\n|inactive|Time left: 300 sec this turn | 300 sec total\n|\n|t:|1783535495\n|move|p1a: Gholdengo|Focus Blast|p2a: Perrserker|[miss]\n|-miss|p1a: Gholdengo|p2a: Perrserker\n|move|p2a: Perrserker|Stealth Rock|p1a: Gholdengo\n|-sidestart|p1: p0x1511c28|move: Stealth Rock\n|\n|upkeep\n|turn|9\n|inactive|Time left: 300 sec this turn | 300 sec total\n|\n|t:|1783535496\n|switch|p2a: Masquerain|Masquerain, L87, M|11/100\n|-ability|p2a: Masquerain|Intimidate|boost\n|-unboost|p1a: Gholdengo|atk|1\n|move|p1a: Gholdengo|Focus Blast|p2a: Masquerain|[miss]\n|-miss|p1a: Gholdengo|p2a: Masquerain\n|\n|upkeep\n|turn|10\n|inactive|Time left: 300 sec this turn | 300 sec total\n|\n|t:|1783535497\n|move|p1a: Gholdengo|Focus Blast|p2a: Masquerain\n|-resisted|p2a: Masquerain\n|-damage|p2a: Masquerain|2/100\n|move|p2a: Masquerain|Sticky Web|p1a: Gholdengo\n|-sidestart|p1: p0x1511c28|move: Sticky Web\n|\n|upkeep\n|turn|11\n|inactive|Time left: 300 sec this turn | 300 sec total\n|\n|t:|1783535498\n|move|p1a: Gholdengo|Focus Blast|p2a: Masquerain\n|-resisted|p2a: Masquerain\n|-damage|p2a: Masquerain|0 fnt\n|faint|p2a: Masquerain\n|\n|upkeep\n|\n|t:|1783535499\n|switch|p2a: Palkia|Palkia-Origin, L72|100/100\n|-ability|p2a: Palkia|Pressure\n|turn|12\n|inactive|Time left: 300 sec this turn | 300 sec total\n|\n|t:|1783535500\n|move|p1a: Gholdengo|Focus Blast|p2a: Palkia\n|-damage|p2a: Palkia|70/100\n|-unboost|p2a: Palkia|spd|1\n|move|p2a: Palkia|Hydro Pump|p1a: Gholdengo\n|-damage|p1a: Gholdengo|16/261\n|\n|upkeep\n|turn|13\n|inactive|Time left: 300 sec this turn | 300 sec total\n|\n|t:|1783535501\n|move|p1a: Gholdengo|Focus Blast|p2a: Palkia|[miss]\n|-miss|p1a: Gholdengo|p2a: Palkia\n|move|p2a: Palkia|Fire Blast|p1a: Gholdengo\n|-supereffective|p1a: Gholdengo\n|-damage|p1a: Gholdengo|0 fnt\n|faint|p1a: Gholdengo\n|\n|upkeep\n|inactive|Time left: 300 sec this turn | 300 sec total | 5 sec grace\n|\n|t:|1783535502\n|switch|p1a: Cramorant|Cramorant, L86, F|261/261\n|turn|14\n|inactive|Time left: 300 sec this turn | 300 sec total\n|\n|t:|1783535503\n|switch|p2a: Lapras|Lapras, L87, M|43/100\n|move|p1a: Cramorant|Defog|p2a: Lapras\n|-unboost|p2a: Lapras|evasion|1\n|-sideend|p1: p0x1511c28|Stealth Rock|[from] move: Defog|[of] p1a: Cramorant\n|-sideend|p1: p0x1511c28|Sticky Web|[from] move: Defog|[of] p1a: Cramorant\n|\n|upkeep\n|turn|15\n|inactive|Time left: 300 sec this turn | 300 sec total\n|\n|t:|1783535504\n|move|p1a: Cramorant|Brave Bird|p2a: Lapras\n|-damage|p2a: Lapras|11/100\n|-damage|p1a: Cramorant|222/261|[from] Recoil\n|move|p2a: Lapras|Icicle Spear|p1a: Cramorant\n|-damage|p1a: Cramorant|185/261\n|-damage|p1a: Cramorant|148/261\n|-damage|p1a: Cramorant|111/261\n|-damage|p1a: Cramorant|77/261\n|-damage|p1a: Cramorant|41/261\n|-hitcount|p1a: Cramorant|5\n|\n|upkeep\n|turn|16\n|inactive|Time left: 300 sec this turn | 300 sec total\n|\n|t:|1783535505\n|move|p1a: Cramorant|Brave Bird|p2a: Lapras\n|-damage|p2a: Lapras|0 fnt\n|faint|p2a: Lapras\n|-damage|p1a: Cramorant|28/261|[from] Recoil\n|\n|upkeep\n|\n|t:|1783535506\n|switch|p2a: Breloom|Breloom, L83, F|100/100\n|turn|17\n|inactive|Time left: 300 sec this turn | 300 sec total\n|\n|t:|1783535506\n|move|p2a: Breloom|Mach Punch|p1a: Cramorant\n|-resisted|p1a: Cramorant\n|-damage|p1a: Cramorant|0 fnt\n|faint|p1a: Cramorant\n|-damage|p2a: Breloom|91/100|[from] item: Life Orb\n|\n|upkeep\n|inactive|Time left: 300 sec this turn | 300 sec total | 5 sec grace\n|\n|t:|1783535507\n|switch|p1a: Venomoth|Venomoth, L84, F|255/255\n|turn|18\n|inactive|Time left: 300 sec this turn | 300 sec total\n|\n|t:|1783535508\n|-terastallize|p2a: Breloom|Fighting\n|move|p1a: Venomoth|Sludge Wave|p2a: Breloom\n|-damage|p2a: Breloom|33/100\n|move|p2a: Breloom|Rock Tomb|p1a: Venomoth\n|-supereffective|p1a: Venomoth\n|-damage|p1a: Venomoth|0 fnt\n|faint|p1a: Venomoth\n|-damage|p2a: Breloom|23/100|[from] item: Life Orb\n|\n|upkeep\n|inactive|Time left: 300 sec this turn | 300 sec total | 5 sec grace\n|\n|t:|1783535509\n|switch|p1a: Wo-Chien|Wo-Chien, L83|277/277\n|-ability|p1a: Wo-Chien|Tablets of Ruin\n|turn|19\n|inactive|Time left: 300 sec this turn | 300 sec total\n|\n|t:|1783535510\n|-terastallize|p1a: Wo-Chien|Poison\n|move|p2a: Breloom|Mach Punch|p1a: Wo-Chien\n|-resisted|p1a: Wo-Chien\n|-damage|p1a: Wo-Chien|228/277\n|-damage|p2a: Breloom|13/100|[from] item: Life Orb\n|move|p1a: Wo-Chien|Giga Drain|p2a: Breloom\n|-damage|p2a: Breloom|0 fnt\n|-heal|p1a: Wo-Chien|243/277|[from] drain|[of] p2a: Breloom\n|faint|p2a: Breloom\n|\n|-heal|p1a: Wo-Chien|260/277|[from] item: Leftovers\n|upkeep\n|\n|t:|1783535510\n|switch|p2a: Palkia|Palkia-Origin, L72|70/100\n|-ability|p2a: Palkia|Pressure\n|turn|20\n|inactive|Time left: 300 sec this turn | 300 sec total\n|\n|t:|1783535511\n|move|p2a: Palkia|Thunder Wave|p1a: Wo-Chien\n|-status|p1a: Wo-Chien|par\n|cant|p1a: Wo-Chien|par\n|\n|-heal|p1a: Wo-Chien|277/277 par|[from] item: Leftovers\n|upkeep\n|turn|21\n|inactive|Time left: 300 sec this turn | 300 sec total\n|\n|t:|1783535513\n|move|p2a: Palkia|Hydro Pump|p1a: Wo-Chien|[miss]\n|-miss|p2a: Palkia|p1a: Wo-Chien\n|cant|p1a: Wo-Chien|par\n|\n|upkeep\n|turn|22\n|inactive|Time left: 300 sec this turn | 300 sec total\n|\n|t:|1783535514\n|move|p2a: Palkia|Hydro Pump|p1a: Wo-Chien\n|-damage|p1a: Wo-Chien|178/277 par\n|move|p1a: Wo-Chien|Ruination|p2a: Palkia\n|-damage|p2a: Palkia|35/100\n|\n|-heal|p1a: Wo-Chien|195/277 par|[from] item: Leftovers\n|upkeep\n|turn|23\n|inactive|Time left: 300 sec this turn | 300 sec total\n|\n|t:|1783535514\n|move|p2a: Palkia|Hydro Pump|p1a: Wo-Chien\n|-damage|p1a: Wo-Chien|90/277 par\n|move|p1a: Wo-Chien|Giga Drain|p2a: Palkia\n|-damage|p2a: Palkia|8/100\n|-heal|p1a: Wo-Chien|124/277 par|[from] drain|[of] p2a: Palkia\n|\n|-heal|p1a: Wo-Chien|141/277 par|[from] item: Leftovers\n|upkeep\n|turn|24\n|inactive|Time left: 300 sec this turn | 300 sec total\n|\n|t:|1783535516\n|move|p2a: Palkia|Hydro Pump|p1a: Wo-Chien\n|-damage|p1a: Wo-Chien|26/277 par\n|cant|p1a: Wo-Chien|par\n|\n|-heal|p1a: Wo-Chien|43/277 par|[from] item: Leftovers\n|upkeep\n|turn|25\n|inactive|Time left: 300 sec this turn | 300 sec total\n|\n|t:|1783535516\n|switch|p1a: Cinccino|Cinccino, L83, F|185/260\n|move|p2a: Palkia|Hydro Pump|p1a: Cinccino|[miss]\n|-miss|p2a: Palkia|p1a: Cinccino\n|\n|upkeep\n|turn|26\n|inactive|Time left: 300 sec this turn | 300 sec total\n|\n|t:|1783535517\n|switch|p1a: Wo-Chien|Wo-Chien, L83, tera:Poison|43/277 par\n|-ability|p1a: Wo-Chien|Tablets of Ruin\n|move|p2a: Palkia|Hydro Pump|p1a: Wo-Chien\n|-damage|p1a: Wo-Chien|0 fnt\n|faint|p1a: Wo-Chien\n|\n|upkeep\n|inactive|Time left: 300 sec this turn | 300 sec total | 5 sec grace\n|\n|t:|1783535518\n|switch|p1a: Cinccino|Cinccino, L83, F|185/260\n|turn|27\n|inactive|Time left: 300 sec this turn | 300 sec total\n|\n|t:|1783535519\n|move|p1a: Cinccino|Tidy Up|p1a: Cinccino\n|-boost|p1a: Cinccino|atk|1\n|-boost|p1a: Cinccino|spe|1\n|move|p2a: Palkia|Draco Meteor|p1a: Cinccino\n|-damage|p1a: Cinccino|0 fnt\n|-unboost|p2a: Palkia|spa|2\n|faint|p1a: Cinccino\n|\n|win|p0y1518e5f", "uploadtime": 1783535519, "views": 0, "rating": 0, "private": 0, "password": null, "_winner": "p0y1518e5f", "_our_name": "p0x1511c28"}