{"id": "battle-gen9randombattle-2772", "formatid": "gen9randombattle", "format": "[Gen 9] Random Battle", "players": ["p0x2772e949", "p0y27728094"], "log": "|init|battle\n|title|p0x2772e949 vs. p0y27728094\n|j|\u2606p0x2772e949\n|j|\u2606p0y27728094\n|t:|1783571935\n|gametype|singles\n|player|p1|p0x2772e949|2|\n|player|p2|p0y27728094|266|\n|gen|9\n|tier|[Gen 9] Random Battle\n|rule|Species Clause: Limit one of each Pok\u00e9mon\n|rule|HP Percentage Mod: HP is shown in percentages\n|rule|Sleep Clause Mod: Limit one foe put to sleep\n|rule|Illusion Level Mod: Illusion disguises the Pok\u00e9mon's true level\n|\n|t:|1783571935\n|teamsize|p1|6\n|teamsize|p2|6\n|start\n|switch|p1a: Ho-Oh|Ho-Oh, L71|268/268\n|switch|p2a: Sunflora|Sunflora, F|100/100\n|turn|1\n|inactive|Battle timer is ON: inactive players will automatically lose when time's up. (requested by p0y27728094)\n|inactive|Time left: 300 sec this turn | 300 sec total | 60 sec grace\n|inactive|p0x2772e949 also wants the timer to be on.\n|\n|t:|1783571936\n|switch|p2a: Stantler|Stantler, L92, F|100/100\n|-ability|p2a: Stantler|Intimidate|boost\n|-unboost|p1a: Ho-Oh|atk|1\n|move|p1a: Ho-Oh|Sacred Fire|p2a: Stantler\n|-damage|p2a: Stantler|81/100\n|-status|p2a: Stantler|brn\n|\n|-damage|p2a: Stantler|75/100 brn|[from] brn\n|upkeep\n|turn|2\n|inactive|Time left: 300 sec this turn | 300 sec total\n|\n|t:|1783571938\n|switch|p2a: Ceruledge|Ceruledge, L78, M|100/100\n|move|p1a: Ho-Oh|Sacred Fire|p2a: Ceruledge\n|-resisted|p2a: Ceruledge\n|-damage|p2a: Ceruledge|86/100\n|-ability|p2a: Ceruledge|Weak Armor|boost\n|-unboost|p2a: Ceruledge|def|1\n|-boost|p2a: Ceruledge|spe|2\n|\n|upkeep\n|turn|3\n|inactive|Time left: 300 sec this turn | 300 sec total\n|\n|t:|1783571939\n|move|p2a: Ceruledge|Swords Dance|p2a: Ceruledge\n|-boost|p2a: Ceruledge|atk|2\n|move|p1a: Ho-Oh|Earthquake|p2a: Ceruledge\n|-supereffective|p2a: Ceruledge\n|-damage|p2a: Ceruledge|30/100\n|-ability|p2a: Ceruledge|Weak Armor|boost\n|-unboost|p2a: Ceruledge|def|1\n|-boost|p2a: Ceruledge|spe|2\n|\n|upkeep\n|turn|4\n|inactive|Time left: 300 sec this turn | 300 sec total\n|\n|t:|1783571939\n|move|p2a: Ceruledge|Poltergeist|p1a: Ho-Oh|[miss]\n|-miss|p2a: Ceruledge|p1a: Ho-Oh\n|move|p1a: Ho-Oh|Earthquake|p2a: Ceruledge\n|-supereffective|p2a: Ceruledge\n|-damage|p2a: Ceruledge|0 fnt\n|faint|p2a: Ceruledge\n|\n|upkeep\n|\n|t:|1783571940\n|switch|p2a: Tauros|Tauros-Paldea-Aqua, L81, M|100/100\n|-ability|p2a: Tauros|Intimidate|boost\n|-unboost|p1a: Ho-Oh|atk|1\n|turn|5\n|inactive|Time left: 300 sec this turn | 300 sec total\n|\n|t:|1783571941\n|switch|p1a: Keldeo|Keldeo-Resolute, L79|273/273\n|move|p2a: Tauros|Liquidation|p1a: Keldeo\n|-resisted|p1a: Keldeo\n|-damage|p1a: Keldeo|213/273\n|-damage|p2a: Tauros|91/100|[from] item: Life Orb\n|\n|upkeep\n|turn|6\n|inactive|Time left: 300 sec this turn | 300 sec total\n|\n|t:|1783571942\n|move|p1a: Keldeo|Air Slash|p2a: Tauros\n|-supereffective|p2a: Tauros\n|-damage|p2a: Tauros|0 fnt\n|faint|p2a: Tauros\n|\n|upkeep\n|\n|t:|1783571943\n|switch|p2a: Toxapex|Toxapex, L82, M|100/100\n|turn|7\n|inactive|Time left: 300 sec this turn | 300 sec total\n|\n|t:|1783571944\n|move|p1a: Keldeo|Air Slash|p2a: Toxapex\n|-damage|p2a: Toxapex|69/100\n|move|p2a: Toxapex|Toxic|p1a: Keldeo\n|-status|p1a: Keldeo|tox\n|\n|-damage|p1a: Keldeo|196/273 tox|[from] psn\n|upkeep\n|turn|8\n|inactive|Time left: 300 sec this turn | 300 sec total\n|\n|t:|1783571945\n|switch|p2a: Stantler|Stantler, L92, F|75/100 brn\n|-ability|p2a: Stantler|Intimidate|boost\n|-unboost|p1a: Keldeo|atk|1\n|move|p1a: Keldeo|Air Slash|p2a: Stantler\n|-damage|p2a: Stantler|50/100 brn\n|\n|-damage|p1a: Keldeo|162/273 tox|[from] psn\n|-damage|p2a: Stantler|45/100 brn|[from] brn\n|upkeep\n|turn|9\n|inactive|Time left: 300 sec this turn | 300 sec total\n|\n|t:|1783571946\n|switch|p1a: Chien-Pao|Chien-Pao, L72|234/234\n|-ability|p1a: Chien-Pao|Sword of Ruin\n|move|p2a: Stantler|Body Slam|p1a: Chien-Pao\n|-damage|p1a: Chien-Pao|170/234\n|\n|-damage|p2a: Stantler|39/100 brn|[from] brn\n|upkeep\n|turn|10\n|inactive|Time left: 300 sec this turn | 300 sec total\n|\n|t:|1783571947\n|move|p1a: Chien-Pao|Crunch|p2a: Stantler\n|-damage|p2a: Stantler|0 fnt\n|faint|p2a: Stantler\n|\n|upkeep\n|\n|t:|1783571947\n|switch|p2a: Passimian|Passimian, L83, F|100/100\n|turn|11\n|inactive|Time left: 300 sec this turn | 300 sec total\n|\n|t:|1783571948\n|switch|p1a: Clodsire|Clodsire, L81, F|343/343\n|move|p2a: Passimian|Bulk Up|p2a: Passimian\n|-boost|p2a: Passimian|atk|1\n|-boost|p2a: Passimian|def|1\n|\n|upkeep\n|turn|12\n|inactive|Time left: 300 sec this turn | 300 sec total\n|\n|t:|1783571949\n|move|p2a: Passimian|Bulk Up|p2a: Passimian\n|-boost|p2a: Passimian|atk|1\n|-boost|p2a: Passimian|def|1\n|move|p1a: Clodsire|Stealth Rock|p2a: Passimian\n|-sidestart|p2: p0y27728094|move: Stealth Rock\n|\n|upkeep\n|turn|13\n|inactive|Time left: 300 sec this turn | 300 sec total\n|\n|t:|1783571950\n|move|p2a: Passimian|Knock Off|p1a: Clodsire\n|-damage|p1a: Clodsire|131/343\n|-enditem|p1a: Clodsire|Leftovers|[from] move: Knock Off|[of] p2a: Passimian\n|move|p1a: Clodsire|Recover|p1a: Clodsire\n|-heal|p1a: Clodsire|303/343\n|\n|upkeep\n|turn|14\n|inactive|Time left: 300 sec this turn | 300 sec total\n|\n|t:|1783571951\n|move|p2a: Passimian|Drain Punch|p1a: Clodsire\n|-resisted|p1a: Clodsire\n|-damage|p1a: Clodsire|183/343\n|move|p1a: Clodsire|Recover|p1a: Clodsire\n|-heal|p1a: Clodsire|343/343\n|\n|upkeep\n|turn|15\n|inactive|Time left: 300 sec this turn | 300 sec total\n|\n|t:|1783571952\n|move|p2a: Passimian|Drain Punch|p1a: Clodsire\n|-resisted|p1a: Clodsire\n|-damage|p1a: Clodsire|210/343\n|move|p1a: Clodsire|Recover|p1a: Clodsire\n|-heal|p1a: Clodsire|343/343\n|\n|upkeep\n|turn|16\n|inactive|Time left: 300 sec this turn | 300 sec total\n|\n|t:|1783571954\n|move|p2a: Passimian|Drain Punch|p1a: Clodsire\n|-resisted|p1a: Clodsire\n|-damage|p1a: Clodsire|223/343\n|move|p1a: Clodsire|Recover|p1a: Clodsire\n|-heal|p1a: Clodsire|343/343\n|\n|upkeep\n|turn|17\n|inactive|Time left: 300 sec this turn | 300 sec total\n|\n|t:|1783571955\n|move|p2a: Passimian|Drain Punch|p1a: Clodsire\n|-resisted|p1a: Clodsire\n|-damage|p1a: Clodsire|220/343\n|move|p1a: Clodsire|Recover|p1a: Clodsire\n|-heal|p1a: Clodsire|343/343\n|\n|upkeep\n|turn|18\n|inactive|Time left: 300 sec this turn | 300 sec total\n|\n|t:|1783571956\n|move|p2a: Passimian|Drain Punch|p1a: Clodsire\n|-resisted|p1a: Clodsire\n|-damage|p1a: Clodsire|207/343\n|move|p1a: Clodsire|Gunk Shot|p2a: Passimian\n|-damage|p2a: Passimian|85/100\n|-status|p2a: Passimian|psn\n|\n|-heal|p2a: Passimian|91/100 psn|[from] item: Leftovers\n|-damage|p2a: Passimian|78/100 psn|[from] psn\n|upkeep\n|turn|19\n|inactive|Time left: 300 sec this turn | 300 sec total\n|\n|t:|1783571957\n|move|p2a: Passimian|Drain Punch|p1a: Clodsire\n|-resisted|p1a: Clodsire\n|-damage|p1a: Clodsire|74/343\n|-heal|p2a: Passimian|100/100 psn|[from] drain|[of] p1a: Clodsire\n|move|p1a: Clodsire|Recover|p1a: Clodsire\n|-heal|p1a: Clodsire|246/343\n|\n|-damage|p2a: Passimian|88/100 psn|[from] psn\n|upkeep\n|turn|20\n|inactive|Time left: 300 sec this turn | 300 sec total\n|\n|t:|1783571958\n|move|p2a: Passimian|Drain Punch|p1a: Clodsire\n|-resisted|p1a: Clodsire\n|-damage|p1a: Clodsire|120/343\n|-heal|p2a: Passimian|100/100 psn|[from] drain|[of] p1a: Clodsire\n|move|p1a: Clodsire|Recover|p1a: Clodsire\n|-heal|p1a: Clodsire|292/343\n|\n|-damage|p2a: Passimian|88/100 psn|[from] psn\n|upkeep\n|turn|21\n|inactive|Time left: 300 sec this turn | 300 sec total\n|\n|t:|1783571959\n|move|p2a: Passimian|Drain Punch|p1a: Clodsire\n|-resisted|p1a: Clodsire\n|-damage|p1a: Clodsire|163/343\n|-heal|p2a: Passimian|100/100 psn|[from] drain|[of] p1a: Clodsire\n|move|p1a: Clodsire|Recover|p1a: Clodsire\n|-heal|p1a: Clodsire|335/343\n|\n|-damage|p2a: Passimian|88/100 psn|[from] psn\n|upkeep\n|turn|22\n|inactive|Time left: 300 sec this turn | 300 sec total\n|\n|t:|1783571961\n|move|p2a: Passimian|Drain Punch|p1a: Clodsire\n|-resisted|p1a: Clodsire\n|-damage|p1a: Clodsire|210/343\n|-heal|p2a: Passimian|100/100 psn|[from] drain|[of] p1a: Clodsire\n|move|p1a: Clodsire|Earthquake|p2a: Passimian\n|-damage|p2a: Passimian|87/100 psn\n|\n|-heal|p2a: Passimian|93/100 psn|[from] item: Leftovers\n|-damage|p2a: Passimian|81/100 psn|[from] psn\n|upkeep\n|turn|23\n|inactive|Time left: 300 sec this turn | 300 sec total\n|\n|t:|1783571962\n|move|p2a: Passimian|Drain Punch|p1a: Clodsire\n|-resisted|p1a: Clodsire\n|-damage|p1a: Clodsire|75/343\n|-heal|p2a: Passimian|100/100 psn|[from] drain|[of] p1a: Clodsire\n|move|p1a: Clodsire|Earthquake|p2a: Passimian\n|-damage|p2a: Passimian|88/100 psn\n|\n|-heal|p2a: Passimian|94/100 psn|[from] item: Leftovers\n|-damage|p2a: Passimian|81/100 psn|[from] psn\n|upkeep\n|turn|24\n|inactive|Time left: 300 sec this turn | 300 sec total\n|\n|t:|1783571963\n|move|p2a: Passimian|Drain Punch|p1a: Clodsire\n|-resisted|p1a: Clodsire\n|-damage|p1a: Clodsire|0 fnt\n|-heal|p2a: Passimian|94/100 psn|[from] drain|[of] p1a: Clodsire\n|faint|p1a: Clodsire\n|\n|-heal|p2a: Passimian|99/100 psn|[from] item: Leftovers\n|-damage|p2a: Passimian|88/100 psn|[from] psn\n|upkeep\n|inactive|Time left: 300 sec this turn | 300 sec total | 5 sec grace\n|\n|t:|1783571964\n|switch|p1a: Keldeo|Keldeo-Resolute, L79|162/273 tox\n|turn|25\n|inactive|Time left: 300 sec this turn | 300 sec total\n|\n|t:|1783571965\n|move|p1a: Keldeo|Hydro Pump|p2a: Passimian|[miss]\n|-miss|p1a: Keldeo|p2a: Passimian\n|move|p2a: Passimian|Drain Punch|p1a: Keldeo\n|-damage|p1a: Keldeo|0 fnt\n|-heal|p2a: Passimian|100/100 psn|[from] drain|[of] p1a: Keldeo\n|faint|p1a: Keldeo\n|\n|-damage|p2a: Passimian|88/100 psn|[from] psn\n|upkeep\n|inactive|Time left: 300 sec this turn | 300 sec total | 5 sec grace\n|\n|t:|1783571966\n|switch|p1a: Ho-Oh|Ho-Oh, L71|268/268\n|turn|26\n|inactive|Time left: 300 sec this turn | 300 sec total\n|\n|t:|1783571967\n|move|p2a: Passimian|Drain Punch|p1a: Ho-Oh\n|-resisted|p1a: Ho-Oh\n|-damage|p1a: Ho-Oh|163/268\n|-heal|p2a: Passimian|100/100 psn|[from] drain|[of] p1a: Ho-Oh\n|move|p1a: Ho-Oh|Recover|p1a: Ho-Oh\n|-heal|p1a: Ho-Oh|268/268\n|\n|-damage|p2a: Passimian|88/100 psn|[from] psn\n|upkeep\n|turn|27\n|inactive|Time left: 300 sec this turn | 300 sec total\n|\n|t:|1783571968\n|move|p2a: Passimian|Drain Punch|p1a: Ho-Oh\n|-resisted|p1a: Ho-Oh\n|-damage|p1a: Ho-Oh|168/268\n|-heal|p2a: Passimian|100/100 psn|[from] drain|[of] p1a: Ho-Oh\n|move|p1a: Ho-Oh|Recover|p1a: Ho-Oh\n|-heal|p1a: Ho-Oh|268/268\n|\n|-damage|p2a: Passimian|88/100 psn|[from] psn\n|upkeep\n|turn|28\n|inactive|Time left: 300 sec this turn | 300 sec total\n|\n|t:|1783571968\n|move|p2a: Passimian|Knock Off|p1a: Ho-Oh\n|-damage|p1a: Ho-Oh|82/268\n|-enditem|p1a: Ho-Oh|Heavy-Duty Boots|[from] move: Knock Off|[of] p2a: Passimian\n|move|p1a: Ho-Oh|Brave Bird|p2a: Passimian\n|-supereffective|p2a: Passimian\n|-damage|p2a: Passimian|48/100 psn\n|-damage|p1a: Ho-Oh|42/268|[from] Recoil\n|\n|-heal|p2a: Passimian|54/100 psn|[from] item: Leftovers\n|-damage|p2a: Passimian|42/100 psn|[from] psn\n|upkeep\n|turn|29\n|inactive|Time left: 300 sec this turn | 300 sec total\n|\n|t:|1783571969\n|move|p2a: Passimian|Drain Punch|p1a: Ho-Oh\n|-resisted|p1a: Ho-Oh\n|-crit|p1a: Ho-Oh\n|-damage|p1a: Ho-Oh|0 fnt\n|-heal|p2a: Passimian|49/100 psn|[from] drain|[of] p1a: Ho-Oh\n|faint|p1a: Ho-Oh\n|\n|-heal|p2a: Passimian|54/100 psn|[from] item: Leftovers\n|-damage|p2a: Passimian|42/100 psn|[from] psn\n|upkeep\n|inactive|Time left: 300 sec this turn | 300 sec total | 5 sec grace\n|\n|t:|1783571970\n|switch|p1a: Chien-Pao|Chien-Pao, L72|170/234\n|-ability|p1a: Chien-Pao|Sword of Ruin\n|turn|30\n|inactive|Time left: 300 sec this turn | 300 sec total\n|\n|t:|1783571971\n|move|p1a: Chien-Pao|Icicle Crash|p2a: Passimian\n|-damage|p2a: Passimian|18/100 psn\n|move|p2a: Passimian|Drain Punch|p1a: Chien-Pao\n|-supereffective|p1a: Chien-Pao\n|-damage|p1a: Chien-Pao|0 fnt\n|-heal|p2a: Passimian|46/100 psn|[from] drain|[of] p1a: Chien-Pao\n|faint|p1a: Chien-Pao\n|\n|-heal|p2a: Passimian|52/100 psn|[from] item: Leftovers\n|-damage|p2a: Passimian|40/100 psn|[from] psn\n|upkeep\n|inactive|Time left: 300 sec this turn | 300 sec total | 5 sec grace\n|\n|t:|1783571972\n|switch|p1a: Electivire|Electivire, L84, F|263/263\n|turn|31\n|inactive|Time left: 300 sec this turn | 300 sec total\n|\n|t:|1783571973\n|move|p1a: Electivire|Flamethrower|p2a: Passimian\n|-damage|p2a: Passimian|2/100 psn\n|-damage|p1a: Electivire|237/263|[from] item: Life Orb\n|move|p2a: Passimian|Gunk Shot|p1a: Electivire\n|-damage|p1a: Electivire|7/263\n|\n|-heal|p2a: Passimian|8/100 psn|[from] item: Leftovers\n|-damage|p2a: Passimian|0 fnt|[from] psn\n|faint|p2a: Passimian\n|upkeep\n|\n|t:|1783571974\n|switch|p2a: Sunflora|Sunflora, F|100/100\n|-damage|p2a: Sunflora|88/100|[from] Stealth Rock\n|turn|32\n|inactive|Time left: 300 sec this turn | 300 sec total\n|\n|t:|1783571974\n|move|p1a: Electivire|Knock Off|p2a: Sunflora\n|-damage|p2a: Sunflora|50/100\n|-enditem|p2a: Sunflora|Life Orb|[from] move: Knock Off|[of] p1a: Electivire\n|-damage|p1a: Electivire|0 fnt|[from] item: Life Orb\n|faint|p1a: Electivire\n|move|p2a: Sunflora|Sunny Day|p2a: Sunflora\n|-weather|SunnyDay\n|\n|-weather|SunnyDay|[upkeep]\n|upkeep\n|inactive|Time left: 300 sec this turn | 300 sec total | 5 sec grace\n|\n|t:|1783571975\n|switch|p1a: Tsareena|Tsareena, L87, F|267/267\n|turn|33\n|inactive|Time left: 300 sec this turn | 300 sec total\n|\n|t:|1783571976\n|-terastallize|p2a: Sunflora|Fire\n|move|p2a: Sunflora|Weather Ball|p1a: Tsareena\n|-supereffective|p1a: Tsareena\n|-damage|p1a: Tsareena|0 fnt\n|faint|p1a: Tsareena\n|\n|win|p0y27728094", "uploadtime": 1783571976, "views": 0, "rating": 0, "private": 0, "password": null, "_winner": "p0y27728094", "_our_name": "p0x2772e949"}