{"id": "battle-gen9randombattle-1825", "formatid": "gen9randombattle", "format": "[Gen 9] Random Battle", "players": ["p0x18254eb2", "p0y1825847a"], "log": "|init|battle\n|title|p0x18254eb2 vs. p0y1825847a\n|j|\u2606p0x18254eb2\n|j|\u2606p0y1825847a\n|t:|1783561131\n|gametype|singles\n|player|p1|p0x18254eb2|102|\n|player|p2|p0y1825847a|170|\n|gen|9\n|tier|[Gen 9] Random Battle\n|rule|Species Clause: Limit one of each Pok\u00e9mon\n|rule|HP Percentage Mod: HP is shown in percentages\n|rule|Sleep Clause Mod: Limit one foe put to sleep\n|rule|Illusion Level Mod: Illusion disguises the Pok\u00e9mon's true level\n|\n|t:|1783561131\n|teamsize|p1|6\n|teamsize|p2|6\n|start\n|switch|p1a: Sawsbuck|Sawsbuck-Autumn, L88, F|100/100\n|switch|p2a: Copperajah|Copperajah, L86, F|350/350\n|turn|1\n|inactive|Battle timer is ON: inactive players will automatically lose when time's up. (requested by p0y1825847a)\n|inactive|p0x18254eb2 also wants the timer to be on.\n|\n|t:|1783561133\n|move|p1a: Sawsbuck|High Horsepower|p2a: Copperajah\n|-supereffective|p2a: Copperajah\n|-damage|p2a: Copperajah|124/350\n|-damage|p1a: Sawsbuck|91/100|[from] item: Life Orb\n|move|p2a: Copperajah|Iron Head|p1a: Sawsbuck\n|-damage|p1a: Sawsbuck|16/100\n|\n|upkeep\n|turn|2\n|inactive|Time left: 300 sec this turn | 300 sec total\n|\n|t:|1783561134\n|switch|p2a: Dunsparce|Dunsparce, L86, M|312/312\n|move|p1a: Sawsbuck|High Horsepower|p2a: Dunsparce\n|-damage|p2a: Dunsparce|231/312\n|-damage|p1a: Sawsbuck|6/100|[from] item: Life Orb\n|\n|upkeep\n|turn|3\n|inactive|Time left: 300 sec this turn | 300 sec total\n|\n|t:|1783561135\n|move|p1a: Sawsbuck|Horn Leech|p2a: Dunsparce\n|-damage|p2a: Dunsparce|134/312\n|-heal|p1a: Sawsbuck|24/100|[from] drain|[of] p2a: Dunsparce\n|-damage|p1a: Sawsbuck|14/100|[from] item: Life Orb\n|move|p2a: Dunsparce|Body Slam|p1a: Sawsbuck\n|-damage|p1a: Sawsbuck|0 fnt\n|faint|p1a: Sawsbuck\n|\n|upkeep\n|\n|t:|1783561136\n|switch|p1a: Kingdra|Kingdra, L84, M|100/100\n|turn|4\n|inactive|Time left: 300 sec this turn | 300 sec total\n|\n|t:|1783561137\n|move|p1a: Kingdra|Dragon Dance|p1a: Kingdra\n|-boost|p1a: Kingdra|atk|1\n|-boost|p1a: Kingdra|spe|1\n|move|p2a: Dunsparce|Roost|p2a: Dunsparce\n|-heal|p2a: Dunsparce|290/312\n|-singleturn|p2a: Dunsparce|move: Roost\n|\n|upkeep\n|turn|5\n|inactive|Time left: 300 sec this turn | 300 sec total\n|\n|t:|1783561138\n|move|p1a: Kingdra|Outrage|p2a: Dunsparce\n|-damage|p2a: Dunsparce|152/312\n|move|p2a: Dunsparce|Coil|p2a: Dunsparce\n|-boost|p2a: Dunsparce|atk|1\n|-boost|p2a: Dunsparce|def|1\n|-boost|p2a: Dunsparce|accuracy|1\n|\n|upkeep\n|turn|6\n|inactive|Time left: 300 sec this turn | 300 sec total\n|\n|t:|1783561139\n|switch|p2a: Hatterene|Hatterene, L85, F|236/236\n|move|p1a: Kingdra|Outrage|p2a: Hatterene|[from] lockedmove\n|-immune|p2a: Hatterene\n|\n|upkeep\n|turn|7\n|inactive|Time left: 300 sec this turn | 300 sec total\n|\n|t:|1783561140\n|move|p1a: Kingdra|Dragon Dance|p1a: Kingdra\n|-boost|p1a: Kingdra|atk|1\n|-boost|p1a: Kingdra|spe|1\n|move|p2a: Hatterene|Draining Kiss|p1a: Kingdra\n|-supereffective|p1a: Kingdra\n|-damage|p1a: Kingdra|43/100\n|\n|upkeep\n|turn|8\n|inactive|Time left: 300 sec this turn | 300 sec total\n|\n|t:|1783561141\n|-terastallize|p1a: Kingdra|Steel\n|move|p1a: Kingdra|Iron Head|p2a: Hatterene\n|-supereffective|p2a: Hatterene\n|-damage|p2a: Hatterene|0 fnt\n|faint|p2a: Hatterene\n|\n|upkeep\n|inactive|Time left: 300 sec this turn | 300 sec total | 5 sec grace\n|\n|t:|1783561142\n|switch|p2a: Clawitzer|Clawitzer, L87, F|265/265\n|turn|9\n|inactive|Time left: 300 sec this turn | 300 sec total\n|\n|t:|1783561143\n|move|p1a: Kingdra|Outrage|p2a: Clawitzer\n|-damage|p2a: Clawitzer|21/265\n|move|p2a: Clawitzer|Aura Sphere|p1a: Kingdra\n|-supereffective|p1a: Kingdra\n|-damage|p1a: Kingdra|0 fnt\n|faint|p1a: Kingdra\n|\n|upkeep\n|\n|t:|1783561144\n|switch|p1a: Morpeko|Morpeko, L88, M|100/100\n|turn|10\n|inactive|Time left: 300 sec this turn | 300 sec total\n|\n|t:|1783561145\n|switch|p2a: Magearna|Magearna-Original, L77|250/250\n|move|p1a: Morpeko|Aura Wheel|p2a: Magearna\n|-damage|p2a: Magearna|142/250\n|-boost|p1a: Morpeko|spe|1\n|\n|-heal|p2a: Magearna|157/250|[from] item: Leftovers\n|-formechange|p1a: Morpeko|Morpeko-Hangry||[from] ability: Hunger Switch\n|upkeep\n|turn|11\n|inactive|Time left: 300 sec this turn | 300 sec total\n|\n|t:|1783561146\n|move|p1a: Morpeko|Protect|p1a: Morpeko\n|-singleturn|p1a: Morpeko|Protect\n|move|p2a: Magearna|Pain Split|p1a: Morpeko\n|-activate|p1a: Morpeko|move: Protect\n|\n|-heal|p2a: Magearna|172/250|[from] item: Leftovers\n|-formechange|p1a: Morpeko|Morpeko||[from] ability: Hunger Switch\n|upkeep\n|turn|12\n|inactive|Time left: 300 sec this turn | 300 sec total\n|\n|t:|1783561147\n|move|p1a: Morpeko|Parting Shot|p2a: Magearna\n|-unboost|p2a: Magearna|atk|1\n|-unboost|p2a: Magearna|spa|1\n|\n|t:|1783561147\n|switch|p1a: Solgaleo|Solgaleo, L74|100/100|[from] Parting Shot\n|move|p2a: Magearna|Fleur Cannon|p1a: Solgaleo|[miss]\n|-miss|p2a: Magearna|p1a: Solgaleo\n|\n|-heal|p2a: Magearna|187/250|[from] item: Leftovers\n|upkeep\n|turn|13\n|inactive|Time left: 300 sec this turn | 300 sec total\n|\n|t:|1783561148\n|move|p1a: Solgaleo|Knock Off|p2a: Magearna\n|-resisted|p2a: Magearna\n|-damage|p2a: Magearna|156/250\n|-enditem|p2a: Magearna|Leftovers|[from] move: Knock Off|[of] p1a: Solgaleo\n|move|p2a: Magearna|Pain Split|p1a: Solgaleo\n|-sethp|p1a: Solgaleo|74/100|[from] move: Pain Split|[silent]\n|-sethp|p2a: Magearna|240/250|[from] move: Pain Split\n|\n|upkeep\n|turn|14\n|inactive|Time left: 300 sec this turn | 300 sec total\n|\n|t:|1783561149\n|switch|p2a: Houndoom|Houndoom, L87, M|272/272\n|move|p1a: Solgaleo|Sunsteel Strike|p2a: Houndoom\n|-resisted|p2a: Houndoom\n|-damage|p2a: Houndoom|195/272\n|\n|upkeep\n|turn|15\n|inactive|Time left: 300 sec this turn | 300 sec total\n|\n|t:|1783561150\n|switch|p1a: Pachirisu|Pachirisu, L96, F|100/100\n|move|p2a: Houndoom|Fire Blast|p1a: Pachirisu\n|-damage|p1a: Pachirisu|72/100\n|\n|upkeep\n|turn|16\n|inactive|Time left: 300 sec this turn | 300 sec total\n|\n|t:|1783561151\n|move|p1a: Pachirisu|Super Fang|p2a: Houndoom\n|-damage|p2a: Houndoom|98/272\n|move|p2a: Houndoom|Nasty Plot|p2a: Houndoom\n|-boost|p2a: Houndoom|spa|2\n|\n|upkeep\n|turn|17\n|inactive|Time left: 300 sec this turn | 300 sec total\n|\n|t:|1783561152\n|move|p1a: Pachirisu|Thunderbolt|p2a: Houndoom\n|-damage|p2a: Houndoom|20/272\n|move|p2a: Houndoom|Fire Blast|p1a: Pachirisu\n|-damage|p1a: Pachirisu|14/100\n|\n|upkeep\n|turn|18\n|inactive|Time left: 300 sec this turn | 300 sec total\n|\n|t:|1783561153\n|move|p2a: Houndoom|Sucker Punch|p1a: Pachirisu\n|-damage|p1a: Pachirisu|0 fnt\n|faint|p1a: Pachirisu\n|\n|upkeep\n|\n|t:|1783561154\n|switch|p1a: Morpeko|Morpeko, L88, M|100/100\n|turn|19\n|inactive|Time left: 300 sec this turn | 300 sec total\n|\n|t:|1783561155\n|move|p1a: Morpeko|Aura Wheel|p2a: Houndoom\n|-damage|p2a: Houndoom|0 fnt\n|-boost|p1a: Morpeko|spe|1\n|faint|p2a: Houndoom\n|\n|-formechange|p1a: Morpeko|Morpeko-Hangry||[from] ability: Hunger Switch\n|upkeep\n|inactive|Time left: 300 sec this turn | 300 sec total | 5 sec grace\n|\n|t:|1783561156\n|switch|p2a: Dunsparce|Dunsparce, L86, M|152/312\n|turn|20\n|inactive|Time left: 300 sec this turn | 300 sec total\n|\n|t:|1783561157\n|move|p1a: Morpeko|Aura Wheel|p2a: Dunsparce\n|-damage|p2a: Dunsparce|50/312\n|-boost|p1a: Morpeko|spe|1\n|move|p2a: Dunsparce|Coil|p2a: Dunsparce\n|-boost|p2a: Dunsparce|atk|1\n|-boost|p2a: Dunsparce|def|1\n|-boost|p2a: Dunsparce|accuracy|1\n|\n|-formechange|p1a: Morpeko|Morpeko||[from] ability: Hunger Switch\n|upkeep\n|turn|21\n|inactive|Time left: 300 sec this turn | 300 sec total\n|\n|t:|1783561158\n|-terastallize|p2a: Dunsparce|Ground\n|move|p1a: Morpeko|Aura Wheel|p2a: Dunsparce\n|-immune|p2a: Dunsparce\n|move|p2a: Dunsparce|Roost|p2a: Dunsparce\n|-heal|p2a: Dunsparce|206/312\n|\n|-formechange|p1a: Morpeko|Morpeko-Hangry||[from] ability: Hunger Switch\n|upkeep\n|turn|22\n|inactive|Time left: 300 sec this turn | 300 sec total\n|\n|t:|1783561159\n|move|p1a: Morpeko|Parting Shot|p2a: Dunsparce\n|-unboost|p2a: Dunsparce|atk|1\n|-unboost|p2a: Dunsparce|spa|1\n|\n|t:|1783561160\n|switch|p1a: Latias|Latias, L79, F|100/100|[from] Parting Shot\n|move|p2a: Dunsparce|Body Slam|p1a: Latias\n|-damage|p1a: Latias|72/100\n|-status|p1a: Latias|par\n|\n|upkeep\n|turn|23\n|inactive|Time left: 300 sec this turn | 300 sec total\n|\n|t:|1783561161\n|move|p2a: Dunsparce|Coil|p2a: Dunsparce\n|-boost|p2a: Dunsparce|atk|1\n|-boost|p2a: Dunsparce|def|1\n|-boost|p2a: Dunsparce|accuracy|1\n|cant|p1a: Latias|par\n|\n|upkeep\n|turn|24\n|inactive|Time left: 300 sec this turn | 300 sec total\n|\n|t:|1783561162\n|move|p2a: Dunsparce|Body Slam|p1a: Latias\n|-damage|p1a: Latias|25/100 par\n|move|p1a: Latias|Calm Mind|p1a: Latias\n|-boost|p1a: Latias|spa|1\n|-boost|p1a: Latias|spd|1\n|\n|upkeep\n|turn|25\n|inactive|Time left: 300 sec this turn | 300 sec total\n|\n|t:|1783561164\n|move|p2a: Dunsparce|Body Slam|p1a: Latias\n|-damage|p1a: Latias|0 fnt\n|faint|p1a: Latias\n|\n|upkeep\n|\n|t:|1783561164\n|switch|p1a: Morpeko|Morpeko, L88, M|100/100\n|turn|26\n|inactive|Time left: 300 sec this turn | 300 sec total\n|\n|t:|1783561166\n|move|p1a: Morpeko|Parting Shot|p2a: Dunsparce\n|-unboost|p2a: Dunsparce|atk|1\n|-unboost|p2a: Dunsparce|spa|1\n|\n|t:|1783561167\n|switch|p1a: Solgaleo|Solgaleo, L74|74/100|[from] Parting Shot\n|move|p2a: Dunsparce|Earthquake|p1a: Solgaleo\n|-supereffective|p1a: Solgaleo\n|-damage|p1a: Solgaleo|18/100\n|\n|upkeep\n|turn|27\n|inactive|Time left: 300 sec this turn | 300 sec total\n|\n|t:|1783561168\n|move|p1a: Solgaleo|Morning Sun|p1a: Solgaleo\n|-heal|p1a: Solgaleo|68/100\n|move|p2a: Dunsparce|Earthquake|p1a: Solgaleo\n|-supereffective|p1a: Solgaleo\n|-damage|p1a: Solgaleo|15/100\n|\n|upkeep\n|turn|28\n|inactive|Time left: 300 sec this turn | 300 sec total\n|\n|t:|1783561169\n|move|p1a: Solgaleo|Morning Sun|p1a: Solgaleo\n|-heal|p1a: Solgaleo|64/100\n|move|p2a: Dunsparce|Coil|p2a: Dunsparce\n|-boost|p2a: Dunsparce|atk|1\n|-boost|p2a: Dunsparce|def|1\n|-boost|p2a: Dunsparce|accuracy|1\n|\n|upkeep\n|turn|29\n|inactive|Time left: 300 sec this turn | 300 sec total\n|\n|t:|1783561170\n|move|p1a: Solgaleo|Morning Sun|p1a: Solgaleo\n|-heal|p1a: Solgaleo|100/100\n|move|p2a: Dunsparce|Earthquake|p1a: Solgaleo\n|-supereffective|p1a: Solgaleo\n|-damage|p1a: Solgaleo|28/100\n|\n|upkeep\n|turn|30\n|inactive|Time left: 300 sec this turn | 300 sec total\n|\n|t:|1783561171\n|move|p1a: Solgaleo|Morning Sun|p1a: Solgaleo\n|-heal|p1a: Solgaleo|78/100\n|move|p2a: Dunsparce|Earthquake|p1a: Solgaleo\n|-supereffective|p1a: Solgaleo\n|-damage|p1a: Solgaleo|0 fnt\n|faint|p1a: Solgaleo\n|\n|upkeep\n|\n|t:|1783561172\n|switch|p1a: Morpeko|Morpeko, L88, M|100/100\n|turn|31\n|inactive|Time left: 300 sec this turn | 300 sec total\n|\n|t:|1783561173\n|move|p1a: Morpeko|Protect|p1a: Morpeko\n|-singleturn|p1a: Morpeko|Protect\n|move|p2a: Dunsparce|Earthquake|p1a: Morpeko\n|-activate|p1a: Morpeko|move: Protect\n|\n|-formechange|p1a: Morpeko|Morpeko-Hangry||[from] ability: Hunger Switch\n|upkeep\n|turn|32\n|inactive|Time left: 300 sec this turn | 300 sec total\n|\n|t:|1783561174\n|move|p1a: Morpeko|Parting Shot|p2a: Dunsparce\n|-unboost|p2a: Dunsparce|atk|1\n|-unboost|p2a: Dunsparce|spa|1\n|move|p2a: Dunsparce|Earthquake|p1a: Morpeko\n|-supereffective|p1a: Morpeko\n|-damage|p1a: Morpeko|12/100\n|\n|-formechange|p1a: Morpeko|Morpeko||[from] ability: Hunger Switch\n|upkeep\n|turn|33\n|inactive|Time left: 300 sec this turn | 300 sec total\n|\n|t:|1783561175\n|move|p1a: Morpeko|Protect|p1a: Morpeko\n|-singleturn|p1a: Morpeko|Protect\n|move|p2a: Dunsparce|Body Slam|p1a: Morpeko\n|-activate|p1a: Morpeko|move: Protect\n|\n|-formechange|p1a: Morpeko|Morpeko-Hangry||[from] ability: Hunger Switch\n|upkeep\n|turn|34\n|inactive|Time left: 300 sec this turn | 300 sec total\n|\n|t:|1783561176\n|move|p1a: Morpeko|Protect||[still]\n|-fail|p1a: Morpeko\n|move|p2a: Dunsparce|Earthquake|p1a: Morpeko\n|-supereffective|p1a: Morpeko\n|-damage|p1a: Morpeko|0 fnt\n|faint|p1a: Morpeko\n|\n|win|p0y1825847a", "uploadtime": 1783561176, "views": 0, "rating": 0, "private": 0, "password": null, "_winner": "p0y1825847a", "_our_name": "p0y1825847a"}