{"id": "battle-gen9randombattle-1955", "formatid": "gen9randombattle", "format": "[Gen 9] Random Battle", "players": ["p0x195528b5", "p0y19552276"], "log": "|init|battle\n|title|p0x195528b5 vs. p0y19552276\n|j|\u2606p0x195528b5\n|j|\u2606p0y19552276\n|t:|1783561878\n|gametype|singles\n|player|p1|p0x195528b5|265|\n|player|p2|p0y19552276|170|\n|gen|9\n|tier|[Gen 9] Random Battle\n|rule|Species Clause: Limit one of each Pok\u00e9mon\n|rule|HP Percentage Mod: HP is shown in percentages\n|rule|Sleep Clause Mod: Limit one foe put to sleep\n|rule|Illusion Level Mod: Illusion disguises the Pok\u00e9mon's true level\n|\n|t:|1783561878\n|teamsize|p1|6\n|teamsize|p2|6\n|start\n|switch|p1a: Crawdaunt|Crawdaunt, L84, F|100/100\n|switch|p2a: Houndstone|Houndstone, L86, M|264/264\n|turn|1\n|inactive|Battle timer is ON: inactive players will automatically lose when time's up. (requested by p0y19552276)\n|inactive|p0x195528b5 also wants the timer to be on.\n|\n|t:|1783561879\n|move|p2a: Houndstone|Body Press|p1a: Crawdaunt\n|-supereffective|p1a: Crawdaunt\n|-damage|p1a: Crawdaunt|48/100\n|move|p1a: Crawdaunt|Knock Off|p2a: Houndstone\n|-supereffective|p2a: Houndstone\n|-damage|p2a: Houndstone|46/264\n|-enditem|p2a: Houndstone|Leftovers|[from] move: Knock Off|[of] p1a: Crawdaunt\n|\n|upkeep\n|turn|2\n|inactive|Time left: 300 sec this turn | 300 sec total\n|\n|t:|1783561881\n|move|p2a: Houndstone|Body Press|p1a: Crawdaunt\n|-supereffective|p1a: Crawdaunt\n|-damage|p1a: Crawdaunt|0 fnt\n|faint|p1a: Crawdaunt\n|\n|upkeep\n|\n|t:|1783561881\n|switch|p1a: Typhlosion|Typhlosion, L84, M|100/100\n|turn|3\n|inactive|Time left: 300 sec this turn | 300 sec total\n|\n|t:|1783561882\n|move|p1a: Typhlosion|Eruption|p2a: Houndstone\n|-damage|p2a: Houndstone|0 fnt\n|faint|p2a: Houndstone\n|\n|upkeep\n|inactive|Time left: 300 sec this turn | 300 sec total | 5 sec grace\n|\n|t:|1783561883\n|switch|p2a: Gumshoos|Gumshoos, L95, F|321/321\n|turn|4\n|inactive|Time left: 300 sec this turn | 300 sec total\n|\n|t:|1783561885\n|switch|p2a: Dewgong|Dewgong, L94, M|322/322\n|move|p1a: Typhlosion|Eruption|p2a: Dewgong\n|-damage|p2a: Dewgong|274/322\n|\n|upkeep\n|turn|5\n|inactive|Time left: 300 sec this turn | 300 sec total\n|\n|t:|1783561886\n|move|p1a: Typhlosion|Eruption|p2a: Dewgong\n|-damage|p2a: Dewgong|223/322\n|move|p2a: Dewgong|Flip Turn|p1a: Typhlosion\n|-supereffective|p1a: Typhlosion\n|-damage|p1a: Typhlosion|44/100\n|inactive|Time left: 300 sec this turn | 300 sec total | 5 sec grace\n|\n|t:|1783561887\n|switch|p2a: Conkeldurr|Conkeldurr, L80, F|299/299|[from] Flip Turn\n|\n|-status|p2a: Conkeldurr|brn|[from] item: Flame Orb\n|upkeep\n|turn|6\n|inactive|Time left: 300 sec this turn | 300 sec total\n|\n|t:|1783561888\n|move|p1a: Typhlosion|Eruption|p2a: Conkeldurr\n|-damage|p2a: Conkeldurr|208/299 brn\n|move|p2a: Conkeldurr|Knock Off|p1a: Typhlosion\n|-damage|p1a: Typhlosion|0 fnt\n|-enditem|p1a: Typhlosion|Choice Scarf|[from] move: Knock Off|[of] p2a: Conkeldurr\n|faint|p1a: Typhlosion\n|\n|-damage|p2a: Conkeldurr|190/299 brn|[from] brn\n|upkeep\n|\n|t:|1783561889\n|switch|p1a: Golem|Golem, L87, F|100/100\n|turn|7\n|inactive|Time left: 300 sec this turn | 300 sec total\n|\n|t:|1783561890\n|move|p1a: Golem|Earthquake|p2a: Conkeldurr\n|-damage|p2a: Conkeldurr|46/299 brn\n|move|p2a: Conkeldurr|Close Combat|p1a: Golem\n|-supereffective|p1a: Golem\n|-ability|p1a: Golem|Sturdy\n|-damage|p1a: Golem|1/100\n|-unboost|p2a: Conkeldurr|def|1\n|-unboost|p2a: Conkeldurr|spd|1\n|-enditem|p1a: Golem|Weakness Policy\n|-boost|p1a: Golem|atk|2|[from] item: Weakness Policy\n|-boost|p1a: Golem|spa|2|[from] item: Weakness Policy\n|\n|-damage|p2a: Conkeldurr|28/299 brn|[from] brn\n|upkeep\n|turn|8\n|inactive|Time left: 300 sec this turn | 300 sec total\n|\n|t:|1783561891\n|move|p2a: Conkeldurr|Mach Punch|p1a: Golem\n|-supereffective|p1a: Golem\n|-damage|p1a: Golem|0 fnt\n|faint|p1a: Golem\n|\n|-damage|p2a: Conkeldurr|10/299 brn|[from] brn\n|upkeep\n|\n|t:|1783561892\n|switch|p1a: Polteageist|Polteageist, L78|100/100\n|turn|9\n|inactive|Time left: 300 sec this turn | 300 sec total\n|\n|t:|1783561893\n|switch|p2a: Overqwil|Overqwil, L82, F|274/274\n|-ability|p2a: Overqwil|Intimidate|boost\n|-unboost|p1a: Polteageist|atk|1\n|-enditem|p1a: Polteageist|White Herb\n|-clearnegativeboost|p1a: Polteageist|[silent]\n|move|p1a: Polteageist|Shell Smash|p1a: Polteageist\n|-unboost|p1a: Polteageist|def|1\n|-unboost|p1a: Polteageist|spd|1\n|-boost|p1a: Polteageist|atk|2\n|-boost|p1a: Polteageist|spa|2\n|-boost|p1a: Polteageist|spe|2\n|\n|upkeep\n|turn|10\n|inactive|Time left: 300 sec this turn | 300 sec total\n|\n|t:|1783561894\n|-terastallize|p1a: Polteageist|Fighting\n|move|p1a: Polteageist|Tera Blast|p2a: Overqwil|[anim] Tera Blast Fighting\n|-damage|p2a: Overqwil|13/274\n|move|p2a: Overqwil|Crunch|p1a: Polteageist\n|-resisted|p1a: Polteageist\n|-damage|p1a: Polteageist|40/100\n|\n|upkeep\n|turn|11\n|inactive|Time left: 300 sec this turn | 300 sec total\n|\n|t:|1783561895\n|move|p1a: Polteageist|Strength Sap|p2a: Overqwil\n|-unboost|p2a: Overqwil|atk|1\n|-heal|p1a: Polteageist|100/100\n|move|p2a: Overqwil|Crunch|p1a: Polteageist\n|-resisted|p1a: Polteageist\n|-damage|p1a: Polteageist|56/100\n|-start|p2a: Overqwil|Disable|Crunch|[from] ability: Cursed Body|[of] p1a: Polteageist\n|\n|upkeep\n|turn|12\n|inactive|Time left: 300 sec this turn | 300 sec total\n|\n|t:|1783561896\n|switch|p2a: Squawkabilly|Squawkabilly-Yellow, L89, F|291/291\n|move|p1a: Polteageist|Strength Sap|p2a: Squawkabilly\n|-unboost|p2a: Squawkabilly|atk|1\n|-heal|p1a: Polteageist|100/100\n|\n|upkeep\n|turn|13\n|inactive|Time left: 300 sec this turn | 300 sec total\n|\n|t:|1783561897\n|move|p1a: Polteageist|Tera Blast|p2a: Squawkabilly|[anim] Tera Blast Fighting\n|-damage|p2a: Squawkabilly|6/291\n|move|p2a: Squawkabilly|Brave Bird|p1a: Polteageist|[miss]\n|-miss|p2a: Squawkabilly|p1a: Polteageist\n|\n|upkeep\n|turn|14\n|inactive|Time left: 300 sec this turn | 300 sec total\n|\n|t:|1783561898\n|move|p1a: Polteageist|Tera Blast|p2a: Squawkabilly|[anim] Tera Blast Fighting\n|-damage|p2a: Squawkabilly|0 fnt\n|faint|p2a: Squawkabilly\n|\n|upkeep\n|inactive|Time left: 300 sec this turn | 300 sec total | 5 sec grace\n|\n|t:|1783561899\n|switch|p2a: Gumshoos|Gumshoos, L95, F|321/321\n|turn|15\n|inactive|Time left: 300 sec this turn | 300 sec total\n|\n|t:|1783561900\n|-terastallize|p2a: Gumshoos|Ground\n|move|p1a: Polteageist|Tera Blast|p2a: Gumshoos|[anim] Tera Blast Fighting\n|-damage|p2a: Gumshoos|83/321\n|move|p2a: Gumshoos|Earthquake|p1a: Polteageist\n|-damage|p1a: Polteageist|0 fnt\n|faint|p1a: Polteageist\n|\n|upkeep\n|\n|t:|1783561901\n|switch|p1a: Sandy Shocks|Sandy Shocks, L80|100/100\n|turn|16\n|inactive|Time left: 300 sec this turn | 300 sec total\n|\n|t:|1783561901\n|switch|p2a: Dewgong|Dewgong, L94, M|223/322\n|move|p1a: Sandy Shocks|Earth Power|p2a: Dewgong\n|-damage|p2a: Dewgong|168/322\n|\n|upkeep\n|turn|17\n|inactive|Time left: 300 sec this turn | 300 sec total\n|\n|t:|1783561902\n|move|p1a: Sandy Shocks|Thunderbolt|p2a: Dewgong\n|-supereffective|p2a: Dewgong\n|-damage|p2a: Dewgong|42/322\n|move|p2a: Dewgong|Triple Axel|p1a: Sandy Shocks\n|-supereffective|p1a: Sandy Shocks\n|-damage|p1a: Sandy Shocks|85/100\n|-supereffective|p1a: Sandy Shocks\n|-damage|p1a: Sandy Shocks|56/100\n|-supereffective|p1a: Sandy Shocks\n|-damage|p1a: Sandy Shocks|5/100\n|-hitcount|p1a: Sandy Shocks|3\n|\n|-heal|p1a: Sandy Shocks|11/100|[from] item: Leftovers\n|upkeep\n|turn|18\n|inactive|Time left: 300 sec this turn | 300 sec total\n|\n|t:|1783561903\n|move|p1a: Sandy Shocks|Earth Power|p2a: Dewgong\n|-damage|p2a: Dewgong|0 fnt\n|faint|p2a: Dewgong\n|\n|-heal|p1a: Sandy Shocks|17/100|[from] item: Leftovers\n|upkeep\n|inactive|Time left: 300 sec this turn | 300 sec total | 5 sec grace\n|\n|t:|1783561904\n|switch|p2a: Overqwil|Overqwil, L82, F|13/274\n|-ability|p2a: Overqwil|Intimidate|boost\n|-unboost|p1a: Sandy Shocks|atk|1\n|turn|19\n|inactive|Time left: 300 sec this turn | 300 sec total\n|\n|t:|1783561905\n|move|p2a: Overqwil|Aqua Jet|p1a: Sandy Shocks\n|-supereffective|p1a: Sandy Shocks\n|-damage|p1a: Sandy Shocks|0 fnt\n|faint|p1a: Sandy Shocks\n|-end|p1a: Sandy Shocks|Protosynthesis|[silent]\n|\n|upkeep\n|\n|t:|1783561905\n|switch|p1a: Forretress|Forretress, L84, F|100/100\n|turn|20\n|inactive|Time left: 300 sec this turn | 300 sec total\n|\n|t:|1783561906\n|switch|p2a: Conkeldurr|Conkeldurr, L80, F|10/299 brn\n|move|p1a: Forretress|Spikes|p2a: Conkeldurr\n|-sidestart|p2: p0y19552276|Spikes\n|\n|-damage|p2a: Conkeldurr|0 fnt|[from] brn\n|faint|p2a: Conkeldurr\n|upkeep\n|inactive|Time left: 300 sec this turn | 300 sec total | 5 sec grace\n|\n|t:|1783561907\n|switch|p2a: Gumshoos|Gumshoos, L95, F, tera:Ground|83/321\n|-damage|p2a: Gumshoos|43/321|[from] Spikes\n|turn|21\n|inactive|Time left: 300 sec this turn | 300 sec total\n|\n|t:|1783561908\n|move|p2a: Gumshoos|Earthquake|p1a: Forretress\n|-damage|p1a: Forretress|43/100\n|move|p1a: Forretress|Iron Head|p2a: Gumshoos\n|-damage|p2a: Gumshoos|0 fnt\n|faint|p2a: Gumshoos\n|\n|-heal|p1a: Forretress|49/100|[from] item: Leftovers\n|upkeep\n|inactive|Time left: 300 sec this turn | 300 sec total | 5 sec grace\n|\n|t:|1783561909\n|switch|p2a: Overqwil|Overqwil, L82, F|13/274\n|-damage|p2a: Overqwil|0 fnt|[from] Spikes\n|faint|p2a: Overqwil\n|\n|win|p0x195528b5", "uploadtime": 1783561909, "views": 0, "rating": 0, "private": 0, "password": null, "_winner": "p0x195528b5", "_our_name": "p0y19552276"}