{"id": "battle-gen9randombattle-26", "formatid": "gen9randombattle", "format": "[Gen 9] Random Battle", "players": ["p0x026ac04", "p0y0267432"], "log": "|init|battle\n|title|p0x026ac04 vs. p0y0267432\n|j|\u2606p0x026ac04\n|j|\u2606p0y0267432\n|t:|1783539467\n|gametype|singles\n|player|p1|p0x026ac04|266|\n|player|p2|p0y0267432|2|\n|gen|9\n|tier|[Gen 9] Random Battle\n|rule|Species Clause: Limit one of each Pok\u00e9mon\n|rule|HP Percentage Mod: HP is shown in percentages\n|rule|Sleep Clause Mod: Limit one foe put to sleep\n|rule|Illusion Level Mod: Illusion disguises the Pok\u00e9mon's true level\n|\n|t:|1783539467\n|teamsize|p1|6\n|teamsize|p2|6\n|start\n|switch|p1a: Minun|Minun, L95, M, shiny|268/268\n|switch|p2a: Kingambit|Kingambit, L74, M|100/100\n|turn|1\n|inactive|Battle timer is ON: inactive players will automatically lose when time's up. (requested by p0x026ac04)\n|inactive|p0y0267432 also wants the timer to be on.\n|\n|t:|1783539469\n|move|p1a: Minun|Thunderbolt|p2a: Kingambit\n|-damage|p2a: Kingambit|41/100\n|-damage|p1a: Minun|242/268|[from] item: Life Orb\n|move|p2a: Kingambit|Kowtow Cleave|p1a: Minun\n|-damage|p1a: Minun|122/268\n|\n|-heal|p2a: Kingambit|47/100|[from] item: Leftovers\n|upkeep\n|turn|2\n|inactive|Time left: 300 sec this turn | 300 sec total\n|\n|t:|1783539471\n|move|p2a: Kingambit|Sucker Punch|p1a: Minun\n|-damage|p1a: Minun|29/268\n|move|p1a: Minun|Thunderbolt|p2a: Kingambit\n|-damage|p2a: Kingambit|0 fnt\n|faint|p2a: Kingambit\n|-end|p2a: Kingambit|fallenundefined|[silent]\n|-damage|p1a: Minun|3/268|[from] item: Life Orb\n|\n|upkeep\n|\n|t:|1783539472\n|switch|p2a: Smeargle|Smeargle, L95, M|100/100\n|turn|3\n|inactive|Time left: 300 sec this turn | 300 sec total\n|\n|t:|1783539473\n|move|p1a: Minun|Thunderbolt|p2a: Smeargle\n|-damage|p2a: Smeargle|29/100\n|-status|p2a: Smeargle|par\n|-damage|p1a: Minun|0 fnt|[from] item: Life Orb\n|faint|p1a: Minun\n|cant|p2a: Smeargle|par\n|\n|upkeep\n|inactive|Time left: 300 sec this turn | 300 sec total | 5 sec grace\n|\n|t:|1783539474\n|switch|p1a: Emboar|Emboar, L84, F|322/322\n|turn|4\n|inactive|Time left: 300 sec this turn | 300 sec total\n|\n|t:|1783539475\n|move|p1a: Emboar|Knock Off|p2a: Smeargle\n|-damage|p2a: Smeargle|0 fnt\n|-enditem|p2a: Smeargle|Focus Sash|[from] move: Knock Off|[of] p1a: Emboar\n|faint|p2a: Smeargle\n|\n|upkeep\n|\n|t:|1783539475\n|switch|p2a: Dugtrio|Dugtrio, L84, M|100/100\n|turn|5\n|inactive|Time left: 300 sec this turn | 300 sec total\n|\n|t:|1783539476\n|move|p2a: Dugtrio|Earthquake|p1a: Emboar\n|-supereffective|p1a: Emboar\n|-damage|p1a: Emboar|0 fnt\n|faint|p1a: Emboar\n|-damage|p2a: Dugtrio|91/100|[from] item: Life Orb\n|\n|upkeep\n|inactive|Time left: 300 sec this turn | 300 sec total | 5 sec grace\n|\n|t:|1783539477\n|switch|p1a: Stantler|Stantler, L92, M|284/284\n|-ability|p1a: Stantler|Intimidate|boost\n|-unboost|p2a: Dugtrio|atk|1\n|turn|6\n|inactive|Time left: 300 sec this turn | 300 sec total\n|\n|t:|1783539478\n|move|p2a: Dugtrio|Swords Dance|p2a: Dugtrio\n|-boost|p2a: Dugtrio|atk|2\n|move|p1a: Stantler|Body Slam|p2a: Dugtrio\n|-damage|p2a: Dugtrio|7/100\n|\n|upkeep\n|turn|7\n|inactive|Time left: 300 sec this turn | 300 sec total\n|\n|t:|1783539479\n|switch|p2a: Typhlosion|Typhlosion-Hisui, L83, F|100/100\n|move|p1a: Stantler|Body Slam|p2a: Typhlosion\n|-immune|p2a: Typhlosion\n|\n|upkeep\n|turn|8\n|inactive|Time left: 300 sec this turn | 300 sec total\n|\n|t:|1783539480\n|-terastallize|p1a: Stantler|Ground\n|move|p1a: Stantler|Earthquake|p2a: Typhlosion\n|-supereffective|p2a: Typhlosion\n|-damage|p2a: Typhlosion|0 fnt\n|faint|p2a: Typhlosion\n|\n|upkeep\n|\n|t:|1783539480\n|switch|p2a: Mandibuzz|Mandibuzz, L85, F|100/100\n|turn|9\n|inactive|Time left: 300 sec this turn | 300 sec total\n|\n|t:|1783539481\n|switch|p1a: Cobalion|Cobalion, L80|277/277\n|move|p2a: Mandibuzz|Foul Play|p1a: Cobalion\n|-resisted|p1a: Cobalion\n|-damage|p1a: Cobalion|241/277\n|-ability|p1a: Cobalion|Justified|boost\n|-boost|p1a: Cobalion|atk|1\n|\n|-heal|p1a: Cobalion|258/277|[from] item: Leftovers\n|upkeep\n|turn|10\n|inactive|Time left: 300 sec this turn | 300 sec total\n|\n|t:|1783539482\n|move|p1a: Cobalion|Body Press|p2a: Mandibuzz\n|-damage|p2a: Mandibuzz|76/100\n|move|p2a: Mandibuzz|Foul Play|p1a: Cobalion\n|-resisted|p1a: Cobalion\n|-crit|p1a: Cobalion\n|-damage|p1a: Cobalion|182/277\n|-ability|p1a: Cobalion|Justified|boost\n|-boost|p1a: Cobalion|atk|1\n|\n|-heal|p1a: Cobalion|199/277|[from] item: Leftovers\n|upkeep\n|turn|11\n|inactive|Time left: 300 sec this turn | 300 sec total\n|\n|t:|1783539483\n|move|p1a: Cobalion|Iron Head|p2a: Mandibuzz\n|-damage|p2a: Mandibuzz|39/100\n|move|p2a: Mandibuzz|Roost|p2a: Mandibuzz\n|-heal|p2a: Mandibuzz|89/100\n|-singleturn|p2a: Mandibuzz|move: Roost\n|\n|-heal|p1a: Cobalion|216/277|[from] item: Leftovers\n|upkeep\n|turn|12\n|inactive|Time left: 300 sec this turn | 300 sec total\n|\n|t:|1783539484\n|move|p1a: Cobalion|Body Press|p2a: Mandibuzz\n|-damage|p2a: Mandibuzz|62/100\n|move|p2a: Mandibuzz|Roost|p2a: Mandibuzz\n|-heal|p2a: Mandibuzz|100/100\n|-singleturn|p2a: Mandibuzz|move: Roost\n|\n|-heal|p1a: Cobalion|233/277|[from] item: Leftovers\n|upkeep\n|turn|13\n|inactive|Time left: 300 sec this turn | 300 sec total\n|\n|t:|1783539485\n|move|p1a: Cobalion|Iron Head|p2a: Mandibuzz\n|-damage|p2a: Mandibuzz|64/100\n|move|p2a: Mandibuzz|Roost|p2a: Mandibuzz\n|-heal|p2a: Mandibuzz|100/100\n|-singleturn|p2a: Mandibuzz|move: Roost\n|\n|-heal|p1a: Cobalion|250/277|[from] item: Leftovers\n|upkeep\n|turn|14\n|inactive|Time left: 300 sec this turn | 300 sec total\n|\n|t:|1783539486\n|move|p1a: Cobalion|Iron Head|p2a: Mandibuzz\n|-damage|p2a: Mandibuzz|58/100\n|cant|p2a: Mandibuzz|flinch\n|\n|-heal|p1a: Cobalion|267/277|[from] item: Leftovers\n|upkeep\n|turn|15\n|inactive|Time left: 300 sec this turn | 300 sec total\n|\n|t:|1783539487\n|move|p1a: Cobalion|Iron Head|p2a: Mandibuzz\n|-damage|p2a: Mandibuzz|20/100\n|cant|p2a: Mandibuzz|flinch\n|\n|-heal|p1a: Cobalion|277/277|[from] item: Leftovers\n|upkeep\n|turn|16\n|inactive|Time left: 300 sec this turn | 300 sec total\n|\n|t:|1783539488\n|move|p1a: Cobalion|Body Press|p2a: Mandibuzz\n|-damage|p2a: Mandibuzz|0 fnt\n|faint|p2a: Mandibuzz\n|\n|upkeep\n|\n|t:|1783539489\n|switch|p2a: Dugtrio|Dugtrio, L84, M|7/100\n|turn|17\n|inactive|Time left: 300 sec this turn | 300 sec total\n|\n|t:|1783539490\n|-terastallize|p2a: Dugtrio|Ground\n|move|p2a: Dugtrio|Earthquake|p1a: Cobalion\n|-supereffective|p1a: Cobalion\n|-damage|p1a: Cobalion|0 fnt\n|faint|p1a: Cobalion\n|-damage|p2a: Dugtrio|0 fnt|[from] item: Life Orb\n|faint|p2a: Dugtrio\n|\n|upkeep\n|inactive|Time left: 300 sec this turn | 300 sec total | 5 sec grace\n|\n|t:|1783539491\n|switch|p2a: Regigigas|Regigigas, L84|100/100\n|switch|p1a: Ursaring|Ursaring, L84, M|288/288\n|-start|p2a: Regigigas|ability: Slow Start\n|turn|18\n|inactive|Time left: 300 sec this turn | 300 sec total\n|\n|t:|1783539492\n|move|p1a: Ursaring|Swords Dance|p1a: Ursaring\n|-boost|p1a: Ursaring|atk|2\n|move|p2a: Regigigas|Body Slam|p1a: Ursaring\n|-damage|p1a: Ursaring|215/288\n|\n|-status|p1a: Ursaring|tox|[from] item: Toxic Orb\n|upkeep\n|turn|19\n|inactive|Time left: 300 sec this turn | 300 sec total\n|\n|t:|1783539493\n|move|p1a: Ursaring|Close Combat|p2a: Regigigas\n|-supereffective|p2a: Regigigas\n|-damage|p2a: Regigigas|0 fnt\n|-unboost|p1a: Ursaring|def|1\n|-unboost|p1a: Ursaring|spd|1\n|faint|p2a: Regigigas\n|-end|p2a: Regigigas|Slow Start|[silent]\n|\n|win|p0x026ac04", "uploadtime": 1783539493, "views": 0, "rating": 0, "private": 0, "password": null, "_winner": "p0x026ac04", "_our_name": "p0x026ac04"}