{"id": "battle-gen9randombattle-102", "formatid": "gen9randombattle", "format": "[Gen 9] Random Battle", "players": ["p0x102dbc7", "p0y1021b76"], "log": "|init|battle\n|title|p0x102dbc7 vs. p0y1021b76\n|j|\u2606p0x102dbc7\n|j|\u2606p0y1021b76\n|t:|1783534444\n|gametype|singles\n|player|p1|p0x102dbc7|169|\n|player|p2|p0y1021b76|265|\n|gen|9\n|tier|[Gen 9] Random Battle\n|rule|Species Clause: Limit one of each Pok\u00e9mon\n|rule|HP Percentage Mod: HP is shown in percentages\n|rule|Sleep Clause Mod: Limit one foe put to sleep\n|rule|Illusion Level Mod: Illusion disguises the Pok\u00e9mon's true level\n|\n|t:|1783534444\n|teamsize|p1|6\n|teamsize|p2|6\n|start\n|switch|p1a: Bellibolt|Bellibolt, L84, M|320/320\n|switch|p2a: Crawdaunt|Crawdaunt, L84, F|100/100\n|turn|1\n|inactive|Battle timer is ON: inactive players will automatically lose when time's up. (requested by p0x102dbc7)\n|inactive|p0y1021b76 also wants the timer to be on.\n|\n|t:|1783534445\n|switch|p2a: Glastrier|Glastrier, L86|100/100\n|move|p1a: Bellibolt|Thunderbolt|p2a: Glastrier\n|-damage|p2a: Glastrier|75/100\n|-status|p2a: Glastrier|par\n|\n|upkeep\n|turn|2\n|inactive|Time left: 300 sec this turn | 300 sec total\n|\n|t:|1783534447\n|move|p1a: Bellibolt|Thunderbolt|p2a: Glastrier\n|-damage|p2a: Glastrier|46/100 par\n|move|p2a: Glastrier|High Horsepower|p1a: Bellibolt\n|-supereffective|p1a: Bellibolt\n|-damage|p1a: Bellibolt|50/320\n|-start|p1a: Bellibolt|Charge|High Horsepower|[from] ability: Electromorphosis\n|\n|-heal|p1a: Bellibolt|70/320|[from] item: Leftovers\n|upkeep\n|turn|3\n|inactive|Time left: 300 sec this turn | 300 sec total\n|\n|t:|1783534448\n|move|p1a: Bellibolt|Thunderbolt|p2a: Glastrier\n|-damage|p2a: Glastrier|0 fnt\n|faint|p2a: Glastrier\n|-end|p1a: Bellibolt|Charge|[silent]\n|\n|-heal|p1a: Bellibolt|90/320|[from] item: Leftovers\n|upkeep\n|\n|t:|1783534448\n|switch|p2a: Iron Moth|Iron Moth, L78|100/100\n|turn|4\n|inactive|Time left: 300 sec this turn | 300 sec total\n|\n|t:|1783534449\n|switch|p1a: Lunala|Lunala, L70|308/308\n|move|p2a: Iron Moth|Fire Blast|p1a: Lunala\n|-damage|p1a: Lunala|212/308\n|-status|p1a: Lunala|brn\n|\n|-heal|p1a: Lunala|231/308 brn|[from] item: Leftovers\n|-damage|p1a: Lunala|212/308 brn|[from] brn\n|upkeep\n|turn|5\n|inactive|Time left: 300 sec this turn | 300 sec total\n|\n|t:|1783534451\n|switch|p1a: Suicune|Suicune, L82|298/298\n|-ability|p1a: Suicune|Pressure\n|move|p2a: Iron Moth|Fire Blast|p1a: Suicune\n|-resisted|p1a: Suicune\n|-damage|p1a: Suicune|206/298\n|\n|-heal|p1a: Suicune|224/298|[from] item: Leftovers\n|upkeep\n|turn|6\n|inactive|Time left: 300 sec this turn | 300 sec total\n|\n|t:|1783534452\n|move|p2a: Iron Moth|Fire Blast|p1a: Suicune\n|-resisted|p1a: Suicune\n|-damage|p1a: Suicune|141/298\n|move|p1a: Suicune|Scald|p2a: Iron Moth\n|-supereffective|p2a: Iron Moth\n|-damage|p2a: Iron Moth|46/100\n|\n|-heal|p1a: Suicune|159/298|[from] item: Leftovers\n|upkeep\n|turn|7\n|inactive|Time left: 300 sec this turn | 300 sec total\n|\n|t:|1783534453\n|-end|p2a: Iron Moth|Quark Drive|[silent]\n|switch|p2a: Crawdaunt|Crawdaunt, L84, F|100/100\n|move|p1a: Suicune|Scald|p2a: Crawdaunt\n|-resisted|p2a: Crawdaunt\n|-damage|p2a: Crawdaunt|80/100\n|-status|p2a: Crawdaunt|brn\n|\n|-heal|p1a: Suicune|177/298|[from] item: Leftovers\n|-damage|p2a: Crawdaunt|73/100 brn|[from] brn\n|upkeep\n|turn|8\n|inactive|Time left: 300 sec this turn | 300 sec total\n|\n|t:|1783534453\n|move|p1a: Suicune|Calm Mind|p1a: Suicune\n|-boost|p1a: Suicune|spa|1\n|-boost|p1a: Suicune|spd|1\n|move|p2a: Crawdaunt|Dragon Dance|p2a: Crawdaunt\n|-boost|p2a: Crawdaunt|atk|1\n|-boost|p2a: Crawdaunt|spe|1\n|\n|-heal|p1a: Suicune|195/298|[from] item: Leftovers\n|-damage|p2a: Crawdaunt|67/100 brn|[from] brn\n|upkeep\n|turn|9\n|inactive|Time left: 300 sec this turn | 300 sec total\n|\n|t:|1783534454\n|move|p2a: Crawdaunt|Knock Off|p1a: Suicune\n|-damage|p1a: Suicune|62/298\n|-enditem|p1a: Suicune|Leftovers|[from] move: Knock Off|[of] p2a: Crawdaunt\n|-damage|p2a: Crawdaunt|57/100 brn|[from] item: Life Orb\n|move|p1a: Suicune|Scald|p2a: Crawdaunt\n|-resisted|p2a: Crawdaunt\n|-damage|p2a: Crawdaunt|28/100 brn\n|\n|-damage|p2a: Crawdaunt|21/100 brn|[from] brn\n|upkeep\n|turn|10\n|inactive|Time left: 300 sec this turn | 300 sec total\n|\n|t:|1783534455\n|move|p2a: Crawdaunt|Knock Off|p1a: Suicune\n|-damage|p1a: Suicune|0 fnt\n|faint|p1a: Suicune\n|-damage|p2a: Crawdaunt|12/100 brn|[from] item: Life Orb\n|\n|-damage|p2a: Crawdaunt|5/100 brn|[from] brn\n|upkeep\n|inactive|Time left: 300 sec this turn | 300 sec total | 5 sec grace\n|\n|t:|1783534456\n|switch|p1a: Mandibuzz|Mandibuzz, L85, F|326/326\n|turn|11\n|inactive|Time left: 300 sec this turn | 300 sec total\n|\n|t:|1783534457\n|move|p2a: Crawdaunt|Knock Off|p1a: Mandibuzz\n|-resisted|p1a: Mandibuzz\n|-damage|p1a: Mandibuzz|256/326\n|-enditem|p1a: Mandibuzz|Heavy-Duty Boots|[from] move: Knock Off|[of] p2a: Crawdaunt\n|-damage|p2a: Crawdaunt|0 fnt|[from] item: Life Orb\n|faint|p2a: Crawdaunt\n|move|p1a: Mandibuzz|Toxic|p2: Crawdaunt|[notarget]\n|-fail|p1a: Mandibuzz\n|\n|upkeep\n|\n|t:|1783534458\n|switch|p2a: Magearna|Magearna, L77|100/100\n|turn|12\n|inactive|Time left: 300 sec this turn | 300 sec total\n|\n|t:|1783534459\n|move|p1a: Mandibuzz|Knock Off|p2a: Magearna\n|-resisted|p2a: Magearna\n|-damage|p2a: Magearna|87/100\n|-enditem|p2a: Magearna|Weakness Policy|[from] move: Knock Off|[of] p1a: Mandibuzz\n|move|p2a: Magearna|Shift Gear|p2a: Magearna\n|-boost|p2a: Magearna|spe|2\n|-boost|p2a: Magearna|atk|1\n|\n|upkeep\n|turn|13\n|inactive|Time left: 300 sec this turn | 300 sec total\n|\n|t:|1783534460\n|switch|p1a: Electrode|Electrode-Hisui, L87|246/246\n|move|p2a: Magearna|Shift Gear|p2a: Magearna\n|-boost|p2a: Magearna|spe|2\n|-boost|p2a: Magearna|atk|1\n|\n|upkeep\n|turn|14\n|inactive|Time left: 300 sec this turn | 300 sec total\n|\n|t:|1783534461\n|move|p2a: Magearna|Iron Head|p1a: Electrode\n|-resisted|p1a: Electrode\n|-damage|p1a: Electrode|169/246\n|cant|p1a: Electrode|flinch\n|\n|-heal|p1a: Electrode|184/246|[from] item: Leftovers\n|upkeep\n|turn|15\n|inactive|Time left: 300 sec this turn | 300 sec total\n|\n|t:|1783534463\n|move|p2a: Magearna|Iron Head|p1a: Electrode\n|-resisted|p1a: Electrode\n|-damage|p1a: Electrode|105/246\n|move|p1a: Electrode|Leech Seed|p2a: Magearna\n|-start|p2a: Magearna|move: Leech Seed\n|\n|-heal|p1a: Electrode|120/246|[from] item: Leftovers\n|-damage|p2a: Magearna|74/100|[from] Leech Seed|[of] p1a: Electrode\n|-heal|p1a: Electrode|151/246|[silent]\n|upkeep\n|turn|16\n|inactive|Time left: 300 sec this turn | 300 sec total\n|\n|t:|1783534464\n|switch|p1a: Mandibuzz|Mandibuzz, L85, F|256/326\n|move|p2a: Magearna|Iron Head|p1a: Mandibuzz\n|-damage|p1a: Mandibuzz|136/326\n|\n|-damage|p2a: Magearna|62/100|[from] Leech Seed|[of] p1a: Mandibuzz\n|-heal|p1a: Mandibuzz|167/326|[silent]\n|upkeep\n|turn|17\n|inactive|Time left: 300 sec this turn | 300 sec total\n|\n|t:|1783534465\n|move|p2a: Magearna|Iron Head|p1a: Mandibuzz\n|-damage|p1a: Mandibuzz|55/326\n|move|p1a: Mandibuzz|Roost|p1a: Mandibuzz\n|-heal|p1a: Mandibuzz|218/326\n|-singleturn|p1a: Mandibuzz|move: Roost\n|\n|-damage|p2a: Magearna|50/100|[from] Leech Seed|[of] p1a: Mandibuzz\n|-heal|p1a: Mandibuzz|249/326|[silent]\n|upkeep\n|turn|18\n|inactive|Time left: 300 sec this turn | 300 sec total\n|\n|t:|1783534467\n|move|p2a: Magearna|Fleur Cannon|p1a: Mandibuzz|[miss]\n|-miss|p2a: Magearna|p1a: Mandibuzz\n|move|p1a: Mandibuzz|Knock Off|p2a: Magearna\n|-resisted|p2a: Magearna\n|-damage|p2a: Magearna|40/100\n|\n|-damage|p2a: Magearna|27/100|[from] Leech Seed|[of] p1a: Mandibuzz\n|-heal|p1a: Mandibuzz|280/326|[silent]\n|upkeep\n|turn|19\n|inactive|Time left: 300 sec this turn | 300 sec total\n|\n|t:|1783534468\n|move|p2a: Magearna|Fleur Cannon|p1a: Mandibuzz\n|-supereffective|p1a: Mandibuzz\n|-damage|p1a: Mandibuzz|0 fnt\n|-unboost|p2a: Magearna|spa|2\n|faint|p1a: Mandibuzz\n|-ability|p2a: Magearna|Soul-Heart|boost\n|-boost|p2a: Magearna|spa|1\n|\n|upkeep\n|inactive|Time left: 300 sec this turn | 300 sec total | 5 sec grace\n|\n|t:|1783534469\n|switch|p1a: Malamar|Malamar, L82, F|275/275\n|turn|20\n|inactive|Time left: 300 sec this turn | 300 sec total\n|\n|t:|1783534470\n|move|p2a: Magearna|Iron Head|p1a: Malamar\n|-damage|p1a: Malamar|130/275\n|cant|p1a: Malamar|flinch\n|\n|-heal|p1a: Malamar|147/275|[from] item: Leftovers\n|-damage|p2a: Magearna|15/100|[from] Leech Seed|[of] p1a: Malamar\n|-heal|p1a: Malamar|178/275|[silent]\n|upkeep\n|turn|21\n|inactive|Time left: 300 sec this turn | 300 sec total\n|\n|t:|1783534472\n|switch|p1a: Electrode|Electrode-Hisui, L87|151/246\n|move|p2a: Magearna|Fleur Cannon|p1a: Electrode\n|-damage|p1a: Electrode|52/246\n|-unboost|p2a: Magearna|spa|2\n|\n|-heal|p1a: Electrode|67/246|[from] item: Leftovers\n|-damage|p2a: Magearna|2/100|[from] Leech Seed|[of] p1a: Electrode\n|-heal|p1a: Electrode|98/246|[silent]\n|upkeep\n|turn|22\n|inactive|Time left: 300 sec this turn | 300 sec total\n|\n|t:|1783534473\n|-terastallize|p2a: Magearna|Ground\n|move|p2a: Magearna|Tera Blast|p1a: Electrode|[anim] Tera Blast Ground\n|-damage|p1a: Electrode|0 fnt\n|faint|p1a: Electrode\n|-ability|p2a: Magearna|Soul-Heart|boost\n|-boost|p2a: Magearna|spa|1\n|\n|upkeep\n|inactive|Time left: 300 sec this turn | 300 sec total | 5 sec grace\n|\n|t:|1783534474\n|switch|p1a: Lunala|Lunala, L70|212/308 brn\n|turn|23\n|inactive|Time left: 300 sec this turn | 300 sec total\n|\n|t:|1783534475\n|move|p2a: Magearna|Tera Blast|p1a: Lunala|[anim] Tera Blast Ground\n|-damage|p1a: Lunala|61/308 brn\n|move|p1a: Lunala|Moonlight|p1a: Lunala\n|-heal|p1a: Lunala|215/308 brn\n|\n|-heal|p1a: Lunala|234/308 brn|[from] item: Leftovers\n|-damage|p2a: Magearna|0 fnt|[from] Leech Seed|[of] p1a: Lunala\n|-heal|p1a: Lunala|239/308 brn|[silent]\n|faint|p2a: Magearna\n|-damage|p1a: Lunala|220/308 brn|[from] brn\n|upkeep\n|\n|t:|1783534476\n|switch|p2a: Iron Moth|Iron Moth, L78|46/100\n|turn|24\n|inactive|Time left: 300 sec this turn | 300 sec total\n|\n|t:|1783534477\n|move|p2a: Iron Moth|Fire Blast|p1a: Lunala\n|-damage|p1a: Lunala|6/308 brn\n|move|p1a: Lunala|Moonlight|p1a: Lunala\n|-heal|p1a: Lunala|160/308 brn\n|\n|-heal|p1a: Lunala|179/308 brn|[from] item: Leftovers\n|-damage|p1a: Lunala|160/308 brn|[from] brn\n|upkeep\n|turn|25\n|inactive|Time left: 300 sec this turn | 300 sec total\n|\n|t:|1783534478\n|move|p2a: Iron Moth|Fire Blast|p1a: Lunala\n|-damage|p1a: Lunala|0 fnt\n|faint|p1a: Lunala\n|\n|upkeep\n|inactive|Time left: 300 sec this turn | 300 sec total | 5 sec grace\n|\n|t:|1783534479\n|switch|p1a: Malamar|Malamar, L82, F|178/275\n|turn|26\n|inactive|Time left: 300 sec this turn | 300 sec total\n|\n|t:|1783534480\n|switch|p1a: Bellibolt|Bellibolt, L84, M|90/320\n|move|p2a: Iron Moth|Fire Blast|p1a: Bellibolt\n|-damage|p1a: Bellibolt|0 fnt\n|faint|p1a: Bellibolt\n|\n|upkeep\n|inactive|Time left: 300 sec this turn | 300 sec total | 5 sec grace\n|\n|t:|1783534481\n|switch|p1a: Malamar|Malamar, L82, F|178/275\n|turn|27\n|inactive|Time left: 300 sec this turn | 300 sec total\n|\n|t:|1783534482\n|-end|p2a: Iron Moth|Quark Drive|[silent]\n|switch|p2a: Palossand|Palossand, L89, F|100/100\n|move|p1a: Malamar|Rest|p1a: Malamar\n|-status|p1a: Malamar|slp|[from] move: Rest\n|-heal|p1a: Malamar|275/275 slp|[silent]\n|\n|upkeep\n|turn|28\n|inactive|Time left: 300 sec this turn | 300 sec total\n|\n|t:|1783534483\n|cant|p1a: Malamar|slp\n|move|p1a: Malamar|Sleep Talk|p1a: Malamar\n|move|p1a: Malamar|Knock Off|p2a: Palossand|[from] move: Sleep Talk\n|-supereffective|p2a: Palossand\n|-damage|p2a: Palossand|53/100\n|-enditem|p2a: Palossand|Leftovers|[from] move: Knock Off|[of] p1a: Malamar\n|move|p2a: Palossand|Earth Power|p1a: Malamar\n|-damage|p1a: Malamar|146/275 slp\n|\n|-heal|p1a: Malamar|163/275 slp|[from] item: Leftovers\n|upkeep\n|turn|29\n|inactive|Time left: 300 sec this turn | 300 sec total\n|\n|t:|1783534484\n|cant|p1a: Malamar|slp\n|move|p1a: Malamar|Sleep Talk|p1a: Malamar\n|move|p1a: Malamar|Knock Off|p2a: Palossand|[from] move: Sleep Talk\n|-supereffective|p2a: Palossand\n|-damage|p2a: Palossand|22/100\n|move|p2a: Palossand|Earth Power|p1a: Malamar\n|-damage|p1a: Malamar|39/275 slp\n|\n|-heal|p1a: Malamar|56/275 slp|[from] item: Leftovers\n|upkeep\n|turn|30\n|inactive|Time left: 300 sec this turn | 300 sec total\n|\n|t:|1783534485\n|-curestatus|p1a: Malamar|slp|[msg]\n|move|p1a: Malamar|Rest|p1a: Malamar\n|-status|p1a: Malamar|slp|[from] move: Rest\n|-heal|p1a: Malamar|275/275 slp|[silent]\n|move|p2a: Palossand|Earth Power|p1a: Malamar\n|-damage|p1a: Malamar|158/275 slp\n|\n|-heal|p1a: Malamar|175/275 slp|[from] item: Leftovers\n|upkeep\n|turn|31\n|inactive|Time left: 300 sec this turn | 300 sec total\n|\n|t:|1783534486\n|cant|p1a: Malamar|slp\n|move|p1a: Malamar|Sleep Talk|p1a: Malamar\n|move|p1a: Malamar|Superpower|p2a: Palossand|[from] move: Sleep Talk\n|-immune|p2a: Palossand\n|move|p2a: Palossand|Earth Power|p1a: Malamar\n|-damage|p1a: Malamar|60/275 slp\n|\n|-heal|p1a: Malamar|77/275 slp|[from] item: Leftovers\n|upkeep\n|turn|32\n|inactive|Time left: 300 sec this turn | 300 sec total\n|\n|t:|1783534487\n|-terastallize|p1a: Malamar|Fighting\n|cant|p1a: Malamar|slp\n|move|p1a: Malamar|Sleep Talk|p1a: Malamar\n|move|p1a: Malamar|Knock Off|p2a: Palossand|[from] move: Sleep Talk\n|-supereffective|p2a: Palossand\n|-damage|p2a: Palossand|0 fnt\n|faint|p2a: Palossand\n|\n|-heal|p1a: Malamar|94/275 slp|[from] item: Leftovers\n|upkeep\n|\n|t:|1783534488\n|switch|p2a: Iron Moth|Iron Moth, L78|46/100\n|turn|33\n|inactive|Time left: 300 sec this turn | 300 sec total\n|\n|t:|1783534488\n|move|p2a: Iron Moth|Sludge Wave|p1a: Malamar\n|-crit|p1a: Malamar\n|-damage|p1a: Malamar|0 fnt\n|faint|p1a: Malamar\n|\n|win|p0y1021b76", "uploadtime": 1783534488, "views": 0, "rating": 0, "private": 0, "password": null, "_winner": "p0y1021b76", "_our_name": "p0x102dbc7"}