{"id": "battle-gen9randombattle-114", "formatid": "gen9randombattle", "format": "[Gen 9] Random Battle", "players": ["p0x114bbb4", "p0y114a3a9"], "log": "|init|battle\n|title|p0x114bbb4 vs. p0y114a3a9\n|j|\u2606p0x114bbb4\n|j|\u2606p0y114a3a9\n|t:|1783534585\n|gametype|singles\n|player|p1|p0x114bbb4|266|\n|player|p2|p0y114a3a9|102|\n|gen|9\n|tier|[Gen 9] Random Battle\n|rule|Species Clause: Limit one of each Pok\u00e9mon\n|rule|HP Percentage Mod: HP is shown in percentages\n|rule|Sleep Clause Mod: Limit one foe put to sleep\n|rule|Illusion Level Mod: Illusion disguises the Pok\u00e9mon's true level\n|\n|t:|1783534585\n|teamsize|p1|6\n|teamsize|p2|6\n|start\n|switch|p1a: Clodsire|Clodsire, L81, M|343/343\n|switch|p2a: Scream Tail|Scream Tail, L84|100/100\n|turn|1\n|inactive|Battle timer is ON: inactive players will automatically lose when time's up. (requested by p0x114bbb4)\n|inactive|p0y114a3a9 also wants the timer to be on.\n|\n|t:|1783534587\n|-end|p2a: Scream Tail|Protosynthesis|[silent]\n|switch|p2a: Iron Jugulis|Iron Jugulis, L77|100/100\n|move|p1a: Clodsire|Gunk Shot|p2a: Iron Jugulis\n|-damage|p2a: Iron Jugulis|60/100\n|-status|p2a: Iron Jugulis|psn\n|\n|-damage|p2a: Iron Jugulis|47/100 psn|[from] psn\n|upkeep\n|turn|2\n|inactive|Time left: 300 sec this turn | 300 sec total\n|\n|t:|1783534589\n|move|p2a: Iron Jugulis|Earth Power|p1a: Clodsire\n|-supereffective|p1a: Clodsire\n|-damage|p1a: Clodsire|171/343\n|move|p1a: Clodsire|Gunk Shot|p2a: Iron Jugulis\n|-damage|p2a: Iron Jugulis|5/100 psn\n|\n|-heal|p1a: Clodsire|192/343|[from] item: Leftovers\n|-damage|p2a: Iron Jugulis|0 fnt|[from] psn\n|faint|p2a: Iron Jugulis\n|-end|p2a: Iron Jugulis|Quark Drive|[silent]\n|upkeep\n|\n|t:|1783534590\n|switch|p2a: Greedent|Greedent, L86, M|100/100\n|turn|3\n|inactive|Time left: 300 sec this turn | 300 sec total\n|\n|t:|1783534591\n|move|p2a: Greedent|Swords Dance|p2a: Greedent\n|-boost|p2a: Greedent|atk|2\n|move|p1a: Clodsire|Toxic Spikes|p2a: Greedent\n|-sidestart|p2: p0y114a3a9|move: Toxic Spikes\n|\n|-heal|p1a: Clodsire|213/343|[from] item: Leftovers\n|upkeep\n|turn|4\n|inactive|Time left: 300 sec this turn | 300 sec total\n|\n|t:|1783534592\n|switch|p1a: Ting-Lu|Ting-Lu, L78|370/370\n|-ability|p1a: Ting-Lu|Vessel of Ruin\n|move|p2a: Greedent|Earthquake|p1a: Ting-Lu\n|-damage|p1a: Ting-Lu|254/370\n|\n|-heal|p1a: Ting-Lu|277/370|[from] item: Leftovers\n|upkeep\n|turn|5\n|inactive|Time left: 300 sec this turn | 300 sec total\n|\n|t:|1783534594\n|move|p2a: Greedent|Double-Edge|p1a: Ting-Lu\n|-damage|p1a: Ting-Lu|48/370\n|-damage|p2a: Greedent|79/100|[from] Recoil\n|move|p1a: Ting-Lu|Whirlwind|p2a: Greedent\n|drag|p2a: Malamar|Malamar, L82, F|100/100\n|-status|p2a: Malamar|psn\n|\n|-heal|p1a: Ting-Lu|71/370|[from] item: Leftovers\n|-damage|p2a: Malamar|88/100 psn|[from] psn\n|upkeep\n|turn|6\n|inactive|Time left: 300 sec this turn | 300 sec total\n|\n|t:|1783534595\n|switch|p1a: Tornadus|Tornadus-Therian, L79, M|254/254\n|move|p2a: Malamar|Superpower|p1a: Tornadus\n|-resisted|p1a: Tornadus\n|-damage|p1a: Tornadus|207/254\n|-boost|p2a: Malamar|atk|1\n|-boost|p2a: Malamar|def|1\n|\n|-heal|p2a: Malamar|94/100 psn|[from] item: Leftovers\n|-damage|p2a: Malamar|82/100 psn|[from] psn\n|upkeep\n|turn|7\n|inactive|Time left: 300 sec this turn | 300 sec total\n|\n|t:|1783534596\n|move|p1a: Tornadus|Bleakwind Storm|p2a: Malamar\n|-damage|p2a: Malamar|22/100 psn\n|move|p2a: Malamar|Knock Off|p1a: Tornadus\n|-damage|p1a: Tornadus|39/254\n|-enditem|p1a: Tornadus|Choice Specs|[from] move: Knock Off|[of] p2a: Malamar\n|\n|-heal|p2a: Malamar|28/100 psn|[from] item: Leftovers\n|-damage|p2a: Malamar|16/100 psn|[from] psn\n|upkeep\n|turn|8\n|inactive|Time left: 300 sec this turn | 300 sec total\n|\n|t:|1783534597\n|move|p1a: Tornadus|U-turn|p2a: Malamar\n|-supereffective|p2a: Malamar\n|-damage|p2a: Malamar|0 fnt\n|faint|p2a: Malamar\n|inactive|Time left: 300 sec this turn | 300 sec total | 5 sec grace\n|\n|t:|1783534598\n|switch|p1a: Drednaw|Drednaw, L81, F|278/278|[from] U-turn\n|\n|upkeep\n|\n|t:|1783534599\n|switch|p2a: Scovillain|Scovillain, L91, M|100/100\n|-status|p2a: Scovillain|psn\n|turn|9\n|inactive|Time left: 300 sec this turn | 300 sec total\n|\n|t:|1783534600\n|move|p2a: Scovillain|Energy Ball|p1a: Drednaw\n|-supereffective|p1a: Drednaw\n|-damage|p1a: Drednaw|0 fnt\n|faint|p1a: Drednaw\n|\n|-damage|p2a: Scovillain|88/100 psn|[from] psn\n|upkeep\n|inactive|Time left: 300 sec this turn | 300 sec total | 5 sec grace\n|\n|t:|1783534601\n|switch|p1a: Tornadus|Tornadus-Therian, L79, M|123/254\n|turn|10\n|inactive|Time left: 300 sec this turn | 300 sec total\n|\n|t:|1783534602\n|move|p2a: Scovillain|Energy Ball|p1a: Tornadus\n|-resisted|p1a: Tornadus\n|-damage|p1a: Tornadus|63/254\n|move|p1a: Tornadus|Bleakwind Storm|p2a: Scovillain\n|-supereffective|p2a: Scovillain\n|-damage|p2a: Scovillain|0 fnt\n|faint|p2a: Scovillain\n|\n|upkeep\n|\n|t:|1783534603\n|switch|p2a: Oricorio|Oricorio, L84, F|100/100\n|turn|11\n|inactive|Time left: 300 sec this turn | 300 sec total\n|\n|t:|1783534604\n|move|p1a: Tornadus|Bleakwind Storm|p2a: Oricorio\n|-damage|p2a: Oricorio|57/100\n|move|p2a: Oricorio|Quiver Dance|p2a: Oricorio\n|-boost|p2a: Oricorio|spa|1\n|-boost|p2a: Oricorio|spd|1\n|-boost|p2a: Oricorio|spe|1\n|\n|upkeep\n|turn|12\n|inactive|Time left: 300 sec this turn | 300 sec total\n|\n|t:|1783534605\n|switch|p1a: Heatran|Heatran, L79, F|273/273\n|-item|p1a: Heatran|Air Balloon\n|move|p2a: Oricorio|Quiver Dance|p2a: Oricorio\n|-boost|p2a: Oricorio|spa|1\n|-boost|p2a: Oricorio|spd|1\n|-boost|p2a: Oricorio|spe|1\n|\n|upkeep\n|turn|13\n|inactive|Time left: 300 sec this turn | 300 sec total\n|\n|t:|1783534606\n|move|p2a: Oricorio|Quiver Dance|p2a: Oricorio\n|-boost|p2a: Oricorio|spa|1\n|-boost|p2a: Oricorio|spd|1\n|-boost|p2a: Oricorio|spe|1\n|move|p1a: Heatran|Magma Storm|p2a: Oricorio\n|-resisted|p2a: Oricorio\n|-damage|p2a: Oricorio|45/100\n|-activate|p2a: Oricorio|move: Magma Storm|[of] p1a: Heatran\n|\n|-damage|p2a: Oricorio|33/100|[from] move: Magma Storm|[partiallytrapped]\n|upkeep\n|turn|14\n|inactive|Time left: 300 sec this turn | 300 sec total\n|\n|t:|1783534607\n|move|p2a: Oricorio|Roost|p2a: Oricorio\n|-heal|p2a: Oricorio|83/100\n|-singleturn|p2a: Oricorio|move: Roost\n|move|p1a: Heatran|Earth Power|p2a: Oricorio\n|-supereffective|p2a: Oricorio\n|-damage|p2a: Oricorio|55/100\n|\n|-damage|p2a: Oricorio|43/100|[from] move: Magma Storm|[partiallytrapped]\n|upkeep\n|turn|15\n|inactive|Time left: 300 sec this turn | 300 sec total\n|\n|t:|1783534608\n|move|p2a: Oricorio|Roost|p2a: Oricorio\n|-heal|p2a: Oricorio|93/100\n|-singleturn|p2a: Oricorio|move: Roost\n|move|p1a: Heatran|Heavy Slam|p2a: Oricorio\n|-resisted|p2a: Oricorio\n|-damage|p2a: Oricorio|69/100\n|\n|-damage|p2a: Oricorio|57/100|[from] move: Magma Storm|[partiallytrapped]\n|upkeep\n|turn|16\n|inactive|Time left: 300 sec this turn | 300 sec total\n|\n|t:|1783534609\n|move|p2a: Oricorio|Roost|p2a: Oricorio\n|-heal|p2a: Oricorio|100/100\n|-singleturn|p2a: Oricorio|move: Roost\n|move|p1a: Heatran|Heavy Slam|p2a: Oricorio\n|-resisted|p2a: Oricorio\n|-damage|p2a: Oricorio|75/100\n|\n|-damage|p2a: Oricorio|62/100|[from] move: Magma Storm|[partiallytrapped]\n|upkeep\n|turn|17\n|inactive|Time left: 300 sec this turn | 300 sec total\n|\n|t:|1783534610\n|move|p2a: Oricorio|Hurricane|p1a: Heatran\n|-resisted|p1a: Heatran\n|-damage|p1a: Heatran|129/273\n|-start|p1a: Heatran|confusion\n|-enditem|p1a: Heatran|Air Balloon\n|-activate|p1a: Heatran|confusion\n|-damage|p1a: Heatran|105/273|[from] confusion\n|\n|-end|p2a: Oricorio|Magma Storm|[partiallytrapped]\n|upkeep\n|turn|18\n|inactive|Time left: 300 sec this turn | 300 sec total\n|\n|t:|1783534611\n|move|p2a: Oricorio|Quiver Dance|p2a: Oricorio\n|-boost|p2a: Oricorio|spa|1\n|-boost|p2a: Oricorio|spd|1\n|-boost|p2a: Oricorio|spe|1\n|-activate|p1a: Heatran|confusion\n|-damage|p1a: Heatran|81/273|[from] confusion\n|\n|upkeep\n|turn|19\n|inactive|Time left: 300 sec this turn | 300 sec total\n|\n|t:|1783534612\n|move|p2a: Oricorio|Roost|p2a: Oricorio\n|-heal|p2a: Oricorio|100/100\n|-singleturn|p2a: Oricorio|move: Roost\n|-activate|p1a: Heatran|confusion\n|move|p1a: Heatran|Magma Storm|p2a: Oricorio\n|-resisted|p2a: Oricorio\n|-damage|p2a: Oricorio|92/100\n|-activate|p2a: Oricorio|move: Magma Storm|[of] p1a: Heatran\n|\n|-damage|p2a: Oricorio|80/100|[from] move: Magma Storm|[partiallytrapped]\n|upkeep\n|turn|20\n|inactive|Time left: 300 sec this turn | 300 sec total\n|\n|t:|1783534613\n|move|p2a: Oricorio|Hurricane|p1a: Heatran\n|-resisted|p1a: Heatran\n|-damage|p1a: Heatran|0 fnt\n|faint|p1a: Heatran\n|\n|-end|p2a: Oricorio|Magma Storm|[partiallytrapped]|[silent]\n|upkeep\n|inactive|Time left: 300 sec this turn | 300 sec total | 5 sec grace\n|\n|t:|1783534615\n|switch|p1a: Ting-Lu|Ting-Lu, L78|71/370\n|-ability|p1a: Ting-Lu|Vessel of Ruin\n|turn|21\n|inactive|Time left: 300 sec this turn | 300 sec total\n|\n|t:|1783534616\n|move|p2a: Oricorio|Revelation Dance|p1a: Ting-Lu\n|-damage|p1a: Ting-Lu|0 fnt\n|faint|p1a: Ting-Lu\n|\n|upkeep\n|inactive|Time left: 300 sec this turn | 300 sec total | 5 sec grace\n|\n|t:|1783534617\n|switch|p1a: Tornadus|Tornadus-Therian, L79, M|147/254\n|turn|22\n|inactive|Time left: 300 sec this turn | 300 sec total\n|\n|t:|1783534618\n|switch|p1a: Gothitelle|Gothitelle, L90, M|272/272\n|move|p2a: Oricorio|Revelation Dance|p1a: Gothitelle\n|-damage|p1a: Gothitelle|65/272\n|\n|upkeep\n|turn|23\n|inactive|Time left: 300 sec this turn | 300 sec total\n|\n|t:|1783534619\n|move|p2a: Oricorio|Revelation Dance|p1a: Gothitelle\n|-damage|p1a: Gothitelle|0 fnt\n|faint|p1a: Gothitelle\n|\n|upkeep\n|inactive|Time left: 300 sec this turn | 300 sec total | 5 sec grace\n|\n|t:|1783534619\n|switch|p1a: Tornadus|Tornadus-Therian, L79, M|231/254\n|turn|24\n|inactive|Time left: 300 sec this turn | 300 sec total\n|\n|t:|1783534620\n|-terastallize|p1a: Tornadus|Fire\n|move|p2a: Oricorio|Revelation Dance|p1a: Tornadus\n|-resisted|p1a: Tornadus\n|-damage|p1a: Tornadus|83/254\n|move|p1a: Tornadus|Heat Wave|p2a: Oricorio|[miss]\n|-miss|p1a: Tornadus|p2a: Oricorio\n|\n|upkeep\n|turn|25\n|inactive|Time left: 300 sec this turn | 300 sec total\n|\n|t:|1783534621\n|move|p2a: Oricorio|Revelation Dance|p1a: Tornadus\n|-resisted|p1a: Tornadus\n|-damage|p1a: Tornadus|0 fnt\n|faint|p1a: Tornadus\n|\n|upkeep\n|inactive|Time left: 300 sec this turn | 300 sec total | 5 sec grace\n|\n|t:|1783534622\n|switch|p1a: Clodsire|Clodsire, L81, M|213/343\n|turn|26\n|inactive|Time left: 300 sec this turn | 300 sec total\n|\n|t:|1783534623\n|-terastallize|p2a: Oricorio|Ground\n|move|p2a: Oricorio|Revelation Dance|p1a: Clodsire\n|-supereffective|p1a: Clodsire\n|-damage|p1a: Clodsire|0 fnt\n|faint|p1a: Clodsire\n|\n|win|p0y114a3a9", "uploadtime": 1783534623, "views": 0, "rating": 0, "private": 0, "password": null, "_winner": "p0y114a3a9", "_our_name": "p0x114bbb4"}