{"id": "battle-gen9randombattle-1046", "formatid": "gen9randombattle", "format": "[Gen 9] Random Battle", "players": ["p0x104613ba", "p0y104670c3"], "log": "|init|battle\n|title|p0x104613ba vs. p0y104670c3\n|j|\u2606p0x104613ba\n|j|\u2606p0y104670c3\n|t:|1783551313\n|gametype|singles\n|player|p1|p0x104613ba|265|\n|player|p2|p0y104670c3|2|\n|gen|9\n|tier|[Gen 9] Random Battle\n|rule|Species Clause: Limit one of each Pok\u00e9mon\n|rule|HP Percentage Mod: HP is shown in percentages\n|rule|Sleep Clause Mod: Limit one foe put to sleep\n|rule|Illusion Level Mod: Illusion disguises the Pok\u00e9mon's true level\n|\n|t:|1783551313\n|teamsize|p1|6\n|teamsize|p2|6\n|start\n|switch|p1a: Skuntank|Skuntank, L84, F|100/100\n|switch|p2a: Slowking|Slowking-Galar, L85, F|300/300\n|turn|1\n|inactive|Battle timer is ON: inactive players will automatically lose when time's up. (requested by p0x104613ba)\n|inactive|Time left: 300 sec this turn | 300 sec total | 60 sec grace\n|\n|t:|1783551315\n|move|p1a: Skuntank|Knock Off|p2a: Slowking\n|-supereffective|p2a: Slowking\n|-damage|p2a: Slowking|72/300\n|-enditem|p2a: Slowking|Leftovers|[from] move: Knock Off|[of] p1a: Skuntank\n|move|p2a: Slowking|Thunder Wave|p1a: Skuntank\n|-status|p1a: Skuntank|par\n|\n|upkeep\n|turn|2\n|inactive|Time left: 300 sec this turn | 300 sec total\n|inactive|p0y104670c3 also wants the timer to be on.\n|\n|t:|1783551316\n|move|p2a: Slowking|Slack Off|p2a: Slowking\n|-heal|p2a: Slowking|222/300\n|move|p1a: Skuntank|Knock Off|p2a: Slowking\n|-supereffective|p2a: Slowking\n|-damage|p2a: Slowking|72/300\n|\n|upkeep\n|turn|3\n|inactive|Time left: 300 sec this turn | 300 sec total\n|\n|t:|1783551317\n|move|p2a: Slowking|Slack Off|p2a: Slowking\n|-heal|p2a: Slowking|222/300\n|move|p1a: Skuntank|Knock Off|p2a: Slowking\n|-supereffective|p2a: Slowking\n|-damage|p2a: Slowking|84/300\n|\n|upkeep\n|turn|4\n|inactive|Time left: 300 sec this turn | 300 sec total\n|\n|t:|1783551319\n|move|p2a: Slowking|Slack Off|p2a: Slowking\n|-heal|p2a: Slowking|234/300\n|move|p1a: Skuntank|Knock Off|p2a: Slowking\n|-supereffective|p2a: Slowking\n|-damage|p2a: Slowking|88/300\n|\n|upkeep\n|turn|5\n|inactive|Time left: 300 sec this turn | 300 sec total\n|\n|t:|1783551320\n|move|p2a: Slowking|Slack Off|p2a: Slowking\n|-heal|p2a: Slowking|238/300\n|move|p1a: Skuntank|Knock Off|p2a: Slowking\n|-supereffective|p2a: Slowking\n|-damage|p2a: Slowking|100/300\n|\n|upkeep\n|turn|6\n|inactive|Time left: 300 sec this turn | 300 sec total\n|\n|t:|1783551321\n|move|p2a: Slowking|Slack Off|p2a: Slowking\n|-heal|p2a: Slowking|250/300\n|move|p1a: Skuntank|Knock Off|p2a: Slowking\n|-supereffective|p2a: Slowking\n|-damage|p2a: Slowking|118/300\n|\n|upkeep\n|turn|7\n|inactive|Time left: 300 sec this turn | 300 sec total\n|\n|t:|1783551322\n|move|p2a: Slowking|Slack Off|p2a: Slowking\n|-heal|p2a: Slowking|268/300\n|cant|p1a: Skuntank|par\n|\n|upkeep\n|turn|8\n|inactive|Time left: 300 sec this turn | 300 sec total\n|\n|t:|1783551323\n|move|p2a: Slowking|Sludge Bomb|p1a: Skuntank\n|-resisted|p1a: Skuntank\n|-damage|p1a: Skuntank|85/100 par\n|move|p1a: Skuntank|Knock Off|p2a: Slowking\n|-supereffective|p2a: Slowking\n|-damage|p2a: Slowking|124/300\n|\n|upkeep\n|turn|9\n|inactive|Time left: 300 sec this turn | 300 sec total\n|\n|t:|1783551324\n|move|p2a: Slowking|Slack Off|p2a: Slowking\n|-heal|p2a: Slowking|274/300\n|move|p1a: Skuntank|Knock Off|p2a: Slowking\n|-supereffective|p2a: Slowking\n|-damage|p2a: Slowking|140/300\n|\n|upkeep\n|turn|10\n|inactive|Time left: 300 sec this turn | 300 sec total\n|\n|t:|1783551325\n|move|p2a: Slowking|Slack Off|p2a: Slowking\n|-heal|p2a: Slowking|290/300\n|move|p1a: Skuntank|Knock Off|p2a: Slowking\n|-supereffective|p2a: Slowking\n|-damage|p2a: Slowking|144/300\n|\n|upkeep\n|turn|11\n|inactive|Time left: 300 sec this turn | 300 sec total\n|\n|t:|1783551326\n|switch|p2a: Iron Jugulis|Iron Jugulis, L77|271/271\n|move|p1a: Skuntank|Knock Off|p2a: Iron Jugulis\n|-resisted|p2a: Iron Jugulis\n|-damage|p2a: Iron Jugulis|212/271\n|-enditem|p2a: Iron Jugulis|Power Herb|[from] move: Knock Off|[of] p1a: Skuntank\n|\n|upkeep\n|turn|12\n|inactive|Time left: 300 sec this turn | 300 sec total\n|\n|t:|1783551328\n|switch|p1a: Raikou|Raikou, L81|100/100\n|-ability|p1a: Raikou|Pressure\n|move|p2a: Iron Jugulis|Meteor Beam||[still]\n|-prepare|p2a: Iron Jugulis|Meteor Beam\n|-boost|p2a: Iron Jugulis|spa|1\n|\n|upkeep\n|turn|13\n|inactive|Time left: 300 sec this turn | 300 sec total\n|\n|t:|1783551329\n|move|p1a: Raikou|Thunderbolt|p2a: Iron Jugulis\n|-supereffective|p2a: Iron Jugulis\n|-damage|p2a: Iron Jugulis|0 fnt\n|faint|p2a: Iron Jugulis\n|-end|p2a: Iron Jugulis|Quark Drive|[silent]\n|\n|upkeep\n|inactive|Time left: 300 sec this turn | 300 sec total | 5 sec grace\n|\n|t:|1783551329\n|switch|p2a: Dragapult|Dragapult, L77, F|262/262\n|turn|14\n|inactive|Time left: 300 sec this turn | 300 sec total\n|\n|t:|1783551330\n|move|p2a: Dragapult|Dragon Dance|p2a: Dragapult\n|-boost|p2a: Dragapult|atk|1\n|-boost|p2a: Dragapult|spe|1\n|move|p1a: Raikou|Shadow Ball|p2a: Dragapult\n|-supereffective|p2a: Dragapult\n|-crit|p2a: Dragapult\n|-damage|p2a: Dragapult|46/262\n|\n|upkeep\n|turn|15\n|inactive|Time left: 300 sec this turn | 300 sec total\n|\n|t:|1783551331\n|move|p2a: Dragapult|Dragon Darts|p1a: Raikou\n|-damage|p1a: Raikou|58/100\n|-anim|p2a: Dragapult|Dragon Darts|p1a: Raikou\n|-damage|p1a: Raikou|16/100\n|-damage|p2a: Dragapult|20/262|[from] item: Life Orb\n|move|p1a: Raikou|Thunderbolt|p2a: Dragapult\n|-resisted|p2a: Dragapult\n|-damage|p2a: Dragapult|0 fnt\n|faint|p2a: Dragapult\n|\n|-heal|p1a: Raikou|22/100|[from] item: Leftovers\n|upkeep\n|inactive|Time left: 300 sec this turn | 300 sec total | 5 sec grace\n|\n|t:|1783551332\n|switch|p2a: Iron Moth|Iron Moth, L78|253/253\n|turn|16\n|inactive|Time left: 300 sec this turn | 300 sec total\n|\n|t:|1783551332\n|move|p1a: Raikou|Scald|p2a: Iron Moth\n|-supereffective|p2a: Iron Moth\n|-damage|p2a: Iron Moth|141/253\n|move|p2a: Iron Moth|Fiery Dance|p1a: Raikou\n|-damage|p1a: Raikou|0 fnt\n|-boost|p2a: Iron Moth|spa|1\n|faint|p1a: Raikou\n|\n|upkeep\n|\n|t:|1783551333\n|switch|p1a: Wyrdeer|Wyrdeer, L87, F|100/100\n|-ability|p1a: Wyrdeer|Intimidate|boost\n|-unboost|p2a: Iron Moth|atk|1\n|turn|17\n|inactive|Time left: 300 sec this turn | 300 sec total\n|\n|t:|1783551334\n|move|p2a: Iron Moth|Fiery Dance|p1a: Wyrdeer\n|-damage|p1a: Wyrdeer|30/100\n|-boost|p2a: Iron Moth|spa|1\n|move|p1a: Wyrdeer|Body Slam|p2a: Iron Moth\n|-damage|p2a: Iron Moth|9/253\n|\n|-heal|p1a: Wyrdeer|37/100|[from] item: Leftovers\n|upkeep\n|turn|18\n|inactive|Time left: 300 sec this turn | 300 sec total\n|\n|t:|1783551335\n|move|p2a: Iron Moth|Fiery Dance|p1a: Wyrdeer\n|-damage|p1a: Wyrdeer|0 fnt\n|-boost|p2a: Iron Moth|spa|1\n|faint|p1a: Wyrdeer\n|\n|upkeep\n|\n|t:|1783551336\n|switch|p1a: Cryogonal|Cryogonal, L89|100/100\n|turn|19\n|inactive|Time left: 300 sec this turn | 300 sec total\n|\n|t:|1783551336\n|-end|p2a: Iron Moth|Quark Drive|[silent]\n|switch|p2a: Slowking|Slowking-Galar, L85, F|244/300\n|move|p1a: Cryogonal|Ice Beam|p2a: Slowking\n|-damage|p2a: Slowking|157/300\n|\n|upkeep\n|turn|20\n|inactive|Time left: 300 sec this turn | 300 sec total\n|\n|t:|1783551337\n|move|p1a: Cryogonal|Ice Beam|p2a: Slowking\n|-damage|p2a: Slowking|73/300\n|move|p2a: Slowking|Psyshock|p1a: Cryogonal\n|-damage|p1a: Cryogonal|50/100\n|\n|upkeep\n|turn|21\n|inactive|Time left: 300 sec this turn | 300 sec total\n|\n|t:|1783551339\n|switch|p2a: Iron Moth|Iron Moth, L78|9/253\n|move|p1a: Cryogonal|Ice Beam|p2a: Iron Moth\n|-resisted|p2a: Iron Moth\n|-damage|p2a: Iron Moth|0 fnt\n|faint|p2a: Iron Moth\n|-end|p2a: Iron Moth|Quark Drive|[silent]\n|\n|upkeep\n|inactive|Time left: 300 sec this turn | 300 sec total | 5 sec grace\n|\n|t:|1783551340\n|switch|p2a: Slowking|Slowking-Galar, L85, F|173/300\n|turn|22\n|inactive|Time left: 300 sec this turn | 300 sec total\n|\n|t:|1783551341\n|move|p1a: Cryogonal|Recover|p1a: Cryogonal\n|-heal|p1a: Cryogonal|99/100\n|move|p2a: Slowking|Psyshock|p1a: Cryogonal\n|-damage|p1a: Cryogonal|55/100\n|\n|upkeep\n|turn|23\n|inactive|Time left: 300 sec this turn | 300 sec total\n|\n|t:|1783551342\n|move|p1a: Cryogonal|Recover|p1a: Cryogonal\n|-heal|p1a: Cryogonal|100/100\n|move|p2a: Slowking|Psyshock|p1a: Cryogonal\n|-damage|p1a: Cryogonal|56/100\n|\n|upkeep\n|turn|24\n|inactive|Time left: 300 sec this turn | 300 sec total\n|\n|t:|1783551343\n|move|p1a: Cryogonal|Recover|p1a: Cryogonal\n|-heal|p1a: Cryogonal|100/100\n|move|p2a: Slowking|Psyshock|p1a: Cryogonal\n|-damage|p1a: Cryogonal|55/100\n|\n|upkeep\n|turn|25\n|inactive|Time left: 300 sec this turn | 300 sec total\n|\n|t:|1783551344\n|move|p1a: Cryogonal|Ice Beam|p2a: Slowking\n|-damage|p2a: Slowking|85/300\n|move|p2a: Slowking|Psyshock|p1a: Cryogonal\n|-damage|p1a: Cryogonal|5/100\n|\n|upkeep\n|turn|26\n|inactive|Time left: 300 sec this turn | 300 sec total\n|\n|t:|1783551346\n|move|p1a: Cryogonal|Ice Beam|p2a: Slowking\n|-damage|p2a: Slowking|3/300\n|move|p2a: Slowking|Psyshock|p1a: Cryogonal\n|-damage|p1a: Cryogonal|0 fnt\n|faint|p1a: Cryogonal\n|\n|upkeep\n|\n|t:|1783551347\n|switch|p1a: Leavanny|Leavanny, L86, F|100/100\n|turn|27\n|inactive|Time left: 300 sec this turn | 300 sec total\n|\n|t:|1783551348\n|switch|p2a: Drifblim|Drifblim, L86, M|396/396\n|move|p1a: Leavanny|Bullet Seed|p2a: Drifblim\n|-resisted|p2a: Drifblim\n|-damage|p2a: Drifblim|374/396\n|-resisted|p2a: Drifblim\n|-crit|p2a: Drifblim\n|-damage|p2a: Drifblim|336/396\n|-resisted|p2a: Drifblim\n|-damage|p2a: Drifblim|312/396\n|-resisted|p2a: Drifblim\n|-damage|p2a: Drifblim|290/396\n|-hitcount|p2a: Drifblim|4\n|\n|upkeep\n|turn|28\n|inactive|Time left: 300 sec this turn | 300 sec total\n|\n|t:|1783551349\n|-terastallize|p2a: Drifblim|Fairy\n|move|p1a: Leavanny|Triple Axel|p2a: Drifblim\n|-damage|p2a: Drifblim|263/396\n|-damage|p2a: Drifblim|217/396\n|-damage|p2a: Drifblim|143/396\n|-enditem|p2a: Drifblim|Sitrus Berry|[eat]\n|-heal|p2a: Drifblim|242/396|[from] item: Sitrus Berry\n|-hitcount|p2a: Drifblim|3\n|move|p2a: Drifblim|Air Slash|p1a: Leavanny\n|-supereffective|p1a: Leavanny\n|-damage|p1a: Leavanny|0 fnt\n|faint|p1a: Leavanny\n|\n|upkeep\n|\n|t:|1783551350\n|switch|p1a: Skuntank|Skuntank, L84, F|85/100 par\n|turn|29\n|inactive|Time left: 300 sec this turn | 300 sec total\n|\n|t:|1783551351\n|move|p2a: Drifblim|Strength Sap|p1a: Skuntank\n|-unboost|p1a: Skuntank|atk|1\n|-heal|p2a: Drifblim|396/396\n|move|p1a: Skuntank|Gunk Shot|p2a: Drifblim\n|-supereffective|p2a: Drifblim\n|-damage|p2a: Drifblim|118/396\n|\n|upkeep\n|turn|30\n|inactive|Time left: 300 sec this turn | 300 sec total\n|\n|t:|1783551352\n|move|p2a: Drifblim|Strength Sap|p1a: Skuntank\n|-unboost|p1a: Skuntank|atk|1\n|-heal|p2a: Drifblim|254/396\n|move|p1a: Skuntank|Gunk Shot|p2a: Drifblim\n|-supereffective|p2a: Drifblim\n|-damage|p2a: Drifblim|74/396\n|\n|upkeep\n|turn|31\n|inactive|Time left: 300 sec this turn | 300 sec total\n|\n|t:|1783551353\n|move|p2a: Drifblim|Strength Sap|p1a: Skuntank\n|-unboost|p1a: Skuntank|atk|1\n|-heal|p2a: Drifblim|176/396\n|move|p1a: Skuntank|Gunk Shot|p2a: Drifblim\n|-supereffective|p2a: Drifblim\n|-damage|p2a: Drifblim|14/396\n|-status|p2a: Drifblim|psn\n|\n|-damage|p2a: Drifblim|0 fnt|[from] psn\n|faint|p2a: Drifblim\n|upkeep\n|inactive|Time left: 300 sec this turn | 300 sec total | 5 sec grace\n|\n|t:|1783551354\n|switch|p2a: Slowking|Slowking-Galar, L85, F|103/300\n|turn|32\n|inactive|Time left: 300 sec this turn | 300 sec total\n|\n|t:|1783551355\n|switch|p1a: Deoxys|Deoxys-Speed, L82|100/100\n|-ability|p1a: Deoxys|Pressure\n|move|p2a: Slowking|Sludge Bomb|p1a: Deoxys\n|-damage|p1a: Deoxys|52/100\n|\n|-heal|p1a: Deoxys|58/100|[from] item: Leftovers\n|upkeep\n|turn|33\n|inactive|Time left: 300 sec this turn | 300 sec total\n|\n|t:|1783551357\n|switch|p1a: Skuntank|Skuntank, L84, F|85/100 par\n|switch|p2a: Ditto|Ditto, L87|225/225\n|-transform|p2a: Ditto|p1a: Skuntank|[from] ability: Imposter\n|\n|upkeep\n|turn|34\n|inactive|Time left: 300 sec this turn | 300 sec total\n|\n|t:|1783551358\n|move|p2a: Ditto|Knock Off|p1a: Skuntank\n|-resisted|p1a: Skuntank\n|-crit|p1a: Skuntank\n|-damage|p1a: Skuntank|57/100 par\n|-enditem|p1a: Skuntank|Assault Vest|[from] move: Knock Off|[of] p2a: Ditto\n|move|p1a: Skuntank|Gunk Shot|p2a: Ditto\n|-resisted|p2a: Ditto\n|-damage|p2a: Ditto|144/225\n|\n|upkeep\n|turn|35\n|inactive|Time left: 300 sec this turn | 300 sec total\n|\n|t:|1783551359\n|switch|p2a: Slowking|Slowking-Galar, L85, F|203/300\n|move|p1a: Skuntank|Fire Blast|p2a: Slowking\n|-damage|p2a: Slowking|155/300\n|\n|upkeep\n|turn|36\n|inactive|Time left: 300 sec this turn | 300 sec total\n|\n|t:|1783551360\n|switch|p2a: Ditto|Ditto, L87|144/225\n|-transform|p2a: Ditto|p1a: Skuntank|[from] ability: Imposter\n|cant|p1a: Skuntank|par\n|\n|upkeep\n|turn|37\n|inactive|Time left: 300 sec this turn | 300 sec total\n|\n|t:|1783551361\n|move|p2a: Ditto|Fire Blast|p1a: Skuntank|[miss]\n|-miss|p2a: Ditto|p1a: Skuntank\n|move|p1a: Skuntank|Fire Blast|p2a: Ditto\n|-damage|p2a: Ditto|65/225\n|\n|upkeep\n|turn|38\n|inactive|Time left: 300 sec this turn | 300 sec total\n|\n|t:|1783551362\n|switch|p2a: Slowking|Slowking-Galar, L85, F|255/300\n|move|p1a: Skuntank|Gunk Shot|p2a: Slowking\n|-resisted|p2a: Slowking\n|-damage|p2a: Slowking|186/300\n|\n|upkeep\n|turn|39\n|inactive|Time left: 300 sec this turn | 300 sec total\n|\n|t:|1783551363\n|switch|p2a: Ditto|Ditto, L87|65/225\n|-transform|p2a: Ditto|p1a: Skuntank|[from] ability: Imposter\n|cant|p1a: Skuntank|par\n|\n|upkeep\n|turn|40\n|inactive|Time left: 300 sec this turn | 300 sec total\n|\n|t:|1783551364\n|switch|p2a: Slowking|Slowking-Galar, L85, F|286/300\n|move|p1a: Skuntank|Gunk Shot|p2a: Slowking\n|-resisted|p2a: Slowking\n|-damage|p2a: Slowking|216/300\n|\n|upkeep\n|turn|41\n|inactive|Time left: 300 sec this turn | 300 sec total\n|\n|t:|1783551365\n|switch|p2a: Ditto|Ditto, L87|65/225\n|-transform|p2a: Ditto|p1a: Skuntank|[from] ability: Imposter\n|cant|p1a: Skuntank|par\n|\n|upkeep\n|turn|42\n|inactive|Time left: 300 sec this turn | 300 sec total\n|\n|t:|1783551366\n|move|p2a: Ditto|Fire Blast|p1a: Skuntank\n|-damage|p1a: Skuntank|29/100 par\n|move|p1a: Skuntank|Fire Blast|p2a: Ditto\n|-damage|p2a: Ditto|0 fnt\n|faint|p2a: Ditto\n|\n|upkeep\n|inactive|Time left: 300 sec this turn | 300 sec total | 5 sec grace\n|\n|t:|1783551367\n|switch|p2a: Slowking|Slowking-Galar, L85, F|300/300\n|turn|43\n|inactive|Time left: 300 sec this turn | 300 sec total\n|\n|t:|1783551367\n|move|p2a: Slowking|Sludge Bomb|p1a: Skuntank\n|-resisted|p1a: Skuntank\n|-damage|p1a: Skuntank|6/100 par\n|move|p1a: Skuntank|Knock Off|p2a: Slowking\n|-supereffective|p2a: Slowking\n|-damage|p2a: Slowking|162/300\n|\n|upkeep\n|turn|44\n|inactive|Time left: 300 sec this turn | 300 sec total\n|\n|t:|1783551368\n|move|p2a: Slowking|Thunder Wave|p1a: Skuntank\n|-fail|p1a: Skuntank|par\n|move|p1a: Skuntank|Knock Off|p2a: Slowking\n|-supereffective|p2a: Slowking\n|-damage|p2a: Slowking|22/300\n|\n|upkeep\n|turn|45\n|inactive|Time left: 300 sec this turn | 300 sec total\n|\n|t:|1783551369\n|-terastallize|p1a: Skuntank|Poison\n|move|p2a: Slowking|Thunder Wave|p1a: Skuntank\n|-fail|p1a: Skuntank|par\n|move|p1a: Skuntank|Knock Off|p2a: Slowking\n|-supereffective|p2a: Slowking\n|-damage|p2a: Slowking|0 fnt\n|faint|p2a: Slowking\n|\n|win|p0x104613ba", "uploadtime": 1783551369, "views": 0, "rating": 0, "private": 0, "password": null, "_winner": "p0x104613ba", "_our_name": "p0y104670c3"}