{"id": "battle-gen9randombattle-2560", "formatid": "gen9randombattle", "format": "[Gen 9] Random Battle", "players": ["p0x2560883d", "p0y25601cb7"], "log": "|init|battle\n|title|p0x2560883d vs. p0y25601cb7\n|j|\u2606p0x2560883d\n|j|\u2606p0y25601cb7\n|t:|1783569598\n|gametype|singles\n|player|p1|p0x2560883d|265|\n|player|p2|p0y25601cb7|265|\n|gen|9\n|tier|[Gen 9] Random Battle\n|rule|Species Clause: Limit one of each Pok\u00e9mon\n|rule|HP Percentage Mod: HP is shown in percentages\n|rule|Sleep Clause Mod: Limit one foe put to sleep\n|rule|Illusion Level Mod: Illusion disguises the Pok\u00e9mon's true level\n|\n|t:|1783569598\n|teamsize|p1|6\n|teamsize|p2|6\n|start\n|switch|p1a: Cinderace|Cinderace, L77, M|249/249\n|switch|p2a: Charizard|Charizard, L85, M|100/100\n|turn|1\n|inactive|Battle timer is ON: inactive players will automatically lose when time's up. (requested by p0y25601cb7)\n|inactive|Time left: 300 sec this turn | 300 sec total | 60 sec grace\n|inactive|p0x2560883d also wants the timer to be on.\n|\n|t:|1783569599\n|move|p1a: Cinderace|Gunk Shot|p2a: Charizard|[miss]\n|-start|p1a: Cinderace|typechange|Poison|[from] ability: Libero\n|-miss|p1a: Cinderace|p2a: Charizard\n|move|p2a: Charizard|Swords Dance|p2a: Charizard\n|-boost|p2a: Charizard|atk|2\n|\n|upkeep\n|turn|2\n|inactive|Time left: 300 sec this turn | 300 sec total\n|\n|t:|1783569600\n|switch|p1a: Floatzel|Floatzel, L86, F|286/286\n|move|p2a: Charizard|Outrage|p1a: Floatzel\n|-damage|p1a: Floatzel|82/286\n|\n|-heal|p1a: Floatzel|99/286|[from] item: Leftovers\n|upkeep\n|turn|3\n|inactive|Time left: 300 sec this turn | 300 sec total\n|\n|t:|1783569601\n|move|p1a: Floatzel|Wave Crash|p2a: Charizard\n|-supereffective|p2a: Charizard\n|-damage|p2a: Charizard|0 fnt\n|faint|p2a: Charizard\n|-damage|p1a: Floatzel|10/286|[from] Recoil\n|\n|-heal|p1a: Floatzel|27/286|[from] item: Leftovers\n|upkeep\n|\n|t:|1783569602\n|switch|p2a: Metagross|Metagross, L79|100/100\n|turn|4\n|inactive|Time left: 300 sec this turn | 300 sec total\n|\n|t:|1783569603\n|move|p1a: Floatzel|Wave Crash|p2a: Metagross\n|-damage|p2a: Metagross|57/100\n|-damage|p1a: Floatzel|0 fnt|[from] Recoil\n|faint|p1a: Floatzel\n|move|p2a: Metagross|Agility|p2a: Metagross\n|-boost|p2a: Metagross|spe|2\n|\n|upkeep\n|inactive|Time left: 300 sec this turn | 300 sec total | 5 sec grace\n|\n|t:|1783569604\n|switch|p1a: Zapdos|Zapdos-Galar, L77|265/265\n|turn|5\n|inactive|Time left: 300 sec this turn | 300 sec total\n|\n|t:|1783569605\n|move|p2a: Metagross|Heavy Slam|p1a: Zapdos\n|-damage|p1a: Zapdos|109/265\n|move|p1a: Zapdos|Knock Off|p2a: Metagross\n|-supereffective|p2a: Metagross\n|-damage|p2a: Metagross|0 fnt\n|-enditem|p2a: Metagross|Weakness Policy|[from] move: Knock Off|[of] p1a: Zapdos\n|faint|p2a: Metagross\n|\n|upkeep\n|\n|t:|1783569606\n|switch|p2a: Breloom|Breloom, L83, F|100/100\n|turn|6\n|inactive|Time left: 300 sec this turn | 300 sec total\n|\n|t:|1783569607\n|move|p1a: Zapdos|Knock Off|p2a: Breloom\n|-resisted|p2a: Breloom\n|-damage|p2a: Breloom|76/100\n|-enditem|p2a: Breloom|Life Orb|[from] move: Knock Off|[of] p1a: Zapdos\n|move|p2a: Breloom|Swords Dance|p2a: Breloom\n|-boost|p2a: Breloom|atk|2\n|\n|upkeep\n|turn|7\n|inactive|Time left: 300 sec this turn | 300 sec total\n|\n|t:|1783569608\n|switch|p1a: Iron Leaves|Iron Leaves, L80|275/275\n|move|p2a: Breloom|Rock Tomb|p1a: Iron Leaves\n|-damage|p1a: Iron Leaves|109/275\n|-unboost|p1a: Iron Leaves|spe|1\n|\n|upkeep\n|turn|8\n|inactive|Time left: 300 sec this turn | 300 sec total\n|\n|t:|1783569609\n|move|p2a: Breloom|Bullet Seed|p1a: Iron Leaves\n|-resisted|p1a: Iron Leaves\n|-damage|p1a: Iron Leaves|60/275\n|-resisted|p1a: Iron Leaves\n|-damage|p1a: Iron Leaves|9/275\n|-resisted|p1a: Iron Leaves\n|-damage|p1a: Iron Leaves|0 fnt\n|faint|p1a: Iron Leaves\n|-end|p1a: Iron Leaves|Quark Drive|[silent]\n|-hitcount|p1: Iron Leaves|3\n|\n|upkeep\n|inactive|Time left: 300 sec this turn | 300 sec total | 5 sec grace\n|\n|t:|1783569610\n|switch|p1a: Zapdos|Zapdos-Galar, L77|109/265\n|turn|9\n|inactive|Time left: 300 sec this turn | 300 sec total\n|\n|t:|1783569611\n|-terastallize|p2a: Breloom|Fighting\n|move|p2a: Breloom|Mach Punch|p1a: Zapdos\n|-resisted|p1a: Zapdos\n|-damage|p1a: Zapdos|1/265\n|move|p1a: Zapdos|Close Combat|p2a: Breloom\n|-damage|p2a: Breloom|0 fnt\n|-unboost|p1a: Zapdos|def|1\n|-unboost|p1a: Zapdos|spd|1\n|faint|p2a: Breloom\n|\n|upkeep\n|\n|t:|1783569612\n|switch|p2a: Meganium|Meganium, L90, F|100/100\n|turn|10\n|inactive|Time left: 300 sec this turn | 300 sec total\n|\n|t:|1783569613\n|move|p1a: Zapdos|Close Combat|p2a: Meganium\n|-crit|p2a: Meganium\n|-damage|p2a: Meganium|21/100\n|-unboost|p1a: Zapdos|def|1\n|-unboost|p1a: Zapdos|spd|1\n|move|p2a: Meganium|Knock Off|p1a: Zapdos\n|-resisted|p1a: Zapdos\n|-damage|p1a: Zapdos|0 fnt\n|-enditem|p1a: Zapdos|Choice Band|[from] move: Knock Off|[of] p2a: Meganium\n|faint|p1a: Zapdos\n|\n|-heal|p2a: Meganium|27/100|[from] item: Leftovers\n|upkeep\n|inactive|Time left: 300 sec this turn | 300 sec total | 5 sec grace\n|\n|t:|1783569614\n|switch|p1a: Cinderace|Cinderace, L77, M|249/249\n|turn|11\n|inactive|Time left: 300 sec this turn | 300 sec total\n|\n|t:|1783569615\n|move|p1a: Cinderace|Pyro Ball|p2a: Meganium|[miss]\n|-miss|p1a: Cinderace|p2a: Meganium\n|move|p2a: Meganium|Energy Ball|p1a: Cinderace\n|-resisted|p1a: Cinderace\n|-damage|p1a: Cinderace|155/249\n|\n|-heal|p2a: Meganium|33/100|[from] item: Leftovers\n|upkeep\n|turn|12\n|inactive|Time left: 300 sec this turn | 300 sec total\n|\n|t:|1783569616\n|move|p1a: Cinderace|Pyro Ball|p2a: Meganium\n|-supereffective|p2a: Meganium\n|-damage|p2a: Meganium|0 fnt\n|faint|p2a: Meganium\n|\n|upkeep\n|\n|t:|1783569617\n|switch|p2a: Regigigas|Regigigas, L84|100/100\n|-start|p2a: Regigigas|ability: Slow Start\n|turn|13\n|inactive|Time left: 300 sec this turn | 300 sec total\n|\n|t:|1783569618\n|move|p1a: Cinderace|Pyro Ball|p2a: Regigigas\n|-damage|p2a: Regigigas|51/100\n|move|p2a: Regigigas|Knock Off|p1a: Cinderace\n|-damage|p1a: Cinderace|95/249\n|-enditem|p1a: Cinderace|Choice Band|[from] move: Knock Off|[of] p2a: Regigigas\n|\n|-heal|p2a: Regigigas|57/100|[from] item: Leftovers\n|upkeep\n|turn|14\n|inactive|Time left: 300 sec this turn | 300 sec total\n|\n|t:|1783569619\n|move|p2a: Regigigas|Protect|p2a: Regigigas\n|-singleturn|p2a: Regigigas|Protect\n|move|p1a: Cinderace|Pyro Ball|p2a: Regigigas\n|-activate|p2a: Regigigas|move: Protect\n|\n|-heal|p2a: Regigigas|64/100|[from] item: Leftovers\n|upkeep\n|turn|15\n|inactive|Time left: 300 sec this turn | 300 sec total\n|\n|t:|1783569620\n|move|p2a: Regigigas|Protect||[still]\n|-fail|p2a: Regigigas\n|move|p1a: Cinderace|High Jump Kick|p2a: Regigigas\n|-start|p1a: Cinderace|typechange|Fighting|[from] ability: Libero\n|-supereffective|p2a: Regigigas\n|-damage|p2a: Regigigas|0 fnt\n|faint|p2a: Regigigas\n|-end|p2a: Regigigas|Slow Start|[silent]\n|\n|upkeep\n|\n|t:|1783569621\n|switch|p2a: Ursaring|Ursaring, L84, M|100/100\n|turn|16\n|inactive|Time left: 300 sec this turn | 300 sec total\n|\n|t:|1783569622\n|-terastallize|p1a: Cinderace|Fire\n|move|p1a: Cinderace|High Jump Kick|p2a: Ursaring\n|-supereffective|p2a: Ursaring\n|-damage|p2a: Ursaring|5/100\n|move|p2a: Ursaring|Swords Dance|p2a: Ursaring\n|-boost|p2a: Ursaring|atk|2\n|\n|-status|p2a: Ursaring|tox|[from] item: Toxic Orb\n|upkeep\n|turn|17\n|inactive|Time left: 300 sec this turn | 300 sec total\n|\n|t:|1783569623\n|move|p1a: Cinderace|Pyro Ball|p2a: Ursaring\n|-damage|p2a: Ursaring|0 fnt\n|faint|p2a: Ursaring\n|\n|win|p0x2560883d", "uploadtime": 1783569623, "views": 0, "rating": 0, "private": 0, "password": null, "_winner": "p0x2560883d", "_our_name": "p0x2560883d"}