{"id": "battle-gen9randombattle-2405", "formatid": "gen9randombattle", "format": "[Gen 9] Random Battle", "players": ["p0x2405ebea", "p0y2405b550"], "log": "|init|battle\n|title|p0x2405ebea vs. p0y2405b550\n|j|\u2606p0x2405ebea\n|j|\u2606p0y2405b550\n|t:|1783567917\n|gametype|singles\n|player|p1|p0x2405ebea|1|\n|player|p2|p0y2405b550|170|\n|gen|9\n|tier|[Gen 9] Random Battle\n|rule|Species Clause: Limit one of each Pok\u00e9mon\n|rule|HP Percentage Mod: HP is shown in percentages\n|rule|Sleep Clause Mod: Limit one foe put to sleep\n|rule|Illusion Level Mod: Illusion disguises the Pok\u00e9mon's true level\n|\n|t:|1783567917\n|teamsize|p1|6\n|teamsize|p2|6\n|start\n|switch|p1a: Calyrex|Calyrex, L93|100/100\n|switch|p2a: Masquerain|Masquerain, L87, M|264/264\n|-ability|p1a: Calyrex|Unnerve\n|-ability|p2a: Masquerain|Intimidate|boost\n|-unboost|p1a: Calyrex|atk|1\n|turn|1\n|inactive|Battle timer is ON: inactive players will automatically lose when time's up. (requested by p0x2405ebea)\n|inactive|Time left: 300 sec this turn | 300 sec total | 60 sec grace\n|inactive|p0y2405b550 also wants the timer to be on.\n|\n|t:|1783567918\n|switch|p1a: Komala|Komala, L87, F|100/100\n|-ability|p1a: Komala|Comatose\n|move|p2a: Masquerain|Sticky Web|p1a: Komala\n|-sidestart|p1: p0x2405ebea|move: Sticky Web\n|\n|upkeep\n|turn|2\n|inactive|Time left: 300 sec this turn | 300 sec total\n|\n|t:|1783567920\n|move|p2a: Masquerain|Hurricane|p1a: Komala\n|-damage|p1a: Komala|69/100\n|move|p1a: Komala|Rapid Spin|p2a: Masquerain\n|-damage|p2a: Masquerain|186/264\n|-boost|p1a: Komala|spe|1\n|-sideend|p1: p0x2405ebea|Sticky Web|[from] move: Rapid Spin|[of] p1a: Komala\n|\n|upkeep\n|turn|3\n|inactive|Time left: 300 sec this turn | 300 sec total\n|\n|t:|1783567921\n|move|p1a: Komala|Body Slam|p2a: Masquerain\n|-damage|p2a: Masquerain|42/264\n|move|p2a: Masquerain|Sticky Web|p1a: Komala\n|-sidestart|p1: p0x2405ebea|move: Sticky Web\n|\n|upkeep\n|turn|4\n|inactive|Time left: 300 sec this turn | 300 sec total\n|\n|t:|1783567922\n|switch|p2a: Gumshoos|Gumshoos, L95, M|321/321\n|move|p1a: Komala|Rapid Spin|p2a: Gumshoos\n|-damage|p2a: Gumshoos|246/321\n|-boost|p1a: Komala|spe|1\n|-sideend|p1: p0x2405ebea|Sticky Web|[from] move: Rapid Spin|[of] p1a: Komala\n|\n|upkeep\n|turn|5\n|inactive|Time left: 300 sec this turn | 300 sec total\n|\n|t:|1783567923\n|move|p1a: Komala|Knock Off|p2a: Gumshoos\n|-damage|p2a: Gumshoos|147/321\n|-enditem|p2a: Gumshoos|Choice Band|[from] move: Knock Off|[of] p1a: Komala\n|move|p2a: Gumshoos|Knock Off|p1a: Komala\n|-damage|p1a: Komala|24/100\n|-enditem|p1a: Komala|Assault Vest|[from] move: Knock Off|[of] p2a: Gumshoos\n|\n|upkeep\n|turn|6\n|inactive|Time left: 300 sec this turn | 300 sec total\n|\n|t:|1783567924\n|move|p1a: Komala|Body Slam|p2a: Gumshoos\n|-damage|p2a: Gumshoos|26/321\n|move|p2a: Gumshoos|Knock Off|p1a: Komala\n|-damage|p1a: Komala|0 fnt\n|faint|p1a: Komala\n|\n|upkeep\n|\n|t:|1783567925\n|switch|p1a: Inteleon|Inteleon, L81, M|100/100\n|turn|7\n|inactive|Time left: 300 sec this turn | 300 sec total\n|\n|t:|1783567926\n|move|p1a: Inteleon|Scald|p2a: Gumshoos\n|-damage|p2a: Gumshoos|0 fnt\n|faint|p2a: Gumshoos\n|\n|upkeep\n|inactive|Time left: 300 sec this turn | 300 sec total | 5 sec grace\n|\n|t:|1783567927\n|switch|p2a: Hydrapple|Hydrapple, L83, M|312/312\n|turn|8\n|inactive|Time left: 300 sec this turn | 300 sec total\n|\n|t:|1783567928\n|switch|p1a: Calyrex|Calyrex, L93|100/100\n|-ability|p1a: Calyrex|Unnerve\n|move|p2a: Hydrapple|Nasty Plot|p2a: Hydrapple\n|-boost|p2a: Hydrapple|spa|2\n|\n|upkeep\n|turn|9\n|inactive|Time left: 300 sec this turn | 300 sec total\n|\n|t:|1783567929\n|move|p1a: Calyrex|Encore|p2a: Hydrapple\n|-start|p2a: Hydrapple|Encore\n|move|p2a: Hydrapple|Nasty Plot|p2a: Hydrapple\n|-boost|p2a: Hydrapple|spa|2\n|\n|upkeep\n|turn|10\n|inactive|Time left: 300 sec this turn | 300 sec total\n|\n|t:|1783567930\n|switch|p1a: Inteleon|Inteleon, L81, M|100/100\n|move|p2a: Hydrapple|Nasty Plot|p2a: Hydrapple\n|-boost|p2a: Hydrapple|spa|2\n|\n|upkeep\n|turn|11\n|inactive|Time left: 300 sec this turn | 300 sec total\n|\n|t:|1783567931\n|switch|p2a: Toxapex|Toxapex, L82, M|216/216\n|move|p1a: Inteleon|Ice Beam|p2a: Toxapex\n|-resisted|p2a: Toxapex\n|-damage|p2a: Toxapex|176/216\n|\n|-heal|p2a: Toxapex|189/216|[from] item: Leftovers\n|upkeep\n|turn|12\n|inactive|Time left: 300 sec this turn | 300 sec total\n|\n|t:|1783567932\n|move|p1a: Inteleon|Ice Beam|p2a: Toxapex\n|-resisted|p2a: Toxapex\n|-damage|p2a: Toxapex|153/216\n|move|p2a: Toxapex|Toxic Spikes|p1a: Inteleon\n|-sidestart|p1: p0x2405ebea|move: Toxic Spikes\n|\n|-heal|p2a: Toxapex|166/216|[from] item: Leftovers\n|upkeep\n|turn|13\n|inactive|Time left: 300 sec this turn | 300 sec total\n|\n|t:|1783567933\n|move|p1a: Inteleon|Ice Beam|p2a: Toxapex\n|-resisted|p2a: Toxapex\n|-damage|p2a: Toxapex|129/216\n|move|p2a: Toxapex|Toxic Spikes|p1a: Inteleon\n|-sidestart|p1: p0x2405ebea|move: Toxic Spikes\n|\n|-heal|p2a: Toxapex|142/216|[from] item: Leftovers\n|upkeep\n|turn|14\n|inactive|Time left: 300 sec this turn | 300 sec total\n|\n|t:|1783567934\n|move|p1a: Inteleon|Ice Beam|p2a: Toxapex\n|-resisted|p2a: Toxapex\n|-crit|p2a: Toxapex\n|-damage|p2a: Toxapex|84/216\n|move|p2a: Toxapex|Liquidation|p1a: Inteleon\n|-resisted|p1a: Inteleon\n|-damage|p1a: Inteleon|83/100\n|\n|-heal|p2a: Toxapex|97/216|[from] item: Leftovers\n|upkeep\n|turn|15\n|inactive|Time left: 300 sec this turn | 300 sec total\n|\n|t:|1783567935\n|switch|p1a: Clodsire|Clodsire, L81, F|100/100\n|-sideend|p1: p0x2405ebea|move: Toxic Spikes|[of] p1a: Clodsire\n|move|p2a: Toxapex|Recover|p2a: Toxapex\n|-heal|p2a: Toxapex|205/216\n|\n|-heal|p2a: Toxapex|216/216|[from] item: Leftovers\n|upkeep\n|turn|16\n|inactive|Time left: 300 sec this turn | 300 sec total\n|\n|t:|1783567936\n|move|p2a: Toxapex|Toxic Spikes|p1a: Clodsire\n|-sidestart|p1: p0x2405ebea|move: Toxic Spikes\n|move|p1a: Clodsire|Toxic Spikes|p2a: Toxapex\n|-sidestart|p2: p0y2405b550|move: Toxic Spikes\n|\n|upkeep\n|turn|17\n|inactive|Time left: 300 sec this turn | 300 sec total\n|\n|t:|1783567937\n|move|p2a: Toxapex|Toxic Spikes|p1a: Clodsire\n|-sidestart|p1: p0x2405ebea|move: Toxic Spikes\n|move|p1a: Clodsire|Gunk Shot|p2a: Toxapex|[miss]\n|-miss|p1a: Clodsire|p2a: Toxapex\n|\n|upkeep\n|turn|18\n|inactive|Time left: 300 sec this turn | 300 sec total\n|\n|t:|1783567938\n|switch|p2a: Masquerain|Masquerain, L87, M|42/264\n|-ability|p2a: Masquerain|Intimidate|boost\n|-unboost|p1a: Clodsire|atk|1\n|move|p1a: Clodsire|Toxic Spikes|p2a: Masquerain\n|-sidestart|p2: p0y2405b550|move: Toxic Spikes\n|\n|upkeep\n|turn|19\n|inactive|Time left: 300 sec this turn | 300 sec total\n|\n|t:|1783567939\n|switch|p1a: Dugtrio|Dugtrio-Alola, L84, F|100/100\n|move|p2a: Masquerain|Sticky Web|p1a: Dugtrio\n|-sidestart|p1: p0x2405ebea|move: Sticky Web\n|\n|upkeep\n|turn|20\n|inactive|Time left: 300 sec this turn | 300 sec total\n|\n|t:|1783567940\n|switch|p1a: Clodsire|Clodsire, L81, F|100/100\n|-sideend|p1: p0x2405ebea|move: Toxic Spikes|[of] p1a: Clodsire\n|-activate|p1a: Clodsire|move: Sticky Web\n|-unboost|p1a: Clodsire|spe|1\n|switch|p2a: Toxapex|Toxapex, L82, M|216/216\n|-sideend|p2: p0y2405b550|move: Toxic Spikes|[of] p2a: Toxapex\n|\n|upkeep\n|turn|21\n|inactive|Time left: 300 sec this turn | 300 sec total\n|\n|t:|1783567941\n|move|p2a: Toxapex|Toxic Spikes|p1a: Clodsire\n|-sidestart|p1: p0x2405ebea|move: Toxic Spikes\n|move|p1a: Clodsire|Toxic Spikes|p2a: Toxapex\n|-sidestart|p2: p0y2405b550|move: Toxic Spikes\n|\n|upkeep\n|turn|22\n|inactive|Time left: 300 sec this turn | 300 sec total\n|\n|t:|1783567942\n|switch|p2a: Masquerain|Masquerain, L87, M|42/264\n|-ability|p2a: Masquerain|Intimidate|boost\n|-unboost|p1a: Clodsire|atk|1\n|move|p1a: Clodsire|Earthquake|p2a: Masquerain\n|-immune|p2a: Masquerain\n|\n|upkeep\n|turn|23\n|inactive|Time left: 300 sec this turn | 300 sec total\n|\n|t:|1783567943\n|move|p2a: Masquerain|Hurricane|p1a: Clodsire|[miss]\n|-miss|p2a: Masquerain|p1a: Clodsire\n|move|p1a: Clodsire|Gunk Shot|p2a: Masquerain\n|-damage|p2a: Masquerain|0 fnt\n|faint|p2a: Masquerain\n|\n|upkeep\n|inactive|Time left: 300 sec this turn | 300 sec total | 5 sec grace\n|\n|t:|1783567944\n|switch|p2a: Toxapex|Toxapex, L82, M|216/216\n|-sideend|p2: p0y2405b550|move: Toxic Spikes|[of] p2a: Toxapex\n|turn|24\n|inactive|Time left: 300 sec this turn | 300 sec total\n|\n|t:|1783567945\n|switch|p1a: Dugtrio|Dugtrio-Alola, L84, F|100/100\n|-activate|p1a: Dugtrio|move: Sticky Web\n|-unboost|p1a: Dugtrio|spe|1\n|move|p2a: Toxapex|Liquidation|p1a: Dugtrio\n|-supereffective|p1a: Dugtrio\n|-damage|p1a: Dugtrio|20/100\n|-ability|p1a: Dugtrio|Tangling Hair\n|-unboost|p2a: Toxapex|spe|1\n|\n|upkeep\n|turn|25\n|inactive|Time left: 300 sec this turn | 300 sec total\n|\n|t:|1783567946\n|switch|p2a: Hydrapple|Hydrapple, L83, M|312/312\n|move|p1a: Dugtrio|Earthquake|p2a: Hydrapple\n|-resisted|p2a: Hydrapple\n|-damage|p2a: Hydrapple|244/312\n|\n|upkeep\n|turn|26\n|inactive|Time left: 300 sec this turn | 300 sec total\n|\n|t:|1783567947\n|move|p1a: Dugtrio|Earthquake|p2a: Hydrapple\n|-resisted|p2a: Hydrapple\n|-damage|p2a: Hydrapple|178/312\n|move|p2a: Hydrapple|Nasty Plot|p2a: Hydrapple\n|-boost|p2a: Hydrapple|spa|2\n|\n|upkeep\n|turn|27\n|inactive|Time left: 300 sec this turn | 300 sec total\n|\n|t:|1783567948\n|move|p1a: Dugtrio|Earthquake|p2a: Hydrapple\n|-resisted|p2a: Hydrapple\n|-damage|p2a: Hydrapple|111/312\n|move|p2a: Hydrapple|Giga Drain|p1a: Dugtrio\n|-damage|p1a: Dugtrio|0 fnt\n|-heal|p2a: Hydrapple|130/312|[from] drain|[of] p1a: Dugtrio\n|faint|p1a: Dugtrio\n|-damage|p2a: Hydrapple|99/312|[from] item: Life Orb\n|\n|upkeep\n|\n|t:|1783567949\n|switch|p1a: Clodsire|Clodsire, L81, F|100/100\n|-activate|p1a: Clodsire|move: Sticky Web\n|-unboost|p1a: Clodsire|spe|1\n|-sideend|p1: p0x2405ebea|move: Toxic Spikes|[of] p1a: Clodsire\n|turn|28\n|inactive|Time left: 300 sec this turn | 300 sec total\n|\n|t:|1783567950\n|move|p2a: Hydrapple|Giga Drain|p1a: Clodsire\n|-damage|p1a: Clodsire|65/100\n|-heal|p2a: Hydrapple|160/312|[from] drain|[of] p1a: Clodsire\n|-damage|p2a: Hydrapple|129/312|[from] item: Life Orb\n|move|p1a: Clodsire|Gunk Shot|p2a: Hydrapple\n|-supereffective|p2a: Hydrapple\n|-damage|p2a: Hydrapple|0 fnt\n|faint|p2a: Hydrapple\n|\n|-heal|p1a: Clodsire|71/100|[from] item: Leftovers\n|upkeep\n|inactive|Time left: 300 sec this turn | 300 sec total | 5 sec grace\n|\n|t:|1783567952\n|switch|p2a: Volbeat|Volbeat, L90, M|263/263\n|turn|29\n|inactive|Time left: 300 sec this turn | 300 sec total\n|\n|t:|1783567953\n|move|p2a: Volbeat|Lunge|p1a: Clodsire\n|-resisted|p1a: Clodsire\n|-damage|p1a: Clodsire|57/100\n|-unboost|p1a: Clodsire|atk|1\n|move|p1a: Clodsire|Recover|p1a: Clodsire\n|-heal|p1a: Clodsire|100/100\n|\n|upkeep\n|turn|30\n|inactive|Time left: 300 sec this turn | 300 sec total\n|\n|t:|1783567954\n|move|p2a: Volbeat|Lunge|p1a: Clodsire\n|-resisted|p1a: Clodsire\n|-damage|p1a: Clodsire|83/100\n|-unboost|p1a: Clodsire|atk|1\n|move|p1a: Clodsire|Toxic Spikes|p2a: Volbeat\n|-sidestart|p2: p0y2405b550|move: Toxic Spikes\n|\n|-heal|p1a: Clodsire|89/100|[from] item: Leftovers\n|upkeep\n|turn|31\n|inactive|Time left: 300 sec this turn | 300 sec total\n|\n|t:|1783567955\n|switch|p1a: Electrode|Electrode, L92|100/100\n|-activate|p1a: Electrode|move: Sticky Web\n|-unboost|p1a: Electrode|spe|1\n|move|p2a: Volbeat|Lunge|p1a: Electrode\n|-damage|p1a: Electrode|69/100\n|-unboost|p1a: Electrode|atk|1\n|\n|-heal|p1a: Electrode|75/100|[from] item: Leftovers\n|upkeep\n|turn|32\n|inactive|Time left: 300 sec this turn | 300 sec total\n|\n|t:|1783567956\n|move|p1a: Electrode|Thunderbolt|p2a: Volbeat\n|-damage|p2a: Volbeat|170/263\n|move|p2a: Volbeat|Lunge|p1a: Electrode\n|-damage|p1a: Electrode|42/100\n|-unboost|p1a: Electrode|atk|1\n|\n|-heal|p1a: Electrode|49/100|[from] item: Leftovers\n|upkeep\n|turn|33\n|inactive|Time left: 300 sec this turn | 300 sec total\n|\n|t:|1783567958\n|move|p1a: Electrode|Thunderbolt|p2a: Volbeat\n|-crit|p2a: Volbeat\n|-damage|p2a: Volbeat|25/263\n|move|p2a: Volbeat|Lunge|p1a: Electrode\n|-damage|p1a: Electrode|16/100\n|-unboost|p1a: Electrode|atk|1\n|\n|-heal|p1a: Electrode|22/100|[from] item: Leftovers\n|upkeep\n|turn|34\n|inactive|Time left: 300 sec this turn | 300 sec total\n|\n|t:|1783567959\n|move|p2a: Volbeat|Roost|p2a: Volbeat\n|-heal|p2a: Volbeat|157/263\n|-singleturn|p2a: Volbeat|move: Roost\n|move|p1a: Electrode|Thunderbolt|p2a: Volbeat\n|-damage|p2a: Volbeat|67/263\n|\n|-heal|p1a: Electrode|29/100|[from] item: Leftovers\n|upkeep\n|turn|35\n|inactive|Time left: 300 sec this turn | 300 sec total\n|\n|t:|1783567960\n|move|p2a: Volbeat|Roost|p2a: Volbeat\n|-heal|p2a: Volbeat|199/263\n|-singleturn|p2a: Volbeat|move: Roost\n|move|p1a: Electrode|Thunderbolt|p2a: Volbeat\n|-damage|p2a: Volbeat|112/263\n|\n|-heal|p1a: Electrode|35/100|[from] item: Leftovers\n|upkeep\n|turn|36\n|inactive|Time left: 300 sec this turn | 300 sec total\n|\n|t:|1783567961\n|move|p2a: Volbeat|Roost|p2a: Volbeat\n|-heal|p2a: Volbeat|244/263\n|-singleturn|p2a: Volbeat|move: Roost\n|move|p1a: Electrode|Thunderbolt|p2a: Volbeat\n|-damage|p2a: Volbeat|156/263\n|\n|-heal|p1a: Electrode|41/100|[from] item: Leftovers\n|upkeep\n|turn|37\n|inactive|Time left: 300 sec this turn | 300 sec total\n|\n|t:|1783567962\n|switch|p1a: Clodsire|Clodsire, L81, F|89/100\n|-activate|p1a: Clodsire|move: Sticky Web\n|-unboost|p1a: Clodsire|spe|1\n|move|p2a: Volbeat|Lunge|p1a: Clodsire\n|-resisted|p1a: Clodsire\n|-crit|p1a: Clodsire\n|-damage|p1a: Clodsire|64/100\n|-unboost|p1a: Clodsire|atk|1\n|\n|-heal|p1a: Clodsire|70/100|[from] item: Leftovers\n|upkeep\n|turn|38\n|inactive|Time left: 300 sec this turn | 300 sec total\n|\n|t:|1783567964\n|move|p2a: Volbeat|Lunge|p1a: Clodsire\n|-resisted|p1a: Clodsire\n|-damage|p1a: Clodsire|54/100\n|-unboost|p1a: Clodsire|atk|1\n|move|p1a: Clodsire|Recover|p1a: Clodsire\n|-heal|p1a: Clodsire|100/100\n|\n|upkeep\n|turn|39\n|inactive|Time left: 300 sec this turn | 300 sec total\n|\n|t:|1783567965\n|switch|p1a: Electrode|Electrode, L92|41/100\n|-activate|p1a: Electrode|move: Sticky Web\n|-unboost|p1a: Electrode|spe|1\n|move|p2a: Volbeat|Roost|p2a: Volbeat\n|-heal|p2a: Volbeat|263/263\n|-singleturn|p2a: Volbeat|move: Roost\n|\n|-heal|p1a: Electrode|47/100|[from] item: Leftovers\n|upkeep\n|turn|40\n|inactive|Time left: 300 sec this turn | 300 sec total\n|\n|t:|1783567966\n|move|p1a: Electrode|Thunderbolt|p2a: Volbeat\n|-damage|p2a: Volbeat|169/263\n|move|p2a: Volbeat|Lunge|p1a: Electrode\n|-damage|p1a: Electrode|15/100\n|-unboost|p1a: Electrode|atk|1\n|\n|-heal|p1a: Electrode|21/100|[from] item: Leftovers\n|upkeep\n|turn|41\n|inactive|Time left: 300 sec this turn | 300 sec total\n|\n|t:|1783567967\n|move|p1a: Electrode|Thunderbolt|p2a: Volbeat\n|-damage|p2a: Volbeat|66/263\n|move|p2a: Volbeat|Lunge|p1a: Electrode\n|-damage|p1a: Electrode|0 fnt\n|-damage|p2a: Volbeat|1/263|[from] ability: Aftermath|[of] p1a: Electrode\n|faint|p1a: Electrode\n|\n|upkeep\n|\n|t:|1783567968\n|switch|p1a: Inteleon|Inteleon, L81, M|83/100\n|-activate|p1a: Inteleon|move: Sticky Web\n|-unboost|p1a: Inteleon|spe|1\n|turn|42\n|inactive|Time left: 300 sec this turn | 300 sec total\n|\n|t:|1783567969\n|move|p2a: Volbeat|Lunge|p1a: Inteleon\n|-damage|p1a: Inteleon|41/100\n|-unboost|p1a: Inteleon|atk|1\n|move|p1a: Inteleon|Scald|p2a: Volbeat\n|-damage|p2a: Volbeat|0 fnt\n|faint|p2a: Volbeat\n|\n|upkeep\n|inactive|Time left: 300 sec this turn | 300 sec total | 5 sec grace\n|\n|t:|1783567970\n|switch|p2a: Cyclizar|Cyclizar, L84, F|255/255\n|turn|43\n|inactive|Time left: 300 sec this turn | 300 sec total\n|\n|t:|1783567970\n|move|p2a: Cyclizar|Draco Meteor|p1a: Inteleon\n|-damage|p1a: Inteleon|0 fnt\n|-unboost|p2a: Cyclizar|spa|2\n|faint|p1a: Inteleon\n|\n|upkeep\n|\n|t:|1783567971\n|switch|p1a: Calyrex|Calyrex, L93|100/100\n|-ability|p1a: Calyrex|Unnerve\n|-activate|p1a: Calyrex|move: Sticky Web\n|-unboost|p1a: Calyrex|spe|1\n|turn|44\n|inactive|Time left: 300 sec this turn | 300 sec total\n|\n|t:|1783567971\n|move|p2a: Cyclizar|Shed Tail|p2a: Cyclizar\n|-start|p2a: Cyclizar|Substitute|[from] move: Shed Tail\n|-damage|p2a: Cyclizar|127/255\n|inactive|Time left: 300 sec this turn | 300 sec total | 5 sec grace\n|\n|t:|1783567972\n|switch|p2a: Toxapex|Toxapex, L82, M|216/216|[from] Shed Tail\n|-sideend|p2: p0y2405b550|move: Toxic Spikes|[of] p2a: Toxapex\n|move|p1a: Calyrex|Calm Mind|p1a: Calyrex\n|-boost|p1a: Calyrex|spa|1\n|-boost|p1a: Calyrex|spd|1\n|\n|upkeep\n|turn|45\n|inactive|Time left: 300 sec this turn | 300 sec total\n|\n|t:|1783567973\n|move|p1a: Calyrex|Psyshock|p2a: Toxapex\n|-supereffective|p2a: Toxapex\n|-end|p2a: Toxapex|Substitute\n|move|p2a: Toxapex|Haze|p2a: Toxapex\n|-clearallboost\n|\n|upkeep\n|turn|46\n|inactive|Time left: 300 sec this turn | 300 sec total\n|\n|t:|1783567973\n|move|p1a: Calyrex|Calm Mind|p1a: Calyrex\n|-boost|p1a: Calyrex|spa|1\n|-boost|p1a: Calyrex|spd|1\n|move|p2a: Toxapex|Recover||[still]\n|-fail|p2a: Toxapex|heal\n|\n|upkeep\n|turn|47\n|inactive|Time left: 300 sec this turn | 300 sec total\n|\n|t:|1783567974\n|-terastallize|p2a: Toxapex|Steel\n|move|p1a: Calyrex|Psyshock|p2a: Toxapex\n|-resisted|p2a: Toxapex\n|-damage|p2a: Toxapex|173/216\n|move|p2a: Toxapex|Haze|p2a: Toxapex\n|-clearallboost\n|\n|-heal|p2a: Toxapex|186/216|[from] item: Leftovers\n|upkeep\n|turn|48\n|inactive|Time left: 300 sec this turn | 300 sec total\n|\n|t:|1783567975\n|move|p1a: Calyrex|Calm Mind|p1a: Calyrex\n|-boost|p1a: Calyrex|spa|1\n|-boost|p1a: Calyrex|spd|1\n|move|p2a: Toxapex|Toxic Spikes|p1a: Calyrex\n|-sidestart|p1: p0x2405ebea|move: Toxic Spikes\n|\n|-heal|p2a: Toxapex|199/216|[from] item: Leftovers\n|upkeep\n|turn|49\n|inactive|Time left: 300 sec this turn | 300 sec total\n|\n|t:|1783567975\n|move|p1a: Calyrex|Encore|p2a: Toxapex\n|-start|p2a: Toxapex|Encore\n|move|p2a: Toxapex|Toxic Spikes|p1a: Calyrex\n|-sidestart|p1: p0x2405ebea|move: Toxic Spikes\n|\n|-heal|p2a: Toxapex|212/216|[from] item: Leftovers\n|upkeep\n|turn|50\n|inactive|Time left: 300 sec this turn | 300 sec total\n|\n|t:|1783567976\n|switch|p2a: Cyclizar|Cyclizar, L84, F|212/255\n|move|p1a: Calyrex|Psyshock|p2a: Cyclizar\n|-damage|p2a: Cyclizar|44/255\n|\n|upkeep\n|turn|51\n|inactive|Time left: 300 sec this turn | 300 sec total\n|\n|t:|1783567977\n|switch|p2a: Toxapex|Toxapex, L82, M, tera:Steel|216/216\n|move|p1a: Calyrex|Giga Drain|p2a: Toxapex\n|-resisted|p2a: Toxapex\n|-damage|p2a: Toxapex|174/216\n|\n|-heal|p2a: Toxapex|187/216|[from] item: Leftovers\n|upkeep\n|turn|52\n|inactive|Time left: 300 sec this turn | 300 sec total\n|\n|t:|1783567978\n|move|p1a: Calyrex|Psyshock|p2a: Toxapex\n|-resisted|p2a: Toxapex\n|-damage|p2a: Toxapex|143/216\n|move|p2a: Toxapex|Haze|p2a: Toxapex\n|-clearallboost\n|\n|-heal|p2a: Toxapex|156/216|[from] item: Leftovers\n|upkeep\n|turn|53\n|inactive|Time left: 300 sec this turn | 300 sec total\n|\n|t:|1783567979\n|move|p1a: Calyrex|Calm Mind|p1a: Calyrex\n|-boost|p1a: Calyrex|spa|1\n|-boost|p1a: Calyrex|spd|1\n|move|p2a: Toxapex|Haze|p2a: Toxapex\n|-clearallboost\n|\n|-heal|p2a: Toxapex|169/216|[from] item: Leftovers\n|upkeep\n|turn|54\n|inactive|Time left: 300 sec this turn | 300 sec total\n|\n|t:|1783567981\n|move|p1a: Calyrex|Calm Mind|p1a: Calyrex\n|-boost|p1a: Calyrex|spa|1\n|-boost|p1a: Calyrex|spd|1\n|move|p2a: Toxapex|Toxic Spikes||[still]\n|-fail|p2a: Toxapex\n|\n|-heal|p2a: Toxapex|182/216|[from] item: Leftovers\n|upkeep\n|turn|55\n|inactive|Time left: 300 sec this turn | 300 sec total\n|\n|t:|1783567982\n|move|p1a: Calyrex|Encore|p2a: Toxapex\n|-start|p2a: Toxapex|Encore\n|move|p2a: Toxapex|Toxic Spikes||[still]\n|-fail|p2a: Toxapex\n|\n|-heal|p2a: Toxapex|195/216|[from] item: Leftovers\n|upkeep\n|turn|56\n|inactive|Time left: 300 sec this turn | 300 sec total\n|\n|t:|1783567983\n|move|p1a: Calyrex|Psyshock|p2a: Toxapex\n|-resisted|p2a: Toxapex\n|-damage|p2a: Toxapex|151/216\n|move|p2a: Toxapex|Toxic Spikes||[still]\n|-fail|p2a: Toxapex\n|\n|-heal|p2a: Toxapex|164/216|[from] item: Leftovers\n|upkeep\n|turn|57\n|inactive|Time left: 300 sec this turn | 300 sec total\n|\n|t:|1783567984\n|switch|p2a: Cyclizar|Cyclizar, L84, F|129/255\n|move|p1a: Calyrex|Psyshock|p2a: Cyclizar\n|-damage|p2a: Cyclizar|0 fnt\n|faint|p2a: Cyclizar\n|\n|upkeep\n|inactive|Time left: 300 sec this turn | 300 sec total | 5 sec grace\n|\n|t:|1783567985\n|switch|p2a: Toxapex|Toxapex, L82, M, tera:Steel|216/216\n|turn|58\n|inactive|Time left: 300 sec this turn | 300 sec total\n|\n|t:|1783567986\n|switch|p1a: Clodsire|Clodsire, L81, F|100/100\n|-activate|p1a: Clodsire|move: Sticky Web\n|-unboost|p1a: Clodsire|spe|1\n|-sideend|p1: p0x2405ebea|move: Toxic Spikes|[of] p1a: Clodsire\n|move|p2a: Toxapex|Haze|p2a: Toxapex\n|-clearallboost\n|\n|upkeep\n|turn|59\n|inactive|Time left: 300 sec this turn | 300 sec total\n|\n|t:|1783567987\n|move|p2a: Toxapex|Toxic Spikes|p1a: Clodsire\n|-sidestart|p1: p0x2405ebea|move: Toxic Spikes\n|move|p1a: Clodsire|Earthquake|p2a: Toxapex\n|-supereffective|p2a: Toxapex\n|-damage|p2a: Toxapex|102/216\n|\n|-heal|p2a: Toxapex|115/216|[from] item: Leftovers\n|upkeep\n|turn|60\n|inactive|Time left: 300 sec this turn | 300 sec total\n|\n|t:|1783567988\n|move|p2a: Toxapex|Recover|p2a: Toxapex\n|-heal|p2a: Toxapex|216/216\n|move|p1a: Clodsire|Earthquake|p2a: Toxapex\n|-supereffective|p2a: Toxapex\n|-damage|p2a: Toxapex|102/216\n|\n|-heal|p2a: Toxapex|115/216|[from] item: Leftovers\n|upkeep\n|turn|61\n|inactive|Time left: 300 sec this turn | 300 sec total\n|\n|t:|1783567989\n|move|p2a: Toxapex|Recover|p2a: Toxapex\n|-heal|p2a: Toxapex|216/216\n|move|p1a: Clodsire|Earthquake|p2a: Toxapex\n|-supereffective|p2a: Toxapex\n|-damage|p2a: Toxapex|108/216\n|\n|-heal|p2a: Toxapex|121/216|[from] item: Leftovers\n|upkeep\n|turn|62\n|inactive|Time left: 300 sec this turn | 300 sec total\n|\n|t:|1783567990\n|-terastallize|p1a: Clodsire|Steel\n|move|p2a: Toxapex|Recover|p2a: Toxapex\n|-heal|p2a: Toxapex|216/216\n|move|p1a: Clodsire|Earthquake|p2a: Toxapex\n|-supereffective|p2a: Toxapex\n|-damage|p2a: Toxapex|102/216\n|\n|-heal|p2a: Toxapex|115/216|[from] item: Leftovers\n|upkeep\n|turn|63\n|inactive|Time left: 300 sec this turn | 300 sec total\n|\n|t:|1783567992\n|move|p2a: Toxapex|Recover|p2a: Toxapex\n|-heal|p2a: Toxapex|216/216\n|move|p1a: Clodsire|Earthquake|p2a: Toxapex\n|-supereffective|p2a: Toxapex\n|-damage|p2a: Toxapex|96/216\n|\n|-heal|p2a: Toxapex|109/216|[from] item: Leftovers\n|upkeep\n|turn|64\n|inactive|Time left: 300 sec this turn | 300 sec total\n|\n|t:|1783567993\n|move|p2a: Toxapex|Recover|p2a: Toxapex\n|-heal|p2a: Toxapex|216/216\n|move|p1a: Clodsire|Earthquake|p2a: Toxapex\n|-supereffective|p2a: Toxapex\n|-damage|p2a: Toxapex|102/216\n|\n|-heal|p2a: Toxapex|115/216|[from] item: Leftovers\n|upkeep\n|turn|65\n|inactive|Time left: 300 sec this turn | 300 sec total\n|\n|t:|1783567994\n|move|p2a: Toxapex|Recover|p2a: Toxapex\n|-heal|p2a: Toxapex|216/216\n|move|p1a: Clodsire|Earthquake|p2a: Toxapex\n|-supereffective|p2a: Toxapex\n|-damage|p2a: Toxapex|102/216\n|\n|-heal|p2a: Toxapex|115/216|[from] item: Leftovers\n|upkeep\n|turn|66\n|inactive|Time left: 300 sec this turn | 300 sec total\n|\n|t:|1783567995\n|move|p2a: Toxapex|Liquidation|p1a: Clodsire\n|-damage|p1a: Clodsire|76/100\n|move|p1a: Clodsire|Earthquake|p2a: Toxapex\n|-supereffective|p2a: Toxapex\n|-damage|p2a: Toxapex|11/216\n|\n|-heal|p2a: Toxapex|24/216|[from] item: Leftovers\n|-heal|p1a: Clodsire|82/100|[from] item: Leftovers\n|upkeep\n|turn|67\n|inactive|Time left: 300 sec this turn | 300 sec total\n|\n|t:|1783567996\n|move|p2a: Toxapex|Toxic Spikes|p1a: Clodsire\n|-sidestart|p1: p0x2405ebea|move: Toxic Spikes\n|move|p1a: Clodsire|Earthquake|p2a: Toxapex\n|-supereffective|p2a: Toxapex\n|-damage|p2a: Toxapex|0 fnt\n|faint|p2a: Toxapex\n|\n|win|p0x2405ebea", "uploadtime": 1783567996, "views": 0, "rating": 0, "private": 0, "password": null, "_winner": "p0x2405ebea", "_our_name": "p0y2405b550"}