{"id": "battle-gen9randombattle-770", "formatid": "gen9randombattle", "format": "[Gen 9] Random Battle", "players": ["p0x7704210", "p0y770efea"], "log": "|init|battle\n|title|p0x7704210 vs. p0y770efea\n|j|\u2606p0x7704210\n|j|\u2606p0y770efea\n|t:|1783548060\n|gametype|singles\n|player|p1|p0x7704210|102|\n|player|p2|p0y770efea|101|\n|gen|9\n|tier|[Gen 9] Random Battle\n|rule|Species Clause: Limit one of each Pok\u00e9mon\n|rule|HP Percentage Mod: HP is shown in percentages\n|rule|Sleep Clause Mod: Limit one foe put to sleep\n|rule|Illusion Level Mod: Illusion disguises the Pok\u00e9mon's true level\n|\n|t:|1783548060\n|teamsize|p1|6\n|teamsize|p2|6\n|start\n|switch|p1a: Zekrom|Zekrom, L71|259/259\n|switch|p2a: Falinks|Falinks, L84|100/100\n|-ability|p1a: Zekrom|Teravolt\n|turn|1\n|inactive|Battle timer is ON: inactive players will automatically lose when time's up. (requested by p0x7704210)\n|inactive|p0y770efea also wants the timer to be on.\n|\n|t:|1783548061\n|move|p2a: Falinks|No Retreat|p2a: Falinks\n|-boost|p2a: Falinks|atk|1\n|-boost|p2a: Falinks|def|1\n|-boost|p2a: Falinks|spa|1\n|-boost|p2a: Falinks|spd|1\n|-boost|p2a: Falinks|spe|1\n|-start|p2a: Falinks|move: No Retreat\n|move|p1a: Zekrom|Outrage|p2a: Falinks\n|-damage|p2a: Falinks|67/100\n|\n|upkeep\n|turn|2\n|inactive|Time left: 300 sec this turn | 300 sec total\n|\n|t:|1783548062\n|-terastallize|p2a: Falinks|Steel\n|move|p2a: Falinks|Iron Head|p1a: Zekrom\n|-resisted|p1a: Zekrom\n|-damage|p1a: Zekrom|177/259\n|-damage|p2a: Falinks|57/100|[from] item: Life Orb\n|move|p1a: Zekrom|Outrage|p2a: Falinks|[from] lockedmove\n|-resisted|p2a: Falinks\n|-damage|p2a: Falinks|41/100\n|-start|p1a: Zekrom|confusion|[fatigue]\n|\n|-heal|p1a: Zekrom|193/259|[from] item: Leftovers\n|upkeep\n|turn|3\n|inactive|Time left: 300 sec this turn | 300 sec total\n|\n|t:|1783548063\n|move|p2a: Falinks|Close Combat|p1a: Zekrom\n|-damage|p1a: Zekrom|0 fnt\n|-unboost|p2a: Falinks|def|1\n|-unboost|p2a: Falinks|spd|1\n|faint|p1a: Zekrom\n|-damage|p2a: Falinks|31/100|[from] item: Life Orb\n|\n|upkeep\n|inactive|Time left: 300 sec this turn | 300 sec total | 5 sec grace\n|\n|t:|1783548064\n|switch|p1a: Zamazenta|Zamazenta, L71|248/248\n|-ability|p1a: Zamazenta|Dauntless Shield|boost\n|-boost|p1a: Zamazenta|def|1\n|turn|4\n|inactive|Time left: 300 sec this turn | 300 sec total\n|\n|t:|1783548065\n|move|p2a: Falinks|Iron Head|p1a: Zamazenta\n|-damage|p1a: Zamazenta|149/248\n|-damage|p2a: Falinks|21/100|[from] item: Life Orb\n|move|p1a: Zamazenta|Close Combat|p2a: Falinks\n|-supereffective|p2a: Falinks\n|-damage|p2a: Falinks|0 fnt\n|-unboost|p1a: Zamazenta|def|1\n|-unboost|p1a: Zamazenta|spd|1\n|faint|p2a: Falinks\n|\n|upkeep\n|\n|t:|1783548066\n|switch|p2a: Rabsca|Rabsca, L91, M|100/100\n|turn|5\n|inactive|Time left: 300 sec this turn | 300 sec total\n|\n|t:|1783548067\n|switch|p1a: Gogoat|Gogoat, L88, M|360/360\n|move|p2a: Rabsca|Bug Buzz|p1a: Gogoat\n|-supereffective|p1a: Gogoat\n|-damage|p1a: Gogoat|102/360\n|\n|-heal|p1a: Gogoat|124/360|[from] item: Leftovers\n|upkeep\n|turn|6\n|inactive|Time left: 300 sec this turn | 300 sec total\n|\n|t:|1783548068\n|move|p1a: Gogoat|Milk Drink|p1a: Gogoat\n|-heal|p1a: Gogoat|304/360\n|move|p2a: Rabsca|Bug Buzz|p1a: Gogoat\n|-supereffective|p1a: Gogoat\n|-damage|p1a: Gogoat|50/360\n|\n|-heal|p1a: Gogoat|72/360|[from] item: Leftovers\n|upkeep\n|turn|7\n|inactive|Time left: 300 sec this turn | 300 sec total\n|\n|t:|1783548069\n|move|p1a: Gogoat|Milk Drink|p1a: Gogoat\n|-heal|p1a: Gogoat|252/360\n|move|p2a: Rabsca|Bug Buzz|p1a: Gogoat\n|-supereffective|p1a: Gogoat\n|-damage|p1a: Gogoat|4/360\n|\n|-heal|p1a: Gogoat|26/360|[from] item: Leftovers\n|upkeep\n|turn|8\n|inactive|Time left: 300 sec this turn | 300 sec total\n|\n|t:|1783548070\n|move|p1a: Gogoat|Milk Drink|p1a: Gogoat\n|-heal|p1a: Gogoat|206/360\n|move|p2a: Rabsca|Bug Buzz|p1a: Gogoat\n|-supereffective|p1a: Gogoat\n|-damage|p1a: Gogoat|0 fnt\n|faint|p1a: Gogoat\n|\n|upkeep\n|inactive|Time left: 300 sec this turn | 300 sec total | 5 sec grace\n|\n|t:|1783548071\n|switch|p1a: Crabominable|Crabominable, L90, F|321/321\n|turn|9\n|inactive|Time left: 300 sec this turn | 300 sec total\n|\n|t:|1783548072\n|move|p2a: Rabsca|Psychic|p1a: Crabominable\n|-supereffective|p1a: Crabominable\n|-damage|p1a: Crabominable|39/321\n|move|p1a: Crabominable|Knock Off|p2a: Rabsca\n|-supereffective|p2a: Rabsca\n|-damage|p2a: Rabsca|0 fnt\n|-enditem|p2a: Rabsca|Heavy-Duty Boots|[from] move: Knock Off|[of] p1a: Crabominable\n|faint|p2a: Rabsca\n|\n|upkeep\n|\n|t:|1783548073\n|switch|p2a: Quaquaval|Quaquaval, L79, F|100/100\n|turn|10\n|inactive|Time left: 300 sec this turn | 300 sec total\n|\n|t:|1783548074\n|switch|p1a: Zamazenta|Zamazenta, L71|149/248\n|move|p2a: Quaquaval|Aqua Step|p1a: Zamazenta\n|-crit|p1a: Zamazenta\n|-damage|p1a: Zamazenta|0 fnt\n|-boost|p2a: Quaquaval|spe|1\n|faint|p1a: Zamazenta\n|-ability|p2a: Quaquaval|Moxie|boost\n|-boost|p2a: Quaquaval|atk|1\n|-damage|p2a: Quaquaval|91/100|[from] item: Life Orb\n|\n|upkeep\n|inactive|Time left: 300 sec this turn | 300 sec total | 5 sec grace\n|\n|t:|1783548075\n|switch|p1a: Camerupt|Camerupt, L91, F|275/275\n|turn|11\n|inactive|Time left: 300 sec this turn | 300 sec total\n|\n|t:|1783548076\n|move|p2a: Quaquaval|Close Combat|p1a: Camerupt\n|-damage|p1a: Camerupt|10/275\n|-unboost|p2a: Quaquaval|def|1\n|-unboost|p2a: Quaquaval|spd|1\n|-damage|p2a: Quaquaval|81/100|[from] item: Life Orb\n|move|p1a: Camerupt|Earthquake|p2a: Quaquaval\n|-damage|p2a: Quaquaval|0 fnt\n|faint|p2a: Quaquaval\n|\n|-heal|p1a: Camerupt|27/275|[from] item: Leftovers\n|upkeep\n|\n|t:|1783548078\n|switch|p2a: Samurott|Samurott, L88, M|100/100\n|turn|12\n|inactive|Time left: 300 sec this turn | 300 sec total\n|\n|t:|1783548079\n|switch|p1a: Tauros|Tauros, L82, M|257/257\n|move|p2a: Samurott|Knock Off|p1a: Tauros\n|-damage|p1a: Tauros|182/257\n|-enditem|p1a: Tauros|Life Orb|[from] move: Knock Off|[of] p2a: Samurott\n|\n|upkeep\n|turn|13\n|inactive|Time left: 300 sec this turn | 300 sec total\n|\n|t:|1783548080\n|move|p1a: Tauros|Body Slam|p2a: Samurott\n|-damage|p2a: Samurott|62/100\n|move|p2a: Samurott|Sacred Sword|p1a: Tauros\n|-supereffective|p1a: Tauros\n|-damage|p1a: Tauros|44/257\n|\n|upkeep\n|turn|14\n|inactive|Time left: 300 sec this turn | 300 sec total\n|\n|t:|1783548081\n|move|p1a: Tauros|Zen Headbutt|p2a: Samurott\n|-damage|p2a: Samurott|39/100\n|move|p2a: Samurott|Sacred Sword|p1a: Tauros\n|-supereffective|p1a: Tauros\n|-damage|p1a: Tauros|0 fnt\n|faint|p1a: Tauros\n|\n|upkeep\n|inactive|Time left: 300 sec this turn | 300 sec total | 5 sec grace\n|\n|t:|1783548083\n|switch|p1a: Crabominable|Crabominable, L90, F|39/321\n|turn|15\n|inactive|Time left: 300 sec this turn | 300 sec total\n|\n|t:|1783548084\n|move|p2a: Samurott|Sacred Sword|p1a: Crabominable\n|-supereffective|p1a: Crabominable\n|-damage|p1a: Crabominable|0 fnt\n|faint|p1a: Crabominable\n|\n|upkeep\n|inactive|Time left: 300 sec this turn | 300 sec total | 5 sec grace\n|\n|t:|1783548085\n|switch|p1a: Camerupt|Camerupt, L91, F|27/275\n|turn|16\n|inactive|Time left: 300 sec this turn | 300 sec total\n|\n|t:|1783548086\n|-terastallize|p1a: Camerupt|Grass\n|move|p2a: Samurott|Sacred Sword|p1a: Camerupt\n|-damage|p1a: Camerupt|0 fnt\n|faint|p1a: Camerupt\n|\n|win|p0y770efea", "uploadtime": 1783548086, "views": 0, "rating": 0, "private": 0, "password": null, "_winner": "p0y770efea", "_our_name": "p0x7704210"}