{"id": "battle-gen9randombattle-2516", "formatid": "gen9randombattle", "format": "[Gen 9] Random Battle", "players": ["p0x2516ebd6", "p0y2516cae7"], "log": "|init|battle\n|title|p0x2516ebd6 vs. p0y2516cae7\n|j|\u2606p0x2516ebd6\n|j|\u2606p0y2516cae7\n|t:|1783568177\n|gametype|singles\n|player|p1|p0x2516ebd6|170|\n|player|p2|p0y2516cae7|102|\n|gen|9\n|tier|[Gen 9] Random Battle\n|rule|Species Clause: Limit one of each Pok\u00e9mon\n|rule|HP Percentage Mod: HP is shown in percentages\n|rule|Sleep Clause Mod: Limit one foe put to sleep\n|rule|Illusion Level Mod: Illusion disguises the Pok\u00e9mon's true level\n|\n|t:|1783568177\n|teamsize|p1|6\n|teamsize|p2|6\n|start\n|switch|p1a: Eternatus|Eternatus, L69|100/100\n|switch|p2a: Drifblim|Drifblim, L86, M|398/398\n|-ability|p1a: Eternatus|Pressure\n|turn|1\n|inactive|Battle timer is ON: inactive players will automatically lose when time's up. (requested by p0x2516ebd6)\n|inactive|Time left: 300 sec this turn | 300 sec total | 60 sec grace\n|\n|t:|1783568179\n|move|p1a: Eternatus|Fire Blast|p2a: Drifblim\n|-damage|p2a: Drifblim|294/398\n|-status|p2a: Drifblim|brn\n|move|p2a: Drifblim|Air Slash|p1a: Eternatus\n|-damage|p1a: Eternatus|68/100\n|\n|-heal|p1a: Eternatus|75/100|[from] item: Leftovers\n|-damage|p2a: Drifblim|270/398 brn|[from] brn\n|upkeep\n|turn|2\n|inactive|Time left: 300 sec this turn | 300 sec total\n|inactive|p0y2516cae7 also wants the timer to be on.\n|\n|t:|1783568180\n|move|p1a: Eternatus|Dynamax Cannon|p2a: Drifblim\n|-damage|p2a: Drifblim|125/398 brn\n|move|p2a: Drifblim|Strength Sap|p1a: Eternatus\n|-unboost|p1a: Eternatus|atk|1\n|-heal|p2a: Drifblim|247/398 brn\n|\n|-heal|p1a: Eternatus|81/100|[from] item: Leftovers\n|-damage|p2a: Drifblim|223/398 brn|[from] brn\n|upkeep\n|turn|3\n|inactive|Time left: 300 sec this turn | 300 sec total\n|\n|t:|1783568181\n|move|p1a: Eternatus|Dynamax Cannon|p2a: Drifblim\n|-crit|p2a: Drifblim\n|-damage|p2a: Drifblim|19/398 brn\n|move|p2a: Drifblim|Strength Sap|p1a: Eternatus\n|-unboost|p1a: Eternatus|atk|1\n|-heal|p2a: Drifblim|100/398 brn\n|\n|-heal|p1a: Eternatus|87/100|[from] item: Leftovers\n|-damage|p2a: Drifblim|76/398 brn|[from] brn\n|upkeep\n|turn|4\n|inactive|Time left: 300 sec this turn | 300 sec total\n|\n|t:|1783568182\n|move|p1a: Eternatus|Dynamax Cannon|p2a: Drifblim\n|-damage|p2a: Drifblim|0 fnt\n|faint|p2a: Drifblim\n|\n|-heal|p1a: Eternatus|93/100|[from] item: Leftovers\n|upkeep\n|inactive|Time left: 300 sec this turn | 300 sec total | 5 sec grace\n|\n|t:|1783568183\n|switch|p2a: Revavroom|Revavroom, L79, F|256/256\n|turn|5\n|inactive|Time left: 300 sec this turn | 300 sec total\n|\n|t:|1783568184\n|move|p1a: Eternatus|Fire Blast|p2a: Revavroom\n|-supereffective|p2a: Revavroom\n|-damage|p2a: Revavroom|105/256\n|move|p2a: Revavroom|Shift Gear|p2a: Revavroom\n|-boost|p2a: Revavroom|spe|2\n|-boost|p2a: Revavroom|atk|1\n|\n|-heal|p1a: Eternatus|99/100|[from] item: Leftovers\n|upkeep\n|turn|6\n|inactive|Time left: 300 sec this turn | 300 sec total\n|\n|t:|1783568184\n|move|p2a: Revavroom|High Horsepower|p1a: Eternatus\n|-supereffective|p1a: Eternatus\n|-damage|p1a: Eternatus|3/100\n|-damage|p2a: Revavroom|80/256|[from] item: Life Orb\n|move|p1a: Eternatus|Fire Blast|p2a: Revavroom\n|-supereffective|p2a: Revavroom\n|-damage|p2a: Revavroom|0 fnt\n|faint|p2a: Revavroom\n|\n|-heal|p1a: Eternatus|9/100|[from] item: Leftovers\n|upkeep\n|inactive|Time left: 300 sec this turn | 300 sec total | 5 sec grace\n|\n|t:|1783568185\n|switch|p2a: Regieleki|Regieleki, L79|256/256\n|turn|7\n|inactive|Time left: 300 sec this turn | 300 sec total\n|\n|t:|1783568186\n|switch|p1a: Ursaluna|Ursaluna-Bloodmoon, L79, M|100/100\n|move|p2a: Regieleki|Volt Switch|p1a: Ursaluna\n|-immune|p1a: Ursaluna\n|\n|upkeep\n|turn|8\n|inactive|Time left: 300 sec this turn | 300 sec total\n|\n|t:|1783568187\n|switch|p2a: Koraidon|Koraidon, L64|235/235\n|-weather|SunnyDay|[from] ability: Orichalcum Pulse|[of] p2a: Koraidon\n|-activate|p2a: Koraidon|Orichalcum Pulse|[source]\n|move|p1a: Ursaluna|Blood Moon|p2a: Koraidon\n|-damage|p2a: Koraidon|45/235\n|\n|-weather|SunnyDay|[upkeep]\n|upkeep\n|turn|9\n|inactive|Time left: 300 sec this turn | 300 sec total\n|\n|t:|1783568188\n|move|p2a: Koraidon|Close Combat|p1a: Ursaluna\n|-supereffective|p1a: Ursaluna\n|-damage|p1a: Ursaluna|1/100\n|-unboost|p2a: Koraidon|def|1\n|-unboost|p2a: Koraidon|spd|1\n|move|p1a: Ursaluna|Calm Mind|p1a: Ursaluna\n|-boost|p1a: Ursaluna|spa|1\n|-boost|p1a: Ursaluna|spd|1\n|\n|-weather|SunnyDay|[upkeep]\n|-heal|p1a: Ursaluna|7/100|[from] item: Leftovers\n|upkeep\n|turn|10\n|inactive|Time left: 300 sec this turn | 300 sec total\n|\n|t:|1783568189\n|move|p1a: Ursaluna|Vacuum Wave|p2a: Koraidon\n|-damage|p2a: Koraidon|0 fnt\n|faint|p2a: Koraidon\n|\n|-weather|SunnyDay|[upkeep]\n|-heal|p1a: Ursaluna|13/100|[from] item: Leftovers\n|upkeep\n|inactive|Time left: 300 sec this turn | 300 sec total | 5 sec grace\n|\n|t:|1783568190\n|switch|p2a: Granbull|Granbull, L88, F|302/302\n|-ability|p2a: Granbull|Intimidate|boost\n|-unboost|p1a: Ursaluna|atk|1\n|turn|11\n|inactive|Time left: 300 sec this turn | 300 sec total\n|\n|t:|1783568191\n|switch|p1a: Chesnaught|Chesnaught, L84, M|100/100\n|move|p2a: Granbull|Earthquake|p1a: Chesnaught\n|-resisted|p1a: Chesnaught\n|-damage|p1a: Chesnaught|88/100\n|\n|-weather|SunnyDay|[upkeep]\n|-heal|p1a: Chesnaught|94/100|[from] item: Leftovers\n|upkeep\n|turn|12\n|inactive|Time left: 300 sec this turn | 300 sec total\n|\n|t:|1783568192\n|move|p1a: Chesnaught|Iron Defense|p1a: Chesnaught\n|-boost|p1a: Chesnaught|def|2\n|move|p2a: Granbull|Play Rough|p1a: Chesnaught\n|-supereffective|p1a: Chesnaught\n|-damage|p1a: Chesnaught|60/100\n|\n|-weather|none\n|-heal|p1a: Chesnaught|66/100|[from] item: Leftovers\n|upkeep\n|turn|13\n|inactive|Time left: 300 sec this turn | 300 sec total\n|\n|t:|1783568193\n|move|p1a: Chesnaught|Body Press|p2a: Granbull\n|-resisted|p2a: Granbull\n|-damage|p2a: Granbull|199/302\n|move|p2a: Granbull|Roar|p1a: Chesnaught\n|drag|p1a: Annihilape|Annihilape, L76, M|100/100\n|\n|-heal|p2a: Granbull|217/302|[from] item: Leftovers\n|upkeep\n|turn|14\n|inactive|Time left: 300 sec this turn | 300 sec total\n|\n|t:|1783568194\n|move|p1a: Annihilape|Bulk Up|p1a: Annihilape\n|-boost|p1a: Annihilape|atk|1\n|-boost|p1a: Annihilape|def|1\n|move|p2a: Granbull|Play Rough|p1a: Annihilape\n|-supereffective|p1a: Annihilape\n|-damage|p1a: Annihilape|31/100\n|\n|-heal|p1a: Annihilape|37/100|[from] item: Leftovers\n|-heal|p2a: Granbull|235/302|[from] item: Leftovers\n|upkeep\n|turn|15\n|inactive|Time left: 300 sec this turn | 300 sec total\n|\n|t:|1783568195\n|move|p1a: Annihilape|Drain Punch|p2a: Granbull\n|-resisted|p2a: Granbull\n|-damage|p2a: Granbull|171/302\n|-heal|p1a: Annihilape|48/100|[from] drain|[of] p2a: Granbull\n|move|p2a: Granbull|Play Rough|p1a: Annihilape\n|-supereffective|p1a: Annihilape\n|-damage|p1a: Annihilape|0 fnt\n|faint|p1a: Annihilape\n|\n|-heal|p2a: Granbull|189/302|[from] item: Leftovers\n|upkeep\n|\n|t:|1783568196\n|switch|p1a: Ambipom|Ambipom, L84, F|100/100\n|turn|16\n|inactive|Time left: 300 sec this turn | 300 sec total\n|\n|t:|1783568197\n|switch|p2a: Talonflame|Talonflame, L83, M|265/265\n|move|p1a: Ambipom|Triple Axel|p2a: Talonflame\n|-damage|p2a: Talonflame|230/265\n|-damage|p2a: Talonflame|157/265\n|-damage|p2a: Talonflame|45/265\n|-hitcount|p2a: Talonflame|3\n|\n|upkeep\n|turn|17\n|inactive|Time left: 300 sec this turn | 300 sec total\n|\n|t:|1783568198\n|move|p2a: Talonflame|Roost|p2a: Talonflame\n|-heal|p2a: Talonflame|178/265\n|-singleturn|p2a: Talonflame|move: Roost\n|move|p1a: Ambipom|Triple Axel|p2a: Talonflame\n|-resisted|p2a: Talonflame\n|-damage|p2a: Talonflame|160/265\n|-resisted|p2a: Talonflame\n|-damage|p2a: Talonflame|120/265\n|-hitcount|p2a: Talonflame|2\n|\n|upkeep\n|turn|18\n|inactive|Time left: 300 sec this turn | 300 sec total\n|\n|t:|1783568199\n|move|p2a: Talonflame|Roost|p2a: Talonflame\n|-heal|p2a: Talonflame|253/265\n|-singleturn|p2a: Talonflame|move: Roost\n|move|p1a: Ambipom|Triple Axel|p2a: Talonflame\n|-resisted|p2a: Talonflame\n|-damage|p2a: Talonflame|232/265\n|-resisted|p2a: Talonflame\n|-damage|p2a: Talonflame|195/265\n|-resisted|p2a: Talonflame\n|-damage|p2a: Talonflame|139/265\n|-hitcount|p2a: Talonflame|3\n|\n|upkeep\n|turn|19\n|inactive|Time left: 300 sec this turn | 300 sec total\n|\n|t:|1783568200\n|move|p2a: Talonflame|Roost|p2a: Talonflame\n|-heal|p2a: Talonflame|265/265\n|-singleturn|p2a: Talonflame|move: Roost\n|move|p1a: Ambipom|Triple Axel|p2a: Talonflame|[miss]\n|-miss|p1a: Ambipom|p2a: Talonflame\n|\n|upkeep\n|turn|20\n|inactive|Time left: 300 sec this turn | 300 sec total\n|\n|t:|1783568201\n|move|p2a: Talonflame|Overheat|p1a: Ambipom\n|-damage|p1a: Ambipom|44/100\n|-unboost|p2a: Talonflame|spa|2\n|move|p1a: Ambipom|Triple Axel|p2a: Talonflame\n|-damage|p2a: Talonflame|223/265\n|-status|p1a: Ambipom|brn|[from] ability: Flame Body|[of] p2a: Talonflame\n|-damage|p2a: Talonflame|184/265\n|-damage|p2a: Talonflame|131/265\n|-hitcount|p2a: Talonflame|3\n|\n|-damage|p1a: Ambipom|38/100 brn|[from] brn\n|upkeep\n|turn|21\n|inactive|Time left: 300 sec this turn | 300 sec total\n|\n|t:|1783568202\n|move|p2a: Talonflame|Brave Bird|p1a: Ambipom\n|-damage|p1a: Ambipom|0 fnt\n|faint|p1a: Ambipom\n|-damage|p2a: Talonflame|98/265|[from] Recoil\n|\n|upkeep\n|\n|t:|1783568203\n|switch|p1a: Chesnaught|Chesnaught, L84, M|66/100\n|turn|22\n|inactive|Time left: 300 sec this turn | 300 sec total\n|\n|t:|1783568204\n|-terastallize|p1a: Chesnaught|Steel\n|move|p2a: Talonflame|Brave Bird|p1a: Chesnaught\n|-resisted|p1a: Chesnaught\n|-damage|p1a: Chesnaught|51/100\n|-damage|p2a: Talonflame|84/265|[from] Recoil\n|move|p1a: Chesnaught|Synthesis|p1a: Chesnaught\n|-heal|p1a: Chesnaught|100/100\n|\n|upkeep\n|turn|23\n|inactive|Time left: 300 sec this turn | 300 sec total\n|\n|t:|1783568205\n|switch|p2a: Granbull|Granbull, L88, F|189/302\n|-ability|p2a: Granbull|Intimidate|boost\n|-unboost|p1a: Chesnaught|atk|1\n|move|p1a: Chesnaught|Iron Defense|p1a: Chesnaught\n|-boost|p1a: Chesnaught|def|2\n|\n|-heal|p2a: Granbull|207/302|[from] item: Leftovers\n|upkeep\n|turn|24\n|inactive|Time left: 300 sec this turn | 300 sec total\n|\n|t:|1783568206\n|move|p1a: Chesnaught|Body Press|p2a: Granbull\n|-resisted|p2a: Granbull\n|-damage|p2a: Granbull|103/302\n|move|p2a: Granbull|Earthquake|p1a: Chesnaught\n|-supereffective|p1a: Chesnaught\n|-damage|p1a: Chesnaught|74/100\n|\n|-heal|p1a: Chesnaught|80/100|[from] item: Leftovers\n|-heal|p2a: Granbull|121/302|[from] item: Leftovers\n|upkeep\n|turn|25\n|inactive|Time left: 300 sec this turn | 300 sec total\n|\n|t:|1783568207\n|move|p1a: Chesnaught|Body Press|p2a: Granbull\n|-resisted|p2a: Granbull\n|-damage|p2a: Granbull|13/302\n|move|p2a: Granbull|Thunder Wave|p1a: Chesnaught\n|-status|p1a: Chesnaught|par\n|\n|-heal|p2a: Granbull|31/302|[from] item: Leftovers\n|-heal|p1a: Chesnaught|86/100 par|[from] item: Leftovers\n|upkeep\n|turn|26\n|inactive|Time left: 300 sec this turn | 300 sec total\n|\n|t:|1783568208\n|move|p2a: Granbull|Earthquake|p1a: Chesnaught\n|-supereffective|p1a: Chesnaught\n|-damage|p1a: Chesnaught|61/100 par\n|move|p1a: Chesnaught|Body Press|p2a: Granbull\n|-resisted|p2a: Granbull\n|-damage|p2a: Granbull|0 fnt\n|faint|p2a: Granbull\n|\n|-heal|p1a: Chesnaught|67/100 par|[from] item: Leftovers\n|upkeep\n|inactive|Time left: 300 sec this turn | 300 sec total | 5 sec grace\n|\n|t:|1783568209\n|switch|p2a: Talonflame|Talonflame, L83, M|84/265\n|turn|27\n|inactive|Time left: 300 sec this turn | 300 sec total\n|\n|t:|1783568210\n|move|p2a: Talonflame|Overheat|p1a: Chesnaught\n|-supereffective|p1a: Chesnaught\n|-damage|p1a: Chesnaught|0 fnt\n|-unboost|p2a: Talonflame|spa|2\n|faint|p1a: Chesnaught\n|\n|upkeep\n|\n|t:|1783568211\n|switch|p1a: Eternatus|Eternatus, L69|9/100\n|-ability|p1a: Eternatus|Pressure\n|turn|28\n|inactive|Time left: 300 sec this turn | 300 sec total\n|\n|t:|1783568212\n|move|p2a: Talonflame|Brave Bird|p1a: Eternatus\n|-damage|p1a: Eternatus|0 fnt\n|faint|p1a: Eternatus\n|-damage|p2a: Talonflame|75/265|[from] Recoil\n|\n|upkeep\n|\n|t:|1783568213\n|switch|p1a: Cinderace|Cinderace, L77, M|100/100\n|turn|29\n|inactive|Time left: 300 sec this turn | 300 sec total\n|\n|t:|1783568213\n|move|p2a: Talonflame|Roost|p2a: Talonflame\n|-heal|p2a: Talonflame|208/265\n|-singleturn|p2a: Talonflame|move: Roost\n|move|p1a: Cinderace|Pyro Ball|p2a: Talonflame\n|-resisted|p2a: Talonflame\n|-damage|p2a: Talonflame|130/265\n|\n|upkeep\n|turn|30\n|inactive|Time left: 300 sec this turn | 300 sec total\n|\n|t:|1783568214\n|move|p2a: Talonflame|Brave Bird|p1a: Cinderace\n|-damage|p1a: Cinderace|48/100\n|-damage|p2a: Talonflame|86/265|[from] Recoil\n|move|p1a: Cinderace|Pyro Ball|p2a: Talonflame|[miss]\n|-miss|p1a: Cinderace|p2a: Talonflame\n|\n|upkeep\n|turn|31\n|inactive|Time left: 300 sec this turn | 300 sec total\n|\n|t:|1783568215\n|switch|p1a: Ursaluna|Ursaluna-Bloodmoon, L79, M|13/100\n|-terastallize|p2a: Talonflame|Ground\n|move|p2a: Talonflame|Brave Bird|p1a: Ursaluna\n|-damage|p1a: Ursaluna|0 fnt\n|faint|p1a: Ursaluna\n|-damage|p2a: Talonflame|73/265|[from] Recoil\n|\n|upkeep\n|\n|t:|1783568216\n|switch|p1a: Cinderace|Cinderace, L77, M|48/100\n|turn|32\n|inactive|Time left: 300 sec this turn | 300 sec total\n|\n|t:|1783568216\n|move|p2a: Talonflame|Brave Bird|p1a: Cinderace\n|-damage|p1a: Cinderace|0 fnt\n|faint|p1a: Cinderace\n|-damage|p2a: Talonflame|34/265|[from] Recoil\n|\n|win|p0y2516cae7", "uploadtime": 1783568216, "views": 0, "rating": 0, "private": 0, "password": null, "_winner": "p0y2516cae7", "_our_name": "p0y2516cae7"}