{"id": "battle-gen9randombattle-12", "formatid": "gen9randombattle", "format": "[Gen 9] Random Battle", "players": ["p0x012edb3", "p0y0123bda"], "log": "|init|battle\n|title|p0x012edb3 vs. p0y0123bda\n|j|\u2606p0x012edb3\n|j|\u2606p0y0123bda\n|t:|1783539539\n|gametype|singles\n|player|p1|p0x012edb3|266|\n|player|p2|p0y0123bda|2|\n|gen|9\n|tier|[Gen 9] Random Battle\n|rule|Species Clause: Limit one of each Pok\u00e9mon\n|rule|HP Percentage Mod: HP is shown in percentages\n|rule|Sleep Clause Mod: Limit one foe put to sleep\n|rule|Illusion Level Mod: Illusion disguises the Pok\u00e9mon's true level\n|\n|t:|1783539539\n|teamsize|p1|6\n|teamsize|p2|6\n|start\n|switch|p1a: Sylveon|Sylveon, L85, M|300/300\n|switch|p2a: Magmortar|Magmortar, L88, F|100/100\n|turn|1\n|inactive|Battle timer is ON: inactive players will automatically lose when time's up. (requested by p0x012edb3)\n|inactive|p0y0123bda also wants the timer to be on.\n|\n|t:|1783539541\n|move|p2a: Magmortar|Fire Blast|p1a: Sylveon\n|-damage|p1a: Sylveon|194/300\n|move|p1a: Sylveon|Calm Mind|p1a: Sylveon\n|-boost|p1a: Sylveon|spa|1\n|-boost|p1a: Sylveon|spd|1\n|\n|-heal|p1a: Sylveon|212/300|[from] item: Leftovers\n|upkeep\n|turn|2\n|inactive|Time left: 300 sec this turn | 300 sec total\n|\n|t:|1783539542\n|move|p2a: Magmortar|Taunt|p1a: Sylveon\n|-start|p1a: Sylveon|move: Taunt\n|move|p1a: Sylveon|Hyper Voice|p2a: Magmortar\n|-resisted|p2a: Magmortar\n|-damage|p2a: Magmortar|70/100\n|\n|-heal|p1a: Sylveon|230/300|[from] item: Leftovers\n|upkeep\n|turn|3\n|inactive|Time left: 300 sec this turn | 300 sec total\n|\n|t:|1783539544\n|move|p2a: Magmortar|Fire Blast|p1a: Sylveon\n|-damage|p1a: Sylveon|146/300\n|move|p1a: Sylveon|Hyper Voice|p2a: Magmortar\n|-resisted|p2a: Magmortar\n|-damage|p2a: Magmortar|38/100\n|\n|-heal|p1a: Sylveon|164/300|[from] item: Leftovers\n|upkeep\n|turn|4\n|inactive|Time left: 300 sec this turn | 300 sec total\n|\n|t:|1783539545\n|move|p2a: Magmortar|Fire Blast|p1a: Sylveon|[miss]\n|-miss|p2a: Magmortar|p1a: Sylveon\n|move|p1a: Sylveon|Hyper Voice|p2a: Magmortar\n|-resisted|p2a: Magmortar\n|-damage|p2a: Magmortar|4/100\n|\n|-heal|p1a: Sylveon|182/300|[from] item: Leftovers\n|-end|p1a: Sylveon|move: Taunt\n|upkeep\n|turn|5\n|inactive|Time left: 300 sec this turn | 300 sec total\n|\n|t:|1783539546\n|move|p2a: Magmortar|Fire Blast|p1a: Sylveon\n|-damage|p1a: Sylveon|98/300\n|move|p1a: Sylveon|Hyper Voice|p2a: Magmortar\n|-resisted|p2a: Magmortar\n|-damage|p2a: Magmortar|0 fnt\n|faint|p2a: Magmortar\n|\n|-heal|p1a: Sylveon|116/300|[from] item: Leftovers\n|upkeep\n|\n|t:|1783539547\n|switch|p2a: Corviknight|Corviknight, L80, M|100/100\n|turn|6\n|inactive|Time left: 300 sec this turn | 300 sec total\n|\n|t:|1783539548\n|move|p1a: Sylveon|Protect|p1a: Sylveon\n|-singleturn|p1a: Sylveon|Protect\n|move|p2a: Corviknight|Brave Bird|p1a: Sylveon\n|-activate|p1a: Sylveon|move: Protect\n|\n|-heal|p1a: Sylveon|134/300|[from] item: Leftovers\n|upkeep\n|turn|7\n|inactive|Time left: 300 sec this turn | 300 sec total\n|\n|t:|1783539549\n|move|p2a: Corviknight|Brave Bird|p1a: Sylveon\n|-damage|p1a: Sylveon|0 fnt\n|faint|p1a: Sylveon\n|-damage|p2a: Corviknight|85/100|[from] Recoil\n|\n|-heal|p2a: Corviknight|91/100|[from] item: Leftovers\n|upkeep\n|inactive|Time left: 300 sec this turn | 300 sec total | 5 sec grace\n|\n|t:|1783539550\n|switch|p1a: Calyrex|Calyrex-Ice, L72|263/263\n|-ability|p1a: Calyrex|As One\n|-ability|p1a: Calyrex|Unnerve\n|turn|8\n|inactive|Time left: 300 sec this turn | 300 sec total\n|\n|t:|1783539552\n|move|p2a: Corviknight|Brave Bird|p1a: Calyrex\n|-damage|p1a: Calyrex|173/263\n|-damage|p2a: Corviknight|81/100|[from] Recoil\n|move|p1a: Calyrex|Glacial Lance|p2a: Corviknight\n|-damage|p2a: Corviknight|33/100\n|\n|-heal|p2a: Corviknight|39/100|[from] item: Leftovers\n|upkeep\n|turn|9\n|inactive|Time left: 300 sec this turn | 300 sec total\n|\n|t:|1783539553\n|move|p2a: Corviknight|Roost|p2a: Corviknight\n|-heal|p2a: Corviknight|89/100\n|-singleturn|p2a: Corviknight|move: Roost\n|move|p1a: Calyrex|Glacial Lance|p2a: Corviknight\n|-resisted|p2a: Corviknight\n|-damage|p2a: Corviknight|67/100\n|\n|-heal|p2a: Corviknight|73/100|[from] item: Leftovers\n|upkeep\n|turn|10\n|inactive|Time left: 300 sec this turn | 300 sec total\n|\n|t:|1783539554\n|move|p2a: Corviknight|Brave Bird|p1a: Calyrex\n|-damage|p1a: Calyrex|88/263\n|-damage|p2a: Corviknight|64/100|[from] Recoil\n|move|p1a: Calyrex|Glacial Lance|p2a: Corviknight\n|-damage|p2a: Corviknight|14/100\n|\n|-heal|p2a: Corviknight|21/100|[from] item: Leftovers\n|upkeep\n|turn|11\n|inactive|Time left: 300 sec this turn | 300 sec total\n|\n|t:|1783539555\n|move|p2a: Corviknight|Roost|p2a: Corviknight\n|-heal|p2a: Corviknight|71/100\n|-singleturn|p2a: Corviknight|move: Roost\n|move|p1a: Calyrex|Glacial Lance|p2a: Corviknight\n|-resisted|p2a: Corviknight\n|-damage|p2a: Corviknight|48/100\n|\n|-heal|p2a: Corviknight|54/100|[from] item: Leftovers\n|upkeep\n|turn|12\n|inactive|Time left: 300 sec this turn | 300 sec total\n|\n|t:|1783539556\n|move|p2a: Corviknight|Roost|p2a: Corviknight\n|-heal|p2a: Corviknight|100/100\n|-singleturn|p2a: Corviknight|move: Roost\n|move|p1a: Calyrex|Glacial Lance|p2a: Corviknight\n|-resisted|p2a: Corviknight\n|-damage|p2a: Corviknight|79/100\n|\n|-heal|p2a: Corviknight|85/100|[from] item: Leftovers\n|upkeep\n|turn|13\n|inactive|Time left: 300 sec this turn | 300 sec total\n|\n|t:|1783539557\n|move|p2a: Corviknight|Brave Bird|p1a: Calyrex\n|-damage|p1a: Calyrex|3/263\n|-damage|p2a: Corviknight|75/100|[from] Recoil\n|move|p1a: Calyrex|Glacial Lance|p2a: Corviknight\n|-damage|p2a: Corviknight|26/100\n|\n|-heal|p2a: Corviknight|32/100|[from] item: Leftovers\n|upkeep\n|turn|14\n|inactive|Time left: 300 sec this turn | 300 sec total\n|\n|t:|1783539558\n|move|p2a: Corviknight|Roost|p2a: Corviknight\n|-heal|p2a: Corviknight|82/100\n|-singleturn|p2a: Corviknight|move: Roost\n|move|p1a: Calyrex|High Horsepower|p2a: Corviknight\n|-supereffective|p2a: Corviknight\n|-damage|p2a: Corviknight|33/100\n|\n|-heal|p2a: Corviknight|39/100|[from] item: Leftovers\n|upkeep\n|turn|15\n|inactive|Time left: 300 sec this turn | 300 sec total\n|\n|t:|1783539560\n|move|p2a: Corviknight|Roost|p2a: Corviknight\n|-heal|p2a: Corviknight|89/100\n|-singleturn|p2a: Corviknight|move: Roost\n|move|p1a: Calyrex|High Horsepower|p2a: Corviknight\n|-supereffective|p2a: Corviknight\n|-damage|p2a: Corviknight|39/100\n|\n|-heal|p2a: Corviknight|46/100|[from] item: Leftovers\n|upkeep\n|turn|16\n|inactive|Time left: 300 sec this turn | 300 sec total\n|\n|t:|1783539561\n|move|p2a: Corviknight|Brave Bird|p1a: Calyrex\n|-crit|p1a: Calyrex\n|-damage|p1a: Calyrex|0 fnt\n|faint|p1a: Calyrex\n|-damage|p2a: Corviknight|45/100|[from] Recoil\n|\n|-heal|p2a: Corviknight|52/100|[from] item: Leftovers\n|upkeep\n|inactive|Time left: 300 sec this turn | 300 sec total | 5 sec grace\n|\n|t:|1783539562\n|switch|p1a: Arcanine|Arcanine-Hisui, L79, F|280/280\n|turn|17\n|inactive|Time left: 300 sec this turn | 300 sec total\n|\n|t:|1783539563\n|switch|p2a: Gallade|Gallade, L80, M|100/100\n|move|p1a: Arcanine|Flare Blitz|p2a: Gallade\n|-damage|p2a: Gallade|29/100\n|\n|upkeep\n|turn|18\n|inactive|Time left: 300 sec this turn | 300 sec total\n|\n|t:|1783539564\n|move|p2a: Gallade|Sacred Sword|p1a: Arcanine\n|-supereffective|p1a: Arcanine\n|-damage|p1a: Arcanine|0 fnt\n|faint|p1a: Arcanine\n|\n|upkeep\n|inactive|Time left: 300 sec this turn | 300 sec total | 5 sec grace\n|\n|t:|1783539565\n|switch|p1a: Corviknight|Corviknight, L80, M|288/288\n|-ability|p1a: Corviknight|Pressure\n|turn|19\n|inactive|Time left: 300 sec this turn | 300 sec total\n|\n|t:|1783539566\n|move|p2a: Gallade|Sacred Sword|p1a: Corviknight\n|-damage|p1a: Corviknight|137/288\n|move|p1a: Corviknight|Brave Bird|p2a: Gallade\n|-supereffective|p2a: Gallade\n|-damage|p2a: Gallade|0 fnt\n|faint|p2a: Gallade\n|-damage|p1a: Corviknight|114/288|[from] Recoil\n|\n|-heal|p1a: Corviknight|132/288|[from] item: Leftovers\n|upkeep\n|\n|t:|1783539567\n|switch|p2a: Torkoal|Torkoal, L88, M|100/100\n|-weather|SunnyDay|[from] ability: Drought|[of] p2a: Torkoal\n|turn|20\n|inactive|Time left: 300 sec this turn | 300 sec total\n|\n|t:|1783539568\n|-terastallize|p1a: Corviknight|Dragon\n|move|p1a: Corviknight|Roost|p1a: Corviknight\n|-heal|p1a: Corviknight|276/288\n|move|p2a: Torkoal|Lava Plume|p1a: Corviknight\n|-resisted|p1a: Corviknight\n|-damage|p1a: Corviknight|205/288\n|-status|p1a: Corviknight|brn\n|\n|-weather|SunnyDay|[upkeep]\n|-heal|p1a: Corviknight|223/288 brn|[from] item: Leftovers\n|-damage|p1a: Corviknight|205/288 brn|[from] brn\n|upkeep\n|turn|21\n|inactive|Time left: 300 sec this turn | 300 sec total\n|\n|t:|1783539569\n|move|p1a: Corviknight|Roost|p1a: Corviknight\n|-heal|p1a: Corviknight|288/288 brn\n|move|p2a: Torkoal|Rapid Spin|p1a: Corviknight\n|-damage|p1a: Corviknight|257/288 brn\n|-boost|p2a: Torkoal|spe|1\n|\n|-weather|SunnyDay|[upkeep]\n|-heal|p1a: Corviknight|275/288 brn|[from] item: Leftovers\n|-damage|p1a: Corviknight|257/288 brn|[from] brn\n|upkeep\n|turn|22\n|inactive|Time left: 300 sec this turn | 300 sec total\n|\n|t:|1783539570\n|move|p1a: Corviknight|Brave Bird|p2a: Torkoal\n|-damage|p2a: Torkoal|88/100\n|-damage|p1a: Corviknight|246/288 brn|[from] Recoil\n|move|p2a: Torkoal|Lava Plume|p1a: Corviknight\n|-resisted|p1a: Corviknight\n|-damage|p1a: Corviknight|179/288 brn\n|\n|-weather|SunnyDay|[upkeep]\n|-heal|p1a: Corviknight|197/288 brn|[from] item: Leftovers\n|-damage|p1a: Corviknight|179/288 brn|[from] brn\n|upkeep\n|turn|23\n|inactive|Time left: 300 sec this turn | 300 sec total\n|\n|t:|1783539571\n|move|p1a: Corviknight|Roost|p1a: Corviknight\n|-heal|p1a: Corviknight|288/288 brn\n|move|p2a: Torkoal|Rapid Spin|p1a: Corviknight\n|-damage|p1a: Corviknight|258/288 brn\n|-boost|p2a: Torkoal|spe|1\n|\n|-weather|SunnyDay|[upkeep]\n|-heal|p1a: Corviknight|276/288 brn|[from] item: Leftovers\n|-damage|p1a: Corviknight|258/288 brn|[from] brn\n|upkeep\n|turn|24\n|inactive|Time left: 300 sec this turn | 300 sec total\n|\n|t:|1783539572\n|move|p2a: Torkoal|Stealth Rock|p1a: Corviknight\n|-sidestart|p1: p0x012edb3|move: Stealth Rock\n|move|p1a: Corviknight|Roost|p1a: Corviknight\n|-heal|p1a: Corviknight|288/288 brn\n|\n|-weather|none\n|-damage|p1a: Corviknight|270/288 brn|[from] brn\n|upkeep\n|turn|25\n|inactive|Time left: 300 sec this turn | 300 sec total\n|\n|t:|1783539573\n|move|p2a: Torkoal|Rapid Spin|p1a: Corviknight\n|-damage|p1a: Corviknight|239/288 brn\n|-boost|p2a: Torkoal|spe|1\n|move|p1a: Corviknight|Defog|p2a: Torkoal\n|-unboost|p2a: Torkoal|evasion|1\n|-sideend|p1: p0x012edb3|Stealth Rock|[from] move: Defog|[of] p1a: Corviknight\n|\n|-heal|p1a: Corviknight|257/288 brn|[from] item: Leftovers\n|-damage|p1a: Corviknight|239/288 brn|[from] brn\n|upkeep\n|turn|26\n|inactive|Time left: 300 sec this turn | 300 sec total\n|\n|t:|1783539574\n|move|p2a: Torkoal|Rapid Spin|p1a: Corviknight\n|-damage|p1a: Corviknight|206/288 brn\n|-boost|p2a: Torkoal|spe|1\n|move|p1a: Corviknight|Roost|p1a: Corviknight\n|-heal|p1a: Corviknight|288/288 brn\n|\n|-damage|p1a: Corviknight|270/288 brn|[from] brn\n|upkeep\n|turn|27\n|inactive|Time left: 300 sec this turn | 300 sec total\n|\n|t:|1783539574\n|move|p2a: Torkoal|Lava Plume|p1a: Corviknight\n|-resisted|p1a: Corviknight\n|-damage|p1a: Corviknight|228/288 brn\n|move|p1a: Corviknight|Brave Bird|p2a: Torkoal\n|-damage|p2a: Torkoal|76/100\n|-damage|p1a: Corviknight|217/288 brn|[from] Recoil\n|\n|-heal|p1a: Corviknight|235/288 brn|[from] item: Leftovers\n|-damage|p1a: Corviknight|217/288 brn|[from] brn\n|upkeep\n|turn|28\n|inactive|Time left: 300 sec this turn | 300 sec total\n|\n|t:|1783539575\n|move|p2a: Torkoal|Stealth Rock|p1a: Corviknight\n|-sidestart|p1: p0x012edb3|move: Stealth Rock\n|move|p1a: Corviknight|Roost|p1a: Corviknight\n|-heal|p1a: Corviknight|288/288 brn\n|\n|-damage|p1a: Corviknight|270/288 brn|[from] brn\n|upkeep\n|turn|29\n|inactive|Time left: 300 sec this turn | 300 sec total\n|\n|t:|1783539576\n|move|p2a: Torkoal|Rapid Spin|p1a: Corviknight\n|-damage|p1a: Corviknight|237/288 brn\n|-boost|p2a: Torkoal|spe|1\n|move|p1a: Corviknight|Defog|p2a: Torkoal\n|-unboost|p2a: Torkoal|evasion|1\n|-sideend|p1: p0x012edb3|Stealth Rock|[from] move: Defog|[of] p1a: Corviknight\n|\n|-heal|p1a: Corviknight|255/288 brn|[from] item: Leftovers\n|-damage|p1a: Corviknight|237/288 brn|[from] brn\n|upkeep\n|turn|30\n|inactive|Time left: 300 sec this turn | 300 sec total\n|\n|t:|1783539577\n|move|p2a: Torkoal|Stealth Rock|p1a: Corviknight\n|-sidestart|p1: p0x012edb3|move: Stealth Rock\n|move|p1a: Corviknight|Roost|p1a: Corviknight\n|-heal|p1a: Corviknight|288/288 brn\n|\n|-damage|p1a: Corviknight|270/288 brn|[from] brn\n|upkeep\n|turn|31\n|inactive|Time left: 300 sec this turn | 300 sec total\n|\n|t:|1783539578\n|move|p2a: Torkoal|Rapid Spin|p1a: Corviknight\n|-crit|p1a: Corviknight\n|-damage|p1a: Corviknight|221/288 brn\n|-boost|p2a: Torkoal|spe|1\n|move|p1a: Corviknight|Defog|p2a: Torkoal\n|-unboost|p2a: Torkoal|evasion|1\n|-sideend|p1: p0x012edb3|Stealth Rock|[from] move: Defog|[of] p1a: Corviknight\n|\n|-heal|p1a: Corviknight|239/288 brn|[from] item: Leftovers\n|-damage|p1a: Corviknight|221/288 brn|[from] brn\n|upkeep\n|turn|32\n|inactive|Time left: 300 sec this turn | 300 sec total\n|\n|t:|1783539579\n|move|p2a: Torkoal|Rapid Spin|p1a: Corviknight\n|-damage|p1a: Corviknight|188/288 brn\n|move|p1a: Corviknight|Roost|p1a: Corviknight\n|-heal|p1a: Corviknight|288/288 brn\n|\n|-damage|p1a: Corviknight|270/288 brn|[from] brn\n|upkeep\n|turn|33\n|inactive|Time left: 300 sec this turn | 300 sec total\n|\n|t:|1783539580\n|move|p2a: Torkoal|Lava Plume|p1a: Corviknight\n|-resisted|p1a: Corviknight\n|-damage|p1a: Corviknight|225/288 brn\n|move|p1a: Corviknight|Brave Bird|p2a: Torkoal\n|-damage|p2a: Torkoal|63/100\n|-damage|p1a: Corviknight|214/288 brn|[from] Recoil\n|\n|-heal|p1a: Corviknight|232/288 brn|[from] item: Leftovers\n|-damage|p1a: Corviknight|214/288 brn|[from] brn\n|upkeep\n|turn|34\n|inactive|Time left: 300 sec this turn | 300 sec total\n|\n|t:|1783539582\n|move|p2a: Torkoal|Stealth Rock|p1a: Corviknight\n|-sidestart|p1: p0x012edb3|move: Stealth Rock\n|move|p1a: Corviknight|Brave Bird|p2a: Torkoal\n|-damage|p2a: Torkoal|51/100\n|-damage|p1a: Corviknight|203/288 brn|[from] Recoil\n|\n|-heal|p1a: Corviknight|221/288 brn|[from] item: Leftovers\n|-damage|p1a: Corviknight|203/288 brn|[from] brn\n|upkeep\n|turn|35\n|inactive|Time left: 300 sec this turn | 300 sec total\n|\n|t:|1783539583\n|move|p2a: Torkoal|Lava Plume|p1a: Corviknight\n|-resisted|p1a: Corviknight\n|-damage|p1a: Corviknight|157/288 brn\n|move|p1a: Corviknight|Defog|p2a: Torkoal\n|-unboost|p2a: Torkoal|evasion|1\n|-sideend|p1: p0x012edb3|Stealth Rock|[from] move: Defog|[of] p1a: Corviknight\n|\n|-heal|p1a: Corviknight|175/288 brn|[from] item: Leftovers\n|-damage|p1a: Corviknight|157/288 brn|[from] brn\n|upkeep\n|turn|36\n|inactive|Time left: 300 sec this turn | 300 sec total\n|\n|t:|1783539584\n|move|p2a: Torkoal|Lava Plume|p1a: Corviknight\n|-resisted|p1a: Corviknight\n|-damage|p1a: Corviknight|108/288 brn\n|move|p1a: Corviknight|Brave Bird|p2a: Torkoal\n|-damage|p2a: Torkoal|38/100\n|-damage|p1a: Corviknight|96/288 brn|[from] Recoil\n|\n|-heal|p1a: Corviknight|114/288 brn|[from] item: Leftovers\n|-damage|p1a: Corviknight|96/288 brn|[from] brn\n|upkeep\n|turn|37\n|inactive|Time left: 300 sec this turn | 300 sec total\n|\n|t:|1783539585\n|move|p2a: Torkoal|Yawn||[still]\n|-fail|p2a: Torkoal\n|move|p1a: Corviknight|Brave Bird|p2a: Torkoal\n|-crit|p2a: Torkoal\n|-damage|p2a: Torkoal|19/100\n|-damage|p1a: Corviknight|79/288 brn|[from] Recoil\n|\n|-heal|p1a: Corviknight|97/288 brn|[from] item: Leftovers\n|-damage|p1a: Corviknight|79/288 brn|[from] brn\n|upkeep\n|turn|38\n|inactive|Time left: 300 sec this turn | 300 sec total\n|\n|t:|1783539586\n|move|p2a: Torkoal|Lava Plume|p1a: Corviknight\n|-resisted|p1a: Corviknight\n|-damage|p1a: Corviknight|33/288 brn\n|move|p1a: Corviknight|Brave Bird|p2a: Torkoal\n|-crit|p2a: Torkoal\n|-damage|p2a: Torkoal|0 fnt\n|faint|p2a: Torkoal\n|-damage|p1a: Corviknight|17/288 brn|[from] Recoil\n|\n|-heal|p1a: Corviknight|35/288 brn|[from] item: Leftovers\n|-damage|p1a: Corviknight|17/288 brn|[from] brn\n|upkeep\n|\n|t:|1783539587\n|switch|p2a: Corviknight|Corviknight, L80, M|52/100\n|turn|39\n|inactive|Time left: 300 sec this turn | 300 sec total\n|\n|t:|1783539588\n|switch|p1a: Cetitan|Cetitan, L82, F|412/412\n|move|p2a: Corviknight|Roost|p2a: Corviknight\n|-heal|p2a: Corviknight|100/100\n|-singleturn|p2a: Corviknight|move: Roost\n|\n|upkeep\n|turn|40\n|inactive|Time left: 300 sec this turn | 300 sec total\n|\n|t:|1783539590\n|switch|p2a: Forretress|Forretress, L84, M|100/100\n|move|p1a: Cetitan|Belly Drum|p1a: Cetitan\n|-damage|p1a: Cetitan|206/412\n|-setboost|p1a: Cetitan|atk|6|[from] move: Belly Drum\n|-enditem|p1a: Cetitan|Sitrus Berry|[eat]\n|-heal|p1a: Cetitan|309/412|[from] item: Sitrus Berry\n|\n|upkeep\n|turn|41\n|inactive|Time left: 300 sec this turn | 300 sec total\n|\n|t:|1783539591\n|move|p1a: Cetitan|Earthquake|p2a: Forretress\n|-damage|p2a: Forretress|18/100\n|move|p2a: Forretress|Thunder Wave|p1a: Cetitan\n|-status|p1a: Cetitan|par\n|\n|-heal|p2a: Forretress|24/100|[from] item: Leftovers\n|upkeep\n|turn|42\n|inactive|Time left: 300 sec this turn | 300 sec total\n|\n|t:|1783539592\n|cant|p1a: Cetitan|par\n|move|p2a: Forretress|Iron Head|p1a: Cetitan\n|-supereffective|p1a: Cetitan\n|-damage|p1a: Cetitan|91/412 par\n|\n|-heal|p2a: Forretress|30/100|[from] item: Leftovers\n|upkeep\n|turn|43\n|inactive|Time left: 300 sec this turn | 300 sec total\n|\n|t:|1783539593\n|move|p2a: Forretress|Iron Head|p1a: Cetitan\n|-supereffective|p1a: Cetitan\n|-damage|p1a: Cetitan|0 fnt\n|faint|p1a: Cetitan\n|\n|-heal|p2a: Forretress|36/100|[from] item: Leftovers\n|upkeep\n|inactive|Time left: 300 sec this turn | 300 sec total | 5 sec grace\n|\n|t:|1783539594\n|switch|p1a: Zebstrika|Zebstrika, L87, M|272/272\n|turn|44\n|inactive|Time left: 300 sec this turn | 300 sec total\n|\n|t:|1783539595\n|switch|p2a: Cyclizar|Cyclizar, L84, F|100/100\n|move|p1a: Zebstrika|Supercell Slam|p2a: Cyclizar\n|-resisted|p2a: Cyclizar\n|-damage|p2a: Cyclizar|64/100\n|-damage|p1a: Zebstrika|245/272|[from] item: Life Orb\n|\n|upkeep\n|turn|45\n|inactive|Time left: 300 sec this turn | 300 sec total\n|\n|t:|1783539596\n|-terastallize|p2a: Cyclizar|Dragon\n|move|p1a: Zebstrika|High Horsepower|p2a: Cyclizar|[miss]\n|-miss|p1a: Zebstrika|p2a: Cyclizar\n|move|p2a: Cyclizar|Draco Meteor|p1a: Zebstrika\n|-damage|p1a: Zebstrika|49/272\n|-unboost|p2a: Cyclizar|spa|2\n|\n|upkeep\n|turn|46\n|inactive|Time left: 300 sec this turn | 300 sec total\n|\n|t:|1783539597\n|move|p1a: Zebstrika|High Horsepower|p2a: Cyclizar\n|-damage|p2a: Cyclizar|16/100\n|-damage|p1a: Zebstrika|22/272|[from] item: Life Orb\n|move|p2a: Cyclizar|Knock Off|p1a: Zebstrika\n|-damage|p1a: Zebstrika|0 fnt\n|-enditem|p1a: Zebstrika|Life Orb|[from] move: Knock Off|[of] p2a: Cyclizar\n|faint|p1a: Zebstrika\n|\n|upkeep\n|inactive|Time left: 300 sec this turn | 300 sec total | 5 sec grace\n|\n|t:|1783539598\n|switch|p1a: Corviknight|Corviknight, L80, M, tera:Dragon|17/288 brn\n|-ability|p1a: Corviknight|Pressure\n|turn|47\n|inactive|Time left: 300 sec this turn | 300 sec total\n|\n|t:|1783539599\n|move|p2a: Cyclizar|Draco Meteor|p1a: Corviknight\n|-supereffective|p1a: Corviknight\n|-damage|p1a: Corviknight|0 fnt\n|-unboost|p2a: Cyclizar|spa|2\n|faint|p1a: Corviknight\n|\n|win|p0y0123bda", "uploadtime": 1783539599, "views": 0, "rating": 0, "private": 0, "password": null, "_winner": "p0y0123bda", "_our_name": "p0x012edb3"}