{"id": "battle-gen9randombattle-754", "formatid": "gen9randombattle", "format": "[Gen 9] Random Battle", "players": ["p0x754461c", "p0y754e3a7"], "log": "|init|battle\n|title|p0x754461c vs. p0y754e3a7\n|j|\u2606p0x754461c\n|j|\u2606p0y754e3a7\n|t:|1783548587\n|gametype|singles\n|player|p1|p0x754461c|101|\n|player|p2|p0y754e3a7|265|\n|gen|9\n|tier|[Gen 9] Random Battle\n|rule|Species Clause: Limit one of each Pok\u00e9mon\n|rule|HP Percentage Mod: HP is shown in percentages\n|rule|Sleep Clause Mod: Limit one foe put to sleep\n|rule|Illusion Level Mod: Illusion disguises the Pok\u00e9mon's true level\n|\n|t:|1783548587\n|teamsize|p1|6\n|teamsize|p2|6\n|start\n|switch|p1a: Granbull|Granbull, L88, F|302/302\n|switch|p2a: Skeledirge|Skeledirge, L79, F|100/100\n|-ability|p1a: Granbull|Intimidate|boost\n|-unboost|p2a: Skeledirge|atk|1\n|turn|1\n|inactive|Battle timer is ON: inactive players will automatically lose when time's up. (requested by p0x754461c)\n|inactive|p0y754e3a7 also wants the timer to be on.\n|\n|t:|1783548589\n|switch|p1a: Tyranitar|Tyranitar, L78, M|284/284\n|-weather|Sandstorm|[from] ability: Sand Stream|[of] p1a: Tyranitar\n|move|p2a: Skeledirge|Torch Song|p1a: Tyranitar\n|-resisted|p1a: Tyranitar\n|-damage|p1a: Tyranitar|256/284\n|-boost|p2a: Skeledirge|spa|1\n|\n|-weather|Sandstorm|[upkeep]\n|-damage|p2a: Skeledirge|94/100|[from] Sandstorm\n|upkeep\n|turn|2\n|inactive|Time left: 300 sec this turn | 300 sec total\n|\n|t:|1783548590\n|move|p2a: Skeledirge|Torch Song|p1a: Tyranitar\n|-resisted|p1a: Tyranitar\n|-damage|p1a: Tyranitar|214/284\n|-boost|p2a: Skeledirge|spa|1\n|move|p1a: Tyranitar|Knock Off|p2a: Skeledirge\n|-supereffective|p2a: Skeledirge\n|-damage|p2a: Skeledirge|23/100\n|-enditem|p2a: Skeledirge|Heavy-Duty Boots|[from] move: Knock Off|[of] p1a: Tyranitar\n|\n|-weather|Sandstorm|[upkeep]\n|-damage|p2a: Skeledirge|17/100|[from] Sandstorm\n|upkeep\n|turn|3\n|inactive|Time left: 300 sec this turn | 300 sec total\n|\n|t:|1783548592\n|move|p2a: Skeledirge|Slack Off|p2a: Skeledirge\n|-heal|p2a: Skeledirge|67/100\n|move|p1a: Tyranitar|Stone Edge|p2a: Skeledirge\n|-supereffective|p2a: Skeledirge\n|-damage|p2a: Skeledirge|0 fnt\n|faint|p2a: Skeledirge\n|\n|-weather|Sandstorm|[upkeep]\n|upkeep\n|\n|t:|1783548593\n|switch|p2a: Torterra|Torterra, L78, M|100/100\n|turn|4\n|inactive|Time left: 300 sec this turn | 300 sec total\n|\n|t:|1783548594\n|move|p1a: Tyranitar|Ice Punch|p2a: Torterra\n|-supereffective|p2a: Torterra\n|-damage|p2a: Torterra|24/100\n|move|p2a: Torterra|Shell Smash|p2a: Torterra\n|-unboost|p2a: Torterra|def|1\n|-unboost|p2a: Torterra|spd|1\n|-boost|p2a: Torterra|atk|2\n|-boost|p2a: Torterra|spa|2\n|-boost|p2a: Torterra|spe|2\n|\n|-weather|Sandstorm|[upkeep]\n|upkeep\n|turn|5\n|inactive|Time left: 300 sec this turn | 300 sec total\n|\n|t:|1783548595\n|move|p2a: Torterra|Bullet Seed|p1a: Tyranitar\n|-supereffective|p1a: Tyranitar\n|-damage|p1a: Tyranitar|68/284\n|-enditem|p1a: Tyranitar|Weakness Policy\n|-boost|p1a: Tyranitar|atk|2|[from] item: Weakness Policy\n|-boost|p1a: Tyranitar|spa|2|[from] item: Weakness Policy\n|-supereffective|p1a: Tyranitar\n|-damage|p1a: Tyranitar|0 fnt\n|faint|p1a: Tyranitar\n|-hitcount|p1: Tyranitar|2\n|\n|-weather|none\n|upkeep\n|inactive|Time left: 300 sec this turn | 300 sec total | 5 sec grace\n|\n|t:|1783548596\n|switch|p1a: Porygon2|Porygon2, L81|270/270\n|-ability|p1a: Porygon2|Download|boost\n|-boost|p1a: Porygon2|spa|1\n|turn|6\n|inactive|Time left: 300 sec this turn | 300 sec total\n|\n|t:|1783548597\n|move|p2a: Torterra|Bullet Seed|p1a: Porygon2\n|-damage|p1a: Porygon2|216/270\n|-damage|p1a: Porygon2|159/270\n|-damage|p1a: Porygon2|104/270\n|-damage|p1a: Porygon2|53/270\n|-damage|p1a: Porygon2|4/270\n|-hitcount|p1a: Porygon2|5\n|move|p1a: Porygon2|Tri Attack|p2a: Torterra\n|-damage|p2a: Torterra|0 fnt\n|faint|p2a: Torterra\n|\n|upkeep\n|\n|t:|1783548598\n|switch|p2a: Samurott|Samurott, L88, F|100/100\n|turn|7\n|inactive|Time left: 300 sec this turn | 300 sec total\n|\n|t:|1783548599\n|move|p2a: Samurott|Knock Off|p1a: Porygon2\n|-damage|p1a: Porygon2|0 fnt\n|-enditem|p1a: Porygon2|Eviolite|[from] move: Knock Off|[of] p2a: Samurott\n|faint|p1a: Porygon2\n|\n|upkeep\n|inactive|Time left: 300 sec this turn | 300 sec total | 5 sec grace\n|\n|t:|1783548601\n|switch|p1a: Galvantula|Galvantula, L82, F|249/249\n|turn|8\n|inactive|Time left: 300 sec this turn | 300 sec total\n|\n|t:|1783548602\n|move|p1a: Galvantula|Sticky Web|p2a: Samurott\n|-sidestart|p2: p0y754e3a7|move: Sticky Web\n|move|p2a: Samurott|Hydro Pump|p1a: Galvantula\n|-damage|p1a: Galvantula|60/249\n|\n|upkeep\n|turn|9\n|inactive|Time left: 300 sec this turn | 300 sec total\n|\n|t:|1783548603\n|move|p2a: Samurott|Aqua Jet|p1a: Galvantula\n|-crit|p1a: Galvantula\n|-damage|p1a: Galvantula|0 fnt\n|faint|p1a: Galvantula\n|\n|upkeep\n|inactive|Time left: 300 sec this turn | 300 sec total | 5 sec grace\n|\n|t:|1783548604\n|switch|p1a: Annihilape|Annihilape, L76, M|292/292\n|turn|10\n|inactive|Time left: 300 sec this turn | 300 sec total\n|\n|t:|1783548606\n|move|p1a: Annihilape|Bulk Up|p1a: Annihilape\n|-boost|p1a: Annihilape|atk|1\n|-boost|p1a: Annihilape|def|1\n|move|p2a: Samurott|Hydro Pump|p1a: Annihilape\n|-damage|p1a: Annihilape|138/292\n|\n|-heal|p1a: Annihilape|156/292|[from] item: Leftovers\n|upkeep\n|turn|11\n|inactive|Time left: 300 sec this turn | 300 sec total\n|\n|t:|1783548607\n|move|p1a: Annihilape|Drain Punch|p2a: Samurott\n|-damage|p2a: Samurott|62/100\n|-heal|p1a: Annihilape|216/292|[from] drain|[of] p2a: Samurott\n|move|p2a: Samurott|Hydro Pump|p1a: Annihilape\n|-damage|p1a: Annihilape|63/292\n|\n|-heal|p1a: Annihilape|81/292|[from] item: Leftovers\n|upkeep\n|turn|12\n|inactive|Time left: 300 sec this turn | 300 sec total\n|\n|t:|1783548608\n|move|p1a: Annihilape|Drain Punch|p2a: Samurott\n|-damage|p2a: Samurott|28/100\n|-heal|p1a: Annihilape|134/292|[from] drain|[of] p2a: Samurott\n|move|p2a: Samurott|Hydro Pump|p1a: Annihilape\n|-damage|p1a: Annihilape|0 fnt\n|faint|p1a: Annihilape\n|\n|upkeep\n|inactive|Time left: 300 sec this turn | 300 sec total | 5 sec grace\n|\n|t:|1783548609\n|switch|p1a: Iron Valiant|Iron Valiant, L78|244/244\n|turn|13\n|inactive|Time left: 300 sec this turn | 300 sec total\n|\n|t:|1783548610\n|move|p2a: Samurott|Aqua Jet|p1a: Iron Valiant\n|-damage|p1a: Iron Valiant|171/244\n|move|p1a: Iron Valiant|Spirit Break|p2a: Samurott\n|-damage|p2a: Samurott|0 fnt\n|faint|p2a: Samurott\n|-damage|p1a: Iron Valiant|147/244|[from] item: Life Orb\n|\n|upkeep\n|\n|t:|1783548611\n|switch|p2a: Luvdisc|Luvdisc, F|100/100\n|turn|14\n|inactive|Time left: 300 sec this turn | 300 sec total\n|\n|t:|1783548612\n|move|p2a: Luvdisc|Surf|p1a: Iron Valiant\n|-damage|p1a: Iron Valiant|39/244\n|move|p1a: Iron Valiant|Spirit Break|p2a: Luvdisc\n|-damage|p2a: Luvdisc|49/100\n|-unboost|p2a: Luvdisc|spa|1\n|-damage|p1a: Iron Valiant|15/244|[from] item: Life Orb\n|\n|upkeep\n|turn|15\n|inactive|Time left: 300 sec this turn | 300 sec total\n|\n|t:|1783548613\n|-end|p1a: Iron Valiant|Quark Drive|[silent]\n|switch|p1a: Granbull|Granbull, L88, F|302/302\n|-ability|p1a: Granbull|Intimidate|boost\n|-unboost|p2a: Luvdisc|atk|1\n|move|p2a: Luvdisc|Surf|p1a: Granbull\n|-damage|p1a: Granbull|239/302\n|\n|-heal|p1a: Granbull|257/302|[from] item: Leftovers\n|upkeep\n|turn|16\n|inactive|Time left: 300 sec this turn | 300 sec total\n|\n|t:|1783548614\n|move|p2a: Luvdisc|Substitute|p2a: Luvdisc\n|-start|p2a: Luvdisc|Substitute\n|-damage|p2a: Luvdisc|25/100\n|move|p1a: Granbull|Play Rough|p2a: Luvdisc\n|-end|p2a: Luvdisc|Substitute\n|\n|-heal|p1a: Granbull|275/302|[from] item: Leftovers\n|upkeep\n|turn|17\n|inactive|Time left: 300 sec this turn | 300 sec total\n|\n|t:|1783548615\n|switch|p1a: Iron Valiant|Iron Valiant, L78|15/244\n|move|p2a: Luvdisc|Endeavor|p1a: Iron Valiant\n|-immune|p1a: Iron Valiant\n|\n|upkeep\n|turn|18\n|inactive|Time left: 300 sec this turn | 300 sec total\n|\n|t:|1783548616\n|-end|p1a: Iron Valiant|Quark Drive|[silent]\n|switch|p1a: Granbull|Granbull, L88, F|275/302\n|-ability|p1a: Granbull|Intimidate|boost\n|-unboost|p2a: Luvdisc|atk|1\n|move|p2a: Luvdisc|Surf|p1a: Granbull\n|-damage|p1a: Granbull|211/302\n|\n|-heal|p1a: Granbull|229/302|[from] item: Leftovers\n|upkeep\n|turn|19\n|inactive|Time left: 300 sec this turn | 300 sec total\n|\n|t:|1783548617\n|move|p2a: Luvdisc|Endeavor|p1a: Granbull\n|-damage|p1a: Granbull|60/302\n|move|p1a: Granbull|Earthquake|p2a: Luvdisc\n|-damage|p2a: Luvdisc|0 fnt\n|faint|p2a: Luvdisc\n|\n|-heal|p1a: Granbull|78/302|[from] item: Leftovers\n|upkeep\n|\n|t:|1783548618\n|switch|p2a: Terapagos|Terapagos, L77, F|100/100\n|-activate|p2a: Terapagos|ability: Tera Shift\n|detailschange|p2a: Terapagos|Terapagos-Terastal, L77, F\n|-heal|p2a: Terapagos|100/100|[silent]\n|turn|20\n|inactive|Time left: 300 sec this turn | 300 sec total\n|\n|t:|1783548620\n|switch|p1a: Iron Valiant|Iron Valiant, L78|15/244\n|-terastallize|p2a: Terapagos|Stellar\n|detailschange|p2a: Terapagos|Terapagos-Stellar, L77, F, tera:Stellar\n|-heal|p2a: Terapagos|100/100|[silent]\n|move|p2a: Terapagos|Tera Starstorm|p1a: Iron Valiant\n|-crit|p1a: Iron Valiant\n|-damage|p1a: Iron Valiant|0 fnt\n|faint|p1a: Iron Valiant\n|-end|p1a: Iron Valiant|Quark Drive|[silent]\n|\n|upkeep\n|inactive|Time left: 300 sec this turn | 300 sec total | 5 sec grace\n|\n|t:|1783548621\n|switch|p1a: Granbull|Granbull, L88, F|78/302\n|-ability|p1a: Granbull|Intimidate|boost\n|-unboost|p2a: Terapagos|atk|1\n|turn|21\n|inactive|Time left: 300 sec this turn | 300 sec total\n|\n|t:|1783548622\n|-terastallize|p1a: Granbull|Ground\n|move|p2a: Terapagos|Tera Starstorm|p1a: Granbull\n|-supereffective|p1a: Granbull\n|-damage|p1a: Granbull|0 fnt\n|faint|p1a: Granbull\n|\n|win|p0y754e3a7", "uploadtime": 1783548622, "views": 0, "rating": 0, "private": 0, "password": null, "_winner": "p0y754e3a7", "_our_name": "p0x754461c"}