{"id": "battle-gen9randombattle-1014", "formatid": "gen9randombattle", "format": "[Gen 9] Random Battle", "players": ["p0x1014485c", "p0y1014627d"], "log": "|init|battle\n|title|p0x1014485c vs. p0y1014627d\n|j|\u2606p0x1014485c\n|j|\u2606p0y1014627d\n|t:|1783551660\n|gametype|singles\n|player|p1|p0x1014485c|102|\n|player|p2|p0y1014627d|265|\n|gen|9\n|tier|[Gen 9] Random Battle\n|rule|Species Clause: Limit one of each Pok\u00e9mon\n|rule|HP Percentage Mod: HP is shown in percentages\n|rule|Sleep Clause Mod: Limit one foe put to sleep\n|rule|Illusion Level Mod: Illusion disguises the Pok\u00e9mon's true level\n|\n|t:|1783551660\n|teamsize|p1|6\n|teamsize|p2|6\n|start\n|switch|p1a: Palkia|Palkia-Origin, L72|100/100\n|switch|p2a: Pincurchin|Pincurchin, M|258/258\n|-ability|p1a: Palkia|Pressure\n|-fieldstart|move: Electric Terrain|[from] ability: Electric Surge|[of] p2a: Pincurchin\n|turn|1\n|inactive|Battle timer is ON: inactive players will automatically lose when time's up. (requested by p0x1014485c)\n|inactive|Time left: 300 sec this turn | 300 sec total | 60 sec grace\n|inactive|p0y1014627d also wants the timer to be on.\n|\n|t:|1783551662\n|switch|p1a: Electivire|Electivire, L84, M|100/100\n|move|p2a: Pincurchin|Thunderbolt|p1a: Electivire\n|-ability|p1a: Electivire|Motor Drive|boost\n|-boost|p1a: Electivire|spe|1\n|\n|upkeep\n|turn|2\n|inactive|Time left: 300 sec this turn | 300 sec total\n|\n|t:|1783551663\n|move|p1a: Electivire|Supercell Slam|p2a: Pincurchin|[miss]\n|-miss|p1a: Electivire|p2a: Pincurchin\n|-damage|p1a: Electivire|51/100|[from] supercellslam\n|move|p2a: Pincurchin|Scald|p1a: Electivire\n|-damage|p1a: Electivire|21/100\n|-status|p1a: Electivire|brn\n|\n|-damage|p1a: Electivire|15/100 brn|[from] brn\n|upkeep\n|turn|3\n|inactive|Time left: 300 sec this turn | 300 sec total\n|\n|t:|1783551664\n|move|p1a: Electivire|Supercell Slam|p2a: Pincurchin\n|-resisted|p2a: Pincurchin\n|-damage|p2a: Pincurchin|212/258\n|move|p2a: Pincurchin|Toxic Spikes|p1a: Electivire\n|-sidestart|p1: p0x1014485c|move: Toxic Spikes\n|\n|-heal|p2a: Pincurchin|228/258|[from] item: Leftovers\n|-damage|p1a: Electivire|9/100 brn|[from] brn\n|upkeep\n|turn|4\n|inactive|Time left: 300 sec this turn | 300 sec total\n|\n|t:|1783551665\n|switch|p1a: Fezandipiti|Fezandipiti, L82, M|100/100\n|-sideend|p1: p0x1014485c|move: Toxic Spikes|[of] p1a: Fezandipiti\n|move|p2a: Pincurchin|Thunderbolt|p1a: Fezandipiti\n|-damage|p1a: Fezandipiti|57/100\n|\n|-heal|p1a: Fezandipiti|63/100|[from] item: Leftovers\n|-heal|p2a: Pincurchin|244/258|[from] item: Leftovers\n|upkeep\n|turn|5\n|inactive|Time left: 300 sec this turn | 300 sec total\n|\n|t:|1783551666\n|move|p1a: Fezandipiti|Swords Dance|p1a: Fezandipiti\n|-boost|p1a: Fezandipiti|atk|2\n|move|p2a: Pincurchin|Thunderbolt|p1a: Fezandipiti\n|-damage|p1a: Fezandipiti|19/100\n|\n|-heal|p1a: Fezandipiti|25/100|[from] item: Leftovers\n|-heal|p2a: Pincurchin|258/258|[from] item: Leftovers\n|-fieldend|move: Electric Terrain\n|upkeep\n|turn|6\n|inactive|Time left: 300 sec this turn | 300 sec total\n|\n|t:|1783551667\n|move|p1a: Fezandipiti|Gunk Shot|p2a: Pincurchin\n|-damage|p2a: Pincurchin|84/258\n|move|p2a: Pincurchin|Scald|p1a: Fezandipiti\n|-damage|p1a: Fezandipiti|3/100\n|\n|-heal|p1a: Fezandipiti|9/100|[from] item: Leftovers\n|-heal|p2a: Pincurchin|100/258|[from] item: Leftovers\n|upkeep\n|turn|7\n|inactive|Time left: 300 sec this turn | 300 sec total\n|\n|t:|1783551669\n|move|p1a: Fezandipiti|Play Rough|p2a: Pincurchin\n|-damage|p2a: Pincurchin|0 fnt\n|faint|p2a: Pincurchin\n|\n|-heal|p1a: Fezandipiti|16/100|[from] item: Leftovers\n|upkeep\n|inactive|Time left: 300 sec this turn | 300 sec total | 5 sec grace\n|\n|t:|1783551669\n|switch|p2a: Cryogonal|Cryogonal, L89|287/287\n|turn|8\n|inactive|Time left: 300 sec this turn | 300 sec total\n|\n|t:|1783551671\n|switch|p1a: Hoopa|Hoopa-Unbound, L80|100/100\n|move|p2a: Cryogonal|Freeze-Dry|p1a: Hoopa\n|-damage|p1a: Hoopa|76/100\n|\n|upkeep\n|turn|9\n|inactive|Time left: 300 sec this turn | 300 sec total\n|\n|t:|1783551672\n|switch|p2a: Rillaboom|Rillaboom, L79, F|288/288\n|-fieldstart|move: Grassy Terrain|[from] ability: Grassy Surge|[of] p2a: Rillaboom\n|move|p1a: Hoopa|Hyperspace Fury|p2a: Rillaboom\n|-damage|p2a: Rillaboom|78/288\n|-unboost|p1a: Hoopa|def|1\n|\n|-heal|p2a: Rillaboom|96/288|[from] Grassy Terrain\n|-heal|p1a: Hoopa|82/100|[from] Grassy Terrain\n|upkeep\n|turn|10\n|inactive|Time left: 300 sec this turn | 300 sec total\n|\n|t:|1783551673\n|switch|p1a: Electivire|Electivire, L84, M|9/100 brn\n|move|p2a: Rillaboom|Grassy Glide|p1a: Electivire\n|-damage|p1a: Electivire|0 fnt\n|faint|p1a: Electivire\n|-damage|p2a: Rillaboom|68/288|[from] item: Life Orb\n|\n|-heal|p2a: Rillaboom|86/288|[from] Grassy Terrain\n|upkeep\n|\n|t:|1783551674\n|switch|p1a: Palkia|Palkia-Origin, L72|100/100\n|turn|11\n|inactive|Time left: 300 sec this turn | 300 sec total\n|\n|t:|1783551675\n|move|p2a: Rillaboom|Grassy Glide|p1a: Palkia\n|-damage|p1a: Palkia|40/100\n|replace|p1a: Zoroark|Zoroark, L83, F\n|-end|p1a: Zoroark|Illusion\n|-hint|Illusion Level Mod is active, so this Pok\u00e9mon's true level was hidden.\n|-damage|p2a: Rillaboom|58/288|[from] item: Life Orb\n|move|p1a: Zoroark|Dark Pulse|p2a: Rillaboom\n|-damage|p2a: Rillaboom|0 fnt\n|faint|p2a: Rillaboom\n|\n|-heal|p1a: Zoroark|46/100|[from] Grassy Terrain\n|upkeep\n|inactive|Time left: 300 sec this turn | 300 sec total | 5 sec grace\n|\n|t:|1783551676\n|switch|p2a: Regieleki|Regieleki, L79|256/256\n|turn|12\n|inactive|Time left: 300 sec this turn | 300 sec total\n|\n|t:|1783551677\n|switch|p1a: Lanturn|Lanturn, L89, F|100/100\n|move|p2a: Regieleki|Thunderbolt|p1a: Lanturn\n|-immune|p1a: Lanturn|[from] ability: Volt Absorb\n|\n|upkeep\n|turn|13\n|inactive|Time left: 300 sec this turn | 300 sec total\n|\n|t:|1783551678\n|switch|p2a: Cryogonal|Cryogonal, L89|287/287\n|move|p1a: Lanturn|Scald|p2a: Cryogonal\n|-damage|p2a: Cryogonal|235/287\n|-status|p2a: Cryogonal|brn\n|\n|-damage|p2a: Cryogonal|218/287 brn|[from] brn\n|-fieldend|move: Grassy Terrain\n|upkeep\n|turn|14\n|inactive|Time left: 300 sec this turn | 300 sec total\n|\n|t:|1783551679\n|switch|p1a: Hoopa|Hoopa-Unbound, L80|82/100\n|move|p2a: Cryogonal|Freeze-Dry|p1a: Hoopa\n|-damage|p1a: Hoopa|56/100\n|\n|-damage|p2a: Cryogonal|201/287 brn|[from] brn\n|upkeep\n|turn|15\n|inactive|Time left: 300 sec this turn | 300 sec total\n|\n|t:|1783551680\n|move|p2a: Cryogonal|Freeze-Dry|p1a: Hoopa\n|-damage|p1a: Hoopa|33/100\n|move|p1a: Hoopa|Hyperspace Fury|p2a: Cryogonal\n|-damage|p2a: Cryogonal|0 fnt\n|-unboost|p1a: Hoopa|def|1\n|faint|p2a: Cryogonal\n|\n|upkeep\n|inactive|Time left: 300 sec this turn | 300 sec total | 5 sec grace\n|\n|t:|1783551681\n|switch|p2a: Regieleki|Regieleki, L79|219/219\n|turn|16\n|inactive|Time left: 300 sec this turn | 300 sec total\n|\n|t:|1783551682\n|switch|p1a: Lanturn|Lanturn, L89, F|100/100\n|-terastallize|p2a: Regieleki|Normal\n|move|p2a: Regieleki|Hyper Voice|p1a: Lanturn\n|-damage|p1a: Lanturn|48/100\n|-damage|p2a: Regieleki|198/219|[from] item: Life Orb\n|\n|-heal|p1a: Lanturn|54/100|[from] item: Leftovers\n|upkeep\n|turn|17\n|inactive|Time left: 300 sec this turn | 300 sec total\n|\n|t:|1783551683\n|move|p2a: Regieleki|Hyper Voice|p1a: Lanturn\n|-damage|p1a: Lanturn|3/100\n|-damage|p2a: Regieleki|177/219|[from] item: Life Orb\n|move|p1a: Lanturn|Thunderbolt|p2a: Regieleki\n|-damage|p2a: Regieleki|59/219\n|-status|p2a: Regieleki|par\n|replace|p2a: Zoroark|Zoroark-Hisui, L80, M\n|-end|p2a: Zoroark|Illusion\n|\n|-heal|p1a: Lanturn|9/100|[from] item: Leftovers\n|upkeep\n|turn|18\n|inactive|Time left: 300 sec this turn | 300 sec total\n|\n|t:|1783551684\n|move|p1a: Lanturn|Scald|p2a: Zoroark\n|-damage|p2a: Zoroark|0 fnt\n|faint|p2a: Zoroark\n|\n|-heal|p1a: Lanturn|15/100|[from] item: Leftovers\n|upkeep\n|inactive|Time left: 300 sec this turn | 300 sec total | 5 sec grace\n|\n|t:|1783551685\n|switch|p2a: Vivillon|Vivillon-Marine, L83, M|268/268\n|turn|19\n|inactive|Time left: 300 sec this turn | 300 sec total\n|\n|t:|1783551686\n|move|p2a: Vivillon|Quiver Dance|p2a: Vivillon\n|-boost|p2a: Vivillon|spa|1\n|-boost|p2a: Vivillon|spd|1\n|-boost|p2a: Vivillon|spe|1\n|move|p1a: Lanturn|Thunderbolt|p2a: Vivillon\n|-supereffective|p2a: Vivillon\n|-damage|p2a: Vivillon|74/268\n|\n|-heal|p1a: Lanturn|21/100|[from] item: Leftovers\n|upkeep\n|turn|20\n|inactive|Time left: 300 sec this turn | 300 sec total\n|\n|t:|1783551687\n|move|p2a: Vivillon|Tera Blast|p1a: Lanturn\n|-damage|p1a: Lanturn|0 fnt\n|faint|p1a: Lanturn\n|\n|upkeep\n|\n|t:|1783551688\n|switch|p1a: Palkia|Palkia-Origin, L72|100/100\n|-ability|p1a: Palkia|Pressure\n|turn|21\n|inactive|Time left: 300 sec this turn | 300 sec total\n|\n|t:|1783551689\n|move|p2a: Vivillon|Sleep Powder|p1a: Palkia\n|-status|p1a: Palkia|slp|[from] move: Sleep Powder\n|cant|p1a: Palkia|slp\n|\n|upkeep\n|turn|22\n|inactive|Time left: 300 sec this turn | 300 sec total\n|\n|t:|1783551690\n|move|p2a: Vivillon|Hurricane|p1a: Palkia\n|-damage|p1a: Palkia|37/100 slp\n|-start|p1a: Palkia|confusion\n|cant|p1a: Palkia|slp\n|\n|upkeep\n|turn|23\n|inactive|Time left: 300 sec this turn | 300 sec total\n|\n|t:|1783551691\n|switch|p1a: Fezandipiti|Fezandipiti, L82, M|16/100\n|move|p2a: Vivillon|Hurricane|p1a: Fezandipiti\n|-damage|p1a: Fezandipiti|0 fnt\n|faint|p1a: Fezandipiti\n|\n|upkeep\n|\n|t:|1783551692\n|switch|p1a: Hoopa|Hoopa-Unbound, L80|33/100\n|turn|24\n|inactive|Time left: 300 sec this turn | 300 sec total\n|\n|t:|1783551693\n|move|p2a: Vivillon|Hurricane|p1a: Hoopa\n|-damage|p1a: Hoopa|0 fnt\n|faint|p1a: Hoopa\n|\n|upkeep\n|\n|t:|1783551694\n|switch|p1a: Palkia|Palkia-Origin, L72|46/100\n|turn|25\n|inactive|Time left: 300 sec this turn | 300 sec total\n|\n|t:|1783551695\n|move|p2a: Vivillon|Hurricane|p1a: Palkia|[miss]\n|-miss|p2a: Vivillon|p1a: Palkia\n|move|p1a: Palkia|Dark Pulse|p2a: Vivillon\n|-damage|p2a: Vivillon|0 fnt\n|faint|p2a: Vivillon\n|\n|upkeep\n|inactive|Time left: 300 sec this turn | 300 sec total | 5 sec grace\n|\n|t:|1783551696\n|switch|p2a: Regieleki|Regieleki, L79|256/256\n|turn|26\n|inactive|Time left: 300 sec this turn | 300 sec total\n|\n|t:|1783551697\n|switch|p1a: Palkia|Palkia-Origin, L72|37/100 slp\n|-ability|p1a: Palkia|Pressure\n|move|p2a: Regieleki|Thunderbolt|p1a: Palkia\n|-damage|p1a: Palkia|0 fnt\n|faint|p1a: Palkia\n|\n|upkeep\n|\n|t:|1783551698\n|switch|p1a: Zoroark|Zoroark, L83, F|46/100\n|turn|27\n|inactive|Time left: 300 sec this turn | 300 sec total\n|\n|t:|1783551698\n|move|p2a: Regieleki|Thunderbolt|p1a: Zoroark\n|-damage|p1a: Zoroark|0 fnt\n|faint|p1a: Zoroark\n|\n|win|p0y1014627d", "uploadtime": 1783551698, "views": 0, "rating": 0, "private": 0, "password": null, "_winner": "p0y1014627d", "_our_name": "p0y1014627d"}