{"id": "battle-gen9randombattle-953", "formatid": "gen9randombattle", "format": "[Gen 9] Random Battle", "players": ["p0x9538db2", "p0y953db3f"], "log": "|init|battle\n|title|p0x9538db2 vs. p0y953db3f\n|j|\u2606p0x9538db2\n|j|\u2606p0y953db3f\n|t:|1783550910\n|gametype|singles\n|player|p1|p0x9538db2|101|\n|player|p2|p0y953db3f|1|\n|gen|9\n|tier|[Gen 9] Random Battle\n|rule|Species Clause: Limit one of each Pok\u00e9mon\n|rule|HP Percentage Mod: HP is shown in percentages\n|rule|Sleep Clause Mod: Limit one foe put to sleep\n|rule|Illusion Level Mod: Illusion disguises the Pok\u00e9mon's true level\n|\n|t:|1783550910\n|teamsize|p1|6\n|teamsize|p2|6\n|start\n|switch|p1a: Comfey|Comfey, L85, F|100/100\n|switch|p2a: Slowking|Slowking, L88, F|310/310\n|turn|1\n|inactive|Battle timer is ON: inactive players will automatically lose when time's up. (requested by p0y953db3f)\n|\n|t:|1783550911\n|switch|p2a: Moltres|Moltres-Galar, L79|271/271\n|move|p1a: Comfey|Calm Mind|p1a: Comfey\n|-boost|p1a: Comfey|spa|1\n|-boost|p1a: Comfey|spd|1\n|\n|upkeep\n|turn|2\n|inactive|Time left: 300 sec this turn | 300 sec total\n|inactive|p0x9538db2 also wants the timer to be on.\n|\n|t:|1783550912\n|move|p1a: Comfey|Calm Mind|p1a: Comfey\n|-boost|p1a: Comfey|spa|1\n|-boost|p1a: Comfey|spd|1\n|move|p2a: Moltres|Agility|p2a: Moltres\n|-boost|p2a: Moltres|spe|2\n|\n|upkeep\n|turn|3\n|inactive|Time left: 300 sec this turn | 300 sec total\n|\n|t:|1783550913\n|move|p1a: Comfey|Draining Kiss|p2a: Moltres\n|-supereffective|p2a: Moltres\n|-damage|p2a: Moltres|109/271\n|-enditem|p2a: Moltres|Weakness Policy\n|-boost|p2a: Moltres|atk|2|[from] item: Weakness Policy\n|-boost|p2a: Moltres|spa|2|[from] item: Weakness Policy\n|-ability|p2a: Moltres|Berserk|boost\n|-boost|p2a: Moltres|spa|1\n|move|p2a: Moltres|Hurricane|p1a: Comfey\n|-damage|p1a: Comfey|51/100\n|\n|-heal|p1a: Comfey|57/100|[from] item: Leftovers\n|upkeep\n|turn|4\n|inactive|Time left: 300 sec this turn | 300 sec total\n|\n|t:|1783550914\n|move|p1a: Comfey|Draining Kiss|p2a: Moltres\n|-supereffective|p2a: Moltres\n|-damage|p2a: Moltres|0 fnt\n|-heal|p1a: Comfey|93/100|[from] drain|[of] p2a: Moltres\n|faint|p2a: Moltres\n|\n|-heal|p1a: Comfey|99/100|[from] item: Leftovers\n|upkeep\n|inactive|Time left: 300 sec this turn | 300 sec total | 5 sec grace\n|\n|t:|1783550915\n|switch|p2a: Dachsbun|Dachsbun, L92, F|254/254\n|turn|5\n|inactive|Time left: 300 sec this turn | 300 sec total\n|\n|t:|1783550916\n|move|p1a: Comfey|Draining Kiss|p2a: Dachsbun\n|-damage|p2a: Dachsbun|161/254\n|-heal|p1a: Comfey|100/100|[from] drain|[of] p2a: Dachsbun\n|move|p2a: Dachsbun|Yawn|p1a: Comfey\n|-start|p1a: Comfey|move: Yawn|[of] p2a: Dachsbun\n|\n|-heal|p2a: Dachsbun|176/254|[from] item: Leftovers\n|upkeep\n|turn|6\n|inactive|Time left: 300 sec this turn | 300 sec total\n|\n|t:|1783550917\n|move|p2a: Dachsbun|Play Rough|p1a: Comfey\n|-crit|p1a: Comfey\n|-damage|p1a: Comfey|36/100\n|-unboost|p1a: Comfey|atk|1\n|move|p1a: Comfey|Tera Blast|p2a: Dachsbun\n|-damage|p2a: Dachsbun|72/254\n|\n|-heal|p2a: Dachsbun|87/254|[from] item: Leftovers\n|-heal|p1a: Comfey|43/100|[from] item: Leftovers\n|-end|p1a: Comfey|move: Yawn|[silent]\n|-status|p1a: Comfey|slp\n|upkeep\n|turn|7\n|inactive|Time left: 300 sec this turn | 300 sec total\n|\n|t:|1783550918\n|move|p2a: Dachsbun|Play Rough|p1a: Comfey\n|-damage|p1a: Comfey|0 fnt\n|faint|p1a: Comfey\n|\n|-heal|p2a: Dachsbun|102/254|[from] item: Leftovers\n|upkeep\n|\n|t:|1783550919\n|switch|p1a: Araquanid|Araquanid, L82, M|100/100\n|turn|8\n|inactive|Time left: 300 sec this turn | 300 sec total\n|\n|t:|1783550920\n|move|p2a: Dachsbun|Play Rough|p1a: Araquanid\n|-damage|p1a: Araquanid|61/100\n|move|p1a: Araquanid|Sticky Web|p2a: Dachsbun\n|-sidestart|p2: p0y953db3f|move: Sticky Web\n|\n|-heal|p2a: Dachsbun|117/254|[from] item: Leftovers\n|upkeep\n|turn|9\n|inactive|Time left: 300 sec this turn | 300 sec total\n|\n|t:|1783550921\n|move|p2a: Dachsbun|Play Rough|p1a: Araquanid\n|-damage|p1a: Araquanid|18/100\n|move|p1a: Araquanid|Liquidation|p2a: Dachsbun\n|-crit|p2a: Dachsbun\n|-damage|p2a: Dachsbun|0 fnt\n|faint|p2a: Dachsbun\n|\n|upkeep\n|inactive|Time left: 300 sec this turn | 300 sec total | 5 sec grace\n|\n|t:|1783550922\n|switch|p2a: Toxtricity|Toxtricity, L82, M|257/257\n|-activate|p2a: Toxtricity|move: Sticky Web\n|-unboost|p2a: Toxtricity|spe|1\n|turn|10\n|inactive|Time left: 300 sec this turn | 300 sec total\n|\n|t:|1783550923\n|move|p2a: Toxtricity|Boomburst|p1a: Araquanid\n|-damage|p1a: Araquanid|0 fnt\n|faint|p1a: Araquanid\n|\n|upkeep\n|\n|t:|1783550924\n|switch|p1a: Munkidori|Munkidori, L79, M|100/100\n|turn|11\n|inactive|Time left: 300 sec this turn | 300 sec total\n|\n|t:|1783550925\n|move|p1a: Munkidori|Psyshock|p2a: Toxtricity\n|-supereffective|p2a: Toxtricity\n|-damage|p2a: Toxtricity|0 fnt\n|faint|p2a: Toxtricity\n|\n|upkeep\n|inactive|Time left: 300 sec this turn | 300 sec total | 5 sec grace\n|\n|t:|1783550926\n|switch|p2a: Darkrai|Darkrai, L77|234/234\n|-activate|p2a: Darkrai|move: Sticky Web\n|-unboost|p2a: Darkrai|spe|1\n|turn|12\n|inactive|Time left: 300 sec this turn | 300 sec total\n|\n|t:|1783550927\n|switch|p1a: Salamence|Salamence, L77, F|100/100\n|move|p2a: Darkrai|Nasty Plot|p2a: Darkrai\n|-boost|p2a: Darkrai|spa|2\n|\n|upkeep\n|turn|13\n|inactive|Time left: 300 sec this turn | 300 sec total\n|\n|t:|1783550928\n|move|p1a: Salamence|Outrage|p2a: Darkrai\n|-damage|p2a: Darkrai|83/234\n|move|p2a: Darkrai|Dark Pulse|p1a: Salamence\n|-damage|p1a: Salamence|6/100\n|-damage|p2a: Darkrai|60/234|[from] item: Life Orb\n|\n|upkeep\n|turn|14\n|inactive|Time left: 300 sec this turn | 300 sec total\n|\n|t:|1783550929\n|move|p1a: Salamence|Outrage|p2a: Darkrai|[from] lockedmove\n|-damage|p2a: Darkrai|0 fnt\n|faint|p2a: Darkrai\n|-ability|p1a: Salamence|Moxie|boost\n|-boost|p1a: Salamence|atk|1\n|\n|upkeep\n|inactive|Time left: 300 sec this turn | 300 sec total | 5 sec grace\n|\n|t:|1783550931\n|switch|p2a: Luvdisc|Luvdisc, F|247/247\n|turn|15\n|inactive|Time left: 300 sec this turn | 300 sec total\n|\n|t:|1783550932\n|move|p2a: Luvdisc|Surf|p1a: Salamence\n|-resisted|p1a: Salamence\n|-damage|p1a: Salamence|0 fnt\n|faint|p1a: Salamence\n|\n|upkeep\n|\n|t:|1783550933\n|switch|p1a: Munkidori|Munkidori, L79, M|100/100\n|turn|16\n|inactive|Time left: 300 sec this turn | 300 sec total\n|\n|t:|1783550934\n|move|p2a: Luvdisc|Substitute|p2a: Luvdisc\n|-start|p2a: Luvdisc|Substitute\n|-damage|p2a: Luvdisc|186/247\n|move|p1a: Munkidori|Sludge Wave|p2a: Luvdisc\n|-crit|p2a: Luvdisc\n|-end|p2a: Luvdisc|Substitute\n|\n|upkeep\n|turn|17\n|inactive|Time left: 300 sec this turn | 300 sec total\n|\n|t:|1783550935\n|move|p2a: Luvdisc|Substitute|p2a: Luvdisc\n|-start|p2a: Luvdisc|Substitute\n|-damage|p2a: Luvdisc|125/247\n|move|p1a: Munkidori|Sludge Wave|p2a: Luvdisc\n|-end|p2a: Luvdisc|Substitute\n|\n|upkeep\n|turn|18\n|inactive|Time left: 300 sec this turn | 300 sec total\n|\n|t:|1783550936\n|move|p2a: Luvdisc|Substitute|p2a: Luvdisc\n|-start|p2a: Luvdisc|Substitute\n|-damage|p2a: Luvdisc|64/247\n|move|p1a: Munkidori|Sludge Wave|p2a: Luvdisc\n|-end|p2a: Luvdisc|Substitute\n|\n|upkeep\n|turn|19\n|inactive|Time left: 300 sec this turn | 300 sec total\n|\n|t:|1783550937\n|move|p2a: Luvdisc|Endeavor|p1a: Munkidori\n|-damage|p1a: Munkidori|24/100\n|move|p1a: Munkidori|Sludge Wave|p2a: Luvdisc\n|-damage|p2a: Luvdisc|0 fnt\n|faint|p2a: Luvdisc\n|\n|upkeep\n|inactive|Time left: 300 sec this turn | 300 sec total | 5 sec grace\n|\n|t:|1783550938\n|switch|p2a: Slowking|Slowking, L88, F|310/310\n|turn|20\n|inactive|Time left: 300 sec this turn | 300 sec total\n|\n|t:|1783550939\n|move|p1a: Munkidori|Sludge Wave|p2a: Slowking\n|-damage|p2a: Slowking|171/310\n|move|p2a: Slowking|Scald|p1a: Munkidori\n|-damage|p1a: Munkidori|0 fnt\n|faint|p1a: Munkidori\n|\n|upkeep\n|\n|t:|1783550941\n|switch|p1a: Trevenant|Trevenant, L89, F|100/100\n|turn|21\n|inactive|Time left: 300 sec this turn | 300 sec total\n|\n|t:|1783550942\n|-terastallize|p2a: Slowking|Fairy\n|move|p1a: Trevenant|Poltergeist|p2a: Slowking\n|-activate|p2a: Slowking|move: Poltergeist|Heavy-Duty Boots\n|-damage|p2a: Slowking|36/310\n|move|p2a: Slowking|Slack Off|p2a: Slowking\n|-heal|p2a: Slowking|191/310\n|\n|upkeep\n|turn|22\n|inactive|Time left: 300 sec this turn | 300 sec total\n|\n|t:|1783550943\n|switch|p1a: Solgaleo|Solgaleo, L74|100/100\n|move|p2a: Slowking|Scald|p1a: Solgaleo\n|-damage|p1a: Solgaleo|68/100\n|\n|upkeep\n|turn|23\n|inactive|Time left: 300 sec this turn | 300 sec total\n|\n|t:|1783550944\n|move|p1a: Solgaleo|Sunsteel Strike|p2a: Slowking\n|-supereffective|p2a: Slowking\n|-damage|p2a: Slowking|0 fnt\n|faint|p2a: Slowking\n|\n|win|p0x9538db2", "uploadtime": 1783550944, "views": 0, "rating": 0, "private": 0, "password": null, "_winner": "p0x9538db2", "_our_name": "p0y953db3f"}