{"id": "battle-gen9randombattle-2667", "formatid": "gen9randombattle", "format": "[Gen 9] Random Battle", "players": ["p0x266759c5", "p0y26671773"], "log": "|init|battle\n|title|p0x266759c5 vs. p0y26671773\n|j|\u2606p0x266759c5\n|j|\u2606p0y26671773\n|t:|1783569756\n|gametype|singles\n|player|p1|p0x266759c5|266|\n|player|p2|p0y26671773|266|\n|gen|9\n|tier|[Gen 9] Random Battle\n|rule|Species Clause: Limit one of each Pok\u00e9mon\n|rule|HP Percentage Mod: HP is shown in percentages\n|rule|Sleep Clause Mod: Limit one foe put to sleep\n|rule|Illusion Level Mod: Illusion disguises the Pok\u00e9mon's true level\n|\n|t:|1783569756\n|teamsize|p1|6\n|teamsize|p2|6\n|start\n|switch|p1a: Whimsicott|Whimsicott, L84, F|238/238\n|switch|p2a: Mesprit|Mesprit, L85|100/100\n|turn|1\n|inactive|Battle timer is ON: inactive players will automatically lose when time's up. (requested by p0x266759c5)\n|\n|t:|1783569758\n|move|p1a: Whimsicott|U-turn|p2a: Mesprit\n|-supereffective|p2a: Mesprit\n|-damage|p2a: Mesprit|76/100\n|inactive|Time left: 300 sec this turn | 300 sec total | 65 sec grace\n|inactive|p0y26671773 also wants the timer to be on.\n|\n|t:|1783569759\n|switch|p1a: Entei|Entei, L78|307/307|[from] U-turn\n|move|p2a: Mesprit|Psychic|p1a: Entei\n|-damage|p1a: Entei|109/307\n|\n|upkeep\n|turn|2\n|inactive|Time left: 300 sec this turn | 300 sec total\n|\n|t:|1783569760\n|switch|p1a: Bruxish|Bruxish, L85, M|254/254\n|move|p2a: Mesprit|Psychic|p1a: Bruxish\n|-resisted|p1a: Bruxish\n|-damage|p1a: Bruxish|155/254\n|\n|upkeep\n|turn|3\n|inactive|Time left: 300 sec this turn | 300 sec total\n|\n|t:|1783569762\n|move|p1a: Bruxish|Psychic Fangs|p2a: Mesprit\n|-resisted|p2a: Mesprit\n|-damage|p2a: Mesprit|44/100\n|move|p2a: Mesprit|Psychic|p1a: Bruxish\n|-resisted|p1a: Bruxish\n|-damage|p1a: Bruxish|61/254\n|\n|upkeep\n|turn|4\n|inactive|Time left: 300 sec this turn | 300 sec total\n|\n|t:|1783569763\n|-terastallize|p1a: Bruxish|Psychic\n|move|p1a: Bruxish|Psychic Fangs|p2a: Mesprit\n|-resisted|p2a: Mesprit\n|-crit|p2a: Mesprit\n|-damage|p2a: Mesprit|0 fnt\n|faint|p2a: Mesprit\n|\n|upkeep\n|\n|t:|1783569764\n|switch|p2a: Weavile|Weavile, L79, M|100/100\n|turn|5\n|inactive|Time left: 300 sec this turn | 300 sec total\n|\n|t:|1783569766\n|switch|p1a: Zamazenta|Zamazenta-Crowned, L68|238/238\n|-ability|p1a: Zamazenta|Dauntless Shield|boost\n|-boost|p1a: Zamazenta|def|1\n|move|p2a: Weavile|Triple Axel|p1a: Zamazenta\n|-resisted|p1a: Zamazenta\n|-damage|p1a: Zamazenta|228/238\n|-resisted|p1a: Zamazenta\n|-damage|p1a: Zamazenta|208/238\n|-resisted|p1a: Zamazenta\n|-damage|p1a: Zamazenta|182/238\n|-hitcount|p1a: Zamazenta|3\n|\n|upkeep\n|turn|6\n|inactive|Time left: 300 sec this turn | 300 sec total\n|\n|t:|1783569767\n|switch|p2a: Landorus|Landorus-Therian, L76, M|100/100\n|-ability|p2a: Landorus|Intimidate|boost\n|-unboost|p1a: Zamazenta|atk|1\n|move|p1a: Zamazenta|Body Press|p2a: Landorus\n|-resisted|p2a: Landorus\n|-damage|p2a: Landorus|75/100\n|\n|-heal|p2a: Landorus|81/100|[from] item: Leftovers\n|upkeep\n|turn|7\n|inactive|Time left: 300 sec this turn | 300 sec total\n|\n|t:|1783569768\n|move|p1a: Zamazenta|Heavy Slam|p2a: Landorus\n|-damage|p2a: Landorus|51/100\n|move|p2a: Landorus|Earthquake|p1a: Zamazenta\n|-supereffective|p1a: Zamazenta\n|-damage|p1a: Zamazenta|54/238\n|\n|-heal|p2a: Landorus|57/100|[from] item: Leftovers\n|upkeep\n|turn|8\n|inactive|Time left: 300 sec this turn | 300 sec total\n|\n|t:|1783569769\n|move|p1a: Zamazenta|Body Press|p2a: Landorus\n|-resisted|p2a: Landorus\n|-damage|p2a: Landorus|33/100\n|move|p2a: Landorus|Stealth Rock|p1a: Zamazenta\n|-sidestart|p1: p0x266759c5|move: Stealth Rock\n|\n|-heal|p2a: Landorus|39/100|[from] item: Leftovers\n|upkeep\n|turn|9\n|inactive|Time left: 300 sec this turn | 300 sec total\n|\n|t:|1783569770\n|move|p1a: Zamazenta|Body Press|p2a: Landorus\n|-resisted|p2a: Landorus\n|-damage|p2a: Landorus|15/100\n|move|p2a: Landorus|Earthquake|p1a: Zamazenta\n|-supereffective|p1a: Zamazenta\n|-damage|p1a: Zamazenta|0 fnt\n|faint|p1a: Zamazenta\n|\n|-heal|p2a: Landorus|21/100|[from] item: Leftovers\n|upkeep\n|inactive|Time left: 300 sec this turn | 300 sec total | 5 sec grace\n|\n|t:|1783569771\n|switch|p1a: Bruxish|Bruxish, L85, M, tera:Psychic|61/254\n|-damage|p1a: Bruxish|30/254|[from] Stealth Rock\n|turn|10\n|inactive|Time left: 300 sec this turn | 300 sec total\n|\n|t:|1783569771\n|switch|p2a: Bombirdier|Bombirdier, L85, M|100/100\n|move|p1a: Bruxish|Psychic Fangs|p2a: Bombirdier\n|-immune|p2a: Bombirdier\n|\n|upkeep\n|turn|11\n|inactive|Time left: 300 sec this turn | 300 sec total\n|\n|t:|1783569772\n|move|p1a: Bruxish|Psychic Fangs|p2a: Bombirdier\n|-immune|p2a: Bombirdier\n|move|p2a: Bombirdier|Knock Off|p1a: Bruxish\n|-supereffective|p1a: Bruxish\n|-damage|p1a: Bruxish|0 fnt\n|-enditem|p1a: Bruxish|Choice Band|[from] move: Knock Off|[of] p2a: Bombirdier\n|faint|p1a: Bruxish\n|\n|upkeep\n|inactive|Time left: 300 sec this turn | 300 sec total | 5 sec grace\n|\n|t:|1783569773\n|switch|p1a: Entei|Entei, L78|109/307\n|-damage|p1a: Entei|33/307|[from] Stealth Rock\n|turn|12\n|inactive|Time left: 300 sec this turn | 300 sec total\n|\n|t:|1783569774\n|move|p1a: Entei|Sacred Fire|p2a: Bombirdier\n|-damage|p2a: Bombirdier|33/100\n|-status|p2a: Bombirdier|brn\n|move|p2a: Bombirdier|Knock Off|p1a: Entei\n|-damage|p1a: Entei|0 fnt\n|-enditem|p1a: Entei|Choice Band|[from] move: Knock Off|[of] p2a: Bombirdier\n|faint|p1a: Entei\n|\n|-damage|p2a: Bombirdier|27/100 brn|[from] brn\n|upkeep\n|inactive|Time left: 300 sec this turn | 300 sec total | 5 sec grace\n|\n|t:|1783569775\n|switch|p1a: Tauros|Tauros-Paldea-Blaze, L81, M|252/252\n|-damage|p1a: Tauros|221/252|[from] Stealth Rock\n|turn|13\n|inactive|Time left: 300 sec this turn | 300 sec total\n|\n|t:|1783569776\n|switch|p2a: Arbok|Arbok, L87, M|100/100\n|-ability|p2a: Arbok|Intimidate|boost\n|-unboost|p1a: Tauros|atk|1\n|move|p1a: Tauros|Bulk Up|p1a: Tauros\n|-boost|p1a: Tauros|atk|1\n|-boost|p1a: Tauros|def|1\n|\n|upkeep\n|turn|14\n|inactive|Time left: 300 sec this turn | 300 sec total\n|\n|t:|1783569777\n|move|p1a: Tauros|Bulk Up|p1a: Tauros\n|-boost|p1a: Tauros|atk|1\n|-boost|p1a: Tauros|def|1\n|move|p2a: Arbok|Coil|p2a: Arbok\n|-boost|p2a: Arbok|atk|1\n|-boost|p2a: Arbok|def|1\n|-boost|p2a: Arbok|accuracy|1\n|\n|upkeep\n|turn|15\n|inactive|Time left: 300 sec this turn | 300 sec total\n|\n|t:|1783569778\n|move|p1a: Tauros|Raging Bull|p2a: Arbok\n|-crit|p2a: Arbok\n|-damage|p2a: Arbok|0 fnt\n|faint|p2a: Arbok\n|\n|upkeep\n|\n|t:|1783569779\n|switch|p2a: Landorus|Landorus-Therian, L76, M|21/100\n|-ability|p2a: Landorus|Intimidate|boost\n|-unboost|p1a: Tauros|atk|1\n|turn|16\n|inactive|Time left: 300 sec this turn | 300 sec total\n|\n|t:|1783569780\n|switch|p2a: Bombirdier|Bombirdier, L85, M|27/100 brn\n|move|p1a: Tauros|Raging Bull|p2a: Bombirdier\n|-damage|p2a: Bombirdier|0 fnt\n|faint|p2a: Bombirdier\n|\n|upkeep\n|\n|t:|1783569781\n|switch|p2a: Landorus|Landorus-Therian, L76, M|21/100\n|-ability|p2a: Landorus|Intimidate|boost\n|-unboost|p1a: Tauros|atk|1\n|turn|17\n|inactive|Time left: 300 sec this turn | 300 sec total\n|\n|t:|1783569782\n|move|p1a: Tauros|Raging Bull|p2a: Landorus\n|-damage|p2a: Landorus|0 fnt\n|faint|p2a: Landorus\n|\n|upkeep\n|\n|t:|1783569783\n|switch|p2a: Magearna|Magearna, L77|100/100\n|turn|18\n|inactive|Time left: 300 sec this turn | 300 sec total\n|\n|t:|1783569784\n|move|p1a: Tauros|Bulk Up|p1a: Tauros\n|-boost|p1a: Tauros|atk|1\n|-boost|p1a: Tauros|def|1\n|move|p2a: Magearna|Thunder Wave|p1a: Tauros\n|-status|p1a: Tauros|par\n|\n|upkeep\n|turn|19\n|inactive|Time left: 300 sec this turn | 300 sec total\n|\n|t:|1783569785\n|-terastallize|p2a: Magearna|Fairy\n|move|p2a: Magearna|Fleur Cannon|p1a: Tauros\n|-damage|p1a: Tauros|0 fnt\n|-unboost|p2a: Magearna|spa|2\n|faint|p1a: Tauros\n|-ability|p2a: Magearna|Soul-Heart|boost\n|-boost|p2a: Magearna|spa|1\n|\n|upkeep\n|inactive|Time left: 300 sec this turn | 300 sec total | 5 sec grace\n|\n|t:|1783569786\n|switch|p1a: Whimsicott|Whimsicott, L84, F|238/238\n|turn|20\n|inactive|Time left: 300 sec this turn | 300 sec total\n|\n|t:|1783569787\n|move|p1a: Whimsicott|Moonblast|p2a: Magearna\n|-damage|p2a: Magearna|69/100\n|-unboost|p2a: Magearna|spa|1\n|move|p2a: Magearna|Flash Cannon|p1a: Whimsicott\n|-supereffective|p1a: Whimsicott\n|-damage|p1a: Whimsicott|142/238\n|\n|-heal|p2a: Magearna|75/100|[from] item: Leftovers\n|upkeep\n|turn|21\n|inactive|Time left: 300 sec this turn | 300 sec total\n|\n|t:|1783569788\n|move|p1a: Whimsicott|Moonblast|p2a: Magearna\n|-damage|p2a: Magearna|47/100\n|-unboost|p2a: Magearna|spa|1\n|move|p2a: Magearna|Flash Cannon|p1a: Whimsicott\n|-supereffective|p1a: Whimsicott\n|-damage|p1a: Whimsicott|58/238\n|\n|-heal|p2a: Magearna|53/100|[from] item: Leftovers\n|upkeep\n|turn|22\n|inactive|Time left: 300 sec this turn | 300 sec total\n|\n|t:|1783569789\n|move|p1a: Whimsicott|Giga Drain|p2a: Magearna\n|-damage|p2a: Magearna|28/100\n|-heal|p1a: Whimsicott|90/238|[from] drain|[of] p2a: Magearna\n|move|p2a: Magearna|Flash Cannon|p1a: Whimsicott\n|-supereffective|p1a: Whimsicott\n|-crit|p1a: Whimsicott\n|-damage|p1a: Whimsicott|0 fnt\n|faint|p1a: Whimsicott\n|-ability|p2a: Magearna|Soul-Heart|boost\n|-boost|p2a: Magearna|spa|1\n|\n|-heal|p2a: Magearna|34/100|[from] item: Leftovers\n|upkeep\n|inactive|Time left: 300 sec this turn | 300 sec total | 5 sec grace\n|\n|t:|1783569790\n|switch|p1a: Deoxys|Deoxys-Defense, L84|221/221\n|-damage|p1a: Deoxys|194/221|[from] Stealth Rock\n|-ability|p1a: Deoxys|Pressure\n|turn|23\n|inactive|Time left: 300 sec this turn | 300 sec total\n|\n|t:|1783569790\n|switch|p2a: Weavile|Weavile, L79, M|100/100\n|move|p1a: Deoxys|Knock Off|p2a: Weavile\n|-resisted|p2a: Weavile\n|-damage|p2a: Weavile|86/100\n|-enditem|p2a: Weavile|Choice Band|[from] move: Knock Off|[of] p1a: Deoxys\n|-enditem|p1a: Deoxys|Rocky Helmet|[silent]|[from] ability: Pickpocket|[of] p1a: Deoxys\n|-item|p2a: Weavile|Rocky Helmet|[from] ability: Pickpocket|[of] p1a: Deoxys\n|\n|upkeep\n|turn|24\n|inactive|Time left: 300 sec this turn | 300 sec total\n|\n|t:|1783569791\n|move|p2a: Weavile|Knock Off|p1a: Deoxys\n|-supereffective|p1a: Deoxys\n|-damage|p1a: Deoxys|102/221\n|move|p1a: Deoxys|Recover|p1a: Deoxys\n|-heal|p1a: Deoxys|213/221\n|\n|upkeep\n|turn|25\n|inactive|Time left: 300 sec this turn | 300 sec total\n|\n|t:|1783569792\n|move|p2a: Weavile|Knock Off|p1a: Deoxys\n|-supereffective|p1a: Deoxys\n|-damage|p1a: Deoxys|127/221\n|move|p1a: Deoxys|Recover|p1a: Deoxys\n|-heal|p1a: Deoxys|221/221\n|\n|upkeep\n|turn|26\n|inactive|Time left: 300 sec this turn | 300 sec total\n|\n|t:|1783569793\n|move|p2a: Weavile|Knock Off|p1a: Deoxys\n|-supereffective|p1a: Deoxys\n|-damage|p1a: Deoxys|137/221\n|move|p1a: Deoxys|Recover|p1a: Deoxys\n|-heal|p1a: Deoxys|221/221\n|\n|upkeep\n|turn|27\n|inactive|Time left: 300 sec this turn | 300 sec total\n|\n|t:|1783569794\n|move|p2a: Weavile|Knock Off|p1a: Deoxys\n|-supereffective|p1a: Deoxys\n|-damage|p1a: Deoxys|135/221\n|move|p1a: Deoxys|Recover|p1a: Deoxys\n|-heal|p1a: Deoxys|221/221\n|\n|upkeep\n|turn|28\n|inactive|Time left: 300 sec this turn | 300 sec total\n|\n|t:|1783569795\n|move|p2a: Weavile|Knock Off|p1a: Deoxys\n|-supereffective|p1a: Deoxys\n|-damage|p1a: Deoxys|129/221\n|move|p1a: Deoxys|Recover|p1a: Deoxys\n|-heal|p1a: Deoxys|221/221\n|\n|upkeep\n|turn|29\n|inactive|Time left: 300 sec this turn | 300 sec total\n|\n|t:|1783569796\n|move|p2a: Weavile|Knock Off|p1a: Deoxys\n|-supereffective|p1a: Deoxys\n|-damage|p1a: Deoxys|137/221\n|move|p1a: Deoxys|Recover|p1a: Deoxys\n|-heal|p1a: Deoxys|221/221\n|\n|upkeep\n|turn|30\n|inactive|Time left: 300 sec this turn | 300 sec total\n|\n|t:|1783569796\n|move|p2a: Weavile|Knock Off|p1a: Deoxys\n|-supereffective|p1a: Deoxys\n|-crit|p1a: Deoxys\n|-damage|p1a: Deoxys|87/221\n|move|p1a: Deoxys|Recover|p1a: Deoxys\n|-heal|p1a: Deoxys|198/221\n|\n|upkeep\n|turn|31\n|inactive|Time left: 300 sec this turn | 300 sec total\n|\n|t:|1783569797\n|move|p2a: Weavile|Knock Off|p1a: Deoxys\n|-supereffective|p1a: Deoxys\n|-damage|p1a: Deoxys|114/221\n|move|p1a: Deoxys|Recover|p1a: Deoxys\n|-heal|p1a: Deoxys|221/221\n|\n|upkeep\n|turn|32\n|inactive|Time left: 300 sec this turn | 300 sec total\n|\n|t:|1783569799\n|move|p2a: Weavile|Knock Off|p1a: Deoxys\n|-supereffective|p1a: Deoxys\n|-damage|p1a: Deoxys|129/221\n|move|p1a: Deoxys|Knock Off|p2a: Weavile\n|-resisted|p2a: Weavile\n|-damage|p2a: Weavile|72/100\n|-damage|p1a: Deoxys|93/221|[from] item: Rocky Helmet|[of] p2a: Weavile\n|-enditem|p2a: Weavile|Rocky Helmet|[from] move: Knock Off|[of] p1a: Deoxys\n|\n|upkeep\n|turn|33\n|inactive|Time left: 300 sec this turn | 300 sec total\n|\n|t:|1783569800\n|move|p2a: Weavile|Knock Off|p1a: Deoxys\n|-supereffective|p1a: Deoxys\n|-damage|p1a: Deoxys|1/221\n|move|p1a: Deoxys|Psychic Noise|p2a: Weavile\n|-immune|p2a: Weavile\n|\n|upkeep\n|turn|34\n|inactive|Time left: 300 sec this turn | 300 sec total\n|\n|t:|1783569800\n|move|p2a: Weavile|Low Kick|p1a: Deoxys\n|-resisted|p1a: Deoxys\n|-damage|p1a: Deoxys|0 fnt\n|faint|p1a: Deoxys\n|\n|win|p0y26671773", "uploadtime": 1783569800, "views": 0, "rating": 0, "private": 0, "password": null, "_winner": "p0y26671773", "_our_name": "p0x266759c5"}