{"id": "battle-gen9randombattle-1971", "formatid": "gen9randombattle", "format": "[Gen 9] Random Battle", "players": ["p0x19713aa9", "p0y1971f095"], "log": "|init|battle\n|title|p0x19713aa9 vs. p0y1971f095\n|j|\u2606p0x19713aa9\n|j|\u2606p0y1971f095\n|t:|1783562787\n|gametype|singles\n|player|p1|p0x19713aa9|2|\n|player|p2|p0y1971f095|265|\n|gen|9\n|tier|[Gen 9] Random Battle\n|rule|Species Clause: Limit one of each Pok\u00e9mon\n|rule|HP Percentage Mod: HP is shown in percentages\n|rule|Sleep Clause Mod: Limit one foe put to sleep\n|rule|Illusion Level Mod: Illusion disguises the Pok\u00e9mon's true level\n|\n|t:|1783562787\n|teamsize|p1|6\n|teamsize|p2|6\n|start\n|switch|p1a: Sylveon|Sylveon, L85, F|100/100\n|switch|p2a: Arceus|Arceus-Fire, L72|291/291\n|turn|1\n|inactive|Battle timer is ON: inactive players will automatically lose when time's up. (requested by p0y1971f095)\n|inactive|p0x19713aa9 also wants the timer to be on.\n|\n|t:|1783562788\n|move|p2a: Arceus|Calm Mind|p2a: Arceus\n|-boost|p2a: Arceus|spa|1\n|-boost|p2a: Arceus|spd|1\n|move|p1a: Sylveon|Calm Mind|p1a: Sylveon\n|-boost|p1a: Sylveon|spa|1\n|-boost|p1a: Sylveon|spd|1\n|\n|upkeep\n|turn|2\n|inactive|Time left: 300 sec this turn | 300 sec total\n|\n|t:|1783562789\n|move|p2a: Arceus|Calm Mind|p2a: Arceus\n|-boost|p2a: Arceus|spa|1\n|-boost|p2a: Arceus|spd|1\n|move|p1a: Sylveon|Calm Mind|p1a: Sylveon\n|-boost|p1a: Sylveon|spa|1\n|-boost|p1a: Sylveon|spd|1\n|\n|upkeep\n|turn|3\n|inactive|Time left: 300 sec this turn | 300 sec total\n|\n|t:|1783562790\n|move|p2a: Arceus|Calm Mind|p2a: Arceus\n|-boost|p2a: Arceus|spa|1\n|-boost|p2a: Arceus|spd|1\n|move|p1a: Sylveon|Calm Mind|p1a: Sylveon\n|-boost|p1a: Sylveon|spa|1\n|-boost|p1a: Sylveon|spd|1\n|\n|upkeep\n|turn|4\n|inactive|Time left: 300 sec this turn | 300 sec total\n|\n|t:|1783562791\n|move|p2a: Arceus|Calm Mind|p2a: Arceus\n|-boost|p2a: Arceus|spa|1\n|-boost|p2a: Arceus|spd|1\n|move|p1a: Sylveon|Calm Mind|p1a: Sylveon\n|-boost|p1a: Sylveon|spa|1\n|-boost|p1a: Sylveon|spd|1\n|\n|upkeep\n|turn|5\n|inactive|Time left: 300 sec this turn | 300 sec total\n|\n|t:|1783562792\n|move|p2a: Arceus|Judgment|p1a: Sylveon\n|-damage|p1a: Sylveon|75/100\n|move|p1a: Sylveon|Hyper Voice|p2a: Arceus\n|-resisted|p2a: Arceus\n|-damage|p2a: Arceus|227/291\n|\n|-heal|p1a: Sylveon|81/100|[from] item: Leftovers\n|upkeep\n|turn|6\n|inactive|Time left: 300 sec this turn | 300 sec total\n|\n|t:|1783562793\n|move|p2a: Arceus|Judgment|p1a: Sylveon\n|-crit|p1a: Sylveon\n|-damage|p1a: Sylveon|0 fnt\n|faint|p1a: Sylveon\n|\n|upkeep\n|\n|t:|1783562794\n|switch|p1a: Wugtrio|Wugtrio, L91, M|100/100\n|turn|7\n|inactive|Time left: 300 sec this turn | 300 sec total\n|\n|t:|1783562795\n|-terastallize|p2a: Arceus|Grass\n|move|p1a: Wugtrio|Liquidation|p2a: Arceus\n|-resisted|p2a: Arceus\n|-damage|p2a: Arceus|150/291\n|move|p2a: Arceus|Energy Ball|p1a: Wugtrio\n|-supereffective|p1a: Wugtrio\n|-damage|p1a: Wugtrio|0 fnt\n|faint|p1a: Wugtrio\n|\n|upkeep\n|\n|t:|1783562796\n|switch|p1a: Clodsire|Clodsire, L81, F|100/100\n|turn|8\n|inactive|Time left: 300 sec this turn | 300 sec total\n|\n|t:|1783562797\n|move|p2a: Arceus|Recover|p2a: Arceus\n|-heal|p2a: Arceus|291/291\n|move|p1a: Clodsire|Gunk Shot|p2a: Arceus\n|-supereffective|p2a: Arceus\n|-damage|p2a: Arceus|123/291\n|\n|upkeep\n|turn|9\n|inactive|Time left: 300 sec this turn | 300 sec total\n|\n|t:|1783562798\n|move|p2a: Arceus|Recover|p2a: Arceus\n|-heal|p2a: Arceus|269/291\n|move|p1a: Clodsire|Gunk Shot|p2a: Arceus\n|-supereffective|p2a: Arceus\n|-damage|p2a: Arceus|93/291\n|\n|upkeep\n|turn|10\n|inactive|Time left: 300 sec this turn | 300 sec total\n|\n|t:|1783562799\n|move|p2a: Arceus|Recover|p2a: Arceus\n|-heal|p2a: Arceus|239/291\n|move|p1a: Clodsire|Gunk Shot|p2a: Arceus\n|-supereffective|p2a: Arceus\n|-damage|p2a: Arceus|75/291\n|\n|upkeep\n|turn|11\n|inactive|Time left: 300 sec this turn | 300 sec total\n|\n|t:|1783562800\n|move|p2a: Arceus|Recover|p2a: Arceus\n|-heal|p2a: Arceus|221/291\n|move|p1a: Clodsire|Gunk Shot|p2a: Arceus\n|-supereffective|p2a: Arceus\n|-damage|p2a: Arceus|41/291\n|\n|upkeep\n|turn|12\n|inactive|Time left: 300 sec this turn | 300 sec total\n|\n|t:|1783562802\n|move|p2a: Arceus|Judgment|p1a: Clodsire\n|-damage|p1a: Clodsire|6/100\n|move|p1a: Clodsire|Gunk Shot|p2a: Arceus\n|-supereffective|p2a: Arceus\n|-damage|p2a: Arceus|0 fnt\n|faint|p2a: Arceus\n|\n|-heal|p1a: Clodsire|12/100|[from] item: Leftovers\n|upkeep\n|inactive|Time left: 300 sec this turn | 300 sec total | 5 sec grace\n|\n|t:|1783562803\n|switch|p2a: Arboliva|Arboliva, L91, M|290/290\n|turn|13\n|inactive|Time left: 300 sec this turn | 300 sec total\n|\n|t:|1783562804\n|move|p2a: Arboliva|Energy Ball|p1a: Clodsire\n|-damage|p1a: Clodsire|0 fnt\n|faint|p1a: Clodsire\n|\n|upkeep\n|\n|t:|1783562805\n|switch|p1a: Solgaleo|Solgaleo, L74|100/100\n|turn|14\n|inactive|Time left: 300 sec this turn | 300 sec total\n|\n|t:|1783562806\n|move|p1a: Solgaleo|Sunsteel Strike|p2a: Arboliva\n|-damage|p2a: Arboliva|199/290\n|-fieldstart|move: Grassy Terrain|[from] ability: Seed Sower|[of] p2a: Arboliva\n|move|p2a: Arboliva|Energy Ball|p1a: Solgaleo\n|-resisted|p1a: Solgaleo\n|-damage|p1a: Solgaleo|71/100\n|\n|-heal|p1a: Solgaleo|77/100|[from] Grassy Terrain\n|-heal|p2a: Arboliva|217/290|[from] Grassy Terrain\n|-heal|p2a: Arboliva|235/290|[from] item: Leftovers\n|upkeep\n|turn|15\n|inactive|Time left: 300 sec this turn | 300 sec total\n|\n|t:|1783562808\n|-terastallize|p1a: Solgaleo|Fighting\n|move|p1a: Solgaleo|Close Combat|p2a: Arboliva\n|-supereffective|p2a: Arboliva\n|-damage|p2a: Arboliva|5/290\n|-unboost|p1a: Solgaleo|def|1\n|-unboost|p1a: Solgaleo|spd|1\n|move|p2a: Arboliva|Earth Power|p1a: Solgaleo\n|-damage|p1a: Solgaleo|32/100\n|\n|-heal|p1a: Solgaleo|38/100|[from] Grassy Terrain\n|-heal|p2a: Arboliva|23/290|[from] Grassy Terrain\n|-heal|p2a: Arboliva|41/290|[from] item: Leftovers\n|upkeep\n|turn|16\n|inactive|Time left: 300 sec this turn | 300 sec total\n|\n|t:|1783562809\n|switch|p2a: Farigiraf|Farigiraf, L90, F|362/362\n|move|p1a: Solgaleo|Close Combat|p2a: Farigiraf\n|-crit|p2a: Farigiraf\n|-damage|p2a: Farigiraf|146/362\n|-unboost|p1a: Solgaleo|def|1\n|-unboost|p1a: Solgaleo|spd|1\n|\n|-heal|p1a: Solgaleo|44/100|[from] Grassy Terrain\n|-heal|p2a: Farigiraf|168/362|[from] Grassy Terrain\n|-heal|p2a: Farigiraf|190/362|[from] item: Leftovers\n|upkeep\n|turn|17\n|inactive|Time left: 300 sec this turn | 300 sec total\n|\n|t:|1783562810\n|switch|p1a: Klawf|Klawf, L90, M|100/100\n|move|p2a: Farigiraf|Body Slam|p1a: Klawf\n|-resisted|p1a: Klawf\n|-damage|p1a: Klawf|87/100\n|-status|p1a: Klawf|par\n|\n|-heal|p2a: Farigiraf|212/362|[from] Grassy Terrain\n|-heal|p2a: Farigiraf|234/362|[from] item: Leftovers\n|-heal|p1a: Klawf|94/100 par|[from] Grassy Terrain\n|upkeep\n|turn|18\n|inactive|Time left: 300 sec this turn | 300 sec total\n|\n|t:|1783562811\n|move|p2a: Farigiraf|Psychic Noise|p1a: Klawf\n|-damage|p1a: Klawf|45/100 par\n|-start|p1a: Klawf|move: Heal Block\n|move|p1a: Klawf|Knock Off|p2a: Farigiraf\n|-supereffective|p2a: Farigiraf\n|-damage|p2a: Farigiraf|0 fnt\n|-enditem|p2a: Farigiraf|Leftovers|[from] move: Knock Off|[of] p1a: Klawf\n|faint|p2a: Farigiraf\n|-damage|p1a: Klawf|35/100 par|[from] item: Life Orb\n|\n|-fieldend|move: Grassy Terrain\n|upkeep\n|inactive|Time left: 300 sec this turn | 300 sec total | 5 sec grace\n|\n|t:|1783562812\n|switch|p2a: Arboliva|Arboliva, L91, M|41/290\n|turn|19\n|inactive|Time left: 300 sec this turn | 300 sec total\n|\n|t:|1783562813\n|switch|p1a: Indeedee|Indeedee, L84, M|100/100\n|-fieldstart|move: Psychic Terrain|[from] ability: Psychic Surge|[of] p1a: Indeedee\n|move|p2a: Arboliva|Strength Sap|p1a: Indeedee\n|-unboost|p1a: Indeedee|atk|1\n|-heal|p2a: Arboliva|155/290\n|\n|-heal|p2a: Arboliva|173/290|[from] item: Leftovers\n|upkeep\n|turn|20\n|inactive|Time left: 300 sec this turn | 300 sec total\n|\n|t:|1783562814\n|move|p1a: Indeedee|Expanding Force|p2a: Arboliva\n|-damage|p2a: Arboliva|34/290\n|-fieldstart|move: Grassy Terrain|[from] ability: Seed Sower|[of] p2a: Arboliva\n|move|p2a: Arboliva|Strength Sap|p1a: Indeedee\n|-unboost|p1a: Indeedee|atk|1\n|-heal|p2a: Arboliva|110/290\n|\n|-heal|p2a: Arboliva|128/290|[from] Grassy Terrain\n|-heal|p2a: Arboliva|146/290|[from] item: Leftovers\n|upkeep\n|turn|21\n|inactive|Time left: 300 sec this turn | 300 sec total\n|\n|t:|1783562815\n|switch|p1a: Klawf|Klawf, L90, M|68/100 par\n|move|p2a: Arboliva|Strength Sap|p1a: Klawf\n|-unboost|p1a: Klawf|atk|1\n|-heal|p2a: Arboliva|290/290\n|\n|-heal|p1a: Klawf|74/100 par|[from] Grassy Terrain\n|upkeep\n|turn|22\n|inactive|Time left: 300 sec this turn | 300 sec total\n|\n|t:|1783562815\n|switch|p1a: Indeedee|Indeedee, L84, M|100/100\n|-fieldstart|move: Psychic Terrain|[from] ability: Psychic Surge|[of] p1a: Indeedee\n|move|p2a: Arboliva|Energy Ball|p1a: Indeedee\n|-damage|p1a: Indeedee|51/100\n|-unboost|p1a: Indeedee|spd|1\n|\n|upkeep\n|turn|23\n|inactive|Time left: 300 sec this turn | 300 sec total\n|\n|t:|1783562816\n|move|p1a: Indeedee|Expanding Force|p2a: Arboliva\n|-damage|p2a: Arboliva|151/290\n|-fieldstart|move: Grassy Terrain|[from] ability: Seed Sower|[of] p2a: Arboliva\n|move|p2a: Arboliva|Strength Sap|p1a: Indeedee\n|-unboost|p1a: Indeedee|atk|1\n|-heal|p2a: Arboliva|265/290\n|\n|-heal|p1a: Indeedee|57/100|[from] Grassy Terrain\n|-heal|p2a: Arboliva|283/290|[from] Grassy Terrain\n|-heal|p2a: Arboliva|290/290|[from] item: Leftovers\n|upkeep\n|turn|24\n|inactive|Time left: 300 sec this turn | 300 sec total\n|\n|t:|1783562817\n|switch|p1a: Klawf|Klawf, L90, M|100/100 par\n|move|p2a: Arboliva|Energy Ball|p1a: Klawf\n|-supereffective|p1a: Klawf\n|-damage|p1a: Klawf|0 fnt\n|faint|p1a: Klawf\n|\n|upkeep\n|\n|t:|1783562818\n|switch|p1a: Solgaleo|Solgaleo, L74, tera:Fighting|44/100\n|turn|25\n|inactive|Time left: 300 sec this turn | 300 sec total\n|\n|t:|1783562819\n|switch|p1a: Indeedee|Indeedee, L84, M|57/100\n|-fieldstart|move: Psychic Terrain|[from] ability: Psychic Surge|[of] p1a: Indeedee\n|move|p2a: Arboliva|Energy Ball|p1a: Indeedee\n|-damage|p1a: Indeedee|7/100\n|\n|upkeep\n|turn|26\n|inactive|Time left: 300 sec this turn | 300 sec total\n|\n|t:|1783562820\n|move|p1a: Indeedee|Expanding Force|p2a: Arboliva\n|-damage|p2a: Arboliva|148/290\n|-fieldstart|move: Grassy Terrain|[from] ability: Seed Sower|[of] p2a: Arboliva\n|move|p2a: Arboliva|Strength Sap|p1a: Indeedee\n|-unboost|p1a: Indeedee|atk|1\n|-heal|p2a: Arboliva|262/290\n|\n|-heal|p1a: Indeedee|13/100|[from] Grassy Terrain\n|-heal|p2a: Arboliva|280/290|[from] Grassy Terrain\n|-heal|p2a: Arboliva|290/290|[from] item: Leftovers\n|upkeep\n|turn|27\n|inactive|Time left: 300 sec this turn | 300 sec total\n|\n|t:|1783562821\n|move|p1a: Indeedee|Expanding Force|p2a: Arboliva\n|-crit|p2a: Arboliva\n|-damage|p2a: Arboliva|187/290\n|move|p2a: Arboliva|Energy Ball|p1a: Indeedee\n|-damage|p1a: Indeedee|0 fnt\n|faint|p1a: Indeedee\n|\n|-heal|p2a: Arboliva|205/290|[from] Grassy Terrain\n|-heal|p2a: Arboliva|223/290|[from] item: Leftovers\n|upkeep\n|\n|t:|1783562822\n|switch|p1a: Solgaleo|Solgaleo, L74, tera:Fighting|44/100\n|turn|28\n|inactive|Time left: 300 sec this turn | 300 sec total\n|\n|t:|1783562822\n|move|p1a: Solgaleo|Close Combat|p2a: Arboliva\n|-supereffective|p2a: Arboliva\n|-damage|p2a: Arboliva|0 fnt\n|-unboost|p1a: Solgaleo|def|1\n|-unboost|p1a: Solgaleo|spd|1\n|faint|p2a: Arboliva\n|\n|-heal|p1a: Solgaleo|51/100|[from] Grassy Terrain\n|upkeep\n|inactive|Time left: 300 sec this turn | 300 sec total | 5 sec grace\n|\n|t:|1783562823\n|switch|p2a: Spiritomb|Spiritomb, L89, F|234/234\n|turn|29\n|inactive|Time left: 300 sec this turn | 300 sec total\n|\n|t:|1783562824\n|move|p1a: Solgaleo|Earthquake|p2a: Spiritomb\n|-damage|p2a: Spiritomb|205/234\n|move|p2a: Spiritomb|Poltergeist|p1a: Solgaleo\n|-activate|p1a: Solgaleo|move: Poltergeist|Weakness Policy\n|-damage|p1a: Solgaleo|0 fnt\n|faint|p1a: Solgaleo\n|\n|win|p0y1971f095", "uploadtime": 1783562824, "views": 0, "rating": 0, "private": 0, "password": null, "_winner": "p0y1971f095", "_our_name": "p0y1971f095"}