{"id": "battle-gen9randombattle-2938", "formatid": "gen9randombattle", "format": "[Gen 9] Random Battle", "players": ["p0x2938a385", "p0y2938c178"], "log": "|init|battle\n|title|p0x2938a385 vs. p0y2938c178\n|j|\u2606p0x2938a385\n|j|\u2606p0y2938c178\n|t:|1783573824\n|gametype|singles\n|player|p1|p0x2938a385|102|\n|player|p2|p0y2938c178|170|\n|gen|9\n|tier|[Gen 9] Random Battle\n|rule|Species Clause: Limit one of each Pok\u00e9mon\n|rule|HP Percentage Mod: HP is shown in percentages\n|rule|Sleep Clause Mod: Limit one foe put to sleep\n|rule|Illusion Level Mod: Illusion disguises the Pok\u00e9mon's true level\n|\n|t:|1783573824\n|teamsize|p1|6\n|teamsize|p2|6\n|start\n|switch|p1a: Greninja|Greninja, L80, M|100/100\n|switch|p2a: Bellossom|Bellossom, L84, F|263/263\n|turn|1\n|inactive|Battle timer is ON: inactive players will automatically lose when time's up. (requested by p0y2938c178)\n|inactive|p0x2938a385 also wants the timer to be on.\n|\n|t:|1783573825\n|switch|p2a: Slowbro|Slowbro-Galar, L87, F|307/307\n|move|p1a: Greninja|Gunk Shot|p2a: Slowbro\n|-start|p1a: Greninja|typechange|Poison|[from] ability: Protean\n|-resisted|p2a: Slowbro\n|-damage|p2a: Slowbro|243/307\n|-damage|p1a: Greninja|91/100|[from] item: Life Orb\n|\n|upkeep\n|turn|2\n|inactive|Time left: 300 sec this turn | 300 sec total\n|\n|t:|1783573826\n|switch|p1a: Flygon|Flygon, L82, M|100/100\n|move|p2a: Slowbro|Psychic|p1a: Flygon\n|-damage|p1a: Flygon|59/100\n|\n|upkeep\n|turn|3\n|inactive|Time left: 300 sec this turn | 300 sec total\n|\n|t:|1783573827\n|move|p1a: Flygon|Outrage|p2a: Slowbro\n|-damage|p2a: Slowbro|72/307\n|-damage|p1a: Flygon|43/100|[from] item: Rocky Helmet|[of] p2a: Slowbro\n|move|p2a: Slowbro|Psychic|p1a: Flygon\n|-damage|p1a: Flygon|3/100\n|\n|upkeep\n|turn|4\n|inactive|Time left: 300 sec this turn | 300 sec total\n|\n|t:|1783573829\n|switch|p2a: Dachsbun|Dachsbun, L92, F|254/254\n|move|p1a: Flygon|Outrage|p2a: Dachsbun|[from] lockedmove\n|-immune|p2a: Dachsbun\n|-start|p1a: Flygon|confusion|[fatigue]\n|\n|upkeep\n|turn|5\n|inactive|Time left: 300 sec this turn | 300 sec total\n|\n|t:|1783573830\n|switch|p1a: Arbok|Arbok, L87, M|100/100\n|-ability|p1a: Arbok|Intimidate|boost\n|-unboost|p2a: Dachsbun|atk|1\n|move|p2a: Dachsbun|Play Rough|p1a: Arbok\n|-resisted|p1a: Arbok\n|-damage|p1a: Arbok|86/100\n|\n|-heal|p1a: Arbok|92/100|[from] item: Leftovers\n|upkeep\n|turn|6\n|inactive|Time left: 300 sec this turn | 300 sec total\n|\n|t:|1783573831\n|switch|p2a: Slowbro|Slowbro-Galar, L87, F|174/307\n|move|p1a: Arbok|Coil|p1a: Arbok\n|-boost|p1a: Arbok|atk|1\n|-boost|p1a: Arbok|def|1\n|-boost|p1a: Arbok|accuracy|1\n|\n|-heal|p1a: Arbok|98/100|[from] item: Leftovers\n|upkeep\n|turn|7\n|inactive|Time left: 300 sec this turn | 300 sec total\n|\n|t:|1783573832\n|-terastallize|p2a: Slowbro|Ground\n|move|p1a: Arbok|Earthquake|p2a: Slowbro\n|-damage|p2a: Slowbro|77/307\n|move|p2a: Slowbro|Psychic|p1a: Arbok\n|-supereffective|p1a: Arbok\n|-damage|p1a: Arbok|12/100\n|\n|-heal|p1a: Arbok|18/100|[from] item: Leftovers\n|upkeep\n|turn|8\n|inactive|Time left: 300 sec this turn | 300 sec total\n|\n|t:|1783573833\n|switch|p2a: Iron Jugulis|Iron Jugulis, L77|271/271\n|move|p1a: Arbok|Gunk Shot|p2a: Iron Jugulis\n|-crit|p2a: Iron Jugulis\n|-damage|p2a: Iron Jugulis|0 fnt\n|faint|p2a: Iron Jugulis\n|-end|p2a: Iron Jugulis|Quark Drive|[silent]\n|\n|-heal|p1a: Arbok|24/100|[from] item: Leftovers\n|upkeep\n|inactive|Time left: 300 sec this turn | 300 sec total | 5 sec grace\n|\n|t:|1783573834\n|switch|p2a: Slowbro|Slowbro-Galar, L87, F, tera:Ground|179/307\n|turn|9\n|inactive|Time left: 300 sec this turn | 300 sec total\n|\n|t:|1783573835\n|move|p1a: Arbok|Earthquake|p2a: Slowbro\n|-damage|p2a: Slowbro|82/307\n|move|p2a: Slowbro|Earthquake|p1a: Arbok\n|-supereffective|p1a: Arbok\n|-damage|p1a: Arbok|0 fnt\n|faint|p1a: Arbok\n|\n|upkeep\n|\n|t:|1783573836\n|switch|p1a: Medicham|Medicham, L86, M|100/100\n|turn|10\n|inactive|Time left: 300 sec this turn | 300 sec total\n|\n|t:|1783573837\n|switch|p2a: Dachsbun|Dachsbun, L92, F|254/254\n|move|p1a: Medicham|Close Combat|p2a: Dachsbun\n|-resisted|p2a: Dachsbun\n|-damage|p2a: Dachsbun|153/254\n|-unboost|p1a: Medicham|def|1\n|-unboost|p1a: Medicham|spd|1\n|\n|-heal|p2a: Dachsbun|168/254|[from] item: Leftovers\n|upkeep\n|turn|11\n|inactive|Time left: 300 sec this turn | 300 sec total\n|\n|t:|1783573838\n|switch|p1a: Quagsire|Quagsire, L84, F|100/100\n|move|p2a: Dachsbun|Play Rough|p1a: Quagsire\n|-damage|p1a: Quagsire|68/100\n|\n|-heal|p2a: Dachsbun|183/254|[from] item: Leftovers\n|-heal|p1a: Quagsire|74/100|[from] item: Leftovers\n|upkeep\n|turn|12\n|inactive|Time left: 300 sec this turn | 300 sec total\n|\n|t:|1783573839\n|move|p2a: Dachsbun|Wish|p2a: Dachsbun\n|move|p1a: Quagsire|Toxic|p2a: Dachsbun|[miss]\n|-miss|p1a: Quagsire|p2a: Dachsbun\n|\n|-heal|p2a: Dachsbun|198/254|[from] item: Leftovers\n|-heal|p1a: Quagsire|80/100|[from] item: Leftovers\n|upkeep\n|turn|13\n|inactive|Time left: 300 sec this turn | 300 sec total\n|\n|t:|1783573840\n|move|p2a: Dachsbun|Play Rough|p1a: Quagsire\n|-damage|p1a: Quagsire|46/100\n|-unboost|p1a: Quagsire|atk|1\n|move|p1a: Quagsire|Spikes|p2a: Dachsbun\n|-sidestart|p2: p0y2938c178|Spikes\n|\n|-heal|p2a: Dachsbun|254/254|[from] move: Wish|[wisher] Dachsbun\n|-heal|p1a: Quagsire|52/100|[from] item: Leftovers\n|upkeep\n|turn|14\n|inactive|Time left: 300 sec this turn | 300 sec total\n|\n|t:|1783573841\n|move|p2a: Dachsbun|Play Rough|p1a: Quagsire\n|-damage|p1a: Quagsire|19/100\n|move|p1a: Quagsire|Spikes|p2a: Dachsbun\n|-sidestart|p2: p0y2938c178|Spikes\n|\n|-heal|p1a: Quagsire|25/100|[from] item: Leftovers\n|upkeep\n|turn|15\n|inactive|Time left: 300 sec this turn | 300 sec total\n|\n|t:|1783573841\n|switch|p1a: Flygon|Flygon, L82, M|3/100\n|move|p2a: Dachsbun|Play Rough|p1a: Flygon\n|-supereffective|p1a: Flygon\n|-damage|p1a: Flygon|0 fnt\n|faint|p1a: Flygon\n|\n|upkeep\n|\n|t:|1783573842\n|switch|p1a: Greninja|Greninja, L80, M|91/100\n|turn|16\n|inactive|Time left: 300 sec this turn | 300 sec total\n|\n|t:|1783573843\n|move|p1a: Greninja|Gunk Shot|p2a: Dachsbun|[miss]\n|-start|p1a: Greninja|typechange|Poison|[from] ability: Protean\n|-miss|p1a: Greninja|p2a: Dachsbun\n|move|p2a: Dachsbun|Play Rough|p1a: Greninja\n|-resisted|p1a: Greninja\n|-damage|p1a: Greninja|65/100\n|\n|upkeep\n|turn|17\n|inactive|Time left: 300 sec this turn | 300 sec total\n|\n|t:|1783573845\n|switch|p2a: Copperajah|Copperajah, L86, F|350/350\n|-damage|p2a: Copperajah|292/350|[from] Spikes\n|move|p1a: Greninja|Gunk Shot|p2a: Copperajah\n|-immune|p2a: Copperajah\n|\n|upkeep\n|turn|18\n|inactive|Time left: 300 sec this turn | 300 sec total\n|\n|t:|1783573845\n|move|p1a: Greninja|Toxic Spikes|p2a: Copperajah\n|-sidestart|p2: p0y2938c178|move: Toxic Spikes\n|move|p2a: Copperajah|Iron Head|p1a: Greninja\n|-damage|p1a: Greninja|0 fnt\n|faint|p1a: Greninja\n|\n|upkeep\n|\n|t:|1783573846\n|switch|p1a: Medicham|Medicham, L86, M|100/100\n|turn|19\n|inactive|Time left: 300 sec this turn | 300 sec total\n|\n|t:|1783573847\n|switch|p2a: Swanna|Swanna, L89, F|278/278\n|move|p1a: Medicham|Close Combat|p2a: Swanna\n|-resisted|p2a: Swanna\n|-damage|p2a: Swanna|116/278\n|-unboost|p1a: Medicham|def|1\n|-unboost|p1a: Medicham|spd|1\n|\n|upkeep\n|turn|20\n|inactive|Time left: 300 sec this turn | 300 sec total\n|\n|t:|1783573848\n|switch|p1a: Quagsire|Quagsire, L84, F|25/100\n|move|p2a: Swanna|Defog|p1a: Quagsire\n|-unboost|p1a: Quagsire|evasion|1\n|-sideend|p2: p0y2938c178|Spikes|[from] move: Defog|[of] p2a: Swanna\n|-sideend|p2: p0y2938c178|Toxic Spikes|[from] move: Defog|[of] p2a: Swanna\n|\n|-heal|p1a: Quagsire|31/100|[from] item: Leftovers\n|upkeep\n|turn|21\n|inactive|Time left: 300 sec this turn | 300 sec total\n|\n|t:|1783573849\n|move|p2a: Swanna|Brave Bird|p1a: Quagsire\n|-damage|p1a: Quagsire|0 fnt\n|faint|p1a: Quagsire\n|-damage|p2a: Swanna|86/278|[from] Recoil\n|\n|upkeep\n|\n|t:|1783573850\n|switch|p1a: Houndoom|Houndoom, L87, F|100/100\n|turn|22\n|inactive|Time left: 300 sec this turn | 300 sec total\n|\n|t:|1783573851\n|move|p2a: Swanna|Roost|p2a: Swanna\n|-heal|p2a: Swanna|225/278\n|-singleturn|p2a: Swanna|move: Roost\n|move|p1a: Houndoom|Sludge Bomb|p2a: Swanna\n|-damage|p2a: Swanna|131/278\n|-status|p2a: Swanna|psn\n|\n|-damage|p2a: Swanna|97/278 psn|[from] psn\n|upkeep\n|turn|23\n|inactive|Time left: 300 sec this turn | 300 sec total\n|\n|t:|1783573852\n|move|p2a: Swanna|Brave Bird|p1a: Houndoom\n|-damage|p1a: Houndoom|32/100\n|-damage|p2a: Swanna|36/278 psn|[from] Recoil\n|move|p1a: Houndoom|Sludge Bomb|p2a: Swanna\n|-damage|p2a: Swanna|0 fnt\n|faint|p2a: Swanna\n|\n|upkeep\n|inactive|Time left: 300 sec this turn | 300 sec total | 5 sec grace\n|\n|t:|1783573853\n|switch|p2a: Dachsbun|Dachsbun, L92, F|254/254\n|turn|24\n|inactive|Time left: 300 sec this turn | 300 sec total\n|\n|t:|1783573854\n|move|p2a: Dachsbun|Play Rough|p1a: Houndoom\n|-damage|p1a: Houndoom|0 fnt\n|faint|p1a: Houndoom\n|\n|upkeep\n|\n|t:|1783573855\n|switch|p1a: Medicham|Medicham, L86, M|100/100\n|turn|25\n|inactive|Time left: 300 sec this turn | 300 sec total\n|\n|t:|1783573856\n|move|p2a: Dachsbun|Play Rough|p1a: Medicham\n|-supereffective|p1a: Medicham\n|-damage|p1a: Medicham|9/100\n|move|p1a: Medicham|Zen Headbutt|p2a: Dachsbun\n|-damage|p2a: Dachsbun|107/254\n|\n|-heal|p2a: Dachsbun|122/254|[from] item: Leftovers\n|upkeep\n|turn|26\n|inactive|Time left: 300 sec this turn | 300 sec total\n|\n|t:|1783573856\n|switch|p2a: Slowbro|Slowbro-Galar, L87, F, tera:Ground|184/307\n|move|p1a: Medicham|Zen Headbutt|p2a: Slowbro\n|-damage|p2a: Slowbro|3/307\n|-damage|p1a: Medicham|0 fnt|[from] item: Rocky Helmet|[of] p2a: Slowbro\n|faint|p1a: Medicham\n|\n|win|p0y2938c178", "uploadtime": 1783573856, "views": 0, "rating": 0, "private": 0, "password": null, "_winner": "p0y2938c178", "_our_name": "p0y2938c178"}