{"id": "battle-gen9randombattle-1109", "formatid": "gen9randombattle", "format": "[Gen 9] Random Battle", "players": ["p0x110900e3", "p0y1109b729"], "log": "|init|battle\n|title|p0x110900e3 vs. p0y1109b729\n|j|\u2606p0x110900e3\n|j|\u2606p0y1109b729\n|t:|1783552833\n|gametype|singles\n|player|p1|p0x110900e3|169|\n|player|p2|p0y1109b729|2|\n|gen|9\n|tier|[Gen 9] Random Battle\n|rule|Species Clause: Limit one of each Pok\u00e9mon\n|rule|HP Percentage Mod: HP is shown in percentages\n|rule|Sleep Clause Mod: Limit one foe put to sleep\n|rule|Illusion Level Mod: Illusion disguises the Pok\u00e9mon's true level\n|\n|t:|1783552833\n|teamsize|p1|6\n|teamsize|p2|6\n|start\n|switch|p1a: Palafin|Palafin, L77, F|281/281\n|switch|p2a: Corviknight|Corviknight, L80, M|100/100\n|turn|1\n|inactive|Battle timer is ON: inactive players will automatically lose when time's up. (requested by p0y1109b729)\n|inactive|Time left: 300 sec this turn | 300 sec total | 60 sec grace\n|inactive|p0x110900e3 also wants the timer to be on.\n|\n|t:|1783552834\n|move|p1a: Palafin|Bulk Up|p1a: Palafin\n|-boost|p1a: Palafin|atk|1\n|-boost|p1a: Palafin|def|1\n|move|p2a: Corviknight|Brave Bird|p1a: Palafin\n|-damage|p1a: Palafin|194/281\n|-damage|p2a: Corviknight|90/100|[from] Recoil\n|\n|-heal|p1a: Palafin|211/281|[from] item: Leftovers\n|-heal|p2a: Corviknight|97/100|[from] item: Leftovers\n|upkeep\n|turn|2\n|inactive|Time left: 300 sec this turn | 300 sec total\n|\n|t:|1783552835\n|switch|p2a: Ampharos|Ampharos, L88, M|100/100\n|move|p1a: Palafin|Bulk Up|p1a: Palafin\n|-boost|p1a: Palafin|atk|1\n|-boost|p1a: Palafin|def|1\n|\n|-heal|p1a: Palafin|228/281|[from] item: Leftovers\n|upkeep\n|turn|3\n|inactive|Time left: 300 sec this turn | 300 sec total\n|\n|t:|1783552836\n|move|p1a: Palafin|Drain Punch|p2a: Ampharos\n|-damage|p2a: Ampharos|80/100\n|-heal|p1a: Palafin|260/281|[from] drain|[of] p2a: Ampharos\n|-status|p1a: Palafin|par|[from] ability: Static|[of] p2a: Ampharos\n|move|p2a: Ampharos|Thunderbolt|p1a: Palafin\n|-supereffective|p1a: Palafin\n|-crit|p1a: Palafin\n|-damage|p1a: Palafin|0 fnt\n|faint|p1a: Palafin\n|-damage|p2a: Ampharos|70/100|[from] item: Life Orb\n|\n|upkeep\n|inactive|Time left: 300 sec this turn | 300 sec total | 5 sec grace\n|\n|t:|1783552837\n|switch|p1a: Squawkabilly|Squawkabilly-Yellow, L89, M|291/291\n|turn|4\n|inactive|Time left: 300 sec this turn | 300 sec total\n|\n|t:|1783552838\n|move|p1a: Squawkabilly|Double-Edge|p2a: Ampharos\n|-damage|p2a: Ampharos|0 fnt\n|faint|p2a: Ampharos\n|-damage|p1a: Squawkabilly|222/291|[from] Recoil\n|\n|upkeep\n|\n|t:|1783552838\n|switch|p2a: Kricketune|Kricketune, L99, F|100/100\n|turn|5\n|inactive|Time left: 300 sec this turn | 300 sec total\n|\n|t:|1783552839\n|-terastallize|p2a: Kricketune|Ghost\n|move|p1a: Squawkabilly|Double-Edge|p2a: Kricketune\n|-immune|p2a: Kricketune\n|move|p2a: Kricketune|Sticky Web|p1a: Squawkabilly\n|-sidestart|p1: p0x110900e3|move: Sticky Web\n|\n|upkeep\n|turn|6\n|inactive|Time left: 300 sec this turn | 300 sec total\n|\n|t:|1783552840\n|switch|p1a: Coalossal|Coalossal, L89, M|341/341\n|move|p2a: Kricketune|Knock Off|p1a: Coalossal\n|-damage|p1a: Coalossal|273/341\n|-enditem|p1a: Coalossal|Heavy-Duty Boots|[from] move: Knock Off|[of] p2a: Kricketune\n|\n|upkeep\n|turn|7\n|inactive|Time left: 300 sec this turn | 300 sec total\n|\n|t:|1783552841\n|move|p2a: Kricketune|Pounce|p1a: Coalossal\n|-resisted|p1a: Coalossal\n|-damage|p1a: Coalossal|236/341\n|-unboost|p1a: Coalossal|spe|1\n|move|p1a: Coalossal|Stone Edge|p2a: Kricketune\n|-damage|p2a: Kricketune|60/100\n|\n|upkeep\n|turn|8\n|inactive|Time left: 300 sec this turn | 300 sec total\n|\n|t:|1783552842\n|move|p2a: Kricketune|Pounce|p1a: Coalossal\n|-resisted|p1a: Coalossal\n|-damage|p1a: Coalossal|198/341\n|-unboost|p1a: Coalossal|spe|1\n|move|p1a: Coalossal|Stone Edge|p2a: Kricketune\n|-damage|p2a: Kricketune|17/100\n|\n|upkeep\n|turn|9\n|inactive|Time left: 300 sec this turn | 300 sec total\n|\n|t:|1783552844\n|move|p2a: Kricketune|Pounce|p1a: Coalossal\n|-resisted|p1a: Coalossal\n|-damage|p1a: Coalossal|164/341\n|-unboost|p1a: Coalossal|spe|1\n|move|p1a: Coalossal|Stone Edge|p2a: Kricketune\n|-damage|p2a: Kricketune|0 fnt\n|faint|p2a: Kricketune\n|\n|upkeep\n|\n|t:|1783552845\n|switch|p2a: Gliscor|Gliscor, L76, M|100/100\n|turn|10\n|inactive|Time left: 300 sec this turn | 300 sec total\n|\n|t:|1783552846\n|switch|p1a: Squawkabilly|Squawkabilly-Yellow, L89, M|222/291\n|move|p2a: Gliscor|Earthquake|p1a: Squawkabilly\n|-immune|p1a: Squawkabilly\n|\n|-status|p2a: Gliscor|tox|[from] item: Toxic Orb\n|upkeep\n|turn|11\n|inactive|Time left: 300 sec this turn | 300 sec total\n|\n|t:|1783552847\n|move|p2a: Gliscor|Protect|p2a: Gliscor\n|-singleturn|p2a: Gliscor|Protect\n|move|p1a: Squawkabilly|Brave Bird|p2a: Gliscor\n|-activate|p2a: Gliscor|move: Protect\n|\n|upkeep\n|turn|12\n|inactive|Time left: 300 sec this turn | 300 sec total\n|\n|t:|1783552848\n|switch|p2a: Corviknight|Corviknight, L80, M|97/100\n|move|p1a: Squawkabilly|Brave Bird|p2a: Corviknight\n|-resisted|p2a: Corviknight\n|-damage|p2a: Corviknight|45/100\n|-damage|p1a: Squawkabilly|173/291|[from] Recoil\n|\n|-heal|p2a: Corviknight|52/100|[from] item: Leftovers\n|upkeep\n|turn|13\n|inactive|Time left: 300 sec this turn | 300 sec total\n|\n|t:|1783552849\n|move|p1a: Squawkabilly|Brave Bird|p2a: Corviknight\n|-resisted|p2a: Corviknight\n|-damage|p2a: Corviknight|2/100\n|-damage|p1a: Squawkabilly|125/291|[from] Recoil\n|move|p2a: Corviknight|Roost|p2a: Corviknight\n|-heal|p2a: Corviknight|52/100\n|-singleturn|p2a: Corviknight|move: Roost\n|\n|-heal|p2a: Corviknight|58/100|[from] item: Leftovers\n|upkeep\n|turn|14\n|inactive|Time left: 300 sec this turn | 300 sec total\n|\n|t:|1783552850\n|switch|p1a: Iron Treads|Iron Treads, L77|265/265\n|-activate|p1a: Iron Treads|move: Sticky Web\n|-unboost|p1a: Iron Treads|spe|1\n|move|p2a: Corviknight|Roost|p2a: Corviknight\n|-heal|p2a: Corviknight|100/100\n|-singleturn|p2a: Corviknight|move: Roost\n|\n|upkeep\n|turn|15\n|inactive|Time left: 300 sec this turn | 300 sec total\n|\n|t:|1783552851\n|move|p2a: Corviknight|Body Press|p1a: Iron Treads\n|-supereffective|p1a: Iron Treads\n|-damage|p1a: Iron Treads|163/265\n|move|p1a: Iron Treads|Rapid Spin|p2a: Corviknight\n|-resisted|p2a: Corviknight\n|-damage|p2a: Corviknight|96/100\n|-boost|p1a: Iron Treads|spe|1\n|-sideend|p1: p0x110900e3|Sticky Web|[from] move: Rapid Spin|[of] p1a: Iron Treads\n|\n|-heal|p2a: Corviknight|100/100|[from] item: Leftovers\n|upkeep\n|turn|16\n|inactive|Time left: 300 sec this turn | 300 sec total\n|\n|t:|1783552852\n|-end|p1a: Iron Treads|Quark Drive|[silent]\n|switch|p1a: Coalossal|Coalossal, L89, M|164/341\n|move|p2a: Corviknight|Body Press|p1a: Coalossal\n|-supereffective|p1a: Coalossal\n|-damage|p1a: Coalossal|84/341\n|\n|upkeep\n|turn|17\n|inactive|Time left: 300 sec this turn | 300 sec total\n|\n|t:|1783552853\n|move|p2a: Corviknight|Body Press|p1a: Coalossal\n|-supereffective|p1a: Coalossal\n|-damage|p1a: Coalossal|4/341\n|move|p1a: Coalossal|Overheat|p2a: Corviknight\n|-supereffective|p2a: Corviknight\n|-damage|p2a: Corviknight|0 fnt\n|-unboost|p1a: Coalossal|spa|2\n|faint|p2a: Corviknight\n|\n|upkeep\n|\n|t:|1783552854\n|switch|p2a: Breloom|Breloom, L83, F|100/100\n|turn|18\n|inactive|Time left: 300 sec this turn | 300 sec total\n|\n|t:|1783552856\n|move|p2a: Breloom|Bullet Seed|p1a: Coalossal\n|-damage|p1a: Coalossal|0 fnt\n|faint|p1a: Coalossal\n|-hitcount|p1: Coalossal|1\n|-damage|p2a: Breloom|91/100|[from] item: Life Orb\n|\n|upkeep\n|inactive|Time left: 300 sec this turn | 300 sec total | 5 sec grace\n|\n|t:|1783552856\n|switch|p1a: Rillaboom|Rillaboom, L79, M|288/288\n|-fieldstart|move: Grassy Terrain|[from] ability: Grassy Surge|[of] p1a: Rillaboom\n|turn|19\n|inactive|Time left: 300 sec this turn | 300 sec total\n|\n|t:|1783552858\n|move|p1a: Rillaboom|Swords Dance|p1a: Rillaboom\n|-boost|p1a: Rillaboom|atk|2\n|move|p2a: Breloom|Rock Tomb|p1a: Rillaboom\n|-damage|p1a: Rillaboom|183/288\n|-unboost|p1a: Rillaboom|spe|1\n|-damage|p2a: Breloom|81/100|[from] item: Life Orb\n|\n|-heal|p2a: Breloom|87/100|[from] Grassy Terrain\n|-heal|p1a: Rillaboom|201/288|[from] Grassy Terrain\n|upkeep\n|turn|20\n|inactive|Time left: 300 sec this turn | 300 sec total\n|\n|t:|1783552859\n|move|p2a: Breloom|Bullet Seed|p1a: Rillaboom\n|-resisted|p1a: Rillaboom\n|-damage|p1a: Rillaboom|159/288\n|-resisted|p1a: Rillaboom\n|-damage|p1a: Rillaboom|119/288\n|-resisted|p1a: Rillaboom\n|-damage|p1a: Rillaboom|74/288\n|-hitcount|p1a: Rillaboom|3\n|-damage|p2a: Breloom|77/100|[from] item: Life Orb\n|move|p1a: Rillaboom|Wood Hammer|p2a: Breloom\n|-resisted|p2a: Breloom\n|-damage|p2a: Breloom|0 fnt\n|faint|p2a: Breloom\n|-damage|p1a: Rillaboom|15/288|[from] Recoil\n|-damage|p1a: Rillaboom|0 fnt|[from] item: Life Orb\n|faint|p1a: Rillaboom\n|\n|upkeep\n|inactive|Time left: 300 sec this turn | 300 sec total | 5 sec grace\n|\n|t:|1783552860\n|switch|p1a: Squawkabilly|Squawkabilly-Yellow, L89, M|125/291\n|switch|p2a: Gliscor|Gliscor, L76, M|100/100 tox\n|turn|21\n|inactive|Time left: 300 sec this turn | 300 sec total\n|\n|t:|1783552861\n|move|p2a: Gliscor|Protect|p2a: Gliscor\n|-singleturn|p2a: Gliscor|Protect\n|move|p1a: Squawkabilly|Double-Edge|p2a: Gliscor\n|-activate|p2a: Gliscor|move: Protect\n|\n|upkeep\n|turn|22\n|inactive|Time left: 300 sec this turn | 300 sec total\n|\n|t:|1783552862\n|move|p1a: Squawkabilly|Double-Edge|p2a: Gliscor\n|-damage|p2a: Gliscor|0 fnt\n|faint|p2a: Gliscor\n|-damage|p1a: Squawkabilly|46/291|[from] Recoil\n|\n|upkeep\n|\n|t:|1783552863\n|switch|p2a: Hoopa|Hoopa-Unbound, L80|100/100\n|turn|23\n|inactive|Time left: 300 sec this turn | 300 sec total\n|\n|t:|1783552864\n|-terastallize|p1a: Squawkabilly|Normal\n|move|p1a: Squawkabilly|Double-Edge|p2a: Hoopa\n|-damage|p2a: Hoopa|0 fnt\n|faint|p2a: Hoopa\n|-damage|p1a: Squawkabilly|0 fnt|[from] Recoil\n|faint|p1a: Squawkabilly\n|\n|win|p0x110900e3", "uploadtime": 1783552864, "views": 0, "rating": 0, "private": 0, "password": null, "_winner": "p0x110900e3", "_our_name": "p0x110900e3"}