{"id": "battle-gen9randombattle-2923", "formatid": "gen9randombattle", "format": "[Gen 9] Random Battle", "players": ["p0x2923f571", "p0y292304c3"], "log": "|init|battle\n|title|p0x2923f571 vs. p0y292304c3\n|j|\u2606p0x2923f571\n|j|\u2606p0y292304c3\n|t:|1783573651\n|gametype|singles\n|player|p1|p0x2923f571|1|\n|player|p2|p0y292304c3|102|\n|gen|9\n|tier|[Gen 9] Random Battle\n|rule|Species Clause: Limit one of each Pok\u00e9mon\n|rule|HP Percentage Mod: HP is shown in percentages\n|rule|Sleep Clause Mod: Limit one foe put to sleep\n|rule|Illusion Level Mod: Illusion disguises the Pok\u00e9mon's true level\n|\n|t:|1783573651\n|teamsize|p1|6\n|teamsize|p2|6\n|start\n|switch|p1a: Malamar|Malamar, L82, F|100/100\n|switch|p2a: Lurantis|Lurantis, L87, M|264/264\n|turn|1\n|inactive|Battle timer is ON: inactive players will automatically lose when time's up. (requested by p0x2923f571)\n|inactive|Time left: 300 sec this turn | 300 sec total | 60 sec grace\n|inactive|p0y292304c3 also wants the timer to be on.\n|\n|t:|1783573653\n|move|p1a: Malamar|Superpower|p2a: Lurantis\n|-damage|p2a: Lurantis|195/264\n|-boost|p1a: Malamar|atk|1\n|-boost|p1a: Malamar|def|1\n|move|p2a: Lurantis|Superpower|p1a: Malamar\n|-damage|p1a: Malamar|76/100\n|-boost|p2a: Lurantis|atk|1\n|-boost|p2a: Lurantis|def|1\n|\n|upkeep\n|turn|2\n|inactive|Time left: 300 sec this turn | 300 sec total\n|\n|t:|1783573654\n|-terastallize|p1a: Malamar|Steel\n|move|p1a: Malamar|Superpower|p2a: Lurantis\n|-damage|p2a: Lurantis|119/264\n|-boost|p1a: Malamar|atk|1\n|-boost|p1a: Malamar|def|1\n|move|p2a: Lurantis|Leech Life|p1a: Malamar\n|-resisted|p1a: Malamar\n|-damage|p1a: Malamar|68/100\n|-heal|p2a: Lurantis|130/264|[from] drain|[of] p1a: Malamar\n|\n|upkeep\n|turn|3\n|inactive|Time left: 300 sec this turn | 300 sec total\n|\n|t:|1783573655\n|move|p1a: Malamar|Superpower|p2a: Lurantis\n|-damage|p2a: Lurantis|24/264\n|-boost|p1a: Malamar|atk|1\n|-boost|p1a: Malamar|def|1\n|move|p2a: Lurantis|Superpower|p1a: Malamar\n|-supereffective|p1a: Malamar\n|-damage|p1a: Malamar|22/100\n|-boost|p2a: Lurantis|atk|1\n|-boost|p2a: Lurantis|def|1\n|\n|upkeep\n|turn|4\n|inactive|Time left: 300 sec this turn | 300 sec total\n|\n|t:|1783573656\n|move|p1a: Malamar|Knock Off|p2a: Lurantis\n|-damage|p2a: Lurantis|0 fnt\n|-enditem|p2a: Lurantis|Assault Vest|[from] move: Knock Off|[of] p1a: Malamar\n|faint|p2a: Lurantis\n|\n|upkeep\n|inactive|Time left: 300 sec this turn | 300 sec total | 5 sec grace\n|\n|t:|1783573657\n|switch|p2a: Slaking|Slaking, L84, M|389/389\n|turn|5\n|inactive|Time left: 300 sec this turn | 300 sec total\n|\n|t:|1783573658\n|move|p2a: Slaking|Giga Impact|p1a: Malamar\n|-resisted|p1a: Malamar\n|-damage|p1a: Malamar|0 fnt\n|-mustrecharge|p2a: Slaking\n|faint|p1a: Malamar\n|\n|upkeep\n|\n|t:|1783573659\n|switch|p1a: Gholdengo|Gholdengo, L77|100/100\n|turn|6\n|inactive|Time left: 300 sec this turn | 300 sec total\n|\n|t:|1783573660\n|cant|p2a: Slaking|recharge\n|move|p1a: Gholdengo|Nasty Plot|p1a: Gholdengo\n|-boost|p1a: Gholdengo|spa|2\n|\n|upkeep\n|turn|7\n|inactive|Time left: 300 sec this turn | 300 sec total\n|\n|t:|1783573661\n|switch|p2a: Blaziken|Blaziken, L76, M|247/247\n|move|p1a: Gholdengo|Make It Rain|p2a: Blaziken\n|-resisted|p2a: Blaziken\n|-damage|p2a: Blaziken|81/247\n|-unboost|p1a: Gholdengo|spa|1\n|\n|upkeep\n|turn|8\n|inactive|Time left: 300 sec this turn | 300 sec total\n|\n|t:|1783573663\n|switch|p2a: Slaking|Slaking, L84, M|389/389\n|move|p1a: Gholdengo|Make It Rain|p2a: Slaking\n|-damage|p2a: Slaking|142/389\n|-unboost|p1a: Gholdengo|spa|1\n|\n|upkeep\n|turn|9\n|inactive|Time left: 300 sec this turn | 300 sec total\n|\n|t:|1783573664\n|switch|p1a: Dunsparce|Dunsparce, L86, M|100/100\n|move|p2a: Slaking|Earthquake|p1a: Dunsparce\n|-damage|p1a: Dunsparce|59/100\n|\n|upkeep\n|turn|10\n|inactive|Time left: 300 sec this turn | 300 sec total\n|\n|t:|1783573665\n|switch|p2a: Arceus|Arceus-Flying, L69|279/279\n|move|p1a: Dunsparce|Body Slam|p2a: Arceus\n|-damage|p2a: Arceus|207/279\n|-status|p2a: Arceus|par\n|\n|upkeep\n|turn|11\n|inactive|Time left: 300 sec this turn | 300 sec total\n|\n|t:|1783573666\n|move|p1a: Dunsparce|Coil|p1a: Dunsparce\n|-boost|p1a: Dunsparce|atk|1\n|-boost|p1a: Dunsparce|def|1\n|-boost|p1a: Dunsparce|accuracy|1\n|move|p2a: Arceus|Calm Mind|p2a: Arceus\n|-boost|p2a: Arceus|spa|1\n|-boost|p2a: Arceus|spd|1\n|\n|upkeep\n|turn|12\n|inactive|Time left: 300 sec this turn | 300 sec total\n|\n|t:|1783573667\n|move|p1a: Dunsparce|Body Slam|p2a: Arceus\n|-damage|p2a: Arceus|108/279 par\n|move|p2a: Arceus|Judgment|p1a: Dunsparce\n|-damage|p1a: Dunsparce|21/100\n|\n|upkeep\n|turn|13\n|inactive|Time left: 300 sec this turn | 300 sec total\n|\n|t:|1783573668\n|move|p1a: Dunsparce|Roost|p1a: Dunsparce\n|-heal|p1a: Dunsparce|71/100\n|-singleturn|p1a: Dunsparce|move: Roost\n|cant|p2a: Arceus|par\n|\n|upkeep\n|turn|14\n|inactive|Time left: 300 sec this turn | 300 sec total\n|\n|t:|1783573669\n|move|p1a: Dunsparce|Body Slam|p2a: Arceus\n|-damage|p2a: Arceus|0 fnt\n|faint|p2a: Arceus\n|\n|upkeep\n|inactive|Time left: 300 sec this turn | 300 sec total | 5 sec grace\n|\n|t:|1783573669\n|switch|p2a: Blaziken|Blaziken, L76, M|81/247\n|turn|15\n|inactive|Time left: 300 sec this turn | 300 sec total\n|\n|t:|1783573670\n|move|p2a: Blaziken|Close Combat|p1a: Dunsparce\n|-supereffective|p1a: Dunsparce\n|-damage|p1a: Dunsparce|16/100\n|-unboost|p2a: Blaziken|def|1\n|-unboost|p2a: Blaziken|spd|1\n|-damage|p2a: Blaziken|57/247|[from] item: Life Orb\n|move|p1a: Dunsparce|Body Slam|p2a: Blaziken\n|-damage|p2a: Blaziken|0 fnt\n|faint|p2a: Blaziken\n|\n|upkeep\n|inactive|Time left: 300 sec this turn | 300 sec total | 5 sec grace\n|\n|t:|1783573671\n|switch|p2a: Kingdra|Kingdra, L84, F|263/263\n|turn|16\n|inactive|Time left: 300 sec this turn | 300 sec total\n|\n|t:|1783573672\n|move|p2a: Kingdra|Wave Crash|p1a: Dunsparce\n|-damage|p1a: Dunsparce|0 fnt\n|faint|p1a: Dunsparce\n|-damage|p2a: Kingdra|247/263|[from] Recoil\n|\n|upkeep\n|\n|t:|1783573673\n|switch|p1a: Iron Jugulis|Iron Jugulis, L77|100/100\n|turn|17\n|inactive|Time left: 300 sec this turn | 300 sec total\n|\n|t:|1783573673\n|move|p1a: Iron Jugulis|Dark Pulse|p2a: Kingdra\n|-damage|p2a: Kingdra|133/263\n|move|p2a: Kingdra|Dragon Dance|p2a: Kingdra\n|-boost|p2a: Kingdra|atk|1\n|-boost|p2a: Kingdra|spe|1\n|\n|upkeep\n|turn|18\n|inactive|Time left: 300 sec this turn | 300 sec total\n|\n|t:|1783573674\n|move|p2a: Kingdra|Waterfall|p1a: Iron Jugulis\n|-damage|p1a: Iron Jugulis|50/100\n|move|p1a: Iron Jugulis|Dark Pulse|p2a: Kingdra\n|-damage|p2a: Kingdra|21/263\n|\n|upkeep\n|turn|19\n|inactive|Time left: 300 sec this turn | 300 sec total\n|\n|t:|1783573675\n|-end|p1a: Iron Jugulis|Quark Drive|[silent]\n|switch|p1a: Scream Tail|Scream Tail, L84|100/100\n|move|p2a: Kingdra|Waterfall|p1a: Scream Tail\n|-damage|p1a: Scream Tail|66/100\n|\n|-heal|p1a: Scream Tail|72/100|[from] item: Leftovers\n|upkeep\n|turn|20\n|inactive|Time left: 300 sec this turn | 300 sec total\n|\n|t:|1783573676\n|move|p2a: Kingdra|Waterfall|p1a: Scream Tail\n|-damage|p1a: Scream Tail|35/100\n|move|p1a: Scream Tail|Dazzling Gleam|p2a: Kingdra\n|-supereffective|p2a: Kingdra\n|-damage|p2a: Kingdra|0 fnt\n|faint|p2a: Kingdra\n|\n|-heal|p1a: Scream Tail|41/100|[from] item: Leftovers\n|upkeep\n|inactive|Time left: 300 sec this turn | 300 sec total | 5 sec grace\n|\n|t:|1783573677\n|switch|p2a: Slaking|Slaking, L84, M|142/389\n|turn|21\n|inactive|Time left: 300 sec this turn | 300 sec total\n|\n|t:|1783573678\n|move|p1a: Scream Tail|Protect|p1a: Scream Tail\n|-singleturn|p1a: Scream Tail|Protect\n|move|p2a: Slaking|Giga Impact|p1a: Scream Tail\n|-activate|p1a: Scream Tail|move: Protect\n|\n|-heal|p1a: Scream Tail|47/100|[from] item: Leftovers\n|upkeep\n|turn|22\n|inactive|Time left: 300 sec this turn | 300 sec total\n|\n|t:|1783573679\n|-end|p1a: Scream Tail|Protosynthesis|[silent]\n|switch|p1a: Gholdengo|Gholdengo, L77|100/100\n|cant|p2a: Slaking|ability: Truant\n|\n|upkeep\n|turn|23\n|inactive|Time left: 300 sec this turn | 300 sec total\n|\n|t:|1783573680\n|switch|p2a: Palafin|Palafin, L77, F|281/281\n|move|p1a: Gholdengo|Nasty Plot|p1a: Gholdengo\n|-boost|p1a: Gholdengo|spa|2\n|\n|upkeep\n|turn|24\n|inactive|Time left: 300 sec this turn | 300 sec total\n|\n|t:|1783573681\n|detailschange|p2a: Palafin|Palafin-Hero, L77, F\n|switch|p2a: Slaking|Slaking, L84, M|142/389\n|move|p1a: Gholdengo|Make It Rain|p2a: Slaking\n|-damage|p2a: Slaking|0 fnt\n|-unboost|p1a: Gholdengo|spa|1\n|faint|p2a: Slaking\n|\n|upkeep\n|inactive|Time left: 300 sec this turn | 300 sec total | 5 sec grace\n|\n|t:|1783573681\n|switch|p2a: Palafin|Palafin-Hero, L77, F|281/281\n|-activate|p2a: Palafin|ability: Zero to Hero\n|turn|25\n|inactive|Time left: 300 sec this turn | 300 sec total\n|\n|t:|1783573682\n|move|p2a: Palafin|Ice Punch|p1a: Gholdengo\n|-resisted|p1a: Gholdengo\n|-damage|p1a: Gholdengo|88/100\n|move|p1a: Gholdengo|Shadow Ball|p2a: Palafin\n|-damage|p2a: Palafin|128/281\n|\n|-heal|p2a: Palafin|145/281|[from] item: Leftovers\n|-heal|p1a: Gholdengo|94/100|[from] item: Leftovers\n|upkeep\n|turn|26\n|inactive|Time left: 300 sec this turn | 300 sec total\n|\n|t:|1783573683\n|-terastallize|p2a: Palafin|Steel\n|move|p2a: Palafin|Ice Punch|p1a: Gholdengo\n|-resisted|p1a: Gholdengo\n|-damage|p1a: Gholdengo|81/100\n|move|p1a: Gholdengo|Shadow Ball|p2a: Palafin\n|-damage|p2a: Palafin|6/281\n|-unboost|p2a: Palafin|spd|1\n|\n|-heal|p2a: Palafin|23/281|[from] item: Leftovers\n|-heal|p1a: Gholdengo|87/100|[from] item: Leftovers\n|upkeep\n|turn|27\n|inactive|Time left: 300 sec this turn | 300 sec total\n|\n|t:|1783573684\n|move|p2a: Palafin|Ice Punch|p1a: Gholdengo\n|-resisted|p1a: Gholdengo\n|-damage|p1a: Gholdengo|73/100\n|move|p1a: Gholdengo|Shadow Ball|p2a: Palafin\n|-damage|p2a: Palafin|0 fnt\n|faint|p2a: Palafin\n|\n|win|p0x2923f571", "uploadtime": 1783573684, "views": 0, "rating": 0, "private": 0, "password": null, "_winner": "p0x2923f571", "_our_name": "p0y292304c3"}