{"id": "battle-gen9randombattle-325", "formatid": "gen9randombattle", "format": "[Gen 9] Random Battle", "players": ["p0x32525d6", "p0y325746e"], "log": "|init|battle\n|title|p0x32525d6 vs. p0y325746e\n|j|\u2606p0x32525d6\n|j|\u2606p0y325746e\n|t:|1783543374\n|gametype|singles\n|player|p1|p0x32525d6|169|\n|player|p2|p0y325746e|265|\n|gen|9\n|tier|[Gen 9] Random Battle\n|rule|Species Clause: Limit one of each Pok\u00e9mon\n|rule|HP Percentage Mod: HP is shown in percentages\n|rule|Sleep Clause Mod: Limit one foe put to sleep\n|rule|Illusion Level Mod: Illusion disguises the Pok\u00e9mon's true level\n|\n|t:|1783543374\n|teamsize|p1|6\n|teamsize|p2|6\n|start\n|switch|p1a: Thundurus|Thundurus-Therian, L80, M|258/258\n|switch|p2a: Rabsca|Rabsca, L91, F|100/100\n|turn|1\n|inactive|Battle timer is ON: inactive players will automatically lose when time's up. (requested by p0y325746e)\n|inactive|Time left: 300 sec this turn | 300 sec total | 60 sec grace\n|inactive|p0x32525d6 also wants the timer to be on.\n|\n|t:|1783543376\n|move|p1a: Thundurus|Thunderbolt|p2a: Rabsca\n|-damage|p2a: Rabsca|49/100\n|move|p2a: Rabsca|Psychic|p1a: Thundurus\n|-damage|p1a: Thundurus|122/258\n|\n|upkeep\n|turn|2\n|inactive|Time left: 300 sec this turn | 300 sec total\n|\n|t:|1783543377\n|move|p1a: Thundurus|Thunderbolt|p2a: Rabsca\n|-damage|p2a: Rabsca|0 fnt\n|faint|p2a: Rabsca\n|\n|upkeep\n|\n|t:|1783543378\n|switch|p2a: Iron Bundle|Iron Bundle, L78|100/100\n|turn|3\n|inactive|Time left: 300 sec this turn | 300 sec total\n|\n|t:|1783543380\n|switch|p1a: Hoopa|Hoopa, L85|275/275\n|move|p2a: Iron Bundle|Ice Beam|p1a: Hoopa\n|-damage|p1a: Hoopa|164/275\n|\n|upkeep\n|turn|4\n|inactive|Time left: 300 sec this turn | 300 sec total\n|\n|t:|1783543381\n|move|p2a: Iron Bundle|Ice Beam|p1a: Hoopa\n|-crit|p1a: Hoopa\n|-damage|p1a: Hoopa|0 fnt\n|faint|p1a: Hoopa\n|\n|upkeep\n|inactive|Time left: 300 sec this turn | 300 sec total | 5 sec grace\n|\n|t:|1783543382\n|switch|p1a: Iron Moth|Iron Moth, L78|253/253\n|turn|5\n|inactive|Time left: 300 sec this turn | 300 sec total\n|\n|t:|1783543383\n|move|p2a: Iron Bundle|Ice Beam|p1a: Iron Moth\n|-resisted|p1a: Iron Moth\n|-damage|p1a: Iron Moth|185/253\n|move|p1a: Iron Moth|Fire Blast|p2a: Iron Bundle\n|-damage|p2a: Iron Bundle|0 fnt\n|faint|p2a: Iron Bundle\n|-end|p2a: Iron Bundle|Quark Drive|[silent]\n|\n|upkeep\n|\n|t:|1783543384\n|switch|p2a: Cresselia|Cresselia, L80, F|100/100\n|turn|6\n|inactive|Time left: 300 sec this turn | 300 sec total\n|\n|t:|1783543385\n|move|p1a: Iron Moth|Fire Blast|p2a: Cresselia\n|-damage|p2a: Cresselia|45/100\n|move|p2a: Cresselia|Psyshock|p1a: Iron Moth\n|-supereffective|p1a: Iron Moth\n|-damage|p1a: Iron Moth|0 fnt\n|faint|p1a: Iron Moth\n|-end|p1a: Iron Moth|Quark Drive|[silent]\n|\n|-heal|p2a: Cresselia|52/100|[from] item: Leftovers\n|upkeep\n|inactive|Time left: 300 sec this turn | 300 sec total | 5 sec grace\n|\n|t:|1783543386\n|switch|p1a: Thundurus|Thundurus-Therian, L80, M|122/258\n|turn|7\n|inactive|Time left: 300 sec this turn | 300 sec total\n|\n|t:|1783543387\n|move|p1a: Thundurus|Thunderbolt|p2a: Cresselia\n|-damage|p2a: Cresselia|8/100\n|move|p2a: Cresselia|Calm Mind|p2a: Cresselia\n|-boost|p2a: Cresselia|spa|1\n|-boost|p2a: Cresselia|spd|1\n|\n|-heal|p2a: Cresselia|14/100|[from] item: Leftovers\n|upkeep\n|turn|8\n|inactive|Time left: 300 sec this turn | 300 sec total\n|\n|t:|1783543389\n|-terastallize|p2a: Cresselia|Electric\n|move|p1a: Thundurus|Thunderbolt|p2a: Cresselia\n|-resisted|p2a: Cresselia\n|-damage|p2a: Cresselia|0 fnt\n|faint|p2a: Cresselia\n|\n|upkeep\n|\n|t:|1783543389\n|switch|p2a: Ursaluna|Ursaluna-Bloodmoon, L79, M|100/100\n|turn|9\n|inactive|Time left: 300 sec this turn | 300 sec total\n|\n|t:|1783543390\n|switch|p1a: Ting-Lu|Ting-Lu, L78|370/370\n|-ability|p1a: Ting-Lu|Vessel of Ruin\n|move|p2a: Ursaluna|Dark Pulse|p1a: Ting-Lu\n|-resisted|p1a: Ting-Lu\n|-damage|p1a: Ting-Lu|304/370\n|\n|-heal|p1a: Ting-Lu|327/370|[from] item: Leftovers\n|upkeep\n|turn|10\n|inactive|Time left: 300 sec this turn | 300 sec total\n|\n|t:|1783543392\n|move|p2a: Ursaluna|Dark Pulse|p1a: Ting-Lu\n|-resisted|p1a: Ting-Lu\n|-damage|p1a: Ting-Lu|262/370\n|cant|p1a: Ting-Lu|flinch\n|\n|-heal|p1a: Ting-Lu|285/370|[from] item: Leftovers\n|upkeep\n|turn|11\n|inactive|Time left: 300 sec this turn | 300 sec total\n|\n|t:|1783543393\n|switch|p2a: Ursaluna|Ursaluna-Bloodmoon, L79, M|100/100\n|move|p1a: Ting-Lu|Earthquake|p2a: Ursaluna\n|-damage|p2a: Ursaluna|75/100\n|\n|-heal|p2a: Ursaluna|81/100|[from] item: Leftovers\n|-heal|p1a: Ting-Lu|308/370|[from] item: Leftovers\n|upkeep\n|turn|12\n|inactive|Time left: 300 sec this turn | 300 sec total\n|\n|t:|1783543394\n|move|p2a: Ursaluna|Calm Mind|p2a: Ursaluna\n|-boost|p2a: Ursaluna|spa|1\n|-boost|p2a: Ursaluna|spd|1\n|move|p1a: Ting-Lu|Spikes|p2a: Ursaluna\n|-sidestart|p2: p0y325746e|Spikes\n|\n|-heal|p2a: Ursaluna|88/100|[from] item: Leftovers\n|-heal|p1a: Ting-Lu|331/370|[from] item: Leftovers\n|upkeep\n|turn|13\n|inactive|Time left: 300 sec this turn | 300 sec total\n|\n|t:|1783543395\n|move|p2a: Ursaluna|Blood Moon|p1a: Ting-Lu\n|-damage|p1a: Ting-Lu|123/370\n|move|p1a: Ting-Lu|Whirlwind|p2a: Ursaluna\n|drag|p2a: Revavroom|Revavroom, L79, F|100/100\n|-damage|p2a: Revavroom|88/100|[from] Spikes\n|\n|-heal|p1a: Ting-Lu|146/370|[from] item: Leftovers\n|upkeep\n|turn|14\n|inactive|Time left: 300 sec this turn | 300 sec total\n|\n|t:|1783543396\n|move|p2a: Revavroom|Iron Head|p1a: Ting-Lu\n|-damage|p1a: Ting-Lu|43/370\n|-damage|p2a: Revavroom|78/100|[from] item: Life Orb\n|cant|p1a: Ting-Lu|flinch\n|\n|-heal|p1a: Ting-Lu|66/370|[from] item: Leftovers\n|upkeep\n|turn|15\n|inactive|Time left: 300 sec this turn | 300 sec total\n|\n|t:|1783543397\n|move|p2a: Revavroom|High Horsepower|p1a: Ting-Lu\n|-damage|p1a: Ting-Lu|0 fnt\n|faint|p1a: Ting-Lu\n|-damage|p2a: Revavroom|68/100|[from] item: Life Orb\n|\n|upkeep\n|inactive|Time left: 300 sec this turn | 300 sec total | 5 sec grace\n|\n|t:|1783543398\n|switch|p1a: Flamigo|Flamigo, L82, F|269/269\n|turn|16\n|inactive|Time left: 300 sec this turn | 300 sec total\n|\n|t:|1783543399\n|-terastallize|p1a: Flamigo|Fighting\n|move|p1a: Flamigo|Close Combat|p2a: Revavroom\n|-damage|p2a: Revavroom|0 fnt\n|-unboost|p1a: Flamigo|def|1\n|-unboost|p1a: Flamigo|spd|1\n|faint|p2a: Revavroom\n|\n|upkeep\n|\n|t:|1783543400\n|switch|p2a: Ursaluna|Ursaluna-Bloodmoon, L79, M|88/100\n|-damage|p2a: Ursaluna|75/100|[from] Spikes\n|turn|17\n|inactive|Time left: 300 sec this turn | 300 sec total\n|\n|t:|1783543401\n|move|p1a: Flamigo|Close Combat|p2a: Ursaluna\n|-supereffective|p2a: Ursaluna\n|-damage|p2a: Ursaluna|0 fnt\n|-unboost|p1a: Flamigo|def|1\n|-unboost|p1a: Flamigo|spd|1\n|faint|p2a: Ursaluna\n|\n|upkeep\n|\n|t:|1783543401\n|switch|p2a: Zoroark|Zoroark, L83, F|100/100\n|-damage|p2a: Zoroark|88/100|[from] Spikes\n|turn|18\n|inactive|Time left: 300 sec this turn | 300 sec total\n|\n|t:|1783543402\n|move|p1a: Flamigo|Close Combat|p2a: Zoroark\n|-supereffective|p2a: Zoroark\n|-damage|p2a: Zoroark|0 fnt\n|-unboost|p1a: Flamigo|def|1\n|-unboost|p1a: Flamigo|spd|1\n|faint|p2a: Zoroark\n|\n|win|p0x32525d6", "uploadtime": 1783543402, "views": 0, "rating": 0, "private": 0, "password": null, "_winner": "p0x32525d6", "_our_name": "p0x32525d6"}