{"id": "battle-gen9randombattle-2200", "formatid": "gen9randombattle", "format": "[Gen 9] Random Battle", "players": ["p0x2200b05d", "p0y2200c977"], "log": "|init|battle\n|title|p0x2200b05d vs. p0y2200c977\n|j|\u2606p0x2200b05d\n|j|\u2606p0y2200c977\n|t:|1783565501\n|gametype|singles\n|player|p1|p0x2200b05d|101|\n|player|p2|p0y2200c977|101|\n|gen|9\n|tier|[Gen 9] Random Battle\n|rule|Species Clause: Limit one of each Pok\u00e9mon\n|rule|HP Percentage Mod: HP is shown in percentages\n|rule|Sleep Clause Mod: Limit one foe put to sleep\n|rule|Illusion Level Mod: Illusion disguises the Pok\u00e9mon's true level\n|\n|t:|1783565501\n|teamsize|p1|6\n|teamsize|p2|6\n|start\n|switch|p1a: Iron Jugulis|Iron Jugulis, L77|271/271\n|switch|p2a: Klefki|Klefki, L84, M|100/100\n|turn|1\n|inactive|Battle timer is ON: inactive players will automatically lose when time's up. (requested by p0y2200c977)\n|inactive|Time left: 300 sec this turn | 300 sec total | 60 sec grace\n|inactive|p0x2200b05d also wants the timer to be on.\n|\n|t:|1783565502\n|move|p1a: Iron Jugulis|Earth Power|p2a: Klefki\n|-supereffective|p2a: Klefki\n|-damage|p2a: Klefki|46/100\n|move|p2a: Klefki|Dazzling Gleam|p1a: Iron Jugulis\n|-supereffective|p1a: Iron Jugulis\n|-damage|p1a: Iron Jugulis|85/271\n|\n|-heal|p2a: Klefki|52/100|[from] item: Leftovers\n|upkeep\n|turn|2\n|inactive|Time left: 300 sec this turn | 300 sec total\n|\n|t:|1783565503\n|switch|p2a: Corviknight|Corviknight, L80, F|100/100\n|-ability|p2a: Corviknight|Pressure\n|move|p1a: Iron Jugulis|Earth Power|p2a: Corviknight\n|-immune|p2a: Corviknight\n|\n|upkeep\n|turn|3\n|inactive|Time left: 300 sec this turn | 300 sec total\n|\n|t:|1783565504\n|-end|p1a: Iron Jugulis|Quark Drive|[silent]\n|switch|p1a: Vikavolt|Vikavolt, L83, M|263/263\n|move|p2a: Corviknight|Brave Bird|p1a: Vikavolt\n|-damage|p1a: Vikavolt|148/263\n|-damage|p2a: Corviknight|87/100|[from] Recoil\n|\n|upkeep\n|turn|4\n|inactive|Time left: 300 sec this turn | 300 sec total\n|\n|t:|1783565505\n|move|p2a: Corviknight|Brave Bird|p1a: Vikavolt\n|-damage|p1a: Vikavolt|48/263\n|-damage|p2a: Corviknight|76/100|[from] Recoil\n|move|p1a: Vikavolt|Sticky Web|p2a: Corviknight\n|-sidestart|p2: p0y2200c977|move: Sticky Web\n|\n|upkeep\n|turn|5\n|inactive|Time left: 300 sec this turn | 300 sec total\n|\n|t:|1783565507\n|move|p2a: Corviknight|Brave Bird|p1a: Vikavolt\n|-damage|p1a: Vikavolt|0 fnt\n|faint|p1a: Vikavolt\n|-damage|p2a: Corviknight|70/100|[from] Recoil\n|\n|upkeep\n|inactive|Time left: 300 sec this turn | 300 sec total | 5 sec grace\n|\n|t:|1783565507\n|switch|p1a: Iron Jugulis|Iron Jugulis, L77|85/271\n|turn|6\n|inactive|Time left: 300 sec this turn | 300 sec total\n|\n|t:|1783565508\n|move|p1a: Iron Jugulis|Meteor Beam||[still]\n|-prepare|p1a: Iron Jugulis|Meteor Beam\n|-boost|p1a: Iron Jugulis|spa|1\n|-enditem|p1a: Iron Jugulis|Power Herb\n|-anim|p1a: Iron Jugulis|Meteor Beam|p2a: Corviknight|[miss]\n|-miss|p1a: Iron Jugulis|p2a: Corviknight\n|move|p2a: Corviknight|Defog|p1a: Iron Jugulis\n|-unboost|p1a: Iron Jugulis|evasion|1\n|-sideend|p2: p0y2200c977|Sticky Web|[from] move: Defog|[of] p2a: Corviknight\n|\n|upkeep\n|turn|7\n|inactive|Time left: 300 sec this turn | 300 sec total\n|\n|t:|1783565509\n|move|p1a: Iron Jugulis|Dark Pulse|p2a: Corviknight\n|-damage|p2a: Corviknight|20/100\n|move|p2a: Corviknight|Brave Bird|p1a: Iron Jugulis\n|-damage|p1a: Iron Jugulis|0 fnt\n|faint|p1a: Iron Jugulis\n|-end|p1a: Iron Jugulis|Quark Drive|[silent]\n|-damage|p2a: Corviknight|11/100|[from] Recoil\n|\n|upkeep\n|inactive|Time left: 300 sec this turn | 300 sec total | 5 sec grace\n|\n|t:|1783565510\n|switch|p1a: Dragonite|Dragonite, L74, F|257/257\n|turn|8\n|inactive|Time left: 300 sec this turn | 300 sec total\n|\n|t:|1783565511\n|move|p1a: Dragonite|Dragon Dance|p1a: Dragonite\n|-boost|p1a: Dragonite|atk|1\n|-boost|p1a: Dragonite|spe|1\n|move|p2a: Corviknight|Roost|p2a: Corviknight\n|-heal|p2a: Corviknight|61/100\n|-singleturn|p2a: Corviknight|move: Roost\n|\n|upkeep\n|turn|9\n|inactive|Time left: 300 sec this turn | 300 sec total\n|\n|t:|1783565512\n|move|p1a: Dragonite|Dragon Dance|p1a: Dragonite\n|-boost|p1a: Dragonite|atk|1\n|-boost|p1a: Dragonite|spe|1\n|move|p2a: Corviknight|Roost|p2a: Corviknight\n|-heal|p2a: Corviknight|100/100\n|-singleturn|p2a: Corviknight|move: Roost\n|\n|upkeep\n|turn|10\n|inactive|Time left: 300 sec this turn | 300 sec total\n|\n|t:|1783565514\n|move|p1a: Dragonite|Dragon Dance|p1a: Dragonite\n|-boost|p1a: Dragonite|atk|1\n|-boost|p1a: Dragonite|spe|1\n|move|p2a: Corviknight|Brave Bird|p1a: Dragonite\n|-damage|p1a: Dragonite|202/257\n|-damage|p2a: Corviknight|94/100|[from] Recoil\n|\n|upkeep\n|turn|11\n|inactive|Time left: 300 sec this turn | 300 sec total\n|\n|t:|1783565515\n|move|p1a: Dragonite|Outrage|p2a: Corviknight\n|-resisted|p2a: Corviknight\n|-damage|p2a: Corviknight|44/100\n|-damage|p1a: Dragonite|160/257|[from] item: Rocky Helmet|[of] p2a: Corviknight\n|move|p2a: Corviknight|Brave Bird|p1a: Dragonite\n|-damage|p1a: Dragonite|48/257\n|-damage|p2a: Corviknight|31/100|[from] Recoil\n|\n|upkeep\n|turn|12\n|inactive|Time left: 300 sec this turn | 300 sec total\n|\n|t:|1783565516\n|switch|p2a: Iron Valiant|Iron Valiant, L78|100/100\n|move|p1a: Dragonite|Outrage|p2a: Iron Valiant|[from] lockedmove\n|-immune|p2a: Iron Valiant\n|-start|p1a: Dragonite|confusion|[fatigue]\n|\n|upkeep\n|turn|13\n|inactive|Time left: 300 sec this turn | 300 sec total\n|\n|t:|1783565517\n|-terastallize|p1a: Dragonite|Flying\n|-activate|p1a: Dragonite|confusion\n|move|p1a: Dragonite|Tera Blast|p2a: Iron Valiant|[anim] Tera Blast Flying\n|-supereffective|p2a: Iron Valiant\n|-damage|p2a: Iron Valiant|0 fnt\n|faint|p2a: Iron Valiant\n|-end|p2a: Iron Valiant|Quark Drive|[silent]\n|\n|upkeep\n|\n|t:|1783565518\n|switch|p2a: Dugtrio|Dugtrio, L84, F|100/100\n|turn|14\n|inactive|Time left: 300 sec this turn | 300 sec total\n|\n|t:|1783565519\n|move|p2a: Dugtrio|Sucker Punch|p1a: Dragonite\n|-damage|p1a: Dragonite|0 fnt\n|faint|p1a: Dragonite\n|\n|upkeep\n|inactive|Time left: 300 sec this turn | 300 sec total | 5 sec grace\n|\n|t:|1783565519\n|switch|p1a: Sandaconda|Sandaconda, L84, M|258/258\n|turn|15\n|inactive|Time left: 300 sec this turn | 300 sec total\n|\n|t:|1783565520\n|switch|p2a: Corviknight|Corviknight, L80, F|31/100\n|-ability|p2a: Corviknight|Pressure\n|move|p1a: Sandaconda|Stealth Rock|p2a: Corviknight\n|-sidestart|p2: p0y2200c977|move: Stealth Rock\n|\n|upkeep\n|turn|16\n|inactive|Time left: 300 sec this turn | 300 sec total\n|\n|t:|1783565521\n|move|p1a: Sandaconda|Glare|p2a: Corviknight\n|-status|p2a: Corviknight|par\n|move|p2a: Corviknight|Roost|p2a: Corviknight\n|-heal|p2a: Corviknight|81/100 par\n|-singleturn|p2a: Corviknight|move: Roost\n|\n|upkeep\n|turn|17\n|inactive|Time left: 300 sec this turn | 300 sec total\n|\n|t:|1783565522\n|move|p1a: Sandaconda|Earthquake|p2a: Corviknight\n|-immune|p2a: Corviknight\n|cant|p2a: Corviknight|par\n|\n|upkeep\n|turn|18\n|inactive|Time left: 300 sec this turn | 300 sec total\n|\n|t:|1783565523\n|move|p1a: Sandaconda|Stone Edge|p2a: Corviknight|[miss]\n|-miss|p1a: Sandaconda|p2a: Corviknight\n|cant|p2a: Corviknight|par\n|\n|upkeep\n|turn|19\n|inactive|Time left: 300 sec this turn | 300 sec total\n|\n|t:|1783565524\n|move|p1a: Sandaconda|Stone Edge|p2a: Corviknight\n|-damage|p2a: Corviknight|56/100 par\n|move|p2a: Corviknight|Defog|p1a: Sandaconda\n|-unboost|p1a: Sandaconda|evasion|1\n|-sideend|p2: p0y2200c977|Stealth Rock|[from] move: Defog|[of] p2a: Corviknight\n|\n|upkeep\n|turn|20\n|inactive|Time left: 300 sec this turn | 300 sec total\n|\n|t:|1783565525\n|move|p1a: Sandaconda|Stealth Rock|p2a: Corviknight\n|-sidestart|p2: p0y2200c977|move: Stealth Rock\n|move|p2a: Corviknight|Roost|p2a: Corviknight\n|-heal|p2a: Corviknight|100/100 par\n|-singleturn|p2a: Corviknight|move: Roost\n|\n|upkeep\n|turn|21\n|inactive|Time left: 300 sec this turn | 300 sec total\n|\n|t:|1783565525\n|move|p1a: Sandaconda|Stone Edge|p2a: Corviknight\n|-damage|p2a: Corviknight|78/100 par\n|move|p2a: Corviknight|Defog|p1a: Sandaconda\n|-unboost|p1a: Sandaconda|evasion|1\n|-sideend|p2: p0y2200c977|Stealth Rock|[from] move: Defog|[of] p2a: Corviknight\n|\n|upkeep\n|turn|22\n|inactive|Time left: 300 sec this turn | 300 sec total\n|\n|t:|1783565526\n|move|p1a: Sandaconda|Stealth Rock|p2a: Corviknight\n|-sidestart|p2: p0y2200c977|move: Stealth Rock\n|move|p2a: Corviknight|Defog|p1a: Sandaconda\n|-unboost|p1a: Sandaconda|evasion|1\n|-sideend|p2: p0y2200c977|Stealth Rock|[from] move: Defog|[of] p2a: Corviknight\n|\n|upkeep\n|turn|23\n|inactive|Time left: 300 sec this turn | 300 sec total\n|\n|t:|1783565528\n|move|p1a: Sandaconda|Stealth Rock|p2a: Corviknight\n|-sidestart|p2: p0y2200c977|move: Stealth Rock\n|move|p2a: Corviknight|Roost|p2a: Corviknight\n|-heal|p2a: Corviknight|100/100 par\n|-singleturn|p2a: Corviknight|move: Roost\n|\n|upkeep\n|turn|24\n|inactive|Time left: 300 sec this turn | 300 sec total\n|\n|t:|1783565529\n|move|p1a: Sandaconda|Earthquake|p2a: Corviknight\n|-immune|p2a: Corviknight\n|move|p2a: Corviknight|Defog|p1a: Sandaconda\n|-unboost|p1a: Sandaconda|evasion|1\n|-sideend|p2: p0y2200c977|Stealth Rock|[from] move: Defog|[of] p2a: Corviknight\n|\n|upkeep\n|turn|25\n|inactive|Time left: 300 sec this turn | 300 sec total\n|\n|t:|1783565530\n|move|p1a: Sandaconda|Stealth Rock|p2a: Corviknight\n|-sidestart|p2: p0y2200c977|move: Stealth Rock\n|move|p2a: Corviknight|Brave Bird|p1a: Sandaconda\n|-damage|p1a: Sandaconda|174/258\n|-damage|p2a: Corviknight|91/100 par|[from] Recoil\n|\n|-heal|p1a: Sandaconda|190/258|[from] item: Leftovers\n|upkeep\n|turn|26\n|inactive|Time left: 300 sec this turn | 300 sec total\n|\n|t:|1783565531\n|move|p1a: Sandaconda|Stone Edge|p2a: Corviknight\n|-damage|p2a: Corviknight|68/100 par\n|move|p2a: Corviknight|Defog|p1a: Sandaconda\n|-unboost|p1a: Sandaconda|evasion|1\n|-sideend|p2: p0y2200c977|Stealth Rock|[from] move: Defog|[of] p2a: Corviknight\n|\n|-heal|p1a: Sandaconda|206/258|[from] item: Leftovers\n|upkeep\n|turn|27\n|inactive|Time left: 300 sec this turn | 300 sec total\n|\n|t:|1783565532\n|move|p1a: Sandaconda|Stealth Rock|p2a: Corviknight\n|-sidestart|p2: p0y2200c977|move: Stealth Rock\n|move|p2a: Corviknight|Roost|p2a: Corviknight\n|-heal|p2a: Corviknight|100/100 par\n|-singleturn|p2a: Corviknight|move: Roost\n|\n|-heal|p1a: Sandaconda|222/258|[from] item: Leftovers\n|upkeep\n|turn|28\n|inactive|Time left: 300 sec this turn | 300 sec total\n|\n|t:|1783565533\n|move|p1a: Sandaconda|Earthquake|p2a: Corviknight\n|-immune|p2a: Corviknight\n|move|p2a: Corviknight|Brave Bird|p1a: Sandaconda\n|-damage|p1a: Sandaconda|141/258\n|-damage|p2a: Corviknight|91/100 par|[from] Recoil\n|\n|-heal|p1a: Sandaconda|157/258|[from] item: Leftovers\n|upkeep\n|turn|29\n|inactive|Time left: 300 sec this turn | 300 sec total\n|\n|t:|1783565534\n|move|p1a: Sandaconda|Earthquake|p2a: Corviknight\n|-immune|p2a: Corviknight\n|move|p2a: Corviknight|Brave Bird|p1a: Sandaconda\n|-damage|p1a: Sandaconda|70/258\n|-damage|p2a: Corviknight|81/100 par|[from] Recoil\n|\n|-heal|p1a: Sandaconda|86/258|[from] item: Leftovers\n|upkeep\n|turn|30\n|inactive|Time left: 300 sec this turn | 300 sec total\n|\n|t:|1783565535\n|move|p1a: Sandaconda|Glare|p2a: Corviknight\n|-fail|p2a: Corviknight|par\n|move|p2a: Corviknight|Brave Bird|p1a: Sandaconda\n|-damage|p1a: Sandaconda|10/258\n|-damage|p2a: Corviknight|72/100 par|[from] Recoil\n|\n|-heal|p1a: Sandaconda|26/258|[from] item: Leftovers\n|upkeep\n|turn|31\n|inactive|Time left: 300 sec this turn | 300 sec total\n|\n|t:|1783565536\n|move|p1a: Sandaconda|Earthquake|p2a: Corviknight\n|-immune|p2a: Corviknight\n|move|p2a: Corviknight|Defog|p1a: Sandaconda\n|-unboost|p1a: Sandaconda|evasion|1\n|-sideend|p2: p0y2200c977|Stealth Rock|[from] move: Defog|[of] p2a: Corviknight\n|\n|-heal|p1a: Sandaconda|42/258|[from] item: Leftovers\n|upkeep\n|turn|32\n|inactive|Time left: 300 sec this turn | 300 sec total\n|\n|t:|1783565537\n|move|p1a: Sandaconda|Stealth Rock|p2a: Corviknight\n|-sidestart|p2: p0y2200c977|move: Stealth Rock\n|move|p2a: Corviknight|Body Press|p1a: Sandaconda\n|-damage|p1a: Sandaconda|0 fnt\n|faint|p1a: Sandaconda\n|\n|upkeep\n|inactive|Time left: 300 sec this turn | 300 sec total | 5 sec grace\n|\n|t:|1783565538\n|switch|p1a: Annihilape|Annihilape, L76, M|292/292\n|turn|33\n|inactive|Time left: 300 sec this turn | 300 sec total\n|\n|t:|1783565539\n|move|p1a: Annihilape|Bulk Up|p1a: Annihilape\n|-boost|p1a: Annihilape|atk|1\n|-boost|p1a: Annihilape|def|1\n|move|p2a: Corviknight|Brave Bird|p1a: Annihilape\n|-supereffective|p1a: Annihilape\n|-damage|p1a: Annihilape|122/292\n|-damage|p2a: Corviknight|53/100 par|[from] Recoil\n|\n|upkeep\n|turn|34\n|inactive|Time left: 300 sec this turn | 300 sec total\n|\n|t:|1783565541\n|move|p1a: Annihilape|Rest|p1a: Annihilape\n|-status|p1a: Annihilape|slp|[from] move: Rest\n|-heal|p1a: Annihilape|292/292 slp|[silent]\n|-enditem|p1a: Annihilape|Chesto Berry|[eat]\n|-curestatus|p1a: Annihilape|slp|[msg]\n|move|p2a: Corviknight|Brave Bird|p1a: Annihilape\n|-supereffective|p1a: Annihilape\n|-damage|p1a: Annihilape|136/292\n|-damage|p2a: Corviknight|35/100 par|[from] Recoil\n|\n|upkeep\n|turn|35\n|inactive|Time left: 300 sec this turn | 300 sec total\n|\n|t:|1783565541\n|move|p1a: Annihilape|Drain Punch|p2a: Corviknight\n|-damage|p2a: Corviknight|1/100 par\n|-heal|p1a: Annihilape|186/292|[from] drain|[of] p2a: Corviknight\n|-damage|p1a: Annihilape|138/292|[from] item: Rocky Helmet|[of] p2a: Corviknight\n|cant|p2a: Corviknight|par\n|\n|upkeep\n|turn|36\n|inactive|Time left: 300 sec this turn | 300 sec total\n|\n|t:|1783565543\n|move|p1a: Annihilape|Drain Punch|p2a: Corviknight\n|-damage|p2a: Corviknight|0 fnt\n|-heal|p1a: Annihilape|139/292|[from] drain|[of] p2a: Corviknight\n|-damage|p1a: Annihilape|91/292|[from] item: Rocky Helmet|[of] p2a: Corviknight\n|faint|p2a: Corviknight\n|\n|upkeep\n|\n|t:|1783565544\n|switch|p2a: Dugtrio|Dugtrio, L84, F|100/100\n|-damage|p2a: Dugtrio|94/100|[from] Stealth Rock\n|turn|37\n|inactive|Time left: 300 sec this turn | 300 sec total\n|\n|t:|1783565544\n|move|p2a: Dugtrio|Earthquake|p1a: Annihilape\n|-damage|p1a: Annihilape|0 fnt\n|faint|p1a: Annihilape\n|\n|upkeep\n|inactive|Time left: 300 sec this turn | 300 sec total | 5 sec grace\n|\n|t:|1783565545\n|switch|p1a: Oinkologne|Oinkologne-F, L92, F|361/361\n|turn|38\n|inactive|Time left: 300 sec this turn | 300 sec total\n|\n|t:|1783565546\n|-terastallize|p2a: Dugtrio|Ground\n|move|p2a: Dugtrio|Earthquake|p1a: Oinkologne\n|-damage|p1a: Oinkologne|131/361\n|move|p1a: Oinkologne|Body Slam|p2a: Dugtrio\n|-damage|p2a: Dugtrio|13/100\n|\n|-heal|p1a: Oinkologne|153/361|[from] item: Leftovers\n|upkeep\n|turn|39\n|inactive|Time left: 300 sec this turn | 300 sec total\n|\n|t:|1783565547\n|move|p2a: Dugtrio|Earthquake|p1a: Oinkologne\n|-damage|p1a: Oinkologne|0 fnt\n|faint|p1a: Oinkologne\n|\n|win|p0y2200c977", "uploadtime": 1783565547, "views": 0, "rating": 0, "private": 0, "password": null, "_winner": "p0y2200c977", "_our_name": "p0x2200b05d"}