{"id": "battle-gen9randombattle-2609", "formatid": "gen9randombattle", "format": "[Gen 9] Random Battle", "players": ["p0x26096dd4", "p0y26099e97"], "log": "|init|battle\n|title|p0x26096dd4 vs. p0y26099e97\n|j|\u2606p0x26096dd4\n|j|\u2606p0y26099e97\n|t:|1783569158\n|gametype|singles\n|player|p1|p0x26096dd4|2|\n|player|p2|p0y26099e97|102|\n|gen|9\n|tier|[Gen 9] Random Battle\n|rule|Species Clause: Limit one of each Pok\u00e9mon\n|rule|HP Percentage Mod: HP is shown in percentages\n|rule|Sleep Clause Mod: Limit one foe put to sleep\n|rule|Illusion Level Mod: Illusion disguises the Pok\u00e9mon's true level\n|\n|t:|1783569158\n|teamsize|p1|6\n|teamsize|p2|6\n|start\n|switch|p1a: Vaporeon|Vaporeon, L86, F|100/100\n|switch|p2a: Arcanine|Arcanine, L84, M|288/288\n|-ability|p2a: Arcanine|Intimidate|boost\n|-unboost|p1a: Vaporeon|atk|1\n|turn|1\n|inactive|Battle timer is ON: inactive players will automatically lose when time's up. (requested by p0y26099e97)\n|inactive|p0x26096dd4 also wants the timer to be on.\n|\n|t:|1783569160\n|switch|p2a: Iron Bundle|Iron Bundle, L78|215/215\n|move|p1a: Vaporeon|Scald|p2a: Iron Bundle\n|-resisted|p2a: Iron Bundle\n|-damage|p2a: Iron Bundle|142/215\n|\n|upkeep\n|turn|2\n|inactive|Time left: 300 sec this turn | 300 sec total\n|\n|t:|1783569161\n|move|p2a: Iron Bundle|Freeze-Dry|p1a: Vaporeon\n|-supereffective|p1a: Vaporeon\n|-damage|p1a: Vaporeon|39/100\n|move|p1a: Vaporeon|Scald|p2a: Iron Bundle\n|-resisted|p2a: Iron Bundle\n|-damage|p2a: Iron Bundle|73/215\n|\n|-heal|p1a: Vaporeon|45/100|[from] item: Leftovers\n|upkeep\n|turn|3\n|inactive|Time left: 300 sec this turn | 300 sec total\n|\n|t:|1783569162\n|move|p2a: Iron Bundle|Freeze-Dry|p1a: Vaporeon\n|-supereffective|p1a: Vaporeon\n|-damage|p1a: Vaporeon|0 fnt\n|faint|p1a: Vaporeon\n|\n|upkeep\n|\n|t:|1783569163\n|switch|p1a: Spectrier|Spectrier, L75|100/100\n|turn|4\n|inactive|Time left: 300 sec this turn | 300 sec total\n|\n|t:|1783569164\n|move|p2a: Iron Bundle|Freeze-Dry|p1a: Spectrier\n|-damage|p1a: Spectrier|46/100\n|move|p1a: Spectrier|Shadow Ball|p2a: Iron Bundle\n|-crit|p2a: Iron Bundle\n|-damage|p2a: Iron Bundle|0 fnt\n|faint|p2a: Iron Bundle\n|-end|p2a: Iron Bundle|Quark Drive|[silent]\n|-ability|p1a: Spectrier|Grim Neigh|boost\n|-boost|p1a: Spectrier|spa|1\n|-damage|p1a: Spectrier|36/100|[from] item: Life Orb\n|\n|upkeep\n|inactive|Time left: 300 sec this turn | 300 sec total | 5 sec grace\n|\n|t:|1783569165\n|switch|p2a: Regieleki|Regieleki, L79|256/256\n|turn|5\n|inactive|Time left: 300 sec this turn | 300 sec total\n|\n|t:|1783569166\n|move|p2a: Regieleki|Volt Switch|p1a: Spectrier\n|-damage|p1a: Spectrier|0 fnt\n|faint|p1a: Spectrier\n|inactive|Time left: 300 sec this turn | 300 sec total | 5 sec grace\n|\n|t:|1783569167\n|switch|p2a: Hitmontop|Hitmontop, L88, M|231/231|[from] Volt Switch\n|\n|upkeep\n|\n|t:|1783569168\n|switch|p1a: Gholdengo|Gholdengo, L77|100/100\n|turn|6\n|inactive|Time left: 300 sec this turn | 300 sec total\n|\n|t:|1783569169\n|move|p1a: Gholdengo|Nasty Plot|p1a: Gholdengo\n|-boost|p1a: Gholdengo|spa|2\n|move|p2a: Hitmontop|Bulk Up|p2a: Hitmontop\n|-boost|p2a: Hitmontop|atk|1\n|-boost|p2a: Hitmontop|def|1\n|\n|upkeep\n|turn|7\n|inactive|Time left: 300 sec this turn | 300 sec total\n|\n|t:|1783569170\n|switch|p2a: Arcanine|Arcanine, L84, M|288/288\n|-ability|p2a: Arcanine|Intimidate|boost\n|-unboost|p1a: Gholdengo|atk|1\n|move|p1a: Gholdengo|Shadow Ball|p2a: Arcanine\n|-damage|p2a: Arcanine|84/288\n|\n|upkeep\n|turn|8\n|inactive|Time left: 300 sec this turn | 300 sec total\n|\n|t:|1783569171\n|move|p2a: Arcanine|Flare Blitz|p1a: Gholdengo\n|-supereffective|p1a: Gholdengo\n|-damage|p1a: Gholdengo|0 fnt\n|faint|p1a: Gholdengo\n|-damage|p2a: Arcanine|0 fnt|[from] Recoil\n|faint|p2a: Arcanine\n|\n|upkeep\n|inactive|Time left: 300 sec this turn | 300 sec total | 5 sec grace\n|\n|t:|1783569171\n|switch|p2a: Hitmontop|Hitmontop, L88, M|231/231\n|switch|p1a: Coalossal|Coalossal, L89, F|100/100\n|turn|9\n|inactive|Time left: 300 sec this turn | 300 sec total\n|\n|t:|1783569172\n|move|p2a: Hitmontop|Bulk Up|p2a: Hitmontop\n|-boost|p2a: Hitmontop|atk|1\n|-boost|p2a: Hitmontop|def|1\n|move|p1a: Coalossal|Rapid Spin|p2a: Hitmontop\n|-damage|p2a: Hitmontop|209/231\n|-boost|p1a: Coalossal|spe|1\n|\n|-heal|p2a: Hitmontop|223/231|[from] item: Leftovers\n|upkeep\n|turn|10\n|inactive|Time left: 300 sec this turn | 300 sec total\n|\n|t:|1783569173\n|move|p2a: Hitmontop|Bulk Up|p2a: Hitmontop\n|-boost|p2a: Hitmontop|atk|1\n|-boost|p2a: Hitmontop|def|1\n|move|p1a: Coalossal|Rapid Spin|p2a: Hitmontop\n|-damage|p2a: Hitmontop|208/231\n|-boost|p1a: Coalossal|spe|1\n|\n|-heal|p2a: Hitmontop|222/231|[from] item: Leftovers\n|upkeep\n|turn|11\n|inactive|Time left: 300 sec this turn | 300 sec total\n|\n|t:|1783569174\n|move|p1a: Coalossal|Stone Edge|p2a: Hitmontop\n|-resisted|p2a: Hitmontop\n|-damage|p2a: Hitmontop|201/231\n|move|p2a: Hitmontop|Close Combat|p1a: Coalossal\n|-supereffective|p1a: Coalossal\n|-damage|p1a: Coalossal|0 fnt\n|-unboost|p2a: Hitmontop|def|1\n|-unboost|p2a: Hitmontop|spd|1\n|faint|p1a: Coalossal\n|\n|-heal|p2a: Hitmontop|215/231|[from] item: Leftovers\n|upkeep\n|\n|t:|1783569175\n|switch|p1a: Alomomola|Alomomola, L87, F|100/100\n|turn|12\n|inactive|Time left: 300 sec this turn | 300 sec total\n|\n|t:|1783569176\n|move|p2a: Hitmontop|Bulk Up|p2a: Hitmontop\n|-boost|p2a: Hitmontop|atk|1\n|-boost|p2a: Hitmontop|def|1\n|move|p1a: Alomomola|Scald|p2a: Hitmontop\n|-damage|p2a: Hitmontop|160/231\n|\n|-heal|p2a: Hitmontop|174/231|[from] item: Leftovers\n|upkeep\n|turn|13\n|inactive|Time left: 300 sec this turn | 300 sec total\n|\n|t:|1783569177\n|move|p2a: Hitmontop|Rapid Spin|p1a: Alomomola\n|-damage|p1a: Alomomola|64/100\n|-boost|p2a: Hitmontop|spe|1\n|move|p1a: Alomomola|Scald|p2a: Hitmontop\n|-damage|p2a: Hitmontop|111/231\n|\n|-heal|p2a: Hitmontop|125/231|[from] item: Leftovers\n|upkeep\n|turn|14\n|inactive|Time left: 300 sec this turn | 300 sec total\n|\n|t:|1783569178\n|move|p1a: Alomomola|Protect|p1a: Alomomola\n|-singleturn|p1a: Alomomola|Protect\n|move|p2a: Hitmontop|Close Combat|p1a: Alomomola\n|-activate|p1a: Alomomola|move: Protect\n|\n|-heal|p2a: Hitmontop|139/231|[from] item: Leftovers\n|upkeep\n|turn|15\n|inactive|Time left: 300 sec this turn | 300 sec total\n|\n|t:|1783569179\n|-terastallize|p1a: Alomomola|Poison\n|move|p2a: Hitmontop|Close Combat|p1a: Alomomola\n|-resisted|p1a: Alomomola\n|-damage|p1a: Alomomola|25/100\n|-unboost|p2a: Hitmontop|def|1\n|-unboost|p2a: Hitmontop|spd|1\n|move|p1a: Alomomola|Scald|p2a: Hitmontop\n|-damage|p2a: Hitmontop|55/231\n|\n|-heal|p2a: Hitmontop|69/231|[from] item: Leftovers\n|upkeep\n|turn|16\n|inactive|Time left: 300 sec this turn | 300 sec total\n|\n|t:|1783569180\n|move|p1a: Alomomola|Protect|p1a: Alomomola\n|-singleturn|p1a: Alomomola|Protect\n|move|p2a: Hitmontop|Close Combat|p1a: Alomomola\n|-activate|p1a: Alomomola|move: Protect\n|\n|-heal|p2a: Hitmontop|83/231|[from] item: Leftovers\n|upkeep\n|turn|17\n|inactive|Time left: 300 sec this turn | 300 sec total\n|\n|t:|1783569181\n|switch|p1a: Zangoose|Zangoose, L85, M|100/100\n|move|p2a: Hitmontop|Triple Axel|p1a: Zangoose\n|-damage|p1a: Zangoose|74/100\n|-damage|p1a: Zangoose|20/100\n|-damage|p1a: Zangoose|0 fnt\n|faint|p1a: Zangoose\n|-hitcount|p1: Zangoose|3\n|\n|-heal|p2a: Hitmontop|97/231|[from] item: Leftovers\n|upkeep\n|\n|t:|1783569181\n|switch|p1a: Alomomola|Alomomola, L87, F, tera:Poison|58/100\n|turn|18\n|inactive|Time left: 300 sec this turn | 300 sec total\n|\n|t:|1783569182\n|-terastallize|p2a: Hitmontop|Ice\n|move|p1a: Alomomola|Protect|p1a: Alomomola\n|-singleturn|p1a: Alomomola|Protect\n|move|p2a: Hitmontop|Triple Axel|p1a: Alomomola\n|-activate|p1a: Alomomola|move: Protect\n|\n|-heal|p2a: Hitmontop|111/231|[from] item: Leftovers\n|upkeep\n|turn|19\n|inactive|Time left: 300 sec this turn | 300 sec total\n|\n|t:|1783569183\n|move|p1a: Alomomola|Protect||[still]\n|-fail|p1a: Alomomola\n|move|p2a: Hitmontop|Triple Axel|p1a: Alomomola\n|-damage|p1a: Alomomola|37/100\n|-damage|p1a: Alomomola|0 fnt\n|faint|p1a: Alomomola\n|-hitcount|p1: Alomomola|2\n|\n|win|p0y26099e97", "uploadtime": 1783569183, "views": 0, "rating": 0, "private": 0, "password": null, "_winner": "p0y26099e97", "_our_name": "p0y26099e97"}