{"id": "battle-gen9randombattle-552", "formatid": "gen9randombattle", "format": "[Gen 9] Random Battle", "players": ["p0x552d7b4", "p0y552ba65"], "log": "|init|battle\n|title|p0x552d7b4 vs. p0y552ba65\n|j|\u2606p0x552d7b4\n|j|\u2606p0y552ba65\n|t:|1783545466\n|gametype|singles\n|player|p1|p0x552d7b4|170|\n|player|p2|p0y552ba65|101|\n|gen|9\n|tier|[Gen 9] Random Battle\n|rule|Species Clause: Limit one of each Pok\u00e9mon\n|rule|HP Percentage Mod: HP is shown in percentages\n|rule|Sleep Clause Mod: Limit one foe put to sleep\n|rule|Illusion Level Mod: Illusion disguises the Pok\u00e9mon's true level\n|\n|t:|1783545466\n|teamsize|p1|6\n|teamsize|p2|6\n|start\n|switch|p1a: Weezing|Weezing-Galar, L86, F|252/252\n|switch|p2a: Golduck|Golduck, L90, M|100/100\n|-ability|p2a: Golduck|Cloud Nine\n|turn|1\n|inactive|Battle timer is ON: inactive players will automatically lose when time's up. (requested by p0x552d7b4)\n|inactive|p0y552ba65 also wants the timer to be on.\n|\n|t:|1783545468\n|move|p2a: Golduck|Hydro Pump|p1a: Weezing\n|-damage|p1a: Weezing|49/252\n|-damage|p2a: Golduck|90/100|[from] item: Life Orb\n|move|p1a: Weezing|Strange Steam|p2a: Golduck\n|-damage|p2a: Golduck|58/100\n|\n|-heal|p1a: Weezing|64/252|[from] item: Leftovers\n|upkeep\n|turn|2\n|inactive|Time left: 300 sec this turn | 300 sec total\n|\n|t:|1783545470\n|switch|p1a: Muk|Muk, L86, F|321/321\n|move|p2a: Golduck|Ice Beam|p1a: Muk\n|-damage|p1a: Muk|264/321\n|-status|p1a: Muk|frz\n|-damage|p2a: Golduck|48/100|[from] item: Life Orb\n|\n|upkeep\n|turn|3\n|inactive|Time left: 300 sec this turn | 300 sec total\n|\n|t:|1783545471\n|cant|p1a: Muk|frz\n|move|p2a: Golduck|Nasty Plot|p2a: Golduck\n|-boost|p2a: Golduck|spa|2\n|\n|upkeep\n|turn|4\n|inactive|Time left: 300 sec this turn | 300 sec total\n|\n|t:|1783545473\n|cant|p1a: Muk|frz\n|move|p2a: Golduck|Hydro Pump|p1a: Muk\n|-damage|p1a: Muk|73/321 frz\n|-damage|p2a: Golduck|38/100|[from] item: Life Orb\n|\n|upkeep\n|turn|5\n|inactive|Time left: 300 sec this turn | 300 sec total\n|\n|t:|1783545474\n|move|p2a: Golduck|Ice Beam|p1a: Muk\n|-damage|p1a: Muk|0 fnt\n|faint|p1a: Muk\n|-damage|p2a: Golduck|28/100|[from] item: Life Orb\n|\n|upkeep\n|inactive|Time left: 300 sec this turn | 300 sec total | 5 sec grace\n|\n|t:|1783545475\n|switch|p1a: Regidrago|Regidrago, L77|435/435\n|turn|6\n|inactive|Time left: 300 sec this turn | 300 sec total\n|\n|t:|1783545476\n|move|p1a: Regidrago|Outrage|p2a: Golduck\n|-damage|p2a: Golduck|0 fnt\n|faint|p2a: Golduck\n|\n|upkeep\n|\n|t:|1783545477\n|switch|p2a: Florges|Florges-White, L85, F|100/100\n|turn|7\n|inactive|Time left: 300 sec this turn | 300 sec total\n|\n|t:|1783545479\n|move|p1a: Regidrago|Outrage|p2a: Florges|[from] lockedmove\n|-immune|p2a: Florges\n|move|p2a: Florges|Moonblast|p1a: Regidrago\n|-supereffective|p1a: Regidrago\n|-damage|p1a: Regidrago|37/435\n|\n|upkeep\n|turn|8\n|inactive|Time left: 300 sec this turn | 300 sec total\n|\n|t:|1783545480\n|move|p1a: Regidrago|Outrage|p2a: Florges\n|-immune|p2a: Florges\n|move|p2a: Florges|Calm Mind|p2a: Florges\n|-boost|p2a: Florges|spa|1\n|-boost|p2a: Florges|spd|1\n|\n|upkeep\n|turn|9\n|inactive|Time left: 300 sec this turn | 300 sec total\n|\n|t:|1783545481\n|move|p1a: Regidrago|Outrage|p2a: Florges\n|-immune|p2a: Florges\n|move|p2a: Florges|Moonblast|p1a: Regidrago\n|-supereffective|p1a: Regidrago\n|-damage|p1a: Regidrago|0 fnt\n|faint|p1a: Regidrago\n|\n|upkeep\n|inactive|Time left: 300 sec this turn | 300 sec total | 5 sec grace\n|\n|t:|1783545482\n|switch|p1a: Leafeon|Leafeon, L88, M|258/258\n|turn|10\n|inactive|Time left: 300 sec this turn | 300 sec total\n|\n|t:|1783545483\n|move|p1a: Leafeon|Swords Dance|p1a: Leafeon\n|-boost|p1a: Leafeon|atk|2\n|move|p2a: Florges|Moonblast|p1a: Leafeon\n|-damage|p1a: Leafeon|60/258\n|\n|upkeep\n|turn|11\n|inactive|Time left: 300 sec this turn | 300 sec total\n|\n|t:|1783545484\n|move|p2a: Florges|Protect|p2a: Florges\n|-singleturn|p2a: Florges|Protect\n|move|p1a: Leafeon|Leaf Blade|p2a: Florges\n|-activate|p2a: Florges|move: Protect\n|\n|upkeep\n|turn|12\n|inactive|Time left: 300 sec this turn | 300 sec total\n|\n|t:|1783545485\n|-terastallize|p2a: Florges|Steel\n|move|p1a: Leafeon|Leaf Blade|p2a: Florges\n|-resisted|p2a: Florges\n|-crit|p2a: Florges\n|-damage|p2a: Florges|3/100\n|-damage|p1a: Leafeon|35/258|[from] item: Life Orb\n|move|p2a: Florges|Moonblast|p1a: Leafeon\n|-crit|p1a: Leafeon\n|-damage|p1a: Leafeon|0 fnt\n|faint|p1a: Leafeon\n|\n|-heal|p2a: Florges|9/100|[from] item: Leftovers\n|upkeep\n|inactive|Time left: 300 sec this turn | 300 sec total | 5 sec grace\n|\n|t:|1783545486\n|switch|p1a: Gardevoir|Gardevoir, L83, F|249/249\n|-ability|p1a: Gardevoir|Flower Veil|Trace|[from] ability: Trace|[of] p2a: Florges\n|turn|13\n|inactive|Time left: 300 sec this turn | 300 sec total\n|\n|t:|1783545487\n|move|p2a: Florges|Protect|p2a: Florges\n|-singleturn|p2a: Florges|Protect\n|move|p1a: Gardevoir|Calm Mind|p1a: Gardevoir\n|-boost|p1a: Gardevoir|spa|1\n|-boost|p1a: Gardevoir|spd|1\n|\n|-heal|p2a: Florges|15/100|[from] item: Leftovers\n|upkeep\n|turn|14\n|inactive|Time left: 300 sec this turn | 300 sec total\n|\n|t:|1783545489\n|move|p2a: Florges|Protect||[still]\n|-fail|p2a: Florges\n|move|p1a: Gardevoir|Moonblast|p2a: Florges\n|-resisted|p2a: Florges\n|-damage|p2a: Florges|0 fnt\n|faint|p2a: Florges\n|-damage|p1a: Gardevoir|225/249|[from] item: Life Orb\n|\n|upkeep\n|\n|t:|1783545490\n|switch|p2a: Chien-Pao|Chien-Pao, L72|100/100\n|-ability|p2a: Chien-Pao|Sword of Ruin\n|turn|15\n|inactive|Time left: 300 sec this turn | 300 sec total\n|\n|t:|1783545491\n|move|p2a: Chien-Pao|Icicle Crash|p1a: Gardevoir\n|-damage|p1a: Gardevoir|17/249\n|cant|p1a: Gardevoir|flinch\n|\n|upkeep\n|turn|16\n|inactive|Time left: 300 sec this turn | 300 sec total\n|\n|t:|1783545492\n|move|p2a: Chien-Pao|Icicle Crash|p1a: Gardevoir\n|-damage|p1a: Gardevoir|0 fnt\n|faint|p1a: Gardevoir\n|\n|upkeep\n|inactive|Time left: 300 sec this turn | 300 sec total | 5 sec grace\n|\n|t:|1783545493\n|switch|p1a: Gallade|Gallade, L80, M|240/240\n|turn|17\n|inactive|Time left: 300 sec this turn | 300 sec total\n|\n|t:|1783545494\n|move|p2a: Chien-Pao|Icicle Crash|p1a: Gallade\n|-damage|p1a: Gallade|36/240\n|move|p1a: Gallade|Sacred Sword|p2a: Chien-Pao\n|-supereffective|p2a: Chien-Pao\n|-damage|p2a: Chien-Pao|0 fnt\n|faint|p2a: Chien-Pao\n|-damage|p1a: Gallade|12/240|[from] item: Life Orb\n|\n|upkeep\n|\n|t:|1783545495\n|switch|p2a: Calyrex|Calyrex-Shadow, L64|100/100\n|-ability|p2a: Calyrex|As One\n|-ability|p2a: Calyrex|Unnerve\n|turn|18\n|inactive|Time left: 300 sec this turn | 300 sec total\n|\n|t:|1783545496\n|move|p2a: Calyrex|Astral Barrage|p1a: Gallade\n|-supereffective|p1a: Gallade\n|-damage|p1a: Gallade|0 fnt\n|faint|p1a: Gallade\n|-ability|p2a: Calyrex|Grim Neigh|boost\n|-boost|p2a: Calyrex|spa|1\n|-damage|p2a: Calyrex|91/100|[from] item: Life Orb\n|\n|upkeep\n|inactive|Time left: 300 sec this turn | 300 sec total | 5 sec grace\n|\n|t:|1783545497\n|switch|p1a: Weezing|Weezing-Galar, L86, F|64/252\n|turn|19\n|inactive|Time left: 300 sec this turn | 300 sec total\n|\n|t:|1783545498\n|move|p2a: Calyrex|Astral Barrage|p1a: Weezing\n|-damage|p1a: Weezing|0 fnt\n|faint|p1a: Weezing\n|-damage|p2a: Calyrex|81/100|[from] item: Life Orb\n|\n|win|p0y552ba65", "uploadtime": 1783545498, "views": 0, "rating": 0, "private": 0, "password": null, "_winner": "p0y552ba65", "_our_name": "p0x552d7b4"}