{"id": "battle-gen9randombattle-829", "formatid": "gen9randombattle", "format": "[Gen 9] Random Battle", "players": ["p0x8296f45", "p0y829509f"], "log": "|init|battle\n|title|p0x8296f45 vs. p0y829509f\n|j|\u2606p0x8296f45\n|j|\u2606p0y829509f\n|t:|1783549522\n|gametype|singles\n|player|p1|p0x8296f45|102|\n|player|p2|p0y829509f|2|\n|gen|9\n|tier|[Gen 9] Random Battle\n|rule|Species Clause: Limit one of each Pok\u00e9mon\n|rule|HP Percentage Mod: HP is shown in percentages\n|rule|Sleep Clause Mod: Limit one foe put to sleep\n|rule|Illusion Level Mod: Illusion disguises the Pok\u00e9mon's true level\n|\n|t:|1783549522\n|teamsize|p1|6\n|teamsize|p2|6\n|start\n|switch|p1a: Haxorus|Haxorus, L77, M|100/100\n|switch|p2a: Minior|Minior-Indigo, L79|224/224\n|-ability|p1a: Haxorus|Mold Breaker\n|-formechange|p2a: Minior|Minior-Meteor||[from] ability: Shields Down\n|turn|1\n|inactive|Battle timer is ON: inactive players will automatically lose when time's up. (requested by p0y829509f)\n|inactive|p0x8296f45 also wants the timer to be on.\n|\n|t:|1783549524\n|move|p1a: Haxorus|Swords Dance|p1a: Haxorus\n|-boost|p1a: Haxorus|atk|2\n|move|p2a: Minior|Shell Smash|p2a: Minior\n|-unboost|p2a: Minior|def|1\n|-unboost|p2a: Minior|spd|1\n|-boost|p2a: Minior|atk|2\n|-boost|p2a: Minior|spa|2\n|-boost|p2a: Minior|spe|2\n|-enditem|p2a: Minior|White Herb\n|-clearnegativeboost|p2a: Minior|[silent]\n|\n|upkeep\n|turn|2\n|inactive|Time left: 300 sec this turn | 300 sec total\n|\n|t:|1783549525\n|-terastallize|p2a: Minior|Water\n|move|p2a: Minior|Acrobatics|p1a: Haxorus\n|-damage|p1a: Haxorus|33/100\n|move|p1a: Haxorus|Scale Shot|p2a: Minior\n|-damage|p2a: Minior|161/224\n|-damage|p2a: Minior|103/224\n|-damage|p2a: Minior|45/224\n|-damage|p2a: Minior|0 fnt\n|faint|p2a: Minior\n|-hitcount|p2: Minior|4\n|-unboost|p1a: Haxorus|def|1\n|-boost|p1a: Haxorus|spe|1\n|\n|upkeep\n|inactive|Time left: 300 sec this turn | 300 sec total | 5 sec grace\n|\n|t:|1783549526\n|switch|p2a: Corviknight|Corviknight, L80, M|288/288\n|-ability|p2a: Corviknight|Pressure\n|turn|3\n|inactive|Time left: 300 sec this turn | 300 sec total\n|\n|t:|1783549527\n|move|p1a: Haxorus|Close Combat|p2a: Corviknight\n|-damage|p2a: Corviknight|116/288\n|-unboost|p1a: Haxorus|def|1\n|-unboost|p1a: Haxorus|spd|1\n|-damage|p1a: Haxorus|16/100|[from] item: Rocky Helmet|[of] p2a: Corviknight\n|move|p2a: Corviknight|Brave Bird|p1a: Haxorus\n|-damage|p1a: Haxorus|0 fnt\n|faint|p1a: Haxorus\n|-damage|p2a: Corviknight|103/288|[from] Recoil\n|\n|upkeep\n|\n|t:|1783549528\n|switch|p1a: Falinks|Falinks, L84|100/100\n|turn|4\n|inactive|Time left: 300 sec this turn | 300 sec total\n|\n|t:|1783549529\n|-terastallize|p1a: Falinks|Dark\n|move|p1a: Falinks|No Retreat|p1a: Falinks\n|-boost|p1a: Falinks|atk|1\n|-boost|p1a: Falinks|def|1\n|-boost|p1a: Falinks|spa|1\n|-boost|p1a: Falinks|spd|1\n|-boost|p1a: Falinks|spe|1\n|-start|p1a: Falinks|move: No Retreat\n|move|p2a: Corviknight|Brave Bird|p1a: Falinks\n|-damage|p1a: Falinks|72/100\n|-damage|p2a: Corviknight|80/288|[from] Recoil\n|\n|upkeep\n|turn|5\n|inactive|Time left: 300 sec this turn | 300 sec total\n|\n|t:|1783549530\n|move|p1a: Falinks|Knock Off|p2a: Corviknight\n|-damage|p2a: Corviknight|0 fnt\n|-damage|p1a: Falinks|55/100|[from] item: Rocky Helmet|[of] p2a: Corviknight\n|-enditem|p2a: Corviknight|Rocky Helmet|[from] move: Knock Off|[of] p1a: Falinks\n|faint|p2a: Corviknight\n|-damage|p1a: Falinks|46/100|[from] item: Life Orb\n|\n|upkeep\n|inactive|Time left: 300 sec this turn | 300 sec total | 5 sec grace\n|\n|t:|1783549531\n|switch|p2a: Kingdra|Kingdra, L84, M|263/263\n|turn|6\n|inactive|Time left: 300 sec this turn | 300 sec total\n|\n|t:|1783549532\n|move|p1a: Falinks|Knock Off|p2a: Kingdra\n|-damage|p2a: Kingdra|72/263\n|-enditem|p2a: Kingdra|Life Orb|[from] move: Knock Off|[of] p1a: Falinks\n|-damage|p1a: Falinks|36/100|[from] item: Life Orb\n|move|p2a: Kingdra|Wave Crash|p1a: Falinks\n|-damage|p1a: Falinks|5/100\n|-damage|p2a: Kingdra|47/263|[from] Recoil\n|\n|upkeep\n|turn|7\n|inactive|Time left: 300 sec this turn | 300 sec total\n|\n|t:|1783549532\n|move|p1a: Falinks|Close Combat|p2a: Kingdra\n|-damage|p2a: Kingdra|0 fnt\n|-unboost|p1a: Falinks|def|1\n|-unboost|p1a: Falinks|spd|1\n|faint|p2a: Kingdra\n|-damage|p1a: Falinks|0 fnt|[from] item: Life Orb\n|faint|p1a: Falinks\n|\n|upkeep\n|inactive|Time left: 300 sec this turn | 300 sec total | 5 sec grace\n|\n|t:|1783549533\n|switch|p2a: Golurk|Golurk, L87|297/297\n|switch|p1a: Golduck|Golduck, L90, M|100/100\n|-ability|p1a: Golduck|Cloud Nine\n|turn|8\n|inactive|Time left: 300 sec this turn | 300 sec total\n|\n|t:|1783549534\n|move|p1a: Golduck|Hydro Pump|p2a: Golurk\n|-supereffective|p2a: Golurk\n|-damage|p2a: Golurk|0 fnt\n|faint|p2a: Golurk\n|\n|upkeep\n|inactive|Time left: 300 sec this turn | 300 sec total | 5 sec grace\n|\n|t:|1783549535\n|switch|p2a: Infernape|Infernape, L82, M|259/259\n|turn|9\n|inactive|Time left: 300 sec this turn | 300 sec total\n|\n|t:|1783549536\n|move|p2a: Infernape|Close Combat|p1a: Golduck\n|-damage|p1a: Golduck|44/100\n|-unboost|p2a: Infernape|def|1\n|-unboost|p2a: Infernape|spd|1\n|-damage|p2a: Infernape|234/259|[from] item: Life Orb\n|move|p1a: Golduck|Hydro Pump|p2a: Infernape\n|-supereffective|p2a: Infernape\n|-damage|p2a: Infernape|0 fnt\n|faint|p2a: Infernape\n|\n|upkeep\n|inactive|Time left: 300 sec this turn | 300 sec total | 5 sec grace\n|\n|t:|1783549537\n|switch|p2a: Polteageist|Polteageist-Antique, L78|222/222\n|turn|10\n|inactive|Time left: 300 sec this turn | 300 sec total\n|\n|t:|1783549538\n|move|p1a: Golduck|Hydro Pump|p2a: Polteageist\n|-crit|p2a: Polteageist\n|-damage|p2a: Polteageist|0 fnt\n|-start|p1a: Golduck|Disable|Hydro Pump|[from] ability: Cursed Body|[of] p2a: Polteageist\n|faint|p2a: Polteageist\n|\n|win|p0x8296f45", "uploadtime": 1783549538, "views": 0, "rating": 0, "private": 0, "password": null, "_winner": "p0x8296f45", "_our_name": "p0y829509f"}