{"id": "battle-gen9randombattle-1884", "formatid": "gen9randombattle", "format": "[Gen 9] Random Battle", "players": ["p0x1884db01", "p0y1884544b"], "log": "|init|battle\n|title|p0x1884db01 vs. p0y1884544b\n|j|\u2606p0x1884db01\n|j|\u2606p0y1884544b\n|t:|1783561803\n|gametype|singles\n|player|p1|p0x1884db01|2|\n|player|p2|p0y1884544b|1|\n|gen|9\n|tier|[Gen 9] Random Battle\n|rule|Species Clause: Limit one of each Pok\u00e9mon\n|rule|HP Percentage Mod: HP is shown in percentages\n|rule|Sleep Clause Mod: Limit one foe put to sleep\n|rule|Illusion Level Mod: Illusion disguises the Pok\u00e9mon's true level\n|\n|t:|1783561803\n|teamsize|p1|6\n|teamsize|p2|6\n|start\n|switch|p1a: Yanmega|Yanmega, L82, M|275/275\n|switch|p2a: Pawmot|Pawmot, L80, M|100/100\n|turn|1\n|inactive|Battle timer is ON: inactive players will automatically lose when time's up. (requested by p0x1884db01)\n|inactive|p0y1884544b also wants the timer to be on.\n|\n|t:|1783561804\n|move|p1a: Yanmega|Protect|p1a: Yanmega\n|-singleturn|p1a: Yanmega|Protect\n|move|p2a: Pawmot|Double Shock|p1a: Yanmega\n|-activate|p1a: Yanmega|move: Protect\n|\n|-ability|p1a: Yanmega|Speed Boost|boost\n|-boost|p1a: Yanmega|spe|1\n|upkeep\n|turn|2\n|inactive|Time left: 300 sec this turn | 300 sec total\n|\n|t:|1783561805\n|-terastallize|p1a: Yanmega|Ground\n|move|p1a: Yanmega|Tera Blast|p2a: Pawmot|[anim] Tera Blast Ground\n|-supereffective|p2a: Pawmot\n|-damage|p2a: Pawmot|1/100\n|move|p2a: Pawmot|Double Shock|p1a: Yanmega\n|-immune|p1a: Yanmega\n|\n|-ability|p1a: Yanmega|Speed Boost|boost\n|-boost|p1a: Yanmega|spe|1\n|upkeep\n|turn|3\n|inactive|Time left: 300 sec this turn | 300 sec total\n|\n|t:|1783561806\n|move|p1a: Yanmega|Tera Blast|p2a: Pawmot|[anim] Tera Blast Ground\n|-supereffective|p2a: Pawmot\n|-damage|p2a: Pawmot|0 fnt\n|faint|p2a: Pawmot\n|\n|-ability|p1a: Yanmega|Speed Boost|boost\n|-boost|p1a: Yanmega|spe|1\n|upkeep\n|\n|t:|1783561807\n|switch|p2a: Piloswine|Piloswine, L85, M|100/100\n|turn|4\n|inactive|Time left: 300 sec this turn | 300 sec total\n|\n|t:|1783561809\n|move|p1a: Yanmega|Air Slash|p2a: Piloswine\n|-damage|p2a: Piloswine|74/100\n|move|p2a: Piloswine|Icicle Crash|p1a: Yanmega\n|-supereffective|p1a: Yanmega\n|-damage|p1a: Yanmega|59/275\n|\n|-ability|p1a: Yanmega|Speed Boost|boost\n|-boost|p1a: Yanmega|spe|1\n|upkeep\n|turn|5\n|inactive|Time left: 300 sec this turn | 300 sec total\n|\n|t:|1783561810\n|move|p1a: Yanmega|Protect|p1a: Yanmega\n|-singleturn|p1a: Yanmega|Protect\n|move|p2a: Piloswine|Earthquake|p1a: Yanmega\n|-activate|p1a: Yanmega|move: Protect\n|\n|-ability|p1a: Yanmega|Speed Boost|boost\n|-boost|p1a: Yanmega|spe|1\n|upkeep\n|turn|6\n|inactive|Time left: 300 sec this turn | 300 sec total\n|\n|t:|1783561811\n|move|p1a: Yanmega|Air Slash|p2a: Piloswine\n|-damage|p2a: Piloswine|52/100\n|move|p2a: Piloswine|Earthquake|p1a: Yanmega\n|-damage|p1a: Yanmega|0 fnt\n|faint|p1a: Yanmega\n|\n|upkeep\n|inactive|Time left: 300 sec this turn | 300 sec total | 5 sec grace\n|\n|t:|1783561812\n|switch|p1a: Crawdaunt|Crawdaunt, L84, F|243/243\n|turn|7\n|inactive|Time left: 300 sec this turn | 300 sec total\n|\n|t:|1783561813\n|move|p1a: Crawdaunt|Knock Off|p2a: Piloswine\n|-damage|p2a: Piloswine|0 fnt\n|-enditem|p2a: Piloswine|Eviolite|[from] move: Knock Off|[of] p1a: Crawdaunt\n|faint|p2a: Piloswine\n|\n|upkeep\n|\n|t:|1783561814\n|switch|p2a: Flamigo|Flamigo, L82, M|100/100\n|turn|8\n|inactive|Time left: 300 sec this turn | 300 sec total\n|\n|t:|1783561815\n|switch|p1a: Fezandipiti|Fezandipiti, L82, M|278/278\n|move|p2a: Flamigo|Close Combat|p1a: Fezandipiti\n|-resisted|p1a: Fezandipiti\n|-damage|p1a: Fezandipiti|233/278\n|-unboost|p2a: Flamigo|def|1\n|-unboost|p2a: Flamigo|spd|1\n|-damage|p2a: Flamigo|91/100|[from] item: Life Orb\n|\n|-heal|p1a: Fezandipiti|250/278|[from] item: Leftovers\n|upkeep\n|turn|9\n|inactive|Time left: 300 sec this turn | 300 sec total\n|\n|t:|1783561816\n|switch|p2a: Revavroom|Revavroom, L79, F|100/100\n|move|p1a: Fezandipiti|Moonblast|p2a: Revavroom\n|-resisted|p2a: Revavroom\n|-damage|p2a: Revavroom|92/100\n|-unboost|p2a: Revavroom|spa|1\n|\n|-heal|p1a: Fezandipiti|267/278|[from] item: Leftovers\n|upkeep\n|turn|10\n|inactive|Time left: 300 sec this turn | 300 sec total\n|\n|t:|1783561817\n|switch|p1a: Crawdaunt|Crawdaunt, L84, F|243/243\n|move|p2a: Revavroom|Shift Gear|p2a: Revavroom\n|-boost|p2a: Revavroom|spe|2\n|-boost|p2a: Revavroom|atk|1\n|\n|upkeep\n|turn|11\n|inactive|Time left: 300 sec this turn | 300 sec total\n|\n|t:|1783561818\n|move|p2a: Revavroom|Gunk Shot|p1a: Crawdaunt|[miss]\n|-miss|p2a: Revavroom|p1a: Crawdaunt\n|move|p1a: Crawdaunt|Crabhammer|p2a: Revavroom\n|-crit|p2a: Revavroom\n|-damage|p2a: Revavroom|0 fnt\n|faint|p2a: Revavroom\n|\n|upkeep\n|\n|t:|1783561819\n|switch|p2a: Munkidori|Munkidori, L79, M|100/100\n|turn|12\n|inactive|Time left: 300 sec this turn | 300 sec total\n|\n|t:|1783561820\n|move|p2a: Munkidori|Focus Blast|p1a: Crawdaunt\n|-supereffective|p1a: Crawdaunt\n|-damage|p1a: Crawdaunt|0 fnt\n|faint|p1a: Crawdaunt\n|-damage|p2a: Munkidori|91/100|[from] item: Life Orb\n|\n|upkeep\n|inactive|Time left: 300 sec this turn | 300 sec total | 5 sec grace\n|\n|t:|1783561821\n|switch|p1a: Kyurem|Kyurem-Black, L71|295/295\n|-ability|p1a: Kyurem|Teravolt\n|turn|13\n|inactive|Time left: 300 sec this turn | 300 sec total\n|\n|t:|1783561822\n|-terastallize|p2a: Munkidori|Fighting\n|move|p2a: Munkidori|Focus Blast|p1a: Kyurem\n|-supereffective|p1a: Kyurem\n|-damage|p1a: Kyurem|0 fnt\n|faint|p1a: Kyurem\n|-damage|p2a: Munkidori|81/100|[from] item: Life Orb\n|\n|upkeep\n|inactive|Time left: 300 sec this turn | 300 sec total | 5 sec grace\n|\n|t:|1783561823\n|switch|p1a: Muk|Muk, L86, F|321/321\n|turn|14\n|inactive|Time left: 300 sec this turn | 300 sec total\n|\n|t:|1783561824\n|move|p2a: Munkidori|Psyshock|p1a: Muk\n|-supereffective|p1a: Muk\n|-damage|p1a: Muk|30/321\n|-damage|p2a: Munkidori|72/100|[from] item: Life Orb\n|move|p1a: Muk|Gunk Shot|p2a: Munkidori\n|-damage|p2a: Munkidori|5/100\n|\n|upkeep\n|turn|15\n|inactive|Time left: 300 sec this turn | 300 sec total\n|\n|t:|1783561825\n|move|p1a: Muk|Shadow Sneak|p2a: Munkidori\n|-damage|p2a: Munkidori|0 fnt\n|faint|p2a: Munkidori\n|\n|upkeep\n|\n|t:|1783561826\n|switch|p2a: Chien-Pao|Chien-Pao, L72|100/100\n|-ability|p2a: Chien-Pao|Sword of Ruin\n|turn|16\n|inactive|Time left: 300 sec this turn | 300 sec total\n|\n|t:|1783561827\n|move|p2a: Chien-Pao|Icicle Crash|p1a: Muk\n|-damage|p1a: Muk|0 fnt\n|faint|p1a: Muk\n|\n|upkeep\n|inactive|Time left: 300 sec this turn | 300 sec total | 5 sec grace\n|\n|t:|1783561828\n|switch|p1a: Fezandipiti|Fezandipiti, L82, M|267/278\n|turn|17\n|inactive|Time left: 300 sec this turn | 300 sec total\n|\n|t:|1783561829\n|move|p2a: Chien-Pao|Icicle Crash|p1a: Fezandipiti\n|-damage|p1a: Fezandipiti|87/278\n|move|p1a: Fezandipiti|Moonblast|p2a: Chien-Pao\n|-supereffective|p2a: Chien-Pao\n|-damage|p2a: Chien-Pao|6/100\n|-status|p2a: Chien-Pao|tox|[from] ability: Toxic Chain|[of] p1a: Fezandipiti\n|\n|-heal|p1a: Fezandipiti|104/278|[from] item: Leftovers\n|-damage|p2a: Chien-Pao|0 fnt|[from] psn\n|faint|p2a: Chien-Pao\n|upkeep\n|\n|t:|1783561829\n|switch|p2a: Flamigo|Flamigo, L82, M|91/100\n|turn|18\n|inactive|Time left: 300 sec this turn | 300 sec total\n|\n|t:|1783561830\n|move|p1a: Fezandipiti|Moonblast|p2a: Flamigo\n|-supereffective|p2a: Flamigo\n|-damage|p2a: Flamigo|24/100\n|-unboost|p2a: Flamigo|spa|1\n|move|p2a: Flamigo|Swords Dance|p2a: Flamigo\n|-boost|p2a: Flamigo|atk|2\n|\n|-heal|p1a: Fezandipiti|121/278|[from] item: Leftovers\n|upkeep\n|turn|19\n|inactive|Time left: 300 sec this turn | 300 sec total\n|\n|t:|1783561831\n|move|p1a: Fezandipiti|Moonblast|p2a: Flamigo\n|-supereffective|p2a: Flamigo\n|-damage|p2a: Flamigo|0 fnt\n|faint|p2a: Flamigo\n|\n|win|p0x1884db01", "uploadtime": 1783561831, "views": 0, "rating": 0, "private": 0, "password": null, "_winner": "p0x1884db01", "_our_name": "p0x1884db01"}