{"id": "battle-gen9randombattle-2826", "formatid": "gen9randombattle", "format": "[Gen 9] Random Battle", "players": ["p0x28262a54", "p0y282639af"], "log": "|init|battle\n|title|p0x28262a54 vs. p0y282639af\n|j|\u2606p0x28262a54\n|j|\u2606p0y282639af\n|t:|1783571574\n|gametype|singles\n|player|p1|p0x28262a54|102|\n|player|p2|p0y282639af|169|\n|gen|9\n|tier|[Gen 9] Random Battle\n|rule|Species Clause: Limit one of each Pok\u00e9mon\n|rule|HP Percentage Mod: HP is shown in percentages\n|rule|Sleep Clause Mod: Limit one foe put to sleep\n|rule|Illusion Level Mod: Illusion disguises the Pok\u00e9mon's true level\n|\n|t:|1783571574\n|teamsize|p1|6\n|teamsize|p2|6\n|start\n|switch|p1a: Oricorio|Oricorio, L84, M|263/263\n|switch|p2a: Iron Bundle|Iron Bundle, L78|100/100\n|turn|1\n|inactive|Battle timer is ON: inactive players will automatically lose when time's up. (requested by p0y282639af)\n|inactive|Time left: 300 sec this turn | 300 sec total | 60 sec grace\n|inactive|p0x28262a54 also wants the timer to be on.\n|\n|t:|1783571576\n|switch|p1a: Volcanion|Volcanion, L79|256/256\n|move|p2a: Iron Bundle|Hydro Pump|p1a: Volcanion\n|-immune|p1a: Volcanion|[from] ability: Water Absorb\n|\n|upkeep\n|turn|2\n|inactive|Time left: 300 sec this turn | 300 sec total\n|\n|t:|1783571577\n|-end|p2a: Iron Bundle|Quark Drive|[silent]\n|switch|p2a: Komala|Komala, L87, M|100/100\n|-ability|p2a: Komala|Comatose\n|move|p1a: Volcanion|Flamethrower|p2a: Komala\n|-damage|p2a: Komala|75/100\n|\n|upkeep\n|turn|3\n|inactive|Time left: 300 sec this turn | 300 sec total\n|\n|t:|1783571578\n|switch|p1a: Groudon|Groudon, L72|263/263\n|-weather|SunnyDay|[from] ability: Drought|[of] p1a: Groudon\n|move|p2a: Komala|Body Slam|p1a: Groudon\n|-damage|p1a: Groudon|170/263\n|-status|p1a: Groudon|par\n|\n|-weather|SunnyDay|[upkeep]\n|-heal|p1a: Groudon|186/263 par|[from] item: Leftovers\n|upkeep\n|turn|4\n|inactive|Time left: 300 sec this turn | 300 sec total\n|\n|t:|1783571580\n|move|p2a: Komala|Rapid Spin|p1a: Groudon\n|-damage|p1a: Groudon|135/263 par\n|-boost|p2a: Komala|spe|1\n|move|p1a: Groudon|Heat Crash|p2a: Komala\n|-damage|p2a: Komala|10/100\n|\n|-weather|SunnyDay|[upkeep]\n|-heal|p1a: Groudon|151/263 par|[from] item: Leftovers\n|upkeep\n|turn|5\n|inactive|Time left: 300 sec this turn | 300 sec total\n|\n|t:|1783571581\n|move|p2a: Komala|Knock Off|p1a: Groudon\n|-damage|p1a: Groudon|80/263 par\n|-enditem|p1a: Groudon|Leftovers|[from] move: Knock Off|[of] p2a: Komala\n|move|p1a: Groudon|Heat Crash|p2a: Komala\n|-damage|p2a: Komala|0 fnt\n|faint|p2a: Komala\n|\n|-weather|SunnyDay|[upkeep]\n|upkeep\n|\n|t:|1783571582\n|switch|p2a: Honchkrow|Honchkrow, L86, M|100/100\n|turn|6\n|inactive|Time left: 300 sec this turn | 300 sec total\n|\n|t:|1783571583\n|switch|p1a: Volcanion|Volcanion, L79|256/256\n|move|p2a: Honchkrow|Brave Bird|p1a: Volcanion\n|-damage|p1a: Volcanion|111/256\n|-damage|p2a: Honchkrow|85/100|[from] Recoil\n|\n|-weather|SunnyDay|[upkeep]\n|upkeep\n|turn|7\n|inactive|Time left: 300 sec this turn | 300 sec total\n|\n|t:|1783571584\n|switch|p1a: Oricorio|Oricorio, L84, M|263/263\n|move|p2a: Honchkrow|Brave Bird|p1a: Oricorio\n|-damage|p1a: Oricorio|68/263\n|-damage|p2a: Honchkrow|65/100|[from] Recoil\n|\n|-weather|none\n|upkeep\n|turn|8\n|inactive|Time left: 300 sec this turn | 300 sec total\n|\n|t:|1783571585\n|move|p1a: Oricorio|Roost|p1a: Oricorio\n|-heal|p1a: Oricorio|200/263\n|-singleturn|p1a: Oricorio|move: Roost\n|move|p2a: Honchkrow|Lash Out|p1a: Oricorio\n|-damage|p1a: Oricorio|88/263\n|\n|upkeep\n|turn|9\n|inactive|Time left: 300 sec this turn | 300 sec total\n|\n|t:|1783571586\n|move|p1a: Oricorio|Roost|p1a: Oricorio\n|-heal|p1a: Oricorio|220/263\n|-singleturn|p1a: Oricorio|move: Roost\n|move|p2a: Honchkrow|Brave Bird|p1a: Oricorio\n|-damage|p1a: Oricorio|16/263\n|-damage|p2a: Honchkrow|43/100|[from] Recoil\n|\n|upkeep\n|turn|10\n|inactive|Time left: 300 sec this turn | 300 sec total\n|\n|t:|1783571587\n|move|p1a: Oricorio|Revelation Dance|p2a: Honchkrow\n|-damage|p2a: Honchkrow|0 fnt\n|faint|p2a: Honchkrow\n|\n|upkeep\n|\n|t:|1783571588\n|switch|p2a: Iron Bundle|Iron Bundle, L78|100/100\n|turn|11\n|inactive|Time left: 300 sec this turn | 300 sec total\n|\n|t:|1783571589\n|switch|p1a: Reuniclus|Reuniclus, L88, M|337/337\n|move|p2a: Iron Bundle|Freeze-Dry|p1a: Reuniclus\n|-damage|p1a: Reuniclus|229/337\n|\n|upkeep\n|turn|12\n|inactive|Time left: 300 sec this turn | 300 sec total\n|\n|t:|1783571590\n|move|p2a: Iron Bundle|Freeze-Dry|p1a: Reuniclus\n|-damage|p1a: Reuniclus|120/337\n|move|p1a: Reuniclus|Psychic|p2a: Iron Bundle\n|-damage|p2a: Iron Bundle|0 fnt\n|faint|p2a: Iron Bundle\n|-end|p2a: Iron Bundle|Quark Drive|[silent]\n|\n|upkeep\n|\n|t:|1783571591\n|switch|p2a: Wyrdeer|Wyrdeer, L87, F|100/100\n|-ability|p2a: Wyrdeer|Intimidate|boost\n|-unboost|p1a: Reuniclus|atk|1\n|turn|13\n|inactive|Time left: 300 sec this turn | 300 sec total\n|\n|t:|1783571592\n|move|p2a: Wyrdeer|Megahorn|p1a: Reuniclus\n|-supereffective|p1a: Reuniclus\n|-crit|p1a: Reuniclus\n|-damage|p1a: Reuniclus|0 fnt\n|faint|p1a: Reuniclus\n|\n|upkeep\n|inactive|Time left: 300 sec this turn | 300 sec total | 5 sec grace\n|\n|t:|1783571593\n|switch|p1a: Wugtrio|Wugtrio, L91, M|212/212\n|turn|14\n|inactive|Time left: 300 sec this turn | 300 sec total\n|\n|t:|1783571594\n|move|p1a: Wugtrio|Liquidation|p2a: Wyrdeer\n|-crit|p2a: Wyrdeer\n|-damage|p2a: Wyrdeer|21/100\n|move|p2a: Wyrdeer|Megahorn|p1a: Wugtrio\n|-crit|p1a: Wugtrio\n|-damage|p1a: Wugtrio|31/212\n|-ability|p1a: Wugtrio|Gooey\n|-unboost|p2a: Wyrdeer|spe|1\n|\n|-heal|p2a: Wyrdeer|27/100|[from] item: Leftovers\n|upkeep\n|turn|15\n|inactive|Time left: 300 sec this turn | 300 sec total\n|\n|t:|1783571595\n|switch|p2a: Whimsicott|Whimsicott, L84, M|100/100\n|move|p1a: Wugtrio|Liquidation|p2a: Whimsicott\n|-resisted|p2a: Whimsicott\n|-damage|p2a: Whimsicott|67/100\n|\n|-heal|p2a: Whimsicott|73/100|[from] item: Leftovers\n|upkeep\n|turn|16\n|inactive|Time left: 300 sec this turn | 300 sec total\n|\n|t:|1783571596\n|move|p1a: Wugtrio|Liquidation|p2a: Whimsicott\n|-resisted|p2a: Whimsicott\n|-damage|p2a: Whimsicott|37/100\n|move|p2a: Whimsicott|Moonblast|p1a: Wugtrio\n|-damage|p1a: Wugtrio|0 fnt\n|faint|p1a: Wugtrio\n|\n|-heal|p2a: Whimsicott|43/100|[from] item: Leftovers\n|upkeep\n|inactive|Time left: 300 sec this turn | 300 sec total | 5 sec grace\n|\n|t:|1783571596\n|switch|p1a: Espeon|Espeon, L84, M|246/246\n|turn|17\n|inactive|Time left: 300 sec this turn | 300 sec total\n|\n|t:|1783571597\n|move|p2a: Whimsicott|Moonblast|p1a: Espeon\n|-damage|p1a: Espeon|162/246\n|move|p1a: Espeon|Calm Mind|p1a: Espeon\n|-boost|p1a: Espeon|spa|1\n|-boost|p1a: Espeon|spd|1\n|\n|-heal|p2a: Whimsicott|49/100|[from] item: Leftovers\n|upkeep\n|turn|18\n|inactive|Time left: 300 sec this turn | 300 sec total\n|\n|t:|1783571598\n|switch|p2a: Wyrdeer|Wyrdeer, L87, F|27/100\n|-ability|p2a: Wyrdeer|Intimidate|boost\n|-unboost|p1a: Espeon|atk|1\n|move|p1a: Espeon|Alluring Voice|p2a: Wyrdeer\n|-damage|p2a: Wyrdeer|0 fnt\n|faint|p2a: Wyrdeer\n|-damage|p1a: Espeon|138/246|[from] item: Life Orb\n|\n|upkeep\n|\n|t:|1783571599\n|switch|p2a: Hatterene|Hatterene, L85, F|100/100\n|turn|19\n|inactive|Time left: 300 sec this turn | 300 sec total\n|\n|t:|1783571599\n|move|p1a: Espeon|Calm Mind|p1a: Espeon\n|-boost|p1a: Espeon|spa|1\n|-boost|p1a: Espeon|spd|1\n|move|p2a: Hatterene|Mystical Fire|p1a: Espeon\n|-damage|p1a: Espeon|102/246\n|-unboost|p1a: Espeon|spa|1\n|\n|upkeep\n|turn|20\n|inactive|Time left: 300 sec this turn | 300 sec total\n|\n|t:|1783571600\n|move|p1a: Espeon|Calm Mind|p1a: Espeon\n|-boost|p1a: Espeon|spa|1\n|-boost|p1a: Espeon|spd|1\n|move|p2a: Hatterene|Mystical Fire|p1a: Espeon\n|-damage|p1a: Espeon|73/246\n|-unboost|p1a: Espeon|spa|1\n|\n|upkeep\n|turn|21\n|inactive|Time left: 300 sec this turn | 300 sec total\n|\n|t:|1783571601\n|move|p1a: Espeon|Morning Sun|p1a: Espeon\n|-heal|p1a: Espeon|196/246\n|move|p2a: Hatterene|Mystical Fire|p1a: Espeon\n|-damage|p1a: Espeon|166/246\n|-unboost|p1a: Espeon|spa|1\n|\n|upkeep\n|turn|22\n|inactive|Time left: 300 sec this turn | 300 sec total\n|\n|t:|1783571602\n|move|p1a: Espeon|Calm Mind|p1a: Espeon\n|-boost|p1a: Espeon|spa|1\n|-boost|p1a: Espeon|spd|1\n|move|p2a: Hatterene|Mystical Fire|p1a: Espeon\n|-damage|p1a: Espeon|144/246\n|-unboost|p1a: Espeon|spa|1\n|\n|upkeep\n|turn|23\n|inactive|Time left: 300 sec this turn | 300 sec total\n|\n|t:|1783571602\n|move|p1a: Espeon|Morning Sun|p1a: Espeon\n|-heal|p1a: Espeon|246/246\n|move|p2a: Hatterene|Mystical Fire|p1a: Espeon\n|-damage|p1a: Espeon|220/246\n|-unboost|p1a: Espeon|spa|1\n|\n|upkeep\n|turn|24\n|inactive|Time left: 300 sec this turn | 300 sec total\n|\n|t:|1783571603\n|move|p1a: Espeon|Calm Mind|p1a: Espeon\n|-boost|p1a: Espeon|spa|1\n|-boost|p1a: Espeon|spd|1\n|move|p2a: Hatterene|Mystical Fire|p1a: Espeon\n|-damage|p1a: Espeon|199/246\n|-unboost|p1a: Espeon|spa|1\n|\n|upkeep\n|turn|25\n|inactive|Time left: 300 sec this turn | 300 sec total\n|\n|t:|1783571604\n|move|p1a: Espeon|Calm Mind|p1a: Espeon\n|-boost|p1a: Espeon|spa|1\n|-boost|p1a: Espeon|spd|1\n|move|p2a: Hatterene|Nuzzle|p1a: Espeon\n|-damage|p1a: Espeon|180/246\n|-status|p1a: Espeon|par\n|\n|upkeep\n|turn|26\n|inactive|Time left: 300 sec this turn | 300 sec total\n|\n|t:|1783571605\n|cant|p1a: Espeon|par\n|move|p2a: Hatterene|Mystical Fire|p1a: Espeon\n|-damage|p1a: Espeon|163/246 par\n|-unboost|p1a: Espeon|spa|1\n|\n|upkeep\n|turn|27\n|inactive|Time left: 300 sec this turn | 300 sec total\n|\n|t:|1783571606\n|move|p1a: Espeon|Calm Mind|p1a: Espeon\n|-boost|p1a: Espeon|spa|1\n|-boost|p1a: Espeon|spd|0\n|move|p2a: Hatterene|Mystical Fire|p1a: Espeon\n|-damage|p1a: Espeon|144/246 par\n|-unboost|p1a: Espeon|spa|1\n|\n|upkeep\n|turn|28\n|inactive|Time left: 300 sec this turn | 300 sec total\n|\n|t:|1783571607\n|move|p1a: Espeon|Calm Mind|p1a: Espeon\n|-boost|p1a: Espeon|spa|1\n|-boost|p1a: Espeon|spd|0\n|move|p2a: Hatterene|Mystical Fire|p1a: Espeon\n|-damage|p1a: Espeon|126/246 par\n|-unboost|p1a: Espeon|spa|1\n|\n|upkeep\n|turn|29\n|inactive|Time left: 300 sec this turn | 300 sec total\n|\n|t:|1783571608\n|move|p1a: Espeon|Morning Sun|p1a: Espeon\n|-heal|p1a: Espeon|246/246 par\n|move|p2a: Hatterene|Mystical Fire|p1a: Espeon\n|-damage|p1a: Espeon|228/246 par\n|-unboost|p1a: Espeon|spa|1\n|\n|upkeep\n|turn|30\n|inactive|Time left: 300 sec this turn | 300 sec total\n|\n|t:|1783571610\n|move|p1a: Espeon|Calm Mind|p1a: Espeon\n|-boost|p1a: Espeon|spa|1\n|-boost|p1a: Espeon|spd|0\n|move|p2a: Hatterene|Psychic|p1a: Espeon\n|-resisted|p1a: Espeon\n|-damage|p1a: Espeon|213/246 par\n|\n|upkeep\n|turn|31\n|inactive|Time left: 300 sec this turn | 300 sec total\n|\n|t:|1783571611\n|move|p1a: Espeon|Calm Mind|p1a: Espeon\n|-boost|p1a: Espeon|spa|1\n|-boost|p1a: Espeon|spd|0\n|move|p2a: Hatterene|Mystical Fire|p1a: Espeon\n|-damage|p1a: Espeon|194/246 par\n|-unboost|p1a: Espeon|spa|1\n|\n|upkeep\n|turn|32\n|inactive|Time left: 300 sec this turn | 300 sec total\n|\n|t:|1783571612\n|move|p1a: Espeon|Morning Sun|p1a: Espeon\n|-heal|p1a: Espeon|246/246 par\n|move|p2a: Hatterene|Mystical Fire|p1a: Espeon\n|-damage|p1a: Espeon|228/246 par\n|-unboost|p1a: Espeon|spa|1\n|\n|upkeep\n|turn|33\n|inactive|Time left: 300 sec this turn | 300 sec total\n|\n|t:|1783571613\n|cant|p1a: Espeon|par\n|move|p2a: Hatterene|Psychic|p1a: Espeon\n|-resisted|p1a: Espeon\n|-damage|p1a: Espeon|212/246 par\n|\n|upkeep\n|turn|34\n|inactive|Time left: 300 sec this turn | 300 sec total\n|\n|t:|1783571614\n|move|p1a: Espeon|Calm Mind|p1a: Espeon\n|-boost|p1a: Espeon|spa|1\n|-boost|p1a: Espeon|spd|0\n|move|p2a: Hatterene|Mystical Fire|p1a: Espeon\n|-damage|p1a: Espeon|195/246 par\n|-unboost|p1a: Espeon|spa|1\n|\n|upkeep\n|turn|35\n|inactive|Time left: 300 sec this turn | 300 sec total\n|\n|t:|1783571615\n|move|p1a: Espeon|Calm Mind|p1a: Espeon\n|-boost|p1a: Espeon|spa|1\n|-boost|p1a: Espeon|spd|0\n|move|p2a: Hatterene|Psychic|p1a: Espeon\n|-resisted|p1a: Espeon\n|-damage|p1a: Espeon|179/246 par\n|\n|upkeep\n|turn|36\n|inactive|Time left: 300 sec this turn | 300 sec total\n|\n|t:|1783571616\n|move|p1a: Espeon|Calm Mind|p1a: Espeon\n|-boost|p1a: Espeon|spa|1\n|-boost|p1a: Espeon|spd|0\n|move|p2a: Hatterene|Mystical Fire|p1a: Espeon\n|-damage|p1a: Espeon|162/246 par\n|-unboost|p1a: Espeon|spa|1\n|\n|upkeep\n|turn|37\n|inactive|Time left: 300 sec this turn | 300 sec total\n|\n|t:|1783571617\n|move|p1a: Espeon|Morning Sun|p1a: Espeon\n|-heal|p1a: Espeon|246/246 par\n|move|p2a: Hatterene|Mystical Fire|p1a: Espeon\n|-damage|p1a: Espeon|228/246 par\n|-unboost|p1a: Espeon|spa|1\n|\n|upkeep\n|turn|38\n|inactive|Time left: 300 sec this turn | 300 sec total\n|\n|t:|1783571618\n|move|p1a: Espeon|Calm Mind|p1a: Espeon\n|-boost|p1a: Espeon|spa|1\n|-boost|p1a: Espeon|spd|0\n|move|p2a: Hatterene|Psychic|p1a: Espeon\n|-resisted|p1a: Espeon\n|-damage|p1a: Espeon|212/246 par\n|-unboost|p1a: Espeon|spd|1\n|\n|upkeep\n|turn|39\n|inactive|Time left: 300 sec this turn | 300 sec total\n|\n|t:|1783571620\n|move|p1a: Espeon|Calm Mind|p1a: Espeon\n|-boost|p1a: Espeon|spa|1\n|-boost|p1a: Espeon|spd|1\n|move|p2a: Hatterene|Mystical Fire|p1a: Espeon\n|-damage|p1a: Espeon|192/246 par\n|-unboost|p1a: Espeon|spa|1\n|\n|upkeep\n|turn|40\n|inactive|Time left: 300 sec this turn | 300 sec total\n|\n|t:|1783571621\n|cant|p1a: Espeon|par\n|move|p2a: Hatterene|Draining Kiss|p1a: Espeon\n|-crit|p1a: Espeon\n|-damage|p1a: Espeon|86/246 par\n|\n|upkeep\n|turn|41\n|inactive|Time left: 300 sec this turn | 300 sec total\n|\n|t:|1783571622\n|move|p1a: Espeon|Morning Sun|p1a: Espeon\n|-heal|p1a: Espeon|209/246 par\n|move|p2a: Hatterene|Psychic|p1a: Espeon\n|-resisted|p1a: Espeon\n|-damage|p1a: Espeon|195/246 par\n|\n|upkeep\n|turn|42\n|inactive|Time left: 300 sec this turn | 300 sec total\n|\n|t:|1783571623\n|move|p1a: Espeon|Calm Mind|p1a: Espeon\n|-boost|p1a: Espeon|spa|1\n|-boost|p1a: Espeon|spd|0\n|move|p2a: Hatterene|Psychic|p1a: Espeon\n|-resisted|p1a: Espeon\n|-damage|p1a: Espeon|180/246 par\n|\n|upkeep\n|turn|43\n|inactive|Time left: 300 sec this turn | 300 sec total\n|\n|t:|1783571624\n|move|p1a: Espeon|Calm Mind|p1a: Espeon\n|-boost|p1a: Espeon|spa|1\n|-boost|p1a: Espeon|spd|0\n|move|p2a: Hatterene|Draining Kiss|p1a: Espeon\n|-damage|p1a: Espeon|161/246 par\n|\n|upkeep\n|turn|44\n|inactive|Time left: 300 sec this turn | 300 sec total\n|\n|t:|1783571625\n|cant|p1a: Espeon|par\n|move|p2a: Hatterene|Nuzzle|p1a: Espeon\n|-damage|p1a: Espeon|142/246 par\n|\n|upkeep\n|turn|45\n|inactive|Time left: 300 sec this turn | 300 sec total\n|\n|t:|1783571626\n|move|p1a: Espeon|Morning Sun|p1a: Espeon\n|-heal|p1a: Espeon|246/246 par\n|move|p2a: Hatterene|Draining Kiss|p1a: Espeon\n|-damage|p1a: Espeon|227/246 par\n|\n|upkeep\n|turn|46\n|inactive|Time left: 300 sec this turn | 300 sec total\n|\n|t:|1783571627\n|move|p1a: Espeon|Psyshock|p2a: Hatterene\n|-resisted|p2a: Hatterene\n|-damage|p2a: Hatterene|58/100\n|-damage|p1a: Espeon|203/246 par|[from] item: Life Orb\n|move|p2a: Hatterene|Draining Kiss|p1a: Espeon\n|-damage|p1a: Espeon|184/246 par\n|-heal|p2a: Hatterene|64/100|[from] drain|[of] p1a: Espeon\n|\n|upkeep\n|turn|47\n|inactive|Time left: 300 sec this turn | 300 sec total\n|\n|t:|1783571628\n|move|p1a: Espeon|Psyshock|p2a: Hatterene\n|-resisted|p2a: Hatterene\n|-damage|p2a: Hatterene|25/100\n|-damage|p1a: Espeon|160/246 par|[from] item: Life Orb\n|move|p2a: Hatterene|Draining Kiss|p1a: Espeon\n|-damage|p1a: Espeon|142/246 par\n|-heal|p2a: Hatterene|31/100|[from] drain|[of] p1a: Espeon\n|\n|upkeep\n|turn|48\n|inactive|Time left: 300 sec this turn | 300 sec total\n|\n|t:|1783571629\n|move|p1a: Espeon|Psyshock|p2a: Hatterene\n|-resisted|p2a: Hatterene\n|-damage|p2a: Hatterene|0 fnt\n|faint|p2a: Hatterene\n|-damage|p1a: Espeon|118/246 par|[from] item: Life Orb\n|\n|upkeep\n|\n|t:|1783571630\n|switch|p2a: Whimsicott|Whimsicott, L84, M|49/100\n|turn|49\n|inactive|Time left: 300 sec this turn | 300 sec total\n|\n|t:|1783571631\n|-terastallize|p2a: Whimsicott|Poison\n|-terastallize|p1a: Espeon|Fairy\n|move|p2a: Whimsicott|Moonblast|p1a: Espeon\n|-damage|p1a: Espeon|97/246 par\n|cant|p1a: Espeon|par\n|\n|-heal|p2a: Whimsicott|55/100|[from] item: Leftovers\n|upkeep\n|turn|50\n|inactive|Time left: 300 sec this turn | 300 sec total\n|\n|t:|1783571632\n|move|p2a: Whimsicott|Substitute|p2a: Whimsicott\n|-start|p2a: Whimsicott|Substitute\n|-damage|p2a: Whimsicott|30/100\n|move|p1a: Espeon|Psyshock|p2a: Whimsicott\n|-supereffective|p2a: Whimsicott\n|-end|p2a: Whimsicott|Substitute\n|-damage|p1a: Espeon|73/246 par|[from] item: Life Orb\n|\n|-heal|p2a: Whimsicott|36/100|[from] item: Leftovers\n|upkeep\n|turn|51\n|inactive|Time left: 300 sec this turn | 300 sec total\n|\n|t:|1783571633\n|move|p2a: Whimsicott|Moonblast|p1a: Espeon\n|-damage|p1a: Espeon|54/246 par\n|-unboost|p1a: Espeon|spa|1\n|move|p1a: Espeon|Alluring Voice|p2a: Whimsicott\n|-resisted|p2a: Whimsicott\n|-damage|p2a: Whimsicott|1/100\n|-damage|p1a: Espeon|30/246 par|[from] item: Life Orb\n|\n|-heal|p2a: Whimsicott|7/100|[from] item: Leftovers\n|upkeep\n|turn|52\n|inactive|Time left: 300 sec this turn | 300 sec total\n|\n|t:|1783571634\n|move|p2a: Whimsicott|Moonblast|p1a: Espeon\n|-damage|p1a: Espeon|9/246 par\n|move|p1a: Espeon|Alluring Voice|p2a: Whimsicott\n|-resisted|p2a: Whimsicott\n|-damage|p2a: Whimsicott|0 fnt\n|faint|p2a: Whimsicott\n|-damage|p1a: Espeon|0 fnt|[from] item: Life Orb\n|faint|p1a: Espeon\n|\n|win|p0x28262a54", "uploadtime": 1783571634, "views": 0, "rating": 0, "private": 0, "password": null, "_winner": "p0x28262a54", "_our_name": "p0x28262a54"}