{"id": "battle-gen9randombattle-2175", "formatid": "gen9randombattle", "format": "[Gen 9] Random Battle", "players": ["p0x21757f52", "p0y217521a6"], "log": "|init|battle\n|title|p0x21757f52 vs. p0y217521a6\n|j|\u2606p0x21757f52\n|j|\u2606p0y217521a6\n|t:|1783565192\n|gametype|singles\n|player|p1|p0x21757f52|2|\n|player|p2|p0y217521a6|266|\n|gen|9\n|tier|[Gen 9] Random Battle\n|rule|Species Clause: Limit one of each Pok\u00e9mon\n|rule|HP Percentage Mod: HP is shown in percentages\n|rule|Sleep Clause Mod: Limit one foe put to sleep\n|rule|Illusion Level Mod: Illusion disguises the Pok\u00e9mon's true level\n|\n|t:|1783565192\n|teamsize|p1|6\n|teamsize|p2|6\n|start\n|switch|p1a: Ogerpon|Ogerpon-Cornerstone, L76, F|247/247\n|switch|p2a: Deoxys|Deoxys, L74|100/100\n|-ability|p2a: Deoxys|Pressure\n|turn|1\n|inactive|Battle timer is ON: inactive players will automatically lose when time's up. (requested by p0y217521a6)\n|inactive|Time left: 300 sec this turn | 300 sec total | 60 sec grace\n|inactive|p0x21757f52 also wants the timer to be on.\n|\n|t:|1783565193\n|switch|p2a: Wo-Chien|Wo-Chien, L83|100/100\n|-ability|p2a: Wo-Chien|Tablets of Ruin\n|move|p1a: Ogerpon|Ivy Cudgel|p2a: Wo-Chien|[anim] Ivy Cudgel Rock\n|-damage|p2a: Wo-Chien|70/100\n|\n|-heal|p2a: Wo-Chien|76/100|[from] item: Leftovers\n|upkeep\n|turn|2\n|inactive|Time left: 300 sec this turn | 300 sec total\n|\n|t:|1783565195\n|move|p1a: Ogerpon|Ivy Cudgel|p2a: Wo-Chien|[anim] Ivy Cudgel Rock\n|-damage|p2a: Wo-Chien|46/100\n|move|p2a: Wo-Chien|Knock Off|p1a: Ogerpon\n|-damage|p1a: Ogerpon|177/247\n|\n|-heal|p2a: Wo-Chien|52/100|[from] item: Leftovers\n|upkeep\n|turn|3\n|inactive|Time left: 300 sec this turn | 300 sec total\n|\n|t:|1783565196\n|switch|p2a: Breloom|Breloom, L83, M|100/100\n|move|p1a: Ogerpon|Ivy Cudgel|p2a: Breloom|[anim] Ivy Cudgel Rock\n|-resisted|p2a: Breloom\n|-damage|p2a: Breloom|70/100\n|\n|upkeep\n|turn|4\n|inactive|Time left: 300 sec this turn | 300 sec total\n|\n|t:|1783565197\n|switch|p1a: Zacian|Zacian-Crowned, L64|225/225\n|-ability|p1a: Zacian|Intrepid Sword|boost\n|-boost|p1a: Zacian|atk|1\n|move|p2a: Breloom|Bullet Seed|p1a: Zacian\n|-resisted|p1a: Zacian\n|-damage|p1a: Zacian|193/225\n|-resisted|p1a: Zacian\n|-damage|p1a: Zacian|162/225\n|-hitcount|p1a: Zacian|2\n|-damage|p2a: Breloom|60/100|[from] item: Life Orb\n|\n|upkeep\n|turn|5\n|inactive|Time left: 300 sec this turn | 300 sec total\n|\n|t:|1783565198\n|move|p2a: Breloom|Mach Punch|p1a: Zacian\n|-crit|p1a: Zacian\n|-damage|p1a: Zacian|0 fnt\n|faint|p1a: Zacian\n|-damage|p2a: Breloom|50/100|[from] item: Life Orb\n|\n|upkeep\n|inactive|Time left: 300 sec this turn | 300 sec total | 5 sec grace\n|\n|t:|1783565199\n|switch|p1a: Gothitelle|Gothitelle, L90, F|272/272\n|turn|6\n|inactive|Time left: 300 sec this turn | 300 sec total\n|\n|t:|1783565201\n|move|p2a: Breloom|Mach Punch|p1a: Gothitelle\n|-resisted|p1a: Gothitelle\n|-damage|p1a: Gothitelle|230/272\n|-damage|p2a: Breloom|40/100|[from] item: Life Orb\n|move|p1a: Gothitelle|Psychic Noise|p2a: Breloom\n|-supereffective|p2a: Breloom\n|-damage|p2a: Breloom|0 fnt\n|faint|p2a: Breloom\n|\n|-heal|p1a: Gothitelle|247/272|[from] item: Leftovers\n|upkeep\n|\n|t:|1783565202\n|switch|p2a: Iron Jugulis|Iron Jugulis, L77|100/100\n|turn|7\n|inactive|Time left: 300 sec this turn | 300 sec total\n|\n|t:|1783565203\n|move|p2a: Iron Jugulis|Dark Pulse|p1a: Gothitelle\n|-supereffective|p1a: Gothitelle\n|-damage|p1a: Gothitelle|125/272\n|move|p1a: Gothitelle|Thunderbolt|p2a: Iron Jugulis\n|-supereffective|p2a: Iron Jugulis\n|-crit|p2a: Iron Jugulis\n|-damage|p2a: Iron Jugulis|5/100\n|\n|-heal|p1a: Gothitelle|142/272|[from] item: Leftovers\n|upkeep\n|turn|8\n|inactive|Time left: 300 sec this turn | 300 sec total\n|\n|t:|1783565204\n|switch|p1a: Suicune|Suicune, L82|298/298\n|-ability|p1a: Suicune|Pressure\n|move|p2a: Iron Jugulis|Meteor Beam||[still]\n|-prepare|p2a: Iron Jugulis|Meteor Beam\n|-boost|p2a: Iron Jugulis|spa|1\n|-enditem|p2a: Iron Jugulis|Power Herb\n|-anim|p2a: Iron Jugulis|Meteor Beam|p1a: Suicune\n|-damage|p1a: Suicune|188/298\n|\n|-heal|p1a: Suicune|206/298|[from] item: Leftovers\n|upkeep\n|turn|9\n|inactive|Time left: 300 sec this turn | 300 sec total\n|\n|t:|1783565205\n|move|p2a: Iron Jugulis|Hurricane|p1a: Suicune\n|-damage|p1a: Suicune|71/298\n|-start|p1a: Suicune|confusion\n|-activate|p1a: Suicune|confusion\n|move|p1a: Suicune|Scald|p2a: Iron Jugulis\n|-damage|p2a: Iron Jugulis|0 fnt\n|faint|p2a: Iron Jugulis\n|-end|p2a: Iron Jugulis|Quark Drive|[silent]\n|\n|-heal|p1a: Suicune|89/298|[from] item: Leftovers\n|upkeep\n|\n|t:|1783565206\n|switch|p2a: Wo-Chien|Wo-Chien, L83|52/100\n|-ability|p2a: Wo-Chien|Tablets of Ruin\n|turn|10\n|inactive|Time left: 300 sec this turn | 300 sec total\n|\n|t:|1783565207\n|switch|p1a: Gallade|Gallade, L80, M|240/240\n|move|p2a: Wo-Chien|Knock Off|p1a: Gallade\n|-damage|p1a: Gallade|110/240\n|-enditem|p1a: Gallade|Life Orb|[from] move: Knock Off|[of] p2a: Wo-Chien\n|\n|-heal|p2a: Wo-Chien|58/100|[from] item: Leftovers\n|upkeep\n|turn|11\n|inactive|Time left: 300 sec this turn | 300 sec total\n|\n|t:|1783565208\n|move|p2a: Wo-Chien|Protect|p2a: Wo-Chien\n|-singleturn|p2a: Wo-Chien|Protect\n|move|p1a: Gallade|Sacred Sword|p2a: Wo-Chien\n|-activate|p2a: Wo-Chien|move: Protect\n|\n|-heal|p2a: Wo-Chien|64/100|[from] item: Leftovers\n|upkeep\n|turn|12\n|inactive|Time left: 300 sec this turn | 300 sec total\n|\n|t:|1783565209\n|-terastallize|p2a: Wo-Chien|Poison\n|move|p1a: Gallade|Sacred Sword|p2a: Wo-Chien\n|-resisted|p2a: Wo-Chien\n|-damage|p2a: Wo-Chien|43/100\n|move|p2a: Wo-Chien|Knock Off|p1a: Gallade\n|-damage|p1a: Gallade|35/240\n|\n|-heal|p2a: Wo-Chien|50/100|[from] item: Leftovers\n|upkeep\n|turn|13\n|inactive|Time left: 300 sec this turn | 300 sec total\n|\n|t:|1783565211\n|move|p2a: Wo-Chien|Protect|p2a: Wo-Chien\n|-singleturn|p2a: Wo-Chien|Protect\n|move|p1a: Gallade|Psycho Cut|p2a: Wo-Chien\n|-activate|p2a: Wo-Chien|move: Protect\n|\n|-heal|p2a: Wo-Chien|56/100|[from] item: Leftovers\n|upkeep\n|turn|14\n|inactive|Time left: 300 sec this turn | 300 sec total\n|\n|t:|1783565211\n|move|p1a: Gallade|Psycho Cut|p2a: Wo-Chien\n|-supereffective|p2a: Wo-Chien\n|-damage|p2a: Wo-Chien|0 fnt\n|faint|p2a: Wo-Chien\n|\n|upkeep\n|\n|t:|1783565212\n|switch|p2a: Mamoswine|Mamoswine, L81, F|100/100\n|turn|15\n|inactive|Time left: 300 sec this turn | 300 sec total\n|\n|t:|1783565213\n|move|p2a: Mamoswine|Earthquake|p1a: Gallade\n|-crit|p1a: Gallade\n|-damage|p1a: Gallade|0 fnt\n|faint|p1a: Gallade\n|-damage|p2a: Mamoswine|91/100|[from] item: Life Orb\n|\n|upkeep\n|inactive|Time left: 300 sec this turn | 300 sec total | 5 sec grace\n|\n|t:|1783565214\n|switch|p1a: Ogerpon|Ogerpon-Cornerstone, L76, F|177/247\n|turn|16\n|inactive|Time left: 300 sec this turn | 300 sec total\n|\n|t:|1783565215\n|move|p2a: Mamoswine|Ice Shard|p1a: Ogerpon\n|-supereffective|p1a: Ogerpon\n|-damage|p1a: Ogerpon|37/247\n|-damage|p2a: Mamoswine|81/100|[from] item: Life Orb\n|move|p1a: Ogerpon|Power Whip|p2a: Mamoswine|[miss]\n|-miss|p1a: Ogerpon|p2a: Mamoswine\n|\n|upkeep\n|turn|17\n|inactive|Time left: 300 sec this turn | 300 sec total\n|\n|t:|1783565216\n|switch|p1a: Suicune|Suicune, L82|89/298\n|-ability|p1a: Suicune|Pressure\n|move|p2a: Mamoswine|Ice Shard|p1a: Suicune\n|-resisted|p1a: Suicune\n|-damage|p1a: Suicune|62/298\n|-damage|p2a: Mamoswine|71/100|[from] item: Life Orb\n|\n|-heal|p1a: Suicune|80/298|[from] item: Leftovers\n|upkeep\n|turn|18\n|inactive|Time left: 300 sec this turn | 300 sec total\n|\n|t:|1783565217\n|move|p1a: Suicune|Scald|p2a: Mamoswine\n|-supereffective|p2a: Mamoswine\n|-damage|p2a: Mamoswine|1/100\n|-status|p2a: Mamoswine|brn\n|move|p2a: Mamoswine|Earthquake|p1a: Suicune\n|-damage|p1a: Suicune|7/298\n|-damage|p2a: Mamoswine|0 fnt|[from] item: Life Orb\n|faint|p2a: Mamoswine\n|\n|-heal|p1a: Suicune|25/298|[from] item: Leftovers\n|upkeep\n|\n|t:|1783565218\n|switch|p2a: Persian|Persian, L92, F|100/100\n|turn|19\n|inactive|Time left: 300 sec this turn | 300 sec total\n|\n|t:|1783565219\n|switch|p1a: Swampert|Swampert, L83, M|302/302\n|move|p2a: Persian|Knock Off|p1a: Swampert\n|-damage|p1a: Swampert|233/302\n|-enditem|p1a: Swampert|Leftovers|[from] move: Knock Off|[of] p2a: Persian\n|\n|upkeep\n|turn|20\n|inactive|Time left: 300 sec this turn | 300 sec total\n|\n|t:|1783565220\n|move|p2a: Persian|Double-Edge|p1a: Swampert\n|-damage|p1a: Swampert|98/302\n|-damage|p2a: Persian|84/100|[from] Recoil\n|move|p1a: Swampert|Earthquake|p2a: Persian\n|-damage|p2a: Persian|29/100\n|\n|upkeep\n|turn|21\n|inactive|Time left: 300 sec this turn | 300 sec total\n|\n|t:|1783565221\n|switch|p1a: Ogerpon|Ogerpon-Cornerstone, L76, F|37/247\n|move|p2a: Persian|Double-Edge|p1a: Ogerpon\n|-resisted|p1a: Ogerpon\n|-damage|p1a: Ogerpon|0 fnt\n|faint|p1a: Ogerpon\n|-damage|p2a: Persian|24/100|[from] Recoil\n|\n|upkeep\n|inactive|Time left: 300 sec this turn | 300 sec total | 5 sec grace\n|\n|t:|1783565221\n|switch|p1a: Gothitelle|Gothitelle, L90, F|142/272\n|turn|22\n|inactive|Time left: 300 sec this turn | 300 sec total\n|\n|t:|1783565222\n|move|p2a: Persian|Double-Edge|p1a: Gothitelle\n|-damage|p1a: Gothitelle|22/272\n|-damage|p2a: Persian|9/100|[from] Recoil\n|move|p1a: Gothitelle|Thunderbolt|p2a: Persian\n|-damage|p2a: Persian|0 fnt\n|faint|p2a: Persian\n|\n|-heal|p1a: Gothitelle|39/272|[from] item: Leftovers\n|upkeep\n|\n|t:|1783565223\n|switch|p2a: Deoxys|Deoxys, L74|100/100\n|-ability|p2a: Deoxys|Pressure\n|turn|23\n|inactive|Time left: 300 sec this turn | 300 sec total\n|\n|t:|1783565223\n|move|p2a: Deoxys|Ice Beam|p1a: Gothitelle\n|-damage|p1a: Gothitelle|0 fnt\n|faint|p1a: Gothitelle\n|-damage|p2a: Deoxys|91/100|[from] item: Life Orb\n|\n|upkeep\n|inactive|Time left: 300 sec this turn | 300 sec total | 5 sec grace\n|\n|t:|1783565224\n|switch|p1a: Swampert|Swampert, L83, M|98/302\n|turn|24\n|inactive|Time left: 300 sec this turn | 300 sec total\n|\n|t:|1783565225\n|-terastallize|p1a: Swampert|Poison\n|move|p2a: Deoxys|Psycho Boost|p1a: Swampert\n|-supereffective|p1a: Swampert\n|-damage|p1a: Swampert|0 fnt\n|-unboost|p2a: Deoxys|spa|2\n|faint|p1a: Swampert\n|-damage|p2a: Deoxys|81/100|[from] item: Life Orb\n|\n|upkeep\n|inactive|Time left: 300 sec this turn | 300 sec total | 5 sec grace\n|\n|t:|1783565226\n|switch|p1a: Suicune|Suicune, L82|25/298\n|-ability|p1a: Suicune|Pressure\n|turn|25\n|inactive|Time left: 300 sec this turn | 300 sec total\n|\n|t:|1783565227\n|move|p2a: Deoxys|Superpower|p1a: Suicune\n|-damage|p1a: Suicune|0 fnt\n|-unboost|p2a: Deoxys|atk|1\n|-unboost|p2a: Deoxys|def|1\n|faint|p1a: Suicune\n|-damage|p2a: Deoxys|71/100|[from] item: Life Orb\n|\n|win|p0y217521a6", "uploadtime": 1783565227, "views": 0, "rating": 0, "private": 0, "password": null, "_winner": "p0y217521a6", "_our_name": "p0x21757f52"}