{"id": "battle-gen9randombattle-114", "formatid": "gen9randombattle", "format": "[Gen 9] Random Battle", "players": ["p0x114ca85", "p0y1141acc"], "log": "|init|battle\n|title|p0x114ca85 vs. p0y1141acc\n|j|\u2606p0x114ca85\n|j|\u2606p0y1141acc\n|t:|1783535066\n|gametype|singles\n|player|p1|p0x114ca85|266|\n|player|p2|p0y1141acc|266|\n|gen|9\n|tier|[Gen 9] Random Battle\n|rule|Species Clause: Limit one of each Pok\u00e9mon\n|rule|HP Percentage Mod: HP is shown in percentages\n|rule|Sleep Clause Mod: Limit one foe put to sleep\n|rule|Illusion Level Mod: Illusion disguises the Pok\u00e9mon's true level\n|\n|t:|1783535066\n|teamsize|p1|6\n|teamsize|p2|6\n|start\n|switch|p1a: Arcanine|Arcanine, L84, F|100/100\n|switch|p2a: Eelektross|Eelektross, L87, F|290/290\n|-ability|p1a: Arcanine|Intimidate|boost\n|-unboost|p2a: Eelektross|atk|1\n|turn|1\n|inactive|Battle timer is ON: inactive players will automatically lose when time's up. (requested by p0y1141acc)\n|inactive|p0x114ca85 also wants the timer to be on.\n|\n|t:|1783535067\n|switch|p2a: Politoed|Politoed, L88, M|302/302\n|-weather|RainDance|[from] ability: Drizzle|[of] p2a: Politoed\n|move|p1a: Arcanine|Flare Blitz|p2a: Politoed\n|-resisted|p2a: Politoed\n|-damage|p2a: Politoed|268/302\n|-damage|p1a: Arcanine|97/100|[from] Recoil\n|\n|-weather|RainDance|[upkeep]\n|-heal|p2a: Politoed|286/302|[from] item: Leftovers\n|upkeep\n|turn|2\n|inactive|Time left: 300 sec this turn | 300 sec total\n|\n|t:|1783535068\n|switch|p1a: Hypno|Hypno, L95, M|100/100\n|move|p2a: Politoed|Hydro Pump|p1a: Hypno\n|-damage|p1a: Hypno|60/100\n|\n|-weather|RainDance|[upkeep]\n|-heal|p1a: Hypno|66/100|[from] item: Leftovers\n|-heal|p2a: Politoed|302/302|[from] item: Leftovers\n|upkeep\n|turn|3\n|inactive|Time left: 300 sec this turn | 300 sec total\n|\n|t:|1783535070\n|move|p1a: Hypno|Toxic|p2a: Politoed\n|-status|p2a: Politoed|tox\n|move|p2a: Politoed|Hydro Pump|p1a: Hypno\n|-damage|p1a: Hypno|26/100\n|\n|-weather|RainDance|[upkeep]\n|-heal|p1a: Hypno|32/100|[from] item: Leftovers\n|-damage|p2a: Politoed|284/302 tox|[from] psn\n|upkeep\n|turn|4\n|inactive|Time left: 300 sec this turn | 300 sec total\n|\n|t:|1783535071\n|move|p1a: Hypno|Protect|p1a: Hypno\n|-singleturn|p1a: Hypno|Protect\n|move|p2a: Politoed|Hydro Pump|p1a: Hypno\n|-activate|p1a: Hypno|move: Protect\n|\n|-weather|RainDance|[upkeep]\n|-heal|p1a: Hypno|38/100|[from] item: Leftovers\n|-heal|p2a: Politoed|302/302 tox|[from] item: Leftovers\n|-damage|p2a: Politoed|266/302 tox|[from] psn\n|upkeep\n|turn|5\n|inactive|Time left: 300 sec this turn | 300 sec total\n|\n|t:|1783535072\n|move|p1a: Hypno|Psychic Noise|p2a: Politoed\n|-damage|p2a: Politoed|188/302 tox\n|-start|p2a: Politoed|move: Heal Block\n|move|p2a: Politoed|Hydro Pump|p1a: Hypno\n|-damage|p1a: Hypno|0 fnt\n|faint|p1a: Hypno\n|\n|-weather|none\n|-damage|p2a: Politoed|134/302 tox|[from] psn\n|upkeep\n|\n|t:|1783535073\n|switch|p1a: Spectrier|Spectrier, L75|100/100\n|turn|6\n|inactive|Time left: 300 sec this turn | 300 sec total\n|\n|t:|1783535074\n|move|p1a: Spectrier|Nasty Plot|p1a: Spectrier\n|-boost|p1a: Spectrier|spa|2\n|move|p2a: Politoed|Hydro Pump|p1a: Spectrier\n|-damage|p1a: Spectrier|52/100\n|\n|-heal|p1a: Spectrier|58/100|[from] item: Leftovers\n|-damage|p2a: Politoed|62/302 tox|[from] psn\n|-end|p2a: Politoed|move: Heal Block\n|upkeep\n|turn|7\n|inactive|Time left: 300 sec this turn | 300 sec total\n|\n|t:|1783535075\n|switch|p2a: Ursaring|Ursaring, L84, F|288/288\n|move|p1a: Spectrier|Shadow Ball|p2a: Ursaring\n|-immune|p2a: Ursaring\n|\n|-heal|p1a: Spectrier|64/100|[from] item: Leftovers\n|-status|p2a: Ursaring|tox|[from] item: Toxic Orb\n|upkeep\n|turn|8\n|inactive|Time left: 300 sec this turn | 300 sec total\n|\n|t:|1783535077\n|-terastallize|p1a: Spectrier|Fighting\n|move|p1a: Spectrier|Tera Blast|p2a: Ursaring|[anim] Tera Blast Fighting\n|-supereffective|p2a: Ursaring\n|-damage|p2a: Ursaring|0 fnt\n|faint|p2a: Ursaring\n|-ability|p1a: Spectrier|Grim Neigh|boost\n|-boost|p1a: Spectrier|spa|1\n|\n|-heal|p1a: Spectrier|71/100|[from] item: Leftovers\n|upkeep\n|inactive|Time left: 300 sec this turn | 300 sec total | 5 sec grace\n|\n|t:|1783535078\n|switch|p2a: Plusle|Plusle, L95, F|268/268\n|turn|9\n|inactive|Time left: 300 sec this turn | 300 sec total\n|\n|t:|1783535079\n|move|p1a: Spectrier|Tera Blast|p2a: Plusle|[anim] Tera Blast Fighting\n|-damage|p2a: Plusle|13/268\n|move|p2a: Plusle|Alluring Voice|p1a: Spectrier\n|-supereffective|p1a: Spectrier\n|-damage|p1a: Spectrier|0 fnt\n|faint|p1a: Spectrier\n|-damage|p2a: Plusle|0 fnt|[from] item: Life Orb\n|faint|p2a: Plusle\n|\n|upkeep\n|inactive|Time left: 300 sec this turn | 300 sec total | 5 sec grace\n|\n|t:|1783535080\n|switch|p1a: Koraidon|Koraidon, L64|100/100\n|switch|p2a: Mismagius|Mismagius, L86, M|243/243\n|-weather|SunnyDay|[from] ability: Orichalcum Pulse|[of] p1a: Koraidon\n|-activate|p1a: Koraidon|Orichalcum Pulse|[source]\n|turn|10\n|inactive|Time left: 300 sec this turn | 300 sec total\n|\n|t:|1783535081\n|move|p2a: Mismagius|Dazzling Gleam|p1a: Koraidon\n|-supereffective|p1a: Koraidon\n|-damage|p1a: Koraidon|0 fnt\n|faint|p1a: Koraidon\n|\n|-weather|SunnyDay|[upkeep]\n|upkeep\n|\n|t:|1783535082\n|switch|p1a: Arcanine|Arcanine, L84, F|97/100\n|-ability|p1a: Arcanine|Intimidate|boost\n|-unboost|p2a: Mismagius|atk|1\n|turn|11\n|inactive|Time left: 300 sec this turn | 300 sec total\n|\n|t:|1783535083\n|switch|p2a: Politoed|Politoed, L88, M|62/302 tox\n|-weather|RainDance|[from] ability: Drizzle|[of] p2a: Politoed\n|move|p1a: Arcanine|Flare Blitz|p2a: Politoed\n|-resisted|p2a: Politoed\n|-damage|p2a: Politoed|26/302 tox\n|-damage|p1a: Arcanine|93/100|[from] Recoil\n|\n|-weather|RainDance|[upkeep]\n|-heal|p2a: Politoed|44/302 tox|[from] item: Leftovers\n|-damage|p2a: Politoed|26/302 tox|[from] psn\n|upkeep\n|turn|12\n|inactive|Time left: 300 sec this turn | 300 sec total\n|\n|t:|1783535084\n|move|p1a: Arcanine|Extreme Speed|p2a: Politoed\n|-damage|p2a: Politoed|0 fnt\n|faint|p2a: Politoed\n|\n|-weather|RainDance|[upkeep]\n|upkeep\n|inactive|Time left: 300 sec this turn | 300 sec total | 5 sec grace\n|\n|t:|1783535085\n|switch|p2a: Mismagius|Mismagius, L86, M|243/243\n|turn|13\n|inactive|Time left: 300 sec this turn | 300 sec total\n|\n|t:|1783535085\n|switch|p1a: Dudunsparce|Dudunsparce, L83, M|100/100\n|move|p2a: Mismagius|Shadow Ball|p1a: Dudunsparce\n|-immune|p1a: Dudunsparce\n|\n|-weather|RainDance|[upkeep]\n|upkeep\n|turn|14\n|inactive|Time left: 300 sec this turn | 300 sec total\n|\n|t:|1783535086\n|switch|p2a: Eelektross|Eelektross, L87, F|290/290\n|move|p1a: Dudunsparce|Toxic|p2a: Eelektross\n|-status|p2a: Eelektross|tox\n|\n|-weather|RainDance|[upkeep]\n|-damage|p2a: Eelektross|272/290 tox|[from] psn\n|upkeep\n|turn|15\n|inactive|Time left: 300 sec this turn | 300 sec total\n|\n|t:|1783535087\n|switch|p2a: Mismagius|Mismagius, L86, M|243/243\n|move|p1a: Dudunsparce|Boomburst|p2a: Mismagius\n|-immune|p2a: Mismagius\n|\n|-weather|none\n|upkeep\n|turn|16\n|inactive|Time left: 300 sec this turn | 300 sec total\n|\n|t:|1783535088\n|move|p2a: Mismagius|Mystical Fire|p1a: Dudunsparce\n|-crit|p1a: Dudunsparce\n|-damage|p1a: Dudunsparce|60/100\n|-unboost|p1a: Dudunsparce|spa|1\n|move|p1a: Dudunsparce|Toxic|p2a: Mismagius\n|-status|p2a: Mismagius|tox\n|\n|-heal|p1a: Dudunsparce|66/100|[from] item: Leftovers\n|-damage|p2a: Mismagius|228/243 tox|[from] psn\n|upkeep\n|turn|17\n|inactive|Time left: 300 sec this turn | 300 sec total\n|\n|t:|1783535089\n|switch|p2a: Eelektross|Eelektross, L87, F|272/290 tox\n|move|p1a: Dudunsparce|Roost|p1a: Dudunsparce\n|-heal|p1a: Dudunsparce|100/100\n|-singleturn|p1a: Dudunsparce|move: Roost\n|\n|-heal|p2a: Eelektross|290/290 tox|[from] item: Leftovers\n|-damage|p2a: Eelektross|272/290 tox|[from] psn\n|upkeep\n|turn|18\n|inactive|Time left: 300 sec this turn | 300 sec total\n|\n|t:|1783535089\n|switch|p1a: Arcanine|Arcanine, L84, F|93/100\n|-ability|p1a: Arcanine|Intimidate|boost\n|-unboost|p2a: Eelektross|atk|1\n|move|p2a: Eelektross|Coil|p2a: Eelektross\n|-boost|p2a: Eelektross|atk|1\n|-boost|p2a: Eelektross|def|1\n|-boost|p2a: Eelektross|accuracy|1\n|\n|-heal|p2a: Eelektross|290/290 tox|[from] item: Leftovers\n|-damage|p2a: Eelektross|254/290 tox|[from] psn\n|upkeep\n|turn|19\n|inactive|Time left: 300 sec this turn | 300 sec total\n|\n|t:|1783535090\n|move|p1a: Arcanine|Flare Blitz|p2a: Eelektross\n|-damage|p2a: Eelektross|148/290 tox\n|-damage|p1a: Arcanine|80/100|[from] Recoil\n|move|p2a: Eelektross|Supercell Slam|p1a: Arcanine\n|-damage|p1a: Arcanine|31/100\n|\n|-heal|p2a: Eelektross|166/290 tox|[from] item: Leftovers\n|-damage|p2a: Eelektross|112/290 tox|[from] psn\n|upkeep\n|turn|20\n|inactive|Time left: 300 sec this turn | 300 sec total\n|\n|t:|1783535091\n|move|p1a: Arcanine|Morning Sun|p1a: Arcanine\n|-heal|p1a: Arcanine|81/100\n|move|p2a: Eelektross|Supercell Slam|p1a: Arcanine\n|-damage|p1a: Arcanine|37/100\n|\n|-heal|p2a: Eelektross|130/290 tox|[from] item: Leftovers\n|-damage|p2a: Eelektross|58/290 tox|[from] psn\n|upkeep\n|turn|21\n|inactive|Time left: 300 sec this turn | 300 sec total\n|\n|t:|1783535092\n|move|p1a: Arcanine|Morning Sun|p1a: Arcanine\n|-heal|p1a: Arcanine|87/100\n|move|p2a: Eelektross|Supercell Slam|p1a: Arcanine\n|-damage|p1a: Arcanine|35/100\n|\n|-heal|p2a: Eelektross|76/290 tox|[from] item: Leftovers\n|-damage|p2a: Eelektross|0 fnt|[from] psn\n|faint|p2a: Eelektross\n|upkeep\n|inactive|Time left: 300 sec this turn | 300 sec total | 5 sec grace\n|\n|t:|1783535092\n|switch|p2a: Mismagius|Mismagius, L86, M|228/243 tox\n|turn|22\n|inactive|Time left: 300 sec this turn | 300 sec total\n|\n|t:|1783535093\n|switch|p1a: Dudunsparce|Dudunsparce, L83, M|100/100\n|move|p2a: Mismagius|Thunderbolt|p1a: Dudunsparce\n|-damage|p1a: Dudunsparce|65/100\n|\n|-heal|p1a: Dudunsparce|71/100|[from] item: Leftovers\n|-damage|p2a: Mismagius|213/243 tox|[from] psn\n|upkeep\n|turn|23\n|inactive|Time left: 300 sec this turn | 300 sec total\n|\n|t:|1783535094\n|move|p2a: Mismagius|Thunderbolt|p1a: Dudunsparce\n|-damage|p1a: Dudunsparce|37/100\n|move|p1a: Dudunsparce|Roost|p1a: Dudunsparce\n|-heal|p1a: Dudunsparce|87/100\n|-singleturn|p1a: Dudunsparce|move: Roost\n|\n|-heal|p1a: Dudunsparce|94/100|[from] item: Leftovers\n|-damage|p2a: Mismagius|183/243 tox|[from] psn\n|upkeep\n|turn|24\n|inactive|Time left: 300 sec this turn | 300 sec total\n|\n|t:|1783535095\n|move|p2a: Mismagius|Thunderbolt|p1a: Dudunsparce\n|-damage|p1a: Dudunsparce|58/100\n|move|p1a: Dudunsparce|Roost|p1a: Dudunsparce\n|-heal|p1a: Dudunsparce|100/100\n|-singleturn|p1a: Dudunsparce|move: Roost\n|\n|-damage|p2a: Mismagius|138/243 tox|[from] psn\n|upkeep\n|turn|25\n|inactive|Time left: 300 sec this turn | 300 sec total\n|\n|t:|1783535096\n|move|p2a: Mismagius|Thunderbolt|p1a: Dudunsparce\n|-damage|p1a: Dudunsparce|63/100\n|move|p1a: Dudunsparce|Roost|p1a: Dudunsparce\n|-heal|p1a: Dudunsparce|100/100\n|-singleturn|p1a: Dudunsparce|move: Roost\n|\n|-damage|p2a: Mismagius|78/243 tox|[from] psn\n|upkeep\n|turn|26\n|inactive|Time left: 300 sec this turn | 300 sec total\n|\n|t:|1783535097\n|move|p2a: Mismagius|Thunderbolt|p1a: Dudunsparce\n|-damage|p1a: Dudunsparce|64/100\n|move|p1a: Dudunsparce|Roost|p1a: Dudunsparce\n|-heal|p1a: Dudunsparce|100/100\n|-singleturn|p1a: Dudunsparce|move: Roost\n|\n|-damage|p2a: Mismagius|3/243 tox|[from] psn\n|upkeep\n|turn|27\n|inactive|Time left: 300 sec this turn | 300 sec total\n|\n|t:|1783535099\n|move|p2a: Mismagius|Thunderbolt|p1a: Dudunsparce\n|-damage|p1a: Dudunsparce|68/100\n|move|p1a: Dudunsparce|Roost|p1a: Dudunsparce\n|-heal|p1a: Dudunsparce|100/100\n|-singleturn|p1a: Dudunsparce|move: Roost\n|\n|-damage|p2a: Mismagius|0 fnt|[from] psn\n|faint|p2a: Mismagius\n|upkeep\n|inactive|Time left: 300 sec this turn | 300 sec total | 5 sec grace\n|\n|t:|1783535100\n|switch|p2a: Cinderace|Cinderace, L77, M|250/250\n|turn|28\n|inactive|Time left: 300 sec this turn | 300 sec total\n|\n|t:|1783535101\n|move|p2a: Cinderace|Pyro Ball|p1a: Dudunsparce\n|-damage|p1a: Dudunsparce|62/100\n|move|p1a: Dudunsparce|Boomburst|p2a: Cinderace\n|-damage|p2a: Cinderace|97/250\n|\n|-heal|p1a: Dudunsparce|68/100|[from] item: Leftovers\n|upkeep\n|turn|29\n|inactive|Time left: 300 sec this turn | 300 sec total\n|\n|t:|1783535101\n|-terastallize|p2a: Cinderace|Grass\n|move|p2a: Cinderace|Court Change||[still]\n|-fail|p2a: Cinderace\n|move|p1a: Dudunsparce|Boomburst|p2a: Cinderace\n|-damage|p2a: Cinderace|0 fnt\n|faint|p2a: Cinderace\n|\n|win|p0x114ca85", "uploadtime": 1783535102, "views": 0, "rating": 0, "private": 0, "password": null, "_winner": "p0x114ca85", "_our_name": "p0y1141acc"}