{"id": "battle-gen9randombattle-69", "formatid": "gen9randombattle", "format": "[Gen 9] Random Battle", "players": ["p0x0697b20", "p0y0695f6a"], "log": "|init|battle\n|title|p0x0697b20 vs. p0y0695f6a\n|j|\u2606p0x0697b20\n|j|\u2606p0y0695f6a\n|t:|1783534557\n|gametype|singles\n|player|p1|p0x0697b20|2|\n|player|p2|p0y0695f6a|266|\n|gen|9\n|tier|[Gen 9] Random Battle\n|rule|Species Clause: Limit one of each Pok\u00e9mon\n|rule|HP Percentage Mod: HP is shown in percentages\n|rule|Sleep Clause Mod: Limit one foe put to sleep\n|rule|Illusion Level Mod: Illusion disguises the Pok\u00e9mon's true level\n|\n|t:|1783534557\n|teamsize|p1|6\n|teamsize|p2|6\n|start\n|switch|p1a: Glastrier|Glastrier, L86|100/100\n|switch|p2a: Mightyena|Mightyena, L96, M|290/290\n|-ability|p2a: Mightyena|Intimidate|boost\n|-unboost|p1a: Glastrier|atk|1\n|turn|1\n|inactive|Battle timer is ON: inactive players will automatically lose when time's up. (requested by p0y0695f6a)\n|\n|t:|1783534559\n|move|p2a: Mightyena|Throat Chop|p1a: Glastrier\n|-damage|p1a: Glastrier|66/100\n|-start|p1a: Glastrier|Throat Chop|[silent]\n|move|p1a: Glastrier|Heavy Slam|p2a: Mightyena\n|-damage|p2a: Mightyena|154/290\n|\n|upkeep\n|turn|2\n|inactive|Time left: 300 sec this turn | 300 sec total\n|inactive|p0x0697b20 also wants the timer to be on.\n|\n|t:|1783534560\n|move|p2a: Mightyena|Throat Chop|p1a: Glastrier\n|-damage|p1a: Glastrier|27/100\n|move|p1a: Glastrier|Heavy Slam|p2a: Mightyena\n|-damage|p2a: Mightyena|22/290\n|\n|-end|p1a: Glastrier|Throat Chop|[silent]\n|upkeep\n|turn|3\n|inactive|Time left: 300 sec this turn | 300 sec total\n|\n|t:|1783534561\n|move|p2a: Mightyena|Throat Chop|p1a: Glastrier\n|-damage|p1a: Glastrier|0 fnt\n|faint|p1a: Glastrier\n|\n|upkeep\n|\n|t:|1783534562\n|switch|p1a: Lurantis|Lurantis, L87, M|100/100\n|turn|4\n|inactive|Time left: 300 sec this turn | 300 sec total\n|\n|t:|1783534563\n|move|p2a: Mightyena|Throat Chop|p1a: Lurantis\n|-damage|p1a: Lurantis|42/100\n|-start|p1a: Lurantis|Throat Chop|[silent]\n|move|p1a: Lurantis|Superpower|p2a: Mightyena\n|-supereffective|p2a: Mightyena\n|-damage|p2a: Mightyena|0 fnt\n|-boost|p1a: Lurantis|atk|1\n|-boost|p1a: Lurantis|def|1\n|faint|p2a: Mightyena\n|\n|-heal|p1a: Lurantis|48/100|[from] item: Leftovers\n|upkeep\n|inactive|Time left: 300 sec this turn | 300 sec total | 5 sec grace\n|\n|t:|1783534564\n|switch|p2a: Vivillon|Vivillon-Savanna, L83, M|268/268\n|turn|5\n|inactive|Time left: 300 sec this turn | 300 sec total\n|\n|t:|1783534565\n|move|p2a: Vivillon|Hurricane|p1a: Lurantis\n|-supereffective|p1a: Lurantis\n|-damage|p1a: Lurantis|0 fnt\n|faint|p1a: Lurantis\n|\n|upkeep\n|\n|t:|1783534566\n|switch|p1a: Tornadus|Tornadus, L82, M|100/100\n|turn|6\n|inactive|Time left: 300 sec this turn | 300 sec total\n|\n|t:|1783534567\n|move|p1a: Tornadus|Bleakwind Storm|p2a: Vivillon\n|-supereffective|p2a: Vivillon\n|-damage|p2a: Vivillon|0 fnt\n|faint|p2a: Vivillon\n|\n|upkeep\n|inactive|Time left: 300 sec this turn | 300 sec total | 5 sec grace\n|\n|t:|1783534568\n|switch|p2a: Espeon|Espeon, L84, M|246/246\n|turn|7\n|inactive|Time left: 300 sec this turn | 300 sec total\n|\n|t:|1783534569\n|switch|p1a: Grimmsnarl|Grimmsnarl, L83, M|100/100\n|move|p2a: Espeon|Psychic|p1a: Grimmsnarl\n|-immune|p1a: Grimmsnarl\n|\n|upkeep\n|turn|8\n|inactive|Time left: 300 sec this turn | 300 sec total\n|\n|t:|1783534570\n|move|p2a: Espeon|Alluring Voice|p1a: Grimmsnarl\n|-supereffective|p1a: Grimmsnarl\n|-damage|p1a: Grimmsnarl|31/100\n|-damage|p2a: Espeon|222/246|[from] item: Life Orb\n|move|p1a: Grimmsnarl|Spirit Break|p2a: Espeon\n|-damage|p2a: Espeon|89/246\n|-unboost|p2a: Espeon|spa|1\n|\n|-heal|p1a: Grimmsnarl|37/100|[from] item: Leftovers\n|upkeep\n|turn|9\n|inactive|Time left: 300 sec this turn | 300 sec total\n|\n|t:|1783534571\n|move|p2a: Espeon|Morning Sun|p2a: Espeon\n|-heal|p2a: Espeon|212/246\n|move|p1a: Grimmsnarl|Spirit Break|p2a: Espeon\n|-damage|p2a: Espeon|86/246\n|-unboost|p2a: Espeon|spa|1\n|\n|-heal|p1a: Grimmsnarl|43/100|[from] item: Leftovers\n|upkeep\n|turn|10\n|inactive|Time left: 300 sec this turn | 300 sec total\n|\n|t:|1783534572\n|switch|p2a: Carbink|Carbink, L90|236/236\n|move|p1a: Grimmsnarl|Spirit Break|p2a: Carbink\n|-damage|p2a: Carbink|182/236\n|-unboost|p2a: Carbink|spa|1\n|\n|-heal|p1a: Grimmsnarl|49/100|[from] item: Leftovers\n|upkeep\n|turn|11\n|inactive|Time left: 300 sec this turn | 300 sec total\n|\n|t:|1783534574\n|move|p1a: Grimmsnarl|Parting Shot|p2a: Carbink\n|-unboost|p2a: Carbink|atk|1\n|-unboost|p2a: Carbink|spa|1\n|\n|t:|1783534574\n|switch|p1a: Sandaconda|Sandaconda, L84, M|100/100|[from] Parting Shot\n|move|p2a: Carbink|Body Press|p1a: Sandaconda\n|-damage|p1a: Sandaconda|73/100\n|\n|-heal|p1a: Sandaconda|79/100|[from] item: Leftovers\n|upkeep\n|turn|12\n|inactive|Time left: 300 sec this turn | 300 sec total\n|\n|t:|1783534575\n|switch|p2a: Swampert|Swampert, L83, F|302/302\n|move|p1a: Sandaconda|Earthquake|p2a: Swampert\n|-damage|p2a: Swampert|193/302\n|\n|-heal|p1a: Sandaconda|85/100|[from] item: Leftovers\n|-heal|p2a: Swampert|211/302|[from] item: Leftovers\n|upkeep\n|turn|13\n|inactive|Time left: 300 sec this turn | 300 sec total\n|\n|t:|1783534577\n|move|p1a: Sandaconda|Earthquake|p2a: Swampert\n|-damage|p2a: Swampert|90/302\n|move|p2a: Swampert|Flip Turn|p1a: Sandaconda\n|-supereffective|p1a: Sandaconda\n|-damage|p1a: Sandaconda|28/100\n|inactive|Time left: 300 sec this turn | 300 sec total | 5 sec grace\n|\n|t:|1783534577\n|switch|p2a: Espeon|Espeon, L84, M|86/246|[from] Flip Turn\n|\n|-heal|p1a: Sandaconda|35/100|[from] item: Leftovers\n|upkeep\n|turn|14\n|inactive|Time left: 300 sec this turn | 300 sec total\n|\n|t:|1783534578\n|switch|p1a: Grimmsnarl|Grimmsnarl, L83, M|49/100\n|move|p2a: Espeon|Alluring Voice|p1a: Grimmsnarl\n|-supereffective|p1a: Grimmsnarl\n|-damage|p1a: Grimmsnarl|0 fnt\n|faint|p1a: Grimmsnarl\n|-damage|p2a: Espeon|62/246|[from] item: Life Orb\n|\n|upkeep\n|\n|t:|1783534579\n|switch|p1a: Swampert|Swampert, L83, F|100/100\n|turn|15\n|inactive|Time left: 300 sec this turn | 300 sec total\n|\n|t:|1783534580\n|move|p2a: Espeon|Morning Sun|p2a: Espeon\n|-heal|p2a: Espeon|185/246\n|move|p1a: Swampert|Knock Off|p2a: Espeon\n|-supereffective|p2a: Espeon\n|-damage|p2a: Espeon|0 fnt\n|-enditem|p2a: Espeon|Life Orb|[from] move: Knock Off|[of] p1a: Swampert\n|faint|p2a: Espeon\n|\n|upkeep\n|inactive|Time left: 300 sec this turn | 300 sec total | 5 sec grace\n|\n|t:|1783534581\n|switch|p2a: Carbink|Carbink, L90|182/236\n|turn|16\n|inactive|Time left: 300 sec this turn | 300 sec total\n|\n|t:|1783534582\n|-terastallize|p2a: Carbink|Fighting\n|move|p1a: Swampert|Earthquake|p2a: Carbink\n|-damage|p2a: Carbink|113/236\n|move|p2a: Carbink|Iron Defense|p2a: Carbink\n|-boost|p2a: Carbink|def|2\n|\n|upkeep\n|turn|17\n|inactive|Time left: 300 sec this turn | 300 sec total\n|\n|t:|1783534583\n|switch|p1a: Tornadus|Tornadus, L82, M|100/100\n|move|p2a: Carbink|Body Press|p1a: Tornadus\n|-resisted|p1a: Tornadus\n|-damage|p1a: Tornadus|38/100\n|\n|upkeep\n|turn|18\n|inactive|Time left: 300 sec this turn | 300 sec total\n|\n|t:|1783534583\n|switch|p2a: Magearna|Magearna, L77|250/250\n|move|p1a: Tornadus|Bleakwind Storm|p2a: Magearna\n|-resisted|p2a: Magearna\n|-damage|p2a: Magearna|200/250\n|\n|-heal|p2a: Magearna|215/250|[from] item: Leftovers\n|upkeep\n|turn|19\n|inactive|Time left: 300 sec this turn | 300 sec total\n|\n|t:|1783534584\n|-terastallize|p1a: Tornadus|Fire\n|move|p1a: Tornadus|Heat Wave|p2a: Magearna\n|-supereffective|p2a: Magearna\n|-damage|p2a: Magearna|0 fnt\n|faint|p2a: Magearna\n|\n|upkeep\n|inactive|Time left: 300 sec this turn | 300 sec total | 5 sec grace\n|\n|t:|1783534585\n|switch|p2a: Swampert|Swampert, L83, F|90/302\n|turn|20\n|inactive|Time left: 300 sec this turn | 300 sec total\n|\n|t:|1783534586\n|move|p1a: Tornadus|Grass Knot|p2a: Swampert\n|-supereffective|p2a: Swampert\n|-damage|p2a: Swampert|0 fnt\n|faint|p2a: Swampert\n|\n|upkeep\n|inactive|Time left: 300 sec this turn | 300 sec total | 5 sec grace\n|\n|t:|1783534587\n|switch|p2a: Carbink|Carbink, L90, tera:Fighting|113/236\n|turn|21\n|inactive|Time left: 300 sec this turn | 300 sec total\n|\n|t:|1783534588\n|move|p1a: Tornadus|Bleakwind Storm|p2a: Carbink\n|-supereffective|p2a: Carbink\n|-damage|p2a: Carbink|0 fnt\n|faint|p2a: Carbink\n|\n|win|p0x0697b20", "uploadtime": 1783534588, "views": 0, "rating": 0, "private": 0, "password": null, "_winner": "p0x0697b20", "_our_name": "p0y0695f6a"}