{"id": "battle-gen9randombattle-655", "formatid": "gen9randombattle", "format": "[Gen 9] Random Battle", "players": ["p0x6556341", "p0y65592c9"], "log": "|init|battle\n|title|p0x6556341 vs. p0y65592c9\n|j|\u2606p0x6556341\n|j|\u2606p0y65592c9\n|t:|1783547421\n|gametype|singles\n|player|p1|p0x6556341|169|\n|player|p2|p0y65592c9|102|\n|gen|9\n|tier|[Gen 9] Random Battle\n|rule|Species Clause: Limit one of each Pok\u00e9mon\n|rule|HP Percentage Mod: HP is shown in percentages\n|rule|Sleep Clause Mod: Limit one foe put to sleep\n|rule|Illusion Level Mod: Illusion disguises the Pok\u00e9mon's true level\n|\n|t:|1783547421\n|teamsize|p1|6\n|teamsize|p2|6\n|start\n|switch|p1a: Iron Boulder|Iron Boulder, L77|265/265\n|switch|p2a: Dragalge|Dragalge, L88, F|100/100\n|turn|1\n|inactive|Battle timer is ON: inactive players will automatically lose when time's up. (requested by p0y65592c9)\n|inactive|Time left: 300 sec this turn | 300 sec total | 60 sec grace\n|\n|t:|1783547423\n|switch|p2a: Golurk|Golurk, L87|100/100\n|move|p1a: Iron Boulder|Zen Headbutt|p2a: Golurk\n|-damage|p2a: Golurk|59/100\n|-damage|p1a: Iron Boulder|239/265|[from] item: Life Orb\n|\n|upkeep\n|turn|2\n|inactive|Time left: 300 sec this turn | 300 sec total\n|inactive|p0x6556341 also wants the timer to be on.\n|\n|t:|1783547424\n|move|p1a: Iron Boulder|Zen Headbutt|p2a: Golurk\n|-damage|p2a: Golurk|23/100\n|-damage|p1a: Iron Boulder|213/265|[from] item: Life Orb\n|move|p2a: Golurk|Earthquake|p1a: Iron Boulder\n|-supereffective|p1a: Iron Boulder\n|-damage|p1a: Iron Boulder|0 fnt\n|faint|p1a: Iron Boulder\n|-end|p1a: Iron Boulder|Quark Drive|[silent]\n|\n|upkeep\n|inactive|Time left: 300 sec this turn | 300 sec total | 5 sec grace\n|\n|t:|1783547425\n|switch|p1a: Inteleon|Inteleon, L81, M|246/246\n|turn|3\n|inactive|Time left: 300 sec this turn | 300 sec total\n|\n|t:|1783547426\n|switch|p2a: Volcanion|Volcanion, L79|100/100\n|move|p1a: Inteleon|Scald|p2a: Volcanion\n|-immune|p2a: Volcanion|[from] ability: Water Absorb\n|\n|upkeep\n|turn|4\n|inactive|Time left: 300 sec this turn | 300 sec total\n|\n|t:|1783547427\n|switch|p1a: Hitmontop|Hitmontop, L88, M|231/231\n|move|p2a: Volcanion|Flamethrower|p1a: Hitmontop\n|-damage|p1a: Hitmontop|147/231\n|\n|-heal|p1a: Hitmontop|161/231|[from] item: Leftovers\n|upkeep\n|turn|5\n|inactive|Time left: 300 sec this turn | 300 sec total\n|\n|t:|1783547428\n|move|p2a: Volcanion|Flamethrower|p1a: Hitmontop\n|-damage|p1a: Hitmontop|68/231\n|move|p1a: Hitmontop|Rapid Spin|p2a: Volcanion\n|-damage|p2a: Volcanion|81/100\n|-boost|p1a: Hitmontop|spe|1\n|\n|-heal|p1a: Hitmontop|82/231|[from] item: Leftovers\n|upkeep\n|turn|6\n|inactive|Time left: 300 sec this turn | 300 sec total\n|\n|t:|1783547428\n|move|p1a: Hitmontop|Close Combat|p2a: Volcanion\n|-damage|p2a: Volcanion|37/100\n|-unboost|p1a: Hitmontop|def|1\n|-unboost|p1a: Hitmontop|spd|1\n|move|p2a: Volcanion|Flamethrower|p1a: Hitmontop\n|-damage|p1a: Hitmontop|0 fnt\n|faint|p1a: Hitmontop\n|\n|upkeep\n|inactive|Time left: 300 sec this turn | 300 sec total | 5 sec grace\n|\n|t:|1783547429\n|switch|p1a: Excadrill|Excadrill, L79, F|303/303\n|-ability|p1a: Excadrill|Mold Breaker\n|turn|7\n|inactive|Time left: 300 sec this turn | 300 sec total\n|\n|t:|1783547430\n|-terastallize|p1a: Excadrill|Ground\n|move|p2a: Volcanion|Flamethrower|p1a: Excadrill\n|-damage|p1a: Excadrill|162/303\n|-status|p1a: Excadrill|brn\n|move|p1a: Excadrill|Rapid Spin|p2a: Volcanion\n|-damage|p2a: Volcanion|30/100\n|-boost|p1a: Excadrill|spe|1\n|\n|-heal|p1a: Excadrill|180/303 brn|[from] item: Leftovers\n|-damage|p1a: Excadrill|162/303 brn|[from] brn\n|upkeep\n|turn|8\n|inactive|Time left: 300 sec this turn | 300 sec total\n|\n|t:|1783547431\n|switch|p2a: Articuno|Articuno-Galar, L84|100/100\n|move|p1a: Excadrill|Swords Dance|p1a: Excadrill\n|-boost|p1a: Excadrill|atk|2\n|\n|-heal|p1a: Excadrill|180/303 brn|[from] item: Leftovers\n|-damage|p1a: Excadrill|162/303 brn|[from] brn\n|upkeep\n|turn|9\n|inactive|Time left: 300 sec this turn | 300 sec total\n|\n|t:|1783547431\n|move|p1a: Excadrill|Iron Head|p2a: Articuno\n|-damage|p2a: Articuno|65/100\n|move|p2a: Articuno|Freezing Glare|p1a: Excadrill\n|-damage|p1a: Excadrill|15/303 brn\n|\n|-heal|p1a: Excadrill|33/303 brn|[from] item: Leftovers\n|-damage|p1a: Excadrill|15/303 brn|[from] brn\n|upkeep\n|turn|10\n|inactive|Time left: 300 sec this turn | 300 sec total\n|\n|t:|1783547432\n|move|p1a: Excadrill|Earthquake|p2a: Articuno\n|-immune|p2a: Articuno\n|move|p2a: Articuno|Recover|p2a: Articuno\n|-heal|p2a: Articuno|100/100\n|\n|-heal|p1a: Excadrill|33/303 brn|[from] item: Leftovers\n|-damage|p1a: Excadrill|15/303 brn|[from] brn\n|upkeep\n|turn|11\n|inactive|Time left: 300 sec this turn | 300 sec total\n|\n|t:|1783547433\n|move|p1a: Excadrill|Earthquake|p2a: Articuno\n|-immune|p2a: Articuno\n|move|p2a: Articuno|Calm Mind|p2a: Articuno\n|-boost|p2a: Articuno|spa|1\n|-boost|p2a: Articuno|spd|1\n|\n|-heal|p1a: Excadrill|33/303 brn|[from] item: Leftovers\n|-damage|p1a: Excadrill|15/303 brn|[from] brn\n|upkeep\n|turn|12\n|inactive|Time left: 300 sec this turn | 300 sec total\n|\n|t:|1783547434\n|move|p1a: Excadrill|Earthquake|p2a: Articuno\n|-immune|p2a: Articuno\n|move|p2a: Articuno|Calm Mind|p2a: Articuno\n|-boost|p2a: Articuno|spa|1\n|-boost|p2a: Articuno|spd|1\n|\n|-heal|p1a: Excadrill|33/303 brn|[from] item: Leftovers\n|-damage|p1a: Excadrill|15/303 brn|[from] brn\n|upkeep\n|turn|13\n|inactive|Time left: 300 sec this turn | 300 sec total\n|\n|t:|1783547435\n|move|p1a: Excadrill|Earthquake|p2a: Articuno\n|-immune|p2a: Articuno\n|move|p2a: Articuno|Freezing Glare|p1a: Excadrill\n|-damage|p1a: Excadrill|0 fnt\n|faint|p1a: Excadrill\n|\n|upkeep\n|inactive|Time left: 300 sec this turn | 300 sec total | 5 sec grace\n|\n|t:|1783547436\n|switch|p1a: Dugtrio|Dugtrio-Alola, L84, F|196/196\n|turn|14\n|inactive|Time left: 300 sec this turn | 300 sec total\n|\n|t:|1783547437\n|move|p1a: Dugtrio|Stone Edge|p2a: Articuno\n|-supereffective|p2a: Articuno\n|-damage|p2a: Articuno|28/100\n|-damage|p1a: Dugtrio|177/196|[from] item: Life Orb\n|move|p2a: Articuno|Freezing Glare|p1a: Dugtrio\n|-resisted|p1a: Dugtrio\n|-damage|p1a: Dugtrio|40/196\n|\n|upkeep\n|turn|15\n|inactive|Time left: 300 sec this turn | 300 sec total\n|\n|t:|1783547438\n|-terastallize|p2a: Articuno|Steel\n|move|p1a: Dugtrio|Iron Head|p2a: Articuno\n|-resisted|p2a: Articuno\n|-damage|p2a: Articuno|8/100\n|-damage|p1a: Dugtrio|21/196|[from] item: Life Orb\n|move|p2a: Articuno|Freezing Glare|p1a: Dugtrio\n|-resisted|p1a: Dugtrio\n|-damage|p1a: Dugtrio|0 fnt\n|faint|p1a: Dugtrio\n|\n|upkeep\n|inactive|Time left: 300 sec this turn | 300 sec total | 5 sec grace\n|\n|t:|1783547439\n|switch|p1a: Inteleon|Inteleon, L81, M|246/246\n|turn|16\n|inactive|Time left: 300 sec this turn | 300 sec total\n|\n|t:|1783547440\n|switch|p2a: Volcanion|Volcanion, L79|30/100\n|move|p1a: Inteleon|Ice Beam|p2a: Volcanion\n|-resisted|p2a: Volcanion\n|-damage|p2a: Volcanion|19/100\n|\n|upkeep\n|turn|17\n|inactive|Time left: 300 sec this turn | 300 sec total\n|\n|t:|1783547441\n|switch|p2a: Ninetales|Ninetales-Alola, L78, M|100/100\n|-weather|Snowscape|[from] ability: Snow Warning|[of] p2a: Ninetales\n|move|p1a: Inteleon|Ice Beam|p2a: Ninetales\n|-resisted|p2a: Ninetales\n|-damage|p2a: Ninetales|77/100\n|\n|-weather|Snowscape|[upkeep]\n|upkeep\n|turn|18\n|inactive|Time left: 300 sec this turn | 300 sec total\n|\n|t:|1783547442\n|move|p1a: Inteleon|Ice Beam|p2a: Ninetales\n|-resisted|p2a: Ninetales\n|-damage|p2a: Ninetales|57/100\n|move|p2a: Ninetales|Aurora Veil|p2a: Ninetales\n|-sidestart|p2: p0y65592c9|move: Aurora Veil\n|\n|-weather|Snowscape|[upkeep]\n|upkeep\n|turn|19\n|inactive|Time left: 300 sec this turn | 300 sec total\n|\n|t:|1783547444\n|move|p1a: Inteleon|Ice Beam|p2a: Ninetales\n|-resisted|p2a: Ninetales\n|-damage|p2a: Ninetales|47/100\n|move|p2a: Ninetales|Freeze-Dry|p1a: Inteleon\n|-supereffective|p1a: Inteleon\n|-damage|p1a: Inteleon|108/246\n|\n|-weather|Snowscape|[upkeep]\n|upkeep\n|turn|20\n|inactive|Time left: 300 sec this turn | 300 sec total\n|\n|t:|1783547445\n|move|p1a: Inteleon|Ice Beam|p2a: Ninetales\n|-resisted|p2a: Ninetales\n|-damage|p2a: Ninetales|37/100\n|move|p2a: Ninetales|Freeze-Dry|p1a: Inteleon\n|-supereffective|p1a: Inteleon\n|-damage|p1a: Inteleon|0 fnt\n|faint|p1a: Inteleon\n|\n|-weather|Snowscape|[upkeep]\n|upkeep\n|inactive|Time left: 300 sec this turn | 300 sec total | 5 sec grace\n|\n|t:|1783547446\n|switch|p1a: Maushold|Maushold-Four, L76|238/238\n|turn|21\n|inactive|Time left: 300 sec this turn | 300 sec total\n|\n|t:|1783547447\n|switch|p2a: Dragalge|Dragalge, L88, F|100/100\n|move|p1a: Maushold|Tidy Up|p1a: Maushold\n|-boost|p1a: Maushold|atk|1\n|-boost|p1a: Maushold|spe|1\n|\n|-weather|none\n|upkeep\n|turn|22\n|inactive|Time left: 300 sec this turn | 300 sec total\n|\n|t:|1783547448\n|move|p1a: Maushold|Bite|p2a: Dragalge\n|-damage|p2a: Dragalge|89/100\n|move|p2a: Dragalge|Draco Meteor|p1a: Maushold\n|-damage|p1a: Maushold|0 fnt\n|-unboost|p2a: Dragalge|spa|2\n|faint|p1a: Maushold\n|\n|win|p0y65592c9", "uploadtime": 1783547448, "views": 0, "rating": 0, "private": 0, "password": null, "_winner": "p0y65592c9", "_our_name": "p0x6556341"}