{"id": "battle-gen9randombattle-220", "formatid": "gen9randombattle", "format": "[Gen 9] Random Battle", "players": ["p0x2208f75", "p0y2200322"], "log": "|init|battle\n|title|p0x2208f75 vs. p0y2200322\n|j|\u2606p0x2208f75\n|j|\u2606p0y2200322\n|t:|1783542124\n|gametype|singles\n|player|p1|p0x2208f75|170|\n|player|p2|p0y2200322|101|\n|gen|9\n|tier|[Gen 9] Random Battle\n|rule|Species Clause: Limit one of each Pok\u00e9mon\n|rule|HP Percentage Mod: HP is shown in percentages\n|rule|Sleep Clause Mod: Limit one foe put to sleep\n|rule|Illusion Level Mod: Illusion disguises the Pok\u00e9mon's true level\n|\n|t:|1783542124\n|teamsize|p1|6\n|teamsize|p2|6\n|start\n|switch|p1a: Cinderace|Cinderace, L77, F|249/249\n|switch|p2a: Salamence|Salamence, L77, M|100/100\n|-ability|p2a: Salamence|Intimidate|boost\n|-unboost|p1a: Cinderace|atk|1\n|turn|1\n|inactive|Battle timer is ON: inactive players will automatically lose when time's up. (requested by p0x2208f75)\n|\n|t:|1783542126\n|switch|p1a: Abomasnow|Abomasnow, L84, F|287/287\n|-weather|Snowscape|[from] ability: Snow Warning|[of] p1a: Abomasnow\n|move|p2a: Salamence|Outrage|p1a: Abomasnow\n|-damage|p1a: Abomasnow|179/287\n|\n|-weather|Snowscape|[upkeep]\n|upkeep\n|turn|2\n|inactive|Time left: 300 sec this turn | 300 sec total\n|inactive|p0y2200322 also wants the timer to be on.\n|\n|t:|1783542127\n|move|p2a: Salamence|Outrage|p1a: Abomasnow|[from] lockedmove\n|-damage|p1a: Abomasnow|67/287\n|move|p1a: Abomasnow|Aurora Veil|p1a: Abomasnow\n|-sidestart|p1: p0x2208f75|move: Aurora Veil\n|\n|-weather|Snowscape|[upkeep]\n|upkeep\n|turn|3\n|inactive|Time left: 300 sec this turn | 300 sec total\n|\n|t:|1783542128\n|move|p2a: Salamence|Outrage|p1a: Abomasnow|[from] lockedmove\n|-damage|p1a: Abomasnow|19/287\n|-start|p2a: Salamence|confusion|[fatigue]\n|move|p1a: Abomasnow|Blizzard|p2a: Salamence\n|-supereffective|p2a: Salamence\n|-damage|p2a: Salamence|0 fnt\n|faint|p2a: Salamence\n|\n|-weather|Snowscape|[upkeep]\n|upkeep\n|\n|t:|1783542129\n|switch|p2a: Overqwil|Overqwil, L82, F|100/100\n|-ability|p2a: Overqwil|Intimidate|boost\n|-unboost|p1a: Abomasnow|atk|1\n|turn|4\n|inactive|Time left: 300 sec this turn | 300 sec total\n|\n|t:|1783542131\n|move|p2a: Overqwil|Swords Dance|p2a: Overqwil\n|-boost|p2a: Overqwil|atk|2\n|move|p1a: Abomasnow|Wood Hammer|p2a: Overqwil\n|-resisted|p2a: Overqwil\n|-damage|p2a: Overqwil|85/100\n|-damage|p1a: Abomasnow|5/287|[from] Recoil\n|\n|-weather|Snowscape|[upkeep]\n|upkeep\n|turn|5\n|inactive|Time left: 300 sec this turn | 300 sec total\n|\n|t:|1783542132\n|move|p2a: Overqwil|Gunk Shot|p1a: Abomasnow\n|-supereffective|p1a: Abomasnow\n|-damage|p1a: Abomasnow|0 fnt\n|faint|p1a: Abomasnow\n|\n|-weather|none\n|upkeep\n|inactive|Time left: 300 sec this turn | 300 sec total | 5 sec grace\n|\n|t:|1783542133\n|switch|p1a: Chi-Yu|Chi-Yu, L77|211/211\n|-ability|p1a: Chi-Yu|Beads of Ruin\n|turn|6\n|inactive|Time left: 300 sec this turn | 300 sec total\n|\n|t:|1783542134\n|move|p1a: Chi-Yu|Overheat|p2a: Overqwil|[miss]\n|-miss|p1a: Chi-Yu|p2a: Overqwil\n|move|p2a: Overqwil|Scale Shot|p1a: Chi-Yu\n|-damage|p1a: Chi-Yu|189/211\n|-damage|p1a: Chi-Yu|165/211\n|-damage|p1a: Chi-Yu|143/211\n|-damage|p1a: Chi-Yu|122/211\n|-hitcount|p1a: Chi-Yu|4\n|-unboost|p2a: Overqwil|def|1\n|-boost|p2a: Overqwil|spe|1\n|\n|upkeep\n|turn|7\n|inactive|Time left: 300 sec this turn | 300 sec total\n|\n|t:|1783542135\n|move|p1a: Chi-Yu|Overheat|p2a: Overqwil\n|-damage|p2a: Overqwil|0 fnt\n|-unboost|p1a: Chi-Yu|spa|2\n|faint|p2a: Overqwil\n|\n|upkeep\n|\n|t:|1783542136\n|switch|p2a: Coalossal|Coalossal, L89, M|100/100\n|turn|8\n|inactive|Time left: 300 sec this turn | 300 sec total\n|\n|t:|1783542137\n|switch|p1a: Cinderace|Cinderace, L77, F|249/249\n|move|p2a: Coalossal|Stone Edge|p1a: Cinderace\n|-supereffective|p1a: Cinderace\n|-damage|p1a: Cinderace|117/249\n|\n|upkeep\n|turn|9\n|inactive|Time left: 300 sec this turn | 300 sec total\n|\n|t:|1783542139\n|move|p1a: Cinderace|High Jump Kick|p2a: Coalossal\n|-start|p1a: Cinderace|typechange|Fighting|[from] ability: Libero\n|-supereffective|p2a: Coalossal\n|-damage|p2a: Coalossal|17/100\n|-status|p1a: Cinderace|brn|[from] ability: Flame Body|[of] p2a: Coalossal\n|move|p2a: Coalossal|Rapid Spin|p1a: Cinderace\n|-damage|p1a: Cinderace|97/249 brn\n|-boost|p2a: Coalossal|spe|1\n|\n|-damage|p1a: Cinderace|82/249 brn|[from] brn\n|-sideend|p1: p0x2208f75|move: Aurora Veil\n|upkeep\n|turn|10\n|inactive|Time left: 300 sec this turn | 300 sec total\n|\n|t:|1783542140\n|switch|p2a: Tsareena|Tsareena, L87, F|100/100\n|move|p1a: Cinderace|High Jump Kick|p2a: Tsareena|[miss]\n|-miss|p1a: Cinderace|p2a: Tsareena\n|-damage|p1a: Cinderace|0 fnt|[from] highjumpkick\n|faint|p1a: Cinderace\n|\n|upkeep\n|inactive|Time left: 300 sec this turn | 300 sec total | 5 sec grace\n|\n|t:|1783542141\n|switch|p1a: Chi-Yu|Chi-Yu, L77|122/211\n|-ability|p1a: Chi-Yu|Beads of Ruin\n|turn|11\n|inactive|Time left: 300 sec this turn | 300 sec total\n|\n|t:|1783542142\n|-terastallize|p2a: Tsareena|Fighting\n|move|p1a: Chi-Yu|Flamethrower|p2a: Tsareena\n|-damage|p2a: Tsareena|53/100\n|move|p2a: Tsareena|High Jump Kick|p1a: Chi-Yu\n|-supereffective|p1a: Chi-Yu\n|-damage|p1a: Chi-Yu|0 fnt\n|faint|p1a: Chi-Yu\n|-damage|p2a: Tsareena|43/100|[from] item: Life Orb\n|\n|upkeep\n|inactive|Time left: 300 sec this turn | 300 sec total | 5 sec grace\n|\n|t:|1783542143\n|switch|p1a: Mimikyu|Mimikyu, L79, F|216/216\n|turn|12\n|inactive|Time left: 300 sec this turn | 300 sec total\n|\n|t:|1783542144\n|move|p1a: Mimikyu|Swords Dance|p1a: Mimikyu\n|-boost|p1a: Mimikyu|atk|2\n|move|p2a: Tsareena|Synthesis|p2a: Tsareena\n|-heal|p2a: Tsareena|93/100\n|\n|upkeep\n|turn|13\n|inactive|Time left: 300 sec this turn | 300 sec total\n|\n|t:|1783542145\n|switch|p2a: Coalossal|Coalossal, L89, M|17/100\n|move|p1a: Mimikyu|Play Rough|p2a: Coalossal\n|-resisted|p2a: Coalossal\n|-damage|p2a: Coalossal|0 fnt\n|-status|p1a: Mimikyu|brn|[from] ability: Flame Body|[of] p2a: Coalossal\n|faint|p2a: Coalossal\n|-damage|p1a: Mimikyu|195/216 brn|[from] item: Life Orb\n|\n|-damage|p1a: Mimikyu|182/216 brn|[from] brn\n|upkeep\n|\n|t:|1783542145\n|switch|p2a: Perrserker|Perrserker, L89, M|100/100\n|turn|14\n|inactive|Time left: 300 sec this turn | 300 sec total\n|\n|t:|1783542146\n|move|p1a: Mimikyu|Drain Punch|p2a: Perrserker\n|-supereffective|p2a: Perrserker\n|-damage|p2a: Perrserker|67/100\n|-heal|p1a: Mimikyu|216/216 brn|[from] drain|[of] p2a: Perrserker\n|-damage|p1a: Mimikyu|195/216 brn|[from] item: Life Orb\n|move|p2a: Perrserker|U-turn|p1a: Mimikyu\n|-activate|p1a: Mimikyu|ability: Disguise\n|-damage|p1a: Mimikyu|195/216 brn\n|detailschange|p1a: Mimikyu|Mimikyu-Busted, L79, F\n|-damage|p1a: Mimikyu|168/216 brn|[from] pokemon: Mimikyu-Busted\n|-damage|p2a: Perrserker|57/100|[from] item: Life Orb\n|\n|t:|1783542147\n|switch|p2a: Sawsbuck|Sawsbuck, L88, F|100/100|[from] U-turn\n|\n|-damage|p1a: Mimikyu|155/216 brn|[from] brn\n|upkeep\n|turn|15\n|inactive|Time left: 300 sec this turn | 300 sec total\n|\n|t:|1783542148\n|move|p2a: Sawsbuck|Swords Dance|p2a: Sawsbuck\n|-boost|p2a: Sawsbuck|atk|2\n|move|p1a: Mimikyu|Drain Punch|p2a: Sawsbuck\n|-supereffective|p2a: Sawsbuck\n|-damage|p2a: Sawsbuck|50/100\n|-heal|p1a: Mimikyu|216/216 brn|[from] drain|[of] p2a: Sawsbuck\n|-damage|p1a: Mimikyu|195/216 brn|[from] item: Life Orb\n|\n|-damage|p1a: Mimikyu|182/216 brn|[from] brn\n|upkeep\n|turn|16\n|inactive|Time left: 300 sec this turn | 300 sec total\n|\n|t:|1783542149\n|switch|p1a: Leafeon|Leafeon, L88, M|258/258\n|move|p2a: Sawsbuck|Horn Leech|p1a: Leafeon\n|-resisted|p1a: Leafeon\n|-damage|p1a: Leafeon|174/258\n|-heal|p2a: Sawsbuck|65/100|[from] drain|[of] p1a: Leafeon\n|-damage|p2a: Sawsbuck|55/100|[from] item: Life Orb\n|\n|upkeep\n|turn|17\n|inactive|Time left: 300 sec this turn | 300 sec total\n|\n|t:|1783542149\n|move|p1a: Leafeon|Double-Edge|p2a: Sawsbuck\n|-damage|p2a: Sawsbuck|0 fnt\n|faint|p2a: Sawsbuck\n|-damage|p1a: Leafeon|123/258|[from] Recoil\n|-damage|p1a: Leafeon|98/258|[from] item: Life Orb\n|\n|upkeep\n|\n|t:|1783542150\n|switch|p2a: Perrserker|Perrserker, L89, M|57/100\n|turn|18\n|inactive|Time left: 300 sec this turn | 300 sec total\n|\n|t:|1783542151\n|move|p1a: Leafeon|Synthesis|p1a: Leafeon\n|-heal|p1a: Leafeon|227/258\n|move|p2a: Perrserker|U-turn|p1a: Leafeon\n|-supereffective|p1a: Leafeon\n|-damage|p1a: Leafeon|81/258\n|-damage|p2a: Perrserker|47/100|[from] item: Life Orb\n|\n|t:|1783542152\n|switch|p2a: Tsareena|Tsareena, L87, F, tera:Fighting|93/100|[from] U-turn\n|\n|upkeep\n|turn|19\n|inactive|Time left: 300 sec this turn | 300 sec total\n|\n|t:|1783542153\n|move|p1a: Leafeon|Leaf Blade|p2a: Tsareena\n|-damage|p2a: Tsareena|39/100\n|-damage|p1a: Leafeon|56/258|[from] item: Life Orb\n|move|p2a: Tsareena|Knock Off|p1a: Leafeon\n|-damage|p1a: Leafeon|0 fnt\n|-enditem|p1a: Leafeon|Life Orb|[from] move: Knock Off|[of] p2a: Tsareena\n|faint|p1a: Leafeon\n|-damage|p2a: Tsareena|29/100|[from] item: Life Orb\n|\n|upkeep\n|inactive|Time left: 300 sec this turn | 300 sec total | 5 sec grace\n|\n|t:|1783542154\n|switch|p1a: Regieleki|Regieleki, L79|256/256\n|turn|20\n|inactive|Time left: 300 sec this turn | 300 sec total\n|\n|t:|1783542155\n|switch|p2a: Perrserker|Perrserker, L89, M|47/100\n|-terastallize|p1a: Regieleki|Electric\n|move|p1a: Regieleki|Thunderbolt|p2a: Perrserker\n|-damage|p2a: Perrserker|0 fnt\n|faint|p2a: Perrserker\n|\n|upkeep\n|\n|t:|1783542156\n|switch|p2a: Tsareena|Tsareena, L87, F, tera:Fighting|29/100\n|turn|21\n|inactive|Time left: 300 sec this turn | 300 sec total\n|\n|t:|1783542157\n|move|p1a: Regieleki|Volt Switch|p2a: Tsareena\n|-damage|p2a: Tsareena|0 fnt\n|faint|p2a: Tsareena\n|\n|win|p0x2208f75", "uploadtime": 1783542157, "views": 0, "rating": 0, "private": 0, "password": null, "_winner": "p0x2208f75", "_our_name": "p0x2208f75"}