{"id": "battle-gen9randombattle-1775", "formatid": "gen9randombattle", "format": "[Gen 9] Random Battle", "players": ["p0x177546cc", "p0y17759d81"], "log": "|init|battle\n|title|p0x177546cc vs. p0y17759d81\n|j|\u2606p0x177546cc\n|j|\u2606p0y17759d81\n|t:|1783559795\n|gametype|singles\n|player|p1|p0x177546cc|170|\n|player|p2|p0y17759d81|2|\n|gen|9\n|tier|[Gen 9] Random Battle\n|rule|Species Clause: Limit one of each Pok\u00e9mon\n|rule|HP Percentage Mod: HP is shown in percentages\n|rule|Sleep Clause Mod: Limit one foe put to sleep\n|rule|Illusion Level Mod: Illusion disguises the Pok\u00e9mon's true level\n|\n|t:|1783559795\n|teamsize|p1|6\n|teamsize|p2|6\n|start\n|switch|p1a: Leavanny|Leavanny, L86, M|269/269\n|switch|p2a: Froslass|Froslass, L87, F|100/100\n|turn|1\n|inactive|Battle timer is ON: inactive players will automatically lose when time's up. (requested by p0y17759d81)\n|inactive|Time left: 300 sec this turn | 300 sec total | 60 sec grace\n|inactive|p0x177546cc also wants the timer to be on.\n|\n|t:|1783559797\n|move|p2a: Froslass|Triple Axel|p1a: Leavanny\n|-supereffective|p1a: Leavanny\n|-damage|p1a: Leavanny|225/269\n|-supereffective|p1a: Leavanny\n|-damage|p1a: Leavanny|147/269\n|-supereffective|p1a: Leavanny\n|-damage|p1a: Leavanny|27/269\n|-hitcount|p1a: Leavanny|3\n|move|p1a: Leavanny|Sticky Web|p2a: Froslass\n|-sidestart|p2: p0y17759d81|move: Sticky Web\n|\n|upkeep\n|turn|2\n|inactive|Time left: 300 sec this turn | 300 sec total\n|\n|t:|1783559798\n|move|p2a: Froslass|Triple Axel|p1a: Leavanny\n|-supereffective|p1a: Leavanny\n|-damage|p1a: Leavanny|0 fnt\n|faint|p1a: Leavanny\n|-hitcount|p1: Leavanny|1\n|\n|upkeep\n|inactive|Time left: 300 sec this turn | 300 sec total | 5 sec grace\n|\n|t:|1783559799\n|switch|p1a: Flutter Mane|Flutter Mane, L74|203/203\n|turn|3\n|inactive|Time left: 300 sec this turn | 300 sec total\n|\n|t:|1783559800\n|move|p1a: Flutter Mane|Shadow Ball|p2a: Froslass\n|-supereffective|p2a: Froslass\n|-damage|p2a: Froslass|0 fnt\n|faint|p2a: Froslass\n|\n|upkeep\n|\n|t:|1783559801\n|switch|p2a: Hitmonchan|Hitmonchan, L87, M|100/100\n|-activate|p2a: Hitmonchan|move: Sticky Web\n|-unboost|p2a: Hitmonchan|spe|1\n|turn|4\n|inactive|Time left: 300 sec this turn | 300 sec total\n|\n|t:|1783559802\n|move|p1a: Flutter Mane|Shadow Ball|p2a: Hitmonchan\n|-damage|p2a: Hitmonchan|56/100\n|move|p2a: Hitmonchan|Knock Off|p1a: Flutter Mane\n|-damage|p1a: Flutter Mane|41/203\n|-enditem|p1a: Flutter Mane|Choice Specs|[from] move: Knock Off|[of] p2a: Hitmonchan\n|-damage|p2a: Hitmonchan|46/100|[from] item: Life Orb\n|\n|upkeep\n|turn|5\n|inactive|Time left: 300 sec this turn | 300 sec total\n|\n|t:|1783559803\n|switch|p2a: Lugia|Lugia, L73|100/100\n|move|p1a: Flutter Mane|Moonblast|p2a: Lugia\n|-damage|p2a: Lugia|87/100\n|-unboost|p2a: Lugia|spa|1\n|\n|upkeep\n|turn|6\n|inactive|Time left: 300 sec this turn | 300 sec total\n|\n|t:|1783559804\n|move|p1a: Flutter Mane|Shadow Ball|p2a: Lugia\n|-supereffective|p2a: Lugia\n|-damage|p2a: Lugia|39/100\n|move|p2a: Lugia|Calm Mind|p2a: Lugia\n|-boost|p2a: Lugia|spa|1\n|-boost|p2a: Lugia|spd|1\n|\n|upkeep\n|turn|7\n|inactive|Time left: 300 sec this turn | 300 sec total\n|\n|t:|1783559805\n|move|p1a: Flutter Mane|Mystical Fire|p2a: Lugia\n|-damage|p2a: Lugia|28/100\n|-unboost|p2a: Lugia|spa|1\n|move|p2a: Lugia|Recover|p2a: Lugia\n|-heal|p2a: Lugia|78/100\n|\n|upkeep\n|turn|8\n|inactive|Time left: 300 sec this turn | 300 sec total\n|\n|t:|1783559806\n|move|p1a: Flutter Mane|Mystical Fire|p2a: Lugia\n|-damage|p2a: Lugia|68/100\n|-unboost|p2a: Lugia|spa|1\n|move|p2a: Lugia|Calm Mind|p2a: Lugia\n|-boost|p2a: Lugia|spa|1\n|-boost|p2a: Lugia|spd|1\n|\n|upkeep\n|turn|9\n|inactive|Time left: 300 sec this turn | 300 sec total\n|\n|t:|1783559808\n|move|p1a: Flutter Mane|Mystical Fire|p2a: Lugia\n|-damage|p2a: Lugia|60/100\n|-unboost|p2a: Lugia|spa|1\n|move|p2a: Lugia|Calm Mind|p2a: Lugia\n|-boost|p2a: Lugia|spa|1\n|-boost|p2a: Lugia|spd|1\n|\n|upkeep\n|turn|10\n|inactive|Time left: 300 sec this turn | 300 sec total\n|\n|t:|1783559809\n|move|p1a: Flutter Mane|Mystical Fire|p2a: Lugia\n|-damage|p2a: Lugia|54/100\n|-unboost|p2a: Lugia|spa|1\n|move|p2a: Lugia|Recover|p2a: Lugia\n|-heal|p2a: Lugia|100/100\n|\n|upkeep\n|turn|11\n|inactive|Time left: 300 sec this turn | 300 sec total\n|\n|t:|1783559810\n|move|p1a: Flutter Mane|Mystical Fire|p2a: Lugia\n|-damage|p2a: Lugia|98/100\n|-unboost|p2a: Lugia|spa|1\n|move|p2a: Lugia|Calm Mind|p2a: Lugia\n|-boost|p2a: Lugia|spa|1\n|-boost|p2a: Lugia|spd|1\n|\n|upkeep\n|turn|12\n|inactive|Time left: 300 sec this turn | 300 sec total\n|\n|t:|1783559811\n|-end|p1a: Flutter Mane|Protosynthesis|[silent]\n|switch|p1a: Komala|Komala, L87, M|255/255\n|-ability|p1a: Komala|Comatose\n|move|p2a: Lugia|Aeroblast|p1a: Komala\n|-damage|p1a: Komala|228/255\n|\n|upkeep\n|turn|13\n|inactive|Time left: 300 sec this turn | 300 sec total\n|\n|t:|1783559812\n|switch|p2a: Pelipper|Pelipper, L86, F|100/100\n|-weather|RainDance|[from] ability: Drizzle|[of] p2a: Pelipper\n|move|p1a: Komala|Knock Off|p2a: Pelipper\n|-damage|p2a: Pelipper|71/100\n|-enditem|p2a: Pelipper|Heavy-Duty Boots|[from] move: Knock Off|[of] p1a: Komala\n|\n|-weather|RainDance|[upkeep]\n|upkeep\n|turn|14\n|inactive|Time left: 300 sec this turn | 300 sec total\n|\n|t:|1783559813\n|move|p1a: Komala|Body Slam|p2a: Pelipper\n|-damage|p2a: Pelipper|33/100\n|move|p2a: Pelipper|Hurricane|p1a: Komala\n|-damage|p1a: Komala|156/255\n|\n|-weather|RainDance|[upkeep]\n|upkeep\n|turn|15\n|inactive|Time left: 300 sec this turn | 300 sec total\n|\n|t:|1783559814\n|move|p1a: Komala|Body Slam|p2a: Pelipper\n|-damage|p2a: Pelipper|0 fnt\n|faint|p2a: Pelipper\n|\n|-weather|RainDance|[upkeep]\n|upkeep\n|\n|t:|1783559815\n|switch|p2a: Blastoise|Blastoise, L80, M|100/100\n|-activate|p2a: Blastoise|move: Sticky Web\n|-unboost|p2a: Blastoise|spe|1\n|-enditem|p2a: Blastoise|White Herb\n|-clearnegativeboost|p2a: Blastoise|[silent]\n|turn|16\n|inactive|Time left: 300 sec this turn | 300 sec total\n|\n|t:|1783559816\n|move|p2a: Blastoise|Shell Smash|p2a: Blastoise\n|-unboost|p2a: Blastoise|def|1\n|-unboost|p2a: Blastoise|spd|1\n|-boost|p2a: Blastoise|atk|2\n|-boost|p2a: Blastoise|spa|2\n|-boost|p2a: Blastoise|spe|2\n|move|p1a: Komala|Body Slam|p2a: Blastoise\n|-damage|p2a: Blastoise|41/100\n|\n|-weather|RainDance|[upkeep]\n|upkeep\n|turn|17\n|inactive|Time left: 300 sec this turn | 300 sec total\n|\n|t:|1783559817\n|move|p2a: Blastoise|Hydro Pump|p1a: Komala\n|-damage|p1a: Komala|0 fnt\n|faint|p1a: Komala\n|\n|-weather|none\n|upkeep\n|inactive|Time left: 300 sec this turn | 300 sec total | 5 sec grace\n|\n|t:|1783559818\n|switch|p1a: Iron Boulder|Iron Boulder, L77|265/265\n|-enditem|p1a: Iron Boulder|Booster Energy\n|-activate|p1a: Iron Boulder|ability: Quark Drive|[fromitem]\n|-start|p1a: Iron Boulder|quarkdrivespe\n|turn|18\n|inactive|Time left: 300 sec this turn | 300 sec total\n|\n|t:|1783559819\n|move|p1a: Iron Boulder|Close Combat|p2a: Blastoise\n|-damage|p2a: Blastoise|0 fnt\n|-unboost|p1a: Iron Boulder|def|1\n|-unboost|p1a: Iron Boulder|spd|1\n|faint|p2a: Blastoise\n|\n|upkeep\n|\n|t:|1783559820\n|switch|p2a: Lugia|Lugia, L73|98/100\n|turn|19\n|inactive|Time left: 300 sec this turn | 300 sec total\n|\n|t:|1783559821\n|move|p1a: Iron Boulder|Swords Dance|p1a: Iron Boulder\n|-boost|p1a: Iron Boulder|atk|2\n|move|p2a: Lugia|Earth Power|p1a: Iron Boulder\n|-supereffective|p1a: Iron Boulder\n|-damage|p1a: Iron Boulder|123/265\n|\n|upkeep\n|turn|20\n|inactive|Time left: 300 sec this turn | 300 sec total\n|\n|t:|1783559822\n|-terastallize|p2a: Lugia|Steel\n|move|p1a: Iron Boulder|Mighty Cleave|p2a: Lugia\n|-resisted|p2a: Lugia\n|-damage|p2a: Lugia|68/100\n|move|p2a: Lugia|Earth Power|p1a: Iron Boulder\n|-supereffective|p1a: Iron Boulder\n|-damage|p1a: Iron Boulder|0 fnt\n|faint|p1a: Iron Boulder\n|-end|p1a: Iron Boulder|Quark Drive|[silent]\n|\n|upkeep\n|inactive|Time left: 300 sec this turn | 300 sec total | 5 sec grace\n|\n|t:|1783559823\n|switch|p1a: Oricorio|Oricorio, L84, F|263/263\n|turn|21\n|inactive|Time left: 300 sec this turn | 300 sec total\n|\n|t:|1783559824\n|move|p1a: Oricorio|Quiver Dance|p1a: Oricorio\n|-boost|p1a: Oricorio|spa|1\n|-boost|p1a: Oricorio|spd|1\n|-boost|p1a: Oricorio|spe|1\n|move|p2a: Lugia|Recover|p2a: Lugia\n|-heal|p2a: Lugia|100/100\n|\n|upkeep\n|turn|22\n|inactive|Time left: 300 sec this turn | 300 sec total\n|\n|t:|1783559825\n|move|p1a: Oricorio|Quiver Dance|p1a: Oricorio\n|-boost|p1a: Oricorio|spa|1\n|-boost|p1a: Oricorio|spd|1\n|-boost|p1a: Oricorio|spe|1\n|move|p2a: Lugia|Calm Mind|p2a: Lugia\n|-boost|p2a: Lugia|spa|1\n|-boost|p2a: Lugia|spd|1\n|\n|upkeep\n|turn|23\n|inactive|Time left: 300 sec this turn | 300 sec total\n|\n|t:|1783559826\n|move|p1a: Oricorio|Revelation Dance|p2a: Lugia\n|-supereffective|p2a: Lugia\n|-damage|p2a: Lugia|67/100\n|move|p2a: Lugia|Calm Mind|p2a: Lugia\n|-boost|p2a: Lugia|spa|1\n|-boost|p2a: Lugia|spd|1\n|\n|upkeep\n|turn|24\n|inactive|Time left: 300 sec this turn | 300 sec total\n|\n|t:|1783559827\n|move|p1a: Oricorio|Revelation Dance|p2a: Lugia\n|-supereffective|p2a: Lugia\n|-damage|p2a: Lugia|18/100\n|move|p2a: Lugia|Recover|p2a: Lugia\n|-heal|p2a: Lugia|68/100\n|\n|upkeep\n|turn|25\n|inactive|Time left: 300 sec this turn | 300 sec total\n|\n|t:|1783559828\n|move|p1a: Oricorio|Revelation Dance|p2a: Lugia\n|-supereffective|p2a: Lugia\n|-damage|p2a: Lugia|18/100\n|move|p2a: Lugia|Recover|p2a: Lugia\n|-heal|p2a: Lugia|68/100\n|\n|upkeep\n|turn|26\n|inactive|Time left: 300 sec this turn | 300 sec total\n|\n|t:|1783559829\n|move|p1a: Oricorio|Revelation Dance|p2a: Lugia\n|-supereffective|p2a: Lugia\n|-damage|p2a: Lugia|16/100\n|move|p2a: Lugia|Recover|p2a: Lugia\n|-heal|p2a: Lugia|66/100\n|\n|upkeep\n|turn|27\n|inactive|Time left: 300 sec this turn | 300 sec total\n|\n|t:|1783559830\n|move|p1a: Oricorio|Revelation Dance|p2a: Lugia\n|-supereffective|p2a: Lugia\n|-damage|p2a: Lugia|9/100\n|move|p2a: Lugia|Recover|p2a: Lugia\n|-heal|p2a: Lugia|59/100\n|\n|upkeep\n|turn|28\n|inactive|Time left: 300 sec this turn | 300 sec total\n|\n|t:|1783559831\n|move|p1a: Oricorio|Revelation Dance|p2a: Lugia\n|-supereffective|p2a: Lugia\n|-damage|p2a: Lugia|3/100\n|move|p2a: Lugia|Recover|p2a: Lugia\n|-heal|p2a: Lugia|53/100\n|\n|upkeep\n|turn|29\n|inactive|Time left: 300 sec this turn | 300 sec total\n|\n|t:|1783559833\n|move|p1a: Oricorio|Revelation Dance|p2a: Lugia\n|-supereffective|p2a: Lugia\n|-damage|p2a: Lugia|0 fnt\n|faint|p2a: Lugia\n|\n|upkeep\n|\n|t:|1783559833\n|switch|p2a: Annihilape|Annihilape, L76, M|100/100\n|-activate|p2a: Annihilape|move: Sticky Web\n|-unboost|p2a: Annihilape|spe|1\n|-ability|p2a: Annihilape|Defiant|boost\n|-boost|p2a: Annihilape|atk|2\n|turn|30\n|inactive|Time left: 300 sec this turn | 300 sec total\n|\n|t:|1783559834\n|switch|p2a: Hitmonchan|Hitmonchan, L87, M|46/100\n|-activate|p2a: Hitmonchan|move: Sticky Web\n|-unboost|p2a: Hitmonchan|spe|1\n|move|p1a: Oricorio|Hurricane|p2a: Hitmonchan|[miss]\n|-miss|p1a: Oricorio|p2a: Hitmonchan\n|\n|upkeep\n|turn|31\n|inactive|Time left: 300 sec this turn | 300 sec total\n|\n|t:|1783559835\n|move|p2a: Hitmonchan|Mach Punch|p1a: Oricorio\n|-resisted|p1a: Oricorio\n|-damage|p1a: Oricorio|223/263\n|-damage|p2a: Hitmonchan|37/100|[from] item: Life Orb\n|move|p1a: Oricorio|Revelation Dance|p2a: Hitmonchan\n|-damage|p2a: Hitmonchan|0 fnt\n|faint|p2a: Hitmonchan\n|\n|upkeep\n|\n|t:|1783559836\n|switch|p2a: Annihilape|Annihilape, L76, M|100/100\n|-activate|p2a: Annihilape|move: Sticky Web\n|-unboost|p2a: Annihilape|spe|1\n|-ability|p2a: Annihilape|Defiant|boost\n|-boost|p2a: Annihilape|atk|2\n|turn|32\n|inactive|Time left: 300 sec this turn | 300 sec total\n|\n|t:|1783559837\n|-terastallize|p1a: Oricorio|Ground\n|move|p1a: Oricorio|Revelation Dance|p2a: Annihilape\n|-damage|p2a: Annihilape|29/100\n|move|p2a: Annihilape|Rage Fist|p1a: Oricorio\n|-damage|p1a: Oricorio|0 fnt\n|faint|p1a: Oricorio\n|\n|-heal|p2a: Annihilape|35/100|[from] item: Leftovers\n|upkeep\n|inactive|Time left: 300 sec this turn | 300 sec total | 5 sec grace\n|\n|t:|1783559838\n|switch|p1a: Flutter Mane|Flutter Mane, L74|41/203\n|turn|33\n|inactive|Time left: 300 sec this turn | 300 sec total\n|\n|t:|1783559839\n|move|p1a: Flutter Mane|Moonblast|p2a: Annihilape\n|-supereffective|p2a: Annihilape\n|-damage|p2a: Annihilape|0 fnt\n|faint|p2a: Annihilape\n|\n|win|p0x177546cc", "uploadtime": 1783559839, "views": 0, "rating": 0, "private": 0, "password": null, "_winner": "p0x177546cc", "_our_name": "p0x177546cc"}