{"id": "battle-gen9randombattle-2380", "formatid": "gen9randombattle", "format": "[Gen 9] Random Battle", "players": ["p0x238086e2", "p0y23807a9d"], "log": "|init|battle\n|title|p0x238086e2 vs. p0y23807a9d\n|j|\u2606p0x238086e2\n|j|\u2606p0y23807a9d\n|t:|1783566612\n|gametype|singles\n|player|p1|p0x238086e2|265|\n|player|p2|p0y23807a9d|1|\n|gen|9\n|tier|[Gen 9] Random Battle\n|rule|Species Clause: Limit one of each Pok\u00e9mon\n|rule|HP Percentage Mod: HP is shown in percentages\n|rule|Sleep Clause Mod: Limit one foe put to sleep\n|rule|Illusion Level Mod: Illusion disguises the Pok\u00e9mon's true level\n|\n|t:|1783566612\n|teamsize|p1|6\n|teamsize|p2|6\n|start\n|switch|p1a: Minun|Minun, L95, M|268/268\n|switch|p2a: Rhyperior|Rhyperior, L82, F|100/100\n|turn|1\n|inactive|Battle timer is ON: inactive players will automatically lose when time's up. (requested by p0x238086e2)\n|inactive|p0y23807a9d also wants the timer to be on.\n|\n|t:|1783566614\n|move|p1a: Minun|Grass Knot|p2a: Rhyperior\n|-supereffective|p2a: Rhyperior\n|-damage|p2a: Rhyperior|0 fnt\n|faint|p2a: Rhyperior\n|-damage|p1a: Minun|242/268|[from] item: Life Orb\n|\n|upkeep\n|\n|t:|1783566615\n|switch|p2a: Regidrago|Regidrago, L77|100/100\n|turn|2\n|inactive|Time left: 300 sec this turn | 300 sec total\n|\n|t:|1783566616\n|-terastallize|p1a: Minun|Fairy\n|move|p1a: Minun|Alluring Voice|p2a: Regidrago\n|-supereffective|p2a: Regidrago\n|-damage|p2a: Regidrago|7/100\n|-damage|p1a: Minun|216/268|[from] item: Life Orb\n|move|p2a: Regidrago|Outrage|p1a: Minun\n|-immune|p1a: Minun\n|\n|upkeep\n|turn|3\n|inactive|Time left: 300 sec this turn | 300 sec total\n|\n|t:|1783566617\n|move|p1a: Minun|Nasty Plot|p1a: Minun\n|-boost|p1a: Minun|spa|2\n|move|p2a: Regidrago|Dragon Dance|p2a: Regidrago\n|-boost|p2a: Regidrago|atk|1\n|-boost|p2a: Regidrago|spe|1\n|\n|upkeep\n|turn|4\n|inactive|Time left: 300 sec this turn | 300 sec total\n|\n|t:|1783566617\n|move|p2a: Regidrago|Earthquake|p1a: Minun\n|-damage|p1a: Minun|86/268\n|move|p1a: Minun|Nasty Plot|p1a: Minun\n|-boost|p1a: Minun|spa|2\n|\n|upkeep\n|turn|5\n|inactive|Time left: 300 sec this turn | 300 sec total\n|\n|t:|1783566618\n|switch|p1a: Honchkrow|Honchkrow, L86, F|312/312\n|move|p2a: Regidrago|Earthquake|p1a: Honchkrow\n|-immune|p1a: Honchkrow\n|\n|upkeep\n|turn|6\n|inactive|Time left: 300 sec this turn | 300 sec total\n|\n|t:|1783566619\n|move|p1a: Honchkrow|Sucker Punch|p2a: Regidrago\n|-damage|p2a: Regidrago|0 fnt\n|faint|p2a: Regidrago\n|-ability|p1a: Honchkrow|Moxie|boost\n|-boost|p1a: Honchkrow|atk|1\n|\n|upkeep\n|\n|t:|1783566619\n|switch|p2a: Dondozo|Dondozo, L78, M|100/100\n|turn|7\n|inactive|Time left: 300 sec this turn | 300 sec total\n|\n|t:|1783566620\n|move|p1a: Honchkrow|Lash Out|p2a: Dondozo\n|-damage|p2a: Dondozo|75/100\n|move|p2a: Dondozo|Wave Crash|p1a: Honchkrow\n|-damage|p1a: Honchkrow|149/312\n|-damage|p2a: Dondozo|60/100|[from] Recoil\n|\n|-heal|p2a: Dondozo|66/100|[from] item: Leftovers\n|upkeep\n|turn|8\n|inactive|Time left: 300 sec this turn | 300 sec total\n|\n|t:|1783566621\n|move|p1a: Honchkrow|Brave Bird|p2a: Dondozo\n|-crit|p2a: Dondozo\n|-damage|p2a: Dondozo|4/100\n|-damage|p1a: Honchkrow|75/312|[from] Recoil\n|move|p2a: Dondozo|Wave Crash|p1a: Honchkrow\n|-damage|p1a: Honchkrow|0 fnt\n|faint|p1a: Honchkrow\n|-damage|p2a: Dondozo|0 fnt|[from] Recoil\n|faint|p2a: Dondozo\n|\n|upkeep\n|inactive|Time left: 300 sec this turn | 300 sec total | 5 sec grace\n|\n|t:|1783566622\n|switch|p1a: Trevenant|Trevenant, L89, F|296/296\n|switch|p2a: Pecharunt|Pecharunt, L77|100/100\n|turn|9\n|inactive|Time left: 300 sec this turn | 300 sec total\n|\n|t:|1783566622\n|move|p2a: Pecharunt|Malignant Chain|p1a: Trevenant\n|-damage|p1a: Trevenant|214/296\n|move|p1a: Trevenant|Poltergeist|p2a: Pecharunt\n|-activate|p2a: Pecharunt|move: Poltergeist|Leftovers\n|-supereffective|p2a: Pecharunt\n|-damage|p2a: Pecharunt|0 fnt\n|faint|p2a: Pecharunt\n|\n|upkeep\n|\n|t:|1783566623\n|switch|p2a: Cobalion|Cobalion, L80|100/100\n|turn|10\n|inactive|Time left: 300 sec this turn | 300 sec total\n|\n|t:|1783566624\n|move|p2a: Cobalion|Calm Mind|p2a: Cobalion\n|-boost|p2a: Cobalion|spa|1\n|-boost|p2a: Cobalion|spd|1\n|move|p1a: Trevenant|Poltergeist|p2a: Cobalion\n|-activate|p2a: Cobalion|move: Poltergeist|Leftovers\n|-damage|p2a: Cobalion|37/100\n|\n|-heal|p2a: Cobalion|43/100|[from] item: Leftovers\n|upkeep\n|turn|11\n|inactive|Time left: 300 sec this turn | 300 sec total\n|\n|t:|1783566625\n|move|p2a: Cobalion|Flash Cannon|p1a: Trevenant\n|-crit|p1a: Trevenant\n|-damage|p1a: Trevenant|60/296\n|move|p1a: Trevenant|Poltergeist|p2a: Cobalion\n|-activate|p2a: Cobalion|move: Poltergeist|Leftovers\n|-damage|p2a: Cobalion|0 fnt\n|faint|p2a: Cobalion\n|\n|upkeep\n|\n|t:|1783566626\n|switch|p2a: Latios|Latios, L78, M|100/100\n|turn|12\n|inactive|Time left: 300 sec this turn | 300 sec total\n|\n|t:|1783566627\n|switch|p1a: Lunala|Lunala, L70|308/308\n|move|p2a: Latios|Psyshock|p1a: Lunala\n|-resisted|p1a: Lunala\n|-crit|p1a: Lunala\n|-damage|p1a: Lunala|259/308\n|\n|-heal|p1a: Lunala|278/308|[from] item: Leftovers\n|upkeep\n|turn|13\n|inactive|Time left: 300 sec this turn | 300 sec total\n|\n|t:|1783566628\n|move|p2a: Latios|Calm Mind|p2a: Latios\n|-boost|p2a: Latios|spa|1\n|-boost|p2a: Latios|spd|1\n|move|p1a: Lunala|Calm Mind|p1a: Lunala\n|-boost|p1a: Lunala|spa|1\n|-boost|p1a: Lunala|spd|1\n|\n|-heal|p1a: Lunala|297/308|[from] item: Leftovers\n|upkeep\n|turn|14\n|inactive|Time left: 300 sec this turn | 300 sec total\n|\n|t:|1783566628\n|move|p2a: Latios|Calm Mind|p2a: Latios\n|-boost|p2a: Latios|spa|1\n|-boost|p2a: Latios|spd|1\n|move|p1a: Lunala|Moongeist Beam|p2a: Latios\n|-supereffective|p2a: Latios\n|-damage|p2a: Latios|45/100\n|\n|-heal|p1a: Lunala|308/308|[from] item: Leftovers\n|upkeep\n|turn|15\n|inactive|Time left: 300 sec this turn | 300 sec total\n|\n|t:|1783566629\n|-terastallize|p2a: Latios|Steel\n|move|p2a: Latios|Recover|p2a: Latios\n|-heal|p2a: Latios|95/100\n|move|p1a: Lunala|Moongeist Beam|p2a: Latios\n|-damage|p2a: Latios|67/100\n|\n|upkeep\n|turn|16\n|inactive|Time left: 300 sec this turn | 300 sec total\n|\n|t:|1783566630\n|move|p2a: Latios|Calm Mind|p2a: Latios\n|-boost|p2a: Latios|spa|1\n|-boost|p2a: Latios|spd|1\n|move|p1a: Lunala|Calm Mind|p1a: Lunala\n|-boost|p1a: Lunala|spa|1\n|-boost|p1a: Lunala|spd|1\n|\n|upkeep\n|turn|17\n|inactive|Time left: 300 sec this turn | 300 sec total\n|\n|t:|1783566631\n|move|p2a: Latios|Calm Mind|p2a: Latios\n|-boost|p2a: Latios|spa|1\n|-boost|p2a: Latios|spd|1\n|move|p1a: Lunala|Focus Blast|p2a: Latios|[miss]\n|-miss|p1a: Lunala|p2a: Latios\n|\n|upkeep\n|turn|18\n|inactive|Time left: 300 sec this turn | 300 sec total\n|\n|t:|1783566632\n|move|p2a: Latios|Psyshock|p1a: Lunala\n|-resisted|p1a: Lunala\n|-damage|p1a: Lunala|212/308\n|move|p1a: Lunala|Moonlight|p1a: Lunala\n|-heal|p1a: Lunala|308/308\n|\n|upkeep\n|turn|19\n|inactive|Time left: 300 sec this turn | 300 sec total\n|\n|t:|1783566633\n|move|p2a: Latios|Psyshock|p1a: Lunala\n|-resisted|p1a: Lunala\n|-damage|p1a: Lunala|206/308\n|move|p1a: Lunala|Moonlight|p1a: Lunala\n|-heal|p1a: Lunala|308/308\n|\n|upkeep\n|turn|20\n|inactive|Time left: 300 sec this turn | 300 sec total\n|\n|t:|1783566634\n|move|p2a: Latios|Psyshock|p1a: Lunala\n|-resisted|p1a: Lunala\n|-damage|p1a: Lunala|218/308\n|move|p1a: Lunala|Focus Blast|p2a: Latios\n|-supereffective|p2a: Latios\n|-damage|p2a: Latios|28/100\n|\n|-heal|p1a: Lunala|237/308|[from] item: Leftovers\n|upkeep\n|turn|21\n|inactive|Time left: 300 sec this turn | 300 sec total\n|\n|t:|1783566635\n|move|p2a: Latios|Recover|p2a: Latios\n|-heal|p2a: Latios|78/100\n|move|p1a: Lunala|Focus Blast|p2a: Latios\n|-supereffective|p2a: Latios\n|-damage|p2a: Latios|42/100\n|\n|-heal|p1a: Lunala|256/308|[from] item: Leftovers\n|upkeep\n|turn|22\n|inactive|Time left: 300 sec this turn | 300 sec total\n|\n|t:|1783566636\n|move|p2a: Latios|Draco Meteor|p1a: Lunala|[miss]\n|-miss|p2a: Latios|p1a: Lunala\n|move|p1a: Lunala|Moongeist Beam|p2a: Latios\n|-damage|p2a: Latios|19/100\n|\n|-heal|p1a: Lunala|275/308|[from] item: Leftovers\n|upkeep\n|turn|23\n|inactive|Time left: 300 sec this turn | 300 sec total\n|\n|t:|1783566637\n|move|p2a: Latios|Recover|p2a: Latios\n|-heal|p2a: Latios|70/100\n|move|p1a: Lunala|Focus Blast|p2a: Latios\n|-supereffective|p2a: Latios\n|-damage|p2a: Latios|32/100\n|\n|-heal|p1a: Lunala|294/308|[from] item: Leftovers\n|upkeep\n|turn|24\n|inactive|Time left: 300 sec this turn | 300 sec total\n|\n|t:|1783566638\n|move|p2a: Latios|Recover|p2a: Latios\n|-heal|p2a: Latios|82/100\n|move|p1a: Lunala|Focus Blast|p2a: Latios|[miss]\n|-miss|p1a: Lunala|p2a: Latios\n|\n|-heal|p1a: Lunala|308/308|[from] item: Leftovers\n|upkeep\n|turn|25\n|inactive|Time left: 300 sec this turn | 300 sec total\n|\n|t:|1783566639\n|move|p2a: Latios|Psyshock|p1a: Lunala\n|-resisted|p1a: Lunala\n|-damage|p1a: Lunala|202/308\n|move|p1a: Lunala|Moonlight|p1a: Lunala\n|-heal|p1a: Lunala|308/308\n|\n|upkeep\n|turn|26\n|inactive|Time left: 300 sec this turn | 300 sec total\n|\n|t:|1783566640\n|move|p2a: Latios|Psyshock|p1a: Lunala\n|-resisted|p1a: Lunala\n|-damage|p1a: Lunala|204/308\n|move|p1a: Lunala|Moonlight|p1a: Lunala\n|-heal|p1a: Lunala|308/308\n|\n|upkeep\n|turn|27\n|inactive|Time left: 300 sec this turn | 300 sec total\n|\n|t:|1783566641\n|move|p2a: Latios|Psyshock|p1a: Lunala\n|-resisted|p1a: Lunala\n|-damage|p1a: Lunala|209/308\n|move|p1a: Lunala|Moonlight|p1a: Lunala\n|-heal|p1a: Lunala|308/308\n|\n|upkeep\n|turn|28\n|inactive|Time left: 300 sec this turn | 300 sec total\n|\n|t:|1783566642\n|move|p2a: Latios|Psyshock|p1a: Lunala\n|-resisted|p1a: Lunala\n|-damage|p1a: Lunala|215/308\n|move|p1a: Lunala|Moonlight|p1a: Lunala\n|-heal|p1a: Lunala|308/308\n|\n|upkeep\n|turn|29\n|inactive|Time left: 300 sec this turn | 300 sec total\n|\n|t:|1783566643\n|move|p2a: Latios|Psyshock|p1a: Lunala\n|-resisted|p1a: Lunala\n|-damage|p1a: Lunala|217/308\n|move|p1a: Lunala|Moonlight|p1a: Lunala\n|-heal|p1a: Lunala|308/308\n|\n|upkeep\n|turn|30\n|inactive|Time left: 300 sec this turn | 300 sec total\n|\n|t:|1783566644\n|move|p2a: Latios|Psyshock|p1a: Lunala\n|-resisted|p1a: Lunala\n|-damage|p1a: Lunala|218/308\n|move|p1a: Lunala|Focus Blast|p2a: Latios\n|-supereffective|p2a: Latios\n|-damage|p2a: Latios|41/100\n|\n|-heal|p1a: Lunala|237/308|[from] item: Leftovers\n|upkeep\n|turn|31\n|inactive|Time left: 300 sec this turn | 300 sec total\n|\n|t:|1783566645\n|move|p2a: Latios|Recover|p2a: Latios\n|-heal|p2a: Latios|91/100\n|move|p1a: Lunala|Moonlight|p1a: Lunala\n|-heal|p1a: Lunala|308/308\n|\n|upkeep\n|turn|32\n|inactive|Time left: 300 sec this turn | 300 sec total\n|\n|t:|1783566646\n|move|p2a: Latios|Psyshock|p1a: Lunala\n|-resisted|p1a: Lunala\n|-damage|p1a: Lunala|215/308\n|move|p1a: Lunala|Focus Blast|p2a: Latios\n|-supereffective|p2a: Latios\n|-damage|p2a: Latios|54/100\n|\n|-heal|p1a: Lunala|234/308|[from] item: Leftovers\n|upkeep\n|turn|33\n|inactive|Time left: 300 sec this turn | 300 sec total\n|\n|t:|1783566647\n|move|p2a: Latios|Recover|p2a: Latios\n|-heal|p2a: Latios|100/100\n|move|p1a: Lunala|Focus Blast|p2a: Latios\n|-supereffective|p2a: Latios\n|-damage|p2a: Latios|63/100\n|\n|-heal|p1a: Lunala|253/308|[from] item: Leftovers\n|upkeep\n|turn|34\n|inactive|Time left: 300 sec this turn | 300 sec total\n|\n|t:|1783566648\n|move|p2a: Latios|Psyshock|p1a: Lunala\n|-resisted|p1a: Lunala\n|-damage|p1a: Lunala|49/308\n|move|p1a: Lunala|Moongeist Beam|p2a: Latios\n|-damage|p2a: Latios|39/100\n|\n|-heal|p1a: Lunala|68/308|[from] item: Leftovers\n|upkeep\n|turn|35\n|inactive|Time left: 300 sec this turn | 300 sec total\n|\n|t:|1783566649\n|move|p2a: Latios|Recover|p2a: Latios\n|-heal|p2a: Latios|89/100\n|move|p1a: Lunala|Moongeist Beam|p2a: Latios\n|-damage|p2a: Latios|67/100\n|\n|-heal|p1a: Lunala|87/308|[from] item: Leftovers\n|upkeep\n|turn|36\n|inactive|Time left: 300 sec this turn | 300 sec total\n|\n|t:|1783566650\n|move|p2a: Latios|Psyshock|p1a: Lunala\n|-resisted|p1a: Lunala\n|-damage|p1a: Lunala|0 fnt\n|faint|p1a: Lunala\n|\n|upkeep\n|inactive|Time left: 300 sec this turn | 300 sec total | 5 sec grace\n|\n|t:|1783566651\n|switch|p1a: Minun|Minun, L95, M, tera:Fairy|86/268\n|turn|37\n|inactive|Time left: 300 sec this turn | 300 sec total\n|\n|t:|1783566652\n|move|p1a: Minun|Thunderbolt|p2a: Latios\n|-damage|p2a: Latios|52/100\n|-status|p2a: Latios|par\n|-damage|p1a: Minun|60/268|[from] item: Life Orb\n|cant|p2a: Latios|par\n|\n|upkeep\n|turn|38\n|inactive|Time left: 300 sec this turn | 300 sec total\n|\n|t:|1783566653\n|switch|p1a: Trevenant|Trevenant, L89, F|60/296\n|move|p2a: Latios|Recover|p2a: Latios\n|-heal|p2a: Latios|100/100 par\n|\n|upkeep\n|turn|39\n|inactive|Time left: 300 sec this turn | 300 sec total\n|\n|t:|1783566654\n|move|p1a: Trevenant|Drain Punch|p2a: Latios\n|-supereffective|p2a: Latios\n|-damage|p2a: Latios|18/100 par\n|-heal|p1a: Trevenant|164/296|[from] drain|[of] p2a: Latios\n|cant|p2a: Latios|par\n|\n|upkeep\n|turn|40\n|inactive|Time left: 300 sec this turn | 300 sec total\n|\n|t:|1783566655\n|move|p1a: Trevenant|Drain Punch|p2a: Latios\n|-supereffective|p2a: Latios\n|-damage|p2a: Latios|0 fnt\n|-heal|p1a: Trevenant|187/296|[from] drain|[of] p2a: Latios\n|faint|p2a: Latios\n|\n|win|p0x238086e2", "uploadtime": 1783566655, "views": 0, "rating": 0, "private": 0, "password": null, "_winner": "p0x238086e2", "_our_name": "p0x238086e2"}