{"id": "battle-gen9randombattle-2608", "formatid": "gen9randombattle", "format": "[Gen 9] Random Battle", "players": ["p0x26086e76", "p0y2608d0d2"], "log": "|init|battle\n|title|p0x26086e76 vs. p0y2608d0d2\n|j|\u2606p0x26086e76\n|j|\u2606p0y2608d0d2\n|t:|1783570109\n|gametype|singles\n|player|p1|p0x26086e76|169|\n|player|p2|p0y2608d0d2|265|\n|gen|9\n|tier|[Gen 9] Random Battle\n|rule|Species Clause: Limit one of each Pok\u00e9mon\n|rule|HP Percentage Mod: HP is shown in percentages\n|rule|Sleep Clause Mod: Limit one foe put to sleep\n|rule|Illusion Level Mod: Illusion disguises the Pok\u00e9mon's true level\n|\n|t:|1783570109\n|teamsize|p1|6\n|teamsize|p2|6\n|start\n|switch|p1a: Farigiraf|Farigiraf, L90, M|362/362\n|switch|p2a: Archaludon|Archaludon, L78, F|100/100\n|turn|1\n|inactive|Battle timer is ON: inactive players will automatically lose when time's up. (requested by p0y2608d0d2)\n|inactive|Time left: 300 sec this turn | 300 sec total | 60 sec grace\n|\n|t:|1783570111\n|move|p2a: Archaludon|Stealth Rock|p1a: Farigiraf\n|-sidestart|p1: p0x26086e76|move: Stealth Rock\n|move|p1a: Farigiraf|Wish|p1a: Farigiraf\n|\n|upkeep\n|turn|2\n|inactive|Time left: 300 sec this turn | 300 sec total\n|inactive|p0x26086e76 also wants the timer to be on.\n|\n|t:|1783570112\n|switch|p2a: Politoed|Politoed, L88, F|100/100\n|-weather|RainDance|[from] ability: Drizzle|[of] p2a: Politoed\n|switch|p1a: Magmortar|Magmortar, L88, F|275/275\n|-damage|p1a: Magmortar|207/275|[from] Stealth Rock\n|\n|-weather|RainDance|[upkeep]\n|-heal|p1a: Magmortar|275/275|[from] move: Wish|[wisher] Farigiraf\n|upkeep\n|turn|3\n|inactive|Time left: 300 sec this turn | 300 sec total\n|\n|t:|1783570113\n|-terastallize|p1a: Magmortar|Electric\n|move|p1a: Magmortar|Thunderbolt|p2a: Politoed\n|-supereffective|p2a: Politoed\n|-damage|p2a: Politoed|0 fnt\n|faint|p2a: Politoed\n|\n|-weather|RainDance|[upkeep]\n|upkeep\n|\n|t:|1783570114\n|switch|p2a: Appletun|Appletun, L92, M|100/100\n|turn|4\n|inactive|Time left: 300 sec this turn | 300 sec total\n|\n|t:|1783570116\n|move|p1a: Magmortar|Thunderbolt|p2a: Appletun\n|-resisted|p2a: Appletun\n|-damage|p2a: Appletun|86/100\n|move|p2a: Appletun|Dragon Pulse|p1a: Magmortar\n|-damage|p1a: Magmortar|184/275\n|\n|-weather|RainDance|[upkeep]\n|-heal|p2a: Appletun|93/100|[from] item: Leftovers\n|upkeep\n|turn|5\n|inactive|Time left: 300 sec this turn | 300 sec total\n|\n|t:|1783570117\n|switch|p1a: Scream Tail|Scream Tail, L84|330/330\n|-damage|p1a: Scream Tail|289/330|[from] Stealth Rock\n|move|p2a: Appletun|Dragon Tail|p1a: Scream Tail\n|-immune|p1a: Scream Tail\n|\n|-weather|RainDance|[upkeep]\n|-heal|p1a: Scream Tail|309/330|[from] item: Leftovers\n|-heal|p2a: Appletun|99/100|[from] item: Leftovers\n|upkeep\n|turn|6\n|inactive|Time left: 300 sec this turn | 300 sec total\n|\n|t:|1783570118\n|move|p1a: Scream Tail|Thunder Wave|p2a: Appletun\n|-status|p2a: Appletun|par\n|move|p2a: Appletun|Apple Acid|p1a: Scream Tail\n|-damage|p1a: Scream Tail|233/330\n|-unboost|p1a: Scream Tail|spd|1\n|\n|-weather|none\n|-heal|p1a: Scream Tail|253/330|[from] item: Leftovers\n|-heal|p2a: Appletun|100/100 par|[from] item: Leftovers\n|upkeep\n|turn|7\n|inactive|Time left: 300 sec this turn | 300 sec total\n|\n|t:|1783570119\n|move|p1a: Scream Tail|Play Rough|p2a: Appletun\n|-supereffective|p2a: Appletun\n|-damage|p2a: Appletun|62/100 par\n|move|p2a: Appletun|Apple Acid|p1a: Scream Tail\n|-damage|p1a: Scream Tail|136/330\n|-unboost|p1a: Scream Tail|spd|1\n|\n|-heal|p1a: Scream Tail|156/330|[from] item: Leftovers\n|-heal|p2a: Appletun|69/100 par|[from] item: Leftovers\n|upkeep\n|turn|8\n|inactive|Time left: 300 sec this turn | 300 sec total\n|\n|t:|1783570120\n|move|p1a: Scream Tail|Wish|p1a: Scream Tail\n|cant|p2a: Appletun|par\n|\n|-heal|p1a: Scream Tail|176/330|[from] item: Leftovers\n|-heal|p2a: Appletun|75/100 par|[from] item: Leftovers\n|upkeep\n|turn|9\n|inactive|Time left: 300 sec this turn | 300 sec total\n|\n|t:|1783570121\n|move|p1a: Scream Tail|Play Rough|p2a: Appletun\n|-supereffective|p2a: Appletun\n|-damage|p2a: Appletun|37/100 par\n|move|p2a: Appletun|Apple Acid|p1a: Scream Tail\n|-damage|p1a: Scream Tail|8/330\n|-unboost|p1a: Scream Tail|spd|1\n|\n|-heal|p1a: Scream Tail|173/330|[from] move: Wish|[wisher] Scream Tail\n|-heal|p1a: Scream Tail|193/330|[from] item: Leftovers\n|-heal|p2a: Appletun|44/100 par|[from] item: Leftovers\n|upkeep\n|turn|10\n|inactive|Time left: 300 sec this turn | 300 sec total\n|\n|t:|1783570123\n|move|p1a: Scream Tail|Play Rough|p2a: Appletun\n|-supereffective|p2a: Appletun\n|-damage|p2a: Appletun|6/100 par\n|move|p2a: Appletun|Recover|p2a: Appletun\n|-heal|p2a: Appletun|56/100 par\n|\n|-heal|p1a: Scream Tail|213/330|[from] item: Leftovers\n|-heal|p2a: Appletun|62/100 par|[from] item: Leftovers\n|upkeep\n|turn|11\n|inactive|Time left: 300 sec this turn | 300 sec total\n|\n|t:|1783570124\n|move|p1a: Scream Tail|Play Rough|p2a: Appletun\n|-supereffective|p2a: Appletun\n|-damage|p2a: Appletun|24/100 par\n|move|p2a: Appletun|Apple Acid|p1a: Scream Tail\n|-damage|p1a: Scream Tail|0 fnt\n|faint|p1a: Scream Tail\n|-end|p1a: Scream Tail|Protosynthesis|[silent]\n|\n|-heal|p2a: Appletun|30/100 par|[from] item: Leftovers\n|upkeep\n|inactive|Time left: 300 sec this turn | 300 sec total | 5 sec grace\n|\n|t:|1783570125\n|switch|p1a: Sneasler|Sneasler, L74, M|240/240\n|-damage|p1a: Sneasler|225/240|[from] Stealth Rock\n|turn|12\n|inactive|Time left: 300 sec this turn | 300 sec total\n|\n|t:|1783570125\n|move|p1a: Sneasler|Close Combat|p2a: Appletun\n|-damage|p2a: Appletun|0 fnt\n|-unboost|p1a: Sneasler|def|1\n|-unboost|p1a: Sneasler|spd|1\n|faint|p2a: Appletun\n|\n|upkeep\n|\n|t:|1783570126\n|switch|p2a: Rabsca|Rabsca, L91, F|100/100\n|turn|13\n|inactive|Time left: 300 sec this turn | 300 sec total\n|\n|t:|1783570127\n|switch|p1a: Magmortar|Magmortar, L88, F, tera:Electric|184/275\n|-damage|p1a: Magmortar|150/275|[from] Stealth Rock\n|move|p2a: Rabsca|Earth Power|p1a: Magmortar\n|-supereffective|p1a: Magmortar\n|-damage|p1a: Magmortar|0 fnt\n|faint|p1a: Magmortar\n|\n|upkeep\n|inactive|Time left: 300 sec this turn | 300 sec total | 5 sec grace\n|\n|t:|1783570128\n|switch|p1a: Farigiraf|Farigiraf, L90, M|362/362\n|-damage|p1a: Farigiraf|317/362|[from] Stealth Rock\n|turn|14\n|inactive|Time left: 300 sec this turn | 300 sec total\n|\n|t:|1783570129\n|move|p1a: Farigiraf|Protect|p1a: Farigiraf\n|-singleturn|p1a: Farigiraf|Protect\n|move|p2a: Rabsca|Bug Buzz|p1a: Farigiraf\n|-activate|p1a: Farigiraf|move: Protect\n|\n|-heal|p1a: Farigiraf|339/362|[from] item: Leftovers\n|upkeep\n|turn|15\n|inactive|Time left: 300 sec this turn | 300 sec total\n|\n|t:|1783570130\n|move|p1a: Farigiraf|Body Slam|p2a: Rabsca\n|-damage|p2a: Rabsca|68/100\n|move|p2a: Rabsca|Bug Buzz|p1a: Farigiraf\n|-supereffective|p1a: Farigiraf\n|-damage|p1a: Farigiraf|43/362\n|\n|-heal|p1a: Farigiraf|65/362|[from] item: Leftovers\n|upkeep\n|turn|16\n|inactive|Time left: 300 sec this turn | 300 sec total\n|\n|t:|1783570131\n|move|p1a: Farigiraf|Body Slam|p2a: Rabsca\n|-damage|p2a: Rabsca|37/100\n|move|p2a: Rabsca|Psychic|p1a: Farigiraf\n|-resisted|p1a: Farigiraf\n|-damage|p1a: Farigiraf|0 fnt\n|faint|p1a: Farigiraf\n|\n|upkeep\n|inactive|Time left: 300 sec this turn | 300 sec total | 5 sec grace\n|\n|t:|1783570132\n|switch|p1a: Raichu|Raichu, L88, M|249/249\n|-damage|p1a: Raichu|218/249|[from] Stealth Rock\n|turn|17\n|inactive|Time left: 300 sec this turn | 300 sec total\n|\n|t:|1783570133\n|switch|p2a: Archaludon|Archaludon, L78, F|100/100\n|move|p1a: Raichu|Thunderbolt|p2a: Archaludon\n|-resisted|p2a: Archaludon\n|-damage|p2a: Archaludon|67/100\n|-ability|p2a: Archaludon|Stamina|boost\n|-boost|p2a: Archaludon|def|1\n|-damage|p1a: Raichu|194/249|[from] item: Life Orb\n|\n|-heal|p2a: Archaludon|73/100|[from] item: Leftovers\n|upkeep\n|turn|18\n|inactive|Time left: 300 sec this turn | 300 sec total\n|\n|t:|1783570134\n|move|p1a: Raichu|Focus Blast|p2a: Archaludon\n|-supereffective|p2a: Archaludon\n|-damage|p2a: Archaludon|0 fnt\n|faint|p2a: Archaludon\n|-damage|p1a: Raichu|170/249|[from] item: Life Orb\n|\n|upkeep\n|\n|t:|1783570136\n|switch|p2a: Klawf|Klawf, L90, M|100/100\n|turn|19\n|inactive|Time left: 300 sec this turn | 300 sec total\n|\n|t:|1783570137\n|move|p2a: Klawf|High Horsepower|p1a: Raichu\n|-supereffective|p1a: Raichu\n|-damage|p1a: Raichu|0 fnt\n|faint|p1a: Raichu\n|\n|upkeep\n|inactive|Time left: 300 sec this turn | 300 sec total | 5 sec grace\n|\n|t:|1783570138\n|switch|p1a: Electrode|Electrode-Hisui, L87|246/246\n|-damage|p1a: Electrode|216/246|[from] Stealth Rock\n|turn|20\n|inactive|Time left: 300 sec this turn | 300 sec total\n|\n|t:|1783570139\n|switch|p2a: Houndstone|Houndstone, L86, F|100/100\n|move|p1a: Electrode|Giga Drain|p2a: Houndstone\n|-damage|p2a: Houndstone|79/100\n|-heal|p1a: Electrode|244/246|[from] drain|[of] p2a: Houndstone\n|-damage|p1a: Electrode|220/246|[from] item: Life Orb\n|\n|upkeep\n|turn|21\n|inactive|Time left: 300 sec this turn | 300 sec total\n|\n|t:|1783570140\n|move|p1a: Electrode|Giga Drain|p2a: Houndstone\n|-damage|p2a: Houndstone|57/100\n|-heal|p1a: Electrode|246/246|[from] drain|[of] p2a: Houndstone\n|-damage|p1a: Electrode|222/246|[from] item: Life Orb\n|move|p2a: Houndstone|Poltergeist|p1a: Electrode\n|-activate|p1a: Electrode|move: Poltergeist|Life Orb\n|-damage|p1a: Electrode|81/246\n|\n|upkeep\n|turn|22\n|inactive|Time left: 300 sec this turn | 300 sec total\n|\n|t:|1783570141\n|move|p1a: Electrode|Thunderbolt|p2a: Houndstone\n|-damage|p2a: Houndstone|31/100\n|-damage|p1a: Electrode|57/246|[from] item: Life Orb\n|move|p2a: Houndstone|Poltergeist|p1a: Electrode\n|-activate|p1a: Electrode|move: Poltergeist|Life Orb\n|-damage|p1a: Electrode|0 fnt\n|faint|p1a: Electrode\n|\n|upkeep\n|inactive|Time left: 300 sec this turn | 300 sec total | 5 sec grace\n|\n|t:|1783570142\n|switch|p1a: Sneasler|Sneasler, L74, M|225/240\n|-damage|p1a: Sneasler|210/240|[from] Stealth Rock\n|turn|23\n|inactive|Time left: 300 sec this turn | 300 sec total\n|\n|t:|1783570142\n|move|p1a: Sneasler|Dire Claw|p2a: Houndstone\n|-resisted|p2a: Houndstone\n|-damage|p2a: Houndstone|21/100\n|-status|p2a: Houndstone|par\n|move|p2a: Houndstone|Poltergeist|p1a: Sneasler\n|-activate|p1a: Sneasler|move: Poltergeist|Choice Band\n|-crit|p1a: Sneasler\n|-damage|p1a: Sneasler|0 fnt\n|faint|p1a: Sneasler\n|\n|win|p0y2608d0d2", "uploadtime": 1783570142, "views": 0, "rating": 0, "private": 0, "password": null, "_winner": "p0y2608d0d2", "_our_name": "p0x26086e76"}