{"id": "battle-gen9randombattle-1531", "formatid": "gen9randombattle", "format": "[Gen 9] Random Battle", "players": ["p0x1531674e", "p0y153102d9"], "log": "|init|battle\n|title|p0x1531674e vs. p0y153102d9\n|j|\u2606p0x1531674e\n|j|\u2606p0y153102d9\n|t:|1783556895\n|gametype|singles\n|player|p1|p0x1531674e|101|\n|player|p2|p0y153102d9|101|\n|gen|9\n|tier|[Gen 9] Random Battle\n|rule|Species Clause: Limit one of each Pok\u00e9mon\n|rule|HP Percentage Mod: HP is shown in percentages\n|rule|Sleep Clause Mod: Limit one foe put to sleep\n|rule|Illusion Level Mod: Illusion disguises the Pok\u00e9mon's true level\n|\n|t:|1783556895\n|teamsize|p1|6\n|teamsize|p2|6\n|start\n|switch|p1a: Koraidon|Koraidon, L64|100/100\n|switch|p2a: Swalot|Swalot, L90, F|326/326\n|-weather|SunnyDay|[from] ability: Orichalcum Pulse|[of] p1a: Koraidon\n|-activate|p1a: Koraidon|Orichalcum Pulse|[source]\n|turn|1\n|inactive|Battle timer is ON: inactive players will automatically lose when time's up. (requested by p0x1531674e)\n|inactive|Time left: 300 sec this turn | 300 sec total | 60 sec grace\n|inactive|p0y153102d9 also wants the timer to be on.\n|\n|t:|1783556897\n|move|p1a: Koraidon|Swords Dance|p1a: Koraidon\n|-boost|p1a: Koraidon|atk|2\n|move|p2a: Swalot|Sludge Bomb|p1a: Koraidon\n|-damage|p1a: Koraidon|56/100\n|\n|-weather|SunnyDay|[upkeep]\n|upkeep\n|turn|2\n|inactive|Time left: 300 sec this turn | 300 sec total\n|\n|t:|1783556899\n|-terastallize|p1a: Koraidon|Fire\n|move|p1a: Koraidon|Flare Blitz|p2a: Swalot\n|-damage|p2a: Swalot|0 fnt\n|faint|p2a: Swalot\n|-damage|p1a: Koraidon|10/100|[from] Recoil\n|\n|-weather|SunnyDay|[upkeep]\n|upkeep\n|inactive|Time left: 300 sec this turn | 300 sec total | 5 sec grace\n|\n|t:|1783556900\n|switch|p2a: Azumarill|Azumarill, L82, M|298/298\n|turn|3\n|inactive|Time left: 300 sec this turn | 300 sec total\n|\n|t:|1783556901\n|move|p2a: Azumarill|Aqua Jet|p1a: Koraidon\n|-supereffective|p1a: Koraidon\n|-damage|p1a: Koraidon|0 fnt\n|faint|p1a: Koraidon\n|\n|-weather|SunnyDay|[upkeep]\n|upkeep\n|\n|t:|1783556902\n|switch|p1a: Vikavolt|Vikavolt, L83, M|100/100\n|turn|4\n|inactive|Time left: 300 sec this turn | 300 sec total\n|\n|t:|1783556903\n|switch|p2a: Rhyperior|Rhyperior, L82, F|323/323\n|move|p1a: Vikavolt|Sticky Web|p2a: Rhyperior\n|-sidestart|p2: p0y153102d9|move: Sticky Web\n|\n|-weather|SunnyDay|[upkeep]\n|upkeep\n|turn|5\n|inactive|Time left: 300 sec this turn | 300 sec total\n|\n|t:|1783556904\n|move|p1a: Vikavolt|Bug Buzz|p2a: Rhyperior\n|-damage|p2a: Rhyperior|133/323\n|move|p2a: Rhyperior|Stone Edge|p1a: Vikavolt\n|-supereffective|p1a: Vikavolt\n|-damage|p1a: Vikavolt|5/100\n|\n|-weather|none\n|upkeep\n|turn|6\n|inactive|Time left: 300 sec this turn | 300 sec total\n|\n|t:|1783556905\n|switch|p2a: Noctowl|Noctowl, L95, M|344/344\n|move|p1a: Vikavolt|Bug Buzz|p2a: Noctowl\n|-resisted|p2a: Noctowl\n|-damage|p2a: Noctowl|288/344\n|\n|upkeep\n|turn|7\n|inactive|Time left: 300 sec this turn | 300 sec total\n|\n|t:|1783556906\n|move|p2a: Noctowl|Hyper Voice|p1a: Vikavolt\n|-damage|p1a: Vikavolt|0 fnt\n|faint|p1a: Vikavolt\n|\n|upkeep\n|\n|t:|1783556907\n|switch|p1a: Gardevoir|Gardevoir, L83, M|100/100\n|-ability|p1a: Gardevoir|Tinted Lens|Trace|[from] ability: Trace|[of] p2a: Noctowl\n|turn|8\n|inactive|Time left: 300 sec this turn | 300 sec total\n|\n|t:|1783556908\n|move|p1a: Gardevoir|Mystical Fire|p2a: Noctowl\n|-damage|p2a: Noctowl|232/344\n|-unboost|p2a: Noctowl|spa|1\n|move|p2a: Noctowl|Calm Mind|p2a: Noctowl\n|-boost|p2a: Noctowl|spa|1\n|-boost|p2a: Noctowl|spd|1\n|\n|upkeep\n|turn|9\n|inactive|Time left: 300 sec this turn | 300 sec total\n|\n|t:|1783556910\n|move|p1a: Gardevoir|Mystical Fire|p2a: Noctowl\n|-damage|p2a: Noctowl|197/344\n|-unboost|p2a: Noctowl|spa|1\n|move|p2a: Noctowl|Hurricane|p1a: Gardevoir\n|-damage|p1a: Gardevoir|68/100\n|-start|p1a: Gardevoir|confusion\n|\n|upkeep\n|turn|10\n|inactive|Time left: 300 sec this turn | 300 sec total\n|\n|t:|1783556911\n|-activate|p1a: Gardevoir|confusion\n|move|p1a: Gardevoir|Mystical Fire|p2a: Noctowl\n|-damage|p2a: Noctowl|162/344\n|-unboost|p2a: Noctowl|spa|1\n|move|p2a: Noctowl|Roost|p2a: Noctowl\n|-heal|p2a: Noctowl|334/344\n|-singleturn|p2a: Noctowl|move: Roost\n|\n|upkeep\n|turn|11\n|inactive|Time left: 300 sec this turn | 300 sec total\n|\n|t:|1783556912\n|switch|p1a: Farigiraf|Farigiraf, L90, F|100/100\n|move|p2a: Noctowl|Hurricane|p1a: Farigiraf|[miss]\n|-miss|p2a: Noctowl|p1a: Farigiraf\n|\n|upkeep\n|turn|12\n|inactive|Time left: 300 sec this turn | 300 sec total\n|\n|t:|1783556913\n|move|p2a: Noctowl|Calm Mind|p2a: Noctowl\n|-boost|p2a: Noctowl|spa|1\n|-boost|p2a: Noctowl|spd|1\n|move|p1a: Farigiraf|Body Slam|p2a: Noctowl\n|-damage|p2a: Noctowl|213/344\n|\n|upkeep\n|turn|13\n|inactive|Time left: 300 sec this turn | 300 sec total\n|\n|t:|1783556914\n|move|p2a: Noctowl|Calm Mind|p2a: Noctowl\n|-boost|p2a: Noctowl|spa|1\n|-boost|p2a: Noctowl|spd|1\n|move|p1a: Farigiraf|Body Slam|p2a: Noctowl\n|-damage|p2a: Noctowl|89/344\n|\n|upkeep\n|turn|14\n|inactive|Time left: 300 sec this turn | 300 sec total\n|\n|t:|1783556915\n|move|p2a: Noctowl|Roost|p2a: Noctowl\n|-heal|p2a: Noctowl|261/344\n|-singleturn|p2a: Noctowl|move: Roost\n|move|p1a: Farigiraf|Body Slam|p2a: Noctowl\n|-damage|p2a: Noctowl|140/344\n|\n|upkeep\n|turn|15\n|inactive|Time left: 300 sec this turn | 300 sec total\n|\n|t:|1783556916\n|move|p2a: Noctowl|Roost|p2a: Noctowl\n|-heal|p2a: Noctowl|312/344\n|-singleturn|p2a: Noctowl|move: Roost\n|move|p1a: Farigiraf|Body Slam|p2a: Noctowl\n|-damage|p2a: Noctowl|171/344\n|-status|p2a: Noctowl|par\n|\n|upkeep\n|turn|16\n|inactive|Time left: 300 sec this turn | 300 sec total\n|\n|t:|1783556917\n|move|p1a: Farigiraf|Body Slam|p2a: Noctowl\n|-damage|p2a: Noctowl|30/344 par\n|move|p2a: Noctowl|Roost|p2a: Noctowl\n|-heal|p2a: Noctowl|202/344 par\n|-singleturn|p2a: Noctowl|move: Roost\n|\n|upkeep\n|turn|17\n|inactive|Time left: 300 sec this turn | 300 sec total\n|\n|t:|1783556918\n|move|p1a: Farigiraf|Body Slam|p2a: Noctowl\n|-damage|p2a: Noctowl|73/344 par\n|move|p2a: Noctowl|Hurricane|p1a: Farigiraf\n|-damage|p1a: Farigiraf|56/100\n|\n|-heal|p1a: Farigiraf|62/100|[from] item: Leftovers\n|upkeep\n|turn|18\n|inactive|Time left: 300 sec this turn | 300 sec total\n|\n|t:|1783556919\n|move|p1a: Farigiraf|Body Slam|p2a: Noctowl\n|-damage|p2a: Noctowl|0 fnt\n|faint|p2a: Noctowl\n|\n|-heal|p1a: Farigiraf|68/100|[from] item: Leftovers\n|upkeep\n|inactive|Time left: 300 sec this turn | 300 sec total | 5 sec grace\n|\n|t:|1783556920\n|switch|p2a: Iron Crown|Iron Crown, L78|268/268\n|-activate|p2a: Iron Crown|move: Sticky Web\n|-unboost|p2a: Iron Crown|spe|1\n|turn|19\n|inactive|Time left: 300 sec this turn | 300 sec total\n|\n|t:|1783556921\n|move|p1a: Farigiraf|Body Slam|p2a: Iron Crown\n|-resisted|p2a: Iron Crown\n|-damage|p2a: Iron Crown|217/268\n|move|p2a: Iron Crown|Calm Mind|p2a: Iron Crown\n|-boost|p2a: Iron Crown|spa|1\n|-boost|p2a: Iron Crown|spd|1\n|\n|-heal|p1a: Farigiraf|75/100|[from] item: Leftovers\n|-heal|p2a: Iron Crown|233/268|[from] item: Leftovers\n|upkeep\n|turn|20\n|inactive|Time left: 300 sec this turn | 300 sec total\n|\n|t:|1783556922\n|move|p1a: Farigiraf|Wish|p1a: Farigiraf\n|move|p2a: Iron Crown|Tachyon Cutter|p1a: Farigiraf\n|-damage|p1a: Farigiraf|51/100\n|-damage|p1a: Farigiraf|25/100\n|-hitcount|p1a: Farigiraf|2\n|\n|-heal|p1a: Farigiraf|31/100|[from] item: Leftovers\n|-heal|p2a: Iron Crown|249/268|[from] item: Leftovers\n|upkeep\n|turn|21\n|inactive|Time left: 300 sec this turn | 300 sec total\n|\n|t:|1783556923\n|move|p1a: Farigiraf|Protect|p1a: Farigiraf\n|-singleturn|p1a: Farigiraf|Protect\n|move|p2a: Iron Crown|Calm Mind|p2a: Iron Crown\n|-boost|p2a: Iron Crown|spa|1\n|-boost|p2a: Iron Crown|spd|1\n|\n|-heal|p1a: Farigiraf|81/100|[from] move: Wish|[wisher] Farigiraf\n|-heal|p1a: Farigiraf|87/100|[from] item: Leftovers\n|-heal|p2a: Iron Crown|265/268|[from] item: Leftovers\n|upkeep\n|turn|22\n|inactive|Time left: 300 sec this turn | 300 sec total\n|\n|t:|1783556924\n|-terastallize|p2a: Iron Crown|Steel\n|move|p1a: Farigiraf|Body Slam|p2a: Iron Crown\n|-resisted|p2a: Iron Crown\n|-damage|p2a: Iron Crown|214/268\n|move|p2a: Iron Crown|Tachyon Cutter|p1a: Farigiraf\n|-damage|p1a: Farigiraf|46/100\n|-damage|p1a: Farigiraf|2/100\n|-hitcount|p1a: Farigiraf|2\n|\n|-heal|p1a: Farigiraf|8/100|[from] item: Leftovers\n|-heal|p2a: Iron Crown|230/268|[from] item: Leftovers\n|upkeep\n|turn|23\n|inactive|Time left: 300 sec this turn | 300 sec total\n|\n|t:|1783556925\n|move|p1a: Farigiraf|Body Slam|p2a: Iron Crown\n|-resisted|p2a: Iron Crown\n|-damage|p2a: Iron Crown|185/268\n|move|p2a: Iron Crown|Tachyon Cutter|p1a: Farigiraf\n|-damage|p1a: Farigiraf|0 fnt\n|faint|p1a: Farigiraf\n|-hitcount|p1: Farigiraf|1\n|\n|-heal|p2a: Iron Crown|201/268|[from] item: Leftovers\n|upkeep\n|\n|t:|1783556925\n|switch|p1a: Braviary|Braviary, L85, M|100/100\n|turn|24\n|inactive|Time left: 300 sec this turn | 300 sec total\n|\n|t:|1783556926\n|move|p1a: Braviary|Close Combat|p2a: Iron Crown\n|-supereffective|p2a: Iron Crown\n|-damage|p2a: Iron Crown|0 fnt\n|-unboost|p1a: Braviary|def|1\n|-unboost|p1a: Braviary|spd|1\n|faint|p2a: Iron Crown\n|-end|p2a: Iron Crown|Quark Drive|[silent]\n|\n|upkeep\n|inactive|Time left: 300 sec this turn | 300 sec total | 5 sec grace\n|\n|t:|1783556927\n|switch|p2a: Azumarill|Azumarill, L82, M|298/298\n|-activate|p2a: Azumarill|move: Sticky Web\n|-unboost|p2a: Azumarill|spe|1\n|turn|25\n|inactive|Time left: 300 sec this turn | 300 sec total\n|\n|t:|1783556928\n|move|p1a: Braviary|Bulk Up|p1a: Braviary\n|-boost|p1a: Braviary|atk|1\n|-boost|p1a: Braviary|def|1\n|move|p2a: Azumarill|Liquidation|p1a: Braviary\n|-crit|p1a: Braviary\n|-damage|p1a: Braviary|21/100\n|\n|upkeep\n|turn|26\n|inactive|Time left: 300 sec this turn | 300 sec total\n|\n|t:|1783556929\n|move|p1a: Braviary|Brave Bird|p2a: Azumarill\n|-damage|p2a: Azumarill|33/298\n|-damage|p1a: Braviary|0 fnt|[from] Recoil\n|faint|p1a: Braviary\n|move|p2a: Azumarill|Liquidation|p1: Braviary|[notarget]\n|-fail|p2a: Azumarill\n|\n|upkeep\n|\n|t:|1783556930\n|switch|p1a: Gardevoir|Gardevoir, L83, M|68/100\n|-ability|p1a: Gardevoir|Huge Power|Trace|[from] ability: Trace|[of] p2a: Azumarill\n|turn|27\n|inactive|Time left: 300 sec this turn | 300 sec total\n|\n|t:|1783556931\n|move|p1a: Gardevoir|Psychic|p2a: Azumarill\n|-damage|p2a: Azumarill|0 fnt\n|faint|p2a: Azumarill\n|\n|upkeep\n|inactive|Time left: 300 sec this turn | 300 sec total | 5 sec grace\n|\n|t:|1783556931\n|switch|p2a: Milotic|Milotic, L83, F|293/293\n|-activate|p2a: Milotic|move: Sticky Web\n|-unboost|p2a: Milotic|spe|1\n|-ability|p2a: Milotic|Competitive|boost\n|-boost|p2a: Milotic|spa|2\n|turn|28\n|inactive|Time left: 300 sec this turn | 300 sec total\n|\n|t:|1783556932\n|move|p1a: Gardevoir|Psychic|p2a: Milotic\n|-damage|p2a: Milotic|211/293\n|move|p2a: Milotic|Scald|p1a: Gardevoir\n|-damage|p1a: Gardevoir|12/100\n|\n|-heal|p2a: Milotic|229/293|[from] item: Leftovers\n|upkeep\n|turn|29\n|inactive|Time left: 300 sec this turn | 300 sec total\n|\n|t:|1783556934\n|move|p1a: Gardevoir|Psychic|p2a: Milotic\n|-damage|p2a: Milotic|135/293\n|move|p2a: Milotic|Scald|p1a: Gardevoir\n|-damage|p1a: Gardevoir|0 fnt\n|faint|p1a: Gardevoir\n|\n|-heal|p2a: Milotic|153/293|[from] item: Leftovers\n|upkeep\n|\n|t:|1783556935\n|switch|p1a: Honchkrow|Honchkrow, L86, F|100/100\n|turn|30\n|inactive|Time left: 300 sec this turn | 300 sec total\n|\n|t:|1783556936\n|move|p1a: Honchkrow|Brave Bird|p2a: Milotic\n|-damage|p2a: Milotic|0 fnt\n|faint|p2a: Milotic\n|-ability|p1a: Honchkrow|Moxie|boost\n|-boost|p1a: Honchkrow|atk|1\n|-damage|p1a: Honchkrow|84/100|[from] Recoil\n|\n|upkeep\n|inactive|Time left: 300 sec this turn | 300 sec total | 5 sec grace\n|\n|t:|1783556936\n|switch|p2a: Rhyperior|Rhyperior, L82, F|133/323\n|-activate|p2a: Rhyperior|move: Sticky Web\n|-unboost|p2a: Rhyperior|spe|1\n|turn|31\n|inactive|Time left: 300 sec this turn | 300 sec total\n|\n|t:|1783556937\n|move|p1a: Honchkrow|Heat Wave|p2a: Rhyperior\n|-resisted|p2a: Rhyperior\n|-damage|p2a: Rhyperior|78/323\n|move|p2a: Rhyperior|Stone Edge|p1a: Honchkrow\n|-supereffective|p1a: Honchkrow\n|-damage|p1a: Honchkrow|0 fnt\n|faint|p1a: Honchkrow\n|\n|win|p0y153102d9", "uploadtime": 1783556937, "views": 0, "rating": 0, "private": 0, "password": null, "_winner": "p0y153102d9", "_our_name": "p0y153102d9"}