{"id": "battle-gen9randombattle-2082", "formatid": "gen9randombattle", "format": "[Gen 9] Random Battle", "players": ["p0x208205ae", "p0y2082ea66"], "log": "|init|battle\n|title|p0x208205ae vs. p0y2082ea66\n|j|\u2606p0x208205ae\n|j|\u2606p0y2082ea66\n|t:|1783563314\n|gametype|singles\n|player|p1|p0x208205ae|2|\n|player|p2|p0y2082ea66|266|\n|gen|9\n|tier|[Gen 9] Random Battle\n|rule|Species Clause: Limit one of each Pok\u00e9mon\n|rule|HP Percentage Mod: HP is shown in percentages\n|rule|Sleep Clause Mod: Limit one foe put to sleep\n|rule|Illusion Level Mod: Illusion disguises the Pok\u00e9mon's true level\n|\n|t:|1783563314\n|teamsize|p1|6\n|teamsize|p2|6\n|start\n|switch|p1a: Sableye|Sableye, L88, M|100/100\n|switch|p2a: Pelipper|Pelipper, L86, M|243/243\n|-weather|RainDance|[from] ability: Drizzle|[of] p2a: Pelipper\n|turn|1\n|inactive|Battle timer is ON: inactive players will automatically lose when time's up. (requested by p0x208205ae)\n|inactive|Time left: 300 sec this turn | 300 sec total | 60 sec grace\n|\n|t:|1783563315\n|switch|p1a: Regidrago|Regidrago, L77|100/100\n|move|p2a: Pelipper|Surf|p1a: Regidrago\n|-resisted|p1a: Regidrago\n|-damage|p1a: Regidrago|74/100\n|\n|-weather|RainDance|[upkeep]\n|upkeep\n|turn|2\n|inactive|Time left: 300 sec this turn | 300 sec total\n|inactive|p0y2082ea66 also wants the timer to be on.\n|\n|t:|1783563316\n|move|p1a: Regidrago|Outrage|p2a: Pelipper\n|-damage|p2a: Pelipper|98/243\n|move|p2a: Pelipper|Hurricane|p1a: Regidrago\n|-damage|p1a: Regidrago|32/100\n|\n|-weather|RainDance|[upkeep]\n|upkeep\n|turn|3\n|inactive|Time left: 300 sec this turn | 300 sec total\n|\n|t:|1783563317\n|switch|p2a: Scizor|Scizor, L79, F|240/240\n|move|p1a: Regidrago|Outrage|p2a: Scizor|[from] lockedmove\n|-resisted|p2a: Scizor\n|-damage|p2a: Scizor|166/240\n|\n|-weather|RainDance|[upkeep]\n|upkeep\n|turn|4\n|inactive|Time left: 300 sec this turn | 300 sec total\n|\n|t:|1783563318\n|move|p2a: Scizor|Bullet Punch|p1a: Regidrago\n|-damage|p1a: Regidrago|0 fnt\n|faint|p1a: Regidrago\n|\n|-weather|RainDance|[upkeep]\n|upkeep\n|\n|t:|1783563319\n|switch|p1a: Kingambit|Kingambit, L74, M|100/100\n|-activate|p1a: Kingambit|ability: Supreme Overlord\n|-start|p1a: Kingambit|fallen1|[silent]\n|turn|5\n|inactive|Time left: 300 sec this turn | 300 sec total\n|\n|t:|1783563320\n|switch|p2a: Duraludon|Duraludon, L82, M|249/249\n|move|p1a: Kingambit|Swords Dance|p1a: Kingambit\n|-boost|p1a: Kingambit|atk|2\n|\n|-weather|none\n|upkeep\n|turn|6\n|inactive|Time left: 300 sec this turn | 300 sec total\n|\n|t:|1783563321\n|-terastallize|p1a: Kingambit|Flying\n|move|p2a: Duraludon|Body Press|p1a: Kingambit\n|-resisted|p1a: Kingambit\n|-damage|p1a: Kingambit|91/100\n|move|p1a: Kingambit|Kowtow Cleave|p2a: Duraludon\n|-damage|p2a: Duraludon|134/249\n|\n|-heal|p1a: Kingambit|97/100|[from] item: Leftovers\n|upkeep\n|turn|7\n|inactive|Time left: 300 sec this turn | 300 sec total\n|\n|t:|1783563322\n|move|p1a: Kingambit|Kowtow Cleave|p2a: Duraludon\n|-damage|p2a: Duraludon|20/249\n|move|p2a: Duraludon|Dragon Tail|p1a: Kingambit\n|-damage|p1a: Kingambit|78/100\n|-end|p1a: Kingambit|fallen1|[silent]\n|drag|p1a: Sableye|Sableye, L88, M|100/100\n|\n|upkeep\n|turn|8\n|inactive|Time left: 300 sec this turn | 300 sec total\n|\n|t:|1783563323\n|move|p1a: Sableye|Will-O-Wisp|p2a: Duraludon\n|-status|p2a: Duraludon|brn\n|move|p2a: Duraludon|Draco Meteor|p1a: Sableye\n|-damage|p1a: Sableye|21/100\n|-unboost|p2a: Duraludon|spa|2\n|\n|-heal|p1a: Sableye|27/100|[from] item: Leftovers\n|-damage|p2a: Duraludon|5/249 brn|[from] brn\n|upkeep\n|turn|9\n|inactive|Time left: 300 sec this turn | 300 sec total\n|\n|t:|1783563324\n|switch|p2a: Persian|Persian-Alola, L86, M|252/252\n|move|p1a: Sableye|Recover|p1a: Sableye\n|-heal|p1a: Sableye|78/100\n|\n|-heal|p1a: Sableye|84/100|[from] item: Leftovers\n|upkeep\n|turn|10\n|inactive|Time left: 300 sec this turn | 300 sec total\n|\n|t:|1783563325\n|move|p2a: Persian|Nasty Plot|p2a: Persian\n|-boost|p2a: Persian|spa|2\n|move|p1a: Sableye|Knock Off|p2a: Persian\n|-resisted|p2a: Persian\n|-damage|p2a: Persian|222/252\n|-enditem|p2a: Persian|Life Orb|[from] move: Knock Off|[of] p1a: Sableye\n|\n|-heal|p1a: Sableye|90/100|[from] item: Leftovers\n|upkeep\n|turn|11\n|inactive|Time left: 300 sec this turn | 300 sec total\n|\n|t:|1783563326\n|switch|p1a: Infernape|Infernape, L82, F|100/100\n|move|p2a: Persian|Dark Pulse|p1a: Infernape\n|-resisted|p1a: Infernape\n|-damage|p1a: Infernape|66/100\n|\n|upkeep\n|turn|12\n|inactive|Time left: 300 sec this turn | 300 sec total\n|\n|t:|1783563327\n|-terastallize|p2a: Persian|Electric\n|move|p1a: Infernape|Close Combat|p2a: Persian\n|-damage|p2a: Persian|144/252\n|-unboost|p1a: Infernape|def|1\n|-unboost|p1a: Infernape|spd|1\n|move|p2a: Persian|Thunderbolt|p1a: Infernape\n|-damage|p1a: Infernape|0 fnt\n|faint|p1a: Infernape\n|\n|upkeep\n|\n|t:|1783563328\n|switch|p1a: Calyrex|Calyrex, L93|100/100\n|-ability|p1a: Calyrex|Unnerve\n|turn|13\n|inactive|Time left: 300 sec this turn | 300 sec total\n|\n|t:|1783563329\n|move|p2a: Persian|Dark Pulse|p1a: Calyrex\n|-supereffective|p1a: Calyrex\n|-damage|p1a: Calyrex|18/100\n|cant|p1a: Calyrex|flinch\n|\n|-heal|p1a: Calyrex|24/100|[from] item: Leftovers\n|upkeep\n|turn|14\n|inactive|Time left: 300 sec this turn | 300 sec total\n|\n|t:|1783563330\n|move|p2a: Persian|Dark Pulse|p1a: Calyrex\n|-supereffective|p1a: Calyrex\n|-damage|p1a: Calyrex|0 fnt\n|faint|p1a: Calyrex\n|\n|upkeep\n|\n|t:|1783563331\n|switch|p1a: Sableye|Sableye, L88, M|90/100\n|turn|15\n|inactive|Time left: 300 sec this turn | 300 sec total\n|\n|t:|1783563331\n|move|p1a: Sableye|Encore|p2a: Persian\n|-start|p2a: Persian|Encore\n|move|p2a: Persian|Dark Pulse|p1a: Sableye\n|-damage|p1a: Sableye|8/100\n|\n|-heal|p1a: Sableye|14/100|[from] item: Leftovers\n|upkeep\n|turn|16\n|inactive|Time left: 300 sec this turn | 300 sec total\n|\n|t:|1783563332\n|move|p1a: Sableye|Will-O-Wisp|p2a: Persian|[miss]\n|-miss|p1a: Sableye|p2a: Persian\n|move|p2a: Persian|Dark Pulse|p1a: Sableye\n|-damage|p1a: Sableye|0 fnt\n|faint|p1a: Sableye\n|\n|upkeep\n|\n|t:|1783563333\n|switch|p1a: Kingambit|Kingambit, L74, M, tera:Flying|78/100\n|-activate|p1a: Kingambit|ability: Supreme Overlord\n|-start|p1a: Kingambit|fallen4|[silent]\n|turn|17\n|inactive|Time left: 300 sec this turn | 300 sec total\n|\n|t:|1783563334\n|move|p2a: Persian|Dark Pulse|p1a: Kingambit\n|-damage|p1a: Kingambit|19/100\n|move|p1a: Kingambit|Kowtow Cleave|p2a: Persian\n|-damage|p2a: Persian|65/252\n|\n|-heal|p1a: Kingambit|25/100|[from] item: Leftovers\n|-end|p2a: Persian|Encore\n|upkeep\n|turn|18\n|inactive|Time left: 300 sec this turn | 300 sec total\n|\n|t:|1783563336\n|move|p1a: Kingambit|Sucker Punch||[still]\n|-fail|p1a: Kingambit\n|move|p2a: Persian|Nasty Plot|p2a: Persian\n|-boost|p2a: Persian|spa|2\n|\n|-heal|p1a: Kingambit|31/100|[from] item: Leftovers\n|upkeep\n|turn|19\n|inactive|Time left: 300 sec this turn | 300 sec total\n|\n|t:|1783563337\n|move|p1a: Kingambit|Sucker Punch|p2a: Persian\n|-damage|p2a: Persian|0 fnt\n|faint|p2a: Persian\n|\n|-heal|p1a: Kingambit|37/100|[from] item: Leftovers\n|upkeep\n|inactive|Time left: 300 sec this turn | 300 sec total | 5 sec grace\n|\n|t:|1783563338\n|switch|p2a: Iron Thorns|Iron Thorns, L83|302/302\n|-enditem|p2a: Iron Thorns|Booster Energy\n|-activate|p2a: Iron Thorns|ability: Quark Drive|[fromitem]\n|-start|p2a: Iron Thorns|quarkdriveatk\n|turn|20\n|inactive|Time left: 300 sec this turn | 300 sec total\n|\n|t:|1783563338\n|move|p1a: Kingambit|Sucker Punch|p2a: Iron Thorns\n|-damage|p2a: Iron Thorns|206/302\n|move|p2a: Iron Thorns|Wild Charge|p1a: Kingambit\n|-supereffective|p1a: Kingambit\n|-damage|p1a: Kingambit|0 fnt\n|faint|p1a: Kingambit\n|-end|p1a: Kingambit|fallen4|[silent]\n|-damage|p2a: Iron Thorns|181/302|[from] Recoil\n|\n|upkeep\n|\n|t:|1783563340\n|switch|p1a: Mewtwo|Mewtwo, L72|100/100\n|-ability|p1a: Mewtwo|Pressure\n|turn|21\n|inactive|Time left: 300 sec this turn | 300 sec total\n|\n|t:|1783563341\n|move|p1a: Mewtwo|Dark Pulse|p2a: Iron Thorns\n|-damage|p2a: Iron Thorns|99/302\n|-damage|p1a: Mewtwo|91/100|[from] item: Life Orb\n|move|p2a: Iron Thorns|Dragon Dance|p2a: Iron Thorns\n|-boost|p2a: Iron Thorns|atk|1\n|-boost|p2a: Iron Thorns|spe|1\n|\n|upkeep\n|turn|22\n|inactive|Time left: 300 sec this turn | 300 sec total\n|\n|t:|1783563342\n|move|p2a: Iron Thorns|Wild Charge|p1a: Mewtwo\n|-damage|p1a: Mewtwo|0 fnt\n|faint|p1a: Mewtwo\n|-damage|p2a: Iron Thorns|38/302|[from] Recoil\n|\n|win|p0y2082ea66", "uploadtime": 1783563342, "views": 0, "rating": 0, "private": 0, "password": null, "_winner": "p0y2082ea66", "_our_name": "p0y2082ea66"}