{"id": "battle-gen9randombattle-168", "formatid": "gen9randombattle", "format": "[Gen 9] Random Battle", "players": ["p0x168aae7", "p0y1689faa"], "log": "|init|battle\n|title|p0x168aae7 vs. p0y1689faa\n|j|\u2606p0x168aae7\n|j|\u2606p0y1689faa\n|t:|1783535175\n|gametype|singles\n|player|p1|p0x168aae7|2|\n|player|p2|p0y1689faa|266|\n|gen|9\n|tier|[Gen 9] Random Battle\n|rule|Species Clause: Limit one of each Pok\u00e9mon\n|rule|HP Percentage Mod: HP is shown in percentages\n|rule|Sleep Clause Mod: Limit one foe put to sleep\n|rule|Illusion Level Mod: Illusion disguises the Pok\u00e9mon's true level\n|\n|t:|1783535175\n|teamsize|p1|6\n|teamsize|p2|6\n|start\n|switch|p1a: Trevenant|Trevenant, L89, M|296/296\n|switch|p2a: Ting-Lu|Ting-Lu, L78|100/100\n|-ability|p2a: Ting-Lu|Vessel of Ruin\n|turn|1\n|inactive|Battle timer is ON: inactive players will automatically lose when time's up. (requested by p0x168aae7)\n|inactive|p0y1689faa also wants the timer to be on.\n|\n|t:|1783535176\n|move|p1a: Trevenant|Poltergeist|p2a: Ting-Lu\n|-activate|p2a: Ting-Lu|move: Poltergeist|Leftovers\n|-resisted|p2a: Ting-Lu\n|-damage|p2a: Ting-Lu|85/100\n|move|p2a: Ting-Lu|Payback|p1a: Trevenant\n|-supereffective|p1a: Trevenant\n|-damage|p1a: Trevenant|90/296\n|-enditem|p1a: Trevenant|Sitrus Berry|[eat]\n|-heal|p1a: Trevenant|164/296|[from] item: Sitrus Berry\n|\n|-heal|p2a: Ting-Lu|91/100|[from] item: Leftovers\n|-item|p1a: Trevenant|Sitrus Berry|[from] ability: Harvest\n|upkeep\n|turn|2\n|inactive|Time left: 300 sec this turn | 300 sec total\n|\n|t:|1783535178\n|move|p1a: Trevenant|Drain Punch|p2a: Ting-Lu\n|-supereffective|p2a: Ting-Lu\n|-damage|p2a: Ting-Lu|63/100\n|-heal|p1a: Trevenant|217/296|[from] drain|[of] p2a: Ting-Lu\n|move|p2a: Ting-Lu|Spikes|p1a: Trevenant\n|-sidestart|p1: p0x168aae7|Spikes\n|\n|-heal|p2a: Ting-Lu|69/100|[from] item: Leftovers\n|upkeep\n|turn|3\n|inactive|Time left: 300 sec this turn | 300 sec total\n|\n|t:|1783535179\n|move|p1a: Trevenant|Drain Punch|p2a: Ting-Lu\n|-supereffective|p2a: Ting-Lu\n|-damage|p2a: Ting-Lu|37/100\n|-heal|p1a: Trevenant|276/296|[from] drain|[of] p2a: Ting-Lu\n|move|p2a: Ting-Lu|Payback|p1a: Trevenant\n|-supereffective|p1a: Trevenant\n|-damage|p1a: Trevenant|52/296\n|-enditem|p1a: Trevenant|Sitrus Berry|[eat]\n|-heal|p1a: Trevenant|126/296|[from] item: Sitrus Berry\n|\n|-heal|p2a: Ting-Lu|43/100|[from] item: Leftovers\n|-item|p1a: Trevenant|Sitrus Berry|[from] ability: Harvest\n|upkeep\n|-enditem|p1a: Trevenant|Sitrus Berry|[eat]\n|-heal|p1a: Trevenant|200/296|[from] item: Sitrus Berry\n|turn|4\n|inactive|Time left: 300 sec this turn | 300 sec total\n|\n|t:|1783535180\n|move|p1a: Trevenant|Drain Punch|p2a: Ting-Lu\n|-supereffective|p2a: Ting-Lu\n|-damage|p2a: Ting-Lu|13/100\n|-heal|p1a: Trevenant|256/296|[from] drain|[of] p2a: Ting-Lu\n|move|p2a: Ting-Lu|Payback|p1a: Trevenant\n|-supereffective|p1a: Trevenant\n|-damage|p1a: Trevenant|44/296\n|\n|-heal|p2a: Ting-Lu|19/100|[from] item: Leftovers\n|-item|p1a: Trevenant|Sitrus Berry|[from] ability: Harvest\n|upkeep\n|-enditem|p1a: Trevenant|Sitrus Berry|[eat]\n|-heal|p1a: Trevenant|118/296|[from] item: Sitrus Berry\n|turn|5\n|inactive|Time left: 300 sec this turn | 300 sec total\n|\n|t:|1783535181\n|move|p1a: Trevenant|Drain Punch|p2a: Ting-Lu\n|-supereffective|p2a: Ting-Lu\n|-damage|p2a: Ting-Lu|0 fnt\n|-heal|p1a: Trevenant|153/296|[from] drain|[of] p2a: Ting-Lu\n|faint|p2a: Ting-Lu\n|\n|upkeep\n|\n|t:|1783535182\n|switch|p2a: Ho-Oh|Ho-Oh, L71|100/100\n|turn|6\n|inactive|Time left: 300 sec this turn | 300 sec total\n|\n|t:|1783535183\n|move|p1a: Trevenant|Protect|p1a: Trevenant\n|-singleturn|p1a: Trevenant|Protect\n|move|p2a: Ho-Oh|Sacred Fire|p1a: Trevenant\n|-activate|p1a: Trevenant|move: Protect\n|\n|upkeep\n|turn|7\n|inactive|Time left: 300 sec this turn | 300 sec total\n|\n|t:|1783535184\n|switch|p1a: Slowking|Slowking, L88, F|310/310\n|move|p2a: Ho-Oh|Brave Bird|p1a: Slowking\n|-crit|p1a: Slowking\n|-damage|p1a: Slowking|120/310\n|-damage|p2a: Ho-Oh|77/100|[from] Recoil\n|\n|upkeep\n|turn|8\n|inactive|Time left: 300 sec this turn | 300 sec total\n|\n|t:|1783535185\n|move|p2a: Ho-Oh|Brave Bird|p1a: Slowking\n|-damage|p1a: Slowking|11/310\n|-damage|p2a: Ho-Oh|64/100|[from] Recoil\n|move|p1a: Slowking|Scald|p2a: Ho-Oh\n|-supereffective|p2a: Ho-Oh\n|-damage|p2a: Ho-Oh|7/100\n|\n|upkeep\n|turn|9\n|inactive|Time left: 300 sec this turn | 300 sec total\n|\n|t:|1783535187\n|switch|p1a: Misdreavus|Misdreavus, L90, M|254/254\n|move|p2a: Ho-Oh|Sacred Fire|p1a: Misdreavus\n|-damage|p1a: Misdreavus|167/254\n|\n|upkeep\n|turn|10\n|inactive|Time left: 300 sec this turn | 300 sec total\n|\n|t:|1783535188\n|switch|p2a: Oricorio|Oricorio-Pom-Pom, L82, F|100/100\n|move|p1a: Misdreavus|Shadow Ball|p2a: Oricorio\n|-damage|p2a: Oricorio|61/100\n|\n|upkeep\n|turn|11\n|inactive|Time left: 300 sec this turn | 300 sec total\n|\n|t:|1783535189\n|move|p1a: Misdreavus|Shadow Ball|p2a: Oricorio\n|-damage|p2a: Oricorio|22/100\n|-unboost|p2a: Oricorio|spd|1\n|move|p2a: Oricorio|Quiver Dance|p2a: Oricorio\n|-boost|p2a: Oricorio|spa|1\n|-boost|p2a: Oricorio|spd|1\n|-boost|p2a: Oricorio|spe|1\n|\n|upkeep\n|turn|12\n|inactive|Time left: 300 sec this turn | 300 sec total\n|\n|t:|1783535189\n|move|p2a: Oricorio|Roost|p2a: Oricorio\n|-heal|p2a: Oricorio|72/100\n|-singleturn|p2a: Oricorio|move: Roost\n|move|p1a: Misdreavus|Shadow Ball|p2a: Oricorio\n|-damage|p2a: Oricorio|32/100\n|\n|upkeep\n|turn|13\n|inactive|Time left: 300 sec this turn | 300 sec total\n|\n|t:|1783535190\n|move|p2a: Oricorio|Roost|p2a: Oricorio\n|-heal|p2a: Oricorio|82/100\n|-singleturn|p2a: Oricorio|move: Roost\n|move|p1a: Misdreavus|Shadow Ball|p2a: Oricorio\n|-damage|p2a: Oricorio|43/100\n|\n|upkeep\n|turn|14\n|inactive|Time left: 300 sec this turn | 300 sec total\n|\n|t:|1783535191\n|move|p2a: Oricorio|Roost|p2a: Oricorio\n|-heal|p2a: Oricorio|93/100\n|-singleturn|p2a: Oricorio|move: Roost\n|move|p1a: Misdreavus|Shadow Ball|p2a: Oricorio\n|-damage|p2a: Oricorio|50/100\n|\n|upkeep\n|turn|15\n|inactive|Time left: 300 sec this turn | 300 sec total\n|\n|t:|1783535192\n|move|p2a: Oricorio|Quiver Dance|p2a: Oricorio\n|-boost|p2a: Oricorio|spa|1\n|-boost|p2a: Oricorio|spd|1\n|-boost|p2a: Oricorio|spe|1\n|move|p1a: Misdreavus|Calm Mind|p1a: Misdreavus\n|-boost|p1a: Misdreavus|spa|1\n|-boost|p1a: Misdreavus|spd|1\n|\n|upkeep\n|turn|16\n|inactive|Time left: 300 sec this turn | 300 sec total\n|\n|t:|1783535193\n|move|p2a: Oricorio|Roost|p2a: Oricorio\n|-heal|p2a: Oricorio|99/100\n|-singleturn|p2a: Oricorio|move: Roost\n|move|p1a: Misdreavus|Shadow Ball|p2a: Oricorio\n|-damage|p2a: Oricorio|56/100\n|-unboost|p2a: Oricorio|spd|1\n|\n|upkeep\n|turn|17\n|inactive|Time left: 300 sec this turn | 300 sec total\n|\n|t:|1783535194\n|move|p2a: Oricorio|Quiver Dance|p2a: Oricorio\n|-boost|p2a: Oricorio|spa|1\n|-boost|p2a: Oricorio|spd|1\n|-boost|p2a: Oricorio|spe|1\n|move|p1a: Misdreavus|Shadow Ball|p2a: Oricorio\n|-damage|p2a: Oricorio|17/100\n|-unboost|p2a: Oricorio|spd|1\n|\n|upkeep\n|turn|18\n|inactive|Time left: 300 sec this turn | 300 sec total\n|\n|t:|1783535195\n|move|p2a: Oricorio|Roost|p2a: Oricorio\n|-heal|p2a: Oricorio|67/100\n|-singleturn|p2a: Oricorio|move: Roost\n|move|p1a: Misdreavus|Shadow Ball|p2a: Oricorio\n|-damage|p2a: Oricorio|3/100\n|\n|upkeep\n|turn|19\n|inactive|Time left: 300 sec this turn | 300 sec total\n|\n|t:|1783535196\n|move|p2a: Oricorio|Hurricane|p1a: Misdreavus\n|-damage|p1a: Misdreavus|56/254\n|move|p1a: Misdreavus|Shadow Ball|p2a: Oricorio\n|-damage|p2a: Oricorio|0 fnt\n|faint|p2a: Oricorio\n|\n|upkeep\n|\n|t:|1783535197\n|switch|p2a: Clefable|Clefable, L83, F|100/100\n|turn|20\n|inactive|Time left: 300 sec this turn | 300 sec total\n|\n|t:|1783535198\n|move|p1a: Misdreavus|Draining Kiss|p2a: Clefable\n|-damage|p2a: Clefable|88/100\n|-heal|p1a: Misdreavus|85/254|[from] drain|[of] p2a: Clefable\n|move|p2a: Clefable|Moonblast|p1a: Misdreavus\n|-damage|p1a: Misdreavus|24/254\n|\n|-heal|p2a: Clefable|94/100|[from] item: Leftovers\n|upkeep\n|turn|21\n|inactive|Time left: 300 sec this turn | 300 sec total\n|\n|t:|1783535199\n|move|p1a: Misdreavus|Shadow Ball|p2a: Clefable\n|-damage|p2a: Clefable|62/100\n|move|p2a: Clefable|Moonblast|p1a: Misdreavus\n|-damage|p1a: Misdreavus|0 fnt\n|faint|p1a: Misdreavus\n|\n|-heal|p2a: Clefable|68/100|[from] item: Leftovers\n|upkeep\n|inactive|Time left: 300 sec this turn | 300 sec total | 5 sec grace\n|\n|t:|1783535200\n|switch|p1a: Slowking|Slowking, L88, F|114/310\n|turn|22\n|inactive|Time left: 300 sec this turn | 300 sec total\n|\n|t:|1783535201\n|move|p2a: Clefable|Moonblast|p1a: Slowking\n|-damage|p1a: Slowking|42/310\n|-unboost|p1a: Slowking|spa|1\n|move|p1a: Slowking|Slack Off|p1a: Slowking\n|-heal|p1a: Slowking|197/310\n|\n|-heal|p2a: Clefable|74/100|[from] item: Leftovers\n|upkeep\n|turn|23\n|inactive|Time left: 300 sec this turn | 300 sec total\n|\n|t:|1783535202\n|move|p2a: Clefable|Moonblast|p1a: Slowking\n|-damage|p1a: Slowking|118/310\n|-unboost|p1a: Slowking|spa|1\n|move|p1a: Slowking|Scald|p2a: Clefable\n|-damage|p2a: Clefable|44/100\n|-status|p2a: Clefable|brn\n|\n|-heal|p2a: Clefable|50/100 brn|[from] item: Leftovers\n|-damage|p2a: Clefable|44/100 brn|[from] brn\n|upkeep\n|turn|24\n|inactive|Time left: 300 sec this turn | 300 sec total\n|\n|t:|1783535203\n|move|p2a: Clefable|Moonlight|p2a: Clefable\n|-heal|p2a: Clefable|93/100 brn\n|-prepare|p1a: Slowking|Chilly Reception|[premajor]\n|move|p1a: Slowking|Chilly Reception|p1a: Slowking\n|-weather|Snowscape\n|inactive|Time left: 300 sec this turn | 300 sec total | 5 sec grace\n|\n|t:|1783535204\n|switch|p1a: Oinkologne|Oinkologne-F, L92, F|361/361|[from] Chilly Reception\n|-damage|p1a: Oinkologne|316/361|[from] Spikes\n|\n|-weather|Snowscape|[upkeep]\n|-heal|p1a: Oinkologne|338/361|[from] item: Leftovers\n|-heal|p2a: Clefable|99/100 brn|[from] item: Leftovers\n|-damage|p2a: Clefable|93/100 brn|[from] brn\n|upkeep\n|turn|25\n|inactive|Time left: 300 sec this turn | 300 sec total\n|\n|t:|1783535205\n|move|p1a: Oinkologne|Double-Edge|p2a: Clefable\n|-crit|p2a: Clefable\n|-damage|p2a: Clefable|8/100 brn\n|-damage|p1a: Oinkologne|255/361|[from] Recoil\n|move|p2a: Clefable|Moonblast|p1a: Oinkologne\n|-damage|p1a: Oinkologne|173/361\n|-unboost|p1a: Oinkologne|spa|1\n|\n|-weather|Snowscape|[upkeep]\n|-heal|p1a: Oinkologne|195/361|[from] item: Leftovers\n|-heal|p2a: Clefable|14/100 brn|[from] item: Leftovers\n|-damage|p2a: Clefable|8/100 brn|[from] brn\n|upkeep\n|turn|26\n|inactive|Time left: 300 sec this turn | 300 sec total\n|\n|t:|1783535206\n|switch|p2a: Mesprit|Mesprit, L85|100/100\n|move|p1a: Oinkologne|Double-Edge|p2a: Mesprit\n|-crit|p2a: Mesprit\n|-damage|p2a: Mesprit|30/100\n|-damage|p1a: Oinkologne|131/361|[from] Recoil\n|\n|-weather|Snowscape|[upkeep]\n|-heal|p1a: Oinkologne|153/361|[from] item: Leftovers\n|upkeep\n|turn|27\n|inactive|Time left: 300 sec this turn | 300 sec total\n|\n|t:|1783535208\n|move|p2a: Mesprit|Knock Off|p1a: Oinkologne\n|-damage|p1a: Oinkologne|75/361\n|-enditem|p1a: Oinkologne|Leftovers|[from] move: Knock Off|[of] p2a: Mesprit\n|move|p1a: Oinkologne|Double-Edge|p2a: Mesprit\n|-damage|p2a: Mesprit|0 fnt\n|faint|p2a: Mesprit\n|-damage|p1a: Oinkologne|49/361|[from] Recoil\n|\n|-weather|Snowscape|[upkeep]\n|upkeep\n|\n|t:|1783535208\n|switch|p2a: Gardevoir|Gardevoir, L83, F|100/100\n|-ability|p2a: Gardevoir|Thick Fat|Trace|[from] ability: Trace|[of] p1a: Oinkologne\n|turn|28\n|inactive|Time left: 300 sec this turn | 300 sec total\n|\n|t:|1783535209\n|switch|p1a: Slowking|Slowking, L88, F|221/310\n|move|p2a: Gardevoir|Moonblast|p1a: Slowking\n|-damage|p1a: Slowking|104/310\n|-damage|p2a: Gardevoir|91/100|[from] item: Life Orb\n|\n|-weather|none\n|upkeep\n|turn|29\n|inactive|Time left: 300 sec this turn | 300 sec total\n|\n|t:|1783535211\n|switch|p1a: Oinkologne|Oinkologne-F, L92, F|49/361\n|-damage|p1a: Oinkologne|4/361|[from] Spikes\n|move|p2a: Gardevoir|Moonblast|p1a: Oinkologne\n|-damage|p1a: Oinkologne|0 fnt\n|faint|p1a: Oinkologne\n|-damage|p2a: Gardevoir|81/100|[from] item: Life Orb\n|\n|upkeep\n|inactive|Time left: 300 sec this turn | 300 sec total | 5 sec grace\n|\n|t:|1783535212\n|switch|p1a: Slowking|Slowking, L88, F|207/310\n|turn|30\n|inactive|Time left: 300 sec this turn | 300 sec total\n|\n|t:|1783535213\n|move|p2a: Gardevoir|Calm Mind|p2a: Gardevoir\n|-boost|p2a: Gardevoir|spa|1\n|-boost|p2a: Gardevoir|spd|1\n|move|p1a: Slowking|Slack Off|p1a: Slowking\n|-heal|p1a: Slowking|310/310\n|\n|upkeep\n|turn|31\n|inactive|Time left: 300 sec this turn | 300 sec total\n|\n|t:|1783535214\n|move|p2a: Gardevoir|Moonblast|p1a: Slowking\n|-damage|p1a: Slowking|107/310\n|-unboost|p1a: Slowking|spa|1\n|-damage|p2a: Gardevoir|72/100|[from] item: Life Orb\n|-prepare|p1a: Slowking|Chilly Reception|[premajor]\n|move|p1a: Slowking|Chilly Reception|p1a: Slowking\n|-weather|Snowscape\n|inactive|Time left: 300 sec this turn | 300 sec total | 5 sec grace\n|\n|t:|1783535216\n|switch|p1a: Haxorus|Haxorus, L77, M|244/244|[from] Chilly Reception\n|-damage|p1a: Haxorus|214/244|[from] Spikes\n|-ability|p1a: Haxorus|Mold Breaker\n|\n|-weather|Snowscape|[upkeep]\n|upkeep\n|turn|32\n|inactive|Time left: 300 sec this turn | 300 sec total\n|\n|t:|1783535217\n|-terastallize|p1a: Haxorus|Steel\n|-terastallize|p2a: Gardevoir|Fighting\n|move|p1a: Haxorus|Iron Head|p2a: Gardevoir\n|-damage|p2a: Gardevoir|24/100\n|move|p2a: Gardevoir|Focus Blast|p1a: Haxorus|[miss]\n|-miss|p2a: Gardevoir|p1a: Haxorus\n|\n|-weather|Snowscape|[upkeep]\n|upkeep\n|turn|33\n|inactive|Time left: 300 sec this turn | 300 sec total\n|\n|t:|1783535218\n|switch|p2a: Ho-Oh|Ho-Oh, L71|40/100\n|move|p1a: Haxorus|Iron Head|p2a: Ho-Oh\n|-resisted|p2a: Ho-Oh\n|-damage|p2a: Ho-Oh|20/100\n|\n|-weather|Snowscape|[upkeep]\n|upkeep\n|turn|34\n|inactive|Time left: 300 sec this turn | 300 sec total\n|\n|t:|1783535219\n|switch|p2a: Clefable|Clefable, L83, F|8/100 brn\n|move|p1a: Haxorus|Iron Head|p2a: Clefable\n|-supereffective|p2a: Clefable\n|-damage|p2a: Clefable|0 fnt\n|faint|p2a: Clefable\n|\n|-weather|Snowscape|[upkeep]\n|upkeep\n|\n|t:|1783535220\n|switch|p2a: Ho-Oh|Ho-Oh, L71|53/100\n|turn|35\n|inactive|Time left: 300 sec this turn | 300 sec total\n|\n|t:|1783535221\n|switch|p2a: Gardevoir|Gardevoir, L83, F, tera:Fighting|24/100\n|-ability|p2a: Gardevoir|Mold Breaker|Trace|[from] ability: Trace|[of] p1a: Haxorus\n|-ability|p2a: Gardevoir|Mold Breaker\n|move|p1a: Haxorus|Outrage|p2a: Gardevoir\n|-damage|p2a: Gardevoir|0 fnt\n|faint|p2a: Gardevoir\n|\n|-weather|none\n|upkeep\n|\n|t:|1783535222\n|switch|p2a: Ho-Oh|Ho-Oh, L71|86/100\n|turn|36\n|inactive|Time left: 300 sec this turn | 300 sec total\n|\n|t:|1783535223\n|move|p1a: Haxorus|Outrage|p2a: Ho-Oh|[from] lockedmove\n|-damage|p2a: Ho-Oh|27/100\n|-start|p1a: Haxorus|confusion|[fatigue]\n|-enditem|p1a: Haxorus|Lum Berry|[eat]\n|-end|p1a: Haxorus|confusion\n|move|p2a: Ho-Oh|Recover|p2a: Ho-Oh\n|-heal|p2a: Ho-Oh|77/100\n|\n|upkeep\n|turn|37\n|inactive|Time left: 300 sec this turn | 300 sec total\n|\n|t:|1783535224\n|move|p1a: Haxorus|Outrage|p2a: Ho-Oh\n|-damage|p2a: Ho-Oh|12/100\n|move|p2a: Ho-Oh|Sacred Fire|p1a: Haxorus\n|-supereffective|p1a: Haxorus\n|-damage|p1a: Haxorus|0 fnt\n|faint|p1a: Haxorus\n|\n|upkeep\n|inactive|Time left: 300 sec this turn | 300 sec total | 5 sec grace\n|\n|t:|1783535224\n|switch|p1a: Virizion|Virizion, L82|283/283\n|-damage|p1a: Virizion|248/283|[from] Spikes\n|turn|38\n|inactive|Time left: 300 sec this turn | 300 sec total\n|\n|t:|1783535225\n|move|p1a: Virizion|Close Combat|p2a: Ho-Oh\n|-resisted|p2a: Ho-Oh\n|-damage|p2a: Ho-Oh|0 fnt\n|-unboost|p1a: Virizion|def|1\n|-unboost|p1a: Virizion|spd|1\n|faint|p2a: Ho-Oh\n|-damage|p1a: Virizion|220/283|[from] item: Life Orb\n|\n|win|p0x168aae7", "uploadtime": 1783535225, "views": 0, "rating": 0, "private": 0, "password": null, "_winner": "p0x168aae7", "_our_name": "p0x168aae7"}