{"id": "battle-gen9randombattle-340", "formatid": "gen9randombattle", "format": "[Gen 9] Random Battle", "players": ["p0x340e327", "p0y3409eae"], "log": "|init|battle\n|title|p0x340e327 vs. p0y3409eae\n|j|\u2606p0x340e327\n|j|\u2606p0y3409eae\n|t:|1783543073\n|gametype|singles\n|player|p1|p0x340e327|266|\n|player|p2|p0y3409eae|102|\n|gen|9\n|tier|[Gen 9] Random Battle\n|rule|Species Clause: Limit one of each Pok\u00e9mon\n|rule|HP Percentage Mod: HP is shown in percentages\n|rule|Sleep Clause Mod: Limit one foe put to sleep\n|rule|Illusion Level Mod: Illusion disguises the Pok\u00e9mon's true level\n|\n|t:|1783543073\n|teamsize|p1|6\n|teamsize|p2|6\n|start\n|switch|p1a: Azelf|Azelf, L82|100/100\n|switch|p2a: Chesnaught|Chesnaught, L84, F|285/285\n|turn|1\n|inactive|Battle timer is ON: inactive players will automatically lose when time's up. (requested by p0x340e327)\n|inactive|Time left: 300 sec this turn | 300 sec total | 60 sec grace\n|inactive|p0y3409eae also wants the timer to be on.\n|\n|t:|1783543074\n|switch|p2a: Primarina|Primarina, L83, M|268/268\n|move|p1a: Azelf|Psychic|p2a: Primarina\n|-crit|p2a: Primarina\n|-damage|p2a: Primarina|103/268\n|-damage|p1a: Azelf|91/100|[from] item: Life Orb\n|\n|-heal|p2a: Primarina|119/268|[from] item: Leftovers\n|upkeep\n|turn|2\n|inactive|Time left: 300 sec this turn | 300 sec total\n|\n|t:|1783543076\n|move|p1a: Azelf|Psychic|p2a: Primarina\n|-damage|p2a: Primarina|5/268\n|-unboost|p2a: Primarina|spd|1\n|-damage|p1a: Azelf|81/100|[from] item: Life Orb\n|move|p2a: Primarina|Sparkling Aria|p1a: Azelf\n|-damage|p1a: Azelf|5/100\n|\n|-heal|p2a: Primarina|21/268|[from] item: Leftovers\n|upkeep\n|turn|3\n|inactive|Time left: 300 sec this turn | 300 sec total\n|\n|t:|1783543077\n|move|p1a: Azelf|Fire Blast|p2a: Primarina|[miss]\n|-miss|p1a: Azelf|p2a: Primarina\n|move|p2a: Primarina|Sparkling Aria|p1a: Azelf\n|-damage|p1a: Azelf|0 fnt\n|faint|p1a: Azelf\n|\n|-heal|p2a: Primarina|37/268|[from] item: Leftovers\n|upkeep\n|\n|t:|1783543078\n|switch|p1a: Zamazenta|Zamazenta-Crowned, L68|100/100\n|-ability|p1a: Zamazenta|Dauntless Shield|boost\n|-boost|p1a: Zamazenta|def|1\n|turn|4\n|inactive|Time left: 300 sec this turn | 300 sec total\n|\n|t:|1783543079\n|switch|p2a: Chesnaught|Chesnaught, L84, F|285/285\n|move|p1a: Zamazenta|Body Press|p2a: Chesnaught\n|-damage|p2a: Chesnaught|197/285\n|\n|-heal|p2a: Chesnaught|214/285|[from] item: Leftovers\n|upkeep\n|turn|5\n|inactive|Time left: 300 sec this turn | 300 sec total\n|\n|t:|1783543081\n|switch|p1a: Clefable|Clefable, L83, F|100/100\n|move|p2a: Chesnaught|Body Press|p1a: Clefable\n|-resisted|p1a: Clefable\n|-damage|p1a: Clefable|81/100\n|\n|-heal|p2a: Chesnaught|231/285|[from] item: Leftovers\n|-heal|p1a: Clefable|87/100|[from] item: Leftovers\n|upkeep\n|turn|6\n|inactive|Time left: 300 sec this turn | 300 sec total\n|\n|t:|1783543082\n|switch|p2a: Dusknoir|Dusknoir, L89, M|225/225\n|-item|p1a: Clefable|Leftovers|[from] ability: Frisk|[of] p2a: Dusknoir\n|move|p1a: Clefable|Moonblast|p2a: Dusknoir\n|-damage|p2a: Dusknoir|164/225\n|-unboost|p2a: Dusknoir|spa|1\n|\n|-heal|p1a: Clefable|93/100|[from] item: Leftovers\n|upkeep\n|turn|7\n|inactive|Time left: 300 sec this turn | 300 sec total\n|\n|t:|1783543083\n|move|p1a: Clefable|Knock Off|p2a: Dusknoir\n|-supereffective|p2a: Dusknoir\n|-damage|p2a: Dusknoir|88/225\n|-enditem|p2a: Dusknoir|Choice Band|[from] move: Knock Off|[of] p1a: Clefable\n|move|p2a: Dusknoir|Poltergeist|p1a: Clefable\n|-activate|p1a: Clefable|move: Poltergeist|Leftovers\n|-damage|p1a: Clefable|42/100\n|\n|-heal|p1a: Clefable|49/100|[from] item: Leftovers\n|upkeep\n|turn|8\n|inactive|Time left: 300 sec this turn | 300 sec total\n|\n|t:|1783543084\n|move|p1a: Clefable|Moonlight|p1a: Clefable\n|-heal|p1a: Clefable|98/100\n|move|p2a: Dusknoir|Poltergeist|p1a: Clefable\n|-activate|p1a: Clefable|move: Poltergeist|Leftovers\n|-damage|p1a: Clefable|47/100\n|\n|-heal|p1a: Clefable|53/100|[from] item: Leftovers\n|upkeep\n|turn|9\n|inactive|Time left: 300 sec this turn | 300 sec total\n|\n|t:|1783543085\n|move|p1a: Clefable|Moonlight|p1a: Clefable\n|-heal|p1a: Clefable|100/100\n|move|p2a: Dusknoir|Poltergeist|p1a: Clefable\n|-activate|p1a: Clefable|move: Poltergeist|Leftovers\n|-damage|p1a: Clefable|51/100\n|\n|-heal|p1a: Clefable|57/100|[from] item: Leftovers\n|upkeep\n|turn|10\n|inactive|Time left: 300 sec this turn | 300 sec total\n|\n|t:|1783543085\n|move|p1a: Clefable|Moonblast|p2a: Dusknoir\n|-damage|p2a: Dusknoir|19/225\n|move|p2a: Dusknoir|Poltergeist|p1a: Clefable\n|-activate|p1a: Clefable|move: Poltergeist|Leftovers\n|-damage|p1a: Clefable|0 fnt\n|faint|p1a: Clefable\n|\n|upkeep\n|\n|t:|1783543086\n|switch|p1a: Zamazenta|Zamazenta-Crowned, L68|100/100\n|turn|11\n|inactive|Time left: 300 sec this turn | 300 sec total\n|\n|t:|1783543087\n|switch|p2a: Archaludon|Archaludon, L78, F|268/268\n|move|p1a: Zamazenta|Heavy Slam|p2a: Archaludon\n|-resisted|p2a: Archaludon\n|-damage|p2a: Archaludon|231/268\n|-ability|p2a: Archaludon|Stamina|boost\n|-boost|p2a: Archaludon|def|1\n|\n|upkeep\n|turn|12\n|inactive|Time left: 300 sec this turn | 300 sec total\n|\n|t:|1783543088\n|move|p1a: Zamazenta|Iron Defense|p1a: Zamazenta\n|-boost|p1a: Zamazenta|def|2\n|move|p2a: Archaludon|Swords Dance|p2a: Archaludon\n|-boost|p2a: Archaludon|atk|2\n|\n|upkeep\n|turn|13\n|inactive|Time left: 300 sec this turn | 300 sec total\n|\n|t:|1783543088\n|-terastallize|p2a: Archaludon|Ground\n|move|p1a: Zamazenta|Iron Defense|p1a: Zamazenta\n|-boost|p1a: Zamazenta|def|2\n|move|p2a: Archaludon|Earthquake|p1a: Zamazenta\n|-supereffective|p1a: Zamazenta\n|-damage|p1a: Zamazenta|58/100\n|\n|upkeep\n|turn|14\n|inactive|Time left: 300 sec this turn | 300 sec total\n|\n|t:|1783543089\n|move|p1a: Zamazenta|Body Press|p2a: Archaludon\n|-damage|p2a: Archaludon|104/268\n|-ability|p2a: Archaludon|Stamina|boost\n|-boost|p2a: Archaludon|def|1\n|move|p2a: Archaludon|Earthquake|p1a: Zamazenta\n|-supereffective|p1a: Zamazenta\n|-damage|p1a: Zamazenta|9/100\n|\n|upkeep\n|turn|15\n|inactive|Time left: 300 sec this turn | 300 sec total\n|\n|t:|1783543090\n|move|p1a: Zamazenta|Body Press|p2a: Archaludon\n|-damage|p2a: Archaludon|20/268\n|-ability|p2a: Archaludon|Stamina|boost\n|-boost|p2a: Archaludon|def|1\n|move|p2a: Archaludon|Outrage|p1a: Zamazenta\n|-resisted|p1a: Zamazenta\n|-damage|p1a: Zamazenta|0 fnt\n|faint|p1a: Zamazenta\n|\n|upkeep\n|\n|t:|1783543091\n|switch|p1a: Grafaiai|Grafaiai, L86, M|100/100\n|turn|16\n|inactive|Time left: 300 sec this turn | 300 sec total\n|\n|t:|1783543093\n|move|p1a: Grafaiai|Knock Off|p2a: Archaludon\n|-damage|p2a: Archaludon|0 fnt\n|-enditem|p2a: Archaludon|Lum Berry|[from] move: Knock Off|[of] p1a: Grafaiai\n|faint|p2a: Archaludon\n|-damage|p1a: Grafaiai|91/100|[from] item: Life Orb\n|\n|upkeep\n|inactive|Time left: 300 sec this turn | 300 sec total | 5 sec grace\n|\n|t:|1783543094\n|switch|p2a: Dusknoir|Dusknoir, L89, M|19/225\n|-item|p1a: Grafaiai|Life Orb|[from] ability: Frisk|[of] p2a: Dusknoir\n|turn|17\n|inactive|Time left: 300 sec this turn | 300 sec total\n|\n|t:|1783543095\n|move|p1a: Grafaiai|Knock Off|p2a: Dusknoir\n|-supereffective|p2a: Dusknoir\n|-damage|p2a: Dusknoir|0 fnt\n|faint|p2a: Dusknoir\n|-damage|p1a: Grafaiai|81/100|[from] item: Life Orb\n|\n|upkeep\n|inactive|Time left: 300 sec this turn | 300 sec total | 5 sec grace\n|\n|t:|1783543096\n|switch|p2a: Kingdra|Kingdra, L84, F|263/263\n|turn|18\n|inactive|Time left: 300 sec this turn | 300 sec total\n|\n|t:|1783543097\n|move|p1a: Grafaiai|Gunk Shot|p2a: Kingdra\n|-damage|p2a: Kingdra|114/263\n|-damage|p1a: Grafaiai|72/100|[from] item: Life Orb\n|move|p2a: Kingdra|Wave Crash|p1a: Grafaiai\n|-damage|p1a: Grafaiai|0 fnt\n|faint|p1a: Grafaiai\n|-damage|p2a: Kingdra|56/263|[from] Recoil\n|-damage|p2a: Kingdra|30/263|[from] item: Life Orb\n|\n|upkeep\n|\n|t:|1783543098\n|switch|p1a: Gastrodon|Gastrodon, L86, F|100/100\n|turn|19\n|inactive|Time left: 300 sec this turn | 300 sec total\n|\n|t:|1783543098\n|switch|p2a: Chesnaught|Chesnaught, L84, F|231/285\n|move|p1a: Gastrodon|Stealth Rock|p2a: Chesnaught\n|-sidestart|p2: p0y3409eae|move: Stealth Rock\n|\n|-heal|p2a: Chesnaught|248/285|[from] item: Leftovers\n|upkeep\n|turn|20\n|inactive|Time left: 300 sec this turn | 300 sec total\n|\n|t:|1783543099\n|switch|p1a: Exeggutor|Exeggutor, L89, F|100/100\n|move|p2a: Chesnaught|Wood Hammer|p1a: Exeggutor\n|-resisted|p1a: Exeggutor\n|-damage|p1a: Exeggutor|80/100\n|-damage|p2a: Chesnaught|227/285|[from] Recoil\n|\n|-heal|p2a: Chesnaught|244/285|[from] item: Leftovers\n|upkeep\n|turn|21\n|inactive|Time left: 300 sec this turn | 300 sec total\n|\n|t:|1783543100\n|move|p2a: Chesnaught|Knock Off|p1a: Exeggutor\n|-supereffective|p1a: Exeggutor\n|-damage|p1a: Exeggutor|33/100\n|-enditem|p1a: Exeggutor|Sitrus Berry|[from] move: Knock Off|[of] p2a: Chesnaught\n|move|p1a: Exeggutor|Psychic|p2a: Chesnaught\n|-supereffective|p2a: Chesnaught\n|-crit|p2a: Chesnaught\n|-damage|p2a: Chesnaught|0 fnt\n|faint|p2a: Chesnaught\n|\n|upkeep\n|inactive|Time left: 300 sec this turn | 300 sec total | 5 sec grace\n|\n|t:|1783543101\n|switch|p2a: Polteageist|Polteageist-Antique, L78|222/222\n|-damage|p2a: Polteageist|195/222|[from] Stealth Rock\n|turn|22\n|inactive|Time left: 300 sec this turn | 300 sec total\n|\n|t:|1783543102\n|switch|p1a: Gastrodon|Gastrodon, L86, F|100/100\n|move|p2a: Polteageist|Shadow Ball|p1a: Gastrodon\n|-damage|p1a: Gastrodon|71/100\n|\n|-heal|p1a: Gastrodon|78/100|[from] item: Leftovers\n|upkeep\n|turn|23\n|inactive|Time left: 300 sec this turn | 300 sec total\n|\n|t:|1783543103\n|move|p2a: Polteageist|Shell Smash|p2a: Polteageist\n|-unboost|p2a: Polteageist|def|1\n|-unboost|p2a: Polteageist|spd|1\n|-boost|p2a: Polteageist|atk|2\n|-boost|p2a: Polteageist|spa|2\n|-boost|p2a: Polteageist|spe|2\n|-enditem|p2a: Polteageist|White Herb\n|-clearnegativeboost|p2a: Polteageist|[silent]\n|move|p1a: Gastrodon|Earthquake|p2a: Polteageist\n|-damage|p2a: Polteageist|53/222\n|\n|-heal|p1a: Gastrodon|84/100|[from] item: Leftovers\n|upkeep\n|turn|24\n|inactive|Time left: 300 sec this turn | 300 sec total\n|\n|t:|1783543104\n|move|p2a: Polteageist|Stored Power|p1a: Gastrodon\n|-damage|p1a: Gastrodon|17/100\n|move|p1a: Gastrodon|Earthquake|p2a: Polteageist\n|-damage|p2a: Polteageist|0 fnt\n|faint|p2a: Polteageist\n|\n|-heal|p1a: Gastrodon|23/100|[from] item: Leftovers\n|upkeep\n|inactive|Time left: 300 sec this turn | 300 sec total | 5 sec grace\n|\n|t:|1783543105\n|switch|p2a: Primarina|Primarina, L83, M|37/268\n|-damage|p2a: Primarina|4/268|[from] Stealth Rock\n|turn|25\n|inactive|Time left: 300 sec this turn | 300 sec total\n|\n|t:|1783543106\n|-terastallize|p1a: Gastrodon|Poison\n|move|p2a: Primarina|Psychic|p1a: Gastrodon\n|-supereffective|p1a: Gastrodon\n|-damage|p1a: Gastrodon|0 fnt\n|faint|p1a: Gastrodon\n|\n|-heal|p2a: Primarina|20/268|[from] item: Leftovers\n|upkeep\n|\n|t:|1783543107\n|switch|p1a: Exeggutor|Exeggutor, L89, F|33/100\n|turn|26\n|inactive|Time left: 300 sec this turn | 300 sec total\n|\n|t:|1783543108\n|move|p1a: Exeggutor|Psychic|p2a: Primarina\n|-damage|p2a: Primarina|0 fnt\n|faint|p2a: Primarina\n|\n|upkeep\n|inactive|Time left: 300 sec this turn | 300 sec total | 5 sec grace\n|\n|t:|1783543108\n|switch|p2a: Kingdra|Kingdra, L84, F|30/263\n|-damage|p2a: Kingdra|0 fnt|[from] Stealth Rock\n|faint|p2a: Kingdra\n|\n|win|p0x340e327", "uploadtime": 1783543109, "views": 0, "rating": 0, "private": 0, "password": null, "_winner": "p0x340e327", "_our_name": "p0y3409eae"}