{"id": "battle-gen9randombattle-221", "formatid": "gen9randombattle", "format": "[Gen 9] Random Battle", "players": ["p0x2212bd5", "p0y221e88a"], "log": "|init|battle\n|title|p0x2212bd5 vs. p0y221e88a\n|j|\u2606p0x2212bd5\n|j|\u2606p0y221e88a\n|t:|1783535811\n|gametype|singles\n|player|p1|p0x2212bd5|169|\n|player|p2|p0y221e88a|266|\n|gen|9\n|tier|[Gen 9] Random Battle\n|rule|Species Clause: Limit one of each Pok\u00e9mon\n|rule|HP Percentage Mod: HP is shown in percentages\n|rule|Sleep Clause Mod: Limit one foe put to sleep\n|rule|Illusion Level Mod: Illusion disguises the Pok\u00e9mon's true level\n|\n|t:|1783535811\n|teamsize|p1|6\n|teamsize|p2|6\n|start\n|switch|p1a: Spidops|Spidops, L96, F|271/271\n|switch|p2a: Mesprit|Mesprit, L85|100/100\n|turn|1\n|inactive|Battle timer is ON: inactive players will automatically lose when time's up. (requested by p0x2212bd5)\n|\n|t:|1783535813\n|move|p2a: Mesprit|Stealth Rock|p1a: Spidops\n|-sidestart|p1: p0x2212bd5|move: Stealth Rock\n|move|p1a: Spidops|Sticky Web|p2a: Mesprit\n|-sidestart|p2: p0y221e88a|move: Sticky Web\n|\n|upkeep\n|turn|2\n|inactive|Time left: 300 sec this turn | 300 sec total\n|inactive|p0y221e88a also wants the timer to be on.\n|\n|t:|1783535814\n|move|p2a: Mesprit|Knock Off|p1a: Spidops\n|-damage|p1a: Spidops|208/271\n|-enditem|p1a: Spidops|Heavy-Duty Boots|[from] move: Knock Off|[of] p2a: Mesprit\n|move|p1a: Spidops|U-turn|p2a: Mesprit\n|-supereffective|p2a: Mesprit\n|-damage|p2a: Mesprit|52/100\n|inactive|Time left: 300 sec this turn | 300 sec total | 5 sec grace\n|\n|t:|1783535815\n|switch|p1a: Wugtrio|Wugtrio, L91, F|212/212|[from] U-turn\n|-damage|p1a: Wugtrio|186/212|[from] Stealth Rock\n|\n|-heal|p2a: Mesprit|58/100|[from] item: Leftovers\n|upkeep\n|turn|3\n|inactive|Time left: 300 sec this turn | 300 sec total\n|\n|t:|1783535816\n|move|p1a: Wugtrio|Liquidation|p2a: Mesprit\n|-damage|p2a: Mesprit|8/100\n|move|p2a: Mesprit|Psychic Noise|p1a: Wugtrio\n|-damage|p1a: Wugtrio|81/212\n|-start|p1a: Wugtrio|move: Heal Block\n|\n|-heal|p2a: Mesprit|15/100|[from] item: Leftovers\n|upkeep\n|turn|4\n|inactive|Time left: 300 sec this turn | 300 sec total\n|\n|t:|1783535818\n|move|p1a: Wugtrio|Liquidation|p2a: Mesprit\n|-crit|p2a: Mesprit\n|-damage|p2a: Mesprit|0 fnt\n|faint|p2a: Mesprit\n|\n|-end|p1a: Wugtrio|move: Heal Block\n|upkeep\n|\n|t:|1783535819\n|switch|p2a: Ariados|Ariados, L95, M|100/100\n|turn|5\n|inactive|Time left: 300 sec this turn | 300 sec total\n|\n|t:|1783535820\n|move|p1a: Wugtrio|Liquidation|p2a: Ariados\n|-damage|p2a: Ariados|37/100\n|move|p2a: Ariados|Sticky Web|p1a: Wugtrio\n|-sidestart|p1: p0x2212bd5|move: Sticky Web\n|\n|upkeep\n|turn|6\n|inactive|Time left: 300 sec this turn | 300 sec total\n|\n|t:|1783535820\n|switch|p2a: Tinkaton|Tinkaton, L82, F|100/100\n|-activate|p2a: Tinkaton|move: Sticky Web\n|-unboost|p2a: Tinkaton|spe|1\n|-ability|p2a: Tinkaton|Mold Breaker\n|move|p1a: Wugtrio|Liquidation|p2a: Tinkaton\n|-damage|p2a: Tinkaton|38/100\n|\n|-heal|p2a: Tinkaton|44/100|[from] item: Leftovers\n|upkeep\n|turn|7\n|inactive|Time left: 300 sec this turn | 300 sec total\n|\n|t:|1783535821\n|move|p2a: Tinkaton|Protect|p2a: Tinkaton\n|-singleturn|p2a: Tinkaton|Protect\n|move|p1a: Wugtrio|Liquidation|p2a: Tinkaton\n|-activate|p2a: Tinkaton|move: Protect\n|\n|-heal|p2a: Tinkaton|50/100|[from] item: Leftovers\n|upkeep\n|turn|8\n|inactive|Time left: 300 sec this turn | 300 sec total\n|\n|t:|1783535822\n|move|p2a: Tinkaton|Protect|p2a: Tinkaton\n|-singleturn|p2a: Tinkaton|Protect\n|move|p1a: Wugtrio|Liquidation|p2a: Tinkaton\n|-activate|p2a: Tinkaton|move: Protect\n|\n|-heal|p2a: Tinkaton|56/100|[from] item: Leftovers\n|upkeep\n|turn|9\n|inactive|Time left: 300 sec this turn | 300 sec total\n|\n|t:|1783535823\n|move|p1a: Wugtrio|Liquidation|p2a: Tinkaton\n|-damage|p2a: Tinkaton|0 fnt\n|faint|p2a: Tinkaton\n|\n|upkeep\n|\n|t:|1783535824\n|switch|p2a: Lycanroc|Lycanroc-Dusk, L81, M|100/100\n|-activate|p2a: Lycanroc|move: Sticky Web\n|-unboost|p2a: Lycanroc|spe|1\n|turn|10\n|inactive|Time left: 300 sec this turn | 300 sec total\n|\n|t:|1783535825\n|move|p2a: Lycanroc|Accelerock|p1a: Wugtrio\n|-damage|p1a: Wugtrio|0 fnt\n|-ability|p1a: Wugtrio|Gooey\n|-unboost|p2a: Lycanroc|spe|1\n|faint|p1a: Wugtrio\n|\n|upkeep\n|inactive|Time left: 300 sec this turn | 300 sec total | 5 sec grace\n|\n|t:|1783535826\n|switch|p1a: Orthworm|Orthworm, L88, F|266/266\n|-damage|p1a: Orthworm|250/266|[from] Stealth Rock\n|-activate|p1a: Orthworm|move: Sticky Web\n|-unboost|p1a: Orthworm|spe|1\n|turn|11\n|inactive|Time left: 300 sec this turn | 300 sec total\n|\n|t:|1783535827\n|switch|p2a: Ariados|Ariados, L95, M|37/100\n|move|p1a: Orthworm|Coil|p1a: Orthworm\n|-boost|p1a: Orthworm|atk|1\n|-boost|p1a: Orthworm|def|1\n|-boost|p1a: Orthworm|accuracy|1\n|\n|upkeep\n|turn|12\n|inactive|Time left: 300 sec this turn | 300 sec total\n|\n|t:|1783535828\n|move|p2a: Ariados|Toxic Spikes|p1a: Orthworm\n|-sidestart|p1: p0x2212bd5|move: Toxic Spikes\n|move|p1a: Orthworm|Iron Tail|p2a: Ariados\n|-damage|p2a: Ariados|0 fnt\n|faint|p2a: Ariados\n|\n|upkeep\n|\n|t:|1783535829\n|switch|p2a: Iron Valiant|Iron Valiant, L78|100/100\n|-activate|p2a: Iron Valiant|move: Sticky Web\n|-unboost|p2a: Iron Valiant|spe|1\n|turn|13\n|inactive|Time left: 300 sec this turn | 300 sec total\n|\n|t:|1783535830\n|move|p2a: Iron Valiant|Close Combat|p1a: Orthworm\n|-supereffective|p1a: Orthworm\n|-damage|p1a: Orthworm|94/266\n|-unboost|p2a: Iron Valiant|def|1\n|-unboost|p2a: Iron Valiant|spd|1\n|-damage|p2a: Iron Valiant|91/100|[from] item: Life Orb\n|move|p1a: Orthworm|Iron Tail|p2a: Iron Valiant\n|-supereffective|p2a: Iron Valiant\n|-damage|p2a: Iron Valiant|0 fnt\n|faint|p2a: Iron Valiant\n|-end|p2a: Iron Valiant|Quark Drive|[silent]\n|\n|upkeep\n|\n|t:|1783535831\n|switch|p2a: Lycanroc|Lycanroc-Dusk, L81, M|100/100\n|-activate|p2a: Lycanroc|move: Sticky Web\n|-unboost|p2a: Lycanroc|spe|1\n|turn|14\n|inactive|Time left: 300 sec this turn | 300 sec total\n|\n|t:|1783535832\n|-terastallize|p2a: Lycanroc|Fighting\n|move|p2a: Lycanroc|Close Combat|p1a: Orthworm\n|-supereffective|p1a: Orthworm\n|-damage|p1a: Orthworm|0 fnt\n|-unboost|p2a: Lycanroc|def|1\n|-unboost|p2a: Lycanroc|spd|1\n|faint|p1a: Orthworm\n|\n|upkeep\n|inactive|Time left: 300 sec this turn | 300 sec total | 5 sec grace\n|\n|t:|1783535833\n|switch|p1a: Toxicroak|Toxicroak, L84, M|277/277\n|-damage|p1a: Toxicroak|260/277|[from] Stealth Rock\n|-activate|p1a: Toxicroak|move: Sticky Web\n|-unboost|p1a: Toxicroak|spe|1\n|-sideend|p1: p0x2212bd5|move: Toxic Spikes|[of] p1a: Toxicroak\n|turn|15\n|inactive|Time left: 300 sec this turn | 300 sec total\n|\n|t:|1783535834\n|switch|p2a: Probopass|Probopass, L91, F|100/100\n|-activate|p2a: Probopass|move: Sticky Web\n|-unboost|p2a: Probopass|spe|1\n|move|p1a: Toxicroak|Close Combat|p2a: Probopass\n|-supereffective|p2a: Probopass\n|-damage|p2a: Probopass|0 fnt\n|-unboost|p1a: Toxicroak|def|1\n|-unboost|p1a: Toxicroak|spd|1\n|faint|p2a: Probopass\n|-damage|p1a: Toxicroak|233/277|[from] item: Life Orb\n|\n|upkeep\n|\n|t:|1783535835\n|switch|p2a: Lycanroc|Lycanroc-Dusk, L81, M, tera:Fighting|100/100\n|-activate|p2a: Lycanroc|move: Sticky Web\n|-unboost|p2a: Lycanroc|spe|1\n|turn|16\n|inactive|Time left: 300 sec this turn | 300 sec total\n|\n|t:|1783535836\n|move|p2a: Lycanroc|Stone Edge|p1a: Toxicroak\n|-resisted|p1a: Toxicroak\n|-damage|p1a: Toxicroak|66/277\n|move|p1a: Toxicroak|Close Combat|p2a: Lycanroc\n|-damage|p2a: Lycanroc|4/100\n|-unboost|p1a: Toxicroak|def|1\n|-unboost|p1a: Toxicroak|spd|1\n|-damage|p1a: Toxicroak|39/277|[from] item: Life Orb\n|\n|upkeep\n|turn|17\n|inactive|Time left: 300 sec this turn | 300 sec total\n|\n|t:|1783535837\n|-terastallize|p1a: Toxicroak|Dark\n|move|p1a: Toxicroak|Sucker Punch|p2a: Lycanroc\n|-resisted|p2a: Lycanroc\n|-damage|p2a: Lycanroc|0 fnt\n|faint|p2a: Lycanroc\n|-damage|p1a: Toxicroak|12/277|[from] item: Life Orb\n|\n|win|p0x2212bd5", "uploadtime": 1783535837, "views": 0, "rating": 0, "private": 0, "password": null, "_winner": "p0x2212bd5", "_our_name": "p0x2212bd5"}