{"id": "battle-gen9randombattle-912", "formatid": "gen9randombattle", "format": "[Gen 9] Random Battle", "players": ["p0x912857f", "p0y912c210"], "log": "|init|battle\n|title|p0x912857f vs. p0y912c210\n|j|\u2606p0x912857f\n|j|\u2606p0y912c210\n|t:|1783549725\n|gametype|singles\n|player|p1|p0x912857f|170|\n|player|p2|p0y912c210|1|\n|gen|9\n|tier|[Gen 9] Random Battle\n|rule|Species Clause: Limit one of each Pok\u00e9mon\n|rule|HP Percentage Mod: HP is shown in percentages\n|rule|Sleep Clause Mod: Limit one foe put to sleep\n|rule|Illusion Level Mod: Illusion disguises the Pok\u00e9mon's true level\n|\n|t:|1783549725\n|teamsize|p1|6\n|teamsize|p2|6\n|start\n|switch|p1a: Shiftry|Shiftry, L89, M|305/305\n|switch|p2a: Fezandipiti|Fezandipiti, L82, M|100/100\n|turn|1\n|inactive|Battle timer is ON: inactive players will automatically lose when time's up. (requested by p0y912c210)\n|inactive|Time left: 300 sec this turn | 300 sec total | 60 sec grace\n|inactive|p0x912857f also wants the timer to be on.\n|\n|t:|1783549727\n|switch|p1a: Glastrier|Glastrier, L86|311/311\n|move|p2a: Fezandipiti|Gunk Shot|p1a: Glastrier\n|-damage|p1a: Glastrier|223/311\n|-status|p1a: Glastrier|psn\n|\n|-damage|p1a: Glastrier|185/311 psn|[from] psn\n|upkeep\n|turn|2\n|inactive|Time left: 300 sec this turn | 300 sec total\n|\n|t:|1783549729\n|move|p2a: Fezandipiti|Moonblast|p1a: Glastrier\n|-damage|p1a: Glastrier|119/311 psn\n|move|p1a: Glastrier|High Horsepower|p2a: Fezandipiti\n|-supereffective|p2a: Fezandipiti\n|-damage|p2a: Fezandipiti|0 fnt\n|faint|p2a: Fezandipiti\n|-ability|p1a: Glastrier|Chilling Neigh|boost\n|-boost|p1a: Glastrier|atk|1\n|\n|-damage|p1a: Glastrier|81/311 psn|[from] psn\n|upkeep\n|\n|t:|1783549730\n|switch|p2a: Altaria|Altaria, L89, F|100/100\n|turn|3\n|inactive|Time left: 300 sec this turn | 300 sec total\n|\n|t:|1783549731\n|switch|p1a: Lapras|Lapras, L87, M|367/367\n|move|p2a: Altaria|Brave Bird|p1a: Lapras\n|-damage|p1a: Lapras|258/367\n|-damage|p2a: Altaria|88/100|[from] Recoil\n|\n|upkeep\n|turn|4\n|inactive|Time left: 300 sec this turn | 300 sec total\n|\n|t:|1783549732\n|switch|p2a: Toxicroak|Toxicroak, L84, M|100/100\n|move|p1a: Lapras|Freeze-Dry|p2a: Toxicroak\n|-damage|p2a: Toxicroak|55/100\n|\n|upkeep\n|turn|5\n|inactive|Time left: 300 sec this turn | 300 sec total\n|\n|t:|1783549733\n|move|p2a: Toxicroak|Close Combat|p1a: Lapras\n|-supereffective|p1a: Lapras\n|-damage|p1a: Lapras|0 fnt\n|-unboost|p2a: Toxicroak|def|1\n|-unboost|p2a: Toxicroak|spd|1\n|faint|p1a: Lapras\n|-damage|p2a: Toxicroak|45/100|[from] item: Life Orb\n|\n|upkeep\n|inactive|Time left: 300 sec this turn | 300 sec total | 5 sec grace\n|\n|t:|1783549734\n|switch|p1a: Venomoth|Venomoth, L84, M|255/255\n|turn|6\n|inactive|Time left: 300 sec this turn | 300 sec total\n|\n|t:|1783549736\n|switch|p2a: Altaria|Altaria, L89, F|88/100\n|move|p1a: Venomoth|Quiver Dance|p1a: Venomoth\n|-boost|p1a: Venomoth|spa|1\n|-boost|p1a: Venomoth|spd|1\n|-boost|p1a: Venomoth|spe|1\n|\n|upkeep\n|turn|7\n|inactive|Time left: 300 sec this turn | 300 sec total\n|\n|t:|1783549737\n|move|p1a: Venomoth|Sleep Powder|p2a: Altaria\n|-status|p2a: Altaria|slp|[from] move: Sleep Powder\n|cant|p2a: Altaria|slp\n|\n|upkeep\n|turn|8\n|inactive|Time left: 300 sec this turn | 300 sec total\n|\n|t:|1783549738\n|move|p1a: Venomoth|Bug Buzz|p2a: Altaria\n|-resisted|p2a: Altaria\n|-damage|p2a: Altaria|51/100 slp\n|cant|p2a: Altaria|slp\n|\n|upkeep\n|turn|9\n|inactive|Time left: 300 sec this turn | 300 sec total\n|\n|t:|1783549739\n|-terastallize|p1a: Venomoth|Bug\n|move|p1a: Venomoth|Bug Buzz|p2a: Altaria\n|-resisted|p2a: Altaria\n|-damage|p2a: Altaria|0 fnt\n|faint|p2a: Altaria\n|\n|upkeep\n|\n|t:|1783549739\n|switch|p2a: Scyther|Scyther, L82, M|100/100\n|turn|10\n|inactive|Time left: 300 sec this turn | 300 sec total\n|\n|t:|1783549740\n|move|p1a: Venomoth|Sleep Powder|p2a: Scyther\n|-status|p2a: Scyther|slp|[from] move: Sleep Powder\n|cant|p2a: Scyther|slp\n|\n|upkeep\n|turn|11\n|inactive|Time left: 300 sec this turn | 300 sec total\n|\n|t:|1783549741\n|move|p1a: Venomoth|Bug Buzz|p2a: Scyther\n|-resisted|p2a: Scyther\n|-damage|p2a: Scyther|24/100 slp\n|cant|p2a: Scyther|slp\n|\n|upkeep\n|turn|12\n|inactive|Time left: 300 sec this turn | 300 sec total\n|\n|t:|1783549742\n|move|p1a: Venomoth|Bug Buzz|p2a: Scyther\n|-resisted|p2a: Scyther\n|-damage|p2a: Scyther|0 fnt\n|faint|p2a: Scyther\n|\n|upkeep\n|\n|t:|1783549743\n|switch|p2a: Iron Thorns|Iron Thorns, L83|100/100\n|turn|13\n|inactive|Time left: 300 sec this turn | 300 sec total\n|\n|t:|1783549744\n|move|p1a: Venomoth|Sleep Powder|p2a: Iron Thorns\n|-status|p2a: Iron Thorns|slp|[from] move: Sleep Powder\n|cant|p2a: Iron Thorns|slp\n|\n|upkeep\n|turn|14\n|inactive|Time left: 300 sec this turn | 300 sec total\n|\n|t:|1783549745\n|move|p1a: Venomoth|Bug Buzz|p2a: Iron Thorns\n|-damage|p2a: Iron Thorns|39/100 slp\n|-unboost|p2a: Iron Thorns|spd|1\n|-curestatus|p2a: Iron Thorns|slp|[msg]\n|move|p2a: Iron Thorns|Stone Edge|p1a: Venomoth\n|-supereffective|p1a: Venomoth\n|-damage|p1a: Venomoth|0 fnt\n|faint|p1a: Venomoth\n|\n|upkeep\n|inactive|Time left: 300 sec this turn | 300 sec total | 5 sec grace\n|\n|t:|1783549746\n|switch|p1a: Emboar|Emboar, L84, F|322/322\n|turn|15\n|inactive|Time left: 300 sec this turn | 300 sec total\n|\n|t:|1783549746\n|move|p2a: Iron Thorns|Stone Edge|p1a: Emboar\n|-damage|p1a: Emboar|156/322\n|move|p1a: Emboar|Flare Blitz|p2a: Iron Thorns\n|-resisted|p2a: Iron Thorns\n|-damage|p2a: Iron Thorns|2/100\n|-status|p2a: Iron Thorns|brn\n|-damage|p1a: Emboar|120/322|[from] Recoil\n|\n|-damage|p2a: Iron Thorns|0 fnt|[from] brn\n|faint|p2a: Iron Thorns\n|-end|p2a: Iron Thorns|Quark Drive|[silent]\n|upkeep\n|\n|t:|1783549747\n|switch|p2a: Lokix|Lokix, L82, M|100/100\n|turn|16\n|inactive|Time left: 300 sec this turn | 300 sec total\n|\n|t:|1783549748\n|switch|p1a: Alomomola|Alomomola, L87, F|429/429\n|move|p2a: Lokix|Knock Off|p1a: Alomomola\n|-damage|p1a: Alomomola|291/429\n|-damage|p2a: Lokix|84/100|[from] item: Rocky Helmet|[of] p1a: Alomomola\n|-enditem|p1a: Alomomola|Rocky Helmet|[from] move: Knock Off|[of] p2a: Lokix\n|-damage|p2a: Lokix|74/100|[from] item: Life Orb\n|\n|upkeep\n|turn|17\n|inactive|Time left: 300 sec this turn | 300 sec total\n|\n|t:|1783549749\n|switch|p2a: Toxicroak|Toxicroak, L84, M|45/100\n|move|p1a: Alomomola|Wish|p1a: Alomomola\n|\n|upkeep\n|turn|18\n|inactive|Time left: 300 sec this turn | 300 sec total\n|\n|t:|1783549750\n|switch|p1a: Glastrier|Glastrier, L86|81/311 psn\n|move|p2a: Toxicroak|Gunk Shot|p1a: Glastrier|[miss]\n|-miss|p2a: Toxicroak|p1a: Glastrier\n|\n|-heal|p1a: Glastrier|295/311 psn|[from] move: Wish|[wisher] Alomomola\n|-damage|p1a: Glastrier|257/311 psn|[from] psn\n|upkeep\n|turn|19\n|inactive|Time left: 300 sec this turn | 300 sec total\n|\n|t:|1783549751\n|switch|p1a: Alomomola|Alomomola, L87, F|429/429\n|move|p2a: Toxicroak|Close Combat|p1a: Alomomola\n|-damage|p1a: Alomomola|252/429\n|-unboost|p2a: Toxicroak|def|1\n|-unboost|p2a: Toxicroak|spd|1\n|-damage|p2a: Toxicroak|36/100|[from] item: Life Orb\n|\n|upkeep\n|turn|20\n|inactive|Time left: 300 sec this turn | 300 sec total\n|\n|t:|1783549752\n|move|p2a: Toxicroak|Swords Dance|p2a: Toxicroak\n|-boost|p2a: Toxicroak|atk|2\n|move|p1a: Alomomola|Wish|p1a: Alomomola\n|\n|upkeep\n|turn|21\n|inactive|Time left: 300 sec this turn | 300 sec total\n|\n|t:|1783549753\n|move|p1a: Alomomola|Protect|p1a: Alomomola\n|-singleturn|p1a: Alomomola|Protect\n|move|p2a: Toxicroak|Close Combat|p1a: Alomomola\n|-activate|p1a: Alomomola|move: Protect\n|\n|-heal|p1a: Alomomola|429/429|[from] move: Wish|[wisher] Alomomola\n|upkeep\n|turn|22\n|inactive|Time left: 300 sec this turn | 300 sec total\n|\n|t:|1783549754\n|switch|p1a: Emboar|Emboar, L84, F|120/322\n|move|p2a: Toxicroak|Gunk Shot|p1a: Emboar\n|-damage|p1a: Emboar|0 fnt\n|faint|p1a: Emboar\n|-damage|p2a: Toxicroak|26/100|[from] item: Life Orb\n|\n|upkeep\n|inactive|Time left: 300 sec this turn | 300 sec total | 5 sec grace\n|\n|t:|1783549755\n|switch|p1a: Shiftry|Shiftry, L89, M|305/305\n|turn|23\n|inactive|Time left: 300 sec this turn | 300 sec total\n|\n|t:|1783549756\n|switch|p2a: Lokix|Lokix, L82, M|74/100\n|move|p1a: Shiftry|Knock Off|p2a: Lokix\n|-resisted|p2a: Lokix\n|-damage|p2a: Lokix|48/100\n|-enditem|p2a: Lokix|Life Orb|[from] move: Knock Off|[of] p1a: Shiftry\n|\n|upkeep\n|turn|24\n|inactive|Time left: 300 sec this turn | 300 sec total\n|\n|t:|1783549757\n|switch|p1a: Glastrier|Glastrier, L86|257/311 psn\n|move|p2a: Lokix|Leech Life|p1a: Glastrier\n|-damage|p1a: Glastrier|196/311 psn\n|-heal|p2a: Lokix|61/100|[from] drain|[of] p1a: Glastrier\n|\n|-damage|p1a: Glastrier|158/311 psn|[from] psn\n|upkeep\n|turn|25\n|inactive|Time left: 300 sec this turn | 300 sec total\n|\n|t:|1783549758\n|move|p2a: Lokix|Leech Life|p1a: Glastrier\n|-damage|p1a: Glastrier|101/311 psn\n|-heal|p2a: Lokix|72/100|[from] drain|[of] p1a: Glastrier\n|move|p1a: Glastrier|Icicle Crash|p2a: Lokix\n|-damage|p2a: Lokix|0 fnt\n|faint|p2a: Lokix\n|-ability|p1a: Glastrier|Chilling Neigh|boost\n|-boost|p1a: Glastrier|atk|1\n|\n|-damage|p1a: Glastrier|63/311 psn|[from] psn\n|upkeep\n|\n|t:|1783549759\n|switch|p2a: Toxicroak|Toxicroak, L84, M|26/100\n|turn|26\n|inactive|Time left: 300 sec this turn | 300 sec total\n|\n|t:|1783549760\n|-terastallize|p2a: Toxicroak|Dark\n|move|p2a: Toxicroak|Close Combat|p1a: Glastrier\n|-supereffective|p1a: Glastrier\n|-damage|p1a: Glastrier|0 fnt\n|-unboost|p2a: Toxicroak|def|1\n|-unboost|p2a: Toxicroak|spd|1\n|faint|p1a: Glastrier\n|-damage|p2a: Toxicroak|16/100|[from] item: Life Orb\n|\n|upkeep\n|inactive|Time left: 300 sec this turn | 300 sec total | 5 sec grace\n|\n|t:|1783549761\n|switch|p1a: Shiftry|Shiftry, L89, M|305/305\n|turn|27\n|inactive|Time left: 300 sec this turn | 300 sec total\n|\n|t:|1783549762\n|move|p1a: Shiftry|Knock Off|p2a: Toxicroak\n|-resisted|p2a: Toxicroak\n|-crit|p2a: Toxicroak\n|-damage|p2a: Toxicroak|0 fnt\n|-enditem|p2a: Toxicroak|Life Orb|[from] move: Knock Off|[of] p1a: Shiftry\n|faint|p2a: Toxicroak\n|\n|win|p0x912857f", "uploadtime": 1783549762, "views": 0, "rating": 0, "private": 0, "password": null, "_winner": "p0x912857f", "_our_name": "p0x912857f"}