{"id": "battle-gen9randombattle-1499", "formatid": "gen9randombattle", "format": "[Gen 9] Random Battle", "players": ["p0x149908ed", "p0y14995f9f"], "log": "|init|battle\n|title|p0x149908ed vs. p0y14995f9f\n|j|\u2606p0x149908ed\n|j|\u2606p0y14995f9f\n|t:|1783557452\n|gametype|singles\n|player|p1|p0x149908ed|265|\n|player|p2|p0y14995f9f|169|\n|gen|9\n|tier|[Gen 9] Random Battle\n|rule|Species Clause: Limit one of each Pok\u00e9mon\n|rule|HP Percentage Mod: HP is shown in percentages\n|rule|Sleep Clause Mod: Limit one foe put to sleep\n|rule|Illusion Level Mod: Illusion disguises the Pok\u00e9mon's true level\n|\n|t:|1783557452\n|teamsize|p1|6\n|teamsize|p2|6\n|start\n|switch|p1a: Orthworm|Orthworm, L88, F|100/100\n|switch|p2a: Regieleki|Regieleki, L79|256/256\n|turn|1\n|inactive|Battle timer is ON: inactive players will automatically lose when time's up. (requested by p0y14995f9f)\n|inactive|p0x149908ed also wants the timer to be on.\n|\n|t:|1783557453\n|move|p2a: Regieleki|Thunderbolt|p1a: Orthworm\n|-damage|p1a: Orthworm|34/100\n|move|p1a: Orthworm|Stealth Rock|p2a: Regieleki\n|-sidestart|p2: p0y14995f9f|move: Stealth Rock\n|\n|-heal|p1a: Orthworm|40/100|[from] item: Leftovers\n|upkeep\n|turn|2\n|inactive|Time left: 300 sec this turn | 300 sec total\n|\n|t:|1783557454\n|switch|p1a: Decidueye|Decidueye-Hisui, L87, M|100/100\n|move|p2a: Regieleki|Rapid Spin|p1a: Decidueye\n|-damage|p1a: Decidueye|89/100\n|-boost|p2a: Regieleki|spe|1\n|-sideend|p2: p0y14995f9f|Stealth Rock|[from] move: Rapid Spin|[of] p2a: Regieleki\n|\n|-heal|p1a: Decidueye|95/100|[from] item: Leftovers\n|upkeep\n|turn|3\n|inactive|Time left: 300 sec this turn | 300 sec total\n|\n|t:|1783557456\n|move|p2a: Regieleki|Thunderbolt|p1a: Decidueye\n|-resisted|p1a: Decidueye\n|-damage|p1a: Decidueye|76/100\n|move|p1a: Decidueye|Triple Arrows|p2a: Regieleki\n|-crit|p2a: Regieleki\n|-damage|p2a: Regieleki|0 fnt\n|faint|p2a: Regieleki\n|\n|-heal|p1a: Decidueye|83/100|[from] item: Leftovers\n|upkeep\n|inactive|Time left: 300 sec this turn | 300 sec total | 5 sec grace\n|\n|t:|1783557457\n|switch|p2a: Staraptor|Staraptor, L79, M|263/263\n|turn|4\n|inactive|Time left: 300 sec this turn | 300 sec total\n|\n|t:|1783557458\n|switch|p1a: Raging Bolt|Raging Bolt, L78|100/100\n|-enditem|p1a: Raging Bolt|Booster Energy\n|-activate|p1a: Raging Bolt|ability: Protosynthesis|[fromitem]\n|-start|p1a: Raging Bolt|protosynthesisspa\n|move|p2a: Staraptor|Brave Bird|p1a: Raging Bolt\n|-resisted|p1a: Raging Bolt\n|-damage|p1a: Raging Bolt|62/100\n|-damage|p2a: Staraptor|222/263|[from] Recoil\n|\n|upkeep\n|turn|5\n|inactive|Time left: 300 sec this turn | 300 sec total\n|\n|t:|1783557459\n|switch|p2a: Bellossom|Bellossom, L84, M|263/263\n|move|p1a: Raging Bolt|Thunderbolt|p2a: Bellossom\n|-resisted|p2a: Bellossom\n|-damage|p2a: Bellossom|197/263\n|\n|-heal|p2a: Bellossom|213/263|[from] item: Leftovers\n|upkeep\n|turn|6\n|inactive|Time left: 300 sec this turn | 300 sec total\n|\n|t:|1783557460\n|move|p1a: Raging Bolt|Thunderbolt|p2a: Bellossom\n|-resisted|p2a: Bellossom\n|-damage|p2a: Bellossom|150/263\n|move|p2a: Bellossom|Quiver Dance|p2a: Bellossom\n|-boost|p2a: Bellossom|spa|1\n|-boost|p2a: Bellossom|spd|1\n|-boost|p2a: Bellossom|spe|1\n|\n|-heal|p2a: Bellossom|166/263|[from] item: Leftovers\n|upkeep\n|turn|7\n|inactive|Time left: 300 sec this turn | 300 sec total\n|\n|t:|1783557462\n|-end|p1a: Raging Bolt|Protosynthesis|[silent]\n|switch|p1a: Incineroar|Incineroar, L82, F|100/100\n|-ability|p1a: Incineroar|Intimidate|boost\n|-unboost|p2a: Bellossom|atk|1\n|move|p2a: Bellossom|Quiver Dance|p2a: Bellossom\n|-boost|p2a: Bellossom|spa|1\n|-boost|p2a: Bellossom|spd|1\n|-boost|p2a: Bellossom|spe|1\n|\n|-heal|p2a: Bellossom|182/263|[from] item: Leftovers\n|upkeep\n|turn|8\n|inactive|Time left: 300 sec this turn | 300 sec total\n|\n|t:|1783557463\n|move|p2a: Bellossom|Strength Sap|p1a: Incineroar\n|-unboost|p1a: Incineroar|atk|1\n|-heal|p2a: Bellossom|263/263\n|move|p1a: Incineroar|Swords Dance|p1a: Incineroar\n|-boost|p1a: Incineroar|atk|2\n|\n|upkeep\n|turn|9\n|inactive|Time left: 300 sec this turn | 300 sec total\n|\n|t:|1783557464\n|-terastallize|p2a: Bellossom|Poison\n|move|p2a: Bellossom|Sludge Bomb|p1a: Incineroar\n|-damage|p1a: Incineroar|35/100\n|move|p1a: Incineroar|Flare Blitz|p2a: Bellossom\n|-damage|p2a: Bellossom|64/263\n|-status|p2a: Bellossom|brn\n|-damage|p1a: Incineroar|12/100|[from] Recoil\n|\n|-heal|p2a: Bellossom|80/263 brn|[from] item: Leftovers\n|-damage|p2a: Bellossom|64/263 brn|[from] brn\n|upkeep\n|turn|10\n|inactive|Time left: 300 sec this turn | 300 sec total\n|\n|t:|1783557465\n|move|p2a: Bellossom|Strength Sap|p1a: Incineroar\n|-unboost|p1a: Incineroar|atk|1\n|-heal|p2a: Bellossom|263/263 brn\n|move|p1a: Incineroar|Knock Off|p2a: Bellossom\n|-damage|p2a: Bellossom|155/263 brn\n|-enditem|p2a: Bellossom|Leftovers|[from] move: Knock Off|[of] p1a: Incineroar\n|\n|-damage|p2a: Bellossom|139/263 brn|[from] brn\n|upkeep\n|turn|11\n|inactive|Time left: 300 sec this turn | 300 sec total\n|\n|t:|1783557466\n|switch|p1a: Orthworm|Orthworm, L88, F|40/100\n|move|p2a: Bellossom|Strength Sap|p1a: Orthworm\n|-unboost|p1a: Orthworm|atk|1\n|-heal|p2a: Bellossom|263/263 brn\n|\n|-heal|p1a: Orthworm|46/100|[from] item: Leftovers\n|-damage|p2a: Bellossom|247/263 brn|[from] brn\n|upkeep\n|turn|12\n|inactive|Time left: 300 sec this turn | 300 sec total\n|\n|t:|1783557467\n|move|p2a: Bellossom|Giga Drain|p1a: Orthworm\n|-resisted|p1a: Orthworm\n|-damage|p1a: Orthworm|11/100\n|-heal|p2a: Bellossom|263/263 brn|[from] drain|[of] p1a: Orthworm\n|move|p1a: Orthworm|Stealth Rock|p2a: Bellossom\n|-sidestart|p2: p0y14995f9f|move: Stealth Rock\n|\n|-heal|p1a: Orthworm|17/100|[from] item: Leftovers\n|-damage|p2a: Bellossom|247/263 brn|[from] brn\n|upkeep\n|turn|13\n|inactive|Time left: 300 sec this turn | 300 sec total\n|\n|t:|1783557468\n|switch|p1a: Oinkologne|Oinkologne-F, L92, F|100/100\n|move|p2a: Bellossom|Giga Drain|p1a: Oinkologne\n|-damage|p1a: Oinkologne|66/100\n|-heal|p2a: Bellossom|263/263 brn|[from] drain|[of] p1a: Oinkologne\n|\n|-heal|p1a: Oinkologne|72/100|[from] item: Leftovers\n|-damage|p2a: Bellossom|247/263 brn|[from] brn\n|upkeep\n|turn|14\n|inactive|Time left: 300 sec this turn | 300 sec total\n|\n|t:|1783557469\n|move|p2a: Bellossom|Sludge Bomb|p1a: Oinkologne\n|-damage|p1a: Oinkologne|31/100\n|move|p1a: Oinkologne|Body Slam|p2a: Bellossom\n|-damage|p2a: Bellossom|144/263 brn\n|\n|-heal|p1a: Oinkologne|37/100|[from] item: Leftovers\n|-damage|p2a: Bellossom|128/263 brn|[from] brn\n|upkeep\n|turn|15\n|inactive|Time left: 300 sec this turn | 300 sec total\n|\n|t:|1783557470\n|-terastallize|p1a: Oinkologne|Poison\n|move|p2a: Bellossom|Strength Sap|p1a: Oinkologne\n|-unboost|p1a: Oinkologne|atk|1\n|-heal|p2a: Bellossom|263/263 brn\n|move|p1a: Oinkologne|Body Slam|p2a: Bellossom\n|-damage|p2a: Bellossom|199/263 brn\n|\n|-heal|p1a: Oinkologne|43/100|[from] item: Leftovers\n|-damage|p2a: Bellossom|183/263 brn|[from] brn\n|upkeep\n|turn|16\n|inactive|Time left: 300 sec this turn | 300 sec total\n|\n|t:|1783557471\n|move|p2a: Bellossom|Quiver Dance|p2a: Bellossom\n|-boost|p2a: Bellossom|spa|1\n|-boost|p2a: Bellossom|spd|1\n|-boost|p2a: Bellossom|spe|1\n|move|p1a: Oinkologne|Rest|p1a: Oinkologne\n|-status|p1a: Oinkologne|slp|[from] move: Rest\n|-heal|p1a: Oinkologne|100/100 slp|[silent]\n|\n|-damage|p2a: Bellossom|167/263 brn|[from] brn\n|upkeep\n|turn|17\n|inactive|Time left: 300 sec this turn | 300 sec total\n|\n|t:|1783557472\n|move|p2a: Bellossom|Quiver Dance|p2a: Bellossom\n|-boost|p2a: Bellossom|spa|1\n|-boost|p2a: Bellossom|spd|1\n|-boost|p2a: Bellossom|spe|1\n|cant|p1a: Oinkologne|slp\n|\n|-damage|p2a: Bellossom|151/263 brn|[from] brn\n|upkeep\n|turn|18\n|inactive|Time left: 300 sec this turn | 300 sec total\n|\n|t:|1783557473\n|move|p2a: Bellossom|Giga Drain|p1a: Oinkologne\n|-resisted|p1a: Oinkologne\n|-damage|p1a: Oinkologne|74/100 slp\n|-heal|p2a: Bellossom|200/263 brn|[from] drain|[of] p1a: Oinkologne\n|cant|p1a: Oinkologne|slp\n|\n|-heal|p1a: Oinkologne|80/100 slp|[from] item: Leftovers\n|-damage|p2a: Bellossom|184/263 brn|[from] brn\n|upkeep\n|turn|19\n|inactive|Time left: 300 sec this turn | 300 sec total\n|\n|t:|1783557474\n|move|p2a: Bellossom|Giga Drain|p1a: Oinkologne\n|-resisted|p1a: Oinkologne\n|-crit|p1a: Oinkologne\n|-damage|p1a: Oinkologne|39/100 slp\n|-heal|p2a: Bellossom|257/263 brn|[from] drain|[of] p1a: Oinkologne\n|-curestatus|p1a: Oinkologne|slp|[msg]\n|move|p1a: Oinkologne|Body Slam|p2a: Bellossom\n|-damage|p2a: Bellossom|190/263 brn\n|\n|-heal|p1a: Oinkologne|45/100|[from] item: Leftovers\n|-damage|p2a: Bellossom|174/263 brn|[from] brn\n|upkeep\n|turn|20\n|inactive|Time left: 300 sec this turn | 300 sec total\n|\n|t:|1783557475\n|move|p2a: Bellossom|Giga Drain|p1a: Oinkologne\n|-resisted|p1a: Oinkologne\n|-damage|p1a: Oinkologne|15/100\n|-heal|p2a: Bellossom|228/263 brn|[from] drain|[of] p1a: Oinkologne\n|move|p1a: Oinkologne|Rest|p1a: Oinkologne\n|-status|p1a: Oinkologne|slp|[from] move: Rest\n|-heal|p1a: Oinkologne|100/100 slp|[silent]\n|\n|-damage|p2a: Bellossom|212/263 brn|[from] brn\n|upkeep\n|turn|21\n|inactive|Time left: 300 sec this turn | 300 sec total\n|\n|t:|1783557476\n|move|p2a: Bellossom|Giga Drain|p1a: Oinkologne\n|-resisted|p1a: Oinkologne\n|-damage|p1a: Oinkologne|73/100 slp\n|-heal|p2a: Bellossom|262/263 brn|[from] drain|[of] p1a: Oinkologne\n|cant|p1a: Oinkologne|slp\n|\n|-heal|p1a: Oinkologne|79/100 slp|[from] item: Leftovers\n|-damage|p2a: Bellossom|246/263 brn|[from] brn\n|upkeep\n|turn|22\n|inactive|Time left: 300 sec this turn | 300 sec total\n|\n|t:|1783557477\n|move|p2a: Bellossom|Giga Drain|p1a: Oinkologne\n|-resisted|p1a: Oinkologne\n|-damage|p1a: Oinkologne|53/100 slp\n|-heal|p2a: Bellossom|263/263 brn|[from] drain|[of] p1a: Oinkologne\n|cant|p1a: Oinkologne|slp\n|\n|-heal|p1a: Oinkologne|59/100 slp|[from] item: Leftovers\n|-damage|p2a: Bellossom|247/263 brn|[from] brn\n|upkeep\n|turn|23\n|inactive|Time left: 300 sec this turn | 300 sec total\n|\n|t:|1783557478\n|move|p2a: Bellossom|Sludge Bomb|p1a: Oinkologne\n|-resisted|p1a: Oinkologne\n|-damage|p1a: Oinkologne|27/100 slp\n|-curestatus|p1a: Oinkologne|slp|[msg]\n|move|p1a: Oinkologne|Rest|p1a: Oinkologne\n|-status|p1a: Oinkologne|slp|[from] move: Rest\n|-heal|p1a: Oinkologne|100/100 slp|[silent]\n|\n|-damage|p2a: Bellossom|231/263 brn|[from] brn\n|upkeep\n|turn|24\n|inactive|Time left: 300 sec this turn | 300 sec total\n|\n|t:|1783557479\n|move|p2a: Bellossom|Giga Drain|p1a: Oinkologne\n|-resisted|p1a: Oinkologne\n|-damage|p1a: Oinkologne|72/100 slp\n|-heal|p2a: Bellossom|263/263 brn|[from] drain|[of] p1a: Oinkologne\n|cant|p1a: Oinkologne|slp\n|\n|-heal|p1a: Oinkologne|78/100 slp|[from] item: Leftovers\n|-damage|p2a: Bellossom|247/263 brn|[from] brn\n|upkeep\n|turn|25\n|inactive|Time left: 300 sec this turn | 300 sec total\n|\n|t:|1783557480\n|move|p2a: Bellossom|Sludge Bomb|p1a: Oinkologne\n|-resisted|p1a: Oinkologne\n|-damage|p1a: Oinkologne|44/100 slp\n|cant|p1a: Oinkologne|slp\n|\n|-heal|p1a: Oinkologne|50/100 slp|[from] item: Leftovers\n|-damage|p2a: Bellossom|231/263 brn|[from] brn\n|upkeep\n|turn|26\n|inactive|Time left: 300 sec this turn | 300 sec total\n|\n|t:|1783557481\n|move|p2a: Bellossom|Sludge Bomb|p1a: Oinkologne\n|-resisted|p1a: Oinkologne\n|-crit|p1a: Oinkologne\n|-damage|p1a: Oinkologne|2/100 slp\n|-curestatus|p1a: Oinkologne|slp|[msg]\n|move|p1a: Oinkologne|Rest|p1a: Oinkologne\n|-status|p1a: Oinkologne|slp|[from] move: Rest\n|-heal|p1a: Oinkologne|100/100 slp|[silent]\n|\n|-damage|p2a: Bellossom|215/263 brn|[from] brn\n|upkeep\n|turn|27\n|inactive|Time left: 300 sec this turn | 300 sec total\n|\n|t:|1783557482\n|move|p2a: Bellossom|Giga Drain|p1a: Oinkologne\n|-resisted|p1a: Oinkologne\n|-damage|p1a: Oinkologne|74/100 slp\n|-heal|p2a: Bellossom|263/263 brn|[from] drain|[of] p1a: Oinkologne\n|cant|p1a: Oinkologne|slp\n|\n|-heal|p1a: Oinkologne|80/100 slp|[from] item: Leftovers\n|-damage|p2a: Bellossom|247/263 brn|[from] brn\n|upkeep\n|turn|28\n|inactive|Time left: 300 sec this turn | 300 sec total\n|\n|t:|1783557484\n|move|p2a: Bellossom|Giga Drain|p1a: Oinkologne\n|-resisted|p1a: Oinkologne\n|-damage|p1a: Oinkologne|51/100 slp\n|-heal|p2a: Bellossom|263/263 brn|[from] drain|[of] p1a: Oinkologne\n|cant|p1a: Oinkologne|slp\n|\n|-heal|p1a: Oinkologne|57/100 slp|[from] item: Leftovers\n|-damage|p2a: Bellossom|247/263 brn|[from] brn\n|upkeep\n|turn|29\n|inactive|Time left: 300 sec this turn | 300 sec total\n|\n|t:|1783557485\n|move|p2a: Bellossom|Giga Drain|p1a: Oinkologne\n|-resisted|p1a: Oinkologne\n|-damage|p1a: Oinkologne|28/100 slp\n|-heal|p2a: Bellossom|263/263 brn|[from] drain|[of] p1a: Oinkologne\n|-curestatus|p1a: Oinkologne|slp|[msg]\n|move|p1a: Oinkologne|Rest|p1a: Oinkologne\n|-status|p1a: Oinkologne|slp|[from] move: Rest\n|-heal|p1a: Oinkologne|100/100 slp|[silent]\n|\n|-damage|p2a: Bellossom|247/263 brn|[from] brn\n|upkeep\n|turn|30\n|inactive|Time left: 300 sec this turn | 300 sec total\n|\n|t:|1783557486\n|switch|p1a: Incineroar|Incineroar, L82, F|12/100\n|-ability|p1a: Incineroar|Intimidate|boost\n|-unboost|p2a: Bellossom|atk|1\n|move|p2a: Bellossom|Giga Drain|p1a: Incineroar\n|-resisted|p1a: Incineroar\n|-damage|p1a: Incineroar|0 fnt\n|-heal|p2a: Bellossom|263/263 brn|[from] drain|[of] p1a: Incineroar\n|faint|p1a: Incineroar\n|\n|-damage|p2a: Bellossom|247/263 brn|[from] brn\n|upkeep\n|\n|t:|1783557487\n|switch|p1a: Oinkologne|Oinkologne-F, L92, F, tera:Poison|100/100 slp\n|turn|31\n|inactive|Time left: 300 sec this turn | 300 sec total\n|\n|t:|1783557488\n|move|p2a: Bellossom|Sludge Bomb|p1a: Oinkologne\n|-resisted|p1a: Oinkologne\n|-damage|p1a: Oinkologne|66/100 slp\n|cant|p1a: Oinkologne|slp\n|\n|-heal|p1a: Oinkologne|73/100 slp|[from] item: Leftovers\n|-damage|p2a: Bellossom|231/263 brn|[from] brn\n|upkeep\n|turn|32\n|inactive|Time left: 300 sec this turn | 300 sec total\n|\n|t:|1783557489\n|move|p2a: Bellossom|Giga Drain|p1a: Oinkologne\n|-resisted|p1a: Oinkologne\n|-damage|p1a: Oinkologne|46/100 slp\n|-heal|p2a: Bellossom|263/263 brn|[from] drain|[of] p1a: Oinkologne\n|cant|p1a: Oinkologne|slp\n|move|p1a: Oinkologne|Sleep Talk|p1a: Oinkologne\n|move|p1a: Oinkologne|Curse|p1a: Oinkologne|[from] move: Sleep Talk\n|-unboost|p1a: Oinkologne|spe|1\n|-boost|p1a: Oinkologne|atk|1\n|-boost|p1a: Oinkologne|def|1\n|\n|-heal|p1a: Oinkologne|52/100 slp|[from] item: Leftovers\n|-damage|p2a: Bellossom|247/263 brn|[from] brn\n|upkeep\n|turn|33\n|inactive|Time left: 300 sec this turn | 300 sec total\n|\n|t:|1783557490\n|move|p2a: Bellossom|Sludge Bomb|p1a: Oinkologne\n|-resisted|p1a: Oinkologne\n|-damage|p1a: Oinkologne|17/100 slp\n|-curestatus|p1a: Oinkologne|slp|[msg]\n|move|p1a: Oinkologne|Rest|p1a: Oinkologne\n|-status|p1a: Oinkologne|slp|[from] move: Rest\n|-heal|p1a: Oinkologne|100/100 slp|[silent]\n|\n|-damage|p2a: Bellossom|231/263 brn|[from] brn\n|upkeep\n|turn|34\n|inactive|Time left: 300 sec this turn | 300 sec total\n|\n|t:|1783557491\n|move|p2a: Bellossom|Sludge Bomb|p1a: Oinkologne\n|-resisted|p1a: Oinkologne\n|-damage|p1a: Oinkologne|67/100 slp\n|cant|p1a: Oinkologne|slp\n|\n|-heal|p1a: Oinkologne|73/100 slp|[from] item: Leftovers\n|-damage|p2a: Bellossom|215/263 brn|[from] brn\n|upkeep\n|turn|35\n|inactive|Time left: 300 sec this turn | 300 sec total\n|\n|t:|1783557492\n|move|p2a: Bellossom|Giga Drain|p1a: Oinkologne\n|-resisted|p1a: Oinkologne\n|-damage|p1a: Oinkologne|45/100 slp\n|-heal|p2a: Bellossom|263/263 brn|[from] drain|[of] p1a: Oinkologne\n|cant|p1a: Oinkologne|slp\n|move|p1a: Oinkologne|Sleep Talk|p1a: Oinkologne\n|move|p1a: Oinkologne|Rest||[from] move: Sleep Talk|[still]\n|-fail|p1a: Oinkologne\n|\n|-heal|p1a: Oinkologne|51/100 slp|[from] item: Leftovers\n|-damage|p2a: Bellossom|247/263 brn|[from] brn\n|upkeep\n|turn|36\n|inactive|Time left: 300 sec this turn | 300 sec total\n|\n|t:|1783557493\n|move|p2a: Bellossom|Sludge Bomb|p1a: Oinkologne\n|-resisted|p1a: Oinkologne\n|-damage|p1a: Oinkologne|20/100 slp\n|-curestatus|p1a: Oinkologne|slp|[msg]\n|move|p1a: Oinkologne|Rest|p1a: Oinkologne\n|-status|p1a: Oinkologne|slp|[from] move: Rest\n|-heal|p1a: Oinkologne|100/100 slp|[silent]\n|\n|-damage|p2a: Bellossom|231/263 brn|[from] brn\n|upkeep\n|turn|37\n|inactive|Time left: 300 sec this turn | 300 sec total\n|\n|t:|1783557494\n|move|p2a: Bellossom|Strength Sap|p1a: Oinkologne\n|-unboost|p1a: Oinkologne|atk|1\n|-heal|p2a: Bellossom|263/263 brn\n|cant|p1a: Oinkologne|slp\n|\n|-damage|p2a: Bellossom|247/263 brn|[from] brn\n|upkeep\n|turn|38\n|inactive|Time left: 300 sec this turn | 300 sec total\n|\n|t:|1783557495\n|move|p2a: Bellossom|Giga Drain|p1a: Oinkologne\n|-resisted|p1a: Oinkologne\n|-damage|p1a: Oinkologne|72/100 slp\n|-heal|p2a: Bellossom|263/263 brn|[from] drain|[of] p1a: Oinkologne\n|cant|p1a: Oinkologne|slp\n|\n|-heal|p1a: Oinkologne|78/100 slp|[from] item: Leftovers\n|-damage|p2a: Bellossom|247/263 brn|[from] brn\n|upkeep\n|turn|39\n|inactive|Time left: 300 sec this turn | 300 sec total\n|\n|t:|1783557496\n|move|p2a: Bellossom|Sludge Bomb|p1a: Oinkologne\n|-resisted|p1a: Oinkologne\n|-damage|p1a: Oinkologne|45/100 slp\n|-curestatus|p1a: Oinkologne|slp|[msg]\n|move|p1a: Oinkologne|Body Slam|p2a: Bellossom\n|-damage|p2a: Bellossom|148/263 brn\n|\n|-heal|p1a: Oinkologne|51/100|[from] item: Leftovers\n|-damage|p2a: Bellossom|132/263 brn|[from] brn\n|upkeep\n|turn|40\n|inactive|Time left: 300 sec this turn | 300 sec total\n|\n|t:|1783557497\n|move|p2a: Bellossom|Strength Sap|p1a: Oinkologne\n|-unboost|p1a: Oinkologne|atk|1\n|-heal|p2a: Bellossom|263/263 brn\n|move|p1a: Oinkologne|Body Slam|p2a: Bellossom\n|-damage|p2a: Bellossom|199/263 brn\n|\n|-heal|p1a: Oinkologne|57/100|[from] item: Leftovers\n|-damage|p2a: Bellossom|183/263 brn|[from] brn\n|upkeep\n|turn|41\n|inactive|Time left: 300 sec this turn | 300 sec total\n|\n|t:|1783557498\n|move|p2a: Bellossom|Sludge Bomb|p1a: Oinkologne\n|-resisted|p1a: Oinkologne\n|-damage|p1a: Oinkologne|24/100\n|move|p1a: Oinkologne|Rest|p1a: Oinkologne\n|-status|p1a: Oinkologne|slp|[from] move: Rest\n|-heal|p1a: Oinkologne|100/100 slp|[silent]\n|\n|-damage|p2a: Bellossom|167/263 brn|[from] brn\n|upkeep\n|turn|42\n|inactive|Time left: 300 sec this turn | 300 sec total\n|\n|t:|1783557499\n|move|p2a: Bellossom|Sludge Bomb|p1a: Oinkologne\n|-resisted|p1a: Oinkologne\n|-damage|p1a: Oinkologne|68/100 slp\n|cant|p1a: Oinkologne|slp\n|\n|-heal|p1a: Oinkologne|74/100 slp|[from] item: Leftovers\n|-damage|p2a: Bellossom|151/263 brn|[from] brn\n|upkeep\n|turn|43\n|inactive|Time left: 300 sec this turn | 300 sec total\n|\n|t:|1783557500\n|move|p2a: Bellossom|Strength Sap|p1a: Oinkologne\n|-unboost|p1a: Oinkologne|atk|1\n|-heal|p2a: Bellossom|263/263 brn\n|cant|p1a: Oinkologne|slp\n|\n|-heal|p1a: Oinkologne|80/100 slp|[from] item: Leftovers\n|-damage|p2a: Bellossom|247/263 brn|[from] brn\n|upkeep\n|turn|44\n|inactive|Time left: 300 sec this turn | 300 sec total\n|\n|t:|1783557501\n|move|p2a: Bellossom|Sludge Bomb|p1a: Oinkologne\n|-resisted|p1a: Oinkologne\n|-damage|p1a: Oinkologne|45/100 slp\n|-curestatus|p1a: Oinkologne|slp|[msg]\n|move|p1a: Oinkologne|Body Slam|p2a: Bellossom\n|-damage|p2a: Bellossom|202/263 brn\n|\n|-heal|p1a: Oinkologne|51/100|[from] item: Leftovers\n|-damage|p2a: Bellossom|186/263 brn|[from] brn\n|upkeep\n|turn|45\n|inactive|Time left: 300 sec this turn | 300 sec total\n|\n|t:|1783557502\n|switch|p1a: Orthworm|Orthworm, L88, F|17/100\n|move|p2a: Bellossom|Giga Drain|p1a: Orthworm\n|-resisted|p1a: Orthworm\n|-damage|p1a: Orthworm|0 fnt\n|-heal|p2a: Bellossom|208/263 brn|[from] drain|[of] p1a: Orthworm\n|faint|p1a: Orthworm\n|\n|-damage|p2a: Bellossom|192/263 brn|[from] brn\n|upkeep\n|\n|t:|1783557502\n|switch|p1a: Oinkologne|Oinkologne-F, L92, F, tera:Poison|51/100\n|turn|46\n|inactive|Time left: 300 sec this turn | 300 sec total\n|\n|t:|1783557503\n|move|p2a: Bellossom|Sludge Bomb|p1a: Oinkologne\n|-resisted|p1a: Oinkologne\n|-damage|p1a: Oinkologne|20/100\n|move|p1a: Oinkologne|Body Slam|p2a: Bellossom\n|-damage|p2a: Bellossom|92/263 brn\n|\n|-heal|p1a: Oinkologne|27/100|[from] item: Leftovers\n|-damage|p2a: Bellossom|76/263 brn|[from] brn\n|upkeep\n|turn|47\n|inactive|Time left: 300 sec this turn | 300 sec total\n|\n|t:|1783557504\n|move|p2a: Bellossom|Strength Sap|p1a: Oinkologne\n|-unboost|p1a: Oinkologne|atk|1\n|-heal|p2a: Bellossom|263/263 brn\n|move|p1a: Oinkologne|Body Slam|p2a: Bellossom\n|-damage|p2a: Bellossom|194/263 brn\n|\n|-heal|p1a: Oinkologne|33/100|[from] item: Leftovers\n|-damage|p2a: Bellossom|178/263 brn|[from] brn\n|upkeep\n|turn|48\n|inactive|Time left: 300 sec this turn | 300 sec total\n|\n|t:|1783557505\n|move|p2a: Bellossom|Sludge Bomb|p1a: Oinkologne\n|-resisted|p1a: Oinkologne\n|-damage|p1a: Oinkologne|0 fnt\n|faint|p1a: Oinkologne\n|\n|-damage|p2a: Bellossom|162/263 brn|[from] brn\n|upkeep\n|\n|t:|1783557506\n|switch|p1a: Raging Bolt|Raging Bolt, L78|62/100\n|turn|49\n|inactive|Time left: 300 sec this turn | 300 sec total\n|\n|t:|1783557508\n|move|p2a: Bellossom|Strength Sap|p1a: Raging Bolt\n|-unboost|p1a: Raging Bolt|atk|1\n|-heal|p2a: Bellossom|263/263 brn\n|move|p1a: Raging Bolt|Calm Mind|p1a: Raging Bolt\n|-boost|p1a: Raging Bolt|spa|1\n|-boost|p1a: Raging Bolt|spd|1\n|\n|-damage|p2a: Bellossom|247/263 brn|[from] brn\n|upkeep\n|turn|50\n|inactive|Time left: 300 sec this turn | 300 sec total\n|\n|t:|1783557509\n|move|p2a: Bellossom|Sludge Bomb|p1a: Raging Bolt\n|-damage|p1a: Raging Bolt|0 fnt\n|faint|p1a: Raging Bolt\n|-end|p1a: Raging Bolt|Protosynthesis|[silent]\n|\n|-damage|p2a: Bellossom|231/263 brn|[from] brn\n|upkeep\n|\n|t:|1783557509\n|switch|p1a: Decidueye|Decidueye-Hisui, L87, M|83/100\n|turn|51\n|inactive|Time left: 300 sec this turn | 300 sec total\n|\n|t:|1783557511\n|move|p2a: Bellossom|Strength Sap|p1a: Decidueye\n|-unboost|p1a: Decidueye|atk|1\n|-heal|p2a: Bellossom|263/263 brn\n|move|p1a: Decidueye|Roost|p1a: Decidueye\n|-heal|p1a: Decidueye|100/100\n|-singleturn|p1a: Decidueye|move: Roost\n|\n|-damage|p2a: Bellossom|247/263 brn|[from] brn\n|upkeep\n|turn|52\n|inactive|Time left: 300 sec this turn | 300 sec total\n|\n|t:|1783557512\n|move|p2a: Bellossom|Strength Sap|p1a: Decidueye\n|-unboost|p1a: Decidueye|atk|1\n|-heal|p2a: Bellossom|263/263 brn\n|move|p1a: Decidueye|Triple Arrows|p2a: Bellossom\n|-resisted|p2a: Bellossom\n|-damage|p2a: Bellossom|236/263 brn\n|-unboost|p2a: Bellossom|def|1\n|\n|-damage|p2a: Bellossom|220/263 brn|[from] brn\n|upkeep\n|turn|53\n|inactive|Time left: 300 sec this turn | 300 sec total\n|\n|t:|1783557513\n|switch|p1a: Gurdurr|Gurdurr, L85, F|100/100\n|move|p2a: Bellossom|Strength Sap|p1a: Gurdurr\n|-unboost|p1a: Gurdurr|atk|1\n|-heal|p2a: Bellossom|263/263 brn\n|\n|-damage|p2a: Bellossom|247/263 brn|[from] brn\n|upkeep\n|turn|54\n|inactive|Time left: 300 sec this turn | 300 sec total\n|\n|t:|1783557514\n|switch|p1a: Decidueye|Decidueye-Hisui, L87, M|100/100\n|move|p2a: Bellossom|Strength Sap|p1a: Decidueye\n|-unboost|p1a: Decidueye|atk|1\n|-heal|p2a: Bellossom|263/263 brn\n|\n|-damage|p2a: Bellossom|247/263 brn|[from] brn\n|upkeep\n|turn|55\n|inactive|Time left: 300 sec this turn | 300 sec total\n|\n|t:|1783557515\n|switch|p1a: Gurdurr|Gurdurr, L85, F|100/100\n|move|p2a: Bellossom|Strength Sap|p1a: Gurdurr\n|-unboost|p1a: Gurdurr|atk|1\n|-heal|p2a: Bellossom|263/263 brn\n|\n|-damage|p2a: Bellossom|247/263 brn|[from] brn\n|upkeep\n|turn|56\n|inactive|Time left: 300 sec this turn | 300 sec total\n|\n|t:|1783557516\n|switch|p1a: Decidueye|Decidueye-Hisui, L87, M|100/100\n|move|p2a: Bellossom|Strength Sap|p1a: Decidueye\n|-unboost|p1a: Decidueye|atk|1\n|-heal|p2a: Bellossom|263/263 brn\n|\n|-damage|p2a: Bellossom|247/263 brn|[from] brn\n|upkeep\n|turn|57\n|inactive|Time left: 300 sec this turn | 300 sec total\n|\n|t:|1783557517\n|move|p2a: Bellossom|Quiver Dance|p2a: Bellossom\n|-boost|p2a: Bellossom|spa|1\n|-boost|p2a: Bellossom|spd|1\n|-boost|p2a: Bellossom|spe|1\n|move|p1a: Decidueye|Triple Arrows|p2a: Bellossom\n|-resisted|p2a: Bellossom\n|-damage|p2a: Bellossom|193/263 brn\n|-unboost|p2a: Bellossom|def|1\n|\n|-damage|p2a: Bellossom|177/263 brn|[from] brn\n|upkeep\n|turn|58\n|inactive|Time left: 300 sec this turn | 300 sec total\n|\n|t:|1783557518\n|move|p2a: Bellossom|Strength Sap|p1a: Decidueye\n|-unboost|p1a: Decidueye|atk|1\n|-heal|p2a: Bellossom|263/263 brn\n|move|p1a: Decidueye|Triple Arrows|p2a: Bellossom\n|-resisted|p2a: Bellossom\n|-damage|p2a: Bellossom|206/263 brn\n|-unboost|p2a: Bellossom|def|1\n|\n|-damage|p2a: Bellossom|190/263 brn|[from] brn\n|upkeep\n|turn|59\n|inactive|Time left: 300 sec this turn | 300 sec total\n|\n|t:|1783557519\n|switch|p2a: Staraptor|Staraptor, L79, M|222/263\n|-damage|p2a: Staraptor|157/263|[from] Stealth Rock\n|switch|p1a: Gurdurr|Gurdurr, L85, F|100/100\n|\n|upkeep\n|turn|60\n|inactive|Time left: 300 sec this turn | 300 sec total\n|\n|t:|1783557520\n|move|p1a: Gurdurr|Mach Punch|p2a: Staraptor\n|-damage|p2a: Staraptor|99/263\n|move|p2a: Staraptor|Brave Bird|p1a: Gurdurr\n|-supereffective|p1a: Gurdurr\n|-damage|p1a: Gurdurr|0 fnt\n|faint|p1a: Gurdurr\n|-damage|p2a: Staraptor|6/263|[from] Recoil\n|\n|upkeep\n|\n|t:|1783557521\n|switch|p1a: Decidueye|Decidueye-Hisui, L87, M|100/100\n|turn|61\n|inactive|Time left: 300 sec this turn | 300 sec total\n|\n|t:|1783557522\n|move|p1a: Decidueye|Sucker Punch|p2a: Staraptor\n|-damage|p2a: Staraptor|0 fnt\n|faint|p2a: Staraptor\n|\n|upkeep\n|inactive|Time left: 300 sec this turn | 300 sec total | 5 sec grace\n|\n|t:|1783557523\n|switch|p2a: Slowbro|Slowbro, L85, M|300/300\n|-damage|p2a: Slowbro|263/300|[from] Stealth Rock\n|turn|62\n|inactive|Time left: 300 sec this turn | 300 sec total\n|\n|t:|1783557524\n|move|p1a: Decidueye|Leaf Blade|p2a: Slowbro\n|-supereffective|p2a: Slowbro\n|-damage|p2a: Slowbro|77/300\n|move|p2a: Slowbro|Scald|p1a: Decidueye\n|-resisted|p1a: Decidueye\n|-damage|p1a: Decidueye|88/100\n|\n|-heal|p1a: Decidueye|94/100|[from] item: Leftovers\n|-heal|p2a: Slowbro|95/300|[from] item: Leftovers\n|upkeep\n|turn|63\n|inactive|Time left: 300 sec this turn | 300 sec total\n|\n|t:|1783557525\n|switch|p2a: Bellossom|Bellossom, L84, M, tera:Poison|190/263 brn\n|-damage|p2a: Bellossom|158/263 brn|[from] Stealth Rock\n|move|p1a: Decidueye|Leaf Blade|p2a: Bellossom\n|-resisted|p2a: Bellossom\n|-crit|p2a: Bellossom\n|-damage|p2a: Bellossom|74/263 brn\n|\n|-heal|p1a: Decidueye|99/100|[from] item: Leftovers\n|-damage|p2a: Bellossom|58/263 brn|[from] brn\n|upkeep\n|turn|64\n|inactive|Time left: 300 sec this turn | 300 sec total\n|\n|t:|1783557526\n|move|p1a: Decidueye|Triple Arrows|p2a: Bellossom\n|-resisted|p2a: Bellossom\n|-damage|p2a: Bellossom|7/263 brn\n|-unboost|p2a: Bellossom|def|1\n|cant|p2a: Bellossom|flinch\n|\n|-heal|p1a: Decidueye|100/100|[from] item: Leftovers\n|-damage|p2a: Bellossom|0 fnt|[from] brn\n|faint|p2a: Bellossom\n|upkeep\n|inactive|Time left: 300 sec this turn | 300 sec total | 5 sec grace\n|\n|t:|1783557527\n|switch|p2a: Lycanroc|Lycanroc-Dusk, L81, M|254/254\n|-damage|p2a: Lycanroc|223/254|[from] Stealth Rock\n|turn|65\n|inactive|Time left: 300 sec this turn | 300 sec total\n|\n|t:|1783557528\n|move|p2a: Lycanroc|Psychic Fangs|p1a: Decidueye\n|-supereffective|p1a: Decidueye\n|-damage|p1a: Decidueye|6/100\n|move|p1a: Decidueye|Roost|p1a: Decidueye\n|-heal|p1a: Decidueye|56/100\n|-singleturn|p1a: Decidueye|move: Roost\n|\n|-heal|p1a: Decidueye|62/100|[from] item: Leftovers\n|upkeep\n|turn|66\n|inactive|Time left: 300 sec this turn | 300 sec total\n|\n|t:|1783557528\n|move|p2a: Lycanroc|Psychic Fangs|p1a: Decidueye\n|-supereffective|p1a: Decidueye\n|-damage|p1a: Decidueye|0 fnt\n|faint|p1a: Decidueye\n|\n|win|p0y14995f9f", "uploadtime": 1783557528, "views": 0, "rating": 0, "private": 0, "password": null, "_winner": "p0y14995f9f", "_our_name": "p0y14995f9f"}