{"id": "battle-gen9randombattle-942", "formatid": "gen9randombattle", "format": "[Gen 9] Random Battle", "players": ["p0x942ae09", "p0y942a9f4"], "log": "|init|battle\n|title|p0x942ae09 vs. p0y942a9f4\n|j|\u2606p0x942ae09\n|j|\u2606p0y942a9f4\n|t:|1783550799\n|gametype|singles\n|player|p1|p0x942ae09|101|\n|player|p2|p0y942a9f4|1|\n|gen|9\n|tier|[Gen 9] Random Battle\n|rule|Species Clause: Limit one of each Pok\u00e9mon\n|rule|HP Percentage Mod: HP is shown in percentages\n|rule|Sleep Clause Mod: Limit one foe put to sleep\n|rule|Illusion Level Mod: Illusion disguises the Pok\u00e9mon's true level\n|\n|t:|1783550799\n|teamsize|p1|6\n|teamsize|p2|6\n|start\n|switch|p1a: Barraskewda|Barraskewda, L81, M|231/231\n|switch|p2a: Sunflora|Sunflora, F|100/100\n|turn|1\n|inactive|Battle timer is ON: inactive players will automatically lose when time's up. (requested by p0x942ae09)\n|\n|t:|1783550801\n|switch|p1a: Vespiquen|Vespiquen, L99, F|299/299\n|-ability|p1a: Vespiquen|Pressure\n|move|p2a: Sunflora|Earth Power|p1a: Vespiquen\n|-immune|p1a: Vespiquen\n|\n|upkeep\n|turn|2\n|inactive|Time left: 300 sec this turn | 300 sec total\n|inactive|p0y942a9f4 also wants the timer to be on.\n|\n|t:|1783550802\n|switch|p2a: Krookodile|Krookodile, L79, F|100/100\n|-ability|p2a: Krookodile|Intimidate|boost\n|-unboost|p1a: Vespiquen|atk|1\n|move|p1a: Vespiquen|Air Slash|p2a: Krookodile\n|-damage|p2a: Krookodile|58/100\n|\n|upkeep\n|turn|3\n|inactive|Time left: 300 sec this turn | 300 sec total\n|\n|t:|1783550803\n|move|p2a: Krookodile|Stone Edge|p1a: Vespiquen\n|-supereffective|p1a: Vespiquen\n|-damage|p1a: Vespiquen|0 fnt\n|faint|p1a: Vespiquen\n|\n|upkeep\n|inactive|Time left: 300 sec this turn | 300 sec total | 5 sec grace\n|\n|t:|1783550804\n|switch|p1a: Meowscarada|Meowscarada, L78, M|247/247\n|turn|4\n|inactive|Time left: 300 sec this turn | 300 sec total\n|\n|t:|1783550805\n|switch|p2a: Necrozma|Necrozma, L80|100/100\n|move|p1a: Meowscarada|Triple Axel|p2a: Necrozma\n|-start|p1a: Meowscarada|typechange|Ice|[from] ability: Protean\n|-damage|p2a: Necrozma|90/100\n|-damage|p2a: Necrozma|70/100\n|-crit|p2a: Necrozma\n|-damage|p2a: Necrozma|27/100\n|-hitcount|p2a: Necrozma|3\n|\n|-heal|p2a: Necrozma|33/100|[from] item: Leftovers\n|upkeep\n|turn|5\n|inactive|Time left: 300 sec this turn | 300 sec total\n|\n|t:|1783550807\n|move|p1a: Meowscarada|Triple Axel|p2a: Necrozma\n|-damage|p2a: Necrozma|24/100\n|-damage|p2a: Necrozma|2/100\n|-damage|p2a: Necrozma|0 fnt\n|faint|p2a: Necrozma\n|-hitcount|p2: Necrozma|3\n|\n|upkeep\n|\n|t:|1783550808\n|switch|p2a: Krookodile|Krookodile, L79, F|58/100\n|-ability|p2a: Krookodile|Intimidate|boost\n|-unboost|p1a: Meowscarada|atk|1\n|turn|6\n|inactive|Time left: 300 sec this turn | 300 sec total\n|\n|t:|1783550809\n|-terastallize|p2a: Krookodile|Poison\n|move|p1a: Meowscarada|Triple Axel|p2a: Krookodile|[miss]\n|-miss|p1a: Meowscarada|p2a: Krookodile\n|move|p2a: Krookodile|Knock Off|p1a: Meowscarada\n|-damage|p1a: Meowscarada|51/247\n|-enditem|p1a: Meowscarada|Choice Band|[from] move: Knock Off|[of] p2a: Krookodile\n|\n|upkeep\n|turn|7\n|inactive|Time left: 300 sec this turn | 300 sec total\n|\n|t:|1783550810\n|move|p1a: Meowscarada|Triple Axel|p2a: Krookodile|[miss]\n|-miss|p1a: Meowscarada|p2a: Krookodile\n|move|p2a: Krookodile|Knock Off|p1a: Meowscarada\n|-damage|p1a: Meowscarada|0 fnt\n|faint|p1a: Meowscarada\n|\n|upkeep\n|inactive|Time left: 300 sec this turn | 300 sec total | 5 sec grace\n|\n|t:|1783550811\n|switch|p1a: Barraskewda|Barraskewda, L81, M|231/231\n|turn|8\n|inactive|Time left: 300 sec this turn | 300 sec total\n|\n|t:|1783550812\n|move|p1a: Barraskewda|Psychic Fangs|p2a: Krookodile\n|-supereffective|p2a: Krookodile\n|-damage|p2a: Krookodile|0 fnt\n|faint|p2a: Krookodile\n|\n|upkeep\n|\n|t:|1783550813\n|switch|p2a: Plusle|Plusle, L95, M|100/100\n|turn|9\n|inactive|Time left: 300 sec this turn | 300 sec total\n|\n|t:|1783550814\n|move|p1a: Barraskewda|Psychic Fangs|p2a: Plusle\n|-damage|p2a: Plusle|45/100\n|move|p2a: Plusle|Thunderbolt|p1a: Barraskewda\n|-supereffective|p1a: Barraskewda\n|-damage|p1a: Barraskewda|0 fnt\n|faint|p1a: Barraskewda\n|-damage|p2a: Plusle|35/100|[from] item: Life Orb\n|\n|upkeep\n|inactive|Time left: 300 sec this turn | 300 sec total | 5 sec grace\n|\n|t:|1783550815\n|switch|p1a: Salazzle|Salazzle, L83, F|249/249\n|turn|10\n|inactive|Time left: 300 sec this turn | 300 sec total\n|\n|t:|1783550816\n|switch|p2a: Regidrago|Regidrago, L77|100/100\n|move|p1a: Salazzle|Fire Blast|p2a: Regidrago\n|-resisted|p2a: Regidrago\n|-damage|p2a: Regidrago|76/100\n|-status|p2a: Regidrago|brn\n|\n|-damage|p2a: Regidrago|70/100 brn|[from] brn\n|upkeep\n|turn|11\n|inactive|Time left: 300 sec this turn | 300 sec total\n|\n|t:|1783550817\n|switch|p1a: Armarouge|Armarouge, L80, F|267/267\n|move|p2a: Regidrago|Dragon Dance|p2a: Regidrago\n|-boost|p2a: Regidrago|atk|1\n|-boost|p2a: Regidrago|spe|1\n|\n|-damage|p2a: Regidrago|64/100 brn|[from] brn\n|upkeep\n|turn|12\n|inactive|Time left: 300 sec this turn | 300 sec total\n|\n|t:|1783550818\n|move|p2a: Regidrago|Tera Blast|p1a: Armarouge\n|-damage|p1a: Armarouge|197/267\n|-damage|p2a: Regidrago|54/100 brn|[from] item: Life Orb\n|move|p1a: Armarouge|Armor Cannon|p2a: Regidrago\n|-resisted|p2a: Regidrago\n|-damage|p2a: Regidrago|15/100 brn\n|-unboost|p1a: Armarouge|def|1\n|-unboost|p1a: Armarouge|spd|1\n|\n|-damage|p2a: Regidrago|9/100 brn|[from] brn\n|upkeep\n|turn|13\n|inactive|Time left: 300 sec this turn | 300 sec total\n|\n|t:|1783550819\n|move|p2a: Regidrago|Tera Blast|p1a: Armarouge\n|-crit|p1a: Armarouge\n|-damage|p1a: Armarouge|50/267\n|-damage|p2a: Regidrago|0 fnt|[from] item: Life Orb\n|faint|p2a: Regidrago\n|move|p1a: Armarouge|Armor Cannon|p2: Regidrago|[notarget]\n|-fail|p1a: Armarouge\n|\n|upkeep\n|\n|t:|1783550820\n|switch|p2a: Mienshao|Mienshao, L83, F|100/100\n|turn|14\n|inactive|Time left: 300 sec this turn | 300 sec total\n|\n|t:|1783550820\n|move|p2a: Mienshao|High Jump Kick|p1a: Armarouge\n|-resisted|p1a: Armarouge\n|-damage|p1a: Armarouge|0 fnt\n|faint|p1a: Armarouge\n|\n|upkeep\n|inactive|Time left: 300 sec this turn | 300 sec total | 5 sec grace\n|\n|t:|1783550821\n|switch|p1a: Salazzle|Salazzle, L83, F|249/249\n|turn|15\n|inactive|Time left: 300 sec this turn | 300 sec total\n|\n|t:|1783550822\n|move|p1a: Salazzle|Nasty Plot|p1a: Salazzle\n|-boost|p1a: Salazzle|spa|2\n|move|p2a: Mienshao|High Jump Kick|p1a: Salazzle\n|-resisted|p1a: Salazzle\n|-damage|p1a: Salazzle|38/249\n|\n|upkeep\n|turn|16\n|inactive|Time left: 300 sec this turn | 300 sec total\n|\n|t:|1783550822\n|switch|p2a: Plusle|Plusle, L95, M|35/100\n|move|p1a: Salazzle|Sludge Wave|p2a: Plusle\n|-damage|p2a: Plusle|0 fnt\n|faint|p2a: Plusle\n|\n|upkeep\n|\n|t:|1783550823\n|switch|p2a: Sunflora|Sunflora, F|100/100\n|turn|17\n|inactive|Time left: 300 sec this turn | 300 sec total\n|\n|t:|1783550823\n|-terastallize|p1a: Salazzle|Grass\n|move|p1a: Salazzle|Sludge Wave|p2a: Sunflora\n|-supereffective|p2a: Sunflora\n|-damage|p2a: Sunflora|0 fnt\n|faint|p2a: Sunflora\n|\n|upkeep\n|\n|t:|1783550824\n|switch|p2a: Mienshao|Mienshao, L83, F|100/100\n|turn|18\n|inactive|Time left: 300 sec this turn | 300 sec total\n|\n|t:|1783550825\n|move|p1a: Salazzle|Sludge Wave|p2a: Mienshao\n|-damage|p2a: Mienshao|0 fnt\n|faint|p2a: Mienshao\n|\n|win|p0x942ae09", "uploadtime": 1783550825, "views": 0, "rating": 0, "private": 0, "password": null, "_winner": "p0x942ae09", "_our_name": "p0x942ae09"}