{"id": "battle-gen9randombattle-472", "formatid": "gen9randombattle", "format": "[Gen 9] Random Battle", "players": ["p0x472d5ea", "p0y4727ae5"], "log": "|init|battle\n|title|p0x472d5ea vs. p0y4727ae5\n|j|\u2606p0x472d5ea\n|j|\u2606p0y4727ae5\n|t:|1783545252\n|gametype|singles\n|player|p1|p0x472d5ea|2|\n|player|p2|p0y4727ae5|1|\n|gen|9\n|tier|[Gen 9] Random Battle\n|rule|Species Clause: Limit one of each Pok\u00e9mon\n|rule|HP Percentage Mod: HP is shown in percentages\n|rule|Sleep Clause Mod: Limit one foe put to sleep\n|rule|Illusion Level Mod: Illusion disguises the Pok\u00e9mon's true level\n|\n|t:|1783545252\n|teamsize|p1|6\n|teamsize|p2|6\n|start\n|switch|p1a: Registeel|Registeel, L81|100/100\n|switch|p2a: Jumpluff|Jumpluff, L87, F|271/271\n|turn|1\n|inactive|Battle timer is ON: inactive players will automatically lose when time's up. (requested by p0x472d5ea)\n|inactive|Time left: 300 sec this turn | 300 sec total | 60 sec grace\n|inactive|p0y4727ae5 also wants the timer to be on.\n|\n|t:|1783545253\n|switch|p2a: Luxray|Luxray, L88, F|283/283\n|move|p1a: Registeel|Thunder Wave|p2a: Luxray\n|-immune|p2a: Luxray\n|\n|-status|p2a: Luxray|brn|[from] item: Flame Orb\n|upkeep\n|turn|2\n|inactive|Time left: 300 sec this turn | 300 sec total\n|\n|t:|1783545255\n|move|p2a: Luxray|Supercell Slam|p1a: Registeel\n|-damage|p1a: Registeel|46/100\n|move|p1a: Registeel|Body Press|p2a: Luxray\n|-damage|p2a: Luxray|200/283 brn\n|\n|-heal|p1a: Registeel|52/100|[from] item: Leftovers\n|-damage|p2a: Luxray|183/283 brn|[from] brn\n|upkeep\n|turn|3\n|inactive|Time left: 300 sec this turn | 300 sec total\n|\n|t:|1783545256\n|move|p2a: Luxray|Supercell Slam|p1a: Registeel\n|-damage|p1a: Registeel|0 fnt\n|faint|p1a: Registeel\n|\n|-damage|p2a: Luxray|166/283 brn|[from] brn\n|upkeep\n|\n|t:|1783545257\n|switch|p1a: Sudowoodo|Sudowoodo, L94, F|100/100\n|turn|4\n|inactive|Time left: 300 sec this turn | 300 sec total\n|\n|t:|1783545258\n|switch|p2a: Bellossom|Bellossom, L84, M|263/263\n|move|p1a: Sudowoodo|Head Smash|p2a: Bellossom\n|-damage|p2a: Bellossom|0 fnt\n|faint|p2a: Bellossom\n|\n|upkeep\n|inactive|Time left: 300 sec this turn | 300 sec total | 5 sec grace\n|\n|t:|1783545259\n|switch|p2a: Spidops|Spidops, L96, F|271/271\n|turn|5\n|inactive|Time left: 300 sec this turn | 300 sec total\n|\n|t:|1783545260\n|move|p2a: Spidops|Sticky Web|p1a: Sudowoodo\n|-sidestart|p1: p0x472d5ea|move: Sticky Web\n|move|p1a: Sudowoodo|Head Smash|p2a: Spidops\n|-supereffective|p2a: Spidops\n|-damage|p2a: Spidops|0 fnt\n|faint|p2a: Spidops\n|\n|upkeep\n|inactive|Time left: 300 sec this turn | 300 sec total | 5 sec grace\n|\n|t:|1783545261\n|switch|p2a: Jumpluff|Jumpluff, L87, F|271/271\n|turn|6\n|inactive|Time left: 300 sec this turn | 300 sec total\n|\n|t:|1783545262\n|move|p2a: Jumpluff|Substitute|p2a: Jumpluff\n|-start|p2a: Jumpluff|Substitute\n|-damage|p2a: Jumpluff|204/271\n|move|p1a: Sudowoodo|Head Smash|p2a: Jumpluff\n|-supereffective|p2a: Jumpluff\n|-end|p2a: Jumpluff|Substitute\n|\n|upkeep\n|turn|7\n|inactive|Time left: 300 sec this turn | 300 sec total\n|\n|t:|1783545264\n|move|p2a: Jumpluff|Substitute|p2a: Jumpluff\n|-start|p2a: Jumpluff|Substitute\n|-damage|p2a: Jumpluff|137/271\n|move|p1a: Sudowoodo|Head Smash|p2a: Jumpluff\n|-supereffective|p2a: Jumpluff\n|-end|p2a: Jumpluff|Substitute\n|\n|upkeep\n|turn|8\n|inactive|Time left: 300 sec this turn | 300 sec total\n|\n|t:|1783545265\n|-terastallize|p2a: Jumpluff|Steel\n|move|p2a: Jumpluff|Strength Sap|p1a: Sudowoodo\n|-unboost|p1a: Sudowoodo|atk|1\n|-heal|p2a: Jumpluff|271/271\n|move|p1a: Sudowoodo|Head Smash|p2a: Jumpluff\n|-resisted|p2a: Jumpluff\n|-damage|p2a: Jumpluff|166/271\n|\n|upkeep\n|turn|9\n|inactive|Time left: 300 sec this turn | 300 sec total\n|\n|t:|1783545266\n|move|p2a: Jumpluff|Strength Sap|p1a: Sudowoodo\n|-unboost|p1a: Sudowoodo|atk|1\n|-heal|p2a: Jumpluff|271/271\n|move|p1a: Sudowoodo|Head Smash|p2a: Jumpluff|[miss]\n|-miss|p1a: Sudowoodo|p2a: Jumpluff\n|\n|upkeep\n|turn|10\n|inactive|Time left: 300 sec this turn | 300 sec total\n|\n|t:|1783545267\n|move|p2a: Jumpluff|Leech Seed|p1a: Sudowoodo\n|-start|p1a: Sudowoodo|move: Leech Seed\n|move|p1a: Sudowoodo|Head Smash|p2a: Jumpluff|[miss]\n|-miss|p1a: Sudowoodo|p2a: Jumpluff\n|\n|-damage|p1a: Sudowoodo|88/100|[from] Leech Seed|[of] p2a: Jumpluff\n|upkeep\n|turn|11\n|inactive|Time left: 300 sec this turn | 300 sec total\n|\n|t:|1783545268\n|move|p2a: Jumpluff|Acrobatics|p1a: Sudowoodo\n|-resisted|p1a: Sudowoodo\n|-damage|p1a: Sudowoodo|77/100\n|move|p1a: Sudowoodo|Head Smash|p2a: Jumpluff\n|-resisted|p2a: Jumpluff\n|-damage|p2a: Jumpluff|178/271\n|\n|-damage|p1a: Sudowoodo|65/100|[from] Leech Seed|[of] p2a: Jumpluff\n|-heal|p2a: Jumpluff|213/271|[silent]\n|upkeep\n|turn|12\n|inactive|Time left: 300 sec this turn | 300 sec total\n|\n|t:|1783545269\n|switch|p1a: Krookodile|Krookodile, L79, M|100/100\n|-activate|p1a: Krookodile|move: Sticky Web\n|-unboost|p1a: Krookodile|spe|1\n|-ability|p1a: Krookodile|Intimidate|boost\n|-unboost|p2a: Jumpluff|atk|1\n|move|p2a: Jumpluff|Leech Seed|p1a: Krookodile\n|-start|p1a: Krookodile|move: Leech Seed\n|\n|-damage|p1a: Krookodile|88/100|[from] Leech Seed|[of] p2a: Jumpluff\n|-heal|p2a: Jumpluff|248/271|[silent]\n|upkeep\n|turn|13\n|inactive|Time left: 300 sec this turn | 300 sec total\n|\n|t:|1783545270\n|switch|p1a: Sudowoodo|Sudowoodo, L94, F|65/100\n|-activate|p1a: Sudowoodo|move: Sticky Web\n|-unboost|p1a: Sudowoodo|spe|1\n|move|p2a: Jumpluff|Strength Sap|p1a: Sudowoodo\n|-unboost|p1a: Sudowoodo|atk|1\n|-heal|p2a: Jumpluff|271/271\n|\n|upkeep\n|turn|14\n|inactive|Time left: 300 sec this turn | 300 sec total\n|\n|t:|1783545271\n|move|p2a: Jumpluff|Leech Seed|p1a: Sudowoodo\n|-start|p1a: Sudowoodo|move: Leech Seed\n|move|p1a: Sudowoodo|Earthquake|p2a: Jumpluff\n|-supereffective|p2a: Jumpluff\n|-damage|p2a: Jumpluff|57/271\n|\n|-damage|p1a: Sudowoodo|52/100|[from] Leech Seed|[of] p2a: Jumpluff\n|-heal|p2a: Jumpluff|92/271|[silent]\n|upkeep\n|turn|15\n|inactive|Time left: 300 sec this turn | 300 sec total\n|\n|t:|1783545272\n|move|p2a: Jumpluff|Strength Sap|p1a: Sudowoodo\n|-unboost|p1a: Sudowoodo|atk|1\n|-heal|p2a: Jumpluff|252/271\n|move|p1a: Sudowoodo|Earthquake|p2a: Jumpluff\n|-supereffective|p2a: Jumpluff\n|-damage|p2a: Jumpluff|96/271\n|\n|-damage|p1a: Sudowoodo|40/100|[from] Leech Seed|[of] p2a: Jumpluff\n|-heal|p2a: Jumpluff|131/271|[silent]\n|upkeep\n|turn|16\n|inactive|Time left: 300 sec this turn | 300 sec total\n|\n|t:|1783545274\n|move|p2a: Jumpluff|Strength Sap|p1a: Sudowoodo\n|-unboost|p1a: Sudowoodo|atk|1\n|-heal|p2a: Jumpluff|251/271\n|move|p1a: Sudowoodo|Earthquake|p2a: Jumpluff\n|-supereffective|p2a: Jumpluff\n|-damage|p2a: Jumpluff|119/271\n|\n|-damage|p1a: Sudowoodo|28/100|[from] Leech Seed|[of] p2a: Jumpluff\n|-heal|p2a: Jumpluff|154/271|[silent]\n|upkeep\n|turn|17\n|inactive|Time left: 300 sec this turn | 300 sec total\n|\n|t:|1783545275\n|move|p2a: Jumpluff|Strength Sap|p1a: Sudowoodo\n|-unboost|p1a: Sudowoodo|atk|1\n|-heal|p2a: Jumpluff|250/271\n|move|p1a: Sudowoodo|Earthquake|p2a: Jumpluff\n|-supereffective|p2a: Jumpluff\n|-damage|p2a: Jumpluff|150/271\n|\n|-damage|p1a: Sudowoodo|15/100|[from] Leech Seed|[of] p2a: Jumpluff\n|-heal|p2a: Jumpluff|185/271|[silent]\n|upkeep\n|turn|18\n|inactive|Time left: 300 sec this turn | 300 sec total\n|\n|t:|1783545276\n|switch|p1a: Krookodile|Krookodile, L79, M|88/100\n|-activate|p1a: Krookodile|move: Sticky Web\n|-unboost|p1a: Krookodile|spe|1\n|-ability|p1a: Krookodile|Intimidate|boost\n|-unboost|p2a: Jumpluff|atk|1\n|move|p2a: Jumpluff|Strength Sap|p1a: Krookodile\n|-unboost|p1a: Krookodile|atk|1\n|-heal|p2a: Jumpluff|271/271\n|\n|upkeep\n|turn|19\n|inactive|Time left: 300 sec this turn | 300 sec total\n|\n|t:|1783545277\n|switch|p2a: Palafin|Palafin, L77, F|281/281\n|switch|p1a: Sudowoodo|Sudowoodo, L94, F|15/100\n|-activate|p1a: Sudowoodo|move: Sticky Web\n|-unboost|p1a: Sudowoodo|spe|1\n|\n|upkeep\n|turn|20\n|inactive|Time left: 300 sec this turn | 300 sec total\n|\n|t:|1783545278\n|move|p2a: Palafin|Jet Punch|p1a: Sudowoodo\n|-supereffective|p1a: Sudowoodo\n|-damage|p1a: Sudowoodo|0 fnt\n|faint|p1a: Sudowoodo\n|\n|upkeep\n|\n|t:|1783545279\n|switch|p1a: Medicham|Medicham, L86, F|100/100\n|-activate|p1a: Medicham|move: Sticky Web\n|-unboost|p1a: Medicham|spe|1\n|turn|21\n|inactive|Time left: 300 sec this turn | 300 sec total\n|\n|t:|1783545280\n|move|p2a: Palafin|Bulk Up|p2a: Palafin\n|-boost|p2a: Palafin|atk|1\n|-boost|p2a: Palafin|def|1\n|move|p1a: Medicham|Close Combat|p2a: Palafin\n|-damage|p2a: Palafin|125/281\n|-unboost|p1a: Medicham|def|1\n|-unboost|p1a: Medicham|spd|1\n|\n|-heal|p2a: Palafin|142/281|[from] item: Leftovers\n|upkeep\n|turn|22\n|inactive|Time left: 300 sec this turn | 300 sec total\n|\n|t:|1783545281\n|move|p2a: Palafin|Jet Punch|p1a: Medicham\n|-damage|p1a: Medicham|58/100\n|move|p1a: Medicham|Close Combat|p2a: Palafin\n|-damage|p2a: Palafin|0 fnt\n|-unboost|p1a: Medicham|def|1\n|-unboost|p1a: Medicham|spd|1\n|faint|p2a: Palafin\n|\n|upkeep\n|inactive|Time left: 300 sec this turn | 300 sec total | 5 sec grace\n|\n|t:|1783545283\n|switch|p2a: Luxray|Luxray, L88, F|166/283 brn\n|turn|23\n|inactive|Time left: 300 sec this turn | 300 sec total\n|\n|t:|1783545283\n|move|p1a: Medicham|Close Combat|p2a: Luxray\n|-damage|p2a: Luxray|0 fnt\n|-unboost|p1a: Medicham|def|1\n|-unboost|p1a: Medicham|spd|1\n|faint|p2a: Luxray\n|\n|upkeep\n|inactive|Time left: 300 sec this turn | 300 sec total | 5 sec grace\n|\n|t:|1783545284\n|switch|p2a: Jumpluff|Jumpluff, L87, F, tera:Steel|271/271\n|turn|24\n|inactive|Time left: 300 sec this turn | 300 sec total\n|\n|t:|1783545285\n|switch|p1a: Krookodile|Krookodile, L79, M|88/100\n|-activate|p1a: Krookodile|move: Sticky Web\n|-unboost|p1a: Krookodile|spe|1\n|-ability|p1a: Krookodile|Intimidate|boost\n|-unboost|p2a: Jumpluff|atk|1\n|move|p2a: Jumpluff|Acrobatics|p1a: Krookodile\n|-damage|p1a: Krookodile|65/100\n|\n|upkeep\n|turn|25\n|inactive|Time left: 300 sec this turn | 300 sec total\n|\n|t:|1783545286\n|move|p2a: Jumpluff|Substitute|p2a: Jumpluff\n|-start|p2a: Jumpluff|Substitute\n|-damage|p2a: Jumpluff|204/271\n|move|p1a: Krookodile|Earthquake|p2a: Jumpluff\n|-supereffective|p2a: Jumpluff\n|-end|p2a: Jumpluff|Substitute\n|-damage|p1a: Krookodile|55/100|[from] item: Life Orb\n|\n|upkeep\n|turn|26\n|inactive|Time left: 300 sec this turn | 300 sec total\n|\n|t:|1783545287\n|move|p2a: Jumpluff|Substitute|p2a: Jumpluff\n|-start|p2a: Jumpluff|Substitute\n|-damage|p2a: Jumpluff|137/271\n|move|p1a: Krookodile|Earthquake|p2a: Jumpluff\n|-supereffective|p2a: Jumpluff\n|-end|p2a: Jumpluff|Substitute\n|-damage|p1a: Krookodile|45/100|[from] item: Life Orb\n|\n|upkeep\n|turn|27\n|inactive|Time left: 300 sec this turn | 300 sec total\n|\n|t:|1783545288\n|move|p2a: Jumpluff|Strength Sap|p1a: Krookodile\n|-unboost|p1a: Krookodile|atk|1\n|-heal|p2a: Jumpluff|271/271\n|move|p1a: Krookodile|Earthquake|p2a: Jumpluff\n|-supereffective|p2a: Jumpluff\n|-damage|p2a: Jumpluff|50/271\n|-damage|p1a: Krookodile|35/100|[from] item: Life Orb\n|\n|upkeep\n|turn|28\n|inactive|Time left: 300 sec this turn | 300 sec total\n|\n|t:|1783545289\n|-terastallize|p1a: Krookodile|Ground\n|move|p2a: Jumpluff|Strength Sap|p1a: Krookodile\n|-unboost|p1a: Krookodile|atk|1\n|-heal|p2a: Jumpluff|203/271\n|move|p1a: Krookodile|Earthquake|p2a: Jumpluff\n|-supereffective|p2a: Jumpluff\n|-damage|p2a: Jumpluff|0 fnt\n|faint|p2a: Jumpluff\n|-damage|p1a: Krookodile|25/100|[from] item: Life Orb\n|\n|upkeep\n|inactive|Time left: 300 sec this turn | 300 sec total | 5 sec grace\n|\n|t:|1783545290\n|switch|p2a: Electivire|Electivire, L84, M|263/263\n|turn|29\n|inactive|Time left: 300 sec this turn | 300 sec total\n|\n|t:|1783545291\n|switch|p1a: Dondozo|Dondozo, L78, M|100/100\n|-activate|p1a: Dondozo|move: Sticky Web\n|-unboost|p1a: Dondozo|spe|1\n|move|p2a: Electivire|Flamethrower|p1a: Dondozo\n|-resisted|p1a: Dondozo\n|-damage|p1a: Dondozo|86/100\n|-damage|p2a: Electivire|237/263|[from] item: Life Orb\n|\n|-heal|p1a: Dondozo|92/100|[from] item: Leftovers\n|upkeep\n|turn|30\n|inactive|Time left: 300 sec this turn | 300 sec total\n|\n|t:|1783545293\n|move|p2a: Electivire|Volt Switch|p1a: Dondozo\n|-supereffective|p1a: Dondozo\n|-damage|p1a: Dondozo|25/100\n|-damage|p2a: Electivire|211/263|[from] item: Life Orb\n|move|p1a: Dondozo|Wave Crash|p2a: Electivire\n|-damage|p2a: Electivire|78/263\n|-damage|p1a: Dondozo|13/100|[from] Recoil\n|\n|-heal|p1a: Dondozo|19/100|[from] item: Leftovers\n|upkeep\n|turn|31\n|inactive|Time left: 300 sec this turn | 300 sec total\n|\n|t:|1783545294\n|switch|p1a: Krookodile|Krookodile, L79, M, tera:Ground|25/100\n|-activate|p1a: Krookodile|move: Sticky Web\n|-unboost|p1a: Krookodile|spe|1\n|-ability|p1a: Krookodile|Intimidate|boost\n|-unboost|p2a: Electivire|atk|1\n|move|p2a: Electivire|Volt Switch|p1a: Krookodile\n|-immune|p1a: Krookodile\n|\n|upkeep\n|turn|32\n|inactive|Time left: 300 sec this turn | 300 sec total\n|\n|t:|1783545295\n|move|p2a: Electivire|Knock Off|p1a: Krookodile\n|-damage|p1a: Krookodile|0 fnt\n|-enditem|p1a: Krookodile|Life Orb|[from] move: Knock Off|[of] p2a: Electivire\n|faint|p1a: Krookodile\n|-damage|p2a: Electivire|52/263|[from] item: Life Orb\n|\n|upkeep\n|\n|t:|1783545296\n|switch|p1a: Raichu|Raichu-Alola, L87, F|100/100\n|-activate|p1a: Raichu|move: Sticky Web\n|-unboost|p1a: Raichu|spe|1\n|turn|33\n|inactive|Time left: 300 sec this turn | 300 sec total\n|\n|t:|1783545297\n|move|p2a: Electivire|Volt Switch|p1a: Raichu\n|-resisted|p1a: Raichu\n|-damage|p1a: Raichu|81/100\n|-damage|p2a: Electivire|26/263|[from] item: Life Orb\n|move|p1a: Raichu|Psyshock|p2a: Electivire\n|-damage|p2a: Electivire|0 fnt\n|faint|p2a: Electivire\n|-damage|p1a: Raichu|71/100|[from] item: Life Orb\n|\n|win|p0x472d5ea", "uploadtime": 1783545297, "views": 0, "rating": 0, "private": 0, "password": null, "_winner": "p0x472d5ea", "_our_name": "p0y4727ae5"}