{"id": "battle-gen9randombattle-2591", "formatid": "gen9randombattle", "format": "[Gen 9] Random Battle", "players": ["p0x25910ff5", "p0y25919811"], "log": "|init|battle\n|title|p0x25910ff5 vs. p0y25919811\n|j|\u2606p0x25910ff5\n|j|\u2606p0y25919811\n|t:|1783569917\n|gametype|singles\n|player|p1|p0x25910ff5|266|\n|player|p2|p0y25919811|169|\n|gen|9\n|tier|[Gen 9] Random Battle\n|rule|Species Clause: Limit one of each Pok\u00e9mon\n|rule|HP Percentage Mod: HP is shown in percentages\n|rule|Sleep Clause Mod: Limit one foe put to sleep\n|rule|Illusion Level Mod: Illusion disguises the Pok\u00e9mon's true level\n|\n|t:|1783569917\n|teamsize|p1|6\n|teamsize|p2|6\n|start\n|switch|p1a: Crawdaunt|Crawdaunt, L84, F|243/243\n|switch|p2a: Blastoise|Blastoise, L80, F|100/100\n|turn|1\n|inactive|Battle timer is ON: inactive players will automatically lose when time's up. (requested by p0x25910ff5)\n|inactive|p0y25919811 also wants the timer to be on.\n|\n|t:|1783569918\n|move|p2a: Blastoise|Shell Smash|p2a: Blastoise\n|-unboost|p2a: Blastoise|def|1\n|-unboost|p2a: Blastoise|spd|1\n|-boost|p2a: Blastoise|atk|2\n|-boost|p2a: Blastoise|spa|2\n|-boost|p2a: Blastoise|spe|2\n|-enditem|p2a: Blastoise|White Herb\n|-clearnegativeboost|p2a: Blastoise|[silent]\n|move|p1a: Crawdaunt|Knock Off|p2a: Blastoise\n|-damage|p2a: Blastoise|48/100\n|-damage|p1a: Crawdaunt|219/243|[from] item: Life Orb\n|\n|upkeep\n|turn|2\n|inactive|Time left: 300 sec this turn | 300 sec total\n|\n|t:|1783569919\n|-terastallize|p2a: Blastoise|Grass\n|move|p2a: Blastoise|Tera Blast|p1a: Crawdaunt|[anim] Tera Blast Grass\n|-supereffective|p1a: Crawdaunt\n|-damage|p1a: Crawdaunt|0 fnt\n|faint|p1a: Crawdaunt\n|\n|upkeep\n|inactive|Time left: 300 sec this turn | 300 sec total | 5 sec grace\n|\n|t:|1783569920\n|switch|p1a: Sandslash|Sandslash-Alola, L88, M|275/275\n|turn|3\n|inactive|Time left: 300 sec this turn | 300 sec total\n|\n|t:|1783569921\n|move|p2a: Blastoise|Hydro Pump|p1a: Sandslash\n|-damage|p1a: Sandslash|112/275\n|move|p1a: Sandslash|Triple Axel|p2a: Blastoise\n|-supereffective|p2a: Blastoise\n|-damage|p2a: Blastoise|29/100\n|-supereffective|p2a: Blastoise\n|-damage|p2a: Blastoise|0 fnt\n|faint|p2a: Blastoise\n|-hitcount|p2: Blastoise|2\n|\n|upkeep\n|\n|t:|1783569923\n|switch|p2a: Dudunsparce|Dudunsparce-Three-Segment, L83, F|100/100\n|turn|4\n|inactive|Time left: 300 sec this turn | 300 sec total\n|\n|t:|1783569924\n|move|p1a: Sandslash|Triple Axel|p2a: Dudunsparce\n|-damage|p2a: Dudunsparce|93/100\n|-damage|p2a: Dudunsparce|78/100\n|-damage|p2a: Dudunsparce|55/100\n|-hitcount|p2a: Dudunsparce|3\n|move|p2a: Dudunsparce|Earthquake|p1a: Sandslash\n|-supereffective|p1a: Sandslash\n|-crit|p1a: Sandslash\n|-damage|p1a: Sandslash|0 fnt\n|faint|p1a: Sandslash\n|\n|-heal|p2a: Dudunsparce|61/100|[from] item: Leftovers\n|upkeep\n|inactive|Time left: 300 sec this turn | 300 sec total | 5 sec grace\n|\n|t:|1783569925\n|switch|p1a: Araquanid|Araquanid, L82, M|246/246\n|turn|5\n|inactive|Time left: 300 sec this turn | 300 sec total\n|\n|t:|1783569926\n|move|p2a: Dudunsparce|Roost|p2a: Dudunsparce\n|-heal|p2a: Dudunsparce|100/100\n|-singleturn|p2a: Dudunsparce|move: Roost\n|move|p1a: Araquanid|Sticky Web|p2a: Dudunsparce\n|-sidestart|p2: p0y25919811|move: Sticky Web\n|\n|upkeep\n|turn|6\n|inactive|Time left: 300 sec this turn | 300 sec total\n|\n|t:|1783569927\n|switch|p1a: Palossand|Palossand, L89, M|296/296\n|move|p2a: Dudunsparce|Toxic|p1a: Palossand\n|-status|p1a: Palossand|tox\n|\n|-damage|p1a: Palossand|278/296 tox|[from] psn\n|upkeep\n|turn|7\n|inactive|Time left: 300 sec this turn | 300 sec total\n|\n|t:|1783569928\n|move|p2a: Dudunsparce|Earthquake|p1a: Palossand\n|-damage|p1a: Palossand|217/296 tox\n|move|p1a: Palossand|Stealth Rock|p2a: Dudunsparce\n|-sidestart|p2: p0y25919811|move: Stealth Rock\n|\n|-heal|p1a: Palossand|235/296 tox|[from] item: Leftovers\n|-damage|p1a: Palossand|199/296 tox|[from] psn\n|upkeep\n|turn|8\n|inactive|Time left: 300 sec this turn | 300 sec total\n|\n|t:|1783569928\n|move|p2a: Dudunsparce|Earthquake|p1a: Palossand\n|-damage|p1a: Palossand|143/296 tox\n|move|p1a: Palossand|Shore Up|p1a: Palossand\n|-heal|p1a: Palossand|291/296 tox\n|\n|-heal|p1a: Palossand|296/296 tox|[from] item: Leftovers\n|-damage|p1a: Palossand|242/296 tox|[from] psn\n|upkeep\n|turn|9\n|inactive|Time left: 300 sec this turn | 300 sec total\n|\n|t:|1783569929\n|move|p2a: Dudunsparce|Earthquake|p1a: Palossand\n|-damage|p1a: Palossand|189/296 tox\n|move|p1a: Palossand|Earth Power|p2a: Dudunsparce\n|-damage|p2a: Dudunsparce|66/100\n|\n|-heal|p2a: Dudunsparce|72/100|[from] item: Leftovers\n|-heal|p1a: Palossand|207/296 tox|[from] item: Leftovers\n|-damage|p1a: Palossand|135/296 tox|[from] psn\n|upkeep\n|turn|10\n|inactive|Time left: 300 sec this turn | 300 sec total\n|\n|t:|1783569930\n|move|p2a: Dudunsparce|Boomburst|p1a: Palossand\n|-immune|p1a: Palossand\n|move|p1a: Palossand|Shore Up|p1a: Palossand\n|-heal|p1a: Palossand|283/296 tox\n|\n|-heal|p2a: Dudunsparce|78/100|[from] item: Leftovers\n|-heal|p1a: Palossand|296/296 tox|[from] item: Leftovers\n|-damage|p1a: Palossand|206/296 tox|[from] psn\n|upkeep\n|turn|11\n|inactive|Time left: 300 sec this turn | 300 sec total\n|\n|t:|1783569931\n|move|p2a: Dudunsparce|Boomburst|p1a: Palossand\n|-immune|p1a: Palossand\n|move|p1a: Palossand|Earth Power|p2a: Dudunsparce\n|-damage|p2a: Dudunsparce|43/100\n|\n|-heal|p2a: Dudunsparce|49/100|[from] item: Leftovers\n|-heal|p1a: Palossand|224/296 tox|[from] item: Leftovers\n|-damage|p1a: Palossand|116/296 tox|[from] psn\n|upkeep\n|turn|12\n|inactive|Time left: 300 sec this turn | 300 sec total\n|\n|t:|1783569932\n|move|p2a: Dudunsparce|Roost|p2a: Dudunsparce\n|-heal|p2a: Dudunsparce|99/100\n|-singleturn|p2a: Dudunsparce|move: Roost\n|move|p1a: Palossand|Earth Power|p2a: Dudunsparce\n|-damage|p2a: Dudunsparce|64/100\n|\n|-heal|p2a: Dudunsparce|70/100|[from] item: Leftovers\n|-heal|p1a: Palossand|134/296 tox|[from] item: Leftovers\n|-damage|p1a: Palossand|8/296 tox|[from] psn\n|upkeep\n|turn|13\n|inactive|Time left: 300 sec this turn | 300 sec total\n|\n|t:|1783569933\n|move|p2a: Dudunsparce|Earthquake|p1a: Palossand\n|-damage|p1a: Palossand|0 fnt\n|faint|p1a: Palossand\n|\n|-heal|p2a: Dudunsparce|77/100|[from] item: Leftovers\n|upkeep\n|inactive|Time left: 300 sec this turn | 300 sec total | 5 sec grace\n|\n|t:|1783569933\n|switch|p1a: Gothitelle|Gothitelle, L90, F|272/272\n|turn|14\n|inactive|Time left: 300 sec this turn | 300 sec total\n|\n|t:|1783569934\n|-terastallize|p1a: Gothitelle|Fighting\n|move|p1a: Gothitelle|Focus Blast|p2a: Dudunsparce|[miss]\n|-miss|p1a: Gothitelle|p2a: Dudunsparce\n|move|p2a: Dudunsparce|Toxic|p1a: Gothitelle\n|-status|p1a: Gothitelle|tox\n|\n|-heal|p2a: Dudunsparce|83/100|[from] item: Leftovers\n|-damage|p1a: Gothitelle|255/272 tox|[from] psn\n|upkeep\n|turn|15\n|inactive|Time left: 300 sec this turn | 300 sec total\n|\n|t:|1783569935\n|move|p1a: Gothitelle|Focus Blast|p2a: Dudunsparce|[miss]\n|-miss|p1a: Gothitelle|p2a: Dudunsparce\n|move|p2a: Dudunsparce|Boomburst|p1a: Gothitelle\n|-damage|p1a: Gothitelle|150/272 tox\n|\n|-heal|p2a: Dudunsparce|89/100|[from] item: Leftovers\n|-damage|p1a: Gothitelle|116/272 tox|[from] psn\n|upkeep\n|turn|16\n|inactive|Time left: 300 sec this turn | 300 sec total\n|\n|t:|1783569936\n|move|p1a: Gothitelle|Focus Blast|p2a: Dudunsparce\n|-supereffective|p2a: Dudunsparce\n|-crit|p2a: Dudunsparce\n|-damage|p2a: Dudunsparce|0 fnt\n|faint|p2a: Dudunsparce\n|\n|-damage|p1a: Gothitelle|65/272 tox|[from] psn\n|upkeep\n|\n|t:|1783569937\n|switch|p2a: Sneasler|Sneasler, L74, F|100/100\n|-activate|p2a: Sneasler|move: Sticky Web\n|-unboost|p2a: Sneasler|spe|1\n|-damage|p2a: Sneasler|94/100|[from] Stealth Rock\n|-enditem|p2a: Sneasler|White Herb\n|-clearnegativeboost|p2a: Sneasler|[silent]\n|turn|17\n|inactive|Time left: 300 sec this turn | 300 sec total\n|\n|t:|1783569938\n|move|p2a: Sneasler|Swords Dance|p2a: Sneasler\n|-boost|p2a: Sneasler|atk|2\n|move|p1a: Gothitelle|Focus Blast|p2a: Sneasler\n|-resisted|p2a: Sneasler\n|-damage|p2a: Sneasler|59/100\n|\n|-damage|p1a: Gothitelle|0 fnt|[from] psn\n|faint|p1a: Gothitelle\n|upkeep\n|inactive|Time left: 300 sec this turn | 300 sec total | 5 sec grace\n|\n|t:|1783569939\n|switch|p1a: Araquanid|Araquanid, L82, M|246/246\n|turn|18\n|inactive|Time left: 300 sec this turn | 300 sec total\n|\n|t:|1783569940\n|switch|p1a: Arcanine|Arcanine-Hisui, L79, F|280/280\n|move|p2a: Sneasler|Acrobatics|p1a: Arcanine\n|-resisted|p1a: Arcanine\n|-damage|p1a: Arcanine|198/280\n|\n|upkeep\n|turn|19\n|inactive|Time left: 300 sec this turn | 300 sec total\n|\n|t:|1783569941\n|switch|p1a: Araquanid|Araquanid, L82, M|246/246\n|move|p2a: Sneasler|Close Combat|p1a: Araquanid\n|-resisted|p1a: Araquanid\n|-damage|p1a: Araquanid|121/246\n|-unboost|p2a: Sneasler|def|1\n|-unboost|p2a: Sneasler|spd|1\n|\n|upkeep\n|turn|20\n|inactive|Time left: 300 sec this turn | 300 sec total\n|\n|t:|1783569941\n|switch|p1a: Arcanine|Arcanine-Hisui, L79, F|198/280\n|move|p2a: Sneasler|Acrobatics|p1a: Arcanine\n|-resisted|p1a: Arcanine\n|-damage|p1a: Arcanine|114/280\n|\n|upkeep\n|turn|21\n|inactive|Time left: 300 sec this turn | 300 sec total\n|\n|t:|1783569942\n|switch|p1a: Araquanid|Araquanid, L82, M|121/246\n|move|p2a: Sneasler|Close Combat|p1a: Araquanid\n|-resisted|p1a: Araquanid\n|-damage|p1a: Araquanid|0 fnt\n|-unboost|p2a: Sneasler|def|1\n|-unboost|p2a: Sneasler|spd|1\n|faint|p1a: Araquanid\n|\n|upkeep\n|inactive|Time left: 300 sec this turn | 300 sec total | 5 sec grace\n|\n|t:|1783569943\n|switch|p1a: Arcanine|Arcanine-Hisui, L79, F|114/280\n|turn|22\n|inactive|Time left: 300 sec this turn | 300 sec total\n|\n|t:|1783569944\n|move|p1a: Arcanine|Extreme Speed|p2a: Sneasler\n|-damage|p2a: Sneasler|0 fnt\n|faint|p2a: Sneasler\n|\n|upkeep\n|\n|t:|1783569944\n|switch|p2a: Shaymin|Shaymin-Sky, L73|100/100\n|turn|23\n|inactive|Time left: 300 sec this turn | 300 sec total\n|\n|t:|1783569945\n|move|p2a: Shaymin|Earth Power|p1a: Arcanine\n|-supereffective|p1a: Arcanine\n|-damage|p1a: Arcanine|0 fnt\n|faint|p1a: Arcanine\n|\n|win|p0y25919811", "uploadtime": 1783569945, "views": 0, "rating": 0, "private": 0, "password": null, "_winner": "p0y25919811", "_our_name": "p0x25910ff5"}