{"id": "battle-gen9randombattle-825", "formatid": "gen9randombattle", "format": "[Gen 9] Random Battle", "players": ["p0x82567c1", "p0y825bf25"], "log": "|init|battle\n|title|p0x82567c1 vs. p0y825bf25\n|j|\u2606p0x82567c1\n|j|\u2606p0y825bf25\n|t:|1783549458\n|gametype|singles\n|player|p1|p0x82567c1|169|\n|player|p2|p0y825bf25|101|\n|gen|9\n|tier|[Gen 9] Random Battle\n|rule|Species Clause: Limit one of each Pok\u00e9mon\n|rule|HP Percentage Mod: HP is shown in percentages\n|rule|Sleep Clause Mod: Limit one foe put to sleep\n|rule|Illusion Level Mod: Illusion disguises the Pok\u00e9mon's true level\n|\n|t:|1783549458\n|teamsize|p1|6\n|teamsize|p2|6\n|start\n|switch|p1a: Ceruledge|Ceruledge, L78, F|100/100\n|switch|p2a: Galvantula|Galvantula, L82, M|249/249\n|turn|1\n|inactive|Battle timer is ON: inactive players will automatically lose when time's up. (requested by p0y825bf25)\n|inactive|p0x82567c1 also wants the timer to be on.\n|\n|t:|1783549460\n|move|p2a: Galvantula|Sticky Web|p1a: Ceruledge\n|-sidestart|p1: p0x82567c1|move: Sticky Web\n|move|p1a: Ceruledge|Bitter Blade|p2a: Galvantula\n|-supereffective|p2a: Galvantula\n|-enditem|p2a: Galvantula|Focus Sash\n|-damage|p2a: Galvantula|1/249\n|\n|upkeep\n|turn|2\n|inactive|Time left: 300 sec this turn | 300 sec total\n|\n|t:|1783549461\n|move|p2a: Galvantula|Thunder|p1a: Ceruledge\n|-damage|p1a: Ceruledge|58/100\n|move|p1a: Ceruledge|Swords Dance|p1a: Ceruledge\n|-boost|p1a: Ceruledge|atk|2\n|\n|upkeep\n|turn|3\n|inactive|Time left: 300 sec this turn | 300 sec total\n|\n|t:|1783549462\n|move|p2a: Galvantula|Thunder|p1a: Ceruledge|[miss]\n|-miss|p2a: Galvantula|p1a: Ceruledge\n|move|p1a: Ceruledge|Bitter Blade|p2a: Galvantula\n|-supereffective|p2a: Galvantula\n|-damage|p2a: Galvantula|0 fnt\n|-heal|p1a: Ceruledge|58/100|[from] drain|[of] p2a: Galvantula\n|faint|p2a: Galvantula\n|\n|upkeep\n|inactive|Time left: 300 sec this turn | 300 sec total | 5 sec grace\n|\n|t:|1783549463\n|switch|p2a: Pikachu|Pikachu-Alola, L93, F|216/216\n|turn|4\n|inactive|Time left: 300 sec this turn | 300 sec total\n|\n|t:|1783549464\n|switch|p1a: Wugtrio|Wugtrio, L91, M|100/100\n|-activate|p1a: Wugtrio|move: Sticky Web\n|-unboost|p1a: Wugtrio|spe|1\n|move|p2a: Pikachu|Volt Tackle|p1a: Wugtrio\n|-supereffective|p1a: Wugtrio\n|-damage|p1a: Wugtrio|0 fnt\n|-ability|p1a: Wugtrio|Gooey\n|-unboost|p2a: Pikachu|spe|1\n|faint|p1a: Wugtrio\n|-damage|p2a: Pikachu|146/216|[from] Recoil\n|\n|upkeep\n|\n|t:|1783549466\n|switch|p1a: Mabosstiff|Mabosstiff, L86, F|100/100\n|-activate|p1a: Mabosstiff|move: Sticky Web\n|-unboost|p1a: Mabosstiff|spe|1\n|turn|5\n|inactive|Time left: 300 sec this turn | 300 sec total\n|\n|t:|1783549467\n|switch|p2a: Gliscor|Gliscor, L76, M|239/239\n|move|p1a: Mabosstiff|Crunch|p2a: Gliscor\n|-damage|p2a: Gliscor|64/239\n|\n|-status|p2a: Gliscor|tox|[from] item: Toxic Orb\n|upkeep\n|turn|6\n|inactive|Time left: 300 sec this turn | 300 sec total\n|\n|t:|1783549468\n|move|p2a: Gliscor|Protect|p2a: Gliscor\n|-singleturn|p2a: Gliscor|Protect\n|move|p1a: Mabosstiff|Crunch|p2a: Gliscor\n|-activate|p2a: Gliscor|move: Protect\n|\n|-heal|p2a: Gliscor|93/239 tox|[from] ability: Poison Heal\n|upkeep\n|turn|7\n|inactive|Time left: 300 sec this turn | 300 sec total\n|\n|t:|1783549469\n|move|p1a: Mabosstiff|Crunch|p2a: Gliscor\n|-damage|p2a: Gliscor|8/239 tox\n|move|p2a: Gliscor|Knock Off|p1a: Mabosstiff\n|-resisted|p1a: Mabosstiff\n|-damage|p1a: Mabosstiff|92/100\n|-enditem|p1a: Mabosstiff|Choice Scarf|[from] move: Knock Off|[of] p2a: Gliscor\n|\n|-heal|p2a: Gliscor|37/239 tox|[from] ability: Poison Heal\n|upkeep\n|turn|8\n|inactive|Time left: 300 sec this turn | 300 sec total\n|\n|t:|1783549470\n|move|p2a: Gliscor|Protect|p2a: Gliscor\n|-singleturn|p2a: Gliscor|Protect\n|move|p1a: Mabosstiff|Crunch|p2a: Gliscor\n|-activate|p2a: Gliscor|move: Protect\n|\n|-heal|p2a: Gliscor|66/239 tox|[from] ability: Poison Heal\n|upkeep\n|turn|9\n|inactive|Time left: 300 sec this turn | 300 sec total\n|\n|t:|1783549472\n|move|p2a: Gliscor|Toxic|p1a: Mabosstiff|[miss]\n|-miss|p2a: Gliscor|p1a: Mabosstiff\n|move|p1a: Mabosstiff|Crunch|p2a: Gliscor\n|-damage|p2a: Gliscor|0 fnt\n|faint|p2a: Gliscor\n|\n|upkeep\n|inactive|Time left: 300 sec this turn | 300 sec total | 5 sec grace\n|\n|t:|1783549473\n|switch|p2a: Arceus|Arceus-Water, L71|288/288\n|turn|10\n|inactive|Time left: 300 sec this turn | 300 sec total\n|\n|t:|1783549474\n|switch|p1a: Mismagius|Mismagius, L86, M|100/100\n|move|p2a: Arceus|Will-O-Wisp|p1a: Mismagius\n|-status|p1a: Mismagius|brn\n|\n|-damage|p1a: Mismagius|94/100 brn|[from] brn\n|upkeep\n|turn|11\n|inactive|Time left: 300 sec this turn | 300 sec total\n|\n|t:|1783549474\n|move|p1a: Mismagius|Nasty Plot|p1a: Mismagius\n|-boost|p1a: Mismagius|spa|2\n|move|p2a: Arceus|Judgment|p1a: Mismagius\n|-damage|p1a: Mismagius|58/100 brn\n|\n|-heal|p1a: Mismagius|64/100 brn|[from] item: Leftovers\n|-damage|p1a: Mismagius|58/100 brn|[from] brn\n|upkeep\n|turn|12\n|inactive|Time left: 300 sec this turn | 300 sec total\n|\n|t:|1783549475\n|move|p1a: Mismagius|Shadow Ball|p2a: Arceus\n|-damage|p2a: Arceus|117/288\n|move|p2a: Arceus|Judgment|p1a: Mismagius\n|-damage|p1a: Mismagius|19/100 brn\n|\n|-heal|p1a: Mismagius|25/100 brn|[from] item: Leftovers\n|-damage|p1a: Mismagius|19/100 brn|[from] brn\n|upkeep\n|turn|13\n|inactive|Time left: 300 sec this turn | 300 sec total\n|\n|t:|1783549477\n|move|p1a: Mismagius|Shadow Ball|p2a: Arceus\n|-damage|p2a: Arceus|0 fnt\n|faint|p2a: Arceus\n|\n|-heal|p1a: Mismagius|25/100 brn|[from] item: Leftovers\n|-damage|p1a: Mismagius|19/100 brn|[from] brn\n|upkeep\n|inactive|Time left: 300 sec this turn | 300 sec total | 5 sec grace\n|\n|t:|1783549478\n|switch|p2a: Sneasler|Sneasler, L74, F|240/240\n|turn|14\n|inactive|Time left: 300 sec this turn | 300 sec total\n|\n|t:|1783549479\n|move|p1a: Mismagius|Shadow Ball|p2a: Sneasler\n|-damage|p2a: Sneasler|21/240\n|move|p2a: Sneasler|Throat Chop|p1a: Mismagius\n|-supereffective|p1a: Mismagius\n|-damage|p1a: Mismagius|0 fnt\n|faint|p1a: Mismagius\n|\n|upkeep\n|\n|t:|1783549480\n|switch|p1a: Mabosstiff|Mabosstiff, L86, F|92/100\n|-activate|p1a: Mabosstiff|move: Sticky Web\n|-unboost|p1a: Mabosstiff|spe|1\n|turn|15\n|inactive|Time left: 300 sec this turn | 300 sec total\n|\n|t:|1783549481\n|move|p2a: Sneasler|Throat Chop|p1a: Mabosstiff\n|-resisted|p1a: Mabosstiff\n|-crit|p1a: Mabosstiff\n|-damage|p1a: Mabosstiff|69/100\n|-start|p1a: Mabosstiff|Throat Chop|[silent]\n|move|p1a: Mabosstiff|Play Rough|p2a: Sneasler\n|-damage|p2a: Sneasler|0 fnt\n|faint|p2a: Sneasler\n|\n|upkeep\n|inactive|Time left: 300 sec this turn | 300 sec total | 5 sec grace\n|\n|t:|1783549482\n|switch|p2a: Pikachu|Pikachu-Alola, L93, F|146/216\n|turn|16\n|inactive|Time left: 300 sec this turn | 300 sec total\n|\n|t:|1783549483\n|move|p2a: Pikachu|Volt Tackle|p1a: Mabosstiff\n|-damage|p1a: Mabosstiff|0 fnt\n|faint|p1a: Mabosstiff\n|-damage|p2a: Pikachu|83/216|[from] Recoil\n|\n|upkeep\n|\n|t:|1783549484\n|switch|p1a: Illumise|Illumise, L91, F|100/100\n|turn|17\n|inactive|Time left: 300 sec this turn | 300 sec total\n|\n|t:|1783549485\n|move|p2a: Pikachu|Volt Tackle|p1a: Illumise\n|-damage|p1a: Illumise|23/100\n|-damage|p2a: Pikachu|15/216|[from] Recoil\n|move|p1a: Illumise|Bug Buzz|p2a: Pikachu\n|-damage|p2a: Pikachu|0 fnt\n|faint|p2a: Pikachu\n|\n|upkeep\n|inactive|Time left: 300 sec this turn | 300 sec total | 5 sec grace\n|\n|t:|1783549486\n|switch|p2a: Articuno|Articuno-Galar, L84|288/288\n|turn|18\n|inactive|Time left: 300 sec this turn | 300 sec total\n|\n|t:|1783549487\n|move|p1a: Illumise|Thunder Wave|p2a: Articuno\n|-status|p2a: Articuno|par\n|cant|p2a: Articuno|par\n|\n|upkeep\n|turn|19\n|inactive|Time left: 300 sec this turn | 300 sec total\n|\n|t:|1783549488\n|switch|p1a: Ceruledge|Ceruledge, L78, F|58/100\n|move|p2a: Articuno|Calm Mind|p2a: Articuno\n|-boost|p2a: Articuno|spa|1\n|-boost|p2a: Articuno|spd|1\n|\n|upkeep\n|turn|20\n|inactive|Time left: 300 sec this turn | 300 sec total\n|\n|t:|1783549490\n|-terastallize|p2a: Articuno|Steel\n|move|p1a: Ceruledge|Poltergeist|p2a: Articuno\n|-activate|p2a: Articuno|move: Poltergeist|Heavy-Duty Boots\n|-damage|p2a: Articuno|162/288 par\n|cant|p2a: Articuno|par\n|\n|upkeep\n|turn|21\n|inactive|Time left: 300 sec this turn | 300 sec total\n|\n|t:|1783549490\n|move|p1a: Ceruledge|Bitter Blade|p2a: Articuno\n|-supereffective|p2a: Articuno\n|-damage|p2a: Articuno|0 fnt\n|-heal|p1a: Ceruledge|91/100|[from] drain|[of] p2a: Articuno\n|faint|p2a: Articuno\n|\n|win|p0x82567c1", "uploadtime": 1783549490, "views": 0, "rating": 0, "private": 0, "password": null, "_winner": "p0x82567c1", "_our_name": "p0y825bf25"}