{"id": "battle-gen9randombattle-1478", "formatid": "gen9randombattle", "format": "[Gen 9] Random Battle", "players": ["p0x1478dbc3", "p0y147882eb"], "log": "|init|battle\n|title|p0x1478dbc3 vs. p0y147882eb\n|j|\u2606p0x1478dbc3\n|j|\u2606p0y147882eb\n|t:|1783557207\n|gametype|singles\n|player|p1|p0x1478dbc3|265|\n|player|p2|p0y147882eb|266|\n|gen|9\n|tier|[Gen 9] Random Battle\n|rule|Species Clause: Limit one of each Pok\u00e9mon\n|rule|HP Percentage Mod: HP is shown in percentages\n|rule|Sleep Clause Mod: Limit one foe put to sleep\n|rule|Illusion Level Mod: Illusion disguises the Pok\u00e9mon's true level\n|\n|t:|1783557207\n|teamsize|p1|6\n|teamsize|p2|6\n|start\n|switch|p1a: Cryogonal|Cryogonal, L89|287/287\n|switch|p2a: Clodsire|Clodsire, L81, M|100/100\n|turn|1\n|inactive|Battle timer is ON: inactive players will automatically lose when time's up. (requested by p0y147882eb)\n|inactive|Time left: 300 sec this turn | 300 sec total | 60 sec grace\n|inactive|p0x1478dbc3 also wants the timer to be on.\n|\n|t:|1783557208\n|move|p1a: Cryogonal|Freeze-Dry|p2a: Clodsire\n|-supereffective|p2a: Clodsire\n|-damage|p2a: Clodsire|54/100\n|-status|p2a: Clodsire|frz\n|-curestatus|p2a: Clodsire|frz|[msg]\n|move|p2a: Clodsire|Gunk Shot|p1a: Cryogonal\n|-damage|p1a: Cryogonal|160/287\n|-status|p1a: Cryogonal|psn\n|\n|-heal|p2a: Clodsire|61/100|[from] item: Leftovers\n|-damage|p1a: Cryogonal|125/287 psn|[from] psn\n|upkeep\n|turn|2\n|inactive|Time left: 300 sec this turn | 300 sec total\n|\n|t:|1783557209\n|move|p1a: Cryogonal|Freeze-Dry|p2a: Clodsire\n|-supereffective|p2a: Clodsire\n|-damage|p2a: Clodsire|19/100\n|move|p2a: Clodsire|Gunk Shot|p1a: Cryogonal\n|-damage|p1a: Cryogonal|0 fnt\n|faint|p1a: Cryogonal\n|\n|-heal|p2a: Clodsire|25/100|[from] item: Leftovers\n|upkeep\n|inactive|Time left: 300 sec this turn | 300 sec total | 5 sec grace\n|\n|t:|1783557210\n|switch|p1a: Samurott|Samurott-Hisui, L77, F|265/265\n|turn|3\n|inactive|Time left: 300 sec this turn | 300 sec total\n|\n|t:|1783557211\n|switch|p2a: Sylveon|Sylveon, L85, F|100/100\n|move|p1a: Samurott|Ceaseless Edge|p2a: Sylveon\n|-resisted|p2a: Sylveon\n|-damage|p2a: Sylveon|74/100\n|-sidestart|p2: p0y147882eb|Spikes\n|\n|-heal|p2a: Sylveon|80/100|[from] item: Leftovers\n|upkeep\n|turn|4\n|inactive|Time left: 300 sec this turn | 300 sec total\n|\n|t:|1783557212\n|-terastallize|p1a: Samurott|Poison\n|move|p1a: Samurott|Ceaseless Edge|p2a: Sylveon\n|-resisted|p2a: Sylveon\n|-damage|p2a: Sylveon|52/100\n|-sidestart|p2: p0y147882eb|Spikes\n|move|p2a: Sylveon|Hyper Voice|p1a: Samurott\n|-resisted|p1a: Samurott\n|-damage|p1a: Samurott|184/265\n|\n|-heal|p2a: Sylveon|58/100|[from] item: Leftovers\n|upkeep\n|turn|5\n|inactive|Time left: 300 sec this turn | 300 sec total\n|\n|t:|1783557213\n|move|p1a: Samurott|Ceaseless Edge|p2a: Sylveon\n|-resisted|p2a: Sylveon\n|-damage|p2a: Sylveon|31/100\n|-sidestart|p2: p0y147882eb|Spikes\n|move|p2a: Sylveon|Wish|p2a: Sylveon\n|\n|-heal|p2a: Sylveon|37/100|[from] item: Leftovers\n|upkeep\n|turn|6\n|inactive|Time left: 300 sec this turn | 300 sec total\n|\n|t:|1783557214\n|move|p1a: Samurott|Ceaseless Edge|p2a: Sylveon|[miss]\n|-miss|p1a: Samurott|p2a: Sylveon\n|move|p2a: Sylveon|Calm Mind|p2a: Sylveon\n|-boost|p2a: Sylveon|spa|1\n|-boost|p2a: Sylveon|spd|1\n|\n|-heal|p2a: Sylveon|87/100|[from] move: Wish|[wisher] Sylveon\n|-heal|p2a: Sylveon|93/100|[from] item: Leftovers\n|upkeep\n|turn|7\n|inactive|Time left: 300 sec this turn | 300 sec total\n|\n|t:|1783557214\n|switch|p1a: Camerupt|Camerupt, L91, F|275/275\n|move|p2a: Sylveon|Hyper Voice|p1a: Camerupt\n|-resisted|p1a: Camerupt\n|-damage|p1a: Camerupt|166/275\n|\n|-heal|p2a: Sylveon|99/100|[from] item: Leftovers\n|-heal|p1a: Camerupt|183/275|[from] item: Leftovers\n|upkeep\n|turn|8\n|inactive|Time left: 300 sec this turn | 300 sec total\n|\n|t:|1783557215\n|move|p2a: Sylveon|Hyper Voice|p1a: Camerupt\n|-resisted|p1a: Camerupt\n|-damage|p1a: Camerupt|72/275\n|move|p1a: Camerupt|Stealth Rock|p2a: Sylveon\n|-sidestart|p2: p0y147882eb|move: Stealth Rock\n|\n|-heal|p2a: Sylveon|100/100|[from] item: Leftovers\n|-heal|p1a: Camerupt|89/275|[from] item: Leftovers\n|upkeep\n|turn|9\n|inactive|Time left: 300 sec this turn | 300 sec total\n|\n|t:|1783557216\n|switch|p1a: Samurott|Samurott-Hisui, L77, F, tera:Poison|184/265\n|move|p2a: Sylveon|Hyper Voice|p1a: Samurott\n|-resisted|p1a: Samurott\n|-damage|p1a: Samurott|53/265\n|\n|upkeep\n|turn|10\n|inactive|Time left: 300 sec this turn | 300 sec total\n|\n|t:|1783557217\n|move|p1a: Samurott|Razor Shell|p2a: Sylveon\n|-damage|p2a: Sylveon|28/100\n|-unboost|p2a: Sylveon|def|1\n|move|p2a: Sylveon|Hyper Voice|p1a: Samurott\n|-resisted|p1a: Samurott\n|-damage|p1a: Samurott|0 fnt\n|faint|p1a: Samurott\n|\n|-heal|p2a: Sylveon|34/100|[from] item: Leftovers\n|upkeep\n|inactive|Time left: 300 sec this turn | 300 sec total | 5 sec grace\n|\n|t:|1783557218\n|switch|p1a: Zarude|Zarude-Dada, L77|288/288\n|turn|11\n|inactive|Time left: 300 sec this turn | 300 sec total\n|\n|t:|1783557219\n|move|p2a: Sylveon|Protect|p2a: Sylveon\n|-singleturn|p2a: Sylveon|Protect\n|move|p1a: Zarude|Knock Off|p2a: Sylveon\n|-activate|p2a: Sylveon|move: Protect\n|\n|-heal|p2a: Sylveon|40/100|[from] item: Leftovers\n|upkeep\n|turn|12\n|inactive|Time left: 300 sec this turn | 300 sec total\n|\n|t:|1783557220\n|move|p1a: Zarude|Knock Off|p2a: Sylveon\n|-resisted|p2a: Sylveon\n|-damage|p2a: Sylveon|0 fnt\n|-enditem|p2a: Sylveon|Leftovers|[from] move: Knock Off|[of] p1a: Zarude\n|faint|p2a: Sylveon\n|\n|upkeep\n|\n|t:|1783557220\n|switch|p2a: Gengar|Gengar, L81, M|100/100\n|-damage|p2a: Gengar|76/100|[from] Spikes\n|-damage|p2a: Gengar|64/100|[from] Stealth Rock\n|turn|13\n|inactive|Time left: 300 sec this turn | 300 sec total\n|\n|t:|1783557222\n|switch|p1a: Houndstone|Houndstone, L86, F|264/264\n|move|p2a: Gengar|Sludge Wave|p1a: Houndstone\n|-resisted|p1a: Houndstone\n|-damage|p1a: Houndstone|195/264\n|-damage|p2a: Gengar|54/100|[from] item: Life Orb\n|\n|-heal|p1a: Houndstone|211/264|[from] item: Leftovers\n|upkeep\n|turn|14\n|inactive|Time left: 300 sec this turn | 300 sec total\n|\n|t:|1783557223\n|move|p1a: Houndstone|Shadow Sneak|p2a: Gengar\n|-supereffective|p2a: Gengar\n|-damage|p2a: Gengar|0 fnt\n|faint|p2a: Gengar\n|\n|-heal|p1a: Houndstone|227/264|[from] item: Leftovers\n|upkeep\n|\n|t:|1783557224\n|switch|p2a: Clodsire|Clodsire, L81, M|100/100\n|-damage|p2a: Clodsire|76/100|[from] Spikes\n|-damage|p2a: Clodsire|63/100|[from] Stealth Rock\n|turn|15\n|inactive|Time left: 300 sec this turn | 300 sec total\n|\n|t:|1783557225\n|move|p2a: Clodsire|Dark Pulse|p1a: Houndstone\n|-supereffective|p1a: Houndstone\n|-damage|p1a: Houndstone|0 fnt\n|faint|p1a: Houndstone\n|-damage|p2a: Clodsire|54/100|[from] item: Life Orb\n|\n|upkeep\n|inactive|Time left: 300 sec this turn | 300 sec total | 5 sec grace\n|\n|t:|1783557226\n|switch|p1a: Deoxys|Deoxys, L74|196/196\n|-ability|p1a: Deoxys|Pressure\n|turn|16\n|inactive|Time left: 300 sec this turn | 300 sec total\n|\n|t:|1783557227\n|move|p1a: Deoxys|Superpower|p2a: Clodsire\n|-supereffective|p2a: Clodsire\n|-damage|p2a: Clodsire|0 fnt\n|-unboost|p1a: Deoxys|atk|1\n|-unboost|p1a: Deoxys|def|1\n|replace|p2a: Zoroark|Zoroark, L83, F\n|-end|p2a: Zoroark|Illusion\n|-hint|Illusion Level Mod is active, so this Pok\u00e9mon's true level was hidden.\n|faint|p2a: Zoroark\n|-damage|p1a: Deoxys|177/196|[from] item: Life Orb\n|\n|upkeep\n|\n|t:|1783557228\n|switch|p2a: Kilowattrel|Kilowattrel, L83, F|100/100\n|turn|17\n|inactive|Time left: 300 sec this turn | 300 sec total\n|\n|t:|1783557229\n|-terastallize|p2a: Kilowattrel|Steel\n|move|p1a: Deoxys|Psycho Boost|p2a: Kilowattrel\n|-resisted|p2a: Kilowattrel\n|-damage|p2a: Kilowattrel|45/100\n|-unboost|p1a: Deoxys|spa|2\n|-damage|p1a: Deoxys|158/196|[from] item: Life Orb\n|move|p2a: Kilowattrel|Hurricane|p1a: Deoxys\n|-damage|p1a: Deoxys|0 fnt\n|faint|p1a: Deoxys\n|\n|upkeep\n|inactive|Time left: 300 sec this turn | 300 sec total | 5 sec grace\n|\n|t:|1783557230\n|switch|p1a: Camerupt|Camerupt, L91, F|89/275\n|turn|18\n|inactive|Time left: 300 sec this turn | 300 sec total\n|\n|t:|1783557231\n|move|p2a: Kilowattrel|Hurricane|p1a: Camerupt|[miss]\n|-miss|p2a: Kilowattrel|p1a: Camerupt\n|move|p1a: Camerupt|Earthquake|p2a: Kilowattrel\n|-supereffective|p2a: Kilowattrel\n|-damage|p2a: Kilowattrel|0 fnt\n|faint|p2a: Kilowattrel\n|\n|-heal|p1a: Camerupt|106/275|[from] item: Leftovers\n|upkeep\n|\n|t:|1783557231\n|switch|p2a: Floatzel|Floatzel, L86, F|100/100\n|-damage|p2a: Floatzel|76/100|[from] Spikes\n|-damage|p2a: Floatzel|63/100|[from] Stealth Rock\n|turn|19\n|inactive|Time left: 300 sec this turn | 300 sec total\n|\n|t:|1783557232\n|move|p2a: Floatzel|Bulk Up|p2a: Floatzel\n|-boost|p2a: Floatzel|atk|1\n|-boost|p2a: Floatzel|def|1\n|move|p1a: Camerupt|Earthquake|p2a: Floatzel\n|-damage|p2a: Floatzel|26/100\n|\n|-heal|p2a: Floatzel|32/100|[from] item: Leftovers\n|-heal|p1a: Camerupt|123/275|[from] item: Leftovers\n|upkeep\n|turn|20\n|inactive|Time left: 300 sec this turn | 300 sec total\n|\n|t:|1783557233\n|move|p2a: Floatzel|Bulk Up|p2a: Floatzel\n|-boost|p2a: Floatzel|atk|1\n|-boost|p2a: Floatzel|def|1\n|move|p1a: Camerupt|Overheat|p2a: Floatzel\n|-resisted|p2a: Floatzel\n|-damage|p2a: Floatzel|0 fnt\n|-unboost|p1a: Camerupt|spa|2\n|faint|p2a: Floatzel\n|\n|-heal|p1a: Camerupt|140/275|[from] item: Leftovers\n|upkeep\n|\n|t:|1783557234\n|switch|p2a: Clodsire|Clodsire, L81, M|25/100\n|-damage|p2a: Clodsire|0 fnt|[from] Spikes\n|faint|p2a: Clodsire\n|\n|win|p0x1478dbc3", "uploadtime": 1783557234, "views": 0, "rating": 0, "private": 0, "password": null, "_winner": "p0x1478dbc3", "_our_name": "p0x1478dbc3"}