{"id": "battle-gen9randombattle-1517", "formatid": "gen9randombattle", "format": "[Gen 9] Random Battle", "players": ["p0x1517bdd7", "p0y15173f08"], "log": "|init|battle\n|title|p0x1517bdd7 vs. p0y15173f08\n|j|\u2606p0x1517bdd7\n|j|\u2606p0y15173f08\n|t:|1783557671\n|gametype|singles\n|player|p1|p0x1517bdd7|2|\n|player|p2|p0y15173f08|266|\n|gen|9\n|tier|[Gen 9] Random Battle\n|rule|Species Clause: Limit one of each Pok\u00e9mon\n|rule|HP Percentage Mod: HP is shown in percentages\n|rule|Sleep Clause Mod: Limit one foe put to sleep\n|rule|Illusion Level Mod: Illusion disguises the Pok\u00e9mon's true level\n|\n|t:|1783557671\n|teamsize|p1|6\n|teamsize|p2|6\n|start\n|switch|p1a: Sudowoodo|Sudowoodo, L94, M|284/284\n|switch|p2a: Decidueye|Decidueye, L88, F|100/100\n|turn|1\n|inactive|Battle timer is ON: inactive players will automatically lose when time's up. (requested by p0y15173f08)\n|inactive|Time left: 300 sec this turn | 300 sec total | 60 sec grace\n|inactive|p0x1517bdd7 also wants the timer to be on.\n|\n|t:|1783557672\n|move|p2a: Decidueye|Leaf Storm|p1a: Sudowoodo\n|-supereffective|p1a: Sudowoodo\n|-damage|p1a: Sudowoodo|0 fnt\n|-unboost|p2a: Decidueye|spa|2\n|faint|p1a: Sudowoodo\n|\n|upkeep\n|inactive|Time left: 300 sec this turn | 300 sec total | 65 sec grace\n|\n|t:|1783557673\n|switch|p1a: Alcremie|Alcremie, L90, F|263/263\n|turn|2\n|inactive|Time left: 300 sec this turn | 300 sec total\n|\n|t:|1783557675\n|move|p2a: Decidueye|U-turn|p1a: Alcremie\n|-resisted|p1a: Alcremie\n|-damage|p1a: Alcremie|230/263\n|\n|t:|1783557676\n|switch|p2a: Volcarona|Volcarona, L77, F|100/100|[from] U-turn\n|move|p1a: Alcremie|Calm Mind|p1a: Alcremie\n|-boost|p1a: Alcremie|spa|1\n|-boost|p1a: Alcremie|spd|1\n|\n|-heal|p1a: Alcremie|246/263|[from] item: Leftovers\n|upkeep\n|turn|3\n|inactive|Time left: 300 sec this turn | 300 sec total\n|\n|t:|1783557677\n|move|p2a: Volcarona|Quiver Dance|p2a: Volcarona\n|-boost|p2a: Volcarona|spa|1\n|-boost|p2a: Volcarona|spd|1\n|-boost|p2a: Volcarona|spe|1\n|move|p1a: Alcremie|Calm Mind|p1a: Alcremie\n|-boost|p1a: Alcremie|spa|1\n|-boost|p1a: Alcremie|spd|1\n|\n|-heal|p1a: Alcremie|262/263|[from] item: Leftovers\n|upkeep\n|turn|4\n|inactive|Time left: 300 sec this turn | 300 sec total\n|\n|t:|1783557678\n|move|p2a: Volcarona|Quiver Dance|p2a: Volcarona\n|-boost|p2a: Volcarona|spa|1\n|-boost|p2a: Volcarona|spd|1\n|-boost|p2a: Volcarona|spe|1\n|move|p1a: Alcremie|Alluring Voice|p2a: Volcarona\n|-resisted|p2a: Volcarona\n|-damage|p2a: Volcarona|79/100\n|-start|p2a: Volcarona|confusion\n|\n|-heal|p1a: Alcremie|263/263|[from] item: Leftovers\n|upkeep\n|turn|5\n|inactive|Time left: 300 sec this turn | 300 sec total\n|\n|t:|1783557679\n|-activate|p2a: Volcarona|confusion\n|move|p2a: Volcarona|Quiver Dance|p2a: Volcarona\n|-boost|p2a: Volcarona|spa|1\n|-boost|p2a: Volcarona|spd|1\n|-boost|p2a: Volcarona|spe|1\n|move|p1a: Alcremie|Calm Mind|p1a: Alcremie\n|-boost|p1a: Alcremie|spa|1\n|-boost|p1a: Alcremie|spd|1\n|\n|upkeep\n|turn|6\n|inactive|Time left: 300 sec this turn | 300 sec total\n|\n|t:|1783557680\n|-end|p2a: Volcarona|confusion\n|move|p2a: Volcarona|Fiery Dance|p1a: Alcremie\n|-damage|p1a: Alcremie|193/263\n|-boost|p2a: Volcarona|spa|1\n|move|p1a: Alcremie|Tera Blast|p2a: Volcarona\n|-damage|p2a: Volcarona|51/100\n|\n|-heal|p1a: Alcremie|209/263|[from] item: Leftovers\n|upkeep\n|turn|7\n|inactive|Time left: 300 sec this turn | 300 sec total\n|\n|t:|1783557681\n|move|p2a: Volcarona|Fiery Dance|p1a: Alcremie\n|-damage|p1a: Alcremie|121/263\n|move|p1a: Alcremie|Tera Blast|p2a: Volcarona\n|-damage|p2a: Volcarona|22/100\n|\n|-heal|p1a: Alcremie|137/263|[from] item: Leftovers\n|upkeep\n|turn|8\n|inactive|Time left: 300 sec this turn | 300 sec total\n|\n|t:|1783557682\n|move|p2a: Volcarona|Giga Drain|p1a: Alcremie\n|-damage|p1a: Alcremie|87/263\n|-heal|p2a: Volcarona|32/100|[from] drain|[of] p1a: Alcremie\n|move|p1a: Alcremie|Tera Blast|p2a: Volcarona\n|-damage|p2a: Volcarona|6/100\n|\n|-heal|p1a: Alcremie|103/263|[from] item: Leftovers\n|upkeep\n|turn|9\n|inactive|Time left: 300 sec this turn | 300 sec total\n|\n|t:|1783557683\n|move|p2a: Volcarona|Giga Drain|p1a: Alcremie\n|-damage|p1a: Alcremie|51/263\n|-heal|p2a: Volcarona|16/100|[from] drain|[of] p1a: Alcremie\n|move|p1a: Alcremie|Alluring Voice|p2a: Volcarona\n|-resisted|p2a: Volcarona\n|-damage|p2a: Volcarona|0 fnt\n|faint|p2a: Volcarona\n|\n|-heal|p1a: Alcremie|67/263|[from] item: Leftovers\n|upkeep\n|\n|t:|1783557684\n|switch|p2a: Cinccino|Cinccino, L83, F|100/100\n|turn|10\n|inactive|Time left: 300 sec this turn | 300 sec total\n|\n|t:|1783557685\n|move|p2a: Cinccino|Bullet Seed|p1a: Alcremie\n|-damage|p1a: Alcremie|41/263\n|-damage|p1a: Alcremie|15/263\n|-damage|p1a: Alcremie|0 fnt\n|faint|p1a: Alcremie\n|-hitcount|p1: Alcremie|3\n|\n|upkeep\n|inactive|Time left: 300 sec this turn | 300 sec total | 5 sec grace\n|\n|t:|1783557686\n|switch|p1a: Sinistcha|Sinistcha, L83|254/254\n|turn|11\n|inactive|Time left: 300 sec this turn | 300 sec total\n|\n|t:|1783557687\n|move|p2a: Cinccino|Triple Axel|p1a: Sinistcha\n|-supereffective|p1a: Sinistcha\n|-damage|p1a: Sinistcha|216/254\n|-supereffective|p1a: Sinistcha\n|-damage|p1a: Sinistcha|140/254\n|-supereffective|p1a: Sinistcha\n|-damage|p1a: Sinistcha|22/254\n|-hitcount|p1a: Sinistcha|3\n|move|p1a: Sinistcha|Matcha Gotcha|p2a: Cinccino\n|-damage|p2a: Cinccino|48/100\n|-heal|p1a: Sinistcha|90/254|[from] drain|[of] p2a: Cinccino\n|\n|-heal|p1a: Sinistcha|105/254|[from] item: Leftovers\n|upkeep\n|turn|12\n|inactive|Time left: 300 sec this turn | 300 sec total\n|\n|t:|1783557687\n|-terastallize|p1a: Sinistcha|Steel\n|move|p2a: Cinccino|Triple Axel|p1a: Sinistcha\n|-resisted|p1a: Sinistcha\n|-damage|p1a: Sinistcha|96/254\n|-resisted|p1a: Sinistcha\n|-damage|p1a: Sinistcha|79/254\n|-resisted|p1a: Sinistcha\n|-damage|p1a: Sinistcha|53/254\n|-hitcount|p1a: Sinistcha|3\n|move|p1a: Sinistcha|Strength Sap|p2a: Cinccino\n|-unboost|p2a: Cinccino|atk|1\n|-heal|p1a: Sinistcha|254/254\n|\n|upkeep\n|turn|13\n|inactive|Time left: 300 sec this turn | 300 sec total\n|\n|t:|1783557689\n|switch|p2a: Leafeon|Leafeon, L88, M|100/100\n|move|p1a: Sinistcha|Matcha Gotcha|p2a: Leafeon\n|-resisted|p2a: Leafeon\n|-damage|p2a: Leafeon|79/100\n|\n|-heal|p2a: Leafeon|85/100|[from] item: Leftovers\n|upkeep\n|turn|14\n|inactive|Time left: 300 sec this turn | 300 sec total\n|\n|t:|1783557690\n|move|p2a: Leafeon|Swords Dance|p2a: Leafeon\n|-boost|p2a: Leafeon|atk|2\n|move|p1a: Sinistcha|Shadow Ball|p2a: Leafeon\n|-damage|p2a: Leafeon|38/100\n|\n|-heal|p2a: Leafeon|44/100|[from] item: Leftovers\n|upkeep\n|turn|15\n|inactive|Time left: 300 sec this turn | 300 sec total\n|\n|t:|1783557691\n|move|p2a: Leafeon|Substitute|p2a: Leafeon\n|-start|p2a: Leafeon|Substitute\n|-damage|p2a: Leafeon|19/100\n|move|p1a: Sinistcha|Shadow Ball|p2a: Leafeon\n|-end|p2a: Leafeon|Substitute\n|\n|-heal|p2a: Leafeon|25/100|[from] item: Leftovers\n|upkeep\n|turn|16\n|inactive|Time left: 300 sec this turn | 300 sec total\n|\n|t:|1783557692\n|move|p2a: Leafeon|Knock Off|p1a: Sinistcha\n|-damage|p1a: Sinistcha|109/254\n|-enditem|p1a: Sinistcha|Leftovers|[from] move: Knock Off|[of] p2a: Leafeon\n|move|p1a: Sinistcha|Shadow Ball|p2a: Leafeon\n|-damage|p2a: Leafeon|0 fnt\n|faint|p2a: Leafeon\n|\n|upkeep\n|\n|t:|1783557693\n|switch|p2a: Cinderace|Cinderace, L77, F|100/100\n|turn|17\n|inactive|Time left: 300 sec this turn | 300 sec total\n|\n|t:|1783557694\n|move|p2a: Cinderace|Pyro Ball|p1a: Sinistcha\n|-supereffective|p1a: Sinistcha\n|-damage|p1a: Sinistcha|0 fnt\n|faint|p1a: Sinistcha\n|\n|upkeep\n|inactive|Time left: 300 sec this turn | 300 sec total | 5 sec grace\n|\n|t:|1783557695\n|switch|p1a: Palafin|Palafin, L77, M|281/281\n|turn|18\n|inactive|Time left: 300 sec this turn | 300 sec total\n|\n|t:|1783557697\n|move|p2a: Cinderace|Will-O-Wisp|p1a: Palafin\n|-status|p1a: Palafin|brn\n|move|p1a: Palafin|Wave Crash|p2a: Cinderace\n|-supereffective|p2a: Cinderace\n|-damage|p2a: Cinderace|38/100\n|-damage|p1a: Palafin|229/281 brn|[from] Recoil\n|\n|-damage|p1a: Palafin|212/281 brn|[from] brn\n|upkeep\n|turn|19\n|inactive|Time left: 300 sec this turn | 300 sec total\n|\n|t:|1783557698\n|move|p2a: Cinderace|U-turn|p1a: Palafin\n|-start|p2a: Cinderace|typechange|Bug|[from] ability: Libero\n|-damage|p1a: Palafin|125/281 brn\n|\n|t:|1783557699\n|switch|p2a: Decidueye|Decidueye, L88, F|100/100|[from] U-turn\n|move|p1a: Palafin|Wave Crash|p2a: Decidueye\n|-resisted|p2a: Decidueye\n|-damage|p2a: Decidueye|88/100\n|-damage|p1a: Palafin|114/281 brn|[from] Recoil\n|\n|-damage|p1a: Palafin|97/281 brn|[from] brn\n|upkeep\n|turn|20\n|inactive|Time left: 300 sec this turn | 300 sec total\n|\n|t:|1783557700\n|move|p1a: Palafin|Wave Crash|p2a: Decidueye\n|-resisted|p2a: Decidueye\n|-damage|p2a: Decidueye|77/100\n|-damage|p1a: Palafin|86/281 brn|[from] Recoil\n|move|p2a: Decidueye|U-turn|p1a: Palafin\n|-damage|p1a: Palafin|10/281 brn\n|\n|t:|1783557701\n|switch|p2a: Cinccino|Cinccino, L83, F|48/100|[from] U-turn\n|\n|-damage|p1a: Palafin|0 fnt|[from] brn\n|faint|p1a: Palafin\n|upkeep\n|inactive|Time left: 300 sec this turn | 300 sec total | 10 sec grace\n|\n|t:|1783557702\n|switch|p1a: Iron Moth|Iron Moth, L78|253/253\n|turn|21\n|inactive|Time left: 300 sec this turn | 300 sec total\n|\n|t:|1783557703\n|-terastallize|p2a: Cinccino|Normal\n|move|p2a: Cinccino|Tail Slap|p1a: Iron Moth\n|-damage|p1a: Iron Moth|177/253\n|-damage|p1a: Iron Moth|105/253\n|-damage|p1a: Iron Moth|33/253\n|-damage|p1a: Iron Moth|0 fnt\n|faint|p1a: Iron Moth\n|-end|p1a: Iron Moth|Quark Drive|[silent]\n|-hitcount|p1: Iron Moth|4\n|\n|upkeep\n|inactive|Time left: 300 sec this turn | 300 sec total | 5 sec grace\n|\n|t:|1783557704\n|switch|p1a: Cryogonal|Cryogonal, L89|287/287\n|turn|22\n|inactive|Time left: 300 sec this turn | 300 sec total\n|\n|t:|1783557704\n|move|p2a: Cinccino|Tail Slap|p1a: Cryogonal|[miss]\n|-miss|p2a: Cinccino|p1a: Cryogonal\n|move|p1a: Cryogonal|Freeze-Dry|p2a: Cinccino\n|-crit|p2a: Cinccino\n|-damage|p2a: Cinccino|0 fnt\n|faint|p2a: Cinccino\n|\n|upkeep\n|\n|t:|1783557705\n|switch|p2a: Cinderace|Cinderace, L77, F|38/100\n|turn|23\n|inactive|Time left: 300 sec this turn | 300 sec total\n|\n|t:|1783557706\n|move|p1a: Cryogonal|Freeze-Dry|p2a: Cinderace\n|-resisted|p2a: Cinderace\n|-damage|p2a: Cinderace|19/100\n|move|p2a: Cinderace|Pyro Ball|p1a: Cryogonal\n|-supereffective|p1a: Cryogonal\n|-damage|p1a: Cryogonal|0 fnt\n|faint|p1a: Cryogonal\n|\n|win|p0y15173f08", "uploadtime": 1783557706, "views": 0, "rating": 0, "private": 0, "password": null, "_winner": "p0y15173f08", "_our_name": "p0x1517bdd7"}