{"id": "battle-gen9randombattle-56", "formatid": "gen9randombattle", "format": "[Gen 9] Random Battle", "players": ["p0x056aaa8", "p0y0566781"], "log": "|init|battle\n|title|p0x056aaa8 vs. p0y0566781\n|j|\u2606p0x056aaa8\n|j|\u2606p0y0566781\n|t:|1783534429\n|gametype|singles\n|player|p1|p0x056aaa8|102|\n|player|p2|p0y0566781|1|\n|gen|9\n|tier|[Gen 9] Random Battle\n|rule|Species Clause: Limit one of each Pok\u00e9mon\n|rule|HP Percentage Mod: HP is shown in percentages\n|rule|Sleep Clause Mod: Limit one foe put to sleep\n|rule|Illusion Level Mod: Illusion disguises the Pok\u00e9mon's true level\n|\n|t:|1783534429\n|teamsize|p1|6\n|teamsize|p2|6\n|start\n|switch|p1a: Barraskewda|Barraskewda, L81, F|100/100\n|switch|p2a: Infernape|Infernape, L82, F|259/259\n|turn|1\n|inactive|Battle timer is ON: inactive players will automatically lose when time's up. (requested by p0x056aaa8)\n|inactive|Time left: 300 sec this turn | 300 sec total | 60 sec grace\n|inactive|p0y0566781 also wants the timer to be on.\n|\n|t:|1783534431\n|switch|p2a: Brambleghast|Brambleghast, L88, M|240/240\n|move|p1a: Barraskewda|Waterfall|p2a: Brambleghast\n|-resisted|p2a: Brambleghast\n|-crit|p2a: Brambleghast\n|-damage|p2a: Brambleghast|112/240\n|\n|-heal|p2a: Brambleghast|127/240|[from] item: Leftovers\n|upkeep\n|turn|2\n|inactive|Time left: 300 sec this turn | 300 sec total\n|\n|t:|1783534432\n|move|p1a: Barraskewda|Waterfall|p2a: Brambleghast\n|-resisted|p2a: Brambleghast\n|-damage|p2a: Brambleghast|46/240\n|move|p2a: Brambleghast|Strength Sap|p1a: Barraskewda\n|-unboost|p1a: Barraskewda|atk|1\n|-heal|p2a: Brambleghast|240/240\n|\n|upkeep\n|turn|3\n|inactive|Time left: 300 sec this turn | 300 sec total\n|\n|t:|1783534433\n|switch|p1a: Gouging Fire|Gouging Fire, L74|100/100\n|move|p2a: Brambleghast|Power Whip|p1a: Gouging Fire\n|-resisted|p1a: Gouging Fire\n|-damage|p1a: Gouging Fire|88/100\n|\n|upkeep\n|turn|4\n|inactive|Time left: 300 sec this turn | 300 sec total\n|\n|t:|1783534434\n|move|p2a: Brambleghast|Poltergeist|p1a: Gouging Fire\n|-activate|p1a: Gouging Fire|move: Poltergeist|Heavy-Duty Boots\n|-damage|p1a: Gouging Fire|42/100\n|move|p1a: Gouging Fire|Dragon Dance|p1a: Gouging Fire\n|-boost|p1a: Gouging Fire|atk|1\n|-boost|p1a: Gouging Fire|spe|1\n|\n|upkeep\n|turn|5\n|inactive|Time left: 300 sec this turn | 300 sec total\n|\n|t:|1783534435\n|-terastallize|p2a: Brambleghast|Water\n|move|p1a: Gouging Fire|Heat Crash|p2a: Brambleghast\n|-resisted|p2a: Brambleghast\n|-damage|p2a: Brambleghast|138/240\n|move|p2a: Brambleghast|Poltergeist|p1a: Gouging Fire|[miss]\n|-miss|p2a: Brambleghast|p1a: Gouging Fire\n|\n|-heal|p2a: Brambleghast|153/240|[from] item: Leftovers\n|upkeep\n|turn|6\n|inactive|Time left: 300 sec this turn | 300 sec total\n|\n|t:|1783534436\n|switch|p2a: Meganium|Meganium, L90, M|290/290\n|move|p1a: Gouging Fire|Outrage|p2a: Meganium\n|-damage|p2a: Meganium|157/290\n|\n|-heal|p2a: Meganium|175/290|[from] item: Leftovers\n|upkeep\n|turn|7\n|inactive|Time left: 300 sec this turn | 300 sec total\n|\n|t:|1783534437\n|move|p1a: Gouging Fire|Outrage|p2a: Meganium|[from] lockedmove\n|-damage|p2a: Meganium|42/290\n|move|p2a: Meganium|Earthquake|p1a: Gouging Fire\n|-supereffective|p1a: Gouging Fire\n|-damage|p1a: Gouging Fire|0 fnt\n|faint|p1a: Gouging Fire\n|-end|p1a: Gouging Fire|Protosynthesis|[silent]\n|\n|-heal|p2a: Meganium|60/290|[from] item: Leftovers\n|upkeep\n|\n|t:|1783534438\n|switch|p1a: Entei|Entei, L78|100/100\n|turn|8\n|inactive|Time left: 300 sec this turn | 300 sec total\n|\n|t:|1783534439\n|switch|p2a: Eternatus|Eternatus, L69|308/308\n|-ability|p2a: Eternatus|Pressure\n|move|p1a: Entei|Sacred Fire|p2a: Eternatus\n|-resisted|p2a: Eternatus\n|-damage|p2a: Eternatus|225/308\n|-status|p2a: Eternatus|brn\n|\n|-damage|p2a: Eternatus|206/308 brn|[from] brn\n|upkeep\n|turn|9\n|inactive|Time left: 300 sec this turn | 300 sec total\n|\n|t:|1783534440\n|move|p2a: Eternatus|Meteor Beam||[still]\n|-prepare|p2a: Eternatus|Meteor Beam\n|-boost|p2a: Eternatus|spa|1\n|-enditem|p2a: Eternatus|Power Herb\n|-anim|p2a: Eternatus|Meteor Beam|p1a: Entei\n|-supereffective|p1a: Entei\n|-damage|p1a: Entei|3/100\n|move|p1a: Entei|Sacred Fire|p2a: Eternatus\n|-resisted|p2a: Eternatus\n|-damage|p2a: Eternatus|119/308 brn\n|\n|-damage|p2a: Eternatus|100/308 brn|[from] brn\n|upkeep\n|turn|10\n|inactive|Time left: 300 sec this turn | 300 sec total\n|\n|t:|1783534441\n|move|p2a: Eternatus|Dynamax Cannon|p1a: Entei\n|-damage|p1a: Entei|0 fnt\n|faint|p1a: Entei\n|\n|-damage|p2a: Eternatus|81/308 brn|[from] brn\n|upkeep\n|\n|t:|1783534442\n|switch|p1a: Noivern|Noivern, L82, M|100/100\n|turn|11\n|inactive|Time left: 300 sec this turn | 300 sec total\n|\n|t:|1783534443\n|move|p1a: Noivern|Boomburst|p2a: Eternatus\n|-damage|p2a: Eternatus|0 fnt\n|faint|p2a: Eternatus\n|\n|upkeep\n|inactive|Time left: 300 sec this turn | 300 sec total | 5 sec grace\n|\n|t:|1783534444\n|switch|p2a: Kingdra|Kingdra, L84, M|263/263\n|turn|12\n|inactive|Time left: 300 sec this turn | 300 sec total\n|\n|t:|1783534445\n|-terastallize|p1a: Noivern|Normal\n|move|p1a: Noivern|Boomburst|p2a: Kingdra\n|-damage|p2a: Kingdra|77/263\n|move|p2a: Kingdra|Draco Meteor|p1a: Noivern\n|-damage|p1a: Noivern|34/100\n|-unboost|p2a: Kingdra|spa|2\n|-damage|p2a: Kingdra|51/263|[from] item: Life Orb\n|\n|upkeep\n|turn|13\n|inactive|Time left: 300 sec this turn | 300 sec total\n|\n|t:|1783534446\n|move|p1a: Noivern|Boomburst|p2a: Kingdra\n|-damage|p2a: Kingdra|0 fnt\n|faint|p2a: Kingdra\n|\n|upkeep\n|inactive|Time left: 300 sec this turn | 300 sec total | 5 sec grace\n|\n|t:|1783534447\n|switch|p2a: Chi-Yu|Chi-Yu, L77|211/211\n|-ability|p2a: Chi-Yu|Beads of Ruin\n|turn|14\n|inactive|Time left: 300 sec this turn | 300 sec total\n|\n|t:|1783534448\n|move|p1a: Noivern|Boomburst|p2a: Chi-Yu\n|-damage|p2a: Chi-Yu|42/211\n|move|p2a: Chi-Yu|Dark Pulse|p1a: Noivern\n|-damage|p1a: Noivern|0 fnt\n|faint|p1a: Noivern\n|\n|upkeep\n|\n|t:|1783534449\n|switch|p1a: Barraskewda|Barraskewda, L81, F|100/100\n|turn|15\n|inactive|Time left: 300 sec this turn | 300 sec total\n|\n|t:|1783534450\n|move|p1a: Barraskewda|Close Combat|p2a: Chi-Yu\n|-supereffective|p2a: Chi-Yu\n|-damage|p2a: Chi-Yu|0 fnt\n|-unboost|p1a: Barraskewda|def|1\n|-unboost|p1a: Barraskewda|spd|1\n|faint|p2a: Chi-Yu\n|\n|upkeep\n|inactive|Time left: 300 sec this turn | 300 sec total | 5 sec grace\n|\n|t:|1783534451\n|switch|p2a: Infernape|Infernape, L82, F|259/259\n|turn|16\n|inactive|Time left: 300 sec this turn | 300 sec total\n|\n|t:|1783534452\n|switch|p1a: Alomomola|Alomomola, L87, M|100/100\n|move|p2a: Infernape|Overheat|p1a: Alomomola\n|-resisted|p1a: Alomomola\n|-damage|p1a: Alomomola|70/100\n|-unboost|p2a: Infernape|spa|2\n|-damage|p2a: Infernape|234/259|[from] item: Life Orb\n|\n|upkeep\n|turn|17\n|inactive|Time left: 300 sec this turn | 300 sec total\n|\n|t:|1783534453\n|switch|p2a: Brambleghast|Brambleghast, L88, M, tera:Water|153/240\n|move|p1a: Alomomola|Flip Turn|p2a: Brambleghast\n|-resisted|p2a: Brambleghast\n|-damage|p2a: Brambleghast|119/240\n|\n|t:|1783534454\n|switch|p1a: Barraskewda|Barraskewda, L81, F|100/100|[from] Flip Turn\n|\n|-heal|p2a: Brambleghast|134/240|[from] item: Leftovers\n|upkeep\n|turn|18\n|inactive|Time left: 300 sec this turn | 300 sec total\n|\n|t:|1783534455\n|switch|p2a: Meganium|Meganium, L90, M|60/290\n|move|p1a: Barraskewda|Close Combat|p2a: Meganium\n|-damage|p2a: Meganium|0 fnt\n|-unboost|p1a: Barraskewda|def|1\n|-unboost|p1a: Barraskewda|spd|1\n|faint|p2a: Meganium\n|\n|upkeep\n|inactive|Time left: 300 sec this turn | 300 sec total | 5 sec grace\n|\n|t:|1783534456\n|switch|p2a: Infernape|Infernape, L82, F|234/259\n|turn|19\n|inactive|Time left: 300 sec this turn | 300 sec total\n|\n|t:|1783534457\n|switch|p1a: Alomomola|Alomomola, L87, M|100/100\n|move|p2a: Infernape|Knock Off|p1a: Alomomola\n|-crit|p1a: Alomomola\n|-damage|p1a: Alomomola|68/100\n|-enditem|p1a: Alomomola|Heavy-Duty Boots|[from] move: Knock Off|[of] p2a: Infernape\n|-damage|p2a: Infernape|209/259|[from] item: Life Orb\n|\n|upkeep\n|turn|20\n|inactive|Time left: 300 sec this turn | 300 sec total\n|\n|t:|1783534458\n|move|p2a: Infernape|Gunk Shot|p1a: Alomomola\n|-damage|p1a: Alomomola|41/100\n|-status|p1a: Alomomola|psn\n|-damage|p2a: Infernape|184/259|[from] item: Life Orb\n|move|p1a: Alomomola|Flip Turn|p2a: Infernape\n|-supereffective|p2a: Infernape\n|-damage|p2a: Infernape|44/259\n|\n|t:|1783534459\n|switch|p1a: Barraskewda|Barraskewda, L81, F|100/100|[from] Flip Turn\n|\n|upkeep\n|turn|21\n|inactive|Time left: 300 sec this turn | 300 sec total\n|\n|t:|1783534460\n|switch|p2a: Brambleghast|Brambleghast, L88, M, tera:Water|134/240\n|move|p1a: Barraskewda|Close Combat|p2a: Brambleghast\n|-damage|p2a: Brambleghast|0 fnt\n|-unboost|p1a: Barraskewda|def|1\n|-unboost|p1a: Barraskewda|spd|1\n|faint|p2a: Brambleghast\n|\n|upkeep\n|inactive|Time left: 300 sec this turn | 300 sec total | 5 sec grace\n|\n|t:|1783534461\n|switch|p2a: Infernape|Infernape, L82, F|44/259\n|turn|22\n|inactive|Time left: 300 sec this turn | 300 sec total\n|\n|t:|1783534461\n|move|p1a: Barraskewda|Close Combat|p2a: Infernape\n|-damage|p2a: Infernape|0 fnt\n|-unboost|p1a: Barraskewda|def|1\n|-unboost|p1a: Barraskewda|spd|1\n|faint|p2a: Infernape\n|\n|win|p0x056aaa8", "uploadtime": 1783534461, "views": 0, "rating": 0, "private": 0, "password": null, "_winner": "p0x056aaa8", "_our_name": "p0y0566781"}