{"id": "battle-gen9randombattle-186", "formatid": "gen9randombattle", "format": "[Gen 9] Random Battle", "players": ["p0x186cdf2", "p0y1864cf8"], "log": "|init|battle\n|title|p0x186cdf2 vs. p0y1864cf8\n|j|\u2606p0x186cdf2\n|j|\u2606p0y1864cf8\n|t:|1783541258\n|gametype|singles\n|player|p1|p0x186cdf2|101|\n|player|p2|p0y1864cf8|265|\n|gen|9\n|tier|[Gen 9] Random Battle\n|rule|Species Clause: Limit one of each Pok\u00e9mon\n|rule|HP Percentage Mod: HP is shown in percentages\n|rule|Sleep Clause Mod: Limit one foe put to sleep\n|rule|Illusion Level Mod: Illusion disguises the Pok\u00e9mon's true level\n|\n|t:|1783541258\n|teamsize|p1|6\n|teamsize|p2|6\n|start\n|switch|p1a: Raging Bolt|Raging Bolt, L78|323/323\n|switch|p2a: Iron Treads|Iron Treads, L77|100/100\n|turn|1\n|inactive|Battle timer is ON: inactive players will automatically lose when time's up. (requested by p0x186cdf2)\n|inactive|p0y1864cf8 also wants the timer to be on.\n|\n|t:|1783541260\n|move|p2a: Iron Treads|Earthquake|p1a: Raging Bolt\n|-supereffective|p1a: Raging Bolt\n|-damage|p1a: Raging Bolt|99/323\n|move|p1a: Raging Bolt|Calm Mind|p1a: Raging Bolt\n|-boost|p1a: Raging Bolt|spa|1\n|-boost|p1a: Raging Bolt|spd|1\n|\n|-heal|p1a: Raging Bolt|119/323|[from] item: Leftovers\n|upkeep\n|turn|2\n|inactive|Time left: 300 sec this turn | 300 sec total\n|\n|t:|1783541261\n|move|p2a: Iron Treads|Earthquake|p1a: Raging Bolt\n|-supereffective|p1a: Raging Bolt\n|-damage|p1a: Raging Bolt|0 fnt\n|faint|p1a: Raging Bolt\n|-end|p1a: Raging Bolt|Protosynthesis|[silent]\n|\n|upkeep\n|inactive|Time left: 300 sec this turn | 300 sec total | 5 sec grace\n|\n|t:|1783541262\n|switch|p1a: Torkoal|Torkoal, L88, F|266/266\n|-weather|SunnyDay|[from] ability: Drought|[of] p1a: Torkoal\n|turn|3\n|inactive|Time left: 300 sec this turn | 300 sec total\n|\n|t:|1783541263\n|-end|p2a: Iron Treads|Quark Drive|[silent]\n|switch|p2a: Squawkabilly|Squawkabilly, L85, M|100/100\n|move|p1a: Torkoal|Fire Blast|p2a: Squawkabilly\n|-damage|p2a: Squawkabilly|14/100\n|\n|-weather|SunnyDay|[upkeep]\n|-status|p2a: Squawkabilly|brn|[from] item: Flame Orb\n|upkeep\n|turn|4\n|inactive|Time left: 300 sec this turn | 300 sec total\n|\n|t:|1783541264\n|move|p2a: Squawkabilly|Facade|p1a: Torkoal\n|-damage|p1a: Torkoal|103/266\n|move|p1a: Torkoal|Fire Blast|p2a: Squawkabilly\n|-damage|p2a: Squawkabilly|0 fnt\n|faint|p2a: Squawkabilly\n|\n|-weather|SunnyDay|[upkeep]\n|upkeep\n|\n|t:|1783541265\n|switch|p2a: Sandy Shocks|Sandy Shocks, L80|100/100\n|-activate|p2a: Sandy Shocks|ability: Protosynthesis\n|-start|p2a: Sandy Shocks|protosynthesisspa\n|turn|5\n|inactive|Time left: 300 sec this turn | 300 sec total\n|\n|t:|1783541266\n|-terastallize|p1a: Torkoal|Grass\n|move|p2a: Sandy Shocks|Volt Switch|p1a: Torkoal\n|-resisted|p1a: Torkoal\n|-damage|p1a: Torkoal|40/266\n|\n|t:|1783541267\n|-end|p2a: Sandy Shocks|Protosynthesis|[silent]\n|switch|p2a: Ceruledge|Ceruledge, L78, M|100/100|[from] Volt Switch\n|move|p1a: Torkoal|Solar Beam||[still]\n|-prepare|p1a: Torkoal|Solar Beam\n|-anim|p1a: Torkoal|Solar Beam|p2a: Ceruledge\n|-resisted|p2a: Ceruledge\n|-damage|p2a: Ceruledge|75/100\n|\n|-weather|SunnyDay|[upkeep]\n|upkeep\n|turn|6\n|inactive|Time left: 300 sec this turn | 300 sec total\n|\n|t:|1783541269\n|switch|p1a: Vaporeon|Vaporeon, L86, F|364/364\n|move|p2a: Ceruledge|Bitter Blade|p1a: Vaporeon\n|-resisted|p1a: Vaporeon\n|-damage|p1a: Vaporeon|274/364\n|-heal|p2a: Ceruledge|93/100|[from] drain|[of] p1a: Vaporeon\n|\n|-weather|SunnyDay|[upkeep]\n|-heal|p1a: Vaporeon|296/364|[from] item: Leftovers\n|upkeep\n|turn|7\n|inactive|Time left: 300 sec this turn | 300 sec total\n|\n|t:|1783541270\n|move|p2a: Ceruledge|Swords Dance|p2a: Ceruledge\n|-boost|p2a: Ceruledge|atk|2\n|move|p1a: Vaporeon|Scald|p2a: Ceruledge\n|-supereffective|p2a: Ceruledge\n|-damage|p2a: Ceruledge|51/100\n|\n|-weather|none\n|-heal|p1a: Vaporeon|318/364|[from] item: Leftovers\n|upkeep\n|turn|8\n|inactive|Time left: 300 sec this turn | 300 sec total\n|\n|t:|1783541271\n|move|p2a: Ceruledge|Poltergeist|p1a: Vaporeon\n|-activate|p1a: Vaporeon|move: Poltergeist|Leftovers\n|-damage|p1a: Vaporeon|0 fnt\n|faint|p1a: Vaporeon\n|\n|upkeep\n|inactive|Time left: 300 sec this turn | 300 sec total | 5 sec grace\n|\n|t:|1783541272\n|switch|p1a: Barraskewda|Barraskewda, L81, F|231/231\n|turn|9\n|inactive|Time left: 300 sec this turn | 300 sec total\n|\n|t:|1783541273\n|switch|p2a: Amoonguss|Amoonguss, L82, M|100/100\n|move|p1a: Barraskewda|Waterfall|p2a: Amoonguss\n|-resisted|p2a: Amoonguss\n|-damage|p2a: Amoonguss|72/100\n|\n|-heal|p2a: Amoonguss|78/100|[from] item: Leftovers\n|upkeep\n|turn|10\n|inactive|Time left: 300 sec this turn | 300 sec total\n|\n|t:|1783541274\n|switch|p1a: Solgaleo|Solgaleo, L74|325/325\n|move|p2a: Amoonguss|Giga Drain|p1a: Solgaleo\n|-resisted|p1a: Solgaleo\n|-damage|p1a: Solgaleo|289/325\n|-heal|p2a: Amoonguss|84/100|[from] drain|[of] p1a: Solgaleo\n|\n|-heal|p1a: Solgaleo|309/325|[from] item: Leftovers\n|-heal|p2a: Amoonguss|90/100|[from] item: Leftovers\n|upkeep\n|turn|11\n|inactive|Time left: 300 sec this turn | 300 sec total\n|\n|t:|1783541275\n|move|p1a: Solgaleo|Knock Off|p2a: Amoonguss\n|-damage|p2a: Amoonguss|61/100\n|-enditem|p2a: Amoonguss|Leftovers|[from] move: Knock Off|[of] p1a: Solgaleo\n|move|p2a: Amoonguss|Spore|p1a: Solgaleo\n|-status|p1a: Solgaleo|slp|[from] move: Spore\n|\n|-heal|p1a: Solgaleo|325/325 slp|[from] item: Leftovers\n|upkeep\n|turn|12\n|inactive|Time left: 300 sec this turn | 300 sec total\n|\n|t:|1783541276\n|switch|p1a: Barraskewda|Barraskewda, L81, F|231/231\n|switch|p2a: Sandy Shocks|Sandy Shocks, L80|100/100\n|\n|upkeep\n|turn|13\n|inactive|Time left: 300 sec this turn | 300 sec total\n|\n|t:|1783541277\n|-terastallize|p2a: Sandy Shocks|Electric\n|move|p1a: Barraskewda|Flip Turn|p2a: Sandy Shocks\n|-damage|p2a: Sandy Shocks|63/100\n|inactive|Time left: 300 sec this turn | 300 sec total | 5 sec grace\n|\n|t:|1783541278\n|switch|p1a: Malamar|Malamar, L82, M|275/275|[from] Flip Turn\n|move|p2a: Sandy Shocks|Thunderbolt|p1a: Malamar\n|-damage|p1a: Malamar|99/275\n|\n|-heal|p1a: Malamar|116/275|[from] item: Leftovers\n|upkeep\n|turn|14\n|inactive|Time left: 300 sec this turn | 300 sec total\n|\n|t:|1783541279\n|move|p2a: Sandy Shocks|Thunderbolt|p1a: Malamar\n|-damage|p1a: Malamar|0 fnt\n|faint|p1a: Malamar\n|\n|upkeep\n|inactive|Time left: 300 sec this turn | 300 sec total | 5 sec grace\n|\n|t:|1783541280\n|switch|p1a: Barraskewda|Barraskewda, L81, F|231/231\n|turn|15\n|inactive|Time left: 300 sec this turn | 300 sec total\n|\n|t:|1783541281\n|move|p1a: Barraskewda|Flip Turn|p2a: Sandy Shocks\n|-damage|p2a: Sandy Shocks|25/100\n|inactive|Time left: 300 sec this turn | 300 sec total | 5 sec grace\n|\n|t:|1783541282\n|switch|p1a: Torkoal|Torkoal, L88, F, tera:Grass|40/266|[from] Flip Turn\n|-weather|SunnyDay|[from] ability: Drought|[of] p1a: Torkoal\n|-activate|p2a: Sandy Shocks|ability: Protosynthesis\n|-start|p2a: Sandy Shocks|protosynthesisspa\n|move|p2a: Sandy Shocks|Thunderbolt|p1a: Torkoal\n|-resisted|p1a: Torkoal\n|-damage|p1a: Torkoal|0 fnt\n|faint|p1a: Torkoal\n|\n|-weather|SunnyDay|[upkeep]\n|upkeep\n|inactive|Time left: 300 sec this turn | 300 sec total | 10 sec grace\n|\n|t:|1783541283\n|switch|p1a: Barraskewda|Barraskewda, L81, F|231/231\n|turn|16\n|inactive|Time left: 300 sec this turn | 300 sec total\n|\n|t:|1783541284\n|-end|p2a: Sandy Shocks|Protosynthesis|[silent]\n|switch|p2a: Amoonguss|Amoonguss, L82, M|94/100\n|move|p1a: Barraskewda|Psychic Fangs|p2a: Amoonguss\n|-supereffective|p2a: Amoonguss\n|-damage|p2a: Amoonguss|13/100\n|\n|-weather|SunnyDay|[upkeep]\n|upkeep\n|turn|17\n|inactive|Time left: 300 sec this turn | 300 sec total\n|\n|t:|1783541285\n|switch|p2a: Iron Treads|Iron Treads, L77|100/100\n|move|p1a: Barraskewda|Psychic Fangs|p2a: Iron Treads\n|-resisted|p2a: Iron Treads\n|-damage|p2a: Iron Treads|84/100\n|\n|-weather|SunnyDay|[upkeep]\n|upkeep\n|turn|18\n|inactive|Time left: 300 sec this turn | 300 sec total\n|\n|t:|1783541286\n|switch|p1a: Solgaleo|Solgaleo, L74|325/325 slp\n|move|p2a: Iron Treads|Earthquake|p1a: Solgaleo\n|-supereffective|p1a: Solgaleo\n|-damage|p1a: Solgaleo|115/325 slp\n|\n|-weather|SunnyDay|[upkeep]\n|-heal|p1a: Solgaleo|135/325 slp|[from] item: Leftovers\n|upkeep\n|turn|19\n|inactive|Time left: 300 sec this turn | 300 sec total\n|\n|t:|1783541287\n|switch|p1a: Barraskewda|Barraskewda, L81, F|231/231\n|move|p2a: Iron Treads|Volt Switch|p1a: Barraskewda\n|-supereffective|p1a: Barraskewda\n|-damage|p1a: Barraskewda|131/231\n|\n|t:|1783541288\n|-end|p2a: Iron Treads|Quark Drive|[silent]\n|switch|p2a: Amoonguss|Amoonguss, L82, M|46/100|[from] Volt Switch\n|\n|-weather|none\n|upkeep\n|turn|20\n|inactive|Time left: 300 sec this turn | 300 sec total\n|\n|t:|1783541289\n|switch|p2a: Dewgong|Dewgong, L94, F|100/100\n|move|p1a: Barraskewda|Psychic Fangs|p2a: Dewgong\n|-damage|p2a: Dewgong|70/100\n|\n|upkeep\n|turn|21\n|inactive|Time left: 300 sec this turn | 300 sec total\n|\n|t:|1783541290\n|switch|p1a: Solgaleo|Solgaleo, L74|135/325 slp\n|move|p2a: Dewgong|Ice Beam|p1a: Solgaleo\n|-resisted|p1a: Solgaleo\n|-damage|p1a: Solgaleo|84/325 slp\n|\n|-heal|p1a: Solgaleo|104/325 slp|[from] item: Leftovers\n|upkeep\n|turn|22\n|inactive|Time left: 300 sec this turn | 300 sec total\n|\n|t:|1783541291\n|switch|p1a: Barraskewda|Barraskewda, L81, F|131/231\n|move|p2a: Dewgong|Flip Turn|p1a: Barraskewda\n|-resisted|p1a: Barraskewda\n|-damage|p1a: Barraskewda|89/231\n|\n|t:|1783541292\n|switch|p2a: Amoonguss|Amoonguss, L82, M|79/100|[from] Flip Turn\n|\n|upkeep\n|turn|23\n|inactive|Time left: 300 sec this turn | 300 sec total\n|\n|t:|1783541293\n|move|p1a: Barraskewda|Flip Turn|p2a: Amoonguss\n|-resisted|p2a: Amoonguss\n|-damage|p2a: Amoonguss|59/100\n|inactive|Time left: 300 sec this turn | 300 sec total | 5 sec grace\n|\n|t:|1783541294\n|switch|p1a: Solgaleo|Solgaleo, L74|104/325 slp|[from] Flip Turn\n|move|p2a: Amoonguss|Giga Drain|p1a: Solgaleo\n|-resisted|p1a: Solgaleo\n|-damage|p1a: Solgaleo|67/325 slp\n|-heal|p2a: Amoonguss|65/100|[from] drain|[of] p1a: Solgaleo\n|\n|-heal|p1a: Solgaleo|87/325 slp|[from] item: Leftovers\n|upkeep\n|turn|24\n|inactive|Time left: 300 sec this turn | 300 sec total\n|\n|t:|1783541295\n|switch|p2a: Iron Treads|Iron Treads, L77|84/100\n|cant|p1a: Solgaleo|slp\n|\n|-heal|p1a: Solgaleo|107/325 slp|[from] item: Leftovers\n|upkeep\n|turn|25\n|inactive|Time left: 300 sec this turn | 300 sec total\n|\n|t:|1783541296\n|move|p2a: Iron Treads|Earthquake|p1a: Solgaleo\n|-supereffective|p1a: Solgaleo\n|-damage|p1a: Solgaleo|0 fnt\n|faint|p1a: Solgaleo\n|\n|upkeep\n|inactive|Time left: 300 sec this turn | 300 sec total | 5 sec grace\n|\n|t:|1783541298\n|switch|p1a: Barraskewda|Barraskewda, L81, F|89/231\n|turn|26\n|inactive|Time left: 300 sec this turn | 300 sec total\n|\n|t:|1783541298\n|move|p1a: Barraskewda|Waterfall|p2a: Iron Treads\n|-supereffective|p2a: Iron Treads\n|-damage|p2a: Iron Treads|0 fnt\n|faint|p2a: Iron Treads\n|-end|p2a: Iron Treads|Quark Drive|[silent]\n|\n|upkeep\n|\n|t:|1783541299\n|switch|p2a: Amoonguss|Amoonguss, L82, M|99/100\n|turn|27\n|inactive|Time left: 300 sec this turn | 300 sec total\n|\n|t:|1783541300\n|move|p1a: Barraskewda|Waterfall|p2a: Amoonguss\n|-resisted|p2a: Amoonguss\n|-damage|p2a: Amoonguss|71/100\n|move|p2a: Amoonguss|Sludge Bomb|p1a: Barraskewda\n|-damage|p1a: Barraskewda|0 fnt\n|faint|p1a: Barraskewda\n|\n|win|p0y1864cf8", "uploadtime": 1783541300, "views": 0, "rating": 0, "private": 0, "password": null, "_winner": "p0y1864cf8", "_our_name": "p0x186cdf2"}