{"id": "battle-gen9randombattle-1163", "formatid": "gen9randombattle", "format": "[Gen 9] Random Battle", "players": ["p0x116358e8", "p0y116393ec"], "log": "|init|battle\n|title|p0x116358e8 vs. p0y116393ec\n|j|\u2606p0x116358e8\n|j|\u2606p0y116393ec\n|t:|1783552601\n|gametype|singles\n|player|p1|p0x116358e8|265|\n|player|p2|p0y116393ec|265|\n|gen|9\n|tier|[Gen 9] Random Battle\n|rule|Species Clause: Limit one of each Pok\u00e9mon\n|rule|HP Percentage Mod: HP is shown in percentages\n|rule|Sleep Clause Mod: Limit one foe put to sleep\n|rule|Illusion Level Mod: Illusion disguises the Pok\u00e9mon's true level\n|\n|t:|1783552601\n|teamsize|p1|6\n|teamsize|p2|6\n|start\n|switch|p1a: Crawdaunt|Crawdaunt, L84, M|100/100\n|switch|p2a: Lurantis|Lurantis, L87, M|264/264\n|turn|1\n|inactive|Battle timer is ON: inactive players will automatically lose when time's up. (requested by p0x116358e8)\n|inactive|Time left: 300 sec this turn | 300 sec total | 60 sec grace\n|inactive|p0y116393ec also wants the timer to be on.\n|\n|t:|1783552603\n|move|p1a: Crawdaunt|Knock Off|p2a: Lurantis\n|-damage|p2a: Lurantis|59/264\n|-enditem|p2a: Lurantis|Leftovers|[from] move: Knock Off|[of] p1a: Crawdaunt\n|-damage|p1a: Crawdaunt|91/100|[from] item: Life Orb\n|move|p2a: Lurantis|Leaf Storm|p1a: Crawdaunt\n|-supereffective|p1a: Crawdaunt\n|-damage|p1a: Crawdaunt|0 fnt\n|-boost|p2a: Lurantis|spa|2\n|faint|p1a: Crawdaunt\n|\n|upkeep\n|\n|t:|1783552604\n|switch|p1a: Malamar|Malamar, L82, F|100/100\n|turn|2\n|inactive|Time left: 300 sec this turn | 300 sec total\n|\n|t:|1783552605\n|switch|p2a: Iron Valiant|Iron Valiant, L78|244/244\n|move|p1a: Malamar|Superpower|p2a: Iron Valiant\n|-resisted|p2a: Iron Valiant\n|-damage|p2a: Iron Valiant|202/244\n|-boost|p1a: Malamar|atk|1\n|-boost|p1a: Malamar|def|1\n|\n|upkeep\n|turn|3\n|inactive|Time left: 300 sec this turn | 300 sec total\n|\n|t:|1783552606\n|move|p2a: Iron Valiant|Moonblast|p1a: Malamar\n|-supereffective|p1a: Malamar\n|-damage|p1a: Malamar|0 fnt\n|faint|p1a: Malamar\n|-damage|p2a: Iron Valiant|178/244|[from] item: Life Orb\n|\n|upkeep\n|\n|t:|1783552607\n|switch|p1a: Abomasnow|Abomasnow, L84, M|100/100\n|-weather|Snowscape|[from] ability: Snow Warning|[of] p1a: Abomasnow\n|turn|4\n|inactive|Time left: 300 sec this turn | 300 sec total\n|\n|t:|1783552609\n|-terastallize|p2a: Iron Valiant|Fighting\n|move|p2a: Iron Valiant|Close Combat|p1a: Abomasnow\n|-supereffective|p1a: Abomasnow\n|-damage|p1a: Abomasnow|0 fnt\n|-unboost|p2a: Iron Valiant|def|1\n|-unboost|p2a: Iron Valiant|spd|1\n|faint|p1a: Abomasnow\n|-damage|p2a: Iron Valiant|154/244|[from] item: Life Orb\n|\n|-weather|Snowscape|[upkeep]\n|upkeep\n|\n|t:|1783552610\n|switch|p1a: Minior|Minior, L79|100/100\n|-formechange|p1a: Minior|Minior-Meteor||[from] ability: Shields Down\n|turn|5\n|inactive|Time left: 300 sec this turn | 300 sec total\n|\n|t:|1783552611\n|move|p2a: Iron Valiant|Close Combat|p1a: Minior\n|-damage|p1a: Minior|0 fnt\n|-unboost|p2a: Iron Valiant|def|1\n|-unboost|p2a: Iron Valiant|spd|1\n|faint|p1a: Minior\n|-damage|p2a: Iron Valiant|130/244|[from] item: Life Orb\n|\n|-weather|Snowscape|[upkeep]\n|upkeep\n|\n|t:|1783552612\n|switch|p1a: Jirachi|Jirachi, L80|100/100\n|turn|6\n|inactive|Time left: 300 sec this turn | 300 sec total\n|\n|t:|1783552613\n|-end|p2a: Iron Valiant|Quark Drive|[silent]\n|switch|p2a: Grumpig|Grumpig, L92, M|297/297\n|move|p1a: Jirachi|Body Slam|p2a: Grumpig\n|-damage|p2a: Grumpig|228/297\n|-status|p2a: Grumpig|par\n|\n|-weather|Snowscape|[upkeep]\n|-heal|p2a: Grumpig|246/297 par|[from] item: Leftovers\n|upkeep\n|turn|7\n|inactive|Time left: 300 sec this turn | 300 sec total\n|\n|t:|1783552614\n|move|p1a: Jirachi|Iron Head|p2a: Grumpig\n|-damage|p2a: Grumpig|155/297 par\n|move|p2a: Grumpig|Nasty Plot|p2a: Grumpig\n|-boost|p2a: Grumpig|spa|2\n|\n|-weather|Snowscape|[upkeep]\n|-heal|p2a: Grumpig|173/297 par|[from] item: Leftovers\n|upkeep\n|turn|8\n|inactive|Time left: 300 sec this turn | 300 sec total\n|\n|t:|1783552615\n|move|p1a: Jirachi|Iron Head|p2a: Grumpig\n|-damage|p2a: Grumpig|80/297 par\n|cant|p2a: Grumpig|par\n|\n|-weather|none\n|-heal|p2a: Grumpig|98/297 par|[from] item: Leftovers\n|upkeep\n|turn|9\n|inactive|Time left: 300 sec this turn | 300 sec total\n|\n|t:|1783552616\n|move|p1a: Jirachi|Iron Head|p2a: Grumpig\n|-damage|p2a: Grumpig|1/297 par\n|move|p2a: Grumpig|Shadow Ball|p1a: Jirachi\n|-supereffective|p1a: Jirachi\n|-damage|p1a: Jirachi|19/100\n|\n|-heal|p1a: Jirachi|26/100|[from] item: Leftovers\n|-heal|p2a: Grumpig|19/297 par|[from] item: Leftovers\n|upkeep\n|turn|10\n|inactive|Time left: 300 sec this turn | 300 sec total\n|\n|t:|1783552617\n|move|p1a: Jirachi|Body Slam|p2a: Grumpig\n|-damage|p2a: Grumpig|0 fnt\n|faint|p2a: Grumpig\n|\n|-heal|p1a: Jirachi|32/100|[from] item: Leftovers\n|upkeep\n|inactive|Time left: 300 sec this turn | 300 sec total | 5 sec grace\n|\n|t:|1783552618\n|switch|p2a: Iron Valiant|Iron Valiant, L78, tera:Fighting|130/244\n|turn|11\n|inactive|Time left: 300 sec this turn | 300 sec total\n|\n|t:|1783552618\n|move|p1a: Jirachi|Protect|p1a: Jirachi\n|-singleturn|p1a: Jirachi|Protect\n|move|p2a: Iron Valiant|Close Combat|p1a: Jirachi\n|-activate|p1a: Jirachi|move: Protect\n|\n|-heal|p1a: Jirachi|38/100|[from] item: Leftovers\n|upkeep\n|turn|12\n|inactive|Time left: 300 sec this turn | 300 sec total\n|\n|t:|1783552619\n|move|p1a: Jirachi|Protect||[still]\n|-fail|p1a: Jirachi\n|move|p2a: Iron Valiant|Close Combat|p1a: Jirachi\n|-damage|p1a: Jirachi|0 fnt\n|-unboost|p2a: Iron Valiant|def|1\n|-unboost|p2a: Iron Valiant|spd|1\n|faint|p1a: Jirachi\n|-damage|p2a: Iron Valiant|106/244|[from] item: Life Orb\n|\n|upkeep\n|\n|t:|1783552620\n|switch|p1a: Probopass|Probopass, L91, F|100/100\n|turn|13\n|inactive|Time left: 300 sec this turn | 300 sec total\n|\n|t:|1783552620\n|-terastallize|p1a: Probopass|Fighting\n|move|p2a: Iron Valiant|Close Combat|p1a: Probopass\n|-damage|p1a: Probopass|41/100\n|-unboost|p2a: Iron Valiant|def|1\n|-unboost|p2a: Iron Valiant|spd|1\n|-damage|p2a: Iron Valiant|82/244|[from] item: Life Orb\n|move|p1a: Probopass|Thunder Wave|p2a: Iron Valiant\n|-status|p2a: Iron Valiant|par\n|\n|-heal|p1a: Probopass|47/100|[from] item: Leftovers\n|upkeep\n|turn|14\n|inactive|Time left: 300 sec this turn | 300 sec total\n|\n|t:|1783552621\n|move|p1a: Probopass|Body Press|p2a: Iron Valiant\n|-damage|p2a: Iron Valiant|0 fnt\n|faint|p2a: Iron Valiant\n|-end|p2a: Iron Valiant|Quark Drive|[silent]\n|\n|-heal|p1a: Probopass|53/100|[from] item: Leftovers\n|upkeep\n|inactive|Time left: 300 sec this turn | 300 sec total | 5 sec grace\n|\n|t:|1783552622\n|switch|p2a: Oranguru|Oranguru, L92, F|315/315\n|turn|15\n|inactive|Time left: 300 sec this turn | 300 sec total\n|\n|t:|1783552622\n|move|p2a: Oranguru|Psyshock|p1a: Probopass\n|-supereffective|p1a: Probopass\n|-damage|p1a: Probopass|0 fnt\n|faint|p1a: Probopass\n|-damage|p2a: Oranguru|284/315|[from] item: Life Orb\n|\n|win|p0y116393ec", "uploadtime": 1783552622, "views": 0, "rating": 0, "private": 0, "password": null, "_winner": "p0y116393ec", "_our_name": "p0y116393ec"}