{"id": "battle-gen9randombattle-39", "formatid": "gen9randombattle", "format": "[Gen 9] Random Battle", "players": ["p0x0398e8a", "p0y0391d1e"], "log": "|init|battle\n|title|p0x0398e8a vs. p0y0391d1e\n|j|\u2606p0x0398e8a\n|j|\u2606p0y0391d1e\n|t:|1783534247\n|gametype|singles\n|player|p1|p0x0398e8a|102|\n|player|p2|p0y0391d1e|169|\n|gen|9\n|tier|[Gen 9] Random Battle\n|rule|Species Clause: Limit one of each Pok\u00e9mon\n|rule|HP Percentage Mod: HP is shown in percentages\n|rule|Sleep Clause Mod: Limit one foe put to sleep\n|rule|Illusion Level Mod: Illusion disguises the Pok\u00e9mon's true level\n|\n|t:|1783534247\n|teamsize|p1|6\n|teamsize|p2|6\n|start\n|switch|p1a: Rotom|Rotom-Frost, L87|229/229\n|switch|p2a: Necrozma|Necrozma, L80|100/100\n|turn|1\n|inactive|Battle timer is ON: inactive players will automatically lose when time's up. (requested by p0x0398e8a)\n|\n|t:|1783534249\n|move|p1a: Rotom|Nasty Plot|p1a: Rotom\n|-boost|p1a: Rotom|spa|2\n|move|p2a: Necrozma|Calm Mind|p2a: Necrozma\n|-boost|p2a: Necrozma|spa|1\n|-boost|p2a: Necrozma|spd|1\n|\n|upkeep\n|turn|2\n|inactive|Time left: 300 sec this turn | 300 sec total\n|inactive|p0y0391d1e also wants the timer to be on.\n|\n|t:|1783534250\n|move|p1a: Rotom|Thunderbolt|p2a: Necrozma\n|-damage|p2a: Necrozma|45/100\n|move|p2a: Necrozma|Photon Geyser|p1a: Rotom\n|-damage|p1a: Rotom|69/229\n|\n|-heal|p2a: Necrozma|51/100|[from] item: Leftovers\n|upkeep\n|turn|3\n|inactive|Time left: 300 sec this turn | 300 sec total\n|\n|t:|1783534251\n|move|p1a: Rotom|Blizzard|p2a: Necrozma\n|-damage|p2a: Necrozma|0 fnt\n|faint|p2a: Necrozma\n|\n|upkeep\n|\n|t:|1783534252\n|switch|p2a: Eternatus|Eternatus, L69|100/100\n|-ability|p2a: Eternatus|Pressure\n|turn|4\n|inactive|Time left: 300 sec this turn | 300 sec total\n|\n|t:|1783534253\n|switch|p1a: Blastoise|Blastoise, L80, F|258/258\n|move|p2a: Eternatus|Meteor Beam||[still]\n|-prepare|p2a: Eternatus|Meteor Beam\n|-boost|p2a: Eternatus|spa|1\n|-enditem|p2a: Eternatus|Power Herb\n|-anim|p2a: Eternatus|Meteor Beam|p1a: Blastoise\n|-damage|p1a: Blastoise|149/258\n|\n|upkeep\n|turn|5\n|inactive|Time left: 300 sec this turn | 300 sec total\n|\n|t:|1783534254\n|move|p2a: Eternatus|Sludge Bomb|p1a: Blastoise\n|-damage|p1a: Blastoise|35/258\n|move|p1a: Blastoise|Shell Smash|p1a: Blastoise\n|-unboost|p1a: Blastoise|def|1\n|-unboost|p1a: Blastoise|spd|1\n|-boost|p1a: Blastoise|atk|2\n|-boost|p1a: Blastoise|spa|2\n|-boost|p1a: Blastoise|spe|2\n|-enditem|p1a: Blastoise|White Herb\n|-clearnegativeboost|p1a: Blastoise|[silent]\n|\n|upkeep\n|turn|6\n|inactive|Time left: 300 sec this turn | 300 sec total\n|\n|t:|1783534255\n|move|p1a: Blastoise|Ice Beam|p2a: Eternatus\n|-supereffective|p2a: Eternatus\n|-damage|p2a: Eternatus|25/100\n|move|p2a: Eternatus|Sludge Bomb|p1a: Blastoise\n|-damage|p1a: Blastoise|0 fnt\n|faint|p1a: Blastoise\n|\n|upkeep\n|inactive|Time left: 300 sec this turn | 300 sec total | 5 sec grace\n|\n|t:|1783534256\n|switch|p1a: Toxtricity|Toxtricity, L82, F|257/257\n|turn|7\n|inactive|Time left: 300 sec this turn | 300 sec total\n|\n|t:|1783534257\n|move|p2a: Eternatus|Dynamax Cannon|p1a: Toxtricity\n|-damage|p1a: Toxtricity|65/257\n|move|p1a: Toxtricity|Boomburst|p2a: Eternatus\n|-damage|p2a: Eternatus|0 fnt\n|faint|p2a: Eternatus\n|\n|upkeep\n|\n|t:|1783534258\n|switch|p2a: Glaceon|Glaceon, L94, M|100/100\n|turn|8\n|inactive|Time left: 300 sec this turn | 300 sec total\n|\n|t:|1783534259\n|switch|p1a: Beartic|Beartic, L91, F|321/321\n|move|p2a: Glaceon|Freeze-Dry|p1a: Beartic\n|-resisted|p1a: Beartic\n|-damage|p1a: Beartic|267/321\n|\n|upkeep\n|turn|9\n|inactive|Time left: 300 sec this turn | 300 sec total\n|\n|t:|1783534260\n|move|p2a: Glaceon|Freeze-Dry|p1a: Beartic\n|-resisted|p1a: Beartic\n|-damage|p1a: Beartic|214/321\n|move|p1a: Beartic|Swords Dance|p1a: Beartic\n|-boost|p1a: Beartic|atk|2\n|\n|upkeep\n|turn|10\n|inactive|Time left: 300 sec this turn | 300 sec total\n|\n|t:|1783534261\n|move|p2a: Glaceon|Protect|p2a: Glaceon\n|-singleturn|p2a: Glaceon|Protect\n|move|p1a: Beartic|Earthquake|p2a: Glaceon\n|-activate|p2a: Glaceon|move: Protect\n|\n|upkeep\n|turn|11\n|inactive|Time left: 300 sec this turn | 300 sec total\n|\n|t:|1783534262\n|move|p2a: Glaceon|Mud Shot|p1a: Beartic\n|-damage|p1a: Beartic|151/321\n|-unboost|p1a: Beartic|spe|1\n|move|p1a: Beartic|Earthquake|p2a: Glaceon\n|-damage|p2a: Glaceon|43/100\n|\n|upkeep\n|turn|12\n|inactive|Time left: 300 sec this turn | 300 sec total\n|\n|t:|1783534263\n|move|p2a: Glaceon|Freeze-Dry|p1a: Beartic\n|-resisted|p1a: Beartic\n|-damage|p1a: Beartic|95/321\n|move|p1a: Beartic|Earthquake|p2a: Glaceon\n|-damage|p2a: Glaceon|0 fnt\n|faint|p2a: Glaceon\n|\n|upkeep\n|\n|t:|1783534264\n|switch|p2a: Oranguru|Oranguru, L92, F|100/100\n|turn|13\n|inactive|Time left: 300 sec this turn | 300 sec total\n|\n|t:|1783534265\n|switch|p1a: Mandibuzz|Mandibuzz, L85, F|326/326\n|move|p2a: Oranguru|Psychic|p1a: Mandibuzz\n|-immune|p1a: Mandibuzz\n|\n|upkeep\n|turn|14\n|inactive|Time left: 300 sec this turn | 300 sec total\n|\n|t:|1783534266\n|move|p1a: Mandibuzz|Toxic|p2a: Oranguru\n|-status|p2a: Oranguru|tox\n|move|p2a: Oranguru|Nasty Plot|p2a: Oranguru\n|-boost|p2a: Oranguru|spa|2\n|\n|-damage|p2a: Oranguru|94/100 tox|[from] psn\n|upkeep\n|turn|15\n|inactive|Time left: 300 sec this turn | 300 sec total\n|\n|t:|1783534267\n|move|p1a: Mandibuzz|Foul Play|p2a: Oranguru\n|-supereffective|p2a: Oranguru\n|-damage|p2a: Oranguru|60/100 tox\n|move|p2a: Oranguru|Thunderbolt|p1a: Mandibuzz\n|-supereffective|p1a: Mandibuzz\n|-damage|p1a: Mandibuzz|60/326\n|\n|-heal|p2a: Oranguru|66/100 tox|[from] item: Leftovers\n|-damage|p2a: Oranguru|54/100 tox|[from] psn\n|upkeep\n|turn|16\n|inactive|Time left: 300 sec this turn | 300 sec total\n|\n|t:|1783534268\n|move|p1a: Mandibuzz|Foul Play|p2a: Oranguru\n|-supereffective|p2a: Oranguru\n|-damage|p2a: Oranguru|17/100 tox\n|move|p2a: Oranguru|Focus Blast|p1a: Mandibuzz\n|-damage|p1a: Mandibuzz|0 fnt\n|faint|p1a: Mandibuzz\n|\n|-heal|p2a: Oranguru|23/100 tox|[from] item: Leftovers\n|-damage|p2a: Oranguru|5/100 tox|[from] psn\n|upkeep\n|inactive|Time left: 300 sec this turn | 300 sec total | 5 sec grace\n|\n|t:|1783534269\n|switch|p1a: Toxtricity|Toxtricity, L82, F|65/257\n|turn|17\n|inactive|Time left: 300 sec this turn | 300 sec total\n|\n|t:|1783534270\n|move|p1a: Toxtricity|Overdrive|p2a: Oranguru\n|-damage|p2a: Oranguru|0 fnt\n|faint|p2a: Oranguru\n|\n|upkeep\n|\n|t:|1783534271\n|switch|p2a: Ogerpon|Ogerpon-Wellspring, L76, F|100/100\n|turn|18\n|inactive|Time left: 300 sec this turn | 300 sec total\n|\n|t:|1783534272\n|switch|p1a: Ursaring|Ursaring, L84, M|288/288\n|move|p2a: Ogerpon|Ivy Cudgel|p1a: Ursaring|[anim] Ivy Cudgel Water\n|-damage|p1a: Ursaring|195/288\n|\n|upkeep\n|turn|19\n|inactive|Time left: 300 sec this turn | 300 sec total\n|\n|t:|1783534273\n|move|p2a: Ogerpon|Ivy Cudgel|p1a: Ursaring|[anim] Ivy Cudgel Water\n|-damage|p1a: Ursaring|95/288\n|move|p1a: Ursaring|Body Slam|p2a: Ogerpon\n|-damage|p2a: Ogerpon|46/100\n|\n|upkeep\n|turn|20\n|inactive|Time left: 300 sec this turn | 300 sec total\n|\n|t:|1783534274\n|move|p2a: Ogerpon|Wood Hammer|p1a: Ursaring\n|-damage|p1a: Ursaring|0 fnt\n|faint|p1a: Ursaring\n|-damage|p2a: Ogerpon|33/100|[from] Recoil\n|\n|upkeep\n|inactive|Time left: 300 sec this turn | 300 sec total | 5 sec grace\n|\n|t:|1783534275\n|switch|p1a: Toxtricity|Toxtricity, L82, F|65/257\n|turn|21\n|inactive|Time left: 300 sec this turn | 300 sec total\n|\n|t:|1783534275\n|move|p2a: Ogerpon|Ivy Cudgel|p1a: Toxtricity|[anim] Ivy Cudgel Water\n|-damage|p1a: Toxtricity|0 fnt\n|faint|p1a: Toxtricity\n|\n|upkeep\n|inactive|Time left: 300 sec this turn | 300 sec total | 5 sec grace\n|\n|t:|1783534276\n|switch|p1a: Beartic|Beartic, L91, F|95/321\n|turn|22\n|inactive|Time left: 300 sec this turn | 300 sec total\n|\n|t:|1783534277\n|-terastallize|p2a: Ogerpon|Water\n|detailschange|p2a: Ogerpon|Ogerpon-Wellspring-Tera, L76, F, tera:Water\n|-ability|p2a: Ogerpon|Embody Aspect (Wellspring)|boost\n|-boost|p2a: Ogerpon|spd|1\n|move|p1a: Beartic|Aqua Jet|p2a: Ogerpon\n|-resisted|p2a: Ogerpon\n|-damage|p2a: Ogerpon|24/100\n|move|p2a: Ogerpon|Ivy Cudgel|p1a: Beartic|[anim] Ivy Cudgel Water\n|-damage|p1a: Beartic|0 fnt\n|faint|p1a: Beartic\n|\n|upkeep\n|inactive|Time left: 300 sec this turn | 300 sec total | 5 sec grace\n|\n|t:|1783534278\n|switch|p1a: Rotom|Rotom-Frost, L87|69/229\n|turn|23\n|inactive|Time left: 300 sec this turn | 300 sec total\n|\n|t:|1783534278\n|-terastallize|p1a: Rotom|Electric\n|move|p2a: Ogerpon|Wood Hammer|p1a: Rotom\n|-damage|p1a: Rotom|0 fnt\n|faint|p1a: Rotom\n|-damage|p2a: Ogerpon|15/100|[from] Recoil\n|\n|win|p0y0391d1e", "uploadtime": 1783534278, "views": 0, "rating": 0, "private": 0, "password": null, "_winner": "p0y0391d1e", "_our_name": "p0x0398e8a"}