{"id": "battle-gen9randombattle-1051", "formatid": "gen9randombattle", "format": "[Gen 9] Random Battle", "players": ["p0x10516999", "p0y1051fdd0"], "log": "|init|battle\n|title|p0x10516999 vs. p0y1051fdd0\n|j|\u2606p0x10516999\n|j|\u2606p0y1051fdd0\n|t:|1783552073\n|gametype|singles\n|player|p1|p0x10516999|170|\n|player|p2|p0y1051fdd0|102|\n|gen|9\n|tier|[Gen 9] Random Battle\n|rule|Species Clause: Limit one of each Pok\u00e9mon\n|rule|HP Percentage Mod: HP is shown in percentages\n|rule|Sleep Clause Mod: Limit one foe put to sleep\n|rule|Illusion Level Mod: Illusion disguises the Pok\u00e9mon's true level\n|\n|t:|1783552073\n|teamsize|p1|6\n|teamsize|p2|6\n|start\n|switch|p1a: Furret|Furret, L94, F|100/100\n|switch|p2a: Oranguru|Oranguru, L92, F|315/315\n|-item|p2a: Oranguru|Leftovers|[from] ability: Frisk|[of] p1a: Furret\n|turn|1\n|inactive|Battle timer is ON: inactive players will automatically lose when time's up. (requested by p0y1051fdd0)\n|inactive|p0x10516999 also wants the timer to be on.\n|\n|t:|1783552075\n|move|p1a: Furret|Knock Off|p2a: Oranguru\n|-supereffective|p2a: Oranguru\n|-damage|p2a: Oranguru|141/315\n|-enditem|p2a: Oranguru|Leftovers|[from] move: Knock Off|[of] p1a: Furret\n|-damage|p1a: Furret|91/100|[from] item: Life Orb\n|move|p2a: Oranguru|Nasty Plot|p2a: Oranguru\n|-boost|p2a: Oranguru|spa|2\n|\n|upkeep\n|turn|2\n|inactive|Time left: 300 sec this turn | 300 sec total\n|\n|t:|1783552076\n|move|p1a: Furret|Double-Edge|p2a: Oranguru\n|-damage|p2a: Oranguru|0 fnt\n|faint|p2a: Oranguru\n|-damage|p1a: Furret|75/100|[from] Recoil\n|-damage|p1a: Furret|66/100|[from] item: Life Orb\n|\n|upkeep\n|inactive|Time left: 300 sec this turn | 300 sec total | 5 sec grace\n|\n|t:|1783552077\n|switch|p2a: Inteleon|Inteleon, L81, F|246/246\n|turn|3\n|inactive|Time left: 300 sec this turn | 300 sec total\n|\n|t:|1783552078\n|switch|p1a: Vileplume|Vileplume, L85, M|100/100\n|move|p2a: Inteleon|Hydro Pump|p1a: Vileplume\n|-resisted|p1a: Vileplume\n|-damage|p1a: Vileplume|64/100\n|\n|-heal|p1a: Vileplume|70/100|[from] item: Leftovers\n|upkeep\n|turn|4\n|inactive|Time left: 300 sec this turn | 300 sec total\n|\n|t:|1783552080\n|switch|p2a: Reuniclus|Reuniclus, L88, M|337/337\n|move|p1a: Vileplume|Sludge Bomb|p2a: Reuniclus\n|-damage|p2a: Reuniclus|223/337\n|\n|-heal|p1a: Vileplume|76/100|[from] item: Leftovers\n|upkeep\n|turn|5\n|inactive|Time left: 300 sec this turn | 300 sec total\n|\n|t:|1783552081\n|switch|p1a: Espathra|Espathra, L80, M|100/100\n|move|p2a: Reuniclus|Psychic|p1a: Espathra\n|-resisted|p1a: Espathra\n|-damage|p1a: Espathra|59/100\n|\n|-heal|p1a: Espathra|65/100|[from] item: Leftovers\n|upkeep\n|turn|6\n|inactive|Time left: 300 sec this turn | 300 sec total\n|\n|t:|1783552082\n|move|p1a: Espathra|Calm Mind|p1a: Espathra\n|-boost|p1a: Espathra|spa|1\n|-boost|p1a: Espathra|spd|1\n|move|p2a: Reuniclus|Calm Mind|p2a: Reuniclus\n|-boost|p2a: Reuniclus|spa|1\n|-boost|p2a: Reuniclus|spd|1\n|\n|-heal|p1a: Espathra|71/100|[from] item: Leftovers\n|-ability|p1a: Espathra|Speed Boost|boost\n|-boost|p1a: Espathra|spe|1\n|upkeep\n|turn|7\n|inactive|Time left: 300 sec this turn | 300 sec total\n|\n|t:|1783552083\n|move|p1a: Espathra|Calm Mind|p1a: Espathra\n|-boost|p1a: Espathra|spa|1\n|-boost|p1a: Espathra|spd|1\n|move|p2a: Reuniclus|Psychic|p1a: Espathra\n|-resisted|p1a: Espathra\n|-damage|p1a: Espathra|39/100\n|\n|-heal|p1a: Espathra|45/100|[from] item: Leftovers\n|-ability|p1a: Espathra|Speed Boost|boost\n|-boost|p1a: Espathra|spe|1\n|upkeep\n|turn|8\n|inactive|Time left: 300 sec this turn | 300 sec total\n|\n|t:|1783552084\n|move|p1a: Espathra|Calm Mind|p1a: Espathra\n|-boost|p1a: Espathra|spa|1\n|-boost|p1a: Espathra|spd|1\n|move|p2a: Reuniclus|Psychic|p1a: Espathra\n|-resisted|p1a: Espathra\n|-crit|p1a: Espathra\n|-damage|p1a: Espathra|0 fnt\n|faint|p1a: Espathra\n|\n|upkeep\n|\n|t:|1783552086\n|switch|p1a: Dusknoir|Dusknoir, L89, F|100/100\n|-item|p2a: Reuniclus|Life Orb|[from] ability: Frisk|[of] p1a: Dusknoir\n|turn|9\n|inactive|Time left: 300 sec this turn | 300 sec total\n|\n|t:|1783552087\n|-terastallize|p2a: Reuniclus|Fighting\n|move|p1a: Dusknoir|Poltergeist|p2a: Reuniclus\n|-activate|p2a: Reuniclus|move: Poltergeist|Life Orb\n|-damage|p2a: Reuniclus|87/337\n|move|p2a: Reuniclus|Recover|p2a: Reuniclus\n|-heal|p2a: Reuniclus|256/337\n|\n|upkeep\n|turn|10\n|inactive|Time left: 300 sec this turn | 300 sec total\n|\n|t:|1783552088\n|move|p1a: Dusknoir|Poltergeist|p2a: Reuniclus\n|-activate|p2a: Reuniclus|move: Poltergeist|Life Orb\n|-damage|p2a: Reuniclus|109/337\n|move|p2a: Reuniclus|Psychic|p1a: Dusknoir\n|-damage|p1a: Dusknoir|20/100\n|\n|-heal|p1a: Dusknoir|26/100|[from] item: Leftovers\n|upkeep\n|turn|11\n|inactive|Time left: 300 sec this turn | 300 sec total\n|\n|t:|1783552089\n|move|p1a: Dusknoir|Poltergeist|p2a: Reuniclus\n|-activate|p2a: Reuniclus|move: Poltergeist|Life Orb\n|-damage|p2a: Reuniclus|0 fnt\n|faint|p2a: Reuniclus\n|\n|-heal|p1a: Dusknoir|32/100|[from] item: Leftovers\n|upkeep\n|inactive|Time left: 300 sec this turn | 300 sec total | 5 sec grace\n|\n|t:|1783552090\n|switch|p2a: Morpeko|Morpeko, L88, F|245/245\n|turn|12\n|inactive|Time left: 300 sec this turn | 300 sec total\n|\n|t:|1783552091\n|switch|p1a: Vileplume|Vileplume, L85, M|76/100\n|move|p2a: Morpeko|Aura Wheel|p1a: Vileplume\n|-resisted|p1a: Vileplume\n|-damage|p1a: Vileplume|54/100\n|-boost|p2a: Morpeko|spe|1\n|\n|-heal|p1a: Vileplume|60/100|[from] item: Leftovers\n|-formechange|p2a: Morpeko|Morpeko-Hangry||[from] ability: Hunger Switch\n|upkeep\n|turn|13\n|inactive|Time left: 300 sec this turn | 300 sec total\n|\n|t:|1783552092\n|move|p2a: Morpeko|Protect|p2a: Morpeko\n|-singleturn|p2a: Morpeko|Protect\n|move|p1a: Vileplume|Strength Sap|p2a: Morpeko\n|-activate|p2a: Morpeko|move: Protect\n|\n|-heal|p1a: Vileplume|66/100|[from] item: Leftovers\n|-formechange|p2a: Morpeko|Morpeko||[from] ability: Hunger Switch\n|upkeep\n|turn|14\n|inactive|Time left: 300 sec this turn | 300 sec total\n|\n|t:|1783552093\n|move|p2a: Morpeko|Knock Off|p1a: Vileplume\n|-damage|p1a: Vileplume|26/100\n|-enditem|p1a: Vileplume|Leftovers|[from] move: Knock Off|[of] p2a: Morpeko\n|move|p1a: Vileplume|Strength Sap|p2a: Morpeko\n|-unboost|p2a: Morpeko|atk|1\n|-heal|p1a: Vileplume|100/100\n|\n|-formechange|p2a: Morpeko|Morpeko-Hangry||[from] ability: Hunger Switch\n|upkeep\n|turn|15\n|inactive|Time left: 300 sec this turn | 300 sec total\n|\n|t:|1783552093\n|move|p2a: Morpeko|Aura Wheel|p1a: Vileplume\n|-damage|p1a: Vileplume|68/100\n|-boost|p2a: Morpeko|spe|1\n|move|p1a: Vileplume|Sludge Bomb|p2a: Morpeko\n|-damage|p2a: Morpeko|103/245\n|-status|p2a: Morpeko|psn\n|\n|-heal|p2a: Morpeko|118/245 psn|[from] item: Leftovers\n|-damage|p2a: Morpeko|88/245 psn|[from] psn\n|-formechange|p2a: Morpeko|Morpeko||[from] ability: Hunger Switch\n|upkeep\n|turn|16\n|inactive|Time left: 300 sec this turn | 300 sec total\n|\n|t:|1783552094\n|move|p2a: Morpeko|Protect|p2a: Morpeko\n|-singleturn|p2a: Morpeko|Protect\n|move|p1a: Vileplume|Giga Drain|p2a: Morpeko\n|-activate|p2a: Morpeko|move: Protect\n|\n|-heal|p2a: Morpeko|103/245 psn|[from] item: Leftovers\n|-damage|p2a: Morpeko|73/245 psn|[from] psn\n|-formechange|p2a: Morpeko|Morpeko-Hangry||[from] ability: Hunger Switch\n|upkeep\n|turn|17\n|inactive|Time left: 300 sec this turn | 300 sec total\n|\n|t:|1783552095\n|move|p2a: Morpeko|Aura Wheel|p1a: Vileplume\n|-damage|p1a: Vileplume|37/100\n|-boost|p2a: Morpeko|spe|1\n|move|p1a: Vileplume|Giga Drain|p2a: Morpeko\n|-damage|p2a: Morpeko|0 fnt\n|-heal|p1a: Vileplume|51/100|[from] drain|[of] p2a: Morpeko\n|faint|p2a: Morpeko\n|\n|upkeep\n|inactive|Time left: 300 sec this turn | 300 sec total | 5 sec grace\n|\n|t:|1783552096\n|switch|p2a: Spectrier|Spectrier, L75|274/274\n|turn|18\n|inactive|Time left: 300 sec this turn | 300 sec total\n|\n|t:|1783552097\n|move|p2a: Spectrier|Nasty Plot|p2a: Spectrier\n|-boost|p2a: Spectrier|spa|2\n|move|p1a: Vileplume|Strength Sap|p2a: Spectrier\n|-unboost|p2a: Spectrier|atk|1\n|-heal|p1a: Vileplume|89/100\n|\n|upkeep\n|turn|19\n|inactive|Time left: 300 sec this turn | 300 sec total\n|\n|t:|1783552098\n|switch|p1a: Furret|Furret, L94, F|66/100\n|-item|p2a: Spectrier|Life Orb|[from] ability: Frisk|[of] p1a: Furret\n|move|p2a: Spectrier|Shadow Ball|p1a: Furret\n|-immune|p1a: Furret\n|\n|upkeep\n|turn|20\n|inactive|Time left: 300 sec this turn | 300 sec total\n|\n|t:|1783552100\n|move|p2a: Spectrier|Dark Pulse|p1a: Furret\n|-damage|p1a: Furret|3/100\n|-damage|p2a: Spectrier|247/274|[from] item: Life Orb\n|move|p1a: Furret|Knock Off|p2a: Spectrier\n|-supereffective|p2a: Spectrier\n|-damage|p2a: Spectrier|0 fnt\n|-enditem|p2a: Spectrier|Life Orb|[from] move: Knock Off|[of] p1a: Furret\n|faint|p2a: Spectrier\n|-damage|p1a: Furret|0 fnt|[from] item: Life Orb\n|faint|p1a: Furret\n|\n|upkeep\n|inactive|Time left: 300 sec this turn | 300 sec total | 5 sec grace\n|\n|t:|1783552101\n|switch|p2a: Inteleon|Inteleon, L81, F|246/246\n|switch|p1a: Vileplume|Vileplume, L85, M|89/100\n|turn|21\n|inactive|Time left: 300 sec this turn | 300 sec total\n|\n|t:|1783552102\n|move|p2a: Inteleon|Ice Beam|p1a: Vileplume\n|-supereffective|p1a: Vileplume\n|-damage|p1a: Vileplume|11/100\n|move|p1a: Vileplume|Giga Drain|p2a: Inteleon\n|-supereffective|p2a: Inteleon\n|-damage|p2a: Inteleon|16/246\n|-heal|p1a: Vileplume|54/100|[from] drain|[of] p2a: Inteleon\n|\n|upkeep\n|turn|22\n|inactive|Time left: 300 sec this turn | 300 sec total\n|\n|t:|1783552103\n|switch|p1a: Wugtrio|Wugtrio, L91, F|100/100\n|move|p2a: Inteleon|Ice Beam|p1a: Wugtrio\n|-resisted|p1a: Wugtrio\n|-damage|p1a: Wugtrio|70/100\n|\n|upkeep\n|turn|23\n|inactive|Time left: 300 sec this turn | 300 sec total\n|\n|t:|1783552104\n|switch|p2a: Arcanine|Arcanine, L84, M|288/288\n|-ability|p2a: Arcanine|Intimidate|boost\n|-unboost|p1a: Wugtrio|atk|1\n|move|p1a: Wugtrio|Liquidation|p2a: Arcanine\n|-supereffective|p2a: Arcanine\n|-damage|p2a: Arcanine|60/288\n|-unboost|p2a: Arcanine|def|1\n|\n|upkeep\n|turn|24\n|inactive|Time left: 300 sec this turn | 300 sec total\n|\n|t:|1783552105\n|move|p1a: Wugtrio|Liquidation|p2a: Arcanine\n|-supereffective|p2a: Arcanine\n|-damage|p2a: Arcanine|0 fnt\n|faint|p2a: Arcanine\n|\n|upkeep\n|inactive|Time left: 300 sec this turn | 300 sec total | 5 sec grace\n|\n|t:|1783552106\n|switch|p2a: Inteleon|Inteleon, L81, F|16/246\n|turn|25\n|inactive|Time left: 300 sec this turn | 300 sec total\n|\n|t:|1783552107\n|move|p1a: Wugtrio|Liquidation|p2a: Inteleon\n|-resisted|p2a: Inteleon\n|-damage|p2a: Inteleon|0 fnt\n|faint|p2a: Inteleon\n|\n|win|p0x10516999", "uploadtime": 1783552107, "views": 0, "rating": 0, "private": 0, "password": null, "_winner": "p0x10516999", "_our_name": "p0y1051fdd0"}