{"id": "battle-gen9randombattle-787", "formatid": "gen9randombattle", "format": "[Gen 9] Random Battle", "players": ["p0x78705ea", "p0y7872367"], "log": "|init|battle\n|title|p0x78705ea vs. p0y7872367\n|j|\u2606p0x78705ea\n|j|\u2606p0y7872367\n|t:|1783548262\n|gametype|singles\n|player|p1|p0x78705ea|265|\n|player|p2|p0y7872367|2|\n|gen|9\n|tier|[Gen 9] Random Battle\n|rule|Species Clause: Limit one of each Pok\u00e9mon\n|rule|HP Percentage Mod: HP is shown in percentages\n|rule|Sleep Clause Mod: Limit one foe put to sleep\n|rule|Illusion Level Mod: Illusion disguises the Pok\u00e9mon's true level\n|\n|t:|1783548262\n|teamsize|p1|6\n|teamsize|p2|6\n|start\n|switch|p1a: Cyclizar|Cyclizar, L84, M|255/255\n|switch|p2a: Sandslash|Sandslash, L89, F|100/100\n|turn|1\n|inactive|Battle timer is ON: inactive players will automatically lose when time's up. (requested by p0x78705ea)\n|inactive|p0y7872367 also wants the timer to be on.\n|\n|t:|1783548263\n|switch|p2a: Conkeldurr|Conkeldurr, L80, F|100/100\n|move|p1a: Cyclizar|Shed Tail|p1a: Cyclizar\n|-start|p1a: Cyclizar|Substitute|[from] move: Shed Tail\n|-damage|p1a: Cyclizar|127/255\n|inactive|Time left: 300 sec this turn | 300 sec total | 65 sec grace\n|\n|t:|1783548264\n|switch|p1a: Ribombee|Ribombee, L83, M|235/235|[from] Shed Tail\n|\n|-status|p2a: Conkeldurr|brn|[from] item: Flame Orb\n|upkeep\n|turn|2\n|inactive|Time left: 300 sec this turn | 300 sec total\n|\n|t:|1783548266\n|switch|p2a: Empoleon|Empoleon, L84, F|100/100\n|move|p1a: Ribombee|Sticky Web|p2a: Empoleon\n|-sidestart|p2: p0y7872367|move: Sticky Web\n|\n|upkeep\n|turn|3\n|inactive|Time left: 300 sec this turn | 300 sec total\n|\n|t:|1783548267\n|move|p1a: Ribombee|Moonblast|p2a: Empoleon\n|-resisted|p2a: Empoleon\n|-damage|p2a: Empoleon|86/100\n|move|p2a: Empoleon|Stealth Rock|p1a: Ribombee\n|-sidestart|p1: p0x78705ea|move: Stealth Rock\n|\n|-heal|p2a: Empoleon|92/100|[from] item: Leftovers\n|upkeep\n|turn|4\n|inactive|Time left: 300 sec this turn | 300 sec total\n|\n|t:|1783548268\n|move|p1a: Ribombee|Moonblast|p2a: Empoleon\n|-resisted|p2a: Empoleon\n|-damage|p2a: Empoleon|76/100\n|move|p2a: Empoleon|Surf|p1a: Ribombee\n|-end|p1a: Ribombee|Substitute\n|\n|-heal|p2a: Empoleon|83/100|[from] item: Leftovers\n|upkeep\n|turn|5\n|inactive|Time left: 300 sec this turn | 300 sec total\n|\n|t:|1783548269\n|switch|p1a: Swampert|Swampert, L83, F|302/302\n|-damage|p1a: Swampert|284/302|[from] Stealth Rock\n|move|p2a: Empoleon|Surf|p1a: Swampert\n|-damage|p1a: Swampert|179/302\n|\n|-heal|p2a: Empoleon|89/100|[from] item: Leftovers\n|-heal|p1a: Swampert|197/302|[from] item: Leftovers\n|upkeep\n|turn|6\n|inactive|Time left: 300 sec this turn | 300 sec total\n|\n|t:|1783548271\n|move|p2a: Empoleon|Surf|p1a: Swampert\n|-damage|p1a: Swampert|91/302\n|move|p1a: Swampert|Stealth Rock|p2a: Empoleon\n|-sidestart|p2: p0y7872367|move: Stealth Rock\n|\n|-heal|p2a: Empoleon|95/100|[from] item: Leftovers\n|-heal|p1a: Swampert|109/302|[from] item: Leftovers\n|upkeep\n|turn|7\n|inactive|Time left: 300 sec this turn | 300 sec total\n|\n|t:|1783548272\n|move|p2a: Empoleon|Surf|p1a: Swampert\n|-damage|p1a: Swampert|10/302\n|move|p1a: Swampert|Earthquake|p2a: Empoleon\n|-supereffective|p2a: Empoleon\n|-damage|p2a: Empoleon|13/100\n|\n|-heal|p2a: Empoleon|19/100|[from] item: Leftovers\n|-heal|p1a: Swampert|28/302|[from] item: Leftovers\n|upkeep\n|turn|8\n|inactive|Time left: 300 sec this turn | 300 sec total\n|\n|t:|1783548274\n|move|p2a: Empoleon|Surf|p1a: Swampert\n|-damage|p1a: Swampert|0 fnt\n|faint|p1a: Swampert\n|\n|-heal|p2a: Empoleon|25/100|[from] item: Leftovers\n|upkeep\n|inactive|Time left: 300 sec this turn | 300 sec total | 5 sec grace\n|\n|t:|1783548275\n|switch|p1a: Haxorus|Haxorus, L77, M|244/244\n|-damage|p1a: Haxorus|214/244|[from] Stealth Rock\n|-ability|p1a: Haxorus|Mold Breaker\n|turn|9\n|inactive|Time left: 300 sec this turn | 300 sec total\n|\n|t:|1783548276\n|move|p1a: Haxorus|Outrage|p2a: Empoleon\n|-resisted|p2a: Empoleon\n|-damage|p2a: Empoleon|0 fnt\n|faint|p2a: Empoleon\n|\n|upkeep\n|\n|t:|1783548277\n|switch|p2a: Sandslash|Sandslash, L89, F|100/100\n|-activate|p2a: Sandslash|move: Sticky Web\n|-unboost|p2a: Sandslash|spe|1\n|-damage|p2a: Sandslash|94/100|[from] Stealth Rock\n|turn|10\n|inactive|Time left: 300 sec this turn | 300 sec total\n|\n|t:|1783548278\n|move|p1a: Haxorus|Outrage|p2a: Sandslash|[from] lockedmove\n|-damage|p2a: Sandslash|54/100\n|move|p2a: Sandslash|Rapid Spin|p1a: Haxorus\n|-damage|p1a: Haxorus|172/244\n|-boost|p2a: Sandslash|spe|1\n|-sideend|p2: p0y7872367|Stealth Rock|[from] move: Rapid Spin|[of] p2a: Sandslash\n|-sideend|p2: p0y7872367|Sticky Web|[from] move: Rapid Spin|[of] p2a: Sandslash\n|\n|-heal|p2a: Sandslash|61/100|[from] item: Leftovers\n|upkeep\n|turn|11\n|inactive|Time left: 300 sec this turn | 300 sec total\n|\n|t:|1783548279\n|move|p1a: Haxorus|Outrage|p2a: Sandslash|[from] lockedmove\n|-damage|p2a: Sandslash|14/100\n|-start|p1a: Haxorus|confusion|[fatigue]\n|-enditem|p1a: Haxorus|Lum Berry|[eat]\n|-end|p1a: Haxorus|confusion\n|move|p2a: Sandslash|Earthquake|p1a: Haxorus\n|-damage|p1a: Haxorus|31/244\n|\n|-heal|p2a: Sandslash|20/100|[from] item: Leftovers\n|upkeep\n|turn|12\n|inactive|Time left: 300 sec this turn | 300 sec total\n|\n|t:|1783548280\n|move|p1a: Haxorus|Outrage|p2a: Sandslash\n|-damage|p2a: Sandslash|0 fnt\n|faint|p2a: Sandslash\n|\n|upkeep\n|\n|t:|1783548281\n|switch|p2a: Sawsbuck|Sawsbuck-Summer, L88, F|100/100\n|turn|13\n|inactive|Time left: 300 sec this turn | 300 sec total\n|\n|t:|1783548282\n|move|p2a: Sawsbuck|Horn Leech|p1a: Haxorus\n|-resisted|p1a: Haxorus\n|-damage|p1a: Haxorus|0 fnt\n|faint|p1a: Haxorus\n|-damage|p2a: Sawsbuck|91/100|[from] item: Life Orb\n|\n|upkeep\n|inactive|Time left: 300 sec this turn | 300 sec total | 5 sec grace\n|\n|t:|1783548283\n|switch|p1a: Ribombee|Ribombee, L83, M|235/235\n|turn|14\n|inactive|Time left: 300 sec this turn | 300 sec total\n|\n|t:|1783548283\n|move|p1a: Ribombee|Bug Buzz|p2a: Sawsbuck\n|-supereffective|p2a: Sawsbuck\n|-damage|p2a: Sawsbuck|18/100\n|move|p2a: Sawsbuck|Double-Edge|p1a: Ribombee\n|-damage|p1a: Ribombee|0 fnt\n|faint|p1a: Ribombee\n|-damage|p2a: Sawsbuck|0 fnt|[from] Recoil\n|faint|p2a: Sawsbuck\n|\n|upkeep\n|inactive|Time left: 300 sec this turn | 300 sec total | 5 sec grace\n|\n|t:|1783548285\n|switch|p1a: Sylveon|Sylveon, L85, M|300/300\n|switch|p2a: Conkeldurr|Conkeldurr, L80, F|100/100 brn\n|-damage|p1a: Sylveon|263/300|[from] Stealth Rock\n|turn|15\n|inactive|Time left: 300 sec this turn | 300 sec total\n|\n|t:|1783548286\n|-terastallize|p2a: Conkeldurr|Normal\n|move|p1a: Sylveon|Hyper Voice|p2a: Conkeldurr\n|-damage|p2a: Conkeldurr|44/100 brn\n|move|p2a: Conkeldurr|Facade|p1a: Sylveon\n|-damage|p1a: Sylveon|0 fnt\n|faint|p1a: Sylveon\n|\n|-damage|p2a: Conkeldurr|38/100 brn|[from] brn\n|upkeep\n|inactive|Time left: 300 sec this turn | 300 sec total | 5 sec grace\n|\n|t:|1783548287\n|switch|p1a: Toxtricity|Toxtricity, L82, M|257/257\n|-damage|p1a: Toxtricity|225/257|[from] Stealth Rock\n|turn|16\n|inactive|Time left: 300 sec this turn | 300 sec total\n|\n|t:|1783548288\n|move|p2a: Conkeldurr|Mach Punch|p1a: Toxtricity\n|-resisted|p1a: Toxtricity\n|-damage|p1a: Toxtricity|177/257\n|move|p1a: Toxtricity|Boomburst|p2a: Conkeldurr\n|-damage|p2a: Conkeldurr|0 fnt\n|faint|p2a: Conkeldurr\n|\n|upkeep\n|\n|t:|1783548289\n|switch|p2a: Frosmoth|Frosmoth, L82, M|100/100\n|turn|17\n|inactive|Time left: 300 sec this turn | 300 sec total\n|\n|t:|1783548290\n|move|p1a: Toxtricity|Boomburst|p2a: Frosmoth\n|-damage|p2a: Frosmoth|72/100\n|move|p2a: Frosmoth|Quiver Dance|p2a: Frosmoth\n|-boost|p2a: Frosmoth|spa|1\n|-boost|p2a: Frosmoth|spd|1\n|-boost|p2a: Frosmoth|spe|1\n|\n|upkeep\n|turn|18\n|inactive|Time left: 300 sec this turn | 300 sec total\n|\n|t:|1783548291\n|move|p1a: Toxtricity|Boomburst|p2a: Frosmoth\n|-damage|p2a: Frosmoth|54/100\n|move|p2a: Frosmoth|Ice Beam|p1a: Toxtricity\n|-damage|p1a: Toxtricity|0 fnt\n|faint|p1a: Toxtricity\n|\n|upkeep\n|inactive|Time left: 300 sec this turn | 300 sec total | 5 sec grace\n|\n|t:|1783548292\n|switch|p1a: Cyclizar|Cyclizar, L84, M|212/255\n|turn|19\n|inactive|Time left: 300 sec this turn | 300 sec total\n|\n|t:|1783548293\n|-terastallize|p1a: Cyclizar|Fairy\n|move|p1a: Cyclizar|Rapid Spin|p2a: Frosmoth\n|-damage|p2a: Frosmoth|27/100\n|-boost|p1a: Cyclizar|spe|1\n|-sideend|p1: p0x78705ea|Stealth Rock|[from] move: Rapid Spin|[of] p1a: Cyclizar\n|move|p2a: Frosmoth|Ice Beam|p1a: Cyclizar\n|-damage|p1a: Cyclizar|2/255\n|\n|upkeep\n|turn|20\n|inactive|Time left: 300 sec this turn | 300 sec total\n|\n|t:|1783548294\n|move|p1a: Cyclizar|Rapid Spin|p2a: Frosmoth\n|-damage|p2a: Frosmoth|2/100\n|-boost|p1a: Cyclizar|spe|1\n|move|p2a: Frosmoth|Giga Drain|p1a: Cyclizar\n|-damage|p1a: Cyclizar|0 fnt\n|-heal|p2a: Frosmoth|2/100|[from] drain|[of] p1a: Cyclizar\n|faint|p1a: Cyclizar\n|\n|win|p0y7872367", "uploadtime": 1783548294, "views": 0, "rating": 0, "private": 0, "password": null, "_winner": "p0y7872367", "_our_name": "p0x78705ea"}