{"id": "battle-gen9randombattle-2673", "formatid": "gen9randombattle", "format": "[Gen 9] Random Battle", "players": ["p0x2673d1ff", "p0y2673d209"], "log": "|init|battle\n|title|p0x2673d1ff vs. p0y2673d209\n|j|\u2606p0x2673d1ff\n|j|\u2606p0y2673d209\n|t:|1783570845\n|gametype|singles\n|player|p1|p0x2673d1ff|2|\n|player|p2|p0y2673d209|2|\n|gen|9\n|tier|[Gen 9] Random Battle\n|rule|Species Clause: Limit one of each Pok\u00e9mon\n|rule|HP Percentage Mod: HP is shown in percentages\n|rule|Sleep Clause Mod: Limit one foe put to sleep\n|rule|Illusion Level Mod: Illusion disguises the Pok\u00e9mon's true level\n|\n|t:|1783570845\n|teamsize|p1|6\n|teamsize|p2|6\n|start\n|switch|p1a: Zapdos|Zapdos, L78|100/100\n|switch|p2a: Amoonguss|Amoonguss, L82, M|321/321\n|turn|1\n|inactive|Battle timer is ON: inactive players will automatically lose when time's up. (requested by p0y2673d209)\n|inactive|p0x2673d1ff also wants the timer to be on.\n|\n|t:|1783570847\n|move|p1a: Zapdos|Hurricane|p2a: Amoonguss\n|-supereffective|p2a: Amoonguss\n|-damage|p2a: Amoonguss|37/321\n|move|p2a: Amoonguss|Toxic|p1a: Zapdos\n|-status|p1a: Zapdos|tox\n|\n|-heal|p2a: Amoonguss|57/321|[from] item: Leftovers\n|-damage|p1a: Zapdos|95/100 tox|[from] psn\n|upkeep\n|turn|2\n|inactive|Time left: 300 sec this turn | 300 sec total\n|\n|t:|1783570848\n|switch|p2a: Rhydon|Rhydon, L85, F|317/317\n|move|p1a: Zapdos|Thunderbolt|p2a: Rhydon\n|-ability|p2a: Rhydon|Lightning Rod|boost\n|-boost|p2a: Rhydon|spa|1\n|\n|-damage|p1a: Zapdos|83/100 tox|[from] psn\n|upkeep\n|turn|3\n|inactive|Time left: 300 sec this turn | 300 sec total\n|\n|t:|1783570849\n|switch|p1a: Porygon2|Porygon2, L81|100/100\n|-ability|p1a: Porygon2|Download|boost\n|-boost|p1a: Porygon2|spa|1\n|move|p2a: Rhydon|Stone Edge|p1a: Porygon2\n|-damage|p1a: Porygon2|63/100\n|\n|upkeep\n|turn|4\n|inactive|Time left: 300 sec this turn | 300 sec total\n|\n|t:|1783570851\n|move|p1a: Porygon2|Ice Beam|p2a: Rhydon\n|-supereffective|p2a: Rhydon\n|-damage|p2a: Rhydon|121/317\n|move|p2a: Rhydon|Earthquake|p1a: Porygon2\n|-damage|p1a: Porygon2|26/100\n|\n|upkeep\n|turn|5\n|inactive|Time left: 300 sec this turn | 300 sec total\n|\n|t:|1783570852\n|switch|p2a: Diancie|Diancie, L82|216/216\n|move|p1a: Porygon2|Ice Beam|p2a: Diancie\n|-damage|p2a: Diancie|148/216\n|\n|-heal|p2a: Diancie|161/216|[from] item: Leftovers\n|upkeep\n|turn|6\n|inactive|Time left: 300 sec this turn | 300 sec total\n|\n|t:|1783570853\n|move|p1a: Porygon2|Recover|p1a: Porygon2\n|-heal|p1a: Porygon2|76/100\n|move|p2a: Diancie|Diamond Storm|p1a: Porygon2\n|-damage|p1a: Porygon2|50/100\n|-boost|p2a: Diancie|def|2\n|\n|-heal|p2a: Diancie|174/216|[from] item: Leftovers\n|upkeep\n|turn|7\n|inactive|Time left: 300 sec this turn | 300 sec total\n|\n|t:|1783570854\n|move|p1a: Porygon2|Ice Beam|p2a: Diancie\n|-damage|p2a: Diancie|112/216\n|move|p2a: Diancie|Calm Mind|p2a: Diancie\n|-boost|p2a: Diancie|spa|1\n|-boost|p2a: Diancie|spd|1\n|\n|-heal|p2a: Diancie|125/216|[from] item: Leftovers\n|upkeep\n|turn|8\n|inactive|Time left: 300 sec this turn | 300 sec total\n|\n|t:|1783570855\n|move|p1a: Porygon2|Discharge|p2a: Diancie\n|-damage|p2a: Diancie|85/216\n|-status|p2a: Diancie|par\n|cant|p2a: Diancie|par\n|\n|-heal|p2a: Diancie|98/216 par|[from] item: Leftovers\n|upkeep\n|turn|9\n|inactive|Time left: 300 sec this turn | 300 sec total\n|\n|t:|1783570856\n|move|p1a: Porygon2|Recover|p1a: Porygon2\n|-heal|p1a: Porygon2|99/100\n|move|p2a: Diancie|Calm Mind|p2a: Diancie\n|-boost|p2a: Diancie|spa|1\n|-boost|p2a: Diancie|spd|1\n|\n|-heal|p2a: Diancie|111/216 par|[from] item: Leftovers\n|upkeep\n|turn|10\n|inactive|Time left: 300 sec this turn | 300 sec total\n|\n|t:|1783570857\n|move|p1a: Porygon2|Tri Attack|p2a: Diancie\n|-resisted|p2a: Diancie\n|-damage|p2a: Diancie|88/216 par\n|cant|p2a: Diancie|par\n|\n|-heal|p2a: Diancie|101/216 par|[from] item: Leftovers\n|upkeep\n|turn|11\n|inactive|Time left: 300 sec this turn | 300 sec total\n|\n|t:|1783570858\n|move|p1a: Porygon2|Discharge|p2a: Diancie\n|-damage|p2a: Diancie|72/216 par\n|move|p2a: Diancie|Draining Kiss|p1a: Porygon2\n|-damage|p1a: Porygon2|73/100\n|-heal|p2a: Diancie|127/216 par|[from] drain|[of] p1a: Porygon2\n|\n|-heal|p2a: Diancie|140/216 par|[from] item: Leftovers\n|upkeep\n|turn|12\n|inactive|Time left: 300 sec this turn | 300 sec total\n|\n|t:|1783570859\n|move|p1a: Porygon2|Ice Beam|p2a: Diancie\n|-damage|p2a: Diancie|108/216 par\n|move|p2a: Diancie|Draining Kiss|p1a: Porygon2\n|-damage|p1a: Porygon2|49/100\n|-heal|p2a: Diancie|158/216 par|[from] drain|[of] p1a: Porygon2\n|\n|-heal|p2a: Diancie|171/216 par|[from] item: Leftovers\n|upkeep\n|turn|13\n|inactive|Time left: 300 sec this turn | 300 sec total\n|\n|t:|1783570860\n|move|p1a: Porygon2|Recover|p1a: Porygon2\n|-heal|p1a: Porygon2|99/100\n|move|p2a: Diancie|Draining Kiss|p1a: Porygon2\n|-damage|p1a: Porygon2|74/100\n|-heal|p2a: Diancie|216/216 par|[from] drain|[of] p1a: Porygon2\n|\n|upkeep\n|turn|14\n|inactive|Time left: 300 sec this turn | 300 sec total\n|\n|t:|1783570861\n|move|p1a: Porygon2|Recover|p1a: Porygon2\n|-heal|p1a: Porygon2|100/100\n|move|p2a: Diancie|Draining Kiss|p1a: Porygon2\n|-damage|p1a: Porygon2|74/100\n|\n|upkeep\n|turn|15\n|inactive|Time left: 300 sec this turn | 300 sec total\n|\n|t:|1783570862\n|move|p1a: Porygon2|Recover|p1a: Porygon2\n|-heal|p1a: Porygon2|100/100\n|move|p2a: Diancie|Earth Power|p1a: Porygon2\n|-damage|p1a: Porygon2|71/100\n|\n|upkeep\n|turn|16\n|inactive|Time left: 300 sec this turn | 300 sec total\n|\n|t:|1783570862\n|move|p1a: Porygon2|Recover|p1a: Porygon2\n|-heal|p1a: Porygon2|100/100\n|cant|p2a: Diancie|par\n|\n|upkeep\n|turn|17\n|inactive|Time left: 300 sec this turn | 300 sec total\n|\n|t:|1783570863\n|move|p1a: Porygon2|Ice Beam|p2a: Diancie\n|-damage|p2a: Diancie|185/216 par\n|cant|p2a: Diancie|par\n|\n|-heal|p2a: Diancie|198/216 par|[from] item: Leftovers\n|upkeep\n|turn|18\n|inactive|Time left: 300 sec this turn | 300 sec total\n|\n|t:|1783570864\n|move|p1a: Porygon2|Tri Attack|p2a: Diancie\n|-resisted|p2a: Diancie\n|-damage|p2a: Diancie|175/216 par\n|move|p2a: Diancie|Draining Kiss|p1a: Porygon2\n|-damage|p1a: Porygon2|75/100\n|-heal|p2a: Diancie|216/216 par|[from] drain|[of] p1a: Porygon2\n|\n|upkeep\n|turn|19\n|inactive|Time left: 300 sec this turn | 300 sec total\n|\n|t:|1783570865\n|move|p1a: Porygon2|Recover|p1a: Porygon2\n|-heal|p1a: Porygon2|100/100\n|cant|p2a: Diancie|par\n|\n|upkeep\n|turn|20\n|inactive|Time left: 300 sec this turn | 300 sec total\n|\n|t:|1783570866\n|move|p1a: Porygon2|Discharge|p2a: Diancie\n|-damage|p2a: Diancie|186/216 par\n|move|p2a: Diancie|Diamond Storm|p1a: Porygon2\n|-damage|p1a: Porygon2|77/100\n|-boost|p2a: Diancie|def|2\n|\n|-heal|p2a: Diancie|199/216 par|[from] item: Leftovers\n|upkeep\n|turn|21\n|inactive|Time left: 300 sec this turn | 300 sec total\n|\n|t:|1783570867\n|move|p1a: Porygon2|Recover|p1a: Porygon2\n|-heal|p1a: Porygon2|100/100\n|cant|p2a: Diancie|par\n|\n|-heal|p2a: Diancie|212/216 par|[from] item: Leftovers\n|upkeep\n|turn|22\n|inactive|Time left: 300 sec this turn | 300 sec total\n|\n|t:|1783570868\n|move|p1a: Porygon2|Tri Attack|p2a: Diancie\n|-resisted|p2a: Diancie\n|-damage|p2a: Diancie|192/216 par\n|move|p2a: Diancie|Earth Power|p1a: Porygon2\n|-damage|p1a: Porygon2|70/100\n|\n|-heal|p2a: Diancie|205/216 par|[from] item: Leftovers\n|upkeep\n|turn|23\n|inactive|Time left: 300 sec this turn | 300 sec total\n|\n|t:|1783570869\n|move|p1a: Porygon2|Ice Beam|p2a: Diancie\n|-damage|p2a: Diancie|174/216 par\n|move|p2a: Diancie|Draining Kiss|p1a: Porygon2\n|-damage|p1a: Porygon2|46/100\n|-heal|p2a: Diancie|216/216 par|[from] drain|[of] p1a: Porygon2\n|\n|upkeep\n|turn|24\n|inactive|Time left: 300 sec this turn | 300 sec total\n|\n|t:|1783570870\n|move|p1a: Porygon2|Tri Attack|p2a: Diancie\n|-resisted|p2a: Diancie\n|-damage|p2a: Diancie|195/216 par\n|move|p2a: Diancie|Draining Kiss|p1a: Porygon2\n|-damage|p1a: Porygon2|23/100\n|-heal|p2a: Diancie|216/216 par|[from] drain|[of] p1a: Porygon2\n|\n|upkeep\n|turn|25\n|inactive|Time left: 300 sec this turn | 300 sec total\n|\n|t:|1783570871\n|switch|p1a: Hoopa|Hoopa, L85|100/100\n|move|p2a: Diancie|Draining Kiss|p1a: Hoopa\n|-damage|p1a: Hoopa|72/100\n|\n|upkeep\n|turn|26\n|inactive|Time left: 300 sec this turn | 300 sec total\n|\n|t:|1783570872\n|move|p1a: Hoopa|Trick|p2a: Diancie\n|-activate|p1a: Hoopa|move: Trick|[of] p2a: Diancie\n|-item|p2a: Diancie|Choice Scarf|[from] move: Trick\n|-item|p1a: Hoopa|Leftovers|[from] move: Trick\n|move|p2a: Diancie|Diamond Storm|p1a: Hoopa\n|-damage|p1a: Hoopa|23/100\n|-boost|p2a: Diancie|def|2\n|\n|-heal|p1a: Hoopa|29/100|[from] item: Leftovers\n|upkeep\n|turn|27\n|inactive|Time left: 300 sec this turn | 300 sec total\n|\n|t:|1783570873\n|switch|p1a: Mightyena|Mightyena, L96, M|100/100\n|-ability|p1a: Mightyena|Intimidate|boost\n|-fail|p2a: Diancie|unboost|[from] ability: Clear Body|[of] p2a: Diancie\n|cant|p2a: Diancie|par\n|\n|upkeep\n|turn|28\n|inactive|Time left: 300 sec this turn | 300 sec total\n|\n|t:|1783570874\n|move|p1a: Mightyena|Crunch|p2a: Diancie\n|-resisted|p2a: Diancie\n|-damage|p2a: Diancie|204/216 par\n|move|p2a: Diancie|Diamond Storm|p1a: Mightyena\n|-damage|p1a: Mightyena|64/100\n|\n|upkeep\n|turn|29\n|inactive|Time left: 300 sec this turn | 300 sec total\n|\n|t:|1783570875\n|move|p1a: Mightyena|Crunch|p2a: Diancie\n|-resisted|p2a: Diancie\n|-damage|p2a: Diancie|192/216 par\n|cant|p2a: Diancie|par\n|\n|upkeep\n|turn|30\n|inactive|Time left: 300 sec this turn | 300 sec total\n|\n|t:|1783570876\n|move|p1a: Mightyena|Crunch|p2a: Diancie\n|-resisted|p2a: Diancie\n|-damage|p2a: Diancie|179/216 par\n|move|p2a: Diancie|Diamond Storm|p1a: Mightyena|[miss]\n|-miss|p2a: Diancie|p1a: Mightyena\n|\n|upkeep\n|turn|31\n|inactive|Time left: 300 sec this turn | 300 sec total\n|\n|t:|1783570877\n|move|p1a: Mightyena|Crunch|p2a: Diancie\n|-resisted|p2a: Diancie\n|-crit|p2a: Diancie\n|-damage|p2a: Diancie|105/216 par\n|move|p2a: Diancie|Diamond Storm|p1a: Mightyena\n|-damage|p1a: Mightyena|26/100\n|\n|upkeep\n|turn|32\n|inactive|Time left: 300 sec this turn | 300 sec total\n|\n|t:|1783570878\n|switch|p1a: Lycanroc|Lycanroc, L86, F|100/100\n|cant|p2a: Diancie|par\n|\n|upkeep\n|turn|33\n|inactive|Time left: 300 sec this turn | 300 sec total\n|\n|t:|1783570879\n|move|p1a: Lycanroc|Stealth Rock|p2a: Diancie\n|-sidestart|p2: p0y2673d209|move: Stealth Rock\n|move|p2a: Diancie|Diamond Storm|p1a: Lycanroc\n|-damage|p1a: Lycanroc|56/100\n|\n|upkeep\n|turn|34\n|inactive|Time left: 300 sec this turn | 300 sec total\n|\n|t:|1783570880\n|switch|p1a: Munkidori|Munkidori, L79, M|100/100\n|move|p2a: Diancie|Diamond Storm|p1a: Munkidori\n|-damage|p1a: Munkidori|47/100\n|\n|upkeep\n|turn|35\n|inactive|Time left: 300 sec this turn | 300 sec total\n|\n|t:|1783570882\n|move|p1a: Munkidori|Psyshock|p2a: Diancie\n|-damage|p2a: Diancie|83/216 par\n|-activate|p2a: Diancie|move: Struggle\n|move|p2a: Diancie|Struggle|p1a: Munkidori\n|-damage|p1a: Munkidori|29/100\n|-damage|p2a: Diancie|29/216 par|[from] recoil\n|\n|upkeep\n|turn|36\n|inactive|Time left: 300 sec this turn | 300 sec total\n|\n|t:|1783570883\n|switch|p2a: Umbreon|Umbreon, L84, F|297/297\n|-damage|p2a: Umbreon|260/297|[from] Stealth Rock\n|move|p1a: Munkidori|Psyshock|p2a: Umbreon\n|-immune|p2a: Umbreon\n|\n|-heal|p2a: Umbreon|278/297|[from] item: Leftovers\n|upkeep\n|turn|37\n|inactive|Time left: 300 sec this turn | 300 sec total\n|\n|t:|1783570884\n|switch|p1a: Mightyena|Mightyena, L96, M|26/100\n|-ability|p1a: Mightyena|Intimidate|boost\n|-unboost|p2a: Umbreon|atk|1\n|move|p2a: Umbreon|Foul Play|p1a: Mightyena\n|-resisted|p1a: Mightyena\n|-damage|p1a: Mightyena|6/100\n|\n|-heal|p2a: Umbreon|296/297|[from] item: Leftovers\n|upkeep\n|turn|38\n|inactive|Time left: 300 sec this turn | 300 sec total\n|\n|t:|1783570885\n|move|p1a: Mightyena|Play Rough|p2a: Umbreon\n|-supereffective|p2a: Umbreon\n|-damage|p2a: Umbreon|82/297\n|move|p2a: Umbreon|Foul Play|p1a: Mightyena\n|-resisted|p1a: Mightyena\n|-damage|p1a: Mightyena|0 fnt\n|faint|p1a: Mightyena\n|\n|-heal|p2a: Umbreon|100/297|[from] item: Leftovers\n|upkeep\n|\n|t:|1783570886\n|switch|p1a: Munkidori|Munkidori, L79, M|29/100\n|turn|39\n|inactive|Time left: 300 sec this turn | 300 sec total\n|\n|t:|1783570887\n|move|p1a: Munkidori|Sludge Wave|p2a: Umbreon\n|-damage|p2a: Umbreon|0 fnt\n|faint|p2a: Umbreon\n|\n|upkeep\n|inactive|Time left: 300 sec this turn | 300 sec total | 5 sec grace\n|\n|t:|1783570887\n|switch|p2a: Rhydon|Rhydon, L85, F|121/317\n|-damage|p2a: Rhydon|102/317|[from] Stealth Rock\n|turn|40\n|inactive|Time left: 300 sec this turn | 300 sec total\n|\n|t:|1783570888\n|move|p1a: Munkidori|Sludge Wave|p2a: Rhydon\n|-resisted|p2a: Rhydon\n|-damage|p2a: Rhydon|54/317\n|move|p2a: Rhydon|Stone Edge|p1a: Munkidori\n|-damage|p1a: Munkidori|0 fnt\n|faint|p1a: Munkidori\n|\n|upkeep\n|\n|t:|1783570889\n|switch|p1a: Porygon2|Porygon2, L81|23/100\n|-ability|p1a: Porygon2|Download|boost\n|-boost|p1a: Porygon2|spa|1\n|turn|41\n|inactive|Time left: 300 sec this turn | 300 sec total\n|\n|t:|1783570890\n|switch|p2a: Snorlax|Snorlax, L82, M|397/397\n|-damage|p2a: Snorlax|348/397|[from] Stealth Rock\n|move|p1a: Porygon2|Tri Attack|p2a: Snorlax\n|-damage|p2a: Snorlax|248/397\n|\n|upkeep\n|turn|42\n|inactive|Time left: 300 sec this turn | 300 sec total\n|\n|t:|1783570891\n|move|p1a: Porygon2|Tri Attack|p2a: Snorlax\n|-damage|p2a: Snorlax|134/397\n|-status|p2a: Snorlax|par\n|move|p2a: Snorlax|Body Slam|p1a: Porygon2\n|-damage|p1a: Porygon2|0 fnt\n|faint|p1a: Porygon2\n|\n|upkeep\n|\n|t:|1783570892\n|switch|p1a: Hoopa|Hoopa, L85|29/100\n|turn|43\n|inactive|Time left: 300 sec this turn | 300 sec total\n|\n|t:|1783570893\n|move|p1a: Hoopa|Focus Blast|p2a: Snorlax\n|-supereffective|p2a: Snorlax\n|-damage|p2a: Snorlax|0 fnt\n|faint|p2a: Snorlax\n|\n|-heal|p1a: Hoopa|35/100|[from] item: Leftovers\n|upkeep\n|inactive|Time left: 300 sec this turn | 300 sec total | 5 sec grace\n|\n|t:|1783570894\n|switch|p2a: Vespiquen|Vespiquen, L99, F|299/299\n|-ability|p2a: Vespiquen|Pressure\n|turn|44\n|inactive|Time left: 300 sec this turn | 300 sec total\n|\n|t:|1783570895\n|move|p1a: Hoopa|Shadow Ball|p2a: Vespiquen\n|-damage|p2a: Vespiquen|206/299\n|move|p2a: Vespiquen|U-turn|p1a: Hoopa\n|-damage|p1a: Hoopa|0 fnt\n|faint|p1a: Hoopa\n|inactive|Time left: 300 sec this turn | 300 sec total | 5 sec grace\n|\n|t:|1783570896\n|switch|p2a: Amoonguss|Amoonguss, L82, M|164/321|[from] U-turn\n|-damage|p2a: Amoonguss|124/321|[from] Stealth Rock\n|\n|-heal|p2a: Amoonguss|144/321|[from] item: Leftovers\n|upkeep\n|\n|t:|1783570897\n|switch|p1a: Zapdos|Zapdos, L78|83/100 tox\n|turn|45\n|inactive|Time left: 300 sec this turn | 300 sec total\n|\n|t:|1783570898\n|switch|p2a: Diancie|Diancie, L82|29/216 par\n|-damage|p2a: Diancie|2/216 par|[from] Stealth Rock\n|move|p1a: Zapdos|Hurricane|p2a: Diancie\n|-resisted|p2a: Diancie\n|-damage|p2a: Diancie|0 fnt\n|faint|p2a: Diancie\n|\n|-damage|p1a: Zapdos|77/100 tox|[from] psn\n|upkeep\n|inactive|Time left: 300 sec this turn | 300 sec total | 5 sec grace\n|\n|t:|1783570899\n|switch|p2a: Amoonguss|Amoonguss, L82, M|251/321\n|-damage|p2a: Amoonguss|211/321|[from] Stealth Rock\n|turn|46\n|inactive|Time left: 300 sec this turn | 300 sec total\n|\n|t:|1783570900\n|switch|p2a: Rhydon|Rhydon, L85, F|54/317\n|-damage|p2a: Rhydon|35/317|[from] Stealth Rock\n|move|p1a: Zapdos|Hurricane|p2a: Rhydon|[miss]\n|-miss|p1a: Zapdos|p2a: Rhydon\n|\n|-damage|p1a: Zapdos|65/100 tox|[from] psn\n|upkeep\n|turn|47\n|inactive|Time left: 300 sec this turn | 300 sec total\n|\n|t:|1783570901\n|move|p1a: Zapdos|Hurricane|p2a: Rhydon|[miss]\n|-miss|p1a: Zapdos|p2a: Rhydon\n|move|p2a: Rhydon|Stone Edge|p1a: Zapdos\n|-supereffective|p1a: Zapdos\n|-crit|p1a: Zapdos\n|-damage|p1a: Zapdos|0 fnt\n|faint|p1a: Zapdos\n|\n|upkeep\n|\n|t:|1783570901\n|switch|p1a: Lycanroc|Lycanroc, L86, F|56/100\n|turn|48\n|inactive|Time left: 300 sec this turn | 300 sec total\n|\n|t:|1783570902\n|move|p1a: Lycanroc|Stone Edge|p2a: Rhydon\n|-resisted|p2a: Rhydon\n|-crit|p2a: Rhydon\n|-damage|p2a: Rhydon|0 fnt\n|faint|p2a: Rhydon\n|-damage|p1a: Lycanroc|46/100|[from] item: Life Orb\n|\n|upkeep\n|inactive|Time left: 300 sec this turn | 300 sec total | 5 sec grace\n|\n|t:|1783570903\n|switch|p2a: Amoonguss|Amoonguss, L82, M|318/321\n|-damage|p2a: Amoonguss|278/321|[from] Stealth Rock\n|turn|49\n|inactive|Time left: 300 sec this turn | 300 sec total\n|\n|t:|1783570904\n|-terastallize|p1a: Lycanroc|Fighting\n|move|p1a: Lycanroc|Stone Edge|p2a: Amoonguss\n|-damage|p2a: Amoonguss|82/321\n|-damage|p1a: Lycanroc|37/100|[from] item: Life Orb\n|move|p2a: Amoonguss|Giga Drain|p1a: Lycanroc\n|-damage|p1a: Lycanroc|5/100\n|-heal|p2a: Amoonguss|125/321|[from] drain|[of] p1a: Lycanroc\n|\n|-heal|p2a: Amoonguss|145/321|[from] item: Leftovers\n|upkeep\n|turn|50\n|inactive|Time left: 300 sec this turn | 300 sec total\n|\n|t:|1783570904\n|-terastallize|p2a: Amoonguss|Water\n|move|p1a: Lycanroc|Stone Edge|p2a: Amoonguss\n|-damage|p2a: Amoonguss|0 fnt\n|faint|p2a: Amoonguss\n|-damage|p1a: Lycanroc|0 fnt|[from] item: Life Orb\n|faint|p1a: Lycanroc\n|\n|win|p0y2673d209", "uploadtime": 1783570904, "views": 0, "rating": 0, "private": 0, "password": null, "_winner": "p0y2673d209", "_our_name": "p0y2673d209"}