{"id": "battle-gen9randombattle-360", "formatid": "gen9randombattle", "format": "[Gen 9] Random Battle", "players": ["p0x3607c0a", "p0y360abd9"], "log": "|init|battle\n|title|p0x3607c0a vs. p0y360abd9\n|j|\u2606p0x3607c0a\n|j|\u2606p0y360abd9\n|t:|1783543828\n|gametype|singles\n|player|p1|p0x3607c0a|1|\n|player|p2|p0y360abd9|2|\n|gen|9\n|tier|[Gen 9] Random Battle\n|rule|Species Clause: Limit one of each Pok\u00e9mon\n|rule|HP Percentage Mod: HP is shown in percentages\n|rule|Sleep Clause Mod: Limit one foe put to sleep\n|rule|Illusion Level Mod: Illusion disguises the Pok\u00e9mon's true level\n|\n|t:|1783543828\n|teamsize|p1|6\n|teamsize|p2|6\n|start\n|switch|p1a: Squawkabilly|Squawkabilly-Yellow, L89, M|100/100\n|switch|p2a: Jumpluff|Jumpluff, L87, M|271/271\n|turn|1\n|inactive|Battle timer is ON: inactive players will automatically lose when time's up. (requested by p0x3607c0a)\n|inactive|Time left: 300 sec this turn | 300 sec total | 60 sec grace\n|inactive|p0y360abd9 also wants the timer to be on.\n|\n|t:|1783543830\n|move|p2a: Jumpluff|Sleep Powder|p1a: Squawkabilly|[miss]\n|-miss|p2a: Jumpluff|p1a: Squawkabilly\n|move|p1a: Squawkabilly|Parting Shot|p2a: Jumpluff\n|-unboost|p2a: Jumpluff|atk|1\n|-unboost|p2a: Jumpluff|spa|1\n|\n|t:|1783543831\n|switch|p1a: Luxray|Luxray, L88, F|100/100|[from] Parting Shot\n|\n|-status|p1a: Luxray|brn|[from] item: Flame Orb\n|upkeep\n|turn|2\n|inactive|Time left: 300 sec this turn | 300 sec total\n|\n|t:|1783543832\n|switch|p2a: Dialga|Dialga-Origin, L73|266/266\n|-ability|p2a: Dialga|Pressure\n|move|p1a: Luxray|Supercell Slam|p2a: Dialga\n|-resisted|p2a: Dialga\n|-damage|p2a: Dialga|182/266\n|\n|-damage|p1a: Luxray|94/100 brn|[from] brn\n|upkeep\n|turn|3\n|inactive|Time left: 300 sec this turn | 300 sec total\n|\n|t:|1783543834\n|move|p2a: Dialga|Stealth Rock|p1a: Luxray\n|-sidestart|p1: p0x3607c0a|move: Stealth Rock\n|move|p1a: Luxray|Play Rough|p2a: Dialga\n|-damage|p2a: Dialga|63/266\n|\n|-damage|p1a: Luxray|88/100 brn|[from] brn\n|upkeep\n|turn|4\n|inactive|Time left: 300 sec this turn | 300 sec total\n|\n|t:|1783543835\n|move|p2a: Dialga|Draco Meteor|p1a: Luxray\n|-damage|p1a: Luxray|21/100 brn\n|-unboost|p2a: Dialga|spa|2\n|move|p1a: Luxray|Facade|p2a: Dialga\n|-resisted|p2a: Dialga\n|-damage|p2a: Dialga|0 fnt\n|faint|p2a: Dialga\n|\n|-damage|p1a: Luxray|15/100 brn|[from] brn\n|upkeep\n|inactive|Time left: 300 sec this turn | 300 sec total | 5 sec grace\n|\n|t:|1783543836\n|switch|p2a: Kingdra|Kingdra, L84, F|263/263\n|turn|5\n|inactive|Time left: 300 sec this turn | 300 sec total\n|\n|t:|1783543837\n|switch|p1a: Arcanine|Arcanine, L84, F|100/100\n|-ability|p1a: Arcanine|Intimidate|boost\n|-unboost|p2a: Kingdra|atk|1\n|move|p2a: Kingdra|Outrage|p1a: Arcanine\n|-damage|p1a: Arcanine|71/100\n|\n|upkeep\n|turn|6\n|inactive|Time left: 300 sec this turn | 300 sec total\n|\n|t:|1783543839\n|switch|p1a: Chesnaught|Chesnaught, L84, M|100/100\n|-damage|p1a: Chesnaught|95/100|[from] Stealth Rock\n|move|p2a: Kingdra|Outrage|p1a: Chesnaught|[from] lockedmove\n|-damage|p1a: Chesnaught|73/100\n|-damage|p2a: Kingdra|220/263|[from] item: Rocky Helmet|[of] p1a: Chesnaught\n|-start|p2a: Kingdra|confusion|[fatigue]\n|-enditem|p2a: Kingdra|Lum Berry|[eat]\n|-end|p2a: Kingdra|confusion\n|\n|upkeep\n|turn|7\n|inactive|Time left: 300 sec this turn | 300 sec total\n|\n|t:|1783543840\n|switch|p2a: Espathra|Espathra, L80, F|283/283\n|move|p1a: Chesnaught|Wood Hammer|p2a: Espathra\n|-damage|p2a: Espathra|93/283\n|-damage|p1a: Chesnaught|51/100|[from] Recoil\n|\n|-heal|p2a: Espathra|110/283|[from] item: Leftovers\n|upkeep\n|turn|8\n|inactive|Time left: 300 sec this turn | 300 sec total\n|\n|t:|1783543841\n|move|p2a: Espathra|Roost|p2a: Espathra\n|-heal|p2a: Espathra|252/283\n|-singleturn|p2a: Espathra|move: Roost\n|move|p1a: Chesnaught|Wood Hammer|p2a: Espathra\n|-damage|p2a: Espathra|56/283\n|-damage|p1a: Chesnaught|29/100|[from] Recoil\n|\n|-heal|p2a: Espathra|73/283|[from] item: Leftovers\n|-ability|p2a: Espathra|Speed Boost|boost\n|-boost|p2a: Espathra|spe|1\n|upkeep\n|turn|9\n|inactive|Time left: 300 sec this turn | 300 sec total\n|\n|t:|1783543842\n|switch|p1a: Squawkabilly|Squawkabilly-Yellow, L89, M|100/100\n|move|p2a: Espathra|Roost|p2a: Espathra\n|-heal|p2a: Espathra|215/283\n|-singleturn|p2a: Espathra|move: Roost\n|\n|-heal|p2a: Espathra|232/283|[from] item: Leftovers\n|-ability|p2a: Espathra|Speed Boost|boost\n|-boost|p2a: Espathra|spe|1\n|upkeep\n|turn|10\n|inactive|Time left: 300 sec this turn | 300 sec total\n|\n|t:|1783543842\n|move|p2a: Espathra|Stored Power|p1a: Squawkabilly\n|-damage|p1a: Squawkabilly|73/100\n|move|p1a: Squawkabilly|Double-Edge|p2a: Espathra\n|-damage|p2a: Espathra|0 fnt\n|faint|p2a: Espathra\n|-damage|p1a: Squawkabilly|46/100|[from] Recoil\n|\n|upkeep\n|inactive|Time left: 300 sec this turn | 300 sec total | 5 sec grace\n|\n|t:|1783543843\n|switch|p2a: Porygon2|Porygon2, L81|270/270\n|-ability|p2a: Porygon2|Download|boost\n|-boost|p2a: Porygon2|spa|1\n|turn|11\n|inactive|Time left: 300 sec this turn | 300 sec total\n|\n|t:|1783543844\n|move|p1a: Squawkabilly|Parting Shot|p2a: Porygon2\n|-unboost|p2a: Porygon2|atk|1\n|-unboost|p2a: Porygon2|spa|1\n|\n|t:|1783543845\n|switch|p1a: Arcanine|Arcanine, L84, F|71/100|[from] Parting Shot\n|-ability|p1a: Arcanine|Intimidate|boost\n|-unboost|p2a: Porygon2|atk|1\n|move|p2a: Porygon2|Tera Blast|p1a: Arcanine\n|-damage|p1a: Arcanine|41/100\n|\n|upkeep\n|turn|12\n|inactive|Time left: 300 sec this turn | 300 sec total\n|\n|t:|1783543846\n|switch|p2a: Kingdra|Kingdra, L84, F|220/263\n|move|p1a: Arcanine|Morning Sun|p1a: Arcanine\n|-heal|p1a: Arcanine|91/100\n|\n|upkeep\n|turn|13\n|inactive|Time left: 300 sec this turn | 300 sec total\n|\n|t:|1783543847\n|move|p1a: Arcanine|Flare Blitz|p2a: Kingdra\n|-resisted|p2a: Kingdra\n|-damage|p2a: Kingdra|186/263\n|-damage|p1a: Arcanine|87/100|[from] Recoil\n|move|p2a: Kingdra|Dragon Dance|p2a: Kingdra\n|-boost|p2a: Kingdra|atk|1\n|-boost|p2a: Kingdra|spe|1\n|\n|upkeep\n|turn|14\n|inactive|Time left: 300 sec this turn | 300 sec total\n|\n|t:|1783543848\n|switch|p1a: Chesnaught|Chesnaught, L84, M|29/100\n|-damage|p1a: Chesnaught|23/100|[from] Stealth Rock\n|move|p2a: Kingdra|Outrage|p1a: Chesnaught\n|-damage|p1a: Chesnaught|0 fnt\n|-damage|p2a: Kingdra|143/263|[from] item: Rocky Helmet|[of] p1a: Chesnaught\n|faint|p1a: Chesnaught\n|\n|upkeep\n|\n|t:|1783543849\n|switch|p1a: Vileplume|Vileplume, L85, F|100/100\n|-damage|p1a: Vileplume|88/100|[from] Stealth Rock\n|turn|15\n|inactive|Time left: 300 sec this turn | 300 sec total\n|\n|t:|1783543850\n|move|p2a: Kingdra|Outrage|p1a: Vileplume|[from] lockedmove\n|-damage|p1a: Vileplume|17/100\n|-start|p2a: Kingdra|confusion|[fatigue]\n|move|p1a: Vileplume|Strength Sap|p2a: Kingdra\n|-unboost|p2a: Kingdra|atk|1\n|-heal|p1a: Vileplume|100/100\n|\n|upkeep\n|turn|16\n|inactive|Time left: 300 sec this turn | 300 sec total\n|\n|t:|1783543851\n|switch|p2a: Porygon2|Porygon2, L81|270/270\n|-ability|p2a: Porygon2|Download|boost\n|-boost|p2a: Porygon2|atk|1\n|move|p1a: Vileplume|Sludge Bomb|p2a: Porygon2\n|-damage|p2a: Porygon2|198/270\n|-status|p2a: Porygon2|psn\n|\n|-damage|p2a: Porygon2|165/270 psn|[from] psn\n|upkeep\n|turn|17\n|inactive|Time left: 300 sec this turn | 300 sec total\n|\n|t:|1783543852\n|move|p2a: Porygon2|Thunder Wave|p1a: Vileplume|[miss]\n|-miss|p2a: Porygon2|p1a: Vileplume\n|move|p1a: Vileplume|Sludge Bomb|p2a: Porygon2\n|-damage|p2a: Porygon2|93/270 psn\n|\n|-damage|p2a: Porygon2|60/270 psn|[from] psn\n|upkeep\n|turn|18\n|inactive|Time left: 300 sec this turn | 300 sec total\n|\n|t:|1783543853\n|move|p2a: Porygon2|Recover|p2a: Porygon2\n|-heal|p2a: Porygon2|195/270 psn\n|move|p1a: Vileplume|Sludge Bomb|p2a: Porygon2\n|-damage|p2a: Porygon2|126/270 psn\n|\n|-damage|p2a: Porygon2|93/270 psn|[from] psn\n|upkeep\n|turn|19\n|inactive|Time left: 300 sec this turn | 300 sec total\n|\n|t:|1783543854\n|move|p2a: Porygon2|Recover|p2a: Porygon2\n|-heal|p2a: Porygon2|228/270 psn\n|move|p1a: Vileplume|Sludge Bomb|p2a: Porygon2\n|-damage|p2a: Porygon2|150/270 psn\n|\n|-damage|p2a: Porygon2|117/270 psn|[from] psn\n|upkeep\n|turn|20\n|inactive|Time left: 300 sec this turn | 300 sec total\n|\n|t:|1783543855\n|move|p2a: Porygon2|Recover|p2a: Porygon2\n|-heal|p2a: Porygon2|252/270 psn\n|move|p1a: Vileplume|Sludge Bomb|p2a: Porygon2\n|-damage|p2a: Porygon2|183/270 psn\n|\n|-damage|p2a: Porygon2|150/270 psn|[from] psn\n|upkeep\n|turn|21\n|inactive|Time left: 300 sec this turn | 300 sec total\n|\n|t:|1783543856\n|move|p2a: Porygon2|Recover|p2a: Porygon2\n|-heal|p2a: Porygon2|270/270 psn\n|move|p1a: Vileplume|Sludge Bomb|p2a: Porygon2\n|-damage|p2a: Porygon2|204/270 psn\n|\n|-damage|p2a: Porygon2|171/270 psn|[from] psn\n|upkeep\n|turn|22\n|inactive|Time left: 300 sec this turn | 300 sec total\n|\n|t:|1783543857\n|move|p2a: Porygon2|Recover|p2a: Porygon2\n|-heal|p2a: Porygon2|270/270 psn\n|move|p1a: Vileplume|Sludge Bomb|p2a: Porygon2\n|-damage|p2a: Porygon2|204/270 psn\n|\n|-damage|p2a: Porygon2|171/270 psn|[from] psn\n|upkeep\n|turn|23\n|inactive|Time left: 300 sec this turn | 300 sec total\n|\n|t:|1783543858\n|move|p2a: Porygon2|Recover|p2a: Porygon2\n|-heal|p2a: Porygon2|270/270 psn\n|move|p1a: Vileplume|Strength Sap|p2a: Porygon2\n|-unboost|p2a: Porygon2|atk|1\n|\n|-damage|p2a: Porygon2|237/270 psn|[from] psn\n|upkeep\n|turn|24\n|inactive|Time left: 300 sec this turn | 300 sec total\n|\n|t:|1783543859\n|move|p2a: Porygon2|Thunder Wave|p1a: Vileplume\n|-status|p1a: Vileplume|par\n|move|p1a: Vileplume|Sludge Bomb|p2a: Porygon2\n|-damage|p2a: Porygon2|162/270 psn\n|\n|-damage|p2a: Porygon2|129/270 psn|[from] psn\n|upkeep\n|turn|25\n|inactive|Time left: 300 sec this turn | 300 sec total\n|\n|t:|1783543861\n|move|p2a: Porygon2|Recover|p2a: Porygon2\n|-heal|p2a: Porygon2|264/270 psn\n|move|p1a: Vileplume|Sludge Bomb|p2a: Porygon2\n|-crit|p2a: Porygon2\n|-damage|p2a: Porygon2|165/270 psn\n|\n|-damage|p2a: Porygon2|132/270 psn|[from] psn\n|upkeep\n|turn|26\n|inactive|Time left: 300 sec this turn | 300 sec total\n|\n|t:|1783543862\n|move|p2a: Porygon2|Recover|p2a: Porygon2\n|-heal|p2a: Porygon2|267/270 psn\n|move|p1a: Vileplume|Sludge Bomb|p2a: Porygon2\n|-damage|p2a: Porygon2|201/270 psn\n|\n|-damage|p2a: Porygon2|168/270 psn|[from] psn\n|upkeep\n|turn|27\n|inactive|Time left: 300 sec this turn | 300 sec total\n|\n|t:|1783543863\n|switch|p2a: Kingdra|Kingdra, L84, F|143/263\n|move|p1a: Vileplume|Sludge Bomb|p2a: Kingdra\n|-damage|p2a: Kingdra|41/263\n|\n|upkeep\n|turn|28\n|inactive|Time left: 300 sec this turn | 300 sec total\n|\n|t:|1783543864\n|move|p2a: Kingdra|Outrage|p1a: Vileplume\n|-damage|p1a: Vileplume|55/100 par\n|cant|p1a: Vileplume|par\n|\n|-heal|p1a: Vileplume|61/100 par|[from] item: Leftovers\n|upkeep\n|turn|29\n|inactive|Time left: 300 sec this turn | 300 sec total\n|\n|t:|1783543865\n|move|p2a: Kingdra|Outrage|p1a: Vileplume|[from] lockedmove\n|-damage|p1a: Vileplume|11/100 par\n|-status|p2a: Kingdra|slp|[from] ability: Effect Spore|[of] p1a: Vileplume\n|move|p1a: Vileplume|Strength Sap|p2a: Kingdra\n|-unboost|p2a: Kingdra|atk|1\n|-heal|p1a: Vileplume|90/100 par\n|\n|-heal|p1a: Vileplume|96/100 par|[from] item: Leftovers\n|upkeep\n|turn|30\n|inactive|Time left: 300 sec this turn | 300 sec total\n|\n|t:|1783543866\n|cant|p2a: Kingdra|slp\n|move|p1a: Vileplume|Giga Drain|p2a: Kingdra\n|-damage|p2a: Kingdra|0 fnt\n|-heal|p1a: Vileplume|100/100 par|[from] drain|[of] p2a: Kingdra\n|faint|p2a: Kingdra\n|\n|upkeep\n|inactive|Time left: 300 sec this turn | 300 sec total | 5 sec grace\n|\n|t:|1783543867\n|switch|p2a: Jumpluff|Jumpluff, L87, M|271/271\n|turn|31\n|inactive|Time left: 300 sec this turn | 300 sec total\n|\n|t:|1783543868\n|move|p2a: Jumpluff|Acrobatics|p1a: Vileplume\n|-supereffective|p1a: Vileplume\n|-damage|p1a: Vileplume|32/100 par\n|move|p1a: Vileplume|Strength Sap|p2a: Jumpluff\n|-unboost|p2a: Jumpluff|atk|1\n|-heal|p1a: Vileplume|87/100 par\n|\n|-heal|p1a: Vileplume|93/100 par|[from] item: Leftovers\n|upkeep\n|turn|32\n|inactive|Time left: 300 sec this turn | 300 sec total\n|\n|t:|1783543869\n|switch|p2a: Porygon2|Porygon2, L81|168/270 psn\n|-ability|p2a: Porygon2|Download|boost\n|-boost|p2a: Porygon2|atk|1\n|move|p1a: Vileplume|Sludge Bomb|p2a: Porygon2\n|-damage|p2a: Porygon2|93/270 psn\n|\n|-heal|p1a: Vileplume|99/100 par|[from] item: Leftovers\n|-damage|p2a: Porygon2|60/270 psn|[from] psn\n|upkeep\n|turn|33\n|inactive|Time left: 300 sec this turn | 300 sec total\n|\n|t:|1783543870\n|switch|p2a: Jumpluff|Jumpluff, L87, M|271/271\n|cant|p1a: Vileplume|par\n|\n|-heal|p1a: Vileplume|100/100 par|[from] item: Leftovers\n|upkeep\n|turn|34\n|inactive|Time left: 300 sec this turn | 300 sec total\n|\n|t:|1783543871\n|move|p2a: Jumpluff|Acrobatics|p1a: Vileplume\n|-supereffective|p1a: Vileplume\n|-damage|p1a: Vileplume|32/100 par\n|move|p1a: Vileplume|Strength Sap|p2a: Jumpluff\n|-unboost|p2a: Jumpluff|atk|1\n|-heal|p1a: Vileplume|87/100 par\n|\n|-heal|p1a: Vileplume|93/100 par|[from] item: Leftovers\n|upkeep\n|turn|35\n|inactive|Time left: 300 sec this turn | 300 sec total\n|\n|t:|1783543872\n|switch|p2a: Infernape|Infernape, L82, M|259/259\n|move|p1a: Vileplume|Sludge Bomb|p2a: Infernape\n|-damage|p2a: Infernape|135/259\n|\n|-heal|p1a: Vileplume|99/100 par|[from] item: Leftovers\n|upkeep\n|turn|36\n|inactive|Time left: 300 sec this turn | 300 sec total\n|\n|t:|1783543874\n|switch|p1a: Arcanine|Arcanine, L84, F|87/100\n|-ability|p1a: Arcanine|Intimidate|boost\n|-unboost|p2a: Infernape|atk|1\n|move|p2a: Infernape|Overheat|p1a: Arcanine\n|-resisted|p1a: Arcanine\n|-damage|p1a: Arcanine|56/100\n|-unboost|p2a: Infernape|spa|2\n|-damage|p2a: Infernape|110/259|[from] item: Life Orb\n|\n|upkeep\n|turn|37\n|inactive|Time left: 300 sec this turn | 300 sec total\n|\n|t:|1783543875\n|move|p2a: Infernape|Knock Off|p1a: Arcanine\n|-crit|p1a: Arcanine\n|-damage|p1a: Arcanine|6/100\n|-enditem|p1a: Arcanine|Heavy-Duty Boots|[from] move: Knock Off|[of] p2a: Infernape\n|-damage|p2a: Infernape|85/259|[from] item: Life Orb\n|move|p1a: Arcanine|Morning Sun|p1a: Arcanine\n|-heal|p1a: Arcanine|56/100\n|\n|upkeep\n|turn|38\n|inactive|Time left: 300 sec this turn | 300 sec total\n|\n|t:|1783543876\n|switch|p2a: Jumpluff|Jumpluff, L87, M|271/271\n|move|p1a: Arcanine|Morning Sun|p1a: Arcanine\n|-heal|p1a: Arcanine|100/100\n|\n|upkeep\n|turn|39\n|inactive|Time left: 300 sec this turn | 300 sec total\n|\n|t:|1783543877\n|move|p2a: Jumpluff|Encore|p1a: Arcanine\n|-start|p1a: Arcanine|Encore\n|move|p1a: Arcanine|Morning Sun|p1a: Arcanine\n|-fail|p1a: Arcanine|heal\n|\n|upkeep\n|turn|40\n|inactive|Time left: 300 sec this turn | 300 sec total\n|\n|t:|1783543878\n|move|p2a: Jumpluff|Acrobatics|p1a: Arcanine\n|-crit|p1a: Arcanine\n|-damage|p1a: Arcanine|50/100\n|move|p1a: Arcanine|Morning Sun|p1a: Arcanine\n|-heal|p1a: Arcanine|100/100\n|\n|upkeep\n|turn|41\n|inactive|Time left: 300 sec this turn | 300 sec total\n|\n|t:|1783543880\n|switch|p1a: Toxtricity|Toxtricity, L82, F|100/100\n|-damage|p1a: Toxtricity|88/100|[from] Stealth Rock\n|move|p2a: Jumpluff|Acrobatics|p1a: Toxtricity\n|-resisted|p1a: Toxtricity\n|-crit|p1a: Toxtricity\n|-damage|p1a: Toxtricity|58/100\n|\n|upkeep\n|turn|42\n|inactive|Time left: 300 sec this turn | 300 sec total\n|\n|t:|1783543881\n|move|p1a: Toxtricity|Sludge Wave|p2a: Jumpluff\n|-supereffective|p2a: Jumpluff\n|-damage|p2a: Jumpluff|79/271\n|move|p2a: Jumpluff|Sleep Powder|p1a: Toxtricity\n|-status|p1a: Toxtricity|slp|[from] move: Sleep Powder\n|\n|upkeep\n|turn|43\n|inactive|Time left: 300 sec this turn | 300 sec total\n|\n|t:|1783543882\n|cant|p1a: Toxtricity|slp\n|move|p2a: Jumpluff|Strength Sap|p1a: Toxtricity\n|-unboost|p1a: Toxtricity|atk|1\n|-heal|p2a: Jumpluff|244/271\n|\n|upkeep\n|turn|44\n|inactive|Time left: 300 sec this turn | 300 sec total\n|\n|t:|1783543883\n|cant|p1a: Toxtricity|slp\n|move|p2a: Jumpluff|Acrobatics|p1a: Toxtricity\n|-resisted|p1a: Toxtricity\n|-damage|p1a: Toxtricity|37/100 slp\n|\n|upkeep\n|turn|45\n|inactive|Time left: 300 sec this turn | 300 sec total\n|\n|t:|1783543884\n|-curestatus|p1a: Toxtricity|slp|[msg]\n|move|p1a: Toxtricity|Sludge Wave|p2a: Jumpluff\n|-supereffective|p2a: Jumpluff\n|-damage|p2a: Jumpluff|44/271\n|move|p2a: Jumpluff|Acrobatics|p1a: Toxtricity\n|-resisted|p1a: Toxtricity\n|-damage|p1a: Toxtricity|19/100\n|\n|upkeep\n|turn|46\n|inactive|Time left: 300 sec this turn | 300 sec total\n|\n|t:|1783543885\n|-terastallize|p2a: Jumpluff|Steel\n|move|p1a: Toxtricity|Sludge Wave|p2a: Jumpluff\n|-immune|p2a: Jumpluff\n|move|p2a: Jumpluff|Strength Sap|p1a: Toxtricity\n|-unboost|p1a: Toxtricity|atk|1\n|-heal|p2a: Jumpluff|154/271\n|\n|upkeep\n|turn|47\n|inactive|Time left: 300 sec this turn | 300 sec total\n|\n|t:|1783543886\n|switch|p1a: Arcanine|Arcanine, L84, F|100/100\n|-damage|p1a: Arcanine|75/100|[from] Stealth Rock\n|-ability|p1a: Arcanine|Intimidate|boost\n|-unboost|p2a: Jumpluff|atk|1\n|move|p2a: Jumpluff|Strength Sap|p1a: Arcanine\n|-unboost|p1a: Arcanine|atk|1\n|-heal|p2a: Jumpluff|271/271\n|\n|upkeep\n|turn|48\n|inactive|Time left: 300 sec this turn | 300 sec total\n|\n|t:|1783543887\n|move|p2a: Jumpluff|Acrobatics|p1a: Arcanine\n|-damage|p1a: Arcanine|55/100\n|move|p1a: Arcanine|Morning Sun|p1a: Arcanine\n|-heal|p1a: Arcanine|100/100\n|\n|upkeep\n|turn|49\n|inactive|Time left: 300 sec this turn | 300 sec total\n|\n|t:|1783543888\n|switch|p1a: Vileplume|Vileplume, L85, F|99/100 par\n|-damage|p1a: Vileplume|86/100 par|[from] Stealth Rock\n|move|p2a: Jumpluff|Acrobatics|p1a: Vileplume\n|-supereffective|p1a: Vileplume\n|-damage|p1a: Vileplume|43/100 par\n|\n|-heal|p1a: Vileplume|49/100 par|[from] item: Leftovers\n|upkeep\n|turn|50\n|inactive|Time left: 300 sec this turn | 300 sec total\n|\n|t:|1783543890\n|move|p2a: Jumpluff|Acrobatics|p1a: Vileplume\n|-supereffective|p1a: Vileplume\n|-damage|p1a: Vileplume|9/100 par\n|move|p1a: Vileplume|Strength Sap|p2a: Jumpluff\n|-unboost|p2a: Jumpluff|atk|1\n|-heal|p1a: Vileplume|45/100 par\n|\n|-heal|p1a: Vileplume|51/100 par|[from] item: Leftovers\n|upkeep\n|turn|51\n|inactive|Time left: 300 sec this turn | 300 sec total\n|\n|t:|1783543891\n|switch|p2a: Infernape|Infernape, L82, M|85/259\n|move|p1a: Vileplume|Strength Sap|p2a: Infernape\n|-unboost|p2a: Infernape|atk|1\n|-heal|p1a: Vileplume|100/100 par\n|\n|upkeep\n|turn|52\n|inactive|Time left: 300 sec this turn | 300 sec total\n|\n|t:|1783543892\n|move|p2a: Infernape|Overheat|p1a: Vileplume\n|-supereffective|p1a: Vileplume\n|-damage|p1a: Vileplume|0 fnt\n|-unboost|p2a: Infernape|spa|2\n|faint|p1a: Vileplume\n|-damage|p2a: Infernape|60/259|[from] item: Life Orb\n|\n|upkeep\n|\n|t:|1783543893\n|switch|p1a: Arcanine|Arcanine, L84, F|100/100\n|-damage|p1a: Arcanine|75/100|[from] Stealth Rock\n|-ability|p1a: Arcanine|Intimidate|boost\n|-unboost|p2a: Infernape|atk|1\n|turn|53\n|inactive|Time left: 300 sec this turn | 300 sec total\n|\n|t:|1783543894\n|move|p2a: Infernape|Overheat|p1a: Arcanine\n|-resisted|p1a: Arcanine\n|-damage|p1a: Arcanine|51/100\n|-unboost|p2a: Infernape|spa|2\n|-damage|p2a: Infernape|35/259|[from] item: Life Orb\n|move|p1a: Arcanine|Flare Blitz|p2a: Infernape\n|-resisted|p2a: Infernape\n|-damage|p2a: Infernape|0 fnt\n|faint|p2a: Infernape\n|-damage|p1a: Arcanine|47/100|[from] Recoil\n|\n|upkeep\n|inactive|Time left: 300 sec this turn | 300 sec total | 5 sec grace\n|\n|t:|1783543895\n|switch|p2a: Jumpluff|Jumpluff, L87, M, tera:Steel|271/271\n|turn|54\n|inactive|Time left: 300 sec this turn | 300 sec total\n|\n|t:|1783543896\n|move|p2a: Jumpluff|Strength Sap|p1a: Arcanine\n|-unboost|p1a: Arcanine|atk|1\n|move|p1a: Arcanine|Flare Blitz|p2a: Jumpluff\n|-supereffective|p2a: Jumpluff\n|-damage|p2a: Jumpluff|59/271\n|-status|p2a: Jumpluff|brn\n|-damage|p1a: Arcanine|23/100|[from] Recoil\n|\n|-damage|p2a: Jumpluff|43/271 brn|[from] brn\n|upkeep\n|turn|55\n|inactive|Time left: 300 sec this turn | 300 sec total\n|\n|t:|1783543897\n|move|p2a: Jumpluff|Sleep Powder|p1a: Arcanine|[miss]\n|-miss|p2a: Jumpluff|p1a: Arcanine\n|move|p1a: Arcanine|Flare Blitz|p2a: Jumpluff\n|-supereffective|p2a: Jumpluff\n|-damage|p2a: Jumpluff|0 fnt\n|faint|p2a: Jumpluff\n|-damage|p1a: Arcanine|18/100|[from] Recoil\n|\n|upkeep\n|inactive|Time left: 300 sec this turn | 300 sec total | 5 sec grace\n|\n|t:|1783543898\n|switch|p2a: Porygon2|Porygon2, L81|60/270 psn\n|-ability|p2a: Porygon2|Download|boost\n|-boost|p2a: Porygon2|spa|1\n|turn|56\n|inactive|Time left: 300 sec this turn | 300 sec total\n|\n|t:|1783543898\n|move|p1a: Arcanine|Close Combat|p2a: Porygon2\n|-supereffective|p2a: Porygon2\n|-damage|p2a: Porygon2|0 fnt\n|-unboost|p1a: Arcanine|def|1\n|-unboost|p1a: Arcanine|spd|1\n|faint|p2a: Porygon2\n|\n|win|p0x3607c0a", "uploadtime": 1783543898, "views": 0, "rating": 0, "private": 0, "password": null, "_winner": "p0x3607c0a", "_our_name": "p0y360abd9"}