{"id": "battle-gen9randombattle-2096", "formatid": "gen9randombattle", "format": "[Gen 9] Random Battle", "players": ["p0x20961ea3", "p0y20968a18"], "log": "|init|battle\n|title|p0x20961ea3 vs. p0y20968a18\n|j|\u2606p0x20961ea3\n|j|\u2606p0y20968a18\n|t:|1783564267\n|gametype|singles\n|player|p1|p0x20961ea3|2|\n|player|p2|p0y20968a18|1|\n|gen|9\n|tier|[Gen 9] Random Battle\n|rule|Species Clause: Limit one of each Pok\u00e9mon\n|rule|HP Percentage Mod: HP is shown in percentages\n|rule|Sleep Clause Mod: Limit one foe put to sleep\n|rule|Illusion Level Mod: Illusion disguises the Pok\u00e9mon's true level\n|\n|t:|1783564267\n|teamsize|p1|6\n|teamsize|p2|6\n|start\n|switch|p1a: Magnezone|Magnezone, L85|100/100\n|switch|p2a: Glaceon|Glaceon, L94, F|275/275\n|turn|1\n|inactive|Battle timer is ON: inactive players will automatically lose when time's up. (requested by p0x20961ea3)\n|inactive|Time left: 300 sec this turn | 300 sec total | 60 sec grace\n|inactive|p0y20968a18 also wants the timer to be on.\n|\n|t:|1783564268\n|move|p2a: Glaceon|Calm Mind|p2a: Glaceon\n|-boost|p2a: Glaceon|spa|1\n|-boost|p2a: Glaceon|spd|1\n|move|p1a: Magnezone|Flash Cannon|p2a: Glaceon\n|-supereffective|p2a: Glaceon\n|-damage|p2a: Glaceon|119/275\n|\n|upkeep\n|turn|2\n|inactive|Time left: 300 sec this turn | 300 sec total\n|\n|t:|1783564269\n|move|p2a: Glaceon|Freeze-Dry|p1a: Magnezone\n|-resisted|p1a: Magnezone\n|-damage|p1a: Magnezone|78/100\n|move|p1a: Magnezone|Flash Cannon|p2a: Glaceon\n|-supereffective|p2a: Glaceon\n|-damage|p2a: Glaceon|0 fnt\n|faint|p2a: Glaceon\n|\n|upkeep\n|inactive|Time left: 300 sec this turn | 300 sec total | 5 sec grace\n|\n|t:|1783564270\n|switch|p2a: Golem|Golem-Alola, L93, M|300/300\n|turn|3\n|inactive|Time left: 300 sec this turn | 300 sec total\n|\n|t:|1783564271\n|move|p1a: Magnezone|Flash Cannon|p2a: Golem\n|-damage|p2a: Golem|167/300\n|move|p2a: Golem|Earthquake|p1a: Magnezone\n|-supereffective|p1a: Magnezone\n|-damage|p1a: Magnezone|0 fnt\n|faint|p1a: Magnezone\n|\n|upkeep\n|\n|t:|1783564272\n|switch|p1a: Spidops|Spidops, L96, M|100/100\n|turn|4\n|inactive|Time left: 300 sec this turn | 300 sec total\n|\n|t:|1783564273\n|move|p2a: Golem|Earthquake|p1a: Spidops\n|-resisted|p1a: Spidops\n|-damage|p1a: Spidops|78/100\n|move|p1a: Spidops|Sticky Web|p2a: Golem\n|-sidestart|p2: p0y20968a18|move: Sticky Web\n|\n|upkeep\n|turn|5\n|inactive|Time left: 300 sec this turn | 300 sec total\n|\n|t:|1783564274\n|move|p2a: Golem|Earthquake|p1a: Spidops\n|-resisted|p1a: Spidops\n|-crit|p1a: Spidops\n|-damage|p1a: Spidops|40/100\n|move|p1a: Spidops|Knock Off|p2a: Golem\n|-damage|p2a: Golem|119/300\n|-enditem|p2a: Golem|Choice Band|[from] move: Knock Off|[of] p1a: Spidops\n|\n|upkeep\n|turn|6\n|inactive|Time left: 300 sec this turn | 300 sec total\n|\n|t:|1783564275\n|switch|p1a: Regidrago|Regidrago, L77|100/100\n|move|p2a: Golem|Stone Edge|p1a: Regidrago\n|-damage|p1a: Regidrago|48/100\n|\n|upkeep\n|turn|7\n|inactive|Time left: 300 sec this turn | 300 sec total\n|\n|t:|1783564277\n|-terastallize|p1a: Regidrago|Dragon\n|move|p1a: Regidrago|Outrage|p2a: Golem\n|-damage|p2a: Golem|0 fnt\n|faint|p2a: Golem\n|\n|upkeep\n|inactive|Time left: 300 sec this turn | 300 sec total | 5 sec grace\n|\n|t:|1783564278\n|switch|p2a: Hydreigon|Hydreigon, L79, M|275/275\n|turn|8\n|inactive|Time left: 300 sec this turn | 300 sec total\n|\n|t:|1783564279\n|switch|p2a: Hippowdon|Hippowdon, L82, F|311/311\n|-activate|p2a: Hippowdon|move: Sticky Web\n|-unboost|p2a: Hippowdon|spe|1\n|-weather|Sandstorm|[from] ability: Sand Stream|[of] p2a: Hippowdon\n|move|p1a: Regidrago|Outrage|p2a: Hippowdon|[from] lockedmove\n|-damage|p2a: Hippowdon|137/311\n|-damage|p1a: Regidrago|31/100|[from] item: Rocky Helmet|[of] p2a: Hippowdon\n|-start|p1a: Regidrago|confusion|[fatigue]\n|-enditem|p1a: Regidrago|Lum Berry|[eat]\n|-end|p1a: Regidrago|confusion\n|\n|-weather|Sandstorm|[upkeep]\n|-damage|p1a: Regidrago|25/100|[from] Sandstorm\n|upkeep\n|turn|9\n|inactive|Time left: 300 sec this turn | 300 sec total\n|\n|t:|1783564280\n|-terastallize|p2a: Hippowdon|Steel\n|move|p1a: Regidrago|Outrage|p2a: Hippowdon\n|-resisted|p2a: Hippowdon\n|-damage|p2a: Hippowdon|41/311\n|-damage|p1a: Regidrago|9/100|[from] item: Rocky Helmet|[of] p2a: Hippowdon\n|move|p2a: Hippowdon|Slack Off|p2a: Hippowdon\n|-heal|p2a: Hippowdon|197/311\n|\n|-weather|Sandstorm|[upkeep]\n|-damage|p1a: Regidrago|2/100|[from] Sandstorm\n|upkeep\n|turn|10\n|inactive|Time left: 300 sec this turn | 300 sec total\n|\n|t:|1783564281\n|move|p1a: Regidrago|Outrage|p2a: Hippowdon|[from] lockedmove\n|-resisted|p2a: Hippowdon\n|-damage|p2a: Hippowdon|111/311\n|-damage|p1a: Regidrago|0 fnt|[from] item: Rocky Helmet|[of] p2a: Hippowdon\n|faint|p1a: Regidrago\n|move|p2a: Hippowdon|Slack Off|p2a: Hippowdon\n|-heal|p2a: Hippowdon|267/311\n|\n|-weather|Sandstorm|[upkeep]\n|upkeep\n|\n|t:|1783564282\n|switch|p1a: Manaphy|Manaphy, L78|100/100\n|turn|11\n|inactive|Time left: 300 sec this turn | 300 sec total\n|\n|t:|1783564283\n|move|p1a: Manaphy|Tail Glow|p1a: Manaphy\n|-boost|p1a: Manaphy|spa|3\n|move|p2a: Hippowdon|Whirlwind|p1a: Manaphy\n|drag|p1a: Komala|Komala, L87, M|100/100\n|-ability|p1a: Komala|Comatose\n|\n|-weather|Sandstorm|[upkeep]\n|-damage|p1a: Komala|95/100|[from] Sandstorm\n|upkeep\n|turn|12\n|inactive|Time left: 300 sec this turn | 300 sec total\n|\n|t:|1783564284\n|move|p1a: Komala|Earthquake|p2a: Hippowdon\n|-supereffective|p2a: Hippowdon\n|-damage|p2a: Hippowdon|119/311\n|move|p2a: Hippowdon|Earthquake|p1a: Komala\n|-damage|p1a: Komala|43/100\n|\n|-weather|none\n|upkeep\n|turn|13\n|inactive|Time left: 300 sec this turn | 300 sec total\n|\n|t:|1783564285\n|switch|p2a: Hydreigon|Hydreigon, L79, M|275/275\n|move|p1a: Komala|Earthquake|p2a: Hydreigon\n|-immune|p2a: Hydreigon|[from] ability: Levitate\n|\n|upkeep\n|turn|14\n|inactive|Time left: 300 sec this turn | 300 sec total\n|\n|t:|1783564286\n|move|p2a: Hydreigon|Draco Meteor|p1a: Komala\n|-damage|p1a: Komala|0 fnt\n|-unboost|p2a: Hydreigon|spa|2\n|faint|p1a: Komala\n|\n|upkeep\n|\n|t:|1783564287\n|switch|p1a: Manaphy|Manaphy, L78|100/100\n|turn|15\n|inactive|Time left: 300 sec this turn | 300 sec total\n|\n|t:|1783564288\n|move|p1a: Manaphy|Tail Glow|p1a: Manaphy\n|-boost|p1a: Manaphy|spa|3\n|move|p2a: Hydreigon|Draco Meteor|p1a: Manaphy\n|-crit|p1a: Manaphy\n|-damage|p1a: Manaphy|0 fnt\n|-unboost|p2a: Hydreigon|spa|2\n|faint|p1a: Manaphy\n|\n|upkeep\n|\n|t:|1783564290\n|switch|p1a: Ogerpon|Ogerpon-Cornerstone, L76, F|100/100\n|turn|16\n|inactive|Time left: 300 sec this turn | 300 sec total\n|\n|t:|1783564291\n|switch|p2a: Hippowdon|Hippowdon, L82, F, tera:Steel|119/311\n|-activate|p2a: Hippowdon|move: Sticky Web\n|-unboost|p2a: Hippowdon|spe|1\n|-weather|Sandstorm|[from] ability: Sand Stream|[of] p2a: Hippowdon\n|move|p1a: Ogerpon|Swords Dance|p1a: Ogerpon\n|-boost|p1a: Ogerpon|atk|2\n|\n|-weather|Sandstorm|[upkeep]\n|upkeep\n|turn|17\n|inactive|Time left: 300 sec this turn | 300 sec total\n|\n|t:|1783564292\n|move|p1a: Ogerpon|Superpower|p2a: Hippowdon\n|-supereffective|p2a: Hippowdon\n|-damage|p2a: Hippowdon|0 fnt\n|-unboost|p1a: Ogerpon|atk|1\n|-unboost|p1a: Ogerpon|def|1\n|-damage|p1a: Ogerpon|84/100|[from] item: Rocky Helmet|[of] p2a: Hippowdon\n|faint|p2a: Hippowdon\n|\n|-weather|Sandstorm|[upkeep]\n|upkeep\n|inactive|Time left: 300 sec this turn | 300 sec total | 5 sec grace\n|\n|t:|1783564293\n|switch|p2a: Haxorus|Haxorus, L77, M|244/244\n|-activate|p2a: Haxorus|move: Sticky Web\n|-unboost|p2a: Haxorus|spe|1\n|-ability|p2a: Haxorus|Mold Breaker\n|turn|18\n|inactive|Time left: 300 sec this turn | 300 sec total\n|\n|t:|1783564294\n|move|p1a: Ogerpon|Ivy Cudgel|p2a: Haxorus|[anim] Ivy Cudgel Rock\n|-damage|p2a: Haxorus|28/244\n|move|p2a: Haxorus|Iron Head|p1a: Ogerpon\n|-supereffective|p1a: Ogerpon\n|-damage|p1a: Ogerpon|0 fnt\n|faint|p1a: Ogerpon\n|\n|-weather|Sandstorm|[upkeep]\n|-damage|p2a: Haxorus|13/244|[from] Sandstorm\n|upkeep\n|\n|t:|1783564295\n|switch|p1a: Spidops|Spidops, L96, M|40/100\n|turn|19\n|inactive|Time left: 300 sec this turn | 300 sec total\n|\n|t:|1783564295\n|move|p2a: Haxorus|Scale Shot|p1a: Spidops\n|-damage|p1a: Spidops|29/100\n|-damage|p1a: Spidops|19/100\n|-damage|p1a: Spidops|9/100\n|-damage|p1a: Spidops|0 fnt\n|faint|p1a: Spidops\n|-hitcount|p1: Spidops|4\n|\n|win|p0y20968a18", "uploadtime": 1783564295, "views": 0, "rating": 0, "private": 0, "password": null, "_winner": "p0y20968a18", "_our_name": "p0y20968a18"}