{"id": "battle-gen9randombattle-1813", "formatid": "gen9randombattle", "format": "[Gen 9] Random Battle", "players": ["p0x181356b5", "p0y1813568a"], "log": "|init|battle\n|title|p0x181356b5 vs. p0y1813568a\n|j|\u2606p0x181356b5\n|j|\u2606p0y1813568a\n|t:|1783561011\n|gametype|singles\n|player|p1|p0x181356b5|169|\n|player|p2|p0y1813568a|169|\n|gen|9\n|tier|[Gen 9] Random Battle\n|rule|Species Clause: Limit one of each Pok\u00e9mon\n|rule|HP Percentage Mod: HP is shown in percentages\n|rule|Sleep Clause Mod: Limit one foe put to sleep\n|rule|Illusion Level Mod: Illusion disguises the Pok\u00e9mon's true level\n|\n|t:|1783561011\n|teamsize|p1|6\n|teamsize|p2|6\n|start\n|switch|p1a: Duraludon|Duraludon, L82, F|249/249\n|switch|p2a: Ogerpon|Ogerpon, L80, F|100/100\n|turn|1\n|inactive|Battle timer is ON: inactive players will automatically lose when time's up. (requested by p0x181356b5)\n|inactive|p0y1813568a also wants the timer to be on.\n|\n|t:|1783561013\n|move|p2a: Ogerpon|Swords Dance|p2a: Ogerpon\n|-boost|p2a: Ogerpon|atk|2\n|move|p1a: Duraludon|Body Press|p2a: Ogerpon\n|-damage|p2a: Ogerpon|77/100\n|\n|upkeep\n|turn|2\n|inactive|Time left: 300 sec this turn | 300 sec total\n|\n|t:|1783561014\n|switch|p1a: Weezing|Weezing-Galar, L86, F|252/252\n|move|p2a: Ogerpon|Superpower|p1a: Weezing\n|-resisted|p1a: Weezing\n|-damage|p1a: Weezing|203/252\n|-unboost|p2a: Ogerpon|atk|1\n|-unboost|p2a: Ogerpon|def|1\n|-damage|p2a: Ogerpon|67/100|[from] item: Life Orb\n|\n|-heal|p1a: Weezing|218/252|[from] item: Leftovers\n|upkeep\n|turn|3\n|inactive|Time left: 300 sec this turn | 300 sec total\n|\n|t:|1783561015\n|move|p2a: Ogerpon|Ivy Cudgel|p1a: Weezing\n|-resisted|p1a: Weezing\n|-crit|p1a: Weezing\n|-damage|p1a: Weezing|93/252\n|-damage|p2a: Ogerpon|57/100|[from] item: Life Orb\n|move|p1a: Weezing|Gunk Shot|p2a: Ogerpon\n|-supereffective|p2a: Ogerpon\n|-damage|p2a: Ogerpon|0 fnt\n|faint|p2a: Ogerpon\n|\n|-heal|p1a: Weezing|108/252|[from] item: Leftovers\n|upkeep\n|\n|t:|1783561016\n|switch|p2a: Magmortar|Magmortar, L88, F|100/100\n|turn|4\n|inactive|Time left: 300 sec this turn | 300 sec total\n|\n|t:|1783561016\n|switch|p1a: Noctowl|Noctowl, L95, M|344/344\n|move|p2a: Magmortar|Fire Blast|p1a: Noctowl\n|-damage|p1a: Noctowl|211/344\n|-status|p1a: Noctowl|brn\n|\n|-damage|p1a: Noctowl|190/344 brn|[from] brn\n|upkeep\n|turn|5\n|inactive|Time left: 300 sec this turn | 300 sec total\n|\n|t:|1783561018\n|move|p2a: Magmortar|Knock Off|p1a: Noctowl\n|-damage|p1a: Noctowl|92/344 brn\n|-enditem|p1a: Noctowl|Heavy-Duty Boots|[from] move: Knock Off|[of] p2a: Magmortar\n|move|p1a: Noctowl|Roost|p1a: Noctowl\n|-heal|p1a: Noctowl|264/344 brn\n|-singleturn|p1a: Noctowl|move: Roost\n|\n|-damage|p1a: Noctowl|243/344 brn|[from] brn\n|upkeep\n|turn|6\n|inactive|Time left: 300 sec this turn | 300 sec total\n|\n|t:|1783561018\n|move|p2a: Magmortar|Thunderbolt|p1a: Noctowl\n|-supereffective|p1a: Noctowl\n|-damage|p1a: Noctowl|109/344 brn\n|move|p1a: Noctowl|Roost|p1a: Noctowl\n|-heal|p1a: Noctowl|281/344 brn\n|-singleturn|p1a: Noctowl|move: Roost\n|\n|-damage|p1a: Noctowl|260/344 brn|[from] brn\n|upkeep\n|turn|7\n|inactive|Time left: 300 sec this turn | 300 sec total\n|\n|t:|1783561019\n|move|p2a: Magmortar|Fire Blast|p1a: Noctowl\n|-damage|p1a: Noctowl|131/344 brn\n|move|p1a: Noctowl|Roost|p1a: Noctowl\n|-heal|p1a: Noctowl|303/344 brn\n|-singleturn|p1a: Noctowl|move: Roost\n|\n|-damage|p1a: Noctowl|282/344 brn|[from] brn\n|upkeep\n|turn|8\n|inactive|Time left: 300 sec this turn | 300 sec total\n|\n|t:|1783561020\n|move|p2a: Magmortar|Fire Blast|p1a: Noctowl\n|-damage|p1a: Noctowl|161/344 brn\n|move|p1a: Noctowl|Roost|p1a: Noctowl\n|-heal|p1a: Noctowl|333/344 brn\n|-singleturn|p1a: Noctowl|move: Roost\n|\n|-damage|p1a: Noctowl|312/344 brn|[from] brn\n|upkeep\n|turn|9\n|inactive|Time left: 300 sec this turn | 300 sec total\n|\n|t:|1783561021\n|move|p2a: Magmortar|Thunderbolt|p1a: Noctowl\n|-supereffective|p1a: Noctowl\n|-damage|p1a: Noctowl|160/344 brn\n|move|p1a: Noctowl|Calm Mind|p1a: Noctowl\n|-boost|p1a: Noctowl|spa|1\n|-boost|p1a: Noctowl|spd|1\n|\n|-damage|p1a: Noctowl|139/344 brn|[from] brn\n|upkeep\n|turn|10\n|inactive|Time left: 300 sec this turn | 300 sec total\n|\n|t:|1783561022\n|-terastallize|p2a: Magmortar|Electric\n|move|p2a: Magmortar|Thunderbolt|p1a: Noctowl\n|-supereffective|p1a: Noctowl\n|-damage|p1a: Noctowl|0 fnt\n|faint|p1a: Noctowl\n|\n|upkeep\n|inactive|Time left: 300 sec this turn | 300 sec total | 5 sec grace\n|\n|t:|1783561023\n|switch|p1a: Glastrier|Glastrier, L86|312/312\n|turn|11\n|inactive|Time left: 300 sec this turn | 300 sec total\n|\n|t:|1783561024\n|-terastallize|p1a: Glastrier|Ground\n|move|p2a: Magmortar|Fire Blast|p1a: Glastrier\n|-damage|p1a: Glastrier|179/312\n|move|p1a: Glastrier|High Horsepower|p2a: Magmortar\n|-supereffective|p2a: Magmortar\n|-damage|p2a: Magmortar|0 fnt\n|faint|p2a: Magmortar\n|-ability|p1a: Glastrier|Chilling Neigh|boost\n|-boost|p1a: Glastrier|atk|1\n|\n|upkeep\n|\n|t:|1783561024\n|switch|p2a: Vaporeon|Vaporeon, L86, F|100/100\n|turn|12\n|inactive|Time left: 300 sec this turn | 300 sec total\n|\n|t:|1783561025\n|move|p2a: Vaporeon|Scald|p1a: Glastrier\n|-supereffective|p1a: Glastrier\n|-damage|p1a: Glastrier|15/312\n|move|p1a: Glastrier|High Horsepower|p2a: Vaporeon\n|-crit|p2a: Vaporeon\n|-damage|p2a: Vaporeon|0 fnt\n|faint|p2a: Vaporeon\n|-ability|p1a: Glastrier|Chilling Neigh|boost\n|-boost|p1a: Glastrier|atk|1\n|\n|upkeep\n|\n|t:|1783561026\n|switch|p2a: Serperior|Serperior, L79, M|100/100\n|turn|13\n|inactive|Time left: 300 sec this turn | 300 sec total\n|\n|t:|1783561027\n|switch|p1a: Archaludon|Archaludon, L78, M|268/268\n|move|p2a: Serperior|Leaf Storm|p1a: Archaludon\n|-resisted|p1a: Archaludon\n|-damage|p1a: Archaludon|247/268\n|-boost|p2a: Serperior|spa|2\n|-ability|p1a: Archaludon|Stamina|boost\n|-boost|p1a: Archaludon|def|1\n|\n|upkeep\n|turn|14\n|inactive|Time left: 300 sec this turn | 300 sec total\n|\n|t:|1783561028\n|move|p2a: Serperior|Leaf Storm|p1a: Archaludon\n|-resisted|p1a: Archaludon\n|-damage|p1a: Archaludon|203/268\n|-boost|p2a: Serperior|spa|2\n|-ability|p1a: Archaludon|Stamina|boost\n|-boost|p1a: Archaludon|def|1\n|move|p1a: Archaludon|Body Press|p2a: Serperior\n|-damage|p2a: Serperior|46/100\n|\n|-heal|p2a: Serperior|52/100|[from] item: Leftovers\n|upkeep\n|turn|15\n|inactive|Time left: 300 sec this turn | 300 sec total\n|\n|t:|1783561029\n|move|p2a: Serperior|Dragon Pulse|p1a: Archaludon\n|-damage|p1a: Archaludon|83/268\n|-ability|p1a: Archaludon|Stamina|boost\n|-boost|p1a: Archaludon|def|1\n|move|p1a: Archaludon|Body Press|p2a: Serperior\n|-damage|p2a: Serperior|0 fnt\n|faint|p2a: Serperior\n|\n|upkeep\n|\n|t:|1783561030\n|switch|p2a: Volcarona|Volcarona, L77, M|100/100\n|turn|16\n|inactive|Time left: 300 sec this turn | 300 sec total\n|\n|t:|1783561031\n|move|p2a: Volcarona|Fire Blast|p1a: Archaludon\n|-damage|p1a: Archaludon|0 fnt\n|faint|p1a: Archaludon\n|\n|upkeep\n|inactive|Time left: 300 sec this turn | 300 sec total | 5 sec grace\n|\n|t:|1783561032\n|switch|p1a: Weezing|Weezing-Galar, L86, F|108/252\n|turn|17\n|inactive|Time left: 300 sec this turn | 300 sec total\n|\n|t:|1783561033\n|move|p2a: Volcarona|Fire Blast|p1a: Weezing\n|-damage|p1a: Weezing|0 fnt\n|faint|p1a: Weezing\n|\n|upkeep\n|inactive|Time left: 300 sec this turn | 300 sec total | 5 sec grace\n|\n|t:|1783561034\n|switch|p1a: Glastrier|Glastrier, L86, tera:Ground|15/312\n|turn|18\n|inactive|Time left: 300 sec this turn | 300 sec total\n|\n|t:|1783561035\n|move|p2a: Volcarona|Bug Buzz|p1a: Glastrier\n|-damage|p1a: Glastrier|0 fnt\n|faint|p1a: Glastrier\n|\n|upkeep\n|inactive|Time left: 300 sec this turn | 300 sec total | 5 sec grace\n|\n|t:|1783561036\n|switch|p1a: Meowstic|Meowstic, L89, M|277/277\n|turn|19\n|inactive|Time left: 300 sec this turn | 300 sec total\n|\n|t:|1783561037\n|move|p1a: Meowstic|Thunder Wave|p2a: Volcarona\n|-status|p2a: Volcarona|par\n|move|p2a: Volcarona|Quiver Dance|p2a: Volcarona\n|-boost|p2a: Volcarona|spa|1\n|-boost|p2a: Volcarona|spd|1\n|-boost|p2a: Volcarona|spe|1\n|\n|upkeep\n|turn|20\n|inactive|Time left: 300 sec this turn | 300 sec total\n|\n|t:|1783561038\n|switch|p1a: Duraludon|Duraludon, L82, F|249/249\n|move|p2a: Volcarona|Bug Buzz|p1a: Duraludon\n|-resisted|p1a: Duraludon\n|-damage|p1a: Duraludon|171/249\n|\n|upkeep\n|turn|21\n|inactive|Time left: 300 sec this turn | 300 sec total\n|\n|t:|1783561040\n|move|p1a: Duraludon|Body Press|p2a: Volcarona\n|-resisted|p2a: Volcarona\n|-damage|p2a: Volcarona|85/100 par\n|move|p2a: Volcarona|Fire Blast|p1a: Duraludon\n|-damage|p1a: Duraludon|0 fnt\n|faint|p1a: Duraludon\n|\n|upkeep\n|inactive|Time left: 300 sec this turn | 300 sec total | 5 sec grace\n|\n|t:|1783561041\n|switch|p1a: Meowstic|Meowstic, L89, M|277/277\n|turn|22\n|inactive|Time left: 300 sec this turn | 300 sec total\n|\n|t:|1783561042\n|move|p1a: Meowstic|Yawn||[still]\n|-fail|p1a: Meowstic\n|cant|p2a: Volcarona|par\n|\n|upkeep\n|turn|23\n|inactive|Time left: 300 sec this turn | 300 sec total\n|\n|t:|1783561043\n|move|p1a: Meowstic|Thunder Wave|p2a: Volcarona|[miss]\n|-miss|p1a: Meowstic|p2a: Volcarona\n|move|p2a: Volcarona|Bug Buzz|p1a: Meowstic\n|-supereffective|p1a: Meowstic\n|-damage|p1a: Meowstic|0 fnt\n|faint|p1a: Meowstic\n|\n|win|p0y1813568a", "uploadtime": 1783561043, "views": 0, "rating": 0, "private": 0, "password": null, "_winner": "p0y1813568a", "_our_name": "p0x181356b5"}