{"id": "battle-gen9randombattle-1071", "formatid": "gen9randombattle", "format": "[Gen 9] Random Battle", "players": ["p0x1071c408", "p0y10712c9e"], "log": "|init|battle\n|title|p0x1071c408 vs. p0y10712c9e\n|j|\u2606p0x1071c408\n|j|\u2606p0y10712c9e\n|t:|1783551614\n|gametype|singles\n|player|p1|p0x1071c408|169|\n|player|p2|p0y10712c9e|266|\n|gen|9\n|tier|[Gen 9] Random Battle\n|rule|Species Clause: Limit one of each Pok\u00e9mon\n|rule|HP Percentage Mod: HP is shown in percentages\n|rule|Sleep Clause Mod: Limit one foe put to sleep\n|rule|Illusion Level Mod: Illusion disguises the Pok\u00e9mon's true level\n|\n|t:|1783551614\n|teamsize|p1|6\n|teamsize|p2|6\n|start\n|switch|p1a: Kommo-o|Kommo-o, L77, F|100/100\n|switch|p2a: Froslass|Froslass, L87, F|263/263\n|turn|1\n|inactive|Battle timer is ON: inactive players will automatically lose when time's up. (requested by p0x1071c408)\n|inactive|Time left: 300 sec this turn | 300 sec total | 60 sec grace\n|inactive|p0y10712c9e also wants the timer to be on.\n|\n|t:|1783551615\n|move|p2a: Froslass|Triple Axel|p1a: Kommo-o\n|-supereffective|p1a: Kommo-o\n|-damage|p1a: Kommo-o|87/100\n|-supereffective|p1a: Kommo-o\n|-damage|p1a: Kommo-o|62/100\n|-supereffective|p1a: Kommo-o\n|-damage|p1a: Kommo-o|22/100\n|-hitcount|p1a: Kommo-o|3\n|move|p1a: Kommo-o|Clangorous Soul||[still]\n|-fail|p1a: Kommo-o\n|\n|upkeep\n|turn|2\n|inactive|Time left: 300 sec this turn | 300 sec total\n|\n|t:|1783551616\n|move|p2a: Froslass|Triple Axel|p1a: Kommo-o\n|-supereffective|p1a: Kommo-o\n|-damage|p1a: Kommo-o|7/100\n|-supereffective|p1a: Kommo-o\n|-damage|p1a: Kommo-o|0 fnt\n|faint|p1a: Kommo-o\n|-hitcount|p1: Kommo-o|2\n|\n|upkeep\n|\n|t:|1783551617\n|switch|p1a: Regirock|Regirock, L83|100/100\n|turn|3\n|inactive|Time left: 300 sec this turn | 300 sec total\n|\n|t:|1783551618\n|move|p2a: Froslass|Will-O-Wisp|p1a: Regirock\n|-status|p1a: Regirock|brn\n|move|p1a: Regirock|Stone Edge|p2a: Froslass\n|-supereffective|p2a: Froslass\n|-damage|p2a: Froslass|139/263\n|\n|-damage|p1a: Regirock|95/100 brn|[from] brn\n|upkeep\n|turn|4\n|inactive|Time left: 300 sec this turn | 300 sec total\n|\n|t:|1783551619\n|switch|p2a: Vileplume|Vileplume, L85, F|266/266\n|move|p1a: Regirock|Rest|p1a: Regirock\n|-status|p1a: Regirock|slp|[from] move: Rest\n|-heal|p1a: Regirock|100/100 slp|[silent]\n|-enditem|p1a: Regirock|Chesto Berry|[eat]\n|-curestatus|p1a: Regirock|slp|[msg]\n|\n|upkeep\n|turn|5\n|inactive|Time left: 300 sec this turn | 300 sec total\n|\n|t:|1783551620\n|switch|p1a: Registeel|Registeel, L81|100/100\n|move|p2a: Vileplume|Giga Drain|p1a: Registeel\n|-resisted|p1a: Registeel\n|-damage|p1a: Registeel|88/100\n|\n|upkeep\n|turn|6\n|inactive|Time left: 300 sec this turn | 300 sec total\n|\n|t:|1783551621\n|move|p2a: Vileplume|Sleep Powder|p1a: Registeel\n|-status|p1a: Registeel|slp|[from] move: Sleep Powder\n|-enditem|p1a: Registeel|Chesto Berry|[eat]\n|-curestatus|p1a: Registeel|slp|[msg]\n|move|p1a: Registeel|Iron Defense|p1a: Registeel\n|-boost|p1a: Registeel|def|2\n|\n|upkeep\n|turn|7\n|inactive|Time left: 300 sec this turn | 300 sec total\n|\n|t:|1783551622\n|move|p2a: Vileplume|Sleep Powder|p1a: Registeel\n|-status|p1a: Registeel|slp|[from] move: Sleep Powder\n|cant|p1a: Registeel|slp\n|\n|upkeep\n|turn|8\n|inactive|Time left: 300 sec this turn | 300 sec total\n|\n|t:|1783551623\n|switch|p2a: Vivillon|Vivillon-Icy Snow, L83, M|268/268\n|-curestatus|p1a: Registeel|slp|[msg]\n|move|p1a: Registeel|Body Press|p2a: Vivillon\n|-resisted|p2a: Vivillon\n|-crit|p2a: Vivillon\n|-damage|p2a: Vivillon|190/268\n|\n|upkeep\n|turn|9\n|inactive|Time left: 300 sec this turn | 300 sec total\n|\n|t:|1783551625\n|move|p2a: Vivillon|Sleep Powder|p1a: Registeel\n|-status|p1a: Registeel|slp|[from] move: Sleep Powder\n|cant|p1a: Registeel|slp\n|\n|upkeep\n|turn|10\n|inactive|Time left: 300 sec this turn | 300 sec total\n|\n|t:|1783551626\n|move|p2a: Vivillon|Quiver Dance|p2a: Vivillon\n|-boost|p2a: Vivillon|spa|1\n|-boost|p2a: Vivillon|spd|1\n|-boost|p2a: Vivillon|spe|1\n|cant|p1a: Registeel|slp\n|\n|upkeep\n|turn|11\n|inactive|Time left: 300 sec this turn | 300 sec total\n|\n|t:|1783551627\n|move|p2a: Vivillon|Quiver Dance|p2a: Vivillon\n|-boost|p2a: Vivillon|spa|1\n|-boost|p2a: Vivillon|spd|1\n|-boost|p2a: Vivillon|spe|1\n|-curestatus|p1a: Registeel|slp|[msg]\n|move|p1a: Registeel|Iron Head|p2a: Vivillon\n|-damage|p2a: Vivillon|96/268\n|\n|upkeep\n|turn|12\n|inactive|Time left: 300 sec this turn | 300 sec total\n|\n|t:|1783551628\n|move|p2a: Vivillon|Sleep Powder|p1a: Registeel\n|-status|p1a: Registeel|slp|[from] move: Sleep Powder\n|cant|p1a: Registeel|slp\n|\n|upkeep\n|turn|13\n|inactive|Time left: 300 sec this turn | 300 sec total\n|\n|t:|1783551629\n|move|p2a: Vivillon|Hurricane|p1a: Registeel\n|-resisted|p1a: Registeel\n|-damage|p1a: Registeel|62/100 slp\n|-curestatus|p1a: Registeel|slp|[msg]\n|move|p1a: Registeel|Iron Head|p2a: Vivillon\n|-damage|p2a: Vivillon|0 fnt\n|faint|p2a: Vivillon\n|\n|upkeep\n|inactive|Time left: 300 sec this turn | 300 sec total | 5 sec grace\n|\n|t:|1783551630\n|switch|p2a: Vileplume|Vileplume, L85, F|266/266\n|turn|14\n|inactive|Time left: 300 sec this turn | 300 sec total\n|\n|t:|1783551631\n|move|p2a: Vileplume|Sleep Powder|p1a: Registeel\n|-status|p1a: Registeel|slp|[from] move: Sleep Powder\n|cant|p1a: Registeel|slp\n|\n|upkeep\n|turn|15\n|inactive|Time left: 300 sec this turn | 300 sec total\n|\n|t:|1783551632\n|move|p2a: Vileplume|Giga Drain|p1a: Registeel\n|-resisted|p1a: Registeel\n|-damage|p1a: Registeel|49/100 slp\n|cant|p1a: Registeel|slp\n|\n|upkeep\n|turn|16\n|inactive|Time left: 300 sec this turn | 300 sec total\n|\n|t:|1783551634\n|move|p2a: Vileplume|Giga Drain|p1a: Registeel\n|-resisted|p1a: Registeel\n|-damage|p1a: Registeel|37/100 slp\n|cant|p1a: Registeel|slp\n|\n|upkeep\n|turn|17\n|inactive|Time left: 300 sec this turn | 300 sec total\n|\n|t:|1783551635\n|move|p2a: Vileplume|Giga Drain|p1a: Registeel\n|-resisted|p1a: Registeel\n|-damage|p1a: Registeel|25/100 slp\n|-curestatus|p1a: Registeel|slp|[msg]\n|move|p1a: Registeel|Rest|p1a: Registeel\n|-status|p1a: Registeel|slp|[from] move: Rest\n|-heal|p1a: Registeel|100/100 slp|[silent]\n|\n|upkeep\n|turn|18\n|inactive|Time left: 300 sec this turn | 300 sec total\n|\n|t:|1783551636\n|move|p2a: Vileplume|Giga Drain|p1a: Registeel\n|-resisted|p1a: Registeel\n|-damage|p1a: Registeel|89/100 slp\n|cant|p1a: Registeel|slp\n|\n|upkeep\n|turn|19\n|inactive|Time left: 300 sec this turn | 300 sec total\n|\n|t:|1783551637\n|move|p2a: Vileplume|Sludge Bomb|p1a: Registeel\n|-immune|p1a: Registeel\n|cant|p1a: Registeel|slp\n|\n|upkeep\n|turn|20\n|inactive|Time left: 300 sec this turn | 300 sec total\n|\n|t:|1783551638\n|move|p2a: Vileplume|Giga Drain|p1a: Registeel\n|-resisted|p1a: Registeel\n|-crit|p1a: Registeel\n|-damage|p1a: Registeel|71/100 slp\n|-curestatus|p1a: Registeel|slp|[msg]\n|move|p1a: Registeel|Body Press|p2a: Vileplume\n|-resisted|p2a: Vileplume\n|-damage|p2a: Vileplume|196/266\n|-status|p1a: Registeel|par|[from] ability: Effect Spore|[of] p2a: Vileplume\n|\n|-heal|p2a: Vileplume|212/266|[from] item: Leftovers\n|upkeep\n|turn|21\n|inactive|Time left: 300 sec this turn | 300 sec total\n|\n|t:|1783551639\n|move|p2a: Vileplume|Giga Drain|p1a: Registeel\n|-resisted|p1a: Registeel\n|-damage|p1a: Registeel|59/100 par\n|-heal|p2a: Vileplume|229/266|[from] drain|[of] p1a: Registeel\n|move|p1a: Registeel|Body Press|p2a: Vileplume\n|-resisted|p2a: Vileplume\n|-damage|p2a: Vileplume|158/266\n|\n|-heal|p2a: Vileplume|174/266|[from] item: Leftovers\n|upkeep\n|turn|22\n|inactive|Time left: 300 sec this turn | 300 sec total\n|\n|t:|1783551640\n|move|p2a: Vileplume|Strength Sap|p1a: Registeel\n|-fail|p1a: Registeel|unboost|[from] ability: Clear Body|[of] p1a: Registeel\n|-heal|p2a: Vileplume|266/266\n|move|p1a: Registeel|Iron Head|p2a: Vileplume\n|-damage|p2a: Vileplume|197/266\n|\n|-heal|p2a: Vileplume|213/266|[from] item: Leftovers\n|upkeep\n|turn|23\n|inactive|Time left: 300 sec this turn | 300 sec total\n|\n|t:|1783551641\n|move|p2a: Vileplume|Strength Sap|p1a: Registeel\n|-fail|p1a: Registeel|unboost|[from] ability: Clear Body|[of] p1a: Registeel\n|-heal|p2a: Vileplume|266/266\n|cant|p1a: Registeel|par\n|\n|upkeep\n|turn|24\n|inactive|Time left: 300 sec this turn | 300 sec total\n|\n|t:|1783551642\n|move|p2a: Vileplume|Sludge Bomb|p1a: Registeel\n|-immune|p1a: Registeel\n|move|p1a: Registeel|Rest|p1a: Registeel\n|-status|p1a: Registeel|slp|[from] move: Rest\n|-heal|p1a: Registeel|100/100 slp|[silent]\n|\n|upkeep\n|turn|25\n|inactive|Time left: 300 sec this turn | 300 sec total\n|\n|t:|1783551643\n|move|p2a: Vileplume|Sludge Bomb|p1a: Registeel\n|-immune|p1a: Registeel\n|cant|p1a: Registeel|slp\n|\n|upkeep\n|turn|26\n|inactive|Time left: 300 sec this turn | 300 sec total\n|\n|t:|1783551644\n|move|p2a: Vileplume|Sludge Bomb|p1a: Registeel\n|-immune|p1a: Registeel\n|cant|p1a: Registeel|slp\n|\n|upkeep\n|turn|27\n|inactive|Time left: 300 sec this turn | 300 sec total\n|\n|t:|1783551645\n|move|p2a: Vileplume|Giga Drain|p1a: Registeel\n|-resisted|p1a: Registeel\n|-damage|p1a: Registeel|89/100 slp\n|-curestatus|p1a: Registeel|slp|[msg]\n|move|p1a: Registeel|Body Press|p2a: Vileplume\n|-resisted|p2a: Vileplume\n|-damage|p2a: Vileplume|184/266\n|\n|-heal|p2a: Vileplume|200/266|[from] item: Leftovers\n|upkeep\n|turn|28\n|inactive|Time left: 300 sec this turn | 300 sec total\n|\n|t:|1783551646\n|move|p2a: Vileplume|Sleep Powder|p1a: Registeel\n|-status|p1a: Registeel|slp|[from] move: Sleep Powder\n|cant|p1a: Registeel|slp\n|\n|-heal|p2a: Vileplume|216/266|[from] item: Leftovers\n|upkeep\n|turn|29\n|inactive|Time left: 300 sec this turn | 300 sec total\n|\n|t:|1783551647\n|move|p2a: Vileplume|Giga Drain|p1a: Registeel\n|-resisted|p1a: Registeel\n|-damage|p1a: Registeel|78/100 slp\n|-heal|p2a: Vileplume|231/266|[from] drain|[of] p1a: Registeel\n|cant|p1a: Registeel|slp\n|\n|-heal|p2a: Vileplume|247/266|[from] item: Leftovers\n|upkeep\n|turn|30\n|inactive|Time left: 300 sec this turn | 300 sec total\n|\n|t:|1783551648\n|move|p2a: Vileplume|Sludge Bomb|p1a: Registeel\n|-immune|p1a: Registeel\n|-curestatus|p1a: Registeel|slp|[msg]\n|move|p1a: Registeel|Body Press|p2a: Vileplume\n|-resisted|p2a: Vileplume\n|-damage|p2a: Vileplume|165/266\n|\n|-heal|p2a: Vileplume|181/266|[from] item: Leftovers\n|upkeep\n|turn|31\n|inactive|Time left: 300 sec this turn | 300 sec total\n|\n|t:|1783551649\n|move|p2a: Vileplume|Giga Drain|p1a: Registeel\n|-resisted|p1a: Registeel\n|-damage|p1a: Registeel|66/100\n|-heal|p2a: Vileplume|197/266|[from] drain|[of] p1a: Registeel\n|move|p1a: Registeel|Body Press|p2a: Vileplume\n|-resisted|p2a: Vileplume\n|-damage|p2a: Vileplume|127/266\n|\n|-heal|p2a: Vileplume|143/266|[from] item: Leftovers\n|upkeep\n|turn|32\n|inactive|Time left: 300 sec this turn | 300 sec total\n|\n|t:|1783551650\n|move|p2a: Vileplume|Strength Sap|p1a: Registeel\n|-fail|p1a: Registeel|unboost|[from] ability: Clear Body|[of] p1a: Registeel\n|-heal|p2a: Vileplume|266/266\n|move|p1a: Registeel|Body Press|p2a: Vileplume\n|-resisted|p2a: Vileplume\n|-damage|p2a: Vileplume|192/266\n|-status|p1a: Registeel|par|[from] ability: Effect Spore|[of] p2a: Vileplume\n|\n|-heal|p2a: Vileplume|208/266|[from] item: Leftovers\n|upkeep\n|turn|33\n|inactive|Time left: 300 sec this turn | 300 sec total\n|\n|t:|1783551651\n|move|p2a: Vileplume|Giga Drain|p1a: Registeel\n|-resisted|p1a: Registeel\n|-damage|p1a: Registeel|55/100 par\n|-heal|p2a: Vileplume|222/266|[from] drain|[of] p1a: Registeel\n|move|p1a: Registeel|Body Press|p2a: Vileplume\n|-resisted|p2a: Vileplume\n|-damage|p2a: Vileplume|148/266\n|\n|-heal|p2a: Vileplume|164/266|[from] item: Leftovers\n|upkeep\n|turn|34\n|inactive|Time left: 300 sec this turn | 300 sec total\n|\n|t:|1783551652\n|move|p2a: Vileplume|Strength Sap|p1a: Registeel\n|-fail|p1a: Registeel|unboost|[from] ability: Clear Body|[of] p1a: Registeel\n|-heal|p2a: Vileplume|266/266\n|move|p1a: Registeel|Rest|p1a: Registeel\n|-status|p1a: Registeel|slp|[from] move: Rest\n|-heal|p1a: Registeel|100/100 slp|[silent]\n|\n|upkeep\n|turn|35\n|inactive|Time left: 300 sec this turn | 300 sec total\n|\n|t:|1783551653\n|move|p2a: Vileplume|Sludge Bomb|p1a: Registeel\n|-immune|p1a: Registeel\n|cant|p1a: Registeel|slp\n|\n|upkeep\n|turn|36\n|inactive|Time left: 300 sec this turn | 300 sec total\n|\n|t:|1783551653\n|move|p2a: Vileplume|Sludge Bomb|p1a: Registeel\n|-immune|p1a: Registeel\n|cant|p1a: Registeel|slp\n|\n|upkeep\n|turn|37\n|inactive|Time left: 300 sec this turn | 300 sec total\n|\n|t:|1783551654\n|move|p2a: Vileplume|Giga Drain|p1a: Registeel\n|-resisted|p1a: Registeel\n|-damage|p1a: Registeel|88/100 slp\n|-curestatus|p1a: Registeel|slp|[msg]\n|move|p1a: Registeel|Body Press|p2a: Vileplume\n|-resisted|p2a: Vileplume\n|-damage|p2a: Vileplume|193/266\n|\n|-heal|p2a: Vileplume|209/266|[from] item: Leftovers\n|upkeep\n|turn|38\n|inactive|Time left: 300 sec this turn | 300 sec total\n|\n|t:|1783551655\n|move|p2a: Vileplume|Sleep Powder|p1a: Registeel\n|-status|p1a: Registeel|slp|[from] move: Sleep Powder\n|cant|p1a: Registeel|slp\n|\n|-heal|p2a: Vileplume|225/266|[from] item: Leftovers\n|upkeep\n|turn|39\n|inactive|Time left: 300 sec this turn | 300 sec total\n|\n|t:|1783551656\n|move|p2a: Vileplume|Giga Drain|p1a: Registeel\n|-resisted|p1a: Registeel\n|-damage|p1a: Registeel|77/100 slp\n|-heal|p2a: Vileplume|240/266|[from] drain|[of] p1a: Registeel\n|cant|p1a: Registeel|slp\n|\n|-heal|p2a: Vileplume|256/266|[from] item: Leftovers\n|upkeep\n|turn|40\n|inactive|Time left: 300 sec this turn | 300 sec total\n|\n|t:|1783551657\n|move|p2a: Vileplume|Giga Drain|p1a: Registeel\n|-resisted|p1a: Registeel\n|-damage|p1a: Registeel|65/100 slp\n|-heal|p2a: Vileplume|266/266|[from] drain|[of] p1a: Registeel\n|cant|p1a: Registeel|slp\n|\n|upkeep\n|turn|41\n|inactive|Time left: 300 sec this turn | 300 sec total\n|\n|t:|1783551658\n|move|p2a: Vileplume|Sludge Bomb|p1a: Registeel\n|-immune|p1a: Registeel\n|-curestatus|p1a: Registeel|slp|[msg]\n|move|p1a: Registeel|Body Press|p2a: Vileplume\n|-resisted|p2a: Vileplume\n|-damage|p2a: Vileplume|188/266\n|\n|-heal|p2a: Vileplume|204/266|[from] item: Leftovers\n|upkeep\n|turn|42\n|inactive|Time left: 300 sec this turn | 300 sec total\n|\n|t:|1783551659\n|move|p2a: Vileplume|Sleep Powder|p1a: Registeel\n|-status|p1a: Registeel|slp|[from] move: Sleep Powder\n|cant|p1a: Registeel|slp\n|\n|-heal|p2a: Vileplume|220/266|[from] item: Leftovers\n|upkeep\n|turn|43\n|inactive|Time left: 300 sec this turn | 300 sec total\n|\n|t:|1783551660\n|move|p2a: Vileplume|Giga Drain|p1a: Registeel\n|-resisted|p1a: Registeel\n|-damage|p1a: Registeel|53/100 slp\n|-heal|p2a: Vileplume|235/266|[from] drain|[of] p1a: Registeel\n|cant|p1a: Registeel|slp\n|\n|-heal|p2a: Vileplume|251/266|[from] item: Leftovers\n|upkeep\n|turn|44\n|inactive|Time left: 300 sec this turn | 300 sec total\n|\n|t:|1783551661\n|move|p2a: Vileplume|Sludge Bomb|p1a: Registeel\n|-immune|p1a: Registeel\n|cant|p1a: Registeel|slp\n|\n|-heal|p2a: Vileplume|266/266|[from] item: Leftovers\n|upkeep\n|turn|45\n|inactive|Time left: 300 sec this turn | 300 sec total\n|\n|t:|1783551662\n|move|p2a: Vileplume|Sludge Bomb|p1a: Registeel\n|-immune|p1a: Registeel\n|-curestatus|p1a: Registeel|slp|[msg]\n|move|p1a: Registeel|Iron Head|p2a: Vileplume\n|-damage|p2a: Vileplume|197/266\n|-status|p1a: Registeel|slp|[from] ability: Effect Spore|[of] p2a: Vileplume\n|\n|-heal|p2a: Vileplume|213/266|[from] item: Leftovers\n|upkeep\n|turn|46\n|inactive|Time left: 300 sec this turn | 300 sec total\n|\n|t:|1783551663\n|move|p2a: Vileplume|Sludge Bomb|p1a: Registeel\n|-immune|p1a: Registeel\n|cant|p1a: Registeel|slp\n|\n|-heal|p2a: Vileplume|229/266|[from] item: Leftovers\n|upkeep\n|turn|47\n|inactive|Time left: 300 sec this turn | 300 sec total\n|\n|t:|1783551664\n|move|p2a: Vileplume|Sludge Bomb|p1a: Registeel\n|-immune|p1a: Registeel\n|cant|p1a: Registeel|slp\n|\n|-heal|p2a: Vileplume|245/266|[from] item: Leftovers\n|upkeep\n|turn|48\n|inactive|Time left: 300 sec this turn | 300 sec total\n|\n|t:|1783551665\n|move|p2a: Vileplume|Sludge Bomb|p1a: Registeel\n|-immune|p1a: Registeel\n|cant|p1a: Registeel|slp\n|\n|-heal|p2a: Vileplume|261/266|[from] item: Leftovers\n|upkeep\n|turn|49\n|inactive|Time left: 300 sec this turn | 300 sec total\n|\n|t:|1783551666\n|move|p2a: Vileplume|Giga Drain|p1a: Registeel\n|-resisted|p1a: Registeel\n|-damage|p1a: Registeel|41/100 slp\n|-heal|p2a: Vileplume|266/266|[from] drain|[of] p1a: Registeel\n|-curestatus|p1a: Registeel|slp|[msg]\n|move|p1a: Registeel|Body Press|p2a: Vileplume\n|-resisted|p2a: Vileplume\n|-damage|p2a: Vileplume|196/266\n|\n|-heal|p2a: Vileplume|212/266|[from] item: Leftovers\n|upkeep\n|turn|50\n|inactive|Time left: 300 sec this turn | 300 sec total\n|\n|t:|1783551667\n|move|p2a: Vileplume|Sleep Powder|p1a: Registeel\n|-status|p1a: Registeel|slp|[from] move: Sleep Powder\n|cant|p1a: Registeel|slp\n|\n|-heal|p2a: Vileplume|228/266|[from] item: Leftovers\n|upkeep\n|turn|51\n|inactive|Time left: 300 sec this turn | 300 sec total\n|\n|t:|1783551669\n|move|p2a: Vileplume|Strength Sap|p1a: Registeel\n|-fail|p1a: Registeel|unboost|[from] ability: Clear Body|[of] p1a: Registeel\n|-heal|p2a: Vileplume|266/266\n|-curestatus|p1a: Registeel|slp|[msg]\n|move|p1a: Registeel|Rest|p1a: Registeel\n|-status|p1a: Registeel|slp|[from] move: Rest\n|-heal|p1a: Registeel|100/100 slp|[silent]\n|\n|upkeep\n|turn|52\n|inactive|Time left: 300 sec this turn | 300 sec total\n|\n|t:|1783551670\n|move|p2a: Vileplume|Strength Sap||[still]\n|-fail|p1a: Registeel|unboost|[from] ability: Clear Body|[of] p1a: Registeel\n|-fail|p2a: Vileplume\n|cant|p1a: Registeel|slp\n|\n|upkeep\n|turn|53\n|inactive|Time left: 300 sec this turn | 300 sec total\n|\n|t:|1783551671\n|move|p2a: Vileplume|Sludge Bomb|p1a: Registeel\n|-immune|p1a: Registeel\n|cant|p1a: Registeel|slp\n|\n|upkeep\n|turn|54\n|inactive|Time left: 300 sec this turn | 300 sec total\n|\n|t:|1783551672\n|move|p2a: Vileplume|Sludge Bomb|p1a: Registeel\n|-immune|p1a: Registeel\n|-curestatus|p1a: Registeel|slp|[msg]\n|move|p1a: Registeel|Body Press|p2a: Vileplume\n|-resisted|p2a: Vileplume\n|-damage|p2a: Vileplume|184/266\n|\n|-heal|p2a: Vileplume|200/266|[from] item: Leftovers\n|upkeep\n|turn|55\n|inactive|Time left: 300 sec this turn | 300 sec total\n|\n|t:|1783551673\n|move|p2a: Vileplume|Strength Sap|p1a: Registeel\n|-fail|p1a: Registeel|unboost|[from] ability: Clear Body|[of] p1a: Registeel\n|-heal|p2a: Vileplume|266/266\n|move|p1a: Registeel|Body Press|p2a: Vileplume\n|-resisted|p2a: Vileplume\n|-damage|p2a: Vileplume|196/266\n|\n|-heal|p2a: Vileplume|212/266|[from] item: Leftovers\n|upkeep\n|turn|56\n|inactive|Time left: 300 sec this turn | 300 sec total\n|\n|t:|1783551674\n|move|p2a: Vileplume|Sleep Powder|p1a: Registeel\n|-status|p1a: Registeel|slp|[from] move: Sleep Powder\n|cant|p1a: Registeel|slp\n|\n|-heal|p2a: Vileplume|228/266|[from] item: Leftovers\n|upkeep\n|turn|57\n|inactive|Time left: 300 sec this turn | 300 sec total\n|\n|t:|1783551675\n|move|p2a: Vileplume|Strength Sap|p1a: Registeel\n|-fail|p1a: Registeel|unboost|[from] ability: Clear Body|[of] p1a: Registeel\n|-heal|p2a: Vileplume|266/266\n|-curestatus|p1a: Registeel|slp|[msg]\n|move|p1a: Registeel|Body Press|p2a: Vileplume\n|-resisted|p2a: Vileplume\n|-damage|p2a: Vileplume|191/266\n|\n|-heal|p2a: Vileplume|207/266|[from] item: Leftovers\n|upkeep\n|turn|58\n|inactive|Time left: 300 sec this turn | 300 sec total\n|\n|t:|1783551676\n|move|p2a: Vileplume|Sleep Powder|p1a: Registeel|[miss]\n|-miss|p2a: Vileplume|p1a: Registeel\n|move|p1a: Registeel|Iron Head|p2a: Vileplume\n|-damage|p2a: Vileplume|140/266\n|\n|-heal|p2a: Vileplume|156/266|[from] item: Leftovers\n|upkeep\n|turn|59\n|inactive|Time left: 300 sec this turn | 300 sec total\n|\n|t:|1783551677\n|move|p2a: Vileplume|Strength Sap|p1a: Registeel\n|-fail|p1a: Registeel|unboost|[from] ability: Clear Body|[of] p1a: Registeel\n|-heal|p2a: Vileplume|266/266\n|move|p1a: Registeel|Iron Head|p2a: Vileplume\n|-damage|p2a: Vileplume|199/266\n|\n|-heal|p2a: Vileplume|215/266|[from] item: Leftovers\n|upkeep\n|turn|60\n|inactive|Time left: 300 sec this turn | 300 sec total\n|\n|t:|1783551678\n|move|p2a: Vileplume|Sleep Powder|p1a: Registeel\n|-status|p1a: Registeel|slp|[from] move: Sleep Powder\n|cant|p1a: Registeel|slp\n|\n|-heal|p2a: Vileplume|231/266|[from] item: Leftovers\n|upkeep\n|turn|61\n|inactive|Time left: 300 sec this turn | 300 sec total\n|\n|t:|1783551679\n|move|p2a: Vileplume|Strength Sap|p1a: Registeel\n|-fail|p1a: Registeel|unboost|[from] ability: Clear Body|[of] p1a: Registeel\n|-heal|p2a: Vileplume|266/266\n|cant|p1a: Registeel|slp\n|\n|upkeep\n|turn|62\n|inactive|Time left: 300 sec this turn | 300 sec total\n|\n|t:|1783551680\n|move|p2a: Vileplume|Strength Sap||[still]\n|-fail|p1a: Registeel|unboost|[from] ability: Clear Body|[of] p1a: Registeel\n|-fail|p2a: Vileplume\n|-curestatus|p1a: Registeel|slp|[msg]\n|move|p1a: Registeel|Body Press|p2a: Vileplume\n|-resisted|p2a: Vileplume\n|-damage|p2a: Vileplume|184/266\n|\n|-heal|p2a: Vileplume|200/266|[from] item: Leftovers\n|upkeep\n|turn|63\n|inactive|Time left: 300 sec this turn | 300 sec total\n|\n|t:|1783551682\n|move|p2a: Vileplume|Sleep Powder|p1a: Registeel\n|-status|p1a: Registeel|slp|[from] move: Sleep Powder\n|cant|p1a: Registeel|slp\n|\n|-heal|p2a: Vileplume|216/266|[from] item: Leftovers\n|upkeep\n|turn|64\n|inactive|Time left: 300 sec this turn | 300 sec total\n|\n|t:|1783551683\n|move|p2a: Vileplume|Strength Sap|p1a: Registeel\n|-fail|p1a: Registeel|unboost|[from] ability: Clear Body|[of] p1a: Registeel\n|-heal|p2a: Vileplume|266/266\n|cant|p1a: Registeel|slp\n|\n|upkeep\n|turn|65\n|inactive|Time left: 300 sec this turn | 300 sec total\n|\n|t:|1783551684\n|move|p2a: Vileplume|Sleep Powder|p1a: Registeel|[miss]\n|-miss|p2a: Vileplume|p1a: Registeel\n|cant|p1a: Registeel|slp\n|\n|upkeep\n|turn|66\n|inactive|Time left: 300 sec this turn | 300 sec total\n|\n|t:|1783551685\n|move|p2a: Vileplume|Sludge Bomb|p1a: Registeel\n|-immune|p1a: Registeel\n|-curestatus|p1a: Registeel|slp|[msg]\n|move|p1a: Registeel|Iron Defense|p1a: Registeel\n|-boost|p1a: Registeel|def|2\n|\n|upkeep\n|turn|67\n|inactive|Time left: 300 sec this turn | 300 sec total\n|\n|t:|1783551686\n|move|p2a: Vileplume|Sleep Powder|p1a: Registeel\n|-status|p1a: Registeel|slp|[from] move: Sleep Powder\n|cant|p1a: Registeel|slp\n|\n|upkeep\n|turn|68\n|inactive|Time left: 300 sec this turn | 300 sec total\n|\n|t:|1783551687\n|switch|p2a: Pikachu|Pikachu-Sinnoh, L93, M|216/216\n|cant|p1a: Registeel|slp\n|\n|upkeep\n|turn|69\n|inactive|Time left: 300 sec this turn | 300 sec total\n|\n|t:|1783551687\n|move|p2a: Pikachu|Volt Switch|p1a: Registeel\n|-damage|p1a: Registeel|73/100 slp\n|inactive|Time left: 300 sec this turn | 300 sec total | 5 sec grace\n|\n|t:|1783551688\n|switch|p2a: Vileplume|Vileplume, L85, F|266/266|[from] Volt Switch\n|-curestatus|p1a: Registeel|slp|[msg]\n|move|p1a: Registeel|Body Press|p2a: Vileplume\n|-resisted|p2a: Vileplume\n|-damage|p2a: Vileplume|153/266\n|\n|-heal|p2a: Vileplume|169/266|[from] item: Leftovers\n|upkeep\n|turn|70\n|inactive|Time left: 300 sec this turn | 300 sec total\n|\n|t:|1783551689\n|move|p2a: Vileplume|Strength Sap|p1a: Registeel\n|-fail|p1a: Registeel|unboost|[from] ability: Clear Body|[of] p1a: Registeel\n|-heal|p2a: Vileplume|266/266\n|move|p1a: Registeel|Iron Head|p2a: Vileplume\n|-damage|p2a: Vileplume|193/266\n|\n|-heal|p2a: Vileplume|209/266|[from] item: Leftovers\n|upkeep\n|turn|71\n|inactive|Time left: 300 sec this turn | 300 sec total\n|\n|t:|1783551690\n|move|p2a: Vileplume|Sleep Powder|p1a: Registeel\n|-status|p1a: Registeel|slp|[from] move: Sleep Powder\n|cant|p1a: Registeel|slp\n|\n|-heal|p2a: Vileplume|225/266|[from] item: Leftovers\n|upkeep\n|turn|72\n|inactive|Time left: 300 sec this turn | 300 sec total\n|\n|t:|1783551691\n|move|p2a: Vileplume|Strength Sap|p1a: Registeel\n|-fail|p1a: Registeel|unboost|[from] ability: Clear Body|[of] p1a: Registeel\n|-heal|p2a: Vileplume|266/266\n|cant|p1a: Registeel|slp\n|\n|upkeep\n|turn|73\n|inactive|Time left: 300 sec this turn | 300 sec total\n|\n|t:|1783551692\n|switch|p2a: Iron Thorns|Iron Thorns, L83|302/302\n|cant|p1a: Registeel|slp\n|\n|upkeep\n|turn|74\n|inactive|Time left: 300 sec this turn | 300 sec total\n|\n|t:|1783551693\n|move|p2a: Iron Thorns|Earthquake|p1a: Registeel\n|-supereffective|p1a: Registeel\n|-damage|p1a: Registeel|57/100 slp\n|-curestatus|p1a: Registeel|slp|[msg]\n|move|p1a: Registeel|Iron Head|p2a: Iron Thorns\n|-damage|p2a: Iron Thorns|244/302\n|\n|upkeep\n|turn|75\n|inactive|Time left: 300 sec this turn | 300 sec total\n|\n|t:|1783551694\n|move|p2a: Iron Thorns|Stone Edge|p1a: Registeel\n|-resisted|p1a: Registeel\n|-damage|p1a: Registeel|52/100\n|move|p1a: Registeel|Iron Head|p2a: Iron Thorns\n|-damage|p2a: Iron Thorns|184/302\n|\n|upkeep\n|turn|76\n|inactive|Time left: 300 sec this turn | 300 sec total\n|\n|t:|1783551696\n|move|p2a: Iron Thorns|Stone Edge|p1a: Registeel\n|-resisted|p1a: Registeel\n|-damage|p1a: Registeel|46/100\n|move|p1a: Registeel|Iron Head|p2a: Iron Thorns\n|-damage|p2a: Iron Thorns|127/302\n|\n|upkeep\n|turn|77\n|inactive|Time left: 300 sec this turn | 300 sec total\n|\n|t:|1783551697\n|move|p2a: Iron Thorns|Earthquake|p1a: Registeel\n|-supereffective|p1a: Registeel\n|-damage|p1a: Registeel|31/100\n|move|p1a: Registeel|Iron Head|p2a: Iron Thorns\n|-damage|p2a: Iron Thorns|70/302\n|\n|upkeep\n|turn|78\n|inactive|Time left: 300 sec this turn | 300 sec total\n|\n|t:|1783551698\n|move|p2a: Iron Thorns|Earthquake|p1a: Registeel\n|-supereffective|p1a: Registeel\n|-damage|p1a: Registeel|16/100\n|move|p1a: Registeel|Rest|p1a: Registeel\n|-status|p1a: Registeel|slp|[from] move: Rest\n|-heal|p1a: Registeel|100/100 slp|[silent]\n|\n|upkeep\n|turn|79\n|inactive|Time left: 300 sec this turn | 300 sec total\n|\n|t:|1783551700\n|move|p2a: Iron Thorns|Stone Edge|p1a: Registeel\n|-resisted|p1a: Registeel\n|-damage|p1a: Registeel|95/100 slp\n|cant|p1a: Registeel|slp\n|\n|upkeep\n|turn|80\n|inactive|Time left: 300 sec this turn | 300 sec total\n|\n|t:|1783551701\n|move|p2a: Iron Thorns|Earthquake|p1a: Registeel\n|-supereffective|p1a: Registeel\n|-damage|p1a: Registeel|79/100 slp\n|cant|p1a: Registeel|slp\n|\n|upkeep\n|turn|81\n|inactive|Time left: 300 sec this turn | 300 sec total\n|\n|t:|1783551702\n|-end|p2a: Iron Thorns|Quark Drive|[silent]\n|switch|p2a: Vileplume|Vileplume, L85, F|266/266\n|-curestatus|p1a: Registeel|slp|[msg]\n|move|p1a: Registeel|Iron Head|p2a: Vileplume\n|-damage|p2a: Vileplume|200/266\n|-status|p1a: Registeel|par|[from] ability: Effect Spore|[of] p2a: Vileplume\n|\n|-heal|p2a: Vileplume|216/266|[from] item: Leftovers\n|upkeep\n|turn|82\n|inactive|Time left: 300 sec this turn | 300 sec total\n|\n|t:|1783551703\n|move|p2a: Vileplume|Strength Sap|p1a: Registeel\n|-fail|p1a: Registeel|unboost|[from] ability: Clear Body|[of] p1a: Registeel\n|-heal|p2a: Vileplume|266/266\n|cant|p1a: Registeel|par\n|\n|upkeep\n|turn|83\n|inactive|Time left: 300 sec this turn | 300 sec total\n|\n|t:|1783551704\n|move|p2a: Vileplume|Strength Sap||[still]\n|-fail|p1a: Registeel|unboost|[from] ability: Clear Body|[of] p1a: Registeel\n|-fail|p2a: Vileplume\n|move|p1a: Registeel|Iron Head|p2a: Vileplume\n|-crit|p2a: Vileplume\n|-damage|p2a: Vileplume|158/266\n|\n|-heal|p2a: Vileplume|174/266|[from] item: Leftovers\n|upkeep\n|turn|84\n|inactive|Time left: 300 sec this turn | 300 sec total\n|\n|t:|1783551705\n|move|p2a: Vileplume|Sleep Powder||[still]\n|-fail|p2a: Vileplume\n|cant|p1a: Registeel|par\n|\n|-heal|p2a: Vileplume|190/266|[from] item: Leftovers\n|upkeep\n|turn|85\n|inactive|Time left: 300 sec this turn | 300 sec total\n|\n|t:|1783551706\n|move|p2a: Vileplume|Sleep Powder||[still]\n|-fail|p2a: Vileplume\n|cant|p1a: Registeel|par\n|\n|-heal|p2a: Vileplume|206/266|[from] item: Leftovers\n|upkeep\n|turn|86\n|inactive|Time left: 300 sec this turn | 300 sec total\n|\n|t:|1783551707\n|move|p2a: Vileplume|Sleep Powder||[still]\n|-fail|p2a: Vileplume\n|cant|p1a: Registeel|par\n|\n|-heal|p2a: Vileplume|222/266|[from] item: Leftovers\n|upkeep\n|turn|87\n|inactive|Time left: 300 sec this turn | 300 sec total\n|\n|t:|1783551708\n|move|p2a: Vileplume|Sleep Powder||[still]\n|-fail|p2a: Vileplume\n|move|p1a: Registeel|Iron Head|p2a: Vileplume\n|-damage|p2a: Vileplume|153/266\n|\n|-heal|p2a: Vileplume|169/266|[from] item: Leftovers\n|upkeep\n|turn|88\n|inactive|Time left: 300 sec this turn | 300 sec total\n|\n|t:|1783551709\n|move|p2a: Vileplume|Sleep Powder|p1a: Registeel|[miss]\n|-miss|p2a: Vileplume|p1a: Registeel\n|move|p1a: Registeel|Iron Head|p2a: Vileplume\n|-damage|p2a: Vileplume|99/266\n|\n|-heal|p2a: Vileplume|115/266|[from] item: Leftovers\n|upkeep\n|turn|89\n|inactive|Time left: 300 sec this turn | 300 sec total\n|\n|t:|1783551710\n|move|p2a: Vileplume|Sleep Powder||[still]\n|-fail|p2a: Vileplume\n|move|p1a: Registeel|Iron Head|p2a: Vileplume\n|-damage|p2a: Vileplume|45/266\n|\n|-heal|p2a: Vileplume|61/266|[from] item: Leftovers\n|upkeep\n|turn|90\n|inactive|Time left: 300 sec this turn | 300 sec total\n|\n|t:|1783551711\n|switch|p2a: Pikachu|Pikachu-Sinnoh, L93, M|216/216\n|cant|p1a: Registeel|par\n|\n|upkeep\n|turn|91\n|inactive|Time left: 300 sec this turn | 300 sec total\n|\n|t:|1783551712\n|move|p2a: Pikachu|Surf|p1a: Registeel\n|-damage|p1a: Registeel|55/100 par\n|cant|p1a: Registeel|par\n|\n|upkeep\n|turn|92\n|inactive|Time left: 300 sec this turn | 300 sec total\n|\n|t:|1783551713\n|move|p2a: Pikachu|Surf|p1a: Registeel\n|-damage|p1a: Registeel|28/100 par\n|cant|p1a: Registeel|par\n|\n|upkeep\n|turn|93\n|inactive|Time left: 300 sec this turn | 300 sec total\n|\n|t:|1783551714\n|move|p2a: Pikachu|Volt Switch|p1a: Registeel\n|-damage|p1a: Registeel|0 fnt\n|faint|p1a: Registeel\n|inactive|Time left: 300 sec this turn | 300 sec total | 5 sec grace\n|\n|t:|1783551715\n|switch|p2a: Froslass|Froslass, L87, F|139/263|[from] Volt Switch\n|\n|upkeep\n|\n|t:|1783551716\n|switch|p1a: Sandaconda|Sandaconda, L84, M|100/100\n|turn|94\n|inactive|Time left: 300 sec this turn | 300 sec total\n|\n|t:|1783551717\n|move|p2a: Froslass|Triple Axel|p1a: Sandaconda\n|-supereffective|p1a: Sandaconda\n|-damage|p1a: Sandaconda|88/100\n|-supereffective|p1a: Sandaconda\n|-damage|p1a: Sandaconda|64/100\n|-supereffective|p1a: Sandaconda\n|-crit|p1a: Sandaconda\n|-damage|p1a: Sandaconda|15/100\n|-hitcount|p1a: Sandaconda|3\n|move|p1a: Sandaconda|Coil|p1a: Sandaconda\n|-boost|p1a: Sandaconda|atk|1\n|-boost|p1a: Sandaconda|def|1\n|-boost|p1a: Sandaconda|accuracy|1\n|\n|-heal|p1a: Sandaconda|21/100|[from] item: Leftovers\n|upkeep\n|turn|95\n|inactive|Time left: 300 sec this turn | 300 sec total\n|\n|t:|1783551718\n|move|p2a: Froslass|Triple Axel|p1a: Sandaconda\n|-supereffective|p1a: Sandaconda\n|-damage|p1a: Sandaconda|14/100\n|-supereffective|p1a: Sandaconda\n|-damage|p1a: Sandaconda|0 fnt\n|faint|p1a: Sandaconda\n|-hitcount|p1: Sandaconda|2\n|\n|upkeep\n|\n|t:|1783551719\n|switch|p1a: Regirock|Regirock, L83|100/100\n|turn|96\n|inactive|Time left: 300 sec this turn | 300 sec total\n|\n|t:|1783551720\n|move|p2a: Froslass|Will-O-Wisp|p1a: Regirock\n|-status|p1a: Regirock|brn\n|move|p1a: Regirock|Stone Edge|p2a: Froslass\n|-supereffective|p2a: Froslass\n|-damage|p2a: Froslass|6/263\n|\n|-damage|p1a: Regirock|95/100 brn|[from] brn\n|upkeep\n|turn|97\n|inactive|Time left: 300 sec this turn | 300 sec total\n|\n|t:|1783551721\n|move|p2a: Froslass|Triple Axel|p1a: Regirock\n|-damage|p1a: Regirock|90/100 brn\n|-damage|p1a: Regirock|82/100 brn\n|-damage|p1a: Regirock|69/100 brn\n|-hitcount|p1a: Regirock|3\n|move|p1a: Regirock|Stone Edge|p2a: Froslass\n|-supereffective|p2a: Froslass\n|-damage|p2a: Froslass|0 fnt\n|faint|p2a: Froslass\n|\n|-damage|p1a: Regirock|63/100 brn|[from] brn\n|upkeep\n|inactive|Time left: 300 sec this turn | 300 sec total | 5 sec grace\n|\n|t:|1783551722\n|switch|p2a: Pikachu|Pikachu-Sinnoh, L93, M|216/216\n|turn|98\n|inactive|Time left: 300 sec this turn | 300 sec total\n|\n|t:|1783551723\n|move|p2a: Pikachu|Surf|p1a: Regirock\n|-supereffective|p1a: Regirock\n|-damage|p1a: Regirock|0 fnt\n|faint|p1a: Regirock\n|\n|upkeep\n|\n|t:|1783551724\n|switch|p1a: Houndstone|Houndstone, L86, M|100/100\n|turn|99\n|inactive|Time left: 300 sec this turn | 300 sec total\n|\n|t:|1783551725\n|move|p2a: Pikachu|Volt Switch|p1a: Houndstone\n|-damage|p1a: Houndstone|73/100\n|inactive|Time left: 300 sec this turn | 300 sec total | 5 sec grace\n|\n|t:|1783551726\n|switch|p2a: Vileplume|Vileplume, L85, F|61/266|[from] Volt Switch\n|move|p1a: Houndstone|Poltergeist|p2a: Vileplume\n|-activate|p2a: Vileplume|move: Poltergeist|Leftovers\n|-damage|p2a: Vileplume|0 fnt\n|faint|p2a: Vileplume\n|\n|upkeep\n|inactive|Time left: 300 sec this turn | 300 sec total | 10 sec grace\n|\n|t:|1783551727\n|switch|p2a: Golem|Golem, L87, M|281/281\n|turn|100\n|inactive|Time left: 300 sec this turn | 300 sec total\n|\n|t:|1783551728\n|move|p1a: Houndstone|Poltergeist|p2a: Golem\n|-activate|p2a: Golem|move: Poltergeist|Custap Berry\n|-damage|p2a: Golem|187/281\n|move|p2a: Golem|Earthquake|p1a: Houndstone\n|-damage|p1a: Houndstone|27/100\n|\n|upkeep\n|turn|101\n|inactive|Time left: 300 sec this turn | 300 sec total\n|\n|t:|1783551728\n|move|p1a: Houndstone|Play Rough|p2a: Golem|[miss]\n|-miss|p1a: Houndstone|p2a: Golem\n|move|p2a: Golem|Earthquake|p1a: Houndstone\n|-damage|p1a: Houndstone|0 fnt\n|faint|p1a: Houndstone\n|\n|upkeep\n|\n|t:|1783551729\n|switch|p1a: Klefki|Klefki, L84, F|100/100\n|turn|102\n|inactive|Time left: 300 sec this turn | 300 sec total\n|\n|t:|1783551730\n|-terastallize|p1a: Klefki|Water\n|move|p1a: Klefki|Foul Play|p2a: Golem\n|-damage|p2a: Golem|127/281\n|move|p2a: Golem|Explosion|p1a: Klefki\n|-damage|p1a: Klefki|12/100\n|faint|p2a: Golem\n|\n|-heal|p1a: Klefki|18/100|[from] item: Leftovers\n|upkeep\n|inactive|Time left: 300 sec this turn | 300 sec total | 5 sec grace\n|\n|t:|1783551731\n|switch|p2a: Pikachu|Pikachu-Sinnoh, L93, M|216/216\n|turn|103\n|inactive|Time left: 300 sec this turn | 300 sec total\n|\n|t:|1783551732\n|move|p2a: Pikachu|Surf|p1a: Klefki\n|-resisted|p1a: Klefki\n|-damage|p1a: Klefki|0 fnt\n|faint|p1a: Klefki\n|\n|win|p0y10712c9e", "uploadtime": 1783551732, "views": 0, "rating": 0, "private": 0, "password": null, "_winner": "p0y10712c9e", "_our_name": "p0y10712c9e"}