{"id": "battle-gen9randombattle-1995", "formatid": "gen9randombattle", "format": "[Gen 9] Random Battle", "players": ["p0x199578b2", "p0y19950ec9"], "log": "|init|battle\n|title|p0x199578b2 vs. p0y19950ec9\n|j|\u2606p0x199578b2\n|j|\u2606p0y19950ec9\n|t:|1783563088\n|gametype|singles\n|player|p1|p0x199578b2|102|\n|player|p2|p0y19950ec9|101|\n|gen|9\n|tier|[Gen 9] Random Battle\n|rule|Species Clause: Limit one of each Pok\u00e9mon\n|rule|HP Percentage Mod: HP is shown in percentages\n|rule|Sleep Clause Mod: Limit one foe put to sleep\n|rule|Illusion Level Mod: Illusion disguises the Pok\u00e9mon's true level\n|\n|t:|1783563088\n|teamsize|p1|6\n|teamsize|p2|6\n|start\n|switch|p1a: Inteleon|Inteleon, L81, F|246/246\n|switch|p2a: Gurdurr|Gurdurr, L85, M|100/100\n|turn|1\n|inactive|Battle timer is ON: inactive players will automatically lose when time's up. (requested by p0y19950ec9)\n|inactive|Time left: 300 sec this turn | 300 sec total | 60 sec grace\n|inactive|p0x199578b2 also wants the timer to be on.\n|\n|t:|1783563089\n|move|p1a: Inteleon|Hydro Pump|p2a: Gurdurr\n|-damage|p2a: Gurdurr|33/100\n|move|p2a: Gurdurr|Drain Punch|p1a: Inteleon\n|-damage|p1a: Inteleon|138/246\n|-heal|p2a: Gurdurr|52/100|[from] drain|[of] p1a: Inteleon\n|\n|upkeep\n|turn|2\n|inactive|Time left: 300 sec this turn | 300 sec total\n|\n|t:|1783563090\n|switch|p2a: Chansey|Chansey, L85, F|100/100\n|move|p1a: Inteleon|Hydro Pump|p2a: Chansey|[miss]\n|-miss|p1a: Inteleon|p2a: Chansey\n|\n|upkeep\n|turn|3\n|inactive|Time left: 300 sec this turn | 300 sec total\n|\n|t:|1783563091\n|move|p1a: Inteleon|Hydro Pump|p2a: Chansey\n|-damage|p2a: Chansey|78/100\n|move|p2a: Chansey|Stealth Rock|p1a: Inteleon\n|-sidestart|p1: p0x199578b2|move: Stealth Rock\n|\n|upkeep\n|turn|4\n|inactive|Time left: 300 sec this turn | 300 sec total\n|\n|t:|1783563092\n|switch|p1a: Torterra|Torterra, L78, F|276/276\n|-damage|p1a: Torterra|259/276|[from] Stealth Rock\n|move|p2a: Chansey|Seismic Toss|p1a: Torterra\n|-damage|p1a: Torterra|174/276\n|\n|upkeep\n|turn|5\n|inactive|Time left: 300 sec this turn | 300 sec total\n|\n|t:|1783563093\n|switch|p2a: Kommo-o|Kommo-o, L77, M|100/100\n|move|p1a: Torterra|Shell Smash|p1a: Torterra\n|-unboost|p1a: Torterra|def|1\n|-unboost|p1a: Torterra|spd|1\n|-boost|p1a: Torterra|atk|2\n|-boost|p1a: Torterra|spa|2\n|-boost|p1a: Torterra|spe|2\n|\n|upkeep\n|turn|6\n|inactive|Time left: 300 sec this turn | 300 sec total\n|\n|t:|1783563094\n|move|p1a: Torterra|Bullet Seed|p2a: Kommo-o\n|-resisted|p2a: Kommo-o\n|-damage|p2a: Kommo-o|91/100\n|-resisted|p2a: Kommo-o\n|-damage|p2a: Kommo-o|83/100\n|-resisted|p2a: Kommo-o\n|-damage|p2a: Kommo-o|74/100\n|-resisted|p2a: Kommo-o\n|-damage|p2a: Kommo-o|65/100\n|-resisted|p2a: Kommo-o\n|-damage|p2a: Kommo-o|58/100\n|-hitcount|p2a: Kommo-o|5\n|move|p2a: Kommo-o|Close Combat|p1a: Torterra\n|-damage|p1a: Torterra|3/276\n|-unboost|p2a: Kommo-o|def|1\n|-unboost|p2a: Kommo-o|spd|1\n|\n|upkeep\n|turn|7\n|inactive|Time left: 300 sec this turn | 300 sec total\n|\n|t:|1783563095\n|move|p1a: Torterra|Bullet Seed|p2a: Kommo-o\n|-resisted|p2a: Kommo-o\n|-damage|p2a: Kommo-o|39/100\n|-resisted|p2a: Kommo-o\n|-damage|p2a: Kommo-o|21/100\n|-resisted|p2a: Kommo-o\n|-damage|p2a: Kommo-o|0 fnt\n|faint|p2a: Kommo-o\n|-hitcount|p2: Kommo-o|3\n|\n|upkeep\n|\n|t:|1783563096\n|switch|p2a: Gurdurr|Gurdurr, L85, M|52/100\n|turn|8\n|inactive|Time left: 300 sec this turn | 300 sec total\n|\n|t:|1783563097\n|move|p2a: Gurdurr|Mach Punch|p1a: Torterra\n|-damage|p1a: Torterra|0 fnt\n|faint|p1a: Torterra\n|\n|upkeep\n|inactive|Time left: 300 sec this turn | 300 sec total | 5 sec grace\n|\n|t:|1783563098\n|switch|p1a: Inteleon|Inteleon, L81, F|138/246\n|-damage|p1a: Inteleon|108/246|[from] Stealth Rock\n|turn|9\n|inactive|Time left: 300 sec this turn | 300 sec total\n|\n|t:|1783563099\n|switch|p2a: Chansey|Chansey, L85, F|78/100\n|move|p1a: Inteleon|Hydro Pump|p2a: Chansey\n|-damage|p2a: Chansey|59/100\n|\n|upkeep\n|turn|10\n|inactive|Time left: 300 sec this turn | 300 sec total\n|\n|t:|1783563100\n|switch|p1a: Decidueye|Decidueye-Hisui, L87, F|295/295\n|-damage|p1a: Decidueye|277/295|[from] Stealth Rock\n|move|p2a: Chansey|Soft-Boiled|p2a: Chansey\n|-heal|p2a: Chansey|100/100\n|\n|-heal|p1a: Decidueye|295/295|[from] item: Leftovers\n|upkeep\n|turn|11\n|inactive|Time left: 300 sec this turn | 300 sec total\n|\n|t:|1783563101\n|switch|p2a: Pecharunt|Pecharunt, L77|100/100\n|move|p1a: Decidueye|Triple Arrows|p2a: Pecharunt\n|-resisted|p2a: Pecharunt\n|-damage|p2a: Pecharunt|85/100\n|-unboost|p2a: Pecharunt|def|1\n|\n|-heal|p2a: Pecharunt|91/100|[from] item: Leftovers\n|upkeep\n|turn|12\n|inactive|Time left: 300 sec this turn | 300 sec total\n|\n|t:|1783563102\n|move|p2a: Pecharunt|Malignant Chain|p1a: Decidueye\n|-supereffective|p1a: Decidueye\n|-damage|p1a: Decidueye|139/295\n|move|p1a: Decidueye|Triple Arrows|p2a: Pecharunt\n|-resisted|p2a: Pecharunt\n|-damage|p2a: Pecharunt|69/100\n|\n|-heal|p2a: Pecharunt|75/100|[from] item: Leftovers\n|-heal|p1a: Decidueye|157/295|[from] item: Leftovers\n|upkeep\n|turn|13\n|inactive|Time left: 300 sec this turn | 300 sec total\n|\n|t:|1783563104\n|move|p2a: Pecharunt|Malignant Chain|p1a: Decidueye\n|-supereffective|p1a: Decidueye\n|-damage|p1a: Decidueye|7/295\n|move|p1a: Decidueye|Roost|p1a: Decidueye\n|-heal|p1a: Decidueye|155/295\n|-singleturn|p1a: Decidueye|move: Roost\n|\n|-heal|p2a: Pecharunt|81/100|[from] item: Leftovers\n|-heal|p1a: Decidueye|173/295|[from] item: Leftovers\n|upkeep\n|turn|14\n|inactive|Time left: 300 sec this turn | 300 sec total\n|\n|t:|1783563105\n|move|p2a: Pecharunt|Malignant Chain|p1a: Decidueye\n|-supereffective|p1a: Decidueye\n|-damage|p1a: Decidueye|35/295\n|-status|p1a: Decidueye|tox\n|-start|p1a: Decidueye|confusion|[from] ability: Poison Puppeteer|[of] p2a: Pecharunt\n|-activate|p1a: Decidueye|confusion\n|move|p1a: Decidueye|Roost|p1a: Decidueye\n|-heal|p1a: Decidueye|183/295 tox\n|-singleturn|p1a: Decidueye|move: Roost\n|\n|-heal|p2a: Pecharunt|88/100|[from] item: Leftovers\n|-heal|p1a: Decidueye|201/295 tox|[from] item: Leftovers\n|-damage|p1a: Decidueye|183/295 tox|[from] psn\n|upkeep\n|turn|15\n|inactive|Time left: 300 sec this turn | 300 sec total\n|\n|t:|1783563106\n|move|p2a: Pecharunt|Malignant Chain|p1a: Decidueye\n|-supereffective|p1a: Decidueye\n|-damage|p1a: Decidueye|31/295 tox\n|-activate|p1a: Decidueye|confusion\n|move|p1a: Decidueye|Triple Arrows|p2a: Pecharunt\n|-resisted|p2a: Pecharunt\n|-damage|p2a: Pecharunt|67/100\n|-unboost|p2a: Pecharunt|def|1\n|\n|-heal|p2a: Pecharunt|73/100|[from] item: Leftovers\n|-heal|p1a: Decidueye|49/295 tox|[from] item: Leftovers\n|-damage|p1a: Decidueye|13/295 tox|[from] psn\n|upkeep\n|turn|16\n|inactive|Time left: 300 sec this turn | 300 sec total\n|\n|t:|1783563107\n|move|p2a: Pecharunt|Nasty Plot|p2a: Pecharunt\n|-boost|p2a: Pecharunt|spa|2\n|-activate|p1a: Decidueye|confusion\n|move|p1a: Decidueye|Leaf Blade|p2a: Pecharunt\n|-resisted|p2a: Pecharunt\n|-damage|p2a: Pecharunt|46/100\n|\n|-heal|p2a: Pecharunt|52/100|[from] item: Leftovers\n|-heal|p1a: Decidueye|31/295 tox|[from] item: Leftovers\n|-damage|p1a: Decidueye|0 fnt|[from] psn\n|faint|p1a: Decidueye\n|upkeep\n|inactive|Time left: 300 sec this turn | 300 sec total | 5 sec grace\n|\n|t:|1783563108\n|switch|p1a: Inteleon|Inteleon, L81, F|108/246\n|-damage|p1a: Inteleon|78/246|[from] Stealth Rock\n|turn|17\n|inactive|Time left: 300 sec this turn | 300 sec total\n|\n|t:|1783563109\n|switch|p2a: Chansey|Chansey, L85, F|100/100\n|move|p1a: Inteleon|Scald|p2a: Chansey\n|-damage|p2a: Chansey|80/100\n|\n|upkeep\n|turn|18\n|inactive|Time left: 300 sec this turn | 300 sec total\n|\n|t:|1783563110\n|move|p1a: Inteleon|Scald|p2a: Chansey\n|-damage|p2a: Chansey|56/100\n|move|p2a: Chansey|Seismic Toss|p1a: Inteleon\n|-damage|p1a: Inteleon|0 fnt\n|faint|p1a: Inteleon\n|\n|upkeep\n|inactive|Time left: 300 sec this turn | 300 sec total | 5 sec grace\n|\n|t:|1783563111\n|switch|p1a: Pawmot|Pawmot, L80, F|243/243\n|-damage|p1a: Pawmot|228/243|[from] Stealth Rock\n|turn|19\n|inactive|Time left: 300 sec this turn | 300 sec total\n|\n|t:|1783563112\n|switch|p2a: Pecharunt|Pecharunt, L77|52/100\n|move|p1a: Pawmot|Double Shock|p2a: Pecharunt\n|-damage|p2a: Pecharunt|4/100\n|-start|p1a: Pawmot|typechange|???/Fighting|[from] move: Double Shock\n|-damage|p1a: Pawmot|204/243|[from] item: Life Orb\n|\n|-heal|p2a: Pecharunt|10/100|[from] item: Leftovers\n|upkeep\n|turn|20\n|inactive|Time left: 300 sec this turn | 300 sec total\n|\n|t:|1783563113\n|move|p1a: Pawmot|Ice Punch|p2a: Pecharunt\n|-damage|p2a: Pecharunt|0 fnt\n|faint|p2a: Pecharunt\n|-damage|p1a: Pawmot|180/243|[from] item: Life Orb\n|\n|upkeep\n|\n|t:|1783563114\n|switch|p2a: Gurdurr|Gurdurr, L85, M|52/100\n|turn|21\n|inactive|Time left: 300 sec this turn | 300 sec total\n|\n|t:|1783563115\n|move|p1a: Pawmot|Close Combat|p2a: Gurdurr\n|-crit|p2a: Gurdurr\n|-damage|p2a: Gurdurr|0 fnt\n|-unboost|p1a: Pawmot|def|1\n|-unboost|p1a: Pawmot|spd|1\n|faint|p2a: Gurdurr\n|-damage|p1a: Pawmot|156/243|[from] item: Life Orb\n|\n|upkeep\n|\n|t:|1783563116\n|switch|p2a: Kyogre|Kyogre, L71|100/100\n|-weather|RainDance|[from] ability: Drizzle|[of] p2a: Kyogre\n|turn|22\n|inactive|Time left: 300 sec this turn | 300 sec total\n|\n|t:|1783563117\n|-terastallize|p1a: Pawmot|Electric\n|move|p1a: Pawmot|Double Shock|p2a: Kyogre\n|-supereffective|p2a: Kyogre\n|-damage|p2a: Kyogre|0 fnt\n|-start|p1a: Pawmot|typechange|Electric|[from] move: Double Shock\n|faint|p2a: Kyogre\n|-damage|p1a: Pawmot|132/243|[from] item: Life Orb\n|\n|-weather|RainDance|[upkeep]\n|upkeep\n|\n|t:|1783563118\n|switch|p2a: Glalie|Glalie, L96, F|100/100\n|turn|23\n|inactive|Time left: 300 sec this turn | 300 sec total\n|\n|t:|1783563119\n|-terastallize|p2a: Glalie|Ground\n|move|p1a: Pawmot|Double Shock|p2a: Glalie\n|-immune|p2a: Glalie\n|move|p2a: Glalie|Freeze-Dry|p1a: Pawmot\n|-damage|p1a: Pawmot|0 fnt\n|faint|p1a: Pawmot\n|\n|-weather|RainDance|[upkeep]\n|upkeep\n|inactive|Time left: 300 sec this turn | 300 sec total | 5 sec grace\n|\n|t:|1783563120\n|switch|p1a: Rabsca|Rabsca, L91, M|284/284\n|turn|24\n|inactive|Time left: 300 sec this turn | 300 sec total\n|\n|t:|1783563121\n|switch|p2a: Chansey|Chansey, L85, F|56/100\n|move|p1a: Rabsca|Bug Buzz|p2a: Chansey\n|-damage|p2a: Chansey|42/100\n|\n|-weather|RainDance|[upkeep]\n|upkeep\n|turn|25\n|inactive|Time left: 300 sec this turn | 300 sec total\n|\n|t:|1783563122\n|move|p2a: Chansey|Soft-Boiled|p2a: Chansey\n|-heal|p2a: Chansey|92/100\n|move|p1a: Rabsca|Psychic|p2a: Chansey\n|-damage|p2a: Chansey|79/100\n|\n|-weather|RainDance|[upkeep]\n|upkeep\n|turn|26\n|inactive|Time left: 300 sec this turn | 300 sec total\n|\n|t:|1783563123\n|move|p1a: Rabsca|Psychic|p2a: Chansey\n|-damage|p2a: Chansey|66/100\n|move|p2a: Chansey|Seismic Toss|p1a: Rabsca\n|-damage|p1a: Rabsca|199/284\n|\n|-weather|none\n|upkeep\n|turn|27\n|inactive|Time left: 300 sec this turn | 300 sec total\n|\n|t:|1783563124\n|move|p1a: Rabsca|Recover|p1a: Rabsca\n|-heal|p1a: Rabsca|284/284\n|move|p2a: Chansey|Soft-Boiled|p2a: Chansey\n|-heal|p2a: Chansey|100/100\n|\n|upkeep\n|turn|28\n|inactive|Time left: 300 sec this turn | 300 sec total\n|\n|t:|1783563125\n|move|p2a: Chansey|Thunder Wave|p1a: Rabsca|[miss]\n|-miss|p2a: Chansey|p1a: Rabsca\n|move|p1a: Rabsca|Bug Buzz|p2a: Chansey\n|-damage|p2a: Chansey|87/100\n|\n|upkeep\n|turn|29\n|inactive|Time left: 300 sec this turn | 300 sec total\n|\n|t:|1783563126\n|move|p1a: Rabsca|Psychic|p2a: Chansey\n|-damage|p2a: Chansey|73/100\n|-unboost|p2a: Chansey|spd|1\n|move|p2a: Chansey|Seismic Toss|p1a: Rabsca\n|-damage|p1a: Rabsca|199/284\n|\n|upkeep\n|turn|30\n|inactive|Time left: 300 sec this turn | 300 sec total\n|\n|t:|1783563127\n|move|p2a: Chansey|Seismic Toss|p1a: Rabsca\n|-damage|p1a: Rabsca|114/284\n|move|p1a: Rabsca|Recover|p1a: Rabsca\n|-heal|p1a: Rabsca|256/284\n|\n|upkeep\n|turn|31\n|inactive|Time left: 300 sec this turn | 300 sec total\n|\n|t:|1783563128\n|move|p1a: Rabsca|Recover|p1a: Rabsca\n|-heal|p1a: Rabsca|284/284\n|move|p2a: Chansey|Seismic Toss|p1a: Rabsca\n|-damage|p1a: Rabsca|199/284\n|\n|upkeep\n|turn|32\n|inactive|Time left: 300 sec this turn | 300 sec total\n|\n|t:|1783563129\n|move|p1a: Rabsca|Recover|p1a: Rabsca\n|-heal|p1a: Rabsca|284/284\n|move|p2a: Chansey|Seismic Toss|p1a: Rabsca\n|-damage|p1a: Rabsca|199/284\n|\n|upkeep\n|turn|33\n|inactive|Time left: 300 sec this turn | 300 sec total\n|\n|t:|1783563129\n|move|p1a: Rabsca|Recover|p1a: Rabsca\n|-heal|p1a: Rabsca|284/284\n|move|p2a: Chansey|Seismic Toss|p1a: Rabsca\n|-damage|p1a: Rabsca|199/284\n|\n|upkeep\n|turn|34\n|inactive|Time left: 300 sec this turn | 300 sec total\n|\n|t:|1783563130\n|move|p2a: Chansey|Soft-Boiled|p2a: Chansey\n|-heal|p2a: Chansey|100/100\n|move|p1a: Rabsca|Recover|p1a: Rabsca\n|-heal|p1a: Rabsca|284/284\n|\n|upkeep\n|turn|35\n|inactive|Time left: 300 sec this turn | 300 sec total\n|\n|t:|1783563131\n|move|p1a: Rabsca|Bug Buzz|p2a: Chansey\n|-crit|p2a: Chansey\n|-damage|p2a: Chansey|73/100\n|move|p2a: Chansey|Thunder Wave|p1a: Rabsca|[miss]\n|-miss|p2a: Chansey|p1a: Rabsca\n|\n|upkeep\n|turn|36\n|inactive|Time left: 300 sec this turn | 300 sec total\n|\n|t:|1783563131\n|move|p1a: Rabsca|Bug Buzz|p2a: Chansey\n|-damage|p2a: Chansey|54/100\n|move|p2a: Chansey|Soft-Boiled|p2a: Chansey\n|-heal|p2a: Chansey|100/100\n|\n|upkeep\n|turn|37\n|inactive|Time left: 300 sec this turn | 300 sec total\n|\n|t:|1783563132\n|move|p1a: Rabsca|Bug Buzz|p2a: Chansey\n|-damage|p2a: Chansey|80/100\n|move|p2a: Chansey|Seismic Toss|p1a: Rabsca\n|-damage|p1a: Rabsca|199/284\n|\n|upkeep\n|turn|38\n|inactive|Time left: 300 sec this turn | 300 sec total\n|\n|t:|1783563133\n|move|p2a: Chansey|Thunder Wave|p1a: Rabsca|[miss]\n|-miss|p2a: Chansey|p1a: Rabsca\n|move|p1a: Rabsca|Recover|p1a: Rabsca\n|-heal|p1a: Rabsca|284/284\n|\n|upkeep\n|turn|39\n|inactive|Time left: 300 sec this turn | 300 sec total\n|\n|t:|1783563133\n|move|p2a: Chansey|Thunder Wave|p1a: Rabsca\n|-status|p1a: Rabsca|par\n|-activate|p1a: Rabsca|ability: Synchronize\n|-status|p2a: Chansey|par\n|move|p1a: Rabsca|Bug Buzz|p2a: Chansey\n|-damage|p2a: Chansey|62/100 par\n|\n|upkeep\n|turn|40\n|inactive|Time left: 300 sec this turn | 300 sec total\n|\n|t:|1783563134\n|move|p1a: Rabsca|Bug Buzz|p2a: Chansey\n|-damage|p2a: Chansey|42/100 par\n|move|p2a: Chansey|Soft-Boiled|p2a: Chansey\n|-heal|p2a: Chansey|92/100 par\n|\n|upkeep\n|turn|41\n|inactive|Time left: 300 sec this turn | 300 sec total\n|\n|t:|1783563135\n|move|p2a: Chansey|Seismic Toss|p1a: Rabsca\n|-damage|p1a: Rabsca|199/284 par\n|move|p1a: Rabsca|Bug Buzz|p2a: Chansey\n|-damage|p2a: Chansey|73/100 par\n|\n|upkeep\n|turn|42\n|inactive|Time left: 300 sec this turn | 300 sec total\n|\n|t:|1783563136\n|cant|p1a: Rabsca|par\n|cant|p2a: Chansey|par\n|\n|upkeep\n|turn|43\n|inactive|Time left: 300 sec this turn | 300 sec total\n|\n|t:|1783563137\n|move|p1a: Rabsca|Bug Buzz|p2a: Chansey\n|-damage|p2a: Chansey|54/100 par\n|cant|p2a: Chansey|par\n|\n|upkeep\n|turn|44\n|inactive|Time left: 300 sec this turn | 300 sec total\n|\n|t:|1783563138\n|move|p2a: Chansey|Soft-Boiled|p2a: Chansey\n|-heal|p2a: Chansey|100/100 par\n|move|p1a: Rabsca|Bug Buzz|p2a: Chansey\n|-damage|p2a: Chansey|80/100 par\n|\n|upkeep\n|turn|45\n|inactive|Time left: 300 sec this turn | 300 sec total\n|\n|t:|1783563139\n|cant|p2a: Chansey|par\n|move|p1a: Rabsca|Bug Buzz|p2a: Chansey\n|-damage|p2a: Chansey|61/100 par\n|\n|upkeep\n|turn|46\n|inactive|Time left: 300 sec this turn | 300 sec total\n|\n|t:|1783563140\n|move|p1a: Rabsca|Recover|p1a: Rabsca\n|-heal|p1a: Rabsca|284/284 par\n|cant|p2a: Chansey|par\n|\n|upkeep\n|turn|47\n|inactive|Time left: 300 sec this turn | 300 sec total\n|\n|t:|1783563141\n|move|p2a: Chansey|Seismic Toss|p1a: Rabsca\n|-damage|p1a: Rabsca|199/284 par\n|move|p1a: Rabsca|Psychic|p2a: Chansey\n|-damage|p2a: Chansey|41/100 par\n|\n|upkeep\n|turn|48\n|inactive|Time left: 300 sec this turn | 300 sec total\n|\n|t:|1783563142\n|move|p2a: Chansey|Soft-Boiled|p2a: Chansey\n|-heal|p2a: Chansey|91/100 par\n|move|p1a: Rabsca|Psychic|p2a: Chansey\n|-damage|p2a: Chansey|72/100 par\n|-unboost|p2a: Chansey|spd|1\n|\n|upkeep\n|turn|49\n|inactive|Time left: 300 sec this turn | 300 sec total\n|\n|t:|1783563143\n|-curestatus|p2a: Chansey|par|[from] ability: Natural Cure|[silent]\n|switch|p2a: Glalie|Glalie, L96, F, tera:Ground|100/100\n|move|p1a: Rabsca|Psychic|p2a: Glalie\n|-damage|p2a: Glalie|65/100\n|-unboost|p2a: Glalie|spd|1\n|\n|upkeep\n|turn|50\n|inactive|Time left: 300 sec this turn | 300 sec total\n|\n|t:|1783563145\n|switch|p2a: Chansey|Chansey, L85, F|72/100\n|cant|p1a: Rabsca|par\n|\n|upkeep\n|turn|51\n|inactive|Time left: 300 sec this turn | 300 sec total\n|\n|t:|1783563146\n|move|p2a: Chansey|Seismic Toss|p1a: Rabsca\n|-damage|p1a: Rabsca|114/284 par\n|cant|p1a: Rabsca|par\n|\n|upkeep\n|turn|52\n|inactive|Time left: 300 sec this turn | 300 sec total\n|\n|t:|1783563147\n|move|p2a: Chansey|Seismic Toss|p1a: Rabsca\n|-damage|p1a: Rabsca|29/284 par\n|cant|p1a: Rabsca|par\n|\n|upkeep\n|turn|53\n|inactive|Time left: 300 sec this turn | 300 sec total\n|\n|t:|1783563148\n|move|p2a: Chansey|Seismic Toss|p1a: Rabsca\n|-damage|p1a: Rabsca|0 fnt\n|faint|p1a: Rabsca\n|\n|upkeep\n|inactive|Time left: 300 sec this turn | 300 sec total | 5 sec grace\n|\n|t:|1783563149\n|switch|p1a: Salazzle|Salazzle, L83, F|249/249\n|-damage|p1a: Salazzle|187/249|[from] Stealth Rock\n|turn|54\n|inactive|Time left: 300 sec this turn | 300 sec total\n|\n|t:|1783563150\n|move|p1a: Salazzle|Flamethrower|p2a: Chansey\n|-damage|p2a: Chansey|62/100\n|move|p2a: Chansey|Seismic Toss|p1a: Salazzle\n|-damage|p1a: Salazzle|102/249\n|\n|-heal|p1a: Salazzle|117/249|[from] item: Leftovers\n|upkeep\n|turn|55\n|inactive|Time left: 300 sec this turn | 300 sec total\n|\n|t:|1783563151\n|move|p1a: Salazzle|Flamethrower|p2a: Chansey\n|-damage|p2a: Chansey|52/100\n|-status|p2a: Chansey|brn\n|move|p2a: Chansey|Seismic Toss|p1a: Salazzle\n|-damage|p1a: Salazzle|32/249\n|\n|-heal|p1a: Salazzle|47/249|[from] item: Leftovers\n|-damage|p2a: Chansey|45/100 brn|[from] brn\n|upkeep\n|turn|56\n|inactive|Time left: 300 sec this turn | 300 sec total\n|\n|t:|1783563152\n|move|p1a: Salazzle|Toxic||[still]\n|-fail|p1a: Salazzle\n|move|p2a: Chansey|Seismic Toss|p1a: Salazzle\n|-damage|p1a: Salazzle|0 fnt\n|faint|p1a: Salazzle\n|\n|win|p0y19950ec9", "uploadtime": 1783563152, "views": 0, "rating": 0, "private": 0, "password": null, "_winner": "p0y19950ec9", "_our_name": "p0x199578b2"}