{"id": "battle-gen9randombattle-262", "formatid": "gen9randombattle", "format": "[Gen 9] Random Battle", "players": ["p0x2629df6", "p0y2625ed5"], "log": "|init|battle\n|title|p0x2629df6 vs. p0y2625ed5\n|j|\u2606p0x2629df6\n|j|\u2606p0y2625ed5\n|t:|1783536303\n|gametype|singles\n|player|p1|p0x2629df6|102|\n|player|p2|p0y2625ed5|2|\n|gen|9\n|tier|[Gen 9] Random Battle\n|rule|Species Clause: Limit one of each Pok\u00e9mon\n|rule|HP Percentage Mod: HP is shown in percentages\n|rule|Sleep Clause Mod: Limit one foe put to sleep\n|rule|Illusion Level Mod: Illusion disguises the Pok\u00e9mon's true level\n|\n|t:|1783536303\n|teamsize|p1|6\n|teamsize|p2|6\n|start\n|switch|p1a: Gothitelle|Gothitelle, L90, F|272/272\n|switch|p2a: Goodra|Goodra-Hisui, L82, M|100/100\n|turn|1\n|inactive|Battle timer is ON: inactive players will automatically lose when time's up. (requested by p0y2625ed5)\n|inactive|Time left: 300 sec this turn | 300 sec total | 60 sec grace\n|inactive|p0x2629df6 also wants the timer to be on.\n|\n|t:|1783536305\n|move|p1a: Gothitelle|Calm Mind|p1a: Gothitelle\n|-boost|p1a: Gothitelle|spa|1\n|-boost|p1a: Gothitelle|spd|1\n|move|p2a: Goodra|Heavy Slam|p1a: Gothitelle\n|-damage|p1a: Gothitelle|163/272\n|\n|-heal|p1a: Gothitelle|180/272|[from] item: Leftovers\n|upkeep\n|turn|2\n|inactive|Time left: 300 sec this turn | 300 sec total\n|\n|t:|1783536306\n|move|p1a: Gothitelle|Focus Blast|p2a: Goodra|[miss]\n|-miss|p1a: Gothitelle|p2a: Goodra\n|move|p2a: Goodra|Heavy Slam|p1a: Gothitelle\n|-damage|p1a: Gothitelle|66/272\n|\n|-heal|p1a: Gothitelle|83/272|[from] item: Leftovers\n|upkeep\n|turn|3\n|inactive|Time left: 300 sec this turn | 300 sec total\n|\n|t:|1783536308\n|switch|p1a: Samurott|Samurott, L88, M|310/310\n|move|p2a: Goodra|Heavy Slam|p1a: Samurott\n|-resisted|p1a: Samurott\n|-damage|p1a: Samurott|271/310\n|\n|upkeep\n|turn|4\n|inactive|Time left: 300 sec this turn | 300 sec total\n|\n|t:|1783536309\n|move|p1a: Samurott|Swords Dance|p1a: Samurott\n|-boost|p1a: Samurott|atk|2\n|move|p2a: Goodra|Fire Blast|p1a: Samurott|[miss]\n|-miss|p2a: Goodra|p1a: Samurott\n|\n|upkeep\n|turn|5\n|inactive|Time left: 300 sec this turn | 300 sec total\n|\n|t:|1783536310\n|switch|p2a: Dragonite|Dragonite, L74, F|100/100\n|move|p1a: Samurott|Sacred Sword|p2a: Dragonite\n|-resisted|p2a: Dragonite\n|-damage|p2a: Dragonite|83/100\n|-damage|p1a: Samurott|240/310|[from] item: Life Orb\n|\n|upkeep\n|turn|6\n|inactive|Time left: 300 sec this turn | 300 sec total\n|\n|t:|1783536312\n|move|p1a: Samurott|Knock Off|p2a: Dragonite\n|-damage|p2a: Dragonite|6/100\n|-enditem|p2a: Dragonite|Heavy-Duty Boots|[from] move: Knock Off|[of] p1a: Samurott\n|-damage|p1a: Samurott|209/310|[from] item: Life Orb\n|move|p2a: Dragonite|Outrage|p1a: Samurott\n|-damage|p1a: Samurott|86/310\n|\n|upkeep\n|turn|7\n|inactive|Time left: 300 sec this turn | 300 sec total\n|\n|t:|1783536313\n|switch|p1a: Ninetales|Ninetales-Alola, L78, F|242/242\n|-weather|Snowscape|[from] ability: Snow Warning|[of] p1a: Ninetales\n|move|p2a: Dragonite|Outrage|p1a: Ninetales|[from] lockedmove\n|-immune|p1a: Ninetales\n|-start|p2a: Dragonite|confusion|[fatigue]\n|\n|-weather|Snowscape|[upkeep]\n|upkeep\n|turn|8\n|inactive|Time left: 300 sec this turn | 300 sec total\n|\n|t:|1783536314\n|switch|p2a: Barraskewda|Barraskewda, L81, M|100/100\n|move|p1a: Ninetales|Aurora Veil|p1a: Ninetales\n|-sidestart|p1: p0x2629df6|move: Aurora Veil\n|\n|-weather|Snowscape|[upkeep]\n|upkeep\n|turn|9\n|inactive|Time left: 300 sec this turn | 300 sec total\n|\n|t:|1783536315\n|move|p2a: Barraskewda|Waterfall|p1a: Ninetales\n|-damage|p1a: Ninetales|188/242\n|move|p1a: Ninetales|Moonblast|p2a: Barraskewda\n|-damage|p2a: Barraskewda|47/100\n|\n|-weather|Snowscape|[upkeep]\n|upkeep\n|turn|10\n|inactive|Time left: 300 sec this turn | 300 sec total\n|\n|t:|1783536316\n|move|p2a: Barraskewda|Waterfall|p1a: Ninetales\n|-damage|p1a: Ninetales|134/242\n|move|p1a: Ninetales|Moonblast|p2a: Barraskewda\n|-damage|p2a: Barraskewda|0 fnt\n|faint|p2a: Barraskewda\n|\n|-weather|Snowscape|[upkeep]\n|upkeep\n|\n|t:|1783536317\n|switch|p2a: Clefable|Clefable, L83, M|100/100\n|turn|11\n|inactive|Time left: 300 sec this turn | 300 sec total\n|\n|t:|1783536319\n|switch|p1a: Samurott|Samurott, L88, M|86/310\n|move|p2a: Clefable|Calm Mind|p2a: Clefable\n|-boost|p2a: Clefable|spa|1\n|-boost|p2a: Clefable|spd|1\n|\n|-weather|none\n|upkeep\n|turn|12\n|inactive|Time left: 300 sec this turn | 300 sec total\n|\n|t:|1783536320\n|move|p1a: Samurott|Liquidation|p2a: Clefable\n|-damage|p2a: Clefable|20/100\n|-damage|p1a: Samurott|55/310|[from] item: Life Orb\n|move|p2a: Clefable|Moonblast|p1a: Samurott\n|-damage|p1a: Samurott|0 fnt\n|faint|p1a: Samurott\n|\n|upkeep\n|inactive|Time left: 300 sec this turn | 300 sec total | 5 sec grace\n|\n|t:|1783536321\n|switch|p1a: Shiftry|Shiftry, L89, F|305/305\n|turn|13\n|inactive|Time left: 300 sec this turn | 300 sec total\n|\n|t:|1783536322\n|move|p1a: Shiftry|Knock Off|p2a: Clefable\n|-resisted|p2a: Clefable\n|-damage|p2a: Clefable|0 fnt\n|-enditem|p2a: Clefable|Life Orb|[from] move: Knock Off|[of] p1a: Shiftry\n|faint|p2a: Clefable\n|-damage|p1a: Shiftry|275/305|[from] item: Life Orb\n|\n|upkeep\n|\n|t:|1783536323\n|switch|p2a: Goodra|Goodra-Hisui, L82, M|100/100\n|turn|14\n|inactive|Time left: 300 sec this turn | 300 sec total\n|\n|t:|1783536324\n|move|p1a: Shiftry|Swords Dance|p1a: Shiftry\n|-boost|p1a: Shiftry|atk|2\n|move|p2a: Goodra|Heavy Slam|p1a: Shiftry\n|-damage|p1a: Shiftry|205/305\n|\n|upkeep\n|turn|15\n|inactive|Time left: 300 sec this turn | 300 sec total\n|\n|t:|1783536325\n|switch|p2a: Dragonite|Dragonite, L74, F|6/100\n|move|p1a: Shiftry|Knock Off|p2a: Dragonite\n|-damage|p2a: Dragonite|0 fnt\n|faint|p2a: Dragonite\n|-damage|p1a: Shiftry|175/305|[from] item: Life Orb\n|\n|-sideend|p1: p0x2629df6|move: Aurora Veil\n|upkeep\n|\n|t:|1783536326\n|switch|p2a: Bisharp|Bisharp, L79, F|100/100\n|turn|16\n|inactive|Time left: 300 sec this turn | 300 sec total\n|\n|t:|1783536327\n|move|p1a: Shiftry|Knock Off|p2a: Bisharp\n|-resisted|p2a: Bisharp\n|-damage|p2a: Bisharp|61/100\n|-enditem|p2a: Bisharp|Eviolite|[from] move: Knock Off|[of] p1a: Shiftry\n|-damage|p1a: Shiftry|145/305|[from] item: Life Orb\n|move|p2a: Bisharp|Iron Head|p1a: Shiftry\n|-damage|p1a: Shiftry|36/305\n|\n|upkeep\n|turn|17\n|inactive|Time left: 300 sec this turn | 300 sec total\n|\n|t:|1783536328\n|move|p1a: Shiftry|Leaf Blade|p2a: Bisharp\n|-resisted|p2a: Bisharp\n|-damage|p2a: Bisharp|3/100\n|-damage|p1a: Shiftry|6/305|[from] item: Life Orb\n|move|p2a: Bisharp|Throat Chop|p1a: Shiftry\n|-resisted|p1a: Shiftry\n|-damage|p1a: Shiftry|0 fnt\n|faint|p1a: Shiftry\n|\n|upkeep\n|inactive|Time left: 300 sec this turn | 300 sec total | 5 sec grace\n|\n|t:|1783536329\n|switch|p1a: Ninetales|Ninetales-Alola, L78, F|134/242\n|-weather|Snowscape|[from] ability: Snow Warning|[of] p1a: Ninetales\n|turn|18\n|inactive|Time left: 300 sec this turn | 300 sec total\n|\n|t:|1783536330\n|move|p1a: Ninetales|Aurora Veil|p1a: Ninetales\n|-sidestart|p1: p0x2629df6|move: Aurora Veil\n|move|p2a: Bisharp|Iron Head|p1a: Ninetales\n|-supereffective|p1a: Ninetales\n|-damage|p1a: Ninetales|0 fnt\n|faint|p1a: Ninetales\n|\n|-weather|Snowscape|[upkeep]\n|upkeep\n|inactive|Time left: 300 sec this turn | 300 sec total | 5 sec grace\n|\n|t:|1783536331\n|switch|p1a: Ursaring|Ursaring, L84, M|288/288\n|turn|19\n|inactive|Time left: 300 sec this turn | 300 sec total\n|\n|t:|1783536332\n|move|p2a: Bisharp|Iron Head|p1a: Ursaring\n|-damage|p1a: Ursaring|239/288\n|move|p1a: Ursaring|Swords Dance|p1a: Ursaring\n|-boost|p1a: Ursaring|atk|2\n|\n|-weather|Snowscape|[upkeep]\n|-status|p1a: Ursaring|tox|[from] item: Toxic Orb\n|upkeep\n|turn|20\n|inactive|Time left: 300 sec this turn | 300 sec total\n|\n|t:|1783536333\n|move|p2a: Bisharp|Sucker Punch|p1a: Ursaring\n|-damage|p1a: Ursaring|191/288 tox\n|move|p1a: Ursaring|Crunch|p2a: Bisharp\n|-resisted|p2a: Bisharp\n|-damage|p2a: Bisharp|0 fnt\n|faint|p2a: Bisharp\n|\n|-weather|Snowscape|[upkeep]\n|-damage|p1a: Ursaring|173/288 tox|[from] psn\n|upkeep\n|\n|t:|1783536335\n|switch|p2a: Gengar|Gengar, L81, M|100/100\n|turn|21\n|inactive|Time left: 300 sec this turn | 300 sec total\n|\n|t:|1783536336\n|-terastallize|p2a: Gengar|Fighting\n|move|p2a: Gengar|Focus Blast|p1a: Ursaring\n|-supereffective|p1a: Ursaring\n|-crit|p1a: Ursaring\n|-damage|p1a: Ursaring|0 fnt\n|faint|p1a: Ursaring\n|-damage|p2a: Gengar|90/100|[from] item: Life Orb\n|\n|-weather|Snowscape|[upkeep]\n|upkeep\n|inactive|Time left: 300 sec this turn | 300 sec total | 5 sec grace\n|\n|t:|1783536336\n|switch|p1a: Duraludon|Duraludon, L82, F|249/249\n|turn|22\n|inactive|Time left: 300 sec this turn | 300 sec total\n|\n|t:|1783536337\n|-terastallize|p1a: Duraludon|Fighting\n|move|p2a: Gengar|Nasty Plot|p2a: Gengar\n|-boost|p2a: Gengar|spa|2\n|move|p1a: Duraludon|Iron Defense|p1a: Duraludon\n|-boost|p1a: Duraludon|def|2\n|\n|-weather|none\n|upkeep\n|turn|23\n|inactive|Time left: 300 sec this turn | 300 sec total\n|\n|t:|1783536338\n|move|p2a: Gengar|Shadow Ball|p1a: Duraludon\n|-damage|p1a: Duraludon|126/249\n|-damage|p2a: Gengar|80/100|[from] item: Life Orb\n|move|p1a: Duraludon|Body Press|p2a: Gengar\n|-damage|p2a: Gengar|0 fnt\n|faint|p2a: Gengar\n|\n|upkeep\n|\n|t:|1783536339\n|switch|p2a: Goodra|Goodra-Hisui, L82, M|100/100\n|turn|24\n|inactive|Time left: 300 sec this turn | 300 sec total\n|\n|t:|1783536340\n|move|p1a: Duraludon|Body Press|p2a: Goodra\n|-supereffective|p2a: Goodra\n|-damage|p2a: Goodra|0 fnt\n|faint|p2a: Goodra\n|\n|win|p0x2629df6", "uploadtime": 1783536340, "views": 0, "rating": 0, "private": 0, "password": null, "_winner": "p0x2629df6", "_our_name": "p0x2629df6"}