{"id": "battle-gen9randombattle-236", "formatid": "gen9randombattle", "format": "[Gen 9] Random Battle", "players": ["p0x2367fbf", "p0y2367f2f"], "log": "|init|battle\n|title|p0x2367fbf vs. p0y2367f2f\n|j|\u2606p0x2367fbf\n|j|\u2606p0y2367f2f\n|t:|1783536014\n|gametype|singles\n|player|p1|p0x2367fbf|2|\n|player|p2|p0y2367f2f|2|\n|gen|9\n|tier|[Gen 9] Random Battle\n|rule|Species Clause: Limit one of each Pok\u00e9mon\n|rule|HP Percentage Mod: HP is shown in percentages\n|rule|Sleep Clause Mod: Limit one foe put to sleep\n|rule|Illusion Level Mod: Illusion disguises the Pok\u00e9mon's true level\n|\n|t:|1783536014\n|teamsize|p1|6\n|teamsize|p2|6\n|start\n|switch|p1a: Registeel|Registeel, L81|262/262\n|switch|p2a: Ambipom|Ambipom, L84, F|100/100\n|turn|1\n|inactive|Battle timer is ON: inactive players will automatically lose when time's up. (requested by p0y2367f2f)\n|inactive|Time left: 300 sec this turn | 300 sec total | 60 sec grace\n|\n|t:|1783536015\n|move|p2a: Ambipom|Fake Out|p1a: Registeel\n|-resisted|p1a: Registeel\n|-damage|p1a: Registeel|236/262\n|cant|p1a: Registeel|flinch\n|\n|-heal|p1a: Registeel|252/262|[from] item: Leftovers\n|upkeep\n|turn|2\n|inactive|Time left: 300 sec this turn | 300 sec total\n|inactive|p0x2367fbf also wants the timer to be on.\n|\n|t:|1783536017\n|switch|p2a: Noctowl|Noctowl, L95, M|100/100\n|move|p1a: Registeel|Body Press|p2a: Noctowl\n|-damage|p2a: Noctowl|72/100\n|\n|-heal|p1a: Registeel|262/262|[from] item: Leftovers\n|upkeep\n|turn|3\n|inactive|Time left: 300 sec this turn | 300 sec total\n|\n|t:|1783536018\n|move|p2a: Noctowl|Nasty Plot|p2a: Noctowl\n|-boost|p2a: Noctowl|spa|2\n|move|p1a: Registeel|Body Press|p2a: Noctowl\n|-damage|p2a: Noctowl|43/100\n|\n|upkeep\n|turn|4\n|inactive|Time left: 300 sec this turn | 300 sec total\n|\n|t:|1783536019\n|move|p2a: Noctowl|Hurricane|p1a: Registeel\n|-resisted|p1a: Registeel\n|-damage|p1a: Registeel|76/262\n|move|p1a: Registeel|Body Press|p2a: Noctowl\n|-damage|p2a: Noctowl|12/100\n|\n|-heal|p1a: Registeel|92/262|[from] item: Leftovers\n|upkeep\n|turn|5\n|inactive|Time left: 300 sec this turn | 300 sec total\n|\n|t:|1783536020\n|move|p2a: Noctowl|Hyper Voice|p1a: Registeel\n|-resisted|p1a: Registeel\n|-damage|p1a: Registeel|0 fnt\n|faint|p1a: Registeel\n|\n|upkeep\n|inactive|Time left: 300 sec this turn | 300 sec total | 5 sec grace\n|\n|t:|1783536021\n|switch|p1a: Floatzel|Floatzel, L86, F|286/286\n|turn|6\n|inactive|Time left: 300 sec this turn | 300 sec total\n|\n|t:|1783536022\n|switch|p2a: Clawitzer|Clawitzer, L87, M|100/100\n|move|p1a: Floatzel|Wave Crash|p2a: Clawitzer\n|-resisted|p2a: Clawitzer\n|-damage|p2a: Clawitzer|61/100\n|-damage|p1a: Floatzel|251/286|[from] Recoil\n|\n|upkeep\n|turn|7\n|inactive|Time left: 300 sec this turn | 300 sec total\n|\n|t:|1783536024\n|move|p1a: Floatzel|Wave Crash|p2a: Clawitzer\n|-resisted|p2a: Clawitzer\n|-damage|p2a: Clawitzer|24/100\n|-damage|p1a: Floatzel|219/286|[from] Recoil\n|move|p2a: Clawitzer|Aura Sphere|p1a: Floatzel\n|-damage|p1a: Floatzel|0 fnt\n|faint|p1a: Floatzel\n|\n|upkeep\n|inactive|Time left: 300 sec this turn | 300 sec total | 5 sec grace\n|\n|t:|1783536025\n|switch|p1a: Bellossom|Bellossom, L84, M|263/263\n|turn|8\n|inactive|Time left: 300 sec this turn | 300 sec total\n|\n|t:|1783536026\n|move|p2a: Clawitzer|Aura Sphere|p1a: Bellossom\n|-damage|p1a: Bellossom|128/263\n|move|p1a: Bellossom|Quiver Dance|p1a: Bellossom\n|-boost|p1a: Bellossom|spa|1\n|-boost|p1a: Bellossom|spd|1\n|-boost|p1a: Bellossom|spe|1\n|\n|-heal|p1a: Bellossom|144/263|[from] item: Leftovers\n|upkeep\n|turn|9\n|inactive|Time left: 300 sec this turn | 300 sec total\n|\n|t:|1783536027\n|move|p1a: Bellossom|Quiver Dance|p1a: Bellossom\n|-boost|p1a: Bellossom|spa|1\n|-boost|p1a: Bellossom|spd|1\n|-boost|p1a: Bellossom|spe|1\n|move|p2a: Clawitzer|Aura Sphere|p1a: Bellossom\n|-damage|p1a: Bellossom|76/263\n|\n|-heal|p1a: Bellossom|92/263|[from] item: Leftovers\n|upkeep\n|turn|10\n|inactive|Time left: 300 sec this turn | 300 sec total\n|\n|t:|1783536028\n|switch|p2a: Noctowl|Noctowl, L95, M|12/100\n|move|p1a: Bellossom|Strength Sap|p2a: Noctowl\n|-unboost|p2a: Noctowl|atk|1\n|-heal|p1a: Bellossom|192/263\n|\n|-heal|p1a: Bellossom|208/263|[from] item: Leftovers\n|upkeep\n|turn|11\n|inactive|Time left: 300 sec this turn | 300 sec total\n|\n|t:|1783536029\n|move|p1a: Bellossom|Giga Drain|p2a: Noctowl\n|-resisted|p2a: Noctowl\n|-damage|p2a: Noctowl|0 fnt\n|-heal|p1a: Bellossom|228/263|[from] drain|[of] p2a: Noctowl\n|faint|p2a: Noctowl\n|\n|-heal|p1a: Bellossom|244/263|[from] item: Leftovers\n|upkeep\n|\n|t:|1783536030\n|switch|p2a: Mimikyu|Mimikyu, L79, M|100/100\n|turn|12\n|inactive|Time left: 300 sec this turn | 300 sec total\n|\n|t:|1783536032\n|move|p1a: Bellossom|Giga Drain|p2a: Mimikyu\n|-activate|p2a: Mimikyu|ability: Disguise\n|-damage|p2a: Mimikyu|100/100\n|detailschange|p2a: Mimikyu|Mimikyu-Busted, L79, M\n|-damage|p2a: Mimikyu|88/100|[from] pokemon: Mimikyu-Busted\n|move|p2a: Mimikyu|Swords Dance|p2a: Mimikyu\n|-boost|p2a: Mimikyu|atk|2\n|\n|-heal|p1a: Bellossom|260/263|[from] item: Leftovers\n|upkeep\n|turn|13\n|inactive|Time left: 300 sec this turn | 300 sec total\n|\n|t:|1783536033\n|move|p1a: Bellossom|Strength Sap|p2a: Mimikyu\n|-unboost|p2a: Mimikyu|atk|1\n|-heal|p1a: Bellossom|263/263\n|move|p2a: Mimikyu|Play Rough|p1a: Bellossom\n|-damage|p1a: Bellossom|117/263\n|-damage|p2a: Mimikyu|78/100|[from] item: Life Orb\n|\n|-heal|p1a: Bellossom|133/263|[from] item: Leftovers\n|upkeep\n|turn|14\n|inactive|Time left: 300 sec this turn | 300 sec total\n|\n|t:|1783536034\n|move|p1a: Bellossom|Giga Drain|p2a: Mimikyu\n|-damage|p2a: Mimikyu|16/100\n|-heal|p1a: Bellossom|201/263|[from] drain|[of] p2a: Mimikyu\n|move|p2a: Mimikyu|Play Rough|p1a: Bellossom\n|-damage|p1a: Bellossom|41/263\n|-unboost|p1a: Bellossom|atk|1\n|-damage|p2a: Mimikyu|6/100|[from] item: Life Orb\n|\n|-heal|p1a: Bellossom|57/263|[from] item: Leftovers\n|upkeep\n|turn|15\n|inactive|Time left: 300 sec this turn | 300 sec total\n|\n|t:|1783536035\n|move|p2a: Mimikyu|Shadow Sneak|p1a: Bellossom\n|-damage|p1a: Bellossom|0 fnt\n|faint|p1a: Bellossom\n|-damage|p2a: Mimikyu|0 fnt|[from] item: Life Orb\n|faint|p2a: Mimikyu\n|\n|upkeep\n|inactive|Time left: 300 sec this turn | 300 sec total | 5 sec grace\n|\n|t:|1783536036\n|switch|p2a: Hydreigon|Hydreigon, L79, M|100/100\n|switch|p1a: Reuniclus|Reuniclus, L88, M|337/337\n|turn|16\n|inactive|Time left: 300 sec this turn | 300 sec total\n|\n|t:|1783536036\n|move|p2a: Hydreigon|Dark Pulse|p1a: Reuniclus\n|-supereffective|p1a: Reuniclus\n|-damage|p1a: Reuniclus|59/337\n|move|p1a: Reuniclus|Focus Blast|p2a: Hydreigon\n|-supereffective|p2a: Hydreigon\n|-damage|p2a: Hydreigon|0 fnt\n|faint|p2a: Hydreigon\n|\n|upkeep\n|\n|t:|1783536037\n|switch|p2a: Clawitzer|Clawitzer, L87, M|24/100\n|turn|17\n|inactive|Time left: 300 sec this turn | 300 sec total\n|\n|t:|1783536038\n|move|p2a: Clawitzer|Dark Pulse|p1a: Reuniclus\n|-supereffective|p1a: Reuniclus\n|-damage|p1a: Reuniclus|0 fnt\n|faint|p1a: Reuniclus\n|\n|upkeep\n|inactive|Time left: 300 sec this turn | 300 sec total | 5 sec grace\n|\n|t:|1783536039\n|switch|p1a: Banette|Banette, L93, M|270/270\n|turn|18\n|inactive|Time left: 300 sec this turn | 300 sec total\n|\n|t:|1783536041\n|move|p1a: Banette|Poltergeist|p2a: Clawitzer\n|-activate|p2a: Clawitzer|move: Poltergeist|Choice Specs\n|-damage|p2a: Clawitzer|0 fnt\n|faint|p2a: Clawitzer\n|-damage|p1a: Banette|243/270|[from] item: Life Orb\n|\n|upkeep\n|\n|t:|1783536042\n|switch|p2a: Ambipom|Ambipom, L84, F|100/100\n|turn|19\n|inactive|Time left: 300 sec this turn | 300 sec total\n|\n|t:|1783536043\n|move|p2a: Ambipom|Knock Off|p1a: Banette\n|-supereffective|p1a: Banette\n|-damage|p1a: Banette|79/270\n|-enditem|p1a: Banette|Life Orb|[from] move: Knock Off|[of] p2a: Ambipom\n|move|p1a: Banette|Gunk Shot|p2a: Ambipom\n|-damage|p2a: Ambipom|41/100\n|\n|upkeep\n|turn|20\n|inactive|Time left: 300 sec this turn | 300 sec total\n|\n|t:|1783536044\n|switch|p1a: Torkoal|Torkoal, L88, F|266/266\n|-weather|SunnyDay|[from] ability: Drought|[of] p1a: Torkoal\n|move|p2a: Ambipom|Knock Off|p1a: Torkoal\n|-damage|p1a: Torkoal|217/266\n|-enditem|p1a: Torkoal|Heavy-Duty Boots|[from] move: Knock Off|[of] p2a: Ambipom\n|\n|-weather|SunnyDay|[upkeep]\n|upkeep\n|turn|21\n|inactive|Time left: 300 sec this turn | 300 sec total\n|\n|t:|1783536045\n|-terastallize|p2a: Ambipom|Normal\n|move|p2a: Ambipom|Double-Edge|p1a: Torkoal\n|-damage|p1a: Torkoal|85/266\n|-damage|p2a: Ambipom|24/100|[from] Recoil\n|move|p1a: Torkoal|Lava Plume|p2a: Ambipom\n|-damage|p2a: Ambipom|0 fnt\n|faint|p2a: Ambipom\n|\n|-weather|SunnyDay|[upkeep]\n|upkeep\n|\n|t:|1783536046\n|switch|p2a: Haxorus|Haxorus, L77, M|100/100\n|-ability|p2a: Haxorus|Mold Breaker\n|turn|22\n|inactive|Time left: 300 sec this turn | 300 sec total\n|\n|t:|1783536046\n|-terastallize|p1a: Torkoal|Grass\n|move|p2a: Haxorus|Scale Shot|p1a: Torkoal\n|-damage|p1a: Torkoal|63/266\n|-damage|p1a: Torkoal|42/266\n|-damage|p1a: Torkoal|23/266\n|-damage|p1a: Torkoal|0 fnt\n|faint|p1a: Torkoal\n|-hitcount|p1: Torkoal|4\n|-unboost|p2a: Haxorus|def|1\n|-boost|p2a: Haxorus|spe|1\n|\n|-weather|SunnyDay|[upkeep]\n|upkeep\n|inactive|Time left: 300 sec this turn | 300 sec total | 5 sec grace\n|\n|t:|1783536047\n|switch|p1a: Banette|Banette, L93, M|79/270\n|turn|23\n|inactive|Time left: 300 sec this turn | 300 sec total\n|\n|t:|1783536048\n|move|p2a: Haxorus|Scale Shot|p1a: Banette\n|-damage|p1a: Banette|43/270\n|-damage|p1a: Banette|7/270\n|-damage|p1a: Banette|0 fnt\n|faint|p1a: Banette\n|-hitcount|p1: Banette|3\n|\n|win|p0y2367f2f", "uploadtime": 1783536048, "views": 0, "rating": 0, "private": 0, "password": null, "_winner": "p0y2367f2f", "_our_name": "p0x2367fbf"}