{"id": "battle-gen9randombattle-557", "formatid": "gen9randombattle", "format": "[Gen 9] Random Battle", "players": ["p0x55799bd", "p0y557a7cb"], "log": "|init|battle\n|title|p0x55799bd vs. p0y557a7cb\n|j|\u2606p0x55799bd\n|j|\u2606p0y557a7cb\n|t:|1783546250\n|gametype|singles\n|player|p1|p0x55799bd|102|\n|player|p2|p0y557a7cb|266|\n|gen|9\n|tier|[Gen 9] Random Battle\n|rule|Species Clause: Limit one of each Pok\u00e9mon\n|rule|HP Percentage Mod: HP is shown in percentages\n|rule|Sleep Clause Mod: Limit one foe put to sleep\n|rule|Illusion Level Mod: Illusion disguises the Pok\u00e9mon's true level\n|\n|t:|1783546250\n|teamsize|p1|6\n|teamsize|p2|6\n|start\n|switch|p1a: Forretress|Forretress, L84, F|263/263\n|switch|p2a: Golem|Golem-Alola, L93, F|100/100\n|turn|1\n|inactive|Battle timer is ON: inactive players will automatically lose when time's up. (requested by p0y557a7cb)\n|inactive|Time left: 300 sec this turn | 300 sec total | 60 sec grace\n|inactive|p0x55799bd also wants the timer to be on.\n|\n|t:|1783546251\n|move|p2a: Golem|Double-Edge|p1a: Forretress\n|-damage|p1a: Forretress|78/263\n|-damage|p2a: Golem|80/100|[from] Recoil\n|-damage|p2a: Golem|70/100|[from] item: Life Orb\n|move|p1a: Forretress|Stealth Rock|p2a: Golem\n|-sidestart|p2: p0y557a7cb|move: Stealth Rock\n|\n|-heal|p1a: Forretress|94/263|[from] item: Leftovers\n|upkeep\n|turn|2\n|inactive|Time left: 300 sec this turn | 300 sec total\n|\n|t:|1783546252\n|move|p2a: Golem|Stone Edge|p1a: Forretress|[miss]\n|-miss|p2a: Golem|p1a: Forretress\n|move|p1a: Forretress|Body Press|p2a: Golem\n|-supereffective|p2a: Golem\n|-damage|p2a: Golem|37/100\n|\n|-heal|p1a: Forretress|110/263|[from] item: Leftovers\n|upkeep\n|turn|3\n|inactive|Time left: 300 sec this turn | 300 sec total\n|\n|t:|1783546253\n|move|p2a: Golem|Double-Edge|p1a: Forretress\n|-damage|p1a: Forretress|0 fnt\n|faint|p1a: Forretress\n|-damage|p2a: Golem|25/100|[from] Recoil\n|-damage|p2a: Golem|15/100|[from] item: Life Orb\n|\n|upkeep\n|inactive|Time left: 300 sec this turn | 300 sec total | 5 sec grace\n|\n|t:|1783546254\n|switch|p1a: Spectrier|Spectrier, L75|274/274\n|turn|4\n|inactive|Time left: 300 sec this turn | 300 sec total\n|\n|t:|1783546255\n|move|p1a: Spectrier|Shadow Ball|p2a: Golem\n|-damage|p2a: Golem|0 fnt\n|faint|p2a: Golem\n|-ability|p1a: Spectrier|Grim Neigh|boost\n|-boost|p1a: Spectrier|spa|1\n|\n|upkeep\n|\n|t:|1783546256\n|switch|p2a: Muk|Muk-Alola, L82, M|100/100\n|-damage|p2a: Muk|88/100|[from] Stealth Rock\n|turn|5\n|inactive|Time left: 300 sec this turn | 300 sec total\n|\n|t:|1783546257\n|move|p1a: Spectrier|Substitute|p1a: Spectrier\n|-start|p1a: Spectrier|Substitute\n|-damage|p1a: Spectrier|206/274\n|move|p2a: Muk|Knock Off|p1a: Spectrier\n|-supereffective|p1a: Spectrier\n|-end|p1a: Spectrier|Substitute\n|\n|-heal|p1a: Spectrier|223/274|[from] item: Leftovers\n|upkeep\n|turn|6\n|inactive|Time left: 300 sec this turn | 300 sec total\n|\n|t:|1783546258\n|move|p1a: Spectrier|Substitute|p1a: Spectrier\n|-start|p1a: Spectrier|Substitute\n|-damage|p1a: Spectrier|155/274\n|move|p2a: Muk|Knock Off|p1a: Spectrier\n|-supereffective|p1a: Spectrier\n|-end|p1a: Spectrier|Substitute\n|\n|-heal|p1a: Spectrier|172/274|[from] item: Leftovers\n|upkeep\n|turn|7\n|inactive|Time left: 300 sec this turn | 300 sec total\n|\n|t:|1783546259\n|move|p1a: Spectrier|Substitute|p1a: Spectrier\n|-start|p1a: Spectrier|Substitute\n|-damage|p1a: Spectrier|104/274\n|move|p2a: Muk|Knock Off|p1a: Spectrier\n|-supereffective|p1a: Spectrier\n|-end|p1a: Spectrier|Substitute\n|\n|-heal|p1a: Spectrier|121/274|[from] item: Leftovers\n|upkeep\n|turn|8\n|inactive|Time left: 300 sec this turn | 300 sec total\n|\n|t:|1783546260\n|move|p1a: Spectrier|Substitute|p1a: Spectrier\n|-start|p1a: Spectrier|Substitute\n|-damage|p1a: Spectrier|53/274\n|move|p2a: Muk|Knock Off|p1a: Spectrier\n|-supereffective|p1a: Spectrier\n|-end|p1a: Spectrier|Substitute\n|\n|-heal|p1a: Spectrier|70/274|[from] item: Leftovers\n|upkeep\n|turn|9\n|inactive|Time left: 300 sec this turn | 300 sec total\n|\n|t:|1783546261\n|move|p1a: Spectrier|Substitute|p1a: Spectrier\n|-start|p1a: Spectrier|Substitute\n|-damage|p1a: Spectrier|2/274\n|move|p2a: Muk|Knock Off|p1a: Spectrier\n|-supereffective|p1a: Spectrier\n|-end|p1a: Spectrier|Substitute\n|\n|-heal|p1a: Spectrier|19/274|[from] item: Leftovers\n|upkeep\n|turn|10\n|inactive|Time left: 300 sec this turn | 300 sec total\n|\n|t:|1783546262\n|move|p1a: Spectrier|Shadow Ball|p2a: Muk\n|-resisted|p2a: Muk\n|-damage|p2a: Muk|73/100\n|move|p2a: Muk|Knock Off|p1a: Spectrier\n|-supereffective|p1a: Spectrier\n|-damage|p1a: Spectrier|0 fnt\n|-enditem|p1a: Spectrier|Leftovers|[from] move: Knock Off|[of] p2a: Muk\n|faint|p1a: Spectrier\n|\n|upkeep\n|inactive|Time left: 300 sec this turn | 300 sec total | 5 sec grace\n|\n|t:|1783546263\n|switch|p1a: Sudowoodo|Sudowoodo, L94, M|284/284\n|turn|11\n|inactive|Time left: 300 sec this turn | 300 sec total\n|\n|t:|1783546264\n|switch|p2a: Hitmontop|Hitmontop, L88, M|100/100\n|-damage|p2a: Hitmontop|94/100|[from] Stealth Rock\n|-ability|p2a: Hitmontop|Intimidate|boost\n|-unboost|p1a: Sudowoodo|atk|1\n|move|p1a: Sudowoodo|Head Smash|p2a: Hitmontop|[miss]\n|-miss|p1a: Sudowoodo|p2a: Hitmontop\n|\n|upkeep\n|turn|12\n|inactive|Time left: 300 sec this turn | 300 sec total\n|\n|t:|1783546265\n|move|p2a: Hitmontop|Rapid Spin|p1a: Sudowoodo\n|-resisted|p1a: Sudowoodo\n|-damage|p1a: Sudowoodo|269/284\n|-boost|p2a: Hitmontop|spe|1\n|-sideend|p2: p0y557a7cb|Stealth Rock|[from] move: Rapid Spin|[of] p2a: Hitmontop\n|move|p1a: Sudowoodo|Head Smash|p2a: Hitmontop\n|-resisted|p2a: Hitmontop\n|-damage|p2a: Hitmontop|55/100\n|\n|upkeep\n|turn|13\n|inactive|Time left: 300 sec this turn | 300 sec total\n|\n|t:|1783546266\n|move|p2a: Hitmontop|Earthquake|p1a: Sudowoodo\n|-supereffective|p1a: Sudowoodo\n|-damage|p1a: Sudowoodo|151/284\n|move|p1a: Sudowoodo|Head Smash|p2a: Hitmontop\n|-resisted|p2a: Hitmontop\n|-damage|p2a: Hitmontop|14/100\n|\n|upkeep\n|turn|14\n|inactive|Time left: 300 sec this turn | 300 sec total\n|\n|t:|1783546267\n|switch|p1a: Charizard|Charizard, L85, M|271/271\n|move|p2a: Hitmontop|Close Combat|p1a: Charizard\n|-resisted|p1a: Charizard\n|-damage|p1a: Charizard|203/271\n|-unboost|p2a: Hitmontop|def|1\n|-unboost|p2a: Hitmontop|spd|1\n|\n|upkeep\n|turn|15\n|inactive|Time left: 300 sec this turn | 300 sec total\n|\n|t:|1783546268\n|move|p2a: Hitmontop|Close Combat|p1a: Charizard\n|-resisted|p1a: Charizard\n|-damage|p1a: Charizard|126/271\n|-unboost|p2a: Hitmontop|def|1\n|-unboost|p2a: Hitmontop|spd|1\n|move|p1a: Charizard|Earthquake|p2a: Hitmontop\n|-damage|p2a: Hitmontop|0 fnt\n|faint|p2a: Hitmontop\n|\n|upkeep\n|\n|t:|1783546269\n|switch|p2a: Crawdaunt|Crawdaunt, L84, M|100/100\n|turn|16\n|inactive|Time left: 300 sec this turn | 300 sec total\n|\n|t:|1783546270\n|move|p1a: Charizard|Will-O-Wisp|p2a: Crawdaunt\n|-status|p2a: Crawdaunt|brn\n|move|p2a: Crawdaunt|Knock Off|p1a: Charizard\n|-damage|p1a: Charizard|12/271\n|-enditem|p1a: Charizard|Heavy-Duty Boots|[from] move: Knock Off|[of] p2a: Crawdaunt\n|-damage|p2a: Crawdaunt|91/100 brn|[from] item: Life Orb\n|\n|-damage|p2a: Crawdaunt|84/100 brn|[from] brn\n|upkeep\n|turn|17\n|inactive|Time left: 300 sec this turn | 300 sec total\n|\n|t:|1783546271\n|move|p1a: Charizard|Hurricane|p2a: Crawdaunt\n|-damage|p2a: Crawdaunt|6/100 brn\n|-start|p2a: Crawdaunt|confusion\n|-activate|p2a: Crawdaunt|confusion\n|-damage|p2a: Crawdaunt|0 fnt|[from] confusion\n|faint|p2a: Crawdaunt\n|\n|upkeep\n|\n|t:|1783546272\n|switch|p2a: Plusle|Plusle, L95, F|100/100\n|turn|18\n|inactive|Time left: 300 sec this turn | 300 sec total\n|\n|t:|1783546273\n|move|p2a: Plusle|Nasty Plot|p2a: Plusle\n|-boost|p2a: Plusle|spa|2\n|move|p1a: Charizard|Flamethrower|p2a: Plusle\n|-damage|p2a: Plusle|37/100\n|\n|upkeep\n|turn|19\n|inactive|Time left: 300 sec this turn | 300 sec total\n|\n|t:|1783546275\n|move|p2a: Plusle|Thunderbolt|p1a: Charizard\n|-supereffective|p1a: Charizard\n|-damage|p1a: Charizard|0 fnt\n|faint|p1a: Charizard\n|-damage|p2a: Plusle|27/100|[from] item: Life Orb\n|\n|upkeep\n|inactive|Time left: 300 sec this turn | 300 sec total | 5 sec grace\n|\n|t:|1783546276\n|switch|p1a: Sudowoodo|Sudowoodo, L94, M|151/284\n|turn|20\n|inactive|Time left: 300 sec this turn | 300 sec total\n|\n|t:|1783546277\n|move|p1a: Sudowoodo|Sucker Punch|p2a: Plusle\n|-damage|p2a: Plusle|0 fnt\n|faint|p2a: Plusle\n|\n|upkeep\n|\n|t:|1783546278\n|switch|p2a: Bellossom|Bellossom, L84, M|100/100\n|turn|21\n|inactive|Time left: 300 sec this turn | 300 sec total\n|\n|t:|1783546279\n|switch|p1a: Tatsugiri|Tatsugiri, L87, F|260/260\n|move|p2a: Bellossom|Quiver Dance|p2a: Bellossom\n|-boost|p2a: Bellossom|spa|1\n|-boost|p2a: Bellossom|spd|1\n|-boost|p2a: Bellossom|spe|1\n|\n|upkeep\n|turn|22\n|inactive|Time left: 300 sec this turn | 300 sec total\n|\n|t:|1783546280\n|move|p2a: Bellossom|Quiver Dance|p2a: Bellossom\n|-boost|p2a: Bellossom|spa|1\n|-boost|p2a: Bellossom|spd|1\n|-boost|p2a: Bellossom|spe|1\n|move|p1a: Tatsugiri|Nasty Plot|p1a: Tatsugiri\n|-boost|p1a: Tatsugiri|spa|2\n|\n|upkeep\n|turn|23\n|inactive|Time left: 300 sec this turn | 300 sec total\n|\n|t:|1783546281\n|-terastallize|p1a: Tatsugiri|Steel\n|move|p2a: Bellossom|Giga Drain|p1a: Tatsugiri\n|-resisted|p1a: Tatsugiri\n|-damage|p1a: Tatsugiri|189/260\n|move|p1a: Tatsugiri|Nasty Plot|p1a: Tatsugiri\n|-boost|p1a: Tatsugiri|spa|2\n|\n|upkeep\n|turn|24\n|inactive|Time left: 300 sec this turn | 300 sec total\n|\n|t:|1783546283\n|move|p2a: Bellossom|Quiver Dance|p2a: Bellossom\n|-boost|p2a: Bellossom|spa|1\n|-boost|p2a: Bellossom|spd|1\n|-boost|p2a: Bellossom|spe|1\n|move|p1a: Tatsugiri|Nasty Plot|p1a: Tatsugiri\n|-boost|p1a: Tatsugiri|spa|2\n|\n|upkeep\n|turn|25\n|inactive|Time left: 300 sec this turn | 300 sec total\n|\n|t:|1783546284\n|move|p2a: Bellossom|Quiver Dance|p2a: Bellossom\n|-boost|p2a: Bellossom|spa|1\n|-boost|p2a: Bellossom|spd|1\n|-boost|p2a: Bellossom|spe|1\n|move|p1a: Tatsugiri|Draco Meteor|p2a: Bellossom|[miss]\n|-miss|p1a: Tatsugiri|p2a: Bellossom\n|\n|upkeep\n|turn|26\n|inactive|Time left: 300 sec this turn | 300 sec total\n|\n|t:|1783546285\n|move|p2a: Bellossom|Giga Drain|p1a: Tatsugiri\n|-resisted|p1a: Tatsugiri\n|-damage|p1a: Tatsugiri|88/260\n|move|p1a: Tatsugiri|Draco Meteor|p2a: Bellossom\n|-damage|p2a: Bellossom|16/100\n|-unboost|p1a: Tatsugiri|spa|2\n|\n|-heal|p2a: Bellossom|22/100|[from] item: Leftovers\n|upkeep\n|turn|27\n|inactive|Time left: 300 sec this turn | 300 sec total\n|\n|t:|1783546286\n|move|p2a: Bellossom|Giga Drain|p1a: Tatsugiri\n|-resisted|p1a: Tatsugiri\n|-damage|p1a: Tatsugiri|0 fnt\n|-heal|p2a: Bellossom|39/100|[from] drain|[of] p1a: Tatsugiri\n|faint|p1a: Tatsugiri\n|\n|-heal|p2a: Bellossom|45/100|[from] item: Leftovers\n|upkeep\n|inactive|Time left: 300 sec this turn | 300 sec total | 5 sec grace\n|\n|t:|1783546287\n|switch|p1a: Magearna|Magearna, L77|250/250\n|turn|28\n|inactive|Time left: 300 sec this turn | 300 sec total\n|\n|t:|1783546288\n|move|p2a: Bellossom|Giga Drain|p1a: Magearna\n|-resisted|p1a: Magearna\n|-damage|p1a: Magearna|149/250\n|-heal|p2a: Bellossom|64/100|[from] drain|[of] p1a: Magearna\n|move|p1a: Magearna|Thunder Wave|p2a: Bellossom\n|-status|p2a: Bellossom|par\n|\n|-heal|p2a: Bellossom|70/100 par|[from] item: Leftovers\n|-heal|p1a: Magearna|164/250|[from] item: Leftovers\n|upkeep\n|turn|29\n|inactive|Time left: 300 sec this turn | 300 sec total\n|\n|t:|1783546289\n|move|p2a: Bellossom|Giga Drain|p1a: Magearna\n|-resisted|p1a: Magearna\n|-damage|p1a: Magearna|57/250\n|-heal|p2a: Bellossom|91/100 par|[from] drain|[of] p1a: Magearna\n|move|p1a: Magearna|Flash Cannon|p2a: Bellossom\n|-damage|p2a: Bellossom|80/100 par\n|\n|-heal|p2a: Bellossom|86/100 par|[from] item: Leftovers\n|-heal|p1a: Magearna|72/250|[from] item: Leftovers\n|upkeep\n|turn|30\n|inactive|Time left: 300 sec this turn | 300 sec total\n|\n|t:|1783546291\n|move|p2a: Bellossom|Giga Drain|p1a: Magearna\n|-resisted|p1a: Magearna\n|-damage|p1a: Magearna|0 fnt\n|-heal|p2a: Bellossom|99/100 par|[from] drain|[of] p1a: Magearna\n|faint|p1a: Magearna\n|\n|-heal|p2a: Bellossom|100/100 par|[from] item: Leftovers\n|upkeep\n|inactive|Time left: 300 sec this turn | 300 sec total | 5 sec grace\n|\n|t:|1783546292\n|switch|p1a: Sudowoodo|Sudowoodo, L94, M|151/284\n|turn|31\n|inactive|Time left: 300 sec this turn | 300 sec total\n|\n|t:|1783546293\n|move|p2a: Bellossom|Giga Drain|p1a: Sudowoodo\n|-supereffective|p1a: Sudowoodo\n|-crit|p1a: Sudowoodo\n|-damage|p1a: Sudowoodo|0 fnt\n|faint|p1a: Sudowoodo\n|\n|win|p0y557a7cb", "uploadtime": 1783546293, "views": 0, "rating": 0, "private": 0, "password": null, "_winner": "p0y557a7cb", "_our_name": "p0x55799bd"}