{"id": "battle-gen9randombattle-2763", "formatid": "gen9randombattle", "format": "[Gen 9] Random Battle", "players": ["p0x2763936b", "p0y27634b69"], "log": "|init|battle\n|title|p0x2763936b vs. p0y27634b69\n|j|\u2606p0x2763936b\n|j|\u2606p0y27634b69\n|t:|1783570826\n|gametype|singles\n|player|p1|p0x2763936b|265|\n|player|p2|p0y27634b69|2|\n|gen|9\n|tier|[Gen 9] Random Battle\n|rule|Species Clause: Limit one of each Pok\u00e9mon\n|rule|HP Percentage Mod: HP is shown in percentages\n|rule|Sleep Clause Mod: Limit one foe put to sleep\n|rule|Illusion Level Mod: Illusion disguises the Pok\u00e9mon's true level\n|\n|t:|1783570826\n|teamsize|p1|6\n|teamsize|p2|6\n|start\n|switch|p1a: Pachirisu|Pachirisu, L96, F|100/100\n|switch|p2a: Grimmsnarl|Grimmsnarl, L83, M|293/293\n|turn|1\n|inactive|Battle timer is ON: inactive players will automatically lose when time's up. (requested by p0y27634b69)\n|inactive|p0x2763936b also wants the timer to be on.\n|\n|t:|1783570827\n|move|p2a: Grimmsnarl|Light Screen|p2a: Grimmsnarl\n|-sidestart|p2: p0y27634b69|move: Light Screen\n|move|p1a: Pachirisu|Super Fang|p2a: Grimmsnarl\n|-damage|p2a: Grimmsnarl|147/293\n|\n|upkeep\n|turn|2\n|inactive|Time left: 300 sec this turn | 300 sec total\n|\n|t:|1783570828\n|move|p1a: Pachirisu|Super Fang|p2a: Grimmsnarl|[miss]\n|-miss|p1a: Pachirisu|p2a: Grimmsnarl\n|move|p2a: Grimmsnarl|Spirit Break|p1a: Pachirisu\n|-crit|p1a: Pachirisu\n|-damage|p1a: Pachirisu|48/100\n|-unboost|p1a: Pachirisu|spa|1\n|\n|upkeep\n|turn|3\n|inactive|Time left: 300 sec this turn | 300 sec total\n|\n|t:|1783570830\n|switch|p1a: Ninetales|Ninetales-Alola, L78, F|100/100\n|-weather|Snowscape|[from] ability: Snow Warning|[of] p1a: Ninetales\n|move|p2a: Grimmsnarl|Spirit Break|p1a: Ninetales\n|-damage|p1a: Ninetales|71/100\n|-unboost|p1a: Ninetales|spa|1\n|\n|-weather|Snowscape|[upkeep]\n|upkeep\n|turn|4\n|inactive|Time left: 300 sec this turn | 300 sec total\n|\n|t:|1783570831\n|move|p2a: Grimmsnarl|Reflect|p2a: Grimmsnarl\n|-sidestart|p2: p0y27634b69|Reflect\n|move|p1a: Ninetales|Aurora Veil|p1a: Ninetales\n|-sidestart|p1: p0x2763936b|move: Aurora Veil\n|\n|-weather|Snowscape|[upkeep]\n|upkeep\n|turn|5\n|inactive|Time left: 300 sec this turn | 300 sec total\n|\n|t:|1783570832\n|switch|p1a: Toxapex|Toxapex, L82, F|100/100\n|move|p2a: Grimmsnarl|Spirit Break|p1a: Toxapex\n|-resisted|p1a: Toxapex\n|-damage|p1a: Toxapex|93/100\n|-unboost|p1a: Toxapex|spa|1\n|\n|-weather|Snowscape|[upkeep]\n|-heal|p1a: Toxapex|99/100|[from] item: Leftovers\n|upkeep\n|turn|6\n|inactive|Time left: 300 sec this turn | 300 sec total\n|\n|t:|1783570833\n|move|p2a: Grimmsnarl|Parting Shot|p1a: Toxapex\n|-unboost|p1a: Toxapex|atk|1\n|-unboost|p1a: Toxapex|spa|1\n|inactive|Time left: 300 sec this turn | 300 sec total | 5 sec grace\n|\n|t:|1783570834\n|switch|p2a: Spectrier|Spectrier, L75|274/274|[from] Parting Shot\n|move|p1a: Toxapex|Toxic Spikes|p2a: Spectrier\n|-sidestart|p2: p0y27634b69|move: Toxic Spikes\n|\n|-weather|Snowscape|[upkeep]\n|-heal|p1a: Toxapex|100/100|[from] item: Leftovers\n|upkeep\n|turn|7\n|inactive|Time left: 300 sec this turn | 300 sec total\n|\n|t:|1783570835\n|switch|p1a: Darkrai|Darkrai, L77|100/100\n|move|p2a: Spectrier|Nasty Plot|p2a: Spectrier\n|-boost|p2a: Spectrier|spa|2\n|\n|-weather|none\n|upkeep\n|turn|8\n|inactive|Time left: 300 sec this turn | 300 sec total\n|\n|t:|1783570837\n|move|p2a: Spectrier|Shadow Ball|p1a: Darkrai\n|-resisted|p1a: Darkrai\n|-damage|p1a: Darkrai|77/100\n|move|p1a: Darkrai|Nasty Plot|p1a: Darkrai\n|-boost|p1a: Darkrai|spa|2\n|\n|-heal|p1a: Darkrai|83/100|[from] item: Leftovers\n|-sideend|p2: p0y27634b69|move: Light Screen\n|upkeep\n|turn|9\n|inactive|Time left: 300 sec this turn | 300 sec total\n|\n|t:|1783570838\n|-terastallize|p2a: Spectrier|Fighting\n|move|p2a: Spectrier|Tera Blast|p1a: Darkrai|[anim] Tera Blast Fighting\n|-supereffective|p1a: Darkrai\n|-damage|p1a: Darkrai|1/100\n|move|p1a: Darkrai|Dark Pulse|p2a: Spectrier\n|-resisted|p2a: Spectrier\n|-damage|p2a: Spectrier|170/274\n|\n|-heal|p2a: Spectrier|187/274|[from] item: Leftovers\n|-heal|p1a: Darkrai|7/100|[from] item: Leftovers\n|upkeep\n|turn|10\n|inactive|Time left: 300 sec this turn | 300 sec total\n|\n|t:|1783570839\n|move|p2a: Spectrier|Tera Blast|p1a: Darkrai|[anim] Tera Blast Fighting\n|-supereffective|p1a: Darkrai\n|-damage|p1a: Darkrai|0 fnt\n|faint|p1a: Darkrai\n|-ability|p2a: Spectrier|Grim Neigh|boost\n|-boost|p2a: Spectrier|spa|1\n|\n|-heal|p2a: Spectrier|204/274|[from] item: Leftovers\n|upkeep\n|\n|t:|1783570840\n|switch|p1a: Toxapex|Toxapex, L82, F|100/100\n|turn|11\n|inactive|Time left: 300 sec this turn | 300 sec total\n|\n|t:|1783570841\n|move|p2a: Spectrier|Shadow Ball|p1a: Toxapex\n|-damage|p1a: Toxapex|63/100\n|move|p1a: Toxapex|Haze|p1a: Toxapex\n|-clearallboost\n|\n|-heal|p2a: Spectrier|221/274|[from] item: Leftovers\n|-heal|p1a: Toxapex|69/100|[from] item: Leftovers\n|-sideend|p2: p0y27634b69|Reflect\n|-sideend|p1: p0x2763936b|move: Aurora Veil\n|upkeep\n|turn|12\n|inactive|Time left: 300 sec this turn | 300 sec total\n|\n|t:|1783570842\n|move|p2a: Spectrier|Nasty Plot|p2a: Spectrier\n|-boost|p2a: Spectrier|spa|2\n|move|p1a: Toxapex|Toxic Spikes|p2a: Spectrier\n|-sidestart|p2: p0y27634b69|move: Toxic Spikes\n|\n|-heal|p2a: Spectrier|238/274|[from] item: Leftovers\n|-heal|p1a: Toxapex|75/100|[from] item: Leftovers\n|upkeep\n|turn|13\n|inactive|Time left: 300 sec this turn | 300 sec total\n|\n|t:|1783570842\n|move|p2a: Spectrier|Shadow Ball|p1a: Toxapex\n|-damage|p1a: Toxapex|14/100\n|move|p1a: Toxapex|Haze|p1a: Toxapex\n|-clearallboost\n|\n|-heal|p2a: Spectrier|255/274|[from] item: Leftovers\n|-heal|p1a: Toxapex|20/100|[from] item: Leftovers\n|upkeep\n|turn|14\n|inactive|Time left: 300 sec this turn | 300 sec total\n|\n|t:|1783570843\n|switch|p1a: Ditto|Ditto, L87|100/100\n|-transform|p1a: Ditto|p2a: Spectrier|[from] ability: Imposter\n|move|p2a: Spectrier|Shadow Ball|p1a: Ditto\n|-supereffective|p1a: Ditto\n|-crit|p1a: Ditto\n|-damage|p1a: Ditto|0 fnt\n|faint|p1a: Ditto\n|-ability|p2a: Spectrier|Grim Neigh|boost\n|-boost|p2a: Spectrier|spa|1\n|\n|-heal|p2a: Spectrier|272/274|[from] item: Leftovers\n|upkeep\n|\n|t:|1783570844\n|switch|p1a: Toxapex|Toxapex, L82, F|53/100\n|turn|15\n|inactive|Time left: 300 sec this turn | 300 sec total\n|\n|t:|1783570845\n|move|p2a: Spectrier|Shadow Ball|p1a: Toxapex\n|-damage|p1a: Toxapex|10/100\n|-unboost|p1a: Toxapex|spd|1\n|move|p1a: Toxapex|Recover|p1a: Toxapex\n|-heal|p1a: Toxapex|60/100\n|\n|-heal|p2a: Spectrier|274/274|[from] item: Leftovers\n|-heal|p1a: Toxapex|66/100|[from] item: Leftovers\n|upkeep\n|turn|16\n|inactive|Time left: 300 sec this turn | 300 sec total\n|\n|t:|1783570846\n|switch|p1a: Pachirisu|Pachirisu, L96, F|48/100\n|move|p2a: Spectrier|Shadow Ball|p1a: Pachirisu\n|-damage|p1a: Pachirisu|0 fnt\n|faint|p1a: Pachirisu\n|-ability|p2a: Spectrier|Grim Neigh|boost\n|-boost|p2a: Spectrier|spa|1\n|\n|upkeep\n|\n|t:|1783570847\n|switch|p1a: Toxapex|Toxapex, L82, F|99/100\n|turn|17\n|inactive|Time left: 300 sec this turn | 300 sec total\n|\n|t:|1783570848\n|move|p2a: Spectrier|Shadow Ball|p1a: Toxapex\n|-damage|p1a: Toxapex|41/100\n|move|p1a: Toxapex|Haze|p1a: Toxapex\n|-clearallboost\n|\n|-heal|p1a: Toxapex|47/100|[from] item: Leftovers\n|upkeep\n|turn|18\n|inactive|Time left: 300 sec this turn | 300 sec total\n|\n|t:|1783570849\n|switch|p2a: Toxicroak|Toxicroak, L84, M|277/277\n|-sideend|p2: p0y27634b69|move: Toxic Spikes|[of] p2a: Toxicroak\n|move|p1a: Toxapex|Recover|p1a: Toxapex\n|-heal|p1a: Toxapex|97/100\n|\n|-heal|p1a: Toxapex|100/100|[from] item: Leftovers\n|upkeep\n|turn|19\n|inactive|Time left: 300 sec this turn | 300 sec total\n|\n|t:|1783570850\n|move|p2a: Toxicroak|Gunk Shot|p1a: Toxapex\n|-resisted|p1a: Toxapex\n|-damage|p1a: Toxapex|70/100\n|move|p1a: Toxapex|Toxic Spikes|p2a: Toxicroak\n|-sidestart|p2: p0y27634b69|move: Toxic Spikes\n|\n|-heal|p1a: Toxapex|76/100|[from] item: Leftovers\n|upkeep\n|turn|20\n|inactive|Time left: 300 sec this turn | 300 sec total\n|\n|t:|1783570851\n|move|p2a: Toxicroak|Gunk Shot|p1a: Toxapex\n|-resisted|p1a: Toxapex\n|-damage|p1a: Toxapex|44/100\n|move|p1a: Toxapex|Toxic Spikes|p2a: Toxicroak\n|-sidestart|p2: p0y27634b69|move: Toxic Spikes\n|\n|-heal|p1a: Toxapex|50/100|[from] item: Leftovers\n|upkeep\n|turn|21\n|inactive|Time left: 300 sec this turn | 300 sec total\n|\n|t:|1783570852\n|move|p2a: Toxicroak|Gunk Shot|p1a: Toxapex\n|-resisted|p1a: Toxapex\n|-damage|p1a: Toxapex|17/100\n|move|p1a: Toxapex|Recover|p1a: Toxapex\n|-heal|p1a: Toxapex|67/100\n|\n|-heal|p1a: Toxapex|73/100|[from] item: Leftovers\n|upkeep\n|turn|22\n|inactive|Time left: 300 sec this turn | 300 sec total\n|\n|t:|1783570853\n|move|p2a: Toxicroak|Gunk Shot|p1a: Toxapex\n|-resisted|p1a: Toxapex\n|-damage|p1a: Toxapex|43/100\n|move|p1a: Toxapex|Liquidation|p2a: Toxicroak\n|-immune|p2a: Toxicroak|[from] ability: Dry Skin\n|\n|-heal|p1a: Toxapex|49/100|[from] item: Leftovers\n|upkeep\n|turn|23\n|inactive|Time left: 300 sec this turn | 300 sec total\n|\n|t:|1783570854\n|switch|p2a: Munkidori|Munkidori, L79, M|269/269\n|-sideend|p2: p0y27634b69|move: Toxic Spikes|[of] p2a: Munkidori\n|switch|p1a: Ninetales|Ninetales-Alola, L78, F|71/100\n|-weather|Snowscape|[from] ability: Snow Warning|[of] p1a: Ninetales\n|\n|-weather|Snowscape|[upkeep]\n|upkeep\n|turn|24\n|inactive|Time left: 300 sec this turn | 300 sec total\n|\n|t:|1783570855\n|move|p1a: Ninetales|Aurora Veil|p1a: Ninetales\n|-sidestart|p1: p0x2763936b|move: Aurora Veil\n|move|p2a: Munkidori|Sludge Wave|p1a: Ninetales\n|-supereffective|p1a: Ninetales\n|-damage|p1a: Ninetales|10/100\n|-damage|p2a: Munkidori|243/269|[from] item: Life Orb\n|\n|-weather|Snowscape|[upkeep]\n|upkeep\n|turn|25\n|inactive|Time left: 300 sec this turn | 300 sec total\n|\n|t:|1783570856\n|move|p1a: Ninetales|Moonblast|p2a: Munkidori\n|-resisted|p2a: Munkidori\n|-damage|p2a: Munkidori|203/269\n|move|p2a: Munkidori|Nasty Plot|p2a: Munkidori\n|-boost|p2a: Munkidori|spa|2\n|\n|-weather|Snowscape|[upkeep]\n|upkeep\n|turn|26\n|inactive|Time left: 300 sec this turn | 300 sec total\n|\n|t:|1783570858\n|move|p1a: Ninetales|Blizzard|p2a: Munkidori\n|-damage|p2a: Munkidori|109/269\n|move|p2a: Munkidori|Nasty Plot|p2a: Munkidori\n|-boost|p2a: Munkidori|spa|2\n|\n|-weather|Snowscape|[upkeep]\n|upkeep\n|turn|27\n|inactive|Time left: 300 sec this turn | 300 sec total\n|\n|t:|1783570859\n|move|p1a: Ninetales|Blizzard|p2a: Munkidori\n|-damage|p2a: Munkidori|24/269\n|move|p2a: Munkidori|Sludge Wave|p1a: Ninetales\n|-supereffective|p1a: Ninetales\n|-damage|p1a: Ninetales|0 fnt\n|faint|p1a: Ninetales\n|-damage|p2a: Munkidori|0 fnt|[from] item: Life Orb\n|faint|p2a: Munkidori\n|\n|-weather|none\n|upkeep\n|inactive|Time left: 300 sec this turn | 300 sec total | 5 sec grace\n|\n|t:|1783570860\n|switch|p1a: Annihilape|Annihilape, L76, M|100/100\n|switch|p2a: Grimmsnarl|Grimmsnarl, L83, M|147/293\n|turn|28\n|inactive|Time left: 300 sec this turn | 300 sec total\n|\n|t:|1783570861\n|move|p2a: Grimmsnarl|Reflect|p2a: Grimmsnarl\n|-sidestart|p2: p0y27634b69|Reflect\n|move|p1a: Annihilape|Bulk Up|p1a: Annihilape\n|-boost|p1a: Annihilape|atk|1\n|-boost|p1a: Annihilape|def|1\n|\n|upkeep\n|turn|29\n|inactive|Time left: 300 sec this turn | 300 sec total\n|\n|t:|1783570862\n|move|p2a: Grimmsnarl|Light Screen|p2a: Grimmsnarl\n|-sidestart|p2: p0y27634b69|move: Light Screen\n|move|p1a: Annihilape|Bulk Up|p1a: Annihilape\n|-boost|p1a: Annihilape|atk|1\n|-boost|p1a: Annihilape|def|1\n|\n|upkeep\n|turn|30\n|inactive|Time left: 300 sec this turn | 300 sec total\n|\n|t:|1783570862\n|switch|p2a: Toxicroak|Toxicroak, L84, M|277/277\n|move|p1a: Annihilape|Drain Punch|p2a: Toxicroak\n|-resisted|p2a: Toxicroak\n|-damage|p2a: Toxicroak|234/277\n|\n|upkeep\n|turn|31\n|inactive|Time left: 300 sec this turn | 300 sec total\n|\n|t:|1783570863\n|move|p2a: Toxicroak|Gunk Shot|p1a: Annihilape\n|-resisted|p1a: Annihilape\n|-damage|p1a: Annihilape|90/100\n|-status|p1a: Annihilape|psn\n|move|p1a: Annihilape|Bulk Up|p1a: Annihilape\n|-boost|p1a: Annihilape|atk|1\n|-boost|p1a: Annihilape|def|1\n|\n|-damage|p1a: Annihilape|78/100 psn|[from] psn\n|-sideend|p1: p0x2763936b|move: Aurora Veil\n|upkeep\n|turn|32\n|inactive|Time left: 300 sec this turn | 300 sec total\n|\n|t:|1783570864\n|switch|p2a: Spectrier|Spectrier, L75, tera:Fighting|274/274\n|move|p1a: Annihilape|Drain Punch|p2a: Spectrier\n|-crit|p2a: Spectrier\n|-damage|p2a: Spectrier|0 fnt\n|-heal|p1a: Annihilape|100/100 psn|[from] drain|[of] p2a: Spectrier\n|faint|p2a: Spectrier\n|\n|-damage|p1a: Annihilape|88/100 psn|[from] psn\n|upkeep\n|inactive|Time left: 300 sec this turn | 300 sec total | 5 sec grace\n|\n|t:|1783570865\n|switch|p2a: Zapdos|Zapdos-Galar, L77|265/265\n|turn|33\n|inactive|Time left: 300 sec this turn | 300 sec total\n|\n|t:|1783570865\n|move|p2a: Zapdos|Knock Off|p1a: Annihilape\n|-damage|p1a: Annihilape|71/100 psn\n|-enditem|p1a: Annihilape|Chesto Berry|[from] move: Knock Off|[of] p2a: Zapdos\n|move|p1a: Annihilape|Rest|p1a: Annihilape\n|-status|p1a: Annihilape|slp|[from] move: Rest\n|-heal|p1a: Annihilape|100/100 slp|[silent]\n|\n|upkeep\n|turn|34\n|inactive|Time left: 300 sec this turn | 300 sec total\n|\n|t:|1783570866\n|move|p2a: Zapdos|Knock Off|p1a: Annihilape\n|-damage|p1a: Annihilape|89/100 slp\n|cant|p1a: Annihilape|slp\n|\n|upkeep\n|turn|35\n|inactive|Time left: 300 sec this turn | 300 sec total\n|\n|t:|1783570867\n|switch|p2a: Grimmsnarl|Grimmsnarl, L83, M|147/293\n|cant|p1a: Annihilape|slp\n|\n|-sideend|p2: p0y27634b69|Reflect\n|upkeep\n|turn|36\n|inactive|Time left: 300 sec this turn | 300 sec total\n|\n|t:|1783570868\n|move|p2a: Grimmsnarl|Reflect|p2a: Grimmsnarl\n|-sidestart|p2: p0y27634b69|Reflect\n|-curestatus|p1a: Annihilape|slp|[msg]\n|move|p1a: Annihilape|Drain Punch|p2a: Grimmsnarl\n|-damage|p2a: Grimmsnarl|34/293\n|-heal|p1a: Annihilape|100/100|[from] drain|[of] p2a: Grimmsnarl\n|\n|-sideend|p2: p0y27634b69|move: Light Screen\n|upkeep\n|turn|37\n|inactive|Time left: 300 sec this turn | 300 sec total\n|\n|t:|1783570869\n|move|p2a: Grimmsnarl|Light Screen|p2a: Grimmsnarl\n|-sidestart|p2: p0y27634b69|move: Light Screen\n|move|p1a: Annihilape|Rage Fist|p2a: Grimmsnarl\n|-resisted|p2a: Grimmsnarl\n|-damage|p2a: Grimmsnarl|0 fnt\n|faint|p2a: Grimmsnarl\n|\n|upkeep\n|inactive|Time left: 300 sec this turn | 300 sec total | 5 sec grace\n|\n|t:|1783570870\n|switch|p2a: Zapdos|Zapdos-Galar, L77|265/265\n|turn|38\n|inactive|Time left: 300 sec this turn | 300 sec total\n|\n|t:|1783570871\n|-terastallize|p1a: Annihilape|Ghost\n|move|p2a: Zapdos|Brave Bird|p1a: Annihilape\n|-damage|p1a: Annihilape|71/100\n|-damage|p2a: Zapdos|236/265|[from] Recoil\n|move|p1a: Annihilape|Rage Fist|p2a: Zapdos\n|-damage|p2a: Zapdos|0 fnt\n|faint|p2a: Zapdos\n|\n|upkeep\n|inactive|Time left: 300 sec this turn | 300 sec total | 5 sec grace\n|\n|t:|1783570872\n|switch|p2a: Toxicroak|Toxicroak, L84, M|234/277\n|turn|39\n|inactive|Time left: 300 sec this turn | 300 sec total\n|\n|t:|1783570873\n|move|p2a: Toxicroak|Knock Off|p1a: Annihilape\n|-supereffective|p1a: Annihilape\n|-damage|p1a: Annihilape|46/100\n|move|p1a: Annihilape|Rage Fist|p2a: Toxicroak\n|-damage|p2a: Toxicroak|0 fnt\n|faint|p2a: Toxicroak\n|\n|upkeep\n|inactive|Time left: 300 sec this turn | 300 sec total | 5 sec grace\n|\n|t:|1783570873\n|switch|p2a: Ursaring|Ursaring, L84, F|288/288\n|turn|40\n|inactive|Time left: 300 sec this turn | 300 sec total\n|\n|t:|1783570874\n|move|p1a: Annihilape|Bulk Up|p1a: Annihilape\n|-boost|p1a: Annihilape|atk|1\n|-boost|p1a: Annihilape|def|1\n|move|p2a: Ursaring|Swords Dance|p2a: Ursaring\n|-boost|p2a: Ursaring|atk|2\n|\n|-status|p2a: Ursaring|tox|[from] item: Toxic Orb\n|upkeep\n|turn|41\n|inactive|Time left: 300 sec this turn | 300 sec total\n|\n|t:|1783570875\n|move|p2a: Ursaring|Crunch|p1a: Annihilape\n|-supereffective|p1a: Annihilape\n|-damage|p1a: Annihilape|8/100\n|-unboost|p1a: Annihilape|def|1\n|-ability|p1a: Annihilape|Defiant|boost\n|-boost|p1a: Annihilape|atk|2\n|move|p1a: Annihilape|Drain Punch|p2a: Ursaring\n|-supereffective|p2a: Ursaring\n|-damage|p2a: Ursaring|0 fnt\n|-heal|p1a: Annihilape|58/100|[from] drain|[of] p2a: Ursaring\n|faint|p2a: Ursaring\n|\n|win|p0x2763936b", "uploadtime": 1783570875, "views": 0, "rating": 0, "private": 0, "password": null, "_winner": "p0x2763936b", "_our_name": "p0y27634b69"}