{"id": "battle-gen9randombattle-2578", "formatid": "gen9randombattle", "format": "[Gen 9] Random Battle", "players": ["p0x25780950", "p0y25785589"], "log": "|init|battle\n|title|p0x25780950 vs. p0y25785589\n|j|\u2606p0x25780950\n|j|\u2606p0y25785589\n|t:|1783569780\n|gametype|singles\n|player|p1|p0x25780950|170|\n|player|p2|p0y25785589|265|\n|gen|9\n|tier|[Gen 9] Random Battle\n|rule|Species Clause: Limit one of each Pok\u00e9mon\n|rule|HP Percentage Mod: HP is shown in percentages\n|rule|Sleep Clause Mod: Limit one foe put to sleep\n|rule|Illusion Level Mod: Illusion disguises the Pok\u00e9mon's true level\n|\n|t:|1783569780\n|teamsize|p1|6\n|teamsize|p2|6\n|start\n|switch|p1a: Forretress|Forretress, L84, M|263/263\n|switch|p2a: Pachirisu|Pachirisu, L96, F|100/100\n|turn|1\n|inactive|Battle timer is ON: inactive players will automatically lose when time's up. (requested by p0x25780950)\n|\n|t:|1783569781\n|move|p2a: Pachirisu|Discharge|p1a: Forretress\n|-damage|p1a: Forretress|181/263\n|-status|p1a: Forretress|par\n|move|p1a: Forretress|Stealth Rock|p2a: Pachirisu\n|-sidestart|p2: p0y25785589|move: Stealth Rock\n|\n|-heal|p1a: Forretress|197/263 par|[from] item: Leftovers\n|upkeep\n|turn|2\n|inactive|Time left: 300 sec this turn | 300 sec total\n|inactive|p0y25785589 also wants the timer to be on.\n|\n|t:|1783569783\n|move|p2a: Pachirisu|Super Fang|p1a: Forretress\n|-damage|p1a: Forretress|99/263 par\n|move|p1a: Forretress|Iron Head|p2a: Pachirisu\n|-resisted|p2a: Pachirisu\n|-damage|p2a: Pachirisu|86/100\n|\n|-heal|p1a: Forretress|115/263 par|[from] item: Leftovers\n|upkeep\n|turn|3\n|inactive|Time left: 300 sec this turn | 300 sec total\n|\n|t:|1783569784\n|switch|p1a: Flareon|Flareon, L90, F|263/263\n|move|p2a: Pachirisu|Discharge|p1a: Flareon\n|-damage|p1a: Flareon|208/263\n|\n|-status|p1a: Flareon|tox|[from] item: Toxic Orb\n|upkeep\n|turn|4\n|inactive|Time left: 300 sec this turn | 300 sec total\n|\n|t:|1783569785\n|move|p2a: Pachirisu|Super Fang|p1a: Flareon|[miss]\n|-miss|p2a: Pachirisu|p1a: Flareon\n|move|p1a: Flareon|Flare Blitz|p2a: Pachirisu\n|-damage|p2a: Pachirisu|0 fnt\n|faint|p2a: Pachirisu\n|-damage|p1a: Flareon|131/263 tox|[from] Recoil\n|\n|-damage|p1a: Flareon|115/263 tox|[from] psn\n|upkeep\n|\n|t:|1783569786\n|switch|p2a: Urshifu|Urshifu, L74, M|100/100\n|-damage|p2a: Urshifu|95/100|[from] Stealth Rock\n|turn|5\n|inactive|Time left: 300 sec this turn | 300 sec total\n|\n|t:|1783569787\n|switch|p1a: Toxapex|Toxapex, L82, F|216/216\n|move|p2a: Urshifu|Wicked Blow|p1a: Toxapex\n|-crit|p1a: Toxapex\n|-damage|p1a: Toxapex|121/216\n|-damage|p2a: Urshifu|78/100|[from] item: Rocky Helmet|[of] p1a: Toxapex\n|-damage|p2a: Urshifu|68/100|[from] item: Life Orb\n|\n|upkeep\n|turn|6\n|inactive|Time left: 300 sec this turn | 300 sec total\n|\n|t:|1783569788\n|move|p2a: Urshifu|Swords Dance|p2a: Urshifu\n|-boost|p2a: Urshifu|atk|2\n|move|p1a: Toxapex|Recover|p1a: Toxapex\n|-heal|p1a: Toxapex|216/216\n|\n|upkeep\n|turn|7\n|inactive|Time left: 300 sec this turn | 300 sec total\n|\n|t:|1783569790\n|move|p2a: Urshifu|Wicked Blow|p1a: Toxapex\n|-crit|p1a: Toxapex\n|-damage|p1a: Toxapex|9/216\n|-damage|p2a: Urshifu|51/100|[from] item: Rocky Helmet|[of] p1a: Toxapex\n|-damage|p2a: Urshifu|41/100|[from] item: Life Orb\n|move|p1a: Toxapex|Toxic|p2a: Urshifu\n|-status|p2a: Urshifu|tox\n|\n|-damage|p2a: Urshifu|35/100 tox|[from] psn\n|upkeep\n|turn|8\n|inactive|Time left: 300 sec this turn | 300 sec total\n|\n|t:|1783569791\n|move|p2a: Urshifu|Wicked Blow|p1a: Toxapex\n|-crit|p1a: Toxapex\n|-damage|p1a: Toxapex|0 fnt\n|-damage|p2a: Urshifu|19/100 tox|[from] item: Rocky Helmet|[of] p1a: Toxapex\n|faint|p1a: Toxapex\n|-damage|p2a: Urshifu|9/100 tox|[from] item: Life Orb\n|\n|-damage|p2a: Urshifu|0 fnt|[from] psn\n|faint|p2a: Urshifu\n|upkeep\n|inactive|Time left: 300 sec this turn | 300 sec total | 5 sec grace\n|\n|t:|1783569792\n|switch|p2a: Perrserker|Perrserker, L89, F|100/100\n|switch|p1a: Glastrier|Glastrier, L86|312/312\n|-damage|p2a: Perrserker|95/100|[from] Stealth Rock\n|turn|9\n|inactive|Time left: 300 sec this turn | 300 sec total\n|\n|t:|1783569793\n|switch|p1a: Forretress|Forretress, L84, M|115/263 par\n|move|p2a: Perrserker|Iron Head|p1a: Forretress\n|-resisted|p1a: Forretress\n|-damage|p1a: Forretress|46/263 par\n|\n|-heal|p1a: Forretress|62/263 par|[from] item: Leftovers\n|upkeep\n|turn|10\n|inactive|Time left: 300 sec this turn | 300 sec total\n|\n|t:|1783569794\n|move|p2a: Perrserker|Iron Head|p1a: Forretress\n|-resisted|p1a: Forretress\n|-damage|p1a: Forretress|0 fnt\n|faint|p1a: Forretress\n|\n|upkeep\n|inactive|Time left: 300 sec this turn | 300 sec total | 5 sec grace\n|\n|t:|1783569794\n|switch|p1a: Flareon|Flareon, L90, F|115/263 tox\n|turn|11\n|inactive|Time left: 300 sec this turn | 300 sec total\n|\n|t:|1783569795\n|move|p1a: Flareon|Flare Blitz|p2a: Perrserker\n|-supereffective|p2a: Perrserker\n|-damage|p2a: Perrserker|0 fnt\n|faint|p2a: Perrserker\n|-damage|p1a: Flareon|32/263 tox|[from] Recoil\n|\n|-damage|p1a: Flareon|16/263 tox|[from] psn\n|upkeep\n|\n|t:|1783569796\n|switch|p2a: Manaphy|Manaphy, L78|100/100\n|-damage|p2a: Manaphy|88/100|[from] Stealth Rock\n|turn|12\n|inactive|Time left: 300 sec this turn | 300 sec total\n|\n|t:|1783569796\n|switch|p1a: Glastrier|Glastrier, L86|312/312\n|move|p2a: Manaphy|Surf|p1a: Glastrier\n|-damage|p1a: Glastrier|245/312\n|\n|-heal|p2a: Manaphy|94/100|[from] item: Leftovers\n|upkeep\n|turn|13\n|inactive|Time left: 300 sec this turn | 300 sec total\n|\n|t:|1783569797\n|move|p2a: Manaphy|Tail Glow|p2a: Manaphy\n|-boost|p2a: Manaphy|spa|3\n|move|p1a: Glastrier|Swords Dance|p1a: Glastrier\n|-boost|p1a: Glastrier|atk|2\n|\n|-heal|p2a: Manaphy|99/100|[from] item: Leftovers\n|upkeep\n|turn|14\n|inactive|Time left: 300 sec this turn | 300 sec total\n|\n|t:|1783569798\n|-terastallize|p2a: Manaphy|Water\n|move|p2a: Manaphy|Surf|p1a: Glastrier\n|-damage|p1a: Glastrier|15/312\n|move|p1a: Glastrier|Close Combat|p2a: Manaphy\n|-damage|p2a: Manaphy|23/100\n|-unboost|p1a: Glastrier|def|1\n|-unboost|p1a: Glastrier|spd|1\n|\n|-heal|p2a: Manaphy|29/100|[from] item: Leftovers\n|upkeep\n|turn|15\n|inactive|Time left: 300 sec this turn | 300 sec total\n|\n|t:|1783569799\n|move|p2a: Manaphy|Ice Beam|p1a: Glastrier\n|-resisted|p1a: Glastrier\n|-damage|p1a: Glastrier|0 fnt\n|faint|p1a: Glastrier\n|\n|-heal|p2a: Manaphy|35/100|[from] item: Leftovers\n|upkeep\n|inactive|Time left: 300 sec this turn | 300 sec total | 5 sec grace\n|\n|t:|1783569800\n|switch|p1a: Iron Moth|Iron Moth, L78|253/253\n|turn|16\n|inactive|Time left: 300 sec this turn | 300 sec total\n|\n|t:|1783569801\n|move|p1a: Iron Moth|Sludge Wave|p2a: Manaphy\n|-damage|p2a: Manaphy|0 fnt\n|faint|p2a: Manaphy\n|\n|upkeep\n|\n|t:|1783569802\n|switch|p2a: Camerupt|Camerupt, L91, F|100/100\n|-damage|p2a: Camerupt|88/100|[from] Stealth Rock\n|turn|17\n|inactive|Time left: 300 sec this turn | 300 sec total\n|\n|t:|1783569802\n|-end|p1a: Iron Moth|Quark Drive|[silent]\n|switch|p1a: Giratina|Giratina-Origin, L72|335/335\n|move|p2a: Camerupt|Earthquake|p1a: Giratina\n|-immune|p1a: Giratina|[from] ability: Levitate\n|\n|-heal|p2a: Camerupt|94/100|[from] item: Leftovers\n|upkeep\n|turn|18\n|inactive|Time left: 300 sec this turn | 300 sec total\n|\n|t:|1783569803\n|move|p1a: Giratina|Poltergeist|p2a: Camerupt\n|-activate|p2a: Camerupt|move: Poltergeist|Leftovers\n|-damage|p2a: Camerupt|48/100\n|move|p2a: Camerupt|Will-O-Wisp|p1a: Giratina\n|-status|p1a: Giratina|brn\n|\n|-heal|p2a: Camerupt|54/100|[from] item: Leftovers\n|-damage|p1a: Giratina|315/335 brn|[from] brn\n|upkeep\n|turn|19\n|inactive|Time left: 300 sec this turn | 300 sec total\n|\n|t:|1783569804\n|move|p1a: Giratina|Draco Meteor|p2a: Camerupt\n|-damage|p2a: Camerupt|3/100\n|-unboost|p1a: Giratina|spa|2\n|move|p2a: Camerupt|Earthquake|p1a: Giratina\n|-immune|p1a: Giratina|[from] ability: Levitate\n|\n|-heal|p2a: Camerupt|9/100|[from] item: Leftovers\n|-damage|p1a: Giratina|295/335 brn|[from] brn\n|upkeep\n|turn|20\n|inactive|Time left: 300 sec this turn | 300 sec total\n|\n|t:|1783569805\n|move|p1a: Giratina|Poltergeist|p2a: Camerupt\n|-activate|p2a: Camerupt|move: Poltergeist|Leftovers\n|-damage|p2a: Camerupt|0 fnt\n|faint|p2a: Camerupt\n|\n|-damage|p1a: Giratina|275/335 brn|[from] brn\n|upkeep\n|\n|t:|1783569806\n|switch|p2a: Arceus|Arceus-Ice, L72|100/100\n|-damage|p2a: Arceus|76/100|[from] Stealth Rock\n|turn|21\n|inactive|Time left: 300 sec this turn | 300 sec total\n|\n|t:|1783569807\n|switch|p1a: Iron Moth|Iron Moth, L78|253/253\n|move|p2a: Arceus|Calm Mind|p2a: Arceus\n|-boost|p2a: Arceus|spa|1\n|-boost|p2a: Arceus|spd|1\n|\n|upkeep\n|turn|22\n|inactive|Time left: 300 sec this turn | 300 sec total\n|\n|t:|1783569808\n|-terastallize|p1a: Iron Moth|Fire\n|move|p1a: Iron Moth|Fire Blast|p2a: Arceus\n|-supereffective|p2a: Arceus\n|-damage|p2a: Arceus|0 fnt\n|faint|p2a: Arceus\n|\n|win|p0x25780950", "uploadtime": 1783569808, "views": 0, "rating": 0, "private": 0, "password": null, "_winner": "p0x25780950", "_our_name": "p0x25780950"}