{"id": "battle-gen9randombattle-1623", "formatid": "gen9randombattle", "format": "[Gen 9] Random Battle", "players": ["p0x16236055", "p0y1623b691"], "log": "|init|battle\n|title|p0x16236055 vs. p0y1623b691\n|j|\u2606p0x16236055\n|j|\u2606p0y1623b691\n|t:|1783558025\n|gametype|singles\n|player|p1|p0x16236055|265|\n|player|p2|p0y1623b691|101|\n|gen|9\n|tier|[Gen 9] Random Battle\n|rule|Species Clause: Limit one of each Pok\u00e9mon\n|rule|HP Percentage Mod: HP is shown in percentages\n|rule|Sleep Clause Mod: Limit one foe put to sleep\n|rule|Illusion Level Mod: Illusion disguises the Pok\u00e9mon's true level\n|\n|t:|1783558025\n|teamsize|p1|6\n|teamsize|p2|6\n|start\n|switch|p1a: Arceus|Arceus-Fire, L72|291/291\n|switch|p2a: Hitmonchan|Hitmonchan, L87, M|100/100\n|turn|1\n|inactive|Battle timer is ON: inactive players will automatically lose when time's up. (requested by p0y1623b691)\n|inactive|Time left: 300 sec this turn | 300 sec total | 60 sec grace\n|inactive|p0x16236055 also wants the timer to be on.\n|\n|t:|1783558027\n|move|p1a: Arceus|Swords Dance|p1a: Arceus\n|-boost|p1a: Arceus|atk|2\n|move|p2a: Hitmonchan|Bulk Up|p2a: Hitmonchan\n|-boost|p2a: Hitmonchan|atk|1\n|-boost|p2a: Hitmonchan|def|1\n|\n|upkeep\n|turn|2\n|inactive|Time left: 300 sec this turn | 300 sec total\n|\n|t:|1783558028\n|move|p1a: Arceus|Flare Blitz|p2a: Hitmonchan\n|-damage|p2a: Hitmonchan|25/100\n|-damage|p1a: Arceus|234/291|[from] Recoil\n|move|p2a: Hitmonchan|Drain Punch|p1a: Arceus\n|-damage|p1a: Arceus|89/291\n|-heal|p2a: Hitmonchan|56/100|[from] drain|[of] p1a: Arceus\n|\n|-heal|p2a: Hitmonchan|63/100|[from] item: Leftovers\n|upkeep\n|turn|3\n|inactive|Time left: 300 sec this turn | 300 sec total\n|\n|t:|1783558029\n|move|p1a: Arceus|Flare Blitz|p2a: Hitmonchan\n|-damage|p2a: Hitmonchan|0 fnt\n|faint|p2a: Hitmonchan\n|-damage|p1a: Arceus|42/291|[from] Recoil\n|\n|upkeep\n|\n|t:|1783558030\n|switch|p2a: Raikou|Raikou, L81|100/100\n|-ability|p2a: Raikou|Pressure\n|turn|4\n|inactive|Time left: 300 sec this turn | 300 sec total\n|\n|t:|1783558031\n|move|p2a: Raikou|Scald|p1a: Arceus\n|-supereffective|p1a: Arceus\n|-damage|p1a: Arceus|0 fnt\n|faint|p1a: Arceus\n|\n|upkeep\n|inactive|Time left: 300 sec this turn | 300 sec total | 5 sec grace\n|\n|t:|1783558032\n|switch|p1a: Flygon|Flygon, L82, F|265/265\n|turn|5\n|inactive|Time left: 300 sec this turn | 300 sec total\n|\n|t:|1783558033\n|move|p2a: Raikou|Scald|p1a: Flygon\n|-damage|p1a: Flygon|199/265\n|move|p1a: Flygon|Outrage|p2a: Raikou\n|-damage|p2a: Raikou|28/100\n|\n|-heal|p2a: Raikou|34/100|[from] item: Leftovers\n|upkeep\n|turn|6\n|inactive|Time left: 300 sec this turn | 300 sec total\n|\n|t:|1783558034\n|switch|p2a: Primarina|Primarina, L83, F|100/100\n|move|p1a: Flygon|Outrage|p2a: Primarina|[from] lockedmove\n|-immune|p2a: Primarina\n|-start|p1a: Flygon|confusion|[fatigue]\n|\n|upkeep\n|turn|7\n|inactive|Time left: 300 sec this turn | 300 sec total\n|\n|t:|1783558035\n|switch|p1a: Florges|Florges-Orange, L85, F|271/271\n|move|p2a: Primarina|Calm Mind|p2a: Primarina\n|-boost|p2a: Primarina|spa|1\n|-boost|p2a: Primarina|spd|1\n|\n|upkeep\n|turn|8\n|inactive|Time left: 300 sec this turn | 300 sec total\n|\n|t:|1783558036\n|move|p1a: Florges|Calm Mind|p1a: Florges\n|-boost|p1a: Florges|spa|1\n|-boost|p1a: Florges|spd|1\n|move|p2a: Primarina|Calm Mind|p2a: Primarina\n|-boost|p2a: Primarina|spa|1\n|-boost|p2a: Primarina|spd|1\n|\n|upkeep\n|turn|9\n|inactive|Time left: 300 sec this turn | 300 sec total\n|\n|t:|1783558037\n|move|p1a: Florges|Calm Mind|p1a: Florges\n|-boost|p1a: Florges|spa|1\n|-boost|p1a: Florges|spd|1\n|move|p2a: Primarina|Calm Mind|p2a: Primarina\n|-boost|p2a: Primarina|spa|1\n|-boost|p2a: Primarina|spd|1\n|\n|upkeep\n|turn|10\n|inactive|Time left: 300 sec this turn | 300 sec total\n|\n|t:|1783558038\n|move|p1a: Florges|Calm Mind|p1a: Florges\n|-boost|p1a: Florges|spa|1\n|-boost|p1a: Florges|spd|1\n|move|p2a: Primarina|Sparkling Aria|p1a: Florges\n|-damage|p1a: Florges|204/271\n|\n|-heal|p1a: Florges|220/271|[from] item: Leftovers\n|upkeep\n|turn|11\n|inactive|Time left: 300 sec this turn | 300 sec total\n|\n|t:|1783558039\n|move|p1a: Florges|Calm Mind|p1a: Florges\n|-boost|p1a: Florges|spa|1\n|-boost|p1a: Florges|spd|1\n|move|p2a: Primarina|Calm Mind|p2a: Primarina\n|-boost|p2a: Primarina|spa|1\n|-boost|p2a: Primarina|spd|1\n|\n|-heal|p1a: Florges|236/271|[from] item: Leftovers\n|upkeep\n|turn|12\n|inactive|Time left: 300 sec this turn | 300 sec total\n|\n|t:|1783558040\n|move|p1a: Florges|Moonblast|p2a: Primarina\n|-damage|p2a: Primarina|66/100\n|-unboost|p2a: Primarina|spa|1\n|move|p2a: Primarina|Sparkling Aria|p1a: Florges\n|-damage|p1a: Florges|173/271\n|\n|-heal|p1a: Florges|189/271|[from] item: Leftovers\n|-heal|p2a: Primarina|72/100|[from] item: Leftovers\n|upkeep\n|turn|13\n|inactive|Time left: 300 sec this turn | 300 sec total\n|\n|t:|1783558041\n|move|p1a: Florges|Moonblast|p2a: Primarina\n|-damage|p2a: Primarina|37/100\n|move|p2a: Primarina|Sparkling Aria|p1a: Florges\n|-damage|p1a: Florges|125/271\n|\n|-heal|p1a: Florges|141/271|[from] item: Leftovers\n|-heal|p2a: Primarina|43/100|[from] item: Leftovers\n|upkeep\n|turn|14\n|inactive|Time left: 300 sec this turn | 300 sec total\n|\n|t:|1783558042\n|move|p1a: Florges|Moonblast|p2a: Primarina\n|-damage|p2a: Primarina|7/100\n|move|p2a: Primarina|Sparkling Aria|p1a: Florges\n|-damage|p1a: Florges|48/271\n|\n|-heal|p1a: Florges|64/271|[from] item: Leftovers\n|-heal|p2a: Primarina|13/100|[from] item: Leftovers\n|upkeep\n|turn|15\n|inactive|Time left: 300 sec this turn | 300 sec total\n|\n|t:|1783558043\n|move|p1a: Florges|Moonblast|p2a: Primarina\n|-damage|p2a: Primarina|0 fnt\n|faint|p2a: Primarina\n|\n|-heal|p1a: Florges|80/271|[from] item: Leftovers\n|upkeep\n|\n|t:|1783558044\n|switch|p2a: Iron Treads|Iron Treads, L77|100/100\n|turn|16\n|inactive|Time left: 300 sec this turn | 300 sec total\n|\n|t:|1783558045\n|move|p1a: Florges|Protect|p1a: Florges\n|-singleturn|p1a: Florges|Protect\n|move|p2a: Iron Treads|Iron Head|p1a: Florges\n|-activate|p1a: Florges|move: Protect\n|\n|-heal|p1a: Florges|96/271|[from] item: Leftovers\n|upkeep\n|turn|17\n|inactive|Time left: 300 sec this turn | 300 sec total\n|\n|t:|1783558046\n|switch|p1a: Flygon|Flygon, L82, F|199/265\n|move|p2a: Iron Treads|Earthquake|p1a: Flygon\n|-immune|p1a: Flygon|[from] ability: Levitate\n|\n|upkeep\n|turn|18\n|inactive|Time left: 300 sec this turn | 300 sec total\n|\n|t:|1783558046\n|move|p1a: Flygon|Earthquake|p2a: Iron Treads\n|-supereffective|p2a: Iron Treads\n|-damage|p2a: Iron Treads|0 fnt\n|faint|p2a: Iron Treads\n|-end|p2a: Iron Treads|Quark Drive|[silent]\n|\n|upkeep\n|\n|t:|1783558047\n|switch|p2a: Lycanroc|Lycanroc-Midnight, L89, M|100/100\n|turn|19\n|inactive|Time left: 300 sec this turn | 300 sec total\n|\n|t:|1783558048\n|-terastallize|p2a: Lycanroc|Fighting\n|move|p1a: Flygon|Earthquake|p2a: Lycanroc\n|-damage|p2a: Lycanroc|47/100\n|move|p2a: Lycanroc|Close Combat|p1a: Flygon\n|-crit|p1a: Flygon\n|-damage|p1a: Flygon|0 fnt\n|-unboost|p2a: Lycanroc|def|1\n|-unboost|p2a: Lycanroc|spd|1\n|faint|p1a: Flygon\n|-damage|p2a: Lycanroc|37/100|[from] item: Life Orb\n|\n|upkeep\n|inactive|Time left: 300 sec this turn | 300 sec total | 5 sec grace\n|\n|t:|1783558049\n|switch|p1a: Hydreigon|Hydreigon, L79, F|275/275\n|turn|20\n|inactive|Time left: 300 sec this turn | 300 sec total\n|\n|t:|1783558050\n|move|p1a: Hydreigon|Fire Blast|p2a: Lycanroc\n|-damage|p2a: Lycanroc|0 fnt\n|faint|p2a: Lycanroc\n|\n|upkeep\n|\n|t:|1783558051\n|switch|p2a: Raikou|Raikou, L81|34/100\n|-ability|p2a: Raikou|Pressure\n|turn|21\n|inactive|Time left: 300 sec this turn | 300 sec total\n|\n|t:|1783558052\n|move|p2a: Raikou|Calm Mind|p2a: Raikou\n|-boost|p2a: Raikou|spa|1\n|-boost|p2a: Raikou|spd|1\n|move|p1a: Hydreigon|Fire Blast|p2a: Raikou|[miss]\n|-miss|p1a: Hydreigon|p2a: Raikou\n|\n|-heal|p2a: Raikou|40/100|[from] item: Leftovers\n|upkeep\n|turn|22\n|inactive|Time left: 300 sec this turn | 300 sec total\n|\n|t:|1783558053\n|move|p2a: Raikou|Calm Mind|p2a: Raikou\n|-boost|p2a: Raikou|spa|1\n|-boost|p2a: Raikou|spd|1\n|move|p1a: Hydreigon|Fire Blast|p2a: Raikou\n|-damage|p2a: Raikou|17/100\n|\n|-heal|p2a: Raikou|24/100|[from] item: Leftovers\n|upkeep\n|turn|23\n|inactive|Time left: 300 sec this turn | 300 sec total\n|\n|t:|1783558055\n|move|p2a: Raikou|Thunderbolt|p1a: Hydreigon\n|-resisted|p1a: Hydreigon\n|-crit|p1a: Hydreigon\n|-damage|p1a: Hydreigon|113/275\n|move|p1a: Hydreigon|Fire Blast|p2a: Raikou\n|-damage|p2a: Raikou|2/100\n|\n|-heal|p2a: Raikou|8/100|[from] item: Leftovers\n|upkeep\n|turn|24\n|inactive|Time left: 300 sec this turn | 300 sec total\n|\n|t:|1783558056\n|move|p2a: Raikou|Thunderbolt|p1a: Hydreigon\n|-resisted|p1a: Hydreigon\n|-damage|p1a: Hydreigon|16/275\n|move|p1a: Hydreigon|Fire Blast|p2a: Raikou|[miss]\n|-miss|p1a: Hydreigon|p2a: Raikou\n|\n|-heal|p2a: Raikou|15/100|[from] item: Leftovers\n|upkeep\n|turn|25\n|inactive|Time left: 300 sec this turn | 300 sec total\n|\n|t:|1783558057\n|move|p2a: Raikou|Shadow Ball|p1a: Hydreigon\n|-resisted|p1a: Hydreigon\n|-damage|p1a: Hydreigon|0 fnt\n|faint|p1a: Hydreigon\n|\n|-heal|p2a: Raikou|21/100|[from] item: Leftovers\n|upkeep\n|inactive|Time left: 300 sec this turn | 300 sec total | 5 sec grace\n|\n|t:|1783558058\n|switch|p1a: Mabosstiff|Mabosstiff, L86, M|278/278\n|turn|26\n|inactive|Time left: 300 sec this turn | 300 sec total\n|\n|t:|1783558059\n|move|p1a: Mabosstiff|Crunch|p2a: Raikou\n|-damage|p2a: Raikou|0 fnt\n|faint|p2a: Raikou\n|\n|upkeep\n|\n|t:|1783558060\n|switch|p2a: Sableye|Sableye, L88, F|100/100\n|turn|27\n|inactive|Time left: 300 sec this turn | 300 sec total\n|\n|t:|1783558061\n|-terastallize|p1a: Mabosstiff|Dark\n|move|p2a: Sableye|Thunder Wave|p1a: Mabosstiff\n|-hint|Since gen 7, Dark is immune to Prankster moves.\n|-immune|p1a: Mabosstiff\n|move|p1a: Mabosstiff|Crunch|p2a: Sableye\n|-damage|p2a: Sableye|37/100\n|-unboost|p2a: Sableye|def|1\n|\n|-heal|p2a: Sableye|43/100|[from] item: Leftovers\n|upkeep\n|turn|28\n|inactive|Time left: 300 sec this turn | 300 sec total\n|\n|t:|1783558062\n|move|p2a: Sableye|Encore|p1a: Mabosstiff\n|-hint|Since gen 7, Dark is immune to Prankster moves.\n|-immune|p1a: Mabosstiff\n|move|p1a: Mabosstiff|Crunch|p2a: Sableye\n|-damage|p2a: Sableye|0 fnt\n|faint|p2a: Sableye\n|\n|win|p0x16236055", "uploadtime": 1783558062, "views": 0, "rating": 0, "private": 0, "password": null, "_winner": "p0x16236055", "_our_name": "p0x16236055"}