{"id": "battle-gen9randombattle-2147", "formatid": "gen9randombattle", "format": "[Gen 9] Random Battle", "players": ["p0x2147cc95", "p0y21471feb"], "log": "|init|battle\n|title|p0x2147cc95 vs. p0y21471feb\n|j|\u2606p0x2147cc95\n|j|\u2606p0y21471feb\n|t:|1783564838\n|gametype|singles\n|player|p1|p0x2147cc95|169|\n|player|p2|p0y21471feb|170|\n|gen|9\n|tier|[Gen 9] Random Battle\n|rule|Species Clause: Limit one of each Pok\u00e9mon\n|rule|HP Percentage Mod: HP is shown in percentages\n|rule|Sleep Clause Mod: Limit one foe put to sleep\n|rule|Illusion Level Mod: Illusion disguises the Pok\u00e9mon's true level\n|\n|t:|1783564838\n|teamsize|p1|6\n|teamsize|p2|6\n|start\n|switch|p1a: Enamorus|Enamorus-Therian, L83, F|100/100\n|switch|p2a: Iron Crown|Iron Crown, L78|268/268\n|turn|1\n|inactive|Battle timer is ON: inactive players will automatically lose when time's up. (requested by p0x2147cc95)\n|inactive|Time left: 300 sec this turn | 300 sec total | 60 sec grace\n|inactive|p0y21471feb also wants the timer to be on.\n|\n|t:|1783564840\n|switch|p1a: Slaking|Slaking, L84, M|100/100\n|move|p2a: Iron Crown|Tachyon Cutter|p1a: Slaking\n|-damage|p1a: Slaking|74/100\n|-damage|p1a: Slaking|46/100\n|-hitcount|p1a: Slaking|2\n|\n|upkeep\n|turn|2\n|inactive|Time left: 300 sec this turn | 300 sec total\n|\n|t:|1783564841\n|move|p1a: Slaking|Knock Off|p2a: Iron Crown\n|-supereffective|p2a: Iron Crown\n|-damage|p2a: Iron Crown|0 fnt\n|-enditem|p2a: Iron Crown|Choice Specs|[from] move: Knock Off|[of] p1a: Slaking\n|faint|p2a: Iron Crown\n|-end|p2a: Iron Crown|Quark Drive|[silent]\n|\n|upkeep\n|inactive|Time left: 300 sec this turn | 300 sec total | 5 sec grace\n|\n|t:|1783564842\n|switch|p2a: Kyurem|Kyurem, L77|319/319\n|-ability|p2a: Kyurem|Pressure\n|turn|3\n|inactive|Time left: 300 sec this turn | 300 sec total\n|\n|t:|1783564843\n|switch|p1a: Piloswine|Piloswine, L85, M|100/100\n|move|p2a: Kyurem|Freeze-Dry|p1a: Piloswine\n|-damage|p1a: Piloswine|90/100\n|\n|upkeep\n|turn|4\n|inactive|Time left: 300 sec this turn | 300 sec total\n|\n|t:|1783564844\n|move|p2a: Kyurem|Outrage|p1a: Piloswine\n|-damage|p1a: Piloswine|61/100\n|move|p1a: Piloswine|Stealth Rock|p2a: Kyurem\n|-sidestart|p2: p0y21471feb|move: Stealth Rock\n|\n|upkeep\n|turn|5\n|inactive|Time left: 300 sec this turn | 300 sec total\n|\n|t:|1783564845\n|switch|p1a: Enamorus|Enamorus-Therian, L83, F|100/100\n|move|p2a: Kyurem|Outrage|p1a: Enamorus|[from] lockedmove\n|-immune|p1a: Enamorus\n|\n|upkeep\n|turn|6\n|inactive|Time left: 300 sec this turn | 300 sec total\n|\n|t:|1783564846\n|move|p2a: Kyurem|Ice Beam|p1a: Enamorus\n|-supereffective|p1a: Enamorus\n|-damage|p1a: Enamorus|31/100\n|-enditem|p1a: Enamorus|Weakness Policy\n|-boost|p1a: Enamorus|atk|2|[from] item: Weakness Policy\n|-boost|p1a: Enamorus|spa|2|[from] item: Weakness Policy\n|move|p1a: Enamorus|Moonblast|p2a: Kyurem\n|-supereffective|p2a: Kyurem\n|-crit|p2a: Kyurem\n|-damage|p2a: Kyurem|0 fnt\n|faint|p2a: Kyurem\n|\n|upkeep\n|inactive|Time left: 300 sec this turn | 300 sec total | 5 sec grace\n|\n|t:|1783564847\n|switch|p2a: Electrode|Electrode, L92|260/260\n|turn|7\n|inactive|Time left: 300 sec this turn | 300 sec total\n|\n|t:|1783564849\n|-terastallize|p2a: Electrode|Dark\n|-terastallize|p1a: Enamorus|Ground\n|move|p2a: Electrode|Foul Play|p1a: Enamorus\n|-damage|p1a: Enamorus|0 fnt\n|faint|p1a: Enamorus\n|\n|upkeep\n|\n|t:|1783564850\n|switch|p1a: Slaking|Slaking, L84, M|46/100\n|turn|8\n|inactive|Time left: 300 sec this turn | 300 sec total\n|\n|t:|1783564851\n|move|p2a: Electrode|Foul Play|p1a: Slaking\n|-damage|p1a: Slaking|8/100\n|move|p1a: Slaking|Giga Impact|p2a: Electrode\n|-damage|p2a: Electrode|0 fnt\n|-mustrecharge|p1a: Slaking\n|-damage|p1a: Slaking|0 fnt|[from] ability: Aftermath|[of] p2a: Electrode\n|faint|p2a: Electrode\n|faint|p1a: Slaking\n|\n|upkeep\n|inactive|Time left: 300 sec this turn | 300 sec total | 5 sec grace\n|\n|t:|1783564852\n|switch|p2a: Reuniclus|Reuniclus, L88, M|337/337\n|switch|p1a: Zapdos|Zapdos, L78|100/100\n|turn|9\n|inactive|Time left: 300 sec this turn | 300 sec total\n|\n|t:|1783564853\n|move|p1a: Zapdos|Discharge|p2a: Reuniclus\n|-damage|p2a: Reuniclus|249/337\n|move|p2a: Reuniclus|Psyshock|p1a: Zapdos\n|-damage|p1a: Zapdos|38/100\n|\n|upkeep\n|turn|10\n|inactive|Time left: 300 sec this turn | 300 sec total\n|\n|t:|1783564854\n|move|p1a: Zapdos|Discharge|p2a: Reuniclus\n|-damage|p2a: Reuniclus|162/337\n|-status|p2a: Reuniclus|par\n|move|p2a: Reuniclus|Psyshock|p1a: Zapdos\n|-damage|p1a: Zapdos|0 fnt\n|faint|p1a: Zapdos\n|\n|upkeep\n|\n|t:|1783564855\n|switch|p1a: Ariados|Ariados, L95, M|100/100\n|turn|11\n|inactive|Time left: 300 sec this turn | 300 sec total\n|\n|t:|1783564856\n|move|p1a: Ariados|Knock Off|p2a: Reuniclus\n|-supereffective|p2a: Reuniclus\n|-damage|p2a: Reuniclus|0 fnt\n|-enditem|p2a: Reuniclus|Life Orb|[from] move: Knock Off|[of] p1a: Ariados\n|faint|p2a: Reuniclus\n|\n|upkeep\n|inactive|Time left: 300 sec this turn | 300 sec total | 5 sec grace\n|\n|t:|1783564857\n|switch|p2a: Zebstrika|Zebstrika, L87, M|272/272\n|-damage|p2a: Zebstrika|238/272|[from] Stealth Rock\n|turn|12\n|inactive|Time left: 300 sec this turn | 300 sec total\n|\n|t:|1783564858\n|switch|p1a: Piloswine|Piloswine, L85, M|61/100\n|move|p2a: Zebstrika|Supercell Slam|p1a: Piloswine\n|-immune|p1a: Piloswine\n|-damage|p2a: Zebstrika|102/272|[from] supercellslam\n|\n|upkeep\n|turn|13\n|inactive|Time left: 300 sec this turn | 300 sec total\n|\n|t:|1783564858\n|move|p2a: Zebstrika|Overheat|p1a: Piloswine\n|-supereffective|p1a: Piloswine\n|-damage|p1a: Piloswine|29/100\n|-unboost|p2a: Zebstrika|spa|2\n|-damage|p2a: Zebstrika|75/272|[from] item: Life Orb\n|move|p1a: Piloswine|Earthquake|p2a: Zebstrika\n|-supereffective|p2a: Zebstrika\n|-damage|p2a: Zebstrika|0 fnt\n|faint|p2a: Zebstrika\n|\n|upkeep\n|inactive|Time left: 300 sec this turn | 300 sec total | 5 sec grace\n|\n|t:|1783564859\n|switch|p2a: Mienshao|Mienshao, L83, M|244/244\n|-damage|p2a: Mienshao|229/244|[from] Stealth Rock\n|turn|14\n|inactive|Time left: 300 sec this turn | 300 sec total\n|\n|t:|1783564860\n|move|p2a: Mienshao|Knock Off|p1a: Piloswine\n|-damage|p1a: Piloswine|2/100\n|-enditem|p1a: Piloswine|Eviolite|[from] move: Knock Off|[of] p2a: Mienshao\n|-damage|p2a: Mienshao|205/244|[from] item: Life Orb\n|move|p1a: Piloswine|Earthquake|p2a: Mienshao\n|-damage|p2a: Mienshao|67/244\n|\n|upkeep\n|turn|15\n|inactive|Time left: 300 sec this turn | 300 sec total\n|\n|t:|1783564861\n|move|p1a: Piloswine|Ice Shard|p2a: Mienshao\n|-damage|p2a: Mienshao|12/244\n|move|p2a: Mienshao|Swords Dance|p2a: Mienshao\n|-boost|p2a: Mienshao|atk|2\n|\n|upkeep\n|turn|16\n|inactive|Time left: 300 sec this turn | 300 sec total\n|\n|t:|1783564862\n|move|p2a: Mienshao|Swords Dance|p2a: Mienshao\n|-boost|p2a: Mienshao|atk|2\n|move|p1a: Piloswine|Earthquake|p2a: Mienshao\n|-damage|p2a: Mienshao|0 fnt\n|faint|p2a: Mienshao\n|\n|win|p0x2147cc95", "uploadtime": 1783564862, "views": 0, "rating": 0, "private": 0, "password": null, "_winner": "p0x2147cc95", "_our_name": "p0y21471feb"}