{"id": "battle-gen9randombattle-687", "formatid": "gen9randombattle", "format": "[Gen 9] Random Battle", "players": ["p0x687db52", "p0y68704d0"], "log": "|init|battle\n|title|p0x687db52 vs. p0y68704d0\n|j|\u2606p0x687db52\n|j|\u2606p0y68704d0\n|t:|1783547084\n|gametype|singles\n|player|p1|p0x687db52|102|\n|player|p2|p0y68704d0|170|\n|gen|9\n|tier|[Gen 9] Random Battle\n|rule|Species Clause: Limit one of each Pok\u00e9mon\n|rule|HP Percentage Mod: HP is shown in percentages\n|rule|Sleep Clause Mod: Limit one foe put to sleep\n|rule|Illusion Level Mod: Illusion disguises the Pok\u00e9mon's true level\n|\n|t:|1783547084\n|teamsize|p1|6\n|teamsize|p2|6\n|start\n|switch|p1a: Persian|Persian-Alola, L86, F|100/100\n|switch|p2a: Palafin|Palafin, L77, M|281/281\n|turn|1\n|inactive|Battle timer is ON: inactive players will automatically lose when time's up. (requested by p0x687db52)\n|inactive|Time left: 300 sec this turn | 300 sec total | 60 sec grace\n|inactive|p0y68704d0 also wants the timer to be on.\n|\n|t:|1783547086\n|detailschange|p2a: Palafin|Palafin-Hero, L77, M\n|switch|p2a: Noctowl|Noctowl, L95, M|344/344\n|move|p1a: Persian|Parting Shot|p2a: Noctowl\n|-unboost|p2a: Noctowl|atk|1\n|-unboost|p2a: Noctowl|spa|1\n|\n|t:|1783547087\n|switch|p1a: Clefable|Clefable, L83, F|100/100|[from] Parting Shot\n|\n|upkeep\n|turn|2\n|inactive|Time left: 300 sec this turn | 300 sec total\n|\n|t:|1783547089\n|move|p2a: Noctowl|Calm Mind|p2a: Noctowl\n|-boost|p2a: Noctowl|spa|1\n|-boost|p2a: Noctowl|spd|1\n|move|p1a: Clefable|Knock Off|p2a: Noctowl\n|-damage|p2a: Noctowl|253/344\n|-enditem|p2a: Noctowl|Heavy-Duty Boots|[from] move: Knock Off|[of] p1a: Clefable\n|\n|upkeep\n|turn|3\n|inactive|Time left: 300 sec this turn | 300 sec total\n|\n|t:|1783547090\n|move|p2a: Noctowl|Calm Mind|p2a: Noctowl\n|-boost|p2a: Noctowl|spa|1\n|-boost|p2a: Noctowl|spd|1\n|move|p1a: Clefable|Stealth Rock|p2a: Noctowl\n|-sidestart|p2: p0y68704d0|move: Stealth Rock\n|\n|upkeep\n|turn|4\n|inactive|Time left: 300 sec this turn | 300 sec total\n|\n|t:|1783547091\n|move|p2a: Noctowl|Hyper Voice|p1a: Clefable\n|-damage|p1a: Clefable|39/100\n|move|p1a: Clefable|Moonlight|p1a: Clefable\n|-heal|p1a: Clefable|89/100\n|\n|upkeep\n|turn|5\n|inactive|Time left: 300 sec this turn | 300 sec total\n|\n|t:|1783547092\n|move|p2a: Noctowl|Hyper Voice|p1a: Clefable\n|-damage|p1a: Clefable|35/100\n|move|p1a: Clefable|Moonlight|p1a: Clefable\n|-heal|p1a: Clefable|85/100\n|\n|upkeep\n|turn|6\n|inactive|Time left: 300 sec this turn | 300 sec total\n|\n|t:|1783547093\n|move|p2a: Noctowl|Hyper Voice|p1a: Clefable\n|-damage|p1a: Clefable|27/100\n|move|p1a: Clefable|Moonlight|p1a: Clefable\n|-heal|p1a: Clefable|77/100\n|\n|upkeep\n|turn|7\n|inactive|Time left: 300 sec this turn | 300 sec total\n|\n|t:|1783547094\n|move|p2a: Noctowl|Hyper Voice|p1a: Clefable\n|-damage|p1a: Clefable|23/100\n|move|p1a: Clefable|Moonblast|p2a: Noctowl\n|-damage|p2a: Noctowl|201/344\n|-unboost|p2a: Noctowl|spa|1\n|\n|upkeep\n|turn|8\n|inactive|Time left: 300 sec this turn | 300 sec total\n|\n|t:|1783547096\n|move|p2a: Noctowl|Hyper Voice|p1a: Clefable\n|-crit|p1a: Clefable\n|-damage|p1a: Clefable|0 fnt\n|faint|p1a: Clefable\n|\n|upkeep\n|\n|t:|1783547097\n|switch|p1a: Espeon|Espeon, L84, F|100/100\n|turn|9\n|inactive|Time left: 300 sec this turn | 300 sec total\n|\n|t:|1783547098\n|move|p1a: Espeon|Calm Mind|p1a: Espeon\n|-boost|p1a: Espeon|spa|1\n|-boost|p1a: Espeon|spd|1\n|move|p2a: Noctowl|Roost|p2a: Noctowl\n|-heal|p2a: Noctowl|344/344\n|-singleturn|p2a: Noctowl|move: Roost\n|\n|upkeep\n|turn|10\n|inactive|Time left: 300 sec this turn | 300 sec total\n|\n|t:|1783547099\n|move|p1a: Espeon|Psyshock|p2a: Noctowl\n|-damage|p2a: Noctowl|85/344\n|-damage|p1a: Espeon|91/100|[from] item: Life Orb\n|move|p2a: Noctowl|Hurricane|p1a: Espeon\n|-damage|p1a: Espeon|55/100\n|-start|p1a: Espeon|confusion\n|\n|upkeep\n|turn|11\n|inactive|Time left: 300 sec this turn | 300 sec total\n|\n|t:|1783547100\n|-activate|p1a: Espeon|confusion\n|move|p1a: Espeon|Psyshock|p2a: Noctowl\n|-damage|p2a: Noctowl|0 fnt\n|faint|p2a: Noctowl\n|-damage|p1a: Espeon|45/100|[from] item: Life Orb\n|\n|upkeep\n|inactive|Time left: 300 sec this turn | 300 sec total | 5 sec grace\n|\n|t:|1783547101\n|switch|p2a: Sceptile|Sceptile, L87, M|264/264\n|-damage|p2a: Sceptile|231/264|[from] Stealth Rock\n|turn|12\n|inactive|Time left: 300 sec this turn | 300 sec total\n|\n|t:|1783547103\n|move|p2a: Sceptile|Earthquake|p1a: Espeon\n|-damage|p1a: Espeon|0 fnt\n|faint|p1a: Espeon\n|-damage|p2a: Sceptile|205/264|[from] item: Life Orb\n|\n|upkeep\n|\n|t:|1783547104\n|switch|p1a: Hydreigon|Hydreigon, L79, F|100/100\n|turn|13\n|inactive|Time left: 300 sec this turn | 300 sec total\n|\n|t:|1783547105\n|move|p2a: Sceptile|Focus Blast|p1a: Hydreigon\n|-supereffective|p1a: Hydreigon\n|-damage|p1a: Hydreigon|12/100\n|-unboost|p1a: Hydreigon|spd|1\n|-damage|p2a: Sceptile|179/264|[from] item: Life Orb\n|move|p1a: Hydreigon|Draco Meteor|p2a: Sceptile\n|-damage|p2a: Sceptile|0 fnt\n|-unboost|p1a: Hydreigon|spa|2\n|faint|p2a: Sceptile\n|\n|upkeep\n|inactive|Time left: 300 sec this turn | 300 sec total | 5 sec grace\n|\n|t:|1783547106\n|switch|p2a: Oricorio|Oricorio, L84, F|263/263\n|turn|14\n|inactive|Time left: 300 sec this turn | 300 sec total\n|\n|t:|1783547107\n|move|p2a: Oricorio|Quiver Dance|p2a: Oricorio\n|-boost|p2a: Oricorio|spa|1\n|-boost|p2a: Oricorio|spd|1\n|-boost|p2a: Oricorio|spe|1\n|move|p1a: Hydreigon|Draco Meteor|p2a: Oricorio|[miss]\n|-miss|p1a: Hydreigon|p2a: Oricorio\n|\n|upkeep\n|turn|15\n|inactive|Time left: 300 sec this turn | 300 sec total\n|\n|t:|1783547108\n|move|p2a: Oricorio|Quiver Dance|p2a: Oricorio\n|-boost|p2a: Oricorio|spa|1\n|-boost|p2a: Oricorio|spd|1\n|-boost|p2a: Oricorio|spe|1\n|move|p1a: Hydreigon|Draco Meteor|p2a: Oricorio\n|-damage|p2a: Oricorio|200/263\n|-unboost|p1a: Hydreigon|spa|2\n|\n|upkeep\n|turn|16\n|inactive|Time left: 300 sec this turn | 300 sec total\n|\n|t:|1783547109\n|move|p2a: Oricorio|Revelation Dance|p1a: Hydreigon\n|-resisted|p1a: Hydreigon\n|-damage|p1a: Hydreigon|0 fnt\n|faint|p1a: Hydreigon\n|\n|upkeep\n|\n|t:|1783547110\n|switch|p1a: Palafin|Palafin, L77, F|100/100\n|turn|17\n|inactive|Time left: 300 sec this turn | 300 sec total\n|\n|t:|1783547111\n|move|p2a: Oricorio|Hurricane|p1a: Palafin|[miss]\n|-miss|p2a: Oricorio|p1a: Palafin\n|move|p1a: Palafin|Wave Crash|p2a: Oricorio\n|-supereffective|p2a: Oricorio\n|-damage|p2a: Oricorio|2/263\n|-damage|p1a: Palafin|77/100|[from] Recoil\n|\n|-heal|p1a: Palafin|83/100|[from] item: Leftovers\n|upkeep\n|turn|18\n|inactive|Time left: 300 sec this turn | 300 sec total\n|\n|t:|1783547112\n|move|p1a: Palafin|Jet Punch|p2a: Oricorio\n|-supereffective|p2a: Oricorio\n|-damage|p2a: Oricorio|0 fnt\n|faint|p2a: Oricorio\n|\n|-heal|p1a: Palafin|89/100|[from] item: Leftovers\n|upkeep\n|inactive|Time left: 300 sec this turn | 300 sec total | 5 sec grace\n|\n|t:|1783547113\n|switch|p2a: Fezandipiti|Fezandipiti, L82, M|278/278\n|-damage|p2a: Fezandipiti|244/278|[from] Stealth Rock\n|turn|19\n|inactive|Time left: 300 sec this turn | 300 sec total\n|\n|t:|1783547114\n|detailschange|p1a: Palafin|Palafin-Hero, L77, F\n|switch|p1a: Gengar|Gengar, L81, F|100/100\n|move|p2a: Fezandipiti|Moonblast|p1a: Gengar\n|-resisted|p1a: Gengar\n|-damage|p1a: Gengar|81/100\n|-start|p2a: Fezandipiti|Disable|Moonblast|[from] ability: Cursed Body|[of] p1a: Gengar\n|\n|-heal|p2a: Fezandipiti|261/278|[from] item: Leftovers\n|upkeep\n|turn|20\n|inactive|Time left: 300 sec this turn | 300 sec total\n|\n|t:|1783547115\n|move|p1a: Gengar|Nasty Plot|p1a: Gengar\n|-boost|p1a: Gengar|spa|2\n|move|p2a: Fezandipiti|Gunk Shot|p1a: Gengar\n|-resisted|p1a: Gengar\n|-damage|p1a: Gengar|65/100\n|\n|-heal|p2a: Fezandipiti|278/278|[from] item: Leftovers\n|upkeep\n|turn|21\n|inactive|Time left: 300 sec this turn | 300 sec total\n|\n|t:|1783547116\n|move|p1a: Gengar|Focus Blast|p2a: Fezandipiti|[miss]\n|-miss|p1a: Gengar|p2a: Fezandipiti\n|move|p2a: Fezandipiti|Gunk Shot|p1a: Gengar\n|-resisted|p1a: Gengar\n|-damage|p1a: Gengar|48/100\n|\n|upkeep\n|turn|22\n|inactive|Time left: 300 sec this turn | 300 sec total\n|\n|t:|1783547118\n|move|p1a: Gengar|Sludge Wave|p2a: Fezandipiti\n|-damage|p2a: Fezandipiti|35/278\n|-damage|p1a: Gengar|38/100|[from] item: Life Orb\n|move|p2a: Fezandipiti|U-turn|p1a: Gengar\n|-resisted|p1a: Gengar\n|-damage|p1a: Gengar|31/100\n|inactive|Time left: 300 sec this turn | 300 sec total | 5 sec grace\n|\n|t:|1783547119\n|switch|p2a: Palafin|Palafin-Hero, L77, M|281/281|[from] U-turn\n|-damage|p2a: Palafin|246/281|[from] Stealth Rock\n|-activate|p2a: Palafin|ability: Zero to Hero\n|\n|-heal|p2a: Palafin|263/281|[from] item: Leftovers\n|upkeep\n|turn|23\n|inactive|Time left: 300 sec this turn | 300 sec total\n|\n|t:|1783547120\n|switch|p1a: Persian|Persian-Alola, L86, F|100/100\n|move|p2a: Palafin|Jet Punch|p1a: Persian\n|-damage|p1a: Persian|81/100\n|\n|-heal|p2a: Palafin|280/281|[from] item: Leftovers\n|upkeep\n|turn|24\n|inactive|Time left: 300 sec this turn | 300 sec total\n|\n|t:|1783547121\n|move|p1a: Persian|Foul Play|p2a: Palafin\n|-damage|p2a: Palafin|148/281\n|move|p2a: Palafin|Bulk Up|p2a: Palafin\n|-boost|p2a: Palafin|atk|1\n|-boost|p2a: Palafin|def|1\n|\n|-heal|p2a: Palafin|165/281|[from] item: Leftovers\n|upkeep\n|turn|25\n|inactive|Time left: 300 sec this turn | 300 sec total\n|\n|t:|1783547122\n|move|p1a: Persian|Foul Play|p2a: Palafin\n|-damage|p2a: Palafin|14/281\n|move|p2a: Palafin|Drain Punch|p1a: Persian\n|-supereffective|p1a: Persian\n|-damage|p1a: Persian|30/100\n|-heal|p2a: Palafin|79/281|[from] drain|[of] p1a: Persian\n|\n|-heal|p2a: Palafin|96/281|[from] item: Leftovers\n|upkeep\n|turn|26\n|inactive|Time left: 300 sec this turn | 300 sec total\n|\n|t:|1783547123\n|move|p2a: Palafin|Jet Punch|p1a: Persian\n|-damage|p1a: Persian|0 fnt\n|faint|p1a: Persian\n|\n|-heal|p2a: Palafin|113/281|[from] item: Leftovers\n|upkeep\n|\n|t:|1783547124\n|switch|p1a: Palafin|Palafin-Hero, L77, F|89/100\n|-activate|p1a: Palafin|ability: Zero to Hero\n|turn|27\n|inactive|Time left: 300 sec this turn | 300 sec total\n|\n|t:|1783547125\n|move|p1a: Palafin|Bulk Up|p1a: Palafin\n|-boost|p1a: Palafin|atk|1\n|-boost|p1a: Palafin|def|1\n|move|p2a: Palafin|Drain Punch|p1a: Palafin\n|-damage|p1a: Palafin|65/100\n|-heal|p2a: Palafin|148/281|[from] drain|[of] p1a: Palafin\n|\n|-heal|p1a: Palafin|71/100|[from] item: Leftovers\n|-heal|p2a: Palafin|165/281|[from] item: Leftovers\n|upkeep\n|turn|28\n|inactive|Time left: 300 sec this turn | 300 sec total\n|\n|t:|1783547126\n|move|p1a: Palafin|Bulk Up|p1a: Palafin\n|-boost|p1a: Palafin|atk|1\n|-boost|p1a: Palafin|def|1\n|move|p2a: Palafin|Bulk Up|p2a: Palafin\n|-boost|p2a: Palafin|atk|1\n|-boost|p2a: Palafin|def|1\n|\n|-heal|p1a: Palafin|77/100|[from] item: Leftovers\n|-heal|p2a: Palafin|182/281|[from] item: Leftovers\n|upkeep\n|turn|29\n|inactive|Time left: 300 sec this turn | 300 sec total\n|\n|t:|1783547127\n|move|p1a: Palafin|Bulk Up|p1a: Palafin\n|-boost|p1a: Palafin|atk|1\n|-boost|p1a: Palafin|def|1\n|move|p2a: Palafin|Drain Punch|p1a: Palafin\n|-damage|p1a: Palafin|56/100\n|-heal|p2a: Palafin|211/281|[from] drain|[of] p1a: Palafin\n|\n|-heal|p2a: Palafin|228/281|[from] item: Leftovers\n|-heal|p1a: Palafin|62/100|[from] item: Leftovers\n|upkeep\n|turn|30\n|inactive|Time left: 300 sec this turn | 300 sec total\n|\n|t:|1783547128\n|move|p1a: Palafin|Wave Crash|p2a: Palafin\n|-resisted|p2a: Palafin\n|-damage|p2a: Palafin|128/281\n|-damage|p1a: Palafin|51/100|[from] Recoil\n|move|p2a: Palafin|Drain Punch|p1a: Palafin\n|-damage|p1a: Palafin|33/100\n|-heal|p2a: Palafin|154/281|[from] drain|[of] p1a: Palafin\n|\n|-heal|p1a: Palafin|39/100|[from] item: Leftovers\n|-heal|p2a: Palafin|171/281|[from] item: Leftovers\n|upkeep\n|turn|31\n|inactive|Time left: 300 sec this turn | 300 sec total\n|\n|t:|1783547129\n|move|p1a: Palafin|Jet Punch|p2a: Palafin\n|-resisted|p2a: Palafin\n|-damage|p2a: Palafin|123/281\n|move|p2a: Palafin|Drain Punch|p1a: Palafin\n|-damage|p1a: Palafin|20/100\n|-heal|p2a: Palafin|149/281|[from] drain|[of] p1a: Palafin\n|\n|-heal|p2a: Palafin|166/281|[from] item: Leftovers\n|-heal|p1a: Palafin|26/100|[from] item: Leftovers\n|upkeep\n|turn|32\n|inactive|Time left: 300 sec this turn | 300 sec total\n|\n|t:|1783547130\n|move|p1a: Palafin|Ice Punch|p2a: Palafin\n|-resisted|p2a: Palafin\n|-damage|p2a: Palafin|124/281\n|move|p2a: Palafin|Drain Punch|p1a: Palafin\n|-damage|p1a: Palafin|8/100\n|-heal|p2a: Palafin|150/281|[from] drain|[of] p1a: Palafin\n|\n|-heal|p1a: Palafin|14/100|[from] item: Leftovers\n|-heal|p2a: Palafin|167/281|[from] item: Leftovers\n|upkeep\n|turn|33\n|inactive|Time left: 300 sec this turn | 300 sec total\n|\n|t:|1783547132\n|move|p2a: Palafin|Drain Punch|p1a: Palafin\n|-damage|p1a: Palafin|0 fnt\n|-heal|p2a: Palafin|187/281|[from] drain|[of] p1a: Palafin\n|faint|p1a: Palafin\n|\n|-heal|p2a: Palafin|204/281|[from] item: Leftovers\n|upkeep\n|\n|t:|1783547133\n|switch|p1a: Gengar|Gengar, L81, F|31/100\n|turn|34\n|inactive|Time left: 300 sec this turn | 300 sec total\n|\n|t:|1783547134\n|-terastallize|p1a: Gengar|Ghost\n|-terastallize|p2a: Palafin|Dragon\n|move|p2a: Palafin|Jet Punch|p1a: Gengar\n|-damage|p1a: Gengar|0 fnt\n|-start|p2a: Palafin|Disable|Jet Punch|[from] ability: Cursed Body|[of] p1a: Gengar\n|faint|p1a: Gengar\n|\n|win|p0y68704d0", "uploadtime": 1783547134, "views": 0, "rating": 0, "private": 0, "password": null, "_winner": "p0y68704d0", "_our_name": "p0y68704d0"}