{"id": "battle-gen9randombattle-1998", "formatid": "gen9randombattle", "format": "[Gen 9] Random Battle", "players": ["p0x1998df93", "p0y19988d61"], "log": "|init|battle\n|title|p0x1998df93 vs. p0y19988d61\n|j|\u2606p0x1998df93\n|j|\u2606p0y19988d61\n|t:|1783563135\n|gametype|singles\n|player|p1|p0x1998df93|102|\n|player|p2|p0y19988d61|1|\n|gen|9\n|tier|[Gen 9] Random Battle\n|rule|Species Clause: Limit one of each Pok\u00e9mon\n|rule|HP Percentage Mod: HP is shown in percentages\n|rule|Sleep Clause Mod: Limit one foe put to sleep\n|rule|Illusion Level Mod: Illusion disguises the Pok\u00e9mon's true level\n|\n|t:|1783563135\n|teamsize|p1|6\n|teamsize|p2|6\n|start\n|switch|p1a: Beartic|Beartic, L91, M|321/321\n|switch|p2a: Vaporeon|Vaporeon, L86, M|100/100\n|turn|1\n|inactive|Battle timer is ON: inactive players will automatically lose when time's up. (requested by p0x1998df93)\n|inactive|p0y19988d61 also wants the timer to be on.\n|\n|t:|1783563136\n|move|p2a: Vaporeon|Scald|p1a: Beartic\n|-damage|p1a: Beartic|219/321\n|move|p1a: Beartic|Swords Dance|p1a: Beartic\n|-boost|p1a: Beartic|atk|2\n|\n|upkeep\n|turn|2\n|inactive|Time left: 300 sec this turn | 300 sec total\n|\n|t:|1783563137\n|move|p2a: Vaporeon|Scald|p1a: Beartic\n|-damage|p1a: Beartic|122/321\n|move|p1a: Beartic|Earthquake|p2a: Vaporeon\n|-damage|p2a: Vaporeon|27/100\n|\n|-heal|p2a: Vaporeon|33/100|[from] item: Leftovers\n|upkeep\n|turn|3\n|inactive|Time left: 300 sec this turn | 300 sec total\n|\n|t:|1783563138\n|move|p2a: Vaporeon|Scald|p1a: Beartic\n|-damage|p1a: Beartic|31/321\n|move|p1a: Beartic|Earthquake|p2a: Vaporeon\n|-damage|p2a: Vaporeon|0 fnt\n|faint|p2a: Vaporeon\n|\n|upkeep\n|\n|t:|1783563139\n|switch|p2a: Incineroar|Incineroar, L82, F|100/100\n|-ability|p2a: Incineroar|Intimidate|boost\n|-unboost|p1a: Beartic|atk|1\n|turn|4\n|inactive|Time left: 300 sec this turn | 300 sec total\n|\n|t:|1783563140\n|move|p1a: Beartic|Aqua Jet|p2a: Incineroar\n|-supereffective|p2a: Incineroar\n|-crit|p2a: Incineroar\n|-damage|p2a: Incineroar|32/100\n|move|p2a: Incineroar|Knock Off|p1a: Beartic\n|-damage|p1a: Beartic|0 fnt\n|-enditem|p1a: Beartic|Heavy-Duty Boots|[from] move: Knock Off|[of] p2a: Incineroar\n|faint|p1a: Beartic\n|\n|upkeep\n|inactive|Time left: 300 sec this turn | 300 sec total | 5 sec grace\n|\n|t:|1783563141\n|switch|p1a: Archaludon|Archaludon, L78, F|268/268\n|turn|5\n|inactive|Time left: 300 sec this turn | 300 sec total\n|\n|t:|1783563143\n|switch|p2a: Lugia|Lugia, L73|100/100\n|move|p1a: Archaludon|Outrage|p2a: Lugia\n|-damage|p2a: Lugia|82/100\n|\n|upkeep\n|turn|6\n|inactive|Time left: 300 sec this turn | 300 sec total\n|\n|t:|1783563144\n|move|p2a: Lugia|Calm Mind|p2a: Lugia\n|-boost|p2a: Lugia|spa|1\n|-boost|p2a: Lugia|spd|1\n|move|p1a: Archaludon|Outrage|p2a: Lugia|[from] lockedmove\n|-damage|p2a: Lugia|45/100\n|\n|upkeep\n|turn|7\n|inactive|Time left: 300 sec this turn | 300 sec total\n|\n|t:|1783563145\n|move|p2a: Lugia|Recover|p2a: Lugia\n|-heal|p2a: Lugia|95/100\n|move|p1a: Archaludon|Outrage|p2a: Lugia|[from] lockedmove\n|-damage|p2a: Lugia|57/100\n|-start|p1a: Archaludon|confusion|[fatigue]\n|-enditem|p1a: Archaludon|Lum Berry|[eat]\n|-end|p1a: Archaludon|confusion\n|\n|upkeep\n|turn|8\n|inactive|Time left: 300 sec this turn | 300 sec total\n|\n|t:|1783563146\n|move|p2a: Lugia|Recover|p2a: Lugia\n|-heal|p2a: Lugia|100/100\n|move|p1a: Archaludon|Swords Dance|p1a: Archaludon\n|-boost|p1a: Archaludon|atk|2\n|\n|upkeep\n|turn|9\n|inactive|Time left: 300 sec this turn | 300 sec total\n|\n|t:|1783563147\n|move|p2a: Lugia|Calm Mind|p2a: Lugia\n|-boost|p2a: Lugia|spa|1\n|-boost|p2a: Lugia|spd|1\n|move|p1a: Archaludon|Outrage|p2a: Lugia\n|-damage|p2a: Lugia|65/100\n|\n|upkeep\n|turn|10\n|inactive|Time left: 300 sec this turn | 300 sec total\n|\n|t:|1783563148\n|-terastallize|p2a: Lugia|Steel\n|move|p2a: Lugia|Recover|p2a: Lugia\n|-heal|p2a: Lugia|100/100\n|move|p1a: Archaludon|Outrage|p2a: Lugia|[from] lockedmove\n|-resisted|p2a: Lugia\n|-damage|p2a: Lugia|84/100\n|-start|p1a: Archaludon|confusion|[fatigue]\n|\n|upkeep\n|turn|11\n|inactive|Time left: 300 sec this turn | 300 sec total\n|\n|t:|1783563149\n|move|p2a: Lugia|Recover|p2a: Lugia\n|-heal|p2a: Lugia|100/100\n|-activate|p1a: Archaludon|confusion\n|move|p1a: Archaludon|Earthquake|p2a: Lugia\n|-supereffective|p2a: Lugia\n|-damage|p2a: Lugia|63/100\n|\n|upkeep\n|turn|12\n|inactive|Time left: 300 sec this turn | 300 sec total\n|\n|t:|1783563151\n|move|p2a: Lugia|Recover|p2a: Lugia\n|-heal|p2a: Lugia|100/100\n|-activate|p1a: Archaludon|confusion\n|-damage|p1a: Archaludon|225/268|[from] confusion\n|\n|upkeep\n|turn|13\n|inactive|Time left: 300 sec this turn | 300 sec total\n|\n|t:|1783563152\n|move|p2a: Lugia|Aeroblast|p1a: Archaludon\n|-resisted|p1a: Archaludon\n|-damage|p1a: Archaludon|114/268\n|-ability|p1a: Archaludon|Stamina|boost\n|-boost|p1a: Archaludon|def|1\n|-activate|p1a: Archaludon|confusion\n|move|p1a: Archaludon|Earthquake|p2a: Lugia\n|-supereffective|p2a: Lugia\n|-damage|p2a: Lugia|63/100\n|\n|upkeep\n|turn|14\n|inactive|Time left: 300 sec this turn | 300 sec total\n|\n|t:|1783563153\n|move|p2a: Lugia|Recover|p2a: Lugia\n|-heal|p2a: Lugia|100/100\n|-activate|p1a: Archaludon|confusion\n|move|p1a: Archaludon|Earthquake|p2a: Lugia\n|-supereffective|p2a: Lugia\n|-damage|p2a: Lugia|63/100\n|\n|upkeep\n|turn|15\n|inactive|Time left: 300 sec this turn | 300 sec total\n|\n|t:|1783563154\n|move|p2a: Lugia|Recover|p2a: Lugia\n|-heal|p2a: Lugia|100/100\n|-end|p1a: Archaludon|confusion\n|move|p1a: Archaludon|Earthquake|p2a: Lugia\n|-supereffective|p2a: Lugia\n|-damage|p2a: Lugia|61/100\n|\n|upkeep\n|turn|16\n|inactive|Time left: 300 sec this turn | 300 sec total\n|\n|t:|1783563155\n|move|p2a: Lugia|Recover|p2a: Lugia\n|-heal|p2a: Lugia|100/100\n|move|p1a: Archaludon|Earthquake|p2a: Lugia\n|-supereffective|p2a: Lugia\n|-damage|p2a: Lugia|60/100\n|\n|upkeep\n|turn|17\n|inactive|Time left: 300 sec this turn | 300 sec total\n|\n|t:|1783563156\n|move|p2a: Lugia|Aeroblast|p1a: Archaludon\n|-resisted|p1a: Archaludon\n|-damage|p1a: Archaludon|16/268\n|-ability|p1a: Archaludon|Stamina|boost\n|-boost|p1a: Archaludon|def|1\n|move|p1a: Archaludon|Earthquake|p2a: Lugia\n|-supereffective|p2a: Lugia\n|-crit|p2a: Lugia\n|-damage|p2a: Lugia|0 fnt\n|faint|p2a: Lugia\n|\n|upkeep\n|\n|t:|1783563157\n|switch|p2a: Mewtwo|Mewtwo, L72|100/100\n|-ability|p2a: Mewtwo|Unnerve\n|turn|18\n|inactive|Time left: 300 sec this turn | 300 sec total\n|\n|t:|1783563158\n|switch|p1a: Honchkrow|Honchkrow, L86, F|312/312\n|move|p2a: Mewtwo|Aura Sphere|p1a: Honchkrow\n|-crit|p1a: Honchkrow\n|-damage|p1a: Honchkrow|143/312\n|-damage|p2a: Mewtwo|91/100|[from] item: Life Orb\n|\n|upkeep\n|turn|19\n|inactive|Time left: 300 sec this turn | 300 sec total\n|\n|t:|1783563159\n|move|p2a: Mewtwo|Fire Blast|p1a: Honchkrow\n|-damage|p1a: Honchkrow|0 fnt\n|faint|p1a: Honchkrow\n|-damage|p2a: Mewtwo|81/100|[from] item: Life Orb\n|\n|upkeep\n|inactive|Time left: 300 sec this turn | 300 sec total | 5 sec grace\n|\n|t:|1783563160\n|switch|p1a: Passimian|Passimian, L83, M|302/302\n|turn|20\n|inactive|Time left: 300 sec this turn | 300 sec total\n|\n|t:|1783563161\n|move|p2a: Mewtwo|Psystrike|p1a: Passimian\n|-supereffective|p1a: Passimian\n|-damage|p1a: Passimian|0 fnt\n|faint|p1a: Passimian\n|-damage|p2a: Mewtwo|71/100|[from] item: Life Orb\n|\n|upkeep\n|inactive|Time left: 300 sec this turn | 300 sec total | 5 sec grace\n|\n|t:|1783563162\n|switch|p1a: Galvantula|Galvantula, L82, F|249/249\n|turn|21\n|inactive|Time left: 300 sec this turn | 300 sec total\n|\n|t:|1783563163\n|-terastallize|p1a: Galvantula|Electric\n|move|p2a: Mewtwo|Fire Blast|p1a: Galvantula\n|-damage|p1a: Galvantula|109/249\n|-damage|p2a: Mewtwo|61/100|[from] item: Life Orb\n|move|p1a: Galvantula|Bug Buzz|p2a: Mewtwo\n|-supereffective|p2a: Mewtwo\n|-damage|p2a: Mewtwo|0 fnt\n|faint|p2a: Mewtwo\n|\n|upkeep\n|\n|t:|1783563164\n|switch|p2a: Rayquaza|Rayquaza, L72|100/100\n|-ability|p2a: Rayquaza|Air Lock\n|turn|22\n|inactive|Time left: 300 sec this turn | 300 sec total\n|\n|t:|1783563165\n|move|p1a: Galvantula|Thunder|p2a: Rayquaza\n|-damage|p2a: Rayquaza|43/100\n|-status|p2a: Rayquaza|par\n|move|p2a: Rayquaza|Earthquake|p1a: Galvantula\n|-supereffective|p1a: Galvantula\n|-damage|p1a: Galvantula|0 fnt\n|faint|p1a: Galvantula\n|\n|upkeep\n|inactive|Time left: 300 sec this turn | 300 sec total | 5 sec grace\n|\n|t:|1783563166\n|switch|p1a: Orthworm|Orthworm, L88, F|266/266\n|turn|23\n|inactive|Time left: 300 sec this turn | 300 sec total\n|\n|t:|1783563167\n|switch|p2a: Ludicolo|Ludicolo, L90, F|100/100\n|move|p1a: Orthworm|Coil|p1a: Orthworm\n|-boost|p1a: Orthworm|atk|1\n|-boost|p1a: Orthworm|def|1\n|-boost|p1a: Orthworm|accuracy|1\n|\n|upkeep\n|turn|24\n|inactive|Time left: 300 sec this turn | 300 sec total\n|\n|t:|1783563168\n|move|p2a: Ludicolo|Hydro Pump|p1a: Orthworm\n|-damage|p1a: Orthworm|40/266\n|-damage|p2a: Ludicolo|90/100|[from] item: Life Orb\n|move|p1a: Orthworm|Rest|p1a: Orthworm\n|-status|p1a: Orthworm|slp|[from] move: Rest\n|-heal|p1a: Orthworm|266/266 slp|[silent]\n|-enditem|p1a: Orthworm|Chesto Berry|[eat]\n|-curestatus|p1a: Orthworm|slp|[msg]\n|\n|upkeep\n|turn|25\n|inactive|Time left: 300 sec this turn | 300 sec total\n|\n|t:|1783563169\n|move|p2a: Ludicolo|Hydro Pump|p1a: Orthworm\n|-damage|p1a: Orthworm|42/266\n|-damage|p2a: Ludicolo|80/100|[from] item: Life Orb\n|move|p1a: Orthworm|Body Press|p2a: Ludicolo\n|-damage|p2a: Ludicolo|34/100\n|\n|upkeep\n|turn|26\n|inactive|Time left: 300 sec this turn | 300 sec total\n|\n|t:|1783563170\n|move|p2a: Ludicolo|Giga Drain|p1a: Orthworm\n|-resisted|p1a: Orthworm\n|-damage|p1a: Orthworm|0 fnt\n|-heal|p2a: Ludicolo|41/100|[from] drain|[of] p1a: Orthworm\n|faint|p1a: Orthworm\n|-damage|p2a: Ludicolo|31/100|[from] item: Life Orb\n|\n|upkeep\n|inactive|Time left: 300 sec this turn | 300 sec total | 5 sec grace\n|\n|t:|1783563171\n|switch|p1a: Archaludon|Archaludon, L78, F|16/268\n|turn|27\n|inactive|Time left: 300 sec this turn | 300 sec total\n|\n|t:|1783563172\n|move|p1a: Archaludon|Iron Head|p2a: Ludicolo\n|-resisted|p2a: Ludicolo\n|-damage|p2a: Ludicolo|17/100\n|move|p2a: Ludicolo|Ice Beam|p1a: Archaludon\n|-damage|p1a: Archaludon|0 fnt\n|faint|p1a: Archaludon\n|-damage|p2a: Ludicolo|7/100|[from] item: Life Orb\n|\n|win|p0y19988d61", "uploadtime": 1783563172, "views": 0, "rating": 0, "private": 0, "password": null, "_winner": "p0y19988d61", "_our_name": "p0x1998df93"}