{"id": "battle-gen9randombattle-2841", "formatid": "gen9randombattle", "format": "[Gen 9] Random Battle", "players": ["p0x2841856a", "p0y2841c6db"], "log": "|init|battle\n|title|p0x2841856a vs. p0y2841c6db\n|j|\u2606p0x2841856a\n|j|\u2606p0y2841c6db\n|t:|1783571752\n|gametype|singles\n|player|p1|p0x2841856a|169|\n|player|p2|p0y2841c6db|102|\n|gen|9\n|tier|[Gen 9] Random Battle\n|rule|Species Clause: Limit one of each Pok\u00e9mon\n|rule|HP Percentage Mod: HP is shown in percentages\n|rule|Sleep Clause Mod: Limit one foe put to sleep\n|rule|Illusion Level Mod: Illusion disguises the Pok\u00e9mon's true level\n|\n|t:|1783571752\n|teamsize|p1|6\n|teamsize|p2|6\n|start\n|switch|p1a: Mightyena|Mightyena, L96, M|100/100\n|switch|p2a: Poliwrath|Poliwrath, L88, F|302/302\n|-ability|p1a: Mightyena|Intimidate|boost\n|-unboost|p2a: Poliwrath|atk|1\n|turn|1\n|inactive|Battle timer is ON: inactive players will automatically lose when time's up. (requested by p0y2841c6db)\n|inactive|p0x2841856a also wants the timer to be on.\n|\n|t:|1783571754\n|switch|p1a: Yanmega|Yanmega, L82, M|100/100\n|switch|p2a: Tinkaton|Tinkaton, L82, F|274/274\n|-ability|p2a: Tinkaton|Mold Breaker\n|\n|upkeep\n|turn|2\n|inactive|Time left: 300 sec this turn | 300 sec total\n|\n|t:|1783571755\n|move|p1a: Yanmega|Air Slash|p2a: Tinkaton\n|-resisted|p2a: Tinkaton\n|-damage|p2a: Tinkaton|237/274\n|move|p2a: Tinkaton|Swords Dance|p2a: Tinkaton\n|-boost|p2a: Tinkaton|atk|2\n|\n|-heal|p2a: Tinkaton|254/274|[from] item: Leftovers\n|-ability|p1a: Yanmega|Speed Boost|boost\n|-boost|p1a: Yanmega|spe|1\n|upkeep\n|turn|3\n|inactive|Time left: 300 sec this turn | 300 sec total\n|\n|t:|1783571756\n|move|p1a: Yanmega|Protect|p1a: Yanmega\n|-singleturn|p1a: Yanmega|Protect\n|move|p2a: Tinkaton|Gigaton Hammer|p1a: Yanmega\n|-activate|p1a: Yanmega|move: Protect\n|\n|-heal|p2a: Tinkaton|271/274|[from] item: Leftovers\n|-ability|p1a: Yanmega|Speed Boost|boost\n|-boost|p1a: Yanmega|spe|1\n|upkeep\n|turn|4\n|inactive|Time left: 300 sec this turn | 300 sec total\n|\n|t:|1783571757\n|-terastallize|p1a: Yanmega|Ground\n|move|p1a: Yanmega|Tera Blast|p2a: Tinkaton|[anim] Tera Blast Ground\n|-supereffective|p2a: Tinkaton\n|-damage|p2a: Tinkaton|95/274\n|move|p2a: Tinkaton|Play Rough|p1a: Yanmega\n|-damage|p1a: Yanmega|46/100\n|\n|-heal|p2a: Tinkaton|112/274|[from] item: Leftovers\n|-ability|p1a: Yanmega|Speed Boost|boost\n|-boost|p1a: Yanmega|spe|1\n|upkeep\n|turn|5\n|inactive|Time left: 300 sec this turn | 300 sec total\n|\n|t:|1783571758\n|switch|p2a: Cryogonal|Cryogonal, L89|287/287\n|move|p1a: Yanmega|Tera Blast|p2a: Cryogonal|[anim] Tera Blast Ground\n|-immune|p2a: Cryogonal|[from] ability: Levitate\n|\n|-ability|p1a: Yanmega|Speed Boost|boost\n|-boost|p1a: Yanmega|spe|1\n|upkeep\n|turn|6\n|inactive|Time left: 300 sec this turn | 300 sec total\n|\n|t:|1783571759\n|move|p1a: Yanmega|Air Slash|p2a: Cryogonal\n|-damage|p2a: Cryogonal|232/287\n|cant|p2a: Cryogonal|flinch\n|\n|-ability|p1a: Yanmega|Speed Boost|boost\n|-boost|p1a: Yanmega|spe|1\n|upkeep\n|turn|7\n|inactive|Time left: 300 sec this turn | 300 sec total\n|\n|t:|1783571760\n|move|p1a: Yanmega|Air Slash|p2a: Cryogonal\n|-damage|p2a: Cryogonal|175/287\n|move|p2a: Cryogonal|Ice Beam|p1a: Yanmega\n|-supereffective|p1a: Yanmega\n|-damage|p1a: Yanmega|0 fnt\n|faint|p1a: Yanmega\n|\n|upkeep\n|\n|t:|1783571761\n|switch|p1a: Araquanid|Araquanid, L82, F|100/100\n|turn|8\n|inactive|Time left: 300 sec this turn | 300 sec total\n|\n|t:|1783571762\n|move|p2a: Cryogonal|Recover|p2a: Cryogonal\n|-heal|p2a: Cryogonal|287/287\n|move|p1a: Araquanid|Sticky Web|p2a: Cryogonal\n|-sidestart|p2: p0y2841c6db|move: Sticky Web\n|\n|upkeep\n|turn|9\n|inactive|Time left: 300 sec this turn | 300 sec total\n|\n|t:|1783571763\n|move|p2a: Cryogonal|Rapid Spin|p1a: Araquanid\n|-damage|p1a: Araquanid|90/100\n|-boost|p2a: Cryogonal|spe|1\n|-sideend|p2: p0y2841c6db|Sticky Web|[from] move: Rapid Spin|[of] p2a: Cryogonal\n|move|p1a: Araquanid|Liquidation|p2a: Cryogonal\n|-damage|p2a: Cryogonal|88/287\n|\n|upkeep\n|turn|10\n|inactive|Time left: 300 sec this turn | 300 sec total\n|\n|t:|1783571764\n|move|p2a: Cryogonal|Recover|p2a: Cryogonal\n|-heal|p2a: Cryogonal|232/287\n|move|p1a: Araquanid|Sticky Web|p2a: Cryogonal\n|-sidestart|p2: p0y2841c6db|move: Sticky Web\n|\n|upkeep\n|turn|11\n|inactive|Time left: 300 sec this turn | 300 sec total\n|\n|t:|1783571765\n|move|p2a: Cryogonal|Rapid Spin|p1a: Araquanid\n|-damage|p1a: Araquanid|81/100\n|-boost|p2a: Cryogonal|spe|1\n|-sideend|p2: p0y2841c6db|Sticky Web|[from] move: Rapid Spin|[of] p2a: Cryogonal\n|move|p1a: Araquanid|Liquidation|p2a: Cryogonal\n|-damage|p2a: Cryogonal|51/287\n|\n|upkeep\n|turn|12\n|inactive|Time left: 300 sec this turn | 300 sec total\n|\n|t:|1783571766\n|move|p2a: Cryogonal|Recover|p2a: Cryogonal\n|-heal|p2a: Cryogonal|195/287\n|move|p1a: Araquanid|Sticky Web|p2a: Cryogonal\n|-sidestart|p2: p0y2841c6db|move: Sticky Web\n|\n|upkeep\n|turn|13\n|inactive|Time left: 300 sec this turn | 300 sec total\n|\n|t:|1783571767\n|move|p2a: Cryogonal|Rapid Spin|p1a: Araquanid\n|-damage|p1a: Araquanid|71/100\n|-boost|p2a: Cryogonal|spe|1\n|-sideend|p2: p0y2841c6db|Sticky Web|[from] move: Rapid Spin|[of] p2a: Cryogonal\n|move|p1a: Araquanid|Liquidation|p2a: Cryogonal\n|-damage|p2a: Cryogonal|24/287\n|\n|upkeep\n|turn|14\n|inactive|Time left: 300 sec this turn | 300 sec total\n|\n|t:|1783571768\n|move|p2a: Cryogonal|Recover|p2a: Cryogonal\n|-heal|p2a: Cryogonal|168/287\n|move|p1a: Araquanid|Sticky Web|p2a: Cryogonal\n|-sidestart|p2: p0y2841c6db|move: Sticky Web\n|\n|upkeep\n|turn|15\n|inactive|Time left: 300 sec this turn | 300 sec total\n|\n|t:|1783571768\n|move|p2a: Cryogonal|Rapid Spin|p1a: Araquanid\n|-damage|p1a: Araquanid|61/100\n|-boost|p2a: Cryogonal|spe|1\n|-sideend|p2: p0y2841c6db|Sticky Web|[from] move: Rapid Spin|[of] p2a: Cryogonal\n|move|p1a: Araquanid|Liquidation|p2a: Cryogonal\n|-damage|p2a: Cryogonal|0 fnt\n|faint|p2a: Cryogonal\n|\n|upkeep\n|inactive|Time left: 300 sec this turn | 300 sec total | 5 sec grace\n|\n|t:|1783571769\n|switch|p2a: Zebstrika|Zebstrika, L87, M|272/272\n|turn|16\n|inactive|Time left: 300 sec this turn | 300 sec total\n|\n|t:|1783571770\n|switch|p1a: Electivire|Electivire, L84, F|100/100\n|move|p2a: Zebstrika|Supercell Slam|p1a: Electivire\n|-ability|p1a: Electivire|Motor Drive|boost\n|-boost|p1a: Electivire|spe|1\n|-damage|p2a: Zebstrika|136/272|[from] supercellslam\n|\n|upkeep\n|turn|17\n|inactive|Time left: 300 sec this turn | 300 sec total\n|\n|t:|1783571771\n|move|p1a: Electivire|Earthquake|p2a: Zebstrika\n|-supereffective|p2a: Zebstrika\n|-damage|p2a: Zebstrika|0 fnt\n|faint|p2a: Zebstrika\n|-damage|p1a: Electivire|91/100|[from] item: Life Orb\n|\n|upkeep\n|inactive|Time left: 300 sec this turn | 300 sec total | 5 sec grace\n|\n|t:|1783571772\n|switch|p2a: Scovillain|Scovillain, L91, M|266/266\n|turn|18\n|inactive|Time left: 300 sec this turn | 300 sec total\n|\n|t:|1783571772\n|move|p1a: Electivire|Ice Punch|p2a: Scovillain\n|-damage|p2a: Scovillain|166/266\n|-damage|p1a: Electivire|81/100|[from] item: Life Orb\n|move|p2a: Scovillain|Flamethrower|p1a: Electivire\n|-damage|p1a: Electivire|32/100\n|\n|upkeep\n|turn|19\n|inactive|Time left: 300 sec this turn | 300 sec total\n|\n|t:|1783571774\n|move|p1a: Electivire|Earthquake|p2a: Scovillain\n|-damage|p2a: Scovillain|32/266\n|-damage|p1a: Electivire|22/100|[from] item: Life Orb\n|move|p2a: Scovillain|Flamethrower|p1a: Electivire\n|-damage|p1a: Electivire|0 fnt\n|faint|p1a: Electivire\n|\n|upkeep\n|\n|t:|1783571775\n|switch|p1a: Araquanid|Araquanid, L82, F|61/100\n|turn|20\n|inactive|Time left: 300 sec this turn | 300 sec total\n|\n|t:|1783571776\n|switch|p2a: Heracross|Heracross, L80, M|259/259\n|move|p1a: Araquanid|Sticky Web|p2a: Heracross\n|-sidestart|p2: p0y2841c6db|move: Sticky Web\n|\n|upkeep\n|turn|21\n|inactive|Time left: 300 sec this turn | 300 sec total\n|\n|t:|1783571777\n|move|p2a: Heracross|Megahorn|p1a: Araquanid\n|-damage|p1a: Araquanid|7/100\n|move|p1a: Araquanid|Liquidation|p2a: Heracross\n|-damage|p2a: Heracross|93/259\n|\n|upkeep\n|turn|22\n|inactive|Time left: 300 sec this turn | 300 sec total\n|\n|t:|1783571778\n|move|p2a: Heracross|Megahorn|p1a: Araquanid\n|-damage|p1a: Araquanid|0 fnt\n|faint|p1a: Araquanid\n|-ability|p2a: Heracross|Moxie|boost\n|-boost|p2a: Heracross|atk|1\n|\n|upkeep\n|\n|t:|1783571779\n|switch|p1a: Kyogre|Kyogre, L71|100/100\n|-weather|RainDance|[from] ability: Drizzle|[of] p1a: Kyogre\n|turn|23\n|inactive|Time left: 300 sec this turn | 300 sec total\n|\n|t:|1783571780\n|move|p2a: Heracross|Megahorn|p1a: Kyogre\n|-damage|p1a: Kyogre|4/100\n|move|p1a: Kyogre|Origin Pulse|p2a: Heracross\n|-damage|p2a: Heracross|0 fnt\n|faint|p2a: Heracross\n|\n|-weather|RainDance|[upkeep]\n|-heal|p1a: Kyogre|10/100|[from] item: Leftovers\n|upkeep\n|inactive|Time left: 300 sec this turn | 300 sec total | 5 sec grace\n|\n|t:|1783571781\n|switch|p2a: Scovillain|Scovillain, L91, M|32/266\n|-activate|p2a: Scovillain|move: Sticky Web\n|-unboost|p2a: Scovillain|spe|1\n|turn|24\n|inactive|Time left: 300 sec this turn | 300 sec total\n|\n|t:|1783571782\n|move|p2a: Scovillain|Energy Ball|p1a: Kyogre\n|-supereffective|p1a: Kyogre\n|-damage|p1a: Kyogre|0 fnt\n|faint|p1a: Kyogre\n|\n|-weather|RainDance|[upkeep]\n|upkeep\n|\n|t:|1783571783\n|switch|p1a: Mightyena|Mightyena, L96, M|100/100\n|-ability|p1a: Mightyena|Intimidate|boost\n|-unboost|p2a: Scovillain|atk|1\n|turn|25\n|inactive|Time left: 300 sec this turn | 300 sec total\n|\n|t:|1783571784\n|move|p1a: Mightyena|Crunch|p2a: Scovillain\n|-damage|p2a: Scovillain|0 fnt\n|faint|p2a: Scovillain\n|\n|-weather|RainDance|[upkeep]\n|upkeep\n|inactive|Time left: 300 sec this turn | 300 sec total | 5 sec grace\n|\n|t:|1783571785\n|switch|p2a: Poliwrath|Poliwrath, L88, F|302/302\n|-activate|p2a: Poliwrath|move: Sticky Web\n|-unboost|p2a: Poliwrath|spe|1\n|turn|26\n|inactive|Time left: 300 sec this turn | 300 sec total\n|\n|t:|1783571786\n|switch|p1a: Ditto|Ditto, L87|100/100\n|-transform|p1a: Ditto|p2a: Poliwrath|[from] ability: Imposter\n|-terastallize|p2a: Poliwrath|Fighting\n|move|p2a: Poliwrath|Close Combat|p1a: Ditto\n|-damage|p1a: Ditto|9/100\n|-unboost|p2a: Poliwrath|def|1\n|-unboost|p2a: Poliwrath|spd|1\n|-damage|p2a: Poliwrath|272/302|[from] item: Life Orb\n|\n|-weather|RainDance|[upkeep]\n|upkeep\n|turn|27\n|inactive|Time left: 300 sec this turn | 300 sec total\n|\n|t:|1783571787\n|move|p1a: Ditto|Knock Off|p2a: Poliwrath\n|-resisted|p2a: Poliwrath\n|-damage|p2a: Poliwrath|223/302\n|-enditem|p2a: Poliwrath|Life Orb|[from] move: Knock Off|[of] p1a: Ditto\n|move|p2a: Poliwrath|Close Combat|p1a: Ditto\n|-damage|p1a: Ditto|0 fnt\n|-unboost|p2a: Poliwrath|def|1\n|-unboost|p2a: Poliwrath|spd|1\n|faint|p1a: Ditto\n|\n|-weather|none\n|upkeep\n|\n|t:|1783571788\n|switch|p1a: Mightyena|Mightyena, L96, M|100/100\n|-ability|p1a: Mightyena|Intimidate|boost\n|-unboost|p2a: Poliwrath|atk|1\n|turn|28\n|inactive|Time left: 300 sec this turn | 300 sec total\n|\n|t:|1783571789\n|switch|p2a: Tinkaton|Tinkaton, L82, F|112/274\n|-activate|p2a: Tinkaton|move: Sticky Web\n|-unboost|p2a: Tinkaton|spe|1\n|-ability|p2a: Tinkaton|Mold Breaker\n|move|p1a: Mightyena|Poison Fang|p2a: Tinkaton\n|-immune|p2a: Tinkaton\n|\n|-heal|p2a: Tinkaton|129/274|[from] item: Leftovers\n|upkeep\n|turn|29\n|inactive|Time left: 300 sec this turn | 300 sec total\n|\n|t:|1783571790\n|move|p1a: Mightyena|Poison Fang|p2a: Tinkaton\n|-immune|p2a: Tinkaton\n|move|p2a: Tinkaton|Swords Dance|p2a: Tinkaton\n|-boost|p2a: Tinkaton|atk|2\n|\n|-heal|p2a: Tinkaton|146/274|[from] item: Leftovers\n|upkeep\n|turn|30\n|inactive|Time left: 300 sec this turn | 300 sec total\n|\n|t:|1783571790\n|move|p1a: Mightyena|Crunch|p2a: Tinkaton\n|-resisted|p2a: Tinkaton\n|-damage|p2a: Tinkaton|88/274\n|-unboost|p2a: Tinkaton|def|1\n|move|p2a: Tinkaton|Play Rough|p1a: Mightyena\n|-supereffective|p1a: Mightyena\n|-damage|p1a: Mightyena|0 fnt\n|faint|p1a: Mightyena\n|\n|win|p0y2841c6db", "uploadtime": 1783571790, "views": 0, "rating": 0, "private": 0, "password": null, "_winner": "p0y2841c6db", "_our_name": "p0y2841c6db"}