{"id": "battle-gen9randombattle-837", "formatid": "gen9randombattle", "format": "[Gen 9] Random Battle", "players": ["p0x837dad8", "p0y83742f0"], "log": "|init|battle\n|title|p0x837dad8 vs. p0y83742f0\n|j|\u2606p0x837dad8\n|j|\u2606p0y83742f0\n|t:|1783549605\n|gametype|singles\n|player|p1|p0x837dad8|102|\n|player|p2|p0y83742f0|101|\n|gen|9\n|tier|[Gen 9] Random Battle\n|rule|Species Clause: Limit one of each Pok\u00e9mon\n|rule|HP Percentage Mod: HP is shown in percentages\n|rule|Sleep Clause Mod: Limit one foe put to sleep\n|rule|Illusion Level Mod: Illusion disguises the Pok\u00e9mon's true level\n|\n|t:|1783549605\n|teamsize|p1|6\n|teamsize|p2|6\n|start\n|switch|p1a: Mamoswine|Mamoswine, L81, M|311/311\n|switch|p2a: Hariyama|Hariyama, L87, M|100/100\n|turn|1\n|inactive|Battle timer is ON: inactive players will automatically lose when time's up. (requested by p0y83742f0)\n|inactive|Time left: 300 sec this turn | 300 sec total | 60 sec grace\n|inactive|p0x837dad8 also wants the timer to be on.\n|\n|t:|1783549607\n|move|p1a: Mamoswine|Earthquake|p2a: Hariyama\n|-damage|p2a: Hariyama|41/100\n|move|p2a: Hariyama|Close Combat|p1a: Mamoswine\n|-supereffective|p1a: Mamoswine\n|-damage|p1a: Mamoswine|0 fnt\n|-unboost|p2a: Hariyama|def|1\n|-unboost|p2a: Hariyama|spd|1\n|faint|p1a: Mamoswine\n|\n|upkeep\n|inactive|Time left: 300 sec this turn | 300 sec total | 65 sec grace\n|\n|t:|1783549608\n|switch|p1a: Groudon|Groudon, L72|263/263\n|-weather|SunnyDay|[from] ability: Drought|[of] p1a: Groudon\n|turn|2\n|inactive|Time left: 300 sec this turn | 300 sec total\n|\n|t:|1783549609\n|switch|p2a: Minior|Minior-Orange, L79|100/100\n|-formechange|p2a: Minior|Minior-Meteor||[from] ability: Shields Down\n|move|p1a: Groudon|Precipice Blades|p2a: Minior\n|-immune|p2a: Minior\n|\n|-weather|SunnyDay|[upkeep]\n|upkeep\n|turn|3\n|inactive|Time left: 300 sec this turn | 300 sec total\n|\n|t:|1783549610\n|move|p1a: Groudon|Swords Dance|p1a: Groudon\n|-boost|p1a: Groudon|atk|2\n|move|p2a: Minior|Shell Smash|p2a: Minior\n|-unboost|p2a: Minior|def|1\n|-unboost|p2a: Minior|spd|1\n|-boost|p2a: Minior|atk|2\n|-boost|p2a: Minior|spa|2\n|-boost|p2a: Minior|spe|2\n|-enditem|p2a: Minior|White Herb\n|-clearnegativeboost|p2a: Minior|[silent]\n|\n|-weather|SunnyDay|[upkeep]\n|upkeep\n|turn|4\n|inactive|Time left: 300 sec this turn | 300 sec total\n|\n|t:|1783549612\n|move|p2a: Minior|Acrobatics|p1a: Groudon\n|-damage|p1a: Groudon|139/263\n|move|p1a: Groudon|Heat Crash|p2a: Minior\n|-resisted|p2a: Minior\n|-damage|p2a: Minior|46/100\n|\n|-weather|SunnyDay|[upkeep]\n|-heal|p1a: Groudon|155/263|[from] item: Leftovers\n|-formechange|p2a: Minior|Minior-Orange||[from] ability: Shields Down\n|upkeep\n|turn|5\n|inactive|Time left: 300 sec this turn | 300 sec total\n|\n|t:|1783549613\n|move|p2a: Minior|Acrobatics|p1a: Groudon\n|-damage|p1a: Groudon|0 fnt\n|faint|p1a: Groudon\n|\n|-weather|SunnyDay|[upkeep]\n|upkeep\n|inactive|Time left: 300 sec this turn | 300 sec total | 5 sec grace\n|\n|t:|1783549614\n|switch|p1a: Ludicolo|Ludicolo, L90, F|290/290\n|turn|6\n|inactive|Time left: 300 sec this turn | 300 sec total\n|\n|t:|1783549615\n|-terastallize|p1a: Ludicolo|Steel\n|move|p2a: Minior|Acrobatics|p1a: Ludicolo\n|-resisted|p1a: Ludicolo\n|-damage|p1a: Ludicolo|165/290\n|move|p1a: Ludicolo|Giga Drain|p2a: Minior\n|-damage|p2a: Minior|0 fnt\n|-heal|p1a: Ludicolo|217/290|[from] drain|[of] p2a: Minior\n|faint|p2a: Minior\n|-damage|p1a: Ludicolo|188/290|[from] item: Life Orb\n|\n|-weather|none\n|upkeep\n|\n|t:|1783549616\n|switch|p2a: Dusknoir|Dusknoir, L89, M|100/100\n|-item|p1a: Ludicolo|Life Orb|[from] ability: Frisk|[of] p2a: Dusknoir\n|turn|7\n|inactive|Time left: 300 sec this turn | 300 sec total\n|\n|t:|1783549617\n|move|p1a: Ludicolo|Giga Drain|p2a: Dusknoir\n|-damage|p2a: Dusknoir|67/100\n|-heal|p1a: Ludicolo|226/290|[from] drain|[of] p2a: Dusknoir\n|-damage|p1a: Ludicolo|197/290|[from] item: Life Orb\n|move|p2a: Dusknoir|Earthquake|p1a: Ludicolo\n|-supereffective|p1a: Ludicolo\n|-crit|p1a: Ludicolo\n|-damage|p1a: Ludicolo|0 fnt\n|faint|p1a: Ludicolo\n|\n|upkeep\n|inactive|Time left: 300 sec this turn | 300 sec total | 5 sec grace\n|\n|t:|1783549617\n|switch|p1a: Virizion|Virizion, L82|283/283\n|turn|8\n|inactive|Time left: 300 sec this turn | 300 sec total\n|\n|t:|1783549618\n|move|p1a: Virizion|Swords Dance|p1a: Virizion\n|-boost|p1a: Virizion|atk|2\n|move|p2a: Dusknoir|Earthquake|p1a: Virizion\n|-resisted|p1a: Virizion\n|-damage|p1a: Virizion|213/283\n|\n|upkeep\n|turn|9\n|inactive|Time left: 300 sec this turn | 300 sec total\n|\n|t:|1783549619\n|switch|p2a: Hariyama|Hariyama, L87, M|41/100\n|move|p1a: Virizion|Leaf Blade|p2a: Hariyama\n|-damage|p2a: Hariyama|0 fnt\n|faint|p2a: Hariyama\n|-damage|p1a: Virizion|185/283|[from] item: Life Orb\n|\n|upkeep\n|\n|t:|1783549620\n|switch|p2a: Dusknoir|Dusknoir, L89, M|67/100\n|-item|p1a: Virizion|Life Orb|[from] ability: Frisk|[of] p2a: Dusknoir\n|turn|10\n|inactive|Time left: 300 sec this turn | 300 sec total\n|\n|t:|1783549621\n|move|p2a: Dusknoir|Shadow Sneak|p1a: Virizion\n|-damage|p1a: Virizion|100/283\n|move|p1a: Virizion|Leaf Blade|p2a: Dusknoir\n|-damage|p2a: Dusknoir|4/100\n|-damage|p1a: Virizion|72/283|[from] item: Life Orb\n|\n|upkeep\n|turn|11\n|inactive|Time left: 300 sec this turn | 300 sec total\n|\n|t:|1783549622\n|switch|p1a: Maushold|Maushold-Four, L76|238/238\n|move|p2a: Dusknoir|Shadow Sneak|p1a: Maushold\n|-immune|p1a: Maushold\n|\n|upkeep\n|turn|12\n|inactive|Time left: 300 sec this turn | 300 sec total\n|\n|t:|1783549623\n|switch|p2a: Mudsdale|Mudsdale, L83, F|100/100\n|move|p1a: Maushold|Tidy Up|p1a: Maushold\n|-boost|p1a: Maushold|atk|1\n|-boost|p1a: Maushold|spe|1\n|\n|upkeep\n|turn|13\n|inactive|Time left: 300 sec this turn | 300 sec total\n|\n|t:|1783549624\n|-terastallize|p2a: Mudsdale|Steel\n|move|p1a: Maushold|Population Bomb|p2a: Mudsdale\n|-resisted|p2a: Mudsdale\n|-damage|p2a: Mudsdale|96/100\n|-ability|p2a: Mudsdale|Stamina|boost\n|-boost|p2a: Mudsdale|def|1\n|-resisted|p2a: Mudsdale\n|-damage|p2a: Mudsdale|93/100\n|-ability|p2a: Mudsdale|Stamina|boost\n|-boost|p2a: Mudsdale|def|1\n|-resisted|p2a: Mudsdale\n|-damage|p2a: Mudsdale|90/100\n|-ability|p2a: Mudsdale|Stamina|boost\n|-boost|p2a: Mudsdale|def|1\n|-resisted|p2a: Mudsdale\n|-damage|p2a: Mudsdale|88/100\n|-ability|p2a: Mudsdale|Stamina|boost\n|-boost|p2a: Mudsdale|def|1\n|-resisted|p2a: Mudsdale\n|-damage|p2a: Mudsdale|86/100\n|-ability|p2a: Mudsdale|Stamina|boost\n|-boost|p2a: Mudsdale|def|1\n|-resisted|p2a: Mudsdale\n|-damage|p2a: Mudsdale|84/100\n|-ability|p2a: Mudsdale|Stamina|boost\n|-boost|p2a: Mudsdale|def|1\n|-resisted|p2a: Mudsdale\n|-damage|p2a: Mudsdale|83/100\n|-resisted|p2a: Mudsdale\n|-damage|p2a: Mudsdale|82/100\n|-resisted|p2a: Mudsdale\n|-damage|p2a: Mudsdale|80/100\n|-resisted|p2a: Mudsdale\n|-damage|p2a: Mudsdale|79/100\n|-hitcount|p2a: Mudsdale|10\n|move|p2a: Mudsdale|Heavy Slam|p1a: Maushold\n|-damage|p1a: Maushold|30/238\n|\n|-heal|p2a: Mudsdale|85/100|[from] item: Leftovers\n|upkeep\n|turn|14\n|inactive|Time left: 300 sec this turn | 300 sec total\n|\n|t:|1783549625\n|move|p1a: Maushold|Encore|p2a: Mudsdale\n|-start|p2a: Mudsdale|Encore\n|move|p2a: Mudsdale|Heavy Slam|p1a: Maushold\n|-damage|p1a: Maushold|0 fnt\n|faint|p1a: Maushold\n|\n|-heal|p2a: Mudsdale|91/100|[from] item: Leftovers\n|upkeep\n|inactive|Time left: 300 sec this turn | 300 sec total | 5 sec grace\n|\n|t:|1783549626\n|switch|p1a: Floatzel|Floatzel, L86, M|286/286\n|turn|15\n|inactive|Time left: 300 sec this turn | 300 sec total\n|\n|t:|1783549627\n|move|p1a: Floatzel|Bulk Up|p1a: Floatzel\n|-boost|p1a: Floatzel|atk|1\n|-boost|p1a: Floatzel|def|1\n|move|p2a: Mudsdale|Heavy Slam|p1a: Floatzel\n|-resisted|p1a: Floatzel\n|-crit|p1a: Floatzel\n|-damage|p1a: Floatzel|128/286\n|\n|-heal|p1a: Floatzel|145/286|[from] item: Leftovers\n|-heal|p2a: Mudsdale|97/100|[from] item: Leftovers\n|upkeep\n|turn|16\n|inactive|Time left: 300 sec this turn | 300 sec total\n|\n|t:|1783549628\n|move|p1a: Floatzel|Bulk Up|p1a: Floatzel\n|-boost|p1a: Floatzel|atk|1\n|-boost|p1a: Floatzel|def|1\n|move|p2a: Mudsdale|Heavy Slam|p1a: Floatzel\n|-resisted|p1a: Floatzel\n|-damage|p1a: Floatzel|97/286\n|\n|-heal|p1a: Floatzel|114/286|[from] item: Leftovers\n|-heal|p2a: Mudsdale|100/100|[from] item: Leftovers\n|-end|p2a: Mudsdale|Encore\n|upkeep\n|turn|17\n|inactive|Time left: 300 sec this turn | 300 sec total\n|\n|t:|1783549629\n|move|p1a: Floatzel|Bulk Up|p1a: Floatzel\n|-boost|p1a: Floatzel|atk|1\n|-boost|p1a: Floatzel|def|1\n|move|p2a: Mudsdale|Earthquake|p1a: Floatzel\n|-damage|p1a: Floatzel|38/286\n|\n|-heal|p1a: Floatzel|55/286|[from] item: Leftovers\n|upkeep\n|turn|18\n|inactive|Time left: 300 sec this turn | 300 sec total\n|\n|t:|1783549629\n|move|p1a: Floatzel|Ice Spinner|p2a: Mudsdale\n|-resisted|p2a: Mudsdale\n|-damage|p2a: Mudsdale|94/100\n|move|p2a: Mudsdale|Earthquake|p1a: Floatzel\n|-damage|p1a: Floatzel|0 fnt\n|faint|p1a: Floatzel\n|\n|-heal|p2a: Mudsdale|99/100|[from] item: Leftovers\n|upkeep\n|inactive|Time left: 300 sec this turn | 300 sec total | 5 sec grace\n|\n|t:|1783549630\n|switch|p1a: Virizion|Virizion, L82|72/283\n|turn|19\n|inactive|Time left: 300 sec this turn | 300 sec total\n|\n|t:|1783549631\n|move|p1a: Virizion|Close Combat|p2a: Mudsdale\n|-supereffective|p2a: Mudsdale\n|-damage|p2a: Mudsdale|76/100\n|-unboost|p1a: Virizion|def|1\n|-unboost|p1a: Virizion|spd|1\n|-damage|p1a: Virizion|44/283|[from] item: Life Orb\n|move|p2a: Mudsdale|Heavy Slam|p1a: Virizion\n|-damage|p1a: Virizion|0 fnt\n|faint|p1a: Virizion\n|\n|win|p0y83742f0", "uploadtime": 1783549631, "views": 0, "rating": 0, "private": 0, "password": null, "_winner": "p0y83742f0", "_our_name": "p0x837dad8"}