{"id": "battle-gen9randombattle-66", "formatid": "gen9randombattle", "format": "[Gen 9] Random Battle", "players": ["p0x06679d2", "p0y0669566"], "log": "|init|battle\n|title|p0x06679d2 vs. p0y0669566\n|j|\u2606p0x06679d2\n|j|\u2606p0y0669566\n|t:|1783534523\n|gametype|singles\n|player|p1|p0x06679d2|101|\n|player|p2|p0y0669566|169|\n|gen|9\n|tier|[Gen 9] Random Battle\n|rule|Species Clause: Limit one of each Pok\u00e9mon\n|rule|HP Percentage Mod: HP is shown in percentages\n|rule|Sleep Clause Mod: Limit one foe put to sleep\n|rule|Illusion Level Mod: Illusion disguises the Pok\u00e9mon's true level\n|\n|t:|1783534523\n|teamsize|p1|6\n|teamsize|p2|6\n|start\n|switch|p1a: Ogerpon|Ogerpon, L80, F|259/259\n|switch|p2a: Haxorus|Haxorus, L77, F|100/100\n|-ability|p2a: Haxorus|Mold Breaker\n|turn|1\n|inactive|Battle timer is ON: inactive players will automatically lose when time's up. (requested by p0y0669566)\n|inactive|Time left: 300 sec this turn | 300 sec total | 60 sec grace\n|inactive|p0x06679d2 also wants the timer to be on.\n|\n|t:|1783534524\n|switch|p1a: Krookodile|Krookodile, L79, F|280/280\n|-ability|p1a: Krookodile|Intimidate|boost\n|-unboost|p2a: Haxorus|atk|1\n|move|p2a: Haxorus|Outrage|p1a: Krookodile\n|-damage|p1a: Krookodile|166/280\n|\n|-heal|p1a: Krookodile|183/280|[from] item: Leftovers\n|upkeep\n|turn|2\n|inactive|Time left: 300 sec this turn | 300 sec total\n|\n|t:|1783534525\n|switch|p1a: Forretress|Forretress, L84, M|263/263\n|move|p2a: Haxorus|Outrage|p1a: Forretress|[from] lockedmove\n|-resisted|p1a: Forretress\n|-damage|p1a: Forretress|229/263\n|\n|-heal|p1a: Forretress|245/263|[from] item: Leftovers\n|upkeep\n|turn|3\n|inactive|Time left: 300 sec this turn | 300 sec total\n|\n|t:|1783534527\n|move|p2a: Haxorus|Outrage|p1a: Forretress|[from] lockedmove\n|-resisted|p1a: Forretress\n|-damage|p1a: Forretress|212/263\n|-start|p2a: Haxorus|confusion|[fatigue]\n|-enditem|p2a: Haxorus|Lum Berry|[eat]\n|-end|p2a: Haxorus|confusion\n|move|p1a: Forretress|Toxic Spikes|p2a: Haxorus\n|-sidestart|p2: p0y0669566|move: Toxic Spikes\n|\n|-heal|p1a: Forretress|228/263|[from] item: Leftovers\n|upkeep\n|turn|4\n|inactive|Time left: 300 sec this turn | 300 sec total\n|\n|t:|1783534528\n|switch|p2a: Toxicroak|Toxicroak, L84, F|100/100\n|-sideend|p2: p0y0669566|move: Toxic Spikes|[of] p2a: Toxicroak\n|move|p1a: Forretress|Rapid Spin|p2a: Toxicroak\n|-damage|p2a: Toxicroak|86/100\n|-boost|p1a: Forretress|spe|1\n|\n|-heal|p1a: Forretress|244/263|[from] item: Leftovers\n|upkeep\n|turn|5\n|inactive|Time left: 300 sec this turn | 300 sec total\n|\n|t:|1783534529\n|move|p2a: Toxicroak|Swords Dance|p2a: Toxicroak\n|-boost|p2a: Toxicroak|atk|2\n|move|p1a: Forretress|Iron Head|p2a: Toxicroak\n|-damage|p2a: Toxicroak|48/100\n|\n|-heal|p1a: Forretress|260/263|[from] item: Leftovers\n|upkeep\n|turn|6\n|inactive|Time left: 300 sec this turn | 300 sec total\n|\n|t:|1783534530\n|move|p2a: Toxicroak|Close Combat|p1a: Forretress\n|-damage|p1a: Forretress|14/263\n|-unboost|p2a: Toxicroak|def|1\n|-unboost|p2a: Toxicroak|spd|1\n|-damage|p2a: Toxicroak|38/100|[from] item: Life Orb\n|move|p1a: Forretress|Iron Head|p2a: Toxicroak\n|-damage|p2a: Toxicroak|0 fnt\n|faint|p2a: Toxicroak\n|\n|-heal|p1a: Forretress|30/263|[from] item: Leftovers\n|upkeep\n|\n|t:|1783534531\n|switch|p2a: Conkeldurr|Conkeldurr, L80, F|100/100\n|turn|7\n|inactive|Time left: 300 sec this turn | 300 sec total\n|\n|t:|1783534533\n|move|p2a: Conkeldurr|Mach Punch|p1a: Forretress\n|-damage|p1a: Forretress|0 fnt\n|faint|p1a: Forretress\n|\n|-status|p2a: Conkeldurr|brn|[from] item: Flame Orb\n|upkeep\n|inactive|Time left: 300 sec this turn | 300 sec total | 5 sec grace\n|\n|t:|1783534533\n|switch|p1a: Krookodile|Krookodile, L79, F|183/280\n|-ability|p1a: Krookodile|Intimidate|boost\n|-unboost|p2a: Conkeldurr|atk|1\n|turn|8\n|inactive|Time left: 300 sec this turn | 300 sec total\n|\n|t:|1783534535\n|move|p1a: Krookodile|Earthquake|p2a: Conkeldurr\n|-crit|p2a: Conkeldurr\n|-damage|p2a: Conkeldurr|47/100 brn\n|move|p2a: Conkeldurr|Close Combat|p1a: Krookodile\n|-supereffective|p1a: Krookodile\n|-damage|p1a: Krookodile|0 fnt\n|-unboost|p2a: Conkeldurr|def|1\n|-unboost|p2a: Conkeldurr|spd|1\n|faint|p1a: Krookodile\n|\n|-damage|p2a: Conkeldurr|41/100 brn|[from] brn\n|upkeep\n|inactive|Time left: 300 sec this turn | 300 sec total | 5 sec grace\n|\n|t:|1783534536\n|switch|p1a: Sandy Shocks|Sandy Shocks, L80|267/267\n|turn|9\n|inactive|Time left: 300 sec this turn | 300 sec total\n|\n|t:|1783534536\n|switch|p2a: Arceus|Arceus-Ground, L70|100/100\n|move|p1a: Sandy Shocks|Thunderbolt|p2a: Arceus\n|-immune|p2a: Arceus\n|\n|upkeep\n|turn|10\n|inactive|Time left: 300 sec this turn | 300 sec total\n|\n|t:|1783534537\n|-end|p1a: Sandy Shocks|Protosynthesis|[silent]\n|switch|p1a: Ogerpon|Ogerpon, L80, F|259/259\n|move|p2a: Arceus|Calm Mind|p2a: Arceus\n|-boost|p2a: Arceus|spa|1\n|-boost|p2a: Arceus|spd|1\n|\n|upkeep\n|turn|11\n|inactive|Time left: 300 sec this turn | 300 sec total\n|\n|t:|1783534538\n|-terastallize|p2a: Arceus|Dragon\n|move|p1a: Ogerpon|Ivy Cudgel|p2a: Arceus\n|-resisted|p2a: Arceus\n|-damage|p2a: Arceus|83/100\n|move|p2a: Arceus|Ice Beam|p1a: Ogerpon\n|-supereffective|p1a: Ogerpon\n|-damage|p1a: Ogerpon|93/259\n|\n|-heal|p1a: Ogerpon|109/259|[from] item: Leftovers\n|upkeep\n|turn|12\n|inactive|Time left: 300 sec this turn | 300 sec total\n|\n|t:|1783534539\n|switch|p1a: Blissey|Blissey, L85, F|572/572\n|move|p2a: Arceus|Ice Beam|p1a: Blissey\n|-damage|p1a: Blissey|520/572\n|\n|-heal|p1a: Blissey|555/572|[from] item: Leftovers\n|upkeep\n|turn|13\n|inactive|Time left: 300 sec this turn | 300 sec total\n|\n|t:|1783534540\n|move|p2a: Arceus|Calm Mind|p2a: Arceus\n|-boost|p2a: Arceus|spa|1\n|-boost|p2a: Arceus|spd|1\n|move|p1a: Blissey|Seismic Toss|p2a: Arceus\n|-damage|p2a: Arceus|53/100\n|\n|-heal|p1a: Blissey|572/572|[from] item: Leftovers\n|upkeep\n|turn|14\n|inactive|Time left: 300 sec this turn | 300 sec total\n|\n|t:|1783534541\n|move|p2a: Arceus|Recover|p2a: Arceus\n|-heal|p2a: Arceus|100/100\n|move|p1a: Blissey|Seismic Toss|p2a: Arceus\n|-damage|p2a: Arceus|71/100\n|\n|upkeep\n|turn|15\n|inactive|Time left: 300 sec this turn | 300 sec total\n|\n|t:|1783534542\n|move|p2a: Arceus|Recover|p2a: Arceus\n|-heal|p2a: Arceus|100/100\n|move|p1a: Blissey|Seismic Toss|p2a: Arceus\n|-damage|p2a: Arceus|71/100\n|\n|upkeep\n|turn|16\n|inactive|Time left: 300 sec this turn | 300 sec total\n|\n|t:|1783534543\n|move|p2a: Arceus|Calm Mind|p2a: Arceus\n|-boost|p2a: Arceus|spa|1\n|-boost|p2a: Arceus|spd|1\n|move|p1a: Blissey|Seismic Toss|p2a: Arceus\n|-damage|p2a: Arceus|41/100\n|\n|upkeep\n|turn|17\n|inactive|Time left: 300 sec this turn | 300 sec total\n|\n|t:|1783534543\n|move|p2a: Arceus|Recover|p2a: Arceus\n|-heal|p2a: Arceus|91/100\n|move|p1a: Blissey|Seismic Toss|p2a: Arceus\n|-damage|p2a: Arceus|61/100\n|\n|upkeep\n|turn|18\n|inactive|Time left: 300 sec this turn | 300 sec total\n|\n|t:|1783534544\n|move|p2a: Arceus|Recover|p2a: Arceus\n|-heal|p2a: Arceus|100/100\n|move|p1a: Blissey|Seismic Toss|p2a: Arceus\n|-damage|p2a: Arceus|71/100\n|\n|upkeep\n|turn|19\n|inactive|Time left: 300 sec this turn | 300 sec total\n|\n|t:|1783534545\n|move|p2a: Arceus|Recover|p2a: Arceus\n|-heal|p2a: Arceus|100/100\n|move|p1a: Blissey|Seismic Toss|p2a: Arceus\n|-damage|p2a: Arceus|71/100\n|\n|upkeep\n|turn|20\n|inactive|Time left: 300 sec this turn | 300 sec total\n|\n|t:|1783534546\n|move|p2a: Arceus|Judgment|p1a: Blissey\n|-damage|p1a: Blissey|367/572\n|move|p1a: Blissey|Seismic Toss|p2a: Arceus\n|-damage|p2a: Arceus|41/100\n|\n|-heal|p1a: Blissey|402/572|[from] item: Leftovers\n|upkeep\n|turn|21\n|inactive|Time left: 300 sec this turn | 300 sec total\n|\n|t:|1783534547\n|move|p2a: Arceus|Recover|p2a: Arceus\n|-heal|p2a: Arceus|91/100\n|move|p1a: Blissey|Seismic Toss|p2a: Arceus\n|-damage|p2a: Arceus|61/100\n|\n|-heal|p1a: Blissey|437/572|[from] item: Leftovers\n|upkeep\n|turn|22\n|inactive|Time left: 300 sec this turn | 300 sec total\n|\n|t:|1783534548\n|move|p2a: Arceus|Calm Mind|p2a: Arceus\n|-boost|p2a: Arceus|spa|1\n|-boost|p2a: Arceus|spd|1\n|move|p1a: Blissey|Seismic Toss|p2a: Arceus\n|-damage|p2a: Arceus|31/100\n|\n|-heal|p1a: Blissey|472/572|[from] item: Leftovers\n|upkeep\n|turn|23\n|inactive|Time left: 300 sec this turn | 300 sec total\n|\n|t:|1783534549\n|switch|p1a: Ogerpon|Ogerpon, L80, F|109/259\n|move|p2a: Arceus|Recover|p2a: Arceus\n|-heal|p2a: Arceus|81/100\n|\n|-heal|p1a: Ogerpon|125/259|[from] item: Leftovers\n|upkeep\n|turn|24\n|inactive|Time left: 300 sec this turn | 300 sec total\n|\n|t:|1783534550\n|move|p1a: Ogerpon|Encore|p2a: Arceus\n|-start|p2a: Arceus|Encore\n|move|p2a: Arceus|Recover|p2a: Arceus\n|-heal|p2a: Arceus|100/100\n|\n|-heal|p1a: Ogerpon|141/259|[from] item: Leftovers\n|-end|p2a: Arceus|Encore\n|upkeep\n|turn|25\n|inactive|Time left: 300 sec this turn | 300 sec total\n|\n|t:|1783534551\n|move|p1a: Ogerpon|Encore||[still]\n|-fail|p1a: Ogerpon\n|move|p2a: Arceus|Ice Beam|p1a: Ogerpon\n|-supereffective|p1a: Ogerpon\n|-damage|p1a: Ogerpon|0 fnt\n|faint|p1a: Ogerpon\n|\n|upkeep\n|inactive|Time left: 300 sec this turn | 300 sec total | 5 sec grace\n|\n|t:|1783534552\n|switch|p1a: Blissey|Blissey, L85, F|472/572\n|turn|26\n|inactive|Time left: 300 sec this turn | 300 sec total\n|\n|t:|1783534553\n|move|p2a: Arceus|Judgment|p1a: Blissey\n|-damage|p1a: Blissey|264/572\n|move|p1a: Blissey|Soft-Boiled|p1a: Blissey\n|-heal|p1a: Blissey|550/572\n|\n|-heal|p1a: Blissey|572/572|[from] item: Leftovers\n|upkeep\n|turn|27\n|inactive|Time left: 300 sec this turn | 300 sec total\n|\n|t:|1783534554\n|move|p2a: Arceus|Judgment|p1a: Blissey\n|-damage|p1a: Blissey|359/572\n|move|p1a: Blissey|Thunder Wave|p2a: Arceus\n|-status|p2a: Arceus|par\n|\n|-heal|p1a: Blissey|394/572|[from] item: Leftovers\n|upkeep\n|turn|28\n|inactive|Time left: 300 sec this turn | 300 sec total\n|\n|t:|1783534555\n|move|p1a: Blissey|Seismic Toss|p2a: Arceus\n|-damage|p2a: Arceus|71/100 par\n|cant|p2a: Arceus|par\n|\n|-heal|p1a: Blissey|429/572|[from] item: Leftovers\n|upkeep\n|turn|29\n|inactive|Time left: 300 sec this turn | 300 sec total\n|\n|t:|1783534556\n|move|p1a: Blissey|Seismic Toss|p2a: Arceus\n|-damage|p2a: Arceus|41/100 par\n|move|p2a: Arceus|Judgment|p1a: Blissey\n|-damage|p1a: Blissey|209/572\n|\n|-heal|p1a: Blissey|244/572|[from] item: Leftovers\n|upkeep\n|turn|30\n|inactive|Time left: 300 sec this turn | 300 sec total\n|\n|t:|1783534557\n|move|p1a: Blissey|Seismic Toss|p2a: Arceus\n|-damage|p2a: Arceus|11/100 par\n|move|p2a: Arceus|Judgment|p1a: Blissey\n|-damage|p1a: Blissey|9/572\n|\n|-heal|p1a: Blissey|44/572|[from] item: Leftovers\n|upkeep\n|turn|31\n|inactive|Time left: 300 sec this turn | 300 sec total\n|\n|t:|1783534558\n|move|p1a: Blissey|Seismic Toss|p2a: Arceus\n|-damage|p2a: Arceus|0 fnt\n|faint|p2a: Arceus\n|\n|-heal|p1a: Blissey|79/572|[from] item: Leftovers\n|upkeep\n|\n|t:|1783534559\n|switch|p2a: Haxorus|Haxorus, L77, F|100/100\n|-ability|p2a: Haxorus|Mold Breaker\n|turn|32\n|inactive|Time left: 300 sec this turn | 300 sec total\n|\n|t:|1783534560\n|switch|p1a: Zamazenta|Zamazenta, L71|248/248\n|-ability|p1a: Zamazenta|Dauntless Shield|boost\n|-boost|p1a: Zamazenta|def|1\n|move|p2a: Haxorus|Outrage|p1a: Zamazenta\n|-damage|p1a: Zamazenta|161/248\n|\n|upkeep\n|turn|33\n|inactive|Time left: 300 sec this turn | 300 sec total\n|\n|t:|1783534562\n|move|p1a: Zamazenta|Close Combat|p2a: Haxorus\n|-damage|p2a: Haxorus|28/100\n|-unboost|p1a: Zamazenta|def|1\n|-unboost|p1a: Zamazenta|spd|1\n|move|p2a: Haxorus|Outrage|p1a: Zamazenta|[from] lockedmove\n|-damage|p1a: Zamazenta|31/248\n|\n|upkeep\n|turn|34\n|inactive|Time left: 300 sec this turn | 300 sec total\n|\n|t:|1783534563\n|move|p1a: Zamazenta|Close Combat|p2a: Haxorus\n|-damage|p2a: Haxorus|0 fnt\n|-unboost|p1a: Zamazenta|def|1\n|-unboost|p1a: Zamazenta|spd|1\n|faint|p2a: Haxorus\n|\n|upkeep\n|\n|t:|1783534563\n|switch|p2a: Charizard|Charizard, L85, M|100/100\n|turn|35\n|inactive|Time left: 300 sec this turn | 300 sec total\n|\n|t:|1783534564\n|move|p1a: Zamazenta|Close Combat|p2a: Charizard\n|-resisted|p2a: Charizard\n|-damage|p2a: Charizard|66/100\n|-unboost|p1a: Zamazenta|def|1\n|-unboost|p1a: Zamazenta|spd|1\n|move|p2a: Charizard|Focus Blast|p1a: Zamazenta|[miss]\n|-miss|p2a: Charizard|p1a: Zamazenta\n|\n|upkeep\n|turn|36\n|inactive|Time left: 300 sec this turn | 300 sec total\n|\n|t:|1783534565\n|move|p1a: Zamazenta|Close Combat|p2a: Charizard\n|-resisted|p2a: Charizard\n|-damage|p2a: Charizard|36/100\n|-unboost|p1a: Zamazenta|def|1\n|-unboost|p1a: Zamazenta|spd|1\n|move|p2a: Charizard|Flamethrower|p1a: Zamazenta\n|-damage|p1a: Zamazenta|0 fnt\n|faint|p1a: Zamazenta\n|\n|upkeep\n|inactive|Time left: 300 sec this turn | 300 sec total | 5 sec grace\n|\n|t:|1783534566\n|switch|p1a: Sandy Shocks|Sandy Shocks, L80|267/267\n|turn|37\n|inactive|Time left: 300 sec this turn | 300 sec total\n|\n|t:|1783534567\n|switch|p2a: Bastiodon|Bastiodon, L89, M|100/100\n|move|p1a: Sandy Shocks|Thunderbolt|p2a: Bastiodon\n|-damage|p2a: Bastiodon|70/100\n|\n|upkeep\n|turn|38\n|inactive|Time left: 300 sec this turn | 300 sec total\n|\n|t:|1783534568\n|switch|p2a: Charizard|Charizard, L85, M|36/100\n|move|p1a: Sandy Shocks|Earth Power|p2a: Charizard\n|-immune|p2a: Charizard\n|\n|upkeep\n|turn|39\n|inactive|Time left: 300 sec this turn | 300 sec total\n|\n|t:|1783534569\n|switch|p2a: Bastiodon|Bastiodon, L89, M|70/100\n|move|p1a: Sandy Shocks|Thunderbolt|p2a: Bastiodon\n|-damage|p2a: Bastiodon|44/100\n|\n|upkeep\n|turn|40\n|inactive|Time left: 300 sec this turn | 300 sec total\n|\n|t:|1783534570\n|switch|p2a: Charizard|Charizard, L85, M|36/100\n|move|p1a: Sandy Shocks|Earth Power|p2a: Charizard\n|-immune|p2a: Charizard\n|\n|upkeep\n|turn|41\n|inactive|Time left: 300 sec this turn | 300 sec total\n|\n|t:|1783534571\n|move|p2a: Charizard|Hurricane|p1a: Sandy Shocks|[miss]\n|-miss|p2a: Charizard|p1a: Sandy Shocks\n|move|p1a: Sandy Shocks|Thunderbolt|p2a: Charizard\n|-supereffective|p2a: Charizard\n|-damage|p2a: Charizard|0 fnt\n|faint|p2a: Charizard\n|\n|upkeep\n|\n|t:|1783534572\n|switch|p2a: Conkeldurr|Conkeldurr, L80, F|41/100 brn\n|turn|42\n|inactive|Time left: 300 sec this turn | 300 sec total\n|\n|t:|1783534573\n|switch|p2a: Bastiodon|Bastiodon, L89, M|44/100\n|-terastallize|p1a: Sandy Shocks|Electric\n|move|p1a: Sandy Shocks|Earth Power|p2a: Bastiodon\n|-supereffective|p2a: Bastiodon\n|-damage|p2a: Bastiodon|0 fnt\n|faint|p2a: Bastiodon\n|\n|upkeep\n|\n|t:|1783534574\n|switch|p2a: Conkeldurr|Conkeldurr, L80, F|41/100 brn\n|turn|43\n|inactive|Time left: 300 sec this turn | 300 sec total\n|\n|t:|1783534575\n|move|p1a: Sandy Shocks|Thunderbolt|p2a: Conkeldurr\n|-damage|p2a: Conkeldurr|0 fnt\n|faint|p2a: Conkeldurr\n|\n|win|p0x06679d2", "uploadtime": 1783534575, "views": 0, "rating": 0, "private": 0, "password": null, "_winner": "p0x06679d2", "_our_name": "p0x06679d2"}