{"id": "battle-gen9randombattle-2038", "formatid": "gen9randombattle", "format": "[Gen 9] Random Battle", "players": ["p0x20380db7", "p0y20382c50"], "log": "|init|battle\n|title|p0x20380db7 vs. p0y20382c50\n|j|\u2606p0x20380db7\n|j|\u2606p0y20382c50\n|t:|1783563601\n|gametype|singles\n|player|p1|p0x20380db7|102|\n|player|p2|p0y20382c50|266|\n|gen|9\n|tier|[Gen 9] Random Battle\n|rule|Species Clause: Limit one of each Pok\u00e9mon\n|rule|HP Percentage Mod: HP is shown in percentages\n|rule|Sleep Clause Mod: Limit one foe put to sleep\n|rule|Illusion Level Mod: Illusion disguises the Pok\u00e9mon's true level\n|\n|t:|1783563601\n|teamsize|p1|6\n|teamsize|p2|6\n|start\n|switch|p1a: Tentacruel|Tentacruel, L84, M|272/272\n|switch|p2a: Golduck|Golduck, L90, F|100/100\n|-ability|p2a: Golduck|Cloud Nine\n|turn|1\n|inactive|Battle timer is ON: inactive players will automatically lose when time's up. (requested by p0y20382c50)\n|inactive|Time left: 300 sec this turn | 300 sec total | 60 sec grace\n|inactive|p0x20380db7 also wants the timer to be on.\n|\n|t:|1783563602\n|move|p1a: Tentacruel|Sludge Bomb|p2a: Golduck\n|-damage|p2a: Golduck|72/100\n|-status|p2a: Golduck|psn\n|move|p2a: Golduck|Nasty Plot|p2a: Golduck\n|-boost|p2a: Golduck|spa|2\n|\n|-heal|p2a: Golduck|78/100 psn|[from] item: Leftovers\n|-damage|p2a: Golduck|66/100 psn|[from] psn\n|upkeep\n|turn|2\n|inactive|Time left: 300 sec this turn | 300 sec total\n|\n|t:|1783563603\n|move|p1a: Tentacruel|Sludge Bomb|p2a: Golduck\n|-damage|p2a: Golduck|38/100 psn\n|move|p2a: Golduck|Hydro Pump|p1a: Tentacruel\n|-resisted|p1a: Tentacruel\n|-damage|p1a: Tentacruel|171/272\n|\n|-heal|p1a: Tentacruel|188/272|[from] item: Leftovers\n|-heal|p2a: Golduck|44/100 psn|[from] item: Leftovers\n|-damage|p2a: Golduck|32/100 psn|[from] psn\n|upkeep\n|turn|3\n|inactive|Time left: 300 sec this turn | 300 sec total\n|\n|t:|1783563604\n|move|p1a: Tentacruel|Sludge Bomb|p2a: Golduck\n|-damage|p2a: Golduck|3/100 psn\n|move|p2a: Golduck|Ice Beam|p1a: Tentacruel\n|-resisted|p1a: Tentacruel\n|-damage|p1a: Tentacruel|133/272\n|\n|-heal|p1a: Tentacruel|150/272|[from] item: Leftovers\n|-heal|p2a: Golduck|9/100 psn|[from] item: Leftovers\n|-damage|p2a: Golduck|0 fnt|[from] psn\n|faint|p2a: Golduck\n|upkeep\n|\n|t:|1783563605\n|switch|p2a: Glaceon|Glaceon, L94, F|100/100\n|turn|4\n|inactive|Time left: 300 sec this turn | 300 sec total\n|\n|t:|1783563607\n|switch|p1a: Deoxys|Deoxys-Defense, L84|221/221\n|-ability|p1a: Deoxys|Pressure\n|move|p2a: Glaceon|Freeze-Dry|p1a: Deoxys\n|-damage|p1a: Deoxys|146/221\n|\n|-heal|p1a: Deoxys|159/221|[from] item: Leftovers\n|upkeep\n|turn|5\n|inactive|Time left: 300 sec this turn | 300 sec total\n|\n|t:|1783563608\n|move|p1a: Deoxys|Stealth Rock|p2a: Glaceon\n|-sidestart|p2: p0y20382c50|move: Stealth Rock\n|move|p2a: Glaceon|Freeze-Dry|p1a: Deoxys\n|-damage|p1a: Deoxys|89/221\n|\n|-heal|p1a: Deoxys|102/221|[from] item: Leftovers\n|upkeep\n|turn|6\n|inactive|Time left: 300 sec this turn | 300 sec total\n|\n|t:|1783563609\n|move|p1a: Deoxys|Recover|p1a: Deoxys\n|-heal|p1a: Deoxys|213/221\n|move|p2a: Glaceon|Freeze-Dry|p1a: Deoxys\n|-damage|p1a: Deoxys|141/221\n|\n|-heal|p1a: Deoxys|154/221|[from] item: Leftovers\n|upkeep\n|turn|7\n|inactive|Time left: 300 sec this turn | 300 sec total\n|\n|t:|1783563610\n|move|p1a: Deoxys|Recover|p1a: Deoxys\n|-heal|p1a: Deoxys|221/221\n|move|p2a: Glaceon|Freeze-Dry|p1a: Deoxys\n|-damage|p1a: Deoxys|148/221\n|\n|-heal|p1a: Deoxys|161/221|[from] item: Leftovers\n|upkeep\n|turn|8\n|inactive|Time left: 300 sec this turn | 300 sec total\n|\n|t:|1783563611\n|move|p1a: Deoxys|Recover|p1a: Deoxys\n|-heal|p1a: Deoxys|221/221\n|move|p2a: Glaceon|Freeze-Dry|p1a: Deoxys\n|-damage|p1a: Deoxys|149/221\n|\n|-heal|p1a: Deoxys|162/221|[from] item: Leftovers\n|upkeep\n|turn|9\n|inactive|Time left: 300 sec this turn | 300 sec total\n|\n|t:|1783563612\n|move|p1a: Deoxys|Recover|p1a: Deoxys\n|-heal|p1a: Deoxys|221/221\n|move|p2a: Glaceon|Freeze-Dry|p1a: Deoxys\n|-damage|p1a: Deoxys|145/221\n|-status|p1a: Deoxys|frz\n|\n|-heal|p1a: Deoxys|158/221 frz|[from] item: Leftovers\n|upkeep\n|turn|10\n|inactive|Time left: 300 sec this turn | 300 sec total\n|\n|t:|1783563613\n|cant|p1a: Deoxys|frz\n|move|p2a: Glaceon|Freeze-Dry|p1a: Deoxys\n|-damage|p1a: Deoxys|80/221 frz\n|\n|-heal|p1a: Deoxys|93/221 frz|[from] item: Leftovers\n|upkeep\n|turn|11\n|inactive|Time left: 300 sec this turn | 300 sec total\n|\n|t:|1783563614\n|cant|p1a: Deoxys|frz\n|move|p2a: Glaceon|Freeze-Dry|p1a: Deoxys\n|-damage|p1a: Deoxys|23/221 frz\n|\n|-heal|p1a: Deoxys|36/221 frz|[from] item: Leftovers\n|upkeep\n|turn|12\n|inactive|Time left: 300 sec this turn | 300 sec total\n|\n|t:|1783563615\n|-curestatus|p1a: Deoxys|frz|[msg]\n|move|p1a: Deoxys|Recover|p1a: Deoxys\n|-heal|p1a: Deoxys|147/221\n|move|p2a: Glaceon|Freeze-Dry|p1a: Deoxys\n|-damage|p1a: Deoxys|72/221\n|-status|p1a: Deoxys|frz\n|\n|-heal|p1a: Deoxys|85/221 frz|[from] item: Leftovers\n|upkeep\n|turn|13\n|inactive|Time left: 300 sec this turn | 300 sec total\n|\n|t:|1783563615\n|cant|p1a: Deoxys|frz\n|move|p2a: Glaceon|Mud Shot|p1a: Deoxys\n|-damage|p1a: Deoxys|47/221 frz\n|-unboost|p1a: Deoxys|spe|1\n|\n|-heal|p1a: Deoxys|60/221 frz|[from] item: Leftovers\n|upkeep\n|turn|14\n|inactive|Time left: 300 sec this turn | 300 sec total\n|\n|t:|1783563616\n|move|p2a: Glaceon|Freeze-Dry|p1a: Deoxys\n|-damage|p1a: Deoxys|0 fnt\n|faint|p1a: Deoxys\n|\n|upkeep\n|inactive|Time left: 300 sec this turn | 300 sec total | 5 sec grace\n|\n|t:|1783563617\n|switch|p1a: Grafaiai|Grafaiai, L86, M|249/249\n|turn|15\n|inactive|Time left: 300 sec this turn | 300 sec total\n|\n|t:|1783563618\n|move|p1a: Grafaiai|Parting Shot|p2a: Glaceon\n|-unboost|p2a: Glaceon|atk|1\n|-unboost|p2a: Glaceon|spa|1\n|inactive|Time left: 300 sec this turn | 300 sec total | 5 sec grace\n|\n|t:|1783563619\n|switch|p1a: Meganium|Meganium, L90, M|290/290|[from] Parting Shot\n|move|p2a: Glaceon|Freeze-Dry|p1a: Meganium\n|-supereffective|p1a: Meganium\n|-damage|p1a: Meganium|146/290\n|\n|-heal|p1a: Meganium|164/290|[from] item: Leftovers\n|upkeep\n|turn|16\n|inactive|Time left: 300 sec this turn | 300 sec total\n|\n|t:|1783563620\n|move|p1a: Meganium|Swords Dance|p1a: Meganium\n|-boost|p1a: Meganium|atk|2\n|move|p2a: Glaceon|Freeze-Dry|p1a: Meganium\n|-supereffective|p1a: Meganium\n|-damage|p1a: Meganium|30/290\n|\n|-heal|p1a: Meganium|48/290|[from] item: Leftovers\n|upkeep\n|turn|17\n|inactive|Time left: 300 sec this turn | 300 sec total\n|\n|t:|1783563621\n|move|p1a: Meganium|Petal Blizzard|p2a: Glaceon\n|-damage|p2a: Glaceon|18/100\n|move|p2a: Glaceon|Freeze-Dry|p1a: Meganium\n|-supereffective|p1a: Meganium\n|-damage|p1a: Meganium|0 fnt\n|faint|p1a: Meganium\n|\n|upkeep\n|inactive|Time left: 300 sec this turn | 300 sec total | 5 sec grace\n|\n|t:|1783563621\n|switch|p1a: Minior|Minior-Orange, L79|224/224\n|-formechange|p1a: Minior|Minior-Meteor||[from] ability: Shields Down\n|turn|18\n|inactive|Time left: 300 sec this turn | 300 sec total\n|\n|t:|1783563622\n|switch|p2a: Poliwrath|Poliwrath, L88, F|100/100\n|-damage|p2a: Poliwrath|95/100|[from] Stealth Rock\n|move|p1a: Minior|Shell Smash|p1a: Minior\n|-unboost|p1a: Minior|def|1\n|-unboost|p1a: Minior|spd|1\n|-boost|p1a: Minior|atk|2\n|-boost|p1a: Minior|spa|2\n|-boost|p1a: Minior|spe|2\n|-enditem|p1a: Minior|White Herb\n|-clearnegativeboost|p1a: Minior|[silent]\n|\n|-heal|p2a: Poliwrath|100/100|[from] item: Leftovers\n|upkeep\n|turn|19\n|inactive|Time left: 300 sec this turn | 300 sec total\n|\n|t:|1783563623\n|-terastallize|p1a: Minior|Flying\n|-terastallize|p2a: Poliwrath|Steel\n|move|p1a: Minior|Acrobatics|p2a: Poliwrath\n|-resisted|p2a: Poliwrath\n|-damage|p2a: Poliwrath|72/100\n|move|p2a: Poliwrath|Bulk Up|p2a: Poliwrath\n|-boost|p2a: Poliwrath|atk|1\n|-boost|p2a: Poliwrath|def|1\n|\n|-heal|p2a: Poliwrath|78/100|[from] item: Leftovers\n|upkeep\n|turn|20\n|inactive|Time left: 300 sec this turn | 300 sec total\n|\n|t:|1783563625\n|move|p1a: Minior|Earthquake|p2a: Poliwrath\n|-supereffective|p2a: Poliwrath\n|-damage|p2a: Poliwrath|44/100\n|move|p2a: Poliwrath|Bulk Up|p2a: Poliwrath\n|-boost|p2a: Poliwrath|atk|1\n|-boost|p2a: Poliwrath|def|1\n|\n|-heal|p2a: Poliwrath|50/100|[from] item: Leftovers\n|upkeep\n|turn|21\n|inactive|Time left: 300 sec this turn | 300 sec total\n|\n|t:|1783563626\n|move|p1a: Minior|Earthquake|p2a: Poliwrath\n|-supereffective|p2a: Poliwrath\n|-damage|p2a: Poliwrath|24/100\n|move|p2a: Poliwrath|Drain Punch|p1a: Minior\n|-resisted|p1a: Minior\n|-damage|p1a: Minior|143/224\n|-heal|p2a: Poliwrath|38/100|[from] drain|[of] p1a: Minior\n|\n|-heal|p2a: Poliwrath|44/100|[from] item: Leftovers\n|upkeep\n|turn|22\n|inactive|Time left: 300 sec this turn | 300 sec total\n|\n|t:|1783563627\n|move|p1a: Minior|Earthquake|p2a: Poliwrath\n|-supereffective|p2a: Poliwrath\n|-damage|p2a: Poliwrath|18/100\n|move|p2a: Poliwrath|Liquidation|p1a: Minior\n|-damage|p1a: Minior|0 fnt\n|faint|p1a: Minior\n|\n|-heal|p2a: Poliwrath|24/100|[from] item: Leftovers\n|upkeep\n|inactive|Time left: 300 sec this turn | 300 sec total | 5 sec grace\n|\n|t:|1783563628\n|switch|p1a: Tentacruel|Tentacruel, L84, M|150/272\n|turn|23\n|inactive|Time left: 300 sec this turn | 300 sec total\n|\n|t:|1783563629\n|move|p1a: Tentacruel|Haze|p1a: Tentacruel\n|-clearallboost\n|move|p2a: Poliwrath|Liquidation|p1a: Tentacruel\n|-resisted|p1a: Tentacruel\n|-damage|p1a: Tentacruel|91/272\n|\n|-heal|p1a: Tentacruel|108/272|[from] item: Leftovers\n|-heal|p2a: Poliwrath|30/100|[from] item: Leftovers\n|upkeep\n|turn|24\n|inactive|Time left: 300 sec this turn | 300 sec total\n|\n|t:|1783563630\n|switch|p1a: Mudsdale|Mudsdale, L83, F|302/302\n|move|p2a: Poliwrath|Liquidation|p1a: Mudsdale\n|-supereffective|p1a: Mudsdale\n|-damage|p1a: Mudsdale|114/302\n|-unboost|p1a: Mudsdale|def|1\n|-ability|p1a: Mudsdale|Stamina|boost\n|-boost|p1a: Mudsdale|def|1\n|\n|-heal|p2a: Poliwrath|36/100|[from] item: Leftovers\n|-heal|p1a: Mudsdale|132/302|[from] item: Leftovers\n|upkeep\n|turn|25\n|inactive|Time left: 300 sec this turn | 300 sec total\n|\n|t:|1783563631\n|move|p2a: Poliwrath|Liquidation|p1a: Mudsdale\n|-supereffective|p1a: Mudsdale\n|-damage|p1a: Mudsdale|0 fnt\n|faint|p1a: Mudsdale\n|\n|-heal|p2a: Poliwrath|42/100|[from] item: Leftovers\n|upkeep\n|inactive|Time left: 300 sec this turn | 300 sec total | 5 sec grace\n|\n|t:|1783563632\n|switch|p1a: Grafaiai|Grafaiai, L86, M|249/249\n|turn|26\n|inactive|Time left: 300 sec this turn | 300 sec total\n|\n|t:|1783563633\n|move|p1a: Grafaiai|Parting Shot|p2a: Poliwrath\n|-unboost|p2a: Poliwrath|atk|1\n|-unboost|p2a: Poliwrath|spa|1\n|inactive|Time left: 300 sec this turn | 300 sec total | 5 sec grace\n|\n|t:|1783563634\n|switch|p1a: Tentacruel|Tentacruel, L84, M|108/272|[from] Parting Shot\n|move|p2a: Poliwrath|Liquidation|p1a: Tentacruel\n|-resisted|p1a: Tentacruel\n|-damage|p1a: Tentacruel|66/272\n|\n|-heal|p1a: Tentacruel|83/272|[from] item: Leftovers\n|-heal|p2a: Poliwrath|48/100|[from] item: Leftovers\n|upkeep\n|turn|27\n|inactive|Time left: 300 sec this turn | 300 sec total\n|\n|t:|1783563636\n|move|p1a: Tentacruel|Rapid Spin|p2a: Poliwrath\n|-resisted|p2a: Poliwrath\n|-damage|p2a: Poliwrath|44/100\n|-boost|p1a: Tentacruel|spe|1\n|move|p2a: Poliwrath|Liquidation|p1a: Tentacruel\n|-resisted|p1a: Tentacruel\n|-damage|p1a: Tentacruel|45/272\n|-unboost|p1a: Tentacruel|def|1\n|\n|-heal|p1a: Tentacruel|62/272|[from] item: Leftovers\n|-heal|p2a: Poliwrath|50/100|[from] item: Leftovers\n|upkeep\n|turn|28\n|inactive|Time left: 300 sec this turn | 300 sec total\n|\n|t:|1783563637\n|move|p1a: Tentacruel|Rapid Spin|p2a: Poliwrath\n|-resisted|p2a: Poliwrath\n|-damage|p2a: Poliwrath|46/100\n|-boost|p1a: Tentacruel|spe|1\n|move|p2a: Poliwrath|Liquidation|p1a: Tentacruel\n|-resisted|p1a: Tentacruel\n|-damage|p1a: Tentacruel|5/272\n|\n|-heal|p1a: Tentacruel|22/272|[from] item: Leftovers\n|-heal|p2a: Poliwrath|52/100|[from] item: Leftovers\n|upkeep\n|turn|29\n|inactive|Time left: 300 sec this turn | 300 sec total\n|\n|t:|1783563638\n|move|p1a: Tentacruel|Rapid Spin|p2a: Poliwrath\n|-resisted|p2a: Poliwrath\n|-damage|p2a: Poliwrath|48/100\n|-boost|p1a: Tentacruel|spe|1\n|move|p2a: Poliwrath|Drain Punch|p1a: Tentacruel\n|-resisted|p1a: Tentacruel\n|-damage|p1a: Tentacruel|0 fnt\n|-damage|p2a: Poliwrath|44/100|[from] ability: Liquid Ooze|[of] p1a: Tentacruel\n|faint|p1a: Tentacruel\n|\n|-heal|p2a: Poliwrath|50/100|[from] item: Leftovers\n|upkeep\n|inactive|Time left: 300 sec this turn | 300 sec total | 5 sec grace\n|\n|t:|1783563639\n|switch|p1a: Grafaiai|Grafaiai, L86, M|249/249\n|turn|30\n|inactive|Time left: 300 sec this turn | 300 sec total\n|\n|t:|1783563640\n|switch|p2a: Great Tusk|Great Tusk, L77|100/100\n|-damage|p2a: Great Tusk|98/100|[from] Stealth Rock\n|move|p1a: Grafaiai|Knock Off|p2a: Great Tusk\n|-resisted|p2a: Great Tusk\n|-damage|p2a: Great Tusk|89/100\n|-enditem|p2a: Great Tusk|Assault Vest|[from] move: Knock Off|[of] p1a: Grafaiai\n|\n|upkeep\n|turn|31\n|inactive|Time left: 300 sec this turn | 300 sec total\n|\n|t:|1783563641\n|move|p1a: Grafaiai|Parting Shot|p2a: Great Tusk\n|-unboost|p2a: Great Tusk|atk|1\n|-unboost|p2a: Great Tusk|spa|1\n|move|p2a: Great Tusk|Headlong Rush|p1a: Grafaiai\n|-supereffective|p1a: Grafaiai\n|-crit|p1a: Grafaiai\n|-damage|p1a: Grafaiai|0 fnt\n|-unboost|p2a: Great Tusk|def|1\n|-unboost|p2a: Great Tusk|spd|1\n|faint|p1a: Grafaiai\n|\n|win|p0y20382c50", "uploadtime": 1783563641, "views": 0, "rating": 0, "private": 0, "password": null, "_winner": "p0y20382c50", "_our_name": "p0x20380db7"}