{"id": "battle-gen9randombattle-179", "formatid": "gen9randombattle", "format": "[Gen 9] Random Battle", "players": ["p0x179df7b", "p0y179dd01"], "log": "|init|battle\n|title|p0x179df7b vs. p0y179dd01\n|j|\u2606p0x179df7b\n|j|\u2606p0y179dd01\n|t:|1783535301\n|gametype|singles\n|player|p1|p0x179df7b|266|\n|player|p2|p0y179dd01|266|\n|gen|9\n|tier|[Gen 9] Random Battle\n|rule|Species Clause: Limit one of each Pok\u00e9mon\n|rule|HP Percentage Mod: HP is shown in percentages\n|rule|Sleep Clause Mod: Limit one foe put to sleep\n|rule|Illusion Level Mod: Illusion disguises the Pok\u00e9mon's true level\n|\n|t:|1783535301\n|teamsize|p1|6\n|teamsize|p2|6\n|start\n|switch|p1a: Arcanine|Arcanine, L84, F|100/100\n|switch|p2a: Darkrai|Darkrai, L77|234/234\n|-ability|p1a: Arcanine|Intimidate|boost\n|-unboost|p2a: Darkrai|atk|1\n|turn|1\n|inactive|Battle timer is ON: inactive players will automatically lose when time's up. (requested by p0x179df7b)\n|inactive|Time left: 300 sec this turn | 300 sec total | 60 sec grace\n|inactive|p0y179dd01 also wants the timer to be on.\n|\n|t:|1783535303\n|move|p2a: Darkrai|Nasty Plot|p2a: Darkrai\n|-boost|p2a: Darkrai|spa|2\n|move|p1a: Arcanine|Flare Blitz|p2a: Darkrai\n|-damage|p2a: Darkrai|89/234\n|-damage|p1a: Arcanine|84/100|[from] Recoil\n|\n|upkeep\n|turn|2\n|inactive|Time left: 300 sec this turn | 300 sec total\n|\n|t:|1783535304\n|move|p2a: Darkrai|Dark Pulse|p1a: Arcanine\n|-damage|p1a: Arcanine|0 fnt\n|faint|p1a: Arcanine\n|-damage|p2a: Darkrai|66/234|[from] item: Life Orb\n|\n|upkeep\n|\n|t:|1783535305\n|switch|p1a: Basculin|Basculin-Blue-Striped, L86, M|100/100\n|turn|3\n|inactive|Time left: 300 sec this turn | 300 sec total\n|\n|t:|1783535306\n|move|p1a: Basculin|Aqua Jet|p2a: Darkrai\n|-damage|p2a: Darkrai|0 fnt\n|faint|p2a: Darkrai\n|\n|upkeep\n|inactive|Time left: 300 sec this turn | 300 sec total | 5 sec grace\n|\n|t:|1783535307\n|switch|p2a: Golurk|Golurk, L87|297/297\n|turn|4\n|inactive|Time left: 300 sec this turn | 300 sec total\n|\n|t:|1783535309\n|move|p1a: Basculin|Aqua Jet|p2a: Golurk\n|-supereffective|p2a: Golurk\n|-damage|p2a: Golurk|129/297\n|move|p2a: Golurk|Poltergeist|p1a: Basculin\n|-activate|p1a: Basculin|move: Poltergeist|Choice Band\n|-damage|p1a: Basculin|0 fnt\n|faint|p1a: Basculin\n|\n|upkeep\n|\n|t:|1783535310\n|switch|p1a: Polteageist|Polteageist, L78|100/100\n|turn|5\n|inactive|Time left: 300 sec this turn | 300 sec total\n|\n|t:|1783535311\n|switch|p2a: Dialga|Dialga, L73|266/266\n|-ability|p2a: Dialga|Pressure\n|move|p1a: Polteageist|Shell Smash|p1a: Polteageist\n|-unboost|p1a: Polteageist|def|1\n|-unboost|p1a: Polteageist|spd|1\n|-boost|p1a: Polteageist|atk|2\n|-boost|p1a: Polteageist|spa|2\n|-boost|p1a: Polteageist|spe|2\n|-enditem|p1a: Polteageist|White Herb\n|-clearnegativeboost|p1a: Polteageist|[silent]\n|\n|upkeep\n|turn|6\n|inactive|Time left: 300 sec this turn | 300 sec total\n|\n|t:|1783535313\n|move|p1a: Polteageist|Shadow Ball|p2a: Dialga\n|-damage|p2a: Dialga|130/266\n|move|p2a: Dialga|Dragon Tail|p1a: Polteageist\n|-damage|p1a: Polteageist|68/100\n|drag|p1a: Shaymin|Shaymin-Sky, L73|100/100\n|\n|upkeep\n|turn|7\n|inactive|Time left: 300 sec this turn | 300 sec total\n|\n|t:|1783535314\n|move|p1a: Shaymin|Earth Power|p2a: Dialga\n|-supereffective|p2a: Dialga\n|-damage|p2a: Dialga|14/266\n|move|p2a: Dialga|Fire Blast|p1a: Shaymin\n|-supereffective|p1a: Shaymin\n|-crit|p1a: Shaymin\n|-damage|p1a: Shaymin|0 fnt\n|faint|p1a: Shaymin\n|\n|upkeep\n|\n|t:|1783535315\n|switch|p1a: Tornadus|Tornadus, L82, M|100/100\n|turn|8\n|inactive|Time left: 300 sec this turn | 300 sec total\n|\n|t:|1783535316\n|switch|p2a: Zebstrika|Zebstrika, L87, F|272/272\n|move|p1a: Tornadus|Bleakwind Storm|p2a: Zebstrika|[miss]\n|-miss|p1a: Tornadus|p2a: Zebstrika\n|\n|upkeep\n|turn|9\n|inactive|Time left: 300 sec this turn | 300 sec total\n|\n|t:|1783535317\n|switch|p1a: Morpeko|Morpeko, L88, F|100/100\n|move|p2a: Zebstrika|Supercell Slam|p1a: Morpeko\n|-resisted|p1a: Morpeko\n|-damage|p1a: Morpeko|61/100\n|-damage|p2a: Zebstrika|245/272|[from] item: Life Orb\n|\n|-heal|p1a: Morpeko|67/100|[from] item: Leftovers\n|-formechange|p1a: Morpeko|Morpeko-Hangry||[from] ability: Hunger Switch\n|upkeep\n|turn|10\n|inactive|Time left: 300 sec this turn | 300 sec total\n|\n|t:|1783535318\n|move|p1a: Morpeko|Protect|p1a: Morpeko\n|-singleturn|p1a: Morpeko|Protect\n|move|p2a: Zebstrika|High Horsepower|p1a: Morpeko\n|-activate|p1a: Morpeko|move: Protect\n|\n|-heal|p1a: Morpeko|73/100|[from] item: Leftovers\n|-formechange|p1a: Morpeko|Morpeko||[from] ability: Hunger Switch\n|upkeep\n|turn|11\n|inactive|Time left: 300 sec this turn | 300 sec total\n|\n|t:|1783535319\n|switch|p1a: Tornadus|Tornadus, L82, M|100/100\n|move|p2a: Zebstrika|High Horsepower|p1a: Tornadus\n|-immune|p1a: Tornadus\n|\n|upkeep\n|turn|12\n|inactive|Time left: 300 sec this turn | 300 sec total\n|\n|t:|1783535320\n|switch|p1a: Morpeko|Morpeko, L88, F|73/100\n|move|p2a: Zebstrika|Supercell Slam|p1a: Morpeko\n|-resisted|p1a: Morpeko\n|-damage|p1a: Morpeko|34/100\n|-damage|p2a: Zebstrika|218/272|[from] item: Life Orb\n|\n|-heal|p1a: Morpeko|40/100|[from] item: Leftovers\n|-formechange|p1a: Morpeko|Morpeko-Hangry||[from] ability: Hunger Switch\n|upkeep\n|turn|13\n|inactive|Time left: 300 sec this turn | 300 sec total\n|\n|t:|1783535321\n|move|p1a: Morpeko|Protect|p1a: Morpeko\n|-singleturn|p1a: Morpeko|Protect\n|move|p2a: Zebstrika|High Horsepower|p1a: Morpeko\n|-activate|p1a: Morpeko|move: Protect\n|\n|-heal|p1a: Morpeko|47/100|[from] item: Leftovers\n|-formechange|p1a: Morpeko|Morpeko||[from] ability: Hunger Switch\n|upkeep\n|turn|14\n|inactive|Time left: 300 sec this turn | 300 sec total\n|\n|t:|1783535322\n|move|p2a: Zebstrika|High Horsepower|p1a: Morpeko\n|-supereffective|p1a: Morpeko\n|-damage|p1a: Morpeko|0 fnt\n|faint|p1a: Morpeko\n|-damage|p2a: Zebstrika|191/272|[from] item: Life Orb\n|\n|upkeep\n|\n|t:|1783535323\n|switch|p1a: Polteageist|Polteageist, L78|68/100\n|turn|15\n|inactive|Time left: 300 sec this turn | 300 sec total\n|\n|t:|1783535324\n|move|p2a: Zebstrika|Supercell Slam|p1a: Polteageist\n|-damage|p1a: Polteageist|0 fnt\n|faint|p1a: Polteageist\n|-damage|p2a: Zebstrika|164/272|[from] item: Life Orb\n|\n|upkeep\n|\n|t:|1783535325\n|switch|p1a: Tornadus|Tornadus, L82, M|100/100\n|turn|16\n|inactive|Time left: 300 sec this turn | 300 sec total\n|\n|t:|1783535326\n|move|p2a: Zebstrika|Supercell Slam|p1a: Tornadus\n|-supereffective|p1a: Tornadus\n|-damage|p1a: Tornadus|0 fnt\n|faint|p1a: Tornadus\n|-damage|p2a: Zebstrika|137/272|[from] item: Life Orb\n|\n|win|p0y179dd01", "uploadtime": 1783535326, "views": 0, "rating": 0, "private": 0, "password": null, "_winner": "p0y179dd01", "_our_name": "p0y179dd01"}