{"id": "battle-gen9randombattle-2916", "formatid": "gen9randombattle", "format": "[Gen 9] Random Battle", "players": ["p0x291647c3", "p0y2916f459"], "log": "|init|battle\n|title|p0x291647c3 vs. p0y2916f459\n|j|\u2606p0x291647c3\n|j|\u2606p0y2916f459\n|t:|1783572618\n|gametype|singles\n|player|p1|p0x291647c3|170|\n|player|p2|p0y2916f459|2|\n|gen|9\n|tier|[Gen 9] Random Battle\n|rule|Species Clause: Limit one of each Pok\u00e9mon\n|rule|HP Percentage Mod: HP is shown in percentages\n|rule|Sleep Clause Mod: Limit one foe put to sleep\n|rule|Illusion Level Mod: Illusion disguises the Pok\u00e9mon's true level\n|\n|t:|1783572618\n|teamsize|p1|6\n|teamsize|p2|6\n|start\n|switch|p1a: Ariados|Ariados, L95, F|287/287\n|switch|p2a: Tatsugiri|Tatsugiri, L87, M|100/100\n|turn|1\n|inactive|Battle timer is ON: inactive players will automatically lose when time's up. (requested by p0y2916f459)\n|inactive|Time left: 300 sec this turn | 300 sec total | 60 sec grace\n|inactive|p0x291647c3 also wants the timer to be on.\n|\n|t:|1783572620\n|move|p2a: Tatsugiri|Nasty Plot|p2a: Tatsugiri\n|-boost|p2a: Tatsugiri|spa|2\n|move|p1a: Ariados|Sticky Web|p2a: Tatsugiri\n|-sidestart|p2: p0y2916f459|move: Sticky Web\n|\n|upkeep\n|turn|2\n|inactive|Time left: 300 sec this turn | 300 sec total\n|\n|t:|1783572621\n|move|p2a: Tatsugiri|Draco Meteor|p1a: Ariados\n|-enditem|p1a: Ariados|Focus Sash\n|-damage|p1a: Ariados|1/287\n|-unboost|p2a: Tatsugiri|spa|2\n|move|p1a: Ariados|Megahorn|p2a: Tatsugiri\n|-damage|p2a: Tatsugiri|26/100\n|\n|upkeep\n|turn|3\n|inactive|Time left: 300 sec this turn | 300 sec total\n|\n|t:|1783572622\n|-terastallize|p1a: Ariados|Ghost\n|move|p2a: Tatsugiri|Surf|p1a: Ariados\n|-damage|p1a: Ariados|0 fnt\n|faint|p1a: Ariados\n|\n|upkeep\n|inactive|Time left: 300 sec this turn | 300 sec total | 5 sec grace\n|\n|t:|1783572623\n|switch|p1a: Squawkabilly|Squawkabilly, L85, F|278/278\n|turn|4\n|inactive|Time left: 300 sec this turn | 300 sec total\n|\n|t:|1783572624\n|switch|p2a: Excadrill|Excadrill, L79, M|100/100\n|-activate|p2a: Excadrill|move: Sticky Web\n|-unboost|p2a: Excadrill|spe|1\n|-ability|p2a: Excadrill|Mold Breaker\n|move|p1a: Squawkabilly|Brave Bird|p2a: Excadrill\n|-resisted|p2a: Excadrill\n|-damage|p2a: Excadrill|73/100\n|-damage|p1a: Squawkabilly|250/278|[from] Recoil\n|\n|-heal|p2a: Excadrill|79/100|[from] item: Leftovers\n|-status|p1a: Squawkabilly|brn|[from] item: Flame Orb\n|upkeep\n|turn|5\n|inactive|Time left: 300 sec this turn | 300 sec total\n|\n|t:|1783572625\n|move|p1a: Squawkabilly|Facade|p2a: Excadrill\n|-resisted|p2a: Excadrill\n|-damage|p2a: Excadrill|22/100\n|move|p2a: Excadrill|Rapid Spin|p1a: Squawkabilly\n|-damage|p1a: Squawkabilly|191/278 brn\n|-boost|p2a: Excadrill|spe|1\n|-sideend|p2: p0y2916f459|Sticky Web|[from] move: Rapid Spin|[of] p2a: Excadrill\n|\n|-heal|p2a: Excadrill|28/100|[from] item: Leftovers\n|-damage|p1a: Squawkabilly|174/278 brn|[from] brn\n|upkeep\n|turn|6\n|inactive|Time left: 300 sec this turn | 300 sec total\n|\n|t:|1783572626\n|switch|p2a: Magearna|Magearna, L77|100/100\n|move|p1a: Squawkabilly|Facade|p2a: Magearna\n|-resisted|p2a: Magearna\n|-damage|p2a: Magearna|62/100\n|\n|-damage|p1a: Squawkabilly|157/278 brn|[from] brn\n|upkeep\n|turn|7\n|inactive|Time left: 300 sec this turn | 300 sec total\n|\n|t:|1783572628\n|move|p1a: Squawkabilly|Facade|p2a: Magearna\n|-resisted|p2a: Magearna\n|-damage|p2a: Magearna|25/100\n|move|p2a: Magearna|Fleur Cannon|p1a: Squawkabilly\n|-damage|p1a: Squawkabilly|0 fnt\n|-unboost|p2a: Magearna|spa|2\n|faint|p1a: Squawkabilly\n|-ability|p2a: Magearna|Soul-Heart|boost\n|-boost|p2a: Magearna|spa|1\n|\n|upkeep\n|inactive|Time left: 300 sec this turn | 300 sec total | 5 sec grace\n|\n|t:|1783572629\n|switch|p1a: Indeedee|Indeedee-F, L90, F|272/272\n|-fieldstart|move: Psychic Terrain|[from] ability: Psychic Surge|[of] p1a: Indeedee\n|turn|8\n|inactive|Time left: 300 sec this turn | 300 sec total\n|\n|t:|1783572630\n|move|p1a: Indeedee|Psychic|p2a: Magearna\n|-resisted|p2a: Magearna\n|-damage|p2a: Magearna|0 fnt\n|faint|p2a: Magearna\n|-damage|p1a: Indeedee|245/272|[from] item: Life Orb\n|\n|upkeep\n|\n|t:|1783572631\n|switch|p2a: Delphox|Delphox, L84, F|100/100\n|turn|9\n|inactive|Time left: 300 sec this turn | 300 sec total\n|\n|t:|1783572632\n|move|p2a: Delphox|Nasty Plot|p2a: Delphox\n|-boost|p2a: Delphox|spa|2\n|move|p1a: Indeedee|Calm Mind|p1a: Indeedee\n|-boost|p1a: Indeedee|spa|1\n|-boost|p1a: Indeedee|spd|1\n|\n|upkeep\n|turn|10\n|inactive|Time left: 300 sec this turn | 300 sec total\n|\n|t:|1783572633\n|move|p2a: Delphox|Psyshock|p1a: Indeedee\n|-resisted|p1a: Indeedee\n|-damage|p1a: Indeedee|107/272\n|move|p1a: Indeedee|Hyper Voice|p2a: Delphox\n|-damage|p2a: Delphox|27/100\n|-damage|p1a: Indeedee|80/272|[from] item: Life Orb\n|\n|upkeep\n|turn|11\n|inactive|Time left: 300 sec this turn | 300 sec total\n|\n|t:|1783572634\n|move|p2a: Delphox|Psyshock|p1a: Indeedee\n|-resisted|p1a: Indeedee\n|-damage|p1a: Indeedee|0 fnt\n|faint|p1a: Indeedee\n|\n|upkeep\n|inactive|Time left: 300 sec this turn | 300 sec total | 5 sec grace\n|\n|t:|1783572635\n|switch|p1a: Zarude|Zarude, L77|288/288\n|turn|12\n|inactive|Time left: 300 sec this turn | 300 sec total\n|\n|t:|1783572636\n|move|p1a: Zarude|Knock Off|p2a: Delphox\n|-supereffective|p2a: Delphox\n|-damage|p2a: Delphox|0 fnt\n|-enditem|p2a: Delphox|Heavy-Duty Boots|[from] move: Knock Off|[of] p1a: Zarude\n|faint|p2a: Delphox\n|\n|-fieldend|move: Psychic Terrain\n|upkeep\n|\n|t:|1783572637\n|switch|p2a: Beartic|Beartic, L91, M|100/100\n|turn|13\n|inactive|Time left: 300 sec this turn | 300 sec total\n|\n|t:|1783572638\n|move|p1a: Zarude|Knock Off|p2a: Beartic\n|-damage|p2a: Beartic|69/100\n|-enditem|p2a: Beartic|Heavy-Duty Boots|[from] move: Knock Off|[of] p1a: Zarude\n|move|p2a: Beartic|Icicle Crash|p1a: Zarude\n|-supereffective|p1a: Zarude\n|-damage|p1a: Zarude|16/288\n|\n|upkeep\n|turn|14\n|inactive|Time left: 300 sec this turn | 300 sec total\n|\n|t:|1783572639\n|move|p1a: Zarude|Knock Off|p2a: Beartic\n|-damage|p2a: Beartic|46/100\n|move|p2a: Beartic|Icicle Crash|p1a: Zarude\n|-supereffective|p1a: Zarude\n|-damage|p1a: Zarude|0 fnt\n|faint|p1a: Zarude\n|\n|upkeep\n|inactive|Time left: 300 sec this turn | 300 sec total | 5 sec grace\n|\n|t:|1783572640\n|switch|p1a: Magmortar|Magmortar, L88, F|275/275\n|turn|15\n|inactive|Time left: 300 sec this turn | 300 sec total\n|\n|t:|1783572641\n|move|p1a: Magmortar|Fire Blast|p2a: Beartic\n|-supereffective|p2a: Beartic\n|-damage|p2a: Beartic|0 fnt\n|faint|p2a: Beartic\n|\n|upkeep\n|\n|t:|1783572643\n|switch|p2a: Tatsugiri|Tatsugiri, L87, M|26/100\n|turn|16\n|inactive|Time left: 300 sec this turn | 300 sec total\n|\n|t:|1783572644\n|move|p1a: Magmortar|Knock Off|p2a: Tatsugiri\n|-crit|p2a: Tatsugiri\n|-damage|p2a: Tatsugiri|0 fnt\n|-enditem|p2a: Tatsugiri|Heavy-Duty Boots|[from] move: Knock Off|[of] p1a: Magmortar\n|faint|p2a: Tatsugiri\n|\n|upkeep\n|\n|t:|1783572645\n|switch|p2a: Banette|Banette, L93, F|100/100\n|turn|17\n|inactive|Time left: 300 sec this turn | 300 sec total\n|\n|t:|1783572646\n|-terastallize|p2a: Banette|Ghost\n|move|p1a: Magmortar|Knock Off|p2a: Banette\n|-supereffective|p2a: Banette\n|-damage|p2a: Banette|39/100\n|-start|p1a: Magmortar|Disable|Knock Off|[from] ability: Cursed Body|[of] p2a: Banette\n|-enditem|p2a: Banette|Life Orb|[from] move: Knock Off|[of] p1a: Magmortar\n|move|p2a: Banette|Poltergeist|p1a: Magmortar\n|-activate|p1a: Magmortar|move: Poltergeist|Heavy-Duty Boots\n|-damage|p1a: Magmortar|0 fnt\n|faint|p1a: Magmortar\n|\n|upkeep\n|inactive|Time left: 300 sec this turn | 300 sec total | 5 sec grace\n|\n|t:|1783572646\n|switch|p1a: Electrode|Electrode, L92|260/260\n|turn|18\n|inactive|Time left: 300 sec this turn | 300 sec total\n|\n|t:|1783572647\n|move|p1a: Electrode|Tera Blast|p2a: Banette\n|-immune|p2a: Banette\n|move|p2a: Banette|Poltergeist|p1a: Electrode\n|-activate|p1a: Electrode|move: Poltergeist|Life Orb\n|-crit|p1a: Electrode\n|-damage|p1a: Electrode|0 fnt\n|faint|p1a: Electrode\n|\n|win|p0y2916f459", "uploadtime": 1783572647, "views": 0, "rating": 0, "private": 0, "password": null, "_winner": "p0y2916f459", "_our_name": "p0x291647c3"}