{"id": "battle-gen9randombattle-1561", "formatid": "gen9randombattle", "format": "[Gen 9] Random Battle", "players": ["p0x1561b2d3", "p0y15610386"], "log": "|init|battle\n|title|p0x1561b2d3 vs. p0y15610386\n|j|\u2606p0x1561b2d3\n|j|\u2606p0y15610386\n|t:|1783557265\n|gametype|singles\n|player|p1|p0x1561b2d3|102|\n|player|p2|p0y15610386|102|\n|gen|9\n|tier|[Gen 9] Random Battle\n|rule|Species Clause: Limit one of each Pok\u00e9mon\n|rule|HP Percentage Mod: HP is shown in percentages\n|rule|Sleep Clause Mod: Limit one foe put to sleep\n|rule|Illusion Level Mod: Illusion disguises the Pok\u00e9mon's true level\n|\n|t:|1783557265\n|teamsize|p1|6\n|teamsize|p2|6\n|start\n|switch|p1a: Baxcalibur|Baxcalibur, L75, M|100/100\n|switch|p2a: Typhlosion|Typhlosion-Hisui, L83, M|257/257\n|turn|1\n|inactive|Battle timer is ON: inactive players will automatically lose when time's up. (requested by p0y15610386)\n|inactive|p0x1561b2d3 also wants the timer to be on.\n|\n|t:|1783557267\n|move|p2a: Typhlosion|Shadow Ball|p1a: Baxcalibur\n|-damage|p1a: Baxcalibur|66/100\n|move|p1a: Baxcalibur|Glaive Rush|p2a: Typhlosion\n|-damage|p2a: Typhlosion|107/257\n|-singlemove|p1a: Baxcalibur|Glaive Rush|[silent]\n|\n|upkeep\n|turn|2\n|inactive|Time left: 300 sec this turn | 300 sec total\n|\n|t:|1783557268\n|switch|p1a: Sunflora|Sunflora, F|100/100\n|move|p2a: Typhlosion|Shadow Ball|p1a: Sunflora\n|-damage|p1a: Sunflora|75/100\n|\n|upkeep\n|turn|3\n|inactive|Time left: 300 sec this turn | 300 sec total\n|\n|t:|1783557269\n|move|p2a: Typhlosion|Fire Blast|p1a: Sunflora\n|-supereffective|p1a: Sunflora\n|-damage|p1a: Sunflora|2/100\n|-status|p1a: Sunflora|brn\n|move|p1a: Sunflora|Earth Power|p2a: Typhlosion\n|-supereffective|p2a: Typhlosion\n|-damage|p2a: Typhlosion|0 fnt\n|faint|p2a: Typhlosion\n|\n|-damage|p1a: Sunflora|0 fnt|[from] brn\n|faint|p1a: Sunflora\n|upkeep\n|inactive|Time left: 300 sec this turn | 300 sec total | 5 sec grace\n|\n|t:|1783557269\n|switch|p2a: Dragonite|Dragonite, L74, F|257/257\n|switch|p1a: Galvantula|Galvantula, L82, F|100/100\n|turn|4\n|inactive|Time left: 300 sec this turn | 300 sec total\n|\n|t:|1783557271\n|move|p1a: Galvantula|Sticky Web|p2a: Dragonite\n|-sidestart|p2: p0y15610386|move: Sticky Web\n|move|p2a: Dragonite|Outrage|p1a: Galvantula\n|-damage|p1a: Galvantula|32/100\n|\n|upkeep\n|turn|5\n|inactive|Time left: 300 sec this turn | 300 sec total\n|\n|t:|1783557272\n|move|p1a: Galvantula|Thunder|p2a: Dragonite\n|-damage|p2a: Dragonite|203/257\n|move|p2a: Dragonite|Outrage|p1a: Galvantula|[from] lockedmove\n|-damage|p1a: Galvantula|0 fnt\n|faint|p1a: Galvantula\n|-start|p2a: Dragonite|confusion|[fatigue]\n|\n|upkeep\n|\n|t:|1783557273\n|switch|p1a: Malamar|Malamar, L82, F|100/100\n|turn|6\n|inactive|Time left: 300 sec this turn | 300 sec total\n|\n|t:|1783557274\n|switch|p2a: Galvantula|Galvantula, L82, M|249/249\n|move|p1a: Malamar|Superpower|p2a: Galvantula\n|-resisted|p2a: Galvantula\n|-damage|p2a: Galvantula|202/249\n|-boost|p1a: Malamar|atk|1\n|-boost|p1a: Malamar|def|1\n|\n|upkeep\n|turn|7\n|inactive|Time left: 300 sec this turn | 300 sec total\n|\n|t:|1783557275\n|-terastallize|p1a: Malamar|Steel\n|move|p2a: Galvantula|Bug Buzz|p1a: Malamar\n|-resisted|p1a: Malamar\n|-damage|p1a: Malamar|82/100\n|move|p1a: Malamar|Knock Off|p2a: Galvantula\n|-damage|p2a: Galvantula|3/249\n|-enditem|p2a: Galvantula|Heavy-Duty Boots|[from] move: Knock Off|[of] p1a: Malamar\n|\n|upkeep\n|turn|8\n|inactive|Time left: 300 sec this turn | 300 sec total\n|\n|t:|1783557276\n|move|p2a: Galvantula|Thunder|p1a: Malamar\n|-damage|p1a: Malamar|38/100\n|move|p1a: Malamar|Superpower|p2a: Galvantula\n|-resisted|p2a: Galvantula\n|-damage|p2a: Galvantula|0 fnt\n|-boost|p1a: Malamar|atk|1\n|-boost|p1a: Malamar|def|1\n|faint|p2a: Galvantula\n|\n|upkeep\n|inactive|Time left: 300 sec this turn | 300 sec total | 5 sec grace\n|\n|t:|1783557277\n|switch|p2a: Breloom|Breloom, L83, M|235/235\n|-activate|p2a: Breloom|move: Sticky Web\n|-unboost|p2a: Breloom|spe|1\n|turn|9\n|inactive|Time left: 300 sec this turn | 300 sec total\n|\n|t:|1783557278\n|move|p2a: Breloom|Mach Punch|p1a: Malamar\n|-supereffective|p1a: Malamar\n|-damage|p1a: Malamar|0 fnt\n|faint|p1a: Malamar\n|-damage|p2a: Breloom|212/235|[from] item: Life Orb\n|\n|upkeep\n|\n|t:|1783557279\n|switch|p1a: Dialga|Dialga, L73|100/100\n|-ability|p1a: Dialga|Pressure\n|turn|10\n|inactive|Time left: 300 sec this turn | 300 sec total\n|\n|t:|1783557280\n|move|p2a: Breloom|Mach Punch|p1a: Dialga\n|-supereffective|p1a: Dialga\n|-damage|p1a: Dialga|36/100\n|-damage|p2a: Breloom|189/235|[from] item: Life Orb\n|move|p1a: Dialga|Heavy Slam|p2a: Breloom\n|-damage|p2a: Breloom|72/235\n|\n|-heal|p1a: Dialga|42/100|[from] item: Leftovers\n|upkeep\n|turn|11\n|inactive|Time left: 300 sec this turn | 300 sec total\n|\n|t:|1783557282\n|move|p2a: Breloom|Mach Punch|p1a: Dialga\n|-supereffective|p1a: Dialga\n|-damage|p1a: Dialga|0 fnt\n|faint|p1a: Dialga\n|-damage|p2a: Breloom|49/235|[from] item: Life Orb\n|\n|upkeep\n|\n|t:|1783557283\n|switch|p1a: Sandy Shocks|Sandy Shocks, L80|100/100\n|turn|12\n|inactive|Time left: 300 sec this turn | 300 sec total\n|\n|t:|1783557284\n|switch|p2a: Ting-Lu|Ting-Lu, L78|370/370\n|-activate|p2a: Ting-Lu|move: Sticky Web\n|-unboost|p2a: Ting-Lu|spe|1\n|-ability|p2a: Ting-Lu|Vessel of Ruin\n|move|p1a: Sandy Shocks|Volt Switch|p2a: Ting-Lu\n|-immune|p2a: Ting-Lu\n|\n|upkeep\n|turn|13\n|inactive|Time left: 300 sec this turn | 300 sec total\n|\n|t:|1783557285\n|move|p1a: Sandy Shocks|Earth Power|p2a: Ting-Lu\n|-damage|p2a: Ting-Lu|273/370\n|move|p2a: Ting-Lu|Earthquake|p1a: Sandy Shocks\n|-supereffective|p1a: Sandy Shocks\n|-damage|p1a: Sandy Shocks|31/100\n|\n|-heal|p2a: Ting-Lu|296/370|[from] item: Leftovers\n|upkeep\n|turn|14\n|inactive|Time left: 300 sec this turn | 300 sec total\n|\n|t:|1783557286\n|move|p1a: Sandy Shocks|Earth Power|p2a: Ting-Lu\n|-damage|p2a: Ting-Lu|202/370\n|move|p2a: Ting-Lu|Earthquake|p1a: Sandy Shocks\n|-supereffective|p1a: Sandy Shocks\n|-damage|p1a: Sandy Shocks|0 fnt\n|faint|p1a: Sandy Shocks\n|-end|p1a: Sandy Shocks|Protosynthesis|[silent]\n|\n|-heal|p2a: Ting-Lu|225/370|[from] item: Leftovers\n|upkeep\n|\n|t:|1783557287\n|switch|p1a: Baxcalibur|Baxcalibur, L75, M|66/100\n|turn|15\n|inactive|Time left: 300 sec this turn | 300 sec total\n|\n|t:|1783557288\n|move|p1a: Baxcalibur|Icicle Crash|p2a: Ting-Lu\n|-supereffective|p2a: Ting-Lu\n|-damage|p2a: Ting-Lu|69/370\n|move|p2a: Ting-Lu|Earthquake|p1a: Baxcalibur\n|-damage|p1a: Baxcalibur|26/100\n|\n|-heal|p2a: Ting-Lu|92/370|[from] item: Leftovers\n|upkeep\n|turn|16\n|inactive|Time left: 300 sec this turn | 300 sec total\n|\n|t:|1783557289\n|-terastallize|p2a: Ting-Lu|Ghost\n|move|p1a: Baxcalibur|Icicle Crash|p2a: Ting-Lu\n|-damage|p2a: Ting-Lu|4/370\n|move|p2a: Ting-Lu|Payback|p1a: Baxcalibur\n|-crit|p1a: Baxcalibur\n|-damage|p1a: Baxcalibur|0 fnt\n|faint|p1a: Baxcalibur\n|\n|win|p0y15610386", "uploadtime": 1783557289, "views": 0, "rating": 0, "private": 0, "password": null, "_winner": "p0y15610386", "_our_name": "p0y15610386"}