{"id": "battle-gen9randombattle-624", "formatid": "gen9randombattle", "format": "[Gen 9] Random Battle", "players": ["p0x62495e5", "p0y624866b"], "log": "|init|battle\n|title|p0x62495e5 vs. p0y624866b\n|j|\u2606p0x62495e5\n|j|\u2606p0y624866b\n|t:|1783547062\n|gametype|singles\n|player|p1|p0x62495e5|102|\n|player|p2|p0y624866b|1|\n|gen|9\n|tier|[Gen 9] Random Battle\n|rule|Species Clause: Limit one of each Pok\u00e9mon\n|rule|HP Percentage Mod: HP is shown in percentages\n|rule|Sleep Clause Mod: Limit one foe put to sleep\n|rule|Illusion Level Mod: Illusion disguises the Pok\u00e9mon's true level\n|\n|t:|1783547062\n|teamsize|p1|6\n|teamsize|p2|6\n|start\n|switch|p1a: Cyclizar|Cyclizar, L84, F|100/100\n|switch|p2a: Bombirdier|Bombirdier, L85, F|258/258\n|turn|1\n|inactive|Battle timer is ON: inactive players will automatically lose when time's up. (requested by p0y624866b)\n|inactive|p0x62495e5 also wants the timer to be on.\n|\n|t:|1783547064\n|move|p1a: Cyclizar|Shed Tail|p1a: Cyclizar\n|-start|p1a: Cyclizar|Substitute|[from] move: Shed Tail\n|-damage|p1a: Cyclizar|50/100\n|\n|t:|1783547065\n|switch|p1a: Crawdaunt|Crawdaunt, L84, M|100/100|[from] Shed Tail\n|move|p2a: Bombirdier|Knock Off|p1a: Crawdaunt\n|-resisted|p1a: Crawdaunt\n|-activate|p1a: Crawdaunt|move: Substitute|[damage]\n|\n|upkeep\n|turn|2\n|inactive|Time left: 300 sec this turn | 300 sec total\n|\n|t:|1783547066\n|move|p2a: Bombirdier|U-turn|p1a: Crawdaunt\n|-supereffective|p1a: Crawdaunt\n|-end|p1a: Crawdaunt|Substitute\n|inactive|Time left: 300 sec this turn | 300 sec total | 5 sec grace\n|\n|t:|1783547067\n|switch|p2a: Porygon2|Porygon2, L81|270/270|[from] U-turn\n|-ability|p2a: Porygon2|Download|boost\n|-boost|p2a: Porygon2|spa|1\n|move|p1a: Crawdaunt|Dragon Dance|p1a: Crawdaunt\n|-boost|p1a: Crawdaunt|atk|1\n|-boost|p1a: Crawdaunt|spe|1\n|\n|upkeep\n|turn|3\n|inactive|Time left: 300 sec this turn | 300 sec total\n|\n|t:|1783547068\n|move|p1a: Crawdaunt|Crabhammer|p2a: Porygon2|[miss]\n|-miss|p1a: Crawdaunt|p2a: Porygon2\n|move|p2a: Porygon2|Discharge|p1a: Crawdaunt\n|-supereffective|p1a: Crawdaunt\n|-damage|p1a: Crawdaunt|2/100\n|\n|upkeep\n|turn|4\n|inactive|Time left: 300 sec this turn | 300 sec total\n|\n|t:|1783547070\n|move|p1a: Crawdaunt|Knock Off|p2a: Porygon2\n|-damage|p2a: Porygon2|59/270\n|-enditem|p2a: Porygon2|Eviolite|[from] move: Knock Off|[of] p1a: Crawdaunt\n|-damage|p1a: Crawdaunt|0 fnt|[from] item: Life Orb\n|faint|p1a: Crawdaunt\n|move|p2a: Porygon2|Recover|p2a: Porygon2\n|-heal|p2a: Porygon2|194/270\n|\n|upkeep\n|\n|t:|1783547071\n|switch|p1a: Spidops|Spidops, L96, F|100/100\n|turn|5\n|inactive|Time left: 300 sec this turn | 300 sec total\n|\n|t:|1783547072\n|move|p2a: Porygon2|Ice Beam|p1a: Spidops\n|-damage|p1a: Spidops|71/100\n|move|p1a: Spidops|Sticky Web|p2a: Porygon2\n|-sidestart|p2: p0y624866b|move: Sticky Web\n|\n|upkeep\n|turn|6\n|inactive|Time left: 300 sec this turn | 300 sec total\n|\n|t:|1783547073\n|switch|p1a: Magmortar|Magmortar, L88, F|100/100\n|move|p2a: Porygon2|Tri Attack|p1a: Magmortar\n|-damage|p1a: Magmortar|58/100\n|\n|upkeep\n|turn|7\n|inactive|Time left: 300 sec this turn | 300 sec total\n|\n|t:|1783547074\n|move|p1a: Magmortar|Focus Blast|p2a: Porygon2\n|-supereffective|p2a: Porygon2\n|-damage|p2a: Porygon2|0 fnt\n|faint|p2a: Porygon2\n|\n|upkeep\n|inactive|Time left: 300 sec this turn | 300 sec total | 5 sec grace\n|\n|t:|1783547075\n|switch|p2a: Armarouge|Armarouge, L80, M|267/267\n|-activate|p2a: Armarouge|move: Sticky Web\n|-unboost|p2a: Armarouge|spe|1\n|turn|8\n|inactive|Time left: 300 sec this turn | 300 sec total\n|\n|t:|1783547076\n|move|p1a: Magmortar|Knock Off|p2a: Armarouge\n|-supereffective|p2a: Armarouge\n|-damage|p2a: Armarouge|137/267\n|-ability|p2a: Armarouge|Weak Armor|boost\n|-unboost|p2a: Armarouge|def|1\n|-boost|p2a: Armarouge|spe|2\n|-enditem|p2a: Armarouge|Power Herb|[from] move: Knock Off|[of] p1a: Magmortar\n|move|p2a: Armarouge|Meteor Beam||[still]\n|-prepare|p2a: Armarouge|Meteor Beam\n|-boost|p2a: Armarouge|spa|1\n|\n|upkeep\n|turn|9\n|inactive|Time left: 300 sec this turn | 300 sec total\n|\n|t:|1783547078\n|-terastallize|p1a: Magmortar|Fighting\n|move|p2a: Armarouge|Meteor Beam|p1a: Magmortar|[from] lockedmove\n|-resisted|p1a: Magmortar\n|-damage|p1a: Magmortar|34/100\n|move|p1a: Magmortar|Knock Off|p2a: Armarouge\n|-supereffective|p2a: Armarouge\n|-damage|p2a: Armarouge|0 fnt\n|faint|p2a: Armarouge\n|\n|upkeep\n|inactive|Time left: 300 sec this turn | 300 sec total | 5 sec grace\n|\n|t:|1783547079\n|switch|p2a: Manaphy|Manaphy, L78|284/284\n|-activate|p2a: Manaphy|move: Sticky Web\n|-unboost|p2a: Manaphy|spe|1\n|turn|10\n|inactive|Time left: 300 sec this turn | 300 sec total\n|\n|t:|1783547080\n|move|p1a: Magmortar|Focus Blast|p2a: Manaphy\n|-damage|p2a: Manaphy|115/284\n|move|p2a: Manaphy|Tail Glow|p2a: Manaphy\n|-boost|p2a: Manaphy|spa|3\n|\n|-heal|p2a: Manaphy|132/284|[from] item: Leftovers\n|upkeep\n|turn|11\n|inactive|Time left: 300 sec this turn | 300 sec total\n|\n|t:|1783547081\n|move|p1a: Magmortar|Focus Blast|p2a: Manaphy\n|-crit|p2a: Manaphy\n|-damage|p2a: Manaphy|0 fnt\n|faint|p2a: Manaphy\n|\n|upkeep\n|inactive|Time left: 300 sec this turn | 300 sec total | 5 sec grace\n|\n|t:|1783547082\n|switch|p2a: Calyrex|Calyrex-Ice, L72|263/263\n|-ability|p2a: Calyrex|As One\n|-ability|p2a: Calyrex|Unnerve\n|-activate|p2a: Calyrex|move: Sticky Web\n|-unboost|p2a: Calyrex|spe|1\n|turn|12\n|inactive|Time left: 300 sec this turn | 300 sec total\n|\n|t:|1783547083\n|move|p1a: Magmortar|Fire Blast|p2a: Calyrex\n|-supereffective|p2a: Calyrex\n|-damage|p2a: Calyrex|0 fnt\n|faint|p2a: Calyrex\n|\n|upkeep\n|inactive|Time left: 300 sec this turn | 300 sec total | 5 sec grace\n|\n|t:|1783547084\n|switch|p2a: Bombirdier|Bombirdier, L85, F|258/258\n|turn|13\n|inactive|Time left: 300 sec this turn | 300 sec total\n|\n|t:|1783547085\n|move|p1a: Magmortar|Fire Blast|p2a: Bombirdier\n|-damage|p2a: Bombirdier|92/258\n|-status|p2a: Bombirdier|brn\n|move|p2a: Bombirdier|Brave Bird|p1a: Magmortar\n|-supereffective|p1a: Magmortar\n|-damage|p1a: Magmortar|0 fnt\n|faint|p1a: Magmortar\n|-damage|p2a: Bombirdier|62/258 brn|[from] Recoil\n|\n|-damage|p2a: Bombirdier|46/258 brn|[from] brn\n|upkeep\n|\n|t:|1783547086\n|switch|p1a: Donphan|Donphan, L84, F|100/100\n|turn|14\n|inactive|Time left: 300 sec this turn | 300 sec total\n|\n|t:|1783547087\n|move|p2a: Bombirdier|Knock Off|p1a: Donphan\n|-damage|p1a: Donphan|86/100\n|-enditem|p1a: Donphan|Choice Band|[from] move: Knock Off|[of] p2a: Bombirdier\n|move|p1a: Donphan|Earthquake|p2a: Bombirdier\n|-immune|p2a: Bombirdier\n|\n|-damage|p2a: Bombirdier|30/258 brn|[from] brn\n|upkeep\n|turn|15\n|inactive|Time left: 300 sec this turn | 300 sec total\n|\n|t:|1783547088\n|move|p1a: Donphan|Ice Shard|p2a: Bombirdier\n|-supereffective|p2a: Bombirdier\n|-damage|p2a: Bombirdier|0 fnt\n|faint|p2a: Bombirdier\n|\n|upkeep\n|inactive|Time left: 300 sec this turn | 300 sec total | 5 sec grace\n|\n|t:|1783547089\n|switch|p2a: Pachirisu|Pachirisu, L96, F|271/271\n|turn|16\n|inactive|Time left: 300 sec this turn | 300 sec total\n|\n|t:|1783547090\n|move|p2a: Pachirisu|Encore|p1a: Donphan\n|-start|p1a: Donphan|Encore\n|move|p1a: Donphan|Ice Shard|p2a: Pachirisu\n|-damage|p2a: Pachirisu|233/271\n|\n|upkeep\n|turn|17\n|inactive|Time left: 300 sec this turn | 300 sec total\n|\n|t:|1783547091\n|switch|p1a: Cyclizar|Cyclizar, L84, F|84/100\n|move|p2a: Pachirisu|Super Fang|p1a: Cyclizar\n|-damage|p1a: Cyclizar|42/100\n|\n|upkeep\n|turn|18\n|inactive|Time left: 300 sec this turn | 300 sec total\n|\n|t:|1783547092\n|switch|p1a: Donphan|Donphan, L84, F|86/100\n|move|p2a: Pachirisu|Discharge|p1a: Donphan\n|-immune|p1a: Donphan\n|\n|upkeep\n|turn|19\n|inactive|Time left: 300 sec this turn | 300 sec total\n|\n|t:|1783547093\n|move|p2a: Pachirisu|Super Fang|p1a: Donphan\n|-damage|p1a: Donphan|43/100\n|move|p1a: Donphan|Ice Spinner|p2a: Pachirisu\n|-damage|p2a: Pachirisu|164/271\n|\n|upkeep\n|turn|20\n|inactive|Time left: 300 sec this turn | 300 sec total\n|\n|t:|1783547094\n|move|p2a: Pachirisu|Encore|p1a: Donphan\n|-start|p1a: Donphan|Encore\n|move|p1a: Donphan|Ice Spinner|p2a: Pachirisu\n|-damage|p2a: Pachirisu|91/271\n|\n|upkeep\n|turn|21\n|inactive|Time left: 300 sec this turn | 300 sec total\n|\n|t:|1783547095\n|move|p2a: Pachirisu|U-turn|p1a: Donphan\n|-damage|p1a: Donphan|32/100\n|move|p1a: Donphan|Ice Spinner|p2a: Pachirisu\n|-crit|p2a: Pachirisu\n|-damage|p2a: Pachirisu|0 fnt\n|faint|p2a: Pachirisu\n|\n|win|p0x62495e5", "uploadtime": 1783547095, "views": 0, "rating": 0, "private": 0, "password": null, "_winner": "p0x62495e5", "_our_name": "p0y624866b"}