{"id": "battle-gen9randombattle-1390", "formatid": "gen9randombattle", "format": "[Gen 9] Random Battle", "players": ["p0x13900919", "p0y1390ff2f"], "log": "|init|battle\n|title|p0x13900919 vs. p0y1390ff2f\n|j|\u2606p0x13900919\n|j|\u2606p0y1390ff2f\n|t:|1783555232\n|gametype|singles\n|player|p1|p0x13900919|102|\n|player|p2|p0y1390ff2f|102|\n|gen|9\n|tier|[Gen 9] Random Battle\n|rule|Species Clause: Limit one of each Pok\u00e9mon\n|rule|HP Percentage Mod: HP is shown in percentages\n|rule|Sleep Clause Mod: Limit one foe put to sleep\n|rule|Illusion Level Mod: Illusion disguises the Pok\u00e9mon's true level\n|\n|t:|1783555232\n|teamsize|p1|6\n|teamsize|p2|6\n|start\n|switch|p1a: Meowscarada|Meowscarada, L78, F|247/247\n|switch|p2a: Bellibolt|Bellibolt, L84, F|100/100\n|turn|1\n|inactive|Battle timer is ON: inactive players will automatically lose when time's up. (requested by p0y1390ff2f)\n|inactive|Time left: 300 sec this turn | 300 sec total | 60 sec grace\n|inactive|p0x13900919 also wants the timer to be on.\n|\n|t:|1783555234\n|switch|p2a: Luxray|Luxray, L88, F|100/100\n|move|p1a: Meowscarada|Knock Off|p2a: Luxray\n|-start|p1a: Meowscarada|typechange|Dark|[from] ability: Protean\n|-damage|p2a: Luxray|66/100\n|-enditem|p2a: Luxray|Flame Orb|[from] move: Knock Off|[of] p1a: Meowscarada\n|\n|upkeep\n|turn|2\n|inactive|Time left: 300 sec this turn | 300 sec total\n|\n|t:|1783555235\n|switch|p1a: Kyurem|Kyurem, L77|319/319\n|-ability|p1a: Kyurem|Pressure\n|move|p2a: Luxray|Supercell Slam|p1a: Kyurem\n|-resisted|p1a: Kyurem\n|-damage|p1a: Kyurem|247/319\n|\n|upkeep\n|turn|3\n|inactive|Time left: 300 sec this turn | 300 sec total\n|\n|t:|1783555236\n|switch|p2a: Jirachi|Jirachi, L80|100/100\n|move|p1a: Kyurem|Outrage|p2a: Jirachi\n|-resisted|p2a: Jirachi\n|-damage|p2a: Jirachi|78/100\n|\n|-heal|p2a: Jirachi|84/100|[from] item: Leftovers\n|upkeep\n|turn|4\n|inactive|Time left: 300 sec this turn | 300 sec total\n|\n|t:|1783555238\n|move|p2a: Jirachi|Iron Head|p1a: Kyurem\n|-supereffective|p1a: Kyurem\n|-damage|p1a: Kyurem|73/319\n|cant|p1a: Kyurem|flinch\n|\n|-heal|p2a: Jirachi|90/100|[from] item: Leftovers\n|-start|p1a: Kyurem|confusion|[fatigue]\n|upkeep\n|turn|5\n|inactive|Time left: 300 sec this turn | 300 sec total\n|\n|t:|1783555239\n|switch|p1a: Drifblim|Drifblim, L86, M|398/398\n|move|p2a: Jirachi|Iron Head|p1a: Drifblim\n|-damage|p1a: Drifblim|271/398\n|\n|-heal|p2a: Jirachi|96/100|[from] item: Leftovers\n|upkeep\n|turn|6\n|inactive|Time left: 300 sec this turn | 300 sec total\n|\n|t:|1783555240\n|move|p2a: Jirachi|Iron Head|p1a: Drifblim\n|-damage|p1a: Drifblim|151/398\n|cant|p1a: Drifblim|flinch\n|\n|-heal|p2a: Jirachi|100/100|[from] item: Leftovers\n|upkeep\n|turn|7\n|inactive|Time left: 300 sec this turn | 300 sec total\n|\n|t:|1783555241\n|move|p2a: Jirachi|Iron Head|p1a: Drifblim\n|-damage|p1a: Drifblim|31/398\n|cant|p1a: Drifblim|flinch\n|\n|upkeep\n|turn|8\n|inactive|Time left: 300 sec this turn | 300 sec total\n|\n|t:|1783555242\n|move|p2a: Jirachi|Iron Head|p1a: Drifblim\n|-damage|p1a: Drifblim|0 fnt\n|-damage|p2a: Jirachi|76/100|[from] ability: Aftermath|[of] p1a: Drifblim\n|faint|p1a: Drifblim\n|\n|-heal|p2a: Jirachi|82/100|[from] item: Leftovers\n|upkeep\n|inactive|Time left: 300 sec this turn | 300 sec total | 5 sec grace\n|\n|t:|1783555243\n|switch|p1a: Meowscarada|Meowscarada, L78, F|247/247\n|turn|9\n|inactive|Time left: 300 sec this turn | 300 sec total\n|\n|t:|1783555244\n|move|p2a: Jirachi|Protect|p2a: Jirachi\n|-singleturn|p2a: Jirachi|Protect\n|move|p1a: Meowscarada|Knock Off|p2a: Jirachi\n|-start|p1a: Meowscarada|typechange|Dark|[from] ability: Protean\n|-activate|p2a: Jirachi|move: Protect\n|\n|-heal|p2a: Jirachi|88/100|[from] item: Leftovers\n|upkeep\n|turn|10\n|inactive|Time left: 300 sec this turn | 300 sec total\n|\n|t:|1783555245\n|switch|p2a: Kommo-o|Kommo-o, L77, M|100/100\n|move|p1a: Meowscarada|Knock Off|p2a: Kommo-o\n|-resisted|p2a: Kommo-o\n|-damage|p2a: Kommo-o|83/100\n|-enditem|p2a: Kommo-o|Loaded Dice|[from] move: Knock Off|[of] p1a: Meowscarada\n|\n|upkeep\n|turn|11\n|inactive|Time left: 300 sec this turn | 300 sec total\n|\n|t:|1783555246\n|move|p1a: Meowscarada|Toxic Spikes|p2a: Kommo-o\n|-sidestart|p2: p0y1390ff2f|move: Toxic Spikes\n|move|p2a: Kommo-o|Close Combat|p1a: Meowscarada\n|-supereffective|p1a: Meowscarada\n|-enditem|p1a: Meowscarada|Focus Sash\n|-damage|p1a: Meowscarada|1/247\n|-unboost|p2a: Kommo-o|def|1\n|-unboost|p2a: Kommo-o|spd|1\n|\n|upkeep\n|turn|12\n|inactive|Time left: 300 sec this turn | 300 sec total\n|\n|t:|1783555247\n|switch|p2a: Jirachi|Jirachi, L80|88/100\n|move|p1a: Meowscarada|Triple Axel|p2a: Jirachi\n|-resisted|p2a: Jirachi\n|-damage|p2a: Jirachi|86/100\n|-resisted|p2a: Jirachi\n|-damage|p2a: Jirachi|82/100\n|-resisted|p2a: Jirachi\n|-damage|p2a: Jirachi|75/100\n|-hitcount|p2a: Jirachi|3\n|\n|-heal|p2a: Jirachi|82/100|[from] item: Leftovers\n|upkeep\n|turn|13\n|inactive|Time left: 300 sec this turn | 300 sec total\n|\n|t:|1783555248\n|move|p2a: Jirachi|Protect|p2a: Jirachi\n|-singleturn|p2a: Jirachi|Protect\n|move|p1a: Meowscarada|Knock Off|p2a: Jirachi\n|-activate|p2a: Jirachi|move: Protect\n|\n|-heal|p2a: Jirachi|88/100|[from] item: Leftovers\n|upkeep\n|turn|14\n|inactive|Time left: 300 sec this turn | 300 sec total\n|\n|t:|1783555249\n|move|p1a: Meowscarada|Knock Off|p2a: Jirachi\n|-supereffective|p2a: Jirachi\n|-damage|p2a: Jirachi|23/100\n|-enditem|p2a: Jirachi|Leftovers|[from] move: Knock Off|[of] p1a: Meowscarada\n|move|p2a: Jirachi|Iron Head|p1a: Meowscarada\n|-damage|p1a: Meowscarada|0 fnt\n|faint|p1a: Meowscarada\n|\n|upkeep\n|inactive|Time left: 300 sec this turn | 300 sec total | 5 sec grace\n|\n|t:|1783555250\n|switch|p1a: Haxorus|Haxorus, L77, M|244/244\n|-ability|p1a: Haxorus|Mold Breaker\n|turn|15\n|inactive|Time left: 300 sec this turn | 300 sec total\n|\n|t:|1783555251\n|move|p2a: Jirachi|Iron Head|p1a: Haxorus\n|-damage|p1a: Haxorus|157/244\n|cant|p1a: Haxorus|flinch\n|\n|upkeep\n|turn|16\n|inactive|Time left: 300 sec this turn | 300 sec total\n|\n|t:|1783555253\n|move|p2a: Jirachi|Iron Head|p1a: Haxorus\n|-damage|p1a: Haxorus|76/244\n|cant|p1a: Haxorus|flinch\n|\n|upkeep\n|turn|17\n|inactive|Time left: 300 sec this turn | 300 sec total\n|\n|t:|1783555254\n|move|p2a: Jirachi|Iron Head|p1a: Haxorus\n|-damage|p1a: Haxorus|0 fnt\n|faint|p1a: Haxorus\n|\n|upkeep\n|inactive|Time left: 300 sec this turn | 300 sec total | 5 sec grace\n|\n|t:|1783555255\n|switch|p1a: Sylveon|Sylveon, L85, M|300/300\n|turn|18\n|inactive|Time left: 300 sec this turn | 300 sec total\n|\n|t:|1783555256\n|-terastallize|p1a: Sylveon|Steel\n|move|p2a: Jirachi|Iron Head|p1a: Sylveon\n|-resisted|p1a: Sylveon\n|-damage|p1a: Sylveon|251/300\n|move|p1a: Sylveon|Calm Mind|p1a: Sylveon\n|-boost|p1a: Sylveon|spa|1\n|-boost|p1a: Sylveon|spd|1\n|\n|-heal|p1a: Sylveon|269/300|[from] item: Leftovers\n|upkeep\n|turn|19\n|inactive|Time left: 300 sec this turn | 300 sec total\n|\n|t:|1783555257\n|switch|p2a: Kommo-o|Kommo-o, L77, M|83/100\n|-status|p2a: Kommo-o|psn\n|move|p1a: Sylveon|Hyper Voice|p2a: Kommo-o\n|-immune|p2a: Kommo-o|[from] ability: Soundproof\n|\n|-heal|p1a: Sylveon|287/300|[from] item: Leftovers\n|-damage|p2a: Kommo-o|70/100 psn|[from] psn\n|upkeep\n|turn|20\n|inactive|Time left: 300 sec this turn | 300 sec total\n|\n|t:|1783555258\n|move|p1a: Sylveon|Protect|p1a: Sylveon\n|-singleturn|p1a: Sylveon|Protect\n|move|p2a: Kommo-o|Swords Dance|p2a: Kommo-o\n|-boost|p2a: Kommo-o|atk|2\n|\n|-heal|p1a: Sylveon|300/300|[from] item: Leftovers\n|-damage|p2a: Kommo-o|58/100 psn|[from] psn\n|upkeep\n|turn|21\n|inactive|Time left: 300 sec this turn | 300 sec total\n|\n|t:|1783555259\n|move|p1a: Sylveon|Protect|p1a: Sylveon\n|-singleturn|p1a: Sylveon|Protect\n|move|p2a: Kommo-o|Close Combat|p1a: Sylveon\n|-activate|p1a: Sylveon|move: Protect\n|\n|-damage|p2a: Kommo-o|46/100 psn|[from] psn\n|upkeep\n|turn|22\n|inactive|Time left: 300 sec this turn | 300 sec total\n|\n|t:|1783555260\n|move|p2a: Kommo-o|Close Combat|p1a: Sylveon\n|-supereffective|p1a: Sylveon\n|-damage|p1a: Sylveon|0 fnt\n|-unboost|p2a: Kommo-o|def|1\n|-unboost|p2a: Kommo-o|spd|1\n|faint|p1a: Sylveon\n|\n|-damage|p2a: Kommo-o|33/100 psn|[from] psn\n|upkeep\n|inactive|Time left: 300 sec this turn | 300 sec total | 5 sec grace\n|\n|t:|1783555261\n|switch|p1a: Kyurem|Kyurem, L77|73/319\n|-ability|p1a: Kyurem|Pressure\n|turn|23\n|inactive|Time left: 300 sec this turn | 300 sec total\n|\n|t:|1783555262\n|move|p1a: Kyurem|Outrage|p2a: Kommo-o\n|-supereffective|p2a: Kommo-o\n|-damage|p2a: Kommo-o|0 fnt\n|faint|p2a: Kommo-o\n|\n|upkeep\n|\n|t:|1783555263\n|switch|p2a: Jirachi|Jirachi, L80|23/100\n|turn|24\n|inactive|Time left: 300 sec this turn | 300 sec total\n|\n|t:|1783555264\n|move|p2a: Jirachi|Iron Head|p1a: Kyurem\n|-supereffective|p1a: Kyurem\n|-damage|p1a: Kyurem|0 fnt\n|faint|p1a: Kyurem\n|\n|upkeep\n|inactive|Time left: 300 sec this turn | 300 sec total | 5 sec grace\n|\n|t:|1783555265\n|switch|p1a: Beartic|Beartic, L91, M|321/321\n|turn|25\n|inactive|Time left: 300 sec this turn | 300 sec total\n|\n|t:|1783555266\n|move|p2a: Jirachi|Iron Head|p1a: Beartic\n|-supereffective|p1a: Beartic\n|-damage|p1a: Beartic|147/321\n|move|p1a: Beartic|Snowscape|p1a: Beartic\n|-weather|Snowscape\n|\n|-weather|Snowscape|[upkeep]\n|upkeep\n|turn|26\n|inactive|Time left: 300 sec this turn | 300 sec total\n|\n|t:|1783555267\n|move|p1a: Beartic|Swords Dance|p1a: Beartic\n|-boost|p1a: Beartic|atk|2\n|move|p2a: Jirachi|Iron Head|p1a: Beartic\n|-supereffective|p1a: Beartic\n|-damage|p1a: Beartic|31/321\n|\n|-weather|Snowscape|[upkeep]\n|upkeep\n|turn|27\n|inactive|Time left: 300 sec this turn | 300 sec total\n|\n|t:|1783555268\n|move|p1a: Beartic|Close Combat|p2a: Jirachi\n|-damage|p2a: Jirachi|0 fnt\n|-unboost|p1a: Beartic|def|1\n|-unboost|p1a: Beartic|spd|1\n|faint|p2a: Jirachi\n|\n|-weather|Snowscape|[upkeep]\n|upkeep\n|\n|t:|1783555269\n|switch|p2a: Dragonite|Dragonite, L74, F|100/100\n|turn|28\n|inactive|Time left: 300 sec this turn | 300 sec total\n|\n|t:|1783555270\n|-terastallize|p2a: Dragonite|Flying\n|move|p1a: Beartic|Icicle Crash|p2a: Dragonite\n|-supereffective|p2a: Dragonite\n|-crit|p2a: Dragonite\n|-damage|p2a: Dragonite|0 fnt\n|faint|p2a: Dragonite\n|\n|-weather|Snowscape|[upkeep]\n|upkeep\n|\n|t:|1783555271\n|switch|p2a: Luxray|Luxray, L88, F|66/100\n|-status|p2a: Luxray|psn\n|turn|29\n|inactive|Time left: 300 sec this turn | 300 sec total\n|\n|t:|1783555272\n|move|p1a: Beartic|Close Combat|p2a: Luxray\n|-damage|p2a: Luxray|0 fnt\n|-unboost|p1a: Beartic|def|1\n|-unboost|p1a: Beartic|spd|1\n|faint|p2a: Luxray\n|\n|-weather|none\n|upkeep\n|\n|t:|1783555273\n|switch|p2a: Ludicolo|Ludicolo, L90, F|100/100\n|-status|p2a: Ludicolo|psn\n|turn|30\n|inactive|Time left: 300 sec this turn | 300 sec total\n|\n|t:|1783555274\n|move|p2a: Ludicolo|Ice Beam|p1a: Beartic\n|-resisted|p1a: Beartic\n|-damage|p1a: Beartic|0 fnt\n|faint|p1a: Beartic\n|-damage|p2a: Ludicolo|90/100 psn|[from] item: Life Orb\n|\n|win|p0y1390ff2f", "uploadtime": 1783555274, "views": 0, "rating": 0, "private": 0, "password": null, "_winner": "p0y1390ff2f", "_our_name": "p0x13900919"}