{"id": "battle-gen9randombattle-1227", "formatid": "gen9randombattle", "format": "[Gen 9] Random Battle", "players": ["p0x12274aef", "p0y12278910"], "log": "|init|battle\n|title|p0x12274aef vs. p0y12278910\n|j|\u2606p0x12274aef\n|j|\u2606p0y12278910\n|t:|1783553315\n|gametype|singles\n|player|p1|p0x12274aef|170|\n|player|p2|p0y12278910|1|\n|gen|9\n|tier|[Gen 9] Random Battle\n|rule|Species Clause: Limit one of each Pok\u00e9mon\n|rule|HP Percentage Mod: HP is shown in percentages\n|rule|Sleep Clause Mod: Limit one foe put to sleep\n|rule|Illusion Level Mod: Illusion disguises the Pok\u00e9mon's true level\n|\n|t:|1783553315\n|teamsize|p1|6\n|teamsize|p2|6\n|start\n|switch|p1a: Glaceon|Glaceon, L94, M|100/100\n|switch|p2a: Urshifu|Urshifu-Rapid-Strike, L75, M|274/274\n|turn|1\n|inactive|Battle timer is ON: inactive players will automatically lose when time's up. (requested by p0x12274aef)\n|inactive|Time left: 300 sec this turn | 300 sec total | 60 sec grace\n|inactive|p0y12278910 also wants the timer to be on.\n|\n|t:|1783553317\n|move|p2a: Urshifu|Close Combat|p1a: Glaceon\n|-supereffective|p1a: Glaceon\n|-damage|p1a: Glaceon|30/100\n|-unboost|p2a: Urshifu|def|1\n|-unboost|p2a: Urshifu|spd|1\n|move|p1a: Glaceon|Freeze-Dry|p2a: Urshifu\n|-supereffective|p2a: Urshifu\n|-damage|p2a: Urshifu|0 fnt\n|faint|p2a: Urshifu\n|\n|upkeep\n|inactive|Time left: 300 sec this turn | 300 sec total | 65 sec grace\n|\n|t:|1783553318\n|switch|p2a: Copperajah|Copperajah, L86, F|349/349\n|turn|2\n|inactive|Time left: 300 sec this turn | 300 sec total\n|\n|t:|1783553320\n|move|p1a: Glaceon|Mud Shot|p2a: Copperajah\n|-supereffective|p2a: Copperajah\n|-damage|p2a: Copperajah|201/349\n|-unboost|p2a: Copperajah|spe|1\n|move|p2a: Copperajah|Heavy Slam|p1a: Glaceon\n|-supereffective|p1a: Glaceon\n|-damage|p1a: Glaceon|0 fnt\n|faint|p1a: Glaceon\n|\n|upkeep\n|\n|t:|1783553321\n|switch|p1a: Lucario|Lucario, L84, M|100/100\n|turn|3\n|inactive|Time left: 300 sec this turn | 300 sec total\n|\n|t:|1783553322\n|move|p1a: Lucario|Aura Sphere|p2a: Copperajah\n|-supereffective|p2a: Copperajah\n|-damage|p2a: Copperajah|0 fnt\n|faint|p2a: Copperajah\n|-damage|p1a: Lucario|91/100|[from] item: Life Orb\n|\n|upkeep\n|inactive|Time left: 300 sec this turn | 300 sec total | 5 sec grace\n|\n|t:|1783553323\n|switch|p2a: Rhyperior|Rhyperior, L82, M|323/323\n|turn|4\n|inactive|Time left: 300 sec this turn | 300 sec total\n|\n|t:|1783553325\n|-terastallize|p1a: Lucario|Fighting\n|move|p1a: Lucario|Aura Sphere|p2a: Rhyperior\n|-supereffective|p2a: Rhyperior\n|-damage|p2a: Rhyperior|81/323\n|-damage|p1a: Lucario|81/100|[from] item: Life Orb\n|move|p2a: Rhyperior|Earthquake|p1a: Lucario\n|-crit|p1a: Lucario\n|-damage|p1a: Lucario|0 fnt\n|faint|p1a: Lucario\n|\n|upkeep\n|\n|t:|1783553326\n|switch|p1a: Basculegion|Basculegion, L80, M|100/100\n|turn|5\n|inactive|Time left: 300 sec this turn | 300 sec total\n|\n|t:|1783553327\n|switch|p2a: Overqwil|Overqwil, L82, M|274/274\n|-ability|p2a: Overqwil|Intimidate|boost\n|-unboost|p1a: Basculegion|atk|1\n|move|p1a: Basculegion|Wave Crash|p2a: Overqwil\n|-damage|p2a: Overqwil|156/274\n|-damage|p1a: Basculegion|88/100|[from] Recoil\n|\n|upkeep\n|turn|6\n|inactive|Time left: 300 sec this turn | 300 sec total\n|\n|t:|1783553328\n|move|p2a: Overqwil|Crunch|p1a: Basculegion\n|-supereffective|p1a: Basculegion\n|-damage|p1a: Basculegion|14/100\n|move|p1a: Basculegion|Flip Turn|p2a: Overqwil\n|-damage|p2a: Overqwil|96/274\n|\n|t:|1783553329\n|switch|p1a: Zacian|Zacian, L69|100/100|[from] Flip Turn\n|-ability|p1a: Zacian|Intrepid Sword|boost\n|-boost|p1a: Zacian|atk|1\n|\n|upkeep\n|turn|7\n|inactive|Time left: 300 sec this turn | 300 sec total\n|\n|t:|1783553330\n|move|p1a: Zacian|Play Rough|p2a: Overqwil\n|-damage|p2a: Overqwil|0 fnt\n|faint|p2a: Overqwil\n|-damage|p1a: Zacian|91/100|[from] item: Life Orb\n|\n|upkeep\n|inactive|Time left: 300 sec this turn | 300 sec total | 5 sec grace\n|\n|t:|1783553330\n|switch|p2a: Glalie|Glalie, L96, F|309/309\n|turn|8\n|inactive|Time left: 300 sec this turn | 300 sec total\n|\n|t:|1783553331\n|move|p1a: Zacian|Swords Dance|p1a: Zacian\n|-boost|p1a: Zacian|atk|2\n|move|p2a: Glalie|Freeze-Dry|p1a: Zacian\n|-damage|p1a: Zacian|57/100\n|-status|p1a: Zacian|frz\n|\n|upkeep\n|turn|9\n|inactive|Time left: 300 sec this turn | 300 sec total\n|\n|t:|1783553332\n|-curestatus|p1a: Zacian|frz|[msg]\n|move|p1a: Zacian|Play Rough|p2a: Glalie\n|-damage|p2a: Glalie|75/309\n|-damage|p1a: Zacian|47/100|[from] item: Life Orb\n|move|p2a: Glalie|Freeze-Dry|p1a: Zacian\n|-damage|p1a: Zacian|9/100\n|\n|upkeep\n|turn|10\n|inactive|Time left: 300 sec this turn | 300 sec total\n|\n|t:|1783553333\n|move|p1a: Zacian|Crunch|p2a: Glalie\n|-damage|p2a: Glalie|0 fnt\n|faint|p2a: Glalie\n|-damage|p1a: Zacian|0 fnt|[from] item: Life Orb\n|faint|p1a: Zacian\n|\n|upkeep\n|inactive|Time left: 300 sec this turn | 300 sec total | 5 sec grace\n|\n|t:|1783553334\n|switch|p1a: Minun|Minun, L95, F|100/100\n|switch|p2a: Swanna|Swanna, L89, M|278/278\n|turn|11\n|inactive|Time left: 300 sec this turn | 300 sec total\n|\n|t:|1783553335\n|-terastallize|p2a: Swanna|Ground\n|move|p1a: Minun|Nasty Plot|p1a: Minun\n|-boost|p1a: Minun|spa|2\n|move|p2a: Swanna|Hydro Pump|p1a: Minun\n|-damage|p1a: Minun|58/100\n|\n|upkeep\n|turn|12\n|inactive|Time left: 300 sec this turn | 300 sec total\n|\n|t:|1783553337\n|move|p1a: Minun|Nasty Plot|p1a: Minun\n|-boost|p1a: Minun|spa|2\n|move|p2a: Swanna|Roost||[still]\n|-fail|p2a: Swanna|heal\n|\n|upkeep\n|turn|13\n|inactive|Time left: 300 sec this turn | 300 sec total\n|\n|t:|1783553338\n|move|p1a: Minun|Grass Knot|p2a: Swanna\n|-supereffective|p2a: Swanna\n|-damage|p2a: Swanna|0 fnt\n|faint|p2a: Swanna\n|-damage|p1a: Minun|48/100|[from] item: Life Orb\n|\n|upkeep\n|inactive|Time left: 300 sec this turn | 300 sec total | 5 sec grace\n|\n|t:|1783553338\n|switch|p2a: Rhyperior|Rhyperior, L82, M|81/323\n|turn|14\n|inactive|Time left: 300 sec this turn | 300 sec total\n|\n|t:|1783553339\n|move|p1a: Minun|Grass Knot|p2a: Rhyperior\n|-supereffective|p2a: Rhyperior\n|-damage|p2a: Rhyperior|0 fnt\n|faint|p2a: Rhyperior\n|-damage|p1a: Minun|39/100|[from] item: Life Orb\n|\n|win|p0x12274aef", "uploadtime": 1783553339, "views": 0, "rating": 0, "private": 0, "password": null, "_winner": "p0x12274aef", "_our_name": "p0y12278910"}