{"id": "battle-gen9randombattle-751", "formatid": "gen9randombattle", "format": "[Gen 9] Random Battle", "players": ["p0x75145af", "p0y7518bd4"], "log": "|init|battle\n|title|p0x75145af vs. p0y7518bd4\n|j|\u2606p0x75145af\n|j|\u2606p0y7518bd4\n|t:|1783547841\n|gametype|singles\n|player|p1|p0x75145af|169|\n|player|p2|p0y7518bd4|169|\n|gen|9\n|tier|[Gen 9] Random Battle\n|rule|Species Clause: Limit one of each Pok\u00e9mon\n|rule|HP Percentage Mod: HP is shown in percentages\n|rule|Sleep Clause Mod: Limit one foe put to sleep\n|rule|Illusion Level Mod: Illusion disguises the Pok\u00e9mon's true level\n|\n|t:|1783547841\n|teamsize|p1|6\n|teamsize|p2|6\n|start\n|switch|p1a: Lilligant|Lilligant, L86, F|261/261\n|switch|p2a: Manaphy|Manaphy, L78|100/100\n|turn|1\n|inactive|Battle timer is ON: inactive players will automatically lose when time's up. (requested by p0y7518bd4)\n|inactive|Time left: 300 sec this turn | 300 sec total | 60 sec grace\n|inactive|p0x75145af also wants the timer to be on.\n|\n|t:|1783547843\n|-terastallize|p2a: Manaphy|Grass\n|move|p1a: Lilligant|Quiver Dance|p1a: Lilligant\n|-boost|p1a: Lilligant|spa|1\n|-boost|p1a: Lilligant|spd|1\n|-boost|p1a: Lilligant|spe|1\n|move|p2a: Manaphy|Tail Glow|p2a: Manaphy\n|-boost|p2a: Manaphy|spa|3\n|\n|upkeep\n|turn|2\n|inactive|Time left: 300 sec this turn | 300 sec total\n|\n|t:|1783547844\n|move|p1a: Lilligant|Quiver Dance|p1a: Lilligant\n|-boost|p1a: Lilligant|spa|1\n|-boost|p1a: Lilligant|spd|1\n|-boost|p1a: Lilligant|spe|1\n|move|p2a: Manaphy|Ice Beam|p1a: Lilligant\n|-supereffective|p1a: Lilligant\n|-damage|p1a: Lilligant|93/261\n|\n|upkeep\n|turn|3\n|inactive|Time left: 300 sec this turn | 300 sec total\n|\n|t:|1783547845\n|move|p1a: Lilligant|Giga Drain|p2a: Manaphy\n|-resisted|p2a: Manaphy\n|-damage|p2a: Manaphy|57/100\n|-heal|p1a: Lilligant|155/261|[from] drain|[of] p2a: Manaphy\n|-damage|p1a: Lilligant|129/261|[from] item: Life Orb\n|move|p2a: Manaphy|Ice Beam|p1a: Lilligant\n|-supereffective|p1a: Lilligant\n|-damage|p1a: Lilligant|0 fnt\n|faint|p1a: Lilligant\n|\n|-heal|p2a: Manaphy|63/100|[from] item: Leftovers\n|upkeep\n|inactive|Time left: 300 sec this turn | 300 sec total | 5 sec grace\n|\n|t:|1783547845\n|switch|p1a: Indeedee|Indeedee, L84, M|238/238\n|-fieldstart|move: Psychic Terrain|[from] ability: Psychic Surge|[of] p1a: Indeedee\n|turn|4\n|inactive|Time left: 300 sec this turn | 300 sec total\n|\n|t:|1783547847\n|-terastallize|p1a: Indeedee|Psychic\n|move|p1a: Indeedee|Expanding Force|p2a: Manaphy\n|-crit|p2a: Manaphy\n|-damage|p2a: Manaphy|0 fnt\n|faint|p2a: Manaphy\n|\n|upkeep\n|\n|t:|1783547848\n|switch|p2a: Greninja|Greninja, L80, M|100/100\n|turn|5\n|inactive|Time left: 300 sec this turn | 300 sec total\n|\n|t:|1783547849\n|switch|p1a: Swalot|Swalot, L90, M|326/326\n|move|p2a: Greninja|Hydro Pump|p1a: Swalot\n|-damage|p1a: Swalot|174/326\n|-damage|p2a: Greninja|91/100|[from] item: Life Orb\n|\n|-heal|p1a: Swalot|194/326|[from] item: Leftovers\n|upkeep\n|turn|6\n|inactive|Time left: 300 sec this turn | 300 sec total\n|\n|t:|1783547850\n|move|p2a: Greninja|Hydro Pump|p1a: Swalot\n|-damage|p1a: Swalot|42/326\n|-damage|p2a: Greninja|81/100|[from] item: Life Orb\n|move|p1a: Swalot|Sludge Bomb|p2a: Greninja\n|-crit|p2a: Greninja\n|-damage|p2a: Greninja|16/100\n|\n|-heal|p1a: Swalot|62/326|[from] item: Leftovers\n|upkeep\n|turn|7\n|inactive|Time left: 300 sec this turn | 300 sec total\n|\n|t:|1783547851\n|move|p1a: Swalot|Protect|p1a: Swalot\n|-singleturn|p1a: Swalot|Protect\n|move|p2a: Greninja|Hydro Pump|p1a: Swalot\n|-activate|p1a: Swalot|move: Protect\n|\n|-heal|p1a: Swalot|82/326|[from] item: Leftovers\n|upkeep\n|turn|8\n|inactive|Time left: 300 sec this turn | 300 sec total\n|\n|t:|1783547852\n|move|p2a: Greninja|Dark Pulse|p1a: Swalot\n|-damage|p1a: Swalot|0 fnt\n|faint|p1a: Swalot\n|-ability|p2a: Greninja|Battle Bond|boost\n|-boost|p2a: Greninja|atk|1\n|-boost|p2a: Greninja|spa|1\n|-boost|p2a: Greninja|spe|1\n|-activate|p2a: Greninja|ability: Battle Bond\n|-damage|p2a: Greninja|7/100|[from] item: Life Orb\n|\n|-fieldend|move: Psychic Terrain\n|upkeep\n|inactive|Time left: 300 sec this turn | 300 sec total | 5 sec grace\n|\n|t:|1783547854\n|switch|p1a: Flygon|Flygon, L82, F|265/265\n|turn|9\n|inactive|Time left: 300 sec this turn | 300 sec total\n|\n|t:|1783547855\n|move|p2a: Greninja|Ice Beam|p1a: Flygon\n|-supereffective|p1a: Flygon\n|-damage|p1a: Flygon|0 fnt\n|faint|p1a: Flygon\n|-damage|p2a: Greninja|0 fnt|[from] item: Life Orb\n|faint|p2a: Greninja\n|\n|upkeep\n|inactive|Time left: 300 sec this turn | 300 sec total | 5 sec grace\n|\n|t:|1783547856\n|switch|p2a: Lugia|Lugia, L73|100/100\n|switch|p1a: Lycanroc|Lycanroc-Midnight, L89, F|296/296\n|turn|10\n|inactive|Time left: 300 sec this turn | 300 sec total\n|\n|t:|1783547857\n|switch|p2a: Sandy Shocks|Sandy Shocks, L80|100/100\n|move|p1a: Lycanroc|Stone Edge|p2a: Sandy Shocks\n|-resisted|p2a: Sandy Shocks\n|-crit|p2a: Sandy Shocks\n|-damage|p2a: Sandy Shocks|45/100\n|\n|-heal|p2a: Sandy Shocks|51/100|[from] item: Leftovers\n|upkeep\n|turn|11\n|inactive|Time left: 300 sec this turn | 300 sec total\n|\n|t:|1783547858\n|switch|p1a: Indeedee|Indeedee, L84, M, tera:Psychic|238/238\n|-fieldstart|move: Psychic Terrain|[from] ability: Psychic Surge|[of] p1a: Indeedee\n|move|p2a: Sandy Shocks|Earth Power|p1a: Indeedee\n|-damage|p1a: Indeedee|147/238\n|-unboost|p1a: Indeedee|spd|1\n|\n|-heal|p2a: Sandy Shocks|57/100|[from] item: Leftovers\n|upkeep\n|turn|12\n|inactive|Time left: 300 sec this turn | 300 sec total\n|\n|t:|1783547859\n|-end|p2a: Sandy Shocks|Protosynthesis|[silent]\n|switch|p2a: Bronzong|Bronzong, L88|100/100\n|move|p1a: Indeedee|Expanding Force|p2a: Bronzong\n|-resisted|p2a: Bronzong\n|-damage|p2a: Bronzong|85/100\n|\n|upkeep\n|turn|13\n|inactive|Time left: 300 sec this turn | 300 sec total\n|\n|t:|1783547860\n|move|p1a: Indeedee|Expanding Force|p2a: Bronzong\n|-resisted|p2a: Bronzong\n|-damage|p2a: Bronzong|68/100\n|move|p2a: Bronzong|Iron Defense|p2a: Bronzong\n|-boost|p2a: Bronzong|def|2\n|\n|upkeep\n|turn|14\n|inactive|Time left: 300 sec this turn | 300 sec total\n|\n|t:|1783547861\n|move|p1a: Indeedee|Expanding Force|p2a: Bronzong\n|-resisted|p2a: Bronzong\n|-damage|p2a: Bronzong|50/100\n|move|p2a: Bronzong|Body Press|p1a: Indeedee\n|-resisted|p1a: Indeedee\n|-damage|p1a: Indeedee|44/238\n|\n|upkeep\n|turn|15\n|inactive|Time left: 300 sec this turn | 300 sec total\n|\n|t:|1783547862\n|move|p1a: Indeedee|Expanding Force|p2a: Bronzong\n|-resisted|p2a: Bronzong\n|-damage|p2a: Bronzong|33/100\n|move|p2a: Bronzong|Rest|p2a: Bronzong\n|-status|p2a: Bronzong|slp|[from] move: Rest\n|-heal|p2a: Bronzong|100/100 slp|[silent]\n|-enditem|p2a: Bronzong|Chesto Berry|[eat]\n|-curestatus|p2a: Bronzong|slp|[msg]\n|\n|-fieldend|move: Psychic Terrain\n|upkeep\n|turn|16\n|inactive|Time left: 300 sec this turn | 300 sec total\n|\n|t:|1783547863\n|move|p1a: Indeedee|Expanding Force|p2a: Bronzong\n|-resisted|p2a: Bronzong\n|-damage|p2a: Bronzong|91/100\n|move|p2a: Bronzong|Body Press|p1a: Indeedee\n|-resisted|p1a: Indeedee\n|-damage|p1a: Indeedee|0 fnt\n|faint|p1a: Indeedee\n|\n|upkeep\n|inactive|Time left: 300 sec this turn | 300 sec total | 5 sec grace\n|\n|t:|1783547864\n|switch|p1a: Garganacl|Garganacl, L80, M|291/291\n|turn|17\n|inactive|Time left: 300 sec this turn | 300 sec total\n|\n|t:|1783547865\n|move|p2a: Bronzong|Body Press|p1a: Garganacl\n|-supereffective|p1a: Garganacl\n|-damage|p1a: Garganacl|59/291\n|move|p1a: Garganacl|Salt Cure|p2a: Bronzong\n|-resisted|p2a: Bronzong\n|-damage|p2a: Bronzong|88/100\n|-start|p2a: Bronzong|Salt Cure\n|\n|-heal|p1a: Garganacl|77/291|[from] item: Leftovers\n|-damage|p2a: Bronzong|63/100|[from] Salt Cure\n|upkeep\n|turn|18\n|inactive|Time left: 300 sec this turn | 300 sec total\n|\n|t:|1783547865\n|move|p1a: Garganacl|Protect|p1a: Garganacl\n|-singleturn|p1a: Garganacl|Protect\n|move|p2a: Bronzong|Body Press|p1a: Garganacl\n|-activate|p1a: Garganacl|move: Protect\n|\n|-heal|p1a: Garganacl|95/291|[from] item: Leftovers\n|-damage|p2a: Bronzong|38/100|[from] Salt Cure\n|upkeep\n|turn|19\n|inactive|Time left: 300 sec this turn | 300 sec total\n|\n|t:|1783547866\n|move|p1a: Garganacl|Protect|p1a: Garganacl\n|-singleturn|p1a: Garganacl|Protect\n|move|p2a: Bronzong|Psychic Noise|p1a: Garganacl\n|-activate|p1a: Garganacl|move: Protect\n|\n|-heal|p1a: Garganacl|113/291|[from] item: Leftovers\n|-damage|p2a: Bronzong|13/100|[from] Salt Cure\n|upkeep\n|turn|20\n|inactive|Time left: 300 sec this turn | 300 sec total\n|\n|t:|1783547867\n|move|p1a: Garganacl|Protect||[still]\n|-fail|p1a: Garganacl\n|move|p2a: Bronzong|Body Press|p1a: Garganacl\n|-supereffective|p1a: Garganacl\n|-damage|p1a: Garganacl|0 fnt\n|faint|p1a: Garganacl\n|\n|-damage|p2a: Bronzong|0 fnt|[from] Salt Cure\n|faint|p2a: Bronzong\n|upkeep\n|inactive|Time left: 300 sec this turn | 300 sec total | 5 sec grace\n|\n|t:|1783547868\n|switch|p2a: Sandy Shocks|Sandy Shocks, L80|57/100\n|switch|p1a: Lycanroc|Lycanroc-Midnight, L89, F|296/296\n|turn|21\n|inactive|Time left: 300 sec this turn | 300 sec total\n|\n|t:|1783547869\n|move|p1a: Lycanroc|Sucker Punch|p2a: Sandy Shocks\n|-damage|p2a: Sandy Shocks|22/100\n|move|p2a: Sandy Shocks|Earth Power|p1a: Lycanroc\n|-supereffective|p1a: Lycanroc\n|-damage|p1a: Lycanroc|90/296\n|\n|-heal|p2a: Sandy Shocks|28/100|[from] item: Leftovers\n|upkeep\n|turn|22\n|inactive|Time left: 300 sec this turn | 300 sec total\n|\n|t:|1783547870\n|move|p1a: Lycanroc|Sucker Punch|p2a: Sandy Shocks\n|-damage|p2a: Sandy Shocks|0 fnt\n|faint|p2a: Sandy Shocks\n|-end|p2a: Sandy Shocks|Protosynthesis|[silent]\n|\n|upkeep\n|\n|t:|1783547871\n|switch|p2a: Baxcalibur|Baxcalibur, L75, M|100/100\n|turn|23\n|inactive|Time left: 300 sec this turn | 300 sec total\n|\n|t:|1783547872\n|move|p1a: Lycanroc|Sucker Punch|p2a: Baxcalibur\n|-damage|p2a: Baxcalibur|65/100\n|move|p2a: Baxcalibur|Scale Shot|p1a: Lycanroc\n|-damage|p1a: Lycanroc|60/296\n|-damage|p1a: Lycanroc|30/296\n|-damage|p1a: Lycanroc|0 fnt\n|faint|p1a: Lycanroc\n|-hitcount|p1: Lycanroc|3\n|\n|win|p0y7518bd4", "uploadtime": 1783547872, "views": 0, "rating": 0, "private": 0, "password": null, "_winner": "p0y7518bd4", "_our_name": "p0x75145af"}