{"id": "battle-gen9randombattle-539", "formatid": "gen9randombattle", "format": "[Gen 9] Random Battle", "players": ["p0x53948c7", "p0y53937b3"], "log": "|init|battle\n|title|p0x53948c7 vs. p0y53937b3\n|j|\u2606p0x53948c7\n|j|\u2606p0y53937b3\n|t:|1783545321\n|gametype|singles\n|player|p1|p0x53948c7|169|\n|player|p2|p0y53937b3|101|\n|gen|9\n|tier|[Gen 9] Random Battle\n|rule|Species Clause: Limit one of each Pok\u00e9mon\n|rule|HP Percentage Mod: HP is shown in percentages\n|rule|Sleep Clause Mod: Limit one foe put to sleep\n|rule|Illusion Level Mod: Illusion disguises the Pok\u00e9mon's true level\n|\n|t:|1783545321\n|teamsize|p1|6\n|teamsize|p2|6\n|start\n|switch|p1a: Regidrago|Regidrago, L77|435/435\n|switch|p2a: Terapagos|Terapagos, L77, F|100/100\n|-activate|p2a: Terapagos|ability: Tera Shift\n|detailschange|p2a: Terapagos|Terapagos-Terastal, L77, F\n|-heal|p2a: Terapagos|100/100|[silent]\n|turn|1\n|inactive|Battle timer is ON: inactive players will automatically lose when time's up. (requested by p0y53937b3)\n|inactive|Time left: 300 sec this turn | 300 sec total | 60 sec grace\n|inactive|p0x53948c7 also wants the timer to be on.\n|\n|t:|1783545323\n|move|p2a: Terapagos|Tera Starstorm|p1a: Regidrago\n|-damage|p1a: Regidrago|257/435\n|move|p1a: Regidrago|Dragon Dance|p1a: Regidrago\n|-boost|p1a: Regidrago|atk|1\n|-boost|p1a: Regidrago|spe|1\n|\n|upkeep\n|turn|2\n|inactive|Time left: 300 sec this turn | 300 sec total\n|\n|t:|1783545324\n|move|p1a: Regidrago|Dragon Claw|p2a: Terapagos\n|-activate|p2a: Terapagos|ability: Tera Shell\n|-resisted|p2a: Terapagos\n|-damage|p2a: Terapagos|64/100\n|-damage|p1a: Regidrago|214/435|[from] item: Life Orb\n|move|p2a: Terapagos|Tera Starstorm|p1a: Regidrago\n|-damage|p1a: Regidrago|39/435\n|\n|upkeep\n|turn|3\n|inactive|Time left: 300 sec this turn | 300 sec total\n|\n|t:|1783545325\n|switch|p2a: Entei|Entei, L78|100/100\n|move|p1a: Regidrago|Dragon Claw|p2a: Entei\n|-damage|p2a: Entei|22/100\n|-damage|p1a: Regidrago|0 fnt|[from] item: Life Orb\n|faint|p1a: Regidrago\n|\n|upkeep\n|inactive|Time left: 300 sec this turn | 300 sec total | 5 sec grace\n|\n|t:|1783545326\n|switch|p1a: Bruxish|Bruxish, L85, M|254/254\n|turn|4\n|inactive|Time left: 300 sec this turn | 300 sec total\n|\n|t:|1783545327\n|move|p2a: Entei|Extreme Speed|p1a: Bruxish\n|-damage|p1a: Bruxish|160/254\n|move|p1a: Bruxish|Crunch|p2a: Entei\n|-damage|p2a: Entei|0 fnt\n|faint|p2a: Entei\n|\n|upkeep\n|\n|t:|1783545328\n|switch|p2a: Gengar|Gengar, L81, M|100/100\n|turn|5\n|inactive|Time left: 300 sec this turn | 300 sec total\n|\n|t:|1783545329\n|move|p1a: Bruxish|Crunch|p2a: Gengar\n|-supereffective|p2a: Gengar\n|-damage|p2a: Gengar|0 fnt\n|faint|p2a: Gengar\n|\n|upkeep\n|\n|t:|1783545330\n|switch|p2a: Cryogonal|Cryogonal, L89|100/100\n|turn|6\n|inactive|Time left: 300 sec this turn | 300 sec total\n|\n|t:|1783545331\n|switch|p1a: Tinkaton|Tinkaton, L82, F|274/274\n|-ability|p1a: Tinkaton|Mold Breaker\n|move|p2a: Cryogonal|Freeze-Dry|p1a: Tinkaton\n|-resisted|p1a: Tinkaton\n|-damage|p1a: Tinkaton|241/274\n|\n|-heal|p1a: Tinkaton|258/274|[from] item: Leftovers\n|upkeep\n|turn|7\n|inactive|Time left: 300 sec this turn | 300 sec total\n|\n|t:|1783545332\n|switch|p2a: Basculin|Basculin, L86, F|100/100\n|move|p1a: Tinkaton|Gigaton Hammer|p2a: Basculin\n|-resisted|p2a: Basculin\n|-damage|p2a: Basculin|69/100\n|\n|-heal|p1a: Tinkaton|274/274|[from] item: Leftovers\n|upkeep\n|turn|8\n|inactive|Time left: 300 sec this turn | 300 sec total\n|\n|t:|1783545332\n|switch|p1a: Bruxish|Bruxish, L85, M|160/254\n|move|p2a: Basculin|Wave Crash|p1a: Bruxish\n|-resisted|p1a: Bruxish\n|-damage|p1a: Bruxish|19/254\n|-damage|p2a: Basculin|51/100|[from] Recoil\n|\n|upkeep\n|turn|9\n|inactive|Time left: 300 sec this turn | 300 sec total\n|\n|t:|1783545333\n|move|p1a: Bruxish|Psychic Fangs|p2a: Basculin\n|-damage|p2a: Basculin|0 fnt\n|faint|p2a: Basculin\n|\n|upkeep\n|\n|t:|1783545334\n|switch|p2a: Terapagos|Terapagos-Terastal, L77, F|64/100\n|turn|10\n|inactive|Time left: 300 sec this turn | 300 sec total\n|\n|t:|1783545335\n|move|p1a: Bruxish|Psychic Fangs|p2a: Terapagos\n|-damage|p2a: Terapagos|18/100\n|move|p2a: Terapagos|Rest|p2a: Terapagos\n|-status|p2a: Terapagos|slp|[from] move: Rest\n|-heal|p2a: Terapagos|100/100 slp|[silent]\n|-enditem|p2a: Terapagos|Chesto Berry|[eat]\n|-curestatus|p2a: Terapagos|slp|[msg]\n|\n|upkeep\n|turn|11\n|inactive|Time left: 300 sec this turn | 300 sec total\n|\n|t:|1783545336\n|move|p1a: Bruxish|Psychic Fangs|p2a: Terapagos\n|-activate|p2a: Terapagos|ability: Tera Shell\n|-resisted|p2a: Terapagos\n|-damage|p2a: Terapagos|77/100\n|move|p2a: Terapagos|Tera Starstorm|p1a: Bruxish\n|-damage|p1a: Bruxish|0 fnt\n|faint|p1a: Bruxish\n|\n|upkeep\n|inactive|Time left: 300 sec this turn | 300 sec total | 5 sec grace\n|\n|t:|1783545337\n|switch|p1a: Tinkaton|Tinkaton, L82, F|274/274\n|-ability|p1a: Tinkaton|Mold Breaker\n|turn|12\n|inactive|Time left: 300 sec this turn | 300 sec total\n|\n|t:|1783545338\n|switch|p2a: Iron Moth|Iron Moth, L78|100/100\n|move|p1a: Tinkaton|Swords Dance|p1a: Tinkaton\n|-boost|p1a: Tinkaton|atk|2\n|\n|upkeep\n|turn|13\n|inactive|Time left: 300 sec this turn | 300 sec total\n|\n|t:|1783545339\n|-terastallize|p2a: Iron Moth|Fire\n|move|p2a: Iron Moth|Fire Blast|p1a: Tinkaton\n|-supereffective|p1a: Tinkaton\n|-damage|p1a: Tinkaton|0 fnt\n|faint|p1a: Tinkaton\n|\n|upkeep\n|inactive|Time left: 300 sec this turn | 300 sec total | 5 sec grace\n|\n|t:|1783545340\n|switch|p1a: Landorus|Landorus-Therian, L76, M|260/260\n|-ability|p1a: Landorus|Intimidate|boost\n|-unboost|p2a: Iron Moth|atk|1\n|turn|14\n|inactive|Time left: 300 sec this turn | 300 sec total\n|\n|t:|1783545341\n|move|p2a: Iron Moth|Fire Blast|p1a: Landorus\n|-damage|p1a: Landorus|36/260\n|move|p1a: Landorus|Earthquake|p2a: Iron Moth\n|-supereffective|p2a: Iron Moth\n|-damage|p2a: Iron Moth|0 fnt\n|faint|p2a: Iron Moth\n|-end|p2a: Iron Moth|Quark Drive|[silent]\n|\n|-heal|p1a: Landorus|52/260|[from] item: Leftovers\n|upkeep\n|\n|t:|1783545342\n|switch|p2a: Cryogonal|Cryogonal, L89|100/100\n|turn|15\n|inactive|Time left: 300 sec this turn | 300 sec total\n|\n|t:|1783545343\n|switch|p1a: Mandibuzz|Mandibuzz, L85, F|326/326\n|move|p2a: Cryogonal|Freeze-Dry|p1a: Mandibuzz\n|-supereffective|p1a: Mandibuzz\n|-crit|p1a: Mandibuzz\n|-damage|p1a: Mandibuzz|78/326\n|\n|upkeep\n|turn|16\n|inactive|Time left: 300 sec this turn | 300 sec total\n|\n|t:|1783545344\n|-terastallize|p1a: Mandibuzz|Steel\n|move|p2a: Cryogonal|Freeze-Dry|p1a: Mandibuzz\n|-resisted|p1a: Mandibuzz\n|-damage|p1a: Mandibuzz|39/326\n|-status|p1a: Mandibuzz|frz\n|cant|p1a: Mandibuzz|frz\n|\n|upkeep\n|turn|17\n|inactive|Time left: 300 sec this turn | 300 sec total\n|\n|t:|1783545345\n|move|p2a: Cryogonal|Freeze-Dry|p1a: Mandibuzz\n|-resisted|p1a: Mandibuzz\n|-damage|p1a: Mandibuzz|0 fnt\n|faint|p1a: Mandibuzz\n|\n|upkeep\n|inactive|Time left: 300 sec this turn | 300 sec total | 5 sec grace\n|\n|t:|1783545346\n|switch|p1a: Glalie|Glalie, L96, M|309/309\n|turn|18\n|inactive|Time left: 300 sec this turn | 300 sec total\n|\n|t:|1783545347\n|move|p2a: Cryogonal|Rapid Spin|p1a: Glalie\n|-crit|p1a: Glalie\n|-damage|p1a: Glalie|272/309\n|-boost|p2a: Cryogonal|spe|1\n|move|p1a: Glalie|Spikes|p2a: Cryogonal\n|-sidestart|p2: p0y53937b3|Spikes\n|\n|upkeep\n|turn|19\n|inactive|Time left: 300 sec this turn | 300 sec total\n|\n|t:|1783545348\n|move|p2a: Cryogonal|Rapid Spin|p1a: Glalie\n|-crit|p1a: Glalie\n|-damage|p1a: Glalie|239/309\n|-boost|p2a: Cryogonal|spe|1\n|-sideend|p2: p0y53937b3|Spikes|[from] move: Rapid Spin|[of] p2a: Cryogonal\n|move|p1a: Glalie|Freeze-Dry|p2a: Cryogonal\n|-resisted|p2a: Cryogonal\n|-damage|p2a: Cryogonal|91/100\n|\n|upkeep\n|turn|20\n|inactive|Time left: 300 sec this turn | 300 sec total\n|\n|t:|1783545349\n|move|p2a: Cryogonal|Freeze-Dry|p1a: Glalie\n|-resisted|p1a: Glalie\n|-damage|p1a: Glalie|199/309\n|move|p1a: Glalie|Freeze-Dry|p2a: Cryogonal\n|-resisted|p2a: Cryogonal\n|-damage|p2a: Cryogonal|82/100\n|\n|upkeep\n|turn|21\n|inactive|Time left: 300 sec this turn | 300 sec total\n|\n|t:|1783545350\n|move|p2a: Cryogonal|Rapid Spin|p1a: Glalie\n|-damage|p1a: Glalie|174/309\n|-boost|p2a: Cryogonal|spe|1\n|move|p1a: Glalie|Earthquake|p2a: Cryogonal\n|-immune|p2a: Cryogonal|[from] ability: Levitate\n|\n|upkeep\n|turn|22\n|inactive|Time left: 300 sec this turn | 300 sec total\n|\n|t:|1783545352\n|move|p2a: Cryogonal|Freeze-Dry|p1a: Glalie\n|-resisted|p1a: Glalie\n|-damage|p1a: Glalie|138/309\n|move|p1a: Glalie|Earthquake|p2a: Cryogonal\n|-immune|p2a: Cryogonal|[from] ability: Levitate\n|\n|upkeep\n|turn|23\n|inactive|Time left: 300 sec this turn | 300 sec total\n|\n|t:|1783545353\n|move|p2a: Cryogonal|Freeze-Dry|p1a: Glalie\n|-resisted|p1a: Glalie\n|-damage|p1a: Glalie|99/309\n|move|p1a: Glalie|Spikes|p2a: Cryogonal\n|-sidestart|p2: p0y53937b3|Spikes\n|\n|upkeep\n|turn|24\n|inactive|Time left: 300 sec this turn | 300 sec total\n|\n|t:|1783545354\n|move|p2a: Cryogonal|Freeze-Dry|p1a: Glalie\n|-resisted|p1a: Glalie\n|-damage|p1a: Glalie|59/309\n|move|p1a: Glalie|Freeze-Dry|p2a: Cryogonal\n|-resisted|p2a: Cryogonal\n|-damage|p2a: Cryogonal|71/100\n|\n|upkeep\n|turn|25\n|inactive|Time left: 300 sec this turn | 300 sec total\n|\n|t:|1783545355\n|move|p2a: Cryogonal|Freeze-Dry|p1a: Glalie\n|-resisted|p1a: Glalie\n|-damage|p1a: Glalie|19/309\n|move|p1a: Glalie|Spikes|p2a: Cryogonal\n|-sidestart|p2: p0y53937b3|Spikes\n|\n|upkeep\n|turn|26\n|inactive|Time left: 300 sec this turn | 300 sec total\n|\n|t:|1783545356\n|move|p2a: Cryogonal|Freeze-Dry|p1a: Glalie\n|-resisted|p1a: Glalie\n|-damage|p1a: Glalie|0 fnt\n|faint|p1a: Glalie\n|\n|upkeep\n|inactive|Time left: 300 sec this turn | 300 sec total | 5 sec grace\n|\n|t:|1783545357\n|switch|p1a: Landorus|Landorus-Therian, L76, M|52/260\n|-ability|p1a: Landorus|Intimidate|boost\n|-unboost|p2a: Cryogonal|atk|1\n|turn|27\n|inactive|Time left: 300 sec this turn | 300 sec total\n|\n|t:|1783545358\n|move|p2a: Cryogonal|Freeze-Dry|p1a: Landorus\n|-supereffective|p1a: Landorus\n|-damage|p1a: Landorus|0 fnt\n|faint|p1a: Landorus\n|\n|win|p0y53937b3", "uploadtime": 1783545358, "views": 0, "rating": 0, "private": 0, "password": null, "_winner": "p0y53937b3", "_our_name": "p0x53948c7"}