{"id": "battle-gen9randombattle-583", "formatid": "gen9randombattle", "format": "[Gen 9] Random Battle", "players": ["p0x5839927", "p0y583faa9"], "log": "|init|battle\n|title|p0x5839927 vs. p0y583faa9\n|j|\u2606p0x5839927\n|j|\u2606p0y583faa9\n|t:|1783545834\n|gametype|singles\n|player|p1|p0x5839927|1|\n|player|p2|p0y583faa9|169|\n|gen|9\n|tier|[Gen 9] Random Battle\n|rule|Species Clause: Limit one of each Pok\u00e9mon\n|rule|HP Percentage Mod: HP is shown in percentages\n|rule|Sleep Clause Mod: Limit one foe put to sleep\n|rule|Illusion Level Mod: Illusion disguises the Pok\u00e9mon's true level\n|\n|t:|1783545834\n|teamsize|p1|6\n|teamsize|p2|6\n|start\n|switch|p1a: Pikachu|Pikachu-Sinnoh, L93, M|100/100\n|switch|p2a: Tsareena|Tsareena, L87, F|267/267\n|turn|1\n|inactive|Battle timer is ON: inactive players will automatically lose when time's up. (requested by p0y583faa9)\n|inactive|p0x5839927 also wants the timer to be on.\n|\n|t:|1783545836\n|move|p1a: Pikachu|Volt Switch|p2a: Tsareena\n|-resisted|p2a: Tsareena\n|-damage|p2a: Tsareena|215/267\n|\n|t:|1783545837\n|switch|p1a: Heatran|Heatran, L79, M|100/100|[from] Volt Switch\n|move|p2a: Tsareena|Power Whip|p1a: Heatran\n|-resisted|p1a: Heatran\n|-damage|p1a: Heatran|88/100\n|\n|upkeep\n|turn|2\n|inactive|Time left: 300 sec this turn | 300 sec total\n|\n|t:|1783545839\n|switch|p2a: Whiscash|Whiscash, L88, F|337/337\n|move|p1a: Heatran|Lava Plume|p2a: Whiscash\n|-resisted|p2a: Whiscash\n|-damage|p2a: Whiscash|283/337\n|\n|-heal|p2a: Whiscash|304/337|[from] item: Leftovers\n|upkeep\n|turn|3\n|inactive|Time left: 300 sec this turn | 300 sec total\n|\n|t:|1783545840\n|move|p1a: Heatran|Magma Storm|p2a: Whiscash\n|-resisted|p2a: Whiscash\n|-damage|p2a: Whiscash|241/337\n|-activate|p2a: Whiscash|move: Magma Storm|[of] p1a: Heatran\n|move|p2a: Whiscash|Earthquake|p1a: Heatran\n|-supereffective|p1a: Heatran\n|-damage|p1a: Heatran|0 fnt\n|faint|p1a: Heatran\n|\n|-heal|p2a: Whiscash|262/337|[from] item: Leftovers\n|-end|p2a: Whiscash|Magma Storm|[partiallytrapped]|[silent]\n|upkeep\n|\n|t:|1783545841\n|switch|p1a: Cacturne|Cacturne, L92, F|100/100\n|turn|4\n|inactive|Time left: 300 sec this turn | 300 sec total\n|\n|t:|1783545842\n|move|p2a: Whiscash|Ice Beam|p1a: Cacturne\n|-supereffective|p1a: Cacturne\n|-damage|p1a: Cacturne|52/100\n|move|p1a: Cacturne|Knock Off|p2a: Whiscash\n|-damage|p2a: Whiscash|48/337\n|-enditem|p2a: Whiscash|Leftovers|[from] move: Knock Off|[of] p1a: Cacturne\n|-damage|p1a: Cacturne|42/100|[from] item: Life Orb\n|\n|upkeep\n|turn|5\n|inactive|Time left: 300 sec this turn | 300 sec total\n|\n|t:|1783545843\n|move|p1a: Cacturne|Sucker Punch|p2a: Whiscash\n|-damage|p2a: Whiscash|0 fnt\n|faint|p2a: Whiscash\n|-damage|p1a: Cacturne|32/100|[from] item: Life Orb\n|\n|upkeep\n|inactive|Time left: 300 sec this turn | 300 sec total | 5 sec grace\n|\n|t:|1783545844\n|switch|p2a: Stantler|Stantler, L92, F|284/284\n|-ability|p2a: Stantler|Intimidate|boost\n|-unboost|p1a: Cacturne|atk|1\n|turn|6\n|inactive|Time left: 300 sec this turn | 300 sec total\n|\n|t:|1783545846\n|move|p2a: Stantler|Calm Mind|p2a: Stantler\n|-boost|p2a: Stantler|spa|1\n|-boost|p2a: Stantler|spd|1\n|move|p1a: Cacturne|Knock Off|p2a: Stantler\n|-damage|p2a: Stantler|197/284\n|-enditem|p2a: Stantler|Eviolite|[from] move: Knock Off|[of] p1a: Cacturne\n|-damage|p1a: Cacturne|22/100|[from] item: Life Orb\n|\n|upkeep\n|turn|7\n|inactive|Time left: 300 sec this turn | 300 sec total\n|\n|t:|1783545847\n|move|p2a: Stantler|Tera Blast|p1a: Cacturne\n|-damage|p1a: Cacturne|0 fnt\n|faint|p1a: Cacturne\n|\n|upkeep\n|\n|t:|1783545848\n|switch|p1a: Bronzong|Bronzong, L88|100/100\n|turn|8\n|inactive|Time left: 300 sec this turn | 300 sec total\n|\n|t:|1783545849\n|move|p2a: Stantler|Shadow Ball|p1a: Bronzong\n|-supereffective|p1a: Bronzong\n|-damage|p1a: Bronzong|43/100\n|move|p1a: Bronzong|Body Press|p2a: Stantler\n|-supereffective|p2a: Stantler\n|-damage|p2a: Stantler|35/284\n|\n|-heal|p1a: Bronzong|49/100|[from] item: Leftovers\n|upkeep\n|turn|9\n|inactive|Time left: 300 sec this turn | 300 sec total\n|\n|t:|1783545850\n|switch|p1a: Piloswine|Piloswine, L85, F|100/100\n|move|p2a: Stantler|Shadow Ball|p1a: Piloswine\n|-damage|p1a: Piloswine|77/100\n|\n|upkeep\n|turn|10\n|inactive|Time left: 300 sec this turn | 300 sec total\n|\n|t:|1783545851\n|move|p2a: Stantler|Tera Blast|p1a: Piloswine\n|-damage|p1a: Piloswine|38/100\n|move|p1a: Piloswine|Earthquake|p2a: Stantler\n|-damage|p2a: Stantler|0 fnt\n|faint|p2a: Stantler\n|\n|upkeep\n|inactive|Time left: 300 sec this turn | 300 sec total | 5 sec grace\n|\n|t:|1783545852\n|switch|p2a: Gallade|Gallade, L80, M|240/240\n|turn|11\n|inactive|Time left: 300 sec this turn | 300 sec total\n|\n|t:|1783545853\n|move|p2a: Gallade|Sacred Sword|p1a: Piloswine\n|-supereffective|p1a: Piloswine\n|-damage|p1a: Piloswine|0 fnt\n|faint|p1a: Piloswine\n|\n|upkeep\n|\n|t:|1783545854\n|switch|p1a: Spectrier|Spectrier, L75|100/100\n|turn|12\n|inactive|Time left: 300 sec this turn | 300 sec total\n|\n|t:|1783545855\n|switch|p2a: Cryogonal|Cryogonal, L89|287/287\n|move|p1a: Spectrier|Nasty Plot|p1a: Spectrier\n|-boost|p1a: Spectrier|spa|2\n|\n|upkeep\n|turn|13\n|inactive|Time left: 300 sec this turn | 300 sec total\n|\n|t:|1783545856\n|move|p1a: Spectrier|Shadow Ball|p2a: Cryogonal\n|-damage|p2a: Cryogonal|169/287\n|move|p2a: Cryogonal|Haze|p2a: Cryogonal\n|-clearallboost\n|\n|upkeep\n|turn|14\n|inactive|Time left: 300 sec this turn | 300 sec total\n|\n|t:|1783545857\n|move|p1a: Spectrier|Nasty Plot|p1a: Spectrier\n|-boost|p1a: Spectrier|spa|2\n|move|p2a: Cryogonal|Freeze-Dry|p1a: Spectrier\n|-damage|p1a: Spectrier|64/100\n|\n|-heal|p1a: Spectrier|70/100|[from] item: Leftovers\n|upkeep\n|turn|15\n|inactive|Time left: 300 sec this turn | 300 sec total\n|\n|t:|1783545858\n|move|p1a: Spectrier|Shadow Ball|p2a: Cryogonal\n|-damage|p2a: Cryogonal|48/287\n|move|p2a: Cryogonal|Recover|p2a: Cryogonal\n|-heal|p2a: Cryogonal|192/287\n|\n|-heal|p1a: Spectrier|76/100|[from] item: Leftovers\n|upkeep\n|turn|16\n|inactive|Time left: 300 sec this turn | 300 sec total\n|\n|t:|1783545859\n|move|p1a: Spectrier|Shadow Ball|p2a: Cryogonal\n|-damage|p2a: Cryogonal|63/287\n|move|p2a: Cryogonal|Recover|p2a: Cryogonal\n|-heal|p2a: Cryogonal|207/287\n|\n|-heal|p1a: Spectrier|83/100|[from] item: Leftovers\n|upkeep\n|turn|17\n|inactive|Time left: 300 sec this turn | 300 sec total\n|\n|t:|1783545860\n|move|p1a: Spectrier|Shadow Ball|p2a: Cryogonal\n|-damage|p2a: Cryogonal|83/287\n|move|p2a: Cryogonal|Haze|p2a: Cryogonal\n|-clearallboost\n|\n|-heal|p1a: Spectrier|89/100|[from] item: Leftovers\n|upkeep\n|turn|18\n|inactive|Time left: 300 sec this turn | 300 sec total\n|\n|t:|1783545861\n|move|p1a: Spectrier|Nasty Plot|p1a: Spectrier\n|-boost|p1a: Spectrier|spa|2\n|move|p2a: Cryogonal|Recover|p2a: Cryogonal\n|-heal|p2a: Cryogonal|227/287\n|\n|-heal|p1a: Spectrier|95/100|[from] item: Leftovers\n|upkeep\n|turn|19\n|inactive|Time left: 300 sec this turn | 300 sec total\n|\n|t:|1783545862\n|-terastallize|p1a: Spectrier|Fighting\n|move|p1a: Spectrier|Tera Blast|p2a: Cryogonal|[anim] Tera Blast Fighting\n|-supereffective|p2a: Cryogonal\n|-crit|p2a: Cryogonal\n|-damage|p2a: Cryogonal|0 fnt\n|faint|p2a: Cryogonal\n|-ability|p1a: Spectrier|Grim Neigh|boost\n|-boost|p1a: Spectrier|spa|1\n|\n|-heal|p1a: Spectrier|100/100|[from] item: Leftovers\n|upkeep\n|inactive|Time left: 300 sec this turn | 300 sec total | 5 sec grace\n|\n|t:|1783545863\n|switch|p2a: Gallade|Gallade, L80, M|240/240\n|turn|20\n|inactive|Time left: 300 sec this turn | 300 sec total\n|\n|t:|1783545864\n|-terastallize|p2a: Gallade|Fighting\n|move|p2a: Gallade|Sacred Sword|p1a: Spectrier\n|-damage|p1a: Spectrier|0 fnt\n|faint|p1a: Spectrier\n|\n|upkeep\n|\n|t:|1783545864\n|switch|p1a: Pikachu|Pikachu-Sinnoh, L93, M|100/100\n|turn|21\n|inactive|Time left: 300 sec this turn | 300 sec total\n|\n|t:|1783545865\n|move|p1a: Pikachu|Fake Out|p2a: Gallade\n|-damage|p2a: Gallade|175/240\n|cant|p2a: Gallade|flinch\n|\n|upkeep\n|turn|22\n|inactive|Time left: 300 sec this turn | 300 sec total\n|\n|t:|1783545866\n|switch|p1a: Bronzong|Bronzong, L88|49/100\n|move|p2a: Gallade|Sacred Sword|p1a: Bronzong\n|-damage|p1a: Bronzong|0 fnt\n|faint|p1a: Bronzong\n|\n|upkeep\n|\n|t:|1783545867\n|switch|p1a: Pikachu|Pikachu-Sinnoh, L93, M|100/100\n|turn|23\n|inactive|Time left: 300 sec this turn | 300 sec total\n|\n|t:|1783545868\n|move|p1a: Pikachu|Fake Out|p2a: Gallade\n|-damage|p2a: Gallade|117/240\n|cant|p2a: Gallade|flinch\n|\n|upkeep\n|turn|24\n|inactive|Time left: 300 sec this turn | 300 sec total\n|\n|t:|1783545869\n|move|p1a: Pikachu|Fake Out||[still]\n|-hint|Fake Out only works on your first turn out.\n|-fail|p1a: Pikachu\n|move|p2a: Gallade|Sacred Sword|p1a: Pikachu\n|-damage|p1a: Pikachu|0 fnt\n|faint|p1a: Pikachu\n|\n|win|p0y583faa9", "uploadtime": 1783545869, "views": 0, "rating": 0, "private": 0, "password": null, "_winner": "p0y583faa9", "_our_name": "p0y583faa9"}