{"id": "battle-gen9randombattle-1682", "formatid": "gen9randombattle", "format": "[Gen 9] Random Battle", "players": ["p0x16823184", "p0y168203f0"], "log": "|init|battle\n|title|p0x16823184 vs. p0y168203f0\n|j|\u2606p0x16823184\n|j|\u2606p0y168203f0\n|t:|1783559508\n|gametype|singles\n|player|p1|p0x16823184|2|\n|player|p2|p0y168203f0|101|\n|gen|9\n|tier|[Gen 9] Random Battle\n|rule|Species Clause: Limit one of each Pok\u00e9mon\n|rule|HP Percentage Mod: HP is shown in percentages\n|rule|Sleep Clause Mod: Limit one foe put to sleep\n|rule|Illusion Level Mod: Illusion disguises the Pok\u00e9mon's true level\n|\n|t:|1783559508\n|teamsize|p1|6\n|teamsize|p2|6\n|start\n|switch|p1a: Urshifu|Urshifu-Rapid-Strike, L75, M|274/274\n|switch|p2a: Kricketune|Kricketune, L99, M|100/100\n|turn|1\n|inactive|Battle timer is ON: inactive players will automatically lose when time's up. (requested by p0x16823184)\n|inactive|p0y168203f0 also wants the timer to be on.\n|\n|t:|1783559509\n|-terastallize|p1a: Urshifu|Water\n|move|p1a: Urshifu|Surging Strikes|p2a: Kricketune\n|-crit|p2a: Kricketune\n|-damage|p2a: Kricketune|68/100\n|-crit|p2a: Kricketune\n|-damage|p2a: Kricketune|37/100\n|-crit|p2a: Kricketune\n|-damage|p2a: Kricketune|1/100\n|-hitcount|p2a: Kricketune|3\n|move|p2a: Kricketune|Sticky Web|p1a: Urshifu\n|-sidestart|p1: p0x16823184|move: Sticky Web\n|\n|upkeep\n|turn|2\n|inactive|Time left: 300 sec this turn | 300 sec total\n|\n|t:|1783559510\n|switch|p2a: Hydrapple|Hydrapple, L83, F|100/100\n|move|p1a: Urshifu|Surging Strikes|p2a: Hydrapple\n|-resisted|p2a: Hydrapple\n|-crit|p2a: Hydrapple\n|-damage|p2a: Hydrapple|94/100\n|-resisted|p2a: Hydrapple\n|-crit|p2a: Hydrapple\n|-damage|p2a: Hydrapple|89/100\n|-resisted|p2a: Hydrapple\n|-crit|p2a: Hydrapple\n|-damage|p2a: Hydrapple|83/100\n|-hitcount|p2a: Hydrapple|3\n|\n|upkeep\n|turn|3\n|inactive|Time left: 300 sec this turn | 300 sec total\n|\n|t:|1783559511\n|switch|p1a: Whimsicott|Whimsicott, L84, M|238/238\n|-activate|p1a: Whimsicott|move: Sticky Web\n|-unboost|p1a: Whimsicott|spe|1\n|move|p2a: Hydrapple|Fickle Beam|p1a: Whimsicott\n|-immune|p1a: Whimsicott\n|\n|upkeep\n|turn|4\n|inactive|Time left: 300 sec this turn | 300 sec total\n|\n|t:|1783559512\n|switch|p2a: Chi-Yu|Chi-Yu, L77|100/100\n|-ability|p2a: Chi-Yu|Beads of Ruin\n|move|p1a: Whimsicott|Moonblast|p2a: Chi-Yu\n|-damage|p2a: Chi-Yu|66/100\n|\n|upkeep\n|turn|5\n|inactive|Time left: 300 sec this turn | 300 sec total\n|\n|t:|1783559513\n|move|p2a: Chi-Yu|Fire Blast|p1a: Whimsicott\n|-supereffective|p1a: Whimsicott\n|-damage|p1a: Whimsicott|0 fnt\n|faint|p1a: Whimsicott\n|\n|upkeep\n|inactive|Time left: 300 sec this turn | 300 sec total | 5 sec grace\n|\n|t:|1783559514\n|switch|p1a: Hippowdon|Hippowdon, L82, F|311/311\n|-activate|p1a: Hippowdon|move: Sticky Web\n|-unboost|p1a: Hippowdon|spe|1\n|-weather|Sandstorm|[from] ability: Sand Stream|[of] p1a: Hippowdon\n|turn|6\n|inactive|Time left: 300 sec this turn | 300 sec total\n|\n|t:|1783559515\n|move|p2a: Chi-Yu|Fire Blast|p1a: Hippowdon\n|-damage|p1a: Hippowdon|101/311\n|move|p1a: Hippowdon|Earthquake|p2a: Chi-Yu\n|-supereffective|p2a: Chi-Yu\n|-damage|p2a: Chi-Yu|0 fnt\n|faint|p2a: Chi-Yu\n|\n|-weather|Sandstorm|[upkeep]\n|upkeep\n|\n|t:|1783559516\n|switch|p2a: Hydrapple|Hydrapple, L83, F|100/100\n|turn|7\n|inactive|Time left: 300 sec this turn | 300 sec total\n|\n|t:|1783559518\n|move|p2a: Hydrapple|Fickle Beam|p1a: Hippowdon\n|-damage|p1a: Hippowdon|0 fnt\n|faint|p1a: Hippowdon\n|\n|-weather|Sandstorm|[upkeep]\n|-damage|p2a: Hydrapple|94/100|[from] Sandstorm\n|upkeep\n|inactive|Time left: 300 sec this turn | 300 sec total | 5 sec grace\n|\n|t:|1783559519\n|switch|p1a: Urshifu|Urshifu-Rapid-Strike, L75, M, tera:Water|274/274\n|-activate|p1a: Urshifu|move: Sticky Web\n|-unboost|p1a: Urshifu|spe|1\n|turn|8\n|inactive|Time left: 300 sec this turn | 300 sec total\n|\n|t:|1783559520\n|move|p1a: Urshifu|Ice Spinner|p2a: Hydrapple\n|-supereffective|p2a: Hydrapple\n|-crit|p2a: Hydrapple\n|-damage|p2a: Hydrapple|0 fnt\n|faint|p2a: Hydrapple\n|\n|-weather|Sandstorm|[upkeep]\n|-damage|p1a: Urshifu|257/274|[from] Sandstorm\n|upkeep\n|\n|t:|1783559521\n|switch|p2a: Mabosstiff|Mabosstiff, L86, M|100/100\n|turn|9\n|inactive|Time left: 300 sec this turn | 300 sec total\n|\n|t:|1783559522\n|move|p2a: Mabosstiff|Crunch|p1a: Urshifu\n|-damage|p1a: Urshifu|89/274\n|-unboost|p1a: Urshifu|def|1\n|move|p1a: Urshifu|Ice Spinner|p2a: Mabosstiff\n|-damage|p2a: Mabosstiff|71/100\n|\n|-weather|Sandstorm|[upkeep]\n|-damage|p2a: Mabosstiff|65/100|[from] Sandstorm\n|-damage|p1a: Urshifu|72/274|[from] Sandstorm\n|upkeep\n|turn|10\n|inactive|Time left: 300 sec this turn | 300 sec total\n|\n|t:|1783559523\n|move|p2a: Mabosstiff|Crunch|p1a: Urshifu\n|-damage|p1a: Urshifu|0 fnt\n|faint|p1a: Urshifu\n|\n|-weather|none\n|upkeep\n|inactive|Time left: 300 sec this turn | 300 sec total | 5 sec grace\n|\n|t:|1783559524\n|switch|p1a: Darkrai|Darkrai, L77|234/234\n|-activate|p1a: Darkrai|move: Sticky Web\n|-unboost|p1a: Darkrai|spe|1\n|turn|11\n|inactive|Time left: 300 sec this turn | 300 sec total\n|\n|t:|1783559525\n|move|p2a: Mabosstiff|Crunch|p1a: Darkrai\n|-resisted|p1a: Darkrai\n|-damage|p1a: Darkrai|151/234\n|move|p1a: Darkrai|Hypnosis|p2a: Mabosstiff|[miss]\n|-miss|p1a: Darkrai|p2a: Mabosstiff\n|\n|upkeep\n|turn|12\n|inactive|Time left: 300 sec this turn | 300 sec total\n|\n|t:|1783559526\n|move|p2a: Mabosstiff|Crunch|p1a: Darkrai\n|-resisted|p1a: Darkrai\n|-damage|p1a: Darkrai|67/234\n|move|p1a: Darkrai|Sludge Bomb|p2a: Mabosstiff\n|-damage|p2a: Mabosstiff|29/100\n|-damage|p1a: Darkrai|44/234|[from] item: Life Orb\n|\n|upkeep\n|turn|13\n|inactive|Time left: 300 sec this turn | 300 sec total\n|\n|t:|1783559527\n|move|p2a: Mabosstiff|Crunch|p1a: Darkrai\n|-resisted|p1a: Darkrai\n|-damage|p1a: Darkrai|0 fnt\n|faint|p1a: Darkrai\n|\n|upkeep\n|inactive|Time left: 300 sec this turn | 300 sec total | 5 sec grace\n|\n|t:|1783559528\n|switch|p1a: Ambipom|Ambipom, L84, F|263/263\n|-activate|p1a: Ambipom|move: Sticky Web\n|-unboost|p1a: Ambipom|spe|1\n|turn|14\n|inactive|Time left: 300 sec this turn | 300 sec total\n|\n|t:|1783559529\n|-terastallize|p2a: Mabosstiff|Dark\n|move|p1a: Ambipom|Fake Out|p2a: Mabosstiff\n|-damage|p2a: Mabosstiff|1/100\n|cant|p2a: Mabosstiff|flinch\n|\n|upkeep\n|turn|15\n|inactive|Time left: 300 sec this turn | 300 sec total\n|\n|t:|1783559530\n|move|p2a: Mabosstiff|Crunch|p1a: Ambipom\n|-damage|p1a: Ambipom|21/263\n|-unboost|p1a: Ambipom|def|1\n|move|p1a: Ambipom|Double-Edge|p2a: Mabosstiff\n|-damage|p2a: Mabosstiff|0 fnt\n|faint|p2a: Mabosstiff\n|-damage|p1a: Ambipom|20/263|[from] Recoil\n|\n|upkeep\n|\n|t:|1783559531\n|switch|p2a: Reshiram|Reshiram, L76|100/100\n|-ability|p2a: Reshiram|Turboblaze\n|turn|16\n|inactive|Time left: 300 sec this turn | 300 sec total\n|\n|t:|1783559531\n|move|p1a: Ambipom|Fake Out||[still]\n|-hint|Fake Out only works on your first turn out.\n|-fail|p1a: Ambipom\n|move|p2a: Reshiram|Earth Power|p1a: Ambipom\n|-damage|p1a: Ambipom|0 fnt\n|faint|p1a: Ambipom\n|\n|upkeep\n|inactive|Time left: 300 sec this turn | 300 sec total | 5 sec grace\n|\n|t:|1783559532\n|switch|p1a: Latias|Latias, L79, F|256/256\n|turn|17\n|inactive|Time left: 300 sec this turn | 300 sec total\n|\n|t:|1783559533\n|move|p1a: Latias|Calm Mind|p1a: Latias\n|-boost|p1a: Latias|spa|1\n|-boost|p1a: Latias|spd|1\n|move|p2a: Reshiram|Draco Meteor|p1a: Latias\n|-supereffective|p1a: Latias\n|-damage|p1a: Latias|80/256\n|-unboost|p2a: Reshiram|spa|2\n|\n|upkeep\n|turn|18\n|inactive|Time left: 300 sec this turn | 300 sec total\n|\n|t:|1783559534\n|switch|p2a: Mesprit|Mesprit, L85|100/100\n|move|p1a: Latias|Recover|p1a: Latias\n|-heal|p1a: Latias|208/256\n|\n|upkeep\n|turn|19\n|inactive|Time left: 300 sec this turn | 300 sec total\n|\n|t:|1783559535\n|move|p1a: Latias|Calm Mind|p1a: Latias\n|-boost|p1a: Latias|spa|1\n|-boost|p1a: Latias|spd|1\n|move|p2a: Mesprit|Encore|p1a: Latias\n|-start|p1a: Latias|Encore\n|\n|upkeep\n|turn|20\n|inactive|Time left: 300 sec this turn | 300 sec total\n|\n|t:|1783559536\n|move|p1a: Latias|Calm Mind|p1a: Latias\n|-boost|p1a: Latias|spa|1\n|-boost|p1a: Latias|spd|1\n|move|p2a: Mesprit|Knock Off|p1a: Latias\n|-supereffective|p1a: Latias\n|-damage|p1a: Latias|36/256\n|-enditem|p1a: Latias|Soul Dew|[from] move: Knock Off|[of] p2a: Mesprit\n|\n|upkeep\n|turn|21\n|inactive|Time left: 300 sec this turn | 300 sec total\n|\n|t:|1783559537\n|move|p1a: Latias|Calm Mind|p1a: Latias\n|-boost|p1a: Latias|spa|1\n|-boost|p1a: Latias|spd|1\n|move|p2a: Mesprit|Knock Off|p1a: Latias\n|-supereffective|p1a: Latias\n|-damage|p1a: Latias|0 fnt\n|faint|p1a: Latias\n|\n|win|p0y168203f0", "uploadtime": 1783559537, "views": 0, "rating": 0, "private": 0, "password": null, "_winner": "p0y168203f0", "_our_name": "p0x16823184"}