{"id": "battle-gen9randombattle-649", "formatid": "gen9randombattle", "format": "[Gen 9] Random Battle", "players": ["p0x6499b0f", "p0y649d2ae"], "log": "|init|battle\n|title|p0x6499b0f vs. p0y649d2ae\n|j|\u2606p0x6499b0f\n|j|\u2606p0y649d2ae\n|t:|1783546649\n|gametype|singles\n|player|p1|p0x6499b0f|265|\n|player|p2|p0y649d2ae|169|\n|gen|9\n|tier|[Gen 9] Random Battle\n|rule|Species Clause: Limit one of each Pok\u00e9mon\n|rule|HP Percentage Mod: HP is shown in percentages\n|rule|Sleep Clause Mod: Limit one foe put to sleep\n|rule|Illusion Level Mod: Illusion disguises the Pok\u00e9mon's true level\n|\n|t:|1783546649\n|teamsize|p1|6\n|teamsize|p2|6\n|start\n|switch|p1a: Sableye|Sableye, L88, F|231/231\n|switch|p2a: Cloyster|Cloyster, L80, M|100/100\n|turn|1\n|inactive|Battle timer is ON: inactive players will automatically lose when time's up. (requested by p0y649d2ae)\n|inactive|Time left: 300 sec this turn | 300 sec total | 60 sec grace\n|inactive|p0x6499b0f also wants the timer to be on.\n|\n|t:|1783546650\n|move|p1a: Sableye|Will-O-Wisp|p2a: Cloyster\n|-status|p2a: Cloyster|brn\n|move|p2a: Cloyster|Shell Smash|p2a: Cloyster\n|-unboost|p2a: Cloyster|def|1\n|-unboost|p2a: Cloyster|spd|1\n|-boost|p2a: Cloyster|atk|2\n|-boost|p2a: Cloyster|spa|2\n|-boost|p2a: Cloyster|spe|2\n|-enditem|p2a: Cloyster|White Herb\n|-clearnegativeboost|p2a: Cloyster|[silent]\n|\n|-damage|p2a: Cloyster|94/100 brn|[from] brn\n|upkeep\n|turn|2\n|inactive|Time left: 300 sec this turn | 300 sec total\n|\n|t:|1783546650\n|move|p1a: Sableye|Encore|p2a: Cloyster\n|-start|p2a: Cloyster|Encore\n|move|p2a: Cloyster|Shell Smash|p2a: Cloyster\n|-unboost|p2a: Cloyster|def|1\n|-unboost|p2a: Cloyster|spd|1\n|-boost|p2a: Cloyster|atk|2\n|-boost|p2a: Cloyster|spa|2\n|-boost|p2a: Cloyster|spe|2\n|\n|-damage|p2a: Cloyster|88/100 brn|[from] brn\n|upkeep\n|turn|3\n|inactive|Time left: 300 sec this turn | 300 sec total\n|\n|t:|1783546651\n|switch|p1a: Pecharunt|Pecharunt, L77|262/262\n|move|p2a: Cloyster|Shell Smash|p2a: Cloyster\n|-unboost|p2a: Cloyster|def|1\n|-unboost|p2a: Cloyster|spd|1\n|-boost|p2a: Cloyster|atk|2\n|-boost|p2a: Cloyster|spa|2\n|-boost|p2a: Cloyster|spe|2\n|\n|-damage|p2a: Cloyster|82/100 brn|[from] brn\n|upkeep\n|turn|4\n|inactive|Time left: 300 sec this turn | 300 sec total\n|\n|t:|1783546652\n|move|p2a: Cloyster|Shell Smash|p2a: Cloyster\n|-unboost|p2a: Cloyster|def|1\n|-unboost|p2a: Cloyster|spd|1\n|-boost|p2a: Cloyster|atk|0\n|-boost|p2a: Cloyster|spa|0\n|-boost|p2a: Cloyster|spe|0\n|move|p1a: Pecharunt|Shadow Ball|p2a: Cloyster\n|-damage|p2a: Cloyster|0 fnt\n|faint|p2a: Cloyster\n|\n|upkeep\n|\n|t:|1783546652\n|switch|p2a: Meowstic|Meowstic-F, L89, F|100/100\n|turn|5\n|inactive|Time left: 300 sec this turn | 300 sec total\n|\n|t:|1783546653\n|move|p2a: Meowstic|Nasty Plot|p2a: Meowstic\n|-boost|p2a: Meowstic|spa|2\n|move|p1a: Pecharunt|Malignant Chain|p2a: Meowstic\n|-damage|p2a: Meowstic|72/100\n|-status|p2a: Meowstic|tox\n|-start|p2a: Meowstic|confusion|[from] ability: Poison Puppeteer|[of] p1a: Pecharunt\n|\n|-damage|p2a: Meowstic|66/100 tox|[from] psn\n|upkeep\n|turn|6\n|inactive|Time left: 300 sec this turn | 300 sec total\n|\n|t:|1783546654\n|switch|p1a: Wo-Chien|Wo-Chien, L83|277/277\n|-ability|p1a: Wo-Chien|Tablets of Ruin\n|-activate|p2a: Meowstic|confusion\n|move|p2a: Meowstic|Psychic|p1a: Wo-Chien\n|-immune|p1a: Wo-Chien\n|\n|-damage|p2a: Meowstic|54/100 tox|[from] psn\n|upkeep\n|turn|7\n|inactive|Time left: 300 sec this turn | 300 sec total\n|\n|t:|1783546655\n|-activate|p2a: Meowstic|confusion\n|move|p2a: Meowstic|Alluring Voice|p1a: Wo-Chien\n|-supereffective|p1a: Wo-Chien\n|-damage|p1a: Wo-Chien|77/277\n|-damage|p2a: Meowstic|44/100 tox|[from] item: Life Orb\n|move|p1a: Wo-Chien|Knock Off|p2a: Meowstic\n|-supereffective|p2a: Meowstic\n|-damage|p2a: Meowstic|0 fnt\n|-enditem|p2a: Meowstic|Life Orb|[from] move: Knock Off|[of] p1a: Wo-Chien\n|faint|p2a: Meowstic\n|\n|-heal|p1a: Wo-Chien|94/277|[from] item: Leftovers\n|upkeep\n|\n|t:|1783546656\n|switch|p2a: Hitmontop|Hitmontop, L88, M|100/100\n|turn|8\n|inactive|Time left: 300 sec this turn | 300 sec total\n|\n|t:|1783546657\n|move|p2a: Hitmontop|Triple Axel|p1a: Wo-Chien\n|-supereffective|p1a: Wo-Chien\n|-damage|p1a: Wo-Chien|60/277\n|-hitcount|p1a: Wo-Chien|1\n|move|p1a: Wo-Chien|Ruination|p2a: Hitmontop\n|-damage|p2a: Hitmontop|51/100\n|\n|-heal|p2a: Hitmontop|57/100|[from] item: Leftovers\n|-heal|p1a: Wo-Chien|77/277|[from] item: Leftovers\n|upkeep\n|turn|9\n|inactive|Time left: 300 sec this turn | 300 sec total\n|\n|t:|1783546658\n|switch|p1a: Bronzong|Bronzong, L88|261/261\n|move|p2a: Hitmontop|Triple Axel|p1a: Bronzong\n|-resisted|p1a: Bronzong\n|-damage|p1a: Bronzong|252/261\n|-resisted|p1a: Bronzong\n|-damage|p1a: Bronzong|236/261\n|-resisted|p1a: Bronzong\n|-damage|p1a: Bronzong|210/261\n|-hitcount|p1a: Bronzong|3\n|\n|-heal|p2a: Hitmontop|63/100|[from] item: Leftovers\n|-heal|p1a: Bronzong|226/261|[from] item: Leftovers\n|upkeep\n|turn|10\n|inactive|Time left: 300 sec this turn | 300 sec total\n|\n|t:|1783546660\n|move|p2a: Hitmontop|Bulk Up|p2a: Hitmontop\n|-boost|p2a: Hitmontop|atk|1\n|-boost|p2a: Hitmontop|def|1\n|move|p1a: Bronzong|Psychic|p2a: Hitmontop\n|-supereffective|p2a: Hitmontop\n|-damage|p2a: Hitmontop|0 fnt\n|faint|p2a: Hitmontop\n|\n|-heal|p1a: Bronzong|242/261|[from] item: Leftovers\n|upkeep\n|\n|t:|1783546661\n|switch|p2a: Duraludon|Duraludon, L82, M|100/100\n|turn|11\n|inactive|Time left: 300 sec this turn | 300 sec total\n|\n|t:|1783546662\n|move|p2a: Duraludon|Stealth Rock|p1a: Bronzong\n|-sidestart|p1: p0x6499b0f|move: Stealth Rock\n|move|p1a: Bronzong|Psychic|p2a: Duraludon\n|-resisted|p2a: Duraludon\n|-damage|p2a: Duraludon|81/100\n|\n|-heal|p1a: Bronzong|258/261|[from] item: Leftovers\n|upkeep\n|turn|12\n|inactive|Time left: 300 sec this turn | 300 sec total\n|\n|t:|1783546663\n|switch|p2a: Dipplin|Dipplin, L88, F|100/100\n|move|p1a: Bronzong|Earthquake|p2a: Dipplin\n|-resisted|p2a: Dipplin\n|-damage|p2a: Dipplin|94/100\n|\n|-heal|p1a: Bronzong|261/261|[from] item: Leftovers\n|upkeep\n|turn|13\n|inactive|Time left: 300 sec this turn | 300 sec total\n|\n|t:|1783546664\n|move|p2a: Dipplin|Dragon Pulse|p1a: Bronzong\n|-resisted|p1a: Bronzong\n|-damage|p1a: Bronzong|223/261\n|move|p1a: Bronzong|Hypnosis|p2a: Dipplin\n|-status|p2a: Dipplin|slp|[from] move: Hypnosis\n|\n|-heal|p1a: Bronzong|239/261|[from] item: Leftovers\n|upkeep\n|turn|14\n|inactive|Time left: 300 sec this turn | 300 sec total\n|\n|t:|1783546665\n|cant|p2a: Dipplin|slp\n|move|p1a: Bronzong|Iron Head|p2a: Dipplin\n|-damage|p2a: Dipplin|79/100 slp\n|\n|-heal|p1a: Bronzong|255/261|[from] item: Leftovers\n|upkeep\n|turn|15\n|inactive|Time left: 300 sec this turn | 300 sec total\n|\n|t:|1783546666\n|switch|p1a: Alcremie|Alcremie-Lemon-Cream, L90, F|263/263\n|-damage|p1a: Alcremie|231/263|[from] Stealth Rock\n|-curestatus|p2a: Dipplin|slp|[msg]\n|move|p2a: Dipplin|Recover|p2a: Dipplin\n|-heal|p2a: Dipplin|100/100\n|\n|-heal|p1a: Alcremie|247/263|[from] item: Leftovers\n|upkeep\n|turn|16\n|inactive|Time left: 300 sec this turn | 300 sec total\n|\n|t:|1783546667\n|move|p1a: Alcremie|Calm Mind|p1a: Alcremie\n|-boost|p1a: Alcremie|spa|1\n|-boost|p1a: Alcremie|spd|1\n|move|p2a: Dipplin|Giga Drain|p1a: Alcremie\n|-damage|p1a: Alcremie|208/263\n|\n|-heal|p1a: Alcremie|224/263|[from] item: Leftovers\n|upkeep\n|turn|17\n|inactive|Time left: 300 sec this turn | 300 sec total\n|\n|t:|1783546668\n|move|p1a: Alcremie|Calm Mind|p1a: Alcremie\n|-boost|p1a: Alcremie|spa|1\n|-boost|p1a: Alcremie|spd|1\n|move|p2a: Dipplin|Recover||[still]\n|-fail|p2a: Dipplin|heal\n|\n|-heal|p1a: Alcremie|240/263|[from] item: Leftovers\n|upkeep\n|turn|18\n|inactive|Time left: 300 sec this turn | 300 sec total\n|\n|t:|1783546669\n|-terastallize|p2a: Dipplin|Steel\n|move|p1a: Alcremie|Alluring Voice|p2a: Dipplin\n|-resisted|p2a: Dipplin\n|-damage|p2a: Dipplin|75/100\n|move|p2a: Dipplin|Dragon Tail|p1a: Alcremie\n|-immune|p1a: Alcremie\n|\n|-heal|p1a: Alcremie|256/263|[from] item: Leftovers\n|upkeep\n|turn|19\n|inactive|Time left: 300 sec this turn | 300 sec total\n|\n|t:|1783546670\n|move|p1a: Alcremie|Calm Mind|p1a: Alcremie\n|-boost|p1a: Alcremie|spa|1\n|-boost|p1a: Alcremie|spd|1\n|move|p2a: Dipplin|Recover|p2a: Dipplin\n|-heal|p2a: Dipplin|100/100\n|\n|-heal|p1a: Alcremie|263/263|[from] item: Leftovers\n|upkeep\n|turn|20\n|inactive|Time left: 300 sec this turn | 300 sec total\n|\n|t:|1783546671\n|move|p1a: Alcremie|Calm Mind|p1a: Alcremie\n|-boost|p1a: Alcremie|spa|1\n|-boost|p1a: Alcremie|spd|1\n|move|p2a: Dipplin|Recover||[still]\n|-fail|p2a: Dipplin|heal\n|\n|upkeep\n|turn|21\n|inactive|Time left: 300 sec this turn | 300 sec total\n|\n|t:|1783546672\n|move|p1a: Alcremie|Alluring Voice|p2a: Dipplin\n|-resisted|p2a: Dipplin\n|-damage|p2a: Dipplin|61/100\n|move|p2a: Dipplin|Recover|p2a: Dipplin\n|-heal|p2a: Dipplin|100/100\n|\n|upkeep\n|turn|22\n|inactive|Time left: 300 sec this turn | 300 sec total\n|\n|t:|1783546674\n|move|p1a: Alcremie|Alluring Voice|p2a: Dipplin\n|-resisted|p2a: Dipplin\n|-damage|p2a: Dipplin|65/100\n|move|p2a: Dipplin|Recover|p2a: Dipplin\n|-heal|p2a: Dipplin|100/100\n|\n|upkeep\n|turn|23\n|inactive|Time left: 300 sec this turn | 300 sec total\n|\n|t:|1783546675\n|move|p1a: Alcremie|Alluring Voice|p2a: Dipplin\n|-resisted|p2a: Dipplin\n|-damage|p2a: Dipplin|62/100\n|move|p2a: Dipplin|Recover|p2a: Dipplin\n|-heal|p2a: Dipplin|100/100\n|\n|upkeep\n|turn|24\n|inactive|Time left: 300 sec this turn | 300 sec total\n|\n|t:|1783546676\n|move|p1a: Alcremie|Alluring Voice|p2a: Dipplin\n|-resisted|p2a: Dipplin\n|-damage|p2a: Dipplin|59/100\n|move|p2a: Dipplin|Recover|p2a: Dipplin\n|-heal|p2a: Dipplin|100/100\n|\n|upkeep\n|turn|25\n|inactive|Time left: 300 sec this turn | 300 sec total\n|\n|t:|1783546677\n|move|p1a: Alcremie|Alluring Voice|p2a: Dipplin\n|-resisted|p2a: Dipplin\n|-damage|p2a: Dipplin|64/100\n|move|p2a: Dipplin|Dragon Tail|p1a: Alcremie\n|-immune|p1a: Alcremie\n|\n|upkeep\n|turn|26\n|inactive|Time left: 300 sec this turn | 300 sec total\n|\n|t:|1783546678\n|move|p1a: Alcremie|Alluring Voice|p2a: Dipplin\n|-resisted|p2a: Dipplin\n|-crit|p2a: Dipplin\n|-damage|p2a: Dipplin|7/100\n|move|p2a: Dipplin|Dragon Tail|p1a: Alcremie\n|-immune|p1a: Alcremie\n|\n|upkeep\n|turn|27\n|inactive|Time left: 300 sec this turn | 300 sec total\n|\n|t:|1783546679\n|move|p1a: Alcremie|Alluring Voice|p2a: Dipplin\n|-resisted|p2a: Dipplin\n|-damage|p2a: Dipplin|0 fnt\n|faint|p2a: Dipplin\n|\n|upkeep\n|\n|t:|1783546680\n|switch|p2a: Arceus|Arceus-Psychic, L70|100/100\n|turn|28\n|inactive|Time left: 300 sec this turn | 300 sec total\n|\n|t:|1783546681\n|move|p2a: Arceus|Cosmic Power|p2a: Arceus\n|-boost|p2a: Arceus|def|1\n|-boost|p2a: Arceus|spd|1\n|move|p1a: Alcremie|Alluring Voice|p2a: Arceus\n|-damage|p2a: Arceus|27/100\n|-start|p2a: Arceus|confusion\n|\n|upkeep\n|turn|29\n|inactive|Time left: 300 sec this turn | 300 sec total\n|\n|t:|1783546682\n|-activate|p2a: Arceus|confusion\n|-damage|p2a: Arceus|23/100|[from] confusion\n|move|p1a: Alcremie|Alluring Voice|p2a: Arceus\n|-damage|p2a: Arceus|0 fnt\n|faint|p2a: Arceus\n|\n|upkeep\n|\n|t:|1783546683\n|switch|p2a: Duraludon|Duraludon, L82, M|81/100\n|turn|30\n|inactive|Time left: 300 sec this turn | 300 sec total\n|\n|t:|1783546684\n|move|p2a: Duraludon|Stealth Rock||[still]\n|-fail|p2a: Duraludon\n|move|p1a: Alcremie|Alluring Voice|p2a: Duraludon\n|-damage|p2a: Duraludon|0 fnt\n|faint|p2a: Duraludon\n|\n|win|p0x6499b0f", "uploadtime": 1783546684, "views": 0, "rating": 0, "private": 0, "password": null, "_winner": "p0x6499b0f", "_our_name": "p0x6499b0f"}