{"id": "battle-gen9randombattle-1489", "formatid": "gen9randombattle", "format": "[Gen 9] Random Battle", "players": ["p0x148979de", "p0y1489eb7f"], "log": "|init|battle\n|title|p0x148979de vs. p0y1489eb7f\n|j|\u2606p0x148979de\n|j|\u2606p0y1489eb7f\n|t:|1783557308\n|gametype|singles\n|player|p1|p0x148979de|266|\n|player|p2|p0y1489eb7f|265|\n|gen|9\n|tier|[Gen 9] Random Battle\n|rule|Species Clause: Limit one of each Pok\u00e9mon\n|rule|HP Percentage Mod: HP is shown in percentages\n|rule|Sleep Clause Mod: Limit one foe put to sleep\n|rule|Illusion Level Mod: Illusion disguises the Pok\u00e9mon's true level\n|\n|t:|1783557308\n|teamsize|p1|6\n|teamsize|p2|6\n|start\n|switch|p1a: Persian|Persian, L92, M|269/269\n|switch|p2a: Cloyster|Cloyster, L80, M|100/100\n|turn|1\n|inactive|Battle timer is ON: inactive players will automatically lose when time's up. (requested by p0x148979de)\n|inactive|p0y1489eb7f also wants the timer to be on.\n|\n|t:|1783557310\n|switch|p1a: Primarina|Primarina, L83, F|268/268\n|move|p2a: Cloyster|Shell Smash|p2a: Cloyster\n|-unboost|p2a: Cloyster|def|1\n|-unboost|p2a: Cloyster|spd|1\n|-boost|p2a: Cloyster|atk|2\n|-boost|p2a: Cloyster|spa|2\n|-boost|p2a: Cloyster|spe|2\n|-enditem|p2a: Cloyster|White Herb\n|-clearnegativeboost|p2a: Cloyster|[silent]\n|\n|upkeep\n|turn|2\n|inactive|Time left: 300 sec this turn | 300 sec total\n|\n|t:|1783557311\n|move|p2a: Cloyster|Rock Blast|p1a: Primarina\n|-crit|p1a: Primarina\n|-damage|p1a: Primarina|212/268\n|-damage|p1a: Primarina|177/268\n|-damage|p1a: Primarina|143/268\n|-damage|p1a: Primarina|104/268\n|-damage|p1a: Primarina|66/268\n|-hitcount|p1a: Primarina|5\n|move|p1a: Primarina|Moonblast|p2a: Cloyster\n|-damage|p2a: Cloyster|0 fnt\n|faint|p2a: Cloyster\n|\n|-heal|p1a: Primarina|82/268|[from] item: Leftovers\n|upkeep\n|\n|t:|1783557312\n|switch|p2a: Gallade|Gallade, L80, M|100/100\n|turn|3\n|inactive|Time left: 300 sec this turn | 300 sec total\n|\n|t:|1783557314\n|switch|p1a: Ceruledge|Ceruledge, L78, M|245/245\n|move|p2a: Gallade|Psycho Cut|p1a: Ceruledge\n|-damage|p1a: Ceruledge|58/245\n|-ability|p1a: Ceruledge|Weak Armor|boost\n|-unboost|p1a: Ceruledge|def|1\n|-boost|p1a: Ceruledge|spe|2\n|-damage|p2a: Gallade|90/100|[from] item: Life Orb\n|\n|upkeep\n|turn|4\n|inactive|Time left: 300 sec this turn | 300 sec total\n|\n|t:|1783557315\n|switch|p2a: Rhydon|Rhydon, L85, F|100/100\n|move|p1a: Ceruledge|Poltergeist|p2a: Rhydon|[miss]\n|-miss|p1a: Ceruledge|p2a: Rhydon\n|\n|upkeep\n|turn|5\n|inactive|Time left: 300 sec this turn | 300 sec total\n|\n|t:|1783557316\n|switch|p1a: Gliscor|Gliscor, L76, M|239/239\n|move|p2a: Rhydon|Earthquake|p1a: Gliscor\n|-immune|p1a: Gliscor\n|\n|-status|p1a: Gliscor|tox|[from] item: Toxic Orb\n|upkeep\n|turn|6\n|inactive|Time left: 300 sec this turn | 300 sec total\n|\n|t:|1783557317\n|move|p1a: Gliscor|Toxic|p2a: Rhydon\n|-status|p2a: Rhydon|tox\n|move|p2a: Rhydon|Swords Dance|p2a: Rhydon\n|-boost|p2a: Rhydon|atk|2\n|\n|-damage|p2a: Rhydon|95/100 tox|[from] psn\n|upkeep\n|turn|7\n|inactive|Time left: 300 sec this turn | 300 sec total\n|\n|t:|1783557318\n|move|p1a: Gliscor|Substitute|p1a: Gliscor\n|-start|p1a: Gliscor|Substitute\n|-damage|p1a: Gliscor|180/239 tox\n|move|p2a: Rhydon|Stone Edge|p1a: Gliscor\n|-end|p1a: Gliscor|Substitute\n|\n|-heal|p1a: Gliscor|209/239 tox|[from] ability: Poison Heal\n|-damage|p2a: Rhydon|83/100 tox|[from] psn\n|upkeep\n|turn|8\n|inactive|Time left: 300 sec this turn | 300 sec total\n|\n|t:|1783557319\n|move|p1a: Gliscor|Substitute|p1a: Gliscor\n|-start|p1a: Gliscor|Substitute\n|-damage|p1a: Gliscor|150/239 tox\n|move|p2a: Rhydon|Stone Edge|p1a: Gliscor\n|-end|p1a: Gliscor|Substitute\n|\n|-heal|p1a: Gliscor|179/239 tox|[from] ability: Poison Heal\n|-damage|p2a: Rhydon|65/100 tox|[from] psn\n|upkeep\n|turn|9\n|inactive|Time left: 300 sec this turn | 300 sec total\n|\n|t:|1783557320\n|move|p1a: Gliscor|Protect|p1a: Gliscor\n|-singleturn|p1a: Gliscor|Protect\n|move|p2a: Rhydon|Stone Edge|p1a: Gliscor\n|-activate|p1a: Gliscor|move: Protect\n|\n|-heal|p1a: Gliscor|208/239 tox|[from] ability: Poison Heal\n|-damage|p2a: Rhydon|41/100 tox|[from] psn\n|upkeep\n|turn|10\n|inactive|Time left: 300 sec this turn | 300 sec total\n|\n|t:|1783557321\n|move|p1a: Gliscor|Substitute|p1a: Gliscor\n|-start|p1a: Gliscor|Substitute\n|-damage|p1a: Gliscor|149/239 tox\n|move|p2a: Rhydon|Stone Edge|p1a: Gliscor|[miss]\n|-miss|p2a: Rhydon|p1a: Gliscor\n|\n|-heal|p1a: Gliscor|178/239 tox|[from] ability: Poison Heal\n|-damage|p2a: Rhydon|11/100 tox|[from] psn\n|upkeep\n|turn|11\n|inactive|Time left: 300 sec this turn | 300 sec total\n|\n|t:|1783557322\n|switch|p2a: Beartic|Beartic, L91, F|100/100\n|move|p1a: Gliscor|Toxic|p2a: Beartic\n|-status|p2a: Beartic|tox\n|\n|-heal|p1a: Gliscor|207/239 tox|[from] ability: Poison Heal\n|-damage|p2a: Beartic|94/100 tox|[from] psn\n|upkeep\n|turn|12\n|inactive|Time left: 300 sec this turn | 300 sec total\n|\n|t:|1783557323\n|move|p1a: Gliscor|Earthquake|p2a: Beartic\n|-damage|p2a: Beartic|65/100 tox\n|move|p2a: Beartic|Icicle Crash|p1a: Gliscor\n|-supereffective|p1a: Gliscor\n|-end|p1a: Gliscor|Substitute\n|\n|-heal|p1a: Gliscor|236/239 tox|[from] ability: Poison Heal\n|-damage|p2a: Beartic|53/100 tox|[from] psn\n|upkeep\n|turn|13\n|inactive|Time left: 300 sec this turn | 300 sec total\n|\n|t:|1783557324\n|move|p1a: Gliscor|Substitute|p1a: Gliscor\n|-start|p1a: Gliscor|Substitute\n|-damage|p1a: Gliscor|177/239 tox\n|move|p2a: Beartic|Icicle Crash|p1a: Gliscor\n|-supereffective|p1a: Gliscor\n|-end|p1a: Gliscor|Substitute\n|\n|-heal|p1a: Gliscor|206/239 tox|[from] ability: Poison Heal\n|-damage|p2a: Beartic|34/100 tox|[from] psn\n|upkeep\n|turn|14\n|inactive|Time left: 300 sec this turn | 300 sec total\n|\n|t:|1783557325\n|move|p1a: Gliscor|Substitute|p1a: Gliscor\n|-start|p1a: Gliscor|Substitute\n|-damage|p1a: Gliscor|147/239 tox\n|move|p2a: Beartic|Icicle Crash|p1a: Gliscor|[miss]\n|-miss|p2a: Beartic|p1a: Gliscor\n|\n|-heal|p1a: Gliscor|176/239 tox|[from] ability: Poison Heal\n|-damage|p2a: Beartic|9/100 tox|[from] psn\n|upkeep\n|turn|15\n|inactive|Time left: 300 sec this turn | 300 sec total\n|\n|t:|1783557326\n|move|p1a: Gliscor|Earthquake|p2a: Beartic\n|-damage|p2a: Beartic|0 fnt\n|faint|p2a: Beartic\n|\n|-heal|p1a: Gliscor|205/239 tox|[from] ability: Poison Heal\n|upkeep\n|\n|t:|1783557327\n|switch|p2a: Indeedee|Indeedee-F, L90, F|100/100\n|-fieldstart|move: Psychic Terrain|[from] ability: Psychic Surge|[of] p2a: Indeedee\n|turn|16\n|inactive|Time left: 300 sec this turn | 300 sec total\n|\n|t:|1783557328\n|move|p2a: Indeedee|Hyper Voice|p1a: Gliscor\n|-crit|p1a: Gliscor\n|-damage|p1a: Gliscor|0 fnt\n|faint|p1a: Gliscor\n|\n|upkeep\n|inactive|Time left: 300 sec this turn | 300 sec total | 5 sec grace\n|\n|t:|1783557329\n|switch|p1a: Persian|Persian, L92, M|269/269\n|turn|17\n|inactive|Time left: 300 sec this turn | 300 sec total\n|\n|t:|1783557330\n|move|p2a: Indeedee|Hyper Voice|p1a: Persian\n|-crit|p1a: Persian\n|-damage|p1a: Persian|89/269\n|move|p1a: Persian|Knock Off|p2a: Indeedee\n|-supereffective|p2a: Indeedee\n|-damage|p2a: Indeedee|21/100\n|-enditem|p2a: Indeedee|Choice Scarf|[from] move: Knock Off|[of] p1a: Persian\n|\n|upkeep\n|turn|18\n|inactive|Time left: 300 sec this turn | 300 sec total\n|\n|t:|1783557331\n|switch|p2a: Arceus|Arceus-Ghost, L69|100/100\n|move|p1a: Persian|Knock Off|p2a: Arceus\n|-supereffective|p2a: Arceus\n|-damage|p2a: Arceus|57/100\n|\n|upkeep\n|turn|19\n|inactive|Time left: 300 sec this turn | 300 sec total\n|\n|t:|1783557332\n|move|p1a: Persian|Knock Off|p2a: Arceus\n|-supereffective|p2a: Arceus\n|-damage|p2a: Arceus|15/100\n|move|p2a: Arceus|Recover|p2a: Arceus\n|-heal|p2a: Arceus|65/100\n|\n|upkeep\n|turn|20\n|inactive|Time left: 300 sec this turn | 300 sec total\n|\n|t:|1783557333\n|move|p1a: Persian|Knock Off|p2a: Arceus\n|-supereffective|p2a: Arceus\n|-damage|p2a: Arceus|20/100\n|move|p2a: Arceus|Recover|p2a: Arceus\n|-heal|p2a: Arceus|70/100\n|\n|-fieldend|move: Psychic Terrain\n|upkeep\n|turn|21\n|inactive|Time left: 300 sec this turn | 300 sec total\n|\n|t:|1783557334\n|move|p1a: Persian|Knock Off|p2a: Arceus\n|-supereffective|p2a: Arceus\n|-damage|p2a: Arceus|26/100\n|move|p2a: Arceus|Calm Mind|p2a: Arceus\n|-boost|p2a: Arceus|spa|1\n|-boost|p2a: Arceus|spd|1\n|\n|upkeep\n|turn|22\n|inactive|Time left: 300 sec this turn | 300 sec total\n|\n|t:|1783557335\n|-terastallize|p2a: Arceus|Fighting\n|move|p1a: Persian|Knock Off|p2a: Arceus\n|-resisted|p2a: Arceus\n|-damage|p2a: Arceus|15/100\n|move|p2a: Arceus|Recover|p2a: Arceus\n|-heal|p2a: Arceus|65/100\n|\n|upkeep\n|turn|23\n|inactive|Time left: 300 sec this turn | 300 sec total\n|\n|t:|1783557336\n|move|p1a: Persian|Knock Off|p2a: Arceus\n|-resisted|p2a: Arceus\n|-damage|p2a: Arceus|54/100\n|move|p2a: Arceus|Recover|p2a: Arceus\n|-heal|p2a: Arceus|100/100\n|\n|upkeep\n|turn|24\n|inactive|Time left: 300 sec this turn | 300 sec total\n|\n|t:|1783557338\n|move|p1a: Persian|Knock Off|p2a: Arceus\n|-resisted|p2a: Arceus\n|-damage|p2a: Arceus|89/100\n|move|p2a: Arceus|Calm Mind|p2a: Arceus\n|-boost|p2a: Arceus|spa|1\n|-boost|p2a: Arceus|spd|1\n|\n|upkeep\n|turn|25\n|inactive|Time left: 300 sec this turn | 300 sec total\n|\n|t:|1783557338\n|move|p1a: Persian|Knock Off|p2a: Arceus\n|-resisted|p2a: Arceus\n|-damage|p2a: Arceus|77/100\n|move|p2a: Arceus|Recover|p2a: Arceus\n|-heal|p2a: Arceus|100/100\n|\n|upkeep\n|turn|26\n|inactive|Time left: 300 sec this turn | 300 sec total\n|\n|t:|1783557339\n|move|p1a: Persian|Knock Off|p2a: Arceus\n|-resisted|p2a: Arceus\n|-damage|p2a: Arceus|90/100\n|move|p2a: Arceus|Judgment|p1a: Persian\n|-immune|p1a: Persian\n|\n|upkeep\n|turn|27\n|inactive|Time left: 300 sec this turn | 300 sec total\n|\n|t:|1783557340\n|move|p1a: Persian|Knock Off|p2a: Arceus\n|-resisted|p2a: Arceus\n|-damage|p2a: Arceus|80/100\n|move|p2a: Arceus|Recover|p2a: Arceus\n|-heal|p2a: Arceus|100/100\n|\n|upkeep\n|turn|28\n|inactive|Time left: 300 sec this turn | 300 sec total\n|\n|t:|1783557341\n|move|p1a: Persian|Knock Off|p2a: Arceus\n|-resisted|p2a: Arceus\n|-damage|p2a: Arceus|90/100\n|move|p2a: Arceus|Focus Blast|p1a: Persian\n|-supereffective|p1a: Persian\n|-damage|p1a: Persian|0 fnt\n|faint|p1a: Persian\n|\n|upkeep\n|inactive|Time left: 300 sec this turn | 300 sec total | 5 sec grace\n|\n|t:|1783557342\n|switch|p1a: Tauros|Tauros, L82, M|257/257\n|turn|29\n|inactive|Time left: 300 sec this turn | 300 sec total\n|\n|t:|1783557343\n|move|p1a: Tauros|Body Slam|p2a: Arceus\n|-damage|p2a: Arceus|38/100\n|move|p2a: Arceus|Focus Blast|p1a: Tauros\n|-supereffective|p1a: Tauros\n|-damage|p1a: Tauros|0 fnt\n|faint|p1a: Tauros\n|\n|upkeep\n|inactive|Time left: 300 sec this turn | 300 sec total | 5 sec grace\n|\n|t:|1783557343\n|switch|p1a: Bisharp|Bisharp, L79, M|232/232\n|turn|30\n|inactive|Time left: 300 sec this turn | 300 sec total\n|\n|t:|1783557344\n|move|p2a: Arceus|Focus Blast|p1a: Bisharp|[miss]\n|-miss|p2a: Arceus|p1a: Bisharp\n|move|p1a: Bisharp|Iron Head|p2a: Arceus\n|-damage|p2a: Arceus|7/100\n|\n|upkeep\n|turn|31\n|inactive|Time left: 300 sec this turn | 300 sec total\n|\n|t:|1783557345\n|move|p2a: Arceus|Recover|p2a: Arceus\n|-heal|p2a: Arceus|57/100\n|move|p1a: Bisharp|Iron Head|p2a: Arceus\n|-damage|p2a: Arceus|27/100\n|\n|upkeep\n|turn|32\n|inactive|Time left: 300 sec this turn | 300 sec total\n|\n|t:|1783557346\n|move|p2a: Arceus|Recover|p2a: Arceus\n|-heal|p2a: Arceus|77/100\n|move|p1a: Bisharp|Iron Head|p2a: Arceus\n|-damage|p2a: Arceus|47/100\n|\n|upkeep\n|turn|33\n|inactive|Time left: 300 sec this turn | 300 sec total\n|\n|t:|1783557347\n|move|p2a: Arceus|Focus Blast|p1a: Bisharp\n|-supereffective|p1a: Bisharp\n|-damage|p1a: Bisharp|0 fnt\n|faint|p1a: Bisharp\n|\n|upkeep\n|inactive|Time left: 300 sec this turn | 300 sec total | 5 sec grace\n|\n|t:|1783557348\n|switch|p1a: Ceruledge|Ceruledge, L78, M|58/245\n|turn|34\n|inactive|Time left: 300 sec this turn | 300 sec total\n|\n|t:|1783557349\n|move|p2a: Arceus|Judgment|p1a: Ceruledge\n|-supereffective|p1a: Ceruledge\n|-damage|p1a: Ceruledge|0 fnt\n|faint|p1a: Ceruledge\n|\n|upkeep\n|inactive|Time left: 300 sec this turn | 300 sec total | 5 sec grace\n|\n|t:|1783557349\n|switch|p1a: Primarina|Primarina, L83, F|82/268\n|turn|35\n|inactive|Time left: 300 sec this turn | 300 sec total\n|\n|t:|1783557350\n|-terastallize|p1a: Primarina|Fairy\n|move|p2a: Arceus|Judgment|p1a: Primarina\n|-damage|p1a: Primarina|0 fnt\n|faint|p1a: Primarina\n|\n|win|p0y1489eb7f", "uploadtime": 1783557350, "views": 0, "rating": 0, "private": 0, "password": null, "_winner": "p0y1489eb7f", "_our_name": "p0x148979de"}