{"id": "battle-gen9randombattle-1450", "formatid": "gen9randombattle", "format": "[Gen 9] Random Battle", "players": ["p0x1450c99b", "p0y1450439b"], "log": "|init|battle\n|title|p0x1450c99b vs. p0y1450439b\n|j|\u2606p0x1450c99b\n|j|\u2606p0y1450439b\n|t:|1783556887\n|gametype|singles\n|player|p1|p0x1450c99b|266|\n|player|p2|p0y1450439b|169|\n|gen|9\n|tier|[Gen 9] Random Battle\n|rule|Species Clause: Limit one of each Pok\u00e9mon\n|rule|HP Percentage Mod: HP is shown in percentages\n|rule|Sleep Clause Mod: Limit one foe put to sleep\n|rule|Illusion Level Mod: Illusion disguises the Pok\u00e9mon's true level\n|\n|t:|1783556887\n|teamsize|p1|6\n|teamsize|p2|6\n|start\n|switch|p1a: Rillaboom|Rillaboom, L79, F|288/288\n|switch|p2a: Serperior|Serperior, L79, F|100/100\n|-fieldstart|move: Grassy Terrain|[from] ability: Grassy Surge|[of] p1a: Rillaboom\n|turn|1\n|inactive|Battle timer is ON: inactive players will automatically lose when time's up. (requested by p0y1450439b)\n|inactive|Time left: 300 sec this turn | 300 sec total | 60 sec grace\n|inactive|p0x1450c99b also wants the timer to be on.\n|\n|t:|1783556889\n|move|p2a: Serperior|Leaf Storm|p1a: Rillaboom\n|-resisted|p1a: Rillaboom\n|-damage|p1a: Rillaboom|181/288\n|-boost|p2a: Serperior|spa|2\n|-damage|p2a: Serperior|91/100|[from] item: Life Orb\n|move|p1a: Rillaboom|U-turn|p2a: Serperior\n|-supereffective|p2a: Serperior\n|-damage|p2a: Serperior|25/100\n|inactive|Time left: 300 sec this turn | 300 sec total | 65 sec grace\n|\n|t:|1783556890\n|switch|p1a: Iron Valiant|Iron Valiant, L78|244/244|[from] U-turn\n|\n|-heal|p2a: Serperior|32/100|[from] Grassy Terrain\n|upkeep\n|turn|2\n|inactive|Time left: 300 sec this turn | 300 sec total\n|\n|t:|1783556891\n|switch|p2a: Arbok|Arbok, L87, M|100/100\n|-ability|p2a: Arbok|Intimidate|boost\n|-unboost|p1a: Iron Valiant|atk|1\n|move|p1a: Iron Valiant|Moonblast|p2a: Arbok\n|-resisted|p2a: Arbok\n|-damage|p2a: Arbok|72/100\n|-damage|p1a: Iron Valiant|220/244|[from] item: Life Orb\n|\n|-heal|p1a: Iron Valiant|235/244|[from] Grassy Terrain\n|-heal|p2a: Arbok|78/100|[from] Grassy Terrain\n|upkeep\n|turn|3\n|inactive|Time left: 300 sec this turn | 300 sec total\n|\n|t:|1783556892\n|move|p1a: Iron Valiant|Moonblast|p2a: Arbok\n|-resisted|p2a: Arbok\n|-damage|p2a: Arbok|48/100\n|-damage|p1a: Iron Valiant|211/244|[from] item: Life Orb\n|move|p2a: Arbok|Gunk Shot|p1a: Iron Valiant\n|-supereffective|p1a: Iron Valiant\n|-damage|p1a: Iron Valiant|0 fnt\n|faint|p1a: Iron Valiant\n|-end|p1a: Iron Valiant|Quark Drive|[silent]\n|-damage|p2a: Arbok|38/100|[from] item: Life Orb\n|\n|-heal|p2a: Arbok|44/100|[from] Grassy Terrain\n|upkeep\n|inactive|Time left: 300 sec this turn | 300 sec total | 5 sec grace\n|\n|t:|1783556893\n|switch|p1a: Thundurus|Thundurus-Therian, L80, M|258/258\n|turn|4\n|inactive|Time left: 300 sec this turn | 300 sec total\n|\n|t:|1783556894\n|switch|p2a: Groudon|Groudon, L72|100/100\n|-weather|SunnyDay|[from] ability: Drought|[of] p2a: Groudon\n|move|p1a: Thundurus|Psychic|p2a: Groudon\n|-damage|p2a: Groudon|66/100\n|\n|-weather|SunnyDay|[upkeep]\n|-heal|p2a: Groudon|72/100|[from] Grassy Terrain\n|-heal|p2a: Groudon|78/100|[from] item: Leftovers\n|upkeep\n|turn|5\n|inactive|Time left: 300 sec this turn | 300 sec total\n|\n|t:|1783556896\n|move|p1a: Thundurus|Nasty Plot|p1a: Thundurus\n|-boost|p1a: Thundurus|spa|2\n|move|p2a: Groudon|Heat Crash|p1a: Thundurus\n|-damage|p1a: Thundurus|98/258\n|\n|-weather|SunnyDay|[upkeep]\n|-heal|p2a: Groudon|84/100|[from] Grassy Terrain\n|-heal|p2a: Groudon|90/100|[from] item: Leftovers\n|-fieldend|move: Grassy Terrain\n|upkeep\n|turn|6\n|inactive|Time left: 300 sec this turn | 300 sec total\n|\n|t:|1783556897\n|move|p1a: Thundurus|Focus Blast|p2a: Groudon\n|-damage|p2a: Groudon|0 fnt\n|faint|p2a: Groudon\n|\n|-weather|SunnyDay|[upkeep]\n|upkeep\n|\n|t:|1783556898\n|switch|p2a: Rabsca|Rabsca, L91, M|100/100\n|turn|7\n|inactive|Time left: 300 sec this turn | 300 sec total\n|\n|t:|1783556899\n|move|p1a: Thundurus|Thunderbolt|p2a: Rabsca\n|-damage|p2a: Rabsca|29/100\n|move|p2a: Rabsca|Psychic|p1a: Thundurus\n|-damage|p1a: Thundurus|0 fnt\n|faint|p1a: Thundurus\n|\n|-weather|SunnyDay|[upkeep]\n|upkeep\n|inactive|Time left: 300 sec this turn | 300 sec total | 5 sec grace\n|\n|t:|1783556900\n|switch|p1a: Clawitzer|Clawitzer, L87, M|265/265\n|turn|8\n|inactive|Time left: 300 sec this turn | 300 sec total\n|\n|t:|1783556900\n|switch|p2a: Tropius|Tropius, L91, F|100/100\n|move|p1a: Clawitzer|Dark Pulse|p2a: Tropius\n|-damage|p2a: Tropius|57/100\n|\n|-weather|none\n|upkeep\n|turn|9\n|inactive|Time left: 300 sec this turn | 300 sec total\n|\n|t:|1783556901\n|move|p2a: Tropius|Protect|p2a: Tropius\n|-singleturn|p2a: Tropius|Protect\n|move|p1a: Clawitzer|Dark Pulse|p2a: Tropius\n|-activate|p2a: Tropius|move: Protect\n|\n|upkeep\n|turn|10\n|inactive|Time left: 300 sec this turn | 300 sec total\n|\n|t:|1783556902\n|move|p1a: Clawitzer|Dark Pulse|p2a: Tropius\n|-damage|p2a: Tropius|9/100\n|-enditem|p2a: Tropius|Sitrus Berry|[eat]\n|-heal|p2a: Tropius|34/100|[from] item: Sitrus Berry\n|move|p2a: Tropius|Leech Seed|p1a: Clawitzer\n|-start|p1a: Clawitzer|move: Leech Seed\n|\n|-damage|p1a: Clawitzer|232/265|[from] Leech Seed|[of] p2a: Tropius\n|-heal|p2a: Tropius|44/100|[silent]\n|upkeep\n|turn|11\n|inactive|Time left: 300 sec this turn | 300 sec total\n|\n|t:|1783556902\n|move|p2a: Tropius|Protect|p2a: Tropius\n|-singleturn|p2a: Tropius|Protect\n|move|p1a: Clawitzer|Dark Pulse|p2a: Tropius\n|-activate|p2a: Tropius|move: Protect\n|\n|-damage|p1a: Clawitzer|199/265|[from] Leech Seed|[of] p2a: Tropius\n|-heal|p2a: Tropius|54/100|[silent]\n|-item|p2a: Tropius|Sitrus Berry|[from] ability: Harvest\n|upkeep\n|turn|12\n|inactive|Time left: 300 sec this turn | 300 sec total\n|\n|t:|1783556903\n|move|p1a: Clawitzer|Dark Pulse|p2a: Tropius\n|-damage|p2a: Tropius|12/100\n|-enditem|p2a: Tropius|Sitrus Berry|[eat]\n|-heal|p2a: Tropius|37/100|[from] item: Sitrus Berry\n|cant|p2a: Tropius|flinch\n|\n|-damage|p1a: Clawitzer|166/265|[from] Leech Seed|[of] p2a: Tropius\n|-heal|p2a: Tropius|47/100|[silent]\n|-item|p2a: Tropius|Sitrus Berry|[from] ability: Harvest\n|upkeep\n|-enditem|p2a: Tropius|Sitrus Berry|[eat]\n|-heal|p2a: Tropius|72/100|[from] item: Sitrus Berry\n|turn|13\n|inactive|Time left: 300 sec this turn | 300 sec total\n|\n|t:|1783556904\n|move|p2a: Tropius|Protect|p2a: Tropius\n|-singleturn|p2a: Tropius|Protect\n|move|p1a: Clawitzer|Dark Pulse|p2a: Tropius\n|-activate|p2a: Tropius|move: Protect\n|\n|-damage|p1a: Clawitzer|133/265|[from] Leech Seed|[of] p2a: Tropius\n|-heal|p2a: Tropius|82/100|[silent]\n|-item|p2a: Tropius|Sitrus Berry|[from] ability: Harvest\n|upkeep\n|turn|14\n|inactive|Time left: 300 sec this turn | 300 sec total\n|\n|t:|1783556904\n|move|p1a: Clawitzer|Dark Pulse|p2a: Tropius\n|-damage|p2a: Tropius|41/100\n|-enditem|p2a: Tropius|Sitrus Berry|[eat]\n|-heal|p2a: Tropius|66/100|[from] item: Sitrus Berry\n|move|p2a: Tropius|Air Slash|p1a: Clawitzer\n|-damage|p1a: Clawitzer|67/265\n|\n|-damage|p1a: Clawitzer|34/265|[from] Leech Seed|[of] p2a: Tropius\n|-heal|p2a: Tropius|76/100|[silent]\n|upkeep\n|turn|15\n|inactive|Time left: 300 sec this turn | 300 sec total\n|\n|t:|1783556905\n|move|p2a: Tropius|Protect|p2a: Tropius\n|-singleturn|p2a: Tropius|Protect\n|move|p1a: Clawitzer|Dark Pulse|p2a: Tropius\n|-activate|p2a: Tropius|move: Protect\n|\n|-damage|p1a: Clawitzer|1/265|[from] Leech Seed|[of] p2a: Tropius\n|-heal|p2a: Tropius|86/100|[silent]\n|-item|p2a: Tropius|Sitrus Berry|[from] ability: Harvest\n|upkeep\n|turn|16\n|inactive|Time left: 300 sec this turn | 300 sec total\n|\n|t:|1783556906\n|move|p1a: Clawitzer|Dark Pulse|p2a: Tropius\n|-damage|p2a: Tropius|44/100\n|-enditem|p2a: Tropius|Sitrus Berry|[eat]\n|-heal|p2a: Tropius|69/100|[from] item: Sitrus Berry\n|cant|p2a: Tropius|flinch\n|\n|-damage|p1a: Clawitzer|0 fnt|[from] Leech Seed|[of] p2a: Tropius\n|-heal|p2a: Tropius|70/100|[silent]\n|faint|p1a: Clawitzer\n|upkeep\n|inactive|Time left: 300 sec this turn | 300 sec total | 5 sec grace\n|\n|t:|1783556907\n|switch|p1a: Keldeo|Keldeo-Resolute, L79|273/273\n|turn|17\n|inactive|Time left: 300 sec this turn | 300 sec total\n|\n|t:|1783556908\n|move|p1a: Keldeo|Calm Mind|p1a: Keldeo\n|-boost|p1a: Keldeo|spa|1\n|-boost|p1a: Keldeo|spd|1\n|move|p2a: Tropius|Leech Seed|p1a: Keldeo\n|-start|p1a: Keldeo|move: Leech Seed\n|\n|-damage|p1a: Keldeo|239/273|[from] Leech Seed|[of] p2a: Tropius\n|-heal|p2a: Tropius|80/100|[silent]\n|-item|p2a: Tropius|Sitrus Berry|[from] ability: Harvest\n|upkeep\n|turn|18\n|inactive|Time left: 300 sec this turn | 300 sec total\n|\n|t:|1783556909\n|move|p1a: Keldeo|Calm Mind|p1a: Keldeo\n|-boost|p1a: Keldeo|spa|1\n|-boost|p1a: Keldeo|spd|1\n|move|p2a: Tropius|Air Slash|p1a: Keldeo\n|-supereffective|p1a: Keldeo\n|-damage|p1a: Keldeo|165/273\n|\n|-heal|p1a: Keldeo|182/273|[from] item: Leftovers\n|-damage|p1a: Keldeo|148/273|[from] Leech Seed|[of] p2a: Tropius\n|-heal|p2a: Tropius|90/100|[silent]\n|upkeep\n|turn|19\n|inactive|Time left: 300 sec this turn | 300 sec total\n|\n|t:|1783556910\n|move|p1a: Keldeo|Secret Sword|p2a: Tropius\n|-resisted|p2a: Tropius\n|-damage|p2a: Tropius|59/100\n|move|p2a: Tropius|Air Slash|p1a: Keldeo\n|-supereffective|p1a: Keldeo\n|-damage|p1a: Keldeo|74/273\n|\n|-heal|p1a: Keldeo|91/273|[from] item: Leftovers\n|-damage|p1a: Keldeo|57/273|[from] Leech Seed|[of] p2a: Tropius\n|-heal|p2a: Tropius|70/100|[silent]\n|upkeep\n|turn|20\n|inactive|Time left: 300 sec this turn | 300 sec total\n|\n|t:|1783556911\n|move|p1a: Keldeo|Surf|p2a: Tropius\n|-resisted|p2a: Tropius\n|-damage|p2a: Tropius|38/100\n|-enditem|p2a: Tropius|Sitrus Berry|[eat]\n|-heal|p2a: Tropius|63/100|[from] item: Sitrus Berry\n|move|p2a: Tropius|Air Slash|p1a: Keldeo\n|-supereffective|p1a: Keldeo\n|-damage|p1a: Keldeo|0 fnt\n|faint|p1a: Keldeo\n|\n|upkeep\n|inactive|Time left: 300 sec this turn | 300 sec total | 5 sec grace\n|\n|t:|1783556912\n|switch|p1a: Rillaboom|Rillaboom, L79, F|181/288\n|-fieldstart|move: Grassy Terrain|[from] ability: Grassy Surge|[of] p1a: Rillaboom\n|turn|21\n|inactive|Time left: 300 sec this turn | 300 sec total\n|\n|t:|1783556913\n|move|p1a: Rillaboom|U-turn|p2a: Tropius\n|-damage|p2a: Tropius|39/100\n|inactive|Time left: 300 sec this turn | 300 sec total | 5 sec grace\n|\n|t:|1783556914\n|switch|p1a: Iron Treads|Iron Treads, L77|265/265|[from] U-turn\n|move|p2a: Tropius|Air Slash|p1a: Iron Treads\n|-resisted|p1a: Iron Treads\n|-damage|p1a: Iron Treads|231/265\n|\n|-heal|p1a: Iron Treads|247/265|[from] Grassy Terrain\n|upkeep\n|turn|22\n|inactive|Time left: 300 sec this turn | 300 sec total\n|\n|t:|1783556916\n|move|p1a: Iron Treads|Iron Head|p2a: Tropius\n|-damage|p2a: Tropius|14/100\n|move|p2a: Tropius|Leech Seed|p1a: Iron Treads\n|-start|p1a: Iron Treads|move: Leech Seed\n|\n|-heal|p1a: Iron Treads|263/265|[from] Grassy Terrain\n|-damage|p1a: Iron Treads|230/265|[from] Leech Seed|[of] p2a: Tropius\n|-heal|p2a: Tropius|24/100|[silent]\n|upkeep\n|turn|23\n|inactive|Time left: 300 sec this turn | 300 sec total\n|\n|t:|1783556917\n|-end|p1a: Iron Treads|Quark Drive|[silent]\n|switch|p1a: Rillaboom|Rillaboom, L79, F|181/288\n|move|p2a: Tropius|Air Slash|p1a: Rillaboom\n|-supereffective|p1a: Rillaboom\n|-damage|p1a: Rillaboom|0 fnt\n|faint|p1a: Rillaboom\n|\n|upkeep\n|inactive|Time left: 300 sec this turn | 300 sec total | 5 sec grace\n|\n|t:|1783556918\n|switch|p1a: Iron Treads|Iron Treads, L77|230/265\n|turn|24\n|inactive|Time left: 300 sec this turn | 300 sec total\n|\n|t:|1783556919\n|move|p1a: Iron Treads|Iron Head|p2a: Tropius\n|-damage|p2a: Tropius|1/100\n|move|p2a: Tropius|Leech Seed|p1a: Iron Treads\n|-start|p1a: Iron Treads|move: Leech Seed\n|\n|-heal|p1a: Iron Treads|246/265|[from] Grassy Terrain\n|-damage|p1a: Iron Treads|213/265|[from] Leech Seed|[of] p2a: Tropius\n|-heal|p2a: Tropius|11/100|[silent]\n|-item|p2a: Tropius|Sitrus Berry|[from] ability: Harvest\n|upkeep\n|-enditem|p2a: Tropius|Sitrus Berry|[eat]\n|-heal|p2a: Tropius|36/100|[from] item: Sitrus Berry\n|turn|25\n|inactive|Time left: 300 sec this turn | 300 sec total\n|\n|t:|1783556920\n|switch|p2a: Arbok|Arbok, L87, M|44/100\n|-ability|p2a: Arbok|Intimidate|boost\n|-unboost|p1a: Iron Treads|atk|1\n|move|p1a: Iron Treads|Iron Head|p2a: Arbok\n|-damage|p2a: Arbok|19/100\n|\n|-heal|p1a: Iron Treads|229/265|[from] Grassy Terrain\n|-heal|p2a: Arbok|25/100|[from] Grassy Terrain\n|-damage|p1a: Iron Treads|196/265|[from] Leech Seed|[of] p2a: Arbok\n|-heal|p2a: Arbok|39/100|[silent]\n|-fieldend|move: Grassy Terrain\n|upkeep\n|turn|26\n|inactive|Time left: 300 sec this turn | 300 sec total\n|\n|t:|1783556921\n|-terastallize|p2a: Arbok|Ground\n|move|p1a: Iron Treads|Iron Head|p2a: Arbok\n|-damage|p2a: Arbok|11/100\n|move|p2a: Arbok|Earthquake|p1a: Iron Treads\n|-supereffective|p1a: Iron Treads\n|-damage|p1a: Iron Treads|0 fnt\n|faint|p1a: Iron Treads\n|-end|p1a: Iron Treads|Quark Drive|[silent]\n|-damage|p2a: Arbok|2/100|[from] item: Life Orb\n|\n|win|p0y1450439b", "uploadtime": 1783556921, "views": 0, "rating": 0, "private": 0, "password": null, "_winner": "p0y1450439b", "_our_name": "p0x1450c99b"}