{"id": "battle-gen9randombattle-2391", "formatid": "gen9randombattle", "format": "[Gen 9] Random Battle", "players": ["p0x2391a47f", "p0y2391237f"], "log": "|init|battle\n|title|p0x2391a47f vs. p0y2391237f\n|j|\u2606p0x2391a47f\n|j|\u2606p0y2391237f\n|t:|1783566739\n|gametype|singles\n|player|p1|p0x2391a47f|265|\n|player|p2|p0y2391237f|102|\n|gen|9\n|tier|[Gen 9] Random Battle\n|rule|Species Clause: Limit one of each Pok\u00e9mon\n|rule|HP Percentage Mod: HP is shown in percentages\n|rule|Sleep Clause Mod: Limit one foe put to sleep\n|rule|Illusion Level Mod: Illusion disguises the Pok\u00e9mon's true level\n|\n|t:|1783566739\n|teamsize|p1|6\n|teamsize|p2|6\n|start\n|switch|p1a: Tinkaton|Tinkaton, L82, F|100/100\n|switch|p2a: Swanna|Swanna, L89, M|278/278\n|-ability|p1a: Tinkaton|Mold Breaker\n|turn|1\n|inactive|Battle timer is ON: inactive players will automatically lose when time's up. (requested by p0x2391a47f)\n|inactive|Time left: 300 sec this turn | 300 sec total | 60 sec grace\n|inactive|p0y2391237f also wants the timer to be on.\n|\n|t:|1783566741\n|move|p2a: Swanna|Hydro Pump|p1a: Tinkaton\n|-damage|p1a: Tinkaton|62/100\n|move|p1a: Tinkaton|Swords Dance|p1a: Tinkaton\n|-boost|p1a: Tinkaton|atk|2\n|\n|-heal|p1a: Tinkaton|68/100|[from] item: Leftovers\n|upkeep\n|turn|2\n|inactive|Time left: 300 sec this turn | 300 sec total\n|\n|t:|1783566742\n|move|p2a: Swanna|Hydro Pump|p1a: Tinkaton\n|-damage|p1a: Tinkaton|30/100\n|move|p1a: Tinkaton|Gigaton Hammer|p2a: Swanna\n|-resisted|p2a: Swanna\n|-damage|p2a: Swanna|110/278\n|\n|-heal|p1a: Tinkaton|37/100|[from] item: Leftovers\n|upkeep\n|turn|3\n|inactive|Time left: 300 sec this turn | 300 sec total\n|\n|t:|1783566743\n|move|p1a: Tinkaton|Protect|p1a: Tinkaton\n|-singleturn|p1a: Tinkaton|Protect\n|move|p2a: Swanna|Hydro Pump|p1a: Tinkaton\n|-activate|p1a: Tinkaton|move: Protect\n|\n|-heal|p1a: Tinkaton|43/100|[from] item: Leftovers\n|upkeep\n|turn|4\n|inactive|Time left: 300 sec this turn | 300 sec total\n|\n|t:|1783566744\n|move|p2a: Swanna|Hydro Pump|p1a: Tinkaton\n|-damage|p1a: Tinkaton|7/100\n|move|p1a: Tinkaton|Play Rough|p2a: Swanna\n|-damage|p2a: Swanna|0 fnt\n|faint|p2a: Swanna\n|\n|-heal|p1a: Tinkaton|13/100|[from] item: Leftovers\n|upkeep\n|inactive|Time left: 300 sec this turn | 300 sec total | 5 sec grace\n|\n|t:|1783566744\n|switch|p2a: Leavanny|Leavanny, L86, F|269/269\n|turn|5\n|inactive|Time left: 300 sec this turn | 300 sec total\n|\n|t:|1783566746\n|move|p1a: Tinkaton|Protect|p1a: Tinkaton\n|-singleturn|p1a: Tinkaton|Protect\n|move|p2a: Leavanny|Knock Off|p1a: Tinkaton\n|-activate|p1a: Tinkaton|move: Protect\n|\n|-heal|p1a: Tinkaton|19/100|[from] item: Leftovers\n|upkeep\n|turn|6\n|inactive|Time left: 300 sec this turn | 300 sec total\n|\n|t:|1783566746\n|move|p2a: Leavanny|Leaf Blade|p1a: Tinkaton\n|-resisted|p1a: Tinkaton\n|-damage|p1a: Tinkaton|0 fnt\n|faint|p1a: Tinkaton\n|\n|upkeep\n|\n|t:|1783566747\n|switch|p1a: Frosmoth|Frosmoth, L82, F|100/100\n|turn|7\n|inactive|Time left: 300 sec this turn | 300 sec total\n|\n|t:|1783566749\n|move|p2a: Leavanny|Lunge|p1a: Frosmoth\n|-damage|p1a: Frosmoth|54/100\n|-unboost|p1a: Frosmoth|atk|1\n|move|p1a: Frosmoth|Quiver Dance|p1a: Frosmoth\n|-boost|p1a: Frosmoth|spa|1\n|-boost|p1a: Frosmoth|spd|1\n|-boost|p1a: Frosmoth|spe|1\n|\n|upkeep\n|turn|8\n|inactive|Time left: 300 sec this turn | 300 sec total\n|\n|t:|1783566750\n|-terastallize|p2a: Leavanny|Ghost\n|move|p1a: Frosmoth|Ice Beam|p2a: Leavanny\n|-damage|p2a: Leavanny|94/269\n|move|p2a: Leavanny|Sticky Web|p1a: Frosmoth\n|-sidestart|p1: p0x2391a47f|move: Sticky Web\n|\n|upkeep\n|turn|9\n|inactive|Time left: 300 sec this turn | 300 sec total\n|\n|t:|1783566751\n|move|p1a: Frosmoth|Ice Beam|p2a: Leavanny\n|-damage|p2a: Leavanny|0 fnt\n|faint|p2a: Leavanny\n|\n|upkeep\n|inactive|Time left: 300 sec this turn | 300 sec total | 5 sec grace\n|\n|t:|1783566752\n|switch|p2a: Grafaiai|Grafaiai, L86, M|249/249\n|turn|10\n|inactive|Time left: 300 sec this turn | 300 sec total\n|\n|t:|1783566753\n|-terastallize|p1a: Frosmoth|Ground\n|move|p2a: Grafaiai|Gunk Shot|p1a: Frosmoth\n|-resisted|p1a: Frosmoth\n|-damage|p1a: Frosmoth|20/100\n|move|p1a: Frosmoth|Tera Blast|p2a: Grafaiai|[anim] Tera Blast Ground\n|-supereffective|p2a: Grafaiai\n|-damage|p2a: Grafaiai|0 fnt\n|faint|p2a: Grafaiai\n|\n|upkeep\n|inactive|Time left: 300 sec this turn | 300 sec total | 5 sec grace\n|\n|t:|1783566754\n|switch|p2a: Arceus|Arceus-Dragon, L71|288/288\n|turn|11\n|inactive|Time left: 300 sec this turn | 300 sec total\n|\n|t:|1783566755\n|move|p2a: Arceus|Extreme Speed|p1a: Frosmoth\n|-damage|p1a: Frosmoth|0 fnt\n|faint|p1a: Frosmoth\n|\n|upkeep\n|\n|t:|1783566756\n|switch|p1a: Conkeldurr|Conkeldurr, L80, F|100/100\n|-activate|p1a: Conkeldurr|move: Sticky Web\n|-unboost|p1a: Conkeldurr|spe|1\n|turn|12\n|inactive|Time left: 300 sec this turn | 300 sec total\n|\n|t:|1783566757\n|move|p2a: Arceus|Swords Dance|p2a: Arceus\n|-boost|p2a: Arceus|atk|2\n|move|p1a: Conkeldurr|Facade|p2a: Arceus\n|-damage|p2a: Arceus|226/288\n|\n|-status|p1a: Conkeldurr|brn|[from] item: Flame Orb\n|upkeep\n|turn|13\n|inactive|Time left: 300 sec this turn | 300 sec total\n|\n|t:|1783566758\n|move|p2a: Arceus|Outrage|p1a: Conkeldurr\n|-damage|p1a: Conkeldurr|8/100 brn\n|move|p1a: Conkeldurr|Close Combat|p2a: Arceus\n|-damage|p2a: Arceus|6/288\n|-unboost|p1a: Conkeldurr|def|1\n|-unboost|p1a: Conkeldurr|spd|1\n|\n|-damage|p1a: Conkeldurr|2/100 brn|[from] brn\n|upkeep\n|turn|14\n|inactive|Time left: 300 sec this turn | 300 sec total\n|\n|t:|1783566759\n|move|p1a: Conkeldurr|Mach Punch|p2a: Arceus\n|-damage|p2a: Arceus|0 fnt\n|faint|p2a: Arceus\n|\n|-damage|p1a: Conkeldurr|0 fnt|[from] brn\n|faint|p1a: Conkeldurr\n|upkeep\n|inactive|Time left: 300 sec this turn | 300 sec total | 5 sec grace\n|\n|t:|1783566760\n|switch|p2a: Houndoom|Houndoom, L87, F|272/272\n|switch|p1a: Tatsugiri|Tatsugiri, L87, M|100/100\n|turn|15\n|inactive|Time left: 300 sec this turn | 300 sec total\n|\n|t:|1783566761\n|move|p2a: Houndoom|Dark Pulse|p1a: Tatsugiri\n|-damage|p1a: Tatsugiri|64/100\n|move|p1a: Tatsugiri|Hydro Pump|p2a: Houndoom\n|-supereffective|p2a: Houndoom\n|-damage|p2a: Houndoom|0 fnt\n|faint|p2a: Houndoom\n|\n|upkeep\n|inactive|Time left: 300 sec this turn | 300 sec total | 5 sec grace\n|\n|t:|1783566761\n|switch|p2a: Corviknight|Corviknight, L80, F|288/288\n|-ability|p2a: Corviknight|Pressure\n|turn|16\n|inactive|Time left: 300 sec this turn | 300 sec total\n|\n|t:|1783566762\n|move|p1a: Tatsugiri|Nasty Plot|p1a: Tatsugiri\n|-boost|p1a: Tatsugiri|spa|2\n|move|p2a: Corviknight|Body Press|p1a: Tatsugiri\n|-damage|p1a: Tatsugiri|37/100\n|\n|upkeep\n|turn|17\n|inactive|Time left: 300 sec this turn | 300 sec total\n|\n|t:|1783566763\n|move|p1a: Tatsugiri|Hydro Pump|p2a: Corviknight\n|-damage|p2a: Corviknight|0 fnt\n|faint|p2a: Corviknight\n|\n|win|p0x2391a47f", "uploadtime": 1783566763, "views": 0, "rating": 0, "private": 0, "password": null, "_winner": "p0x2391a47f", "_our_name": "p0y2391237f"}