{"id": "battle-gen9randombattle-2746", "formatid": "gen9randombattle", "format": "[Gen 9] Random Battle", "players": ["p0x27461c2c", "p0y27465833"], "log": "|init|battle\n|title|p0x27461c2c vs. p0y27465833\n|j|\u2606p0x27461c2c\n|j|\u2606p0y27465833\n|t:|1783571651\n|gametype|singles\n|player|p1|p0x27461c2c|266|\n|player|p2|p0y27465833|169|\n|gen|9\n|tier|[Gen 9] Random Battle\n|rule|Species Clause: Limit one of each Pok\u00e9mon\n|rule|HP Percentage Mod: HP is shown in percentages\n|rule|Sleep Clause Mod: Limit one foe put to sleep\n|rule|Illusion Level Mod: Illusion disguises the Pok\u00e9mon's true level\n|\n|t:|1783571651\n|teamsize|p1|6\n|teamsize|p2|6\n|start\n|switch|p1a: Alcremie|Alcremie, L90, F|263/263\n|switch|p2a: Crabominable|Crabominable, L90, M|100/100\n|turn|1\n|inactive|Battle timer is ON: inactive players will automatically lose when time's up. (requested by p0x27461c2c)\n|\n|t:|1783571653\n|move|p1a: Alcremie|Alluring Voice|p2a: Crabominable\n|-supereffective|p2a: Crabominable\n|-damage|p2a: Crabominable|49/100\n|move|p2a: Crabominable|Ice Hammer|p1a: Alcremie\n|-damage|p1a: Alcremie|71/263\n|-unboost|p2a: Crabominable|spe|1\n|\n|-heal|p1a: Alcremie|87/263|[from] item: Leftovers\n|upkeep\n|turn|2\n|inactive|Time left: 300 sec this turn | 300 sec total\n|inactive|p0y27465833 also wants the timer to be on.\n|\n|t:|1783571654\n|move|p1a: Alcremie|Alluring Voice|p2a: Crabominable\n|-supereffective|p2a: Crabominable\n|-damage|p2a: Crabominable|0 fnt\n|faint|p2a: Crabominable\n|\n|-heal|p1a: Alcremie|103/263|[from] item: Leftovers\n|upkeep\n|\n|t:|1783571655\n|switch|p2a: Munkidori|Munkidori, L79, M|100/100\n|turn|3\n|inactive|Time left: 300 sec this turn | 300 sec total\n|\n|t:|1783571656\n|move|p2a: Munkidori|Psyshock|p1a: Alcremie\n|-damage|p1a: Alcremie|0 fnt\n|faint|p1a: Alcremie\n|-damage|p2a: Munkidori|91/100|[from] item: Life Orb\n|\n|upkeep\n|inactive|Time left: 300 sec this turn | 300 sec total | 5 sec grace\n|\n|t:|1783571657\n|switch|p1a: Kyurem|Kyurem-Black, L71|295/295\n|-ability|p1a: Kyurem|Teravolt\n|turn|4\n|inactive|Time left: 300 sec this turn | 300 sec total\n|\n|t:|1783571658\n|move|p2a: Munkidori|Focus Blast|p1a: Kyurem\n|-supereffective|p1a: Kyurem\n|-damage|p1a: Kyurem|25/295\n|-status|p1a: Kyurem|tox|[from] ability: Toxic Chain|[of] p2a: Munkidori\n|-damage|p2a: Munkidori|81/100|[from] item: Life Orb\n|move|p1a: Kyurem|Scale Shot|p2a: Munkidori\n|-damage|p2a: Munkidori|66/100\n|-damage|p2a: Munkidori|52/100\n|-damage|p2a: Munkidori|37/100\n|-damage|p2a: Munkidori|23/100\n|-hitcount|p2a: Munkidori|4\n|-unboost|p1a: Kyurem|def|1\n|-boost|p1a: Kyurem|spe|1\n|\n|-damage|p1a: Kyurem|7/295 tox|[from] psn\n|upkeep\n|turn|5\n|inactive|Time left: 300 sec this turn | 300 sec total\n|\n|t:|1783571659\n|switch|p2a: Cresselia|Cresselia, L80, F|100/100\n|move|p1a: Kyurem|Icicle Spear|p2a: Cresselia\n|-damage|p2a: Cresselia|92/100\n|-damage|p2a: Cresselia|83/100\n|-damage|p2a: Cresselia|74/100\n|-damage|p2a: Cresselia|65/100\n|-damage|p2a: Cresselia|56/100\n|-hitcount|p2a: Cresselia|5\n|\n|-heal|p2a: Cresselia|62/100|[from] item: Leftovers\n|-damage|p1a: Kyurem|0 fnt|[from] psn\n|faint|p1a: Kyurem\n|upkeep\n|inactive|Time left: 300 sec this turn | 300 sec total | 5 sec grace\n|\n|t:|1783571661\n|switch|p1a: Thundurus|Thundurus-Therian, L80, M|258/258\n|turn|6\n|inactive|Time left: 300 sec this turn | 300 sec total\n|\n|t:|1783571662\n|move|p1a: Thundurus|Thunderbolt|p2a: Cresselia\n|-damage|p2a: Cresselia|14/100\n|move|p2a: Cresselia|Moonlight|p2a: Cresselia\n|-heal|p2a: Cresselia|63/100\n|\n|-heal|p2a: Cresselia|70/100|[from] item: Leftovers\n|upkeep\n|turn|7\n|inactive|Time left: 300 sec this turn | 300 sec total\n|\n|t:|1783571663\n|move|p1a: Thundurus|Thunderbolt|p2a: Cresselia\n|-damage|p2a: Cresselia|26/100\n|move|p2a: Cresselia|Calm Mind|p2a: Cresselia\n|-boost|p2a: Cresselia|spa|1\n|-boost|p2a: Cresselia|spd|1\n|\n|-heal|p2a: Cresselia|32/100|[from] item: Leftovers\n|upkeep\n|turn|8\n|inactive|Time left: 300 sec this turn | 300 sec total\n|\n|t:|1783571664\n|move|p1a: Thundurus|Thunderbolt|p2a: Cresselia\n|-damage|p2a: Cresselia|0 fnt\n|faint|p2a: Cresselia\n|\n|upkeep\n|\n|t:|1783571665\n|switch|p2a: Munkidori|Munkidori, L79, M|23/100\n|turn|9\n|inactive|Time left: 300 sec this turn | 300 sec total\n|\n|t:|1783571666\n|move|p2a: Munkidori|Psyshock|p1a: Thundurus\n|-damage|p1a: Thundurus|109/258\n|-damage|p2a: Munkidori|14/100|[from] item: Life Orb\n|move|p1a: Thundurus|Thunderbolt|p2a: Munkidori\n|-damage|p2a: Munkidori|0 fnt\n|faint|p2a: Munkidori\n|\n|upkeep\n|\n|t:|1783571667\n|switch|p2a: Serperior|Serperior, L79, M|100/100\n|turn|10\n|inactive|Time left: 300 sec this turn | 300 sec total\n|\n|t:|1783571668\n|move|p2a: Serperior|Leaf Storm|p1a: Thundurus\n|-resisted|p1a: Thundurus\n|-damage|p1a: Thundurus|55/258\n|-boost|p2a: Serperior|spa|2\n|move|p1a: Thundurus|Thunderbolt|p2a: Serperior\n|-resisted|p2a: Serperior\n|-damage|p2a: Serperior|67/100\n|\n|-heal|p2a: Serperior|73/100|[from] item: Leftovers\n|upkeep\n|turn|11\n|inactive|Time left: 300 sec this turn | 300 sec total\n|\n|t:|1783571669\n|switch|p1a: Appletun|Appletun, L92, F|352/352\n|move|p2a: Serperior|Leaf Storm|p1a: Appletun\n|-resisted|p1a: Appletun\n|-damage|p1a: Appletun|303/352\n|-boost|p2a: Serperior|spa|2\n|\n|-heal|p2a: Serperior|79/100|[from] item: Leftovers\n|-heal|p1a: Appletun|325/352|[from] item: Leftovers\n|upkeep\n|turn|12\n|inactive|Time left: 300 sec this turn | 300 sec total\n|\n|t:|1783571670\n|move|p2a: Serperior|Substitute|p2a: Serperior\n|-start|p2a: Serperior|Substitute\n|-damage|p2a: Serperior|54/100\n|move|p1a: Appletun|Draco Meteor|p2a: Serperior\n|-end|p2a: Serperior|Substitute\n|-unboost|p1a: Appletun|spa|2\n|\n|-heal|p2a: Serperior|60/100|[from] item: Leftovers\n|-heal|p1a: Appletun|347/352|[from] item: Leftovers\n|upkeep\n|turn|13\n|inactive|Time left: 300 sec this turn | 300 sec total\n|\n|t:|1783571671\n|move|p2a: Serperior|Leaf Storm|p1a: Appletun\n|-resisted|p1a: Appletun\n|-damage|p1a: Appletun|276/352\n|-boost|p2a: Serperior|spa|2\n|move|p1a: Appletun|Draco Meteor|p2a: Serperior\n|-damage|p2a: Serperior|28/100\n|-unboost|p1a: Appletun|spa|2\n|\n|-heal|p2a: Serperior|34/100|[from] item: Leftovers\n|-heal|p1a: Appletun|298/352|[from] item: Leftovers\n|upkeep\n|turn|14\n|inactive|Time left: 300 sec this turn | 300 sec total\n|\n|t:|1783571672\n|switch|p1a: Thundurus|Thundurus-Therian, L80, M|55/258\n|move|p2a: Serperior|Substitute|p2a: Serperior\n|-start|p2a: Serperior|Substitute\n|-damage|p2a: Serperior|9/100\n|\n|-heal|p2a: Serperior|15/100|[from] item: Leftovers\n|upkeep\n|turn|15\n|inactive|Time left: 300 sec this turn | 300 sec total\n|\n|t:|1783571673\n|move|p2a: Serperior|Tera Blast|p1a: Thundurus\n|-damage|p1a: Thundurus|0 fnt\n|faint|p1a: Thundurus\n|\n|-heal|p2a: Serperior|21/100|[from] item: Leftovers\n|upkeep\n|inactive|Time left: 300 sec this turn | 300 sec total | 5 sec grace\n|\n|t:|1783571674\n|switch|p1a: Appletun|Appletun, L92, F|298/352\n|turn|16\n|inactive|Time left: 300 sec this turn | 300 sec total\n|\n|t:|1783571675\n|move|p2a: Serperior|Tera Blast|p1a: Appletun\n|-damage|p1a: Appletun|125/352\n|move|p1a: Appletun|Draco Meteor|p2a: Serperior\n|-end|p2a: Serperior|Substitute\n|-unboost|p1a: Appletun|spa|2\n|\n|-heal|p2a: Serperior|27/100|[from] item: Leftovers\n|-heal|p1a: Appletun|147/352|[from] item: Leftovers\n|upkeep\n|turn|17\n|inactive|Time left: 300 sec this turn | 300 sec total\n|\n|t:|1783571676\n|move|p2a: Serperior|Tera Blast|p1a: Appletun\n|-damage|p1a: Appletun|0 fnt\n|faint|p1a: Appletun\n|\n|-heal|p2a: Serperior|33/100|[from] item: Leftovers\n|upkeep\n|inactive|Time left: 300 sec this turn | 300 sec total | 5 sec grace\n|\n|t:|1783571677\n|switch|p1a: Porygon-Z|Porygon-Z, L83|277/277\n|turn|18\n|inactive|Time left: 300 sec this turn | 300 sec total\n|\n|t:|1783571678\n|-terastallize|p1a: Porygon-Z|Ghost\n|move|p1a: Porygon-Z|Shadow Ball|p2a: Serperior\n|-damage|p2a: Serperior|0 fnt\n|faint|p2a: Serperior\n|\n|upkeep\n|\n|t:|1783571678\n|switch|p2a: Jumpluff|Jumpluff, L87, F|100/100\n|turn|19\n|inactive|Time left: 300 sec this turn | 300 sec total\n|\n|t:|1783571679\n|move|p1a: Porygon-Z|Shadow Ball|p2a: Jumpluff\n|-damage|p2a: Jumpluff|47/100\n|move|p2a: Jumpluff|Leech Seed|p1a: Porygon-Z\n|-start|p1a: Porygon-Z|move: Leech Seed\n|\n|-damage|p1a: Porygon-Z|243/277|[from] Leech Seed|[of] p2a: Jumpluff\n|-heal|p2a: Jumpluff|60/100|[silent]\n|upkeep\n|turn|20\n|inactive|Time left: 300 sec this turn | 300 sec total\n|\n|t:|1783571680\n|move|p1a: Porygon-Z|Shadow Ball|p2a: Jumpluff\n|-damage|p2a: Jumpluff|12/100\n|move|p2a: Jumpluff|Strength Sap|p1a: Porygon-Z\n|-unboost|p1a: Porygon-Z|atk|1\n|-heal|p2a: Jumpluff|62/100\n|\n|-damage|p1a: Porygon-Z|209/277|[from] Leech Seed|[of] p2a: Jumpluff\n|-heal|p2a: Jumpluff|75/100|[silent]\n|upkeep\n|turn|21\n|inactive|Time left: 300 sec this turn | 300 sec total\n|\n|t:|1783571681\n|move|p1a: Porygon-Z|Shadow Ball|p2a: Jumpluff\n|-damage|p2a: Jumpluff|30/100\n|move|p2a: Jumpluff|Strength Sap|p1a: Porygon-Z\n|-unboost|p1a: Porygon-Z|atk|1\n|-heal|p2a: Jumpluff|64/100\n|\n|-damage|p1a: Porygon-Z|175/277|[from] Leech Seed|[of] p2a: Jumpluff\n|-heal|p2a: Jumpluff|76/100|[silent]\n|upkeep\n|turn|22\n|inactive|Time left: 300 sec this turn | 300 sec total\n|\n|t:|1783571682\n|move|p1a: Porygon-Z|Shadow Ball|p2a: Jumpluff\n|-damage|p2a: Jumpluff|30/100\n|move|p2a: Jumpluff|Substitute|p2a: Jumpluff\n|-start|p2a: Jumpluff|Substitute\n|-damage|p2a: Jumpluff|5/100\n|\n|-damage|p1a: Porygon-Z|141/277|[from] Leech Seed|[of] p2a: Jumpluff\n|-heal|p2a: Jumpluff|17/100|[silent]\n|upkeep\n|turn|23\n|inactive|Time left: 300 sec this turn | 300 sec total\n|\n|t:|1783571683\n|move|p1a: Porygon-Z|Shadow Ball|p2a: Jumpluff\n|-end|p2a: Jumpluff|Substitute\n|move|p2a: Jumpluff|Strength Sap|p1a: Porygon-Z\n|-unboost|p1a: Porygon-Z|atk|1\n|-heal|p2a: Jumpluff|43/100\n|\n|-damage|p1a: Porygon-Z|107/277|[from] Leech Seed|[of] p2a: Jumpluff\n|-heal|p2a: Jumpluff|55/100|[silent]\n|upkeep\n|turn|24\n|inactive|Time left: 300 sec this turn | 300 sec total\n|\n|t:|1783571684\n|move|p1a: Porygon-Z|Shadow Ball|p2a: Jumpluff\n|-damage|p2a: Jumpluff|3/100\n|move|p2a: Jumpluff|Acrobatics|p1a: Porygon-Z\n|-damage|p1a: Porygon-Z|5/277\n|\n|-damage|p1a: Porygon-Z|0 fnt|[from] Leech Seed|[of] p2a: Jumpluff\n|-heal|p2a: Jumpluff|5/100|[silent]\n|faint|p1a: Porygon-Z\n|upkeep\n|inactive|Time left: 300 sec this turn | 300 sec total | 5 sec grace\n|\n|t:|1783571685\n|switch|p1a: Poliwrath|Poliwrath, L88, F|302/302\n|turn|25\n|inactive|Time left: 300 sec this turn | 300 sec total\n|\n|t:|1783571686\n|move|p2a: Jumpluff|Strength Sap|p1a: Poliwrath\n|-unboost|p1a: Poliwrath|atk|1\n|-heal|p2a: Jumpluff|85/100\n|move|p1a: Poliwrath|Circle Throw|p2a: Jumpluff\n|-resisted|p2a: Jumpluff\n|-damage|p2a: Jumpluff|75/100\n|drag|p2a: Dialga|Dialga-Origin, L73|100/100\n|-ability|p2a: Dialga|Pressure\n|\n|upkeep\n|turn|26\n|inactive|Time left: 300 sec this turn | 300 sec total\n|\n|t:|1783571687\n|-terastallize|p2a: Dialga|Dragon\n|move|p2a: Dialga|Draco Meteor|p1a: Poliwrath\n|-damage|p1a: Poliwrath|164/302\n|-unboost|p2a: Dialga|spa|2\n|move|p1a: Poliwrath|Liquidation|p2a: Dialga\n|-resisted|p2a: Dialga\n|-damage|p2a: Dialga|89/100\n|\n|upkeep\n|turn|27\n|inactive|Time left: 300 sec this turn | 300 sec total\n|\n|t:|1783571688\n|move|p2a: Dialga|Heavy Slam|p1a: Poliwrath\n|-resisted|p1a: Poliwrath\n|-damage|p1a: Poliwrath|111/302\n|move|p1a: Poliwrath|Liquidation|p2a: Dialga\n|-resisted|p2a: Dialga\n|-damage|p2a: Dialga|79/100\n|\n|upkeep\n|turn|28\n|inactive|Time left: 300 sec this turn | 300 sec total\n|\n|t:|1783571689\n|move|p1a: Poliwrath|Liquidation|p2a: Dialga\n|-resisted|p2a: Dialga\n|-damage|p2a: Dialga|68/100\n|move|p2a: Dialga|Dragon Tail|p1a: Poliwrath\n|-damage|p1a: Poliwrath|39/302\n|\n|upkeep\n|turn|29\n|inactive|Time left: 300 sec this turn | 300 sec total\n|\n|t:|1783571690\n|move|p2a: Dialga|Heavy Slam|p1a: Poliwrath\n|-resisted|p1a: Poliwrath\n|-damage|p1a: Poliwrath|0 fnt\n|faint|p1a: Poliwrath\n|\n|win|p0y27465833", "uploadtime": 1783571690, "views": 0, "rating": 0, "private": 0, "password": null, "_winner": "p0y27465833", "_our_name": "p0x27461c2c"}