{"id": "battle-gen9randombattle-2359", "formatid": "gen9randombattle", "format": "[Gen 9] Random Battle", "players": ["p0x2359986b", "p0y235902b2"], "log": "|init|battle\n|title|p0x2359986b vs. p0y235902b2\n|j|\u2606p0x2359986b\n|j|\u2606p0y235902b2\n|t:|1783566360\n|gametype|singles\n|player|p1|p0x2359986b|266|\n|player|p2|p0y235902b2|265|\n|gen|9\n|tier|[Gen 9] Random Battle\n|rule|Species Clause: Limit one of each Pok\u00e9mon\n|rule|HP Percentage Mod: HP is shown in percentages\n|rule|Sleep Clause Mod: Limit one foe put to sleep\n|rule|Illusion Level Mod: Illusion disguises the Pok\u00e9mon's true level\n|\n|t:|1783566360\n|teamsize|p1|6\n|teamsize|p2|6\n|start\n|switch|p1a: Dachsbun|Dachsbun, L92, F|100/100\n|switch|p2a: Oinkologne|Oinkologne-F, L92, F|361/361\n|turn|1\n|inactive|Battle timer is ON: inactive players will automatically lose when time's up. (requested by p0x2359986b)\n|inactive|Time left: 300 sec this turn | 300 sec total | 60 sec grace\n|inactive|p0y235902b2 also wants the timer to be on.\n|\n|t:|1783566362\n|move|p1a: Dachsbun|Play Rough|p2a: Oinkologne\n|-damage|p2a: Oinkologne|249/361\n|move|p2a: Oinkologne|Body Slam|p1a: Dachsbun\n|-damage|p1a: Dachsbun|73/100\n|-status|p1a: Dachsbun|par\n|\n|-heal|p2a: Oinkologne|271/361|[from] item: Leftovers\n|-heal|p1a: Dachsbun|79/100 par|[from] item: Leftovers\n|upkeep\n|turn|2\n|inactive|Time left: 300 sec this turn | 300 sec total\n|\n|t:|1783566363\n|move|p2a: Oinkologne|Body Slam|p1a: Dachsbun\n|-damage|p1a: Dachsbun|52/100 par\n|move|p1a: Dachsbun|Play Rough|p2a: Oinkologne\n|-damage|p2a: Oinkologne|169/361\n|\n|-heal|p2a: Oinkologne|191/361|[from] item: Leftovers\n|-heal|p1a: Dachsbun|58/100 par|[from] item: Leftovers\n|upkeep\n|turn|3\n|inactive|Time left: 300 sec this turn | 300 sec total\n|\n|t:|1783566364\n|move|p2a: Oinkologne|Body Slam|p1a: Dachsbun\n|-damage|p1a: Dachsbun|28/100 par\n|move|p1a: Dachsbun|Wish|p1a: Dachsbun\n|\n|-heal|p2a: Oinkologne|213/361|[from] item: Leftovers\n|-heal|p1a: Dachsbun|34/100 par|[from] item: Leftovers\n|upkeep\n|turn|4\n|inactive|Time left: 300 sec this turn | 300 sec total\n|\n|t:|1783566365\n|move|p2a: Oinkologne|High Horsepower|p1a: Dachsbun\n|-damage|p1a: Dachsbun|12/100 par\n|move|p1a: Dachsbun|Play Rough|p2a: Oinkologne\n|-damage|p2a: Oinkologne|108/361\n|\n|-heal|p1a: Dachsbun|62/100 par|[from] move: Wish|[wisher] Dachsbun\n|-heal|p2a: Oinkologne|130/361|[from] item: Leftovers\n|-heal|p1a: Dachsbun|68/100 par|[from] item: Leftovers\n|upkeep\n|turn|5\n|inactive|Time left: 300 sec this turn | 300 sec total\n|\n|t:|1783566366\n|switch|p2a: Toxtricity|Toxtricity, L82, M|257/257\n|move|p1a: Dachsbun|Play Rough|p2a: Toxtricity\n|-resisted|p2a: Toxtricity\n|-damage|p2a: Toxtricity|196/257\n|\n|-heal|p1a: Dachsbun|74/100 par|[from] item: Leftovers\n|upkeep\n|turn|6\n|inactive|Time left: 300 sec this turn | 300 sec total\n|\n|t:|1783566367\n|move|p1a: Dachsbun|Protect|p1a: Dachsbun\n|-singleturn|p1a: Dachsbun|Protect\n|move|p2a: Toxtricity|Boomburst|p1a: Dachsbun\n|-activate|p1a: Dachsbun|move: Protect\n|\n|-heal|p1a: Dachsbun|80/100 par|[from] item: Leftovers\n|upkeep\n|turn|7\n|inactive|Time left: 300 sec this turn | 300 sec total\n|\n|t:|1783566368\n|switch|p1a: Florges|Florges-Orange, L85, F|100/100\n|move|p2a: Toxtricity|Boomburst|p1a: Florges\n|-damage|p1a: Florges|55/100\n|\n|-heal|p1a: Florges|61/100|[from] item: Leftovers\n|upkeep\n|turn|8\n|inactive|Time left: 300 sec this turn | 300 sec total\n|\n|t:|1783566369\n|move|p1a: Florges|Moonblast|p2a: Toxtricity\n|-resisted|p2a: Toxtricity\n|-damage|p2a: Toxtricity|132/257\n|-unboost|p2a: Toxtricity|spa|1\n|move|p2a: Toxtricity|Boomburst|p1a: Florges\n|-damage|p1a: Florges|32/100\n|\n|-heal|p1a: Florges|38/100|[from] item: Leftovers\n|upkeep\n|turn|9\n|inactive|Time left: 300 sec this turn | 300 sec total\n|\n|t:|1783566370\n|move|p1a: Florges|Moonblast|p2a: Toxtricity\n|-resisted|p2a: Toxtricity\n|-damage|p2a: Toxtricity|66/257\n|move|p2a: Toxtricity|Boomburst|p1a: Florges\n|-crit|p1a: Florges\n|-damage|p1a: Florges|0 fnt\n|faint|p1a: Florges\n|\n|upkeep\n|\n|t:|1783566371\n|switch|p1a: Samurott|Samurott, L88, F|100/100\n|turn|10\n|inactive|Time left: 300 sec this turn | 300 sec total\n|\n|t:|1783566372\n|move|p1a: Samurott|Hydro Pump|p2a: Toxtricity\n|-damage|p2a: Toxtricity|0 fnt\n|faint|p2a: Toxtricity\n|\n|upkeep\n|inactive|Time left: 300 sec this turn | 300 sec total | 5 sec grace\n|\n|t:|1783566373\n|switch|p2a: Banette|Banette, L93, F|270/270\n|turn|11\n|inactive|Time left: 300 sec this turn | 300 sec total\n|\n|t:|1783566374\n|move|p2a: Banette|Swords Dance|p2a: Banette\n|-boost|p2a: Banette|atk|2\n|move|p1a: Samurott|Hydro Pump|p2a: Banette\n|-damage|p2a: Banette|111/270\n|\n|upkeep\n|turn|12\n|inactive|Time left: 300 sec this turn | 300 sec total\n|\n|t:|1783566375\n|switch|p1a: Umbreon|Umbreon, L84, F|100/100\n|move|p2a: Banette|Poltergeist|p1a: Umbreon\n|-activate|p1a: Umbreon|move: Poltergeist|Leftovers\n|-resisted|p1a: Umbreon\n|-damage|p1a: Umbreon|42/100\n|-damage|p2a: Banette|84/270|[from] item: Life Orb\n|\n|-heal|p1a: Umbreon|48/100|[from] item: Leftovers\n|upkeep\n|turn|13\n|inactive|Time left: 300 sec this turn | 300 sec total\n|\n|t:|1783566376\n|move|p2a: Banette|Poltergeist|p1a: Umbreon\n|-activate|p1a: Umbreon|move: Poltergeist|Leftovers\n|-resisted|p1a: Umbreon\n|-damage|p1a: Umbreon|0 fnt\n|faint|p1a: Umbreon\n|-damage|p2a: Banette|57/270|[from] item: Life Orb\n|\n|upkeep\n|\n|t:|1783566377\n|switch|p1a: Meganium|Meganium, L90, F|100/100\n|turn|14\n|inactive|Time left: 300 sec this turn | 300 sec total\n|\n|t:|1783566377\n|move|p2a: Banette|Shadow Sneak|p1a: Meganium\n|-damage|p1a: Meganium|57/100\n|-damage|p2a: Banette|30/270|[from] item: Life Orb\n|move|p1a: Meganium|Knock Off|p2a: Banette\n|-supereffective|p2a: Banette\n|-damage|p2a: Banette|0 fnt\n|-enditem|p2a: Banette|Life Orb|[from] move: Knock Off|[of] p1a: Meganium\n|faint|p2a: Banette\n|\n|-heal|p1a: Meganium|63/100|[from] item: Leftovers\n|upkeep\n|inactive|Time left: 300 sec this turn | 300 sec total | 5 sec grace\n|\n|t:|1783566378\n|switch|p2a: Chien-Pao|Chien-Pao, L72|234/234\n|-ability|p2a: Chien-Pao|Sword of Ruin\n|turn|15\n|inactive|Time left: 300 sec this turn | 300 sec total\n|\n|t:|1783566379\n|switch|p1a: Tauros|Tauros-Paldea-Aqua, L81, M|100/100\n|-ability|p1a: Tauros|Intimidate|boost\n|-unboost|p2a: Chien-Pao|atk|1\n|move|p2a: Chien-Pao|Swords Dance|p2a: Chien-Pao\n|-boost|p2a: Chien-Pao|atk|2\n|\n|upkeep\n|turn|16\n|inactive|Time left: 300 sec this turn | 300 sec total\n|\n|t:|1783566380\n|move|p2a: Chien-Pao|Icicle Crash|p1a: Tauros\n|-resisted|p1a: Tauros\n|-damage|p1a: Tauros|73/100\n|move|p1a: Tauros|Close Combat|p2a: Chien-Pao\n|-supereffective|p2a: Chien-Pao\n|-damage|p2a: Chien-Pao|0 fnt\n|-unboost|p1a: Tauros|def|1\n|-unboost|p1a: Tauros|spd|1\n|faint|p2a: Chien-Pao\n|-damage|p1a: Tauros|63/100|[from] item: Life Orb\n|\n|upkeep\n|inactive|Time left: 300 sec this turn | 300 sec total | 5 sec grace\n|\n|t:|1783566381\n|switch|p2a: Bellibolt|Bellibolt, L84, F|320/320\n|turn|17\n|inactive|Time left: 300 sec this turn | 300 sec total\n|\n|t:|1783566382\n|switch|p1a: Meganium|Meganium, L90, F|63/100\n|move|p2a: Bellibolt|Thunderbolt|p1a: Meganium\n|-resisted|p1a: Meganium\n|-damage|p1a: Meganium|49/100\n|\n|-heal|p1a: Meganium|55/100|[from] item: Leftovers\n|upkeep\n|turn|18\n|inactive|Time left: 300 sec this turn | 300 sec total\n|\n|t:|1783566383\n|move|p1a: Meganium|Synthesis|p1a: Meganium\n|-heal|p1a: Meganium|100/100\n|move|p2a: Bellibolt|Toxic|p1a: Meganium\n|-status|p1a: Meganium|tox\n|\n|-damage|p1a: Meganium|94/100 tox|[from] psn\n|upkeep\n|turn|19\n|inactive|Time left: 300 sec this turn | 300 sec total\n|\n|t:|1783566383\n|move|p1a: Meganium|Leech Seed|p2a: Bellibolt\n|-start|p2a: Bellibolt|move: Leech Seed\n|move|p2a: Bellibolt|Thunderbolt|p1a: Meganium\n|-resisted|p1a: Meganium\n|-damage|p1a: Meganium|79/100 tox\n|\n|-heal|p1a: Meganium|86/100 tox|[from] item: Leftovers\n|-damage|p2a: Bellibolt|280/320|[from] Leech Seed|[of] p1a: Meganium\n|-heal|p1a: Meganium|99/100 tox|[silent]\n|-damage|p1a: Meganium|87/100 tox|[from] psn\n|upkeep\n|turn|20\n|inactive|Time left: 300 sec this turn | 300 sec total\n|\n|t:|1783566384\n|switch|p2a: Regigigas|Regigigas, L84|322/322\n|-start|p2a: Regigigas|ability: Slow Start\n|move|p1a: Meganium|Knock Off|p2a: Regigigas\n|-damage|p2a: Regigigas|266/322\n|-enditem|p2a: Regigigas|Leftovers|[from] move: Knock Off|[of] p1a: Meganium\n|\n|-heal|p1a: Meganium|93/100 tox|[from] item: Leftovers\n|-damage|p1a: Meganium|75/100 tox|[from] psn\n|upkeep\n|turn|21\n|inactive|Time left: 300 sec this turn | 300 sec total\n|\n|t:|1783566385\n|switch|p1a: Tauros|Tauros-Paldea-Aqua, L81, M|63/100\n|-ability|p1a: Tauros|Intimidate|boost\n|-unboost|p2a: Regigigas|atk|1\n|move|p2a: Regigigas|Body Slam|p1a: Tauros\n|-damage|p1a: Tauros|48/100\n|\n|upkeep\n|turn|22\n|inactive|Time left: 300 sec this turn | 300 sec total\n|\n|t:|1783566386\n|switch|p2a: Bellibolt|Bellibolt, L84, F|280/320\n|move|p1a: Tauros|Close Combat|p2a: Bellibolt\n|-damage|p2a: Bellibolt|111/320\n|-unboost|p1a: Tauros|def|1\n|-unboost|p1a: Tauros|spd|1\n|-start|p2a: Bellibolt|Charge|Close Combat|[from] ability: Electromorphosis\n|-damage|p1a: Tauros|38/100|[from] item: Life Orb\n|\n|-heal|p2a: Bellibolt|131/320|[from] item: Leftovers\n|upkeep\n|turn|23\n|inactive|Time left: 300 sec this turn | 300 sec total\n|\n|t:|1783566387\n|move|p1a: Tauros|Close Combat|p2a: Bellibolt\n|-damage|p2a: Bellibolt|0 fnt\n|-unboost|p1a: Tauros|def|1\n|-unboost|p1a: Tauros|spd|1\n|faint|p2a: Bellibolt\n|-damage|p1a: Tauros|28/100|[from] item: Life Orb\n|\n|upkeep\n|inactive|Time left: 300 sec this turn | 300 sec total | 5 sec grace\n|\n|t:|1783566388\n|switch|p2a: Regigigas|Regigigas, L84|266/322\n|-start|p2a: Regigigas|ability: Slow Start\n|turn|24\n|inactive|Time left: 300 sec this turn | 300 sec total\n|\n|t:|1783566389\n|-terastallize|p2a: Regigigas|Ghost\n|move|p1a: Tauros|Close Combat|p2a: Regigigas\n|-immune|p2a: Regigigas\n|move|p2a: Regigigas|Body Slam|p1a: Tauros\n|-damage|p1a: Tauros|0 fnt\n|faint|p1a: Tauros\n|\n|upkeep\n|\n|t:|1783566390\n|switch|p1a: Meganium|Meganium, L90, F|75/100 tox\n|turn|25\n|inactive|Time left: 300 sec this turn | 300 sec total\n|\n|t:|1783566391\n|move|p1a: Meganium|Leech Seed|p2a: Regigigas\n|-start|p2a: Regigigas|move: Leech Seed\n|move|p2a: Regigigas|Knock Off|p1a: Meganium\n|-damage|p1a: Meganium|60/100 tox\n|-enditem|p1a: Meganium|Leftovers|[from] move: Knock Off|[of] p2a: Regigigas\n|\n|-damage|p2a: Regigigas|226/322|[from] Leech Seed|[of] p1a: Meganium\n|-heal|p1a: Meganium|74/100 tox|[silent]\n|-damage|p1a: Meganium|68/100 tox|[from] psn\n|upkeep\n|turn|26\n|inactive|Time left: 300 sec this turn | 300 sec total\n|\n|t:|1783566392\n|switch|p2a: Oinkologne|Oinkologne-F, L92, F|130/361\n|move|p1a: Meganium|Knock Off|p2a: Oinkologne\n|-damage|p2a: Oinkologne|52/361\n|-enditem|p2a: Oinkologne|Leftovers|[from] move: Knock Off|[of] p1a: Meganium\n|\n|-damage|p1a: Meganium|56/100 tox|[from] psn\n|upkeep\n|turn|27\n|inactive|Time left: 300 sec this turn | 300 sec total\n|\n|t:|1783566393\n|move|p1a: Meganium|Energy Ball|p2a: Oinkologne\n|-damage|p2a: Oinkologne|0 fnt\n|faint|p2a: Oinkologne\n|\n|-damage|p1a: Meganium|37/100 tox|[from] psn\n|upkeep\n|inactive|Time left: 300 sec this turn | 300 sec total | 5 sec grace\n|\n|t:|1783566395\n|switch|p2a: Regigigas|Regigigas, L84, tera:Ghost|226/322\n|-start|p2a: Regigigas|ability: Slow Start\n|turn|28\n|inactive|Time left: 300 sec this turn | 300 sec total\n|\n|t:|1783566396\n|move|p1a: Meganium|Leech Seed|p2a: Regigigas\n|-start|p2a: Regigigas|move: Leech Seed\n|move|p2a: Regigigas|Body Slam|p1a: Meganium\n|-damage|p1a: Meganium|17/100 tox\n|\n|-damage|p2a: Regigigas|186/322|[from] Leech Seed|[of] p1a: Meganium\n|-heal|p1a: Meganium|31/100 tox|[silent]\n|-damage|p1a: Meganium|6/100 tox|[from] psn\n|upkeep\n|turn|29\n|inactive|Time left: 300 sec this turn | 300 sec total\n|\n|t:|1783566397\n|switch|p1a: Samurott|Samurott, L88, F|100/100\n|move|p2a: Regigigas|Rest|p2a: Regigigas\n|-status|p2a: Regigigas|slp|[from] move: Rest\n|-heal|p2a: Regigigas|322/322 slp|[silent]\n|\n|-damage|p2a: Regigigas|282/322 slp|[from] Leech Seed|[of] p1a: Samurott\n|upkeep\n|turn|30\n|inactive|Time left: 300 sec this turn | 300 sec total\n|\n|t:|1783566398\n|-terastallize|p1a: Samurott|Water\n|move|p1a: Samurott|Hydro Pump|p2a: Regigigas\n|-crit|p2a: Regigigas\n|-damage|p2a: Regigigas|50/322 slp\n|cant|p2a: Regigigas|slp\n|move|p2a: Regigigas|Sleep Talk|p2a: Regigigas\n|move|p2a: Regigigas|Body Slam|p1a: Samurott|[from] move: Sleep Talk\n|-damage|p1a: Samurott|79/100\n|\n|-damage|p2a: Regigigas|10/322 slp|[from] Leech Seed|[of] p1a: Samurott\n|-heal|p1a: Samurott|92/100|[silent]\n|upkeep\n|turn|31\n|inactive|Time left: 300 sec this turn | 300 sec total\n|\n|t:|1783566399\n|move|p1a: Samurott|Hydro Pump|p2a: Regigigas\n|-damage|p2a: Regigigas|0 fnt\n|faint|p2a: Regigigas\n|-end|p2a: Regigigas|Slow Start|[silent]\n|\n|win|p0x2359986b", "uploadtime": 1783566399, "views": 0, "rating": 0, "private": 0, "password": null, "_winner": "p0x2359986b", "_our_name": "p0y235902b2"}