{"id": "battle-gen9randombattle-1705", "formatid": "gen9randombattle", "format": "[Gen 9] Random Battle", "players": ["p0x17058d2a", "p0y17052ca2"], "log": "|init|battle\n|title|p0x17058d2a vs. p0y17052ca2\n|j|\u2606p0x17058d2a\n|j|\u2606p0y17052ca2\n|t:|1783559760\n|gametype|singles\n|player|p1|p0x17058d2a|101|\n|player|p2|p0y17052ca2|170|\n|gen|9\n|tier|[Gen 9] Random Battle\n|rule|Species Clause: Limit one of each Pok\u00e9mon\n|rule|HP Percentage Mod: HP is shown in percentages\n|rule|Sleep Clause Mod: Limit one foe put to sleep\n|rule|Illusion Level Mod: Illusion disguises the Pok\u00e9mon's true level\n|\n|t:|1783559760\n|teamsize|p1|6\n|teamsize|p2|6\n|start\n|switch|p1a: Breloom|Breloom, L83, F|235/235\n|switch|p2a: Hariyama|Hariyama, L87, F|100/100\n|turn|1\n|inactive|Battle timer is ON: inactive players will automatically lose when time's up. (requested by p0x17058d2a)\n|inactive|p0y17052ca2 also wants the timer to be on.\n|\n|t:|1783559761\n|move|p1a: Breloom|Bullet Seed|p2a: Hariyama\n|-damage|p2a: Hariyama|78/100\n|-damage|p2a: Hariyama|58/100\n|-hitcount|p2a: Hariyama|2\n|-damage|p1a: Breloom|212/235|[from] item: Life Orb\n|move|p2a: Hariyama|Close Combat|p1a: Breloom\n|-damage|p1a: Breloom|28/235\n|-unboost|p2a: Hariyama|def|1\n|-unboost|p2a: Hariyama|spd|1\n|\n|-status|p2a: Hariyama|brn|[from] item: Flame Orb\n|upkeep\n|turn|2\n|inactive|Time left: 300 sec this turn | 300 sec total\n|\n|t:|1783559762\n|move|p2a: Hariyama|Bullet Punch|p1a: Breloom\n|-damage|p1a: Breloom|0 fnt\n|faint|p1a: Breloom\n|\n|-damage|p2a: Hariyama|52/100 brn|[from] brn\n|upkeep\n|inactive|Time left: 300 sec this turn | 300 sec total | 5 sec grace\n|\n|t:|1783559763\n|switch|p1a: Baxcalibur|Baxcalibur, L75, M|295/295\n|turn|3\n|inactive|Time left: 300 sec this turn | 300 sec total\n|\n|t:|1783559765\n|switch|p2a: Carbink|Carbink, L90|100/100\n|move|p1a: Baxcalibur|Glaive Rush|p2a: Carbink\n|-immune|p2a: Carbink\n|\n|upkeep\n|turn|4\n|inactive|Time left: 300 sec this turn | 300 sec total\n|\n|t:|1783559766\n|switch|p1a: Carbink|Carbink, L90|236/236\n|move|p2a: Carbink|Moonblast|p1a: Carbink\n|-damage|p1a: Carbink|190/236\n|\n|upkeep\n|turn|5\n|inactive|Time left: 300 sec this turn | 300 sec total\n|\n|t:|1783559767\n|move|p2a: Carbink|Rock Polish|p2a: Carbink\n|-boost|p2a: Carbink|spe|2\n|move|p1a: Carbink|Iron Defense|p1a: Carbink\n|-boost|p1a: Carbink|def|2\n|\n|upkeep\n|turn|6\n|inactive|Time left: 300 sec this turn | 300 sec total\n|\n|t:|1783559768\n|move|p2a: Carbink|Iron Defense|p2a: Carbink\n|-boost|p2a: Carbink|def|2\n|move|p1a: Carbink|Body Press|p2a: Carbink\n|-damage|p2a: Carbink|75/100\n|\n|-heal|p2a: Carbink|81/100|[from] item: Leftovers\n|upkeep\n|turn|7\n|inactive|Time left: 300 sec this turn | 300 sec total\n|\n|t:|1783559769\n|move|p2a: Carbink|Iron Defense|p2a: Carbink\n|-boost|p2a: Carbink|def|2\n|move|p1a: Carbink|Body Press|p2a: Carbink\n|-damage|p2a: Carbink|64/100\n|\n|-heal|p2a: Carbink|70/100|[from] item: Leftovers\n|upkeep\n|turn|8\n|inactive|Time left: 300 sec this turn | 300 sec total\n|\n|t:|1783559770\n|move|p2a: Carbink|Body Press|p1a: Carbink\n|-damage|p1a: Carbink|109/236\n|move|p1a: Carbink|Moonblast|p2a: Carbink\n|-damage|p2a: Carbink|52/100\n|\n|-heal|p2a: Carbink|58/100|[from] item: Leftovers\n|upkeep\n|turn|9\n|inactive|Time left: 300 sec this turn | 300 sec total\n|\n|t:|1783559771\n|-terastallize|p2a: Carbink|Fighting\n|move|p2a: Carbink|Body Press|p1a: Carbink\n|-crit|p1a: Carbink\n|-damage|p1a: Carbink|0 fnt\n|faint|p1a: Carbink\n|\n|-heal|p2a: Carbink|64/100|[from] item: Leftovers\n|upkeep\n|inactive|Time left: 300 sec this turn | 300 sec total | 5 sec grace\n|\n|t:|1783559772\n|switch|p1a: Enamorus|Enamorus, L79, F|247/247\n|turn|10\n|inactive|Time left: 300 sec this turn | 300 sec total\n|\n|t:|1783559773\n|move|p2a: Carbink|Body Press|p1a: Enamorus\n|-resisted|p1a: Enamorus\n|-damage|p1a: Enamorus|106/247\n|move|p1a: Enamorus|Moonblast|p2a: Carbink\n|-supereffective|p2a: Carbink\n|-damage|p2a: Carbink|2/100\n|\n|-heal|p2a: Carbink|8/100|[from] item: Leftovers\n|upkeep\n|turn|11\n|inactive|Time left: 300 sec this turn | 300 sec total\n|\n|t:|1783559774\n|move|p2a: Carbink|Body Press|p1a: Enamorus\n|-resisted|p1a: Enamorus\n|-damage|p1a: Enamorus|0 fnt\n|faint|p1a: Enamorus\n|\n|-heal|p2a: Carbink|14/100|[from] item: Leftovers\n|upkeep\n|inactive|Time left: 300 sec this turn | 300 sec total | 5 sec grace\n|\n|t:|1783559775\n|switch|p1a: Revavroom|Revavroom, L79, M|256/256\n|turn|12\n|inactive|Time left: 300 sec this turn | 300 sec total\n|\n|t:|1783559776\n|move|p2a: Carbink|Body Press|p1a: Revavroom\n|-damage|p1a: Revavroom|0 fnt\n|faint|p1a: Revavroom\n|\n|-heal|p2a: Carbink|20/100|[from] item: Leftovers\n|upkeep\n|inactive|Time left: 300 sec this turn | 300 sec total | 5 sec grace\n|\n|t:|1783559777\n|switch|p1a: Baxcalibur|Baxcalibur, L75, M|295/295\n|turn|13\n|inactive|Time left: 300 sec this turn | 300 sec total\n|\n|t:|1783559778\n|-terastallize|p1a: Baxcalibur|Ground\n|move|p2a: Carbink|Body Press|p1a: Baxcalibur\n|-damage|p1a: Baxcalibur|0 fnt\n|faint|p1a: Baxcalibur\n|\n|-heal|p2a: Carbink|25/100|[from] item: Leftovers\n|upkeep\n|inactive|Time left: 300 sec this turn | 300 sec total | 5 sec grace\n|\n|t:|1783559779\n|switch|p1a: Raichu|Raichu-Alola, L87, M|246/246\n|turn|14\n|inactive|Time left: 300 sec this turn | 300 sec total\n|\n|t:|1783559780\n|move|p2a: Carbink|Body Press|p1a: Raichu\n|-resisted|p1a: Raichu\n|-damage|p1a: Raichu|0 fnt\n|faint|p1a: Raichu\n|\n|win|p0y17052ca2", "uploadtime": 1783559780, "views": 0, "rating": 0, "private": 0, "password": null, "_winner": "p0y17052ca2", "_our_name": "p0x17058d2a"}