{"id": "battle-gen9randombattle-1940", "formatid": "gen9randombattle", "format": "[Gen 9] Random Battle", "players": ["p0x1940ee81", "p0y1940f0e4"], "log": "|init|battle\n|title|p0x1940ee81 vs. p0y1940f0e4\n|j|\u2606p0x1940ee81\n|j|\u2606p0y1940f0e4\n|t:|1783562434\n|gametype|singles\n|player|p1|p0x1940ee81|169|\n|player|p2|p0y1940f0e4|170|\n|gen|9\n|tier|[Gen 9] Random Battle\n|rule|Species Clause: Limit one of each Pok\u00e9mon\n|rule|HP Percentage Mod: HP is shown in percentages\n|rule|Sleep Clause Mod: Limit one foe put to sleep\n|rule|Illusion Level Mod: Illusion disguises the Pok\u00e9mon's true level\n|\n|t:|1783562434\n|teamsize|p1|6\n|teamsize|p2|6\n|start\n|switch|p1a: Houndoom|Houndoom, L87, M|100/100\n|switch|p2a: Copperajah|Copperajah, L86, F|350/350\n|turn|1\n|inactive|Battle timer is ON: inactive players will automatically lose when time's up. (requested by p0y1940f0e4)\n|inactive|p0x1940ee81 also wants the timer to be on.\n|\n|t:|1783562435\n|move|p1a: Houndoom|Fire Blast|p2a: Copperajah\n|-supereffective|p2a: Copperajah\n|-damage|p2a: Copperajah|12/350\n|move|p2a: Copperajah|Superpower|p1a: Houndoom\n|-supereffective|p1a: Houndoom\n|-damage|p1a: Houndoom|0 fnt\n|-unboost|p2a: Copperajah|atk|1\n|-unboost|p2a: Copperajah|def|1\n|faint|p1a: Houndoom\n|\n|upkeep\n|\n|t:|1783562436\n|switch|p1a: Leavanny|Leavanny, L86, M|100/100\n|turn|2\n|inactive|Time left: 300 sec this turn | 300 sec total\n|\n|t:|1783562438\n|switch|p2a: Yanmega|Yanmega, L82, F|275/275\n|move|p1a: Leavanny|Sticky Web|p2a: Yanmega\n|-sidestart|p2: p0y1940f0e4|move: Sticky Web\n|\n|upkeep\n|turn|3\n|inactive|Time left: 300 sec this turn | 300 sec total\n|\n|t:|1783562439\n|switch|p1a: Electrode|Electrode, L92|100/100\n|move|p2a: Yanmega|Bug Buzz|p1a: Electrode\n|-crit|p1a: Electrode\n|-damage|p1a: Electrode|14/100\n|\n|upkeep\n|turn|4\n|inactive|Time left: 300 sec this turn | 300 sec total\n|\n|t:|1783562440\n|switch|p2a: Copperajah|Copperajah, L86, F|12/350\n|-activate|p2a: Copperajah|move: Sticky Web\n|-unboost|p2a: Copperajah|spe|1\n|move|p1a: Electrode|Thunderbolt|p2a: Copperajah\n|-damage|p2a: Copperajah|0 fnt\n|faint|p2a: Copperajah\n|-damage|p1a: Electrode|4/100|[from] item: Life Orb\n|\n|upkeep\n|inactive|Time left: 300 sec this turn | 300 sec total | 5 sec grace\n|\n|t:|1783562441\n|switch|p2a: Wo-Chien|Wo-Chien, L83|277/277\n|-activate|p2a: Wo-Chien|move: Sticky Web\n|-unboost|p2a: Wo-Chien|spe|1\n|-ability|p2a: Wo-Chien|Tablets of Ruin\n|turn|5\n|inactive|Time left: 300 sec this turn | 300 sec total\n|\n|t:|1783562442\n|switch|p1a: Leavanny|Leavanny, L86, M|100/100\n|move|p2a: Wo-Chien|Knock Off|p1a: Leavanny\n|-crit|p1a: Leavanny\n|-damage|p1a: Leavanny|49/100\n|-enditem|p1a: Leavanny|Heavy-Duty Boots|[from] move: Knock Off|[of] p2a: Wo-Chien\n|\n|upkeep\n|turn|6\n|inactive|Time left: 300 sec this turn | 300 sec total\n|\n|t:|1783562443\n|switch|p2a: Yanmega|Yanmega, L82, F|275/275\n|move|p1a: Leavanny|Lunge|p2a: Yanmega\n|-resisted|p2a: Yanmega\n|-damage|p2a: Yanmega|224/275\n|-unboost|p2a: Yanmega|atk|1\n|\n|upkeep\n|turn|7\n|inactive|Time left: 300 sec this turn | 300 sec total\n|\n|t:|1783562444\n|move|p1a: Leavanny|Knock Off|p2a: Yanmega\n|-damage|p2a: Yanmega|145/275\n|-enditem|p2a: Yanmega|Choice Specs|[from] move: Knock Off|[of] p1a: Leavanny\n|move|p2a: Yanmega|Bug Buzz|p1a: Leavanny\n|-supereffective|p1a: Leavanny\n|-crit|p1a: Leavanny\n|-damage|p1a: Leavanny|0 fnt\n|faint|p1a: Leavanny\n|\n|upkeep\n|\n|t:|1783562445\n|switch|p1a: Flutter Mane|Flutter Mane, L74|100/100\n|turn|8\n|inactive|Time left: 300 sec this turn | 300 sec total\n|\n|t:|1783562446\n|switch|p2a: Munkidori|Munkidori, L79, M|269/269\n|-activate|p2a: Munkidori|move: Sticky Web\n|-unboost|p2a: Munkidori|spe|1\n|move|p1a: Flutter Mane|Moonblast|p2a: Munkidori\n|-resisted|p2a: Munkidori\n|-damage|p2a: Munkidori|222/269\n|-damage|p1a: Flutter Mane|91/100|[from] item: Life Orb\n|\n|upkeep\n|turn|9\n|inactive|Time left: 300 sec this turn | 300 sec total\n|\n|t:|1783562447\n|move|p1a: Flutter Mane|Shadow Ball|p2a: Munkidori\n|-supereffective|p2a: Munkidori\n|-crit|p2a: Munkidori\n|-damage|p2a: Munkidori|0 fnt\n|faint|p2a: Munkidori\n|-damage|p1a: Flutter Mane|81/100|[from] item: Life Orb\n|\n|upkeep\n|inactive|Time left: 300 sec this turn | 300 sec total | 5 sec grace\n|\n|t:|1783562448\n|switch|p2a: Wo-Chien|Wo-Chien, L83|277/277\n|-activate|p2a: Wo-Chien|move: Sticky Web\n|-unboost|p2a: Wo-Chien|spe|1\n|-ability|p2a: Wo-Chien|Tablets of Ruin\n|turn|10\n|inactive|Time left: 300 sec this turn | 300 sec total\n|\n|t:|1783562449\n|move|p1a: Flutter Mane|Moonblast|p2a: Wo-Chien\n|-supereffective|p2a: Wo-Chien\n|-damage|p2a: Wo-Chien|74/277\n|-damage|p1a: Flutter Mane|71/100|[from] item: Life Orb\n|move|p2a: Wo-Chien|Knock Off|p1a: Flutter Mane\n|-crit|p1a: Flutter Mane\n|-damage|p1a: Flutter Mane|0 fnt\n|-enditem|p1a: Flutter Mane|Life Orb|[from] move: Knock Off|[of] p2a: Wo-Chien\n|faint|p1a: Flutter Mane\n|-end|p1a: Flutter Mane|Protosynthesis|[silent]\n|\n|-heal|p2a: Wo-Chien|91/277|[from] item: Leftovers\n|upkeep\n|\n|t:|1783562450\n|switch|p1a: Klawf|Klawf, L90, M|100/100\n|turn|11\n|inactive|Time left: 300 sec this turn | 300 sec total\n|\n|t:|1783562451\n|move|p1a: Klawf|Stone Edge|p2a: Wo-Chien|[miss]\n|-miss|p1a: Klawf|p2a: Wo-Chien\n|move|p2a: Wo-Chien|Leech Seed|p1a: Klawf\n|-start|p1a: Klawf|move: Leech Seed\n|\n|-heal|p2a: Wo-Chien|108/277|[from] item: Leftovers\n|-damage|p1a: Klawf|88/100|[from] Leech Seed|[of] p2a: Wo-Chien\n|-heal|p2a: Wo-Chien|142/277|[silent]\n|upkeep\n|turn|12\n|inactive|Time left: 300 sec this turn | 300 sec total\n|\n|t:|1783562452\n|move|p1a: Klawf|Stone Edge|p2a: Wo-Chien\n|-damage|p2a: Wo-Chien|16/277\n|move|p2a: Wo-Chien|Knock Off|p1a: Klawf\n|-damage|p1a: Klawf|63/100\n|-enditem|p1a: Klawf|Choice Band|[from] move: Knock Off|[of] p2a: Wo-Chien\n|\n|-heal|p2a: Wo-Chien|33/277|[from] item: Leftovers\n|-damage|p1a: Klawf|50/100|[from] Leech Seed|[of] p2a: Wo-Chien\n|-heal|p2a: Wo-Chien|67/277|[silent]\n|upkeep\n|turn|13\n|inactive|Time left: 300 sec this turn | 300 sec total\n|\n|t:|1783562454\n|switch|p1a: Alomomola|Alomomola, L87, F|100/100\n|move|p2a: Wo-Chien|Leech Seed|p1a: Alomomola\n|-start|p1a: Alomomola|move: Leech Seed\n|\n|-heal|p2a: Wo-Chien|84/277|[from] item: Leftovers\n|-damage|p1a: Alomomola|88/100|[from] Leech Seed|[of] p2a: Wo-Chien\n|-heal|p2a: Wo-Chien|137/277|[silent]\n|upkeep\n|turn|14\n|inactive|Time left: 300 sec this turn | 300 sec total\n|\n|t:|1783562455\n|move|p1a: Alomomola|Flip Turn|p2a: Wo-Chien\n|-resisted|p2a: Wo-Chien\n|-damage|p2a: Wo-Chien|118/277\n|\n|t:|1783562456\n|switch|p1a: Klawf|Klawf, L90, M|83/100|[from] Flip Turn\n|move|p2a: Wo-Chien|Leech Seed|p1a: Klawf\n|-start|p1a: Klawf|move: Leech Seed\n|\n|-heal|p2a: Wo-Chien|135/277|[from] item: Leftovers\n|-damage|p1a: Klawf|71/100|[from] Leech Seed|[of] p2a: Wo-Chien\n|-heal|p2a: Wo-Chien|169/277|[silent]\n|upkeep\n|turn|15\n|inactive|Time left: 300 sec this turn | 300 sec total\n|\n|t:|1783562457\n|switch|p1a: Electrode|Electrode, L92|4/100\n|move|p2a: Wo-Chien|Leech Seed|p1a: Electrode\n|-start|p1a: Electrode|move: Leech Seed\n|\n|-heal|p2a: Wo-Chien|186/277|[from] item: Leftovers\n|-damage|p1a: Electrode|0 fnt|[from] Leech Seed|[of] p2a: Wo-Chien\n|-heal|p2a: Wo-Chien|194/277|[silent]\n|faint|p1a: Electrode\n|upkeep\n|\n|t:|1783562458\n|switch|p1a: Alomomola|Alomomola, L87, F|100/100\n|turn|16\n|inactive|Time left: 300 sec this turn | 300 sec total\n|\n|t:|1783562459\n|move|p1a: Alomomola|Protect|p1a: Alomomola\n|-singleturn|p1a: Alomomola|Protect\n|move|p2a: Wo-Chien|Leech Seed|p1a: Alomomola\n|-activate|p1a: Alomomola|move: Protect\n|\n|-heal|p2a: Wo-Chien|211/277|[from] item: Leftovers\n|upkeep\n|turn|17\n|inactive|Time left: 300 sec this turn | 300 sec total\n|\n|t:|1783562460\n|move|p1a: Alomomola|Wish|p1a: Alomomola\n|move|p2a: Wo-Chien|Leech Seed|p1a: Alomomola|[miss]\n|-miss|p2a: Wo-Chien|p1a: Alomomola\n|\n|-heal|p2a: Wo-Chien|228/277|[from] item: Leftovers\n|upkeep\n|turn|18\n|inactive|Time left: 300 sec this turn | 300 sec total\n|\n|t:|1783562461\n|move|p1a: Alomomola|Protect|p1a: Alomomola\n|-singleturn|p1a: Alomomola|Protect\n|move|p2a: Wo-Chien|Leech Seed|p1a: Alomomola\n|-activate|p1a: Alomomola|move: Protect\n|\n|-heal|p2a: Wo-Chien|245/277|[from] item: Leftovers\n|upkeep\n|turn|19\n|inactive|Time left: 300 sec this turn | 300 sec total\n|\n|t:|1783562462\n|move|p1a: Alomomola|Scald|p2a: Wo-Chien\n|-resisted|p2a: Wo-Chien\n|-crit|p2a: Wo-Chien\n|-damage|p2a: Wo-Chien|220/277\n|move|p2a: Wo-Chien|Leech Seed|p1a: Alomomola|[miss]\n|-miss|p2a: Wo-Chien|p1a: Alomomola\n|\n|-heal|p2a: Wo-Chien|237/277|[from] item: Leftovers\n|upkeep\n|turn|20\n|inactive|Time left: 300 sec this turn | 300 sec total\n|\n|t:|1783562463\n|move|p1a: Alomomola|Protect|p1a: Alomomola\n|-singleturn|p1a: Alomomola|Protect\n|move|p2a: Wo-Chien|Leech Seed|p1a: Alomomola\n|-activate|p1a: Alomomola|move: Protect\n|\n|-heal|p2a: Wo-Chien|254/277|[from] item: Leftovers\n|upkeep\n|turn|21\n|inactive|Time left: 300 sec this turn | 300 sec total\n|\n|t:|1783562464\n|move|p1a: Alomomola|Protect||[still]\n|-fail|p1a: Alomomola\n|move|p2a: Wo-Chien|Leech Seed|p1a: Alomomola|[miss]\n|-miss|p2a: Wo-Chien|p1a: Alomomola\n|\n|-heal|p2a: Wo-Chien|271/277|[from] item: Leftovers\n|upkeep\n|turn|22\n|inactive|Time left: 300 sec this turn | 300 sec total\n|\n|t:|1783562465\n|move|p1a: Alomomola|Wish|p1a: Alomomola\n|move|p2a: Wo-Chien|Leech Seed|p1a: Alomomola\n|-start|p1a: Alomomola|move: Leech Seed\n|\n|-heal|p2a: Wo-Chien|277/277|[from] item: Leftovers\n|-damage|p1a: Alomomola|88/100|[from] Leech Seed|[of] p2a: Wo-Chien\n|upkeep\n|turn|23\n|inactive|Time left: 300 sec this turn | 300 sec total\n|\n|t:|1783562466\n|switch|p1a: Klawf|Klawf, L90, M|100/100\n|move|p2a: Wo-Chien|Leech Seed|p1a: Klawf\n|-start|p1a: Klawf|move: Leech Seed\n|\n|-damage|p1a: Klawf|88/100|[from] Leech Seed|[of] p2a: Wo-Chien\n|upkeep\n|turn|24\n|inactive|Time left: 300 sec this turn | 300 sec total\n|\n|t:|1783562467\n|switch|p1a: Alomomola|Alomomola, L87, F|100/100\n|move|p2a: Wo-Chien|Stun Spore|p1a: Alomomola\n|-status|p1a: Alomomola|par\n|\n|upkeep\n|turn|25\n|inactive|Time left: 300 sec this turn | 300 sec total\n|\n|t:|1783562468\n|move|p2a: Wo-Chien|Leech Seed|p1a: Alomomola\n|-start|p1a: Alomomola|move: Leech Seed\n|move|p1a: Alomomola|Scald|p2a: Wo-Chien\n|-resisted|p2a: Wo-Chien\n|-damage|p2a: Wo-Chien|261/277\n|-status|p2a: Wo-Chien|brn\n|\n|-heal|p2a: Wo-Chien|277/277 brn|[from] item: Leftovers\n|-damage|p1a: Alomomola|88/100 par|[from] Leech Seed|[of] p2a: Wo-Chien\n|-damage|p2a: Wo-Chien|260/277 brn|[from] brn\n|upkeep\n|turn|26\n|inactive|Time left: 300 sec this turn | 300 sec total\n|\n|t:|1783562469\n|switch|p2a: Yanmega|Yanmega, L82, F|145/275\n|switch|p1a: Klawf|Klawf, L90, M|100/100\n|\n|upkeep\n|turn|27\n|inactive|Time left: 300 sec this turn | 300 sec total\n|\n|t:|1783562470\n|move|p2a: Yanmega|Giga Drain|p1a: Klawf\n|-supereffective|p1a: Klawf\n|-damage|p1a: Klawf|49/100\n|-heal|p2a: Yanmega|215/275|[from] drain|[of] p1a: Klawf\n|move|p1a: Klawf|Stone Edge|p2a: Yanmega\n|-supereffective|p2a: Yanmega\n|-damage|p2a: Yanmega|0 fnt\n|faint|p2a: Yanmega\n|\n|upkeep\n|inactive|Time left: 300 sec this turn | 300 sec total | 5 sec grace\n|\n|t:|1783562471\n|switch|p2a: Phione|Phione, L91|293/293\n|-activate|p2a: Phione|move: Sticky Web\n|-unboost|p2a: Phione|spe|1\n|turn|28\n|inactive|Time left: 300 sec this turn | 300 sec total\n|\n|t:|1783562472\n|switch|p1a: Alomomola|Alomomola, L87, F|100/100 par\n|move|p2a: Phione|Scald|p1a: Alomomola\n|-resisted|p1a: Alomomola\n|-damage|p1a: Alomomola|85/100 par\n|\n|upkeep\n|turn|29\n|inactive|Time left: 300 sec this turn | 300 sec total\n|\n|t:|1783562473\n|move|p2a: Phione|Scald|p1a: Alomomola\n|-resisted|p1a: Alomomola\n|-damage|p1a: Alomomola|68/100 par\n|move|p1a: Alomomola|Flip Turn|p2a: Phione\n|-resisted|p2a: Phione\n|-damage|p2a: Phione|263/293\n|\n|t:|1783562474\n|switch|p1a: Klawf|Klawf, L90, M|82/100|[from] Flip Turn\n|\n|-heal|p2a: Phione|281/293|[from] item: Leftovers\n|upkeep\n|turn|30\n|inactive|Time left: 300 sec this turn | 300 sec total\n|\n|t:|1783562475\n|switch|p1a: Alomomola|Alomomola, L87, F|100/100 par\n|move|p2a: Phione|Scald|p1a: Alomomola\n|-resisted|p1a: Alomomola\n|-damage|p1a: Alomomola|86/100 par\n|\n|-heal|p2a: Phione|293/293|[from] item: Leftovers\n|upkeep\n|turn|31\n|inactive|Time left: 300 sec this turn | 300 sec total\n|\n|t:|1783562475\n|move|p2a: Phione|Scald|p1a: Alomomola\n|-resisted|p1a: Alomomola\n|-damage|p1a: Alomomola|71/100 par\n|cant|p1a: Alomomola|par\n|\n|upkeep\n|turn|32\n|inactive|Time left: 300 sec this turn | 300 sec total\n|\n|t:|1783562476\n|move|p2a: Phione|Scald|p1a: Alomomola\n|-resisted|p1a: Alomomola\n|-damage|p1a: Alomomola|55/100 par\n|move|p1a: Alomomola|Flip Turn|p2a: Phione\n|-resisted|p2a: Phione\n|-damage|p2a: Phione|267/293\n|\n|t:|1783562477\n|switch|p1a: Klawf|Klawf, L90, M|100/100|[from] Flip Turn\n|\n|-heal|p2a: Phione|285/293|[from] item: Leftovers\n|upkeep\n|turn|33\n|inactive|Time left: 300 sec this turn | 300 sec total\n|\n|t:|1783562478\n|switch|p1a: Alomomola|Alomomola, L87, F|89/100 par\n|move|p2a: Phione|Scald|p1a: Alomomola\n|-resisted|p1a: Alomomola\n|-damage|p1a: Alomomola|72/100 par\n|\n|-heal|p2a: Phione|293/293|[from] item: Leftovers\n|upkeep\n|turn|34\n|inactive|Time left: 300 sec this turn | 300 sec total\n|\n|t:|1783562479\n|move|p2a: Phione|Scald|p1a: Alomomola\n|-resisted|p1a: Alomomola\n|-damage|p1a: Alomomola|56/100 par\n|move|p1a: Alomomola|Wish|p1a: Alomomola\n|\n|upkeep\n|turn|35\n|inactive|Time left: 300 sec this turn | 300 sec total\n|\n|t:|1783562480\n|move|p2a: Phione|Scald|p1a: Alomomola\n|-resisted|p1a: Alomomola\n|-crit|p1a: Alomomola\n|-damage|p1a: Alomomola|35/100 par\n|move|p1a: Alomomola|Scald|p2a: Phione\n|-resisted|p2a: Phione\n|-damage|p2a: Phione|270/293\n|\n|-heal|p1a: Alomomola|85/100 par|[from] move: Wish|[wisher] Alomomola\n|-heal|p2a: Phione|288/293|[from] item: Leftovers\n|upkeep\n|turn|36\n|inactive|Time left: 300 sec this turn | 300 sec total\n|\n|t:|1783562481\n|move|p2a: Phione|Scald|p1a: Alomomola\n|-resisted|p1a: Alomomola\n|-damage|p1a: Alomomola|71/100 par\n|move|p1a: Alomomola|Wish|p1a: Alomomola\n|\n|-heal|p2a: Phione|293/293|[from] item: Leftovers\n|upkeep\n|turn|37\n|inactive|Time left: 300 sec this turn | 300 sec total\n|\n|t:|1783562482\n|switch|p2a: Veluza|Veluza, L85, M|292/292\n|-activate|p2a: Veluza|move: Sticky Web\n|-unboost|p2a: Veluza|spe|1\n|cant|p1a: Alomomola|par\n|\n|-heal|p1a: Alomomola|100/100 par|[from] move: Wish|[wisher] Alomomola\n|upkeep\n|turn|38\n|inactive|Time left: 300 sec this turn | 300 sec total\n|\n|t:|1783562483\n|move|p2a: Veluza|Aqua Cutter|p1a: Alomomola\n|-resisted|p1a: Alomomola\n|-damage|p1a: Alomomola|79/100 par\n|cant|p1a: Alomomola|par\n|\n|upkeep\n|turn|39\n|inactive|Time left: 300 sec this turn | 300 sec total\n|\n|t:|1783562484\n|move|p2a: Veluza|Aqua Cutter|p1a: Alomomola\n|-resisted|p1a: Alomomola\n|-damage|p1a: Alomomola|55/100 par\n|move|p1a: Alomomola|Flip Turn|p2a: Veluza\n|-resisted|p2a: Veluza\n|-damage|p2a: Veluza|263/292\n|\n|t:|1783562485\n|switch|p1a: Klawf|Klawf, L90, M|100/100|[from] Flip Turn\n|\n|upkeep\n|turn|40\n|inactive|Time left: 300 sec this turn | 300 sec total\n|\n|t:|1783562486\n|-terastallize|p1a: Klawf|Dark\n|move|p1a: Klawf|Knock Off|p2a: Veluza\n|-supereffective|p2a: Veluza\n|-crit|p2a: Veluza\n|-damage|p2a: Veluza|0 fnt\n|-enditem|p2a: Veluza|Choice Band|[from] move: Knock Off|[of] p1a: Klawf\n|faint|p2a: Veluza\n|\n|upkeep\n|inactive|Time left: 300 sec this turn | 300 sec total | 5 sec grace\n|\n|t:|1783562487\n|switch|p2a: Wo-Chien|Wo-Chien, L83|260/277 brn\n|-activate|p2a: Wo-Chien|move: Sticky Web\n|-unboost|p2a: Wo-Chien|spe|1\n|-ability|p2a: Wo-Chien|Tablets of Ruin\n|turn|41\n|inactive|Time left: 300 sec this turn | 300 sec total\n|\n|t:|1783562488\n|move|p1a: Klawf|Knock Off|p2a: Wo-Chien\n|-resisted|p2a: Wo-Chien\n|-damage|p2a: Wo-Chien|220/277 brn\n|-enditem|p2a: Wo-Chien|Leftovers|[from] move: Knock Off|[of] p1a: Klawf\n|move|p2a: Wo-Chien|Leech Seed|p1a: Klawf\n|-start|p1a: Klawf|move: Leech Seed\n|\n|-damage|p1a: Klawf|88/100|[from] Leech Seed|[of] p2a: Wo-Chien\n|-heal|p2a: Wo-Chien|254/277 brn|[silent]\n|-damage|p2a: Wo-Chien|237/277 brn|[from] brn\n|upkeep\n|turn|42\n|inactive|Time left: 300 sec this turn | 300 sec total\n|\n|t:|1783562489\n|switch|p1a: Alomomola|Alomomola, L87, F|89/100 par\n|move|p2a: Wo-Chien|Leech Seed|p1a: Alomomola\n|-start|p1a: Alomomola|move: Leech Seed\n|\n|-damage|p1a: Alomomola|76/100 par|[from] Leech Seed|[of] p2a: Wo-Chien\n|-heal|p2a: Wo-Chien|277/277 brn|[silent]\n|-damage|p2a: Wo-Chien|260/277 brn|[from] brn\n|upkeep\n|turn|43\n|inactive|Time left: 300 sec this turn | 300 sec total\n|\n|t:|1783562490\n|switch|p1a: Klawf|Klawf, L90, M, tera:Dark|100/100\n|move|p2a: Wo-Chien|Knock Off|p1a: Klawf\n|-resisted|p1a: Klawf\n|-damage|p1a: Klawf|96/100\n|\n|-damage|p2a: Wo-Chien|243/277 brn|[from] brn\n|upkeep\n|turn|44\n|inactive|Time left: 300 sec this turn | 300 sec total\n|\n|t:|1783562491\n|move|p1a: Klawf|Stone Edge|p2a: Wo-Chien\n|-damage|p2a: Wo-Chien|158/277 brn\n|move|p2a: Wo-Chien|Leech Seed|p1a: Klawf\n|-start|p1a: Klawf|move: Leech Seed\n|\n|-damage|p1a: Klawf|84/100|[from] Leech Seed|[of] p2a: Wo-Chien\n|-heal|p2a: Wo-Chien|192/277 brn|[silent]\n|-damage|p2a: Wo-Chien|175/277 brn|[from] brn\n|upkeep\n|turn|45\n|inactive|Time left: 300 sec this turn | 300 sec total\n|\n|t:|1783562492\n|switch|p1a: Alomomola|Alomomola, L87, F|100/100 par\n|move|p2a: Wo-Chien|Protect||[still]\n|-fail|p2a: Wo-Chien\n|\n|-damage|p2a: Wo-Chien|158/277 brn|[from] brn\n|upkeep\n|turn|46\n|inactive|Time left: 300 sec this turn | 300 sec total\n|\n|t:|1783562493\n|switch|p2a: Phione|Phione, L91|293/293\n|-activate|p2a: Phione|move: Sticky Web\n|-unboost|p2a: Phione|spe|1\n|move|p1a: Alomomola|Wish|p1a: Alomomola\n|\n|upkeep\n|turn|47\n|inactive|Time left: 300 sec this turn | 300 sec total\n|\n|t:|1783562494\n|move|p2a: Phione|Scald|p1a: Alomomola\n|-resisted|p1a: Alomomola\n|-damage|p1a: Alomomola|85/100 par\n|move|p1a: Alomomola|Wish||[still]\n|-fail|p1a: Alomomola\n|\n|-heal|p1a: Alomomola|100/100 par|[from] move: Wish|[wisher] Alomomola\n|upkeep\n|turn|48\n|inactive|Time left: 300 sec this turn | 300 sec total\n|\n|t:|1783562495\n|move|p2a: Phione|Scald|p1a: Alomomola\n|-resisted|p1a: Alomomola\n|-damage|p1a: Alomomola|85/100 par\n|move|p1a: Alomomola|Wish|p1a: Alomomola\n|\n|upkeep\n|turn|49\n|inactive|Time left: 300 sec this turn | 300 sec total\n|\n|t:|1783562497\n|move|p2a: Phione|Sleep Talk||[still]\n|-fail|p2a: Phione\n|move|p1a: Alomomola|Flip Turn|p2a: Phione\n|-resisted|p2a: Phione\n|-crit|p2a: Phione\n|-damage|p2a: Phione|251/293\n|\n|t:|1783562498\n|switch|p1a: Klawf|Klawf, L90, M, tera:Dark|100/100|[from] Flip Turn\n|\n|-heal|p2a: Phione|269/293|[from] item: Leftovers\n|upkeep\n|turn|50\n|inactive|Time left: 300 sec this turn | 300 sec total\n|\n|t:|1783562499\n|move|p1a: Klawf|Knock Off|p2a: Phione\n|-damage|p2a: Phione|142/293\n|-enditem|p2a: Phione|Leftovers|[from] move: Knock Off|[of] p1a: Klawf\n|move|p2a: Phione|Scald|p1a: Klawf\n|-damage|p1a: Klawf|56/100\n|\n|upkeep\n|turn|51\n|inactive|Time left: 300 sec this turn | 300 sec total\n|\n|t:|1783562500\n|switch|p1a: Alomomola|Alomomola, L87, F|100/100 par\n|move|p2a: Phione|Scald|p1a: Alomomola\n|-resisted|p1a: Alomomola\n|-damage|p1a: Alomomola|85/100 par\n|\n|upkeep\n|turn|52\n|inactive|Time left: 300 sec this turn | 300 sec total\n|\n|t:|1783562501\n|move|p2a: Phione|Rest|p2a: Phione\n|-status|p2a: Phione|slp|[from] move: Rest\n|-heal|p2a: Phione|293/293 slp|[silent]\n|cant|p1a: Alomomola|par\n|\n|upkeep\n|turn|53\n|inactive|Time left: 300 sec this turn | 300 sec total\n|\n|t:|1783562502\n|cant|p2a: Phione|slp\n|move|p2a: Phione|Sleep Talk|p2a: Phione\n|move|p2a: Phione|Scald|p1a: Alomomola|[from] move: Sleep Talk\n|-resisted|p1a: Alomomola\n|-damage|p1a: Alomomola|70/100 par\n|move|p1a: Alomomola|Flip Turn|p2a: Phione\n|-resisted|p2a: Phione\n|-damage|p2a: Phione|266/293 slp\n|\n|t:|1783562503\n|switch|p1a: Klawf|Klawf, L90, M, tera:Dark|89/100|[from] Flip Turn\n|\n|upkeep\n|turn|54\n|inactive|Time left: 300 sec this turn | 300 sec total\n|\n|t:|1783562504\n|move|p1a: Klawf|Stone Edge|p2a: Phione\n|-damage|p2a: Phione|130/293 slp\n|cant|p2a: Phione|slp\n|move|p2a: Phione|Sleep Talk|p2a: Phione\n|move|p2a: Phione|Rest||[from] move: Sleep Talk|[still]\n|-fail|p2a: Phione\n|\n|upkeep\n|turn|55\n|inactive|Time left: 300 sec this turn | 300 sec total\n|\n|t:|1783562505\n|move|p1a: Klawf|Stone Edge|p2a: Phione\n|-damage|p2a: Phione|3/293 slp\n|-curestatus|p2a: Phione|slp|[msg]\n|move|p2a: Phione|Scald|p1a: Klawf\n|-damage|p1a: Klawf|50/100\n|-status|p1a: Klawf|brn\n|\n|-damage|p1a: Klawf|44/100 brn|[from] brn\n|upkeep\n|turn|56\n|inactive|Time left: 300 sec this turn | 300 sec total\n|\n|t:|1783562507\n|move|p1a: Klawf|Knock Off|p2a: Phione\n|-damage|p2a: Phione|0 fnt\n|faint|p2a: Phione\n|\n|-damage|p1a: Klawf|38/100 brn|[from] brn\n|upkeep\n|inactive|Time left: 300 sec this turn | 300 sec total | 5 sec grace\n|\n|t:|1783562508\n|switch|p2a: Wo-Chien|Wo-Chien, L83|158/277 brn\n|-activate|p2a: Wo-Chien|move: Sticky Web\n|-unboost|p2a: Wo-Chien|spe|1\n|-ability|p2a: Wo-Chien|Tablets of Ruin\n|turn|57\n|inactive|Time left: 300 sec this turn | 300 sec total\n|\n|t:|1783562509\n|move|p2a: Wo-Chien|Protect|p2a: Wo-Chien\n|-singleturn|p2a: Wo-Chien|Protect\n|move|p1a: Klawf|Stone Edge|p2a: Wo-Chien\n|-activate|p2a: Wo-Chien|move: Protect\n|\n|-damage|p1a: Klawf|32/100 brn|[from] brn\n|-damage|p2a: Wo-Chien|141/277 brn|[from] brn\n|upkeep\n|turn|58\n|inactive|Time left: 300 sec this turn | 300 sec total\n|\n|t:|1783562510\n|move|p1a: Klawf|Stone Edge|p2a: Wo-Chien\n|-damage|p2a: Wo-Chien|101/277 brn\n|move|p2a: Wo-Chien|Knock Off|p1a: Klawf\n|-resisted|p1a: Klawf\n|-damage|p1a: Klawf|28/100 brn\n|\n|-damage|p1a: Klawf|21/100 brn|[from] brn\n|-damage|p2a: Wo-Chien|84/277 brn|[from] brn\n|upkeep\n|turn|59\n|inactive|Time left: 300 sec this turn | 300 sec total\n|\n|t:|1783562511\n|move|p2a: Wo-Chien|Protect|p2a: Wo-Chien\n|-singleturn|p2a: Wo-Chien|Protect\n|move|p1a: Klawf|Knock Off|p2a: Wo-Chien\n|-activate|p2a: Wo-Chien|move: Protect\n|\n|-damage|p1a: Klawf|15/100 brn|[from] brn\n|-damage|p2a: Wo-Chien|67/277 brn|[from] brn\n|upkeep\n|turn|60\n|inactive|Time left: 300 sec this turn | 300 sec total\n|\n|t:|1783562512\n|move|p1a: Klawf|Knock Off|p2a: Wo-Chien\n|-resisted|p2a: Wo-Chien\n|-damage|p2a: Wo-Chien|53/277 brn\n|move|p2a: Wo-Chien|Knock Off|p1a: Klawf\n|-resisted|p1a: Klawf\n|-damage|p1a: Klawf|11/100 brn\n|\n|-damage|p1a: Klawf|5/100 brn|[from] brn\n|-damage|p2a: Wo-Chien|36/277 brn|[from] brn\n|upkeep\n|turn|61\n|inactive|Time left: 300 sec this turn | 300 sec total\n|\n|t:|1783562513\n|move|p1a: Klawf|Crabhammer|p2a: Wo-Chien|[miss]\n|-miss|p1a: Klawf|p2a: Wo-Chien\n|move|p2a: Wo-Chien|Stun Spore||[still]\n|-fail|p2a: Wo-Chien\n|\n|-damage|p1a: Klawf|0 fnt|[from] brn\n|faint|p1a: Klawf\n|-damage|p2a: Wo-Chien|19/277 brn|[from] brn\n|upkeep\n|\n|t:|1783562514\n|switch|p1a: Alomomola|Alomomola, L87, F|100/100 par\n|turn|62\n|inactive|Time left: 300 sec this turn | 300 sec total\n|\n|t:|1783562514\n|-terastallize|p2a: Wo-Chien|Poison\n|move|p1a: Alomomola|Protect|p1a: Alomomola\n|-singleturn|p1a: Alomomola|Protect\n|move|p2a: Wo-Chien|Stun Spore|p1a: Alomomola\n|-activate|p1a: Alomomola|move: Protect\n|\n|-damage|p2a: Wo-Chien|2/277 brn|[from] brn\n|upkeep\n|turn|63\n|inactive|Time left: 300 sec this turn | 300 sec total\n|\n|t:|1783562515\n|move|p2a: Wo-Chien|Knock Off|p1a: Alomomola\n|-damage|p1a: Alomomola|89/100 par\n|-enditem|p1a: Alomomola|Heavy-Duty Boots|[from] move: Knock Off|[of] p2a: Wo-Chien\n|move|p1a: Alomomola|Flip Turn|p2a: Wo-Chien\n|-damage|p2a: Wo-Chien|0 fnt\n|faint|p2a: Wo-Chien\n|\n|win|p0x1940ee81", "uploadtime": 1783562515, "views": 0, "rating": 0, "private": 0, "password": null, "_winner": "p0x1940ee81", "_our_name": "p0y1940f0e4"}