{"id": "battle-gen9randombattle-630", "formatid": "gen9randombattle", "format": "[Gen 9] Random Battle", "players": ["p0x630fe3a", "p0y6309cb3"], "log": "|init|battle\n|title|p0x630fe3a vs. p0y6309cb3\n|j|\u2606p0x630fe3a\n|j|\u2606p0y6309cb3\n|t:|1783547132\n|gametype|singles\n|player|p1|p0x630fe3a|101|\n|player|p2|p0y6309cb3|170|\n|gen|9\n|tier|[Gen 9] Random Battle\n|rule|Species Clause: Limit one of each Pok\u00e9mon\n|rule|HP Percentage Mod: HP is shown in percentages\n|rule|Sleep Clause Mod: Limit one foe put to sleep\n|rule|Illusion Level Mod: Illusion disguises the Pok\u00e9mon's true level\n|\n|t:|1783547132\n|teamsize|p1|6\n|teamsize|p2|6\n|start\n|switch|p1a: Kingambit|Kingambit, L74, M|270/270\n|switch|p2a: Clawitzer|Clawitzer, L87, F|100/100\n|turn|1\n|inactive|Battle timer is ON: inactive players will automatically lose when time's up. (requested by p0x630fe3a)\n|inactive|p0y6309cb3 also wants the timer to be on.\n|\n|t:|1783547133\n|move|p2a: Clawitzer|Water Pulse|p1a: Kingambit\n|-damage|p1a: Kingambit|125/270\n|move|p1a: Kingambit|Swords Dance|p1a: Kingambit\n|-boost|p1a: Kingambit|atk|2\n|\n|-heal|p1a: Kingambit|141/270|[from] item: Leftovers\n|upkeep\n|turn|2\n|inactive|Time left: 300 sec this turn | 300 sec total\n|\n|t:|1783547134\n|move|p1a: Kingambit|Sucker Punch|p2a: Clawitzer\n|-damage|p2a: Clawitzer|50/100\n|move|p2a: Clawitzer|Water Pulse|p1a: Kingambit\n|-damage|p1a: Kingambit|9/270\n|-start|p1a: Kingambit|confusion\n|\n|-heal|p1a: Kingambit|25/270|[from] item: Leftovers\n|upkeep\n|turn|3\n|inactive|Time left: 300 sec this turn | 300 sec total\n|\n|t:|1783547135\n|-activate|p1a: Kingambit|confusion\n|move|p1a: Kingambit|Sucker Punch|p2a: Clawitzer\n|-damage|p2a: Clawitzer|0 fnt\n|faint|p2a: Clawitzer\n|\n|-heal|p1a: Kingambit|41/270|[from] item: Leftovers\n|upkeep\n|\n|t:|1783547136\n|switch|p2a: Duraludon|Duraludon, L82, F|100/100\n|turn|4\n|inactive|Time left: 300 sec this turn | 300 sec total\n|\n|t:|1783547137\n|-end|p1a: Kingambit|fallenundefined|[silent]\n|switch|p1a: Espeon|Espeon, L84, M|246/246\n|move|p2a: Duraludon|Flash Cannon|p1a: Espeon\n|-damage|p1a: Espeon|162/246\n|-unboost|p1a: Espeon|spd|1\n|\n|upkeep\n|turn|5\n|inactive|Time left: 300 sec this turn | 300 sec total\n|\n|t:|1783547138\n|move|p1a: Espeon|Psychic|p2a: Duraludon\n|-resisted|p2a: Duraludon\n|-damage|p2a: Duraludon|67/100\n|move|p2a: Duraludon|Flash Cannon|p1a: Espeon\n|-damage|p1a: Espeon|38/246\n|\n|upkeep\n|turn|6\n|inactive|Time left: 300 sec this turn | 300 sec total\n|\n|t:|1783547139\n|move|p1a: Espeon|Psychic|p2a: Duraludon\n|-resisted|p2a: Duraludon\n|-damage|p2a: Duraludon|31/100\n|move|p2a: Duraludon|Flash Cannon|p1a: Espeon\n|-damage|p1a: Espeon|0 fnt\n|faint|p1a: Espeon\n|\n|upkeep\n|inactive|Time left: 300 sec this turn | 300 sec total | 5 sec grace\n|\n|t:|1783547140\n|switch|p1a: Regice|Regice, L88|284/284\n|turn|7\n|inactive|Time left: 300 sec this turn | 300 sec total\n|\n|t:|1783547142\n|move|p2a: Duraludon|Body Press|p1a: Regice\n|-supereffective|p1a: Regice\n|-damage|p1a: Regice|180/284\n|move|p1a: Regice|Ice Beam|p2a: Duraludon\n|-damage|p2a: Duraludon|0 fnt\n|faint|p2a: Duraludon\n|\n|upkeep\n|\n|t:|1783547142\n|switch|p2a: Necrozma|Necrozma-Dusk-Mane, L69|100/100\n|turn|8\n|inactive|Time left: 300 sec this turn | 300 sec total\n|\n|t:|1783547144\n|move|p2a: Necrozma|Dragon Dance|p2a: Necrozma\n|-boost|p2a: Necrozma|atk|1\n|-boost|p2a: Necrozma|spe|1\n|move|p1a: Regice|Ice Beam|p2a: Necrozma\n|-resisted|p2a: Necrozma\n|-damage|p2a: Necrozma|78/100\n|\n|upkeep\n|turn|9\n|inactive|Time left: 300 sec this turn | 300 sec total\n|\n|t:|1783547145\n|switch|p1a: Pecharunt|Pecharunt, L77|262/262\n|move|p2a: Necrozma|Sunsteel Strike|p1a: Pecharunt\n|-damage|p1a: Pecharunt|153/262\n|\n|-heal|p1a: Pecharunt|169/262|[from] item: Leftovers\n|upkeep\n|turn|10\n|inactive|Time left: 300 sec this turn | 300 sec total\n|\n|t:|1783547146\n|-terastallize|p1a: Pecharunt|Dark\n|move|p2a: Necrozma|Dragon Dance|p2a: Necrozma\n|-boost|p2a: Necrozma|atk|1\n|-boost|p2a: Necrozma|spe|1\n|move|p1a: Pecharunt|Nasty Plot|p1a: Pecharunt\n|-boost|p1a: Pecharunt|spa|2\n|\n|-heal|p1a: Pecharunt|185/262|[from] item: Leftovers\n|upkeep\n|turn|11\n|inactive|Time left: 300 sec this turn | 300 sec total\n|\n|t:|1783547147\n|-terastallize|p2a: Necrozma|Ground\n|move|p2a: Necrozma|Earthquake|p1a: Pecharunt\n|-damage|p1a: Pecharunt|37/262\n|move|p1a: Pecharunt|Shadow Ball|p2a: Necrozma\n|-damage|p2a: Necrozma|23/100\n|\n|-heal|p1a: Pecharunt|53/262|[from] item: Leftovers\n|upkeep\n|turn|12\n|inactive|Time left: 300 sec this turn | 300 sec total\n|\n|t:|1783547148\n|move|p2a: Necrozma|Earthquake|p1a: Pecharunt\n|-damage|p1a: Pecharunt|0 fnt\n|faint|p1a: Pecharunt\n|\n|upkeep\n|inactive|Time left: 300 sec this turn | 300 sec total | 5 sec grace\n|\n|t:|1783547149\n|switch|p1a: Kingambit|Kingambit, L74, M|41/270\n|-activate|p1a: Kingambit|ability: Supreme Overlord\n|-start|p1a: Kingambit|fallen2|[silent]\n|turn|13\n|inactive|Time left: 300 sec this turn | 300 sec total\n|\n|t:|1783547150\n|move|p1a: Kingambit|Sucker Punch||[still]\n|-fail|p1a: Kingambit\n|move|p2a: Necrozma|Dragon Dance|p2a: Necrozma\n|-boost|p2a: Necrozma|atk|1\n|-boost|p2a: Necrozma|spe|1\n|\n|-heal|p1a: Kingambit|57/270|[from] item: Leftovers\n|upkeep\n|turn|14\n|inactive|Time left: 300 sec this turn | 300 sec total\n|\n|t:|1783547151\n|move|p1a: Kingambit|Sucker Punch||[still]\n|-fail|p1a: Kingambit\n|move|p2a: Necrozma|Dragon Dance|p2a: Necrozma\n|-boost|p2a: Necrozma|atk|1\n|-boost|p2a: Necrozma|spe|1\n|\n|-heal|p1a: Kingambit|73/270|[from] item: Leftovers\n|upkeep\n|turn|15\n|inactive|Time left: 300 sec this turn | 300 sec total\n|\n|t:|1783547152\n|move|p1a: Kingambit|Sucker Punch||[still]\n|-fail|p1a: Kingambit\n|move|p2a: Necrozma|Dragon Dance|p2a: Necrozma\n|-boost|p2a: Necrozma|atk|1\n|-boost|p2a: Necrozma|spe|1\n|\n|-heal|p1a: Kingambit|89/270|[from] item: Leftovers\n|upkeep\n|turn|16\n|inactive|Time left: 300 sec this turn | 300 sec total\n|\n|t:|1783547153\n|move|p1a: Kingambit|Sucker Punch||[still]\n|-fail|p1a: Kingambit\n|move|p2a: Necrozma|Dragon Dance|p2a: Necrozma\n|-boost|p2a: Necrozma|atk|1\n|-boost|p2a: Necrozma|spe|1\n|\n|-heal|p1a: Kingambit|105/270|[from] item: Leftovers\n|upkeep\n|turn|17\n|inactive|Time left: 300 sec this turn | 300 sec total\n|\n|t:|1783547154\n|move|p1a: Kingambit|Sucker Punch||[still]\n|-fail|p1a: Kingambit\n|move|p2a: Necrozma|Dragon Dance|p2a: Necrozma\n|-boost|p2a: Necrozma|atk|0\n|-boost|p2a: Necrozma|spe|0\n|\n|-heal|p1a: Kingambit|121/270|[from] item: Leftovers\n|upkeep\n|turn|18\n|inactive|Time left: 300 sec this turn | 300 sec total\n|\n|t:|1783547155\n|move|p1a: Kingambit|Sucker Punch||[still]\n|-fail|p1a: Kingambit\n|move|p2a: Necrozma|Dragon Dance|p2a: Necrozma\n|-boost|p2a: Necrozma|atk|0\n|-boost|p2a: Necrozma|spe|0\n|\n|-heal|p1a: Kingambit|137/270|[from] item: Leftovers\n|upkeep\n|turn|19\n|inactive|Time left: 300 sec this turn | 300 sec total\n|\n|t:|1783547156\n|-end|p1a: Kingambit|fallen2|[silent]\n|switch|p1a: Regice|Regice, L88|180/284\n|move|p2a: Necrozma|Sunsteel Strike|p1a: Regice\n|-supereffective|p1a: Regice\n|-damage|p1a: Regice|0 fnt\n|faint|p1a: Regice\n|\n|upkeep\n|inactive|Time left: 300 sec this turn | 300 sec total | 5 sec grace\n|\n|t:|1783547157\n|switch|p1a: Illumise|Illumise, L91, F|266/266\n|turn|20\n|inactive|Time left: 300 sec this turn | 300 sec total\n|\n|t:|1783547158\n|move|p1a: Illumise|Encore|p2a: Necrozma\n|-start|p2a: Necrozma|Encore\n|move|p2a: Necrozma|Sunsteel Strike|p1a: Illumise\n|-damage|p1a: Illumise|0 fnt\n|faint|p1a: Illumise\n|\n|upkeep\n|inactive|Time left: 300 sec this turn | 300 sec total | 5 sec grace\n|\n|t:|1783547159\n|switch|p1a: Garganacl|Garganacl, L80, F|291/291\n|turn|21\n|inactive|Time left: 300 sec this turn | 300 sec total\n|\n|t:|1783547160\n|move|p1a: Garganacl|Protect|p1a: Garganacl\n|-singleturn|p1a: Garganacl|Protect\n|move|p2a: Necrozma|Sunsteel Strike|p1a: Garganacl\n|-activate|p1a: Garganacl|move: Protect\n|\n|upkeep\n|turn|22\n|inactive|Time left: 300 sec this turn | 300 sec total\n|\n|t:|1783547161\n|move|p1a: Garganacl|Protect|p1a: Garganacl\n|-singleturn|p1a: Garganacl|Protect\n|move|p2a: Necrozma|Sunsteel Strike|p1a: Garganacl\n|-activate|p1a: Garganacl|move: Protect\n|\n|-end|p2a: Necrozma|Encore\n|upkeep\n|turn|23\n|inactive|Time left: 300 sec this turn | 300 sec total\n|\n|t:|1783547162\n|move|p1a: Garganacl|Protect||[still]\n|-fail|p1a: Garganacl\n|move|p2a: Necrozma|Sunsteel Strike|p1a: Garganacl\n|-supereffective|p1a: Garganacl\n|-damage|p1a: Garganacl|0 fnt\n|faint|p1a: Garganacl\n|\n|upkeep\n|inactive|Time left: 300 sec this turn | 300 sec total | 5 sec grace\n|\n|t:|1783547163\n|switch|p1a: Kingambit|Kingambit, L74, M|137/270\n|-activate|p1a: Kingambit|ability: Supreme Overlord\n|-start|p1a: Kingambit|fallen5|[silent]\n|turn|24\n|inactive|Time left: 300 sec this turn | 300 sec total\n|\n|t:|1783547164\n|move|p2a: Necrozma|Earthquake|p1a: Kingambit\n|-supereffective|p1a: Kingambit\n|-damage|p1a: Kingambit|0 fnt\n|faint|p1a: Kingambit\n|-end|p1a: Kingambit|fallen5|[silent]\n|\n|win|p0y6309cb3", "uploadtime": 1783547164, "views": 0, "rating": 0, "private": 0, "password": null, "_winner": "p0y6309cb3", "_our_name": "p0x630fe3a"}