{"id": "battle-gen9randombattle-960", "formatid": "gen9randombattle", "format": "[Gen 9] Random Battle", "players": ["p0x960f577", "p0y9603148"], "log": "|init|battle\n|title|p0x960f577 vs. p0y9603148\n|j|\u2606p0x960f577\n|j|\u2606p0y9603148\n|t:|1783550258\n|gametype|singles\n|player|p1|p0x960f577|265|\n|player|p2|p0y9603148|265|\n|gen|9\n|tier|[Gen 9] Random Battle\n|rule|Species Clause: Limit one of each Pok\u00e9mon\n|rule|HP Percentage Mod: HP is shown in percentages\n|rule|Sleep Clause Mod: Limit one foe put to sleep\n|rule|Illusion Level Mod: Illusion disguises the Pok\u00e9mon's true level\n|\n|t:|1783550258\n|teamsize|p1|6\n|teamsize|p2|6\n|start\n|switch|p1a: Goodra|Goodra, L85, M|292/292\n|switch|p2a: Hawlucha|Hawlucha, L80, F|100/100\n|turn|1\n|inactive|Battle timer is ON: inactive players will automatically lose when time's up. (requested by p0y9603148)\n|inactive|Time left: 300 sec this turn | 300 sec total | 60 sec grace\n|inactive|p0x960f577 also wants the timer to be on.\n|\n|t:|1783550260\n|move|p2a: Hawlucha|Brave Bird|p1a: Goodra\n|-crit|p1a: Goodra\n|-damage|p1a: Goodra|87/292\n|-damage|p2a: Hawlucha|74/100|[from] Recoil\n|move|p1a: Goodra|Dragon Tail|p2a: Hawlucha\n|-damage|p2a: Hawlucha|43/100\n|drag|p2a: Dewgong|Dewgong, L94, M|100/100\n|\n|upkeep\n|turn|2\n|inactive|Time left: 300 sec this turn | 300 sec total\n|\n|t:|1783550262\n|move|p2a: Dewgong|Triple Axel|p1a: Goodra|[miss]\n|-miss|p2a: Dewgong|p1a: Goodra\n|move|p1a: Goodra|Fire Blast|p2a: Dewgong\n|-damage|p2a: Dewgong|93/100\n|\n|upkeep\n|turn|3\n|inactive|Time left: 300 sec this turn | 300 sec total\n|\n|t:|1783550263\n|switch|p1a: Umbreon|Umbreon, L84, M|297/297\n|move|p2a: Dewgong|Triple Axel|p1a: Umbreon\n|-damage|p1a: Umbreon|279/297\n|-damage|p1a: Umbreon|242/297\n|-damage|p1a: Umbreon|190/297\n|-hitcount|p1a: Umbreon|3\n|\n|-heal|p1a: Umbreon|208/297|[from] item: Leftovers\n|upkeep\n|turn|4\n|inactive|Time left: 300 sec this turn | 300 sec total\n|\n|t:|1783550264\n|move|p2a: Dewgong|Triple Axel|p1a: Umbreon|[miss]\n|-miss|p2a: Dewgong|p1a: Umbreon\n|move|p1a: Umbreon|Toxic|p2a: Dewgong\n|-status|p2a: Dewgong|tox\n|\n|-heal|p1a: Umbreon|226/297|[from] item: Leftovers\n|-damage|p2a: Dewgong|87/100 tox|[from] psn\n|upkeep\n|turn|5\n|inactive|Time left: 300 sec this turn | 300 sec total\n|\n|t:|1783550265\n|move|p2a: Dewgong|Triple Axel|p1a: Umbreon\n|-damage|p1a: Umbreon|208/297\n|-damage|p1a: Umbreon|172/297\n|-crit|p1a: Umbreon\n|-damage|p1a: Umbreon|88/297\n|-hitcount|p1a: Umbreon|3\n|move|p1a: Umbreon|Foul Play|p2a: Dewgong\n|-damage|p2a: Dewgong|61/100 tox\n|\n|-heal|p1a: Umbreon|106/297|[from] item: Leftovers\n|-damage|p2a: Dewgong|49/100 tox|[from] psn\n|upkeep\n|turn|6\n|inactive|Time left: 300 sec this turn | 300 sec total\n|\n|t:|1783550266\n|move|p1a: Umbreon|Protect|p1a: Umbreon\n|-singleturn|p1a: Umbreon|Protect\n|move|p2a: Dewgong|Triple Axel|p1a: Umbreon\n|-activate|p1a: Umbreon|move: Protect\n|\n|-heal|p1a: Umbreon|124/297|[from] item: Leftovers\n|-damage|p2a: Dewgong|30/100 tox|[from] psn\n|upkeep\n|turn|7\n|inactive|Time left: 300 sec this turn | 300 sec total\n|\n|t:|1783550267\n|move|p2a: Dewgong|Triple Axel|p1a: Umbreon\n|-damage|p1a: Umbreon|106/297\n|-damage|p1a: Umbreon|69/297\n|-damage|p1a: Umbreon|14/297\n|-hitcount|p1a: Umbreon|3\n|move|p1a: Umbreon|Wish|p1a: Umbreon\n|\n|-heal|p1a: Umbreon|32/297|[from] item: Leftovers\n|-damage|p2a: Dewgong|5/100 tox|[from] psn\n|upkeep\n|turn|8\n|inactive|Time left: 300 sec this turn | 300 sec total\n|\n|t:|1783550268\n|move|p1a: Umbreon|Protect|p1a: Umbreon\n|-singleturn|p1a: Umbreon|Protect\n|move|p2a: Dewgong|Flip Turn|p1a: Umbreon\n|-activate|p1a: Umbreon|move: Protect\n|\n|-heal|p1a: Umbreon|180/297|[from] move: Wish|[wisher] Umbreon\n|-heal|p1a: Umbreon|198/297|[from] item: Leftovers\n|-damage|p2a: Dewgong|0 fnt|[from] psn\n|faint|p2a: Dewgong\n|upkeep\n|\n|t:|1783550269\n|switch|p2a: Azumarill|Azumarill, L82, M|100/100\n|turn|9\n|inactive|Time left: 300 sec this turn | 300 sec total\n|\n|t:|1783550270\n|move|p1a: Umbreon|Toxic|p2a: Azumarill|[miss]\n|-miss|p1a: Umbreon|p2a: Azumarill\n|move|p2a: Azumarill|Play Rough|p1a: Umbreon\n|-supereffective|p1a: Umbreon\n|-damage|p1a: Umbreon|0 fnt\n|faint|p1a: Umbreon\n|\n|upkeep\n|inactive|Time left: 300 sec this turn | 300 sec total | 5 sec grace\n|\n|t:|1783550271\n|switch|p1a: Golduck|Golduck, L90, M|290/290\n|-ability|p1a: Golduck|Cloud Nine\n|turn|10\n|inactive|Time left: 300 sec this turn | 300 sec total\n|\n|t:|1783550272\n|move|p1a: Golduck|Grass Knot|p2a: Azumarill\n|-supereffective|p2a: Azumarill\n|-crit|p2a: Azumarill\n|-damage|p2a: Azumarill|15/100\n|move|p2a: Azumarill|Play Rough|p1a: Golduck\n|-damage|p1a: Golduck|121/290\n|\n|upkeep\n|turn|11\n|inactive|Time left: 300 sec this turn | 300 sec total\n|\n|t:|1783550273\n|switch|p2a: Shaymin|Shaymin, L82|100/100\n|move|p1a: Golduck|Grass Knot|p2a: Shaymin\n|-resisted|p2a: Shaymin\n|-damage|p2a: Shaymin|97/100\n|\n|-heal|p2a: Shaymin|100/100|[from] item: Leftovers\n|upkeep\n|turn|12\n|inactive|Time left: 300 sec this turn | 300 sec total\n|\n|t:|1783550274\n|switch|p1a: Goodra|Goodra, L85, M|87/292\n|move|p2a: Shaymin|Seed Flare|p1a: Goodra\n|-ability|p1a: Goodra|Sap Sipper|boost\n|-boost|p1a: Goodra|atk|1\n|\n|upkeep\n|turn|13\n|inactive|Time left: 300 sec this turn | 300 sec total\n|\n|t:|1783550275\n|switch|p2a: Urshifu|Urshifu, L74, F|100/100\n|move|p1a: Goodra|Fire Blast|p2a: Urshifu\n|-damage|p2a: Urshifu|54/100\n|\n|upkeep\n|turn|14\n|inactive|Time left: 300 sec this turn | 300 sec total\n|\n|t:|1783550276\n|switch|p1a: Ting-Lu|Ting-Lu, L78|370/370\n|-ability|p1a: Ting-Lu|Vessel of Ruin\n|move|p2a: Urshifu|Wicked Blow|p1a: Ting-Lu\n|-resisted|p1a: Ting-Lu\n|-crit|p1a: Ting-Lu\n|-damage|p1a: Ting-Lu|295/370\n|\n|-heal|p1a: Ting-Lu|318/370|[from] item: Leftovers\n|upkeep\n|turn|15\n|inactive|Time left: 300 sec this turn | 300 sec total\n|\n|t:|1783550277\n|move|p2a: Urshifu|Wicked Blow|p1a: Ting-Lu\n|-resisted|p1a: Ting-Lu\n|-crit|p1a: Ting-Lu\n|-damage|p1a: Ting-Lu|244/370\n|move|p1a: Ting-Lu|Stealth Rock|p2a: Urshifu\n|-sidestart|p2: p0y9603148|move: Stealth Rock\n|\n|-heal|p1a: Ting-Lu|267/370|[from] item: Leftovers\n|upkeep\n|turn|16\n|inactive|Time left: 300 sec this turn | 300 sec total\n|\n|t:|1783550278\n|move|p2a: Urshifu|Wicked Blow|p1a: Ting-Lu\n|-resisted|p1a: Ting-Lu\n|-crit|p1a: Ting-Lu\n|-damage|p1a: Ting-Lu|201/370\n|move|p1a: Ting-Lu|Earthquake|p2a: Urshifu\n|-damage|p2a: Urshifu|13/100\n|\n|-heal|p1a: Ting-Lu|224/370|[from] item: Leftovers\n|upkeep\n|turn|17\n|inactive|Time left: 300 sec this turn | 300 sec total\n|\n|t:|1783550279\n|move|p2a: Urshifu|Wicked Blow|p1a: Ting-Lu\n|-resisted|p1a: Ting-Lu\n|-crit|p1a: Ting-Lu\n|-damage|p1a: Ting-Lu|157/370\n|move|p1a: Ting-Lu|Earthquake|p2a: Urshifu\n|-damage|p2a: Urshifu|0 fnt\n|faint|p2a: Urshifu\n|\n|-heal|p1a: Ting-Lu|180/370|[from] item: Leftovers\n|upkeep\n|\n|t:|1783550280\n|switch|p2a: Beartic|Beartic, L91, F|100/100\n|turn|18\n|inactive|Time left: 300 sec this turn | 300 sec total\n|\n|t:|1783550281\n|switch|p1a: Golduck|Golduck, L90, M|121/290\n|-ability|p1a: Golduck|Cloud Nine\n|move|p2a: Beartic|Swords Dance|p2a: Beartic\n|-boost|p2a: Beartic|atk|2\n|\n|upkeep\n|turn|19\n|inactive|Time left: 300 sec this turn | 300 sec total\n|\n|t:|1783550282\n|-terastallize|p1a: Golduck|Grass\n|move|p1a: Golduck|Grass Knot|p2a: Beartic\n|-damage|p2a: Beartic|36/100\n|move|p2a: Beartic|Icicle Crash|p1a: Golduck|[miss]\n|-miss|p2a: Beartic|p1a: Golduck\n|\n|upkeep\n|turn|20\n|inactive|Time left: 300 sec this turn | 300 sec total\n|\n|t:|1783550283\n|switch|p2a: Shaymin|Shaymin, L82|100/100\n|-damage|p2a: Shaymin|88/100|[from] Stealth Rock\n|move|p1a: Golduck|Grass Knot|p2a: Shaymin\n|-resisted|p2a: Shaymin\n|-damage|p2a: Shaymin|82/100\n|\n|-heal|p2a: Shaymin|88/100|[from] item: Leftovers\n|upkeep\n|turn|21\n|inactive|Time left: 300 sec this turn | 300 sec total\n|\n|t:|1783550284\n|switch|p1a: Goodra|Goodra, L85, M|87/292\n|move|p2a: Shaymin|Air Slash|p1a: Goodra\n|-damage|p1a: Goodra|64/292\n|\n|-heal|p2a: Shaymin|94/100|[from] item: Leftovers\n|upkeep\n|turn|22\n|inactive|Time left: 300 sec this turn | 300 sec total\n|\n|t:|1783550286\n|move|p2a: Shaymin|Earth Power|p1a: Goodra\n|-damage|p1a: Goodra|38/292\n|move|p1a: Goodra|Fire Blast|p2a: Shaymin\n|-supereffective|p2a: Shaymin\n|-damage|p2a: Shaymin|35/100\n|\n|-heal|p2a: Shaymin|41/100|[from] item: Leftovers\n|upkeep\n|turn|23\n|inactive|Time left: 300 sec this turn | 300 sec total\n|\n|t:|1783550288\n|move|p2a: Shaymin|Synthesis|p2a: Shaymin\n|-heal|p2a: Shaymin|91/100\n|move|p1a: Goodra|Fire Blast|p2a: Shaymin\n|-supereffective|p2a: Shaymin\n|-damage|p2a: Shaymin|37/100\n|\n|-heal|p2a: Shaymin|43/100|[from] item: Leftovers\n|upkeep\n|turn|24\n|inactive|Time left: 300 sec this turn | 300 sec total\n|\n|t:|1783550289\n|move|p2a: Shaymin|Synthesis|p2a: Shaymin\n|-heal|p2a: Shaymin|93/100\n|move|p1a: Goodra|Fire Blast|p2a: Shaymin|[miss]\n|-miss|p1a: Goodra|p2a: Shaymin\n|\n|-heal|p2a: Shaymin|99/100|[from] item: Leftovers\n|upkeep\n|turn|25\n|inactive|Time left: 300 sec this turn | 300 sec total\n|\n|t:|1783550290\n|move|p2a: Shaymin|Air Slash|p1a: Goodra\n|-damage|p1a: Goodra|16/292\n|move|p1a: Goodra|Fire Blast|p2a: Shaymin\n|-supereffective|p2a: Shaymin\n|-damage|p2a: Shaymin|47/100\n|-status|p2a: Shaymin|brn\n|\n|-heal|p2a: Shaymin|53/100 brn|[from] item: Leftovers\n|-damage|p2a: Shaymin|47/100 brn|[from] brn\n|upkeep\n|turn|26\n|inactive|Time left: 300 sec this turn | 300 sec total\n|\n|t:|1783550292\n|switch|p1a: Ting-Lu|Ting-Lu, L78|180/370\n|-ability|p1a: Ting-Lu|Vessel of Ruin\n|move|p2a: Shaymin|Synthesis|p2a: Shaymin\n|-heal|p2a: Shaymin|97/100 brn\n|\n|-heal|p2a: Shaymin|100/100 brn|[from] item: Leftovers\n|-heal|p1a: Ting-Lu|203/370|[from] item: Leftovers\n|-damage|p2a: Shaymin|94/100 brn|[from] brn\n|upkeep\n|turn|27\n|inactive|Time left: 300 sec this turn | 300 sec total\n|\n|t:|1783550293\n|switch|p1a: Exeggutor|Exeggutor, L89, M|312/312\n|move|p2a: Shaymin|Seed Flare|p1a: Exeggutor\n|-resisted|p1a: Exeggutor\n|-damage|p1a: Exeggutor|247/312\n|\n|-heal|p2a: Shaymin|100/100 brn|[from] item: Leftovers\n|-damage|p2a: Shaymin|94/100 brn|[from] brn\n|upkeep\n|turn|28\n|inactive|Time left: 300 sec this turn | 300 sec total\n|\n|t:|1783550294\n|move|p2a: Shaymin|Air Slash|p1a: Exeggutor\n|-supereffective|p1a: Exeggutor\n|-damage|p1a: Exeggutor|129/312\n|-enditem|p1a: Exeggutor|Sitrus Berry|[eat]\n|-heal|p1a: Exeggutor|207/312|[from] item: Sitrus Berry\n|move|p1a: Exeggutor|Psychic Noise|p2a: Shaymin\n|-damage|p2a: Shaymin|59/100 brn\n|-start|p2a: Shaymin|move: Heal Block\n|\n|-damage|p2a: Shaymin|53/100 brn|[from] brn\n|-item|p1a: Exeggutor|Sitrus Berry|[from] ability: Harvest\n|upkeep\n|turn|29\n|inactive|Time left: 300 sec this turn | 300 sec total\n|\n|t:|1783550295\n|move|p2a: Shaymin|Air Slash|p1a: Exeggutor\n|-supereffective|p1a: Exeggutor\n|-damage|p1a: Exeggutor|91/312\n|-enditem|p1a: Exeggutor|Sitrus Berry|[eat]\n|-heal|p1a: Exeggutor|169/312|[from] item: Sitrus Berry\n|move|p1a: Exeggutor|Psychic Noise|p2a: Shaymin\n|-crit|p2a: Shaymin\n|-damage|p2a: Shaymin|2/100 brn\n|\n|-damage|p2a: Shaymin|0 fnt|[from] brn\n|faint|p2a: Shaymin\n|upkeep\n|\n|t:|1783550296\n|switch|p2a: Hawlucha|Hawlucha, L80, F|43/100\n|-damage|p2a: Hawlucha|31/100|[from] Stealth Rock\n|turn|30\n|inactive|Time left: 300 sec this turn | 300 sec total\n|\n|t:|1783550298\n|switch|p1a: Klefki|Klefki, L84, F|233/233\n|move|p2a: Hawlucha|Brave Bird|p1a: Klefki\n|-resisted|p1a: Klefki\n|-damage|p1a: Klefki|173/233\n|-damage|p2a: Hawlucha|23/100|[from] Recoil\n|\n|-heal|p1a: Klefki|187/233|[from] item: Leftovers\n|upkeep\n|turn|31\n|inactive|Time left: 300 sec this turn | 300 sec total\n|\n|t:|1783550299\n|move|p2a: Hawlucha|Close Combat|p1a: Klefki\n|-damage|p1a: Klefki|79/233\n|-unboost|p2a: Hawlucha|def|1\n|-unboost|p2a: Hawlucha|spd|1\n|-enditem|p2a: Hawlucha|White Herb\n|-clearnegativeboost|p2a: Hawlucha|[silent]\n|move|p1a: Klefki|Dazzling Gleam|p2a: Hawlucha\n|-supereffective|p2a: Hawlucha\n|-damage|p2a: Hawlucha|0 fnt\n|faint|p2a: Hawlucha\n|\n|-heal|p1a: Klefki|93/233|[from] item: Leftovers\n|upkeep\n|\n|t:|1783550300\n|switch|p2a: Beartic|Beartic, L91, F|36/100\n|turn|32\n|inactive|Time left: 300 sec this turn | 300 sec total\n|\n|t:|1783550301\n|move|p1a: Klefki|Foul Play|p2a: Beartic\n|-damage|p2a: Beartic|6/100\n|move|p2a: Beartic|Earthquake|p1a: Klefki\n|-supereffective|p1a: Klefki\n|-damage|p1a: Klefki|0 fnt\n|faint|p1a: Klefki\n|\n|upkeep\n|inactive|Time left: 300 sec this turn | 300 sec total | 5 sec grace\n|\n|t:|1783550302\n|switch|p1a: Golduck|Golduck, L90, M, tera:Grass|121/290\n|-ability|p1a: Golduck|Cloud Nine\n|turn|33\n|inactive|Time left: 300 sec this turn | 300 sec total\n|\n|t:|1783550303\n|switch|p2a: Azumarill|Azumarill, L82, M|15/100\n|-damage|p2a: Azumarill|3/100|[from] Stealth Rock\n|move|p1a: Golduck|Ice Beam|p2a: Azumarill\n|-resisted|p2a: Azumarill\n|-damage|p2a: Azumarill|0 fnt\n|faint|p2a: Azumarill\n|\n|upkeep\n|\n|t:|1783550304\n|switch|p2a: Beartic|Beartic, L91, F|6/100\n|turn|34\n|inactive|Time left: 300 sec this turn | 300 sec total\n|\n|t:|1783550305\n|move|p1a: Golduck|Ice Beam|p2a: Beartic\n|-resisted|p2a: Beartic\n|-damage|p2a: Beartic|0 fnt\n|faint|p2a: Beartic\n|\n|win|p0x960f577", "uploadtime": 1783550305, "views": 0, "rating": 0, "private": 0, "password": null, "_winner": "p0x960f577", "_our_name": "p0x960f577"}