{"id": "battle-gen9randombattle-2556", "formatid": "gen9randombattle", "format": "[Gen 9] Random Battle", "players": ["p0x2556b474", "p0y25560f7a"], "log": "|init|battle\n|title|p0x2556b474 vs. p0y25560f7a\n|j|\u2606p0x2556b474\n|j|\u2606p0y25560f7a\n|t:|1783569558\n|gametype|singles\n|player|p1|p0x2556b474|266|\n|player|p2|p0y25560f7a|266|\n|gen|9\n|tier|[Gen 9] Random Battle\n|rule|Species Clause: Limit one of each Pok\u00e9mon\n|rule|HP Percentage Mod: HP is shown in percentages\n|rule|Sleep Clause Mod: Limit one foe put to sleep\n|rule|Illusion Level Mod: Illusion disguises the Pok\u00e9mon's true level\n|\n|t:|1783569558\n|teamsize|p1|6\n|teamsize|p2|6\n|start\n|switch|p1a: Tauros|Tauros, L82, M|100/100\n|switch|p2a: Pelipper|Pelipper, L86, F|243/243\n|-weather|RainDance|[from] ability: Drizzle|[of] p2a: Pelipper\n|turn|1\n|inactive|Battle timer is ON: inactive players will automatically lose when time's up. (requested by p0y25560f7a)\n|inactive|p0x2556b474 also wants the timer to be on.\n|\n|t:|1783569559\n|move|p1a: Tauros|Body Slam|p2a: Pelipper\n|-damage|p2a: Pelipper|99/243\n|move|p2a: Pelipper|Surf|p1a: Tauros\n|-damage|p1a: Tauros|31/100\n|\n|-weather|RainDance|[upkeep]\n|upkeep\n|turn|2\n|inactive|Time left: 300 sec this turn | 300 sec total\n|\n|t:|1783569560\n|switch|p2a: Golurk|Golurk, L87|297/297\n|move|p1a: Tauros|Body Slam|p2a: Golurk\n|-immune|p2a: Golurk\n|\n|-weather|RainDance|[upkeep]\n|upkeep\n|turn|3\n|inactive|Time left: 300 sec this turn | 300 sec total\n|\n|t:|1783569562\n|move|p1a: Tauros|Throat Chop|p2a: Golurk\n|-supereffective|p2a: Golurk\n|-damage|p2a: Golurk|120/297\n|move|p2a: Golurk|Earthquake|p1a: Tauros\n|-damage|p1a: Tauros|0 fnt\n|faint|p1a: Tauros\n|\n|-weather|RainDance|[upkeep]\n|upkeep\n|\n|t:|1783569563\n|switch|p1a: Clawitzer|Clawitzer, L87, M|100/100\n|turn|4\n|inactive|Time left: 300 sec this turn | 300 sec total\n|\n|t:|1783569564\n|move|p1a: Clawitzer|Water Pulse|p2a: Golurk\n|-supereffective|p2a: Golurk\n|-damage|p2a: Golurk|0 fnt\n|faint|p2a: Golurk\n|\n|-weather|RainDance|[upkeep]\n|upkeep\n|inactive|Time left: 300 sec this turn | 300 sec total | 5 sec grace\n|\n|t:|1783569564\n|switch|p2a: Squawkabilly|Squawkabilly-White, L89, M|291/291\n|turn|5\n|inactive|Time left: 300 sec this turn | 300 sec total\n|\n|t:|1783569566\n|move|p2a: Squawkabilly|Brave Bird|p1a: Clawitzer|[miss]\n|-miss|p2a: Squawkabilly|p1a: Clawitzer\n|move|p1a: Clawitzer|Water Pulse|p2a: Squawkabilly\n|-crit|p2a: Squawkabilly\n|-damage|p2a: Squawkabilly|0 fnt\n|faint|p2a: Squawkabilly\n|\n|-weather|none\n|upkeep\n|inactive|Time left: 300 sec this turn | 300 sec total | 5 sec grace\n|\n|t:|1783569566\n|switch|p2a: Girafarig|Girafarig, L89, F|269/269\n|turn|6\n|inactive|Time left: 300 sec this turn | 300 sec total\n|\n|t:|1783569567\n|move|p2a: Girafarig|Nasty Plot|p2a: Girafarig\n|-boost|p2a: Girafarig|spa|2\n|move|p1a: Clawitzer|Water Pulse|p2a: Girafarig\n|-damage|p2a: Girafarig|139/269\n|\n|upkeep\n|turn|7\n|inactive|Time left: 300 sec this turn | 300 sec total\n|\n|t:|1783569568\n|move|p2a: Girafarig|Psyshock|p1a: Clawitzer\n|-damage|p1a: Clawitzer|37/100\n|move|p1a: Clawitzer|Water Pulse|p2a: Girafarig\n|-damage|p2a: Girafarig|6/269\n|\n|upkeep\n|turn|8\n|inactive|Time left: 300 sec this turn | 300 sec total\n|\n|t:|1783569569\n|switch|p1a: Meowstic|Meowstic-F, L89, F|100/100\n|move|p2a: Girafarig|Thunderbolt|p1a: Meowstic\n|-damage|p1a: Meowstic|54/100\n|\n|upkeep\n|turn|9\n|inactive|Time left: 300 sec this turn | 300 sec total\n|\n|t:|1783569571\n|move|p1a: Meowstic|Thunderbolt|p2a: Girafarig\n|-damage|p2a: Girafarig|0 fnt\n|faint|p2a: Girafarig\n|-damage|p1a: Meowstic|44/100|[from] item: Life Orb\n|\n|upkeep\n|inactive|Time left: 300 sec this turn | 300 sec total | 5 sec grace\n|\n|t:|1783569572\n|switch|p2a: Flygon|Flygon, L82, F|265/265\n|turn|10\n|inactive|Time left: 300 sec this turn | 300 sec total\n|\n|t:|1783569573\n|move|p1a: Meowstic|Psyshock|p2a: Flygon\n|-damage|p2a: Flygon|136/265\n|-damage|p1a: Meowstic|34/100|[from] item: Life Orb\n|move|p2a: Flygon|Dragon Dance|p2a: Flygon\n|-boost|p2a: Flygon|atk|1\n|-boost|p2a: Flygon|spe|1\n|\n|upkeep\n|turn|11\n|inactive|Time left: 300 sec this turn | 300 sec total\n|\n|t:|1783569574\n|move|p2a: Flygon|Outrage|p1a: Meowstic\n|-damage|p1a: Meowstic|0 fnt\n|faint|p1a: Meowstic\n|\n|upkeep\n|\n|t:|1783569575\n|switch|p1a: Serperior|Serperior, L79, F|100/100\n|turn|12\n|inactive|Time left: 300 sec this turn | 300 sec total\n|\n|t:|1783569576\n|move|p2a: Flygon|Outrage|p1a: Serperior|[from] lockedmove\n|-damage|p1a: Serperior|28/100\n|move|p1a: Serperior|Leaf Storm|p2a: Flygon\n|-damage|p2a: Flygon|0 fnt\n|-boost|p1a: Serperior|spa|2\n|faint|p2a: Flygon\n|-damage|p1a: Serperior|18/100|[from] item: Life Orb\n|\n|upkeep\n|inactive|Time left: 300 sec this turn | 300 sec total | 5 sec grace\n|\n|t:|1783569577\n|switch|p2a: Flareon|Flareon, L90, F|263/263\n|turn|13\n|inactive|Time left: 300 sec this turn | 300 sec total\n|\n|t:|1783569578\n|move|p1a: Serperior|Glare|p2a: Flareon\n|-status|p2a: Flareon|par\n|cant|p2a: Flareon|par\n|\n|upkeep\n|turn|14\n|inactive|Time left: 300 sec this turn | 300 sec total\n|\n|t:|1783569579\n|move|p1a: Serperior|Synthesis|p1a: Serperior\n|-heal|p1a: Serperior|68/100\n|move|p2a: Flareon|Facade|p1a: Serperior\n|-damage|p1a: Serperior|0 fnt\n|faint|p1a: Serperior\n|\n|upkeep\n|\n|t:|1783569580\n|switch|p1a: Clawitzer|Clawitzer, L87, M|37/100\n|turn|15\n|inactive|Time left: 300 sec this turn | 300 sec total\n|\n|t:|1783569581\n|move|p1a: Clawitzer|Water Pulse|p2a: Flareon\n|-supereffective|p2a: Flareon\n|-damage|p2a: Flareon|0 fnt\n|faint|p2a: Flareon\n|\n|upkeep\n|inactive|Time left: 300 sec this turn | 300 sec total | 5 sec grace\n|\n|t:|1783569581\n|switch|p2a: Pelipper|Pelipper, L86, F|99/243\n|-weather|RainDance|[from] ability: Drizzle|[of] p2a: Pelipper\n|turn|16\n|inactive|Time left: 300 sec this turn | 300 sec total\n|\n|t:|1783569582\n|move|p2a: Pelipper|Roost|p2a: Pelipper\n|-heal|p2a: Pelipper|221/243\n|-singleturn|p2a: Pelipper|move: Roost\n|move|p1a: Clawitzer|Water Pulse|p2a: Pelipper\n|-resisted|p2a: Pelipper\n|-damage|p2a: Pelipper|54/243\n|-start|p2a: Pelipper|confusion\n|\n|-weather|RainDance|[upkeep]\n|upkeep\n|turn|17\n|inactive|Time left: 300 sec this turn | 300 sec total\n|\n|t:|1783569583\n|-activate|p2a: Pelipper|confusion\n|-damage|p2a: Pelipper|38/243|[from] confusion\n|move|p1a: Clawitzer|Water Pulse|p2a: Pelipper\n|-resisted|p2a: Pelipper\n|-damage|p2a: Pelipper|0 fnt\n|faint|p2a: Pelipper\n|\n|win|p0x2556b474", "uploadtime": 1783569583, "views": 0, "rating": 0, "private": 0, "password": null, "_winner": "p0x2556b474", "_our_name": "p0y25560f7a"}