{"id": "battle-gen9randombattle-2384", "formatid": "gen9randombattle", "format": "[Gen 9] Random Battle", "players": ["p0x2384e7b7", "p0y2384a2a3"], "log": "|init|battle\n|title|p0x2384e7b7 vs. p0y2384a2a3\n|j|\u2606p0x2384e7b7\n|j|\u2606p0y2384a2a3\n|t:|1783566650\n|gametype|singles\n|player|p1|p0x2384e7b7|266|\n|player|p2|p0y2384a2a3|2|\n|gen|9\n|tier|[Gen 9] Random Battle\n|rule|Species Clause: Limit one of each Pok\u00e9mon\n|rule|HP Percentage Mod: HP is shown in percentages\n|rule|Sleep Clause Mod: Limit one foe put to sleep\n|rule|Illusion Level Mod: Illusion disguises the Pok\u00e9mon's true level\n|\n|t:|1783566650\n|teamsize|p1|6\n|teamsize|p2|6\n|start\n|switch|p1a: Samurott|Samurott, L88, F|310/310\n|switch|p2a: Flamigo|Flamigo, L82, F|100/100\n|turn|1\n|inactive|Battle timer is ON: inactive players will automatically lose when time's up. (requested by p0y2384a2a3)\n|inactive|Time left: 300 sec this turn | 300 sec total | 60 sec grace\n|inactive|p0x2384e7b7 also wants the timer to be on.\n|\n|t:|1783566652\n|switch|p2a: Ninetales|Ninetales-Alola, L78, F|100/100\n|-weather|Snowscape|[from] ability: Snow Warning|[of] p2a: Ninetales\n|move|p1a: Samurott|Ice Beam|p2a: Ninetales\n|-resisted|p2a: Ninetales\n|-damage|p2a: Ninetales|86/100\n|\n|-weather|Snowscape|[upkeep]\n|upkeep\n|turn|2\n|inactive|Time left: 300 sec this turn | 300 sec total\n|\n|t:|1783566653\n|move|p2a: Ninetales|Aurora Veil|p2a: Ninetales\n|-sidestart|p2: p0y2384a2a3|move: Aurora Veil\n|move|p1a: Samurott|Hydro Pump|p2a: Ninetales\n|-damage|p2a: Ninetales|56/100\n|\n|-weather|Snowscape|[upkeep]\n|upkeep\n|turn|3\n|inactive|Time left: 300 sec this turn | 300 sec total\n|\n|t:|1783566654\n|move|p2a: Ninetales|Freeze-Dry|p1a: Samurott\n|-supereffective|p1a: Samurott\n|-damage|p1a: Samurott|220/310\n|move|p1a: Samurott|Ice Beam|p2a: Ninetales\n|-resisted|p2a: Ninetales\n|-damage|p2a: Ninetales|48/100\n|\n|-weather|Snowscape|[upkeep]\n|upkeep\n|turn|4\n|inactive|Time left: 300 sec this turn | 300 sec total\n|\n|t:|1783566655\n|move|p2a: Ninetales|Moonblast|p1a: Samurott\n|-damage|p1a: Samurott|156/310\n|-unboost|p1a: Samurott|spa|1\n|move|p1a: Samurott|Hydro Pump|p2a: Ninetales|[miss]\n|-miss|p1a: Samurott|p2a: Ninetales\n|\n|-weather|Snowscape|[upkeep]\n|upkeep\n|turn|5\n|inactive|Time left: 300 sec this turn | 300 sec total\n|\n|t:|1783566656\n|switch|p1a: Necrozma|Necrozma-Dusk-Mane, L69|248/248\n|move|p2a: Ninetales|Freeze-Dry|p1a: Necrozma\n|-resisted|p1a: Necrozma\n|-damage|p1a: Necrozma|216/248\n|\n|-weather|none\n|upkeep\n|turn|6\n|inactive|Time left: 300 sec this turn | 300 sec total\n|\n|t:|1783566657\n|switch|p2a: Zekrom|Zekrom, L71|100/100\n|-ability|p2a: Zekrom|Teravolt\n|move|p1a: Necrozma|Dragon Dance|p1a: Necrozma\n|-boost|p1a: Necrozma|atk|1\n|-boost|p1a: Necrozma|spe|1\n|\n|upkeep\n|turn|7\n|inactive|Time left: 300 sec this turn | 300 sec total\n|\n|t:|1783566658\n|move|p1a: Necrozma|Photon Geyser|p2a: Zekrom\n|-damage|p2a: Zekrom|74/100\n|move|p2a: Zekrom|Bolt Strike|p1a: Necrozma\n|-damage|p1a: Necrozma|84/248\n|\n|-heal|p2a: Zekrom|80/100|[from] item: Leftovers\n|upkeep\n|turn|8\n|inactive|Time left: 300 sec this turn | 300 sec total\n|\n|t:|1783566659\n|move|p1a: Necrozma|Earthquake|p2a: Zekrom\n|-supereffective|p2a: Zekrom\n|-damage|p2a: Zekrom|41/100\n|move|p2a: Zekrom|Dragon Dance|p2a: Zekrom\n|-boost|p2a: Zekrom|atk|1\n|-boost|p2a: Zekrom|spe|1\n|\n|-heal|p2a: Zekrom|47/100|[from] item: Leftovers\n|upkeep\n|turn|9\n|inactive|Time left: 300 sec this turn | 300 sec total\n|\n|t:|1783566659\n|move|p2a: Zekrom|Outrage|p1a: Necrozma\n|-resisted|p1a: Necrozma\n|-damage|p1a: Necrozma|0 fnt\n|faint|p1a: Necrozma\n|\n|-heal|p2a: Zekrom|53/100|[from] item: Leftovers\n|-sideend|p2: p0y2384a2a3|move: Aurora Veil\n|upkeep\n|inactive|Time left: 300 sec this turn | 300 sec total | 5 sec grace\n|\n|t:|1783566660\n|switch|p1a: Glaceon|Glaceon, L94, M|275/275\n|turn|10\n|inactive|Time left: 300 sec this turn | 300 sec total\n|\n|t:|1783566661\n|move|p2a: Zekrom|Outrage|p1a: Glaceon|[from] lockedmove\n|-damage|p1a: Glaceon|121/275\n|move|p1a: Glaceon|Mud Shot|p2a: Zekrom\n|-supereffective|p2a: Zekrom\n|-damage|p2a: Zekrom|6/100\n|-unboost|p2a: Zekrom|spe|1\n|\n|-heal|p2a: Zekrom|12/100|[from] item: Leftovers\n|upkeep\n|turn|11\n|inactive|Time left: 300 sec this turn | 300 sec total\n|\n|t:|1783566662\n|move|p1a: Glaceon|Freeze-Dry|p2a: Zekrom\n|-supereffective|p2a: Zekrom\n|-crit|p2a: Zekrom\n|-damage|p2a: Zekrom|0 fnt\n|faint|p2a: Zekrom\n|\n|upkeep\n|\n|t:|1783566663\n|switch|p2a: Ninetales|Ninetales-Alola, L78, F|48/100\n|-weather|Snowscape|[from] ability: Snow Warning|[of] p2a: Ninetales\n|turn|12\n|inactive|Time left: 300 sec this turn | 300 sec total\n|\n|t:|1783566664\n|move|p2a: Ninetales|Aurora Veil|p2a: Ninetales\n|-sidestart|p2: p0y2384a2a3|move: Aurora Veil\n|move|p1a: Glaceon|Wish|p1a: Glaceon\n|\n|-weather|Snowscape|[upkeep]\n|-heal|p1a: Glaceon|138/275|[from] ability: Ice Body\n|upkeep\n|turn|13\n|inactive|Time left: 300 sec this turn | 300 sec total\n|\n|t:|1783566665\n|switch|p2a: Entei|Entei, L78|100/100\n|move|p1a: Glaceon|Freeze-Dry|p2a: Entei\n|-resisted|p2a: Entei\n|-damage|p2a: Entei|89/100\n|\n|-weather|Snowscape|[upkeep]\n|-heal|p1a: Glaceon|155/275|[from] ability: Ice Body\n|-heal|p1a: Glaceon|275/275|[from] move: Wish|[wisher] Glaceon\n|upkeep\n|turn|14\n|inactive|Time left: 300 sec this turn | 300 sec total\n|\n|t:|1783566666\n|move|p1a: Glaceon|Protect|p1a: Glaceon\n|-singleturn|p1a: Glaceon|Protect\n|move|p2a: Entei|Sacred Fire|p1a: Glaceon\n|-activate|p1a: Glaceon|move: Protect\n|\n|-weather|Snowscape|[upkeep]\n|upkeep\n|turn|15\n|inactive|Time left: 300 sec this turn | 300 sec total\n|\n|t:|1783566667\n|move|p2a: Entei|Sacred Fire|p1a: Glaceon\n|-supereffective|p1a: Glaceon\n|-damage|p1a: Glaceon|111/275\n|move|p1a: Glaceon|Mud Shot|p2a: Entei\n|-supereffective|p2a: Entei\n|-damage|p2a: Entei|64/100\n|-unboost|p2a: Entei|spe|1\n|\n|-weather|Snowscape|[upkeep]\n|-heal|p1a: Glaceon|128/275|[from] ability: Ice Body\n|upkeep\n|turn|16\n|inactive|Time left: 300 sec this turn | 300 sec total\n|\n|t:|1783566668\n|move|p1a: Glaceon|Protect|p1a: Glaceon\n|-singleturn|p1a: Glaceon|Protect\n|move|p2a: Entei|Sacred Fire|p1a: Glaceon\n|-activate|p1a: Glaceon|move: Protect\n|\n|-weather|none\n|upkeep\n|turn|17\n|inactive|Time left: 300 sec this turn | 300 sec total\n|\n|t:|1783566669\n|switch|p1a: Samurott|Samurott, L88, F|156/310\n|move|p2a: Entei|Sacred Fire|p1a: Samurott\n|-resisted|p1a: Samurott\n|-damage|p1a: Samurott|74/310\n|\n|upkeep\n|turn|18\n|inactive|Time left: 300 sec this turn | 300 sec total\n|\n|t:|1783566670\n|move|p1a: Samurott|Hydro Pump|p2a: Entei\n|-supereffective|p2a: Entei\n|-damage|p2a: Entei|0 fnt\n|faint|p2a: Entei\n|\n|upkeep\n|\n|t:|1783566671\n|switch|p2a: Ninetales|Ninetales-Alola, L78, F|48/100\n|-weather|Snowscape|[from] ability: Snow Warning|[of] p2a: Ninetales\n|turn|19\n|inactive|Time left: 300 sec this turn | 300 sec total\n|\n|t:|1783566672\n|switch|p1a: Crabominable|Crabominable, L90, M|321/321\n|move|p2a: Ninetales|Freeze-Dry|p1a: Crabominable\n|-resisted|p1a: Crabominable\n|-damage|p1a: Crabominable|299/321\n|\n|-weather|Snowscape|[upkeep]\n|-sideend|p2: p0y2384a2a3|move: Aurora Veil\n|upkeep\n|turn|20\n|inactive|Time left: 300 sec this turn | 300 sec total\n|\n|t:|1783566673\n|move|p2a: Ninetales|Aurora Veil|p2a: Ninetales\n|-sidestart|p2: p0y2384a2a3|move: Aurora Veil\n|move|p1a: Crabominable|Drain Punch|p2a: Ninetales\n|-damage|p2a: Ninetales|24/100\n|-heal|p1a: Crabominable|321/321|[from] drain|[of] p2a: Ninetales\n|\n|-weather|Snowscape|[upkeep]\n|upkeep\n|turn|21\n|inactive|Time left: 300 sec this turn | 300 sec total\n|\n|t:|1783566674\n|move|p2a: Ninetales|Moonblast|p1a: Crabominable\n|-supereffective|p1a: Crabominable\n|-damage|p1a: Crabominable|199/321\n|move|p1a: Crabominable|Drain Punch|p2a: Ninetales\n|-damage|p2a: Ninetales|0 fnt\n|-heal|p1a: Crabominable|228/321|[from] drain|[of] p2a: Ninetales\n|faint|p2a: Ninetales\n|\n|-weather|Snowscape|[upkeep]\n|upkeep\n|\n|t:|1783566675\n|switch|p2a: Flamigo|Flamigo, L82, F|100/100\n|turn|22\n|inactive|Time left: 300 sec this turn | 300 sec total\n|\n|t:|1783566676\n|-terastallize|p1a: Crabominable|Water\n|move|p2a: Flamigo|Close Combat|p1a: Crabominable\n|-damage|p1a: Crabominable|90/321\n|-unboost|p2a: Flamigo|def|1\n|-unboost|p2a: Flamigo|spd|1\n|move|p1a: Crabominable|Ice Hammer|p2a: Flamigo|[miss]\n|-miss|p1a: Crabominable|p2a: Flamigo\n|\n|-weather|Snowscape|[upkeep]\n|upkeep\n|turn|23\n|inactive|Time left: 300 sec this turn | 300 sec total\n|\n|t:|1783566677\n|move|p2a: Flamigo|Close Combat|p1a: Crabominable\n|-damage|p1a: Crabominable|0 fnt\n|-unboost|p2a: Flamigo|def|1\n|-unboost|p2a: Flamigo|spd|1\n|faint|p1a: Crabominable\n|\n|-weather|none\n|upkeep\n|inactive|Time left: 300 sec this turn | 300 sec total | 5 sec grace\n|\n|t:|1783566678\n|switch|p1a: Bombirdier|Bombirdier, L85, M|258/258\n|turn|24\n|inactive|Time left: 300 sec this turn | 300 sec total\n|\n|t:|1783566679\n|switch|p2a: Klawf|Klawf, L90, M|100/100\n|move|p1a: Bombirdier|Brave Bird|p2a: Klawf\n|-resisted|p2a: Klawf\n|-damage|p2a: Klawf|85/100\n|-damage|p1a: Bombirdier|244/258|[from] Recoil\n|\n|upkeep\n|turn|25\n|inactive|Time left: 300 sec this turn | 300 sec total\n|\n|t:|1783566680\n|switch|p1a: Vigoroth|Vigoroth, L85, M|275/275\n|move|p2a: Klawf|Stone Edge|p1a: Vigoroth\n|-damage|p1a: Vigoroth|158/275\n|-damage|p2a: Klawf|75/100|[from] item: Life Orb\n|\n|upkeep\n|turn|26\n|inactive|Time left: 300 sec this turn | 300 sec total\n|\n|t:|1783566682\n|move|p1a: Vigoroth|Slack Off|p1a: Vigoroth\n|-heal|p1a: Vigoroth|275/275\n|move|p2a: Klawf|Stone Edge|p1a: Vigoroth\n|-crit|p1a: Vigoroth\n|-damage|p1a: Vigoroth|110/275\n|-damage|p2a: Klawf|65/100|[from] item: Life Orb\n|\n|upkeep\n|turn|27\n|inactive|Time left: 300 sec this turn | 300 sec total\n|\n|t:|1783566683\n|move|p1a: Vigoroth|Slack Off|p1a: Vigoroth\n|-heal|p1a: Vigoroth|248/275\n|move|p2a: Klawf|Knock Off|p1a: Vigoroth\n|-damage|p1a: Vigoroth|171/275\n|-enditem|p1a: Vigoroth|Eviolite|[from] move: Knock Off|[of] p2a: Klawf\n|-damage|p2a: Klawf|55/100|[from] item: Life Orb\n|\n|-sideend|p2: p0y2384a2a3|move: Aurora Veil\n|upkeep\n|turn|28\n|inactive|Time left: 300 sec this turn | 300 sec total\n|\n|t:|1783566684\n|switch|p2a: Flamigo|Flamigo, L82, F|100/100\n|move|p1a: Vigoroth|Bulk Up|p1a: Vigoroth\n|-boost|p1a: Vigoroth|atk|1\n|-boost|p1a: Vigoroth|def|1\n|\n|upkeep\n|turn|29\n|inactive|Time left: 300 sec this turn | 300 sec total\n|\n|t:|1783566685\n|move|p2a: Flamigo|Close Combat|p1a: Vigoroth\n|-supereffective|p1a: Vigoroth\n|-damage|p1a: Vigoroth|0 fnt\n|-unboost|p2a: Flamigo|def|1\n|-unboost|p2a: Flamigo|spd|1\n|faint|p1a: Vigoroth\n|\n|upkeep\n|inactive|Time left: 300 sec this turn | 300 sec total | 5 sec grace\n|\n|t:|1783566686\n|switch|p1a: Bombirdier|Bombirdier, L85, M|244/258\n|turn|30\n|inactive|Time left: 300 sec this turn | 300 sec total\n|\n|t:|1783566687\n|switch|p2a: Klawf|Klawf, L90, M|88/100\n|move|p1a: Bombirdier|Stone Edge|p2a: Klawf\n|-damage|p2a: Klawf|40/100\n|\n|upkeep\n|turn|31\n|inactive|Time left: 300 sec this turn | 300 sec total\n|\n|t:|1783566688\n|switch|p2a: Giratina|Giratina, L75|100/100\n|-ability|p2a: Giratina|Pressure\n|move|p1a: Bombirdier|Stone Edge|p2a: Giratina\n|-crit|p2a: Giratina\n|-damage|p2a: Giratina|30/100\n|\n|-heal|p2a: Giratina|36/100|[from] item: Leftovers\n|upkeep\n|turn|32\n|inactive|Time left: 300 sec this turn | 300 sec total\n|\n|t:|1783566690\n|move|p1a: Bombirdier|Stone Edge|p2a: Giratina|[miss]\n|-miss|p1a: Bombirdier|p2a: Giratina\n|move|p2a: Giratina|Calm Mind|p2a: Giratina\n|-boost|p2a: Giratina|spa|1\n|-boost|p2a: Giratina|spd|1\n|\n|-heal|p2a: Giratina|42/100|[from] item: Leftovers\n|upkeep\n|turn|33\n|inactive|Time left: 300 sec this turn | 300 sec total\n|\n|t:|1783566691\n|move|p1a: Bombirdier|Stone Edge|p2a: Giratina\n|-damage|p2a: Giratina|0 fnt\n|faint|p2a: Giratina\n|\n|upkeep\n|\n|t:|1783566691\n|switch|p2a: Klawf|Klawf, L90, M|73/100\n|turn|34\n|inactive|Time left: 300 sec this turn | 300 sec total\n|\n|t:|1783566692\n|switch|p1a: Samurott|Samurott, L88, F|74/310\n|move|p2a: Klawf|Stone Edge|p1a: Samurott|[miss]\n|-miss|p2a: Klawf|p1a: Samurott\n|\n|upkeep\n|turn|35\n|inactive|Time left: 300 sec this turn | 300 sec total\n|\n|t:|1783566693\n|move|p2a: Klawf|Knock Off|p1a: Samurott\n|-damage|p1a: Samurott|0 fnt\n|-enditem|p1a: Samurott|Assault Vest|[from] move: Knock Off|[of] p2a: Klawf\n|faint|p1a: Samurott\n|-damage|p2a: Klawf|63/100|[from] item: Life Orb\n|\n|upkeep\n|inactive|Time left: 300 sec this turn | 300 sec total | 5 sec grace\n|\n|t:|1783566694\n|switch|p1a: Glaceon|Glaceon, L94, M|128/275\n|turn|36\n|inactive|Time left: 300 sec this turn | 300 sec total\n|\n|t:|1783566695\n|move|p1a: Glaceon|Protect|p1a: Glaceon\n|-singleturn|p1a: Glaceon|Protect\n|move|p2a: Klawf|Stone Edge|p1a: Glaceon\n|-activate|p1a: Glaceon|move: Protect\n|\n|upkeep\n|turn|37\n|inactive|Time left: 300 sec this turn | 300 sec total\n|\n|t:|1783566696\n|move|p1a: Glaceon|Protect||[still]\n|-fail|p1a: Glaceon\n|move|p2a: Klawf|Stone Edge|p1a: Glaceon\n|-supereffective|p1a: Glaceon\n|-damage|p1a: Glaceon|0 fnt\n|faint|p1a: Glaceon\n|-damage|p2a: Klawf|53/100|[from] item: Life Orb\n|\n|upkeep\n|inactive|Time left: 300 sec this turn | 300 sec total | 5 sec grace\n|\n|t:|1783566697\n|switch|p1a: Bombirdier|Bombirdier, L85, M|244/258\n|turn|38\n|inactive|Time left: 300 sec this turn | 300 sec total\n|\n|t:|1783566698\n|-terastallize|p2a: Klawf|Rock\n|move|p1a: Bombirdier|Knock Off|p2a: Klawf\n|-damage|p2a: Klawf|6/100\n|-enditem|p2a: Klawf|Life Orb|[from] move: Knock Off|[of] p1a: Bombirdier\n|move|p2a: Klawf|Stone Edge|p1a: Bombirdier\n|-supereffective|p1a: Bombirdier\n|-damage|p1a: Bombirdier|0 fnt\n|faint|p1a: Bombirdier\n|\n|win|p0y2384a2a3", "uploadtime": 1783566698, "views": 0, "rating": 0, "private": 0, "password": null, "_winner": "p0y2384a2a3", "_our_name": "p0x2384e7b7"}