{"id": "battle-gen9randombattle-2361", "formatid": "gen9randombattle", "format": "[Gen 9] Random Battle", "players": ["p0x23612f4b", "p0y23615891"], "log": "|init|battle\n|title|p0x23612f4b vs. p0y23615891\n|j|\u2606p0x23612f4b\n|j|\u2606p0y23615891\n|t:|1783567429\n|gametype|singles\n|player|p1|p0x23612f4b|102|\n|player|p2|p0y23615891|101|\n|gen|9\n|tier|[Gen 9] Random Battle\n|rule|Species Clause: Limit one of each Pok\u00e9mon\n|rule|HP Percentage Mod: HP is shown in percentages\n|rule|Sleep Clause Mod: Limit one foe put to sleep\n|rule|Illusion Level Mod: Illusion disguises the Pok\u00e9mon's true level\n|\n|t:|1783567429\n|teamsize|p1|6\n|teamsize|p2|6\n|start\n|switch|p1a: Meowscarada|Meowscarada, L78, M|247/247\n|switch|p2a: Latios|Latios, L78, M|100/100\n|turn|1\n|inactive|Battle timer is ON: inactive players will automatically lose when time's up. (requested by p0y23615891)\n|inactive|Time left: 300 sec this turn | 300 sec total | 60 sec grace\n|inactive|p0x23612f4b also wants the timer to be on.\n|\n|t:|1783567430\n|switch|p2a: Iron Hands|Iron Hands, L79|100/100\n|move|p1a: Meowscarada|Knock Off|p2a: Iron Hands\n|-start|p1a: Meowscarada|typechange|Dark|[from] ability: Protean\n|-resisted|p2a: Iron Hands\n|-damage|p2a: Iron Hands|89/100\n|-enditem|p2a: Iron Hands|Leftovers|[from] move: Knock Off|[of] p1a: Meowscarada\n|\n|upkeep\n|turn|2\n|inactive|Time left: 300 sec this turn | 300 sec total\n|\n|t:|1783567432\n|switch|p1a: Magmortar|Magmortar, L88, M|275/275\n|move|p2a: Iron Hands|Swords Dance|p2a: Iron Hands\n|-boost|p2a: Iron Hands|atk|2\n|\n|upkeep\n|turn|3\n|inactive|Time left: 300 sec this turn | 300 sec total\n|\n|t:|1783567433\n|move|p1a: Magmortar|Fire Blast|p2a: Iron Hands\n|-damage|p2a: Iron Hands|34/100\n|move|p2a: Iron Hands|Drain Punch|p1a: Magmortar\n|-damage|p1a: Magmortar|49/275\n|-heal|p2a: Iron Hands|64/100|[from] drain|[of] p1a: Magmortar\n|\n|upkeep\n|turn|4\n|inactive|Time left: 300 sec this turn | 300 sec total\n|\n|t:|1783567434\n|move|p1a: Magmortar|Fire Blast|p2a: Iron Hands\n|-damage|p2a: Iron Hands|6/100\n|move|p2a: Iron Hands|Drain Punch|p1a: Magmortar\n|-damage|p1a: Magmortar|0 fnt\n|-heal|p2a: Iron Hands|13/100|[from] drain|[of] p1a: Magmortar\n|faint|p1a: Magmortar\n|\n|upkeep\n|inactive|Time left: 300 sec this turn | 300 sec total | 5 sec grace\n|\n|t:|1783567436\n|switch|p1a: Torterra|Torterra, L78, F|276/276\n|turn|5\n|inactive|Time left: 300 sec this turn | 300 sec total\n|\n|t:|1783567437\n|move|p1a: Torterra|Bullet Seed|p2a: Iron Hands\n|-damage|p2a: Iron Hands|6/100\n|-damage|p2a: Iron Hands|0 fnt\n|faint|p2a: Iron Hands\n|-end|p2a: Iron Hands|Quark Drive|[silent]\n|-hitcount|p2: Iron Hands|2\n|\n|upkeep\n|\n|t:|1783567438\n|switch|p2a: Latios|Latios, L78, M|100/100\n|turn|6\n|inactive|Time left: 300 sec this turn | 300 sec total\n|\n|t:|1783567439\n|move|p2a: Latios|Luster Purge|p1a: Torterra\n|-damage|p1a: Torterra|80/276\n|-unboost|p1a: Torterra|spd|1\n|move|p1a: Torterra|Shell Smash|p1a: Torterra\n|-unboost|p1a: Torterra|def|1\n|-unboost|p1a: Torterra|spd|1\n|-boost|p1a: Torterra|atk|2\n|-boost|p1a: Torterra|spa|2\n|-boost|p1a: Torterra|spe|2\n|\n|upkeep\n|turn|7\n|inactive|Time left: 300 sec this turn | 300 sec total\n|\n|t:|1783567440\n|move|p1a: Torterra|Bullet Seed|p2a: Latios\n|-resisted|p2a: Latios\n|-damage|p2a: Latios|82/100\n|-resisted|p2a: Latios\n|-damage|p2a: Latios|64/100\n|-resisted|p2a: Latios\n|-damage|p2a: Latios|47/100\n|-resisted|p2a: Latios\n|-damage|p2a: Latios|30/100\n|-hitcount|p2a: Latios|4\n|move|p2a: Latios|Luster Purge|p1a: Torterra\n|-damage|p1a: Torterra|0 fnt\n|faint|p1a: Torterra\n|\n|upkeep\n|inactive|Time left: 300 sec this turn | 300 sec total | 5 sec grace\n|\n|t:|1783567441\n|switch|p1a: Furret|Furret, L94, F|312/312\n|-item|p2a: Latios|Choice Specs|[from] ability: Frisk|[of] p1a: Furret\n|turn|8\n|inactive|Time left: 300 sec this turn | 300 sec total\n|\n|t:|1783567442\n|switch|p2a: Slowbro|Slowbro-Galar, L87, M|100/100\n|move|p1a: Furret|Double-Edge|p2a: Slowbro\n|-damage|p2a: Slowbro|45/100\n|-damage|p1a: Furret|260/312|[from] item: Rocky Helmet|[of] p2a: Slowbro\n|-damage|p1a: Furret|204/312|[from] Recoil\n|-damage|p1a: Furret|173/312|[from] item: Life Orb\n|\n|upkeep\n|turn|9\n|inactive|Time left: 300 sec this turn | 300 sec total\n|\n|t:|1783567444\n|switch|p2a: Quagsire|Quagsire, L84, M|100/100\n|move|p1a: Furret|Double-Edge|p2a: Quagsire\n|-damage|p2a: Quagsire|46/100\n|-damage|p1a: Furret|120/312|[from] Recoil\n|-damage|p1a: Furret|89/312|[from] item: Life Orb\n|\n|-heal|p2a: Quagsire|52/100|[from] item: Leftovers\n|upkeep\n|turn|10\n|inactive|Time left: 300 sec this turn | 300 sec total\n|\n|t:|1783567445\n|switch|p2a: Slowbro|Slowbro-Galar, L87, M|79/100\n|move|p1a: Furret|Double-Edge|p2a: Slowbro\n|-crit|p2a: Slowbro\n|-damage|p2a: Slowbro|3/100\n|-damage|p1a: Furret|37/312|[from] item: Rocky Helmet|[of] p2a: Slowbro\n|-damage|p1a: Furret|0 fnt|[from] Recoil\n|faint|p1a: Furret\n|\n|upkeep\n|inactive|Time left: 300 sec this turn | 300 sec total | 5 sec grace\n|\n|t:|1783567446\n|switch|p1a: Noctowl|Noctowl, L95, M|344/344\n|turn|11\n|inactive|Time left: 300 sec this turn | 300 sec total\n|\n|t:|1783567446\n|switch|p2a: Quagsire|Quagsire, L84, M|52/100\n|move|p1a: Noctowl|Hyper Voice|p2a: Quagsire\n|-damage|p2a: Quagsire|5/100\n|\n|-heal|p2a: Quagsire|11/100|[from] item: Leftovers\n|upkeep\n|turn|12\n|inactive|Time left: 300 sec this turn | 300 sec total\n|\n|t:|1783567447\n|move|p1a: Noctowl|Hyper Voice|p2a: Quagsire\n|-damage|p2a: Quagsire|0 fnt\n|faint|p2a: Quagsire\n|\n|upkeep\n|\n|t:|1783567449\n|switch|p2a: Rayquaza|Rayquaza, L72|100/100\n|-ability|p2a: Rayquaza|Air Lock\n|turn|13\n|inactive|Time left: 300 sec this turn | 300 sec total\n|\n|t:|1783567449\n|move|p1a: Noctowl|Hurricane|p2a: Rayquaza\n|-damage|p2a: Rayquaza|47/100\n|move|p2a: Rayquaza|Dragon Dance|p2a: Rayquaza\n|-boost|p2a: Rayquaza|atk|1\n|-boost|p2a: Rayquaza|spe|1\n|\n|upkeep\n|turn|14\n|inactive|Time left: 300 sec this turn | 300 sec total\n|\n|t:|1783567450\n|move|p2a: Rayquaza|Outrage|p1a: Noctowl\n|-damage|p1a: Noctowl|76/344\n|move|p1a: Noctowl|Hurricane|p2a: Rayquaza\n|-damage|p2a: Rayquaza|0 fnt\n|faint|p2a: Rayquaza\n|\n|upkeep\n|\n|t:|1783567451\n|switch|p2a: Latios|Latios, L78, M|30/100\n|turn|15\n|inactive|Time left: 300 sec this turn | 300 sec total\n|\n|t:|1783567452\n|move|p2a: Latios|Draco Meteor|p1a: Noctowl\n|-damage|p1a: Noctowl|0 fnt\n|-unboost|p2a: Latios|spa|2\n|faint|p1a: Noctowl\n|\n|upkeep\n|inactive|Time left: 300 sec this turn | 300 sec total | 5 sec grace\n|\n|t:|1783567453\n|switch|p1a: Meowscarada|Meowscarada, L78, M|247/247\n|turn|16\n|inactive|Time left: 300 sec this turn | 300 sec total\n|\n|t:|1783567454\n|switch|p2a: Slowbro|Slowbro-Galar, L87, M|37/100\n|move|p1a: Meowscarada|Knock Off|p2a: Slowbro\n|-start|p1a: Meowscarada|typechange|Dark|[from] ability: Protean\n|-supereffective|p2a: Slowbro\n|-damage|p2a: Slowbro|0 fnt\n|-damage|p1a: Meowscarada|206/247|[from] item: Rocky Helmet|[of] p2a: Slowbro\n|-enditem|p2a: Slowbro|Rocky Helmet|[from] move: Knock Off|[of] p1a: Meowscarada\n|faint|p2a: Slowbro\n|\n|upkeep\n|\n|t:|1783567454\n|switch|p2a: Victreebel|Victreebel, L90, F|100/100\n|turn|17\n|inactive|Time left: 300 sec this turn | 300 sec total\n|\n|t:|1783567455\n|move|p1a: Meowscarada|U-turn|p2a: Victreebel\n|-damage|p2a: Victreebel|83/100\n|inactive|Time left: 300 sec this turn | 300 sec total | 5 sec grace\n|\n|t:|1783567456\n|switch|p1a: Sableye|Sableye, L88, F|231/231|[from] U-turn\n|move|p2a: Victreebel|Power Whip|p1a: Sableye\n|-damage|p1a: Sableye|28/231\n|-damage|p2a: Victreebel|73/100|[from] item: Life Orb\n|\n|-heal|p1a: Sableye|42/231|[from] item: Leftovers\n|upkeep\n|turn|18\n|inactive|Time left: 300 sec this turn | 300 sec total\n|\n|t:|1783567457\n|-terastallize|p1a: Sableye|Poison\n|move|p1a: Sableye|Recover|p1a: Sableye\n|-heal|p1a: Sableye|158/231\n|move|p2a: Victreebel|Power Whip|p1a: Sableye\n|-resisted|p1a: Sableye\n|-damage|p1a: Sableye|49/231\n|-damage|p2a: Victreebel|63/100|[from] item: Life Orb\n|\n|-heal|p1a: Sableye|63/231|[from] item: Leftovers\n|upkeep\n|turn|19\n|inactive|Time left: 300 sec this turn | 300 sec total\n|\n|t:|1783567458\n|switch|p2a: Latios|Latios, L78, M|30/100\n|move|p1a: Sableye|Recover|p1a: Sableye\n|-heal|p1a: Sableye|179/231\n|\n|-heal|p1a: Sableye|193/231|[from] item: Leftovers\n|upkeep\n|turn|20\n|inactive|Time left: 300 sec this turn | 300 sec total\n|\n|t:|1783567459\n|switch|p1a: Meowscarada|Meowscarada, L78, M|206/247\n|move|p2a: Latios|Draco Meteor|p1a: Meowscarada\n|-damage|p1a: Meowscarada|0 fnt\n|-unboost|p2a: Latios|spa|2\n|faint|p1a: Meowscarada\n|\n|upkeep\n|inactive|Time left: 300 sec this turn | 300 sec total | 5 sec grace\n|\n|t:|1783567460\n|switch|p1a: Sableye|Sableye, L88, F, tera:Poison|193/231\n|turn|21\n|inactive|Time left: 300 sec this turn | 300 sec total\n|\n|t:|1783567461\n|move|p1a: Sableye|Thunder Wave|p2a: Latios\n|-status|p2a: Latios|par\n|move|p2a: Latios|Draco Meteor|p1a: Sableye\n|-damage|p1a: Sableye|51/231\n|-unboost|p2a: Latios|spa|2\n|\n|-heal|p1a: Sableye|65/231|[from] item: Leftovers\n|upkeep\n|turn|22\n|inactive|Time left: 300 sec this turn | 300 sec total\n|\n|t:|1783567462\n|move|p1a: Sableye|Recover|p1a: Sableye\n|-heal|p1a: Sableye|181/231\n|move|p2a: Latios|Draco Meteor|p1a: Sableye\n|-damage|p1a: Sableye|91/231\n|-unboost|p2a: Latios|spa|2\n|\n|-heal|p1a: Sableye|105/231|[from] item: Leftovers\n|upkeep\n|turn|23\n|inactive|Time left: 300 sec this turn | 300 sec total\n|\n|t:|1783567463\n|move|p1a: Sableye|Recover|p1a: Sableye\n|-heal|p1a: Sableye|221/231\n|move|p2a: Latios|Draco Meteor|p1a: Sableye\n|-damage|p1a: Sableye|149/231\n|\n|-heal|p1a: Sableye|163/231|[from] item: Leftovers\n|upkeep\n|turn|24\n|inactive|Time left: 300 sec this turn | 300 sec total\n|\n|t:|1783567465\n|move|p1a: Sableye|Knock Off|p2a: Latios\n|-supereffective|p2a: Latios\n|-damage|p2a: Latios|0 fnt\n|-enditem|p2a: Latios|Choice Specs|[from] move: Knock Off|[of] p1a: Sableye\n|faint|p2a: Latios\n|\n|-heal|p1a: Sableye|177/231|[from] item: Leftovers\n|upkeep\n|\n|t:|1783567466\n|switch|p2a: Victreebel|Victreebel, L90, F|63/100\n|turn|25\n|inactive|Time left: 300 sec this turn | 300 sec total\n|\n|t:|1783567467\n|move|p2a: Victreebel|Power Whip|p1a: Sableye\n|-resisted|p1a: Sableye\n|-damage|p1a: Sableye|68/231\n|-damage|p2a: Victreebel|53/100|[from] item: Life Orb\n|move|p1a: Sableye|Knock Off|p2a: Victreebel\n|-damage|p2a: Victreebel|14/100\n|-enditem|p2a: Victreebel|Life Orb|[from] move: Knock Off|[of] p1a: Sableye\n|\n|-heal|p1a: Sableye|82/231|[from] item: Leftovers\n|upkeep\n|turn|26\n|inactive|Time left: 300 sec this turn | 300 sec total\n|\n|t:|1783567468\n|move|p1a: Sableye|Recover|p1a: Sableye\n|-heal|p1a: Sableye|198/231\n|move|p2a: Victreebel|Sunny Day|p2a: Victreebel\n|-weather|SunnyDay\n|\n|-weather|SunnyDay|[upkeep]\n|-heal|p1a: Sableye|212/231|[from] item: Leftovers\n|upkeep\n|turn|27\n|inactive|Time left: 300 sec this turn | 300 sec total\n|\n|t:|1783567469\n|-terastallize|p2a: Victreebel|Fire\n|move|p1a: Sableye|Encore|p2a: Victreebel\n|-start|p2a: Victreebel|Encore\n|move|p2a: Victreebel|Sunny Day||[still]\n|-fail|p2a: Victreebel\n|\n|-weather|SunnyDay|[upkeep]\n|-heal|p1a: Sableye|226/231|[from] item: Leftovers\n|upkeep\n|turn|28\n|inactive|Time left: 300 sec this turn | 300 sec total\n|\n|t:|1783567469\n|move|p2a: Victreebel|Sunny Day||[still]\n|-fail|p2a: Victreebel\n|move|p1a: Sableye|Knock Off|p2a: Victreebel\n|-damage|p2a: Victreebel|0 fnt\n|faint|p2a: Victreebel\n|\n|win|p0x23612f4b", "uploadtime": 1783567469, "views": 0, "rating": 0, "private": 0, "password": null, "_winner": "p0x23612f4b", "_our_name": "p0x23612f4b"}