{"id": "battle-gen9randombattle-2489", "formatid": "gen9randombattle", "format": "[Gen 9] Random Battle", "players": ["p0x24890110", "p0y24893048"], "log": "|init|battle\n|title|p0x24890110 vs. p0y24893048\n|j|\u2606p0x24890110\n|j|\u2606p0y24893048\n|t:|1783567880\n|gametype|singles\n|player|p1|p0x24890110|102|\n|player|p2|p0y24893048|266|\n|gen|9\n|tier|[Gen 9] Random Battle\n|rule|Species Clause: Limit one of each Pok\u00e9mon\n|rule|HP Percentage Mod: HP is shown in percentages\n|rule|Sleep Clause Mod: Limit one foe put to sleep\n|rule|Illusion Level Mod: Illusion disguises the Pok\u00e9mon's true level\n|\n|t:|1783567880\n|teamsize|p1|6\n|teamsize|p2|6\n|start\n|switch|p1a: Mightyena|Mightyena, L96, M|100/100\n|switch|p2a: Rillaboom|Rillaboom, L79, M|288/288\n|-ability|p1a: Mightyena|Intimidate|boost\n|-unboost|p2a: Rillaboom|atk|1\n|-fieldstart|move: Grassy Terrain|[from] ability: Grassy Surge|[of] p2a: Rillaboom\n|turn|1\n|inactive|Battle timer is ON: inactive players will automatically lose when time's up. (requested by p0x24890110)\n|inactive|Time left: 300 sec this turn | 300 sec total | 60 sec grace\n|inactive|p0y24893048 also wants the timer to be on.\n|\n|t:|1783567882\n|move|p1a: Mightyena|Crunch|p2a: Rillaboom\n|-damage|p2a: Rillaboom|177/288\n|move|p2a: Rillaboom|Swords Dance|p2a: Rillaboom\n|-boost|p2a: Rillaboom|atk|2\n|\n|-heal|p2a: Rillaboom|195/288|[from] Grassy Terrain\n|upkeep\n|turn|2\n|inactive|Time left: 300 sec this turn | 300 sec total\n|\n|t:|1783567883\n|move|p1a: Mightyena|Crunch|p2a: Rillaboom\n|-damage|p2a: Rillaboom|90/288\n|move|p2a: Rillaboom|Wood Hammer|p1a: Mightyena\n|-damage|p1a: Mightyena|0 fnt\n|faint|p1a: Mightyena\n|-damage|p2a: Rillaboom|0 fnt|[from] Recoil\n|faint|p2a: Rillaboom\n|\n|upkeep\n|inactive|Time left: 300 sec this turn | 300 sec total | 5 sec grace\n|\n|t:|1783567884\n|switch|p1a: Rampardos|Rampardos, L90, F|100/100\n|switch|p2a: Ninetales|Ninetales, L85, F|263/263\n|-weather|SunnyDay|[from] ability: Drought|[of] p2a: Ninetales\n|turn|3\n|inactive|Time left: 300 sec this turn | 300 sec total\n|\n|t:|1783567886\n|move|p1a: Rampardos|Rock Slide|p2a: Ninetales\n|-supereffective|p2a: Ninetales\n|-damage|p2a: Ninetales|0 fnt\n|faint|p2a: Ninetales\n|\n|-weather|SunnyDay|[upkeep]\n|upkeep\n|inactive|Time left: 300 sec this turn | 300 sec total | 5 sec grace\n|\n|t:|1783567886\n|switch|p2a: Shaymin|Shaymin-Sky, L73|266/266\n|turn|4\n|inactive|Time left: 300 sec this turn | 300 sec total\n|\n|t:|1783567887\n|-terastallize|p2a: Shaymin|Ground\n|move|p1a: Rampardos|Rock Slide|p2a: Shaymin|[miss]\n|-miss|p1a: Rampardos|p2a: Shaymin\n|move|p2a: Shaymin|Seed Flare|p1a: Rampardos\n|-supereffective|p1a: Rampardos\n|-damage|p1a: Rampardos|0 fnt\n|faint|p1a: Rampardos\n|\n|-weather|SunnyDay|[upkeep]\n|upkeep\n|\n|t:|1783567888\n|switch|p1a: Breloom|Breloom, L83, F|100/100\n|turn|5\n|inactive|Time left: 300 sec this turn | 300 sec total\n|\n|t:|1783567889\n|move|p2a: Shaymin|Seed Flare|p1a: Breloom\n|-resisted|p1a: Breloom\n|-damage|p1a: Breloom|36/100\n|-unboost|p1a: Breloom|spd|2\n|move|p1a: Breloom|Bullet Seed|p2a: Shaymin\n|-supereffective|p2a: Shaymin\n|-damage|p2a: Shaymin|29/266\n|-supereffective|p2a: Shaymin\n|-damage|p2a: Shaymin|0 fnt\n|faint|p2a: Shaymin\n|-hitcount|p2: Shaymin|2\n|-damage|p1a: Breloom|26/100|[from] item: Life Orb\n|\n|-weather|SunnyDay|[upkeep]\n|-heal|p1a: Breloom|32/100|[from] Grassy Terrain\n|-fieldend|move: Grassy Terrain\n|upkeep\n|inactive|Time left: 300 sec this turn | 300 sec total | 5 sec grace\n|\n|t:|1783567890\n|switch|p2a: Vivillon|Vivillon, L83, M|268/268\n|turn|6\n|inactive|Time left: 300 sec this turn | 300 sec total\n|\n|t:|1783567891\n|move|p2a: Vivillon|Bug Buzz|p1a: Breloom\n|-damage|p1a: Breloom|0 fnt\n|faint|p1a: Breloom\n|\n|-weather|SunnyDay|[upkeep]\n|upkeep\n|\n|t:|1783567891\n|switch|p1a: Iron Crown|Iron Crown, L78|100/100\n|turn|7\n|inactive|Time left: 300 sec this turn | 300 sec total\n|\n|t:|1783567892\n|move|p1a: Iron Crown|Tachyon Cutter|p2a: Vivillon\n|-damage|p2a: Vivillon|181/268\n|-damage|p2a: Vivillon|100/268\n|-hitcount|p2a: Vivillon|2\n|move|p2a: Vivillon|Quiver Dance|p2a: Vivillon\n|-boost|p2a: Vivillon|spa|1\n|-boost|p2a: Vivillon|spd|1\n|-boost|p2a: Vivillon|spe|1\n|\n|-weather|none\n|upkeep\n|turn|8\n|inactive|Time left: 300 sec this turn | 300 sec total\n|\n|t:|1783567893\n|move|p2a: Vivillon|Sleep Powder|p1a: Iron Crown\n|-status|p1a: Iron Crown|slp|[from] move: Sleep Powder\n|cant|p1a: Iron Crown|slp\n|\n|upkeep\n|turn|9\n|inactive|Time left: 300 sec this turn | 300 sec total\n|\n|t:|1783567894\n|move|p2a: Vivillon|Bug Buzz|p1a: Iron Crown\n|-damage|p1a: Iron Crown|51/100 slp\n|-curestatus|p1a: Iron Crown|slp|[msg]\n|move|p1a: Iron Crown|Psyshock|p2a: Vivillon\n|-damage|p2a: Vivillon|0 fnt\n|faint|p2a: Vivillon\n|\n|-heal|p1a: Iron Crown|57/100|[from] item: Leftovers\n|upkeep\n|inactive|Time left: 300 sec this turn | 300 sec total | 5 sec grace\n|\n|t:|1783567895\n|switch|p2a: Mewtwo|Mewtwo, L72|272/272\n|-ability|p2a: Mewtwo|Unnerve\n|turn|10\n|inactive|Time left: 300 sec this turn | 300 sec total\n|\n|t:|1783567896\n|move|p2a: Mewtwo|Nasty Plot|p2a: Mewtwo\n|-boost|p2a: Mewtwo|spa|2\n|move|p1a: Iron Crown|Tachyon Cutter|p2a: Mewtwo\n|-damage|p2a: Mewtwo|212/272\n|-damage|p2a: Mewtwo|143/272\n|-hitcount|p2a: Mewtwo|2\n|\n|-heal|p1a: Iron Crown|63/100|[from] item: Leftovers\n|upkeep\n|turn|11\n|inactive|Time left: 300 sec this turn | 300 sec total\n|\n|t:|1783567897\n|move|p2a: Mewtwo|Dark Pulse|p1a: Iron Crown\n|-supereffective|p1a: Iron Crown\n|-damage|p1a: Iron Crown|0 fnt\n|faint|p1a: Iron Crown\n|-end|p1a: Iron Crown|Quark Drive|[silent]\n|-damage|p2a: Mewtwo|116/272|[from] item: Life Orb\n|\n|upkeep\n|\n|t:|1783567898\n|switch|p1a: Lanturn|Lanturn, L89, M|100/100\n|turn|12\n|inactive|Time left: 300 sec this turn | 300 sec total\n|\n|t:|1783567899\n|move|p2a: Mewtwo|Psystrike|p1a: Lanturn\n|-damage|p1a: Lanturn|6/100\n|-damage|p2a: Mewtwo|89/272|[from] item: Life Orb\n|move|p1a: Lanturn|Scald|p2a: Mewtwo\n|-damage|p2a: Mewtwo|0 fnt\n|faint|p2a: Mewtwo\n|\n|upkeep\n|inactive|Time left: 300 sec this turn | 300 sec total | 5 sec grace\n|\n|t:|1783567900\n|switch|p2a: Weezing|Weezing-Galar, L86, M|252/252\n|turn|13\n|inactive|Time left: 300 sec this turn | 300 sec total\n|\n|t:|1783567901\n|move|p1a: Lanturn|Scald|p2a: Weezing\n|-damage|p2a: Weezing|155/252\n|move|p2a: Weezing|Strange Steam|p1a: Lanturn\n|-damage|p1a: Lanturn|0 fnt\n|faint|p1a: Lanturn\n|\n|-heal|p2a: Weezing|170/252|[from] item: Leftovers\n|upkeep\n|\n|t:|1783567902\n|switch|p1a: Granbull|Granbull, L88, F|100/100\n|-ability|p1a: Granbull|Intimidate|boost\n|-unboost|p2a: Weezing|atk|1\n|turn|14\n|inactive|Time left: 300 sec this turn | 300 sec total\n|\n|t:|1783567903\n|move|p2a: Weezing|Strange Steam|p1a: Granbull\n|-damage|p1a: Granbull|63/100\n|move|p1a: Granbull|Play Rough|p2a: Weezing\n|-resisted|p2a: Weezing\n|-damage|p2a: Weezing|122/252\n|-unboost|p2a: Weezing|atk|1\n|\n|-heal|p2a: Weezing|137/252|[from] item: Leftovers\n|-heal|p1a: Granbull|69/100|[from] item: Leftovers\n|upkeep\n|turn|15\n|inactive|Time left: 300 sec this turn | 300 sec total\n|\n|t:|1783567904\n|move|p2a: Weezing|Strange Steam|p1a: Granbull\n|-damage|p1a: Granbull|29/100\n|-start|p1a: Granbull|confusion\n|-activate|p1a: Granbull|confusion\n|move|p1a: Granbull|Thunder Wave|p2a: Weezing\n|-status|p2a: Weezing|par\n|\n|-heal|p1a: Granbull|35/100|[from] item: Leftovers\n|-heal|p2a: Weezing|152/252 par|[from] item: Leftovers\n|upkeep\n|turn|16\n|inactive|Time left: 300 sec this turn | 300 sec total\n|\n|t:|1783567905\n|-terastallize|p1a: Granbull|Ground\n|-end|p1a: Granbull|confusion\n|move|p1a: Granbull|Play Rough|p2a: Weezing\n|-resisted|p2a: Weezing\n|-damage|p2a: Weezing|101/252 par\n|move|p2a: Weezing|Strange Steam|p1a: Granbull\n|-damage|p1a: Granbull|0 fnt\n|faint|p1a: Granbull\n|\n|win|p0y24893048", "uploadtime": 1783567905, "views": 0, "rating": 0, "private": 0, "password": null, "_winner": "p0y24893048", "_our_name": "p0y24893048"}