{"id": "battle-gen9randombattle-1170", "formatid": "gen9randombattle", "format": "[Gen 9] Random Battle", "players": ["p0x117010d1", "p0y1170ddaa"], "log": "|init|battle\n|title|p0x117010d1 vs. p0y1170ddaa\n|j|\u2606p0x117010d1\n|j|\u2606p0y1170ddaa\n|t:|1783553554\n|gametype|singles\n|player|p1|p0x117010d1|2|\n|player|p2|p0y1170ddaa|169|\n|gen|9\n|tier|[Gen 9] Random Battle\n|rule|Species Clause: Limit one of each Pok\u00e9mon\n|rule|HP Percentage Mod: HP is shown in percentages\n|rule|Sleep Clause Mod: Limit one foe put to sleep\n|rule|Illusion Level Mod: Illusion disguises the Pok\u00e9mon's true level\n|\n|t:|1783553554\n|teamsize|p1|6\n|teamsize|p2|6\n|start\n|switch|p1a: Vikavolt|Vikavolt, L83, F|100/100\n|switch|p2a: Shaymin|Shaymin, L82|298/298\n|turn|1\n|inactive|Battle timer is ON: inactive players will automatically lose when time's up. (requested by p0y1170ddaa)\n|inactive|p0x117010d1 also wants the timer to be on.\n|\n|t:|1783553555\n|move|p2a: Shaymin|Air Slash|p1a: Vikavolt\n|-damage|p1a: Vikavolt|79/100\n|cant|p1a: Vikavolt|flinch\n|\n|upkeep\n|turn|2\n|inactive|Time left: 300 sec this turn | 300 sec total\n|\n|t:|1783553557\n|switch|p2a: Toxtricity|Toxtricity, L82, F|257/257\n|move|p1a: Vikavolt|Sticky Web|p2a: Toxtricity\n|-sidestart|p2: p0y1170ddaa|move: Sticky Web\n|\n|upkeep\n|turn|3\n|inactive|Time left: 300 sec this turn | 300 sec total\n|\n|t:|1783553558\n|switch|p1a: Spectrier|Spectrier, L75|100/100\n|move|p2a: Toxtricity|Boomburst|p1a: Spectrier\n|-immune|p1a: Spectrier\n|\n|upkeep\n|turn|4\n|inactive|Time left: 300 sec this turn | 300 sec total\n|\n|t:|1783553559\n|move|p1a: Spectrier|Nasty Plot|p1a: Spectrier\n|-boost|p1a: Spectrier|spa|2\n|move|p2a: Toxtricity|Boomburst|p1a: Spectrier\n|-immune|p1a: Spectrier\n|\n|upkeep\n|turn|5\n|inactive|Time left: 300 sec this turn | 300 sec total\n|\n|t:|1783553560\n|switch|p2a: Slaking|Slaking, L84, M|389/389\n|-activate|p2a: Slaking|move: Sticky Web\n|-unboost|p2a: Slaking|spe|1\n|move|p1a: Spectrier|Shadow Ball|p2a: Slaking\n|-immune|p2a: Slaking\n|\n|upkeep\n|turn|6\n|inactive|Time left: 300 sec this turn | 300 sec total\n|\n|t:|1783553561\n|move|p1a: Spectrier|Will-O-Wisp|p2a: Slaking\n|-status|p2a: Slaking|brn\n|move|p2a: Slaking|Knock Off|p1a: Spectrier\n|-supereffective|p1a: Spectrier\n|-damage|p1a: Spectrier|19/100\n|-enditem|p1a: Spectrier|Life Orb|[from] move: Knock Off|[of] p2a: Slaking\n|\n|-damage|p2a: Slaking|365/389 brn|[from] brn\n|upkeep\n|turn|7\n|inactive|Time left: 300 sec this turn | 300 sec total\n|\n|t:|1783553562\n|move|p1a: Spectrier|Shadow Ball|p2a: Slaking\n|-immune|p2a: Slaking\n|cant|p2a: Slaking|ability: Truant\n|\n|-damage|p2a: Slaking|341/389 brn|[from] brn\n|upkeep\n|turn|8\n|inactive|Time left: 300 sec this turn | 300 sec total\n|\n|t:|1783553563\n|-terastallize|p1a: Spectrier|Fairy\n|move|p1a: Spectrier|Draining Kiss|p2a: Slaking\n|-damage|p2a: Slaking|158/389 brn\n|-heal|p1a: Spectrier|69/100|[from] drain|[of] p2a: Slaking\n|move|p2a: Slaking|Knock Off|p1a: Spectrier\n|-resisted|p1a: Spectrier\n|-damage|p1a: Spectrier|57/100\n|\n|-damage|p2a: Slaking|134/389 brn|[from] brn\n|upkeep\n|turn|9\n|inactive|Time left: 300 sec this turn | 300 sec total\n|\n|t:|1783553565\n|switch|p2a: Toxtricity|Toxtricity, L82, F|257/257\n|-activate|p2a: Toxtricity|move: Sticky Web\n|-unboost|p2a: Toxtricity|spe|1\n|move|p1a: Spectrier|Draining Kiss|p2a: Toxtricity\n|-resisted|p2a: Toxtricity\n|-damage|p2a: Toxtricity|166/257\n|-heal|p1a: Spectrier|82/100|[from] drain|[of] p2a: Toxtricity\n|\n|upkeep\n|turn|10\n|inactive|Time left: 300 sec this turn | 300 sec total\n|\n|t:|1783553566\n|move|p1a: Spectrier|Shadow Ball|p2a: Toxtricity\n|-damage|p2a: Toxtricity|0 fnt\n|faint|p2a: Toxtricity\n|-ability|p1a: Spectrier|Grim Neigh|boost\n|-boost|p1a: Spectrier|spa|1\n|\n|upkeep\n|inactive|Time left: 300 sec this turn | 300 sec total | 5 sec grace\n|\n|t:|1783553567\n|switch|p2a: Milotic|Milotic, L83, F|293/293\n|-activate|p2a: Milotic|move: Sticky Web\n|-unboost|p2a: Milotic|spe|1\n|-ability|p2a: Milotic|Competitive|boost\n|-boost|p2a: Milotic|spa|2\n|turn|11\n|inactive|Time left: 300 sec this turn | 300 sec total\n|\n|t:|1783553568\n|move|p1a: Spectrier|Draining Kiss|p2a: Milotic\n|-crit|p2a: Milotic\n|-damage|p2a: Milotic|68/293\n|-heal|p1a: Spectrier|100/100|[from] drain|[of] p2a: Milotic\n|move|p2a: Milotic|Scald|p1a: Spectrier\n|-damage|p1a: Spectrier|25/100\n|\n|-heal|p2a: Milotic|86/293|[from] item: Leftovers\n|upkeep\n|turn|12\n|inactive|Time left: 300 sec this turn | 300 sec total\n|\n|t:|1783553569\n|switch|p2a: Slaking|Slaking, L84, M|134/389 brn\n|-activate|p2a: Slaking|move: Sticky Web\n|-unboost|p2a: Slaking|spe|1\n|move|p1a: Spectrier|Shadow Ball|p2a: Slaking\n|-immune|p2a: Slaking\n|\n|-damage|p2a: Slaking|110/389 brn|[from] brn\n|upkeep\n|turn|13\n|inactive|Time left: 300 sec this turn | 300 sec total\n|\n|t:|1783553570\n|move|p1a: Spectrier|Draining Kiss|p2a: Slaking\n|-damage|p2a: Slaking|0 fnt\n|-heal|p1a: Spectrier|55/100|[from] drain|[of] p2a: Slaking\n|faint|p2a: Slaking\n|-ability|p1a: Spectrier|Grim Neigh|boost\n|-boost|p1a: Spectrier|spa|1\n|\n|upkeep\n|inactive|Time left: 300 sec this turn | 300 sec total | 5 sec grace\n|\n|t:|1783553571\n|switch|p2a: Milotic|Milotic, L83, F|86/293\n|-activate|p2a: Milotic|move: Sticky Web\n|-unboost|p2a: Milotic|spe|1\n|-ability|p2a: Milotic|Competitive|boost\n|-boost|p2a: Milotic|spa|2\n|turn|14\n|inactive|Time left: 300 sec this turn | 300 sec total\n|\n|t:|1783553572\n|move|p1a: Spectrier|Shadow Ball|p2a: Milotic\n|-damage|p2a: Milotic|0 fnt\n|faint|p2a: Milotic\n|-ability|p1a: Spectrier|Grim Neigh|boost\n|-boost|p1a: Spectrier|spa|1\n|\n|upkeep\n|inactive|Time left: 300 sec this turn | 300 sec total | 5 sec grace\n|\n|t:|1783553573\n|switch|p2a: Shaymin|Shaymin, L82|298/298\n|-activate|p2a: Shaymin|move: Sticky Web\n|-unboost|p2a: Shaymin|spe|1\n|turn|15\n|inactive|Time left: 300 sec this turn | 300 sec total\n|\n|t:|1783553574\n|move|p1a: Spectrier|Shadow Ball|p2a: Shaymin\n|-damage|p2a: Shaymin|12/298\n|move|p2a: Shaymin|Seed Flare|p1a: Spectrier\n|-damage|p1a: Spectrier|5/100\n|\n|-heal|p2a: Shaymin|30/298|[from] item: Leftovers\n|upkeep\n|turn|16\n|inactive|Time left: 300 sec this turn | 300 sec total\n|\n|t:|1783553575\n|move|p1a: Spectrier|Draining Kiss|p2a: Shaymin\n|-damage|p2a: Shaymin|0 fnt\n|-heal|p1a: Spectrier|13/100|[from] drain|[of] p2a: Shaymin\n|faint|p2a: Shaymin\n|-ability|p1a: Spectrier|Grim Neigh|boost\n|-boost|p1a: Spectrier|spa|1\n|\n|upkeep\n|inactive|Time left: 300 sec this turn | 300 sec total | 5 sec grace\n|\n|t:|1783553576\n|switch|p2a: Vivillon|Vivillon-Monsoon, L83, M|268/268\n|turn|17\n|inactive|Time left: 300 sec this turn | 300 sec total\n|\n|t:|1783553576\n|-terastallize|p2a: Vivillon|Steel\n|move|p1a: Spectrier|Draining Kiss|p2a: Vivillon\n|-resisted|p2a: Vivillon\n|-damage|p2a: Vivillon|70/268\n|-heal|p1a: Spectrier|67/100|[from] drain|[of] p2a: Vivillon\n|move|p2a: Vivillon|Bug Buzz|p1a: Spectrier\n|-resisted|p1a: Spectrier\n|-damage|p1a: Spectrier|46/100\n|\n|upkeep\n|turn|18\n|inactive|Time left: 300 sec this turn | 300 sec total\n|\n|t:|1783553577\n|switch|p2a: Heracross|Heracross, L80, F|259/259\n|-activate|p2a: Heracross|move: Sticky Web\n|-unboost|p2a: Heracross|spe|1\n|move|p1a: Spectrier|Draining Kiss|p2a: Heracross\n|-supereffective|p2a: Heracross\n|-damage|p2a: Heracross|0 fnt\n|-heal|p1a: Spectrier|100/100|[from] drain|[of] p2a: Heracross\n|faint|p2a: Heracross\n|\n|upkeep\n|inactive|Time left: 300 sec this turn | 300 sec total | 5 sec grace\n|\n|t:|1783553578\n|switch|p2a: Vivillon|Vivillon-Monsoon, L83, M, tera:Steel|70/268\n|turn|19\n|inactive|Time left: 300 sec this turn | 300 sec total\n|\n|t:|1783553578\n|move|p1a: Spectrier|Shadow Ball|p2a: Vivillon\n|-damage|p2a: Vivillon|0 fnt\n|faint|p2a: Vivillon\n|\n|win|p0x117010d1", "uploadtime": 1783553578, "views": 0, "rating": 0, "private": 0, "password": null, "_winner": "p0x117010d1", "_our_name": "p0y1170ddaa"}