{"id": "battle-gen9randombattle-2777", "formatid": "gen9randombattle", "format": "[Gen 9] Random Battle", "players": ["p0x27774d51", "p0y2777c5c7"], "log": "|init|battle\n|title|p0x27774d51 vs. p0y2777c5c7\n|j|\u2606p0x27774d51\n|j|\u2606p0y2777c5c7\n|t:|1783570990\n|gametype|singles\n|player|p1|p0x27774d51|170|\n|player|p2|p0y2777c5c7|170|\n|gen|9\n|tier|[Gen 9] Random Battle\n|rule|Species Clause: Limit one of each Pok\u00e9mon\n|rule|HP Percentage Mod: HP is shown in percentages\n|rule|Sleep Clause Mod: Limit one foe put to sleep\n|rule|Illusion Level Mod: Illusion disguises the Pok\u00e9mon's true level\n|\n|t:|1783570990\n|teamsize|p1|6\n|teamsize|p2|6\n|start\n|switch|p1a: Wyrdeer|Wyrdeer, L87, M|100/100\n|switch|p2a: Magnezone|Magnezone, L85|258/258\n|-ability|p1a: Wyrdeer|Intimidate|boost\n|-unboost|p2a: Magnezone|atk|1\n|turn|1\n|inactive|Battle timer is ON: inactive players will automatically lose when time's up. (requested by p0x27774d51)\n|inactive|Time left: 300 sec this turn | 300 sec total | 60 sec grace\n|inactive|p0y2777c5c7 also wants the timer to be on.\n|\n|t:|1783570992\n|switch|p2a: Giratina|Giratina, L75|349/349\n|-ability|p2a: Giratina|Pressure\n|move|p1a: Wyrdeer|Earthquake|p2a: Giratina\n|-damage|p2a: Giratina|283/349\n|\n|-heal|p2a: Giratina|304/349|[from] item: Leftovers\n|upkeep\n|turn|2\n|inactive|Time left: 300 sec this turn | 300 sec total\n|\n|t:|1783570993\n|move|p2a: Giratina|Will-O-Wisp|p1a: Wyrdeer\n|-status|p1a: Wyrdeer|brn\n|move|p1a: Wyrdeer|Psychic Noise|p2a: Giratina\n|-damage|p2a: Giratina|219/349\n|-start|p2a: Giratina|move: Heal Block\n|\n|-damage|p1a: Wyrdeer|94/100 brn|[from] brn\n|upkeep\n|turn|3\n|inactive|Time left: 300 sec this turn | 300 sec total\n|\n|t:|1783570994\n|move|p2a: Giratina|Shadow Ball|p1a: Wyrdeer\n|-immune|p1a: Wyrdeer\n|move|p1a: Wyrdeer|Psychic Noise|p2a: Giratina\n|-damage|p2a: Giratina|144/349\n|\n|-damage|p1a: Wyrdeer|88/100 brn|[from] brn\n|-end|p2a: Giratina|move: Heal Block\n|upkeep\n|turn|4\n|inactive|Time left: 300 sec this turn | 300 sec total\n|\n|t:|1783570995\n|move|p2a: Giratina|Shadow Ball|p1a: Wyrdeer\n|-immune|p1a: Wyrdeer\n|move|p1a: Wyrdeer|Psychic Noise|p2a: Giratina\n|-damage|p2a: Giratina|71/349\n|-start|p2a: Giratina|move: Heal Block\n|\n|-damage|p1a: Wyrdeer|82/100 brn|[from] brn\n|upkeep\n|turn|5\n|inactive|Time left: 300 sec this turn | 300 sec total\n|\n|t:|1783570996\n|switch|p2a: Skarmory|Skarmory, L80, F|235/235\n|move|p1a: Wyrdeer|Psychic Noise|p2a: Skarmory\n|-resisted|p2a: Skarmory\n|-damage|p2a: Skarmory|181/235\n|-start|p2a: Skarmory|move: Heal Block\n|\n|-damage|p1a: Wyrdeer|76/100 brn|[from] brn\n|upkeep\n|turn|6\n|inactive|Time left: 300 sec this turn | 300 sec total\n|\n|t:|1783570997\n|move|p1a: Wyrdeer|Psychic Noise|p2a: Skarmory\n|-resisted|p2a: Skarmory\n|-damage|p2a: Skarmory|126/235\n|move|p2a: Skarmory|Iron Defense|p2a: Skarmory\n|-boost|p2a: Skarmory|def|2\n|\n|-damage|p1a: Wyrdeer|69/100 brn|[from] brn\n|-end|p2a: Skarmory|move: Heal Block\n|upkeep\n|turn|7\n|inactive|Time left: 300 sec this turn | 300 sec total\n|\n|t:|1783570998\n|move|p1a: Wyrdeer|Psychic Noise|p2a: Skarmory\n|-resisted|p2a: Skarmory\n|-damage|p2a: Skarmory|70/235\n|-start|p2a: Skarmory|move: Heal Block\n|move|p2a: Skarmory|Body Press|p1a: Wyrdeer\n|-damage|p1a: Wyrdeer|20/100 brn\n|\n|-damage|p1a: Wyrdeer|14/100 brn|[from] brn\n|upkeep\n|turn|8\n|inactive|Time left: 300 sec this turn | 300 sec total\n|\n|t:|1783570998\n|move|p1a: Wyrdeer|Psychic Noise|p2a: Skarmory\n|-resisted|p2a: Skarmory\n|-damage|p2a: Skarmory|19/235\n|move|p2a: Skarmory|Body Press|p1a: Wyrdeer\n|-damage|p1a: Wyrdeer|0 fnt\n|faint|p1a: Wyrdeer\n|\n|-end|p2a: Skarmory|move: Heal Block\n|upkeep\n|\n|t:|1783570999\n|switch|p1a: Suicune|Suicune, L82|100/100\n|-ability|p1a: Suicune|Pressure\n|turn|9\n|inactive|Time left: 300 sec this turn | 300 sec total\n|\n|t:|1783571000\n|move|p1a: Suicune|Ice Beam|p2a: Skarmory\n|-damage|p2a: Skarmory|0 fnt\n|faint|p2a: Skarmory\n|\n|upkeep\n|inactive|Time left: 300 sec this turn | 300 sec total | 5 sec grace\n|\n|t:|1783571001\n|switch|p2a: Magnezone|Magnezone, L85|258/258\n|turn|10\n|inactive|Time left: 300 sec this turn | 300 sec total\n|\n|t:|1783571002\n|move|p2a: Magnezone|Thunderbolt|p1a: Suicune\n|-supereffective|p1a: Suicune\n|-damage|p1a: Suicune|28/100\n|move|p1a: Suicune|Calm Mind|p1a: Suicune\n|-boost|p1a: Suicune|spa|1\n|-boost|p1a: Suicune|spd|1\n|\n|-heal|p1a: Suicune|34/100|[from] item: Leftovers\n|upkeep\n|turn|11\n|inactive|Time left: 300 sec this turn | 300 sec total\n|\n|t:|1783571003\n|-terastallize|p1a: Suicune|Dragon\n|move|p2a: Magnezone|Thunderbolt|p1a: Suicune\n|-resisted|p1a: Suicune\n|-damage|p1a: Suicune|22/100\n|move|p1a: Suicune|Scald|p2a: Magnezone\n|-damage|p2a: Magnezone|146/258\n|-status|p2a: Magnezone|brn\n|\n|-heal|p1a: Suicune|28/100|[from] item: Leftovers\n|-damage|p2a: Magnezone|130/258 brn|[from] brn\n|upkeep\n|turn|12\n|inactive|Time left: 300 sec this turn | 300 sec total\n|\n|t:|1783571004\n|move|p2a: Magnezone|Thunderbolt|p1a: Suicune\n|-resisted|p1a: Suicune\n|-damage|p1a: Suicune|16/100\n|move|p1a: Suicune|Scald|p2a: Magnezone\n|-damage|p2a: Magnezone|10/258 brn\n|\n|-heal|p1a: Suicune|22/100|[from] item: Leftovers\n|-damage|p2a: Magnezone|0 fnt|[from] brn\n|faint|p2a: Magnezone\n|upkeep\n|inactive|Time left: 300 sec this turn | 300 sec total | 5 sec grace\n|\n|t:|1783571005\n|switch|p2a: Ogerpon|Ogerpon-Cornerstone, L76, F|247/247\n|turn|13\n|inactive|Time left: 300 sec this turn | 300 sec total\n|\n|t:|1783571006\n|move|p2a: Ogerpon|Ivy Cudgel|p1a: Suicune|[anim] Ivy Cudgel Rock\n|-damage|p1a: Suicune|0 fnt\n|faint|p1a: Suicune\n|\n|upkeep\n|\n|t:|1783571006\n|switch|p1a: Cloyster|Cloyster, L80, F|100/100\n|turn|14\n|inactive|Time left: 300 sec this turn | 300 sec total\n|\n|t:|1783571008\n|move|p2a: Ogerpon|Ivy Cudgel|p1a: Cloyster|[anim] Ivy Cudgel Rock\n|-supereffective|p1a: Cloyster\n|-damage|p1a: Cloyster|29/100\n|move|p1a: Cloyster|Shell Smash|p1a: Cloyster\n|-unboost|p1a: Cloyster|def|1\n|-unboost|p1a: Cloyster|spd|1\n|-boost|p1a: Cloyster|atk|2\n|-boost|p1a: Cloyster|spa|2\n|-boost|p1a: Cloyster|spe|2\n|-enditem|p1a: Cloyster|White Herb\n|-clearnegativeboost|p1a: Cloyster|[silent]\n|\n|upkeep\n|turn|15\n|inactive|Time left: 300 sec this turn | 300 sec total\n|\n|t:|1783571009\n|switch|p2a: Giratina|Giratina, L75|71/349\n|-ability|p2a: Giratina|Pressure\n|move|p1a: Cloyster|Icicle Spear|p2a: Giratina\n|-supereffective|p2a: Giratina\n|-damage|p2a: Giratina|0 fnt\n|faint|p2a: Giratina\n|-hitcount|p2: Giratina|1\n|\n|upkeep\n|inactive|Time left: 300 sec this turn | 300 sec total | 5 sec grace\n|\n|t:|1783571009\n|switch|p2a: Sawsbuck|Sawsbuck, L88, F|284/284\n|turn|16\n|inactive|Time left: 300 sec this turn | 300 sec total\n|\n|t:|1783571010\n|-terastallize|p2a: Sawsbuck|Normal\n|move|p1a: Cloyster|Icicle Spear|p2a: Sawsbuck\n|-damage|p2a: Sawsbuck|233/284\n|-damage|p2a: Sawsbuck|181/284\n|-damage|p2a: Sawsbuck|126/284\n|-damage|p2a: Sawsbuck|74/284\n|-damage|p2a: Sawsbuck|16/284\n|-hitcount|p2a: Sawsbuck|5\n|move|p2a: Sawsbuck|Horn Leech|p1a: Cloyster\n|-supereffective|p1a: Cloyster\n|-damage|p1a: Cloyster|0 fnt\n|-heal|p2a: Sawsbuck|47/284|[from] drain|[of] p1a: Cloyster\n|faint|p1a: Cloyster\n|-damage|p2a: Sawsbuck|19/284|[from] item: Life Orb\n|\n|upkeep\n|\n|t:|1783571011\n|switch|p1a: Clodsire|Clodsire, L81, M|100/100\n|turn|17\n|inactive|Time left: 300 sec this turn | 300 sec total\n|\n|t:|1783571012\n|move|p2a: Sawsbuck|Horn Leech|p1a: Clodsire\n|-damage|p1a: Clodsire|51/100\n|-heal|p2a: Sawsbuck|104/284|[from] drain|[of] p1a: Clodsire\n|-damage|p2a: Sawsbuck|76/284|[from] item: Life Orb\n|move|p1a: Clodsire|Earthquake|p2a: Sawsbuck\n|-damage|p2a: Sawsbuck|0 fnt\n|faint|p2a: Sawsbuck\n|\n|-heal|p1a: Clodsire|57/100|[from] item: Leftovers\n|upkeep\n|inactive|Time left: 300 sec this turn | 300 sec total | 5 sec grace\n|\n|t:|1783571013\n|switch|p2a: Blaziken|Blaziken, L76, F|247/247\n|turn|18\n|inactive|Time left: 300 sec this turn | 300 sec total\n|\n|t:|1783571014\n|move|p2a: Blaziken|Flare Blitz|p1a: Clodsire\n|-damage|p1a: Clodsire|0 fnt\n|faint|p1a: Clodsire\n|-damage|p2a: Blaziken|183/247|[from] Recoil\n|-damage|p2a: Blaziken|159/247|[from] item: Life Orb\n|\n|-ability|p2a: Blaziken|Speed Boost|boost\n|-boost|p2a: Blaziken|spe|1\n|upkeep\n|\n|t:|1783571015\n|switch|p1a: Ampharos|Ampharos, L88, F|100/100\n|turn|19\n|inactive|Time left: 300 sec this turn | 300 sec total\n|\n|t:|1783571016\n|move|p2a: Blaziken|Close Combat|p1a: Ampharos\n|-damage|p1a: Ampharos|51/100\n|-unboost|p2a: Blaziken|def|1\n|-unboost|p2a: Blaziken|spd|1\n|-damage|p2a: Blaziken|135/247|[from] item: Life Orb\n|move|p1a: Ampharos|Thunderbolt|p2a: Blaziken\n|-damage|p2a: Blaziken|0 fnt\n|faint|p2a: Blaziken\n|-damage|p1a: Ampharos|42/100|[from] item: Life Orb\n|\n|upkeep\n|inactive|Time left: 300 sec this turn | 300 sec total | 5 sec grace\n|\n|t:|1783571016\n|switch|p2a: Ogerpon|Ogerpon-Cornerstone, L76, F|247/247\n|turn|20\n|inactive|Time left: 300 sec this turn | 300 sec total\n|\n|t:|1783571017\n|move|p2a: Ogerpon|Ivy Cudgel|p1a: Ampharos|[anim] Ivy Cudgel Rock\n|-crit|p1a: Ampharos\n|-damage|p1a: Ampharos|0 fnt\n|faint|p1a: Ampharos\n|\n|upkeep\n|\n|t:|1783571018\n|switch|p1a: Coalossal|Coalossal, L89, M|100/100\n|turn|21\n|inactive|Time left: 300 sec this turn | 300 sec total\n|\n|t:|1783571019\n|move|p2a: Ogerpon|Ivy Cudgel|p1a: Coalossal|[anim] Ivy Cudgel Rock\n|-supereffective|p1a: Coalossal\n|-damage|p1a: Coalossal|48/100\n|move|p1a: Coalossal|Will-O-Wisp|p2a: Ogerpon\n|-status|p2a: Ogerpon|brn\n|\n|-damage|p2a: Ogerpon|232/247 brn|[from] brn\n|upkeep\n|turn|22\n|inactive|Time left: 300 sec this turn | 300 sec total\n|\n|t:|1783571020\n|move|p2a: Ogerpon|Swords Dance|p2a: Ogerpon\n|-boost|p2a: Ogerpon|atk|2\n|move|p1a: Coalossal|Rapid Spin|p2a: Ogerpon\n|-resisted|p2a: Ogerpon\n|-damage|p2a: Ogerpon|214/247 brn\n|-boost|p1a: Coalossal|spe|1\n|\n|-damage|p2a: Ogerpon|199/247 brn|[from] brn\n|upkeep\n|turn|23\n|inactive|Time left: 300 sec this turn | 300 sec total\n|\n|t:|1783571021\n|move|p2a: Ogerpon|Ivy Cudgel|p1a: Coalossal|[anim] Ivy Cudgel Rock\n|-supereffective|p1a: Coalossal\n|-damage|p1a: Coalossal|0 fnt\n|faint|p1a: Coalossal\n|\n|win|p0y2777c5c7", "uploadtime": 1783571021, "views": 0, "rating": 0, "private": 0, "password": null, "_winner": "p0y2777c5c7", "_our_name": "p0y2777c5c7"}