{"id": "battle-gen9randombattle-1578", "formatid": "gen9randombattle", "format": "[Gen 9] Random Battle", "players": ["p0x15789b5d", "p0y15787e43"], "log": "|init|battle\n|title|p0x15789b5d vs. p0y15787e43\n|j|\u2606p0x15789b5d\n|j|\u2606p0y15787e43\n|t:|1783558294\n|gametype|singles\n|player|p1|p0x15789b5d|2|\n|player|p2|p0y15787e43|1|\n|gen|9\n|tier|[Gen 9] Random Battle\n|rule|Species Clause: Limit one of each Pok\u00e9mon\n|rule|HP Percentage Mod: HP is shown in percentages\n|rule|Sleep Clause Mod: Limit one foe put to sleep\n|rule|Illusion Level Mod: Illusion disguises the Pok\u00e9mon's true level\n|\n|t:|1783558294\n|teamsize|p1|6\n|teamsize|p2|6\n|start\n|switch|p1a: Jirachi|Jirachi, L80|291/291\n|switch|p2a: Miraidon|Miraidon, L65|100/100\n|-fieldstart|move: Electric Terrain|[from] ability: Hadron Engine|[of] p2a: Miraidon\n|turn|1\n|inactive|Battle timer is ON: inactive players will automatically lose when time's up. (requested by p0x15789b5d)\n|inactive|p0y15787e43 also wants the timer to be on.\n|\n|t:|1783558295\n|switch|p1a: Whiscash|Whiscash, L88, F|337/337\n|move|p2a: Miraidon|Electro Drift|p1a: Whiscash\n|-immune|p1a: Whiscash\n|\n|upkeep\n|turn|2\n|inactive|Time left: 300 sec this turn | 300 sec total\n|\n|t:|1783558296\n|switch|p2a: Mesprit|Mesprit, L85|100/100\n|move|p1a: Whiscash|Dragon Dance|p1a: Whiscash\n|-boost|p1a: Whiscash|atk|1\n|-boost|p1a: Whiscash|spe|1\n|\n|upkeep\n|turn|3\n|inactive|Time left: 300 sec this turn | 300 sec total\n|\n|t:|1783558297\n|move|p1a: Whiscash|Dragon Dance|p1a: Whiscash\n|-boost|p1a: Whiscash|atk|1\n|-boost|p1a: Whiscash|spe|1\n|move|p2a: Mesprit|Stealth Rock|p1a: Whiscash\n|-sidestart|p1: p0x15789b5d|move: Stealth Rock\n|\n|upkeep\n|turn|4\n|inactive|Time left: 300 sec this turn | 300 sec total\n|\n|t:|1783558298\n|move|p1a: Whiscash|Liquidation|p2a: Mesprit\n|-damage|p2a: Mesprit|25/100\n|-unboost|p2a: Mesprit|def|1\n|-damage|p1a: Whiscash|304/337|[from] item: Life Orb\n|move|p2a: Mesprit|Drain Punch|p1a: Whiscash\n|-damage|p1a: Whiscash|241/337\n|-heal|p2a: Mesprit|37/100|[from] drain|[of] p1a: Whiscash\n|\n|-heal|p2a: Mesprit|43/100|[from] item: Leftovers\n|upkeep\n|turn|5\n|inactive|Time left: 300 sec this turn | 300 sec total\n|\n|t:|1783558299\n|switch|p2a: Regigigas|Regigigas, L84|100/100\n|-start|p2a: Regigigas|ability: Slow Start\n|move|p1a: Whiscash|Liquidation|p2a: Regigigas\n|-damage|p2a: Regigigas|42/100\n|-damage|p1a: Whiscash|208/337|[from] item: Life Orb\n|\n|-heal|p2a: Regigigas|48/100|[from] item: Leftovers\n|-fieldend|move: Electric Terrain\n|upkeep\n|turn|6\n|inactive|Time left: 300 sec this turn | 300 sec total\n|\n|t:|1783558300\n|move|p2a: Regigigas|Protect|p2a: Regigigas\n|-singleturn|p2a: Regigigas|Protect\n|move|p1a: Whiscash|Liquidation|p2a: Regigigas\n|-activate|p2a: Regigigas|move: Protect\n|\n|-heal|p2a: Regigigas|55/100|[from] item: Leftovers\n|upkeep\n|turn|7\n|inactive|Time left: 300 sec this turn | 300 sec total\n|\n|t:|1783558301\n|switch|p2a: Mesprit|Mesprit, L85|43/100\n|move|p1a: Whiscash|Liquidation|p2a: Mesprit\n|-damage|p2a: Mesprit|0 fnt\n|faint|p2a: Mesprit\n|-damage|p1a: Whiscash|175/337|[from] item: Life Orb\n|\n|upkeep\n|\n|t:|1783558303\n|switch|p2a: Mimikyu|Mimikyu, L79, F|100/100\n|turn|8\n|inactive|Time left: 300 sec this turn | 300 sec total\n|\n|t:|1783558304\n|move|p1a: Whiscash|Earthquake|p2a: Mimikyu\n|-activate|p2a: Mimikyu|ability: Disguise\n|-damage|p2a: Mimikyu|100/100\n|detailschange|p2a: Mimikyu|Mimikyu-Busted, L79, F\n|-damage|p2a: Mimikyu|88/100|[from] pokemon: Mimikyu-Busted\n|-damage|p1a: Whiscash|142/337|[from] item: Life Orb\n|move|p2a: Mimikyu|Play Rough|p1a: Whiscash\n|-damage|p1a: Whiscash|35/337\n|-damage|p2a: Mimikyu|78/100|[from] item: Life Orb\n|\n|upkeep\n|turn|9\n|inactive|Time left: 300 sec this turn | 300 sec total\n|\n|t:|1783558305\n|move|p2a: Mimikyu|Shadow Sneak|p1a: Whiscash\n|-damage|p1a: Whiscash|0 fnt\n|faint|p1a: Whiscash\n|-damage|p2a: Mimikyu|69/100|[from] item: Life Orb\n|\n|upkeep\n|inactive|Time left: 300 sec this turn | 300 sec total | 5 sec grace\n|\n|t:|1783558306\n|switch|p1a: Dialga|Dialga, L73|266/266\n|-damage|p1a: Dialga|250/266|[from] Stealth Rock\n|-ability|p1a: Dialga|Pressure\n|turn|10\n|inactive|Time left: 300 sec this turn | 300 sec total\n|\n|t:|1783558307\n|switch|p2a: Miraidon|Miraidon, L65|100/100\n|-fieldstart|move: Electric Terrain|[from] ability: Hadron Engine|[of] p2a: Miraidon\n|move|p1a: Dialga|Heavy Slam|p2a: Miraidon\n|-resisted|p2a: Miraidon\n|-damage|p2a: Miraidon|86/100\n|\n|-heal|p1a: Dialga|266/266|[from] item: Leftovers\n|upkeep\n|turn|11\n|inactive|Time left: 300 sec this turn | 300 sec total\n|\n|t:|1783558308\n|move|p2a: Miraidon|Draco Meteor|p1a: Dialga\n|-damage|p1a: Dialga|52/266\n|-unboost|p2a: Miraidon|spa|2\n|move|p1a: Dialga|Draco Meteor|p2a: Miraidon\n|-supereffective|p2a: Miraidon\n|-damage|p2a: Miraidon|0 fnt\n|-unboost|p1a: Dialga|spa|2\n|faint|p2a: Miraidon\n|\n|-heal|p1a: Dialga|68/266|[from] item: Leftovers\n|upkeep\n|\n|t:|1783558309\n|switch|p2a: Toxtricity|Toxtricity, L82, F|100/100\n|turn|12\n|inactive|Time left: 300 sec this turn | 300 sec total\n|\n|t:|1783558310\n|move|p1a: Dialga|Heavy Slam|p2a: Toxtricity\n|-resisted|p2a: Toxtricity\n|-damage|p2a: Toxtricity|74/100\n|move|p2a: Toxtricity|Shift Gear|p2a: Toxtricity\n|-boost|p2a: Toxtricity|spe|2\n|-boost|p2a: Toxtricity|atk|1\n|\n|-heal|p1a: Dialga|84/266|[from] item: Leftovers\n|upkeep\n|turn|13\n|inactive|Time left: 300 sec this turn | 300 sec total\n|\n|t:|1783558311\n|move|p2a: Toxtricity|Overdrive|p1a: Dialga\n|-resisted|p1a: Dialga\n|-damage|p1a: Dialga|3/266\n|-enditem|p2a: Toxtricity|Throat Spray\n|-boost|p2a: Toxtricity|spa|1|[from] item: Throat Spray\n|move|p1a: Dialga|Heavy Slam|p2a: Toxtricity\n|-resisted|p2a: Toxtricity\n|-crit|p2a: Toxtricity\n|-damage|p2a: Toxtricity|32/100\n|\n|-heal|p1a: Dialga|19/266|[from] item: Leftovers\n|upkeep\n|turn|14\n|inactive|Time left: 300 sec this turn | 300 sec total\n|\n|t:|1783558312\n|move|p2a: Toxtricity|Boomburst|p1a: Dialga\n|-resisted|p1a: Dialga\n|-damage|p1a: Dialga|0 fnt\n|faint|p1a: Dialga\n|\n|-fieldend|move: Electric Terrain\n|upkeep\n|inactive|Time left: 300 sec this turn | 300 sec total | 5 sec grace\n|\n|t:|1783558313\n|switch|p1a: Ogerpon|Ogerpon-Cornerstone, L76, F|247/247\n|-damage|p1a: Ogerpon|217/247|[from] Stealth Rock\n|turn|15\n|inactive|Time left: 300 sec this turn | 300 sec total\n|\n|t:|1783558314\n|-terastallize|p1a: Ogerpon|Rock\n|detailschange|p1a: Ogerpon|Ogerpon-Cornerstone-Tera, L76, F, tera:Rock\n|-ability|p1a: Ogerpon|Embody Aspect (Cornerstone)|boost\n|-boost|p1a: Ogerpon|def|1\n|move|p2a: Toxtricity|Gunk Shot|p1a: Ogerpon\n|-resisted|p1a: Ogerpon\n|-damage|p1a: Ogerpon|149/247\n|move|p1a: Ogerpon|Ivy Cudgel|p2a: Toxtricity|[anim] Ivy Cudgel Rock\n|-damage|p2a: Toxtricity|0 fnt\n|faint|p2a: Toxtricity\n|\n|upkeep\n|\n|t:|1783558315\n|switch|p2a: Deoxys|Deoxys, L74|100/100\n|-ability|p2a: Deoxys|Pressure\n|turn|16\n|inactive|Time left: 300 sec this turn | 300 sec total\n|\n|t:|1783558315\n|switch|p1a: Jirachi|Jirachi, L80|291/291\n|-damage|p1a: Jirachi|273/291|[from] Stealth Rock\n|move|p2a: Deoxys|Superpower|p1a: Jirachi\n|-damage|p1a: Jirachi|153/291\n|-unboost|p2a: Deoxys|atk|1\n|-unboost|p2a: Deoxys|def|1\n|-damage|p2a: Deoxys|91/100|[from] item: Life Orb\n|\n|-heal|p1a: Jirachi|171/291|[from] item: Leftovers\n|upkeep\n|turn|17\n|inactive|Time left: 300 sec this turn | 300 sec total\n|\n|t:|1783558316\n|switch|p2a: Regigigas|Regigigas, L84|55/100\n|-start|p2a: Regigigas|ability: Slow Start\n|move|p1a: Jirachi|Iron Head|p2a: Regigigas\n|-damage|p2a: Regigigas|35/100\n|\n|-heal|p1a: Jirachi|189/291|[from] item: Leftovers\n|-heal|p2a: Regigigas|41/100|[from] item: Leftovers\n|upkeep\n|turn|18\n|inactive|Time left: 300 sec this turn | 300 sec total\n|\n|t:|1783558317\n|move|p1a: Jirachi|Iron Head|p2a: Regigigas\n|-damage|p2a: Regigigas|18/100\n|cant|p2a: Regigigas|flinch\n|\n|-heal|p1a: Jirachi|207/291|[from] item: Leftovers\n|-heal|p2a: Regigigas|24/100|[from] item: Leftovers\n|upkeep\n|turn|19\n|inactive|Time left: 300 sec this turn | 300 sec total\n|\n|t:|1783558318\n|move|p1a: Jirachi|Iron Head|p2a: Regigigas\n|-damage|p2a: Regigigas|2/100\n|move|p2a: Regigigas|Knock Off|p1a: Jirachi\n|-supereffective|p1a: Jirachi\n|-damage|p1a: Jirachi|115/291\n|-enditem|p1a: Jirachi|Leftovers|[from] move: Knock Off|[of] p2a: Regigigas\n|\n|-heal|p2a: Regigigas|9/100|[from] item: Leftovers\n|upkeep\n|turn|20\n|inactive|Time left: 300 sec this turn | 300 sec total\n|\n|t:|1783558319\n|move|p2a: Regigigas|Protect|p2a: Regigigas\n|-singleturn|p2a: Regigigas|Protect\n|move|p1a: Jirachi|Wish|p1a: Jirachi\n|\n|-heal|p2a: Regigigas|15/100|[from] item: Leftovers\n|upkeep\n|turn|21\n|inactive|Time left: 300 sec this turn | 300 sec total\n|\n|t:|1783558320\n|move|p2a: Regigigas|Protect||[still]\n|-fail|p2a: Regigigas\n|move|p1a: Jirachi|Iron Head|p2a: Regigigas\n|-damage|p2a: Regigigas|0 fnt\n|faint|p2a: Regigigas\n|-end|p2a: Regigigas|Slow Start|[silent]\n|\n|-heal|p1a: Jirachi|260/291|[from] move: Wish|[wisher] Jirachi\n|upkeep\n|\n|t:|1783558321\n|switch|p2a: Deoxys|Deoxys, L74|91/100\n|-ability|p2a: Deoxys|Pressure\n|turn|22\n|inactive|Time left: 300 sec this turn | 300 sec total\n|\n|t:|1783558322\n|move|p2a: Deoxys|Knock Off|p1a: Jirachi\n|-supereffective|p1a: Jirachi\n|-damage|p1a: Jirachi|140/291\n|-damage|p2a: Deoxys|81/100|[from] item: Life Orb\n|move|p1a: Jirachi|Iron Head|p2a: Deoxys\n|-damage|p2a: Deoxys|15/100\n|\n|upkeep\n|turn|23\n|inactive|Time left: 300 sec this turn | 300 sec total\n|\n|t:|1783558323\n|move|p2a: Deoxys|Superpower|p1a: Jirachi\n|-damage|p1a: Jirachi|30/291\n|-unboost|p2a: Deoxys|atk|1\n|-unboost|p2a: Deoxys|def|1\n|-damage|p2a: Deoxys|5/100|[from] item: Life Orb\n|move|p1a: Jirachi|Iron Head|p2a: Deoxys\n|-damage|p2a: Deoxys|0 fnt\n|faint|p2a: Deoxys\n|\n|upkeep\n|\n|t:|1783558324\n|switch|p2a: Mimikyu|Mimikyu-Busted, L79, F|69/100\n|turn|24\n|inactive|Time left: 300 sec this turn | 300 sec total\n|\n|t:|1783558325\n|move|p2a: Mimikyu|Shadow Sneak|p1a: Jirachi\n|-supereffective|p1a: Jirachi\n|-damage|p1a: Jirachi|0 fnt\n|faint|p1a: Jirachi\n|-damage|p2a: Mimikyu|59/100|[from] item: Life Orb\n|\n|upkeep\n|inactive|Time left: 300 sec this turn | 300 sec total | 5 sec grace\n|\n|t:|1783558326\n|switch|p1a: Infernape|Infernape, L82, M|259/259\n|-damage|p1a: Infernape|227/259|[from] Stealth Rock\n|turn|25\n|inactive|Time left: 300 sec this turn | 300 sec total\n|\n|t:|1783558327\n|move|p1a: Infernape|Flare Blitz|p2a: Mimikyu\n|-damage|p2a: Mimikyu|0 fnt\n|faint|p2a: Mimikyu\n|-damage|p1a: Infernape|185/259|[from] Recoil\n|\n|win|p0x15789b5d", "uploadtime": 1783558327, "views": 0, "rating": 0, "private": 0, "password": null, "_winner": "p0x15789b5d", "_our_name": "p0x15789b5d"}