{"id": "battle-gen9randombattle-2858", "formatid": "gen9randombattle", "format": "[Gen 9] Random Battle", "players": ["p0x28589827", "p0y28582dd6"], "log": "|init|battle\n|title|p0x28589827 vs. p0y28582dd6\n|j|\u2606p0x28589827\n|j|\u2606p0y28582dd6\n|t:|1783571984\n|gametype|singles\n|player|p1|p0x28589827|265|\n|player|p2|p0y28582dd6|2|\n|gen|9\n|tier|[Gen 9] Random Battle\n|rule|Species Clause: Limit one of each Pok\u00e9mon\n|rule|HP Percentage Mod: HP is shown in percentages\n|rule|Sleep Clause Mod: Limit one foe put to sleep\n|rule|Illusion Level Mod: Illusion disguises the Pok\u00e9mon's true level\n|\n|t:|1783571984\n|teamsize|p1|6\n|teamsize|p2|6\n|start\n|switch|p1a: Iron Hands|Iron Hands, L79|373/373\n|switch|p2a: Clefable|Clefable, L83, M|100/100\n|turn|1\n|inactive|Battle timer is ON: inactive players will automatically lose when time's up. (requested by p0x28589827)\n|inactive|p0y28582dd6 also wants the timer to be on.\n|\n|t:|1783571985\n|move|p2a: Clefable|Moonblast|p1a: Iron Hands\n|-supereffective|p1a: Iron Hands\n|-crit|p1a: Iron Hands\n|-damage|p1a: Iron Hands|29/373\n|move|p1a: Iron Hands|Swords Dance|p1a: Iron Hands\n|-boost|p1a: Iron Hands|atk|2\n|\n|-heal|p1a: Iron Hands|52/373|[from] item: Leftovers\n|upkeep\n|turn|2\n|inactive|Time left: 300 sec this turn | 300 sec total\n|\n|t:|1783571986\n|move|p2a: Clefable|Moonblast|p1a: Iron Hands\n|-supereffective|p1a: Iron Hands\n|-damage|p1a: Iron Hands|0 fnt\n|faint|p1a: Iron Hands\n|-end|p1a: Iron Hands|Quark Drive|[silent]\n|\n|upkeep\n|inactive|Time left: 300 sec this turn | 300 sec total | 5 sec grace\n|\n|t:|1783571986\n|switch|p1a: Espeon|Espeon, L84, M|246/246\n|turn|3\n|inactive|Time left: 300 sec this turn | 300 sec total\n|\n|t:|1783571987\n|move|p1a: Espeon|Psyshock|p2a: Clefable\n|-damage|p2a: Clefable|36/100\n|move|p2a: Clefable|Moonblast|p1a: Espeon\n|-damage|p1a: Espeon|150/246\n|\n|-heal|p2a: Clefable|42/100|[from] item: Leftovers\n|upkeep\n|turn|4\n|inactive|Time left: 300 sec this turn | 300 sec total\n|\n|t:|1783571988\n|move|p1a: Espeon|Psyshock|p2a: Clefable\n|-damage|p2a: Clefable|0 fnt\n|faint|p2a: Clefable\n|\n|upkeep\n|\n|t:|1783571989\n|switch|p2a: Drednaw|Drednaw, L81, F|100/100\n|turn|5\n|inactive|Time left: 300 sec this turn | 300 sec total\n|\n|t:|1783571990\n|switch|p1a: Rillaboom|Rillaboom, L79, F|288/288\n|-fieldstart|move: Grassy Terrain|[from] ability: Grassy Surge|[of] p1a: Rillaboom\n|move|p2a: Drednaw|Shell Smash|p2a: Drednaw\n|-unboost|p2a: Drednaw|def|1\n|-unboost|p2a: Drednaw|spd|1\n|-boost|p2a: Drednaw|atk|2\n|-boost|p2a: Drednaw|spa|2\n|-boost|p2a: Drednaw|spe|2\n|-enditem|p2a: Drednaw|White Herb\n|-clearnegativeboost|p2a: Drednaw|[silent]\n|\n|upkeep\n|turn|6\n|inactive|Time left: 300 sec this turn | 300 sec total\n|\n|t:|1783571991\n|-terastallize|p2a: Drednaw|Ground\n|-terastallize|p1a: Rillaboom|Grass\n|move|p2a: Drednaw|Stone Edge|p1a: Rillaboom|[miss]\n|-miss|p2a: Drednaw|p1a: Rillaboom\n|move|p1a: Rillaboom|Wood Hammer|p2a: Drednaw\n|-supereffective|p2a: Drednaw\n|-damage|p2a: Drednaw|0 fnt\n|faint|p2a: Drednaw\n|-damage|p1a: Rillaboom|196/288|[from] Recoil\n|-damage|p1a: Rillaboom|168/288|[from] item: Life Orb\n|\n|-heal|p1a: Rillaboom|186/288|[from] Grassy Terrain\n|upkeep\n|\n|t:|1783571992\n|switch|p2a: Scyther|Scyther, L82, F|100/100\n|turn|7\n|inactive|Time left: 300 sec this turn | 300 sec total\n|\n|t:|1783571993\n|switch|p1a: Skarmory|Skarmory, L80, M|235/235\n|move|p2a: Scyther|Swords Dance|p2a: Scyther\n|-boost|p2a: Scyther|atk|2\n|\n|upkeep\n|turn|8\n|inactive|Time left: 300 sec this turn | 300 sec total\n|\n|t:|1783571994\n|move|p2a: Scyther|Dual Wingbeat|p1a: Skarmory\n|-resisted|p1a: Skarmory\n|-crit|p1a: Skarmory\n|-damage|p1a: Skarmory|169/235\n|-damage|p2a: Scyther|84/100|[from] item: Rocky Helmet|[of] p1a: Skarmory\n|-resisted|p1a: Skarmory\n|-damage|p1a: Skarmory|118/235\n|-damage|p2a: Scyther|68/100|[from] item: Rocky Helmet|[of] p1a: Skarmory\n|-hitcount|p1a: Skarmory|2\n|move|p1a: Skarmory|Brave Bird|p2a: Scyther\n|-supereffective|p2a: Scyther\n|-damage|p2a: Scyther|0 fnt\n|faint|p2a: Scyther\n|-damage|p1a: Skarmory|63/235|[from] Recoil\n|\n|upkeep\n|\n|t:|1783571995\n|switch|p2a: Glalie|Glalie, L96, F|100/100\n|turn|9\n|inactive|Time left: 300 sec this turn | 300 sec total\n|\n|t:|1783571995\n|switch|p1a: Espeon|Espeon, L84, M|150/246\n|move|p2a: Glalie|Freeze-Dry|p1a: Espeon\n|-damage|p1a: Espeon|75/246\n|\n|-heal|p1a: Espeon|90/246|[from] Grassy Terrain\n|-fieldend|move: Grassy Terrain\n|upkeep\n|turn|10\n|inactive|Time left: 300 sec this turn | 300 sec total\n|\n|t:|1783571997\n|move|p1a: Espeon|Psyshock|p2a: Glalie\n|-damage|p2a: Glalie|54/100\n|move|p2a: Glalie|Earthquake|p1a: Espeon\n|-damage|p1a: Espeon|0 fnt\n|faint|p1a: Espeon\n|\n|upkeep\n|inactive|Time left: 300 sec this turn | 300 sec total | 5 sec grace\n|\n|t:|1783571998\n|switch|p1a: Amoonguss|Amoonguss, L82, M|321/321\n|turn|11\n|inactive|Time left: 300 sec this turn | 300 sec total\n|\n|t:|1783571999\n|move|p2a: Glalie|Freeze-Dry|p1a: Amoonguss\n|-supereffective|p1a: Amoonguss\n|-damage|p1a: Amoonguss|135/321\n|move|p1a: Amoonguss|Spore|p2a: Glalie\n|-status|p2a: Glalie|slp|[from] move: Spore\n|\n|upkeep\n|turn|12\n|inactive|Time left: 300 sec this turn | 300 sec total\n|\n|t:|1783572000\n|switch|p2a: Emboar|Emboar, L84, M|100/100\n|switch|p1a: Rillaboom|Rillaboom, L79, F, tera:Grass|186/288\n|-fieldstart|move: Grassy Terrain|[from] ability: Grassy Surge|[of] p1a: Rillaboom\n|\n|-heal|p1a: Rillaboom|204/288|[from] Grassy Terrain\n|upkeep\n|turn|13\n|inactive|Time left: 300 sec this turn | 300 sec total\n|\n|t:|1783572001\n|move|p1a: Rillaboom|High Horsepower|p2a: Emboar\n|-supereffective|p2a: Emboar\n|-crit|p2a: Emboar\n|-damage|p2a: Emboar|0 fnt\n|faint|p2a: Emboar\n|-damage|p1a: Rillaboom|176/288|[from] item: Life Orb\n|\n|-heal|p1a: Rillaboom|194/288|[from] Grassy Terrain\n|upkeep\n|\n|t:|1783572002\n|switch|p2a: Phione|Phione, L91|100/100\n|turn|14\n|inactive|Time left: 300 sec this turn | 300 sec total\n|\n|t:|1783572003\n|move|p2a: Phione|Scald|p1a: Rillaboom\n|-resisted|p1a: Rillaboom\n|-damage|p1a: Rillaboom|139/288\n|-status|p1a: Rillaboom|brn\n|move|p1a: Rillaboom|Wood Hammer|p2a: Phione\n|-supereffective|p2a: Phione\n|-damage|p2a: Phione|0 fnt\n|faint|p2a: Phione\n|-damage|p1a: Rillaboom|42/288 brn|[from] Recoil\n|-damage|p1a: Rillaboom|14/288 brn|[from] item: Life Orb\n|\n|-heal|p1a: Rillaboom|32/288 brn|[from] Grassy Terrain\n|-damage|p1a: Rillaboom|14/288 brn|[from] brn\n|upkeep\n|\n|t:|1783572003\n|switch|p2a: Glalie|Glalie, L96, F|54/100 slp\n|turn|15\n|inactive|Time left: 300 sec this turn | 300 sec total\n|\n|t:|1783572004\n|cant|p2a: Glalie|slp\n|move|p1a: Rillaboom|Wood Hammer|p2a: Glalie\n|-damage|p2a: Glalie|6/100 slp\n|-damage|p1a: Rillaboom|0 fnt|[from] Recoil\n|faint|p1a: Rillaboom\n|\n|-heal|p2a: Glalie|12/100 slp|[from] Grassy Terrain\n|upkeep\n|inactive|Time left: 300 sec this turn | 300 sec total | 5 sec grace\n|\n|t:|1783572005\n|switch|p1a: Amoonguss|Amoonguss, L82, M|242/321\n|turn|16\n|inactive|Time left: 300 sec this turn | 300 sec total\n|\n|t:|1783572006\n|cant|p2a: Glalie|slp\n|move|p1a: Amoonguss|Clear Smog|p2a: Glalie\n|-damage|p2a: Glalie|0 fnt\n|-clearboost|p2a: Glalie\n|faint|p2a: Glalie\n|\n|win|p0x28589827", "uploadtime": 1783572006, "views": 0, "rating": 0, "private": 0, "password": null, "_winner": "p0x28589827", "_our_name": "p0x28589827"}