{"id": "battle-gen9randombattle-767", "formatid": "gen9randombattle", "format": "[Gen 9] Random Battle", "players": ["p0x7671371", "p0y7678e0b"], "log": "|init|battle\n|title|p0x7671371 vs. p0y7678e0b\n|j|\u2606p0x7671371\n|j|\u2606p0y7678e0b\n|t:|1783548779\n|gametype|singles\n|player|p1|p0x7671371|265|\n|player|p2|p0y7678e0b|1|\n|gen|9\n|tier|[Gen 9] Random Battle\n|rule|Species Clause: Limit one of each Pok\u00e9mon\n|rule|HP Percentage Mod: HP is shown in percentages\n|rule|Sleep Clause Mod: Limit one foe put to sleep\n|rule|Illusion Level Mod: Illusion disguises the Pok\u00e9mon's true level\n|\n|t:|1783548779\n|teamsize|p1|6\n|teamsize|p2|6\n|start\n|switch|p1a: Gholdengo|Gholdengo, L77|100/100\n|switch|p2a: Terapagos|Terapagos, L77, M|265/265\n|-activate|p2a: Terapagos|ability: Tera Shift\n|detailschange|p2a: Terapagos|Terapagos-Terastal, L77, M\n|-heal|p2a: Terapagos|273/273|[silent]\n|turn|1\n|inactive|Battle timer is ON: inactive players will automatically lose when time's up. (requested by p0y7678e0b)\n|inactive|p0x7671371 also wants the timer to be on.\n|\n|t:|1783548781\n|move|p2a: Terapagos|Calm Mind|p2a: Terapagos\n|-boost|p2a: Terapagos|spa|1\n|-boost|p2a: Terapagos|spd|1\n|move|p1a: Gholdengo|Nasty Plot|p1a: Gholdengo\n|-boost|p1a: Gholdengo|spa|2\n|\n|upkeep\n|turn|2\n|inactive|Time left: 300 sec this turn | 300 sec total\n|\n|t:|1783548782\n|move|p2a: Terapagos|Dark Pulse|p1a: Gholdengo\n|-supereffective|p1a: Gholdengo\n|-crit|p1a: Gholdengo\n|-damage|p1a: Gholdengo|12/100\n|move|p1a: Gholdengo|Make It Rain|p2a: Terapagos\n|-activate|p2a: Terapagos|ability: Tera Shell\n|-resisted|p2a: Terapagos\n|-damage|p2a: Terapagos|184/273\n|-unboost|p1a: Gholdengo|spa|1\n|\n|-heal|p1a: Gholdengo|19/100|[from] item: Leftovers\n|upkeep\n|turn|3\n|inactive|Time left: 300 sec this turn | 300 sec total\n|\n|t:|1783548782\n|move|p2a: Terapagos|Dark Pulse|p1a: Gholdengo\n|-supereffective|p1a: Gholdengo\n|-damage|p1a: Gholdengo|0 fnt\n|faint|p1a: Gholdengo\n|\n|upkeep\n|\n|t:|1783548783\n|switch|p1a: Orthworm|Orthworm, L88, M|100/100\n|turn|4\n|inactive|Time left: 300 sec this turn | 300 sec total\n|\n|t:|1783548784\n|move|p2a: Terapagos|Tera Starstorm|p1a: Orthworm\n|-resisted|p1a: Orthworm\n|-damage|p1a: Orthworm|61/100\n|move|p1a: Orthworm|Body Press|p2a: Terapagos\n|-supereffective|p2a: Terapagos\n|-damage|p2a: Terapagos|16/273\n|\n|upkeep\n|turn|5\n|inactive|Time left: 300 sec this turn | 300 sec total\n|\n|t:|1783548785\n|move|p2a: Terapagos|Rest|p2a: Terapagos\n|-status|p2a: Terapagos|slp|[from] move: Rest\n|-heal|p2a: Terapagos|273/273 slp|[silent]\n|-enditem|p2a: Terapagos|Chesto Berry|[eat]\n|-curestatus|p2a: Terapagos|slp|[msg]\n|move|p1a: Orthworm|Body Press|p2a: Terapagos\n|-activate|p2a: Terapagos|ability: Tera Shell\n|-resisted|p2a: Terapagos\n|-damage|p2a: Terapagos|234/273\n|\n|upkeep\n|turn|6\n|inactive|Time left: 300 sec this turn | 300 sec total\n|\n|t:|1783548786\n|move|p2a: Terapagos|Tera Starstorm|p1a: Orthworm\n|-resisted|p1a: Orthworm\n|-crit|p1a: Orthworm\n|-damage|p1a: Orthworm|0 fnt\n|faint|p1a: Orthworm\n|\n|upkeep\n|\n|t:|1783548787\n|switch|p1a: Milotic|Milotic, L83, M|100/100\n|turn|7\n|inactive|Time left: 300 sec this turn | 300 sec total\n|\n|t:|1783548788\n|move|p1a: Milotic|Scald|p2a: Terapagos\n|-damage|p2a: Terapagos|182/273\n|move|p2a: Terapagos|Calm Mind|p2a: Terapagos\n|-boost|p2a: Terapagos|spa|1\n|-boost|p2a: Terapagos|spd|1\n|\n|upkeep\n|turn|8\n|inactive|Time left: 300 sec this turn | 300 sec total\n|\n|t:|1783548789\n|move|p1a: Milotic|Haze|p1a: Milotic\n|-clearallboost\n|move|p2a: Terapagos|Tera Starstorm|p1a: Milotic\n|-damage|p1a: Milotic|70/100\n|\n|-heal|p1a: Milotic|76/100|[from] item: Leftovers\n|upkeep\n|turn|9\n|inactive|Time left: 300 sec this turn | 300 sec total\n|\n|t:|1783548790\n|move|p1a: Milotic|Scald|p2a: Terapagos\n|-crit|p2a: Terapagos\n|-damage|p2a: Terapagos|59/273\n|-status|p2a: Terapagos|brn\n|move|p2a: Terapagos|Calm Mind|p2a: Terapagos\n|-boost|p2a: Terapagos|spa|1\n|-boost|p2a: Terapagos|spd|1\n|\n|-heal|p1a: Milotic|82/100|[from] item: Leftovers\n|-damage|p2a: Terapagos|42/273 brn|[from] brn\n|upkeep\n|turn|10\n|inactive|Time left: 300 sec this turn | 300 sec total\n|\n|t:|1783548790\n|move|p1a: Milotic|Scald|p2a: Terapagos\n|-damage|p2a: Terapagos|0 fnt\n|faint|p2a: Terapagos\n|\n|-heal|p1a: Milotic|88/100|[from] item: Leftovers\n|upkeep\n|inactive|Time left: 300 sec this turn | 300 sec total | 5 sec grace\n|\n|t:|1783548791\n|switch|p2a: Victreebel|Victreebel, L90, M|290/290\n|turn|11\n|inactive|Time left: 300 sec this turn | 300 sec total\n|\n|t:|1783548792\n|move|p1a: Milotic|Ice Beam|p2a: Victreebel\n|-supereffective|p2a: Victreebel\n|-damage|p2a: Victreebel|138/290\n|move|p2a: Victreebel|Power Whip|p1a: Milotic\n|-supereffective|p1a: Milotic\n|-damage|p1a: Milotic|0 fnt\n|faint|p1a: Milotic\n|-damage|p2a: Victreebel|109/290|[from] item: Life Orb\n|\n|upkeep\n|\n|t:|1783548793\n|switch|p1a: Phione|Phione, L91|100/100\n|turn|12\n|inactive|Time left: 300 sec this turn | 300 sec total\n|\n|t:|1783548794\n|move|p1a: Phione|Ice Beam|p2a: Victreebel\n|-supereffective|p2a: Victreebel\n|-damage|p2a: Victreebel|0 fnt\n|faint|p2a: Victreebel\n|\n|upkeep\n|inactive|Time left: 300 sec this turn | 300 sec total | 5 sec grace\n|\n|t:|1783548795\n|switch|p2a: Hitmontop|Hitmontop, L88, M|231/231\n|turn|13\n|inactive|Time left: 300 sec this turn | 300 sec total\n|\n|t:|1783548797\n|move|p1a: Phione|Scald|p2a: Hitmontop\n|-damage|p2a: Hitmontop|158/231\n|move|p2a: Hitmontop|Bulk Up|p2a: Hitmontop\n|-boost|p2a: Hitmontop|atk|1\n|-boost|p2a: Hitmontop|def|1\n|\n|-heal|p2a: Hitmontop|172/231|[from] item: Leftovers\n|upkeep\n|turn|14\n|inactive|Time left: 300 sec this turn | 300 sec total\n|\n|t:|1783548798\n|move|p1a: Phione|Scald|p2a: Hitmontop\n|-damage|p2a: Hitmontop|108/231\n|-status|p2a: Hitmontop|brn\n|move|p2a: Hitmontop|Rapid Spin|p1a: Phione\n|-damage|p1a: Phione|86/100\n|-boost|p2a: Hitmontop|spe|1\n|\n|-heal|p2a: Hitmontop|122/231 brn|[from] item: Leftovers\n|-heal|p1a: Phione|92/100|[from] item: Leftovers\n|-damage|p2a: Hitmontop|108/231 brn|[from] brn\n|upkeep\n|turn|15\n|inactive|Time left: 300 sec this turn | 300 sec total\n|\n|t:|1783548799\n|move|p2a: Hitmontop|Triple Axel|p1a: Phione|[miss]\n|-miss|p2a: Hitmontop|p1a: Phione\n|move|p1a: Phione|Scald|p2a: Hitmontop\n|-damage|p2a: Hitmontop|42/231 brn\n|\n|-heal|p2a: Hitmontop|56/231 brn|[from] item: Leftovers\n|-heal|p1a: Phione|98/100|[from] item: Leftovers\n|-damage|p2a: Hitmontop|42/231 brn|[from] brn\n|upkeep\n|turn|16\n|inactive|Time left: 300 sec this turn | 300 sec total\n|\n|t:|1783548800\n|move|p2a: Hitmontop|Close Combat|p1a: Phione\n|-damage|p1a: Phione|65/100\n|-unboost|p2a: Hitmontop|def|1\n|-unboost|p2a: Hitmontop|spd|1\n|move|p1a: Phione|Scald|p2a: Hitmontop\n|-damage|p2a: Hitmontop|0 fnt\n|faint|p2a: Hitmontop\n|\n|-heal|p1a: Phione|71/100|[from] item: Leftovers\n|upkeep\n|inactive|Time left: 300 sec this turn | 300 sec total | 5 sec grace\n|\n|t:|1783548801\n|switch|p2a: Chi-Yu|Chi-Yu, L77|211/211\n|-ability|p2a: Chi-Yu|Beads of Ruin\n|turn|17\n|inactive|Time left: 300 sec this turn | 300 sec total\n|\n|t:|1783548802\n|move|p2a: Chi-Yu|Nasty Plot|p2a: Chi-Yu\n|-boost|p2a: Chi-Yu|spa|2\n|move|p1a: Phione|Scald|p2a: Chi-Yu\n|-supereffective|p2a: Chi-Yu\n|-damage|p2a: Chi-Yu|61/211\n|\n|-heal|p1a: Phione|77/100|[from] item: Leftovers\n|upkeep\n|turn|18\n|inactive|Time left: 300 sec this turn | 300 sec total\n|\n|t:|1783548804\n|move|p2a: Chi-Yu|Dark Pulse|p1a: Phione\n|-damage|p1a: Phione|0 fnt\n|faint|p1a: Phione\n|\n|upkeep\n|\n|t:|1783548805\n|switch|p1a: Honchkrow|Honchkrow, L86, F|100/100\n|turn|19\n|inactive|Time left: 300 sec this turn | 300 sec total\n|\n|t:|1783548806\n|move|p2a: Chi-Yu|Fire Blast|p1a: Honchkrow\n|-damage|p1a: Honchkrow|0 fnt\n|faint|p1a: Honchkrow\n|\n|upkeep\n|\n|t:|1783548807\n|switch|p1a: Garganacl|Garganacl, L80, M|100/100\n|turn|20\n|inactive|Time left: 300 sec this turn | 300 sec total\n|\n|t:|1783548808\n|-terastallize|p2a: Chi-Yu|Dark\n|move|p2a: Chi-Yu|Dark Pulse|p1a: Garganacl\n|-damage|p1a: Garganacl|0 fnt\n|faint|p1a: Garganacl\n|\n|win|p0y7678e0b", "uploadtime": 1783548808, "views": 0, "rating": 0, "private": 0, "password": null, "_winner": "p0y7678e0b", "_our_name": "p0y7678e0b"}