{"id": "battle-gen9randombattle-815", "formatid": "gen9randombattle", "format": "[Gen 9] Random Battle", "players": ["p0x815859c", "p0y815b10e"], "log": "|init|battle\n|title|p0x815859c vs. p0y815b10e\n|j|\u2606p0x815859c\n|j|\u2606p0y815b10e\n|t:|1783549365\n|gametype|singles\n|player|p1|p0x815859c|2|\n|player|p2|p0y815b10e|2|\n|gen|9\n|tier|[Gen 9] Random Battle\n|rule|Species Clause: Limit one of each Pok\u00e9mon\n|rule|HP Percentage Mod: HP is shown in percentages\n|rule|Sleep Clause Mod: Limit one foe put to sleep\n|rule|Illusion Level Mod: Illusion disguises the Pok\u00e9mon's true level\n|\n|t:|1783549365\n|teamsize|p1|6\n|teamsize|p2|6\n|start\n|switch|p1a: Dewgong|Dewgong, L94, M|100/100\n|switch|p2a: Ursaring|Ursaring, L84, F|288/288\n|turn|1\n|inactive|Battle timer is ON: inactive players will automatically lose when time's up. (requested by p0y815b10e)\n|inactive|p0x815859c also wants the timer to be on.\n|\n|t:|1783549366\n|move|p1a: Dewgong|Ice Beam|p2a: Ursaring\n|-damage|p2a: Ursaring|212/288\n|move|p2a: Ursaring|Body Slam|p1a: Dewgong\n|-damage|p1a: Dewgong|69/100\n|-status|p1a: Dewgong|par\n|\n|upkeep\n|turn|2\n|inactive|Time left: 300 sec this turn | 300 sec total\n|\n|t:|1783549367\n|move|p2a: Ursaring|Body Slam|p1a: Dewgong\n|-damage|p1a: Dewgong|38/100 par\n|move|p1a: Dewgong|Ice Beam|p2a: Ursaring\n|-damage|p2a: Ursaring|146/288\n|\n|upkeep\n|turn|3\n|inactive|Time left: 300 sec this turn | 300 sec total\n|\n|t:|1783549368\n|switch|p1a: Chesnaught|Chesnaught, L84, F|100/100\n|move|p2a: Ursaring|Body Slam|p1a: Chesnaught\n|-damage|p1a: Chesnaught|67/100\n|\n|-heal|p1a: Chesnaught|73/100|[from] item: Leftovers\n|upkeep\n|turn|4\n|inactive|Time left: 300 sec this turn | 300 sec total\n|\n|t:|1783549369\n|switch|p2a: Flutter Mane|Flutter Mane, L74, shiny|203/203\n|move|p1a: Chesnaught|Body Press|p2a: Flutter Mane\n|-immune|p2a: Flutter Mane\n|\n|-heal|p1a: Chesnaught|79/100|[from] item: Leftovers\n|upkeep\n|turn|5\n|inactive|Time left: 300 sec this turn | 300 sec total\n|\n|t:|1783549370\n|-terastallize|p1a: Chesnaught|Steel\n|move|p2a: Flutter Mane|Moonblast|p1a: Chesnaught\n|-resisted|p1a: Chesnaught\n|-damage|p1a: Chesnaught|50/100\n|move|p1a: Chesnaught|Trailblaze|p2a: Flutter Mane\n|-damage|p2a: Flutter Mane|112/203\n|-boost|p1a: Chesnaught|spe|1\n|\n|-heal|p1a: Chesnaught|56/100|[from] item: Leftovers\n|upkeep\n|turn|6\n|inactive|Time left: 300 sec this turn | 300 sec total\n|\n|t:|1783549371\n|-end|p2a: Flutter Mane|Protosynthesis|[silent]\n|switch|p2a: Typhlosion|Typhlosion, L84, M|267/267\n|move|p1a: Chesnaught|Trailblaze|p2a: Typhlosion\n|-resisted|p2a: Typhlosion\n|-damage|p2a: Typhlosion|236/267\n|-boost|p1a: Chesnaught|spe|1\n|\n|-heal|p1a: Chesnaught|62/100|[from] item: Leftovers\n|upkeep\n|turn|7\n|inactive|Time left: 300 sec this turn | 300 sec total\n|\n|t:|1783549372\n|switch|p1a: Dewgong|Dewgong, L94, M|38/100 par\n|move|p2a: Typhlosion|Eruption|p1a: Dewgong\n|-damage|p1a: Dewgong|19/100 par\n|\n|upkeep\n|turn|8\n|inactive|Time left: 300 sec this turn | 300 sec total\n|\n|t:|1783549373\n|move|p2a: Typhlosion|Eruption|p1a: Dewgong\n|-damage|p1a: Dewgong|0 fnt\n|faint|p1a: Dewgong\n|\n|upkeep\n|\n|t:|1783549373\n|switch|p1a: Empoleon|Empoleon, L84, F|100/100\n|turn|9\n|inactive|Time left: 300 sec this turn | 300 sec total\n|\n|t:|1783549374\n|move|p2a: Typhlosion|Eruption|p1a: Empoleon\n|-damage|p1a: Empoleon|47/100\n|move|p1a: Empoleon|Surf|p2a: Typhlosion\n|-supereffective|p2a: Typhlosion\n|-damage|p2a: Typhlosion|6/267\n|\n|-heal|p1a: Empoleon|53/100|[from] item: Leftovers\n|upkeep\n|turn|10\n|inactive|Time left: 300 sec this turn | 300 sec total\n|\n|t:|1783549375\n|switch|p2a: Galvantula|Galvantula, L82, F|249/249\n|move|p1a: Empoleon|Roost|p1a: Empoleon\n|-heal|p1a: Empoleon|100/100\n|-singleturn|p1a: Empoleon|move: Roost\n|\n|upkeep\n|turn|11\n|inactive|Time left: 300 sec this turn | 300 sec total\n|\n|t:|1783549376\n|move|p2a: Galvantula|Sticky Web|p1a: Empoleon\n|-sidestart|p1: p0x815859c|move: Sticky Web\n|move|p1a: Empoleon|Surf|p2a: Galvantula\n|-damage|p2a: Galvantula|108/249\n|\n|upkeep\n|turn|12\n|inactive|Time left: 300 sec this turn | 300 sec total\n|\n|t:|1783549377\n|move|p2a: Galvantula|Thunder|p1a: Empoleon\n|-supereffective|p1a: Empoleon\n|-damage|p1a: Empoleon|23/100\n|-status|p1a: Empoleon|par\n|move|p1a: Empoleon|Surf|p2a: Galvantula\n|-damage|p2a: Galvantula|0 fnt\n|faint|p2a: Galvantula\n|\n|-heal|p1a: Empoleon|29/100 par|[from] item: Leftovers\n|upkeep\n|inactive|Time left: 300 sec this turn | 300 sec total | 5 sec grace\n|\n|t:|1783549378\n|switch|p2a: Typhlosion|Typhlosion, L84, M|6/267\n|turn|13\n|inactive|Time left: 300 sec this turn | 300 sec total\n|\n|t:|1783549379\n|move|p2a: Typhlosion|Scorching Sands|p1a: Empoleon\n|-supereffective|p1a: Empoleon\n|-damage|p1a: Empoleon|0 fnt\n|faint|p1a: Empoleon\n|\n|upkeep\n|\n|t:|1783549380\n|switch|p1a: Vivillon|Vivillon-River, L83, M|100/100\n|turn|14\n|inactive|Time left: 300 sec this turn | 300 sec total\n|\n|t:|1783549382\n|move|p2a: Typhlosion|Scorching Sands|p1a: Vivillon\n|-immune|p1a: Vivillon\n|move|p1a: Vivillon|Quiver Dance|p1a: Vivillon\n|-boost|p1a: Vivillon|spa|1\n|-boost|p1a: Vivillon|spd|1\n|-boost|p1a: Vivillon|spe|1\n|\n|upkeep\n|turn|15\n|inactive|Time left: 300 sec this turn | 300 sec total\n|\n|t:|1783549383\n|move|p2a: Typhlosion|Scorching Sands|p1a: Vivillon\n|-immune|p1a: Vivillon\n|move|p1a: Vivillon|Quiver Dance|p1a: Vivillon\n|-boost|p1a: Vivillon|spa|1\n|-boost|p1a: Vivillon|spd|1\n|-boost|p1a: Vivillon|spe|1\n|\n|upkeep\n|turn|16\n|inactive|Time left: 300 sec this turn | 300 sec total\n|\n|t:|1783549384\n|move|p1a: Vivillon|Hurricane|p2a: Typhlosion\n|-damage|p2a: Typhlosion|0 fnt\n|faint|p2a: Typhlosion\n|\n|upkeep\n|inactive|Time left: 300 sec this turn | 300 sec total | 5 sec grace\n|\n|t:|1783549384\n|switch|p2a: Persian|Persian, L92, M|269/269\n|turn|17\n|inactive|Time left: 300 sec this turn | 300 sec total\n|\n|t:|1783549385\n|-terastallize|p2a: Persian|Normal\n|move|p1a: Vivillon|Sleep Powder|p2a: Persian\n|-status|p2a: Persian|slp|[from] move: Sleep Powder\n|cant|p2a: Persian|slp\n|\n|upkeep\n|turn|18\n|inactive|Time left: 300 sec this turn | 300 sec total\n|\n|t:|1783549386\n|move|p1a: Vivillon|Hurricane|p2a: Persian\n|-damage|p2a: Persian|19/269 slp\n|-start|p2a: Persian|confusion\n|-curestatus|p2a: Persian|slp|[msg]\n|-activate|p2a: Persian|confusion\n|move|p2a: Persian|Double-Edge|p1a: Vivillon\n|-damage|p1a: Vivillon|0 fnt\n|faint|p1a: Vivillon\n|-damage|p2a: Persian|0 fnt|[from] Recoil\n|faint|p2a: Persian\n|\n|upkeep\n|inactive|Time left: 300 sec this turn | 300 sec total | 5 sec grace\n|\n|t:|1783549388\n|switch|p2a: Flutter Mane|Flutter Mane, L74, shiny|112/203\n|switch|p1a: Iron Treads|Iron Treads, L77|100/100\n|-activate|p1a: Iron Treads|move: Sticky Web\n|-unboost|p1a: Iron Treads|spe|1\n|turn|19\n|inactive|Time left: 300 sec this turn | 300 sec total\n|\n|t:|1783549389\n|move|p2a: Flutter Mane|Mystical Fire|p1a: Iron Treads\n|-supereffective|p1a: Iron Treads\n|-damage|p1a: Iron Treads|46/100\n|-unboost|p1a: Iron Treads|spa|1\n|move|p1a: Iron Treads|Earthquake|p2a: Flutter Mane\n|-damage|p2a: Flutter Mane|0 fnt\n|faint|p2a: Flutter Mane\n|-end|p2a: Flutter Mane|Protosynthesis|[silent]\n|\n|upkeep\n|inactive|Time left: 300 sec this turn | 300 sec total | 5 sec grace\n|\n|t:|1783549390\n|switch|p2a: Ursaring|Ursaring, L84, F|146/288\n|turn|20\n|inactive|Time left: 300 sec this turn | 300 sec total\n|\n|t:|1783549391\n|move|p2a: Ursaring|Earthquake|p1a: Iron Treads\n|-supereffective|p1a: Iron Treads\n|-damage|p1a: Iron Treads|0 fnt\n|faint|p1a: Iron Treads\n|-end|p1a: Iron Treads|Quark Drive|[silent]\n|\n|upkeep\n|\n|t:|1783549392\n|switch|p1a: Chesnaught|Chesnaught, L84, F, tera:Steel|62/100\n|-activate|p1a: Chesnaught|move: Sticky Web\n|-unboost|p1a: Chesnaught|spe|1\n|turn|21\n|inactive|Time left: 300 sec this turn | 300 sec total\n|\n|t:|1783549393\n|move|p2a: Ursaring|Earthquake|p1a: Chesnaught\n|-supereffective|p1a: Chesnaught\n|-damage|p1a: Chesnaught|17/100\n|move|p1a: Chesnaught|Trailblaze|p2a: Ursaring\n|-damage|p2a: Ursaring|103/288\n|-boost|p1a: Chesnaught|spe|1\n|\n|-heal|p1a: Chesnaught|23/100|[from] item: Leftovers\n|upkeep\n|turn|22\n|inactive|Time left: 300 sec this turn | 300 sec total\n|\n|t:|1783549394\n|move|p1a: Chesnaught|Synthesis|p1a: Chesnaught\n|-heal|p1a: Chesnaught|72/100\n|move|p2a: Ursaring|Earthquake|p1a: Chesnaught\n|-supereffective|p1a: Chesnaught\n|-damage|p1a: Chesnaught|22/100\n|\n|-heal|p1a: Chesnaught|28/100|[from] item: Leftovers\n|upkeep\n|turn|23\n|inactive|Time left: 300 sec this turn | 300 sec total\n|\n|t:|1783549395\n|move|p1a: Chesnaught|Synthesis|p1a: Chesnaught\n|-heal|p1a: Chesnaught|78/100\n|move|p2a: Ursaring|Rest|p2a: Ursaring\n|-status|p2a: Ursaring|slp|[from] move: Rest\n|-heal|p2a: Ursaring|288/288 slp|[silent]\n|\n|-heal|p1a: Chesnaught|84/100|[from] item: Leftovers\n|upkeep\n|turn|24\n|inactive|Time left: 300 sec this turn | 300 sec total\n|\n|t:|1783549396\n|move|p1a: Chesnaught|Iron Defense|p1a: Chesnaught\n|-boost|p1a: Chesnaught|def|2\n|cant|p2a: Ursaring|slp\n|move|p2a: Ursaring|Sleep Talk|p2a: Ursaring\n|move|p2a: Ursaring|Earthquake|p1a: Chesnaught|[from] move: Sleep Talk\n|-supereffective|p1a: Chesnaught\n|-damage|p1a: Chesnaught|46/100\n|\n|-heal|p1a: Chesnaught|52/100|[from] item: Leftovers\n|upkeep\n|turn|25\n|inactive|Time left: 300 sec this turn | 300 sec total\n|\n|t:|1783549398\n|switch|p2a: Quagsire|Quagsire, L84, M|297/297\n|move|p1a: Chesnaught|Body Press|p2a: Quagsire\n|-damage|p2a: Quagsire|198/297\n|\n|-heal|p1a: Chesnaught|58/100|[from] item: Leftovers\n|-heal|p2a: Quagsire|216/297|[from] item: Leftovers\n|upkeep\n|turn|26\n|inactive|Time left: 300 sec this turn | 300 sec total\n|\n|t:|1783549399\n|switch|p2a: Ursaring|Ursaring, L84, F|288/288 slp\n|move|p1a: Chesnaught|Trailblaze|p2a: Ursaring\n|-damage|p2a: Ursaring|242/288 slp\n|-boost|p1a: Chesnaught|spe|1\n|\n|-heal|p1a: Chesnaught|64/100|[from] item: Leftovers\n|upkeep\n|turn|27\n|inactive|Time left: 300 sec this turn | 300 sec total\n|\n|t:|1783549400\n|switch|p2a: Quagsire|Quagsire, L84, M|216/297\n|move|p1a: Chesnaught|Body Press|p2a: Quagsire\n|-damage|p2a: Quagsire|108/297\n|\n|-heal|p1a: Chesnaught|70/100|[from] item: Leftovers\n|-heal|p2a: Quagsire|126/297|[from] item: Leftovers\n|upkeep\n|turn|28\n|inactive|Time left: 300 sec this turn | 300 sec total\n|\n|t:|1783549401\n|switch|p2a: Ursaring|Ursaring, L84, F|242/288 slp\n|move|p1a: Chesnaught|Trailblaze|p2a: Ursaring\n|-damage|p2a: Ursaring|202/288 slp\n|-boost|p1a: Chesnaught|spe|1\n|\n|-heal|p1a: Chesnaught|76/100|[from] item: Leftovers\n|upkeep\n|turn|29\n|inactive|Time left: 300 sec this turn | 300 sec total\n|\n|t:|1783549402\n|switch|p2a: Quagsire|Quagsire, L84, M|126/297\n|move|p1a: Chesnaught|Body Press|p2a: Quagsire\n|-damage|p2a: Quagsire|18/297\n|\n|-heal|p1a: Chesnaught|82/100|[from] item: Leftovers\n|-heal|p2a: Quagsire|36/297|[from] item: Leftovers\n|upkeep\n|turn|30\n|inactive|Time left: 300 sec this turn | 300 sec total\n|\n|t:|1783549403\n|move|p1a: Chesnaught|Body Press|p2a: Quagsire\n|-damage|p2a: Quagsire|0 fnt\n|faint|p2a: Quagsire\n|\n|-heal|p1a: Chesnaught|88/100|[from] item: Leftovers\n|upkeep\n|inactive|Time left: 300 sec this turn | 300 sec total | 5 sec grace\n|\n|t:|1783549403\n|switch|p2a: Ursaring|Ursaring, L84, F|202/288 slp\n|turn|31\n|inactive|Time left: 300 sec this turn | 300 sec total\n|\n|t:|1783549404\n|move|p1a: Chesnaught|Body Press|p2a: Ursaring\n|-supereffective|p2a: Ursaring\n|-damage|p2a: Ursaring|0 fnt\n|faint|p2a: Ursaring\n|\n|win|p0x815859c", "uploadtime": 1783549404, "views": 0, "rating": 0, "private": 0, "password": null, "_winner": "p0x815859c", "_our_name": "p0y815b10e"}