{"id": "battle-gen9randombattle-1171", "formatid": "gen9randombattle", "format": "[Gen 9] Random Battle", "players": ["p0x117123f4", "p0y11712210"], "log": "|init|battle\n|title|p0x117123f4 vs. p0y11712210\n|j|\u2606p0x117123f4\n|j|\u2606p0y11712210\n|t:|1783552676\n|gametype|singles\n|player|p1|p0x117123f4|1|\n|player|p2|p0y11712210|266|\n|gen|9\n|tier|[Gen 9] Random Battle\n|rule|Species Clause: Limit one of each Pok\u00e9mon\n|rule|HP Percentage Mod: HP is shown in percentages\n|rule|Sleep Clause Mod: Limit one foe put to sleep\n|rule|Illusion Level Mod: Illusion disguises the Pok\u00e9mon's true level\n|\n|t:|1783552676\n|teamsize|p1|6\n|teamsize|p2|6\n|start\n|switch|p1a: Venusaur|Venusaur, L84, F|272/272\n|switch|p2a: Porygon-Z|Porygon-Z, L83|100/100\n|-ability|p2a: Porygon-Z|Download|boost\n|-boost|p2a: Porygon-Z|atk|1\n|turn|1\n|inactive|Battle timer is ON: inactive players will automatically lose when time's up. (requested by p0x117123f4)\n|inactive|p0y11712210 also wants the timer to be on.\n|\n|t:|1783552678\n|move|p2a: Porygon-Z|Ice Beam|p1a: Venusaur\n|-supereffective|p1a: Venusaur\n|-damage|p1a: Venusaur|118/272\n|move|p1a: Venusaur|Sludge Bomb|p2a: Porygon-Z\n|-damage|p2a: Porygon-Z|59/100\n|\n|-heal|p1a: Venusaur|135/272|[from] item: Leftovers\n|upkeep\n|turn|2\n|inactive|Time left: 300 sec this turn | 300 sec total\n|\n|t:|1783552680\n|switch|p1a: Rotom|Rotom-Frost, L87|229/229\n|move|p2a: Porygon-Z|Ice Beam|p1a: Rotom\n|-resisted|p1a: Rotom\n|-damage|p1a: Rotom|198/229\n|\n|upkeep\n|turn|3\n|inactive|Time left: 300 sec this turn | 300 sec total\n|\n|t:|1783552681\n|move|p2a: Porygon-Z|Ice Beam|p1a: Rotom\n|-resisted|p1a: Rotom\n|-damage|p1a: Rotom|164/229\n|move|p1a: Rotom|Thunderbolt|p2a: Porygon-Z\n|-damage|p2a: Porygon-Z|12/100\n|\n|upkeep\n|turn|4\n|inactive|Time left: 300 sec this turn | 300 sec total\n|\n|t:|1783552682\n|move|p2a: Porygon-Z|Ice Beam|p1a: Rotom\n|-resisted|p1a: Rotom\n|-damage|p1a: Rotom|133/229\n|move|p1a: Rotom|Thunderbolt|p2a: Porygon-Z\n|-damage|p2a: Porygon-Z|0 fnt\n|faint|p2a: Porygon-Z\n|\n|upkeep\n|\n|t:|1783552683\n|switch|p2a: Volcarona|Volcarona, L77, F|100/100\n|turn|5\n|inactive|Time left: 300 sec this turn | 300 sec total\n|\n|t:|1783552685\n|move|p2a: Volcarona|Fiery Dance|p1a: Rotom\n|-supereffective|p1a: Rotom\n|-damage|p1a: Rotom|0 fnt\n|-boost|p2a: Volcarona|spa|1\n|faint|p1a: Rotom\n|\n|upkeep\n|inactive|Time left: 300 sec this turn | 300 sec total | 5 sec grace\n|\n|t:|1783552686\n|switch|p1a: Flygon|Flygon, L82, M|265/265\n|turn|6\n|inactive|Time left: 300 sec this turn | 300 sec total\n|\n|t:|1783552687\n|switch|p2a: Enamorus|Enamorus-Therian, L83, F|100/100\n|move|p1a: Flygon|Outrage|p2a: Enamorus\n|-immune|p2a: Enamorus\n|\n|upkeep\n|turn|7\n|inactive|Time left: 300 sec this turn | 300 sec total\n|\n|t:|1783552688\n|-terastallize|p1a: Flygon|Steel\n|move|p1a: Flygon|Outrage|p2a: Enamorus\n|-immune|p2a: Enamorus\n|move|p2a: Enamorus|Moonblast|p1a: Flygon\n|-resisted|p1a: Flygon\n|-damage|p1a: Flygon|164/265\n|\n|upkeep\n|turn|8\n|inactive|Time left: 300 sec this turn | 300 sec total\n|\n|t:|1783552689\n|move|p1a: Flygon|Outrage|p2a: Enamorus\n|-immune|p2a: Enamorus\n|move|p2a: Enamorus|Moonblast|p1a: Flygon\n|-resisted|p1a: Flygon\n|-damage|p1a: Flygon|63/265\n|\n|upkeep\n|turn|9\n|inactive|Time left: 300 sec this turn | 300 sec total\n|\n|t:|1783552690\n|move|p1a: Flygon|Outrage|p2a: Enamorus\n|-immune|p2a: Enamorus\n|move|p2a: Enamorus|Moonblast|p1a: Flygon\n|-resisted|p1a: Flygon\n|-crit|p1a: Flygon\n|-damage|p1a: Flygon|0 fnt\n|faint|p1a: Flygon\n|\n|upkeep\n|inactive|Time left: 300 sec this turn | 300 sec total | 5 sec grace\n|\n|t:|1783552691\n|switch|p1a: Mesprit|Mesprit, L85|275/275\n|turn|10\n|inactive|Time left: 300 sec this turn | 300 sec total\n|\n|t:|1783552692\n|move|p1a: Mesprit|Thunder Wave|p2a: Enamorus|[miss]\n|-miss|p1a: Mesprit|p2a: Enamorus\n|move|p2a: Enamorus|Moonblast|p1a: Mesprit\n|-crit|p1a: Mesprit\n|-damage|p1a: Mesprit|7/275\n|\n|-heal|p1a: Mesprit|24/275|[from] item: Leftovers\n|upkeep\n|turn|11\n|inactive|Time left: 300 sec this turn | 300 sec total\n|\n|t:|1783552693\n|move|p1a: Mesprit|Knock Off|p2a: Enamorus\n|-resisted|p2a: Enamorus\n|-damage|p2a: Enamorus|88/100\n|-enditem|p2a: Enamorus|Choice Specs|[from] move: Knock Off|[of] p1a: Mesprit\n|move|p2a: Enamorus|Moonblast|p1a: Mesprit\n|-damage|p1a: Mesprit|0 fnt\n|faint|p1a: Mesprit\n|\n|upkeep\n|inactive|Time left: 300 sec this turn | 300 sec total | 5 sec grace\n|\n|t:|1783552694\n|switch|p1a: Comfey|Comfey, L85, M|225/225\n|turn|12\n|inactive|Time left: 300 sec this turn | 300 sec total\n|\n|t:|1783552695\n|move|p1a: Comfey|Calm Mind|p1a: Comfey\n|-boost|p1a: Comfey|spa|1\n|-boost|p1a: Comfey|spd|1\n|move|p2a: Enamorus|Mystical Fire|p1a: Comfey\n|-damage|p1a: Comfey|183/225\n|-unboost|p1a: Comfey|spa|1\n|\n|-heal|p1a: Comfey|197/225|[from] item: Leftovers\n|upkeep\n|turn|13\n|inactive|Time left: 300 sec this turn | 300 sec total\n|\n|t:|1783552696\n|move|p1a: Comfey|Calm Mind|p1a: Comfey\n|-boost|p1a: Comfey|spa|1\n|-boost|p1a: Comfey|spd|1\n|move|p2a: Enamorus|Mystical Fire|p1a: Comfey\n|-damage|p1a: Comfey|165/225\n|-unboost|p1a: Comfey|spa|1\n|\n|-heal|p1a: Comfey|179/225|[from] item: Leftovers\n|upkeep\n|turn|14\n|inactive|Time left: 300 sec this turn | 300 sec total\n|\n|t:|1783552697\n|move|p1a: Comfey|Calm Mind|p1a: Comfey\n|-boost|p1a: Comfey|spa|1\n|-boost|p1a: Comfey|spd|1\n|move|p2a: Enamorus|Mystical Fire|p1a: Comfey\n|-damage|p1a: Comfey|156/225\n|-unboost|p1a: Comfey|spa|1\n|\n|-heal|p1a: Comfey|170/225|[from] item: Leftovers\n|upkeep\n|turn|15\n|inactive|Time left: 300 sec this turn | 300 sec total\n|\n|t:|1783552698\n|move|p1a: Comfey|Calm Mind|p1a: Comfey\n|-boost|p1a: Comfey|spa|1\n|-boost|p1a: Comfey|spd|1\n|move|p2a: Enamorus|Mystical Fire|p1a: Comfey\n|-damage|p1a: Comfey|151/225\n|-unboost|p1a: Comfey|spa|1\n|\n|-heal|p1a: Comfey|165/225|[from] item: Leftovers\n|upkeep\n|turn|16\n|inactive|Time left: 300 sec this turn | 300 sec total\n|\n|t:|1783552700\n|switch|p2a: Gyarados|Gyarados, L79, F|100/100\n|-ability|p2a: Gyarados|Intimidate|boost\n|-unboost|p1a: Comfey|atk|1\n|move|p1a: Comfey|Calm Mind|p1a: Comfey\n|-boost|p1a: Comfey|spa|1\n|-boost|p1a: Comfey|spd|1\n|\n|-heal|p1a: Comfey|179/225|[from] item: Leftovers\n|upkeep\n|turn|17\n|inactive|Time left: 300 sec this turn | 300 sec total\n|\n|t:|1783552701\n|move|p1a: Comfey|Calm Mind|p1a: Comfey\n|-boost|p1a: Comfey|spa|1\n|-boost|p1a: Comfey|spd|1\n|move|p2a: Gyarados|Dragon Dance|p2a: Gyarados\n|-boost|p2a: Gyarados|atk|1\n|-boost|p2a: Gyarados|spe|1\n|\n|-heal|p1a: Comfey|193/225|[from] item: Leftovers\n|upkeep\n|turn|18\n|inactive|Time left: 300 sec this turn | 300 sec total\n|\n|t:|1783552702\n|-terastallize|p2a: Gyarados|Flying\n|move|p2a: Gyarados|Tera Blast|p1a: Comfey|[anim] Tera Blast Flying\n|-crit|p1a: Comfey\n|-damage|p1a: Comfey|0 fnt\n|faint|p1a: Comfey\n|\n|upkeep\n|inactive|Time left: 300 sec this turn | 300 sec total | 5 sec grace\n|\n|t:|1783552703\n|switch|p1a: Haxorus|Haxorus, L77, F|244/244\n|-ability|p1a: Haxorus|Mold Breaker\n|turn|19\n|inactive|Time left: 300 sec this turn | 300 sec total\n|\n|t:|1783552704\n|move|p2a: Gyarados|Dragon Dance|p2a: Gyarados\n|-boost|p2a: Gyarados|atk|1\n|-boost|p2a: Gyarados|spe|1\n|move|p1a: Haxorus|Scale Shot|p2a: Gyarados|[miss]\n|-miss|p1a: Haxorus|p2a: Gyarados\n|\n|upkeep\n|turn|20\n|inactive|Time left: 300 sec this turn | 300 sec total\n|\n|t:|1783552705\n|move|p2a: Gyarados|Tera Blast|p1a: Haxorus|[anim] Tera Blast Flying\n|-damage|p1a: Haxorus|0 fnt\n|faint|p1a: Haxorus\n|\n|upkeep\n|inactive|Time left: 300 sec this turn | 300 sec total | 5 sec grace\n|\n|t:|1783552706\n|switch|p1a: Venusaur|Venusaur, L84, F|135/272\n|turn|21\n|inactive|Time left: 300 sec this turn | 300 sec total\n|\n|t:|1783552706\n|move|p2a: Gyarados|Tera Blast|p1a: Venusaur|[anim] Tera Blast Flying\n|-supereffective|p1a: Venusaur\n|-damage|p1a: Venusaur|0 fnt\n|faint|p1a: Venusaur\n|\n|win|p0y11712210", "uploadtime": 1783552706, "views": 0, "rating": 0, "private": 0, "password": null, "_winner": "p0y11712210", "_our_name": "p0x117123f4"}