{"id": "battle-gen9randombattle-938", "formatid": "gen9randombattle", "format": "[Gen 9] Random Battle", "players": ["p0x938e39b", "p0y9382239"], "log": "|init|battle\n|title|p0x938e39b vs. p0y9382239\n|j|\u2606p0x938e39b\n|j|\u2606p0y9382239\n|t:|1783550019\n|gametype|singles\n|player|p1|p0x938e39b|102|\n|player|p2|p0y9382239|170|\n|gen|9\n|tier|[Gen 9] Random Battle\n|rule|Species Clause: Limit one of each Pok\u00e9mon\n|rule|HP Percentage Mod: HP is shown in percentages\n|rule|Sleep Clause Mod: Limit one foe put to sleep\n|rule|Illusion Level Mod: Illusion disguises the Pok\u00e9mon's true level\n|\n|t:|1783550019\n|teamsize|p1|6\n|teamsize|p2|6\n|start\n|switch|p1a: Leafeon|Leafeon, L88, F|100/100\n|switch|p2a: Skeledirge|Skeledirge, L79, M|294/294\n|turn|1\n|inactive|Battle timer is ON: inactive players will automatically lose when time's up. (requested by p0y9382239)\n|inactive|p0x938e39b also wants the timer to be on.\n|\n|t:|1783550021\n|switch|p1a: Kommo-o|Kommo-o, L77, F|100/100\n|move|p2a: Skeledirge|Torch Song|p1a: Kommo-o\n|-immune|p1a: Kommo-o|[from] ability: Soundproof\n|\n|upkeep\n|turn|2\n|inactive|Time left: 300 sec this turn | 300 sec total\n|\n|t:|1783550023\n|move|p1a: Kommo-o|Swords Dance|p1a: Kommo-o\n|-boost|p1a: Kommo-o|atk|2\n|move|p2a: Skeledirge|Shadow Ball|p1a: Kommo-o\n|-damage|p1a: Kommo-o|68/100\n|-unboost|p1a: Kommo-o|spd|1\n|\n|upkeep\n|turn|3\n|inactive|Time left: 300 sec this turn | 300 sec total\n|\n|t:|1783550024\n|move|p1a: Kommo-o|Scale Shot|p2a: Skeledirge\n|-crit|p2a: Skeledirge\n|-damage|p2a: Skeledirge|257/294\n|-damage|p2a: Skeledirge|233/294\n|-damage|p2a: Skeledirge|206/294\n|-damage|p2a: Skeledirge|184/294\n|-crit|p2a: Skeledirge\n|-damage|p2a: Skeledirge|147/294\n|-hitcount|p2a: Skeledirge|5\n|-unboost|p1a: Kommo-o|def|1\n|-boost|p1a: Kommo-o|spe|1\n|move|p2a: Skeledirge|Shadow Ball|p1a: Kommo-o\n|-damage|p1a: Kommo-o|33/100\n|\n|upkeep\n|turn|4\n|inactive|Time left: 300 sec this turn | 300 sec total\n|\n|t:|1783550025\n|move|p1a: Kommo-o|Scale Shot|p2a: Skeledirge\n|-damage|p2a: Skeledirge|123/294\n|-damage|p2a: Skeledirge|96/294\n|-damage|p2a: Skeledirge|74/294\n|-damage|p2a: Skeledirge|52/294\n|-damage|p2a: Skeledirge|28/294\n|-hitcount|p2a: Skeledirge|5\n|-unboost|p1a: Kommo-o|def|1\n|-boost|p1a: Kommo-o|spe|1\n|move|p2a: Skeledirge|Slack Off|p2a: Skeledirge\n|-heal|p2a: Skeledirge|175/294\n|\n|upkeep\n|turn|5\n|inactive|Time left: 300 sec this turn | 300 sec total\n|\n|t:|1783550026\n|move|p1a: Kommo-o|Scale Shot|p2a: Skeledirge\n|-crit|p2a: Skeledirge\n|-damage|p2a: Skeledirge|138/294\n|-damage|p2a: Skeledirge|114/294\n|-damage|p2a: Skeledirge|89/294\n|-damage|p2a: Skeledirge|65/294\n|-damage|p2a: Skeledirge|43/294\n|-hitcount|p2a: Skeledirge|5\n|-unboost|p1a: Kommo-o|def|1\n|-boost|p1a: Kommo-o|spe|1\n|move|p2a: Skeledirge|Shadow Ball|p1a: Kommo-o\n|-damage|p1a: Kommo-o|0 fnt\n|faint|p1a: Kommo-o\n|\n|upkeep\n|\n|t:|1783550027\n|switch|p1a: Decidueye|Decidueye, L88, F|100/100\n|turn|6\n|inactive|Time left: 300 sec this turn | 300 sec total\n|\n|t:|1783550028\n|switch|p2a: Wo-Chien|Wo-Chien, L83|277/277\n|-ability|p2a: Wo-Chien|Tablets of Ruin\n|move|p1a: Decidueye|Leaf Blade|p2a: Wo-Chien\n|-resisted|p2a: Wo-Chien\n|-damage|p2a: Wo-Chien|225/277\n|-damage|p1a: Decidueye|91/100|[from] item: Life Orb\n|\n|-heal|p2a: Wo-Chien|242/277|[from] item: Leftovers\n|upkeep\n|turn|7\n|inactive|Time left: 300 sec this turn | 300 sec total\n|\n|t:|1783550029\n|move|p1a: Decidueye|Swords Dance|p1a: Decidueye\n|-boost|p1a: Decidueye|atk|2\n|move|p2a: Wo-Chien|Knock Off|p1a: Decidueye\n|-supereffective|p1a: Decidueye\n|-damage|p1a: Decidueye|16/100\n|-enditem|p1a: Decidueye|Life Orb|[from] move: Knock Off|[of] p2a: Wo-Chien\n|\n|-heal|p2a: Wo-Chien|259/277|[from] item: Leftovers\n|upkeep\n|turn|8\n|inactive|Time left: 300 sec this turn | 300 sec total\n|\n|t:|1783550030\n|move|p1a: Decidueye|Leaf Blade|p2a: Wo-Chien\n|-resisted|p2a: Wo-Chien\n|-damage|p2a: Wo-Chien|148/277\n|move|p2a: Wo-Chien|Knock Off|p1a: Decidueye\n|-supereffective|p1a: Decidueye\n|-damage|p1a: Decidueye|0 fnt\n|faint|p1a: Decidueye\n|\n|-heal|p2a: Wo-Chien|165/277|[from] item: Leftovers\n|upkeep\n|\n|t:|1783550031\n|switch|p1a: Ceruledge|Ceruledge, L78, F|100/100\n|turn|9\n|inactive|Time left: 300 sec this turn | 300 sec total\n|\n|t:|1783550031\n|move|p1a: Ceruledge|Swords Dance|p1a: Ceruledge\n|-boost|p1a: Ceruledge|atk|2\n|move|p2a: Wo-Chien|Knock Off|p1a: Ceruledge\n|-supereffective|p1a: Ceruledge\n|-damage|p1a: Ceruledge|14/100\n|-ability|p1a: Ceruledge|Weak Armor|boost\n|-unboost|p1a: Ceruledge|def|1\n|-boost|p1a: Ceruledge|spe|2\n|-enditem|p1a: Ceruledge|Heavy-Duty Boots|[from] move: Knock Off|[of] p2a: Wo-Chien\n|\n|-heal|p2a: Wo-Chien|182/277|[from] item: Leftovers\n|upkeep\n|turn|10\n|inactive|Time left: 300 sec this turn | 300 sec total\n|\n|t:|1783550032\n|-terastallize|p1a: Ceruledge|Fighting\n|-terastallize|p2a: Wo-Chien|Poison\n|move|p1a: Ceruledge|Bitter Blade|p2a: Wo-Chien\n|-damage|p2a: Wo-Chien|35/277\n|-heal|p1a: Ceruledge|44/100|[from] drain|[of] p2a: Wo-Chien\n|move|p2a: Wo-Chien|Knock Off|p1a: Ceruledge\n|-resisted|p1a: Ceruledge\n|-damage|p1a: Ceruledge|22/100\n|-ability|p1a: Ceruledge|Weak Armor|boost\n|-unboost|p1a: Ceruledge|def|1\n|-boost|p1a: Ceruledge|spe|2\n|\n|-heal|p2a: Wo-Chien|52/277|[from] item: Leftovers\n|upkeep\n|turn|11\n|inactive|Time left: 300 sec this turn | 300 sec total\n|\n|t:|1783550033\n|move|p1a: Ceruledge|Bitter Blade|p2a: Wo-Chien\n|-damage|p2a: Wo-Chien|0 fnt\n|-heal|p1a: Ceruledge|33/100|[from] drain|[of] p2a: Wo-Chien\n|faint|p2a: Wo-Chien\n|\n|upkeep\n|inactive|Time left: 300 sec this turn | 300 sec total | 5 sec grace\n|\n|t:|1783550034\n|switch|p2a: Gurdurr|Gurdurr, L85, M|283/283\n|turn|12\n|inactive|Time left: 300 sec this turn | 300 sec total\n|\n|t:|1783550035\n|switch|p1a: Ampharos|Ampharos, L88, M|100/100\n|move|p2a: Gurdurr|Mach Punch|p1a: Ampharos\n|-damage|p1a: Ampharos|87/100\n|\n|upkeep\n|turn|13\n|inactive|Time left: 300 sec this turn | 300 sec total\n|\n|t:|1783550036\n|switch|p2a: Gogoat|Gogoat, L88, M|360/360\n|move|p1a: Ampharos|Thunderbolt|p2a: Gogoat\n|-resisted|p2a: Gogoat\n|-damage|p2a: Gogoat|266/360\n|\n|-heal|p2a: Gogoat|288/360|[from] item: Leftovers\n|upkeep\n|turn|14\n|inactive|Time left: 300 sec this turn | 300 sec total\n|\n|t:|1783550037\n|switch|p1a: Leafeon|Leafeon, L88, F|100/100\n|move|p2a: Gogoat|Horn Leech|p1a: Leafeon\n|-resisted|p1a: Leafeon\n|-crit|p1a: Leafeon\n|-damage|p1a: Leafeon|83/100\n|-heal|p2a: Gogoat|311/360|[from] drain|[of] p1a: Leafeon\n|\n|-heal|p2a: Gogoat|333/360|[from] item: Leftovers\n|upkeep\n|turn|15\n|inactive|Time left: 300 sec this turn | 300 sec total\n|\n|t:|1783550038\n|move|p1a: Leafeon|Swords Dance|p1a: Leafeon\n|-boost|p1a: Leafeon|atk|2\n|move|p2a: Gogoat|Bulk Up|p2a: Gogoat\n|-boost|p2a: Gogoat|atk|1\n|-boost|p2a: Gogoat|def|1\n|\n|-heal|p2a: Gogoat|355/360|[from] item: Leftovers\n|upkeep\n|turn|16\n|inactive|Time left: 300 sec this turn | 300 sec total\n|\n|t:|1783550039\n|move|p1a: Leafeon|Synthesis|p1a: Leafeon\n|-heal|p1a: Leafeon|100/100\n|move|p2a: Gogoat|Bulk Up|p2a: Gogoat\n|-boost|p2a: Gogoat|atk|1\n|-boost|p2a: Gogoat|def|1\n|\n|-heal|p2a: Gogoat|360/360|[from] item: Leftovers\n|upkeep\n|turn|17\n|inactive|Time left: 300 sec this turn | 300 sec total\n|\n|t:|1783550040\n|move|p1a: Leafeon|Swords Dance|p1a: Leafeon\n|-boost|p1a: Leafeon|atk|2\n|move|p2a: Gogoat|Horn Leech|p1a: Leafeon\n|-resisted|p1a: Leafeon\n|-damage|p1a: Leafeon|77/100\n|\n|upkeep\n|turn|18\n|inactive|Time left: 300 sec this turn | 300 sec total\n|\n|t:|1783550041\n|move|p1a: Leafeon|Double-Edge|p2a: Gogoat\n|-damage|p2a: Gogoat|107/360\n|-damage|p1a: Leafeon|45/100|[from] Recoil\n|-damage|p1a: Leafeon|35/100|[from] item: Life Orb\n|move|p2a: Gogoat|Rock Slide|p1a: Leafeon\n|-damage|p1a: Leafeon|3/100\n|\n|-heal|p2a: Gogoat|129/360|[from] item: Leftovers\n|upkeep\n|turn|19\n|inactive|Time left: 300 sec this turn | 300 sec total\n|\n|t:|1783550042\n|move|p1a: Leafeon|Double-Edge|p2a: Gogoat\n|-damage|p2a: Gogoat|0 fnt\n|faint|p2a: Gogoat\n|-damage|p1a: Leafeon|0 fnt|[from] Recoil\n|faint|p1a: Leafeon\n|\n|upkeep\n|inactive|Time left: 300 sec this turn | 300 sec total | 5 sec grace\n|\n|t:|1783550043\n|switch|p1a: Ampharos|Ampharos, L88, M|87/100\n|switch|p2a: Gurdurr|Gurdurr, L85, M|283/283\n|turn|20\n|inactive|Time left: 300 sec this turn | 300 sec total\n|\n|t:|1783550044\n|move|p1a: Ampharos|Thunderbolt|p2a: Gurdurr\n|-damage|p2a: Gurdurr|117/283\n|move|p2a: Gurdurr|Drain Punch|p1a: Ampharos\n|-damage|p1a: Ampharos|60/100\n|-heal|p2a: Gurdurr|157/283|[from] drain|[of] p1a: Ampharos\n|-status|p2a: Gurdurr|par|[from] ability: Static|[of] p1a: Ampharos\n|\n|upkeep\n|turn|21\n|inactive|Time left: 300 sec this turn | 300 sec total\n|\n|t:|1783550045\n|move|p1a: Ampharos|Thunderbolt|p2a: Gurdurr\n|-damage|p2a: Gurdurr|0 fnt\n|faint|p2a: Gurdurr\n|\n|upkeep\n|inactive|Time left: 300 sec this turn | 300 sec total | 5 sec grace\n|\n|t:|1783550046\n|switch|p2a: Skeledirge|Skeledirge, L79, M|43/294\n|turn|22\n|inactive|Time left: 300 sec this turn | 300 sec total\n|\n|t:|1783550048\n|move|p2a: Skeledirge|Torch Song|p1a: Ampharos\n|-damage|p1a: Ampharos|36/100\n|-boost|p2a: Skeledirge|spa|1\n|move|p1a: Ampharos|Thunderbolt|p2a: Skeledirge\n|-damage|p2a: Skeledirge|0 fnt\n|faint|p2a: Skeledirge\n|\n|upkeep\n|inactive|Time left: 300 sec this turn | 300 sec total | 5 sec grace\n|\n|t:|1783550049\n|switch|p2a: Cetitan|Cetitan, L82, F|413/413\n|turn|23\n|inactive|Time left: 300 sec this turn | 300 sec total\n|\n|t:|1783550050\n|move|p2a: Cetitan|Icicle Crash|p1a: Ampharos\n|-damage|p1a: Ampharos|0 fnt\n|faint|p1a: Ampharos\n|\n|upkeep\n|\n|t:|1783550051\n|switch|p1a: Ceruledge|Ceruledge, L78, F, tera:Fighting|33/100\n|turn|24\n|inactive|Time left: 300 sec this turn | 300 sec total\n|\n|t:|1783550052\n|switch|p2a: Swanna|Swanna, L89, M|278/278\n|move|p1a: Ceruledge|Bitter Blade|p2a: Swanna\n|-resisted|p2a: Swanna\n|-damage|p2a: Swanna|217/278\n|-heal|p1a: Ceruledge|45/100|[from] drain|[of] p2a: Swanna\n|\n|upkeep\n|turn|25\n|inactive|Time left: 300 sec this turn | 300 sec total\n|\n|t:|1783550053\n|switch|p1a: Kingambit|Kingambit, L74, F|100/100\n|-activate|p1a: Kingambit|ability: Supreme Overlord\n|-start|p1a: Kingambit|fallen4|[silent]\n|move|p2a: Swanna|Brave Bird|p1a: Kingambit\n|-resisted|p1a: Kingambit\n|-damage|p1a: Kingambit|79/100\n|-damage|p2a: Swanna|198/278|[from] Recoil\n|\n|-heal|p1a: Kingambit|85/100|[from] item: Leftovers\n|upkeep\n|turn|26\n|inactive|Time left: 300 sec this turn | 300 sec total\n|\n|t:|1783550054\n|move|p2a: Swanna|Hydro Pump|p1a: Kingambit|[miss]\n|-miss|p2a: Swanna|p1a: Kingambit\n|move|p1a: Kingambit|Swords Dance|p1a: Kingambit\n|-boost|p1a: Kingambit|atk|2\n|\n|-heal|p1a: Kingambit|91/100|[from] item: Leftovers\n|upkeep\n|turn|27\n|inactive|Time left: 300 sec this turn | 300 sec total\n|\n|t:|1783550055\n|switch|p2a: Cetitan|Cetitan, L82, F|413/413\n|move|p1a: Kingambit|Kowtow Cleave|p2a: Cetitan\n|-damage|p2a: Cetitan|101/413\n|\n|-heal|p1a: Kingambit|97/100|[from] item: Leftovers\n|upkeep\n|turn|28\n|inactive|Time left: 300 sec this turn | 300 sec total\n|\n|t:|1783550056\n|move|p2a: Cetitan|Ice Shard|p1a: Kingambit\n|-resisted|p1a: Kingambit\n|-damage|p1a: Kingambit|89/100\n|-damage|p2a: Cetitan|60/413|[from] item: Life Orb\n|move|p1a: Kingambit|Sucker Punch||[still]\n|-fail|p1a: Kingambit\n|\n|-heal|p1a: Kingambit|95/100|[from] item: Leftovers\n|upkeep\n|turn|29\n|inactive|Time left: 300 sec this turn | 300 sec total\n|\n|t:|1783550057\n|move|p2a: Cetitan|Ice Shard|p1a: Kingambit\n|-resisted|p1a: Kingambit\n|-crit|p1a: Kingambit\n|-damage|p1a: Kingambit|80/100\n|-damage|p2a: Cetitan|19/413|[from] item: Life Orb\n|move|p1a: Kingambit|Sucker Punch||[still]\n|-fail|p1a: Kingambit\n|\n|-heal|p1a: Kingambit|86/100|[from] item: Leftovers\n|upkeep\n|turn|30\n|inactive|Time left: 300 sec this turn | 300 sec total\n|\n|t:|1783550058\n|switch|p2a: Swanna|Swanna, L89, M|198/278\n|move|p1a: Kingambit|Sucker Punch||[still]\n|-fail|p1a: Kingambit\n|\n|-heal|p1a: Kingambit|92/100|[from] item: Leftovers\n|upkeep\n|turn|31\n|inactive|Time left: 300 sec this turn | 300 sec total\n|\n|t:|1783550059\n|switch|p2a: Cetitan|Cetitan, L82, F|19/413\n|move|p1a: Kingambit|Kowtow Cleave|p2a: Cetitan\n|-damage|p2a: Cetitan|0 fnt\n|faint|p2a: Cetitan\n|\n|-heal|p1a: Kingambit|98/100|[from] item: Leftovers\n|upkeep\n|inactive|Time left: 300 sec this turn | 300 sec total | 5 sec grace\n|\n|t:|1783550059\n|switch|p2a: Swanna|Swanna, L89, M|198/278\n|turn|32\n|inactive|Time left: 300 sec this turn | 300 sec total\n|\n|t:|1783550060\n|move|p2a: Swanna|Hydro Pump|p1a: Kingambit\n|-damage|p1a: Kingambit|51/100\n|move|p1a: Kingambit|Kowtow Cleave|p2a: Swanna\n|-damage|p2a: Swanna|0 fnt\n|faint|p2a: Swanna\n|\n|win|p0x938e39b", "uploadtime": 1783550060, "views": 0, "rating": 0, "private": 0, "password": null, "_winner": "p0x938e39b", "_our_name": "p0y9382239"}