{"id": "battle-gen9randombattle-1466", "formatid": "gen9randombattle", "format": "[Gen 9] Random Battle", "players": ["p0x146692c0", "p0y14665279"], "log": "|init|battle\n|title|p0x146692c0 vs. p0y14665279\n|j|\u2606p0x146692c0\n|j|\u2606p0y14665279\n|t:|1783557067\n|gametype|singles\n|player|p1|p0x146692c0|102|\n|player|p2|p0y14665279|266|\n|gen|9\n|tier|[Gen 9] Random Battle\n|rule|Species Clause: Limit one of each Pok\u00e9mon\n|rule|HP Percentage Mod: HP is shown in percentages\n|rule|Sleep Clause Mod: Limit one foe put to sleep\n|rule|Illusion Level Mod: Illusion disguises the Pok\u00e9mon's true level\n|\n|t:|1783557067\n|teamsize|p1|6\n|teamsize|p2|6\n|start\n|switch|p1a: Roaring Moon|Roaring Moon, L72|270/270\n|switch|p2a: Jirachi|Jirachi, L80|100/100\n|turn|1\n|inactive|Battle timer is ON: inactive players will automatically lose when time's up. (requested by p0x146692c0)\n|inactive|p0y14665279 also wants the timer to be on.\n|\n|t:|1783557069\n|move|p1a: Roaring Moon|Knock Off|p2a: Jirachi\n|-supereffective|p2a: Jirachi\n|-damage|p2a: Jirachi|10/100\n|-enditem|p2a: Jirachi|Leftovers|[from] move: Knock Off|[of] p1a: Roaring Moon\n|move|p2a: Jirachi|U-turn|p1a: Roaring Moon\n|-supereffective|p1a: Roaring Moon\n|-damage|p1a: Roaring Moon|152/270\n|\n|t:|1783557070\n|switch|p2a: Cinderace|Cinderace, L77, M|100/100|[from] U-turn\n|\n|upkeep\n|turn|2\n|inactive|Time left: 300 sec this turn | 300 sec total\n|\n|t:|1783557071\n|-end|p1a: Roaring Moon|Protosynthesis|[silent]\n|switch|p1a: Mudsdale|Mudsdale, L83, M|302/302\n|move|p2a: Cinderace|Gunk Shot|p1a: Mudsdale\n|-start|p2a: Cinderace|typechange|Poison|[from] ability: Libero\n|-resisted|p1a: Mudsdale\n|-damage|p1a: Mudsdale|223/302\n|-status|p1a: Mudsdale|psn\n|-ability|p1a: Mudsdale|Stamina|boost\n|-boost|p1a: Mudsdale|def|1\n|\n|-heal|p1a: Mudsdale|241/302 psn|[from] item: Leftovers\n|-damage|p1a: Mudsdale|204/302 psn|[from] psn\n|upkeep\n|turn|3\n|inactive|Time left: 300 sec this turn | 300 sec total\n|\n|t:|1783557073\n|switch|p2a: Oinkologne|Oinkologne-F, L92, F|100/100\n|move|p1a: Mudsdale|Stealth Rock|p2a: Oinkologne\n|-sidestart|p2: p0y14665279|move: Stealth Rock\n|\n|-heal|p1a: Mudsdale|222/302 psn|[from] item: Leftovers\n|-damage|p1a: Mudsdale|185/302 psn|[from] psn\n|upkeep\n|turn|4\n|inactive|Time left: 300 sec this turn | 300 sec total\n|\n|t:|1783557074\n|move|p2a: Oinkologne|Curse|p2a: Oinkologne\n|-unboost|p2a: Oinkologne|spe|1\n|-boost|p2a: Oinkologne|atk|1\n|-boost|p2a: Oinkologne|def|1\n|move|p1a: Mudsdale|Earthquake|p2a: Oinkologne\n|-damage|p2a: Oinkologne|76/100\n|\n|-heal|p2a: Oinkologne|82/100|[from] item: Leftovers\n|-heal|p1a: Mudsdale|203/302 psn|[from] item: Leftovers\n|-damage|p1a: Mudsdale|166/302 psn|[from] psn\n|upkeep\n|turn|5\n|inactive|Time left: 300 sec this turn | 300 sec total\n|\n|t:|1783557075\n|move|p2a: Oinkologne|Body Slam|p1a: Mudsdale\n|-damage|p1a: Mudsdale|72/302 psn\n|-ability|p1a: Mudsdale|Stamina|boost\n|-boost|p1a: Mudsdale|def|1\n|move|p1a: Mudsdale|Heavy Slam|p2a: Oinkologne\n|-damage|p2a: Oinkologne|62/100\n|\n|-heal|p2a: Oinkologne|68/100|[from] item: Leftovers\n|-heal|p1a: Mudsdale|90/302 psn|[from] item: Leftovers\n|-damage|p1a: Mudsdale|53/302 psn|[from] psn\n|upkeep\n|turn|6\n|inactive|Time left: 300 sec this turn | 300 sec total\n|\n|t:|1783557076\n|move|p2a: Oinkologne|Body Slam|p1a: Mudsdale\n|-damage|p1a: Mudsdale|0 fnt\n|faint|p1a: Mudsdale\n|\n|-heal|p2a: Oinkologne|74/100|[from] item: Leftovers\n|upkeep\n|inactive|Time left: 300 sec this turn | 300 sec total | 5 sec grace\n|\n|t:|1783557077\n|switch|p1a: Fezandipiti|Fezandipiti, L82, M|278/278\n|turn|7\n|inactive|Time left: 300 sec this turn | 300 sec total\n|\n|t:|1783557079\n|move|p1a: Fezandipiti|Moonblast|p2a: Oinkologne\n|-damage|p2a: Oinkologne|56/100\n|-unboost|p2a: Oinkologne|spa|1\n|move|p2a: Oinkologne|High Horsepower|p1a: Fezandipiti\n|-supereffective|p1a: Fezandipiti\n|-damage|p1a: Fezandipiti|20/278\n|\n|-heal|p1a: Fezandipiti|37/278|[from] item: Leftovers\n|-heal|p2a: Oinkologne|62/100|[from] item: Leftovers\n|upkeep\n|turn|8\n|inactive|Time left: 300 sec this turn | 300 sec total\n|\n|t:|1783557079\n|move|p1a: Fezandipiti|Moonblast|p2a: Oinkologne\n|-damage|p2a: Oinkologne|43/100\n|-status|p2a: Oinkologne|tox|[from] ability: Toxic Chain|[of] p1a: Fezandipiti\n|move|p2a: Oinkologne|Body Slam|p1a: Fezandipiti\n|-damage|p1a: Fezandipiti|0 fnt\n|faint|p1a: Fezandipiti\n|\n|-heal|p2a: Oinkologne|49/100 tox|[from] item: Leftovers\n|-damage|p2a: Oinkologne|43/100 tox|[from] psn\n|upkeep\n|inactive|Time left: 300 sec this turn | 300 sec total | 5 sec grace\n|\n|t:|1783557080\n|switch|p1a: Roaring Moon|Roaring Moon, L72|152/270\n|turn|9\n|inactive|Time left: 300 sec this turn | 300 sec total\n|\n|t:|1783557081\n|-terastallize|p1a: Roaring Moon|Dragon\n|move|p1a: Roaring Moon|Outrage|p2a: Oinkologne\n|-damage|p2a: Oinkologne|0 fnt\n|faint|p2a: Oinkologne\n|\n|upkeep\n|\n|t:|1783557082\n|switch|p2a: Cinderace|Cinderace, L77, M|100/100\n|-damage|p2a: Cinderace|76/100|[from] Stealth Rock\n|turn|10\n|inactive|Time left: 300 sec this turn | 300 sec total\n|\n|t:|1783557083\n|move|p2a: Cinderace|High Jump Kick|p1a: Roaring Moon\n|-start|p2a: Cinderace|typechange|Fighting|[from] ability: Libero\n|-damage|p1a: Roaring Moon|0 fnt\n|faint|p1a: Roaring Moon\n|-end|p1a: Roaring Moon|Protosynthesis|[silent]\n|\n|upkeep\n|inactive|Time left: 300 sec this turn | 300 sec total | 5 sec grace\n|\n|t:|1783557084\n|switch|p1a: Espeon|Espeon, L84, M|246/246\n|turn|11\n|inactive|Time left: 300 sec this turn | 300 sec total\n|\n|t:|1783557085\n|switch|p2a: Jirachi|Jirachi, L80|10/100\n|-damage|p2a: Jirachi|4/100|[from] Stealth Rock\n|move|p1a: Espeon|Calm Mind|p1a: Espeon\n|-boost|p1a: Espeon|spa|1\n|-boost|p1a: Espeon|spd|1\n|\n|upkeep\n|turn|12\n|inactive|Time left: 300 sec this turn | 300 sec total\n|\n|t:|1783557086\n|move|p1a: Espeon|Alluring Voice|p2a: Jirachi\n|-resisted|p2a: Jirachi\n|-damage|p2a: Jirachi|0 fnt\n|faint|p2a: Jirachi\n|-damage|p1a: Espeon|222/246|[from] item: Life Orb\n|\n|upkeep\n|\n|t:|1783557086\n|switch|p2a: Great Tusk|Great Tusk, L77|100/100\n|-damage|p2a: Great Tusk|98/100|[from] Stealth Rock\n|-enditem|p2a: Great Tusk|Booster Energy\n|-activate|p2a: Great Tusk|ability: Protosynthesis|[fromitem]\n|-start|p2a: Great Tusk|protosynthesisatk\n|turn|13\n|inactive|Time left: 300 sec this turn | 300 sec total\n|\n|t:|1783557087\n|-terastallize|p2a: Great Tusk|Steel\n|move|p1a: Espeon|Psychic|p2a: Great Tusk\n|-resisted|p2a: Great Tusk\n|-damage|p2a: Great Tusk|40/100\n|-damage|p1a: Espeon|198/246|[from] item: Life Orb\n|move|p2a: Great Tusk|Earthquake|p1a: Espeon\n|-damage|p1a: Espeon|15/246\n|\n|upkeep\n|turn|14\n|inactive|Time left: 300 sec this turn | 300 sec total\n|\n|t:|1783557088\n|move|p1a: Espeon|Shadow Ball|p2a: Great Tusk\n|-damage|p2a: Great Tusk|0 fnt\n|faint|p2a: Great Tusk\n|-end|p2a: Great Tusk|Protosynthesis|[silent]\n|-damage|p1a: Espeon|0 fnt|[from] item: Life Orb\n|faint|p1a: Espeon\n|\n|upkeep\n|inactive|Time left: 300 sec this turn | 300 sec total | 5 sec grace\n|\n|t:|1783557089\n|switch|p1a: Pachirisu|Pachirisu, L96, F|271/271\n|switch|p2a: Girafarig|Girafarig, L89, M|100/100\n|-damage|p2a: Girafarig|88/100|[from] Stealth Rock\n|turn|15\n|inactive|Time left: 300 sec this turn | 300 sec total\n|\n|t:|1783557089\n|move|p1a: Pachirisu|Super Fang|p2a: Girafarig\n|-damage|p2a: Girafarig|44/100\n|move|p2a: Girafarig|Nasty Plot|p2a: Girafarig\n|-boost|p2a: Girafarig|spa|2\n|\n|upkeep\n|turn|16\n|inactive|Time left: 300 sec this turn | 300 sec total\n|\n|t:|1783557090\n|move|p1a: Pachirisu|Encore|p2a: Girafarig\n|-start|p2a: Girafarig|Encore\n|move|p2a: Girafarig|Nasty Plot|p2a: Girafarig\n|-boost|p2a: Girafarig|spa|2\n|\n|upkeep\n|turn|17\n|inactive|Time left: 300 sec this turn | 300 sec total\n|\n|t:|1783557091\n|switch|p2a: Clodsire|Clodsire, L81, F|100/100\n|-damage|p2a: Clodsire|94/100|[from] Stealth Rock\n|move|p1a: Pachirisu|Discharge|p2a: Clodsire\n|-immune|p2a: Clodsire\n|\n|-heal|p2a: Clodsire|100/100|[from] item: Leftovers\n|upkeep\n|turn|18\n|inactive|Time left: 300 sec this turn | 300 sec total\n|\n|t:|1783557092\n|move|p1a: Pachirisu|Super Fang|p2a: Clodsire\n|-damage|p2a: Clodsire|51/100\n|move|p2a: Clodsire|Gunk Shot|p1a: Pachirisu|[miss]\n|-miss|p2a: Clodsire|p1a: Pachirisu\n|\n|-heal|p2a: Clodsire|57/100|[from] item: Leftovers\n|upkeep\n|turn|19\n|inactive|Time left: 300 sec this turn | 300 sec total\n|\n|t:|1783557093\n|move|p1a: Pachirisu|Super Fang|p2a: Clodsire\n|-damage|p2a: Clodsire|29/100\n|move|p2a: Clodsire|Curse|p2a: Clodsire\n|-unboost|p2a: Clodsire|spe|1\n|-boost|p2a: Clodsire|atk|1\n|-boost|p2a: Clodsire|def|1\n|\n|-heal|p2a: Clodsire|35/100|[from] item: Leftovers\n|upkeep\n|turn|20\n|inactive|Time left: 300 sec this turn | 300 sec total\n|\n|t:|1783557094\n|move|p1a: Pachirisu|Encore|p2a: Clodsire\n|-start|p2a: Clodsire|Encore\n|move|p2a: Clodsire|Curse|p2a: Clodsire\n|-unboost|p2a: Clodsire|spe|1\n|-boost|p2a: Clodsire|atk|1\n|-boost|p2a: Clodsire|def|1\n|\n|-heal|p2a: Clodsire|41/100|[from] item: Leftovers\n|upkeep\n|turn|21\n|inactive|Time left: 300 sec this turn | 300 sec total\n|\n|t:|1783557095\n|move|p1a: Pachirisu|Super Fang|p2a: Clodsire\n|-damage|p2a: Clodsire|21/100\n|move|p2a: Clodsire|Curse|p2a: Clodsire\n|-unboost|p2a: Clodsire|spe|1\n|-boost|p2a: Clodsire|atk|1\n|-boost|p2a: Clodsire|def|1\n|\n|-heal|p2a: Clodsire|27/100|[from] item: Leftovers\n|upkeep\n|turn|22\n|inactive|Time left: 300 sec this turn | 300 sec total\n|\n|t:|1783557096\n|move|p1a: Pachirisu|Super Fang|p2a: Clodsire\n|-damage|p2a: Clodsire|14/100\n|move|p2a: Clodsire|Curse|p2a: Clodsire\n|-unboost|p2a: Clodsire|spe|1\n|-boost|p2a: Clodsire|atk|1\n|-boost|p2a: Clodsire|def|1\n|\n|-heal|p2a: Clodsire|20/100|[from] item: Leftovers\n|-end|p2a: Clodsire|Encore\n|upkeep\n|turn|23\n|inactive|Time left: 300 sec this turn | 300 sec total\n|\n|t:|1783557097\n|move|p1a: Pachirisu|Encore|p2a: Clodsire\n|-start|p2a: Clodsire|Encore\n|move|p2a: Clodsire|Curse|p2a: Clodsire\n|-unboost|p2a: Clodsire|spe|1\n|-boost|p2a: Clodsire|atk|1\n|-boost|p2a: Clodsire|def|1\n|\n|-heal|p2a: Clodsire|26/100|[from] item: Leftovers\n|upkeep\n|turn|24\n|inactive|Time left: 300 sec this turn | 300 sec total\n|\n|t:|1783557098\n|move|p1a: Pachirisu|Super Fang|p2a: Clodsire\n|-damage|p2a: Clodsire|13/100\n|move|p2a: Clodsire|Curse|p2a: Clodsire\n|-unboost|p2a: Clodsire|spe|1\n|-boost|p2a: Clodsire|atk|1\n|-boost|p2a: Clodsire|def|1\n|\n|-heal|p2a: Clodsire|19/100|[from] item: Leftovers\n|upkeep\n|turn|25\n|inactive|Time left: 300 sec this turn | 300 sec total\n|\n|t:|1783557099\n|move|p1a: Pachirisu|Super Fang|p2a: Clodsire\n|-damage|p2a: Clodsire|10/100\n|move|p2a: Clodsire|Curse|p2a: Clodsire\n|\n|-heal|p2a: Clodsire|16/100|[from] item: Leftovers\n|-end|p2a: Clodsire|Encore\n|upkeep\n|turn|26\n|inactive|Time left: 300 sec this turn | 300 sec total\n|\n|t:|1783557100\n|move|p1a: Pachirisu|Encore|p2a: Clodsire\n|-start|p2a: Clodsire|Encore\n|move|p2a: Clodsire|Curse|p2a: Clodsire\n|\n|-heal|p2a: Clodsire|22/100|[from] item: Leftovers\n|upkeep\n|turn|27\n|inactive|Time left: 300 sec this turn | 300 sec total\n|\n|t:|1783557101\n|move|p1a: Pachirisu|Super Fang|p2a: Clodsire\n|-damage|p2a: Clodsire|12/100\n|move|p2a: Clodsire|Curse|p2a: Clodsire\n|\n|-heal|p2a: Clodsire|18/100|[from] item: Leftovers\n|upkeep\n|turn|28\n|inactive|Time left: 300 sec this turn | 300 sec total\n|\n|t:|1783557102\n|move|p1a: Pachirisu|Super Fang|p2a: Clodsire\n|-damage|p2a: Clodsire|9/100\n|move|p2a: Clodsire|Curse|p2a: Clodsire\n|\n|-heal|p2a: Clodsire|15/100|[from] item: Leftovers\n|-end|p2a: Clodsire|Encore\n|upkeep\n|turn|29\n|inactive|Time left: 300 sec this turn | 300 sec total\n|\n|t:|1783557103\n|move|p1a: Pachirisu|Encore|p2a: Clodsire\n|-start|p2a: Clodsire|Encore\n|move|p2a: Clodsire|Curse|p2a: Clodsire\n|\n|-heal|p2a: Clodsire|21/100|[from] item: Leftovers\n|upkeep\n|turn|30\n|inactive|Time left: 300 sec this turn | 300 sec total\n|\n|t:|1783557104\n|move|p1a: Pachirisu|Super Fang|p2a: Clodsire\n|-damage|p2a: Clodsire|11/100\n|move|p2a: Clodsire|Curse|p2a: Clodsire\n|\n|-heal|p2a: Clodsire|17/100|[from] item: Leftovers\n|upkeep\n|turn|31\n|inactive|Time left: 300 sec this turn | 300 sec total\n|\n|t:|1783557105\n|move|p1a: Pachirisu|Super Fang|p2a: Clodsire\n|-damage|p2a: Clodsire|9/100\n|move|p2a: Clodsire|Curse|p2a: Clodsire\n|\n|-heal|p2a: Clodsire|15/100|[from] item: Leftovers\n|-end|p2a: Clodsire|Encore\n|upkeep\n|turn|32\n|inactive|Time left: 300 sec this turn | 300 sec total\n|\n|t:|1783557106\n|move|p1a: Pachirisu|Encore|p2a: Clodsire\n|-start|p2a: Clodsire|Encore\n|move|p2a: Clodsire|Curse|p2a: Clodsire\n|\n|-heal|p2a: Clodsire|21/100|[from] item: Leftovers\n|upkeep\n|turn|33\n|inactive|Time left: 300 sec this turn | 300 sec total\n|\n|t:|1783557107\n|switch|p2a: Cinderace|Cinderace, L77, M|76/100\n|-damage|p2a: Cinderace|51/100|[from] Stealth Rock\n|move|p1a: Pachirisu|Super Fang|p2a: Cinderace\n|-damage|p2a: Cinderace|26/100\n|\n|upkeep\n|turn|34\n|inactive|Time left: 300 sec this turn | 300 sec total\n|\n|t:|1783557108\n|switch|p2a: Clodsire|Clodsire, L81, F|21/100\n|-damage|p2a: Clodsire|15/100|[from] Stealth Rock\n|move|p1a: Pachirisu|Discharge|p2a: Clodsire\n|-immune|p2a: Clodsire\n|\n|-heal|p2a: Clodsire|21/100|[from] item: Leftovers\n|upkeep\n|turn|35\n|inactive|Time left: 300 sec this turn | 300 sec total\n|\n|t:|1783557109\n|move|p1a: Pachirisu|U-turn|p2a: Clodsire\n|-resisted|p2a: Clodsire\n|-damage|p2a: Clodsire|14/100\n|inactive|Time left: 300 sec this turn | 300 sec total | 5 sec grace\n|\n|t:|1783557110\n|switch|p1a: Ogerpon|Ogerpon-Hearthflame, L74, F|239/239|[from] U-turn\n|-ability|p1a: Ogerpon|Mold Breaker\n|move|p2a: Clodsire|Recover|p2a: Clodsire\n|-heal|p2a: Clodsire|64/100\n|\n|-heal|p2a: Clodsire|70/100|[from] item: Leftovers\n|upkeep\n|turn|36\n|inactive|Time left: 300 sec this turn | 300 sec total\n|\n|t:|1783557111\n|move|p1a: Ogerpon|Ivy Cudgel|p2a: Clodsire|[anim] Ivy Cudgel Fire\n|-crit|p2a: Clodsire\n|-damage|p2a: Clodsire|0 fnt\n|faint|p2a: Clodsire\n|\n|upkeep\n|\n|t:|1783557112\n|switch|p2a: Cinderace|Cinderace, L77, M|26/100\n|-damage|p2a: Cinderace|1/100|[from] Stealth Rock\n|turn|37\n|inactive|Time left: 300 sec this turn | 300 sec total\n|\n|t:|1783557113\n|move|p2a: Cinderace|Gunk Shot|p1a: Ogerpon\n|-start|p2a: Cinderace|typechange|Poison|[from] ability: Libero\n|-supereffective|p1a: Ogerpon\n|-damage|p1a: Ogerpon|0 fnt\n|faint|p1a: Ogerpon\n|\n|upkeep\n|inactive|Time left: 300 sec this turn | 300 sec total | 5 sec grace\n|\n|t:|1783557113\n|switch|p1a: Pachirisu|Pachirisu, L96, F|271/271\n|turn|38\n|inactive|Time left: 300 sec this turn | 300 sec total\n|\n|t:|1783557114\n|move|p1a: Pachirisu|U-turn|p2a: Cinderace\n|-resisted|p2a: Cinderace\n|-damage|p2a: Cinderace|0 fnt\n|faint|p2a: Cinderace\n|\n|upkeep\n|\n|t:|1783557115\n|switch|p2a: Girafarig|Girafarig, L89, M|44/100\n|-damage|p2a: Girafarig|32/100|[from] Stealth Rock\n|turn|39\n|inactive|Time left: 300 sec this turn | 300 sec total\n|\n|t:|1783557116\n|move|p1a: Pachirisu|U-turn|p2a: Girafarig\n|-supereffective|p2a: Girafarig\n|-damage|p2a: Girafarig|11/100\n|move|p2a: Girafarig|Hyper Voice|p1a: Pachirisu\n|-damage|p1a: Pachirisu|178/271\n|\n|upkeep\n|turn|40\n|inactive|Time left: 300 sec this turn | 300 sec total\n|\n|t:|1783557117\n|move|p1a: Pachirisu|Discharge|p2a: Girafarig\n|-damage|p2a: Girafarig|0 fnt\n|faint|p2a: Girafarig\n|\n|win|p0x146692c0", "uploadtime": 1783557117, "views": 0, "rating": 0, "private": 0, "password": null, "_winner": "p0x146692c0", "_our_name": "p0x146692c0"}