{"id": "battle-gen9randombattle-2033", "formatid": "gen9randombattle", "format": "[Gen 9] Random Battle", "players": ["p0x20334e33", "p0y20338a5d"], "log": "|init|battle\n|title|p0x20334e33 vs. p0y20338a5d\n|j|\u2606p0x20334e33\n|j|\u2606p0y20338a5d\n|t:|1783563543\n|gametype|singles\n|player|p1|p0x20334e33|101|\n|player|p2|p0y20338a5d|265|\n|gen|9\n|tier|[Gen 9] Random Battle\n|rule|Species Clause: Limit one of each Pok\u00e9mon\n|rule|HP Percentage Mod: HP is shown in percentages\n|rule|Sleep Clause Mod: Limit one foe put to sleep\n|rule|Illusion Level Mod: Illusion disguises the Pok\u00e9mon's true level\n|\n|t:|1783563543\n|teamsize|p1|6\n|teamsize|p2|6\n|start\n|switch|p1a: Kleavor|Kleavor, L78, M|237/237\n|switch|p2a: Ditto|Ditto, L87|100/100\n|-transform|p2a: Ditto|p1a: Kleavor|[from] ability: Imposter\n|turn|1\n|inactive|Battle timer is ON: inactive players will automatically lose when time's up. (requested by p0x20334e33)\n|inactive|p0y20338a5d also wants the timer to be on.\n|\n|t:|1783563545\n|-terastallize|p1a: Kleavor|Rock\n|move|p2a: Ditto|Stone Axe|p1a: Kleavor\n|-damage|p1a: Kleavor|110/237\n|-sidestart|p1: p0x20334e33|move: Stealth Rock\n|move|p1a: Kleavor|Stone Axe|p2a: Ditto\n|-supereffective|p2a: Ditto\n|-damage|p2a: Ditto|0 fnt\n|-sidestart|p2: p0y20338a5d|move: Stealth Rock\n|faint|p2a: Ditto\n|\n|upkeep\n|\n|t:|1783563546\n|switch|p2a: Iron Treads|Iron Treads, L77|100/100\n|-damage|p2a: Iron Treads|97/100|[from] Stealth Rock\n|turn|2\n|inactive|Time left: 300 sec this turn | 300 sec total\n|\n|t:|1783563547\n|switch|p1a: Oranguru|Oranguru, L92, F|315/315\n|-damage|p1a: Oranguru|276/315|[from] Stealth Rock\n|move|p2a: Iron Treads|Rapid Spin|p1a: Oranguru\n|-damage|p1a: Oranguru|243/315\n|-boost|p2a: Iron Treads|spe|1\n|-sideend|p2: p0y20338a5d|Stealth Rock|[from] move: Rapid Spin|[of] p2a: Iron Treads\n|\n|-heal|p1a: Oranguru|262/315|[from] item: Leftovers\n|upkeep\n|turn|3\n|inactive|Time left: 300 sec this turn | 300 sec total\n|\n|t:|1783563548\n|move|p2a: Iron Treads|Knock Off|p1a: Oranguru\n|-supereffective|p1a: Oranguru\n|-damage|p1a: Oranguru|134/315\n|-enditem|p1a: Oranguru|Leftovers|[from] move: Knock Off|[of] p2a: Iron Treads\n|move|p1a: Oranguru|Nasty Plot|p1a: Oranguru\n|-boost|p1a: Oranguru|spa|2\n|\n|upkeep\n|turn|4\n|inactive|Time left: 300 sec this turn | 300 sec total\n|\n|t:|1783563549\n|move|p2a: Iron Treads|Earthquake|p1a: Oranguru\n|-damage|p1a: Oranguru|32/315\n|move|p1a: Oranguru|Focus Blast|p2a: Iron Treads\n|-supereffective|p2a: Iron Treads\n|-damage|p2a: Iron Treads|0 fnt\n|faint|p2a: Iron Treads\n|-end|p2a: Iron Treads|Quark Drive|[silent]\n|\n|upkeep\n|\n|t:|1783563550\n|switch|p2a: Basculegion|Basculegion, L80, M|100/100\n|turn|5\n|inactive|Time left: 300 sec this turn | 300 sec total\n|\n|t:|1783563551\n|move|p2a: Basculegion|Wave Crash|p1a: Oranguru\n|-damage|p1a: Oranguru|0 fnt\n|faint|p1a: Oranguru\n|-damage|p2a: Basculegion|97/100|[from] Recoil\n|\n|upkeep\n|inactive|Time left: 300 sec this turn | 300 sec total | 5 sec grace\n|\n|t:|1783563553\n|switch|p1a: Magnezone|Magnezone, L85|258/258\n|-damage|p1a: Magnezone|242/258|[from] Stealth Rock\n|turn|6\n|inactive|Time left: 300 sec this turn | 300 sec total\n|\n|t:|1783563554\n|move|p2a: Basculegion|Wave Crash|p1a: Magnezone\n|-damage|p1a: Magnezone|106/258\n|-damage|p2a: Basculegion|83/100|[from] Recoil\n|move|p1a: Magnezone|Thunderbolt|p2a: Basculegion\n|-supereffective|p2a: Basculegion\n|-damage|p2a: Basculegion|5/100\n|\n|upkeep\n|turn|7\n|inactive|Time left: 300 sec this turn | 300 sec total\n|\n|t:|1783563555\n|move|p2a: Basculegion|Wave Crash|p1a: Magnezone\n|-damage|p1a: Magnezone|0 fnt\n|faint|p1a: Magnezone\n|-damage|p2a: Basculegion|0 fnt|[from] Recoil\n|faint|p2a: Basculegion\n|\n|upkeep\n|inactive|Time left: 300 sec this turn | 300 sec total | 5 sec grace\n|\n|t:|1783563556\n|switch|p2a: Medicham|Medicham, L86, M|100/100\n|switch|p1a: Fezandipiti|Fezandipiti, L82, M|278/278\n|-damage|p1a: Fezandipiti|244/278|[from] Stealth Rock\n|turn|8\n|inactive|Time left: 300 sec this turn | 300 sec total\n|\n|t:|1783563556\n|switch|p1a: Meowstic|Meowstic-F, L89, F|277/277\n|-damage|p1a: Meowstic|243/277|[from] Stealth Rock\n|move|p2a: Medicham|Zen Headbutt|p1a: Meowstic\n|-resisted|p1a: Meowstic\n|-damage|p1a: Meowstic|138/277\n|\n|upkeep\n|turn|9\n|inactive|Time left: 300 sec this turn | 300 sec total\n|\n|t:|1783563557\n|move|p1a: Meowstic|Nasty Plot|p1a: Meowstic\n|-boost|p1a: Meowstic|spa|2\n|move|p2a: Medicham|Zen Headbutt|p1a: Meowstic\n|-resisted|p1a: Meowstic\n|-damage|p1a: Meowstic|43/277\n|\n|upkeep\n|turn|10\n|inactive|Time left: 300 sec this turn | 300 sec total\n|\n|t:|1783563558\n|switch|p2a: Hippowdon|Hippowdon, L82, F|100/100\n|-weather|Sandstorm|[from] ability: Sand Stream|[of] p2a: Hippowdon\n|move|p1a: Meowstic|Alluring Voice|p2a: Hippowdon\n|-damage|p2a: Hippowdon|49/100\n|-damage|p1a: Meowstic|16/277|[from] item: Life Orb\n|\n|-weather|Sandstorm|[upkeep]\n|-damage|p1a: Meowstic|0 fnt|[from] Sandstorm\n|faint|p1a: Meowstic\n|-heal|p2a: Hippowdon|55/100|[from] item: Leftovers\n|upkeep\n|inactive|Time left: 300 sec this turn | 300 sec total | 5 sec grace\n|\n|t:|1783563559\n|switch|p1a: Pikachu|Pikachu-Unova, L93, M|216/216\n|-damage|p1a: Pikachu|189/216|[from] Stealth Rock\n|turn|11\n|inactive|Time left: 300 sec this turn | 300 sec total\n|\n|t:|1783563560\n|-terastallize|p2a: Hippowdon|Rock\n|move|p1a: Pikachu|Surf|p2a: Hippowdon\n|-supereffective|p2a: Hippowdon\n|-damage|p2a: Hippowdon|2/100\n|move|p2a: Hippowdon|Slack Off|p2a: Hippowdon\n|-heal|p2a: Hippowdon|52/100\n|\n|-weather|Sandstorm|[upkeep]\n|-damage|p1a: Pikachu|176/216|[from] Sandstorm\n|-heal|p2a: Hippowdon|58/100|[from] item: Leftovers\n|upkeep\n|turn|12\n|inactive|Time left: 300 sec this turn | 300 sec total\n|\n|t:|1783563561\n|move|p1a: Pikachu|Volt Tackle|p2a: Hippowdon\n|-damage|p2a: Hippowdon|4/100\n|-damage|p1a: Pikachu|120/216|[from] Recoil\n|move|p2a: Hippowdon|Slack Off|p2a: Hippowdon\n|-heal|p2a: Hippowdon|54/100\n|\n|-weather|Sandstorm|[upkeep]\n|-damage|p1a: Pikachu|107/216|[from] Sandstorm\n|-heal|p2a: Hippowdon|60/100|[from] item: Leftovers\n|upkeep\n|turn|13\n|inactive|Time left: 300 sec this turn | 300 sec total\n|\n|t:|1783563562\n|move|p1a: Pikachu|Surf|p2a: Hippowdon\n|-supereffective|p2a: Hippowdon\n|-damage|p2a: Hippowdon|11/100\n|move|p2a: Hippowdon|Slack Off|p2a: Hippowdon\n|-heal|p2a: Hippowdon|61/100\n|\n|-weather|Sandstorm|[upkeep]\n|-damage|p1a: Pikachu|94/216|[from] Sandstorm\n|-heal|p2a: Hippowdon|67/100|[from] item: Leftovers\n|upkeep\n|turn|14\n|inactive|Time left: 300 sec this turn | 300 sec total\n|\n|t:|1783563563\n|move|p1a: Pikachu|Volt Tackle|p2a: Hippowdon\n|-damage|p2a: Hippowdon|13/100\n|-status|p2a: Hippowdon|par\n|-damage|p1a: Pikachu|39/216|[from] Recoil\n|move|p2a: Hippowdon|Earthquake|p1a: Pikachu\n|-supereffective|p1a: Pikachu\n|-damage|p1a: Pikachu|0 fnt\n|faint|p1a: Pikachu\n|\n|-weather|none\n|-heal|p2a: Hippowdon|19/100 par|[from] item: Leftovers\n|upkeep\n|inactive|Time left: 300 sec this turn | 300 sec total | 5 sec grace\n|\n|t:|1783563564\n|switch|p1a: Kleavor|Kleavor, L78, M, tera:Rock|110/237\n|turn|15\n|inactive|Time left: 300 sec this turn | 300 sec total\n|\n|t:|1783563565\n|move|p1a: Kleavor|Defog|p2a: Hippowdon\n|-unboost|p2a: Hippowdon|evasion|1\n|-sideend|p1: p0x20334e33|Stealth Rock|[from] move: Defog|[of] p1a: Kleavor\n|cant|p2a: Hippowdon|par\n|\n|-heal|p2a: Hippowdon|26/100 par|[from] item: Leftovers\n|upkeep\n|turn|16\n|inactive|Time left: 300 sec this turn | 300 sec total\n|\n|t:|1783563565\n|move|p1a: Kleavor|U-turn|p2a: Hippowdon\n|-crit|p2a: Hippowdon\n|-damage|p2a: Hippowdon|0 fnt\n|faint|p2a: Hippowdon\n|inactive|Time left: 300 sec this turn | 300 sec total | 5 sec grace\n|\n|t:|1783563566\n|switch|p1a: Fezandipiti|Fezandipiti, L82, M|244/278|[from] U-turn\n|\n|-heal|p1a: Fezandipiti|261/278|[from] item: Leftovers\n|upkeep\n|\n|t:|1783563567\n|switch|p2a: Medicham|Medicham, L86, M|100/100\n|turn|17\n|inactive|Time left: 300 sec this turn | 300 sec total\n|\n|t:|1783563568\n|move|p1a: Fezandipiti|Moonblast|p2a: Medicham\n|-supereffective|p2a: Medicham\n|-damage|p2a: Medicham|34/100\n|move|p2a: Medicham|Zen Headbutt|p1a: Fezandipiti\n|-supereffective|p1a: Fezandipiti\n|-damage|p1a: Fezandipiti|0 fnt\n|faint|p1a: Fezandipiti\n|\n|upkeep\n|inactive|Time left: 300 sec this turn | 300 sec total | 5 sec grace\n|\n|t:|1783563569\n|switch|p1a: Kleavor|Kleavor, L78, M, tera:Rock|110/237\n|turn|18\n|inactive|Time left: 300 sec this turn | 300 sec total\n|\n|t:|1783563570\n|move|p2a: Medicham|Zen Headbutt|p1a: Kleavor\n|-damage|p1a: Kleavor|0 fnt\n|faint|p1a: Kleavor\n|\n|win|p0y20338a5d", "uploadtime": 1783563570, "views": 0, "rating": 0, "private": 0, "password": null, "_winner": "p0y20338a5d", "_our_name": "p0x20334e33"}