{"id": "battle-gen9randombattle-1082", "formatid": "gen9randombattle", "format": "[Gen 9] Random Battle", "players": ["p0x108275ee", "p0y10820691"], "log": "|init|battle\n|title|p0x108275ee vs. p0y10820691\n|j|\u2606p0x108275ee\n|j|\u2606p0y10820691\n|t:|1783551741\n|gametype|singles\n|player|p1|p0x108275ee|265|\n|player|p2|p0y10820691|1|\n|gen|9\n|tier|[Gen 9] Random Battle\n|rule|Species Clause: Limit one of each Pok\u00e9mon\n|rule|HP Percentage Mod: HP is shown in percentages\n|rule|Sleep Clause Mod: Limit one foe put to sleep\n|rule|Illusion Level Mod: Illusion disguises the Pok\u00e9mon's true level\n|\n|t:|1783551741\n|teamsize|p1|6\n|teamsize|p2|6\n|start\n|switch|p1a: Umbreon|Umbreon, L84, M|297/297\n|switch|p2a: Salazzle|Salazzle, L83, F|100/100\n|turn|1\n|inactive|Battle timer is ON: inactive players will automatically lose when time's up. (requested by p0x108275ee)\n|inactive|p0y10820691 also wants the timer to be on.\n|\n|t:|1783551743\n|move|p2a: Salazzle|Nasty Plot|p2a: Salazzle\n|-boost|p2a: Salazzle|spa|2\n|move|p1a: Umbreon|Foul Play|p2a: Salazzle\n|-damage|p2a: Salazzle|73/100\n|\n|upkeep\n|turn|2\n|inactive|Time left: 300 sec this turn | 300 sec total\n|\n|t:|1783551744\n|move|p2a: Salazzle|Fire Blast|p1a: Umbreon|[miss]\n|-miss|p2a: Salazzle|p1a: Umbreon\n|move|p1a: Umbreon|Foul Play|p2a: Salazzle\n|-damage|p2a: Salazzle|42/100\n|\n|upkeep\n|turn|3\n|inactive|Time left: 300 sec this turn | 300 sec total\n|\n|t:|1783551745\n|move|p2a: Salazzle|Sludge Wave|p1a: Umbreon\n|-damage|p1a: Umbreon|135/297\n|move|p1a: Umbreon|Foul Play|p2a: Salazzle\n|-damage|p2a: Salazzle|12/100\n|\n|-heal|p1a: Umbreon|153/297|[from] item: Leftovers\n|upkeep\n|turn|4\n|inactive|Time left: 300 sec this turn | 300 sec total\n|\n|t:|1783551746\n|move|p1a: Umbreon|Protect|p1a: Umbreon\n|-singleturn|p1a: Umbreon|Protect\n|move|p2a: Salazzle|Fire Blast|p1a: Umbreon\n|-activate|p1a: Umbreon|move: Protect\n|\n|-heal|p1a: Umbreon|171/297|[from] item: Leftovers\n|upkeep\n|turn|5\n|inactive|Time left: 300 sec this turn | 300 sec total\n|\n|t:|1783551747\n|switch|p1a: Sudowoodo|Sudowoodo, L94, M|284/284\n|move|p2a: Salazzle|Fire Blast|p1a: Sudowoodo\n|-resisted|p1a: Sudowoodo\n|-damage|p1a: Sudowoodo|136/284\n|\n|upkeep\n|turn|6\n|inactive|Time left: 300 sec this turn | 300 sec total\n|\n|t:|1783551748\n|move|p1a: Sudowoodo|Sucker Punch|p2a: Salazzle\n|-damage|p2a: Salazzle|0 fnt\n|faint|p2a: Salazzle\n|\n|upkeep\n|\n|t:|1783551749\n|switch|p2a: Lurantis|Lurantis, L87, F|100/100\n|turn|7\n|inactive|Time left: 300 sec this turn | 300 sec total\n|\n|t:|1783551750\n|switch|p1a: Dusknoir|Dusknoir, L89, M|225/225\n|-item|p2a: Lurantis|Assault Vest|[from] ability: Frisk|[of] p1a: Dusknoir\n|move|p2a: Lurantis|Superpower|p1a: Dusknoir\n|-immune|p1a: Dusknoir\n|\n|upkeep\n|turn|8\n|inactive|Time left: 300 sec this turn | 300 sec total\n|\n|t:|1783551752\n|move|p1a: Dusknoir|Poltergeist|p2a: Lurantis\n|-activate|p2a: Lurantis|move: Poltergeist|Assault Vest\n|-damage|p2a: Lurantis|49/100\n|move|p2a: Lurantis|Leaf Storm|p1a: Dusknoir\n|-damage|p1a: Dusknoir|141/225\n|-boost|p2a: Lurantis|spa|2\n|\n|-heal|p1a: Dusknoir|155/225|[from] item: Leftovers\n|upkeep\n|turn|9\n|inactive|Time left: 300 sec this turn | 300 sec total\n|\n|t:|1783551753\n|move|p1a: Dusknoir|Poltergeist|p2a: Lurantis\n|-activate|p2a: Lurantis|move: Poltergeist|Assault Vest\n|-crit|p2a: Lurantis\n|-damage|p2a: Lurantis|0 fnt\n|faint|p2a: Lurantis\n|\n|-heal|p1a: Dusknoir|169/225|[from] item: Leftovers\n|upkeep\n|\n|t:|1783551753\n|switch|p2a: Granbull|Granbull, L88, M|100/100\n|-ability|p2a: Granbull|Intimidate|boost\n|-unboost|p1a: Dusknoir|atk|1\n|turn|10\n|inactive|Time left: 300 sec this turn | 300 sec total\n|\n|t:|1783551754\n|move|p1a: Dusknoir|Pain Split|p2a: Granbull\n|-sethp|p2a: Granbull|78/100|[from] move: Pain Split|[silent]\n|-sethp|p1a: Dusknoir|225/225|[from] move: Pain Split\n|move|p2a: Granbull|Play Rough|p1a: Dusknoir\n|-damage|p1a: Dusknoir|140/225\n|-unboost|p1a: Dusknoir|atk|1\n|\n|-heal|p1a: Dusknoir|154/225|[from] item: Leftovers\n|-heal|p2a: Granbull|84/100|[from] item: Leftovers\n|upkeep\n|turn|11\n|inactive|Time left: 300 sec this turn | 300 sec total\n|\n|t:|1783551755\n|move|p1a: Dusknoir|Pain Split|p2a: Granbull\n|-sethp|p2a: Granbull|68/100|[from] move: Pain Split|[silent]\n|-sethp|p1a: Dusknoir|203/225|[from] move: Pain Split\n|move|p2a: Granbull|Play Rough|p1a: Dusknoir\n|-damage|p1a: Dusknoir|119/225\n|-unboost|p1a: Dusknoir|atk|1\n|\n|-heal|p1a: Dusknoir|133/225|[from] item: Leftovers\n|-heal|p2a: Granbull|74/100|[from] item: Leftovers\n|upkeep\n|turn|12\n|inactive|Time left: 300 sec this turn | 300 sec total\n|\n|t:|1783551757\n|move|p1a: Dusknoir|Pain Split|p2a: Granbull\n|-sethp|p2a: Granbull|59/100|[from] move: Pain Split|[silent]\n|-sethp|p1a: Dusknoir|177/225|[from] move: Pain Split\n|move|p2a: Granbull|Play Rough|p1a: Dusknoir\n|-damage|p1a: Dusknoir|101/225\n|\n|-heal|p1a: Dusknoir|115/225|[from] item: Leftovers\n|-heal|p2a: Granbull|65/100|[from] item: Leftovers\n|upkeep\n|turn|13\n|inactive|Time left: 300 sec this turn | 300 sec total\n|\n|t:|1783551758\n|move|p1a: Dusknoir|Pain Split|p2a: Granbull\n|-sethp|p2a: Granbull|52/100|[from] move: Pain Split|[silent]\n|-sethp|p1a: Dusknoir|155/225|[from] move: Pain Split\n|move|p2a: Granbull|Play Rough|p1a: Dusknoir\n|-damage|p1a: Dusknoir|76/225\n|\n|-heal|p1a: Dusknoir|90/225|[from] item: Leftovers\n|-heal|p2a: Granbull|58/100|[from] item: Leftovers\n|upkeep\n|turn|14\n|inactive|Time left: 300 sec this turn | 300 sec total\n|\n|t:|1783551759\n|move|p1a: Dusknoir|Pain Split|p2a: Granbull\n|-sethp|p2a: Granbull|44/100|[from] move: Pain Split|[silent]\n|-sethp|p1a: Dusknoir|131/225|[from] move: Pain Split\n|move|p2a: Granbull|Play Rough|p1a: Dusknoir\n|-damage|p1a: Dusknoir|55/225\n|\n|-heal|p1a: Dusknoir|69/225|[from] item: Leftovers\n|-heal|p2a: Granbull|50/100|[from] item: Leftovers\n|upkeep\n|turn|15\n|inactive|Time left: 300 sec this turn | 300 sec total\n|\n|t:|1783551760\n|move|p1a: Dusknoir|Pain Split|p2a: Granbull\n|-sethp|p2a: Granbull|37/100|[from] move: Pain Split|[silent]\n|-sethp|p1a: Dusknoir|109/225|[from] move: Pain Split\n|move|p2a: Granbull|Play Rough|p1a: Dusknoir\n|-damage|p1a: Dusknoir|30/225\n|\n|-heal|p1a: Dusknoir|44/225|[from] item: Leftovers\n|-heal|p2a: Granbull|43/100|[from] item: Leftovers\n|upkeep\n|turn|16\n|inactive|Time left: 300 sec this turn | 300 sec total\n|\n|t:|1783551761\n|move|p1a: Dusknoir|Pain Split|p2a: Granbull\n|-sethp|p2a: Granbull|29/100|[from] move: Pain Split|[silent]\n|-sethp|p1a: Dusknoir|85/225|[from] move: Pain Split\n|move|p2a: Granbull|Earthquake|p1a: Dusknoir\n|-damage|p1a: Dusknoir|18/225\n|\n|-heal|p1a: Dusknoir|32/225|[from] item: Leftovers\n|-heal|p2a: Granbull|35/100|[from] item: Leftovers\n|upkeep\n|turn|17\n|inactive|Time left: 300 sec this turn | 300 sec total\n|\n|t:|1783551762\n|move|p1a: Dusknoir|Pain Split|p2a: Granbull\n|-sethp|p2a: Granbull|23/100|[from] move: Pain Split|[silent]\n|-sethp|p1a: Dusknoir|67/225|[from] move: Pain Split\n|move|p2a: Granbull|Play Rough|p1a: Dusknoir\n|-damage|p1a: Dusknoir|0 fnt\n|faint|p1a: Dusknoir\n|\n|-heal|p2a: Granbull|29/100|[from] item: Leftovers\n|upkeep\n|inactive|Time left: 300 sec this turn | 300 sec total | 5 sec grace\n|\n|t:|1783551763\n|switch|p1a: Calyrex|Calyrex-Shadow, L64|235/235\n|-ability|p1a: Calyrex|As One\n|-ability|p1a: Calyrex|Unnerve\n|turn|18\n|inactive|Time left: 300 sec this turn | 300 sec total\n|\n|t:|1783551764\n|switch|p2a: Alomomola|Alomomola, L87, F|100/100\n|move|p1a: Calyrex|Astral Barrage|p2a: Alomomola\n|-damage|p2a: Alomomola|50/100\n|-damage|p1a: Calyrex|212/235|[from] item: Life Orb\n|\n|upkeep\n|turn|19\n|inactive|Time left: 300 sec this turn | 300 sec total\n|\n|t:|1783551765\n|move|p2a: Alomomola|Protect|p2a: Alomomola\n|-singleturn|p2a: Alomomola|Protect\n|move|p1a: Calyrex|Astral Barrage|p2a: Alomomola\n|-activate|p2a: Alomomola|move: Protect\n|\n|upkeep\n|turn|20\n|inactive|Time left: 300 sec this turn | 300 sec total\n|\n|t:|1783551766\n|switch|p2a: Kingdra|Kingdra, L84, F|100/100\n|move|p1a: Calyrex|Astral Barrage|p2a: Kingdra\n|-damage|p2a: Kingdra|49/100\n|-damage|p1a: Calyrex|189/235|[from] item: Life Orb\n|\n|upkeep\n|turn|21\n|inactive|Time left: 300 sec this turn | 300 sec total\n|\n|t:|1783551767\n|switch|p2a: Alomomola|Alomomola, L87, F|83/100\n|move|p1a: Calyrex|Astral Barrage|p2a: Alomomola\n|-damage|p2a: Alomomola|32/100\n|-damage|p1a: Calyrex|166/235|[from] item: Life Orb\n|\n|upkeep\n|turn|22\n|inactive|Time left: 300 sec this turn | 300 sec total\n|\n|t:|1783551768\n|move|p2a: Alomomola|Protect|p2a: Alomomola\n|-singleturn|p2a: Alomomola|Protect\n|move|p1a: Calyrex|Astral Barrage|p2a: Alomomola\n|-activate|p2a: Alomomola|move: Protect\n|\n|upkeep\n|turn|23\n|inactive|Time left: 300 sec this turn | 300 sec total\n|\n|t:|1783551769\n|switch|p2a: Landorus|Landorus, L75, M|100/100\n|move|p1a: Calyrex|Astral Barrage|p2a: Landorus\n|-crit|p2a: Landorus\n|-damage|p2a: Landorus|4/100\n|-damage|p1a: Calyrex|143/235|[from] item: Life Orb\n|\n|upkeep\n|turn|24\n|inactive|Time left: 300 sec this turn | 300 sec total\n|\n|t:|1783551769\n|switch|p2a: Alomomola|Alomomola, L87, F|66/100\n|move|p1a: Calyrex|Astral Barrage|p2a: Alomomola\n|-damage|p2a: Alomomola|7/100\n|-damage|p1a: Calyrex|120/235|[from] item: Life Orb\n|\n|upkeep\n|turn|25\n|inactive|Time left: 300 sec this turn | 300 sec total\n|\n|t:|1783551770\n|move|p2a: Alomomola|Protect|p2a: Alomomola\n|-singleturn|p2a: Alomomola|Protect\n|move|p1a: Calyrex|Psyshock|p2a: Alomomola\n|-activate|p2a: Alomomola|move: Protect\n|\n|upkeep\n|turn|26\n|inactive|Time left: 300 sec this turn | 300 sec total\n|\n|t:|1783551771\n|switch|p2a: Kingdra|Kingdra, L84, F|49/100\n|move|p1a: Calyrex|Psyshock|p2a: Kingdra\n|-damage|p2a: Kingdra|11/100\n|-damage|p1a: Calyrex|97/235|[from] item: Life Orb\n|\n|upkeep\n|turn|27\n|inactive|Time left: 300 sec this turn | 300 sec total\n|\n|t:|1783551771\n|switch|p2a: Alomomola|Alomomola, L87, F|41/100\n|move|p1a: Calyrex|Psyshock|p2a: Alomomola\n|-damage|p2a: Alomomola|17/100\n|-damage|p1a: Calyrex|74/235|[from] item: Life Orb\n|\n|upkeep\n|turn|28\n|inactive|Time left: 300 sec this turn | 300 sec total\n|\n|t:|1783551772\n|move|p2a: Alomomola|Protect|p2a: Alomomola\n|-singleturn|p2a: Alomomola|Protect\n|move|p1a: Calyrex|Psyshock|p2a: Alomomola\n|-activate|p2a: Alomomola|move: Protect\n|\n|upkeep\n|turn|29\n|inactive|Time left: 300 sec this turn | 300 sec total\n|\n|t:|1783551773\n|switch|p2a: Landorus|Landorus, L75, M|4/100\n|move|p1a: Calyrex|Psyshock|p2a: Landorus\n|-damage|p2a: Landorus|0 fnt\n|faint|p2a: Landorus\n|-ability|p1a: Calyrex|Grim Neigh|boost\n|-boost|p1a: Calyrex|spa|1\n|-damage|p1a: Calyrex|51/235|[from] item: Life Orb\n|\n|upkeep\n|\n|t:|1783551774\n|switch|p2a: Alomomola|Alomomola, L87, F|50/100\n|turn|30\n|inactive|Time left: 300 sec this turn | 300 sec total\n|\n|t:|1783551775\n|move|p2a: Alomomola|Protect|p2a: Alomomola\n|-singleturn|p2a: Alomomola|Protect\n|move|p1a: Calyrex|Astral Barrage|p2a: Alomomola\n|-activate|p2a: Alomomola|move: Protect\n|\n|upkeep\n|turn|31\n|inactive|Time left: 300 sec this turn | 300 sec total\n|\n|t:|1783551776\n|move|p1a: Calyrex|Psyshock|p2a: Alomomola\n|-damage|p2a: Alomomola|16/100\n|-damage|p1a: Calyrex|28/235|[from] item: Life Orb\n|move|p2a: Alomomola|Flip Turn|p1a: Calyrex\n|-damage|p1a: Calyrex|0 fnt\n|faint|p1a: Calyrex\n|\n|t:|1783551777\n|switch|p2a: Kingdra|Kingdra, L84, F|11/100|[from] Flip Turn\n|\n|upkeep\n|inactive|Time left: 300 sec this turn | 300 sec total | 10 sec grace\n|\n|t:|1783551778\n|switch|p1a: Raikou|Raikou, L81|278/278\n|-ability|p1a: Raikou|Pressure\n|turn|32\n|inactive|Time left: 300 sec this turn | 300 sec total\n|\n|t:|1783551778\n|move|p1a: Raikou|Thunderbolt|p2a: Kingdra\n|-damage|p2a: Kingdra|0 fnt\n|faint|p2a: Kingdra\n|\n|upkeep\n|\n|t:|1783551779\n|switch|p2a: Granbull|Granbull, L88, M|29/100\n|-ability|p2a: Granbull|Intimidate|boost\n|-unboost|p1a: Raikou|atk|1\n|turn|33\n|inactive|Time left: 300 sec this turn | 300 sec total\n|\n|t:|1783551781\n|-terastallize|p1a: Raikou|Water\n|-terastallize|p2a: Granbull|Ground\n|move|p1a: Raikou|Scald|p2a: Granbull\n|-supereffective|p2a: Granbull\n|-damage|p2a: Granbull|0 fnt\n|faint|p2a: Granbull\n|\n|upkeep\n|\n|t:|1783551781\n|switch|p2a: Alomomola|Alomomola, L87, F|49/100\n|turn|34\n|inactive|Time left: 300 sec this turn | 300 sec total\n|\n|t:|1783551782\n|move|p2a: Alomomola|Protect|p2a: Alomomola\n|-singleturn|p2a: Alomomola|Protect\n|move|p1a: Raikou|Thunderbolt|p2a: Alomomola\n|-activate|p2a: Alomomola|move: Protect\n|\n|upkeep\n|turn|35\n|inactive|Time left: 300 sec this turn | 300 sec total\n|\n|t:|1783551783\n|move|p2a: Alomomola|Protect|p2a: Alomomola\n|-singleturn|p2a: Alomomola|Protect\n|move|p1a: Raikou|Thunderbolt|p2a: Alomomola\n|-activate|p2a: Alomomola|move: Protect\n|\n|upkeep\n|turn|36\n|inactive|Time left: 300 sec this turn | 300 sec total\n|\n|t:|1783551785\n|move|p2a: Alomomola|Protect||[still]\n|-fail|p2a: Alomomola\n|move|p1a: Raikou|Thunderbolt|p2a: Alomomola\n|-supereffective|p2a: Alomomola\n|-damage|p2a: Alomomola|0 fnt\n|faint|p2a: Alomomola\n|\n|win|p0x108275ee", "uploadtime": 1783551785, "views": 0, "rating": 0, "private": 0, "password": null, "_winner": "p0x108275ee", "_our_name": "p0x108275ee"}