{"id": "battle-gen9randombattle-1317", "formatid": "gen9randombattle", "format": "[Gen 9] Random Battle", "players": ["p0x13173080", "p0y131777b0"], "log": "|init|battle\n|title|p0x13173080 vs. p0y131777b0\n|j|\u2606p0x13173080\n|j|\u2606p0y131777b0\n|t:|1783554407\n|gametype|singles\n|player|p1|p0x13173080|102|\n|player|p2|p0y131777b0|1|\n|gen|9\n|tier|[Gen 9] Random Battle\n|rule|Species Clause: Limit one of each Pok\u00e9mon\n|rule|HP Percentage Mod: HP is shown in percentages\n|rule|Sleep Clause Mod: Limit one foe put to sleep\n|rule|Illusion Level Mod: Illusion disguises the Pok\u00e9mon's true level\n|\n|t:|1783554407\n|teamsize|p1|6\n|teamsize|p2|6\n|start\n|switch|p1a: Ursaring|Ursaring, L84, M|288/288\n|switch|p2a: Drednaw|Drednaw, L81, F|100/100\n|turn|1\n|inactive|Battle timer is ON: inactive players will automatically lose when time's up. (requested by p0y131777b0)\n|inactive|Time left: 300 sec this turn | 300 sec total | 60 sec grace\n|inactive|p0x13173080 also wants the timer to be on.\n|\n|t:|1783554409\n|move|p2a: Drednaw|Shell Smash|p2a: Drednaw\n|-unboost|p2a: Drednaw|def|1\n|-unboost|p2a: Drednaw|spd|1\n|-boost|p2a: Drednaw|atk|2\n|-boost|p2a: Drednaw|spa|2\n|-boost|p2a: Drednaw|spe|2\n|-enditem|p2a: Drednaw|White Herb\n|-clearnegativeboost|p2a: Drednaw|[silent]\n|move|p1a: Ursaring|Swords Dance|p1a: Ursaring\n|-boost|p1a: Ursaring|atk|2\n|\n|-status|p1a: Ursaring|tox|[from] item: Toxic Orb\n|upkeep\n|turn|2\n|inactive|Time left: 300 sec this turn | 300 sec total\n|\n|t:|1783554410\n|-terastallize|p2a: Drednaw|Water\n|move|p2a: Drednaw|Liquidation|p1a: Ursaring\n|-damage|p1a: Ursaring|20/288 tox\n|move|p1a: Ursaring|Close Combat|p2a: Drednaw\n|-damage|p2a: Drednaw|19/100\n|-unboost|p1a: Ursaring|def|1\n|-unboost|p1a: Ursaring|spd|1\n|\n|-damage|p1a: Ursaring|2/288 tox|[from] psn\n|upkeep\n|turn|3\n|inactive|Time left: 300 sec this turn | 300 sec total\n|\n|t:|1783554411\n|move|p2a: Drednaw|Liquidation|p1a: Ursaring\n|-damage|p1a: Ursaring|0 fnt\n|faint|p1a: Ursaring\n|\n|upkeep\n|inactive|Time left: 300 sec this turn | 300 sec total | 5 sec grace\n|\n|t:|1783554412\n|switch|p1a: Furret|Furret, L94, M|312/312\n|turn|4\n|inactive|Time left: 300 sec this turn | 300 sec total\n|\n|t:|1783554413\n|move|p2a: Drednaw|Liquidation|p1a: Furret\n|-damage|p1a: Furret|22/312\n|move|p1a: Furret|Double-Edge|p2a: Drednaw\n|-damage|p2a: Drednaw|0 fnt\n|faint|p2a: Drednaw\n|-damage|p1a: Furret|5/312|[from] Recoil\n|-damage|p1a: Furret|0 fnt|[from] item: Life Orb\n|faint|p1a: Furret\n|\n|upkeep\n|inactive|Time left: 300 sec this turn | 300 sec total | 5 sec grace\n|\n|t:|1783554414\n|switch|p1a: Leavanny|Leavanny, L86, F|269/269\n|switch|p2a: Sandy Shocks|Sandy Shocks, L80|100/100\n|turn|5\n|inactive|Time left: 300 sec this turn | 300 sec total\n|\n|t:|1783554415\n|move|p2a: Sandy Shocks|Thunder Wave|p1a: Leavanny\n|-status|p1a: Leavanny|par\n|cant|p1a: Leavanny|par\n|\n|upkeep\n|turn|6\n|inactive|Time left: 300 sec this turn | 300 sec total\n|\n|t:|1783554417\n|-end|p2a: Sandy Shocks|Protosynthesis|[silent]\n|switch|p2a: Cacturne|Cacturne, L92, M|100/100\n|move|p1a: Leavanny|Sticky Web|p2a: Cacturne\n|-sidestart|p2: p0y131777b0|move: Sticky Web\n|\n|upkeep\n|turn|7\n|inactive|Time left: 300 sec this turn | 300 sec total\n|\n|t:|1783554418\n|move|p2a: Cacturne|Knock Off|p1a: Leavanny\n|-damage|p1a: Leavanny|86/269 par\n|-enditem|p1a: Leavanny|Heavy-Duty Boots|[from] move: Knock Off|[of] p2a: Cacturne\n|-damage|p2a: Cacturne|91/100|[from] item: Life Orb\n|move|p1a: Leavanny|Lunge|p2a: Cacturne\n|-supereffective|p2a: Cacturne\n|-damage|p2a: Cacturne|0 fnt\n|faint|p2a: Cacturne\n|\n|upkeep\n|\n|t:|1783554419\n|switch|p2a: Swanna|Swanna, L89, M|100/100\n|turn|8\n|inactive|Time left: 300 sec this turn | 300 sec total\n|\n|t:|1783554420\n|move|p2a: Swanna|Defog|p1a: Leavanny\n|-unboost|p1a: Leavanny|evasion|1\n|-sideend|p2: p0y131777b0|Sticky Web|[from] move: Defog|[of] p2a: Swanna\n|move|p1a: Leavanny|Knock Off|p2a: Swanna\n|-damage|p2a: Swanna|66/100\n|-enditem|p2a: Swanna|Heavy-Duty Boots|[from] move: Knock Off|[of] p1a: Leavanny\n|\n|upkeep\n|turn|9\n|inactive|Time left: 300 sec this turn | 300 sec total\n|\n|t:|1783554421\n|move|p2a: Swanna|Brave Bird|p1a: Leavanny\n|-supereffective|p1a: Leavanny\n|-damage|p1a: Leavanny|0 fnt\n|faint|p1a: Leavanny\n|-damage|p2a: Swanna|56/100|[from] Recoil\n|\n|upkeep\n|inactive|Time left: 300 sec this turn | 300 sec total | 5 sec grace\n|\n|t:|1783554422\n|switch|p1a: Iron Thorns|Iron Thorns, L83|302/302\n|-item|p1a: Iron Thorns|Air Balloon\n|turn|10\n|inactive|Time left: 300 sec this turn | 300 sec total\n|\n|t:|1783554423\n|move|p2a: Swanna|Hydro Pump|p1a: Iron Thorns\n|-supereffective|p1a: Iron Thorns\n|-damage|p1a: Iron Thorns|68/302\n|-enditem|p1a: Iron Thorns|Air Balloon\n|move|p1a: Iron Thorns|Wild Charge|p2a: Swanna\n|-supereffective|p2a: Swanna\n|-damage|p2a: Swanna|0 fnt\n|faint|p2a: Swanna\n|-damage|p1a: Iron Thorns|29/302|[from] Recoil\n|\n|upkeep\n|\n|t:|1783554425\n|switch|p2a: Alcremie|Alcremie, L90, F|100/100\n|turn|11\n|inactive|Time left: 300 sec this turn | 300 sec total\n|\n|t:|1783554426\n|move|p2a: Alcremie|Calm Mind|p2a: Alcremie\n|-boost|p2a: Alcremie|spa|1\n|-boost|p2a: Alcremie|spd|1\n|move|p1a: Iron Thorns|Stone Edge|p2a: Alcremie\n|-damage|p2a: Alcremie|51/100\n|\n|-heal|p2a: Alcremie|57/100|[from] item: Leftovers\n|upkeep\n|turn|12\n|inactive|Time left: 300 sec this turn | 300 sec total\n|\n|t:|1783554427\n|move|p1a: Iron Thorns|Stone Edge|p2a: Alcremie|[miss]\n|-miss|p1a: Iron Thorns|p2a: Alcremie\n|move|p2a: Alcremie|Recover|p2a: Alcremie\n|-heal|p2a: Alcremie|100/100\n|\n|upkeep\n|turn|13\n|inactive|Time left: 300 sec this turn | 300 sec total\n|\n|t:|1783554428\n|move|p1a: Iron Thorns|Stone Edge|p2a: Alcremie\n|-damage|p2a: Alcremie|47/100\n|move|p2a: Alcremie|Tera Blast|p1a: Iron Thorns\n|-resisted|p1a: Iron Thorns\n|-damage|p1a: Iron Thorns|0 fnt\n|faint|p1a: Iron Thorns\n|-end|p1a: Iron Thorns|Quark Drive|[silent]\n|\n|-heal|p2a: Alcremie|53/100|[from] item: Leftovers\n|upkeep\n|inactive|Time left: 300 sec this turn | 300 sec total | 5 sec grace\n|\n|t:|1783554429\n|switch|p1a: Tauros|Tauros-Paldea-Blaze, L81, M|252/252\n|turn|14\n|inactive|Time left: 300 sec this turn | 300 sec total\n|\n|t:|1783554430\n|move|p1a: Tauros|Bulk Up|p1a: Tauros\n|-boost|p1a: Tauros|atk|1\n|-boost|p1a: Tauros|def|1\n|move|p2a: Alcremie|Recover|p2a: Alcremie\n|-heal|p2a: Alcremie|100/100\n|\n|upkeep\n|turn|15\n|inactive|Time left: 300 sec this turn | 300 sec total\n|\n|t:|1783554431\n|move|p1a: Tauros|Raging Bull|p2a: Alcremie\n|-damage|p2a: Alcremie|44/100\n|move|p2a: Alcremie|Recover|p2a: Alcremie\n|-heal|p2a: Alcremie|94/100\n|\n|-heal|p2a: Alcremie|100/100|[from] item: Leftovers\n|upkeep\n|turn|16\n|inactive|Time left: 300 sec this turn | 300 sec total\n|\n|t:|1783554432\n|move|p1a: Tauros|Raging Bull|p2a: Alcremie\n|-damage|p2a: Alcremie|42/100\n|move|p2a: Alcremie|Recover|p2a: Alcremie\n|-heal|p2a: Alcremie|92/100\n|\n|-heal|p2a: Alcremie|98/100|[from] item: Leftovers\n|upkeep\n|turn|17\n|inactive|Time left: 300 sec this turn | 300 sec total\n|\n|t:|1783554433\n|move|p1a: Tauros|Raging Bull|p2a: Alcremie\n|-damage|p2a: Alcremie|38/100\n|move|p2a: Alcremie|Recover|p2a: Alcremie\n|-heal|p2a: Alcremie|88/100\n|\n|-heal|p2a: Alcremie|94/100|[from] item: Leftovers\n|upkeep\n|turn|18\n|inactive|Time left: 300 sec this turn | 300 sec total\n|\n|t:|1783554434\n|move|p1a: Tauros|Raging Bull|p2a: Alcremie\n|-damage|p2a: Alcremie|30/100\n|move|p2a: Alcremie|Recover|p2a: Alcremie\n|-heal|p2a: Alcremie|80/100\n|\n|-heal|p2a: Alcremie|86/100|[from] item: Leftovers\n|upkeep\n|turn|19\n|inactive|Time left: 300 sec this turn | 300 sec total\n|\n|t:|1783554435\n|move|p1a: Tauros|Raging Bull|p2a: Alcremie\n|-damage|p2a: Alcremie|32/100\n|move|p2a: Alcremie|Recover|p2a: Alcremie\n|-heal|p2a: Alcremie|82/100\n|\n|-heal|p2a: Alcremie|88/100|[from] item: Leftovers\n|upkeep\n|turn|20\n|inactive|Time left: 300 sec this turn | 300 sec total\n|\n|t:|1783554436\n|move|p1a: Tauros|Raging Bull|p2a: Alcremie\n|-damage|p2a: Alcremie|27/100\n|move|p2a: Alcremie|Recover|p2a: Alcremie\n|-heal|p2a: Alcremie|77/100\n|\n|-heal|p2a: Alcremie|83/100|[from] item: Leftovers\n|upkeep\n|turn|21\n|inactive|Time left: 300 sec this turn | 300 sec total\n|\n|t:|1783554437\n|move|p1a: Tauros|Raging Bull|p2a: Alcremie\n|-damage|p2a: Alcremie|27/100\n|move|p2a: Alcremie|Alluring Voice|p1a: Tauros\n|-damage|p1a: Tauros|42/252\n|-enditem|p1a: Tauros|Sitrus Berry|[eat]\n|-heal|p1a: Tauros|105/252|[from] item: Sitrus Berry\n|\n|-heal|p2a: Alcremie|34/100|[from] item: Leftovers\n|upkeep\n|turn|22\n|inactive|Time left: 300 sec this turn | 300 sec total\n|\n|t:|1783554438\n|move|p1a: Tauros|Raging Bull|p2a: Alcremie\n|-damage|p2a: Alcremie|0 fnt\n|faint|p2a: Alcremie\n|\n|-activate|p1a: Tauros|ability: Cud Chew\n|-enditem|p1a: Tauros|Sitrus Berry|[eat]\n|-heal|p1a: Tauros|168/252|[from] item: Sitrus Berry\n|upkeep\n|\n|t:|1783554439\n|switch|p2a: Sandy Shocks|Sandy Shocks, L80|100/100\n|turn|23\n|inactive|Time left: 300 sec this turn | 300 sec total\n|\n|t:|1783554440\n|move|p1a: Tauros|Raging Bull|p2a: Sandy Shocks\n|-damage|p2a: Sandy Shocks|42/100\n|move|p2a: Sandy Shocks|Thunderbolt|p1a: Tauros\n|-damage|p1a: Tauros|42/252\n|\n|-heal|p2a: Sandy Shocks|48/100|[from] item: Leftovers\n|upkeep\n|turn|24\n|inactive|Time left: 300 sec this turn | 300 sec total\n|\n|t:|1783554440\n|move|p1a: Tauros|Raging Bull|p2a: Sandy Shocks\n|-damage|p2a: Sandy Shocks|0 fnt\n|faint|p2a: Sandy Shocks\n|-end|p2a: Sandy Shocks|Protosynthesis|[silent]\n|\n|upkeep\n|\n|t:|1783554441\n|switch|p2a: Froslass|Froslass, L87, F|100/100\n|turn|25\n|inactive|Time left: 300 sec this turn | 300 sec total\n|\n|t:|1783554442\n|move|p2a: Froslass|Triple Axel|p1a: Tauros\n|-resisted|p1a: Tauros\n|-damage|p1a: Tauros|36/252\n|-resisted|p1a: Tauros\n|-damage|p1a: Tauros|24/252\n|-resisted|p1a: Tauros\n|-damage|p1a: Tauros|6/252\n|-hitcount|p1a: Tauros|3\n|move|p1a: Tauros|Raging Bull|p2a: Froslass\n|-supereffective|p2a: Froslass\n|-damage|p2a: Froslass|0 fnt\n|-start|p1a: Tauros|Disable|Raging Bull|[from] ability: Cursed Body|[of] p2a: Froslass\n|faint|p2a: Froslass\n|\n|win|p0x13173080", "uploadtime": 1783554442, "views": 0, "rating": 0, "private": 0, "password": null, "_winner": "p0x13173080", "_our_name": "p0x13173080"}