{"id": "battle-gen9randombattle-1654", "formatid": "gen9randombattle", "format": "[Gen 9] Random Battle", "players": ["p0x16547771", "p0y16549ae8"], "log": "|init|battle\n|title|p0x16547771 vs. p0y16549ae8\n|j|\u2606p0x16547771\n|j|\u2606p0y16549ae8\n|t:|1783558397\n|gametype|singles\n|player|p1|p0x16547771|169|\n|player|p2|p0y16549ae8|2|\n|gen|9\n|tier|[Gen 9] Random Battle\n|rule|Species Clause: Limit one of each Pok\u00e9mon\n|rule|HP Percentage Mod: HP is shown in percentages\n|rule|Sleep Clause Mod: Limit one foe put to sleep\n|rule|Illusion Level Mod: Illusion disguises the Pok\u00e9mon's true level\n|\n|t:|1783558397\n|teamsize|p1|6\n|teamsize|p2|6\n|start\n|switch|p1a: Falinks|Falinks, L84|100/100\n|switch|p2a: Minior|Minior-Orange, L79|224/224\n|-formechange|p2a: Minior|Minior-Meteor||[from] ability: Shields Down\n|turn|1\n|inactive|Battle timer is ON: inactive players will automatically lose when time's up. (requested by p0x16547771)\n|inactive|Time left: 300 sec this turn | 300 sec total | 60 sec grace\n|inactive|p0y16549ae8 also wants the timer to be on.\n|\n|t:|1783558399\n|move|p1a: Falinks|No Retreat|p1a: Falinks\n|-boost|p1a: Falinks|atk|1\n|-boost|p1a: Falinks|def|1\n|-boost|p1a: Falinks|spa|1\n|-boost|p1a: Falinks|spd|1\n|-boost|p1a: Falinks|spe|1\n|-start|p1a: Falinks|move: No Retreat\n|move|p2a: Minior|Shell Smash|p2a: Minior\n|-unboost|p2a: Minior|def|1\n|-unboost|p2a: Minior|spd|1\n|-boost|p2a: Minior|atk|2\n|-boost|p2a: Minior|spa|2\n|-boost|p2a: Minior|spe|2\n|-enditem|p2a: Minior|White Herb\n|-clearnegativeboost|p2a: Minior|[silent]\n|\n|upkeep\n|turn|2\n|inactive|Time left: 300 sec this turn | 300 sec total\n|\n|t:|1783558401\n|move|p2a: Minior|Acrobatics|p1a: Falinks\n|-supereffective|p1a: Falinks\n|-damage|p1a: Falinks|27/100\n|move|p1a: Falinks|Close Combat|p2a: Minior\n|-damage|p2a: Minior|0 fnt\n|-unboost|p1a: Falinks|def|1\n|-unboost|p1a: Falinks|spd|1\n|faint|p2a: Minior\n|-damage|p1a: Falinks|17/100|[from] item: Life Orb\n|\n|upkeep\n|inactive|Time left: 300 sec this turn | 300 sec total | 5 sec grace\n|\n|t:|1783558401\n|switch|p2a: Mabosstiff|Mabosstiff, L86, F|278/278\n|turn|3\n|inactive|Time left: 300 sec this turn | 300 sec total\n|\n|t:|1783558403\n|move|p2a: Mabosstiff|Crunch|p1a: Falinks\n|-resisted|p1a: Falinks\n|-damage|p1a: Falinks|0 fnt\n|faint|p1a: Falinks\n|\n|upkeep\n|\n|t:|1783558403\n|switch|p1a: Flapple|Flapple, L88, M|100/100\n|turn|4\n|inactive|Time left: 300 sec this turn | 300 sec total\n|\n|t:|1783558405\n|-terastallize|p1a: Flapple|Dragon\n|move|p2a: Mabosstiff|Crunch|p1a: Flapple\n|-damage|p1a: Flapple|57/100\n|move|p1a: Flapple|Outrage|p2a: Mabosstiff\n|-damage|p2a: Mabosstiff|0 fnt\n|faint|p2a: Mabosstiff\n|\n|upkeep\n|inactive|Time left: 300 sec this turn | 300 sec total | 5 sec grace\n|\n|t:|1783558406\n|switch|p2a: Mesprit|Mesprit, L85|275/275\n|turn|5\n|inactive|Time left: 300 sec this turn | 300 sec total\n|\n|t:|1783558407\n|move|p2a: Mesprit|Ice Beam|p1a: Flapple\n|-supereffective|p1a: Flapple\n|-damage|p1a: Flapple|0 fnt\n|faint|p1a: Flapple\n|\n|upkeep\n|\n|t:|1783558408\n|switch|p1a: Basculegion|Basculegion-F, L83, F|100/100\n|turn|6\n|inactive|Time left: 300 sec this turn | 300 sec total\n|\n|t:|1783558409\n|switch|p2a: Spiritomb|Spiritomb, L89, M|234/234\n|move|p1a: Basculegion|Shadow Ball|p2a: Spiritomb\n|-damage|p2a: Spiritomb|132/234\n|-unboost|p2a: Spiritomb|spd|1\n|\n|-heal|p2a: Spiritomb|146/234|[from] item: Leftovers\n|upkeep\n|turn|7\n|inactive|Time left: 300 sec this turn | 300 sec total\n|\n|t:|1783558410\n|move|p2a: Spiritomb|Shadow Sneak|p1a: Basculegion\n|-supereffective|p1a: Basculegion\n|-damage|p1a: Basculegion|66/100\n|move|p1a: Basculegion|Hydro Pump|p2a: Spiritomb\n|-damage|p2a: Spiritomb|0 fnt\n|faint|p2a: Spiritomb\n|\n|upkeep\n|inactive|Time left: 300 sec this turn | 300 sec total | 5 sec grace\n|\n|t:|1783558411\n|switch|p2a: Mesprit|Mesprit, L85|275/275\n|turn|8\n|inactive|Time left: 300 sec this turn | 300 sec total\n|\n|t:|1783558412\n|-terastallize|p2a: Mesprit|Electric\n|move|p2a: Mesprit|Thunderbolt|p1a: Basculegion\n|-supereffective|p1a: Basculegion\n|-damage|p1a: Basculegion|0 fnt\n|faint|p1a: Basculegion\n|\n|upkeep\n|\n|t:|1783558413\n|switch|p1a: Deoxys|Deoxys-Speed, L82|100/100\n|-ability|p1a: Deoxys|Pressure\n|turn|9\n|inactive|Time left: 300 sec this turn | 300 sec total\n|\n|t:|1783558414\n|move|p1a: Deoxys|Knock Off|p2a: Mesprit\n|-damage|p2a: Mesprit|218/275\n|-enditem|p2a: Mesprit|Choice Specs|[from] move: Knock Off|[of] p1a: Deoxys\n|move|p2a: Mesprit|Thunderbolt|p1a: Deoxys\n|-damage|p1a: Deoxys|49/100\n|\n|-heal|p1a: Deoxys|55/100|[from] item: Leftovers\n|upkeep\n|turn|10\n|inactive|Time left: 300 sec this turn | 300 sec total\n|\n|t:|1783558415\n|switch|p1a: Registeel|Registeel, L81|100/100\n|move|p2a: Mesprit|Thunderbolt|p1a: Registeel\n|-damage|p1a: Registeel|74/100\n|\n|-heal|p1a: Registeel|80/100|[from] item: Leftovers\n|upkeep\n|turn|11\n|inactive|Time left: 300 sec this turn | 300 sec total\n|\n|t:|1783558417\n|move|p2a: Mesprit|Thunderbolt|p1a: Registeel\n|-damage|p1a: Registeel|53/100\n|move|p1a: Registeel|Iron Defense|p1a: Registeel\n|-boost|p1a: Registeel|def|2\n|\n|-heal|p1a: Registeel|59/100|[from] item: Leftovers\n|upkeep\n|turn|12\n|inactive|Time left: 300 sec this turn | 300 sec total\n|\n|t:|1783558418\n|move|p2a: Mesprit|Thunderbolt|p1a: Registeel\n|-damage|p1a: Registeel|31/100\n|move|p1a: Registeel|Body Press|p2a: Mesprit\n|-damage|p2a: Mesprit|92/275\n|\n|-heal|p1a: Registeel|38/100|[from] item: Leftovers\n|upkeep\n|turn|13\n|inactive|Time left: 300 sec this turn | 300 sec total\n|\n|t:|1783558419\n|move|p2a: Mesprit|Thunderbolt|p1a: Registeel\n|-damage|p1a: Registeel|12/100\n|move|p1a: Registeel|Body Press|p2a: Mesprit\n|-damage|p2a: Mesprit|0 fnt\n|faint|p2a: Mesprit\n|\n|-heal|p1a: Registeel|18/100|[from] item: Leftovers\n|upkeep\n|inactive|Time left: 300 sec this turn | 300 sec total | 5 sec grace\n|\n|t:|1783558420\n|switch|p2a: Skarmory|Skarmory, L80, F|235/235\n|turn|14\n|inactive|Time left: 300 sec this turn | 300 sec total\n|\n|t:|1783558421\n|move|p2a: Skarmory|Body Press|p1a: Registeel\n|-supereffective|p1a: Registeel\n|-damage|p1a: Registeel|0 fnt\n|faint|p1a: Registeel\n|\n|upkeep\n|\n|t:|1783558422\n|switch|p1a: Empoleon|Empoleon, L84, M|100/100\n|turn|15\n|inactive|Time left: 300 sec this turn | 300 sec total\n|\n|t:|1783558423\n|move|p2a: Skarmory|Iron Defense|p2a: Skarmory\n|-boost|p2a: Skarmory|def|2\n|move|p1a: Empoleon|Surf|p2a: Skarmory\n|-damage|p2a: Skarmory|115/235\n|\n|-heal|p2a: Skarmory|129/235|[from] item: Leftovers\n|upkeep\n|turn|16\n|inactive|Time left: 300 sec this turn | 300 sec total\n|\n|t:|1783558424\n|move|p2a: Skarmory|Body Press|p1a: Empoleon\n|-supereffective|p1a: Empoleon\n|-damage|p1a: Empoleon|0 fnt\n|faint|p1a: Empoleon\n|\n|-heal|p2a: Skarmory|143/235|[from] item: Leftovers\n|upkeep\n|\n|t:|1783558425\n|switch|p1a: Deoxys|Deoxys-Speed, L82|55/100\n|-ability|p1a: Deoxys|Pressure\n|turn|17\n|inactive|Time left: 300 sec this turn | 300 sec total\n|\n|t:|1783558426\n|move|p1a: Deoxys|Psycho Boost|p2a: Skarmory\n|-resisted|p2a: Skarmory\n|-damage|p2a: Skarmory|62/235\n|-unboost|p1a: Deoxys|spa|2\n|move|p2a: Skarmory|Body Press|p1a: Deoxys\n|-resisted|p1a: Deoxys\n|-damage|p1a: Deoxys|21/100\n|\n|-heal|p1a: Deoxys|27/100|[from] item: Leftovers\n|-heal|p2a: Skarmory|76/235|[from] item: Leftovers\n|upkeep\n|turn|18\n|inactive|Time left: 300 sec this turn | 300 sec total\n|\n|t:|1783558427\n|move|p1a: Deoxys|Psycho Boost|p2a: Skarmory\n|-resisted|p2a: Skarmory\n|-damage|p2a: Skarmory|36/235\n|-unboost|p1a: Deoxys|spa|2\n|move|p2a: Skarmory|Brave Bird|p1a: Deoxys\n|-damage|p1a: Deoxys|0 fnt\n|faint|p1a: Deoxys\n|-damage|p2a: Skarmory|17/235|[from] Recoil\n|\n|win|p0y16549ae8", "uploadtime": 1783558427, "views": 0, "rating": 0, "private": 0, "password": null, "_winner": "p0y16549ae8", "_our_name": "p0y16549ae8"}