{"id": "battle-gen9randombattle-41", "formatid": "gen9randombattle", "format": "[Gen 9] Random Battle", "players": ["p0x0415e41", "p0y0412530"], "log": "|init|battle\n|title|p0x0415e41 vs. p0y0412530\n|j|\u2606p0x0415e41\n|j|\u2606p0y0412530\n|t:|1783534278\n|gametype|singles\n|player|p1|p0x0415e41|102|\n|player|p2|p0y0412530|102|\n|gen|9\n|tier|[Gen 9] Random Battle\n|rule|Species Clause: Limit one of each Pok\u00e9mon\n|rule|HP Percentage Mod: HP is shown in percentages\n|rule|Sleep Clause Mod: Limit one foe put to sleep\n|rule|Illusion Level Mod: Illusion disguises the Pok\u00e9mon's true level\n|\n|t:|1783534278\n|teamsize|p1|6\n|teamsize|p2|6\n|start\n|switch|p1a: Ampharos|Ampharos, L88, F|100/100\n|switch|p2a: Sudowoodo|Sudowoodo, L94, M|284/284\n|turn|1\n|inactive|Battle timer is ON: inactive players will automatically lose when time's up. (requested by p0x0415e41)\n|inactive|Time left: 300 sec this turn | 300 sec total | 60 sec grace\n|\n|t:|1783534280\n|move|p1a: Ampharos|Focus Blast|p2a: Sudowoodo\n|-supereffective|p2a: Sudowoodo\n|-damage|p2a: Sudowoodo|0 fnt\n|faint|p2a: Sudowoodo\n|\n|upkeep\n|inactive|Time left: 300 sec this turn | 300 sec total | 65 sec grace\n|inactive|p0y0412530 also wants the timer to be on.\n|\n|t:|1783534280\n|switch|p2a: Kricketune|Kricketune, L99, M|312/312\n|turn|2\n|inactive|Time left: 300 sec this turn | 300 sec total\n|\n|t:|1783534282\n|switch|p1a: Slither Wing|Slither Wing, L81|100/100\n|-enditem|p1a: Slither Wing|Booster Energy\n|-activate|p1a: Slither Wing|ability: Protosynthesis|[fromitem]\n|-start|p1a: Slither Wing|protosynthesisatk\n|move|p2a: Kricketune|Sticky Web|p1a: Slither Wing\n|-sidestart|p1: p0x0415e41|move: Sticky Web\n|\n|upkeep\n|turn|3\n|inactive|Time left: 300 sec this turn | 300 sec total\n|\n|t:|1783534283\n|move|p2a: Kricketune|Pounce|p1a: Slither Wing\n|-resisted|p1a: Slither Wing\n|-damage|p1a: Slither Wing|79/100\n|-unboost|p1a: Slither Wing|spe|1\n|move|p1a: Slither Wing|Acrobatics|p2a: Kricketune\n|-supereffective|p2a: Kricketune\n|-damage|p2a: Kricketune|24/312\n|\n|upkeep\n|turn|4\n|inactive|Time left: 300 sec this turn | 300 sec total\n|\n|t:|1783534284\n|move|p2a: Kricketune|Pounce|p1a: Slither Wing\n|-resisted|p1a: Slither Wing\n|-damage|p1a: Slither Wing|58/100\n|-unboost|p1a: Slither Wing|spe|1\n|move|p1a: Slither Wing|Leech Life|p2a: Kricketune\n|-damage|p2a: Kricketune|0 fnt\n|-heal|p1a: Slither Wing|62/100|[from] drain|[of] p2a: Kricketune\n|faint|p2a: Kricketune\n|\n|upkeep\n|inactive|Time left: 300 sec this turn | 300 sec total | 5 sec grace\n|\n|t:|1783534285\n|switch|p2a: Dragalge|Dragalge, L88, M|258/258\n|turn|5\n|inactive|Time left: 300 sec this turn | 300 sec total\n|\n|t:|1783534285\n|move|p2a: Dragalge|Sludge Wave|p1a: Slither Wing\n|-crit|p1a: Slither Wing\n|-damage|p1a: Slither Wing|0 fnt\n|faint|p1a: Slither Wing\n|-end|p1a: Slither Wing|Protosynthesis|[silent]\n|\n|upkeep\n|\n|t:|1783534286\n|switch|p1a: Glastrier|Glastrier, L86|100/100\n|turn|6\n|inactive|Time left: 300 sec this turn | 300 sec total\n|\n|t:|1783534287\n|move|p2a: Dragalge|Sludge Wave|p1a: Glastrier\n|-damage|p1a: Glastrier|37/100\n|move|p1a: Glastrier|Icicle Crash|p2a: Dragalge\n|-supereffective|p2a: Dragalge\n|-damage|p2a: Dragalge|10/258\n|\n|upkeep\n|turn|7\n|inactive|Time left: 300 sec this turn | 300 sec total\n|\n|t:|1783534288\n|switch|p1a: Dusknoir|Dusknoir, L89, F|100/100\n|-activate|p1a: Dusknoir|move: Sticky Web\n|-unboost|p1a: Dusknoir|spe|1\n|-item|p2a: Dragalge|Choice Specs|[from] ability: Frisk|[of] p1a: Dusknoir\n|move|p2a: Dragalge|Sludge Wave|p1a: Dusknoir\n|-resisted|p1a: Dusknoir\n|-damage|p1a: Dusknoir|66/100\n|-status|p1a: Dusknoir|psn\n|\n|-heal|p1a: Dusknoir|72/100 psn|[from] item: Leftovers\n|-damage|p1a: Dusknoir|60/100 psn|[from] psn\n|upkeep\n|turn|8\n|inactive|Time left: 300 sec this turn | 300 sec total\n|\n|t:|1783534289\n|move|p1a: Dusknoir|Shadow Sneak|p2a: Dragalge\n|-crit|p2a: Dragalge\n|-damage|p2a: Dragalge|0 fnt\n|faint|p2a: Dragalge\n|\n|-heal|p1a: Dusknoir|66/100 psn|[from] item: Leftovers\n|-damage|p1a: Dusknoir|54/100 psn|[from] psn\n|upkeep\n|inactive|Time left: 300 sec this turn | 300 sec total | 5 sec grace\n|\n|t:|1783534290\n|switch|p2a: Girafarig|Girafarig, L89, F|269/269\n|turn|9\n|inactive|Time left: 300 sec this turn | 300 sec total\n|\n|t:|1783534291\n|switch|p1a: Kleavor|Kleavor, L78, F|100/100\n|-activate|p1a: Kleavor|move: Sticky Web\n|-unboost|p1a: Kleavor|spe|1\n|move|p2a: Girafarig|Nasty Plot|p2a: Girafarig\n|-boost|p2a: Girafarig|spa|2\n|\n|upkeep\n|turn|10\n|inactive|Time left: 300 sec this turn | 300 sec total\n|\n|t:|1783534292\n|-terastallize|p2a: Girafarig|Normal\n|move|p2a: Girafarig|Psyshock|p1a: Kleavor\n|-damage|p1a: Kleavor|29/100\n|move|p1a: Kleavor|X-Scissor|p2a: Girafarig\n|-damage|p2a: Girafarig|103/269\n|\n|upkeep\n|turn|11\n|inactive|Time left: 300 sec this turn | 300 sec total\n|\n|t:|1783534293\n|move|p2a: Girafarig|Psyshock|p1a: Kleavor\n|-crit|p1a: Kleavor\n|-damage|p1a: Kleavor|0 fnt\n|faint|p1a: Kleavor\n|\n|upkeep\n|\n|t:|1783534293\n|switch|p1a: Ampharos|Ampharos, L88, F|100/100\n|-activate|p1a: Ampharos|move: Sticky Web\n|-unboost|p1a: Ampharos|spe|1\n|turn|12\n|inactive|Time left: 300 sec this turn | 300 sec total\n|\n|t:|1783534294\n|move|p2a: Girafarig|Hyper Voice|p1a: Ampharos\n|-damage|p1a: Ampharos|18/100\n|move|p1a: Ampharos|Volt Switch|p2a: Girafarig\n|-damage|p2a: Girafarig|0 fnt\n|faint|p2a: Girafarig\n|\n|t:|1783534295\n|switch|p1a: Tsareena|Tsareena, L87, F|100/100|[from] Volt Switch\n|\n|upkeep\n|inactive|Time left: 300 sec this turn | 300 sec total | 10 sec grace\n|\n|t:|1783534296\n|switch|p2a: Sneasler|Sneasler, L74, F|240/240\n|turn|13\n|inactive|Time left: 300 sec this turn | 300 sec total\n|\n|t:|1783534297\n|switch|p1a: Dusknoir|Dusknoir, L89, F|54/100 psn\n|-activate|p1a: Dusknoir|move: Sticky Web\n|-unboost|p1a: Dusknoir|spe|1\n|-item|p2a: Sneasler|White Herb|[from] ability: Frisk|[of] p1a: Dusknoir\n|move|p2a: Sneasler|Swords Dance|p2a: Sneasler\n|-boost|p2a: Sneasler|atk|2\n|\n|-heal|p1a: Dusknoir|60/100 psn|[from] item: Leftovers\n|-damage|p1a: Dusknoir|48/100 psn|[from] psn\n|upkeep\n|turn|14\n|inactive|Time left: 300 sec this turn | 300 sec total\n|\n|t:|1783534298\n|move|p2a: Sneasler|Gunk Shot|p1a: Dusknoir\n|-resisted|p1a: Dusknoir\n|-damage|p1a: Dusknoir|7/100 psn\n|move|p1a: Dusknoir|Earthquake|p2a: Sneasler\n|-supereffective|p2a: Sneasler\n|-damage|p2a: Sneasler|0 fnt\n|faint|p2a: Sneasler\n|\n|-heal|p1a: Dusknoir|13/100 psn|[from] item: Leftovers\n|-damage|p1a: Dusknoir|1/100 psn|[from] psn\n|upkeep\n|inactive|Time left: 300 sec this turn | 300 sec total | 5 sec grace\n|\n|t:|1783534299\n|switch|p2a: Palkia|Palkia-Origin, L72|249/249\n|-ability|p2a: Palkia|Pressure\n|turn|15\n|inactive|Time left: 300 sec this turn | 300 sec total\n|\n|t:|1783534300\n|move|p1a: Dusknoir|Shadow Sneak|p2a: Palkia\n|-damage|p2a: Palkia|200/249\n|move|p2a: Palkia|Hydro Pump|p1a: Dusknoir\n|-damage|p1a: Dusknoir|0 fnt\n|faint|p1a: Dusknoir\n|\n|upkeep\n|\n|t:|1783534301\n|switch|p1a: Tsareena|Tsareena, L87, F|100/100\n|turn|16\n|inactive|Time left: 300 sec this turn | 300 sec total\n|\n|t:|1783534302\n|-terastallize|p1a: Tsareena|Fighting\n|move|p2a: Palkia|Fire Blast|p1a: Tsareena\n|-damage|p1a: Tsareena|71/100\n|move|p1a: Tsareena|High Jump Kick|p2a: Palkia\n|-damage|p2a: Palkia|7/249\n|\n|upkeep\n|turn|17\n|inactive|Time left: 300 sec this turn | 300 sec total\n|\n|t:|1783534303\n|move|p2a: Palkia|Thunder Wave|p1a: Tsareena\n|-status|p1a: Tsareena|par\n|move|p1a: Tsareena|U-turn|p2a: Palkia\n|-damage|p2a: Palkia|0 fnt\n|faint|p2a: Palkia\n|\n|win|p0x0415e41", "uploadtime": 1783534303, "views": 0, "rating": 0, "private": 0, "password": null, "_winner": "p0x0415e41", "_our_name": "p0y0412530"}