{"id": "battle-gen9randombattle-258", "formatid": "gen9randombattle", "format": "[Gen 9] Random Battle", "players": ["p0x258d282", "p0y2583ffd"], "log": "|init|battle\n|title|p0x258d282 vs. p0y2583ffd\n|j|\u2606p0x258d282\n|j|\u2606p0y2583ffd\n|t:|1783542574\n|gametype|singles\n|player|p1|p0x258d282|1|\n|player|p2|p0y2583ffd|2|\n|gen|9\n|tier|[Gen 9] Random Battle\n|rule|Species Clause: Limit one of each Pok\u00e9mon\n|rule|HP Percentage Mod: HP is shown in percentages\n|rule|Sleep Clause Mod: Limit one foe put to sleep\n|rule|Illusion Level Mod: Illusion disguises the Pok\u00e9mon's true level\n|\n|t:|1783542574\n|teamsize|p1|6\n|teamsize|p2|6\n|start\n|switch|p1a: Heracross|Heracross, L80, M|259/259\n|switch|p2a: Staraptor|Staraptor, L79, F|100/100\n|turn|1\n|inactive|Battle timer is ON: inactive players will automatically lose when time's up. (requested by p0x258d282)\n|inactive|p0y2583ffd also wants the timer to be on.\n|\n|t:|1783542575\n|move|p2a: Staraptor|Brave Bird|p1a: Heracross\n|-supereffective|p1a: Heracross\n|-damage|p1a: Heracross|0 fnt\n|faint|p1a: Heracross\n|-damage|p2a: Staraptor|68/100|[from] Recoil\n|\n|upkeep\n|inactive|Time left: 300 sec this turn | 300 sec total | 65 sec grace\n|\n|t:|1783542576\n|switch|p1a: Enamorus|Enamorus-Therian, L83, F|259/259\n|turn|2\n|inactive|Time left: 300 sec this turn | 300 sec total\n|\n|t:|1783542578\n|move|p2a: Staraptor|Brave Bird|p1a: Enamorus\n|-damage|p1a: Enamorus|114/259\n|-damage|p2a: Staraptor|50/100|[from] Recoil\n|move|p1a: Enamorus|Moonblast|p2a: Staraptor\n|-damage|p2a: Staraptor|0 fnt\n|faint|p2a: Staraptor\n|\n|upkeep\n|\n|t:|1783542579\n|switch|p2a: Azelf|Azelf, L82|100/100\n|turn|3\n|inactive|Time left: 300 sec this turn | 300 sec total\n|\n|t:|1783542580\n|switch|p1a: Arboliva|Arboliva, L91, M|290/290\n|move|p2a: Azelf|Psychic|p1a: Arboliva\n|-damage|p1a: Arboliva|172/290\n|-unboost|p1a: Arboliva|spd|1\n|-fieldstart|move: Grassy Terrain|[from] ability: Seed Sower|[of] p1a: Arboliva\n|-damage|p2a: Azelf|91/100|[from] item: Life Orb\n|\n|-heal|p1a: Arboliva|190/290|[from] Grassy Terrain\n|-heal|p1a: Arboliva|208/290|[from] item: Leftovers\n|upkeep\n|turn|4\n|inactive|Time left: 300 sec this turn | 300 sec total\n|\n|t:|1783542581\n|switch|p1a: Garganacl|Garganacl, L80, F|291/291\n|move|p2a: Azelf|Fire Blast|p1a: Garganacl\n|-resisted|p1a: Garganacl\n|-damage|p1a: Garganacl|233/291\n|-damage|p2a: Azelf|81/100|[from] item: Life Orb\n|\n|-heal|p1a: Garganacl|251/291|[from] Grassy Terrain\n|-heal|p1a: Garganacl|269/291|[from] item: Leftovers\n|upkeep\n|turn|5\n|inactive|Time left: 300 sec this turn | 300 sec total\n|\n|t:|1783542582\n|move|p2a: Azelf|Nasty Plot|p2a: Azelf\n|-boost|p2a: Azelf|spa|2\n|move|p1a: Garganacl|Salt Cure|p2a: Azelf\n|-damage|p2a: Azelf|64/100\n|-start|p2a: Azelf|Salt Cure\n|\n|-heal|p1a: Garganacl|287/291|[from] Grassy Terrain\n|-heal|p1a: Garganacl|291/291|[from] item: Leftovers\n|-damage|p2a: Azelf|51/100|[from] Salt Cure\n|upkeep\n|turn|6\n|inactive|Time left: 300 sec this turn | 300 sec total\n|\n|t:|1783542584\n|move|p2a: Azelf|Psychic|p1a: Garganacl\n|-damage|p1a: Garganacl|10/291\n|-damage|p2a: Azelf|41/100|[from] item: Life Orb\n|move|p1a: Garganacl|Salt Cure|p2a: Azelf\n|-damage|p2a: Azelf|23/100\n|\n|-heal|p1a: Garganacl|28/291|[from] Grassy Terrain\n|-heal|p1a: Garganacl|46/291|[from] item: Leftovers\n|-damage|p2a: Azelf|10/100|[from] Salt Cure\n|upkeep\n|turn|7\n|inactive|Time left: 300 sec this turn | 300 sec total\n|\n|t:|1783542585\n|move|p2a: Azelf|Psychic|p1a: Garganacl\n|-damage|p1a: Garganacl|0 fnt\n|faint|p1a: Garganacl\n|-damage|p2a: Azelf|0 fnt|[from] item: Life Orb\n|faint|p2a: Azelf\n|\n|-fieldend|move: Grassy Terrain\n|upkeep\n|inactive|Time left: 300 sec this turn | 300 sec total | 5 sec grace\n|\n|t:|1783542587\n|switch|p2a: Swalot|Swalot, L90, M|100/100\n|switch|p1a: Arboliva|Arboliva, L91, M|208/290\n|turn|8\n|inactive|Time left: 300 sec this turn | 300 sec total\n|\n|t:|1783542588\n|move|p2a: Swalot|Gunk Shot|p1a: Arboliva\n|-supereffective|p1a: Arboliva\n|-damage|p1a: Arboliva|2/290\n|-fieldstart|move: Grassy Terrain|[from] ability: Seed Sower|[of] p1a: Arboliva\n|move|p1a: Arboliva|Earth Power|p2a: Swalot\n|-supereffective|p2a: Swalot\n|-damage|p2a: Swalot|45/100\n|\n|-heal|p2a: Swalot|51/100|[from] Grassy Terrain\n|-heal|p2a: Swalot|57/100|[from] item: Leftovers\n|-heal|p1a: Arboliva|20/290|[from] Grassy Terrain\n|-heal|p1a: Arboliva|38/290|[from] item: Leftovers\n|upkeep\n|turn|9\n|inactive|Time left: 300 sec this turn | 300 sec total\n|\n|t:|1783542589\n|switch|p1a: Avalugg|Avalugg-Hisui, L90, M|317/317\n|move|p2a: Swalot|Knock Off|p1a: Avalugg\n|-damage|p1a: Avalugg|280/317\n|-enditem|p1a: Avalugg|Heavy-Duty Boots|[from] move: Knock Off|[of] p2a: Swalot\n|\n|-heal|p2a: Swalot|63/100|[from] Grassy Terrain\n|-heal|p2a: Swalot|69/100|[from] item: Leftovers\n|-heal|p1a: Avalugg|299/317|[from] Grassy Terrain\n|upkeep\n|turn|10\n|inactive|Time left: 300 sec this turn | 300 sec total\n|\n|t:|1783542590\n|switch|p2a: Slowking|Slowking, L88, F|100/100\n|move|p1a: Avalugg|Avalanche|p2a: Slowking\n|-resisted|p2a: Slowking\n|-damage|p2a: Slowking|85/100\n|\n|-heal|p1a: Avalugg|317/317|[from] Grassy Terrain\n|-heal|p2a: Slowking|91/100|[from] Grassy Terrain\n|-heal|p2a: Slowking|97/100|[from] item: Leftovers\n|upkeep\n|turn|11\n|inactive|Time left: 300 sec this turn | 300 sec total\n|\n|t:|1783542591\n|switch|p1a: Arboliva|Arboliva, L91, M|38/290\n|move|p2a: Slowking|Psychic Noise|p1a: Arboliva\n|-damage|p1a: Arboliva|0 fnt\n|faint|p1a: Arboliva\n|\n|-heal|p2a: Slowking|100/100|[from] Grassy Terrain\n|upkeep\n|inactive|Time left: 300 sec this turn | 300 sec total | 5 sec grace\n|\n|t:|1783542592\n|switch|p1a: Enamorus|Enamorus-Therian, L83, F|114/259\n|turn|12\n|inactive|Time left: 300 sec this turn | 300 sec total\n|\n|t:|1783542593\n|move|p1a: Enamorus|Mystical Fire|p2a: Slowking\n|-resisted|p2a: Slowking\n|-damage|p2a: Slowking|91/100\n|-unboost|p2a: Slowking|spa|1\n|move|p2a: Slowking|Scald|p1a: Enamorus\n|-damage|p1a: Enamorus|54/259\n|\n|-heal|p2a: Slowking|97/100|[from] Grassy Terrain\n|-heal|p2a: Slowking|100/100|[from] item: Leftovers\n|-fieldend|move: Grassy Terrain\n|upkeep\n|turn|13\n|inactive|Time left: 300 sec this turn | 300 sec total\n|\n|t:|1783542594\n|move|p1a: Enamorus|Mystical Fire|p2a: Slowking\n|-resisted|p2a: Slowking\n|-damage|p2a: Slowking|91/100\n|-unboost|p2a: Slowking|spa|1\n|move|p2a: Slowking|Scald|p1a: Enamorus\n|-damage|p1a: Enamorus|12/259\n|\n|-heal|p2a: Slowking|98/100|[from] item: Leftovers\n|upkeep\n|turn|14\n|inactive|Time left: 300 sec this turn | 300 sec total\n|\n|t:|1783542595\n|move|p1a: Enamorus|Moonblast|p2a: Slowking\n|-crit|p2a: Slowking\n|-damage|p2a: Slowking|50/100\n|move|p2a: Slowking|Psychic Noise|p1a: Enamorus\n|-damage|p1a: Enamorus|0 fnt\n|faint|p1a: Enamorus\n|\n|-heal|p2a: Slowking|56/100|[from] item: Leftovers\n|upkeep\n|inactive|Time left: 300 sec this turn | 300 sec total | 5 sec grace\n|\n|t:|1783542596\n|switch|p1a: Avalugg|Avalugg-Hisui, L90, M|317/317\n|turn|15\n|inactive|Time left: 300 sec this turn | 300 sec total\n|\n|t:|1783542597\n|move|p1a: Avalugg|Stone Edge|p2a: Slowking\n|-damage|p2a: Slowking|1/100\n|move|p2a: Slowking|Scald|p1a: Avalugg\n|-supereffective|p1a: Avalugg\n|-damage|p1a: Avalugg|155/317\n|-status|p1a: Avalugg|brn\n|\n|-heal|p2a: Slowking|8/100|[from] item: Leftovers\n|-damage|p1a: Avalugg|136/317 brn|[from] brn\n|upkeep\n|turn|16\n|inactive|Time left: 300 sec this turn | 300 sec total\n|\n|t:|1783542598\n|switch|p2a: Swalot|Swalot, L90, M|69/100\n|move|p1a: Avalugg|Body Press|p2a: Swalot\n|-resisted|p2a: Swalot\n|-damage|p2a: Swalot|61/100\n|\n|-heal|p2a: Swalot|67/100|[from] item: Leftovers\n|-damage|p1a: Avalugg|117/317 brn|[from] brn\n|upkeep\n|turn|17\n|inactive|Time left: 300 sec this turn | 300 sec total\n|\n|t:|1783542599\n|move|p2a: Swalot|Swords Dance|p2a: Swalot\n|-boost|p2a: Swalot|atk|2\n|move|p1a: Avalugg|Body Press|p2a: Swalot\n|-resisted|p2a: Swalot\n|-damage|p2a: Swalot|59/100\n|\n|-heal|p2a: Swalot|65/100|[from] item: Leftovers\n|-damage|p1a: Avalugg|98/317 brn|[from] brn\n|upkeep\n|turn|18\n|inactive|Time left: 300 sec this turn | 300 sec total\n|\n|t:|1783542601\n|move|p2a: Swalot|Earthquake|p1a: Avalugg\n|-supereffective|p1a: Avalugg\n|-crit|p1a: Avalugg\n|-damage|p1a: Avalugg|0 fnt\n|faint|p1a: Avalugg\n|\n|-heal|p2a: Swalot|71/100|[from] item: Leftovers\n|upkeep\n|inactive|Time left: 300 sec this turn | 300 sec total | 5 sec grace\n|\n|t:|1783542601\n|switch|p1a: Alomomola|Alomomola, L87, F|429/429\n|turn|19\n|inactive|Time left: 300 sec this turn | 300 sec total\n|\n|t:|1783542602\n|move|p1a: Alomomola|Scald|p2a: Swalot\n|-damage|p2a: Swalot|55/100\n|move|p2a: Swalot|Swords Dance|p2a: Swalot\n|-boost|p2a: Swalot|atk|2\n|\n|-heal|p2a: Swalot|61/100|[from] item: Leftovers\n|upkeep\n|turn|20\n|inactive|Time left: 300 sec this turn | 300 sec total\n|\n|t:|1783542604\n|move|p1a: Alomomola|Protect|p1a: Alomomola\n|-singleturn|p1a: Alomomola|Protect\n|move|p2a: Swalot|Earthquake|p1a: Alomomola\n|-activate|p1a: Alomomola|move: Protect\n|\n|-heal|p2a: Swalot|67/100|[from] item: Leftovers\n|upkeep\n|turn|21\n|inactive|Time left: 300 sec this turn | 300 sec total\n|\n|t:|1783542605\n|move|p1a: Alomomola|Scald|p2a: Swalot\n|-damage|p2a: Swalot|51/100\n|move|p2a: Swalot|Gunk Shot|p1a: Alomomola\n|-damage|p1a: Alomomola|59/429\n|-status|p1a: Alomomola|psn\n|\n|-heal|p2a: Swalot|58/100|[from] item: Leftovers\n|-damage|p1a: Alomomola|6/429 psn|[from] psn\n|upkeep\n|turn|22\n|inactive|Time left: 300 sec this turn | 300 sec total\n|\n|t:|1783542606\n|-terastallize|p1a: Alomomola|Poison\n|-terastallize|p2a: Swalot|Dark\n|move|p1a: Alomomola|Wish|p1a: Alomomola\n|move|p2a: Swalot|Gunk Shot|p1a: Alomomola|[miss]\n|-miss|p2a: Swalot|p1a: Alomomola\n|\n|-heal|p2a: Swalot|64/100|[from] item: Leftovers\n|-damage|p1a: Alomomola|0 fnt|[from] psn\n|faint|p1a: Alomomola\n|\n|win|p0y2583ffd", "uploadtime": 1783542606, "views": 0, "rating": 0, "private": 0, "password": null, "_winner": "p0y2583ffd", "_our_name": "p0x258d282"}