{"id": "battle-gen9randombattle-870", "formatid": "gen9randombattle", "format": "[Gen 9] Random Battle", "players": ["p0x870ae38", "p0y8708766"], "log": "|init|battle\n|title|p0x870ae38 vs. p0y8708766\n|j|\u2606p0x870ae38\n|j|\u2606p0y8708766\n|t:|1783549222\n|gametype|singles\n|player|p1|p0x870ae38|265|\n|player|p2|p0y8708766|102|\n|gen|9\n|tier|[Gen 9] Random Battle\n|rule|Species Clause: Limit one of each Pok\u00e9mon\n|rule|HP Percentage Mod: HP is shown in percentages\n|rule|Sleep Clause Mod: Limit one foe put to sleep\n|rule|Illusion Level Mod: Illusion disguises the Pok\u00e9mon's true level\n|\n|t:|1783549222\n|teamsize|p1|6\n|teamsize|p2|6\n|start\n|switch|p1a: Torterra|Torterra, L78, F|276/276\n|switch|p2a: Polteageist|Polteageist-Antique, L78|100/100\n|turn|1\n|inactive|Battle timer is ON: inactive players will automatically lose when time's up. (requested by p0x870ae38)\n|inactive|p0y8708766 also wants the timer to be on.\n|\n|t:|1783549224\n|move|p2a: Polteageist|Shell Smash|p2a: Polteageist\n|-unboost|p2a: Polteageist|def|1\n|-unboost|p2a: Polteageist|spd|1\n|-boost|p2a: Polteageist|atk|2\n|-boost|p2a: Polteageist|spa|2\n|-boost|p2a: Polteageist|spe|2\n|-enditem|p2a: Polteageist|White Herb\n|-clearnegativeboost|p2a: Polteageist|[silent]\n|move|p1a: Torterra|Bullet Seed|p2a: Polteageist\n|-damage|p2a: Polteageist|86/100\n|-damage|p2a: Polteageist|69/100\n|-damage|p2a: Polteageist|52/100\n|-damage|p2a: Polteageist|37/100\n|-hitcount|p2a: Polteageist|4\n|\n|upkeep\n|turn|2\n|inactive|Time left: 300 sec this turn | 300 sec total\n|\n|t:|1783549225\n|switch|p1a: Spiritomb|Spiritomb, L89, M|234/234\n|move|p2a: Polteageist|Strength Sap|p1a: Spiritomb\n|-unboost|p1a: Spiritomb|atk|1\n|-heal|p2a: Polteageist|100/100\n|\n|upkeep\n|turn|3\n|inactive|Time left: 300 sec this turn | 300 sec total\n|\n|t:|1783549226\n|move|p2a: Polteageist|Stored Power|p1a: Spiritomb\n|-immune|p1a: Spiritomb\n|move|p1a: Spiritomb|Foul Play|p2a: Polteageist\n|-supereffective|p2a: Polteageist\n|-damage|p2a: Polteageist|0 fnt\n|faint|p2a: Polteageist\n|\n|upkeep\n|\n|t:|1783549227\n|switch|p2a: Camerupt|Camerupt, L91, M|100/100\n|turn|4\n|inactive|Time left: 300 sec this turn | 300 sec total\n|\n|t:|1783549229\n|move|p2a: Camerupt|Will-O-Wisp|p1a: Spiritomb|[miss]\n|-miss|p2a: Camerupt|p1a: Spiritomb\n|move|p1a: Spiritomb|Foul Play|p2a: Camerupt\n|-crit|p2a: Camerupt\n|-damage|p2a: Camerupt|26/100\n|\n|-heal|p2a: Camerupt|32/100|[from] item: Leftovers\n|upkeep\n|turn|5\n|inactive|Time left: 300 sec this turn | 300 sec total\n|\n|t:|1783549230\n|move|p2a: Camerupt|Stealth Rock|p1a: Spiritomb\n|-sidestart|p1: p0x870ae38|move: Stealth Rock\n|move|p1a: Spiritomb|Foul Play|p2a: Camerupt\n|-damage|p2a: Camerupt|0 fnt\n|faint|p2a: Camerupt\n|\n|upkeep\n|\n|t:|1783549231\n|switch|p2a: Dipplin|Dipplin, L88, M|100/100\n|turn|6\n|inactive|Time left: 300 sec this turn | 300 sec total\n|\n|t:|1783549232\n|switch|p1a: Tinkaton|Tinkaton, L82, F|274/274\n|-damage|p1a: Tinkaton|257/274|[from] Stealth Rock\n|-ability|p1a: Tinkaton|Mold Breaker\n|move|p2a: Dipplin|Dragon Pulse|p1a: Tinkaton\n|-immune|p1a: Tinkaton\n|\n|-heal|p1a: Tinkaton|274/274|[from] item: Leftovers\n|upkeep\n|turn|7\n|inactive|Time left: 300 sec this turn | 300 sec total\n|\n|t:|1783549233\n|move|p1a: Tinkaton|Swords Dance|p1a: Tinkaton\n|-boost|p1a: Tinkaton|atk|2\n|move|p2a: Dipplin|Giga Drain|p1a: Tinkaton\n|-resisted|p1a: Tinkaton\n|-damage|p1a: Tinkaton|237/274\n|\n|-heal|p1a: Tinkaton|254/274|[from] item: Leftovers\n|upkeep\n|turn|8\n|inactive|Time left: 300 sec this turn | 300 sec total\n|\n|t:|1783549234\n|switch|p2a: Skeledirge|Skeledirge, L79, M|100/100\n|move|p1a: Tinkaton|Swords Dance|p1a: Tinkaton\n|-boost|p1a: Tinkaton|atk|2\n|\n|-heal|p1a: Tinkaton|271/274|[from] item: Leftovers\n|upkeep\n|turn|9\n|inactive|Time left: 300 sec this turn | 300 sec total\n|\n|t:|1783549235\n|move|p1a: Tinkaton|Knock Off|p2a: Skeledirge\n|-supereffective|p2a: Skeledirge\n|-damage|p2a: Skeledirge|0 fnt\n|-enditem|p2a: Skeledirge|Heavy-Duty Boots|[from] move: Knock Off|[of] p1a: Tinkaton\n|faint|p2a: Skeledirge\n|\n|-heal|p1a: Tinkaton|274/274|[from] item: Leftovers\n|upkeep\n|\n|t:|1783549235\n|switch|p2a: Dipplin|Dipplin, L88, M|100/100\n|turn|10\n|inactive|Time left: 300 sec this turn | 300 sec total\n|\n|t:|1783549236\n|-terastallize|p2a: Dipplin|Steel\n|move|p1a: Tinkaton|Play Rough|p2a: Dipplin\n|-resisted|p2a: Dipplin\n|-damage|p2a: Dipplin|79/100\n|move|p2a: Dipplin|Recover|p2a: Dipplin\n|-heal|p2a: Dipplin|100/100\n|\n|upkeep\n|turn|11\n|inactive|Time left: 300 sec this turn | 300 sec total\n|\n|t:|1783549237\n|move|p1a: Tinkaton|Gigaton Hammer|p2a: Dipplin\n|-resisted|p2a: Dipplin\n|-damage|p2a: Dipplin|66/100\n|move|p2a: Dipplin|Recover|p2a: Dipplin\n|-heal|p2a: Dipplin|100/100\n|\n|upkeep\n|turn|12\n|inactive|Time left: 300 sec this turn | 300 sec total\n|\n|t:|1783549237\n|move|p1a: Tinkaton|Swords Dance|p1a: Tinkaton\n|-boost|p1a: Tinkaton|atk|2\n|move|p2a: Dipplin|Giga Drain|p1a: Tinkaton\n|-resisted|p1a: Tinkaton\n|-damage|p1a: Tinkaton|233/274\n|\n|-heal|p1a: Tinkaton|250/274|[from] item: Leftovers\n|upkeep\n|turn|13\n|inactive|Time left: 300 sec this turn | 300 sec total\n|\n|t:|1783549238\n|move|p1a: Tinkaton|Knock Off|p2a: Dipplin\n|-damage|p2a: Dipplin|61/100\n|-enditem|p2a: Dipplin|Eviolite|[from] move: Knock Off|[of] p1a: Tinkaton\n|move|p2a: Dipplin|Recover|p2a: Dipplin\n|-heal|p2a: Dipplin|100/100\n|\n|-heal|p1a: Tinkaton|267/274|[from] item: Leftovers\n|upkeep\n|turn|14\n|inactive|Time left: 300 sec this turn | 300 sec total\n|\n|t:|1783549239\n|move|p1a: Tinkaton|Gigaton Hammer|p2a: Dipplin\n|-resisted|p2a: Dipplin\n|-damage|p2a: Dipplin|29/100\n|move|p2a: Dipplin|Recover|p2a: Dipplin\n|-heal|p2a: Dipplin|79/100\n|\n|-heal|p1a: Tinkaton|274/274|[from] item: Leftovers\n|upkeep\n|turn|15\n|inactive|Time left: 300 sec this turn | 300 sec total\n|\n|t:|1783549240\n|move|p1a: Tinkaton|Knock Off|p2a: Dipplin\n|-crit|p2a: Dipplin\n|-damage|p2a: Dipplin|19/100\n|move|p2a: Dipplin|Recover|p2a: Dipplin\n|-heal|p2a: Dipplin|69/100\n|\n|upkeep\n|turn|16\n|inactive|Time left: 300 sec this turn | 300 sec total\n|\n|t:|1783549240\n|move|p1a: Tinkaton|Gigaton Hammer|p2a: Dipplin\n|-resisted|p2a: Dipplin\n|-damage|p2a: Dipplin|0 fnt\n|faint|p2a: Dipplin\n|\n|upkeep\n|\n|t:|1783549241\n|switch|p2a: Probopass|Probopass, L91, M|100/100\n|turn|17\n|inactive|Time left: 300 sec this turn | 300 sec total\n|\n|t:|1783549242\n|move|p1a: Tinkaton|Knock Off|p2a: Probopass\n|-damage|p2a: Probopass|47/100\n|-enditem|p2a: Probopass|Leftovers|[from] move: Knock Off|[of] p1a: Tinkaton\n|move|p2a: Probopass|Body Press|p1a: Tinkaton\n|-crit|p1a: Tinkaton\n|-damage|p1a: Tinkaton|105/274\n|\n|-heal|p1a: Tinkaton|122/274|[from] item: Leftovers\n|upkeep\n|turn|18\n|inactive|Time left: 300 sec this turn | 300 sec total\n|\n|t:|1783549242\n|move|p1a: Tinkaton|Gigaton Hammer|p2a: Probopass\n|-damage|p2a: Probopass|0 fnt\n|faint|p2a: Probopass\n|\n|-heal|p1a: Tinkaton|139/274|[from] item: Leftovers\n|upkeep\n|\n|t:|1783549243\n|switch|p2a: Zangoose|Zangoose, L85, M|100/100\n|turn|19\n|inactive|Time left: 300 sec this turn | 300 sec total\n|\n|t:|1783549244\n|move|p2a: Zangoose|Knock Off|p1a: Tinkaton\n|-resisted|p1a: Tinkaton\n|-damage|p1a: Tinkaton|93/274\n|-enditem|p1a: Tinkaton|Leftovers|[from] move: Knock Off|[of] p2a: Zangoose\n|move|p1a: Tinkaton|Knock Off|p2a: Zangoose\n|-damage|p2a: Zangoose|0 fnt\n|-enditem|p2a: Zangoose|Toxic Orb|[from] move: Knock Off|[of] p1a: Tinkaton\n|faint|p2a: Zangoose\n|\n|win|p0x870ae38", "uploadtime": 1783549244, "views": 0, "rating": 0, "private": 0, "password": null, "_winner": "p0x870ae38", "_our_name": "p0x870ae38"}