{"id": "battle-gen9randombattle-1458", "formatid": "gen9randombattle", "format": "[Gen 9] Random Battle", "players": ["p0x145801c4", "p0y14581cc1"], "log": "|init|battle\n|title|p0x145801c4 vs. p0y14581cc1\n|j|\u2606p0x145801c4\n|j|\u2606p0y14581cc1\n|t:|1783556974\n|gametype|singles\n|player|p1|p0x145801c4|266|\n|player|p2|p0y14581cc1|265|\n|gen|9\n|tier|[Gen 9] Random Battle\n|rule|Species Clause: Limit one of each Pok\u00e9mon\n|rule|HP Percentage Mod: HP is shown in percentages\n|rule|Sleep Clause Mod: Limit one foe put to sleep\n|rule|Illusion Level Mod: Illusion disguises the Pok\u00e9mon's true level\n|\n|t:|1783556974\n|teamsize|p1|6\n|teamsize|p2|6\n|start\n|switch|p1a: Glimmora|Glimmora, L75, M|248/248\n|switch|p2a: Scizor|Scizor, L79, M|100/100\n|turn|1\n|inactive|Battle timer is ON: inactive players will automatically lose when time's up. (requested by p0x145801c4)\n|inactive|p0y14581cc1 also wants the timer to be on.\n|\n|t:|1783556975\n|switch|p2a: Ludicolo|Ludicolo, L90, F|100/100\n|move|p1a: Glimmora|Meteor Beam||[still]\n|-prepare|p1a: Glimmora|Meteor Beam\n|-boost|p1a: Glimmora|spa|1\n|-enditem|p1a: Glimmora|Power Herb\n|-anim|p1a: Glimmora|Meteor Beam|p2a: Ludicolo\n|-damage|p2a: Ludicolo|38/100\n|\n|upkeep\n|turn|2\n|inactive|Time left: 300 sec this turn | 300 sec total\n|\n|t:|1783556977\n|move|p2a: Ludicolo|Hydro Pump|p1a: Glimmora|[miss]\n|-miss|p2a: Ludicolo|p1a: Glimmora\n|move|p1a: Glimmora|Meteor Beam||[still]\n|-prepare|p1a: Glimmora|Meteor Beam\n|-boost|p1a: Glimmora|spa|1\n|\n|upkeep\n|turn|3\n|inactive|Time left: 300 sec this turn | 300 sec total\n|\n|t:|1783556977\n|move|p2a: Ludicolo|Hydro Pump|p1a: Glimmora|[miss]\n|-miss|p2a: Ludicolo|p1a: Glimmora\n|move|p1a: Glimmora|Meteor Beam|p2a: Ludicolo|[from] lockedmove|[miss]\n|-miss|p1a: Glimmora|p2a: Ludicolo\n|\n|upkeep\n|turn|4\n|inactive|Time left: 300 sec this turn | 300 sec total\n|\n|t:|1783556978\n|-terastallize|p1a: Glimmora|Grass\n|move|p2a: Ludicolo|Hydro Pump|p1a: Glimmora\n|-resisted|p1a: Glimmora\n|-damage|p1a: Glimmora|147/248\n|-damage|p2a: Ludicolo|28/100|[from] item: Life Orb\n|move|p1a: Glimmora|Sludge Wave|p2a: Ludicolo\n|-supereffective|p2a: Ludicolo\n|-damage|p2a: Ludicolo|0 fnt\n|faint|p2a: Ludicolo\n|\n|upkeep\n|\n|t:|1783556979\n|switch|p2a: Entei|Entei, L78|100/100\n|turn|5\n|inactive|Time left: 300 sec this turn | 300 sec total\n|\n|t:|1783556980\n|switch|p1a: Chandelure|Chandelure, L83, F|235/235\n|move|p2a: Entei|Sacred Fire|p1a: Chandelure\n|-start|p1a: Chandelure|ability: Flash Fire\n|\n|upkeep\n|turn|6\n|inactive|Time left: 300 sec this turn | 300 sec total\n|\n|t:|1783556981\n|move|p2a: Entei|Sacred Fire|p1a: Chandelure\n|-immune|p1a: Chandelure|[from] ability: Flash Fire\n|move|p1a: Chandelure|Fire Blast|p2a: Entei\n|-resisted|p2a: Entei\n|-damage|p2a: Entei|56/100\n|\n|upkeep\n|turn|7\n|inactive|Time left: 300 sec this turn | 300 sec total\n|\n|t:|1783556982\n|switch|p2a: Emboar|Emboar, L84, F|100/100\n|move|p1a: Chandelure|Fire Blast|p2a: Emboar\n|-resisted|p2a: Emboar\n|-damage|p2a: Emboar|71/100\n|\n|upkeep\n|turn|8\n|inactive|Time left: 300 sec this turn | 300 sec total\n|\n|t:|1783556983\n|-end|p1a: Chandelure|ability: Flash Fire|[silent]\n|switch|p1a: Glimmora|Glimmora, L75, M, tera:Grass|147/248\n|move|p2a: Emboar|Knock Off|p1a: Glimmora\n|-damage|p1a: Glimmora|89/248\n|-activate|p1a: Glimmora|ability: Toxic Debris\n|-sidestart|p2: p0y14581cc1|move: Toxic Spikes\n|\n|upkeep\n|turn|9\n|inactive|Time left: 300 sec this turn | 300 sec total\n|\n|t:|1783556984\n|move|p1a: Glimmora|Earth Power|p2a: Emboar\n|-supereffective|p2a: Emboar\n|-damage|p2a: Emboar|34/100\n|move|p2a: Emboar|Flare Blitz|p1a: Glimmora\n|-supereffective|p1a: Glimmora\n|-damage|p1a: Glimmora|0 fnt\n|-activate|p1a: Glimmora|ability: Toxic Debris\n|-sidestart|p2: p0y14581cc1|move: Toxic Spikes\n|faint|p1a: Glimmora\n|-damage|p2a: Emboar|25/100|[from] Recoil\n|\n|upkeep\n|inactive|Time left: 300 sec this turn | 300 sec total | 5 sec grace\n|\n|t:|1783556985\n|switch|p1a: Dewgong|Dewgong, L94, M|322/322\n|turn|10\n|inactive|Time left: 300 sec this turn | 300 sec total\n|\n|t:|1783556987\n|move|p1a: Dewgong|Surf|p2a: Emboar\n|-supereffective|p2a: Emboar\n|-damage|p2a: Emboar|0 fnt\n|faint|p2a: Emboar\n|\n|upkeep\n|\n|t:|1783556988\n|switch|p2a: Gurdurr|Gurdurr, L85, M|100/100\n|-status|p2a: Gurdurr|tox\n|turn|11\n|inactive|Time left: 300 sec this turn | 300 sec total\n|\n|t:|1783556989\n|move|p1a: Dewgong|Surf|p2a: Gurdurr\n|-crit|p2a: Gurdurr\n|-damage|p2a: Gurdurr|55/100 tox\n|move|p2a: Gurdurr|Bulk Up|p2a: Gurdurr\n|-boost|p2a: Gurdurr|atk|1\n|-boost|p2a: Gurdurr|def|1\n|\n|-damage|p2a: Gurdurr|49/100 tox|[from] psn\n|upkeep\n|turn|12\n|inactive|Time left: 300 sec this turn | 300 sec total\n|\n|t:|1783556990\n|move|p2a: Gurdurr|Mach Punch|p1a: Dewgong\n|-supereffective|p1a: Dewgong\n|-damage|p1a: Dewgong|116/322\n|move|p1a: Dewgong|Encore|p2a: Gurdurr\n|-start|p2a: Gurdurr|Encore\n|\n|-damage|p2a: Gurdurr|37/100 tox|[from] psn\n|upkeep\n|turn|13\n|inactive|Time left: 300 sec this turn | 300 sec total\n|\n|t:|1783556991\n|switch|p1a: Spiritomb|Spiritomb, L89, F|234/234\n|move|p2a: Gurdurr|Mach Punch|p1a: Spiritomb\n|-immune|p1a: Spiritomb\n|\n|-damage|p2a: Gurdurr|19/100 tox|[from] psn\n|upkeep\n|turn|14\n|inactive|Time left: 300 sec this turn | 300 sec total\n|\n|t:|1783556992\n|switch|p2a: Scizor|Scizor, L79, M|100/100\n|move|p1a: Spiritomb|Foul Play|p2a: Scizor\n|-damage|p2a: Scizor|50/100\n|\n|-heal|p2a: Scizor|56/100|[from] item: Leftovers\n|upkeep\n|turn|15\n|inactive|Time left: 300 sec this turn | 300 sec total\n|\n|t:|1783556993\n|move|p2a: Scizor|Defog|p1a: Spiritomb\n|-unboost|p1a: Spiritomb|evasion|1\n|-sideend|p2: p0y14581cc1|Toxic Spikes|[from] move: Defog|[of] p2a: Scizor\n|move|p1a: Spiritomb|Foul Play|p2a: Scizor\n|-damage|p2a: Scizor|7/100\n|\n|-heal|p2a: Scizor|13/100|[from] item: Leftovers\n|upkeep\n|turn|16\n|inactive|Time left: 300 sec this turn | 300 sec total\n|\n|t:|1783556994\n|move|p2a: Scizor|Knock Off|p1a: Spiritomb\n|-damage|p1a: Spiritomb|167/234\n|-enditem|p1a: Spiritomb|Leftovers|[from] move: Knock Off|[of] p2a: Scizor\n|move|p1a: Spiritomb|Poltergeist|p2a: Scizor\n|-activate|p2a: Scizor|move: Poltergeist|Leftovers\n|-damage|p2a: Scizor|0 fnt\n|faint|p2a: Scizor\n|\n|upkeep\n|\n|t:|1783556995\n|switch|p2a: Pincurchin|Pincurchin, F|100/100\n|-fieldstart|move: Electric Terrain|[from] ability: Electric Surge|[of] p2a: Pincurchin\n|turn|17\n|inactive|Time left: 300 sec this turn | 300 sec total\n|\n|t:|1783556996\n|move|p1a: Spiritomb|Will-O-Wisp|p2a: Pincurchin\n|-status|p2a: Pincurchin|brn\n|move|p2a: Pincurchin|Zing Zap|p1a: Spiritomb\n|-damage|p1a: Spiritomb|106/234\n|\n|-damage|p2a: Pincurchin|94/100 brn|[from] brn\n|upkeep\n|turn|18\n|inactive|Time left: 300 sec this turn | 300 sec total\n|\n|t:|1783556997\n|move|p1a: Spiritomb|Poltergeist|p2a: Pincurchin\n|-activate|p2a: Pincurchin|move: Poltergeist|Leftovers\n|-damage|p2a: Pincurchin|54/100 brn\n|move|p2a: Pincurchin|Zing Zap|p1a: Spiritomb\n|-damage|p1a: Spiritomb|35/234\n|\n|-heal|p2a: Pincurchin|60/100 brn|[from] item: Leftovers\n|-damage|p2a: Pincurchin|54/100 brn|[from] brn\n|upkeep\n|turn|19\n|inactive|Time left: 300 sec this turn | 300 sec total\n|\n|t:|1783556999\n|move|p1a: Spiritomb|Foul Play|p2a: Pincurchin\n|-damage|p2a: Pincurchin|12/100 brn\n|move|p2a: Pincurchin|Zing Zap|p1a: Spiritomb\n|-damage|p1a: Spiritomb|0 fnt\n|faint|p1a: Spiritomb\n|\n|-heal|p2a: Pincurchin|18/100 brn|[from] item: Leftovers\n|-damage|p2a: Pincurchin|12/100 brn|[from] brn\n|upkeep\n|inactive|Time left: 300 sec this turn | 300 sec total | 5 sec grace\n|\n|t:|1783556999\n|switch|p1a: Chandelure|Chandelure, L83, F|235/235\n|turn|20\n|inactive|Time left: 300 sec this turn | 300 sec total\n|\n|t:|1783557000\n|move|p1a: Chandelure|Shadow Ball|p2a: Pincurchin\n|-damage|p2a: Pincurchin|0 fnt\n|faint|p2a: Pincurchin\n|\n|upkeep\n|\n|t:|1783557001\n|switch|p2a: Entei|Entei, L78|56/100\n|turn|21\n|inactive|Time left: 300 sec this turn | 300 sec total\n|\n|t:|1783557002\n|move|p2a: Entei|Stone Edge|p1a: Chandelure|[miss]\n|-miss|p2a: Entei|p1a: Chandelure\n|move|p1a: Chandelure|Shadow Ball|p2a: Entei\n|-damage|p2a: Entei|10/100\n|\n|-fieldend|move: Electric Terrain\n|upkeep\n|turn|22\n|inactive|Time left: 300 sec this turn | 300 sec total\n|\n|t:|1783557003\n|move|p2a: Entei|Stone Edge|p1a: Chandelure\n|-supereffective|p1a: Chandelure\n|-damage|p1a: Chandelure|35/235\n|move|p1a: Chandelure|Energy Ball|p2a: Entei\n|-resisted|p2a: Entei\n|-damage|p2a: Entei|0 fnt\n|faint|p2a: Entei\n|\n|upkeep\n|\n|t:|1783557004\n|switch|p2a: Gurdurr|Gurdurr, L85, M|19/100 tox\n|turn|23\n|inactive|Time left: 300 sec this turn | 300 sec total\n|\n|t:|1783557005\n|-terastallize|p2a: Gurdurr|Steel\n|move|p2a: Gurdurr|Mach Punch|p1a: Chandelure\n|-immune|p1a: Chandelure\n|move|p1a: Chandelure|Energy Ball|p2a: Gurdurr\n|-resisted|p2a: Gurdurr\n|-damage|p2a: Gurdurr|4/100 tox\n|\n|-damage|p2a: Gurdurr|0 fnt|[from] psn\n|faint|p2a: Gurdurr\n|\n|win|p0x145801c4", "uploadtime": 1783557005, "views": 0, "rating": 0, "private": 0, "password": null, "_winner": "p0x145801c4", "_our_name": "p0x145801c4"}