{"id": "battle-gen9randombattle-2948", "formatid": "gen9randombattle", "format": "[Gen 9] Random Battle", "players": ["p0x2948018b", "p0y29488c86"], "log": "|init|battle\n|title|p0x2948018b vs. p0y29488c86\n|j|\u2606p0x2948018b\n|j|\u2606p0y29488c86\n|t:|1783573934\n|gametype|singles\n|player|p1|p0x2948018b|170|\n|player|p2|p0y29488c86|265|\n|gen|9\n|tier|[Gen 9] Random Battle\n|rule|Species Clause: Limit one of each Pok\u00e9mon\n|rule|HP Percentage Mod: HP is shown in percentages\n|rule|Sleep Clause Mod: Limit one foe put to sleep\n|rule|Illusion Level Mod: Illusion disguises the Pok\u00e9mon's true level\n|\n|t:|1783573934\n|teamsize|p1|6\n|teamsize|p2|6\n|start\n|switch|p1a: Kingdra|Kingdra, L84, F|100/100\n|switch|p2a: Chandelure|Chandelure, L83, M|235/235\n|turn|1\n|inactive|Battle timer is ON: inactive players will automatically lose when time's up. (requested by p0y29488c86)\n|\n|t:|1783573935\n|switch|p2a: Tinkaton|Tinkaton, L82, F|274/274\n|-ability|p2a: Tinkaton|Mold Breaker\n|move|p1a: Kingdra|Outrage|p2a: Tinkaton\n|-immune|p2a: Tinkaton\n|\n|upkeep\n|turn|2\n|inactive|Time left: 300 sec this turn | 300 sec total\n|inactive|p0x2948018b also wants the timer to be on.\n|\n|t:|1783573936\n|move|p2a: Tinkaton|Swords Dance|p2a: Tinkaton\n|-boost|p2a: Tinkaton|atk|2\n|move|p1a: Kingdra|Dragon Dance|p1a: Kingdra\n|-boost|p1a: Kingdra|atk|1\n|-boost|p1a: Kingdra|spe|1\n|\n|upkeep\n|turn|3\n|inactive|Time left: 300 sec this turn | 300 sec total\n|\n|t:|1783573937\n|-terastallize|p1a: Kingdra|Water\n|move|p1a: Kingdra|Wave Crash|p2a: Tinkaton\n|-damage|p2a: Tinkaton|0 fnt\n|faint|p2a: Tinkaton\n|-damage|p1a: Kingdra|66/100|[from] Recoil\n|\n|upkeep\n|inactive|Time left: 300 sec this turn | 300 sec total | 5 sec grace\n|\n|t:|1783573938\n|switch|p2a: Dudunsparce|Dudunsparce-Three-Segment, L83, M|343/343\n|turn|4\n|inactive|Time left: 300 sec this turn | 300 sec total\n|\n|t:|1783573939\n|move|p1a: Kingdra|Outrage|p2a: Dudunsparce\n|-damage|p2a: Dudunsparce|148/343\n|move|p2a: Dudunsparce|Boomburst|p1a: Kingdra\n|-damage|p1a: Kingdra|16/100\n|\n|-heal|p2a: Dudunsparce|169/343|[from] item: Leftovers\n|upkeep\n|turn|5\n|inactive|Time left: 300 sec this turn | 300 sec total\n|\n|t:|1783573940\n|switch|p2a: Vigoroth|Vigoroth, L85, M|275/275\n|move|p1a: Kingdra|Outrage|p2a: Vigoroth|[from] lockedmove\n|-damage|p2a: Vigoroth|152/275\n|\n|upkeep\n|turn|6\n|inactive|Time left: 300 sec this turn | 300 sec total\n|\n|t:|1783573941\n|move|p1a: Kingdra|Outrage|p2a: Vigoroth|[from] lockedmove\n|-damage|p2a: Vigoroth|19/275\n|-start|p1a: Kingdra|confusion|[fatigue]\n|-enditem|p1a: Kingdra|Lum Berry|[eat]\n|-end|p1a: Kingdra|confusion\n|move|p2a: Vigoroth|Earthquake|p1a: Kingdra\n|-damage|p1a: Kingdra|0 fnt\n|faint|p1a: Kingdra\n|\n|upkeep\n|\n|t:|1783573942\n|switch|p1a: Masquerain|Masquerain, L87, M|100/100\n|-ability|p1a: Masquerain|Intimidate|boost\n|-unboost|p2a: Vigoroth|atk|1\n|turn|7\n|inactive|Time left: 300 sec this turn | 300 sec total\n|\n|t:|1783573943\n|move|p2a: Vigoroth|Body Slam|p1a: Masquerain\n|-damage|p1a: Masquerain|75/100\n|move|p1a: Masquerain|Sticky Web|p2a: Vigoroth\n|-sidestart|p2: p0y29488c86|move: Sticky Web\n|\n|upkeep\n|turn|8\n|inactive|Time left: 300 sec this turn | 300 sec total\n|\n|t:|1783573944\n|move|p2a: Vigoroth|Slack Off|p2a: Vigoroth\n|-heal|p2a: Vigoroth|157/275\n|move|p1a: Masquerain|Hurricane|p2a: Vigoroth\n|-damage|p2a: Vigoroth|34/275\n|\n|upkeep\n|turn|9\n|inactive|Time left: 300 sec this turn | 300 sec total\n|\n|t:|1783573945\n|move|p2a: Vigoroth|Slack Off|p2a: Vigoroth\n|-heal|p2a: Vigoroth|172/275\n|move|p1a: Masquerain|Bug Buzz|p2a: Vigoroth\n|-damage|p2a: Vigoroth|75/275\n|\n|upkeep\n|turn|10\n|inactive|Time left: 300 sec this turn | 300 sec total\n|\n|t:|1783573946\n|move|p2a: Vigoroth|Slack Off|p2a: Vigoroth\n|-heal|p2a: Vigoroth|213/275\n|move|p1a: Masquerain|Bug Buzz|p2a: Vigoroth\n|-damage|p2a: Vigoroth|119/275\n|\n|upkeep\n|turn|11\n|inactive|Time left: 300 sec this turn | 300 sec total\n|\n|t:|1783573947\n|move|p2a: Vigoroth|Slack Off|p2a: Vigoroth\n|-heal|p2a: Vigoroth|257/275\n|move|p1a: Masquerain|Bug Buzz|p2a: Vigoroth\n|-damage|p2a: Vigoroth|167/275\n|\n|upkeep\n|turn|12\n|inactive|Time left: 300 sec this turn | 300 sec total\n|\n|t:|1783573948\n|switch|p2a: Chandelure|Chandelure, L83, M|235/235\n|move|p1a: Masquerain|Bug Buzz|p2a: Chandelure\n|-resisted|p2a: Chandelure\n|-damage|p2a: Chandelure|210/235\n|\n|upkeep\n|turn|13\n|inactive|Time left: 300 sec this turn | 300 sec total\n|\n|t:|1783573949\n|move|p1a: Masquerain|Hydro Pump|p2a: Chandelure|[miss]\n|-miss|p1a: Masquerain|p2a: Chandelure\n|move|p2a: Chandelure|Fire Blast|p1a: Masquerain|[miss]\n|-miss|p2a: Chandelure|p1a: Masquerain\n|\n|upkeep\n|turn|14\n|inactive|Time left: 300 sec this turn | 300 sec total\n|\n|t:|1783573950\n|move|p1a: Masquerain|Hydro Pump|p2a: Chandelure\n|-supereffective|p2a: Chandelure\n|-damage|p2a: Chandelure|48/235\n|move|p2a: Chandelure|Fire Blast|p1a: Masquerain\n|-supereffective|p1a: Masquerain\n|-damage|p1a: Masquerain|0 fnt\n|faint|p1a: Masquerain\n|\n|upkeep\n|\n|t:|1783573951\n|switch|p1a: Sandy Shocks|Sandy Shocks, L80|100/100\n|turn|15\n|inactive|Time left: 300 sec this turn | 300 sec total\n|\n|t:|1783573952\n|move|p1a: Sandy Shocks|Thunderbolt|p2a: Chandelure\n|-crit|p2a: Chandelure\n|-damage|p2a: Chandelure|0 fnt\n|faint|p2a: Chandelure\n|\n|upkeep\n|inactive|Time left: 300 sec this turn | 300 sec total | 5 sec grace\n|\n|t:|1783573952\n|switch|p2a: Morpeko|Morpeko, L88, M|245/245\n|turn|16\n|inactive|Time left: 300 sec this turn | 300 sec total\n|\n|t:|1783573953\n|move|p2a: Morpeko|Protect|p2a: Morpeko\n|-singleturn|p2a: Morpeko|Protect\n|move|p1a: Sandy Shocks|Earth Power|p2a: Morpeko\n|-activate|p2a: Morpeko|move: Protect\n|\n|-formechange|p2a: Morpeko|Morpeko-Hangry||[from] ability: Hunger Switch\n|upkeep\n|turn|17\n|inactive|Time left: 300 sec this turn | 300 sec total\n|\n|t:|1783573954\n|move|p2a: Morpeko|Parting Shot|p1a: Sandy Shocks\n|-unboost|p1a: Sandy Shocks|atk|1\n|-unboost|p1a: Sandy Shocks|spa|1\n|inactive|Time left: 300 sec this turn | 300 sec total | 5 sec grace\n|\n|t:|1783573955\n|switch|p2a: Dudunsparce|Dudunsparce-Three-Segment, L83, M|169/343|[from] Parting Shot\n|-activate|p2a: Dudunsparce|move: Sticky Web\n|-unboost|p2a: Dudunsparce|spe|1\n|move|p1a: Sandy Shocks|Earth Power|p2a: Dudunsparce\n|-damage|p2a: Dudunsparce|85/343\n|\n|-heal|p2a: Dudunsparce|106/343|[from] item: Leftovers\n|upkeep\n|turn|18\n|inactive|Time left: 300 sec this turn | 300 sec total\n|\n|t:|1783573956\n|-end|p1a: Sandy Shocks|Protosynthesis|[silent]\n|switch|p1a: Mimikyu|Mimikyu, L79, M|100/100\n|move|p2a: Dudunsparce|Boomburst|p1a: Mimikyu\n|-immune|p1a: Mimikyu\n|\n|-heal|p2a: Dudunsparce|127/343|[from] item: Leftovers\n|upkeep\n|turn|19\n|inactive|Time left: 300 sec this turn | 300 sec total\n|\n|t:|1783573956\n|move|p1a: Mimikyu|Swords Dance|p1a: Mimikyu\n|-boost|p1a: Mimikyu|atk|2\n|move|p2a: Dudunsparce|Roost|p2a: Dudunsparce\n|-heal|p2a: Dudunsparce|299/343\n|-singleturn|p2a: Dudunsparce|move: Roost\n|\n|-heal|p2a: Dudunsparce|320/343|[from] item: Leftovers\n|upkeep\n|turn|20\n|inactive|Time left: 300 sec this turn | 300 sec total\n|\n|t:|1783573957\n|move|p1a: Mimikyu|Play Rough|p2a: Dudunsparce\n|-damage|p2a: Dudunsparce|86/343\n|-damage|p1a: Mimikyu|91/100|[from] item: Life Orb\n|move|p2a: Dudunsparce|Toxic|p1a: Mimikyu\n|-status|p1a: Mimikyu|tox\n|\n|-heal|p2a: Dudunsparce|107/343|[from] item: Leftovers\n|-damage|p1a: Mimikyu|85/100 tox|[from] psn\n|upkeep\n|turn|21\n|inactive|Time left: 300 sec this turn | 300 sec total\n|\n|t:|1783573958\n|move|p1a: Mimikyu|Drain Punch|p2a: Dudunsparce\n|-supereffective|p2a: Dudunsparce\n|-damage|p2a: Dudunsparce|0 fnt\n|-heal|p1a: Mimikyu|100/100 tox|[from] drain|[of] p2a: Dudunsparce\n|faint|p2a: Dudunsparce\n|-damage|p1a: Mimikyu|91/100 tox|[from] item: Life Orb\n|\n|-damage|p1a: Mimikyu|79/100 tox|[from] psn\n|upkeep\n|inactive|Time left: 300 sec this turn | 300 sec total | 5 sec grace\n|\n|t:|1783573959\n|switch|p2a: Morpeko|Morpeko, L88, M|245/245\n|turn|22\n|inactive|Time left: 300 sec this turn | 300 sec total\n|\n|t:|1783573960\n|move|p2a: Morpeko|Parting Shot|p1a: Mimikyu\n|-unboost|p1a: Mimikyu|atk|1\n|-unboost|p1a: Mimikyu|spa|1\n|inactive|Time left: 300 sec this turn | 300 sec total | 5 sec grace\n|\n|t:|1783573961\n|switch|p2a: Vigoroth|Vigoroth, L85, M|167/275|[from] Parting Shot\n|-activate|p2a: Vigoroth|move: Sticky Web\n|-unboost|p2a: Vigoroth|spe|1\n|move|p1a: Mimikyu|Play Rough|p2a: Vigoroth\n|-damage|p2a: Vigoroth|46/275\n|-damage|p1a: Mimikyu|69/100 tox|[from] item: Life Orb\n|\n|-damage|p1a: Mimikyu|51/100 tox|[from] psn\n|upkeep\n|turn|23\n|inactive|Time left: 300 sec this turn | 300 sec total\n|\n|t:|1783573962\n|move|p1a: Mimikyu|Drain Punch|p2a: Vigoroth\n|-supereffective|p2a: Vigoroth\n|-damage|p2a: Vigoroth|0 fnt\n|-heal|p1a: Mimikyu|62/100 tox|[from] drain|[of] p2a: Vigoroth\n|faint|p2a: Vigoroth\n|-damage|p1a: Mimikyu|52/100 tox|[from] item: Life Orb\n|\n|-damage|p1a: Mimikyu|28/100 tox|[from] psn\n|upkeep\n|inactive|Time left: 300 sec this turn | 300 sec total | 5 sec grace\n|\n|t:|1783573963\n|switch|p2a: Morpeko|Morpeko, L88, M|245/245\n|turn|24\n|inactive|Time left: 300 sec this turn | 300 sec total\n|\n|t:|1783573964\n|move|p2a: Morpeko|Protect|p2a: Morpeko\n|-singleturn|p2a: Morpeko|Protect\n|move|p1a: Mimikyu|Play Rough|p2a: Morpeko\n|-activate|p2a: Morpeko|move: Protect\n|\n|-damage|p1a: Mimikyu|0 fnt|[from] psn\n|faint|p1a: Mimikyu\n|-formechange|p2a: Morpeko|Morpeko-Hangry||[from] ability: Hunger Switch\n|upkeep\n|\n|t:|1783573965\n|switch|p1a: Probopass|Probopass, L91, M|100/100\n|turn|25\n|inactive|Time left: 300 sec this turn | 300 sec total\n|\n|t:|1783573966\n|-terastallize|p2a: Morpeko|Electric\n|move|p2a: Morpeko|Aura Wheel|p1a: Probopass\n|-damage|p1a: Probopass|71/100\n|-boost|p2a: Morpeko|spe|1\n|move|p1a: Probopass|Body Press|p2a: Morpeko\n|-damage|p2a: Morpeko|117/245\n|\n|upkeep\n|turn|26\n|inactive|Time left: 300 sec this turn | 300 sec total\n|\n|t:|1783573967\n|move|p2a: Morpeko|Aura Wheel|p1a: Probopass\n|-damage|p1a: Probopass|40/100\n|-boost|p2a: Morpeko|spe|1\n|move|p1a: Probopass|Iron Defense|p1a: Probopass\n|-boost|p1a: Probopass|def|2\n|\n|upkeep\n|turn|27\n|inactive|Time left: 300 sec this turn | 300 sec total\n|\n|t:|1783573968\n|move|p2a: Morpeko|Protect|p2a: Morpeko\n|-singleturn|p2a: Morpeko|Protect\n|move|p1a: Probopass|Body Press|p2a: Morpeko\n|-activate|p2a: Morpeko|move: Protect\n|\n|upkeep\n|turn|28\n|inactive|Time left: 300 sec this turn | 300 sec total\n|\n|t:|1783573969\n|move|p2a: Morpeko|Protect|p2a: Morpeko\n|-singleturn|p2a: Morpeko|Protect\n|move|p1a: Probopass|Body Press|p2a: Morpeko\n|-activate|p2a: Morpeko|move: Protect\n|\n|upkeep\n|turn|29\n|inactive|Time left: 300 sec this turn | 300 sec total\n|\n|t:|1783573970\n|move|p2a: Morpeko|Protect||[still]\n|-fail|p2a: Morpeko\n|move|p1a: Probopass|Body Press|p2a: Morpeko\n|-damage|p2a: Morpeko|0 fnt\n|faint|p2a: Morpeko\n|detailschange|p2: Morpeko|Morpeko, L88, M|[silent]\n|\n|upkeep\n|inactive|Time left: 300 sec this turn | 300 sec total | 5 sec grace\n|\n|t:|1783573971\n|switch|p2a: Delibird|Delibird, M|252/252\n|turn|30\n|inactive|Time left: 300 sec this turn | 300 sec total\n|\n|t:|1783573972\n|move|p2a: Delibird|Drill Run|p1a: Probopass|[miss]\n|-miss|p2a: Delibird|p1a: Probopass\n|move|p1a: Probopass|Power Gem|p2a: Delibird\n|-supereffective|p2a: Delibird\n|-damage|p2a: Delibird|0 fnt\n|faint|p2a: Delibird\n|\n|win|p0x2948018b", "uploadtime": 1783573972, "views": 0, "rating": 0, "private": 0, "password": null, "_winner": "p0x2948018b", "_our_name": "p0y29488c86"}