{"id": "battle-gen9randombattle-194", "formatid": "gen9randombattle", "format": "[Gen 9] Random Battle", "players": ["p0x1940c62", "p0y19499a5"], "log": "|init|battle\n|title|p0x1940c62 vs. p0y19499a5\n|j|\u2606p0x1940c62\n|j|\u2606p0y19499a5\n|t:|1783541365\n|gametype|singles\n|player|p1|p0x1940c62|265|\n|player|p2|p0y19499a5|265|\n|gen|9\n|tier|[Gen 9] Random Battle\n|rule|Species Clause: Limit one of each Pok\u00e9mon\n|rule|HP Percentage Mod: HP is shown in percentages\n|rule|Sleep Clause Mod: Limit one foe put to sleep\n|rule|Illusion Level Mod: Illusion disguises the Pok\u00e9mon's true level\n|\n|t:|1783541365\n|teamsize|p1|6\n|teamsize|p2|6\n|start\n|switch|p1a: Ogerpon|Ogerpon-Hearthflame, L74, F|239/239\n|switch|p2a: Trevenant|Trevenant, L89, F|100/100\n|-ability|p1a: Ogerpon|Mold Breaker\n|turn|1\n|inactive|Battle timer is ON: inactive players will automatically lose when time's up. (requested by p0x1940c62)\n|inactive|p0y19499a5 also wants the timer to be on.\n|\n|t:|1783541366\n|move|p1a: Ogerpon|Ivy Cudgel|p2a: Trevenant|[anim] Ivy Cudgel Fire\n|-supereffective|p2a: Trevenant\n|-crit|p2a: Trevenant\n|-damage|p2a: Trevenant|0 fnt\n|faint|p2a: Trevenant\n|\n|upkeep\n|\n|t:|1783541367\n|switch|p2a: Koraidon|Koraidon, L64|100/100\n|-weather|SunnyDay|[from] ability: Orichalcum Pulse|[of] p2a: Koraidon\n|-activate|p2a: Koraidon|Orichalcum Pulse|[source]\n|turn|2\n|inactive|Time left: 300 sec this turn | 300 sec total\n|\n|t:|1783541368\n|switch|p1a: Grimmsnarl|Grimmsnarl, L83, M|293/293\n|move|p2a: Koraidon|Swords Dance|p2a: Koraidon\n|-boost|p2a: Koraidon|atk|2\n|\n|-weather|SunnyDay|[upkeep]\n|upkeep\n|turn|3\n|inactive|Time left: 300 sec this turn | 300 sec total\n|\n|t:|1783541369\n|move|p1a: Grimmsnarl|Reflect|p1a: Grimmsnarl\n|-sidestart|p1: p0x1940c62|Reflect\n|move|p2a: Koraidon|Flare Blitz|p1a: Grimmsnarl\n|-damage|p1a: Grimmsnarl|121/293\n|-damage|p2a: Koraidon|76/100|[from] Recoil\n|\n|-weather|SunnyDay|[upkeep]\n|upkeep\n|turn|4\n|inactive|Time left: 300 sec this turn | 300 sec total\n|\n|t:|1783541370\n|move|p1a: Grimmsnarl|Thunder Wave|p2a: Koraidon\n|-status|p2a: Koraidon|par\n|cant|p2a: Koraidon|par\n|\n|-weather|SunnyDay|[upkeep]\n|upkeep\n|turn|5\n|inactive|Time left: 300 sec this turn | 300 sec total\n|\n|t:|1783541371\n|-terastallize|p2a: Koraidon|Fire\n|move|p1a: Grimmsnarl|Spirit Break|p2a: Koraidon\n|-resisted|p2a: Koraidon\n|-damage|p2a: Koraidon|54/100 par\n|-unboost|p2a: Koraidon|spa|1\n|move|p2a: Koraidon|Collision Course|p1a: Grimmsnarl\n|-damage|p1a: Grimmsnarl|0 fnt\n|faint|p1a: Grimmsnarl\n|\n|-weather|SunnyDay|[upkeep]\n|upkeep\n|inactive|Time left: 300 sec this turn | 300 sec total | 5 sec grace\n|\n|t:|1783541372\n|switch|p1a: Gumshoos|Gumshoos, L95, M|321/321\n|turn|6\n|inactive|Time left: 300 sec this turn | 300 sec total\n|\n|t:|1783541373\n|move|p1a: Gumshoos|Double-Edge|p2a: Koraidon\n|-damage|p2a: Koraidon|0 fnt\n|faint|p2a: Koraidon\n|-damage|p1a: Gumshoos|279/321|[from] Recoil\n|\n|-weather|none\n|upkeep\n|\n|t:|1783541373\n|switch|p2a: Brambleghast|Brambleghast, L88, M|100/100\n|turn|7\n|inactive|Time left: 300 sec this turn | 300 sec total\n|\n|t:|1783541375\n|switch|p1a: Masquerain|Masquerain, L87, F|264/264\n|-ability|p1a: Masquerain|Intimidate|boost\n|-unboost|p2a: Brambleghast|atk|1\n|move|p2a: Brambleghast|Spikes|p1a: Masquerain\n|-sidestart|p1: p0x1940c62|Spikes\n|\n|upkeep\n|turn|8\n|inactive|Time left: 300 sec this turn | 300 sec total\n|\n|t:|1783541376\n|move|p2a: Brambleghast|Spikes|p1a: Masquerain\n|-sidestart|p1: p0x1940c62|Spikes\n|move|p1a: Masquerain|Sticky Web|p2a: Brambleghast\n|-sidestart|p2: p0y19499a5|move: Sticky Web\n|\n|upkeep\n|turn|9\n|inactive|Time left: 300 sec this turn | 300 sec total\n|\n|t:|1783541377\n|move|p2a: Brambleghast|Rapid Spin|p1a: Masquerain\n|-damage|p1a: Masquerain|246/264\n|-boost|p2a: Brambleghast|spe|1\n|-sideend|p2: p0y19499a5|Sticky Web|[from] move: Rapid Spin|[of] p2a: Brambleghast\n|move|p1a: Masquerain|U-turn|p2a: Brambleghast\n|-damage|p2a: Brambleghast|73/100\n|inactive|Time left: 300 sec this turn | 300 sec total | 5 sec grace\n|\n|t:|1783541378\n|switch|p1a: Hydreigon|Hydreigon, L79, F|275/275|[from] U-turn\n|\n|upkeep\n|turn|10\n|inactive|Time left: 300 sec this turn | 300 sec total\n|\n|t:|1783541379\n|switch|p2a: Dudunsparce|Dudunsparce-Three-Segment, L83, F|100/100\n|move|p1a: Hydreigon|Dark Pulse|p2a: Dudunsparce\n|-damage|p2a: Dudunsparce|54/100\n|-ability|p2a: Dudunsparce|Rattled|boost\n|-boost|p2a: Dudunsparce|spe|1\n|\n|-heal|p2a: Dudunsparce|60/100|[from] item: Leftovers\n|-sideend|p1: p0x1940c62|Reflect\n|upkeep\n|turn|11\n|inactive|Time left: 300 sec this turn | 300 sec total\n|\n|t:|1783541380\n|move|p2a: Dudunsparce|Boomburst|p1a: Hydreigon\n|-damage|p1a: Hydreigon|125/275\n|move|p1a: Hydreigon|Dark Pulse|p2a: Dudunsparce\n|-damage|p2a: Dudunsparce|18/100\n|-ability|p2a: Dudunsparce|Rattled|boost\n|-boost|p2a: Dudunsparce|spe|1\n|\n|-heal|p2a: Dudunsparce|24/100|[from] item: Leftovers\n|upkeep\n|turn|12\n|inactive|Time left: 300 sec this turn | 300 sec total\n|\n|t:|1783541382\n|switch|p1a: Altaria|Altaria, L89, M|278/278\n|move|p2a: Dudunsparce|Boomburst|p1a: Altaria\n|-damage|p1a: Altaria|164/278\n|\n|-heal|p2a: Dudunsparce|30/100|[from] item: Leftovers\n|upkeep\n|turn|13\n|inactive|Time left: 300 sec this turn | 300 sec total\n|\n|t:|1783541383\n|move|p2a: Dudunsparce|Roost|p2a: Dudunsparce\n|-heal|p2a: Dudunsparce|80/100\n|-singleturn|p2a: Dudunsparce|move: Roost\n|move|p1a: Altaria|Brave Bird|p2a: Dudunsparce\n|-damage|p2a: Dudunsparce|46/100\n|-damage|p1a: Altaria|125/278|[from] Recoil\n|\n|-heal|p2a: Dudunsparce|52/100|[from] item: Leftovers\n|upkeep\n|turn|14\n|inactive|Time left: 300 sec this turn | 300 sec total\n|\n|t:|1783541384\n|move|p2a: Dudunsparce|Boomburst|p1a: Altaria\n|-damage|p1a: Altaria|10/278\n|move|p1a: Altaria|Roost|p1a: Altaria\n|-heal|p1a: Altaria|149/278\n|-singleturn|p1a: Altaria|move: Roost\n|\n|-heal|p2a: Dudunsparce|58/100|[from] item: Leftovers\n|upkeep\n|turn|15\n|inactive|Time left: 300 sec this turn | 300 sec total\n|\n|t:|1783541385\n|move|p2a: Dudunsparce|Boomburst|p1a: Altaria\n|-damage|p1a: Altaria|40/278\n|move|p1a: Altaria|Roost|p1a: Altaria\n|-heal|p1a: Altaria|179/278\n|-singleturn|p1a: Altaria|move: Roost\n|\n|-heal|p2a: Dudunsparce|64/100|[from] item: Leftovers\n|upkeep\n|turn|16\n|inactive|Time left: 300 sec this turn | 300 sec total\n|\n|t:|1783541386\n|move|p2a: Dudunsparce|Boomburst|p1a: Altaria\n|-damage|p1a: Altaria|74/278\n|move|p1a: Altaria|Roost|p1a: Altaria\n|-heal|p1a: Altaria|213/278\n|-singleturn|p1a: Altaria|move: Roost\n|\n|-heal|p2a: Dudunsparce|70/100|[from] item: Leftovers\n|upkeep\n|turn|17\n|inactive|Time left: 300 sec this turn | 300 sec total\n|\n|t:|1783541387\n|move|p2a: Dudunsparce|Boomburst|p1a: Altaria\n|-damage|p1a: Altaria|113/278\n|move|p1a: Altaria|Roost|p1a: Altaria\n|-heal|p1a: Altaria|252/278\n|-singleturn|p1a: Altaria|move: Roost\n|\n|-heal|p2a: Dudunsparce|77/100|[from] item: Leftovers\n|upkeep\n|turn|18\n|inactive|Time left: 300 sec this turn | 300 sec total\n|\n|t:|1783541388\n|move|p2a: Dudunsparce|Boomburst|p1a: Altaria\n|-damage|p1a: Altaria|150/278\n|move|p1a: Altaria|Haze|p1a: Altaria\n|-clearallboost\n|\n|-heal|p2a: Dudunsparce|83/100|[from] item: Leftovers\n|upkeep\n|turn|19\n|inactive|Time left: 300 sec this turn | 300 sec total\n|\n|t:|1783541390\n|move|p1a: Altaria|Roost|p1a: Altaria\n|-heal|p1a: Altaria|278/278\n|-singleturn|p1a: Altaria|move: Roost\n|move|p2a: Dudunsparce|Boomburst|p1a: Altaria\n|-damage|p1a: Altaria|173/278\n|\n|-heal|p2a: Dudunsparce|89/100|[from] item: Leftovers\n|upkeep\n|turn|20\n|inactive|Time left: 300 sec this turn | 300 sec total\n|\n|t:|1783541391\n|move|p1a: Altaria|Defog|p2a: Dudunsparce\n|-unboost|p2a: Dudunsparce|evasion|1\n|-sideend|p1: p0x1940c62|Spikes|[from] move: Defog|[of] p1a: Altaria\n|move|p2a: Dudunsparce|Boomburst|p1a: Altaria\n|-damage|p1a: Altaria|64/278\n|\n|-heal|p2a: Dudunsparce|95/100|[from] item: Leftovers\n|upkeep\n|turn|21\n|inactive|Time left: 300 sec this turn | 300 sec total\n|\n|t:|1783541392\n|move|p1a: Altaria|Roost|p1a: Altaria\n|-heal|p1a: Altaria|203/278\n|-singleturn|p1a: Altaria|move: Roost\n|move|p2a: Dudunsparce|Boomburst|p1a: Altaria\n|-damage|p1a: Altaria|103/278\n|\n|-heal|p2a: Dudunsparce|100/100|[from] item: Leftovers\n|upkeep\n|turn|22\n|inactive|Time left: 300 sec this turn | 300 sec total\n|\n|t:|1783541393\n|move|p1a: Altaria|Roost|p1a: Altaria\n|-heal|p1a: Altaria|242/278\n|-singleturn|p1a: Altaria|move: Roost\n|move|p2a: Dudunsparce|Boomburst|p1a: Altaria\n|-damage|p1a: Altaria|137/278\n|\n|upkeep\n|turn|23\n|inactive|Time left: 300 sec this turn | 300 sec total\n|\n|t:|1783541394\n|move|p1a: Altaria|Roost|p1a: Altaria\n|-heal|p1a: Altaria|276/278\n|-singleturn|p1a: Altaria|move: Roost\n|move|p2a: Dudunsparce|Boomburst|p1a: Altaria\n|-damage|p1a: Altaria|158/278\n|\n|upkeep\n|turn|24\n|inactive|Time left: 300 sec this turn | 300 sec total\n|\n|t:|1783541395\n|switch|p1a: Gumshoos|Gumshoos, L95, M|279/321\n|move|p2a: Dudunsparce|Boomburst|p1a: Gumshoos\n|-damage|p1a: Gumshoos|128/321\n|\n|upkeep\n|turn|25\n|inactive|Time left: 300 sec this turn | 300 sec total\n|\n|t:|1783541396\n|move|p1a: Gumshoos|Double-Edge|p2a: Dudunsparce\n|-damage|p2a: Dudunsparce|21/100\n|-damage|p1a: Gumshoos|38/321|[from] Recoil\n|move|p2a: Dudunsparce|Boomburst|p1a: Gumshoos\n|-damage|p1a: Gumshoos|0 fnt\n|faint|p1a: Gumshoos\n|\n|-heal|p2a: Dudunsparce|27/100|[from] item: Leftovers\n|upkeep\n|inactive|Time left: 300 sec this turn | 300 sec total | 5 sec grace\n|\n|t:|1783541397\n|switch|p1a: Hydreigon|Hydreigon, L79, F|125/275\n|turn|26\n|inactive|Time left: 300 sec this turn | 300 sec total\n|\n|t:|1783541398\n|switch|p2a: Darkrai|Darkrai, L77|100/100\n|move|p1a: Hydreigon|Dark Pulse|p2a: Darkrai\n|-resisted|p2a: Darkrai\n|-damage|p2a: Darkrai|67/100\n|\n|upkeep\n|turn|27\n|inactive|Time left: 300 sec this turn | 300 sec total\n|\n|t:|1783541399\n|move|p2a: Darkrai|Nasty Plot|p2a: Darkrai\n|-boost|p2a: Darkrai|spa|2\n|move|p1a: Hydreigon|Dark Pulse|p2a: Darkrai\n|-resisted|p2a: Darkrai\n|-damage|p2a: Darkrai|34/100\n|\n|upkeep\n|turn|28\n|inactive|Time left: 300 sec this turn | 300 sec total\n|\n|t:|1783541400\n|move|p2a: Darkrai|Sludge Bomb|p1a: Hydreigon\n|-damage|p1a: Hydreigon|0 fnt\n|faint|p1a: Hydreigon\n|-damage|p2a: Darkrai|24/100|[from] item: Life Orb\n|\n|upkeep\n|inactive|Time left: 300 sec this turn | 300 sec total | 5 sec grace\n|\n|t:|1783541401\n|switch|p1a: Masquerain|Masquerain, L87, F|246/264\n|-ability|p1a: Masquerain|Intimidate|boost\n|-unboost|p2a: Darkrai|atk|1\n|turn|29\n|inactive|Time left: 300 sec this turn | 300 sec total\n|\n|t:|1783541402\n|move|p2a: Darkrai|Dark Pulse|p1a: Masquerain\n|-damage|p1a: Masquerain|0 fnt\n|faint|p1a: Masquerain\n|-damage|p2a: Darkrai|14/100|[from] item: Life Orb\n|\n|upkeep\n|inactive|Time left: 300 sec this turn | 300 sec total | 5 sec grace\n|\n|t:|1783541403\n|switch|p1a: Ogerpon|Ogerpon-Hearthflame, L74, F|239/239\n|-ability|p1a: Ogerpon|Mold Breaker\n|turn|30\n|inactive|Time left: 300 sec this turn | 300 sec total\n|\n|t:|1783541404\n|move|p2a: Darkrai|Dark Pulse|p1a: Ogerpon\n|-damage|p1a: Ogerpon|0 fnt\n|faint|p1a: Ogerpon\n|-damage|p2a: Darkrai|4/100|[from] item: Life Orb\n|\n|upkeep\n|inactive|Time left: 300 sec this turn | 300 sec total | 5 sec grace\n|\n|t:|1783541405\n|switch|p1a: Altaria|Altaria, L89, M|158/278\n|turn|31\n|inactive|Time left: 300 sec this turn | 300 sec total\n|\n|t:|1783541406\n|-terastallize|p1a: Altaria|Steel\n|move|p2a: Darkrai|Dark Pulse|p1a: Altaria\n|-damage|p1a: Altaria|0 fnt\n|faint|p1a: Altaria\n|-damage|p2a: Darkrai|0 fnt|[from] item: Life Orb\n|faint|p2a: Darkrai\n|\n|win|p0y19499a5", "uploadtime": 1783541406, "views": 0, "rating": 0, "private": 0, "password": null, "_winner": "p0y19499a5", "_our_name": "p0x1940c62"}