{"id": "battle-gen9randombattle-257", "formatid": "gen9randombattle", "format": "[Gen 9] Random Battle", "players": ["p0x257853e", "p0y257e43d"], "log": "|init|battle\n|title|p0x257853e vs. p0y257e43d\n|j|\u2606p0x257853e\n|j|\u2606p0y257e43d\n|t:|1783542063\n|gametype|singles\n|player|p1|p0x257853e|170|\n|player|p2|p0y257e43d|265|\n|gen|9\n|tier|[Gen 9] Random Battle\n|rule|Species Clause: Limit one of each Pok\u00e9mon\n|rule|HP Percentage Mod: HP is shown in percentages\n|rule|Sleep Clause Mod: Limit one foe put to sleep\n|rule|Illusion Level Mod: Illusion disguises the Pok\u00e9mon's true level\n|\n|t:|1783542063\n|teamsize|p1|6\n|teamsize|p2|6\n|start\n|switch|p1a: Heatran|Heatran, L79, F|100/100\n|switch|p2a: Frosmoth|Frosmoth, L82, M|249/249\n|-item|p1a: Heatran|Air Balloon\n|turn|1\n|inactive|Battle timer is ON: inactive players will automatically lose when time's up. (requested by p0y257e43d)\n|inactive|p0x257853e also wants the timer to be on.\n|\n|t:|1783542065\n|switch|p2a: Pecharunt|Pecharunt, L77|262/262\n|move|p1a: Heatran|Heavy Slam|p2a: Pecharunt\n|-damage|p2a: Pecharunt|186/262\n|\n|-heal|p2a: Pecharunt|202/262|[from] item: Leftovers\n|upkeep\n|turn|2\n|inactive|Time left: 300 sec this turn | 300 sec total\n|\n|t:|1783542067\n|move|p2a: Pecharunt|Parting Shot|p1a: Heatran\n|-unboost|p1a: Heatran|atk|1\n|-unboost|p1a: Heatran|spa|1\n|inactive|Time left: 300 sec this turn | 300 sec total | 5 sec grace\n|\n|t:|1783542068\n|switch|p2a: Farigiraf|Farigiraf, L90, F|362/362|[from] Parting Shot\n|move|p1a: Heatran|Earth Power|p2a: Farigiraf\n|-damage|p2a: Farigiraf|313/362\n|\n|-heal|p2a: Farigiraf|335/362|[from] item: Leftovers\n|upkeep\n|turn|3\n|inactive|Time left: 300 sec this turn | 300 sec total\n|\n|t:|1783542069\n|switch|p1a: Tsareena|Tsareena, L87, F|100/100\n|move|p2a: Farigiraf|Psychic Noise|p1a: Tsareena\n|-damage|p1a: Tsareena|79/100\n|-start|p1a: Tsareena|move: Heal Block\n|\n|-heal|p2a: Farigiraf|357/362|[from] item: Leftovers\n|upkeep\n|turn|4\n|inactive|Time left: 300 sec this turn | 300 sec total\n|\n|t:|1783542070\n|move|p1a: Tsareena|Knock Off|p2a: Farigiraf\n|-supereffective|p2a: Farigiraf\n|-damage|p2a: Farigiraf|175/362\n|-enditem|p2a: Farigiraf|Leftovers|[from] move: Knock Off|[of] p1a: Tsareena\n|move|p2a: Farigiraf|Psychic Noise|p1a: Tsareena\n|-damage|p1a: Tsareena|56/100\n|\n|-end|p1a: Tsareena|move: Heal Block\n|upkeep\n|turn|5\n|inactive|Time left: 300 sec this turn | 300 sec total\n|\n|t:|1783542071\n|move|p1a: Tsareena|Knock Off|p2a: Farigiraf\n|-supereffective|p2a: Farigiraf\n|-damage|p2a: Farigiraf|49/362\n|move|p2a: Farigiraf|Body Slam|p1a: Tsareena\n|-damage|p1a: Tsareena|21/100\n|-status|p1a: Tsareena|par\n|\n|upkeep\n|turn|6\n|inactive|Time left: 300 sec this turn | 300 sec total\n|\n|t:|1783542072\n|move|p2a: Farigiraf|Psychic Noise|p1a: Tsareena\n|-damage|p1a: Tsareena|0 fnt\n|faint|p1a: Tsareena\n|\n|upkeep\n|\n|t:|1783542073\n|switch|p1a: Heatran|Heatran, L79, F|100/100\n|-item|p1a: Heatran|Air Balloon\n|turn|7\n|inactive|Time left: 300 sec this turn | 300 sec total\n|\n|t:|1783542074\n|move|p1a: Heatran|Magma Storm|p2a: Farigiraf\n|-damage|p2a: Farigiraf|0 fnt\n|faint|p2a: Farigiraf\n|\n|upkeep\n|inactive|Time left: 300 sec this turn | 300 sec total | 5 sec grace\n|\n|t:|1783542075\n|switch|p2a: Hawlucha|Hawlucha, L80, M|256/256\n|turn|8\n|inactive|Time left: 300 sec this turn | 300 sec total\n|\n|t:|1783542076\n|move|p2a: Hawlucha|Swords Dance|p2a: Hawlucha\n|-boost|p2a: Hawlucha|atk|2\n|move|p1a: Heatran|Magma Storm|p2a: Hawlucha\n|-damage|p2a: Hawlucha|94/256\n|-activate|p2a: Hawlucha|move: Magma Storm|[of] p1a: Heatran\n|\n|-damage|p2a: Hawlucha|62/256|[from] move: Magma Storm|[partiallytrapped]\n|upkeep\n|turn|9\n|inactive|Time left: 300 sec this turn | 300 sec total\n|\n|t:|1783542077\n|switch|p1a: Chandelure|Chandelure, L83, F|100/100\n|move|p2a: Hawlucha|Close Combat|p1a: Chandelure\n|-immune|p1a: Chandelure\n|\n|-end|p2a: Hawlucha|Magma Storm|[partiallytrapped]|[silent]\n|upkeep\n|turn|10\n|inactive|Time left: 300 sec this turn | 300 sec total\n|\n|t:|1783542078\n|move|p2a: Hawlucha|Brave Bird|p1a: Chandelure\n|-crit|p1a: Chandelure\n|-damage|p1a: Chandelure|0 fnt\n|-status|p2a: Hawlucha|brn|[from] ability: Flame Body|[of] p1a: Chandelure\n|faint|p1a: Chandelure\n|-damage|p2a: Hawlucha|0 fnt|[from] Recoil\n|faint|p2a: Hawlucha\n|\n|upkeep\n|inactive|Time left: 300 sec this turn | 300 sec total | 5 sec grace\n|\n|t:|1783542079\n|switch|p2a: Pecharunt|Pecharunt, L77|202/262\n|switch|p1a: Heatran|Heatran, L79, F|100/100\n|-item|p1a: Heatran|Air Balloon\n|turn|11\n|inactive|Time left: 300 sec this turn | 300 sec total\n|\n|t:|1783542081\n|move|p2a: Pecharunt|Parting Shot|p1a: Heatran\n|-unboost|p1a: Heatran|atk|1\n|-unboost|p1a: Heatran|spa|1\n|inactive|Time left: 300 sec this turn | 300 sec total | 5 sec grace\n|\n|t:|1783542081\n|switch|p2a: Jirachi|Jirachi, L80|291/291|[from] Parting Shot\n|move|p1a: Heatran|Magma Storm|p2a: Jirachi\n|-supereffective|p2a: Jirachi\n|-damage|p2a: Jirachi|133/291\n|-activate|p2a: Jirachi|move: Magma Storm|[of] p1a: Heatran\n|\n|-heal|p2a: Jirachi|151/291|[from] item: Leftovers\n|-damage|p2a: Jirachi|115/291|[from] move: Magma Storm|[partiallytrapped]\n|upkeep\n|turn|12\n|inactive|Time left: 300 sec this turn | 300 sec total\n|\n|t:|1783542082\n|move|p2a: Jirachi|Wish|p2a: Jirachi\n|move|p1a: Heatran|Magma Storm|p2a: Jirachi|[miss]\n|-miss|p1a: Heatran|p2a: Jirachi\n|\n|-heal|p2a: Jirachi|133/291|[from] item: Leftovers\n|-damage|p2a: Jirachi|97/291|[from] move: Magma Storm|[partiallytrapped]\n|upkeep\n|turn|13\n|inactive|Time left: 300 sec this turn | 300 sec total\n|\n|t:|1783542084\n|switch|p1a: Kilowattrel|Kilowattrel, L83, F|100/100\n|move|p2a: Jirachi|Psychic|p1a: Kilowattrel\n|-damage|p1a: Kilowattrel|55/100\n|\n|-heal|p2a: Jirachi|242/291|[from] move: Wish|[wisher] Jirachi\n|-heal|p2a: Jirachi|260/291|[from] item: Leftovers\n|-end|p2a: Jirachi|Magma Storm|[partiallytrapped]|[silent]\n|upkeep\n|turn|14\n|inactive|Time left: 300 sec this turn | 300 sec total\n|\n|t:|1783542085\n|move|p1a: Kilowattrel|Roost|p1a: Kilowattrel\n|-heal|p1a: Kilowattrel|100/100\n|-singleturn|p1a: Kilowattrel|move: Roost\n|move|p2a: Jirachi|Psychic|p1a: Kilowattrel\n|-damage|p1a: Kilowattrel|54/100\n|\n|-heal|p2a: Jirachi|278/291|[from] item: Leftovers\n|upkeep\n|turn|15\n|inactive|Time left: 300 sec this turn | 300 sec total\n|\n|t:|1783542086\n|move|p1a: Kilowattrel|Roost|p1a: Kilowattrel\n|-heal|p1a: Kilowattrel|100/100\n|-singleturn|p1a: Kilowattrel|move: Roost\n|move|p2a: Jirachi|Psychic|p1a: Kilowattrel\n|-damage|p1a: Kilowattrel|50/100\n|\n|-heal|p2a: Jirachi|291/291|[from] item: Leftovers\n|upkeep\n|turn|16\n|inactive|Time left: 300 sec this turn | 300 sec total\n|\n|t:|1783542087\n|move|p1a: Kilowattrel|Roost|p1a: Kilowattrel\n|-heal|p1a: Kilowattrel|99/100\n|-singleturn|p1a: Kilowattrel|move: Roost\n|move|p2a: Jirachi|Psychic|p1a: Kilowattrel\n|-damage|p1a: Kilowattrel|54/100\n|-unboost|p1a: Kilowattrel|spd|1\n|\n|upkeep\n|turn|17\n|inactive|Time left: 300 sec this turn | 300 sec total\n|\n|t:|1783542088\n|move|p1a: Kilowattrel|Roost|p1a: Kilowattrel\n|-heal|p1a: Kilowattrel|100/100\n|-singleturn|p1a: Kilowattrel|move: Roost\n|move|p2a: Jirachi|Psychic|p1a: Kilowattrel\n|-damage|p1a: Kilowattrel|33/100\n|\n|upkeep\n|turn|18\n|inactive|Time left: 300 sec this turn | 300 sec total\n|\n|t:|1783542089\n|move|p1a: Kilowattrel|Roost|p1a: Kilowattrel\n|-heal|p1a: Kilowattrel|83/100\n|-singleturn|p1a: Kilowattrel|move: Roost\n|move|p2a: Jirachi|Psychic|p1a: Kilowattrel\n|-damage|p1a: Kilowattrel|18/100\n|\n|upkeep\n|turn|19\n|inactive|Time left: 300 sec this turn | 300 sec total\n|\n|t:|1783542090\n|move|p1a: Kilowattrel|Roost|p1a: Kilowattrel\n|-heal|p1a: Kilowattrel|68/100\n|-singleturn|p1a: Kilowattrel|move: Roost\n|move|p2a: Jirachi|Psychic|p1a: Kilowattrel\n|-damage|p1a: Kilowattrel|0 fnt\n|faint|p1a: Kilowattrel\n|\n|upkeep\n|\n|t:|1783542090\n|switch|p1a: Heatran|Heatran, L79, F|100/100\n|-item|p1a: Heatran|Air Balloon\n|turn|20\n|inactive|Time left: 300 sec this turn | 300 sec total\n|\n|t:|1783542091\n|move|p2a: Jirachi|Iron Head|p1a: Heatran\n|-resisted|p1a: Heatran\n|-damage|p1a: Heatran|94/100\n|-enditem|p1a: Heatran|Air Balloon\n|move|p1a: Heatran|Magma Storm|p2a: Jirachi\n|-supereffective|p2a: Jirachi\n|-damage|p2a: Jirachi|79/291\n|-activate|p2a: Jirachi|move: Magma Storm|[of] p1a: Heatran\n|\n|-heal|p2a: Jirachi|97/291|[from] item: Leftovers\n|-damage|p2a: Jirachi|61/291|[from] move: Magma Storm|[partiallytrapped]\n|upkeep\n|turn|21\n|inactive|Time left: 300 sec this turn | 300 sec total\n|\n|t:|1783542092\n|move|p2a: Jirachi|Iron Head|p1a: Heatran\n|-resisted|p1a: Heatran\n|-damage|p1a: Heatran|87/100\n|cant|p1a: Heatran|flinch\n|\n|-heal|p2a: Jirachi|79/291|[from] item: Leftovers\n|-damage|p2a: Jirachi|43/291|[from] move: Magma Storm|[partiallytrapped]\n|upkeep\n|turn|22\n|inactive|Time left: 300 sec this turn | 300 sec total\n|\n|t:|1783542093\n|move|p2a: Jirachi|Psychic|p1a: Heatran\n|-resisted|p1a: Heatran\n|-damage|p1a: Heatran|72/100\n|move|p1a: Heatran|Earth Power|p2a: Jirachi\n|-supereffective|p2a: Jirachi\n|-damage|p2a: Jirachi|0 fnt\n|faint|p2a: Jirachi\n|\n|upkeep\n|inactive|Time left: 300 sec this turn | 300 sec total | 5 sec grace\n|\n|t:|1783542094\n|switch|p2a: Frosmoth|Frosmoth, L82, M|249/249\n|turn|23\n|inactive|Time left: 300 sec this turn | 300 sec total\n|\n|t:|1783542096\n|-terastallize|p2a: Frosmoth|Ground\n|move|p1a: Heatran|Heavy Slam|p2a: Frosmoth\n|-damage|p2a: Frosmoth|108/249\n|move|p2a: Frosmoth|Quiver Dance|p2a: Frosmoth\n|-boost|p2a: Frosmoth|spa|1\n|-boost|p2a: Frosmoth|spd|1\n|-boost|p2a: Frosmoth|spe|1\n|\n|upkeep\n|turn|24\n|inactive|Time left: 300 sec this turn | 300 sec total\n|\n|t:|1783542097\n|move|p2a: Frosmoth|Tera Blast|p1a: Heatran|[anim] Tera Blast Ground\n|-supereffective|p1a: Heatran\n|-damage|p1a: Heatran|0 fnt\n|faint|p1a: Heatran\n|\n|upkeep\n|\n|t:|1783542097\n|switch|p1a: Chansey|Chansey, L85, F|100/100\n|turn|25\n|inactive|Time left: 300 sec this turn | 300 sec total\n|\n|t:|1783542098\n|switch|p2a: Pecharunt|Pecharunt, L77|202/262\n|move|p1a: Chansey|Seismic Toss|p2a: Pecharunt\n|-immune|p2a: Pecharunt\n|\n|-heal|p2a: Pecharunt|218/262|[from] item: Leftovers\n|upkeep\n|turn|26\n|inactive|Time left: 300 sec this turn | 300 sec total\n|\n|t:|1783542099\n|move|p2a: Pecharunt|Parting Shot|p1a: Chansey\n|-unboost|p1a: Chansey|atk|1\n|-unboost|p1a: Chansey|spa|1\n|inactive|Time left: 300 sec this turn | 300 sec total | 5 sec grace\n|\n|t:|1783542100\n|switch|p2a: Copperajah|Copperajah, L86, F|350/350|[from] Parting Shot\n|move|p1a: Chansey|Seismic Toss|p2a: Copperajah\n|-damage|p2a: Copperajah|265/350\n|\n|upkeep\n|turn|27\n|inactive|Time left: 300 sec this turn | 300 sec total\n|\n|t:|1783542101\n|move|p1a: Chansey|Thunder Wave|p2a: Copperajah\n|-status|p2a: Copperajah|par\n|move|p2a: Copperajah|Iron Head|p1a: Chansey\n|-damage|p1a: Chansey|20/100\n|\n|upkeep\n|turn|28\n|inactive|Time left: 300 sec this turn | 300 sec total\n|\n|t:|1783542102\n|switch|p2a: Pecharunt|Pecharunt, L77|218/262\n|move|p1a: Chansey|Seismic Toss|p2a: Pecharunt\n|-immune|p2a: Pecharunt\n|\n|-heal|p2a: Pecharunt|234/262|[from] item: Leftovers\n|upkeep\n|turn|29\n|inactive|Time left: 300 sec this turn | 300 sec total\n|\n|t:|1783542103\n|move|p2a: Pecharunt|Parting Shot|p1a: Chansey\n|-unboost|p1a: Chansey|atk|1\n|-unboost|p1a: Chansey|spa|1\n|inactive|Time left: 300 sec this turn | 300 sec total | 5 sec grace\n|\n|t:|1783542104\n|switch|p2a: Frosmoth|Frosmoth, L82, M, tera:Ground|108/249|[from] Parting Shot\n|move|p1a: Chansey|Soft-Boiled|p1a: Chansey\n|-heal|p1a: Chansey|70/100\n|\n|upkeep\n|turn|30\n|inactive|Time left: 300 sec this turn | 300 sec total\n|\n|t:|1783542105\n|move|p2a: Frosmoth|Quiver Dance|p2a: Frosmoth\n|-boost|p2a: Frosmoth|spa|1\n|-boost|p2a: Frosmoth|spd|1\n|-boost|p2a: Frosmoth|spe|1\n|move|p1a: Chansey|Seismic Toss|p2a: Frosmoth\n|-damage|p2a: Frosmoth|23/249\n|\n|upkeep\n|turn|31\n|inactive|Time left: 300 sec this turn | 300 sec total\n|\n|t:|1783542106\n|move|p2a: Frosmoth|Ice Beam|p1a: Chansey\n|-damage|p1a: Chansey|52/100\n|move|p1a: Chansey|Seismic Toss|p2a: Frosmoth\n|-damage|p2a: Frosmoth|0 fnt\n|faint|p2a: Frosmoth\n|\n|upkeep\n|inactive|Time left: 300 sec this turn | 300 sec total | 5 sec grace\n|\n|t:|1783542107\n|switch|p2a: Pecharunt|Pecharunt, L77|234/262\n|turn|32\n|inactive|Time left: 300 sec this turn | 300 sec total\n|\n|t:|1783542108\n|switch|p1a: Noctowl|Noctowl, L95, F|100/100\n|move|p2a: Pecharunt|Malignant Chain|p1a: Noctowl\n|-damage|p1a: Noctowl|81/100\n|\n|-heal|p2a: Pecharunt|250/262|[from] item: Leftovers\n|upkeep\n|turn|33\n|inactive|Time left: 300 sec this turn | 300 sec total\n|\n|t:|1783542109\n|move|p1a: Noctowl|Hurricane|p2a: Pecharunt\n|-damage|p2a: Pecharunt|88/262\n|-start|p2a: Pecharunt|confusion\n|-activate|p2a: Pecharunt|confusion\n|move|p2a: Pecharunt|Parting Shot|p1a: Noctowl\n|-unboost|p1a: Noctowl|atk|1\n|-unboost|p1a: Noctowl|spa|1\n|inactive|Time left: 300 sec this turn | 300 sec total | 5 sec grace\n|\n|t:|1783542110\n|switch|p2a: Copperajah|Copperajah, L86, F|265/350 par|[from] Parting Shot\n|\n|upkeep\n|turn|34\n|inactive|Time left: 300 sec this turn | 300 sec total\n|\n|t:|1783542111\n|move|p1a: Noctowl|Hurricane|p2a: Copperajah\n|-resisted|p2a: Copperajah\n|-damage|p2a: Copperajah|153/350 par\n|move|p2a: Copperajah|Iron Head|p1a: Noctowl\n|-damage|p1a: Noctowl|13/100\n|\n|upkeep\n|turn|35\n|inactive|Time left: 300 sec this turn | 300 sec total\n|\n|t:|1783542112\n|move|p1a: Noctowl|Hurricane|p2a: Copperajah\n|-resisted|p2a: Copperajah\n|-damage|p2a: Copperajah|45/350 par\n|cant|p2a: Copperajah|par\n|\n|upkeep\n|turn|36\n|inactive|Time left: 300 sec this turn | 300 sec total\n|\n|t:|1783542114\n|move|p1a: Noctowl|Hurricane|p2a: Copperajah\n|-resisted|p2a: Copperajah\n|-damage|p2a: Copperajah|0 fnt\n|faint|p2a: Copperajah\n|\n|upkeep\n|inactive|Time left: 300 sec this turn | 300 sec total | 5 sec grace\n|\n|t:|1783542115\n|switch|p2a: Pecharunt|Pecharunt, L77|88/262\n|turn|37\n|inactive|Time left: 300 sec this turn | 300 sec total\n|\n|t:|1783542116\n|move|p1a: Noctowl|Hurricane|p2a: Pecharunt\n|-damage|p2a: Pecharunt|0 fnt\n|faint|p2a: Pecharunt\n|\n|win|p0x257853e", "uploadtime": 1783542116, "views": 0, "rating": 0, "private": 0, "password": null, "_winner": "p0x257853e", "_our_name": "p0y257e43d"}