{"id": "battle-gen9randombattle-1730", "formatid": "gen9randombattle", "format": "[Gen 9] Random Battle", "players": ["p0x1730dd55", "p0y17309a81"], "log": "|init|battle\n|title|p0x1730dd55 vs. p0y17309a81\n|j|\u2606p0x1730dd55\n|j|\u2606p0y17309a81\n|t:|1783559245\n|gametype|singles\n|player|p1|p0x1730dd55|169|\n|player|p2|p0y17309a81|265|\n|gen|9\n|tier|[Gen 9] Random Battle\n|rule|Species Clause: Limit one of each Pok\u00e9mon\n|rule|HP Percentage Mod: HP is shown in percentages\n|rule|Sleep Clause Mod: Limit one foe put to sleep\n|rule|Illusion Level Mod: Illusion disguises the Pok\u00e9mon's true level\n|\n|t:|1783559245\n|teamsize|p1|6\n|teamsize|p2|6\n|start\n|switch|p1a: Gastrodon|Gastrodon, L86, M|100/100\n|switch|p2a: Noctowl|Noctowl, L95, F|344/344\n|turn|1\n|inactive|Battle timer is ON: inactive players will automatically lose when time's up. (requested by p0y17309a81)\n|inactive|p0x1730dd55 also wants the timer to be on.\n|\n|t:|1783559247\n|move|p2a: Noctowl|Calm Mind|p2a: Noctowl\n|-boost|p2a: Noctowl|spa|1\n|-boost|p2a: Noctowl|spd|1\n|move|p1a: Gastrodon|Stealth Rock|p2a: Noctowl\n|-sidestart|p2: p0y17309a81|move: Stealth Rock\n|\n|upkeep\n|turn|2\n|inactive|Time left: 300 sec this turn | 300 sec total\n|\n|t:|1783559248\n|move|p2a: Noctowl|Calm Mind|p2a: Noctowl\n|-boost|p2a: Noctowl|spa|1\n|-boost|p2a: Noctowl|spd|1\n|move|p1a: Gastrodon|Recover||[still]\n|-fail|p1a: Gastrodon|heal\n|\n|upkeep\n|turn|3\n|inactive|Time left: 300 sec this turn | 300 sec total\n|\n|t:|1783559249\n|switch|p1a: Snorlax|Snorlax, L82, M|100/100\n|move|p2a: Noctowl|Hyper Voice|p1a: Snorlax\n|-damage|p1a: Snorlax|53/100\n|\n|-heal|p1a: Snorlax|59/100|[from] item: Leftovers\n|upkeep\n|turn|4\n|inactive|Time left: 300 sec this turn | 300 sec total\n|\n|t:|1783559250\n|move|p2a: Noctowl|Hurricane|p1a: Snorlax\n|-damage|p1a: Snorlax|0 fnt\n|faint|p1a: Snorlax\n|\n|upkeep\n|\n|t:|1783559251\n|switch|p1a: Masquerain|Masquerain, L87, M|100/100\n|-ability|p1a: Masquerain|Intimidate|boost\n|-unboost|p2a: Noctowl|atk|1\n|turn|5\n|inactive|Time left: 300 sec this turn | 300 sec total\n|\n|t:|1783559253\n|move|p1a: Masquerain|Quiver Dance|p1a: Masquerain\n|-boost|p1a: Masquerain|spa|1\n|-boost|p1a: Masquerain|spd|1\n|-boost|p1a: Masquerain|spe|1\n|move|p2a: Noctowl|Hurricane|p1a: Masquerain\n|-supereffective|p1a: Masquerain\n|-damage|p1a: Masquerain|0 fnt\n|faint|p1a: Masquerain\n|\n|upkeep\n|\n|t:|1783559254\n|switch|p1a: Jolteon|Jolteon, L84, M|100/100\n|turn|6\n|inactive|Time left: 300 sec this turn | 300 sec total\n|\n|t:|1783559254\n|move|p1a: Jolteon|Calm Mind|p1a: Jolteon\n|-boost|p1a: Jolteon|spa|1\n|-boost|p1a: Jolteon|spd|1\n|move|p2a: Noctowl|Hyper Voice|p1a: Jolteon\n|-crit|p1a: Jolteon\n|-damage|p1a: Jolteon|0 fnt\n|faint|p1a: Jolteon\n|\n|upkeep\n|\n|t:|1783559255\n|switch|p1a: Gastrodon|Gastrodon, L86, M|100/100\n|turn|7\n|inactive|Time left: 300 sec this turn | 300 sec total\n|\n|t:|1783559256\n|move|p2a: Noctowl|Hurricane|p1a: Gastrodon|[miss]\n|-miss|p2a: Noctowl|p1a: Gastrodon\n|move|p1a: Gastrodon|Recover||[still]\n|-fail|p1a: Gastrodon|heal\n|\n|upkeep\n|turn|8\n|inactive|Time left: 300 sec this turn | 300 sec total\n|\n|t:|1783559257\n|move|p2a: Noctowl|Hyper Voice|p1a: Gastrodon\n|-damage|p1a: Gastrodon|29/100\n|move|p1a: Gastrodon|Recover|p1a: Gastrodon\n|-heal|p1a: Gastrodon|79/100\n|\n|-heal|p1a: Gastrodon|85/100|[from] item: Leftovers\n|upkeep\n|turn|9\n|inactive|Time left: 300 sec this turn | 300 sec total\n|\n|t:|1783559258\n|move|p2a: Noctowl|Hyper Voice|p1a: Gastrodon\n|-damage|p1a: Gastrodon|20/100\n|move|p1a: Gastrodon|Sludge Bomb|p2a: Noctowl\n|-damage|p2a: Noctowl|315/344\n|\n|-heal|p1a: Gastrodon|26/100|[from] item: Leftovers\n|upkeep\n|turn|10\n|inactive|Time left: 300 sec this turn | 300 sec total\n|\n|t:|1783559259\n|move|p2a: Noctowl|Hyper Voice|p1a: Gastrodon\n|-damage|p1a: Gastrodon|0 fnt\n|faint|p1a: Gastrodon\n|\n|upkeep\n|\n|t:|1783559261\n|switch|p1a: Clefable|Clefable, L83, M|100/100\n|turn|11\n|inactive|Time left: 300 sec this turn | 300 sec total\n|\n|t:|1783559262\n|move|p2a: Noctowl|Hyper Voice|p1a: Clefable\n|-damage|p1a: Clefable|21/100\n|move|p1a: Clefable|Calm Mind|p1a: Clefable\n|-boost|p1a: Clefable|spa|1\n|-boost|p1a: Clefable|spd|1\n|\n|upkeep\n|turn|12\n|inactive|Time left: 300 sec this turn | 300 sec total\n|\n|t:|1783559263\n|move|p2a: Noctowl|Hyper Voice|p1a: Clefable\n|-damage|p1a: Clefable|0 fnt\n|faint|p1a: Clefable\n|\n|upkeep\n|\n|t:|1783559264\n|switch|p1a: Klawf|Klawf, L90, M|100/100\n|turn|13\n|inactive|Time left: 300 sec this turn | 300 sec total\n|\n|t:|1783559265\n|move|p2a: Noctowl|Hyper Voice|p1a: Klawf\n|-resisted|p1a: Klawf\n|-damage|p1a: Klawf|0 fnt\n|faint|p1a: Klawf\n|\n|win|p0y17309a81", "uploadtime": 1783559265, "views": 0, "rating": 0, "private": 0, "password": null, "_winner": "p0y17309a81", "_our_name": "p0y17309a81"}