{"id": "battle-gen9randombattle-568", "formatid": "gen9randombattle", "format": "[Gen 9] Random Battle", "players": ["p0x568d509", "p0y5687fcd"], "log": "|init|battle\n|title|p0x568d509 vs. p0y5687fcd\n|j|\u2606p0x568d509\n|j|\u2606p0y5687fcd\n|t:|1783546363\n|gametype|singles\n|player|p1|p0x568d509|102|\n|player|p2|p0y5687fcd|1|\n|gen|9\n|tier|[Gen 9] Random Battle\n|rule|Species Clause: Limit one of each Pok\u00e9mon\n|rule|HP Percentage Mod: HP is shown in percentages\n|rule|Sleep Clause Mod: Limit one foe put to sleep\n|rule|Illusion Level Mod: Illusion disguises the Pok\u00e9mon's true level\n|\n|t:|1783546363\n|teamsize|p1|6\n|teamsize|p2|6\n|start\n|switch|p1a: Frosmoth|Frosmoth, L82, M|249/249\n|switch|p2a: Dunsparce|Dunsparce, L86, F|100/100\n|turn|1\n|inactive|Battle timer is ON: inactive players will automatically lose when time's up. (requested by p0x568d509)\n|inactive|p0y5687fcd also wants the timer to be on.\n|\n|t:|1783546365\n|move|p1a: Frosmoth|Quiver Dance|p1a: Frosmoth\n|-boost|p1a: Frosmoth|spa|1\n|-boost|p1a: Frosmoth|spd|1\n|-boost|p1a: Frosmoth|spe|1\n|move|p2a: Dunsparce|Body Slam|p1a: Frosmoth\n|-damage|p1a: Frosmoth|144/249\n|\n|upkeep\n|turn|2\n|inactive|Time left: 300 sec this turn | 300 sec total\n|\n|t:|1783546366\n|move|p1a: Frosmoth|Ice Beam|p2a: Dunsparce\n|-damage|p2a: Dunsparce|56/100\n|move|p2a: Dunsparce|Body Slam|p1a: Frosmoth\n|-damage|p1a: Frosmoth|51/249\n|-status|p1a: Frosmoth|par\n|\n|upkeep\n|turn|3\n|inactive|Time left: 300 sec this turn | 300 sec total\n|\n|t:|1783546367\n|move|p2a: Dunsparce|Body Slam|p1a: Frosmoth\n|-damage|p1a: Frosmoth|0 fnt\n|faint|p1a: Frosmoth\n|\n|upkeep\n|inactive|Time left: 300 sec this turn | 300 sec total | 5 sec grace\n|\n|t:|1783546368\n|switch|p1a: Hoopa|Hoopa-Unbound, L80|259/259\n|turn|4\n|inactive|Time left: 300 sec this turn | 300 sec total\n|\n|t:|1783546369\n|move|p1a: Hoopa|Hyperspace Fury|p2a: Dunsparce\n|-damage|p2a: Dunsparce|7/100\n|-unboost|p1a: Hoopa|def|1\n|move|p2a: Dunsparce|Body Slam|p1a: Hoopa\n|-damage|p1a: Hoopa|111/259\n|-status|p1a: Hoopa|par\n|\n|upkeep\n|turn|5\n|inactive|Time left: 300 sec this turn | 300 sec total\n|\n|t:|1783546370\n|move|p2a: Dunsparce|Roost|p2a: Dunsparce\n|-heal|p2a: Dunsparce|57/100\n|-singleturn|p2a: Dunsparce|move: Roost\n|move|p1a: Hoopa|Hyperspace Fury|p2a: Dunsparce\n|-damage|p2a: Dunsparce|0 fnt\n|-unboost|p1a: Hoopa|def|1\n|faint|p2a: Dunsparce\n|\n|upkeep\n|\n|t:|1783546371\n|switch|p2a: Golem|Golem-Alola, L93, M|100/100\n|turn|6\n|inactive|Time left: 300 sec this turn | 300 sec total\n|\n|t:|1783546372\n|switch|p1a: Eiscue|Eiscue, L88, M|274/274\n|move|p2a: Golem|Stone Edge|p1a: Eiscue\n|-activate|p1a: Eiscue|ability: Ice Face\n|-damage|p1a: Eiscue|274/274\n|detailschange|p1a: Eiscue|Eiscue-Noice, L88, M\n|\n|upkeep\n|turn|7\n|inactive|Time left: 300 sec this turn | 300 sec total\n|\n|t:|1783546373\n|switch|p1a: Dialga|Dialga-Origin, L73|266/266\n|-ability|p1a: Dialga|Pressure\n|move|p2a: Golem|Stone Edge|p1a: Dialga\n|-resisted|p1a: Dialga\n|-damage|p1a: Dialga|170/266\n|\n|upkeep\n|turn|8\n|inactive|Time left: 300 sec this turn | 300 sec total\n|\n|t:|1783546374\n|move|p1a: Dialga|Draco Meteor|p2a: Golem|[miss]\n|-miss|p1a: Dialga|p2a: Golem\n|move|p2a: Golem|Stone Edge|p1a: Dialga\n|-resisted|p1a: Dialga\n|-crit|p1a: Dialga\n|-damage|p1a: Dialga|17/266\n|\n|upkeep\n|turn|9\n|inactive|Time left: 300 sec this turn | 300 sec total\n|\n|t:|1783546375\n|move|p1a: Dialga|Draco Meteor|p2a: Golem\n|-damage|p2a: Golem|31/100\n|-unboost|p1a: Dialga|spa|2\n|move|p2a: Golem|Stone Edge|p1a: Dialga|[miss]\n|-miss|p2a: Golem|p1a: Dialga\n|\n|upkeep\n|turn|10\n|inactive|Time left: 300 sec this turn | 300 sec total\n|\n|t:|1783546376\n|move|p1a: Dialga|Stealth Rock|p2a: Golem\n|-sidestart|p2: p0y5687fcd|move: Stealth Rock\n|move|p2a: Golem|Stone Edge|p1a: Dialga\n|-resisted|p1a: Dialga\n|-damage|p1a: Dialga|0 fnt\n|faint|p1a: Dialga\n|\n|upkeep\n|inactive|Time left: 300 sec this turn | 300 sec total | 5 sec grace\n|\n|t:|1783546377\n|switch|p1a: Porygon-Z|Porygon-Z, L83|277/277\n|turn|11\n|inactive|Time left: 300 sec this turn | 300 sec total\n|\n|t:|1783546378\n|move|p1a: Porygon-Z|Nasty Plot|p1a: Porygon-Z\n|-boost|p1a: Porygon-Z|spa|2\n|-activate|p2a: Golem|move: Struggle\n|move|p2a: Golem|Struggle|p1a: Porygon-Z\n|-damage|p1a: Porygon-Z|185/277\n|-damage|p2a: Golem|6/100|[from] recoil\n|\n|upkeep\n|turn|12\n|inactive|Time left: 300 sec this turn | 300 sec total\n|\n|t:|1783546379\n|move|p1a: Porygon-Z|Tri Attack|p2a: Golem\n|-resisted|p2a: Golem\n|-damage|p2a: Golem|0 fnt\n|faint|p2a: Golem\n|-damage|p1a: Porygon-Z|158/277|[from] item: Life Orb\n|\n|upkeep\n|\n|t:|1783546380\n|switch|p2a: Dugtrio|Dugtrio, L84, M|100/100\n|-damage|p2a: Dugtrio|94/100|[from] Stealth Rock\n|turn|13\n|inactive|Time left: 300 sec this turn | 300 sec total\n|\n|t:|1783546381\n|move|p2a: Dugtrio|Earthquake|p1a: Porygon-Z\n|-damage|p1a: Porygon-Z|0 fnt\n|faint|p1a: Porygon-Z\n|-damage|p2a: Dugtrio|85/100|[from] item: Life Orb\n|\n|upkeep\n|inactive|Time left: 300 sec this turn | 300 sec total | 5 sec grace\n|\n|t:|1783546382\n|switch|p1a: Eiscue|Eiscue-Noice, L88, M|274/274\n|turn|14\n|inactive|Time left: 300 sec this turn | 300 sec total\n|\n|t:|1783546383\n|switch|p2a: Vigoroth|Vigoroth, L85, M|100/100\n|-damage|p2a: Vigoroth|88/100|[from] Stealth Rock\n|move|p1a: Eiscue|Ice Spinner|p2a: Vigoroth\n|-damage|p2a: Vigoroth|68/100\n|\n|upkeep\n|turn|15\n|inactive|Time left: 300 sec this turn | 300 sec total\n|\n|t:|1783546384\n|move|p1a: Eiscue|Belly Drum|p1a: Eiscue\n|-damage|p1a: Eiscue|137/274\n|-setboost|p1a: Eiscue|atk|6|[from] move: Belly Drum\n|-enditem|p1a: Eiscue|Sitrus Berry|[eat]\n|-heal|p1a: Eiscue|205/274|[from] item: Sitrus Berry\n|move|p2a: Vigoroth|Bulk Up|p2a: Vigoroth\n|-boost|p2a: Vigoroth|atk|1\n|-boost|p2a: Vigoroth|def|1\n|\n|upkeep\n|turn|16\n|inactive|Time left: 300 sec this turn | 300 sec total\n|\n|t:|1783546386\n|move|p1a: Eiscue|Ice Spinner|p2a: Vigoroth\n|-crit|p2a: Vigoroth\n|-damage|p2a: Vigoroth|0 fnt\n|faint|p2a: Vigoroth\n|\n|upkeep\n|\n|t:|1783546386\n|switch|p2a: Mandibuzz|Mandibuzz, L85, F|100/100\n|turn|17\n|inactive|Time left: 300 sec this turn | 300 sec total\n|\n|t:|1783546388\n|-terastallize|p2a: Mandibuzz|Steel\n|move|p1a: Eiscue|Ice Spinner|p2a: Mandibuzz\n|-resisted|p2a: Mandibuzz\n|-damage|p2a: Mandibuzz|59/100\n|move|p2a: Mandibuzz|Foul Play|p1a: Eiscue\n|-crit|p1a: Eiscue\n|-damage|p1a: Eiscue|0 fnt\n|faint|p1a: Eiscue\n|\n|upkeep\n|inactive|Time left: 300 sec this turn | 300 sec total | 5 sec grace\n|\n|t:|1783546389\n|switch|p1a: Klefki|Klefki, L84, M|233/233\n|turn|18\n|inactive|Time left: 300 sec this turn | 300 sec total\n|\n|t:|1783546390\n|move|p1a: Klefki|Thunder Wave|p2a: Mandibuzz\n|-status|p2a: Mandibuzz|par\n|move|p2a: Mandibuzz|Roost|p2a: Mandibuzz\n|-heal|p2a: Mandibuzz|100/100 par\n|\n|upkeep\n|turn|19\n|inactive|Time left: 300 sec this turn | 300 sec total\n|\n|t:|1783546391\n|move|p1a: Klefki|Foul Play|p2a: Mandibuzz\n|-damage|p2a: Mandibuzz|87/100 par\n|move|p2a: Mandibuzz|Foul Play|p1a: Klefki\n|-resisted|p1a: Klefki\n|-damage|p1a: Klefki|201/233\n|\n|-heal|p1a: Klefki|215/233|[from] item: Leftovers\n|upkeep\n|turn|20\n|inactive|Time left: 300 sec this turn | 300 sec total\n|\n|t:|1783546392\n|move|p1a: Klefki|Spikes|p2a: Mandibuzz\n|-sidestart|p2: p0y5687fcd|Spikes\n|move|p2a: Mandibuzz|Foul Play|p1a: Klefki\n|-resisted|p1a: Klefki\n|-damage|p1a: Klefki|182/233\n|\n|-heal|p1a: Klefki|196/233|[from] item: Leftovers\n|upkeep\n|turn|21\n|inactive|Time left: 300 sec this turn | 300 sec total\n|\n|t:|1783546393\n|move|p1a: Klefki|Spikes|p2a: Mandibuzz\n|-sidestart|p2: p0y5687fcd|Spikes\n|move|p2a: Mandibuzz|Brave Bird|p1a: Klefki\n|-resisted|p1a: Klefki\n|-damage|p1a: Klefki|146/233\n|-damage|p2a: Mandibuzz|81/100 par|[from] Recoil\n|\n|-heal|p1a: Klefki|160/233|[from] item: Leftovers\n|upkeep\n|turn|22\n|inactive|Time left: 300 sec this turn | 300 sec total\n|\n|t:|1783546394\n|move|p1a: Klefki|Foul Play|p2a: Mandibuzz\n|-damage|p2a: Mandibuzz|69/100 par\n|move|p2a: Mandibuzz|Foul Play|p1a: Klefki\n|-resisted|p1a: Klefki\n|-damage|p1a: Klefki|125/233\n|\n|-heal|p1a: Klefki|139/233|[from] item: Leftovers\n|upkeep\n|turn|23\n|inactive|Time left: 300 sec this turn | 300 sec total\n|\n|t:|1783546395\n|move|p1a: Klefki|Foul Play|p2a: Mandibuzz\n|-damage|p2a: Mandibuzz|56/100 par\n|move|p2a: Mandibuzz|Foul Play|p1a: Klefki\n|-resisted|p1a: Klefki\n|-damage|p1a: Klefki|106/233\n|\n|-heal|p1a: Klefki|120/233|[from] item: Leftovers\n|upkeep\n|turn|24\n|inactive|Time left: 300 sec this turn | 300 sec total\n|\n|t:|1783546396\n|move|p1a: Klefki|Foul Play|p2a: Mandibuzz\n|-crit|p2a: Mandibuzz\n|-damage|p2a: Mandibuzz|37/100 par\n|move|p2a: Mandibuzz|Roost|p2a: Mandibuzz\n|-heal|p2a: Mandibuzz|87/100 par\n|\n|-heal|p1a: Klefki|134/233|[from] item: Leftovers\n|upkeep\n|turn|25\n|inactive|Time left: 300 sec this turn | 300 sec total\n|\n|t:|1783546397\n|move|p1a: Klefki|Foul Play|p2a: Mandibuzz\n|-damage|p2a: Mandibuzz|73/100 par\n|move|p2a: Mandibuzz|Foul Play|p1a: Klefki\n|-resisted|p1a: Klefki\n|-damage|p1a: Klefki|104/233\n|\n|-heal|p1a: Klefki|118/233|[from] item: Leftovers\n|upkeep\n|turn|26\n|inactive|Time left: 300 sec this turn | 300 sec total\n|\n|t:|1783546398\n|move|p1a: Klefki|Dazzling Gleam|p2a: Mandibuzz\n|-resisted|p2a: Mandibuzz\n|-damage|p2a: Mandibuzz|62/100 par\n|cant|p2a: Mandibuzz|par\n|\n|-heal|p1a: Klefki|132/233|[from] item: Leftovers\n|upkeep\n|turn|27\n|inactive|Time left: 300 sec this turn | 300 sec total\n|\n|t:|1783546399\n|move|p1a: Klefki|Foul Play|p2a: Mandibuzz\n|-damage|p2a: Mandibuzz|50/100 par\n|cant|p2a: Mandibuzz|par\n|\n|-heal|p1a: Klefki|146/233|[from] item: Leftovers\n|upkeep\n|turn|28\n|inactive|Time left: 300 sec this turn | 300 sec total\n|\n|t:|1783546400\n|move|p1a: Klefki|Foul Play|p2a: Mandibuzz\n|-damage|p2a: Mandibuzz|35/100 par\n|move|p2a: Mandibuzz|Roost|p2a: Mandibuzz\n|-heal|p2a: Mandibuzz|85/100 par\n|\n|-heal|p1a: Klefki|160/233|[from] item: Leftovers\n|upkeep\n|turn|29\n|inactive|Time left: 300 sec this turn | 300 sec total\n|\n|t:|1783546401\n|move|p1a: Klefki|Spikes|p2a: Mandibuzz\n|-sidestart|p2: p0y5687fcd|Spikes\n|move|p2a: Mandibuzz|Foul Play|p1a: Klefki\n|-resisted|p1a: Klefki\n|-damage|p1a: Klefki|129/233\n|\n|-heal|p1a: Klefki|143/233|[from] item: Leftovers\n|upkeep\n|turn|30\n|inactive|Time left: 300 sec this turn | 300 sec total\n|\n|t:|1783546402\n|move|p1a: Klefki|Foul Play|p2a: Mandibuzz\n|-damage|p2a: Mandibuzz|72/100 par\n|move|p2a: Mandibuzz|Brave Bird|p1a: Klefki\n|-resisted|p1a: Klefki\n|-crit|p1a: Klefki\n|-damage|p1a: Klefki|68/233\n|-damage|p2a: Mandibuzz|64/100 par|[from] Recoil\n|\n|-heal|p1a: Klefki|82/233|[from] item: Leftovers\n|upkeep\n|turn|31\n|inactive|Time left: 300 sec this turn | 300 sec total\n|\n|t:|1783546403\n|move|p1a: Klefki|Dazzling Gleam|p2a: Mandibuzz\n|-resisted|p2a: Mandibuzz\n|-damage|p2a: Mandibuzz|53/100 par\n|cant|p2a: Mandibuzz|par\n|\n|-heal|p1a: Klefki|96/233|[from] item: Leftovers\n|upkeep\n|turn|32\n|inactive|Time left: 300 sec this turn | 300 sec total\n|\n|t:|1783546403\n|move|p1a: Klefki|Dazzling Gleam|p2a: Mandibuzz\n|-resisted|p2a: Mandibuzz\n|-damage|p2a: Mandibuzz|42/100 par\n|cant|p2a: Mandibuzz|par\n|\n|-heal|p1a: Klefki|110/233|[from] item: Leftovers\n|upkeep\n|turn|33\n|inactive|Time left: 300 sec this turn | 300 sec total\n|\n|t:|1783546404\n|move|p1a: Klefki|Foul Play|p2a: Mandibuzz\n|-damage|p2a: Mandibuzz|27/100 par\n|cant|p2a: Mandibuzz|par\n|\n|-heal|p1a: Klefki|124/233|[from] item: Leftovers\n|upkeep\n|turn|34\n|inactive|Time left: 300 sec this turn | 300 sec total\n|\n|t:|1783546405\n|move|p1a: Klefki|Foul Play|p2a: Mandibuzz\n|-damage|p2a: Mandibuzz|14/100 par\n|cant|p2a: Mandibuzz|par\n|\n|-heal|p1a: Klefki|138/233|[from] item: Leftovers\n|upkeep\n|turn|35\n|inactive|Time left: 300 sec this turn | 300 sec total\n|\n|t:|1783546406\n|move|p1a: Klefki|Foul Play|p2a: Mandibuzz\n|-damage|p2a: Mandibuzz|0 fnt\n|faint|p2a: Mandibuzz\n|\n|-heal|p1a: Klefki|152/233|[from] item: Leftovers\n|upkeep\n|\n|t:|1783546406\n|switch|p2a: Dugtrio|Dugtrio, L84, M|85/100\n|-damage|p2a: Dugtrio|79/100|[from] Stealth Rock\n|-damage|p2a: Dugtrio|54/100|[from] Spikes\n|turn|36\n|inactive|Time left: 300 sec this turn | 300 sec total\n|\n|t:|1783546407\n|-terastallize|p1a: Klefki|Flying\n|move|p2a: Dugtrio|Earthquake|p1a: Klefki\n|-immune|p1a: Klefki\n|move|p1a: Klefki|Foul Play|p2a: Dugtrio\n|-damage|p2a: Dugtrio|2/100\n|\n|-heal|p1a: Klefki|166/233|[from] item: Leftovers\n|upkeep\n|turn|37\n|inactive|Time left: 300 sec this turn | 300 sec total\n|\n|t:|1783546408\n|switch|p2a: Mew|Mew, L82|100/100\n|-damage|p2a: Mew|88/100|[from] Stealth Rock\n|-damage|p2a: Mew|63/100|[from] Spikes\n|switch|p1a: Hoopa|Hoopa-Unbound, L80|111/259 par\n|\n|upkeep\n|turn|38\n|inactive|Time left: 300 sec this turn | 300 sec total\n|\n|t:|1783546409\n|move|p2a: Mew|Knock Off|p1a: Hoopa\n|-damage|p1a: Hoopa|0 fnt\n|-enditem|p1a: Hoopa|Choice Band|[from] move: Knock Off|[of] p2a: Mew\n|faint|p1a: Hoopa\n|-damage|p2a: Mew|54/100|[from] item: Life Orb\n|\n|upkeep\n|inactive|Time left: 300 sec this turn | 300 sec total | 5 sec grace\n|\n|t:|1783546410\n|switch|p1a: Klefki|Klefki, L84, M, tera:Flying|166/233\n|turn|39\n|inactive|Time left: 300 sec this turn | 300 sec total\n|\n|t:|1783546410\n|move|p1a: Klefki|Thunder Wave|p2a: Mew\n|-status|p2a: Mew|par\n|-activate|p2a: Mew|ability: Synchronize\n|-status|p1a: Klefki|par\n|cant|p2a: Mew|par\n|\n|-heal|p1a: Klefki|180/233 par|[from] item: Leftovers\n|upkeep\n|turn|40\n|inactive|Time left: 300 sec this turn | 300 sec total\n|\n|t:|1783546411\n|move|p2a: Mew|Knock Off|p1a: Klefki\n|-damage|p1a: Klefki|93/233 par\n|-enditem|p1a: Klefki|Leftovers|[from] move: Knock Off|[of] p2a: Mew\n|-damage|p2a: Mew|44/100 par|[from] item: Life Orb\n|move|p1a: Klefki|Foul Play|p2a: Mew\n|-supereffective|p2a: Mew\n|-damage|p2a: Mew|6/100 par\n|\n|upkeep\n|turn|41\n|inactive|Time left: 300 sec this turn | 300 sec total\n|\n|t:|1783546413\n|move|p2a: Mew|Psychic Fangs|p1a: Klefki\n|-damage|p1a: Klefki|0 fnt\n|faint|p1a: Klefki\n|-damage|p2a: Mew|0 fnt|[from] item: Life Orb\n|faint|p2a: Mew\n|\n|win|p0y5687fcd", "uploadtime": 1783546413, "views": 0, "rating": 0, "private": 0, "password": null, "_winner": "p0y5687fcd", "_our_name": "p0x568d509"}