{"id": "battle-gen9randombattle-709", "formatid": "gen9randombattle", "format": "[Gen 9] Random Battle", "players": ["p0x709a94d", "p0y70985bf"], "log": "|init|battle\n|title|p0x709a94d vs. p0y70985bf\n|j|\u2606p0x709a94d\n|j|\u2606p0y70985bf\n|t:|1783547348\n|gametype|singles\n|player|p1|p0x709a94d|1|\n|player|p2|p0y70985bf|1|\n|gen|9\n|tier|[Gen 9] Random Battle\n|rule|Species Clause: Limit one of each Pok\u00e9mon\n|rule|HP Percentage Mod: HP is shown in percentages\n|rule|Sleep Clause Mod: Limit one foe put to sleep\n|rule|Illusion Level Mod: Illusion disguises the Pok\u00e9mon's true level\n|\n|t:|1783547348\n|teamsize|p1|6\n|teamsize|p2|6\n|start\n|switch|p1a: Blaziken|Blaziken, L76, F|100/100\n|switch|p2a: Lapras|Lapras, L87, M|368/368\n|turn|1\n|inactive|Battle timer is ON: inactive players will automatically lose when time's up. (requested by p0x709a94d)\n|inactive|Time left: 300 sec this turn | 300 sec total | 60 sec grace\n|inactive|p0y70985bf also wants the timer to be on.\n|\n|t:|1783547350\n|-terastallize|p1a: Blaziken|Fighting\n|move|p1a: Blaziken|Close Combat|p2a: Lapras\n|-supereffective|p2a: Lapras\n|-damage|p2a: Lapras|0 fnt\n|-unboost|p1a: Blaziken|def|1\n|-unboost|p1a: Blaziken|spd|1\n|faint|p2a: Lapras\n|-damage|p1a: Blaziken|91/100|[from] item: Life Orb\n|\n|-ability|p1a: Blaziken|Speed Boost|boost\n|-boost|p1a: Blaziken|spe|1\n|upkeep\n|inactive|Time left: 300 sec this turn | 300 sec total | 65 sec grace\n|\n|t:|1783547351\n|switch|p2a: Appletun|Appletun, L92, F|352/352\n|turn|2\n|inactive|Time left: 300 sec this turn | 300 sec total\n|\n|t:|1783547352\n|switch|p1a: Toxicroak|Toxicroak, L84, F|100/100\n|move|p2a: Appletun|Dragon Pulse|p1a: Toxicroak\n|-damage|p1a: Toxicroak|51/100\n|\n|upkeep\n|turn|3\n|inactive|Time left: 300 sec this turn | 300 sec total\n|\n|t:|1783547354\n|move|p1a: Toxicroak|Gunk Shot|p2a: Appletun\n|-supereffective|p2a: Appletun\n|-damage|p2a: Appletun|30/352\n|-damage|p1a: Toxicroak|42/100|[from] item: Life Orb\n|move|p2a: Appletun|Dragon Pulse|p1a: Toxicroak\n|-damage|p1a: Toxicroak|0 fnt\n|faint|p1a: Toxicroak\n|\n|-heal|p2a: Appletun|52/352|[from] item: Leftovers\n|upkeep\n|\n|t:|1783547354\n|switch|p1a: Blaziken|Blaziken, L76, F, tera:Fighting|91/100\n|turn|4\n|inactive|Time left: 300 sec this turn | 300 sec total\n|\n|t:|1783547355\n|move|p1a: Blaziken|Close Combat|p2a: Appletun\n|-damage|p2a: Appletun|0 fnt\n|-unboost|p1a: Blaziken|def|1\n|-unboost|p1a: Blaziken|spd|1\n|faint|p2a: Appletun\n|-damage|p1a: Blaziken|81/100|[from] item: Life Orb\n|\n|-ability|p1a: Blaziken|Speed Boost|boost\n|-boost|p1a: Blaziken|spe|1\n|upkeep\n|inactive|Time left: 300 sec this turn | 300 sec total | 5 sec grace\n|\n|t:|1783547357\n|switch|p2a: Manaphy|Manaphy, L78|284/284\n|turn|5\n|inactive|Time left: 300 sec this turn | 300 sec total\n|\n|t:|1783547358\n|move|p1a: Blaziken|Close Combat|p2a: Manaphy\n|-damage|p2a: Manaphy|66/284\n|-unboost|p1a: Blaziken|def|1\n|-unboost|p1a: Blaziken|spd|1\n|-damage|p1a: Blaziken|71/100|[from] item: Life Orb\n|move|p2a: Manaphy|Surf|p1a: Blaziken\n|-damage|p1a: Blaziken|0 fnt\n|faint|p1a: Blaziken\n|\n|-heal|p2a: Manaphy|83/284|[from] item: Leftovers\n|upkeep\n|\n|t:|1783547358\n|switch|p1a: Latios|Latios, L78, M|100/100\n|turn|6\n|inactive|Time left: 300 sec this turn | 300 sec total\n|\n|t:|1783547359\n|switch|p2a: Forretress|Forretress, L84, M|263/263\n|move|p1a: Latios|Luster Purge|p2a: Forretress\n|-resisted|p2a: Forretress\n|-damage|p2a: Forretress|182/263\n|-unboost|p2a: Forretress|spd|1\n|\n|-heal|p2a: Forretress|198/263|[from] item: Leftovers\n|upkeep\n|turn|7\n|inactive|Time left: 300 sec this turn | 300 sec total\n|\n|t:|1783547360\n|move|p1a: Latios|Luster Purge|p2a: Forretress\n|-resisted|p2a: Forretress\n|-damage|p2a: Forretress|56/263\n|move|p2a: Forretress|Stealth Rock|p1a: Latios\n|-sidestart|p1: p0x709a94d|move: Stealth Rock\n|\n|-heal|p2a: Forretress|72/263|[from] item: Leftovers\n|upkeep\n|turn|8\n|inactive|Time left: 300 sec this turn | 300 sec total\n|\n|t:|1783547361\n|switch|p2a: Magnezone|Magnezone, L85|258/258\n|move|p1a: Latios|Luster Purge|p2a: Magnezone\n|-resisted|p2a: Magnezone\n|-damage|p2a: Magnezone|194/258\n|\n|-heal|p2a: Magnezone|210/258|[from] item: Leftovers\n|upkeep\n|turn|9\n|inactive|Time left: 300 sec this turn | 300 sec total\n|\n|t:|1783547362\n|move|p1a: Latios|Aura Sphere|p2a: Magnezone\n|-supereffective|p2a: Magnezone\n|-damage|p2a: Magnezone|94/258\n|move|p2a: Magnezone|Flash Cannon|p1a: Latios\n|-damage|p1a: Latios|64/100\n|\n|-heal|p2a: Magnezone|110/258|[from] item: Leftovers\n|upkeep\n|turn|10\n|inactive|Time left: 300 sec this turn | 300 sec total\n|\n|t:|1783547363\n|move|p1a: Latios|Aura Sphere|p2a: Magnezone\n|-supereffective|p2a: Magnezone\n|-damage|p2a: Magnezone|0 fnt\n|faint|p2a: Magnezone\n|\n|upkeep\n|inactive|Time left: 300 sec this turn | 300 sec total | 5 sec grace\n|\n|t:|1783547363\n|switch|p2a: Ariados|Ariados, L95, F|287/287\n|turn|11\n|inactive|Time left: 300 sec this turn | 300 sec total\n|\n|t:|1783547364\n|-terastallize|p2a: Ariados|Ghost\n|move|p1a: Latios|Luster Purge|p2a: Ariados\n|-damage|p2a: Ariados|142/287\n|-unboost|p2a: Ariados|spd|1\n|move|p2a: Ariados|Megahorn|p1a: Latios\n|-supereffective|p1a: Latios\n|-damage|p1a: Latios|0 fnt\n|faint|p1a: Latios\n|\n|upkeep\n|\n|t:|1783547365\n|switch|p1a: Ampharos|Ampharos, L88, M|100/100\n|-damage|p1a: Ampharos|88/100|[from] Stealth Rock\n|turn|12\n|inactive|Time left: 300 sec this turn | 300 sec total\n|\n|t:|1783547366\n|switch|p2a: Manaphy|Manaphy, L78|83/284\n|move|p1a: Ampharos|Thunderbolt|p2a: Manaphy\n|-supereffective|p2a: Manaphy\n|-damage|p2a: Manaphy|0 fnt\n|faint|p2a: Manaphy\n|-damage|p1a: Ampharos|78/100|[from] item: Life Orb\n|\n|upkeep\n|inactive|Time left: 300 sec this turn | 300 sec total | 5 sec grace\n|\n|t:|1783547367\n|switch|p2a: Forretress|Forretress, L84, M|72/263\n|turn|13\n|inactive|Time left: 300 sec this turn | 300 sec total\n|\n|t:|1783547368\n|move|p1a: Ampharos|Thunderbolt|p2a: Forretress\n|-damage|p2a: Forretress|0 fnt\n|faint|p2a: Forretress\n|-damage|p1a: Ampharos|68/100|[from] item: Life Orb\n|\n|upkeep\n|inactive|Time left: 300 sec this turn | 300 sec total | 5 sec grace\n|\n|t:|1783547368\n|switch|p2a: Ariados|Ariados, L95, F, tera:Ghost|142/287\n|turn|14\n|inactive|Time left: 300 sec this turn | 300 sec total\n|\n|t:|1783547369\n|move|p1a: Ampharos|Thunderbolt|p2a: Ariados\n|-damage|p2a: Ariados|0 fnt\n|faint|p2a: Ariados\n|-damage|p1a: Ampharos|58/100|[from] item: Life Orb\n|\n|win|p0x709a94d", "uploadtime": 1783547369, "views": 0, "rating": 0, "private": 0, "password": null, "_winner": "p0x709a94d", "_our_name": "p0y70985bf"}