{"id": "battle-gen9randombattle-2530", "formatid": "gen9randombattle", "format": "[Gen 9] Random Battle", "players": ["p0x253043e6", "p0y25309739"], "log": "|init|battle\n|title|p0x253043e6 vs. p0y25309739\n|j|\u2606p0x253043e6\n|j|\u2606p0y25309739\n|t:|1783568305\n|gametype|singles\n|player|p1|p0x253043e6|265|\n|player|p2|p0y25309739|169|\n|gen|9\n|tier|[Gen 9] Random Battle\n|rule|Species Clause: Limit one of each Pok\u00e9mon\n|rule|HP Percentage Mod: HP is shown in percentages\n|rule|Sleep Clause Mod: Limit one foe put to sleep\n|rule|Illusion Level Mod: Illusion disguises the Pok\u00e9mon's true level\n|\n|t:|1783568305\n|teamsize|p1|6\n|teamsize|p2|6\n|start\n|switch|p1a: Wugtrio|Wugtrio, L91, F|212/212\n|switch|p2a: Mimikyu|Mimikyu, L79, M|100/100\n|turn|1\n|inactive|Battle timer is ON: inactive players will automatically lose when time's up. (requested by p0y25309739)\n|inactive|Time left: 300 sec this turn | 300 sec total | 60 sec grace\n|inactive|p0x253043e6 also wants the timer to be on.\n|\n|t:|1783568306\n|move|p1a: Wugtrio|Liquidation|p2a: Mimikyu\n|-activate|p2a: Mimikyu|ability: Disguise\n|-damage|p2a: Mimikyu|100/100\n|detailschange|p2a: Mimikyu|Mimikyu-Busted, L79, M\n|-damage|p2a: Mimikyu|88/100|[from] pokemon: Mimikyu-Busted\n|move|p2a: Mimikyu|Swords Dance|p2a: Mimikyu\n|-boost|p2a: Mimikyu|atk|2\n|\n|upkeep\n|turn|2\n|inactive|Time left: 300 sec this turn | 300 sec total\n|\n|t:|1783568308\n|move|p1a: Wugtrio|Liquidation|p2a: Mimikyu\n|-damage|p2a: Mimikyu|10/100\n|move|p2a: Mimikyu|Drain Punch|p1a: Wugtrio\n|-damage|p1a: Wugtrio|40/212\n|-heal|p2a: Mimikyu|50/100|[from] drain|[of] p1a: Wugtrio\n|-ability|p1a: Wugtrio|Gooey\n|-unboost|p2a: Mimikyu|spe|1\n|-damage|p2a: Mimikyu|40/100|[from] item: Life Orb\n|\n|upkeep\n|turn|3\n|inactive|Time left: 300 sec this turn | 300 sec total\n|\n|t:|1783568309\n|move|p2a: Mimikyu|Shadow Sneak|p1a: Wugtrio\n|-damage|p1a: Wugtrio|0 fnt\n|-ability|p1a: Wugtrio|Gooey\n|-unboost|p2a: Mimikyu|spe|1\n|faint|p1a: Wugtrio\n|-damage|p2a: Mimikyu|30/100|[from] item: Life Orb\n|\n|upkeep\n|inactive|Time left: 300 sec this turn | 300 sec total | 5 sec grace\n|\n|t:|1783568310\n|switch|p1a: Kingdra|Kingdra, L84, M|263/263\n|turn|4\n|inactive|Time left: 300 sec this turn | 300 sec total\n|\n|t:|1783568311\n|switch|p2a: Conkeldurr|Conkeldurr, L80, F|100/100\n|move|p1a: Kingdra|Wave Crash|p2a: Conkeldurr\n|-damage|p2a: Conkeldurr|58/100\n|-damage|p1a: Kingdra|221/263|[from] Recoil\n|\n|-status|p2a: Conkeldurr|brn|[from] item: Flame Orb\n|upkeep\n|turn|5\n|inactive|Time left: 300 sec this turn | 300 sec total\n|\n|t:|1783568312\n|move|p1a: Kingdra|Outrage|p2a: Conkeldurr\n|-damage|p2a: Conkeldurr|15/100 brn\n|move|p2a: Conkeldurr|Close Combat|p1a: Kingdra\n|-damage|p1a: Kingdra|0 fnt\n|-unboost|p2a: Conkeldurr|def|1\n|-unboost|p2a: Conkeldurr|spd|1\n|faint|p1a: Kingdra\n|\n|-damage|p2a: Conkeldurr|9/100 brn|[from] brn\n|upkeep\n|inactive|Time left: 300 sec this turn | 300 sec total | 5 sec grace\n|\n|t:|1783568313\n|switch|p1a: Luxray|Luxray, L88, F|284/284\n|-ability|p1a: Luxray|Intimidate|boost\n|-unboost|p2a: Conkeldurr|atk|1\n|turn|6\n|inactive|Time left: 300 sec this turn | 300 sec total\n|\n|t:|1783568314\n|switch|p2a: Lanturn|Lanturn, L89, F|100/100\n|move|p1a: Luxray|Play Rough|p2a: Lanturn\n|-crit|p2a: Lanturn\n|-damage|p2a: Lanturn|59/100\n|\n|upkeep\n|turn|7\n|inactive|Time left: 300 sec this turn | 300 sec total\n|\n|t:|1783568315\n|move|p1a: Luxray|Play Rough|p2a: Lanturn\n|-damage|p2a: Lanturn|32/100\n|move|p2a: Lanturn|Scald|p1a: Luxray\n|-damage|p1a: Luxray|226/284\n|-status|p1a: Luxray|brn\n|\n|-damage|p1a: Luxray|209/284 brn|[from] brn\n|upkeep\n|turn|8\n|inactive|Time left: 300 sec this turn | 300 sec total\n|\n|t:|1783568316\n|move|p1a: Luxray|Play Rough|p2a: Lanturn\n|-damage|p2a: Lanturn|17/100\n|move|p2a: Lanturn|Thunderbolt|p1a: Luxray\n|-resisted|p1a: Luxray\n|-damage|p1a: Luxray|179/284 brn\n|\n|-damage|p1a: Luxray|162/284 brn|[from] brn\n|upkeep\n|turn|9\n|inactive|Time left: 300 sec this turn | 300 sec total\n|\n|t:|1783568317\n|move|p1a: Luxray|Play Rough|p2a: Lanturn\n|-damage|p2a: Lanturn|3/100\n|move|p2a: Lanturn|Scald|p1a: Luxray\n|-damage|p1a: Luxray|111/284 brn\n|\n|-damage|p1a: Luxray|94/284 brn|[from] brn\n|upkeep\n|turn|10\n|inactive|Time left: 300 sec this turn | 300 sec total\n|\n|t:|1783568318\n|switch|p2a: Mabosstiff|Mabosstiff, L86, M|100/100\n|move|p1a: Luxray|Play Rough|p2a: Mabosstiff\n|-supereffective|p2a: Mabosstiff\n|-damage|p2a: Mabosstiff|69/100\n|\n|-damage|p1a: Luxray|77/284 brn|[from] brn\n|upkeep\n|turn|11\n|inactive|Time left: 300 sec this turn | 300 sec total\n|\n|t:|1783568319\n|move|p2a: Mabosstiff|Play Rough|p1a: Luxray\n|-damage|p1a: Luxray|0 fnt\n|faint|p1a: Luxray\n|\n|upkeep\n|inactive|Time left: 300 sec this turn | 300 sec total | 5 sec grace\n|\n|t:|1783568320\n|switch|p1a: Arcanine|Arcanine, L84, M|288/288\n|-ability|p1a: Arcanine|Intimidate|boost\n|-unboost|p2a: Mabosstiff|atk|1\n|turn|12\n|inactive|Time left: 300 sec this turn | 300 sec total\n|\n|t:|1783568321\n|move|p1a: Arcanine|Flare Blitz|p2a: Mabosstiff\n|-damage|p2a: Mabosstiff|22/100\n|-damage|p1a: Arcanine|244/288|[from] Recoil\n|move|p2a: Mabosstiff|Play Rough|p1a: Arcanine\n|-resisted|p1a: Arcanine\n|-damage|p1a: Arcanine|205/288\n|\n|upkeep\n|turn|13\n|inactive|Time left: 300 sec this turn | 300 sec total\n|\n|t:|1783568323\n|switch|p2a: Miraidon|Miraidon, L65|100/100\n|-fieldstart|move: Electric Terrain|[from] ability: Hadron Engine|[of] p2a: Miraidon\n|move|p1a: Arcanine|Flare Blitz|p2a: Miraidon\n|-resisted|p2a: Miraidon\n|-damage|p2a: Miraidon|66/100\n|-damage|p1a: Arcanine|178/288|[from] Recoil\n|\n|upkeep\n|turn|14\n|inactive|Time left: 300 sec this turn | 300 sec total\n|\n|t:|1783568324\n|move|p1a: Arcanine|Extreme Speed|p2a: Miraidon\n|-damage|p2a: Miraidon|37/100\n|move|p2a: Miraidon|Electro Drift|p1a: Arcanine\n|-damage|p1a: Arcanine|0 fnt\n|faint|p1a: Arcanine\n|-damage|p2a: Miraidon|27/100|[from] item: Life Orb\n|\n|upkeep\n|inactive|Time left: 300 sec this turn | 300 sec total | 5 sec grace\n|\n|t:|1783568324\n|switch|p1a: Deoxys|Deoxys, L74|196/196\n|-ability|p1a: Deoxys|Pressure\n|turn|15\n|inactive|Time left: 300 sec this turn | 300 sec total\n|\n|t:|1783568325\n|switch|p2a: Lanturn|Lanturn, L89, F|3/100\n|move|p1a: Deoxys|Ice Beam|p2a: Lanturn\n|-resisted|p2a: Lanturn\n|-damage|p2a: Lanturn|0 fnt\n|faint|p2a: Lanturn\n|-damage|p1a: Deoxys|177/196|[from] item: Life Orb\n|\n|upkeep\n|\n|t:|1783568326\n|switch|p2a: Charizard|Charizard, L85, M|100/100\n|turn|16\n|inactive|Time left: 300 sec this turn | 300 sec total\n|\n|t:|1783568327\n|move|p1a: Deoxys|Psycho Boost|p2a: Charizard\n|-crit|p2a: Charizard\n|-damage|p2a: Charizard|0 fnt\n|-unboost|p1a: Deoxys|spa|2\n|faint|p2a: Charizard\n|-damage|p1a: Deoxys|158/196|[from] item: Life Orb\n|\n|upkeep\n|\n|t:|1783568328\n|switch|p2a: Mabosstiff|Mabosstiff, L86, M|22/100\n|turn|17\n|inactive|Time left: 300 sec this turn | 300 sec total\n|\n|t:|1783568329\n|move|p1a: Deoxys|Superpower|p2a: Mabosstiff\n|-supereffective|p2a: Mabosstiff\n|-damage|p2a: Mabosstiff|0 fnt\n|-unboost|p1a: Deoxys|atk|1\n|-unboost|p1a: Deoxys|def|1\n|faint|p2a: Mabosstiff\n|-damage|p1a: Deoxys|139/196|[from] item: Life Orb\n|\n|-fieldend|move: Electric Terrain\n|upkeep\n|\n|t:|1783568329\n|switch|p2a: Mimikyu|Mimikyu-Busted, L79, M|30/100\n|turn|18\n|inactive|Time left: 300 sec this turn | 300 sec total\n|\n|t:|1783568330\n|switch|p1a: Kilowattrel|Kilowattrel, L83, M|252/252\n|move|p2a: Mimikyu|Shadow Sneak|p1a: Kilowattrel\n|-damage|p1a: Kilowattrel|184/252\n|-damage|p2a: Mimikyu|20/100|[from] item: Life Orb\n|\n|upkeep\n|turn|19\n|inactive|Time left: 300 sec this turn | 300 sec total\n|\n|t:|1783568331\n|switch|p2a: Miraidon|Miraidon, L65|27/100\n|-fieldstart|move: Electric Terrain|[from] ability: Hadron Engine|[of] p2a: Miraidon\n|move|p1a: Kilowattrel|Thunderbolt|p2a: Miraidon\n|-resisted|p2a: Miraidon\n|-damage|p2a: Miraidon|16/100\n|\n|upkeep\n|turn|20\n|inactive|Time left: 300 sec this turn | 300 sec total\n|\n|t:|1783568332\n|switch|p2a: Mimikyu|Mimikyu-Busted, L79, M|20/100\n|move|p1a: Kilowattrel|Hurricane|p2a: Mimikyu\n|-damage|p2a: Mimikyu|0 fnt\n|faint|p2a: Mimikyu\n|\n|upkeep\n|\n|t:|1783568333\n|switch|p2a: Conkeldurr|Conkeldurr, L80, F|9/100 brn\n|turn|21\n|inactive|Time left: 300 sec this turn | 300 sec total\n|\n|t:|1783568334\n|move|p1a: Kilowattrel|U-turn|p2a: Conkeldurr\n|-resisted|p2a: Conkeldurr\n|-damage|p2a: Conkeldurr|3/100 brn\n|inactive|Time left: 300 sec this turn | 300 sec total | 5 sec grace\n|\n|t:|1783568334\n|switch|p1a: Deoxys|Deoxys, L74|139/196|[from] U-turn\n|-ability|p1a: Deoxys|Pressure\n|move|p2a: Conkeldurr|Knock Off|p1a: Deoxys\n|-supereffective|p1a: Deoxys\n|-damage|p1a: Deoxys|0 fnt\n|-enditem|p1a: Deoxys|Life Orb|[from] move: Knock Off|[of] p2a: Conkeldurr\n|faint|p1a: Deoxys\n|\n|-damage|p2a: Conkeldurr|0 fnt|[from] brn\n|faint|p2a: Conkeldurr\n|upkeep\n|inactive|Time left: 300 sec this turn | 300 sec total | 10 sec grace\n|\n|t:|1783568335\n|switch|p1a: Kilowattrel|Kilowattrel, L83, M|184/252\n|switch|p2a: Miraidon|Miraidon, L65|16/100\n|-activate|p2a: Miraidon|ability: Hadron Engine\n|turn|22\n|inactive|Time left: 300 sec this turn | 300 sec total\n|\n|t:|1783568336\n|move|p1a: Kilowattrel|U-turn|p2a: Miraidon\n|-damage|p2a: Miraidon|0 fnt\n|faint|p2a: Miraidon\n|\n|win|p0x253043e6", "uploadtime": 1783568336, "views": 0, "rating": 0, "private": 0, "password": null, "_winner": "p0x253043e6", "_our_name": "p0x253043e6"}