{"id": "battle-gen9randombattle-1415", "formatid": "gen9randombattle", "format": "[Gen 9] Random Battle", "players": ["p0x14159641", "p0y14151e0f"], "log": "|init|battle\n|title|p0x14159641 vs. p0y14151e0f\n|j|\u2606p0x14159641\n|j|\u2606p0y14151e0f\n|t:|1783556478\n|gametype|singles\n|player|p1|p0x14159641|170|\n|player|p2|p0y14151e0f|169|\n|gen|9\n|tier|[Gen 9] Random Battle\n|rule|Species Clause: Limit one of each Pok\u00e9mon\n|rule|HP Percentage Mod: HP is shown in percentages\n|rule|Sleep Clause Mod: Limit one foe put to sleep\n|rule|Illusion Level Mod: Illusion disguises the Pok\u00e9mon's true level\n|\n|t:|1783556478\n|teamsize|p1|6\n|teamsize|p2|6\n|start\n|switch|p1a: Meowstic|Meowstic-F, L89, F|100/100\n|switch|p2a: Azelf|Azelf, L82|257/257\n|turn|1\n|inactive|Battle timer is ON: inactive players will automatically lose when time's up. (requested by p0x14159641)\n|inactive|Time left: 300 sec this turn | 300 sec total | 60 sec grace\n|inactive|p0y14151e0f also wants the timer to be on.\n|\n|t:|1783556480\n|move|p2a: Azelf|Nasty Plot|p2a: Azelf\n|-boost|p2a: Azelf|spa|2\n|move|p1a: Meowstic|Nasty Plot|p1a: Meowstic\n|-boost|p1a: Meowstic|spa|2\n|\n|upkeep\n|turn|2\n|inactive|Time left: 300 sec this turn | 300 sec total\n|\n|t:|1783556481\n|-terastallize|p2a: Azelf|Fire\n|move|p1a: Meowstic|Dark Pulse|p2a: Azelf\n|-damage|p2a: Azelf|69/257\n|-damage|p1a: Meowstic|91/100|[from] item: Life Orb\n|move|p2a: Azelf|Fire Blast|p1a: Meowstic\n|-damage|p1a: Meowstic|0 fnt\n|faint|p1a: Meowstic\n|-damage|p2a: Azelf|44/257|[from] item: Life Orb\n|\n|upkeep\n|\n|t:|1783556483\n|switch|p1a: Grafaiai|Grafaiai, L86, M|100/100\n|turn|3\n|inactive|Time left: 300 sec this turn | 300 sec total\n|\n|t:|1783556484\n|move|p1a: Grafaiai|Knock Off|p2a: Azelf\n|-damage|p2a: Azelf|0 fnt\n|-enditem|p2a: Azelf|Life Orb|[from] move: Knock Off|[of] p1a: Grafaiai\n|faint|p2a: Azelf\n|\n|upkeep\n|inactive|Time left: 300 sec this turn | 300 sec total | 5 sec grace\n|\n|t:|1783556485\n|switch|p2a: Crabominable|Crabominable, L90, F|321/321\n|turn|4\n|inactive|Time left: 300 sec this turn | 300 sec total\n|\n|t:|1783556486\n|move|p1a: Grafaiai|Parting Shot|p2a: Crabominable\n|-unboost|p2a: Crabominable|atk|1\n|-unboost|p2a: Crabominable|spa|1\n|\n|t:|1783556487\n|switch|p1a: Fezandipiti|Fezandipiti, L82, M|100/100|[from] Parting Shot\n|move|p2a: Crabominable|Drain Punch|p1a: Fezandipiti\n|-resisted|p1a: Fezandipiti\n|-damage|p1a: Fezandipiti|86/100\n|\n|-heal|p1a: Fezandipiti|93/100|[from] item: Leftovers\n|upkeep\n|turn|5\n|inactive|Time left: 300 sec this turn | 300 sec total\n|\n|t:|1783556488\n|switch|p2a: Archaludon|Archaludon, L78, M|268/268\n|move|p1a: Fezandipiti|Swords Dance|p1a: Fezandipiti\n|-boost|p1a: Fezandipiti|atk|2\n|\n|-heal|p1a: Fezandipiti|99/100|[from] item: Leftovers\n|upkeep\n|turn|6\n|inactive|Time left: 300 sec this turn | 300 sec total\n|\n|t:|1783556489\n|-terastallize|p1a: Fezandipiti|Ground\n|move|p1a: Fezandipiti|Tera Blast|p2a: Archaludon|[anim] Tera Blast Ground\n|-supereffective|p2a: Archaludon\n|-damage|p2a: Archaludon|22/268\n|-ability|p2a: Archaludon|Stamina|boost\n|-boost|p2a: Archaludon|def|1\n|move|p2a: Archaludon|Iron Head|p1a: Fezandipiti\n|-damage|p1a: Fezandipiti|68/100\n|\n|-heal|p1a: Fezandipiti|75/100|[from] item: Leftovers\n|upkeep\n|turn|7\n|inactive|Time left: 300 sec this turn | 300 sec total\n|\n|t:|1783556490\n|move|p1a: Fezandipiti|Tera Blast|p2a: Archaludon|[anim] Tera Blast Ground\n|-supereffective|p2a: Archaludon\n|-damage|p2a: Archaludon|0 fnt\n|faint|p2a: Archaludon\n|\n|-heal|p1a: Fezandipiti|81/100|[from] item: Leftovers\n|upkeep\n|inactive|Time left: 300 sec this turn | 300 sec total | 5 sec grace\n|\n|t:|1783556491\n|switch|p2a: Alomomola|Alomomola, L87, M|429/429\n|turn|8\n|inactive|Time left: 300 sec this turn | 300 sec total\n|\n|t:|1783556492\n|move|p1a: Fezandipiti|Gunk Shot|p2a: Alomomola\n|-damage|p2a: Alomomola|209/429\n|-status|p2a: Alomomola|psn\n|move|p2a: Alomomola|Scald|p1a: Fezandipiti\n|-supereffective|p1a: Fezandipiti\n|-damage|p1a: Fezandipiti|50/100\n|-status|p1a: Fezandipiti|brn\n|\n|-heal|p1a: Fezandipiti|57/100 brn|[from] item: Leftovers\n|-heal|p2a: Alomomola|235/429 psn|[from] item: Leftovers\n|-damage|p2a: Alomomola|182/429 psn|[from] psn\n|-damage|p1a: Fezandipiti|50/100 brn|[from] brn\n|upkeep\n|turn|9\n|inactive|Time left: 300 sec this turn | 300 sec total\n|\n|t:|1783556493\n|move|p1a: Fezandipiti|Tera Blast|p2a: Alomomola|[anim] Tera Blast Ground\n|-damage|p2a: Alomomola|104/429 psn\n|move|p2a: Alomomola|Flip Turn|p1a: Fezandipiti\n|-supereffective|p1a: Fezandipiti\n|-damage|p1a: Fezandipiti|7/100 brn\n|inactive|Time left: 300 sec this turn | 300 sec total | 5 sec grace\n|\n|t:|1783556494\n|switch|p2a: Stantler|Stantler, L92, M|284/284|[from] Flip Turn\n|-ability|p2a: Stantler|Intimidate|boost\n|-unboost|p1a: Fezandipiti|atk|1\n|\n|-heal|p1a: Fezandipiti|13/100 brn|[from] item: Leftovers\n|-damage|p1a: Fezandipiti|7/100 brn|[from] brn\n|upkeep\n|turn|10\n|inactive|Time left: 300 sec this turn | 300 sec total\n|\n|t:|1783556495\n|move|p1a: Fezandipiti|Play Rough|p2a: Stantler\n|-damage|p2a: Stantler|234/284\n|move|p2a: Stantler|Calm Mind|p2a: Stantler\n|-boost|p2a: Stantler|spa|1\n|-boost|p2a: Stantler|spd|1\n|\n|-heal|p1a: Fezandipiti|13/100 brn|[from] item: Leftovers\n|-damage|p1a: Fezandipiti|7/100 brn|[from] brn\n|upkeep\n|turn|11\n|inactive|Time left: 300 sec this turn | 300 sec total\n|\n|t:|1783556496\n|move|p1a: Fezandipiti|Play Rough|p2a: Stantler\n|-damage|p2a: Stantler|186/284\n|move|p2a: Stantler|Calm Mind|p2a: Stantler\n|-boost|p2a: Stantler|spa|1\n|-boost|p2a: Stantler|spd|1\n|\n|-heal|p1a: Fezandipiti|13/100 brn|[from] item: Leftovers\n|-damage|p1a: Fezandipiti|7/100 brn|[from] brn\n|upkeep\n|turn|12\n|inactive|Time left: 300 sec this turn | 300 sec total\n|\n|t:|1783556497\n|move|p1a: Fezandipiti|Gunk Shot|p2a: Stantler|[miss]\n|-miss|p1a: Fezandipiti|p2a: Stantler\n|move|p2a: Stantler|Earth Power|p1a: Fezandipiti\n|-damage|p1a: Fezandipiti|0 fnt\n|faint|p1a: Fezandipiti\n|\n|upkeep\n|\n|t:|1783556497\n|switch|p1a: Hawlucha|Hawlucha, L80, F|100/100\n|turn|13\n|inactive|Time left: 300 sec this turn | 300 sec total\n|\n|t:|1783556498\n|move|p1a: Hawlucha|Swords Dance|p1a: Hawlucha\n|-boost|p1a: Hawlucha|atk|2\n|move|p2a: Stantler|Tera Blast|p1a: Hawlucha\n|-damage|p1a: Hawlucha|8/100\n|\n|upkeep\n|turn|14\n|inactive|Time left: 300 sec this turn | 300 sec total\n|\n|t:|1783556499\n|switch|p2a: Chimecho|Chimecho, L93, F|290/290\n|move|p1a: Hawlucha|Close Combat|p2a: Chimecho\n|-resisted|p2a: Chimecho\n|-damage|p2a: Chimecho|184/290\n|-unboost|p1a: Hawlucha|def|1\n|-unboost|p1a: Hawlucha|spd|1\n|-enditem|p1a: Hawlucha|White Herb\n|-clearnegativeboost|p1a: Hawlucha|[silent]\n|\n|-heal|p2a: Chimecho|202/290|[from] item: Leftovers\n|upkeep\n|turn|15\n|inactive|Time left: 300 sec this turn | 300 sec total\n|\n|t:|1783556500\n|move|p1a: Hawlucha|Acrobatics|p2a: Chimecho\n|-damage|p2a: Chimecho|0 fnt\n|faint|p2a: Chimecho\n|\n|upkeep\n|inactive|Time left: 300 sec this turn | 300 sec total | 5 sec grace\n|\n|t:|1783556501\n|switch|p2a: Alomomola|Alomomola, L87, M|247/429 psn\n|turn|16\n|inactive|Time left: 300 sec this turn | 300 sec total\n|\n|t:|1783556502\n|move|p1a: Hawlucha|Close Combat|p2a: Alomomola\n|-damage|p2a: Alomomola|31/429 psn\n|-unboost|p1a: Hawlucha|def|1\n|-unboost|p1a: Hawlucha|spd|1\n|move|p2a: Alomomola|Flip Turn|p1a: Hawlucha\n|-damage|p1a: Hawlucha|0 fnt\n|faint|p1a: Hawlucha\n|inactive|Time left: 300 sec this turn | 300 sec total | 5 sec grace\n|\n|t:|1783556503\n|switch|p2a: Crabominable|Crabominable, L90, F|321/321|[from] Flip Turn\n|\n|upkeep\n|\n|t:|1783556503\n|switch|p1a: Grafaiai|Grafaiai, L86, M|100/100\n|turn|17\n|inactive|Time left: 300 sec this turn | 300 sec total\n|\n|t:|1783556504\n|move|p1a: Grafaiai|Parting Shot|p2a: Crabominable\n|-unboost|p2a: Crabominable|atk|1\n|-unboost|p2a: Crabominable|spa|1\n|\n|t:|1783556505\n|switch|p1a: Appletun|Appletun, L92, F|100/100|[from] Parting Shot\n|move|p2a: Crabominable|Ice Hammer|p1a: Appletun\n|-supereffective|p1a: Appletun\n|-damage|p1a: Appletun|0 fnt\n|-unboost|p2a: Crabominable|spe|1\n|faint|p1a: Appletun\n|\n|upkeep\n|\n|t:|1783556506\n|switch|p1a: Probopass|Probopass, L91, M|100/100\n|turn|18\n|inactive|Time left: 300 sec this turn | 300 sec total\n|\n|t:|1783556507\n|switch|p2a: Alomomola|Alomomola, L87, M|174/429 psn\n|move|p1a: Probopass|Iron Defense|p1a: Probopass\n|-boost|p1a: Probopass|def|2\n|\n|-heal|p2a: Alomomola|200/429 psn|[from] item: Leftovers\n|-damage|p2a: Alomomola|147/429 psn|[from] psn\n|upkeep\n|turn|19\n|inactive|Time left: 300 sec this turn | 300 sec total\n|\n|t:|1783556508\n|switch|p2a: Stantler|Stantler, L92, M|186/284\n|-ability|p2a: Stantler|Intimidate|boost\n|-unboost|p1a: Probopass|atk|1\n|move|p1a: Probopass|Iron Defense|p1a: Probopass\n|-boost|p1a: Probopass|def|2\n|\n|upkeep\n|turn|20\n|inactive|Time left: 300 sec this turn | 300 sec total\n|\n|t:|1783556509\n|move|p2a: Stantler|Earth Power|p1a: Probopass\n|-supereffective|p1a: Probopass\n|-damage|p1a: Probopass|40/100\n|-unboost|p1a: Probopass|spd|1\n|move|p1a: Probopass|Flash Cannon|p2a: Stantler\n|-damage|p2a: Stantler|122/284\n|\n|-heal|p1a: Probopass|46/100|[from] item: Leftovers\n|upkeep\n|turn|21\n|inactive|Time left: 300 sec this turn | 300 sec total\n|\n|t:|1783556510\n|switch|p1a: Grafaiai|Grafaiai, L86, M|100/100\n|move|p2a: Stantler|Earth Power|p1a: Grafaiai\n|-supereffective|p1a: Grafaiai\n|-damage|p1a: Grafaiai|43/100\n|\n|upkeep\n|turn|22\n|inactive|Time left: 300 sec this turn | 300 sec total\n|\n|t:|1783556511\n|move|p1a: Grafaiai|Parting Shot|p2a: Stantler\n|-unboost|p2a: Stantler|atk|1\n|-unboost|p2a: Stantler|spa|1\n|\n|t:|1783556512\n|switch|p1a: Probopass|Probopass, L91, M|46/100|[from] Parting Shot\n|move|p2a: Stantler|Earth Power|p1a: Probopass\n|-supereffective|p1a: Probopass\n|-damage|p1a: Probopass|2/100\n|\n|-heal|p1a: Probopass|9/100|[from] item: Leftovers\n|upkeep\n|turn|23\n|inactive|Time left: 300 sec this turn | 300 sec total\n|\n|t:|1783556513\n|move|p2a: Stantler|Earth Power|p1a: Probopass\n|-supereffective|p1a: Probopass\n|-damage|p1a: Probopass|0 fnt\n|faint|p1a: Probopass\n|\n|upkeep\n|\n|t:|1783556514\n|switch|p1a: Grafaiai|Grafaiai, L86, M|43/100\n|turn|24\n|inactive|Time left: 300 sec this turn | 300 sec total\n|\n|t:|1783556514\n|switch|p2a: Crabominable|Crabominable, L90, F|321/321\n|move|p1a: Grafaiai|Gunk Shot|p2a: Crabominable\n|-damage|p2a: Crabominable|179/321\n|\n|upkeep\n|turn|25\n|inactive|Time left: 300 sec this turn | 300 sec total\n|\n|t:|1783556515\n|move|p1a: Grafaiai|Gunk Shot|p2a: Crabominable\n|-damage|p2a: Crabominable|37/321\n|-status|p2a: Crabominable|psn\n|move|p2a: Crabominable|Earthquake|p1a: Grafaiai\n|-supereffective|p1a: Grafaiai\n|-damage|p1a: Grafaiai|0 fnt\n|faint|p1a: Grafaiai\n|\n|win|p0y14151e0f", "uploadtime": 1783556515, "views": 0, "rating": 0, "private": 0, "password": null, "_winner": "p0y14151e0f", "_our_name": "p0y14151e0f"}