{"id": "battle-gen9randombattle-260", "formatid": "gen9randombattle", "format": "[Gen 9] Random Battle", "players": ["p0x261c939", "p0y261e776"], "log": "|init|battle\n|title|p0x261c939 vs. p0y261e776\n|j|\u2606p0x261c939\n|j|\u2606p0y261e776\n|t:|1783536298\n|gametype|singles\n|player|p1|p0x261c939|101|\n|player|p2|p0y261e776|266|\n|gen|9\n|tier|[Gen 9] Random Battle\n|rule|Species Clause: Limit one of each Pok\u00e9mon\n|rule|HP Percentage Mod: HP is shown in percentages\n|rule|Sleep Clause Mod: Limit one foe put to sleep\n|rule|Illusion Level Mod: Illusion disguises the Pok\u00e9mon's true level\n|\n|t:|1783536298\n|teamsize|p1|6\n|teamsize|p2|6\n|start\n|switch|p1a: Virizion|Virizion, L82|283/283\n|switch|p2a: Volbeat|Volbeat, L90, M|100/100\n|turn|1\n|inactive|Battle timer is ON: inactive players will automatically lose when time's up. (requested by p0y261e776)\n|inactive|Time left: 300 sec this turn | 300 sec total | 60 sec grace\n|inactive|p0x261c939 also wants the timer to be on.\n|\n|t:|1783536299\n|move|p1a: Virizion|Swords Dance|p1a: Virizion\n|-boost|p1a: Virizion|atk|2\n|move|p2a: Volbeat|Lunge|p1a: Virizion\n|-damage|p1a: Virizion|190/283\n|-unboost|p1a: Virizion|atk|1\n|\n|upkeep\n|turn|2\n|inactive|Time left: 300 sec this turn | 300 sec total\n|\n|t:|1783536300\n|move|p2a: Volbeat|Encore|p1a: Virizion\n|-start|p1a: Virizion|Encore\n|move|p1a: Virizion|Swords Dance|p1a: Virizion\n|-boost|p1a: Virizion|atk|2\n|\n|upkeep\n|turn|3\n|inactive|Time left: 300 sec this turn | 300 sec total\n|\n|t:|1783536301\n|switch|p1a: Tyranitar|Tyranitar, L78, M|284/284\n|-weather|Sandstorm|[from] ability: Sand Stream|[of] p1a: Tyranitar\n|move|p2a: Volbeat|Lunge|p1a: Tyranitar\n|-supereffective|p1a: Tyranitar\n|-damage|p1a: Tyranitar|132/284\n|-unboost|p1a: Tyranitar|atk|1\n|-enditem|p1a: Tyranitar|Weakness Policy\n|-boost|p1a: Tyranitar|atk|2|[from] item: Weakness Policy\n|-boost|p1a: Tyranitar|spa|2|[from] item: Weakness Policy\n|\n|-weather|Sandstorm|[upkeep]\n|-damage|p2a: Volbeat|94/100|[from] Sandstorm\n|upkeep\n|turn|4\n|inactive|Time left: 300 sec this turn | 300 sec total\n|\n|t:|1783536302\n|-terastallize|p1a: Tyranitar|Ghost\n|move|p2a: Volbeat|Lunge|p1a: Tyranitar\n|-resisted|p1a: Tyranitar\n|-damage|p1a: Tyranitar|95/284\n|-unboost|p1a: Tyranitar|atk|1\n|move|p1a: Tyranitar|Stone Edge|p2a: Volbeat\n|-supereffective|p2a: Volbeat\n|-damage|p2a: Volbeat|0 fnt\n|faint|p2a: Volbeat\n|\n|-weather|Sandstorm|[upkeep]\n|-damage|p1a: Tyranitar|78/284|[from] Sandstorm\n|upkeep\n|\n|t:|1783536303\n|switch|p2a: Groudon|Groudon, L72|100/100\n|-weather|SunnyDay|[from] ability: Drought|[of] p2a: Groudon\n|turn|5\n|inactive|Time left: 300 sec this turn | 300 sec total\n|\n|t:|1783536303\n|switch|p1a: Ursaluna|Ursaluna-Bloodmoon, L79, M|308/308\n|move|p2a: Groudon|Heat Crash|p1a: Ursaluna\n|-damage|p1a: Ursaluna|257/308\n|\n|-weather|SunnyDay|[upkeep]\n|-heal|p1a: Ursaluna|276/308|[from] item: Leftovers\n|upkeep\n|turn|6\n|inactive|Time left: 300 sec this turn | 300 sec total\n|\n|t:|1783536305\n|move|p2a: Groudon|Swords Dance|p2a: Groudon\n|-boost|p2a: Groudon|atk|2\n|move|p1a: Ursaluna|Blood Moon|p2a: Groudon\n|-damage|p2a: Groudon|21/100\n|\n|-weather|SunnyDay|[upkeep]\n|-heal|p2a: Groudon|27/100|[from] item: Leftovers\n|-heal|p1a: Ursaluna|295/308|[from] item: Leftovers\n|upkeep\n|turn|7\n|inactive|Time left: 300 sec this turn | 300 sec total\n|\n|t:|1783536305\n|move|p2a: Groudon|Precipice Blades|p1a: Ursaluna|[miss]\n|-miss|p2a: Groudon|p1a: Ursaluna\n|move|p1a: Ursaluna|Moonlight|p1a: Ursaluna\n|-heal|p1a: Ursaluna|308/308\n|\n|-weather|SunnyDay|[upkeep]\n|-heal|p2a: Groudon|34/100|[from] item: Leftovers\n|upkeep\n|turn|8\n|inactive|Time left: 300 sec this turn | 300 sec total\n|\n|t:|1783536306\n|move|p2a: Groudon|Precipice Blades|p1a: Ursaluna\n|-damage|p1a: Ursaluna|91/308\n|move|p1a: Ursaluna|Blood Moon|p2a: Groudon\n|-crit|p2a: Groudon\n|-damage|p2a: Groudon|0 fnt\n|faint|p2a: Groudon\n|\n|-weather|SunnyDay|[upkeep]\n|-heal|p1a: Ursaluna|110/308|[from] item: Leftovers\n|upkeep\n|\n|t:|1783536308\n|switch|p2a: Empoleon|Empoleon, L84, F|100/100\n|turn|9\n|inactive|Time left: 300 sec this turn | 300 sec total\n|\n|t:|1783536309\n|move|p2a: Empoleon|Surf|p1a: Ursaluna\n|-supereffective|p1a: Ursaluna\n|-damage|p1a: Ursaluna|0 fnt\n|faint|p1a: Ursaluna\n|\n|-weather|none\n|upkeep\n|inactive|Time left: 300 sec this turn | 300 sec total | 5 sec grace\n|\n|t:|1783536310\n|switch|p1a: Virizion|Virizion, L82|190/283\n|turn|10\n|inactive|Time left: 300 sec this turn | 300 sec total\n|\n|t:|1783536311\n|switch|p2a: Mightyena|Mightyena, L96, F|100/100\n|-ability|p2a: Mightyena|Intimidate|boost\n|-unboost|p1a: Virizion|atk|1\n|move|p1a: Virizion|Swords Dance|p1a: Virizion\n|-boost|p1a: Virizion|atk|2\n|\n|upkeep\n|turn|11\n|inactive|Time left: 300 sec this turn | 300 sec total\n|\n|t:|1783536312\n|-terastallize|p2a: Mightyena|Fairy\n|move|p1a: Virizion|Close Combat|p2a: Mightyena\n|-resisted|p2a: Mightyena\n|-damage|p2a: Mightyena|62/100\n|-unboost|p1a: Virizion|def|1\n|-unboost|p1a: Virizion|spd|1\n|-damage|p1a: Virizion|162/283|[from] item: Life Orb\n|move|p2a: Mightyena|Play Rough|p1a: Virizion\n|-supereffective|p1a: Virizion\n|-damage|p1a: Virizion|0 fnt\n|faint|p1a: Virizion\n|\n|-heal|p2a: Mightyena|68/100|[from] item: Leftovers\n|upkeep\n|inactive|Time left: 300 sec this turn | 300 sec total | 5 sec grace\n|\n|t:|1783536313\n|switch|p1a: Perrserker|Perrserker, L89, F|269/269\n|turn|12\n|inactive|Time left: 300 sec this turn | 300 sec total\n|\n|t:|1783536314\n|switch|p2a: Empoleon|Empoleon, L84, F|100/100\n|move|p1a: Perrserker|Iron Head|p2a: Empoleon\n|-resisted|p2a: Empoleon\n|-damage|p2a: Empoleon|85/100\n|-damage|p1a: Perrserker|243/269|[from] item: Life Orb\n|\n|-heal|p2a: Empoleon|92/100|[from] item: Leftovers\n|upkeep\n|turn|13\n|inactive|Time left: 300 sec this turn | 300 sec total\n|\n|t:|1783536315\n|move|p2a: Empoleon|Flip Turn|p1a: Perrserker\n|-damage|p1a: Perrserker|191/269\n|\n|t:|1783536316\n|switch|p2a: Altaria|Altaria, L89, M|100/100|[from] Flip Turn\n|move|p1a: Perrserker|Close Combat|p2a: Altaria\n|-resisted|p2a: Altaria\n|-damage|p2a: Altaria|70/100\n|-unboost|p1a: Perrserker|def|1\n|-unboost|p1a: Perrserker|spd|1\n|-damage|p1a: Perrserker|165/269|[from] item: Life Orb\n|\n|upkeep\n|turn|14\n|inactive|Time left: 300 sec this turn | 300 sec total\n|\n|t:|1783536318\n|move|p2a: Altaria|Earthquake|p1a: Perrserker\n|-supereffective|p1a: Perrserker\n|-damage|p1a: Perrserker|19/269\n|move|p1a: Perrserker|Knock Off|p2a: Altaria\n|-damage|p2a: Altaria|19/100\n|-enditem|p2a: Altaria|Heavy-Duty Boots|[from] move: Knock Off|[of] p1a: Perrserker\n|-damage|p1a: Perrserker|0 fnt|[from] item: Life Orb\n|faint|p1a: Perrserker\n|\n|upkeep\n|inactive|Time left: 300 sec this turn | 300 sec total | 5 sec grace\n|\n|t:|1783536319\n|switch|p1a: Forretress|Forretress, L84, F|263/263\n|turn|15\n|inactive|Time left: 300 sec this turn | 300 sec total\n|\n|t:|1783536320\n|move|p2a: Altaria|Roost|p2a: Altaria\n|-heal|p2a: Altaria|69/100\n|-singleturn|p2a: Altaria|move: Roost\n|move|p1a: Forretress|Rapid Spin|p2a: Altaria\n|-damage|p2a: Altaria|57/100\n|-boost|p1a: Forretress|spe|1\n|\n|upkeep\n|turn|16\n|inactive|Time left: 300 sec this turn | 300 sec total\n|\n|t:|1783536321\n|move|p2a: Altaria|Roost|p2a: Altaria\n|-heal|p2a: Altaria|100/100\n|-singleturn|p2a: Altaria|move: Roost\n|move|p1a: Forretress|Iron Head|p2a: Altaria\n|-damage|p2a: Altaria|71/100\n|\n|upkeep\n|turn|17\n|inactive|Time left: 300 sec this turn | 300 sec total\n|\n|t:|1783536322\n|switch|p2a: Mightyena|Mightyena, L96, F, tera:Fairy|68/100\n|-ability|p2a: Mightyena|Intimidate|boost\n|-unboost|p1a: Forretress|atk|1\n|move|p1a: Forretress|Iron Head|p2a: Mightyena\n|-supereffective|p2a: Mightyena\n|-damage|p2a: Mightyena|32/100\n|\n|-heal|p2a: Mightyena|38/100|[from] item: Leftovers\n|upkeep\n|turn|18\n|inactive|Time left: 300 sec this turn | 300 sec total\n|\n|t:|1783536323\n|switch|p2a: Empoleon|Empoleon, L84, F|92/100\n|move|p1a: Forretress|Iron Head|p2a: Empoleon\n|-resisted|p2a: Empoleon\n|-damage|p2a: Empoleon|87/100\n|\n|-heal|p2a: Empoleon|93/100|[from] item: Leftovers\n|upkeep\n|turn|19\n|inactive|Time left: 300 sec this turn | 300 sec total\n|\n|t:|1783536324\n|move|p1a: Forretress|Thunder Wave|p2a: Empoleon\n|-status|p2a: Empoleon|par\n|cant|p2a: Empoleon|par\n|\n|-heal|p2a: Empoleon|99/100 par|[from] item: Leftovers\n|upkeep\n|turn|20\n|inactive|Time left: 300 sec this turn | 300 sec total\n|\n|t:|1783536325\n|move|p1a: Forretress|Spikes|p2a: Empoleon\n|-sidestart|p2: p0y261e776|Spikes\n|move|p2a: Empoleon|Surf|p1a: Forretress\n|-damage|p1a: Forretress|125/263\n|\n|-heal|p1a: Forretress|141/263|[from] item: Leftovers\n|-heal|p2a: Empoleon|100/100 par|[from] item: Leftovers\n|upkeep\n|turn|21\n|inactive|Time left: 300 sec this turn | 300 sec total\n|\n|t:|1783536326\n|move|p1a: Forretress|Spikes|p2a: Empoleon\n|-sidestart|p2: p0y261e776|Spikes\n|cant|p2a: Empoleon|par\n|\n|-heal|p1a: Forretress|157/263|[from] item: Leftovers\n|upkeep\n|turn|22\n|inactive|Time left: 300 sec this turn | 300 sec total\n|\n|t:|1783536327\n|move|p1a: Forretress|Spikes|p2a: Empoleon\n|-sidestart|p2: p0y261e776|Spikes\n|move|p2a: Empoleon|Surf|p1a: Forretress\n|-damage|p1a: Forretress|19/263\n|\n|-heal|p1a: Forretress|35/263|[from] item: Leftovers\n|upkeep\n|turn|23\n|inactive|Time left: 300 sec this turn | 300 sec total\n|\n|t:|1783536328\n|move|p1a: Forretress|Rapid Spin|p2a: Empoleon\n|-resisted|p2a: Empoleon\n|-crit|p2a: Empoleon\n|-damage|p2a: Empoleon|92/100 par\n|-boost|p1a: Forretress|spe|1\n|move|p2a: Empoleon|Surf|p1a: Forretress\n|-damage|p1a: Forretress|0 fnt\n|faint|p1a: Forretress\n|\n|-heal|p2a: Empoleon|98/100 par|[from] item: Leftovers\n|upkeep\n|inactive|Time left: 300 sec this turn | 300 sec total | 5 sec grace\n|\n|t:|1783536330\n|switch|p1a: Tyranitar|Tyranitar, L78, M, tera:Ghost|78/284\n|-weather|Sandstorm|[from] ability: Sand Stream|[of] p1a: Tyranitar\n|turn|24\n|inactive|Time left: 300 sec this turn | 300 sec total\n|\n|t:|1783536331\n|move|p1a: Tyranitar|Earthquake|p2a: Empoleon\n|-supereffective|p2a: Empoleon\n|-damage|p2a: Empoleon|35/100 par\n|move|p2a: Empoleon|Surf|p1a: Tyranitar\n|-damage|p1a: Tyranitar|0 fnt\n|faint|p1a: Tyranitar\n|\n|-weather|Sandstorm|[upkeep]\n|-heal|p2a: Empoleon|41/100 par|[from] item: Leftovers\n|upkeep\n|inactive|Time left: 300 sec this turn | 300 sec total | 5 sec grace\n|\n|t:|1783536332\n|switch|p1a: Flareon|Flareon, L90, F|263/263\n|turn|25\n|inactive|Time left: 300 sec this turn | 300 sec total\n|\n|t:|1783536333\n|move|p1a: Flareon|Trailblaze|p2a: Empoleon\n|-damage|p2a: Empoleon|22/100 par\n|-boost|p1a: Flareon|spe|1\n|move|p2a: Empoleon|Surf|p1a: Flareon\n|-supereffective|p1a: Flareon\n|-damage|p1a: Flareon|83/263\n|\n|-weather|Sandstorm|[upkeep]\n|-damage|p1a: Flareon|67/263|[from] Sandstorm\n|-heal|p2a: Empoleon|28/100 par|[from] item: Leftovers\n|-status|p1a: Flareon|tox|[from] item: Toxic Orb\n|upkeep\n|turn|26\n|inactive|Time left: 300 sec this turn | 300 sec total\n|\n|t:|1783536334\n|move|p1a: Flareon|Facade|p2a: Empoleon\n|-resisted|p2a: Empoleon\n|-damage|p2a: Empoleon|0 fnt\n|faint|p2a: Empoleon\n|\n|-weather|Sandstorm|[upkeep]\n|-damage|p1a: Flareon|51/263 tox|[from] Sandstorm\n|-damage|p1a: Flareon|35/263 tox|[from] psn\n|upkeep\n|\n|t:|1783536335\n|switch|p2a: Skuntank|Skuntank, L84, F|100/100\n|-damage|p2a: Skuntank|76/100|[from] Spikes\n|turn|27\n|inactive|Time left: 300 sec this turn | 300 sec total\n|\n|t:|1783536336\n|move|p1a: Flareon|Trailblaze|p2a: Skuntank\n|-resisted|p2a: Skuntank\n|-damage|p2a: Skuntank|60/100\n|-boost|p1a: Flareon|spe|1\n|move|p2a: Skuntank|Gunk Shot|p1a: Flareon|[miss]\n|-miss|p2a: Skuntank|p1a: Flareon\n|\n|-weather|Sandstorm|[upkeep]\n|-damage|p1a: Flareon|19/263 tox|[from] Sandstorm\n|-damage|p2a: Skuntank|54/100|[from] Sandstorm\n|-damage|p1a: Flareon|0 fnt|[from] psn\n|faint|p1a: Flareon\n|\n|win|p0y261e776", "uploadtime": 1783536336, "views": 0, "rating": 0, "private": 0, "password": null, "_winner": "p0y261e776", "_our_name": "p0x261c939"}