{"id": "battle-gen9randombattle-2318", "formatid": "gen9randombattle", "format": "[Gen 9] Random Battle", "players": ["p0x2319579d", "p0y2319dd5c"], "log": "|init|battle\n|title|p0x2319579d vs. p0y2319dd5c\n|j|\u2606p0x2319579d\n|j|\u2606p0y2319dd5c\n|t:|1783565894\n|gametype|singles\n|player|p1|p0x2319579d|169|\n|player|p2|p0y2319dd5c|266|\n|gen|9\n|tier|[Gen 9] Random Battle\n|rule|Species Clause: Limit one of each Pok\u00e9mon\n|rule|HP Percentage Mod: HP is shown in percentages\n|rule|Sleep Clause Mod: Limit one foe put to sleep\n|rule|Illusion Level Mod: Illusion disguises the Pok\u00e9mon's true level\n|\n|t:|1783565894\n|teamsize|p1|6\n|teamsize|p2|6\n|start\n|switch|p1a: Eelektross|Eelektross, L87, F|100/100\n|switch|p2a: Honchkrow|Honchkrow, L86, M|312/312\n|turn|1\n|inactive|Battle timer is ON: inactive players will automatically lose when time's up. (requested by p0x2319579d)\n|inactive|Time left: 300 sec this turn | 300 sec total | 60 sec grace\n|inactive|p0y2319dd5c also wants the timer to be on.\n|\n|t:|1783565896\n|move|p2a: Honchkrow|U-turn|p1a: Eelektross\n|-damage|p1a: Eelektross|78/100\n|inactive|Time left: 300 sec this turn | 300 sec total | 65 sec grace\n|\n|t:|1783565897\n|switch|p2a: Incineroar|Incineroar, L82, F|290/290|[from] U-turn\n|-ability|p2a: Incineroar|Intimidate|boost\n|-unboost|p1a: Eelektross|atk|1\n|move|p1a: Eelektross|Discharge|p2a: Incineroar\n|-damage|p2a: Incineroar|193/290\n|-status|p2a: Incineroar|par\n|\n|upkeep\n|turn|2\n|inactive|Time left: 300 sec this turn | 300 sec total\n|\n|t:|1783565898\n|move|p1a: Eelektross|U-turn|p2a: Incineroar\n|-damage|p2a: Incineroar|151/290 par\n|\n|t:|1783565899\n|switch|p1a: Arbok|Arbok, L87, M|100/100|[from] U-turn\n|-ability|p1a: Arbok|Intimidate|boost\n|-unboost|p2a: Incineroar|atk|1\n|cant|p2a: Incineroar|par\n|\n|upkeep\n|turn|3\n|inactive|Time left: 300 sec this turn | 300 sec total\n|\n|t:|1783565900\n|move|p1a: Arbok|Coil|p1a: Arbok\n|-boost|p1a: Arbok|atk|1\n|-boost|p1a: Arbok|def|1\n|-boost|p1a: Arbok|accuracy|1\n|cant|p2a: Incineroar|par\n|\n|upkeep\n|turn|4\n|inactive|Time left: 300 sec this turn | 300 sec total\n|\n|t:|1783565901\n|switch|p2a: Noivern|Noivern, L82, M|274/274\n|move|p1a: Arbok|Gunk Shot|p2a: Noivern\n|-damage|p2a: Noivern|37/274\n|\n|upkeep\n|turn|5\n|inactive|Time left: 300 sec this turn | 300 sec total\n|\n|t:|1783565903\n|move|p2a: Noivern|Boomburst|p1a: Arbok\n|-damage|p1a: Arbok|39/100\n|move|p1a: Arbok|Gunk Shot|p2a: Noivern\n|-damage|p2a: Noivern|0 fnt\n|faint|p2a: Noivern\n|\n|-heal|p1a: Arbok|45/100|[from] item: Leftovers\n|upkeep\n|inactive|Time left: 300 sec this turn | 300 sec total | 5 sec grace\n|\n|t:|1783565904\n|switch|p2a: Basculin|Basculin-Blue-Striped, L86, F|261/261\n|turn|6\n|inactive|Time left: 300 sec this turn | 300 sec total\n|\n|t:|1783565905\n|-terastallize|p1a: Arbok|Grass\n|move|p2a: Basculin|Wave Crash|p1a: Arbok\n|-resisted|p1a: Arbok\n|-damage|p1a: Arbok|7/100\n|-damage|p2a: Basculin|230/261|[from] Recoil\n|move|p1a: Arbok|Trailblaze|p2a: Basculin\n|-supereffective|p2a: Basculin\n|-damage|p2a: Basculin|0 fnt\n|-boost|p1a: Arbok|spe|1\n|faint|p2a: Basculin\n|\n|-heal|p1a: Arbok|13/100|[from] item: Leftovers\n|upkeep\n|inactive|Time left: 300 sec this turn | 300 sec total | 5 sec grace\n|\n|t:|1783565906\n|switch|p2a: Honchkrow|Honchkrow, L86, M|312/312\n|turn|7\n|inactive|Time left: 300 sec this turn | 300 sec total\n|\n|t:|1783565907\n|move|p2a: Honchkrow|Sucker Punch|p1a: Arbok\n|-damage|p1a: Arbok|0 fnt\n|faint|p1a: Arbok\n|-ability|p2a: Honchkrow|Moxie|boost\n|-boost|p2a: Honchkrow|atk|1\n|\n|upkeep\n|\n|t:|1783565908\n|switch|p1a: Rhydon|Rhydon, L85, M|100/100\n|turn|8\n|inactive|Time left: 300 sec this turn | 300 sec total\n|\n|t:|1783565909\n|move|p2a: Honchkrow|Brave Bird|p1a: Rhydon\n|-resisted|p1a: Rhydon\n|-damage|p1a: Rhydon|82/100\n|-damage|p2a: Honchkrow|292/312|[from] Recoil\n|move|p1a: Rhydon|Stone Edge|p2a: Honchkrow\n|-supereffective|p2a: Honchkrow\n|-crit|p2a: Honchkrow\n|-damage|p2a: Honchkrow|0 fnt\n|faint|p2a: Honchkrow\n|\n|upkeep\n|inactive|Time left: 300 sec this turn | 300 sec total | 5 sec grace\n|\n|t:|1783565909\n|switch|p2a: Luvdisc|Luvdisc, M|247/247\n|turn|9\n|inactive|Time left: 300 sec this turn | 300 sec total\n|\n|t:|1783565910\n|switch|p1a: Manaphy|Manaphy, L78|100/100\n|move|p2a: Luvdisc|Surf|p1a: Manaphy\n|-resisted|p1a: Manaphy\n|-damage|p1a: Manaphy|89/100\n|\n|-heal|p1a: Manaphy|95/100|[from] item: Leftovers\n|upkeep\n|turn|10\n|inactive|Time left: 300 sec this turn | 300 sec total\n|\n|t:|1783565911\n|switch|p2a: Alcremie|Alcremie-Mint-Cream, L90, F|263/263\n|move|p1a: Manaphy|Tail Glow|p1a: Manaphy\n|-boost|p1a: Manaphy|spa|3\n|\n|-heal|p1a: Manaphy|100/100|[from] item: Leftovers\n|upkeep\n|turn|11\n|inactive|Time left: 300 sec this turn | 300 sec total\n|\n|t:|1783565912\n|move|p1a: Manaphy|Hydro Pump|p2a: Alcremie\n|-damage|p2a: Alcremie|82/263\n|move|p2a: Alcremie|Calm Mind|p2a: Alcremie\n|-boost|p2a: Alcremie|spa|1\n|-boost|p2a: Alcremie|spd|1\n|\n|-heal|p2a: Alcremie|98/263|[from] item: Leftovers\n|upkeep\n|turn|12\n|inactive|Time left: 300 sec this turn | 300 sec total\n|\n|t:|1783565913\n|move|p1a: Manaphy|Hydro Pump|p2a: Alcremie\n|-damage|p2a: Alcremie|0 fnt\n|faint|p2a: Alcremie\n|\n|upkeep\n|inactive|Time left: 300 sec this turn | 300 sec total | 5 sec grace\n|\n|t:|1783565914\n|switch|p2a: Incineroar|Incineroar, L82, F|151/290 par\n|-ability|p2a: Incineroar|Intimidate|boost\n|-unboost|p1a: Manaphy|atk|1\n|turn|13\n|inactive|Time left: 300 sec this turn | 300 sec total\n|\n|t:|1783565915\n|move|p1a: Manaphy|Hydro Pump|p2a: Incineroar\n|-supereffective|p2a: Incineroar\n|-damage|p2a: Incineroar|0 fnt\n|faint|p2a: Incineroar\n|\n|upkeep\n|inactive|Time left: 300 sec this turn | 300 sec total | 5 sec grace\n|\n|t:|1783565916\n|switch|p2a: Luvdisc|Luvdisc, M|247/247\n|turn|14\n|inactive|Time left: 300 sec this turn | 300 sec total\n|\n|t:|1783565917\n|move|p2a: Luvdisc|Substitute|p2a: Luvdisc\n|-start|p2a: Luvdisc|Substitute\n|-damage|p2a: Luvdisc|186/247\n|move|p1a: Manaphy|Energy Ball|p2a: Luvdisc\n|-supereffective|p2a: Luvdisc\n|-end|p2a: Luvdisc|Substitute\n|\n|upkeep\n|turn|15\n|inactive|Time left: 300 sec this turn | 300 sec total\n|\n|t:|1783565918\n|move|p2a: Luvdisc|Substitute|p2a: Luvdisc\n|-start|p2a: Luvdisc|Substitute\n|-damage|p2a: Luvdisc|125/247\n|move|p1a: Manaphy|Energy Ball|p2a: Luvdisc\n|-supereffective|p2a: Luvdisc\n|-end|p2a: Luvdisc|Substitute\n|\n|upkeep\n|turn|16\n|inactive|Time left: 300 sec this turn | 300 sec total\n|\n|t:|1783565919\n|-terastallize|p2a: Luvdisc|Ground\n|move|p2a: Luvdisc|Substitute|p2a: Luvdisc\n|-start|p2a: Luvdisc|Substitute\n|-damage|p2a: Luvdisc|64/247\n|move|p1a: Manaphy|Energy Ball|p2a: Luvdisc\n|-supereffective|p2a: Luvdisc\n|-end|p2a: Luvdisc|Substitute\n|\n|upkeep\n|turn|17\n|inactive|Time left: 300 sec this turn | 300 sec total\n|\n|t:|1783565920\n|move|p2a: Luvdisc|Substitute|p2a: Luvdisc\n|-start|p2a: Luvdisc|Substitute\n|-damage|p2a: Luvdisc|3/247\n|move|p1a: Manaphy|Ice Beam|p2a: Luvdisc\n|-supereffective|p2a: Luvdisc\n|-end|p2a: Luvdisc|Substitute\n|\n|upkeep\n|turn|18\n|inactive|Time left: 300 sec this turn | 300 sec total\n|\n|t:|1783565921\n|move|p2a: Luvdisc|Endeavor|p1a: Manaphy\n|-damage|p1a: Manaphy|2/100\n|move|p1a: Manaphy|Energy Ball|p2a: Luvdisc\n|-supereffective|p2a: Luvdisc\n|-crit|p2a: Luvdisc\n|-damage|p2a: Luvdisc|0 fnt\n|faint|p2a: Luvdisc\n|\n|win|p0x2319579d", "uploadtime": 1783565921, "views": 0, "rating": 0, "private": 0, "password": null, "_winner": "p0x2319579d", "_our_name": "p0y2319dd5c"}