{"id": "battle-gen9randombattle-215", "formatid": "gen9randombattle", "format": "[Gen 9] Random Battle", "players": ["p0x21583d6", "p0y215146a"], "log": "|init|battle\n|title|p0x21583d6 vs. p0y215146a\n|j|\u2606p0x21583d6\n|j|\u2606p0y215146a\n|t:|1783541594\n|gametype|singles\n|player|p1|p0x21583d6|265|\n|player|p2|p0y215146a|1|\n|gen|9\n|tier|[Gen 9] Random Battle\n|rule|Species Clause: Limit one of each Pok\u00e9mon\n|rule|HP Percentage Mod: HP is shown in percentages\n|rule|Sleep Clause Mod: Limit one foe put to sleep\n|rule|Illusion Level Mod: Illusion disguises the Pok\u00e9mon's true level\n|\n|t:|1783541594\n|teamsize|p1|6\n|teamsize|p2|6\n|start\n|switch|p1a: Dodrio|Dodrio, L85, M|241/241\n|switch|p2a: Milotic|Milotic, L83, M|100/100\n|turn|1\n|inactive|Battle timer is ON: inactive players will automatically lose when time's up. (requested by p0y215146a)\n|inactive|Time left: 300 sec this turn | 300 sec total | 60 sec grace\n|inactive|p0x21583d6 also wants the timer to be on.\n|\n|t:|1783541596\n|move|p1a: Dodrio|Knock Off|p2a: Milotic\n|-damage|p2a: Milotic|57/100\n|-enditem|p2a: Milotic|Leftovers|[from] move: Knock Off|[of] p1a: Dodrio\n|move|p2a: Milotic|Ice Beam|p1a: Dodrio\n|-supereffective|p1a: Dodrio\n|-damage|p1a: Dodrio|69/241\n|\n|upkeep\n|turn|2\n|inactive|Time left: 300 sec this turn | 300 sec total\n|\n|t:|1783541597\n|move|p1a: Dodrio|Knock Off|p2a: Milotic\n|-damage|p2a: Milotic|29/100\n|move|p2a: Milotic|Ice Beam|p1a: Dodrio\n|-supereffective|p1a: Dodrio\n|-damage|p1a: Dodrio|0 fnt\n|faint|p1a: Dodrio\n|\n|upkeep\n|inactive|Time left: 300 sec this turn | 300 sec total | 5 sec grace\n|\n|t:|1783541598\n|switch|p1a: Wugtrio|Wugtrio, L91, F|212/212\n|turn|3\n|inactive|Time left: 300 sec this turn | 300 sec total\n|\n|t:|1783541599\n|switch|p2a: Arboliva|Arboliva, L91, M|100/100\n|move|p1a: Wugtrio|Liquidation|p2a: Arboliva\n|-resisted|p2a: Arboliva\n|-damage|p2a: Arboliva|75/100\n|-fieldstart|move: Grassy Terrain|[from] ability: Seed Sower|[of] p2a: Arboliva\n|\n|-heal|p2a: Arboliva|81/100|[from] Grassy Terrain\n|-heal|p2a: Arboliva|87/100|[from] item: Leftovers\n|upkeep\n|turn|4\n|inactive|Time left: 300 sec this turn | 300 sec total\n|\n|t:|1783541601\n|switch|p1a: Eelektross|Eelektross, L87, M|290/290\n|move|p2a: Arboliva|Energy Ball|p1a: Eelektross\n|-damage|p1a: Eelektross|109/290\n|\n|-heal|p1a: Eelektross|127/290|[from] item: Leftovers\n|-heal|p2a: Arboliva|93/100|[from] Grassy Terrain\n|-heal|p2a: Arboliva|99/100|[from] item: Leftovers\n|upkeep\n|turn|5\n|inactive|Time left: 300 sec this turn | 300 sec total\n|\n|t:|1783541602\n|move|p1a: Eelektross|Drain Punch|p2a: Arboliva\n|-supereffective|p2a: Arboliva\n|-damage|p2a: Arboliva|62/100\n|-heal|p1a: Eelektross|182/290|[from] drain|[of] p2a: Arboliva\n|move|p2a: Arboliva|Energy Ball|p1a: Eelektross\n|-damage|p1a: Eelektross|0 fnt\n|faint|p1a: Eelektross\n|\n|-heal|p2a: Arboliva|68/100|[from] Grassy Terrain\n|-heal|p2a: Arboliva|74/100|[from] item: Leftovers\n|upkeep\n|inactive|Time left: 300 sec this turn | 300 sec total | 5 sec grace\n|\n|t:|1783541603\n|switch|p1a: Iron Moth|Iron Moth, L78|253/253\n|turn|6\n|inactive|Time left: 300 sec this turn | 300 sec total\n|\n|t:|1783541604\n|-terastallize|p2a: Arboliva|Ground\n|move|p1a: Iron Moth|Fire Blast|p2a: Arboliva|[miss]\n|-miss|p1a: Iron Moth|p2a: Arboliva\n|move|p2a: Arboliva|Earth Power|p1a: Iron Moth\n|-supereffective|p1a: Iron Moth\n|-damage|p1a: Iron Moth|0 fnt\n|faint|p1a: Iron Moth\n|-end|p1a: Iron Moth|Quark Drive|[silent]\n|\n|-heal|p2a: Arboliva|80/100|[from] Grassy Terrain\n|-heal|p2a: Arboliva|86/100|[from] item: Leftovers\n|upkeep\n|inactive|Time left: 300 sec this turn | 300 sec total | 5 sec grace\n|\n|t:|1783541605\n|switch|p1a: Wugtrio|Wugtrio, L91, F|212/212\n|turn|7\n|inactive|Time left: 300 sec this turn | 300 sec total\n|\n|t:|1783541605\n|switch|p2a: Hypno|Hypno, L95, M|100/100\n|move|p1a: Wugtrio|Liquidation|p2a: Hypno\n|-damage|p2a: Hypno|49/100\n|\n|-heal|p2a: Hypno|55/100|[from] Grassy Terrain\n|-heal|p2a: Hypno|61/100|[from] item: Leftovers\n|-fieldend|move: Grassy Terrain\n|upkeep\n|turn|8\n|inactive|Time left: 300 sec this turn | 300 sec total\n|\n|t:|1783541607\n|move|p2a: Hypno|Protect|p2a: Hypno\n|-singleturn|p2a: Hypno|Protect\n|move|p1a: Wugtrio|Liquidation|p2a: Hypno\n|-activate|p2a: Hypno|move: Protect\n|\n|-heal|p2a: Hypno|67/100|[from] item: Leftovers\n|upkeep\n|turn|9\n|inactive|Time left: 300 sec this turn | 300 sec total\n|\n|t:|1783541608\n|move|p1a: Wugtrio|Liquidation|p2a: Hypno\n|-damage|p2a: Hypno|13/100\n|move|p2a: Hypno|Toxic|p1a: Wugtrio\n|-status|p1a: Wugtrio|tox\n|\n|-heal|p2a: Hypno|19/100|[from] item: Leftovers\n|-damage|p1a: Wugtrio|199/212 tox|[from] psn\n|upkeep\n|turn|10\n|inactive|Time left: 300 sec this turn | 300 sec total\n|\n|t:|1783541608\n|move|p2a: Hypno|Protect|p2a: Hypno\n|-singleturn|p2a: Hypno|Protect\n|move|p1a: Wugtrio|Liquidation|p2a: Hypno\n|-activate|p2a: Hypno|move: Protect\n|\n|-heal|p2a: Hypno|25/100|[from] item: Leftovers\n|-damage|p1a: Wugtrio|173/212 tox|[from] psn\n|upkeep\n|turn|11\n|inactive|Time left: 300 sec this turn | 300 sec total\n|\n|t:|1783541609\n|move|p2a: Hypno|Protect||[still]\n|-fail|p2a: Hypno\n|move|p1a: Wugtrio|Liquidation|p2a: Hypno\n|-damage|p2a: Hypno|0 fnt\n|faint|p2a: Hypno\n|\n|-damage|p1a: Wugtrio|134/212 tox|[from] psn\n|upkeep\n|\n|t:|1783541610\n|switch|p2a: Toedscruel|Toedscruel, L87, M|100/100\n|turn|12\n|inactive|Time left: 300 sec this turn | 300 sec total\n|\n|t:|1783541611\n|move|p1a: Wugtrio|Liquidation|p2a: Toedscruel\n|-damage|p2a: Toedscruel|26/100\n|move|p2a: Toedscruel|Earth Power|p1a: Wugtrio\n|-damage|p1a: Wugtrio|34/212 tox\n|\n|-damage|p1a: Wugtrio|0 fnt|[from] psn\n|faint|p1a: Wugtrio\n|upkeep\n|inactive|Time left: 300 sec this turn | 300 sec total | 5 sec grace\n|\n|t:|1783541612\n|switch|p1a: Dunsparce|Dunsparce, L86, M|312/312\n|turn|13\n|inactive|Time left: 300 sec this turn | 300 sec total\n|\n|t:|1783541613\n|switch|p2a: Minior|Minior-Green, L79|100/100\n|-formechange|p2a: Minior|Minior-Meteor||[from] ability: Shields Down\n|move|p1a: Dunsparce|Coil|p1a: Dunsparce\n|-boost|p1a: Dunsparce|atk|1\n|-boost|p1a: Dunsparce|def|1\n|-boost|p1a: Dunsparce|accuracy|1\n|\n|upkeep\n|turn|14\n|inactive|Time left: 300 sec this turn | 300 sec total\n|\n|t:|1783541613\n|move|p2a: Minior|Shell Smash|p2a: Minior\n|-unboost|p2a: Minior|def|1\n|-unboost|p2a: Minior|spd|1\n|-boost|p2a: Minior|atk|2\n|-boost|p2a: Minior|spa|2\n|-boost|p2a: Minior|spe|2\n|-enditem|p2a: Minior|White Herb\n|-clearnegativeboost|p2a: Minior|[silent]\n|move|p1a: Dunsparce|Coil|p1a: Dunsparce\n|-boost|p1a: Dunsparce|atk|1\n|-boost|p1a: Dunsparce|def|1\n|-boost|p1a: Dunsparce|accuracy|1\n|\n|upkeep\n|turn|15\n|inactive|Time left: 300 sec this turn | 300 sec total\n|\n|t:|1783541614\n|-terastallize|p1a: Dunsparce|Ground\n|move|p2a: Minior|Power Gem|p1a: Dunsparce\n|-resisted|p1a: Dunsparce\n|-damage|p1a: Dunsparce|268/312\n|move|p1a: Dunsparce|Body Slam|p2a: Minior\n|-resisted|p2a: Minior\n|-damage|p2a: Minior|69/100\n|\n|upkeep\n|turn|16\n|inactive|Time left: 300 sec this turn | 300 sec total\n|\n|t:|1783541615\n|move|p2a: Minior|Earthquake|p1a: Dunsparce\n|-damage|p1a: Dunsparce|233/312\n|move|p1a: Dunsparce|Body Slam|p2a: Minior\n|-resisted|p2a: Minior\n|-damage|p2a: Minior|40/100\n|\n|-formechange|p2a: Minior|Minior-Green||[from] ability: Shields Down\n|upkeep\n|turn|17\n|inactive|Time left: 300 sec this turn | 300 sec total\n|\n|t:|1783541616\n|move|p2a: Minior|Acrobatics|p1a: Dunsparce\n|-damage|p1a: Dunsparce|146/312\n|move|p1a: Dunsparce|Body Slam|p2a: Minior\n|-resisted|p2a: Minior\n|-damage|p2a: Minior|0 fnt\n|faint|p2a: Minior\n|\n|upkeep\n|\n|t:|1783541617\n|switch|p2a: Toedscruel|Toedscruel, L87, M|26/100\n|turn|18\n|inactive|Time left: 300 sec this turn | 300 sec total\n|\n|t:|1783541618\n|move|p2a: Toedscruel|Leaf Storm|p1a: Dunsparce\n|-supereffective|p1a: Dunsparce\n|-damage|p1a: Dunsparce|0 fnt\n|-unboost|p2a: Toedscruel|spa|2\n|faint|p1a: Dunsparce\n|\n|upkeep\n|inactive|Time left: 300 sec this turn | 300 sec total | 5 sec grace\n|\n|t:|1783541619\n|switch|p1a: Milotic|Milotic, L83, F|293/293\n|turn|19\n|inactive|Time left: 300 sec this turn | 300 sec total\n|\n|t:|1783541620\n|move|p2a: Toedscruel|Knock Off|p1a: Milotic\n|-damage|p1a: Milotic|235/293\n|-enditem|p1a: Milotic|Leftovers|[from] move: Knock Off|[of] p2a: Toedscruel\n|move|p1a: Milotic|Scald|p2a: Toedscruel\n|-damage|p2a: Toedscruel|11/100\n|\n|upkeep\n|turn|20\n|inactive|Time left: 300 sec this turn | 300 sec total\n|\n|t:|1783541621\n|switch|p2a: Arboliva|Arboliva, L91, M, tera:Ground|86/100\n|move|p1a: Milotic|Scald|p2a: Arboliva\n|-supereffective|p2a: Arboliva\n|-damage|p2a: Arboliva|41/100\n|-status|p2a: Arboliva|brn\n|-fieldstart|move: Grassy Terrain|[from] ability: Seed Sower|[of] p2a: Arboliva\n|\n|-heal|p1a: Milotic|253/293|[from] Grassy Terrain\n|-heal|p2a: Arboliva|47/100 brn|[from] Grassy Terrain\n|-heal|p2a: Arboliva|53/100 brn|[from] item: Leftovers\n|-damage|p2a: Arboliva|47/100 brn|[from] brn\n|upkeep\n|turn|21\n|inactive|Time left: 300 sec this turn | 300 sec total\n|\n|t:|1783541622\n|move|p1a: Milotic|Scald|p2a: Arboliva\n|-supereffective|p2a: Arboliva\n|-damage|p2a: Arboliva|4/100 brn\n|move|p2a: Arboliva|Energy Ball|p1a: Milotic\n|-supereffective|p1a: Milotic\n|-damage|p1a: Milotic|0 fnt\n|faint|p1a: Milotic\n|\n|win|p0y215146a", "uploadtime": 1783541622, "views": 0, "rating": 0, "private": 0, "password": null, "_winner": "p0y215146a", "_our_name": "p0x21583d6"}