{"id": "battle-gen9randombattle-2177", "formatid": "gen9randombattle", "format": "[Gen 9] Random Battle", "players": ["p0x2177cc47", "p0y2177e60e"], "log": "|init|battle\n|title|p0x2177cc47 vs. p0y2177e60e\n|j|\u2606p0x2177cc47\n|j|\u2606p0y2177e60e\n|t:|1783564358\n|gametype|singles\n|player|p1|p0x2177cc47|169|\n|player|p2|p0y2177e60e|266|\n|gen|9\n|tier|[Gen 9] Random Battle\n|rule|Species Clause: Limit one of each Pok\u00e9mon\n|rule|HP Percentage Mod: HP is shown in percentages\n|rule|Sleep Clause Mod: Limit one foe put to sleep\n|rule|Illusion Level Mod: Illusion disguises the Pok\u00e9mon's true level\n|\n|t:|1783564358\n|teamsize|p1|6\n|teamsize|p2|6\n|start\n|switch|p1a: Meloetta|Meloetta, L82|100/100\n|switch|p2a: Crawdaunt|Crawdaunt, L84, M|243/243\n|turn|1\n|inactive|Battle timer is ON: inactive players will automatically lose when time's up. (requested by p0x2177cc47)\n|inactive|Time left: 300 sec this turn | 300 sec total | 60 sec grace\n|inactive|p0y2177e60e also wants the timer to be on.\n|\n|t:|1783564359\n|move|p1a: Meloetta|Hyper Voice|p2a: Crawdaunt\n|-crit|p2a: Crawdaunt\n|-damage|p2a: Crawdaunt|0 fnt\n|faint|p2a: Crawdaunt\n|\n|upkeep\n|inactive|Time left: 300 sec this turn | 300 sec total | 65 sec grace\n|\n|t:|1783564360\n|switch|p2a: Zangoose|Zangoose, L85, F|263/263\n|turn|2\n|inactive|Time left: 300 sec this turn | 300 sec total\n|\n|t:|1783564361\n|move|p2a: Zangoose|Knock Off|p1a: Meloetta\n|-supereffective|p1a: Meloetta\n|-damage|p1a: Meloetta|33/100\n|-enditem|p1a: Meloetta|Choice Specs|[from] move: Knock Off|[of] p2a: Zangoose\n|move|p1a: Meloetta|Hyper Voice|p2a: Zangoose\n|-crit|p2a: Zangoose\n|-damage|p2a: Zangoose|37/263\n|\n|-status|p2a: Zangoose|tox|[from] item: Toxic Orb\n|upkeep\n|turn|3\n|inactive|Time left: 300 sec this turn | 300 sec total\n|\n|t:|1783564362\n|switch|p1a: Granbull|Granbull, L88, M|100/100\n|-ability|p1a: Granbull|Intimidate|boost\n|-unboost|p2a: Zangoose|atk|1\n|move|p2a: Zangoose|Facade|p1a: Granbull\n|-damage|p1a: Granbull|43/100\n|\n|-heal|p1a: Granbull|49/100|[from] item: Leftovers\n|-damage|p2a: Zangoose|21/263 tox|[from] psn\n|upkeep\n|turn|4\n|inactive|Time left: 300 sec this turn | 300 sec total\n|\n|t:|1783564363\n|switch|p1a: Bisharp|Bisharp, L79, F|100/100\n|move|p2a: Zangoose|Facade|p1a: Bisharp\n|-resisted|p1a: Bisharp\n|-damage|p1a: Bisharp|77/100\n|\n|-damage|p2a: Zangoose|0 fnt|[from] psn\n|faint|p2a: Zangoose\n|upkeep\n|inactive|Time left: 300 sec this turn | 300 sec total | 5 sec grace\n|\n|t:|1783564364\n|switch|p2a: Gothitelle|Gothitelle, L90, F|272/272\n|turn|5\n|inactive|Time left: 300 sec this turn | 300 sec total\n|\n|t:|1783564365\n|move|p2a: Gothitelle|Focus Blast|p1a: Bisharp\n|-supereffective|p1a: Bisharp\n|-damage|p1a: Bisharp|0 fnt\n|faint|p1a: Bisharp\n|\n|upkeep\n|\n|t:|1783564366\n|switch|p1a: Greedent|Greedent, L86, F|100/100\n|turn|6\n|inactive|Time left: 300 sec this turn | 300 sec total\n|\n|t:|1783564367\n|move|p2a: Gothitelle|Focus Blast|p1a: Greedent\n|-supereffective|p1a: Greedent\n|-damage|p1a: Greedent|38/100\n|-enditem|p1a: Greedent|Sitrus Berry|[eat]\n|-heal|p1a: Greedent|63/100|[from] item: Sitrus Berry\n|-heal|p1a: Greedent|96/100|[from] ability: Cheek Pouch\n|move|p1a: Greedent|Swords Dance|p1a: Greedent\n|-boost|p1a: Greedent|atk|2\n|\n|upkeep\n|turn|7\n|inactive|Time left: 300 sec this turn | 300 sec total\n|\n|t:|1783564368\n|switch|p2a: Tropius|Tropius, L91, M|328/328\n|move|p1a: Greedent|Knock Off|p2a: Tropius\n|-damage|p2a: Tropius|182/328\n|-enditem|p2a: Tropius|Sitrus Berry|[from] move: Knock Off|[of] p1a: Greedent\n|\n|upkeep\n|turn|8\n|inactive|Time left: 300 sec this turn | 300 sec total\n|\n|t:|1783564369\n|move|p2a: Tropius|Synthesis|p2a: Tropius\n|-heal|p2a: Tropius|328/328\n|move|p1a: Greedent|Double-Edge|p2a: Tropius\n|-damage|p2a: Tropius|90/328\n|-damage|p1a: Greedent|73/100|[from] Recoil\n|\n|upkeep\n|turn|9\n|inactive|Time left: 300 sec this turn | 300 sec total\n|\n|t:|1783564370\n|move|p2a: Tropius|Synthesis|p2a: Tropius\n|-heal|p2a: Tropius|254/328\n|move|p1a: Greedent|Double-Edge|p2a: Tropius\n|-damage|p2a: Tropius|11/328\n|-damage|p1a: Greedent|50/100|[from] Recoil\n|\n|upkeep\n|turn|10\n|inactive|Time left: 300 sec this turn | 300 sec total\n|\n|t:|1783564371\n|move|p2a: Tropius|Synthesis|p2a: Tropius\n|-heal|p2a: Tropius|175/328\n|move|p1a: Greedent|Swords Dance|p1a: Greedent\n|-boost|p1a: Greedent|atk|2\n|\n|upkeep\n|turn|11\n|inactive|Time left: 300 sec this turn | 300 sec total\n|\n|t:|1783564372\n|move|p2a: Tropius|Synthesis|p2a: Tropius\n|-heal|p2a: Tropius|328/328\n|move|p1a: Greedent|Knock Off|p2a: Tropius\n|-damage|p2a: Tropius|200/328\n|\n|upkeep\n|turn|12\n|inactive|Time left: 300 sec this turn | 300 sec total\n|\n|t:|1783564373\n|move|p2a: Tropius|Synthesis|p2a: Tropius\n|-heal|p2a: Tropius|328/328\n|move|p1a: Greedent|Knock Off|p2a: Tropius\n|-damage|p2a: Tropius|188/328\n|\n|upkeep\n|turn|13\n|inactive|Time left: 300 sec this turn | 300 sec total\n|\n|t:|1783564374\n|move|p2a: Tropius|Synthesis|p2a: Tropius\n|-heal|p2a: Tropius|328/328\n|move|p1a: Greedent|Knock Off|p2a: Tropius\n|-damage|p2a: Tropius|202/328\n|\n|upkeep\n|turn|14\n|inactive|Time left: 300 sec this turn | 300 sec total\n|\n|t:|1783564375\n|move|p2a: Tropius|Dual Wingbeat|p1a: Greedent\n|-damage|p1a: Greedent|40/100\n|-damage|p1a: Greedent|29/100\n|-hitcount|p1a: Greedent|2\n|move|p1a: Greedent|Knock Off|p2a: Tropius\n|-damage|p2a: Tropius|56/328\n|\n|upkeep\n|turn|15\n|inactive|Time left: 300 sec this turn | 300 sec total\n|\n|t:|1783564376\n|move|p2a: Tropius|Dual Wingbeat|p1a: Greedent|[miss]\n|-miss|p2a: Tropius|p1a: Greedent\n|move|p1a: Greedent|Knock Off|p2a: Tropius\n|-damage|p2a: Tropius|0 fnt\n|faint|p2a: Tropius\n|\n|upkeep\n|inactive|Time left: 300 sec this turn | 300 sec total | 5 sec grace\n|\n|t:|1783564377\n|switch|p2a: Swanna|Swanna, L89, M|278/278\n|turn|16\n|inactive|Time left: 300 sec this turn | 300 sec total\n|\n|t:|1783564378\n|switch|p1a: Raikou|Raikou, L81|100/100\n|-ability|p1a: Raikou|Pressure\n|move|p2a: Swanna|Brave Bird|p1a: Raikou\n|-resisted|p1a: Raikou\n|-damage|p1a: Raikou|71/100\n|-damage|p2a: Swanna|251/278|[from] Recoil\n|\n|upkeep\n|turn|17\n|inactive|Time left: 300 sec this turn | 300 sec total\n|\n|t:|1783564379\n|-terastallize|p2a: Swanna|Ground\n|move|p1a: Raikou|Calm Mind|p1a: Raikou\n|-boost|p1a: Raikou|spa|1\n|-boost|p1a: Raikou|spd|1\n|move|p2a: Swanna|Hydro Pump|p1a: Raikou|[miss]\n|-miss|p2a: Swanna|p1a: Raikou\n|\n|upkeep\n|turn|18\n|inactive|Time left: 300 sec this turn | 300 sec total\n|\n|t:|1783564379\n|switch|p2a: Dragapult|Dragapult, L77, F|262/262\n|move|p1a: Raikou|Scald|p2a: Dragapult\n|-resisted|p2a: Dragapult\n|-damage|p2a: Dragapult|211/262\n|-status|p2a: Dragapult|brn\n|\n|-damage|p2a: Dragapult|195/262 brn|[from] brn\n|upkeep\n|turn|19\n|inactive|Time left: 300 sec this turn | 300 sec total\n|\n|t:|1783564380\n|move|p2a: Dragapult|Dragon Darts|p1a: Raikou\n|-damage|p1a: Raikou|61/100\n|-anim|p2a: Dragapult|Dragon Darts|p1a: Raikou\n|-damage|p1a: Raikou|49/100\n|move|p1a: Raikou|Calm Mind|p1a: Raikou\n|-boost|p1a: Raikou|spa|1\n|-boost|p1a: Raikou|spd|1\n|\n|-damage|p2a: Dragapult|179/262 brn|[from] brn\n|upkeep\n|turn|20\n|inactive|Time left: 300 sec this turn | 300 sec total\n|\n|t:|1783564381\n|-terastallize|p1a: Raikou|Electric\n|move|p2a: Dragapult|Dragon Darts|p1a: Raikou\n|-damage|p1a: Raikou|38/100\n|-anim|p2a: Dragapult|Dragon Darts|p1a: Raikou\n|-damage|p1a: Raikou|28/100\n|move|p1a: Raikou|Thunderbolt|p2a: Dragapult\n|-resisted|p2a: Dragapult\n|-damage|p2a: Dragapult|7/262 brn\n|\n|-damage|p2a: Dragapult|0 fnt|[from] brn\n|faint|p2a: Dragapult\n|upkeep\n|inactive|Time left: 300 sec this turn | 300 sec total | 5 sec grace\n|\n|t:|1783564382\n|switch|p2a: Gothitelle|Gothitelle, L90, F|272/272\n|turn|21\n|inactive|Time left: 300 sec this turn | 300 sec total\n|\n|t:|1783564383\n|move|p1a: Raikou|Thunderbolt|p2a: Gothitelle\n|-damage|p2a: Gothitelle|40/272\n|move|p2a: Gothitelle|Calm Mind|p2a: Gothitelle\n|-boost|p2a: Gothitelle|spa|1\n|-boost|p2a: Gothitelle|spd|1\n|\n|-heal|p2a: Gothitelle|57/272|[from] item: Leftovers\n|upkeep\n|turn|22\n|inactive|Time left: 300 sec this turn | 300 sec total\n|\n|t:|1783564384\n|move|p1a: Raikou|Scald|p2a: Gothitelle\n|-damage|p2a: Gothitelle|0 fnt\n|faint|p2a: Gothitelle\n|\n|upkeep\n|inactive|Time left: 300 sec this turn | 300 sec total | 5 sec grace\n|\n|t:|1783564385\n|switch|p2a: Swanna|Swanna, L89, M, tera:Ground|251/278\n|turn|23\n|inactive|Time left: 300 sec this turn | 300 sec total\n|\n|t:|1783564386\n|move|p1a: Raikou|Scald|p2a: Swanna\n|-supereffective|p2a: Swanna\n|-damage|p2a: Swanna|0 fnt\n|faint|p2a: Swanna\n|\n|win|p0x2177cc47", "uploadtime": 1783564386, "views": 0, "rating": 0, "private": 0, "password": null, "_winner": "p0x2177cc47", "_our_name": "p0y2177e60e"}