{"id": "battle-gen9randombattle-150", "formatid": "gen9randombattle", "format": "[Gen 9] Random Battle", "players": ["p0x15024b8", "p0y1507ea0"], "log": "|init|battle\n|title|p0x15024b8 vs. p0y1507ea0\n|j|\u2606p0x15024b8\n|j|\u2606p0y1507ea0\n|t:|1783540896\n|gametype|singles\n|player|p1|p0x15024b8|1|\n|player|p2|p0y1507ea0|1|\n|gen|9\n|tier|[Gen 9] Random Battle\n|rule|Species Clause: Limit one of each Pok\u00e9mon\n|rule|HP Percentage Mod: HP is shown in percentages\n|rule|Sleep Clause Mod: Limit one foe put to sleep\n|rule|Illusion Level Mod: Illusion disguises the Pok\u00e9mon's true level\n|\n|t:|1783540896\n|teamsize|p1|6\n|teamsize|p2|6\n|start\n|switch|p1a: Conkeldurr|Conkeldurr, L80, M|100/100\n|switch|p2a: Ditto|Ditto, L87|225/225\n|-transform|p2a: Ditto|p1a: Conkeldurr|[from] ability: Imposter\n|turn|1\n|inactive|Battle timer is ON: inactive players will automatically lose when time's up. (requested by p0x15024b8)\n|inactive|Time left: 300 sec this turn | 300 sec total | 60 sec grace\n|inactive|p0y1507ea0 also wants the timer to be on.\n|\n|t:|1783540898\n|move|p2a: Ditto|Knock Off|p1a: Conkeldurr\n|-resisted|p1a: Conkeldurr\n|-damage|p1a: Conkeldurr|85/100\n|-enditem|p1a: Conkeldurr|Flame Orb|[from] move: Knock Off|[of] p2a: Ditto\n|move|p1a: Conkeldurr|Knock Off|p2a: Ditto\n|-resisted|p2a: Ditto\n|-damage|p2a: Ditto|184/225\n|-enditem|p2a: Ditto|Choice Scarf|[from] move: Knock Off|[of] p1a: Conkeldurr\n|\n|upkeep\n|turn|2\n|inactive|Time left: 300 sec this turn | 300 sec total\n|\n|t:|1783540899\n|switch|p2a: Conkeldurr|Conkeldurr, L80, F|299/299\n|move|p1a: Conkeldurr|Close Combat|p2a: Conkeldurr\n|-damage|p2a: Conkeldurr|139/299\n|-unboost|p1a: Conkeldurr|def|1\n|-unboost|p1a: Conkeldurr|spd|1\n|\n|-status|p2a: Conkeldurr|brn|[from] item: Flame Orb\n|upkeep\n|turn|3\n|inactive|Time left: 300 sec this turn | 300 sec total\n|\n|t:|1783540901\n|move|p1a: Conkeldurr|Close Combat|p2a: Conkeldurr\n|-damage|p2a: Conkeldurr|0 fnt\n|-unboost|p1a: Conkeldurr|def|1\n|-unboost|p1a: Conkeldurr|spd|1\n|faint|p2a: Conkeldurr\n|\n|upkeep\n|inactive|Time left: 300 sec this turn | 300 sec total | 5 sec grace\n|\n|t:|1783540901\n|switch|p2a: Basculegion|Basculegion-F, L83, F|335/335\n|turn|4\n|inactive|Time left: 300 sec this turn | 300 sec total\n|\n|t:|1783540903\n|switch|p1a: Kyogre|Kyogre, L71|100/100\n|-weather|RainDance|[from] ability: Drizzle|[of] p1a: Kyogre\n|move|p2a: Basculegion|Shadow Ball|p1a: Kyogre\n|-crit|p1a: Kyogre\n|-damage|p1a: Kyogre|25/100\n|\n|-weather|RainDance|[upkeep]\n|-heal|p1a: Kyogre|31/100|[from] item: Leftovers\n|upkeep\n|turn|5\n|inactive|Time left: 300 sec this turn | 300 sec total\n|\n|t:|1783540904\n|switch|p1a: Ursaluna|Ursaluna, L79, F|100/100\n|move|p2a: Basculegion|Shadow Ball|p1a: Ursaluna\n|-immune|p1a: Ursaluna\n|\n|-weather|RainDance|[upkeep]\n|-status|p1a: Ursaluna|brn|[from] item: Flame Orb\n|upkeep\n|turn|6\n|inactive|Time left: 300 sec this turn | 300 sec total\n|\n|t:|1783540904\n|switch|p2a: Gliscor|Gliscor, L76, M|239/239\n|move|p1a: Ursaluna|Headlong Rush|p2a: Gliscor\n|-immune|p2a: Gliscor\n|\n|-weather|RainDance|[upkeep]\n|-damage|p1a: Ursaluna|95/100 brn|[from] brn\n|-status|p2a: Gliscor|tox|[from] item: Toxic Orb\n|upkeep\n|turn|7\n|inactive|Time left: 300 sec this turn | 300 sec total\n|\n|t:|1783540905\n|switch|p2a: Basculegion|Basculegion-F, L83, F|335/335\n|move|p1a: Ursaluna|Facade|p2a: Basculegion\n|-immune|p2a: Basculegion\n|\n|-weather|RainDance|[upkeep]\n|-damage|p1a: Ursaluna|89/100 brn|[from] brn\n|upkeep\n|turn|8\n|inactive|Time left: 300 sec this turn | 300 sec total\n|\n|t:|1783540906\n|switch|p1a: Kyogre|Kyogre, L71|31/100\n|move|p2a: Basculegion|Hydro Pump|p1a: Kyogre\n|-resisted|p1a: Kyogre\n|-damage|p1a: Kyogre|0 fnt\n|faint|p1a: Kyogre\n|\n|-weather|none\n|upkeep\n|\n|t:|1783540907\n|switch|p1a: Tinkaton|Tinkaton, L82, F|100/100\n|-ability|p1a: Tinkaton|Mold Breaker\n|turn|9\n|inactive|Time left: 300 sec this turn | 300 sec total\n|\n|t:|1783540908\n|move|p1a: Tinkaton|Knock Off|p2a: Basculegion\n|-supereffective|p2a: Basculegion\n|-damage|p2a: Basculegion|209/335\n|-enditem|p2a: Basculegion|Choice Specs|[from] move: Knock Off|[of] p1a: Tinkaton\n|move|p2a: Basculegion|Hydro Pump|p1a: Tinkaton\n|-damage|p1a: Tinkaton|46/100\n|\n|-heal|p1a: Tinkaton|53/100|[from] item: Leftovers\n|upkeep\n|turn|10\n|inactive|Time left: 300 sec this turn | 300 sec total\n|\n|t:|1783540908\n|move|p1a: Tinkaton|Gigaton Hammer|p2a: Basculegion\n|-resisted|p2a: Basculegion\n|-damage|p2a: Basculegion|126/335\n|move|p2a: Basculegion|Hydro Pump|p1a: Tinkaton|[miss]\n|-miss|p2a: Basculegion|p1a: Tinkaton\n|\n|-heal|p1a: Tinkaton|59/100|[from] item: Leftovers\n|upkeep\n|turn|11\n|inactive|Time left: 300 sec this turn | 300 sec total\n|\n|t:|1783540909\n|move|p1a: Tinkaton|Knock Off|p2a: Basculegion\n|-supereffective|p2a: Basculegion\n|-damage|p2a: Basculegion|32/335\n|move|p2a: Basculegion|Flip Turn|p1a: Tinkaton\n|-damage|p1a: Tinkaton|26/100\n|inactive|Time left: 300 sec this turn | 300 sec total | 5 sec grace\n|\n|t:|1783540910\n|switch|p2a: Bruxish|Bruxish, L85, F|254/254|[from] Flip Turn\n|\n|-heal|p1a: Tinkaton|32/100|[from] item: Leftovers\n|upkeep\n|turn|12\n|inactive|Time left: 300 sec this turn | 300 sec total\n|\n|t:|1783540911\n|move|p2a: Bruxish|Psychic Fangs|p1a: Tinkaton\n|-resisted|p1a: Tinkaton\n|-damage|p1a: Tinkaton|0 fnt\n|faint|p1a: Tinkaton\n|-damage|p2a: Bruxish|229/254|[from] item: Life Orb\n|\n|upkeep\n|\n|t:|1783540912\n|switch|p1a: Flutter Mane|Flutter Mane, L74|100/100\n|turn|13\n|inactive|Time left: 300 sec this turn | 300 sec total\n|\n|t:|1783540913\n|move|p1a: Flutter Mane|Shadow Ball|p2a: Bruxish\n|-supereffective|p2a: Bruxish\n|-damage|p2a: Bruxish|0 fnt\n|faint|p2a: Bruxish\n|-damage|p1a: Flutter Mane|91/100|[from] item: Life Orb\n|\n|upkeep\n|inactive|Time left: 300 sec this turn | 300 sec total | 5 sec grace\n|\n|t:|1783540914\n|switch|p2a: Arceus|Arceus-Steel, L70|284/284\n|turn|14\n|inactive|Time left: 300 sec this turn | 300 sec total\n|\n|t:|1783540915\n|move|p1a: Flutter Mane|Calm Mind|p1a: Flutter Mane\n|-boost|p1a: Flutter Mane|spa|1\n|-boost|p1a: Flutter Mane|spd|1\n|move|p2a: Arceus|Judgment|p1a: Flutter Mane\n|-supereffective|p1a: Flutter Mane\n|-damage|p1a: Flutter Mane|32/100\n|\n|upkeep\n|turn|15\n|inactive|Time left: 300 sec this turn | 300 sec total\n|\n|t:|1783540916\n|move|p1a: Flutter Mane|Shadow Ball|p2a: Arceus\n|-damage|p2a: Arceus|120/284\n|-damage|p1a: Flutter Mane|22/100|[from] item: Life Orb\n|move|p2a: Arceus|Judgment|p1a: Flutter Mane\n|-supereffective|p1a: Flutter Mane\n|-damage|p1a: Flutter Mane|0 fnt\n|faint|p1a: Flutter Mane\n|-end|p1a: Flutter Mane|Protosynthesis|[silent]\n|\n|upkeep\n|\n|t:|1783540917\n|switch|p1a: Ursaluna|Ursaluna, L79, F|89/100 brn\n|turn|16\n|inactive|Time left: 300 sec this turn | 300 sec total\n|\n|t:|1783540918\n|move|p2a: Arceus|Judgment|p1a: Ursaluna\n|-damage|p1a: Ursaluna|52/100 brn\n|move|p1a: Ursaluna|Swords Dance|p1a: Ursaluna\n|-boost|p1a: Ursaluna|atk|2\n|\n|-damage|p1a: Ursaluna|46/100 brn|[from] brn\n|upkeep\n|turn|17\n|inactive|Time left: 300 sec this turn | 300 sec total\n|\n|t:|1783540919\n|move|p2a: Arceus|Judgment|p1a: Ursaluna\n|-damage|p1a: Ursaluna|9/100 brn\n|move|p1a: Ursaluna|Headlong Rush|p2a: Arceus\n|-supereffective|p2a: Arceus\n|-crit|p2a: Arceus\n|-damage|p2a: Arceus|0 fnt\n|-unboost|p1a: Ursaluna|def|1\n|-unboost|p1a: Ursaluna|spd|1\n|faint|p2a: Arceus\n|\n|-damage|p1a: Ursaluna|3/100 brn|[from] brn\n|upkeep\n|inactive|Time left: 300 sec this turn | 300 sec total | 5 sec grace\n|\n|t:|1783540920\n|switch|p2a: Basculegion|Basculegion-F, L83, F|32/335\n|turn|18\n|inactive|Time left: 300 sec this turn | 300 sec total\n|\n|t:|1783540921\n|switch|p1a: Iron Thorns|Iron Thorns, L83|100/100\n|-enditem|p1a: Iron Thorns|Booster Energy\n|-activate|p1a: Iron Thorns|ability: Quark Drive|[fromitem]\n|-start|p1a: Iron Thorns|quarkdriveatk\n|move|p2a: Basculegion|Hydro Pump|p1a: Iron Thorns\n|-supereffective|p1a: Iron Thorns\n|-damage|p1a: Iron Thorns|0 fnt\n|faint|p1a: Iron Thorns\n|-end|p1a: Iron Thorns|Quark Drive|[silent]\n|\n|upkeep\n|\n|t:|1783540922\n|switch|p1a: Conkeldurr|Conkeldurr, L80, M|85/100\n|turn|19\n|inactive|Time left: 300 sec this turn | 300 sec total\n|\n|t:|1783540923\n|move|p2a: Basculegion|Hydro Pump|p1a: Conkeldurr\n|-damage|p1a: Conkeldurr|15/100\n|move|p1a: Conkeldurr|Knock Off|p2a: Basculegion\n|-supereffective|p2a: Basculegion\n|-damage|p2a: Basculegion|0 fnt\n|faint|p2a: Basculegion\n|\n|upkeep\n|inactive|Time left: 300 sec this turn | 300 sec total | 5 sec grace\n|\n|t:|1783540924\n|switch|p2a: Gliscor|Gliscor, L76, M|239/239 tox\n|turn|20\n|inactive|Time left: 300 sec this turn | 300 sec total\n|\n|t:|1783540925\n|switch|p1a: Ursaluna|Ursaluna, L79, F|3/100 brn\n|-terastallize|p2a: Gliscor|Water\n|move|p2a: Gliscor|Earthquake|p1a: Ursaluna\n|-damage|p1a: Ursaluna|0 fnt\n|faint|p1a: Ursaluna\n|\n|upkeep\n|\n|t:|1783540925\n|switch|p1a: Conkeldurr|Conkeldurr, L80, M|15/100\n|turn|21\n|inactive|Time left: 300 sec this turn | 300 sec total\n|\n|t:|1783540926\n|-terastallize|p1a: Conkeldurr|Normal\n|move|p2a: Gliscor|Earthquake|p1a: Conkeldurr\n|-crit|p1a: Conkeldurr\n|-damage|p1a: Conkeldurr|0 fnt\n|faint|p1a: Conkeldurr\n|\n|win|p0y1507ea0", "uploadtime": 1783540926, "views": 0, "rating": 0, "private": 0, "password": null, "_winner": "p0y1507ea0", "_our_name": "p0y1507ea0"}