{"id": "battle-gen9randombattle-2695", "formatid": "gen9randombattle", "format": "[Gen 9] Random Battle", "players": ["p0x26957bc2", "p0y26954e14"], "log": "|init|battle\n|title|p0x26957bc2 vs. p0y26954e14\n|j|\u2606p0x26957bc2\n|j|\u2606p0y26954e14\n|t:|1783571085\n|gametype|singles\n|player|p1|p0x26957bc2|266|\n|player|p2|p0y26954e14|102|\n|gen|9\n|tier|[Gen 9] Random Battle\n|rule|Species Clause: Limit one of each Pok\u00e9mon\n|rule|HP Percentage Mod: HP is shown in percentages\n|rule|Sleep Clause Mod: Limit one foe put to sleep\n|rule|Illusion Level Mod: Illusion disguises the Pok\u00e9mon's true level\n|\n|t:|1783571085\n|teamsize|p1|6\n|teamsize|p2|6\n|start\n|switch|p1a: Sandaconda|Sandaconda, L84, M|258/258\n|switch|p2a: Victreebel|Victreebel, L90, F|100/100\n|turn|1\n|inactive|Battle timer is ON: inactive players will automatically lose when time's up. (requested by p0y26954e14)\n|inactive|Time left: 300 sec this turn | 300 sec total | 60 sec grace\n|inactive|p0x26957bc2 also wants the timer to be on.\n|\n|t:|1783571087\n|move|p2a: Victreebel|Power Whip|p1a: Sandaconda\n|-supereffective|p1a: Sandaconda\n|-damage|p1a: Sandaconda|0 fnt\n|faint|p1a: Sandaconda\n|-damage|p2a: Victreebel|90/100|[from] item: Life Orb\n|\n|upkeep\n|inactive|Time left: 300 sec this turn | 300 sec total | 65 sec grace\n|\n|t:|1783571088\n|switch|p1a: Oranguru|Oranguru, L92, M|315/315\n|turn|2\n|inactive|Time left: 300 sec this turn | 300 sec total\n|\n|t:|1783571089\n|move|p2a: Victreebel|Power Whip|p1a: Oranguru\n|-damage|p1a: Oranguru|127/315\n|-damage|p2a: Victreebel|80/100|[from] item: Life Orb\n|move|p1a: Oranguru|Psyshock|p2a: Victreebel\n|-supereffective|p2a: Victreebel\n|-damage|p2a: Victreebel|2/100\n|\n|-heal|p1a: Oranguru|146/315|[from] item: Leftovers\n|upkeep\n|turn|3\n|inactive|Time left: 300 sec this turn | 300 sec total\n|\n|t:|1783571090\n|move|p2a: Victreebel|Power Whip|p1a: Oranguru|[miss]\n|-miss|p2a: Victreebel|p1a: Oranguru\n|move|p1a: Oranguru|Psyshock|p2a: Victreebel\n|-supereffective|p2a: Victreebel\n|-damage|p2a: Victreebel|0 fnt\n|faint|p2a: Victreebel\n|\n|-heal|p1a: Oranguru|165/315|[from] item: Leftovers\n|upkeep\n|\n|t:|1783571091\n|switch|p2a: Terrakion|Terrakion, L79|100/100\n|turn|4\n|inactive|Time left: 300 sec this turn | 300 sec total\n|\n|t:|1783571092\n|move|p2a: Terrakion|Stone Edge|p1a: Oranguru|[miss]\n|-miss|p2a: Terrakion|p1a: Oranguru\n|move|p1a: Oranguru|Focus Blast|p2a: Terrakion\n|-supereffective|p2a: Terrakion\n|-damage|p2a: Terrakion|22/100\n|\n|-heal|p1a: Oranguru|184/315|[from] item: Leftovers\n|upkeep\n|turn|5\n|inactive|Time left: 300 sec this turn | 300 sec total\n|\n|t:|1783571093\n|move|p2a: Terrakion|Stone Edge|p1a: Oranguru\n|-damage|p1a: Oranguru|15/315\n|move|p1a: Oranguru|Thunderbolt|p2a: Terrakion\n|-damage|p2a: Terrakion|0 fnt\n|faint|p2a: Terrakion\n|\n|-heal|p1a: Oranguru|34/315|[from] item: Leftovers\n|upkeep\n|\n|t:|1783571093\n|switch|p2a: Girafarig|Girafarig, L89, M|100/100\n|turn|6\n|inactive|Time left: 300 sec this turn | 300 sec total\n|\n|t:|1783571094\n|switch|p1a: Wigglytuff|Wigglytuff, L96, F|424/424\n|move|p2a: Girafarig|Nasty Plot|p2a: Girafarig\n|-boost|p2a: Girafarig|spa|2\n|\n|upkeep\n|turn|7\n|inactive|Time left: 300 sec this turn | 300 sec total\n|\n|t:|1783571095\n|move|p2a: Girafarig|Nasty Plot|p2a: Girafarig\n|-boost|p2a: Girafarig|spa|2\n|move|p1a: Wigglytuff|Wish|p1a: Wigglytuff\n|\n|upkeep\n|turn|8\n|inactive|Time left: 300 sec this turn | 300 sec total\n|\n|t:|1783571095\n|move|p2a: Girafarig|Hyper Voice|p1a: Wigglytuff\n|-crit|p1a: Wigglytuff\n|-damage|p1a: Wigglytuff|0 fnt\n|faint|p1a: Wigglytuff\n|\n|upkeep\n|inactive|Time left: 300 sec this turn | 300 sec total | 5 sec grace\n|\n|t:|1783571096\n|switch|p1a: Sableye|Sableye, L88, M|231/231\n|turn|9\n|inactive|Time left: 300 sec this turn | 300 sec total\n|\n|t:|1783571097\n|move|p1a: Sableye|Encore|p2a: Girafarig\n|-start|p2a: Girafarig|Encore\n|move|p2a: Girafarig|Hyper Voice|p1a: Sableye\n|-immune|p1a: Sableye\n|\n|upkeep\n|turn|10\n|inactive|Time left: 300 sec this turn | 300 sec total\n|\n|t:|1783571097\n|move|p2a: Girafarig|Hyper Voice|p1a: Sableye\n|-immune|p1a: Sableye\n|move|p1a: Sableye|Knock Off|p2a: Girafarig\n|-supereffective|p2a: Girafarig\n|-damage|p2a: Girafarig|44/100\n|-enditem|p2a: Girafarig|Eviolite|[from] move: Knock Off|[of] p1a: Sableye\n|\n|upkeep\n|turn|11\n|inactive|Time left: 300 sec this turn | 300 sec total\n|\n|t:|1783571098\n|move|p2a: Girafarig|Hyper Voice|p1a: Sableye\n|-immune|p1a: Sableye\n|move|p1a: Sableye|Knock Off|p2a: Girafarig\n|-supereffective|p2a: Girafarig\n|-damage|p2a: Girafarig|0 fnt\n|faint|p2a: Girafarig\n|\n|upkeep\n|\n|t:|1783571099\n|switch|p2a: Hatterene|Hatterene, L85, F|100/100\n|turn|12\n|inactive|Time left: 300 sec this turn | 300 sec total\n|\n|t:|1783571100\n|switch|p1a: Ogerpon|Ogerpon-Cornerstone, L76, F|247/247\n|move|p2a: Hatterene|Draining Kiss|p1a: Ogerpon\n|-damage|p1a: Ogerpon|177/247\n|\n|upkeep\n|turn|13\n|inactive|Time left: 300 sec this turn | 300 sec total\n|\n|t:|1783571101\n|move|p1a: Ogerpon|Swords Dance|p1a: Ogerpon\n|-boost|p1a: Ogerpon|atk|2\n|move|p2a: Hatterene|Draining Kiss|p1a: Ogerpon\n|-damage|p1a: Ogerpon|99/247\n|\n|upkeep\n|turn|14\n|inactive|Time left: 300 sec this turn | 300 sec total\n|\n|t:|1783571102\n|move|p1a: Ogerpon|Horn Leech|p2a: Hatterene\n|-damage|p2a: Hatterene|24/100\n|-heal|p1a: Ogerpon|189/247|[from] drain|[of] p2a: Hatterene\n|move|p2a: Hatterene|Psychic Noise|p1a: Ogerpon\n|-damage|p1a: Ogerpon|84/247\n|-start|p1a: Ogerpon|move: Heal Block\n|\n|upkeep\n|turn|15\n|inactive|Time left: 300 sec this turn | 300 sec total\n|\n|t:|1783571103\n|move|p1a: Ogerpon|Ivy Cudgel|p2a: Hatterene|[anim] Ivy Cudgel Rock\n|-damage|p2a: Hatterene|0 fnt\n|faint|p2a: Hatterene\n|\n|-end|p1a: Ogerpon|move: Heal Block\n|upkeep\n|\n|t:|1783571104\n|switch|p2a: Tsareena|Tsareena, L87, F|100/100\n|turn|16\n|inactive|Time left: 300 sec this turn | 300 sec total\n|\n|t:|1783571105\n|-terastallize|p1a: Ogerpon|Rock\n|detailschange|p1a: Ogerpon|Ogerpon-Cornerstone-Tera, L76, F, tera:Rock\n|-ability|p1a: Ogerpon|Embody Aspect (Cornerstone)|boost\n|-boost|p1a: Ogerpon|def|1\n|-terastallize|p2a: Tsareena|Steel\n|move|p1a: Ogerpon|Ivy Cudgel|p2a: Tsareena|[anim] Ivy Cudgel Rock\n|-resisted|p2a: Tsareena\n|-damage|p2a: Tsareena|44/100\n|move|p2a: Tsareena|Power Whip|p1a: Ogerpon\n|-supereffective|p1a: Ogerpon\n|-damage|p1a: Ogerpon|0 fnt\n|faint|p1a: Ogerpon\n|detailschange|p1: Ogerpon|Ogerpon-Cornerstone, L76, F|[silent]\n|\n|upkeep\n|inactive|Time left: 300 sec this turn | 300 sec total | 5 sec grace\n|\n|t:|1783571106\n|switch|p1a: Darkrai|Darkrai, L77|234/234\n|turn|17\n|inactive|Time left: 300 sec this turn | 300 sec total\n|\n|t:|1783571107\n|move|p1a: Darkrai|Nasty Plot|p1a: Darkrai\n|-boost|p1a: Darkrai|spa|2\n|move|p2a: Tsareena|Rapid Spin|p1a: Darkrai\n|-damage|p1a: Darkrai|185/234\n|-boost|p2a: Tsareena|spe|1\n|\n|-heal|p1a: Darkrai|199/234|[from] item: Leftovers\n|upkeep\n|turn|18\n|inactive|Time left: 300 sec this turn | 300 sec total\n|\n|t:|1783571108\n|move|p2a: Tsareena|Synthesis|p2a: Tsareena\n|-heal|p2a: Tsareena|94/100\n|move|p1a: Darkrai|Dark Pulse|p2a: Tsareena\n|-damage|p2a: Tsareena|29/100\n|\n|-heal|p1a: Darkrai|213/234|[from] item: Leftovers\n|upkeep\n|turn|19\n|inactive|Time left: 300 sec this turn | 300 sec total\n|\n|t:|1783571109\n|move|p2a: Tsareena|Synthesis|p2a: Tsareena\n|-heal|p2a: Tsareena|79/100\n|move|p1a: Darkrai|Dark Pulse|p2a: Tsareena\n|-damage|p2a: Tsareena|15/100\n|\n|-heal|p1a: Darkrai|227/234|[from] item: Leftovers\n|upkeep\n|turn|20\n|inactive|Time left: 300 sec this turn | 300 sec total\n|\n|t:|1783571110\n|move|p2a: Tsareena|High Jump Kick|p1a: Darkrai\n|-supereffective|p1a: Darkrai\n|-damage|p1a: Darkrai|1/234\n|move|p1a: Darkrai|Dark Pulse|p2a: Tsareena\n|-damage|p2a: Tsareena|0 fnt\n|faint|p2a: Tsareena\n|\n|-heal|p1a: Darkrai|15/234|[from] item: Leftovers\n|upkeep\n|\n|t:|1783571111\n|switch|p2a: Skarmory|Skarmory, L80, F|100/100\n|turn|21\n|inactive|Time left: 300 sec this turn | 300 sec total\n|\n|t:|1783571112\n|move|p1a: Darkrai|Dark Pulse|p2a: Skarmory\n|-damage|p2a: Skarmory|4/100\n|move|p2a: Skarmory|Spikes|p1a: Darkrai\n|-sidestart|p1: p0x26957bc2|Spikes\n|\n|-heal|p1a: Darkrai|29/234|[from] item: Leftovers\n|upkeep\n|turn|22\n|inactive|Time left: 300 sec this turn | 300 sec total\n|\n|t:|1783571113\n|move|p1a: Darkrai|Dark Pulse|p2a: Skarmory\n|-damage|p2a: Skarmory|0 fnt\n|faint|p2a: Skarmory\n|\n|win|p0x26957bc2", "uploadtime": 1783571113, "views": 0, "rating": 0, "private": 0, "password": null, "_winner": "p0x26957bc2", "_our_name": "p0x26957bc2"}