{"id": "battle-gen9randombattle-1820", "formatid": "gen9randombattle", "format": "[Gen 9] Random Battle", "players": ["p0x1820afe1", "p0y1820fa81"], "log": "|init|battle\n|title|p0x1820afe1 vs. p0y1820fa81\n|j|\u2606p0x1820afe1\n|j|\u2606p0y1820fa81\n|t:|1783561086\n|gametype|singles\n|player|p1|p0x1820afe1|101|\n|player|p2|p0y1820fa81|102|\n|gen|9\n|tier|[Gen 9] Random Battle\n|rule|Species Clause: Limit one of each Pok\u00e9mon\n|rule|HP Percentage Mod: HP is shown in percentages\n|rule|Sleep Clause Mod: Limit one foe put to sleep\n|rule|Illusion Level Mod: Illusion disguises the Pok\u00e9mon's true level\n|\n|t:|1783561086\n|teamsize|p1|6\n|teamsize|p2|6\n|start\n|switch|p1a: Hoopa|Hoopa, L85|275/275\n|switch|p2a: Glastrier|Glastrier, L86|100/100\n|turn|1\n|inactive|Battle timer is ON: inactive players will automatically lose when time's up. (requested by p0y1820fa81)\n|inactive|Time left: 300 sec this turn | 300 sec total | 60 sec grace\n|inactive|p0x1820afe1 also wants the timer to be on.\n|\n|t:|1783561087\n|-terastallize|p1a: Hoopa|Fighting\n|move|p1a: Hoopa|Focus Blast|p2a: Glastrier|[miss]\n|-miss|p1a: Hoopa|p2a: Glastrier\n|move|p2a: Glastrier|Heavy Slam|p1a: Hoopa\n|-crit|p1a: Hoopa\n|-damage|p1a: Hoopa|27/275\n|\n|upkeep\n|turn|2\n|inactive|Time left: 300 sec this turn | 300 sec total\n|\n|t:|1783561088\n|switch|p2a: Necrozma|Necrozma-Dawn-Wings, L76|100/100\n|move|p1a: Hoopa|Focus Blast|p2a: Necrozma\n|-immune|p2a: Necrozma\n|\n|upkeep\n|turn|3\n|inactive|Time left: 300 sec this turn | 300 sec total\n|\n|t:|1783561089\n|move|p1a: Hoopa|Shadow Ball|p2a: Necrozma\n|-supereffective|p2a: Necrozma\n|-damage|p2a: Necrozma|0 fnt\n|faint|p2a: Necrozma\n|-damage|p1a: Hoopa|0 fnt|[from] item: Life Orb\n|faint|p1a: Hoopa\n|\n|upkeep\n|inactive|Time left: 300 sec this turn | 300 sec total | 5 sec grace\n|\n|t:|1783561090\n|switch|p1a: Volcanion|Volcanion, L79|255/255\n|switch|p2a: Glastrier|Glastrier, L86|100/100\n|turn|4\n|inactive|Time left: 300 sec this turn | 300 sec total\n|\n|t:|1783561091\n|move|p1a: Volcanion|Steam Eruption|p2a: Glastrier|[miss]\n|-miss|p1a: Volcanion|p2a: Glastrier\n|move|p2a: Glastrier|High Horsepower|p1a: Volcanion\n|-supereffective|p1a: Volcanion\n|-damage|p1a: Volcanion|95/255\n|\n|upkeep\n|turn|5\n|inactive|Time left: 300 sec this turn | 300 sec total\n|\n|t:|1783561091\n|move|p1a: Volcanion|Flamethrower|p2a: Glastrier\n|-supereffective|p2a: Glastrier\n|-damage|p2a: Glastrier|43/100\n|move|p2a: Glastrier|High Horsepower|p1a: Volcanion\n|-supereffective|p1a: Volcanion\n|-damage|p1a: Volcanion|0 fnt\n|faint|p1a: Volcanion\n|-ability|p2a: Glastrier|Chilling Neigh|boost\n|-boost|p2a: Glastrier|atk|1\n|\n|upkeep\n|inactive|Time left: 300 sec this turn | 300 sec total | 5 sec grace\n|\n|t:|1783561092\n|switch|p1a: Ursaluna|Ursaluna-Bloodmoon, L79, M|308/308\n|turn|6\n|inactive|Time left: 300 sec this turn | 300 sec total\n|\n|t:|1783561093\n|-terastallize|p2a: Glastrier|Steel\n|move|p1a: Ursaluna|Blood Moon|p2a: Glastrier\n|-resisted|p2a: Glastrier\n|-damage|p2a: Glastrier|19/100\n|move|p2a: Glastrier|Icicle Crash|p1a: Ursaluna\n|-supereffective|p1a: Ursaluna\n|-damage|p1a: Ursaluna|0 fnt\n|faint|p1a: Ursaluna\n|-ability|p2a: Glastrier|Chilling Neigh|boost\n|-boost|p2a: Glastrier|atk|1\n|\n|upkeep\n|inactive|Time left: 300 sec this turn | 300 sec total | 5 sec grace\n|\n|t:|1783561093\n|switch|p1a: Whiscash|Whiscash, L88, F|337/337\n|turn|7\n|inactive|Time left: 300 sec this turn | 300 sec total\n|\n|t:|1783561094\n|move|p1a: Whiscash|Earthquake|p2a: Glastrier\n|-supereffective|p2a: Glastrier\n|-damage|p2a: Glastrier|0 fnt\n|faint|p2a: Glastrier\n|\n|upkeep\n|\n|t:|1783561095\n|switch|p2a: Wyrdeer|Wyrdeer, L87, F|100/100\n|-ability|p2a: Wyrdeer|Intimidate|boost\n|-fail|p1a: Whiscash|unboost|Attack|[from] ability: Oblivious|[of] p1a: Whiscash\n|turn|8\n|inactive|Time left: 300 sec this turn | 300 sec total\n|\n|t:|1783561096\n|move|p2a: Wyrdeer|Body Slam|p1a: Whiscash\n|-damage|p1a: Whiscash|220/337\n|-status|p1a: Whiscash|par\n|move|p1a: Whiscash|Earthquake|p2a: Wyrdeer\n|-crit|p2a: Wyrdeer\n|-damage|p2a: Wyrdeer|44/100\n|\n|-heal|p2a: Wyrdeer|50/100|[from] item: Leftovers\n|-heal|p1a: Whiscash|241/337 par|[from] item: Leftovers\n|upkeep\n|turn|9\n|inactive|Time left: 300 sec this turn | 300 sec total\n|\n|t:|1783561097\n|move|p2a: Wyrdeer|Body Slam|p1a: Whiscash\n|-damage|p1a: Whiscash|121/337 par\n|move|p1a: Whiscash|Earthquake|p2a: Wyrdeer\n|-crit|p2a: Wyrdeer\n|-damage|p2a: Wyrdeer|0 fnt\n|faint|p2a: Wyrdeer\n|\n|-heal|p1a: Whiscash|142/337 par|[from] item: Leftovers\n|upkeep\n|\n|t:|1783561098\n|switch|p2a: Barraskewda|Barraskewda, L81, F|100/100\n|turn|10\n|inactive|Time left: 300 sec this turn | 300 sec total\n|\n|t:|1783561099\n|move|p2a: Barraskewda|Waterfall|p1a: Whiscash\n|-damage|p1a: Whiscash|0 fnt\n|faint|p1a: Whiscash\n|\n|upkeep\n|inactive|Time left: 300 sec this turn | 300 sec total | 5 sec grace\n|\n|t:|1783561100\n|switch|p1a: Lilligant|Lilligant, L86, F|261/261\n|turn|11\n|inactive|Time left: 300 sec this turn | 300 sec total\n|\n|t:|1783561101\n|switch|p2a: Arcanine|Arcanine, L84, M|100/100\n|-ability|p2a: Arcanine|Intimidate|boost\n|-unboost|p1a: Lilligant|atk|1\n|move|p1a: Lilligant|Quiver Dance|p1a: Lilligant\n|-boost|p1a: Lilligant|spa|1\n|-boost|p1a: Lilligant|spd|1\n|-boost|p1a: Lilligant|spe|1\n|\n|upkeep\n|turn|12\n|inactive|Time left: 300 sec this turn | 300 sec total\n|\n|t:|1783561102\n|move|p1a: Lilligant|Sleep Powder|p2a: Arcanine\n|-status|p2a: Arcanine|slp|[from] move: Sleep Powder\n|cant|p2a: Arcanine|slp\n|\n|upkeep\n|turn|13\n|inactive|Time left: 300 sec this turn | 300 sec total\n|\n|t:|1783561102\n|move|p1a: Lilligant|Tera Blast|p2a: Arcanine\n|-damage|p2a: Arcanine|57/100 slp\n|-damage|p1a: Lilligant|235/261|[from] item: Life Orb\n|-curestatus|p2a: Arcanine|slp|[msg]\n|move|p2a: Arcanine|Flare Blitz|p1a: Lilligant\n|-supereffective|p1a: Lilligant\n|-damage|p1a: Lilligant|0 fnt\n|faint|p1a: Lilligant\n|-damage|p2a: Arcanine|30/100|[from] Recoil\n|\n|upkeep\n|inactive|Time left: 300 sec this turn | 300 sec total | 5 sec grace\n|\n|t:|1783561103\n|switch|p1a: Corviknight|Corviknight, L80, F|288/288\n|turn|14\n|inactive|Time left: 300 sec this turn | 300 sec total\n|\n|t:|1783561104\n|move|p2a: Arcanine|Flare Blitz|p1a: Corviknight\n|-supereffective|p1a: Corviknight\n|-damage|p1a: Corviknight|40/288\n|-damage|p2a: Arcanine|2/100|[from] Recoil\n|move|p1a: Corviknight|Defog|p2a: Arcanine\n|-unboost|p2a: Arcanine|evasion|1\n|\n|-heal|p1a: Corviknight|58/288|[from] item: Leftovers\n|upkeep\n|turn|15\n|inactive|Time left: 300 sec this turn | 300 sec total\n|\n|t:|1783561105\n|move|p2a: Arcanine|Close Combat|p1a: Corviknight\n|-damage|p1a: Corviknight|0 fnt\n|-unboost|p2a: Arcanine|def|1\n|-unboost|p2a: Arcanine|spd|1\n|faint|p1a: Corviknight\n|\n|win|p0y1820fa81", "uploadtime": 1783561105, "views": 0, "rating": 0, "private": 0, "password": null, "_winner": "p0y1820fa81", "_our_name": "p0x1820afe1"}