{"id": "battle-gen9randombattle-2342", "formatid": "gen9randombattle", "format": "[Gen 9] Random Battle", "players": ["p0x23429b81", "p0y23424a3b"], "log": "|init|battle\n|title|p0x23429b81 vs. p0y23424a3b\n|j|\u2606p0x23429b81\n|j|\u2606p0y23424a3b\n|t:|1783566180\n|gametype|singles\n|player|p1|p0x23429b81|2|\n|player|p2|p0y23424a3b|2|\n|gen|9\n|tier|[Gen 9] Random Battle\n|rule|Species Clause: Limit one of each Pok\u00e9mon\n|rule|HP Percentage Mod: HP is shown in percentages\n|rule|Sleep Clause Mod: Limit one foe put to sleep\n|rule|Illusion Level Mod: Illusion disguises the Pok\u00e9mon's true level\n|\n|t:|1783566180\n|teamsize|p1|6\n|teamsize|p2|6\n|start\n|switch|p1a: Hariyama|Hariyama, L87, M|100/100\n|switch|p2a: Kyurem|Kyurem-White, L73|303/303\n|-ability|p2a: Kyurem|Turboblaze\n|turn|1\n|inactive|Battle timer is ON: inactive players will automatically lose when time's up. (requested by p0x23429b81)\n|inactive|Time left: 300 sec this turn | 300 sec total | 60 sec grace\n|inactive|p0y23424a3b also wants the timer to be on.\n|\n|t:|1783566181\n|switch|p2a: Dragalge|Dragalge, L88, F|258/258\n|move|p1a: Hariyama|Close Combat|p2a: Dragalge\n|-resisted|p2a: Dragalge\n|-damage|p2a: Dragalge|186/258\n|-unboost|p1a: Hariyama|def|1\n|-unboost|p1a: Hariyama|spd|1\n|\n|-heal|p2a: Dragalge|202/258|[from] item: Leftovers\n|-status|p1a: Hariyama|brn|[from] item: Flame Orb\n|upkeep\n|turn|2\n|inactive|Time left: 300 sec this turn | 300 sec total\n|\n|t:|1783566182\n|-terastallize|p1a: Hariyama|Normal\n|move|p1a: Hariyama|Facade|p2a: Dragalge\n|-damage|p2a: Dragalge|0 fnt\n|faint|p2a: Dragalge\n|\n|-damage|p1a: Hariyama|94/100 brn|[from] brn\n|upkeep\n|inactive|Time left: 300 sec this turn | 300 sec total | 5 sec grace\n|\n|t:|1783566183\n|switch|p2a: Virizion|Virizion, L82|283/283\n|turn|3\n|inactive|Time left: 300 sec this turn | 300 sec total\n|\n|t:|1783566184\n|switch|p1a: Qwilfish|Qwilfish-Hisui, L83, M|100/100\n|-ability|p1a: Qwilfish|Intimidate|boost\n|-unboost|p2a: Virizion|atk|1\n|move|p2a: Virizion|Close Combat|p1a: Qwilfish\n|-damage|p1a: Qwilfish|71/100\n|-unboost|p2a: Virizion|def|1\n|-unboost|p2a: Virizion|spd|1\n|-damage|p2a: Virizion|255/283|[from] item: Life Orb\n|\n|upkeep\n|turn|4\n|inactive|Time left: 300 sec this turn | 300 sec total\n|\n|t:|1783566185\n|switch|p2a: Misdreavus|Misdreavus, L90, M|254/254\n|move|p1a: Qwilfish|Gunk Shot|p2a: Misdreavus\n|-resisted|p2a: Misdreavus\n|-damage|p2a: Misdreavus|199/254\n|\n|upkeep\n|turn|5\n|inactive|Time left: 300 sec this turn | 300 sec total\n|\n|t:|1783566186\n|move|p2a: Misdreavus|Will-O-Wisp|p1a: Qwilfish|[miss]\n|-miss|p2a: Misdreavus|p1a: Qwilfish\n|move|p1a: Qwilfish|Gunk Shot|p2a: Misdreavus\n|-resisted|p2a: Misdreavus\n|-damage|p2a: Misdreavus|153/254\n|\n|upkeep\n|turn|6\n|inactive|Time left: 300 sec this turn | 300 sec total\n|\n|t:|1783566187\n|move|p2a: Misdreavus|Will-O-Wisp|p1a: Qwilfish\n|-status|p1a: Qwilfish|brn\n|move|p1a: Qwilfish|Gunk Shot|p2a: Misdreavus\n|-resisted|p2a: Misdreavus\n|-damage|p2a: Misdreavus|129/254\n|\n|-damage|p1a: Qwilfish|65/100 brn|[from] brn\n|upkeep\n|turn|7\n|inactive|Time left: 300 sec this turn | 300 sec total\n|\n|t:|1783566187\n|move|p2a: Misdreavus|Calm Mind|p2a: Misdreavus\n|-boost|p2a: Misdreavus|spa|1\n|-boost|p2a: Misdreavus|spd|1\n|move|p1a: Qwilfish|Crunch|p2a: Misdreavus\n|-supereffective|p2a: Misdreavus\n|-damage|p2a: Misdreavus|62/254\n|\n|-damage|p1a: Qwilfish|59/100 brn|[from] brn\n|upkeep\n|turn|8\n|inactive|Time left: 300 sec this turn | 300 sec total\n|\n|t:|1783566188\n|move|p2a: Misdreavus|Draining Kiss|p1a: Qwilfish\n|-damage|p1a: Qwilfish|38/100 brn\n|-heal|p2a: Misdreavus|100/254|[from] drain|[of] p1a: Qwilfish\n|move|p1a: Qwilfish|Crunch|p2a: Misdreavus\n|-supereffective|p2a: Misdreavus\n|-damage|p2a: Misdreavus|33/254\n|\n|-damage|p1a: Qwilfish|32/100 brn|[from] brn\n|upkeep\n|turn|9\n|inactive|Time left: 300 sec this turn | 300 sec total\n|\n|t:|1783566189\n|move|p2a: Misdreavus|Draining Kiss|p1a: Qwilfish\n|-damage|p1a: Qwilfish|10/100 brn\n|-heal|p2a: Misdreavus|73/254|[from] drain|[of] p1a: Qwilfish\n|move|p1a: Qwilfish|Crunch|p2a: Misdreavus\n|-supereffective|p2a: Misdreavus\n|-crit|p2a: Misdreavus\n|-damage|p2a: Misdreavus|0 fnt\n|faint|p2a: Misdreavus\n|\n|-damage|p1a: Qwilfish|4/100 brn|[from] brn\n|upkeep\n|inactive|Time left: 300 sec this turn | 300 sec total | 5 sec grace\n|\n|t:|1783566190\n|switch|p2a: Virizion|Virizion, L82|255/283\n|turn|10\n|inactive|Time left: 300 sec this turn | 300 sec total\n|\n|t:|1783566191\n|move|p2a: Virizion|Swords Dance|p2a: Virizion\n|-boost|p2a: Virizion|atk|2\n|move|p1a: Qwilfish|Gunk Shot|p2a: Virizion\n|-supereffective|p2a: Virizion\n|-damage|p2a: Virizion|117/283\n|\n|-damage|p1a: Qwilfish|0 fnt|[from] brn\n|faint|p1a: Qwilfish\n|upkeep\n|\n|t:|1783566192\n|switch|p1a: Spectrier|Spectrier, L75|100/100\n|turn|11\n|inactive|Time left: 300 sec this turn | 300 sec total\n|\n|t:|1783566193\n|move|p1a: Spectrier|Shadow Ball|p2a: Virizion\n|-damage|p2a: Virizion|26/283\n|-damage|p1a: Spectrier|91/100|[from] item: Life Orb\n|move|p2a: Virizion|Leaf Blade|p1a: Spectrier\n|-damage|p1a: Spectrier|0 fnt\n|faint|p1a: Spectrier\n|-damage|p2a: Virizion|0 fnt|[from] item: Life Orb\n|faint|p2a: Virizion\n|\n|upkeep\n|inactive|Time left: 300 sec this turn | 300 sec total | 5 sec grace\n|\n|t:|1783566194\n|switch|p1a: Hariyama|Hariyama, L87, M, tera:Normal|94/100 brn\n|switch|p2a: Kyurem|Kyurem-White, L73|303/303\n|-ability|p2a: Kyurem|Turboblaze\n|turn|12\n|inactive|Time left: 300 sec this turn | 300 sec total\n|\n|t:|1783566195\n|move|p2a: Kyurem|Ice Beam|p1a: Hariyama\n|-damage|p1a: Hariyama|55/100 brn\n|move|p1a: Hariyama|Facade|p2a: Kyurem\n|-damage|p2a: Kyurem|0 fnt\n|faint|p2a: Kyurem\n|\n|-damage|p1a: Hariyama|48/100 brn|[from] brn\n|upkeep\n|inactive|Time left: 300 sec this turn | 300 sec total | 5 sec grace\n|\n|t:|1783566196\n|switch|p2a: Lokix|Lokix, L82, F|251/251\n|turn|13\n|inactive|Time left: 300 sec this turn | 300 sec total\n|\n|t:|1783566197\n|-terastallize|p2a: Lokix|Bug\n|move|p2a: Lokix|First Impression|p1a: Hariyama\n|-damage|p1a: Hariyama|0 fnt\n|faint|p1a: Hariyama\n|-damage|p2a: Lokix|226/251|[from] item: Life Orb\n|\n|upkeep\n|\n|t:|1783566198\n|switch|p1a: Reshiram|Reshiram, L76|100/100\n|-ability|p1a: Reshiram|Turboblaze\n|turn|14\n|inactive|Time left: 300 sec this turn | 300 sec total\n|\n|t:|1783566199\n|move|p2a: Lokix|Leech Life|p1a: Reshiram\n|-resisted|p1a: Reshiram\n|-damage|p1a: Reshiram|45/100\n|-heal|p2a: Lokix|251/251|[from] drain|[of] p1a: Reshiram\n|-damage|p2a: Lokix|226/251|[from] item: Life Orb\n|move|p1a: Reshiram|Flare Blitz|p2a: Lokix\n|-supereffective|p2a: Lokix\n|-damage|p2a: Lokix|0 fnt\n|faint|p2a: Lokix\n|-damage|p1a: Reshiram|18/100|[from] Recoil\n|\n|upkeep\n|inactive|Time left: 300 sec this turn | 300 sec total | 5 sec grace\n|\n|t:|1783566200\n|switch|p2a: Muk|Muk, L86, M|321/321\n|turn|15\n|inactive|Time left: 300 sec this turn | 300 sec total\n|\n|t:|1783566201\n|move|p2a: Muk|Shadow Sneak|p1a: Reshiram\n|-damage|p1a: Reshiram|6/100\n|-status|p1a: Reshiram|psn|[from] ability: Poison Touch|[of] p2a: Muk\n|move|p1a: Reshiram|Outrage|p2a: Muk\n|-damage|p2a: Muk|192/321\n|\n|-damage|p1a: Reshiram|0 fnt|[from] psn\n|faint|p1a: Reshiram\n|upkeep\n|\n|t:|1783566202\n|switch|p1a: Revavroom|Revavroom, L79, M|100/100\n|turn|16\n|inactive|Time left: 300 sec this turn | 300 sec total\n|\n|t:|1783566203\n|move|p1a: Revavroom|High Horsepower|p2a: Muk\n|-supereffective|p2a: Muk\n|-damage|p2a: Muk|0 fnt\n|faint|p2a: Muk\n|-damage|p1a: Revavroom|91/100|[from] item: Life Orb\n|\n|win|p0x23429b81", "uploadtime": 1783566203, "views": 0, "rating": 0, "private": 0, "password": null, "_winner": "p0x23429b81", "_our_name": "p0y23424a3b"}