{"id": "battle-gen9randombattle-1763", "formatid": "gen9randombattle", "format": "[Gen 9] Random Battle", "players": ["p0x176360ad", "p0y17630055"], "log": "|init|battle\n|title|p0x176360ad vs. p0y17630055\n|j|\u2606p0x176360ad\n|j|\u2606p0y17630055\n|t:|1783559667\n|gametype|singles\n|player|p1|p0x176360ad|102|\n|player|p2|p0y17630055|265|\n|gen|9\n|tier|[Gen 9] Random Battle\n|rule|Species Clause: Limit one of each Pok\u00e9mon\n|rule|HP Percentage Mod: HP is shown in percentages\n|rule|Sleep Clause Mod: Limit one foe put to sleep\n|rule|Illusion Level Mod: Illusion disguises the Pok\u00e9mon's true level\n|\n|t:|1783559667\n|teamsize|p1|6\n|teamsize|p2|6\n|start\n|switch|p1a: Victreebel|Victreebel, L90, M|290/290\n|switch|p2a: Magcargo|Magcargo, L95, F|100/100\n|turn|1\n|inactive|Battle timer is ON: inactive players will automatically lose when time's up. (requested by p0x176360ad)\n|inactive|p0y17630055 also wants the timer to be on.\n|\n|t:|1783559669\n|move|p1a: Victreebel|Sludge Wave|p2a: Magcargo\n|-resisted|p2a: Magcargo\n|-damage|p2a: Magcargo|74/100\n|-damage|p1a: Victreebel|261/290|[from] item: Life Orb\n|move|p2a: Magcargo|Lava Plume|p1a: Victreebel\n|-supereffective|p1a: Victreebel\n|-crit|p1a: Victreebel\n|-damage|p1a: Victreebel|0 fnt\n|faint|p1a: Victreebel\n|\n|upkeep\n|inactive|Time left: 300 sec this turn | 300 sec total | 65 sec grace\n|\n|t:|1783559670\n|switch|p1a: Reuniclus|Reuniclus, L88, F|337/337\n|turn|2\n|inactive|Time left: 300 sec this turn | 300 sec total\n|\n|t:|1783559672\n|move|p2a: Magcargo|Lava Plume|p1a: Reuniclus\n|-damage|p1a: Reuniclus|238/337\n|move|p1a: Reuniclus|Focus Blast|p2a: Magcargo|[miss]\n|-miss|p1a: Reuniclus|p2a: Magcargo\n|\n|upkeep\n|turn|3\n|inactive|Time left: 300 sec this turn | 300 sec total\n|\n|t:|1783559673\n|move|p2a: Magcargo|Stealth Rock|p1a: Reuniclus\n|-sidestart|p1: p0x176360ad|move: Stealth Rock\n|move|p1a: Reuniclus|Focus Blast|p2a: Magcargo|[miss]\n|-miss|p1a: Reuniclus|p2a: Magcargo\n|\n|upkeep\n|turn|4\n|inactive|Time left: 300 sec this turn | 300 sec total\n|\n|t:|1783559674\n|switch|p2a: Gothitelle|Gothitelle, L90, F|100/100\n|move|p1a: Reuniclus|Psychic|p2a: Gothitelle\n|-resisted|p2a: Gothitelle\n|-damage|p2a: Gothitelle|78/100\n|\n|-heal|p2a: Gothitelle|84/100|[from] item: Leftovers\n|upkeep\n|turn|5\n|inactive|Time left: 300 sec this turn | 300 sec total\n|\n|t:|1783559675\n|move|p2a: Gothitelle|Calm Mind|p2a: Gothitelle\n|-boost|p2a: Gothitelle|spa|1\n|-boost|p2a: Gothitelle|spd|1\n|move|p1a: Reuniclus|Calm Mind|p1a: Reuniclus\n|-boost|p1a: Reuniclus|spa|1\n|-boost|p1a: Reuniclus|spd|1\n|\n|-heal|p2a: Gothitelle|91/100|[from] item: Leftovers\n|upkeep\n|turn|6\n|inactive|Time left: 300 sec this turn | 300 sec total\n|\n|t:|1783559676\n|move|p2a: Gothitelle|Calm Mind|p2a: Gothitelle\n|-boost|p2a: Gothitelle|spa|1\n|-boost|p2a: Gothitelle|spd|1\n|move|p1a: Reuniclus|Calm Mind|p1a: Reuniclus\n|-boost|p1a: Reuniclus|spa|1\n|-boost|p1a: Reuniclus|spd|1\n|\n|-heal|p2a: Gothitelle|97/100|[from] item: Leftovers\n|upkeep\n|turn|7\n|inactive|Time left: 300 sec this turn | 300 sec total\n|\n|t:|1783559677\n|move|p2a: Gothitelle|Calm Mind|p2a: Gothitelle\n|-boost|p2a: Gothitelle|spa|1\n|-boost|p2a: Gothitelle|spd|1\n|move|p1a: Reuniclus|Recover|p1a: Reuniclus\n|-heal|p1a: Reuniclus|337/337\n|\n|-heal|p2a: Gothitelle|100/100|[from] item: Leftovers\n|upkeep\n|turn|8\n|inactive|Time left: 300 sec this turn | 300 sec total\n|\n|t:|1783559678\n|move|p2a: Gothitelle|Psychic Noise|p1a: Reuniclus\n|-resisted|p1a: Reuniclus\n|-damage|p1a: Reuniclus|278/337\n|-start|p1a: Reuniclus|move: Heal Block\n|move|p1a: Reuniclus|Calm Mind|p1a: Reuniclus\n|-boost|p1a: Reuniclus|spa|1\n|-boost|p1a: Reuniclus|spd|1\n|\n|upkeep\n|turn|9\n|inactive|Time left: 300 sec this turn | 300 sec total\n|\n|t:|1783559680\n|move|p2a: Gothitelle|Thunderbolt|p1a: Reuniclus\n|-damage|p1a: Reuniclus|206/337\n|move|p1a: Reuniclus|Psychic|p2a: Gothitelle\n|-resisted|p2a: Gothitelle\n|-damage|p2a: Gothitelle|76/100\n|\n|-heal|p2a: Gothitelle|82/100|[from] item: Leftovers\n|-end|p1a: Reuniclus|move: Heal Block\n|upkeep\n|turn|10\n|inactive|Time left: 300 sec this turn | 300 sec total\n|\n|t:|1783559681\n|move|p2a: Gothitelle|Psychic Noise|p1a: Reuniclus\n|-resisted|p1a: Reuniclus\n|-damage|p1a: Reuniclus|161/337\n|-start|p1a: Reuniclus|move: Heal Block\n|cant|p1a: Reuniclus|move: Heal Block|Recover\n|\n|-heal|p2a: Gothitelle|89/100|[from] item: Leftovers\n|upkeep\n|turn|11\n|inactive|Time left: 300 sec this turn | 300 sec total\n|\n|t:|1783559682\n|-terastallize|p1a: Reuniclus|Steel\n|move|p2a: Gothitelle|Thunderbolt|p1a: Reuniclus\n|-damage|p1a: Reuniclus|96/337\n|move|p1a: Reuniclus|Calm Mind|p1a: Reuniclus\n|-boost|p1a: Reuniclus|spa|1\n|-boost|p1a: Reuniclus|spd|1\n|\n|-heal|p2a: Gothitelle|95/100|[from] item: Leftovers\n|-end|p1a: Reuniclus|move: Heal Block\n|upkeep\n|turn|12\n|inactive|Time left: 300 sec this turn | 300 sec total\n|\n|t:|1783559683\n|move|p2a: Gothitelle|Focus Blast|p1a: Reuniclus\n|-supereffective|p1a: Reuniclus\n|-damage|p1a: Reuniclus|0 fnt\n|faint|p1a: Reuniclus\n|\n|-heal|p2a: Gothitelle|100/100|[from] item: Leftovers\n|upkeep\n|inactive|Time left: 300 sec this turn | 300 sec total | 5 sec grace\n|\n|t:|1783559684\n|switch|p1a: Articuno|Articuno, L86|295/295\n|-ability|p1a: Articuno|Pressure\n|turn|13\n|inactive|Time left: 300 sec this turn | 300 sec total\n|\n|t:|1783559685\n|move|p1a: Articuno|Haze|p1a: Articuno\n|-clearallboost\n|move|p2a: Gothitelle|Thunderbolt|p1a: Articuno\n|-supereffective|p1a: Articuno\n|-damage|p1a: Articuno|187/295\n|\n|upkeep\n|turn|14\n|inactive|Time left: 300 sec this turn | 300 sec total\n|\n|t:|1783559687\n|move|p1a: Articuno|Roost|p1a: Articuno\n|-heal|p1a: Articuno|295/295\n|-singleturn|p1a: Articuno|move: Roost\n|move|p2a: Gothitelle|Thunderbolt|p1a: Articuno\n|-damage|p1a: Articuno|238/295\n|\n|upkeep\n|turn|15\n|inactive|Time left: 300 sec this turn | 300 sec total\n|\n|t:|1783559687\n|move|p1a: Articuno|Brave Bird|p2a: Gothitelle\n|-crit|p2a: Gothitelle\n|-damage|p2a: Gothitelle|39/100\n|-damage|p1a: Articuno|183/295|[from] Recoil\n|move|p2a: Gothitelle|Psychic Noise|p1a: Articuno\n|-damage|p1a: Articuno|120/295\n|-start|p1a: Articuno|move: Heal Block\n|\n|-heal|p2a: Gothitelle|45/100|[from] item: Leftovers\n|upkeep\n|turn|16\n|inactive|Time left: 300 sec this turn | 300 sec total\n|\n|t:|1783559688\n|move|p1a: Articuno|Freeze-Dry|p2a: Gothitelle\n|-crit|p2a: Gothitelle\n|-damage|p2a: Gothitelle|13/100\n|move|p2a: Gothitelle|Thunderbolt|p1a: Articuno\n|-supereffective|p1a: Articuno\n|-damage|p1a: Articuno|12/295\n|\n|-heal|p2a: Gothitelle|19/100|[from] item: Leftovers\n|-end|p1a: Articuno|move: Heal Block\n|upkeep\n|turn|17\n|inactive|Time left: 300 sec this turn | 300 sec total\n|\n|t:|1783559689\n|move|p1a: Articuno|Roost|p1a: Articuno\n|-heal|p1a: Articuno|160/295\n|-singleturn|p1a: Articuno|move: Roost\n|move|p2a: Gothitelle|Focus Blast|p1a: Articuno|[miss]\n|-miss|p2a: Gothitelle|p1a: Articuno\n|\n|-heal|p2a: Gothitelle|25/100|[from] item: Leftovers\n|upkeep\n|turn|18\n|inactive|Time left: 300 sec this turn | 300 sec total\n|\n|t:|1783559690\n|switch|p2a: Magcargo|Magcargo, L95, F|74/100\n|move|p1a: Articuno|Roost|p1a: Articuno\n|-heal|p1a: Articuno|295/295\n|-singleturn|p1a: Articuno|move: Roost\n|\n|upkeep\n|turn|19\n|inactive|Time left: 300 sec this turn | 300 sec total\n|\n|t:|1783559691\n|switch|p1a: Espeon|Espeon, L84, M|246/246\n|-damage|p1a: Espeon|216/246|[from] Stealth Rock\n|move|p2a: Magcargo|Lava Plume|p1a: Espeon\n|-damage|p1a: Espeon|113/246\n|-status|p1a: Espeon|brn\n|\n|-damage|p1a: Espeon|98/246 brn|[from] brn\n|upkeep\n|turn|20\n|inactive|Time left: 300 sec this turn | 300 sec total\n|\n|t:|1783559692\n|move|p1a: Espeon|Psychic|p2a: Magcargo\n|-damage|p2a: Magcargo|7/100\n|-unboost|p2a: Magcargo|spd|1\n|move|p2a: Magcargo|Lava Plume|p1a: Espeon\n|-damage|p1a: Espeon|0 fnt\n|faint|p1a: Espeon\n|\n|upkeep\n|inactive|Time left: 300 sec this turn | 300 sec total | 5 sec grace\n|\n|t:|1783559693\n|switch|p1a: Rayquaza|Rayquaza, L72|270/270\n|-ability|p1a: Rayquaza|Air Lock\n|turn|21\n|inactive|Time left: 300 sec this turn | 300 sec total\n|\n|t:|1783559694\n|switch|p2a: Manaphy|Manaphy, L78|100/100\n|move|p1a: Rayquaza|Earthquake|p2a: Manaphy\n|-damage|p2a: Manaphy|73/100\n|\n|-heal|p2a: Manaphy|79/100|[from] item: Leftovers\n|upkeep\n|turn|22\n|inactive|Time left: 300 sec this turn | 300 sec total\n|\n|t:|1783559695\n|switch|p1a: Articuno|Articuno, L86|295/295\n|-ability|p1a: Articuno|Pressure\n|move|p2a: Manaphy|Ice Beam|p1a: Articuno\n|-damage|p1a: Articuno|253/295\n|\n|-heal|p2a: Manaphy|85/100|[from] item: Leftovers\n|upkeep\n|turn|23\n|inactive|Time left: 300 sec this turn | 300 sec total\n|\n|t:|1783559696\n|move|p2a: Manaphy|Surf|p1a: Articuno\n|-damage|p1a: Articuno|193/295\n|move|p1a: Articuno|Freeze-Dry|p2a: Manaphy\n|-supereffective|p2a: Manaphy\n|-damage|p2a: Manaphy|33/100\n|\n|-heal|p2a: Manaphy|39/100|[from] item: Leftovers\n|upkeep\n|turn|24\n|inactive|Time left: 300 sec this turn | 300 sec total\n|\n|t:|1783559697\n|move|p2a: Manaphy|Surf|p1a: Articuno\n|-damage|p1a: Articuno|126/295\n|move|p1a: Articuno|Freeze-Dry|p2a: Manaphy\n|-supereffective|p2a: Manaphy\n|-damage|p2a: Manaphy|0 fnt\n|faint|p2a: Manaphy\n|\n|upkeep\n|\n|t:|1783559698\n|switch|p2a: Thundurus|Thundurus, L80, M|100/100\n|turn|25\n|inactive|Time left: 300 sec this turn | 300 sec total\n|\n|t:|1783559699\n|move|p2a: Thundurus|Thunderbolt|p1a: Articuno\n|-supereffective|p1a: Articuno\n|-damage|p1a: Articuno|0 fnt\n|faint|p1a: Articuno\n|\n|upkeep\n|inactive|Time left: 300 sec this turn | 300 sec total | 5 sec grace\n|\n|t:|1783559701\n|switch|p1a: Lucario|Lucario, L84, M|255/255\n|-damage|p1a: Lucario|248/255|[from] Stealth Rock\n|turn|26\n|inactive|Time left: 300 sec this turn | 300 sec total\n|\n|t:|1783559701\n|move|p2a: Thundurus|Nasty Plot|p2a: Thundurus\n|-boost|p2a: Thundurus|spa|2\n|move|p1a: Lucario|Stone Edge|p2a: Thundurus|[miss]\n|-miss|p1a: Lucario|p2a: Thundurus\n|\n|upkeep\n|turn|27\n|inactive|Time left: 300 sec this turn | 300 sec total\n|\n|t:|1783559702\n|-terastallize|p2a: Thundurus|Steel\n|move|p2a: Thundurus|Thunderbolt|p1a: Lucario\n|-damage|p1a: Lucario|10/255\n|move|p1a: Lucario|Stone Edge|p2a: Thundurus\n|-resisted|p2a: Thundurus\n|-crit|p2a: Thundurus\n|-damage|p2a: Thundurus|57/100\n|\n|upkeep\n|turn|28\n|inactive|Time left: 300 sec this turn | 300 sec total\n|\n|t:|1783559704\n|switch|p1a: Rayquaza|Rayquaza, L72|270/270\n|-ability|p1a: Rayquaza|Air Lock\n|move|p2a: Thundurus|Nasty Plot|p2a: Thundurus\n|-boost|p2a: Thundurus|spa|2\n|\n|upkeep\n|turn|29\n|inactive|Time left: 300 sec this turn | 300 sec total\n|\n|t:|1783559705\n|switch|p1a: Lucario|Lucario, L84, M|10/255\n|-damage|p1a: Lucario|3/255|[from] Stealth Rock\n|move|p2a: Thundurus|Thunderbolt|p1a: Lucario\n|-damage|p1a: Lucario|0 fnt\n|faint|p1a: Lucario\n|\n|upkeep\n|inactive|Time left: 300 sec this turn | 300 sec total | 5 sec grace\n|\n|t:|1783559706\n|switch|p1a: Rayquaza|Rayquaza, L72|270/270\n|-ability|p1a: Rayquaza|Air Lock\n|turn|30\n|inactive|Time left: 300 sec this turn | 300 sec total\n|\n|t:|1783559707\n|move|p2a: Thundurus|Thunderbolt|p1a: Rayquaza\n|-damage|p1a: Rayquaza|0 fnt\n|faint|p1a: Rayquaza\n|\n|win|p0y17630055", "uploadtime": 1783559707, "views": 0, "rating": 0, "private": 0, "password": null, "_winner": "p0y17630055", "_our_name": "p0x176360ad"}