{"id": "battle-gen9randombattle-13", "formatid": "gen9randombattle", "format": "[Gen 9] Random Battle", "players": ["p0x0137fc6", "p0y0130208"], "log": "|init|battle\n|title|p0x0137fc6 vs. p0y0130208\n|j|\u2606p0x0137fc6\n|j|\u2606p0y0130208\n|t:|1783539334\n|gametype|singles\n|player|p1|p0x0137fc6|170|\n|player|p2|p0y0130208|170|\n|gen|9\n|tier|[Gen 9] Random Battle\n|rule|Species Clause: Limit one of each Pok\u00e9mon\n|rule|HP Percentage Mod: HP is shown in percentages\n|rule|Sleep Clause Mod: Limit one foe put to sleep\n|rule|Illusion Level Mod: Illusion disguises the Pok\u00e9mon's true level\n|\n|t:|1783539334\n|teamsize|p1|6\n|teamsize|p2|6\n|start\n|switch|p1a: Stonjourner|Stonjourner, L91, F|330/330\n|switch|p2a: Sneasler|Sneasler, L74, F|100/100\n|turn|1\n|inactive|Battle timer is ON: inactive players will automatically lose when time's up. (requested by p0y0130208)\n|inactive|Time left: 300 sec this turn | 300 sec total | 60 sec grace\n|inactive|p0x0137fc6 also wants the timer to be on.\n|\n|t:|1783539336\n|move|p2a: Sneasler|Close Combat|p1a: Stonjourner\n|-supereffective|p1a: Stonjourner\n|-damage|p1a: Stonjourner|78/330\n|-unboost|p2a: Sneasler|def|1\n|-unboost|p2a: Sneasler|spd|1\n|move|p1a: Stonjourner|Heat Crash|p2a: Sneasler\n|-damage|p2a: Sneasler|0 fnt\n|faint|p2a: Sneasler\n|-damage|p1a: Stonjourner|45/330|[from] item: Life Orb\n|\n|upkeep\n|\n|t:|1783539337\n|switch|p2a: Bruxish|Bruxish, L85, F|100/100\n|turn|2\n|inactive|Time left: 300 sec this turn | 300 sec total\n|\n|t:|1783539338\n|switch|p1a: Houndstone|Houndstone, L86, F|264/264\n|move|p2a: Bruxish|Psychic Fangs|p1a: Houndstone\n|-damage|p1a: Houndstone|174/264\n|\n|upkeep\n|turn|3\n|inactive|Time left: 300 sec this turn | 300 sec total\n|\n|t:|1783539339\n|move|p2a: Bruxish|Psychic Fangs|p1a: Houndstone\n|-damage|p1a: Houndstone|81/264\n|move|p1a: Houndstone|Poltergeist|p2a: Bruxish\n|-activate|p2a: Bruxish|move: Poltergeist|Choice Band\n|-supereffective|p2a: Bruxish\n|-damage|p2a: Bruxish|0 fnt\n|faint|p2a: Bruxish\n|\n|upkeep\n|\n|t:|1783539340\n|switch|p2a: Minior|Minior-Blue, L79|100/100\n|-formechange|p2a: Minior|Minior-Meteor||[from] ability: Shields Down\n|turn|4\n|inactive|Time left: 300 sec this turn | 300 sec total\n|\n|t:|1783539341\n|switch|p1a: Perrserker|Perrserker, L89, M|269/269\n|move|p2a: Minior|Shell Smash|p2a: Minior\n|-unboost|p2a: Minior|def|1\n|-unboost|p2a: Minior|spd|1\n|-boost|p2a: Minior|atk|2\n|-boost|p2a: Minior|spa|2\n|-boost|p2a: Minior|spe|2\n|-enditem|p2a: Minior|White Herb\n|-clearnegativeboost|p2a: Minior|[silent]\n|\n|upkeep\n|turn|5\n|inactive|Time left: 300 sec this turn | 300 sec total\n|\n|t:|1783539342\n|-terastallize|p1a: Perrserker|Fighting\n|move|p2a: Minior|Acrobatics|p1a: Perrserker\n|-supereffective|p1a: Perrserker\n|-damage|p1a: Perrserker|5/269\n|move|p1a: Perrserker|Close Combat|p2a: Minior\n|-damage|p2a: Minior|0 fnt\n|-unboost|p1a: Perrserker|def|1\n|-unboost|p1a: Perrserker|spd|1\n|faint|p2a: Minior\n|\n|upkeep\n|\n|t:|1783539343\n|switch|p2a: Charizard|Charizard, L85, M|100/100\n|turn|6\n|inactive|Time left: 300 sec this turn | 300 sec total\n|\n|t:|1783539344\n|move|p2a: Charizard|Flamethrower|p1a: Perrserker\n|-damage|p1a: Perrserker|0 fnt\n|faint|p1a: Perrserker\n|\n|upkeep\n|inactive|Time left: 300 sec this turn | 300 sec total | 5 sec grace\n|\n|t:|1783539345\n|switch|p1a: Probopass|Probopass, L91, F|257/257\n|turn|7\n|inactive|Time left: 300 sec this turn | 300 sec total\n|\n|t:|1783539346\n|move|p2a: Charizard|Earthquake|p1a: Probopass\n|-supereffective|p1a: Probopass\n|-damage|p1a: Probopass|101/257\n|move|p1a: Probopass|Power Gem|p2a: Charizard\n|-supereffective|p2a: Charizard\n|-damage|p2a: Charizard|0 fnt\n|faint|p2a: Charizard\n|\n|-heal|p1a: Probopass|117/257|[from] item: Leftovers\n|upkeep\n|\n|t:|1783539347\n|switch|p2a: Ursaring|Ursaring, L84, F|100/100\n|turn|8\n|inactive|Time left: 300 sec this turn | 300 sec total\n|\n|t:|1783539348\n|switch|p1a: Noivern|Noivern, L82, F|274/274\n|move|p2a: Ursaring|Close Combat|p1a: Noivern\n|-resisted|p1a: Noivern\n|-damage|p1a: Noivern|219/274\n|-unboost|p2a: Ursaring|def|1\n|-unboost|p2a: Ursaring|spd|1\n|\n|-status|p2a: Ursaring|tox|[from] item: Toxic Orb\n|upkeep\n|turn|9\n|inactive|Time left: 300 sec this turn | 300 sec total\n|\n|t:|1783539349\n|switch|p2a: Cyclizar|Cyclizar, L84, M|100/100\n|move|p1a: Noivern|Hurricane|p2a: Cyclizar\n|-damage|p2a: Cyclizar|43/100\n|\n|upkeep\n|turn|10\n|inactive|Time left: 300 sec this turn | 300 sec total\n|\n|t:|1783539349\n|switch|p2a: Ursaring|Ursaring, L84, F|100/100 tox\n|switch|p1a: Probopass|Probopass, L91, F|117/257\n|\n|-heal|p1a: Probopass|133/257|[from] item: Leftovers\n|-damage|p2a: Ursaring|94/100 tox|[from] psn\n|upkeep\n|turn|11\n|inactive|Time left: 300 sec this turn | 300 sec total\n|\n|t:|1783539350\n|move|p2a: Ursaring|Close Combat|p1a: Probopass\n|-supereffective|p1a: Probopass\n|-damage|p1a: Probopass|0 fnt\n|-unboost|p2a: Ursaring|def|1\n|-unboost|p2a: Ursaring|spd|1\n|faint|p1a: Probopass\n|\n|-damage|p2a: Ursaring|82/100 tox|[from] psn\n|upkeep\n|inactive|Time left: 300 sec this turn | 300 sec total | 5 sec grace\n|\n|t:|1783539351\n|switch|p1a: Swampert|Swampert, L83, F|302/302\n|turn|12\n|inactive|Time left: 300 sec this turn | 300 sec total\n|\n|t:|1783539352\n|switch|p2a: Cyclizar|Cyclizar, L84, M|76/100\n|move|p1a: Swampert|Earthquake|p2a: Cyclizar\n|-damage|p2a: Cyclizar|22/100\n|\n|upkeep\n|turn|13\n|inactive|Time left: 300 sec this turn | 300 sec total\n|\n|t:|1783539353\n|move|p2a: Cyclizar|Draco Meteor|p1a: Swampert\n|-damage|p1a: Swampert|172/302\n|-unboost|p2a: Cyclizar|spa|2\n|move|p1a: Swampert|Earthquake|p2a: Cyclizar\n|-damage|p2a: Cyclizar|0 fnt\n|faint|p2a: Cyclizar\n|\n|-heal|p1a: Swampert|190/302|[from] item: Leftovers\n|upkeep\n|\n|t:|1783539354\n|switch|p2a: Ursaring|Ursaring, L84, F|82/100 tox\n|turn|14\n|inactive|Time left: 300 sec this turn | 300 sec total\n|\n|t:|1783539355\n|-terastallize|p2a: Ursaring|Normal\n|move|p2a: Ursaring|Facade|p1a: Swampert\n|-damage|p1a: Swampert|0 fnt\n|faint|p1a: Swampert\n|\n|-damage|p2a: Ursaring|75/100 tox|[from] psn\n|upkeep\n|inactive|Time left: 300 sec this turn | 300 sec total | 5 sec grace\n|\n|t:|1783539356\n|switch|p1a: Houndstone|Houndstone, L86, F|81/264\n|turn|15\n|inactive|Time left: 300 sec this turn | 300 sec total\n|\n|t:|1783539357\n|move|p2a: Ursaring|Swords Dance|p2a: Ursaring\n|-boost|p2a: Ursaring|atk|2\n|move|p1a: Houndstone|Body Press|p2a: Ursaring\n|-supereffective|p2a: Ursaring\n|-damage|p2a: Ursaring|30/100 tox\n|\n|-damage|p2a: Ursaring|17/100 tox|[from] psn\n|upkeep\n|turn|16\n|inactive|Time left: 300 sec this turn | 300 sec total\n|\n|t:|1783539358\n|switch|p1a: Stonjourner|Stonjourner, L91, F|45/330\n|move|p2a: Ursaring|Crunch|p1a: Stonjourner\n|-damage|p1a: Stonjourner|0 fnt\n|faint|p1a: Stonjourner\n|\n|-damage|p2a: Ursaring|0 fnt|[from] psn\n|faint|p2a: Ursaring\n|\n|win|p0x0137fc6", "uploadtime": 1783539358, "views": 0, "rating": 0, "private": 0, "password": null, "_winner": "p0x0137fc6", "_our_name": "p0x0137fc6"}