{"id": "battle-gen9randombattle-546", "formatid": "gen9randombattle", "format": "[Gen 9] Random Battle", "players": ["p0x54621f6", "p0y5463551"], "log": "|init|battle\n|title|p0x54621f6 vs. p0y5463551\n|j|\u2606p0x54621f6\n|j|\u2606p0y5463551\n|t:|1783545412\n|gametype|singles\n|player|p1|p0x54621f6|1|\n|player|p2|p0y5463551|101|\n|gen|9\n|tier|[Gen 9] Random Battle\n|rule|Species Clause: Limit one of each Pok\u00e9mon\n|rule|HP Percentage Mod: HP is shown in percentages\n|rule|Sleep Clause Mod: Limit one foe put to sleep\n|rule|Illusion Level Mod: Illusion disguises the Pok\u00e9mon's true level\n|\n|t:|1783545412\n|teamsize|p1|6\n|teamsize|p2|6\n|start\n|switch|p1a: Donphan|Donphan, L84, F|100/100\n|switch|p2a: Tinkaton|Tinkaton, L82, F|274/274\n|-ability|p2a: Tinkaton|Mold Breaker\n|turn|1\n|inactive|Battle timer is ON: inactive players will automatically lose when time's up. (requested by p0x54621f6)\n|inactive|Time left: 300 sec this turn | 300 sec total | 60 sec grace\n|inactive|p0y5463551 also wants the timer to be on.\n|\n|t:|1783545413\n|switch|p2a: Tsareena|Tsareena, L87, F|267/267\n|move|p1a: Donphan|Earthquake|p2a: Tsareena\n|-resisted|p2a: Tsareena\n|-damage|p2a: Tsareena|213/267\n|\n|upkeep\n|turn|2\n|inactive|Time left: 300 sec this turn | 300 sec total\n|\n|t:|1783545414\n|switch|p1a: Sinistcha|Sinistcha, L83|100/100\n|move|p2a: Tsareena|Power Whip|p1a: Sinistcha\n|-resisted|p1a: Sinistcha\n|-damage|p1a: Sinistcha|63/100\n|-damage|p2a: Tsareena|187/267|[from] item: Life Orb\n|\n|-heal|p1a: Sinistcha|69/100|[from] item: Leftovers\n|upkeep\n|turn|3\n|inactive|Time left: 300 sec this turn | 300 sec total\n|\n|t:|1783545415\n|switch|p1a: Passimian|Passimian, L83, F|100/100\n|move|p2a: Tsareena|Knock Off|p1a: Passimian\n|-resisted|p1a: Passimian\n|-damage|p1a: Passimian|82/100\n|-enditem|p1a: Passimian|Leftovers|[from] move: Knock Off|[of] p2a: Tsareena\n|-damage|p2a: Tsareena|161/267|[from] item: Life Orb\n|\n|upkeep\n|turn|4\n|inactive|Time left: 300 sec this turn | 300 sec total\n|\n|t:|1783545416\n|move|p1a: Passimian|Bulk Up|p1a: Passimian\n|-boost|p1a: Passimian|atk|1\n|-boost|p1a: Passimian|def|1\n|move|p2a: Tsareena|Synthesis|p2a: Tsareena\n|-heal|p2a: Tsareena|267/267\n|\n|upkeep\n|turn|5\n|inactive|Time left: 300 sec this turn | 300 sec total\n|\n|t:|1783545416\n|switch|p2a: Hydrapple|Hydrapple, L83, M|312/312\n|move|p1a: Passimian|Drain Punch|p2a: Hydrapple\n|-damage|p2a: Hydrapple|203/312\n|-heal|p1a: Passimian|99/100|[from] drain|[of] p2a: Hydrapple\n|\n|upkeep\n|turn|6\n|inactive|Time left: 300 sec this turn | 300 sec total\n|\n|t:|1783545418\n|switch|p2a: Tinkaton|Tinkaton, L82, F|274/274\n|-ability|p2a: Tinkaton|Mold Breaker\n|move|p1a: Passimian|Gunk Shot|p2a: Tinkaton\n|-immune|p2a: Tinkaton\n|\n|upkeep\n|turn|7\n|inactive|Time left: 300 sec this turn | 300 sec total\n|\n|t:|1783545419\n|move|p2a: Tinkaton|Swords Dance|p2a: Tinkaton\n|-boost|p2a: Tinkaton|atk|2\n|move|p1a: Passimian|Drain Punch|p2a: Tinkaton\n|-damage|p2a: Tinkaton|130/274\n|-heal|p1a: Passimian|100/100|[from] drain|[of] p2a: Tinkaton\n|\n|-heal|p2a: Tinkaton|147/274|[from] item: Leftovers\n|upkeep\n|turn|8\n|inactive|Time left: 300 sec this turn | 300 sec total\n|\n|t:|1783545420\n|move|p2a: Tinkaton|Protect|p2a: Tinkaton\n|-singleturn|p2a: Tinkaton|Protect\n|move|p1a: Passimian|Drain Punch|p2a: Tinkaton\n|-activate|p2a: Tinkaton|move: Protect\n|\n|-heal|p2a: Tinkaton|164/274|[from] item: Leftovers\n|upkeep\n|turn|9\n|inactive|Time left: 300 sec this turn | 300 sec total\n|\n|t:|1783545421\n|move|p2a: Tinkaton|Play Rough|p1a: Passimian\n|-supereffective|p1a: Passimian\n|-damage|p1a: Passimian|39/100\n|move|p1a: Passimian|Drain Punch|p2a: Tinkaton\n|-damage|p2a: Tinkaton|13/274\n|-heal|p1a: Passimian|64/100|[from] drain|[of] p2a: Tinkaton\n|\n|-heal|p2a: Tinkaton|30/274|[from] item: Leftovers\n|upkeep\n|turn|10\n|inactive|Time left: 300 sec this turn | 300 sec total\n|\n|t:|1783545422\n|move|p2a: Tinkaton|Play Rough|p1a: Passimian\n|-supereffective|p1a: Passimian\n|-damage|p1a: Passimian|0 fnt\n|faint|p1a: Passimian\n|\n|-heal|p2a: Tinkaton|47/274|[from] item: Leftovers\n|upkeep\n|\n|t:|1783545424\n|switch|p1a: Magcargo|Magcargo, L95, F|100/100\n|turn|11\n|inactive|Time left: 300 sec this turn | 300 sec total\n|\n|t:|1783545425\n|move|p2a: Tinkaton|Gigaton Hammer|p1a: Magcargo\n|-damage|p1a: Magcargo|32/100\n|move|p1a: Magcargo|Lava Plume|p2a: Tinkaton\n|-supereffective|p2a: Tinkaton\n|-damage|p2a: Tinkaton|0 fnt\n|faint|p2a: Tinkaton\n|\n|upkeep\n|inactive|Time left: 300 sec this turn | 300 sec total | 5 sec grace\n|\n|t:|1783545426\n|switch|p2a: Hydrapple|Hydrapple, L83, M|307/312\n|turn|12\n|inactive|Time left: 300 sec this turn | 300 sec total\n|\n|t:|1783545427\n|switch|p1a: Sinistcha|Sinistcha, L83|69/100\n|move|p2a: Hydrapple|Fickle Beam|p1a: Sinistcha\n|-damage|p1a: Sinistcha|23/100\n|\n|-heal|p1a: Sinistcha|29/100|[from] item: Leftovers\n|upkeep\n|turn|13\n|inactive|Time left: 300 sec this turn | 300 sec total\n|\n|t:|1783545428\n|move|p1a: Sinistcha|Strength Sap|p2a: Hydrapple\n|-unboost|p2a: Hydrapple|atk|1\n|-heal|p1a: Sinistcha|99/100\n|move|p2a: Hydrapple|Fickle Beam|p1a: Sinistcha\n|-damage|p1a: Sinistcha|54/100\n|\n|-heal|p1a: Sinistcha|60/100|[from] item: Leftovers\n|upkeep\n|turn|14\n|inactive|Time left: 300 sec this turn | 300 sec total\n|\n|t:|1783545429\n|move|p1a: Sinistcha|Strength Sap|p2a: Hydrapple\n|-unboost|p2a: Hydrapple|atk|1\n|-heal|p1a: Sinistcha|100/100\n|move|p2a: Hydrapple|Fickle Beam|p1a: Sinistcha\n|-damage|p1a: Sinistcha|55/100\n|\n|-heal|p1a: Sinistcha|61/100|[from] item: Leftovers\n|upkeep\n|turn|15\n|inactive|Time left: 300 sec this turn | 300 sec total\n|\n|t:|1783545430\n|move|p1a: Sinistcha|Strength Sap|p2a: Hydrapple\n|-unboost|p2a: Hydrapple|atk|1\n|-heal|p1a: Sinistcha|97/100\n|move|p2a: Hydrapple|Fickle Beam|p1a: Sinistcha\n|-damage|p1a: Sinistcha|53/100\n|\n|-heal|p1a: Sinistcha|59/100|[from] item: Leftovers\n|upkeep\n|turn|16\n|inactive|Time left: 300 sec this turn | 300 sec total\n|\n|t:|1783545431\n|move|p1a: Sinistcha|Strength Sap|p2a: Hydrapple\n|-unboost|p2a: Hydrapple|atk|1\n|-heal|p1a: Sinistcha|87/100\n|move|p2a: Hydrapple|Fickle Beam|p1a: Sinistcha\n|-damage|p1a: Sinistcha|43/100\n|\n|-heal|p1a: Sinistcha|49/100|[from] item: Leftovers\n|upkeep\n|turn|17\n|inactive|Time left: 300 sec this turn | 300 sec total\n|\n|t:|1783545432\n|move|p1a: Sinistcha|Calm Mind|p1a: Sinistcha\n|-boost|p1a: Sinistcha|spa|1\n|-boost|p1a: Sinistcha|spd|1\n|move|p2a: Hydrapple|Fickle Beam|p1a: Sinistcha|[anim] Fickle Beam All Out\n|-activate|p2a: Hydrapple|move: Fickle Beam\n|-crit|p1a: Sinistcha\n|-damage|p1a: Sinistcha|0 fnt\n|faint|p1a: Sinistcha\n|\n|upkeep\n|\n|t:|1783545433\n|switch|p1a: Regirock|Regirock, L83|100/100\n|turn|18\n|inactive|Time left: 300 sec this turn | 300 sec total\n|\n|t:|1783545434\n|move|p1a: Regirock|Iron Defense|p1a: Regirock\n|-boost|p1a: Regirock|def|2\n|move|p2a: Hydrapple|Giga Drain|p1a: Regirock\n|-supereffective|p1a: Regirock\n|-damage|p1a: Regirock|40/100\n|-heal|p2a: Hydrapple|312/312|[from] drain|[of] p1a: Regirock\n|\n|-heal|p1a: Regirock|46/100|[from] item: Leftovers\n|upkeep\n|turn|19\n|inactive|Time left: 300 sec this turn | 300 sec total\n|\n|t:|1783545435\n|-terastallize|p1a: Regirock|Fighting\n|move|p1a: Regirock|Body Press|p2a: Hydrapple\n|-damage|p2a: Hydrapple|47/312\n|move|p2a: Hydrapple|Giga Drain|p1a: Regirock\n|-crit|p1a: Regirock\n|-damage|p1a: Regirock|0 fnt\n|-heal|p2a: Hydrapple|108/312|[from] drain|[of] p1a: Regirock\n|faint|p1a: Regirock\n|\n|upkeep\n|\n|t:|1783545436\n|switch|p1a: Altaria|Altaria, L89, M|100/100\n|turn|20\n|inactive|Time left: 300 sec this turn | 300 sec total\n|\n|t:|1783545437\n|switch|p2a: Greedent|Greedent, L86, M|347/347\n|move|p1a: Altaria|Dragon Dance|p1a: Altaria\n|-boost|p1a: Altaria|atk|1\n|-boost|p1a: Altaria|spe|1\n|\n|upkeep\n|turn|21\n|inactive|Time left: 300 sec this turn | 300 sec total\n|\n|t:|1783545438\n|move|p1a: Altaria|Dragon Dance|p1a: Altaria\n|-boost|p1a: Altaria|atk|1\n|-boost|p1a: Altaria|spe|1\n|move|p2a: Greedent|Swords Dance|p2a: Greedent\n|-boost|p2a: Greedent|atk|2\n|\n|upkeep\n|turn|22\n|inactive|Time left: 300 sec this turn | 300 sec total\n|\n|t:|1783545439\n|move|p1a: Altaria|Earthquake|p2a: Greedent\n|-damage|p2a: Greedent|242/347\n|move|p2a: Greedent|Double-Edge|p1a: Altaria\n|-damage|p1a: Altaria|9/100\n|-damage|p2a: Greedent|158/347|[from] Recoil\n|-enditem|p2a: Greedent|Sitrus Berry|[eat]\n|-heal|p2a: Greedent|244/347|[from] item: Sitrus Berry\n|-heal|p2a: Greedent|347/347|[from] ability: Cheek Pouch\n|\n|upkeep\n|turn|23\n|inactive|Time left: 300 sec this turn | 300 sec total\n|\n|t:|1783545440\n|move|p1a: Altaria|Brave Bird|p2a: Greedent\n|-damage|p2a: Greedent|152/347\n|-damage|p1a: Altaria|0 fnt|[from] Recoil\n|faint|p1a: Altaria\n|move|p2a: Greedent|Double-Edge|p1: Altaria|[notarget]\n|-fail|p2a: Greedent\n|\n|upkeep\n|\n|t:|1783545441\n|switch|p1a: Magcargo|Magcargo, L95, F|32/100\n|turn|24\n|inactive|Time left: 300 sec this turn | 300 sec total\n|\n|t:|1783545442\n|move|p1a: Magcargo|Lava Plume|p2a: Greedent\n|-damage|p2a: Greedent|49/347\n|-status|p2a: Greedent|brn\n|move|p2a: Greedent|Earthquake|p1a: Magcargo\n|-supereffective|p1a: Magcargo\n|-damage|p1a: Magcargo|0 fnt\n|faint|p1a: Magcargo\n|\n|-damage|p2a: Greedent|28/347 brn|[from] brn\n|upkeep\n|\n|t:|1783545443\n|switch|p1a: Donphan|Donphan, L84, F|100/100\n|turn|25\n|inactive|Time left: 300 sec this turn | 300 sec total\n|\n|t:|1783545444\n|switch|p2a: Tsareena|Tsareena, L87, F|267/267\n|move|p1a: Donphan|Rapid Spin|p2a: Tsareena\n|-damage|p2a: Tsareena|229/267\n|-boost|p1a: Donphan|spe|1\n|\n|upkeep\n|turn|26\n|inactive|Time left: 300 sec this turn | 300 sec total\n|\n|t:|1783545445\n|move|p1a: Donphan|Ice Spinner|p2a: Tsareena\n|-supereffective|p2a: Tsareena\n|-damage|p2a: Tsareena|109/267\n|move|p2a: Tsareena|Power Whip|p1a: Donphan\n|-supereffective|p1a: Donphan\n|-ability|p1a: Donphan|Sturdy\n|-damage|p1a: Donphan|1/100\n|-damage|p2a: Tsareena|83/267|[from] item: Life Orb\n|\n|upkeep\n|turn|27\n|inactive|Time left: 300 sec this turn | 300 sec total\n|\n|t:|1783545447\n|-terastallize|p2a: Tsareena|Steel\n|move|p1a: Donphan|Earthquake|p2a: Tsareena\n|-supereffective|p2a: Tsareena\n|-damage|p2a: Tsareena|0 fnt\n|faint|p2a: Tsareena\n|\n|upkeep\n|inactive|Time left: 300 sec this turn | 300 sec total | 5 sec grace\n|\n|t:|1783545448\n|switch|p2a: Heatran|Heatran, L79, M|273/273\n|-item|p2a: Heatran|Air Balloon\n|turn|28\n|inactive|Time left: 300 sec this turn | 300 sec total\n|\n|t:|1783545449\n|move|p1a: Donphan|Ice Shard|p2a: Heatran\n|-resisted|p2a: Heatran\n|-damage|p2a: Heatran|266/273\n|-enditem|p2a: Heatran|Air Balloon\n|move|p2a: Heatran|Earth Power|p1a: Donphan\n|-damage|p1a: Donphan|0 fnt\n|faint|p1a: Donphan\n|\n|win|p0y5463551", "uploadtime": 1783545449, "views": 0, "rating": 0, "private": 0, "password": null, "_winner": "p0y5463551", "_our_name": "p0y5463551"}