{"id": "battle-gen9randombattle-1534", "formatid": "gen9randombattle", "format": "[Gen 9] Random Battle", "players": ["p0x1534db0a", "p0y15342d15"], "log": "|init|battle\n|title|p0x1534db0a vs. p0y15342d15\n|j|\u2606p0x1534db0a\n|j|\u2606p0y15342d15\n|t:|1783556932\n|gametype|singles\n|player|p1|p0x1534db0a|101|\n|player|p2|p0y15342d15|170|\n|gen|9\n|tier|[Gen 9] Random Battle\n|rule|Species Clause: Limit one of each Pok\u00e9mon\n|rule|HP Percentage Mod: HP is shown in percentages\n|rule|Sleep Clause Mod: Limit one foe put to sleep\n|rule|Illusion Level Mod: Illusion disguises the Pok\u00e9mon's true level\n|\n|t:|1783556932\n|teamsize|p1|6\n|teamsize|p2|6\n|start\n|switch|p1a: Iron Leaves|Iron Leaves, L80|100/100\n|switch|p2a: Vaporeon|Vaporeon, L86, F|364/364\n|turn|1\n|inactive|Battle timer is ON: inactive players will automatically lose when time's up. (requested by p0y15342d15)\n|inactive|p0x1534db0a also wants the timer to be on.\n|\n|t:|1783556934\n|switch|p2a: Gholdengo|Gholdengo, L77|261/261\n|move|p1a: Iron Leaves|Leaf Blade|p2a: Gholdengo\n|-resisted|p2a: Gholdengo\n|-crit|p2a: Gholdengo\n|-damage|p2a: Gholdengo|153/261\n|-damage|p1a: Iron Leaves|91/100|[from] item: Life Orb\n|\n|-heal|p2a: Gholdengo|169/261|[from] item: Leftovers\n|upkeep\n|turn|2\n|inactive|Time left: 300 sec this turn | 300 sec total\n|\n|t:|1783556935\n|move|p1a: Iron Leaves|Swords Dance|p1a: Iron Leaves\n|-boost|p1a: Iron Leaves|atk|2\n|move|p2a: Gholdengo|Nasty Plot|p2a: Gholdengo\n|-boost|p2a: Gholdengo|spa|2\n|\n|-heal|p2a: Gholdengo|185/261|[from] item: Leftovers\n|upkeep\n|turn|3\n|inactive|Time left: 300 sec this turn | 300 sec total\n|\n|t:|1783556936\n|move|p1a: Iron Leaves|Leaf Blade|p2a: Gholdengo\n|-resisted|p2a: Gholdengo\n|-damage|p2a: Gholdengo|36/261\n|-damage|p1a: Iron Leaves|81/100|[from] item: Life Orb\n|move|p2a: Gholdengo|Make It Rain|p1a: Iron Leaves\n|-damage|p1a: Iron Leaves|0 fnt\n|-unboost|p2a: Gholdengo|spa|1\n|faint|p1a: Iron Leaves\n|-end|p1a: Iron Leaves|Quark Drive|[silent]\n|\n|-heal|p2a: Gholdengo|52/261|[from] item: Leftovers\n|upkeep\n|\n|t:|1783556937\n|switch|p1a: Cinccino|Cinccino, L83, F|100/100\n|turn|4\n|inactive|Time left: 300 sec this turn | 300 sec total\n|\n|t:|1783556938\n|switch|p2a: Kingambit|Kingambit, L74, F|270/270\n|move|p1a: Cinccino|Triple Axel|p2a: Kingambit\n|-resisted|p2a: Kingambit\n|-damage|p2a: Kingambit|261/270\n|-resisted|p2a: Kingambit\n|-damage|p2a: Kingambit|244/270\n|-resisted|p2a: Kingambit\n|-damage|p2a: Kingambit|216/270\n|-hitcount|p2a: Kingambit|3\n|\n|-heal|p2a: Kingambit|232/270|[from] item: Leftovers\n|upkeep\n|turn|5\n|inactive|Time left: 300 sec this turn | 300 sec total\n|\n|t:|1783556939\n|move|p1a: Cinccino|U-turn|p2a: Kingambit\n|-damage|p2a: Kingambit|187/270\n|\n|t:|1783556940\n|switch|p1a: Haxorus|Haxorus, L77, F|100/100|[from] U-turn\n|-ability|p1a: Haxorus|Mold Breaker\n|move|p2a: Kingambit|Swords Dance|p2a: Kingambit\n|-boost|p2a: Kingambit|atk|2\n|\n|-heal|p2a: Kingambit|203/270|[from] item: Leftovers\n|upkeep\n|turn|6\n|inactive|Time left: 300 sec this turn | 300 sec total\n|\n|t:|1783556941\n|move|p1a: Haxorus|Close Combat|p2a: Kingambit\n|-supereffective|p2a: Kingambit\n|-damage|p2a: Kingambit|0 fnt\n|-unboost|p1a: Haxorus|def|1\n|-unboost|p1a: Haxorus|spd|1\n|faint|p2a: Kingambit\n|-end|p2a: Kingambit|fallenundefined|[silent]\n|\n|upkeep\n|inactive|Time left: 300 sec this turn | 300 sec total | 5 sec grace\n|\n|t:|1783556942\n|switch|p2a: Landorus|Landorus-Therian, L76, M|260/260\n|-ability|p2a: Landorus|Intimidate|boost\n|-unboost|p1a: Haxorus|atk|1\n|turn|7\n|inactive|Time left: 300 sec this turn | 300 sec total\n|\n|t:|1783556943\n|switch|p1a: Hydreigon|Hydreigon, L79, F|100/100\n|move|p2a: Landorus|Earthquake|p1a: Hydreigon\n|-immune|p1a: Hydreigon|[from] ability: Levitate\n|\n|upkeep\n|turn|8\n|inactive|Time left: 300 sec this turn | 300 sec total\n|\n|t:|1783556944\n|switch|p2a: Blissey|Blissey, L85, F|572/572\n|move|p1a: Hydreigon|Nasty Plot|p1a: Hydreigon\n|-boost|p1a: Hydreigon|spa|2\n|\n|upkeep\n|turn|9\n|inactive|Time left: 300 sec this turn | 300 sec total\n|\n|t:|1783556945\n|move|p1a: Hydreigon|Nasty Plot|p1a: Hydreigon\n|-boost|p1a: Hydreigon|spa|2\n|move|p2a: Blissey|Seismic Toss|p1a: Hydreigon\n|-damage|p1a: Hydreigon|70/100\n|\n|upkeep\n|turn|10\n|inactive|Time left: 300 sec this turn | 300 sec total\n|\n|t:|1783556946\n|move|p1a: Hydreigon|Dark Pulse|p2a: Blissey\n|-damage|p2a: Blissey|313/572\n|-damage|p1a: Hydreigon|60/100|[from] item: Life Orb\n|move|p2a: Blissey|Thunder Wave|p1a: Hydreigon\n|-status|p1a: Hydreigon|par\n|\n|-heal|p2a: Blissey|348/572|[from] item: Leftovers\n|upkeep\n|turn|11\n|inactive|Time left: 300 sec this turn | 300 sec total\n|\n|t:|1783556947\n|move|p2a: Blissey|Seismic Toss|p1a: Hydreigon\n|-damage|p1a: Hydreigon|29/100 par\n|move|p1a: Hydreigon|Draco Meteor|p2a: Blissey|[miss]\n|-miss|p1a: Hydreigon|p2a: Blissey\n|\n|-heal|p2a: Blissey|383/572|[from] item: Leftovers\n|upkeep\n|turn|12\n|inactive|Time left: 300 sec this turn | 300 sec total\n|\n|t:|1783556948\n|move|p2a: Blissey|Seismic Toss|p1a: Hydreigon\n|-damage|p1a: Hydreigon|0 fnt\n|faint|p1a: Hydreigon\n|\n|-heal|p2a: Blissey|418/572|[from] item: Leftovers\n|upkeep\n|\n|t:|1783556949\n|switch|p1a: Feraligatr|Feraligatr, L79, F|100/100\n|turn|13\n|inactive|Time left: 300 sec this turn | 300 sec total\n|\n|t:|1783556950\n|switch|p2a: Slither Wing|Slither Wing, L81|270/270\n|move|p1a: Feraligatr|Dragon Dance|p1a: Feraligatr\n|-boost|p1a: Feraligatr|atk|1\n|-boost|p1a: Feraligatr|spe|1\n|\n|upkeep\n|turn|14\n|inactive|Time left: 300 sec this turn | 300 sec total\n|\n|t:|1783556951\n|move|p1a: Feraligatr|Liquidation|p2a: Slither Wing\n|-damage|p2a: Slither Wing|19/270\n|move|p2a: Slither Wing|Will-O-Wisp|p1a: Feraligatr\n|-status|p1a: Feraligatr|brn\n|\n|-damage|p1a: Feraligatr|94/100 brn|[from] brn\n|upkeep\n|turn|15\n|inactive|Time left: 300 sec this turn | 300 sec total\n|\n|t:|1783556952\n|move|p1a: Feraligatr|Dragon Dance|p1a: Feraligatr\n|-boost|p1a: Feraligatr|atk|1\n|-boost|p1a: Feraligatr|spe|1\n|move|p2a: Slither Wing|Morning Sun|p2a: Slither Wing\n|-heal|p2a: Slither Wing|154/270\n|\n|-damage|p1a: Feraligatr|88/100 brn|[from] brn\n|upkeep\n|turn|16\n|inactive|Time left: 300 sec this turn | 300 sec total\n|\n|t:|1783556953\n|-end|p2a: Slither Wing|Protosynthesis|[silent]\n|switch|p2a: Vaporeon|Vaporeon, L86, F|364/364\n|move|p1a: Feraligatr|Liquidation|p2a: Vaporeon\n|-immune|p2a: Vaporeon|[from] ability: Water Absorb\n|\n|-damage|p1a: Feraligatr|82/100 brn|[from] brn\n|upkeep\n|turn|17\n|inactive|Time left: 300 sec this turn | 300 sec total\n|\n|t:|1783556954\n|move|p1a: Feraligatr|Dragon Dance|p1a: Feraligatr\n|-boost|p1a: Feraligatr|atk|1\n|-boost|p1a: Feraligatr|spe|1\n|move|p2a: Vaporeon|Wish|p2a: Vaporeon\n|\n|-damage|p1a: Feraligatr|76/100 brn|[from] brn\n|upkeep\n|turn|18\n|inactive|Time left: 300 sec this turn | 300 sec total\n|\n|t:|1783556955\n|move|p1a: Feraligatr|Dragon Dance|p1a: Feraligatr\n|-boost|p1a: Feraligatr|atk|1\n|-boost|p1a: Feraligatr|spe|1\n|move|p2a: Vaporeon|Flip Turn|p1a: Feraligatr\n|-resisted|p1a: Feraligatr\n|-damage|p1a: Feraligatr|67/100 brn\n|inactive|Time left: 300 sec this turn | 300 sec total | 5 sec grace\n|\n|t:|1783556956\n|switch|p2a: Slither Wing|Slither Wing, L81|154/270|[from] Flip Turn\n|\n|-heal|p2a: Slither Wing|270/270|[from] move: Wish|[wisher] Vaporeon\n|-damage|p1a: Feraligatr|61/100 brn|[from] brn\n|upkeep\n|turn|19\n|inactive|Time left: 300 sec this turn | 300 sec total\n|\n|t:|1783556957\n|move|p1a: Feraligatr|Liquidation|p2a: Slither Wing\n|-damage|p2a: Slither Wing|22/270\n|move|p2a: Slither Wing|Close Combat|p1a: Feraligatr\n|-damage|p1a: Feraligatr|4/100 brn\n|-unboost|p2a: Slither Wing|def|1\n|-unboost|p2a: Slither Wing|spd|1\n|\n|-damage|p1a: Feraligatr|0 fnt|[from] brn\n|faint|p1a: Feraligatr\n|upkeep\n|\n|t:|1783556958\n|switch|p1a: Cinccino|Cinccino, L83, F|100/100\n|turn|20\n|inactive|Time left: 300 sec this turn | 300 sec total\n|\n|t:|1783556959\n|-end|p2a: Slither Wing|Protosynthesis|[silent]\n|switch|p2a: Gholdengo|Gholdengo, L77|52/261\n|move|p1a: Cinccino|Triple Axel|p2a: Gholdengo\n|-resisted|p2a: Gholdengo\n|-crit|p2a: Gholdengo\n|-damage|p2a: Gholdengo|37/261\n|-resisted|p2a: Gholdengo\n|-damage|p2a: Gholdengo|17/261\n|-resisted|p2a: Gholdengo\n|-damage|p2a: Gholdengo|0 fnt\n|faint|p2a: Gholdengo\n|-hitcount|p2: Gholdengo|3\n|\n|upkeep\n|inactive|Time left: 300 sec this turn | 300 sec total | 5 sec grace\n|\n|t:|1783556960\n|switch|p2a: Landorus|Landorus-Therian, L76, M|260/260\n|-ability|p2a: Landorus|Intimidate|boost\n|-unboost|p1a: Cinccino|atk|1\n|turn|21\n|inactive|Time left: 300 sec this turn | 300 sec total\n|\n|t:|1783556961\n|switch|p2a: Vaporeon|Vaporeon, L86, F|364/364\n|move|p1a: Cinccino|Triple Axel|p2a: Vaporeon\n|-resisted|p2a: Vaporeon\n|-damage|p2a: Vaporeon|356/364\n|-resisted|p2a: Vaporeon\n|-damage|p2a: Vaporeon|338/364\n|-resisted|p2a: Vaporeon\n|-damage|p2a: Vaporeon|311/364\n|-hitcount|p2a: Vaporeon|3\n|\n|-heal|p2a: Vaporeon|333/364|[from] item: Leftovers\n|upkeep\n|turn|22\n|inactive|Time left: 300 sec this turn | 300 sec total\n|\n|t:|1783556962\n|move|p1a: Cinccino|Bullet Seed|p2a: Vaporeon\n|-supereffective|p2a: Vaporeon\n|-damage|p2a: Vaporeon|291/364\n|-supereffective|p2a: Vaporeon\n|-damage|p2a: Vaporeon|247/364\n|-supereffective|p2a: Vaporeon\n|-damage|p2a: Vaporeon|201/364\n|-supereffective|p2a: Vaporeon\n|-damage|p2a: Vaporeon|153/364\n|-supereffective|p2a: Vaporeon\n|-damage|p2a: Vaporeon|109/364\n|-hitcount|p2a: Vaporeon|5\n|move|p2a: Vaporeon|Scald|p1a: Cinccino\n|-damage|p1a: Cinccino|53/100\n|\n|-heal|p2a: Vaporeon|131/364|[from] item: Leftovers\n|upkeep\n|turn|23\n|inactive|Time left: 300 sec this turn | 300 sec total\n|\n|t:|1783556963\n|move|p2a: Vaporeon|Protect|p2a: Vaporeon\n|-singleturn|p2a: Vaporeon|Protect\n|move|p1a: Cinccino|Bullet Seed|p2a: Vaporeon\n|-activate|p2a: Vaporeon|move: Protect\n|\n|-heal|p2a: Vaporeon|153/364|[from] item: Leftovers\n|upkeep\n|turn|24\n|inactive|Time left: 300 sec this turn | 300 sec total\n|\n|t:|1783556964\n|switch|p2a: Landorus|Landorus-Therian, L76, M|260/260\n|-ability|p2a: Landorus|Intimidate|boost\n|-unboost|p1a: Cinccino|atk|1\n|move|p1a: Cinccino|Bullet Seed|p2a: Landorus\n|-damage|p2a: Landorus|245/260\n|-damage|p2a: Landorus|230/260\n|-damage|p2a: Landorus|215/260\n|-damage|p2a: Landorus|202/260\n|-hitcount|p2a: Landorus|4\n|\n|-heal|p2a: Landorus|218/260|[from] item: Leftovers\n|upkeep\n|turn|25\n|inactive|Time left: 300 sec this turn | 300 sec total\n|\n|t:|1783556965\n|switch|p2a: Vaporeon|Vaporeon, L86, F|153/364\n|move|p1a: Cinccino|Triple Axel|p2a: Vaporeon\n|-resisted|p2a: Vaporeon\n|-damage|p2a: Vaporeon|146/364\n|-resisted|p2a: Vaporeon\n|-damage|p2a: Vaporeon|132/364\n|-resisted|p2a: Vaporeon\n|-damage|p2a: Vaporeon|113/364\n|-hitcount|p2a: Vaporeon|3\n|\n|-heal|p2a: Vaporeon|135/364|[from] item: Leftovers\n|upkeep\n|turn|26\n|inactive|Time left: 300 sec this turn | 300 sec total\n|\n|t:|1783556966\n|move|p2a: Vaporeon|Protect|p2a: Vaporeon\n|-singleturn|p2a: Vaporeon|Protect\n|move|p1a: Cinccino|Bullet Seed|p2a: Vaporeon\n|-activate|p2a: Vaporeon|move: Protect\n|\n|-heal|p2a: Vaporeon|157/364|[from] item: Leftovers\n|upkeep\n|turn|27\n|inactive|Time left: 300 sec this turn | 300 sec total\n|\n|t:|1783556966\n|-terastallize|p1a: Cinccino|Grass\n|move|p1a: Cinccino|Bullet Seed|p2a: Vaporeon\n|-supereffective|p2a: Vaporeon\n|-damage|p2a: Vaporeon|107/364\n|-supereffective|p2a: Vaporeon\n|-damage|p2a: Vaporeon|53/364\n|-supereffective|p2a: Vaporeon\n|-damage|p2a: Vaporeon|3/364\n|-supereffective|p2a: Vaporeon\n|-damage|p2a: Vaporeon|0 fnt\n|faint|p2a: Vaporeon\n|-hitcount|p2: Vaporeon|4\n|\n|upkeep\n|inactive|Time left: 300 sec this turn | 300 sec total | 5 sec grace\n|\n|t:|1783556967\n|switch|p2a: Blissey|Blissey, L85, F|418/572\n|turn|28\n|inactive|Time left: 300 sec this turn | 300 sec total\n|\n|t:|1783556968\n|switch|p2a: Landorus|Landorus-Therian, L76, M|218/260\n|-ability|p2a: Landorus|Intimidate|boost\n|-unboost|p1a: Cinccino|atk|1\n|move|p1a: Cinccino|Bullet Seed|p2a: Landorus\n|-damage|p2a: Landorus|202/260\n|-damage|p2a: Landorus|186/260\n|-damage|p2a: Landorus|170/260\n|-damage|p2a: Landorus|152/260\n|-damage|p2a: Landorus|136/260\n|-hitcount|p2a: Landorus|5\n|\n|-heal|p2a: Landorus|152/260|[from] item: Leftovers\n|upkeep\n|turn|29\n|inactive|Time left: 300 sec this turn | 300 sec total\n|\n|t:|1783556969\n|move|p1a: Cinccino|Triple Axel|p2a: Landorus\n|-supereffective|p2a: Landorus\n|-damage|p2a: Landorus|108/260\n|-supereffective|p2a: Landorus\n|-damage|p2a: Landorus|40/260\n|-supereffective|p2a: Landorus\n|-damage|p2a: Landorus|0 fnt\n|faint|p2a: Landorus\n|-hitcount|p2: Landorus|3\n|\n|upkeep\n|inactive|Time left: 300 sec this turn | 300 sec total | 5 sec grace\n|\n|t:|1783556970\n|switch|p2a: Slither Wing|Slither Wing, L81|22/270\n|turn|30\n|inactive|Time left: 300 sec this turn | 300 sec total\n|\n|t:|1783556971\n|move|p1a: Cinccino|Bullet Seed|p2a: Slither Wing\n|-resisted|p2a: Slither Wing\n|-damage|p2a: Slither Wing|13/270\n|-resisted|p2a: Slither Wing\n|-damage|p2a: Slither Wing|4/270\n|-resisted|p2a: Slither Wing\n|-damage|p2a: Slither Wing|0 fnt\n|faint|p2a: Slither Wing\n|-end|p2a: Slither Wing|Protosynthesis|[silent]\n|-hitcount|p2: Slither Wing|3\n|\n|upkeep\n|inactive|Time left: 300 sec this turn | 300 sec total | 5 sec grace\n|\n|t:|1783556972\n|switch|p2a: Blissey|Blissey, L85, F|418/572\n|turn|31\n|inactive|Time left: 300 sec this turn | 300 sec total\n|\n|t:|1783556973\n|move|p1a: Cinccino|U-turn|p2a: Blissey\n|-damage|p2a: Blissey|366/572\n|\n|t:|1783556973\n|switch|p1a: Haxorus|Haxorus, L77, F|100/100|[from] U-turn\n|-ability|p1a: Haxorus|Mold Breaker\n|move|p2a: Blissey|Thunder Wave|p1a: Haxorus\n|-status|p1a: Haxorus|par\n|\n|-heal|p2a: Blissey|401/572|[from] item: Leftovers\n|upkeep\n|turn|32\n|inactive|Time left: 300 sec this turn | 300 sec total\n|\n|t:|1783556974\n|-terastallize|p2a: Blissey|Ghost\n|move|p2a: Blissey|Soft-Boiled|p2a: Blissey\n|-heal|p2a: Blissey|572/572\n|move|p1a: Haxorus|Close Combat|p2a: Blissey\n|-immune|p2a: Blissey\n|\n|upkeep\n|turn|33\n|inactive|Time left: 300 sec this turn | 300 sec total\n|\n|t:|1783556975\n|switch|p1a: Deoxys|Deoxys-Attack, L72|100/100\n|-ability|p1a: Deoxys|Pressure\n|move|p2a: Blissey|Seismic Toss|p1a: Deoxys\n|-damage|p1a: Deoxys|56/100\n|\n|upkeep\n|turn|34\n|inactive|Time left: 300 sec this turn | 300 sec total\n|\n|t:|1783556976\n|move|p1a: Deoxys|Knock Off|p2a: Blissey\n|-supereffective|p2a: Blissey\n|-damage|p2a: Blissey|0 fnt\n|-enditem|p2a: Blissey|Leftovers|[from] move: Knock Off|[of] p1a: Deoxys\n|faint|p2a: Blissey\n|-damage|p1a: Deoxys|46/100|[from] item: Life Orb\n|\n|win|p0x1534db0a", "uploadtime": 1783556976, "views": 0, "rating": 0, "private": 0, "password": null, "_winner": "p0x1534db0a", "_our_name": "p0y15342d15"}