{"id": "battle-gen9randombattle-2389", "formatid": "gen9randombattle", "format": "[Gen 9] Random Battle", "players": ["p0x2389572a", "p0y238976e5"], "log": "|init|battle\n|title|p0x2389572a vs. p0y238976e5\n|j|\u2606p0x2389572a\n|j|\u2606p0y238976e5\n|t:|1783566722\n|gametype|singles\n|player|p1|p0x2389572a|265|\n|player|p2|p0y238976e5|101|\n|gen|9\n|tier|[Gen 9] Random Battle\n|rule|Species Clause: Limit one of each Pok\u00e9mon\n|rule|HP Percentage Mod: HP is shown in percentages\n|rule|Sleep Clause Mod: Limit one foe put to sleep\n|rule|Illusion Level Mod: Illusion disguises the Pok\u00e9mon's true level\n|\n|t:|1783566722\n|teamsize|p1|6\n|teamsize|p2|6\n|start\n|switch|p1a: Pecharunt|Pecharunt, L77|262/262\n|switch|p2a: Galvantula|Galvantula, L82, F|100/100\n|turn|1\n|inactive|Battle timer is ON: inactive players will automatically lose when time's up. (requested by p0y238976e5)\n|inactive|Time left: 300 sec this turn | 300 sec total | 60 sec grace\n|inactive|p0x2389572a also wants the timer to be on.\n|\n|t:|1783566723\n|move|p2a: Galvantula|Sticky Web|p1a: Pecharunt\n|-sidestart|p1: p0x2389572a|move: Sticky Web\n|move|p1a: Pecharunt|Malignant Chain|p2a: Galvantula\n|-damage|p2a: Galvantula|58/100\n|\n|upkeep\n|turn|2\n|inactive|Time left: 300 sec this turn | 300 sec total\n|\n|t:|1783566724\n|switch|p2a: Politoed|Politoed, L88, F|100/100\n|-weather|RainDance|[from] ability: Drizzle|[of] p2a: Politoed\n|move|p1a: Pecharunt|Malignant Chain|p2a: Politoed\n|-damage|p2a: Politoed|77/100\n|-status|p2a: Politoed|tox\n|-start|p2a: Politoed|confusion|[from] ability: Poison Puppeteer|[of] p1a: Pecharunt\n|\n|-weather|RainDance|[upkeep]\n|-damage|p2a: Politoed|71/100 tox|[from] psn\n|upkeep\n|turn|3\n|inactive|Time left: 300 sec this turn | 300 sec total\n|\n|t:|1783566725\n|move|p1a: Pecharunt|Malignant Chain|p2a: Politoed\n|-damage|p2a: Politoed|46/100 tox\n|-activate|p2a: Politoed|confusion\n|-damage|p2a: Politoed|39/100 tox|[from] confusion\n|\n|-weather|RainDance|[upkeep]\n|-damage|p2a: Politoed|27/100 tox|[from] psn\n|upkeep\n|turn|4\n|inactive|Time left: 300 sec this turn | 300 sec total\n|\n|t:|1783566726\n|move|p1a: Pecharunt|Shadow Ball|p2a: Politoed\n|-damage|p2a: Politoed|6/100 tox\n|-unboost|p2a: Politoed|spd|1\n|-activate|p2a: Politoed|confusion\n|move|p2a: Politoed|Weather Ball|p1a: Pecharunt\n|-damage|p1a: Pecharunt|6/262\n|\n|-weather|RainDance|[upkeep]\n|-heal|p1a: Pecharunt|22/262|[from] item: Leftovers\n|-damage|p2a: Politoed|0 fnt|[from] psn\n|faint|p2a: Politoed\n|upkeep\n|\n|t:|1783566727\n|switch|p2a: Galvantula|Galvantula, L82, F|58/100\n|turn|5\n|inactive|Time left: 300 sec this turn | 300 sec total\n|\n|t:|1783566728\n|switch|p1a: Diancie|Diancie, L82|216/216\n|-activate|p1a: Diancie|move: Sticky Web\n|-fail|p1a: Diancie|unboost|[from] ability: Clear Body|[of] p1a: Diancie\n|move|p2a: Galvantula|Thunder|p1a: Diancie\n|-damage|p1a: Diancie|141/216\n|-status|p1a: Diancie|par\n|\n|-weather|RainDance|[upkeep]\n|-heal|p1a: Diancie|154/216 par|[from] item: Leftovers\n|upkeep\n|turn|6\n|inactive|Time left: 300 sec this turn | 300 sec total\n|\n|t:|1783566729\n|switch|p2a: Mesprit|Mesprit, L85|100/100\n|cant|p1a: Diancie|par\n|\n|-weather|none\n|-heal|p1a: Diancie|167/216 par|[from] item: Leftovers\n|upkeep\n|turn|7\n|inactive|Time left: 300 sec this turn | 300 sec total\n|\n|t:|1783566731\n|move|p2a: Mesprit|Stealth Rock|p1a: Diancie\n|-sidestart|p1: p0x2389572a|move: Stealth Rock\n|move|p1a: Diancie|Diamond Storm|p2a: Mesprit\n|-damage|p2a: Mesprit|66/100\n|-boost|p1a: Diancie|def|2\n|\n|-heal|p2a: Mesprit|72/100|[from] item: Leftovers\n|-heal|p1a: Diancie|180/216 par|[from] item: Leftovers\n|upkeep\n|turn|8\n|inactive|Time left: 300 sec this turn | 300 sec total\n|\n|t:|1783566732\n|move|p2a: Mesprit|Psychic Noise|p1a: Diancie\n|-damage|p1a: Diancie|126/216 par\n|-start|p1a: Diancie|move: Heal Block\n|move|p1a: Diancie|Rock Polish|p1a: Diancie\n|-boost|p1a: Diancie|spe|2\n|\n|-heal|p2a: Mesprit|78/100|[from] item: Leftovers\n|upkeep\n|turn|9\n|inactive|Time left: 300 sec this turn | 300 sec total\n|\n|t:|1783566733\n|move|p2a: Mesprit|Encore|p1a: Diancie\n|-start|p1a: Diancie|Encore\n|move|p1a: Diancie|Rock Polish|p1a: Diancie\n|-boost|p1a: Diancie|spe|2\n|\n|-heal|p2a: Mesprit|84/100|[from] item: Leftovers\n|-end|p1a: Diancie|move: Heal Block\n|upkeep\n|turn|10\n|inactive|Time left: 300 sec this turn | 300 sec total\n|\n|t:|1783566734\n|move|p1a: Diancie|Rock Polish|p1a: Diancie\n|-boost|p1a: Diancie|spe|2\n|move|p2a: Mesprit|Psychic Noise|p1a: Diancie\n|-damage|p1a: Diancie|68/216 par\n|-start|p1a: Diancie|move: Heal Block\n|\n|-heal|p2a: Mesprit|90/100|[from] item: Leftovers\n|upkeep\n|turn|11\n|inactive|Time left: 300 sec this turn | 300 sec total\n|\n|t:|1783566735\n|move|p1a: Diancie|Rock Polish|p1a: Diancie\n|-boost|p1a: Diancie|spe|0\n|move|p2a: Mesprit|Encore||[still]\n|-fail|p2a: Mesprit\n|\n|-heal|p2a: Mesprit|96/100|[from] item: Leftovers\n|-end|p1a: Diancie|Encore\n|-end|p1a: Diancie|move: Heal Block\n|upkeep\n|turn|12\n|inactive|Time left: 300 sec this turn | 300 sec total\n|\n|t:|1783566736\n|move|p1a: Diancie|Diamond Storm|p2a: Mesprit\n|-damage|p2a: Mesprit|63/100\n|move|p2a: Mesprit|Psychic Noise|p1a: Diancie\n|-damage|p1a: Diancie|13/216 par\n|-start|p1a: Diancie|move: Heal Block\n|\n|-heal|p2a: Mesprit|70/100|[from] item: Leftovers\n|upkeep\n|turn|13\n|inactive|Time left: 300 sec this turn | 300 sec total\n|\n|t:|1783566738\n|move|p1a: Diancie|Moonblast|p2a: Mesprit\n|-crit|p2a: Mesprit\n|-damage|p2a: Mesprit|22/100\n|move|p2a: Mesprit|Psychic Noise|p1a: Diancie\n|-damage|p1a: Diancie|0 fnt\n|faint|p1a: Diancie\n|\n|-heal|p2a: Mesprit|28/100|[from] item: Leftovers\n|upkeep\n|inactive|Time left: 300 sec this turn | 300 sec total | 5 sec grace\n|\n|t:|1783566738\n|switch|p1a: Regidrago|Regidrago, L77|435/435\n|-activate|p1a: Regidrago|move: Sticky Web\n|-unboost|p1a: Regidrago|spe|1\n|-damage|p1a: Regidrago|381/435|[from] Stealth Rock\n|turn|14\n|inactive|Time left: 300 sec this turn | 300 sec total\n|\n|t:|1783566740\n|move|p2a: Mesprit|Psychic Noise|p1a: Regidrago\n|-damage|p1a: Regidrago|242/435\n|-start|p1a: Regidrago|move: Heal Block\n|move|p1a: Regidrago|Outrage|p2a: Mesprit\n|-damage|p2a: Mesprit|0 fnt\n|faint|p2a: Mesprit\n|\n|upkeep\n|\n|t:|1783566741\n|switch|p2a: Zekrom|Zekrom, L71|100/100\n|-ability|p2a: Zekrom|Teravolt\n|turn|15\n|inactive|Time left: 300 sec this turn | 300 sec total\n|\n|t:|1783566742\n|-terastallize|p2a: Zekrom|Fairy\n|move|p2a: Zekrom|Dragon Dance|p2a: Zekrom\n|-boost|p2a: Zekrom|atk|1\n|-boost|p2a: Zekrom|spe|1\n|move|p1a: Regidrago|Outrage|p2a: Zekrom|[from] lockedmove\n|-immune|p2a: Zekrom\n|\n|-end|p1a: Regidrago|move: Heal Block\n|upkeep\n|turn|16\n|inactive|Time left: 300 sec this turn | 300 sec total\n|\n|t:|1783566743\n|move|p2a: Zekrom|Outrage|p1a: Regidrago\n|-supereffective|p1a: Regidrago\n|-damage|p1a: Regidrago|0 fnt\n|faint|p1a: Regidrago\n|\n|upkeep\n|inactive|Time left: 300 sec this turn | 300 sec total | 5 sec grace\n|\n|t:|1783566743\n|switch|p1a: Sunflora|Sunflora, F|312/312\n|-activate|p1a: Sunflora|move: Sticky Web\n|-unboost|p1a: Sunflora|spe|1\n|-damage|p1a: Sunflora|273/312|[from] Stealth Rock\n|turn|17\n|inactive|Time left: 300 sec this turn | 300 sec total\n|\n|t:|1783566744\n|move|p2a: Zekrom|Outrage|p1a: Sunflora|[from] lockedmove\n|-damage|p1a: Sunflora|30/312\n|move|p1a: Sunflora|Sludge Bomb|p2a: Zekrom\n|-supereffective|p2a: Zekrom\n|-damage|p2a: Zekrom|0 fnt\n|faint|p2a: Zekrom\n|\n|upkeep\n|\n|t:|1783566745\n|switch|p2a: Sneasler|Sneasler, L74, M|100/100\n|turn|18\n|inactive|Time left: 300 sec this turn | 300 sec total\n|\n|t:|1783566746\n|move|p2a: Sneasler|Dire Claw|p1a: Sunflora\n|-supereffective|p1a: Sunflora\n|-damage|p1a: Sunflora|0 fnt\n|faint|p1a: Sunflora\n|\n|upkeep\n|inactive|Time left: 300 sec this turn | 300 sec total | 5 sec grace\n|\n|t:|1783566747\n|switch|p1a: Mimikyu|Mimikyu, L79, M|216/216\n|-activate|p1a: Mimikyu|move: Sticky Web\n|-unboost|p1a: Mimikyu|spe|1\n|-damage|p1a: Mimikyu|189/216|[from] Stealth Rock\n|turn|19\n|inactive|Time left: 300 sec this turn | 300 sec total\n|\n|t:|1783566748\n|move|p2a: Sneasler|Dire Claw|p1a: Mimikyu\n|-activate|p1a: Mimikyu|ability: Disguise\n|-damage|p1a: Mimikyu|189/216\n|detailschange|p1a: Mimikyu|Mimikyu-Busted, L79, M\n|-damage|p1a: Mimikyu|162/216|[from] pokemon: Mimikyu-Busted\n|move|p1a: Mimikyu|Swords Dance|p1a: Mimikyu\n|-boost|p1a: Mimikyu|atk|2\n|\n|upkeep\n|turn|20\n|inactive|Time left: 300 sec this turn | 300 sec total\n|\n|t:|1783566749\n|move|p2a: Sneasler|Dire Claw|p1a: Mimikyu\n|-damage|p1a: Mimikyu|20/216\n|-status|p1a: Mimikyu|psn\n|move|p1a: Mimikyu|Play Rough|p2a: Sneasler|[miss]\n|-miss|p1a: Mimikyu|p2a: Sneasler\n|\n|-damage|p1a: Mimikyu|0 fnt|[from] psn\n|faint|p1a: Mimikyu\n|upkeep\n|inactive|Time left: 300 sec this turn | 300 sec total | 5 sec grace\n|\n|t:|1783566750\n|switch|p1a: Magnezone|Magnezone, L85|258/258\n|-activate|p1a: Magnezone|move: Sticky Web\n|-unboost|p1a: Magnezone|spe|1\n|-damage|p1a: Magnezone|242/258|[from] Stealth Rock\n|turn|21\n|inactive|Time left: 300 sec this turn | 300 sec total\n|\n|t:|1783566751\n|switch|p2a: Galvantula|Galvantula, L82, F|58/100\n|move|p1a: Magnezone|Discharge|p2a: Galvantula\n|-resisted|p2a: Galvantula\n|-damage|p2a: Galvantula|30/100\n|\n|-heal|p1a: Magnezone|258/258|[from] item: Leftovers\n|upkeep\n|turn|22\n|inactive|Time left: 300 sec this turn | 300 sec total\n|\n|t:|1783566752\n|move|p2a: Galvantula|Bug Buzz|p1a: Magnezone\n|-resisted|p1a: Magnezone\n|-damage|p1a: Magnezone|215/258\n|-unboost|p1a: Magnezone|spd|1\n|move|p1a: Magnezone|Iron Defense|p1a: Magnezone\n|-boost|p1a: Magnezone|def|2\n|\n|-heal|p1a: Magnezone|231/258|[from] item: Leftovers\n|upkeep\n|turn|23\n|inactive|Time left: 300 sec this turn | 300 sec total\n|\n|t:|1783566753\n|move|p2a: Galvantula|Thunder|p1a: Magnezone\n|-resisted|p1a: Magnezone\n|-damage|p1a: Magnezone|148/258\n|move|p1a: Magnezone|Discharge|p2a: Galvantula\n|-resisted|p2a: Galvantula\n|-damage|p2a: Galvantula|0 fnt\n|faint|p2a: Galvantula\n|\n|-heal|p1a: Magnezone|164/258|[from] item: Leftovers\n|upkeep\n|\n|t:|1783566754\n|switch|p2a: Sneasler|Sneasler, L74, M|100/100\n|turn|24\n|inactive|Time left: 300 sec this turn | 300 sec total\n|\n|t:|1783566756\n|-terastallize|p1a: Magnezone|Fighting\n|move|p2a: Sneasler|Close Combat|p1a: Magnezone\n|-damage|p1a: Magnezone|85/258\n|-unboost|p2a: Sneasler|def|1\n|-unboost|p2a: Sneasler|spd|1\n|move|p1a: Magnezone|Iron Defense|p1a: Magnezone\n|-boost|p1a: Magnezone|def|2\n|\n|-heal|p1a: Magnezone|101/258|[from] item: Leftovers\n|upkeep\n|turn|25\n|inactive|Time left: 300 sec this turn | 300 sec total\n|\n|t:|1783566756\n|move|p2a: Sneasler|Close Combat|p1a: Magnezone\n|-damage|p1a: Magnezone|47/258\n|-unboost|p2a: Sneasler|def|1\n|-unboost|p2a: Sneasler|spd|1\n|move|p1a: Magnezone|Discharge|p2a: Sneasler\n|-damage|p2a: Sneasler|0 fnt\n|faint|p2a: Sneasler\n|\n|-heal|p1a: Magnezone|63/258|[from] item: Leftovers\n|upkeep\n|\n|t:|1783566757\n|switch|p2a: Braviary|Braviary, L85, M|100/100\n|turn|26\n|inactive|Time left: 300 sec this turn | 300 sec total\n|\n|t:|1783566758\n|switch|p1a: Pecharunt|Pecharunt, L77|22/262\n|-activate|p1a: Pecharunt|move: Sticky Web\n|-unboost|p1a: Pecharunt|spe|1\n|-damage|p1a: Pecharunt|0 fnt|[from] Stealth Rock\n|faint|p1a: Pecharunt\n|move|p2a: Braviary|Brave Bird|p1: Pecharunt|[notarget]\n|-fail|p2a: Braviary\n|\n|upkeep\n|inactive|Time left: 300 sec this turn | 300 sec total | 5 sec grace\n|\n|t:|1783566759\n|switch|p1a: Magnezone|Magnezone, L85, tera:Fighting|63/258\n|-activate|p1a: Magnezone|move: Sticky Web\n|-unboost|p1a: Magnezone|spe|1\n|-damage|p1a: Magnezone|47/258|[from] Stealth Rock\n|turn|27\n|inactive|Time left: 300 sec this turn | 300 sec total\n|\n|t:|1783566760\n|move|p2a: Braviary|Close Combat|p1a: Magnezone\n|-damage|p1a: Magnezone|0 fnt\n|-unboost|p2a: Braviary|def|1\n|-unboost|p2a: Braviary|spd|1\n|faint|p1a: Magnezone\n|\n|win|p0y238976e5", "uploadtime": 1783566760, "views": 0, "rating": 0, "private": 0, "password": null, "_winner": "p0y238976e5", "_our_name": "p0x2389572a"}