{"id": "battle-gen9randombattle-2926", "formatid": "gen9randombattle", "format": "[Gen 9] Random Battle", "players": ["p0x29262669", "p0y2926ee7d"], "log": "|init|battle\n|title|p0x29262669 vs. p0y2926ee7d\n|j|\u2606p0x29262669\n|j|\u2606p0y2926ee7d\n|t:|1783572698\n|gametype|singles\n|player|p1|p0x29262669|101|\n|player|p2|p0y2926ee7d|266|\n|gen|9\n|tier|[Gen 9] Random Battle\n|rule|Species Clause: Limit one of each Pok\u00e9mon\n|rule|HP Percentage Mod: HP is shown in percentages\n|rule|Sleep Clause Mod: Limit one foe put to sleep\n|rule|Illusion Level Mod: Illusion disguises the Pok\u00e9mon's true level\n|\n|t:|1783572698\n|teamsize|p1|6\n|teamsize|p2|6\n|start\n|switch|p1a: Iron Jugulis|Iron Jugulis, L77|100/100\n|switch|p2a: Dusknoir|Dusknoir, L89, M|225/225\n|-item|p1a: Iron Jugulis|Power Herb|[from] ability: Frisk|[of] p2a: Dusknoir\n|turn|1\n|inactive|Battle timer is ON: inactive players will automatically lose when time's up. (requested by p0y2926ee7d)\n|inactive|p0x29262669 also wants the timer to be on.\n|\n|t:|1783572700\n|move|p1a: Iron Jugulis|Meteor Beam||[still]\n|-prepare|p1a: Iron Jugulis|Meteor Beam\n|-boost|p1a: Iron Jugulis|spa|1\n|-enditem|p1a: Iron Jugulis|Power Herb\n|-anim|p1a: Iron Jugulis|Meteor Beam|p2a: Dusknoir\n|-damage|p2a: Dusknoir|146/225\n|move|p2a: Dusknoir|Poltergeist||[still]\n|-fail|p2a: Dusknoir\n|\n|-heal|p2a: Dusknoir|160/225|[from] item: Leftovers\n|upkeep\n|turn|2\n|inactive|Time left: 300 sec this turn | 300 sec total\n|\n|t:|1783572701\n|switch|p2a: Primarina|Primarina, L83, M|268/268\n|move|p1a: Iron Jugulis|Meteor Beam||[still]\n|-prepare|p1a: Iron Jugulis|Meteor Beam\n|-boost|p1a: Iron Jugulis|spa|1\n|\n|upkeep\n|turn|3\n|inactive|Time left: 300 sec this turn | 300 sec total\n|\n|t:|1783572702\n|move|p1a: Iron Jugulis|Meteor Beam|p2a: Primarina|[from] lockedmove\n|-damage|p2a: Primarina|132/268\n|move|p2a: Primarina|Moonblast|p1a: Iron Jugulis\n|-supereffective|p1a: Iron Jugulis\n|-damage|p1a: Iron Jugulis|0 fnt\n|faint|p1a: Iron Jugulis\n|-end|p1a: Iron Jugulis|Quark Drive|[silent]\n|\n|upkeep\n|\n|t:|1783572703\n|switch|p1a: Abomasnow|Abomasnow, L84, M|100/100\n|-weather|Snowscape|[from] ability: Snow Warning|[of] p1a: Abomasnow\n|turn|4\n|inactive|Time left: 300 sec this turn | 300 sec total\n|\n|t:|1783572704\n|move|p1a: Abomasnow|Aurora Veil|p1a: Abomasnow\n|-sidestart|p1: p0x29262669|move: Aurora Veil\n|move|p2a: Primarina|Moonblast|p1a: Abomasnow\n|-damage|p1a: Abomasnow|68/100\n|\n|-weather|Snowscape|[upkeep]\n|upkeep\n|turn|5\n|inactive|Time left: 300 sec this turn | 300 sec total\n|\n|t:|1783572705\n|switch|p1a: Blastoise|Blastoise, L80, M|100/100\n|move|p2a: Primarina|Moonblast|p1a: Blastoise\n|-crit|p1a: Blastoise\n|-damage|p1a: Blastoise|0 fnt\n|faint|p1a: Blastoise\n|\n|-weather|Snowscape|[upkeep]\n|upkeep\n|\n|t:|1783572706\n|switch|p1a: Zapdos|Zapdos-Galar, L77|100/100\n|turn|6\n|inactive|Time left: 300 sec this turn | 300 sec total\n|\n|t:|1783572707\n|switch|p2a: Pecharunt|Pecharunt, L77|262/262\n|move|p1a: Zapdos|Brave Bird|p2a: Pecharunt\n|-damage|p2a: Pecharunt|144/262\n|-damage|p1a: Zapdos|86/100|[from] Recoil\n|-damage|p1a: Zapdos|76/100|[from] item: Life Orb\n|\n|-weather|Snowscape|[upkeep]\n|-heal|p2a: Pecharunt|160/262|[from] item: Leftovers\n|upkeep\n|turn|7\n|inactive|Time left: 300 sec this turn | 300 sec total\n|\n|t:|1783572708\n|move|p1a: Zapdos|Bulk Up|p1a: Zapdos\n|-boost|p1a: Zapdos|atk|1\n|-boost|p1a: Zapdos|def|1\n|move|p2a: Pecharunt|Recover|p2a: Pecharunt\n|-heal|p2a: Pecharunt|262/262\n|\n|-weather|Snowscape|[upkeep]\n|upkeep\n|turn|8\n|inactive|Time left: 300 sec this turn | 300 sec total\n|\n|t:|1783572709\n|move|p1a: Zapdos|Knock Off|p2a: Pecharunt\n|-supereffective|p2a: Pecharunt\n|-damage|p2a: Pecharunt|72/262\n|-enditem|p2a: Pecharunt|Leftovers|[from] move: Knock Off|[of] p1a: Zapdos\n|-damage|p1a: Zapdos|66/100|[from] item: Life Orb\n|move|p2a: Pecharunt|Malignant Chain|p1a: Zapdos\n|-damage|p1a: Zapdos|50/100\n|-status|p1a: Zapdos|tox\n|-start|p1a: Zapdos|confusion|[from] ability: Poison Puppeteer|[of] p2a: Pecharunt\n|\n|-weather|none\n|-damage|p1a: Zapdos|44/100 tox|[from] psn\n|upkeep\n|turn|9\n|inactive|Time left: 300 sec this turn | 300 sec total\n|\n|t:|1783572710\n|-activate|p1a: Zapdos|confusion\n|move|p1a: Zapdos|Brave Bird|p2a: Pecharunt\n|-damage|p2a: Pecharunt|0 fnt\n|faint|p2a: Pecharunt\n|-damage|p1a: Zapdos|35/100 tox|[from] Recoil\n|-damage|p1a: Zapdos|25/100 tox|[from] item: Life Orb\n|\n|-damage|p1a: Zapdos|13/100 tox|[from] psn\n|upkeep\n|inactive|Time left: 300 sec this turn | 300 sec total | 5 sec grace\n|\n|t:|1783572711\n|switch|p2a: Dusknoir|Dusknoir, L89, M|160/225\n|-item|p1a: Zapdos|Life Orb|[from] ability: Frisk|[of] p2a: Dusknoir\n|turn|10\n|inactive|Time left: 300 sec this turn | 300 sec total\n|\n|t:|1783572712\n|switch|p2a: Primarina|Primarina, L83, M|132/268\n|-activate|p1a: Zapdos|confusion\n|move|p1a: Zapdos|Brave Bird|p2a: Primarina\n|-damage|p2a: Primarina|0 fnt\n|faint|p2a: Primarina\n|-damage|p1a: Zapdos|0 fnt|[from] Recoil\n|faint|p1a: Zapdos\n|\n|upkeep\n|inactive|Time left: 300 sec this turn | 300 sec total | 5 sec grace\n|\n|t:|1783572713\n|switch|p1a: Misdreavus|Misdreavus, L90, F|100/100\n|switch|p2a: Smeargle|Smeargle, L95, F|258/258\n|turn|11\n|inactive|Time left: 300 sec this turn | 300 sec total\n|\n|t:|1783572714\n|move|p1a: Misdreavus|Will-O-Wisp|p2a: Smeargle\n|-status|p2a: Smeargle|brn\n|move|p2a: Smeargle|Shell Smash|p2a: Smeargle\n|-unboost|p2a: Smeargle|def|1\n|-unboost|p2a: Smeargle|spd|1\n|-boost|p2a: Smeargle|atk|2\n|-boost|p2a: Smeargle|spa|2\n|-boost|p2a: Smeargle|spe|2\n|\n|-damage|p2a: Smeargle|242/258 brn|[from] brn\n|-sideend|p1: p0x29262669|move: Aurora Veil\n|upkeep\n|turn|12\n|inactive|Time left: 300 sec this turn | 300 sec total\n|\n|t:|1783572715\n|switch|p1a: Farigiraf|Farigiraf, L90, M|100/100\n|move|p2a: Smeargle|Population Bomb|p1a: Farigiraf\n|-crit|p1a: Farigiraf\n|-damage|p1a: Farigiraf|94/100\n|-damage|p1a: Farigiraf|89/100\n|-damage|p1a: Farigiraf|85/100\n|-damage|p1a: Farigiraf|81/100\n|-damage|p1a: Farigiraf|76/100\n|-hitcount|p1a: Farigiraf|5\n|\n|-heal|p1a: Farigiraf|82/100|[from] item: Leftovers\n|-damage|p2a: Smeargle|226/258 brn|[from] brn\n|upkeep\n|turn|13\n|inactive|Time left: 300 sec this turn | 300 sec total\n|\n|t:|1783572716\n|-terastallize|p2a: Smeargle|Ghost\n|move|p2a: Smeargle|Population Bomb|p1a: Farigiraf\n|-damage|p1a: Farigiraf|77/100\n|-damage|p1a: Farigiraf|73/100\n|-damage|p1a: Farigiraf|68/100\n|-damage|p1a: Farigiraf|63/100\n|-crit|p1a: Farigiraf\n|-damage|p1a: Farigiraf|57/100\n|-damage|p1a: Farigiraf|52/100\n|-damage|p1a: Farigiraf|47/100\n|-damage|p1a: Farigiraf|42/100\n|-damage|p1a: Farigiraf|37/100\n|-damage|p1a: Farigiraf|33/100\n|-hitcount|p1a: Farigiraf|10\n|move|p1a: Farigiraf|Psychic Noise|p2a: Smeargle\n|-damage|p2a: Smeargle|9/258 brn\n|-start|p2a: Smeargle|move: Heal Block\n|\n|-heal|p1a: Farigiraf|39/100|[from] item: Leftovers\n|-damage|p2a: Smeargle|0 fnt|[from] brn\n|faint|p2a: Smeargle\n|upkeep\n|inactive|Time left: 300 sec this turn | 300 sec total | 5 sec grace\n|\n|t:|1783572717\n|switch|p2a: Gumshoos|Gumshoos, L95, M|321/321\n|turn|14\n|inactive|Time left: 300 sec this turn | 300 sec total\n|\n|t:|1783572718\n|move|p1a: Farigiraf|Body Slam|p2a: Gumshoos\n|-damage|p2a: Gumshoos|204/321\n|move|p2a: Gumshoos|Knock Off|p1a: Farigiraf\n|-supereffective|p1a: Farigiraf\n|-damage|p1a: Farigiraf|0 fnt\n|-enditem|p1a: Farigiraf|Leftovers|[from] move: Knock Off|[of] p2a: Gumshoos\n|faint|p1a: Farigiraf\n|\n|upkeep\n|\n|t:|1783572719\n|switch|p1a: Abomasnow|Abomasnow, L84, M|68/100\n|-weather|Snowscape|[from] ability: Snow Warning|[of] p1a: Abomasnow\n|turn|15\n|inactive|Time left: 300 sec this turn | 300 sec total\n|\n|t:|1783572720\n|move|p1a: Abomasnow|Aurora Veil|p1a: Abomasnow\n|-sidestart|p1: p0x29262669|move: Aurora Veil\n|move|p2a: Gumshoos|Knock Off|p1a: Abomasnow\n|-damage|p1a: Abomasnow|49/100\n|-enditem|p1a: Abomasnow|Light Clay|[from] move: Knock Off|[of] p2a: Gumshoos\n|\n|-weather|Snowscape|[upkeep]\n|upkeep\n|turn|16\n|inactive|Time left: 300 sec this turn | 300 sec total\n|\n|t:|1783572721\n|switch|p2a: Dusknoir|Dusknoir, L89, M|160/225\n|move|p1a: Abomasnow|Blizzard|p2a: Dusknoir\n|-damage|p2a: Dusknoir|90/225\n|\n|-weather|Snowscape|[upkeep]\n|-heal|p2a: Dusknoir|104/225|[from] item: Leftovers\n|upkeep\n|turn|17\n|inactive|Time left: 300 sec this turn | 300 sec total\n|\n|t:|1783572722\n|move|p1a: Abomasnow|Blizzard|p2a: Dusknoir\n|-damage|p2a: Dusknoir|34/225\n|move|p2a: Dusknoir|Pain Split|p1a: Abomasnow\n|-sethp|p1a: Abomasnow|30/100|[from] move: Pain Split|[silent]\n|-sethp|p2a: Dusknoir|86/225|[from] move: Pain Split\n|\n|-weather|Snowscape|[upkeep]\n|-heal|p2a: Dusknoir|100/225|[from] item: Leftovers\n|upkeep\n|turn|18\n|inactive|Time left: 300 sec this turn | 300 sec total\n|\n|t:|1783572723\n|move|p1a: Abomasnow|Blizzard|p2a: Dusknoir\n|-damage|p2a: Dusknoir|27/225\n|move|p2a: Dusknoir|Pain Split|p1a: Abomasnow\n|-sethp|p1a: Abomasnow|20/100|[from] move: Pain Split|[silent]\n|-sethp|p2a: Dusknoir|56/225|[from] move: Pain Split\n|\n|-weather|Snowscape|[upkeep]\n|-heal|p2a: Dusknoir|70/225|[from] item: Leftovers\n|upkeep\n|turn|19\n|inactive|Time left: 300 sec this turn | 300 sec total\n|\n|t:|1783572724\n|move|p1a: Abomasnow|Blizzard|p2a: Dusknoir\n|-damage|p2a: Dusknoir|0 fnt\n|faint|p2a: Dusknoir\n|\n|-weather|none\n|upkeep\n|inactive|Time left: 300 sec this turn | 300 sec total | 5 sec grace\n|\n|t:|1783572725\n|switch|p2a: Gumshoos|Gumshoos, L95, M|204/321\n|turn|20\n|inactive|Time left: 300 sec this turn | 300 sec total\n|\n|t:|1783572726\n|move|p1a: Abomasnow|Blizzard|p2a: Gumshoos\n|-damage|p2a: Gumshoos|68/321\n|move|p2a: Gumshoos|Knock Off|p1a: Abomasnow\n|-damage|p1a: Abomasnow|0 fnt\n|faint|p1a: Abomasnow\n|\n|upkeep\n|\n|t:|1783572727\n|switch|p1a: Misdreavus|Misdreavus, L90, F|100/100\n|turn|21\n|inactive|Time left: 300 sec this turn | 300 sec total\n|\n|t:|1783572727\n|switch|p2a: Landorus|Landorus, L75, M|257/257\n|-terastallize|p1a: Misdreavus|Fairy\n|move|p1a: Misdreavus|Calm Mind|p1a: Misdreavus\n|-boost|p1a: Misdreavus|spa|1\n|-boost|p1a: Misdreavus|spd|1\n|\n|upkeep\n|turn|22\n|inactive|Time left: 300 sec this turn | 300 sec total\n|\n|t:|1783572728\n|move|p1a: Misdreavus|Draining Kiss|p2a: Landorus\n|-damage|p2a: Landorus|145/257\n|move|p2a: Landorus|Sludge Wave|p1a: Misdreavus\n|-supereffective|p1a: Misdreavus\n|-damage|p1a: Misdreavus|80/100\n|\n|-sideend|p1: p0x29262669|move: Aurora Veil\n|upkeep\n|turn|23\n|inactive|Time left: 300 sec this turn | 300 sec total\n|\n|t:|1783572729\n|move|p1a: Misdreavus|Shadow Ball|p2a: Landorus\n|-damage|p2a: Landorus|0 fnt\n|faint|p2a: Landorus\n|\n|upkeep\n|inactive|Time left: 300 sec this turn | 300 sec total | 5 sec grace\n|\n|t:|1783572730\n|switch|p2a: Gumshoos|Gumshoos, L95, M|68/321\n|turn|24\n|inactive|Time left: 300 sec this turn | 300 sec total\n|\n|t:|1783572731\n|move|p1a: Misdreavus|Draining Kiss|p2a: Gumshoos\n|-damage|p2a: Gumshoos|0 fnt\n|-heal|p1a: Misdreavus|100/100|[from] drain|[of] p2a: Gumshoos\n|faint|p2a: Gumshoos\n|\n|win|p0x29262669", "uploadtime": 1783572731, "views": 0, "rating": 0, "private": 0, "password": null, "_winner": "p0x29262669", "_our_name": "p0y2926ee7d"}