{"id": "battle-gen9randombattle-296", "formatid": "gen9randombattle", "format": "[Gen 9] Random Battle", "players": ["p0x2964320", "p0y296b1c2"], "log": "|init|battle\n|title|p0x2964320 vs. p0y296b1c2\n|j|\u2606p0x2964320\n|j|\u2606p0y296b1c2\n|t:|1783543002\n|gametype|singles\n|player|p1|p0x2964320|1|\n|player|p2|p0y296b1c2|101|\n|gen|9\n|tier|[Gen 9] Random Battle\n|rule|Species Clause: Limit one of each Pok\u00e9mon\n|rule|HP Percentage Mod: HP is shown in percentages\n|rule|Sleep Clause Mod: Limit one foe put to sleep\n|rule|Illusion Level Mod: Illusion disguises the Pok\u00e9mon's true level\n|\n|t:|1783543002\n|teamsize|p1|6\n|teamsize|p2|6\n|start\n|switch|p1a: Sneasler|Sneasler, L74, F|100/100\n|switch|p2a: Houndstone|Houndstone, L86, M|264/264\n|turn|1\n|inactive|Battle timer is ON: inactive players will automatically lose when time's up. (requested by p0x2964320)\n|inactive|Time left: 300 sec this turn | 300 sec total | 60 sec grace\n|inactive|p0y296b1c2 also wants the timer to be on.\n|\n|t:|1783543004\n|switch|p1a: Cloyster|Cloyster, L80, F|100/100\n|move|p2a: Houndstone|Poltergeist|p1a: Cloyster\n|-activate|p1a: Cloyster|move: Poltergeist|White Herb\n|-damage|p1a: Cloyster|68/100\n|\n|upkeep\n|turn|2\n|inactive|Time left: 300 sec this turn | 300 sec total\n|\n|t:|1783543005\n|switch|p2a: Conkeldurr|Conkeldurr, L80, F|299/299\n|move|p1a: Cloyster|Shell Smash|p1a: Cloyster\n|-unboost|p1a: Cloyster|def|1\n|-unboost|p1a: Cloyster|spd|1\n|-boost|p1a: Cloyster|atk|2\n|-boost|p1a: Cloyster|spa|2\n|-boost|p1a: Cloyster|spe|2\n|-enditem|p1a: Cloyster|White Herb\n|-clearnegativeboost|p1a: Cloyster|[silent]\n|\n|-status|p2a: Conkeldurr|brn|[from] item: Flame Orb\n|upkeep\n|turn|3\n|inactive|Time left: 300 sec this turn | 300 sec total\n|\n|t:|1783543006\n|move|p1a: Cloyster|Icicle Spear|p2a: Conkeldurr\n|-damage|p2a: Conkeldurr|251/299 brn\n|-damage|p2a: Conkeldurr|205/299 brn\n|-damage|p2a: Conkeldurr|154/299 brn\n|-damage|p2a: Conkeldurr|102/299 brn\n|-damage|p2a: Conkeldurr|57/299 brn\n|-hitcount|p2a: Conkeldurr|5\n|move|p2a: Conkeldurr|Close Combat|p1a: Cloyster\n|-supereffective|p1a: Cloyster\n|-damage|p1a: Cloyster|0 fnt\n|-unboost|p2a: Conkeldurr|def|1\n|-unboost|p2a: Conkeldurr|spd|1\n|faint|p1a: Cloyster\n|\n|-damage|p2a: Conkeldurr|39/299 brn|[from] brn\n|upkeep\n|\n|t:|1783543007\n|switch|p1a: Houndoom|Houndoom, L87, M|100/100\n|turn|4\n|inactive|Time left: 300 sec this turn | 300 sec total\n|\n|t:|1783543009\n|move|p2a: Conkeldurr|Mach Punch|p1a: Houndoom\n|-supereffective|p1a: Houndoom\n|-damage|p1a: Houndoom|14/100\n|move|p1a: Houndoom|Fire Blast|p2a: Conkeldurr\n|-damage|p2a: Conkeldurr|0 fnt\n|faint|p2a: Conkeldurr\n|\n|upkeep\n|inactive|Time left: 300 sec this turn | 300 sec total | 5 sec grace\n|\n|t:|1783543010\n|switch|p2a: Gogoat|Gogoat, L88, M|360/360\n|turn|5\n|inactive|Time left: 300 sec this turn | 300 sec total\n|\n|t:|1783543011\n|move|p1a: Houndoom|Fire Blast|p2a: Gogoat\n|-supereffective|p2a: Gogoat\n|-damage|p2a: Gogoat|60/360\n|move|p2a: Gogoat|Horn Leech|p1a: Houndoom\n|-resisted|p1a: Houndoom\n|-damage|p1a: Houndoom|0 fnt\n|-heal|p2a: Gogoat|78/360|[from] drain|[of] p1a: Houndoom\n|faint|p1a: Houndoom\n|\n|-heal|p2a: Gogoat|100/360|[from] item: Leftovers\n|upkeep\n|\n|t:|1783543012\n|switch|p1a: Krookodile|Krookodile, L79, M|100/100\n|-ability|p1a: Krookodile|Intimidate|boost\n|-unboost|p2a: Gogoat|atk|1\n|turn|6\n|inactive|Time left: 300 sec this turn | 300 sec total\n|\n|t:|1783543013\n|move|p1a: Krookodile|Knock Off|p2a: Gogoat\n|-damage|p2a: Gogoat|0 fnt\n|-enditem|p2a: Gogoat|Leftovers|[from] move: Knock Off|[of] p1a: Krookodile\n|faint|p2a: Gogoat\n|\n|upkeep\n|inactive|Time left: 300 sec this turn | 300 sec total | 5 sec grace\n|\n|t:|1783543014\n|switch|p2a: Staraptor|Staraptor, L79, F|263/263\n|turn|7\n|inactive|Time left: 300 sec this turn | 300 sec total\n|\n|t:|1783543015\n|move|p1a: Krookodile|Knock Off|p2a: Staraptor\n|-damage|p2a: Staraptor|130/263\n|-enditem|p2a: Staraptor|Choice Band|[from] move: Knock Off|[of] p1a: Krookodile\n|move|p2a: Staraptor|Brave Bird|p1a: Krookodile\n|-damage|p1a: Krookodile|32/100\n|-damage|p2a: Staraptor|66/263|[from] Recoil\n|\n|upkeep\n|turn|8\n|inactive|Time left: 300 sec this turn | 300 sec total\n|\n|t:|1783543017\n|switch|p2a: Forretress|Forretress, L84, M|263/263\n|move|p1a: Krookodile|Knock Off|p2a: Forretress\n|-damage|p2a: Forretress|196/263\n|-enditem|p2a: Forretress|Leftovers|[from] move: Knock Off|[of] p1a: Krookodile\n|\n|upkeep\n|turn|9\n|inactive|Time left: 300 sec this turn | 300 sec total\n|\n|t:|1783543018\n|move|p1a: Krookodile|Knock Off|p2a: Forretress\n|-damage|p2a: Forretress|147/263\n|move|p2a: Forretress|Stealth Rock|p1a: Krookodile\n|-sidestart|p1: p0x2964320|move: Stealth Rock\n|\n|upkeep\n|turn|10\n|inactive|Time left: 300 sec this turn | 300 sec total\n|\n|t:|1783543019\n|move|p1a: Krookodile|Knock Off|p2a: Forretress\n|-damage|p2a: Forretress|102/263\n|move|p2a: Forretress|Iron Head|p1a: Krookodile\n|-damage|p1a: Krookodile|0 fnt\n|faint|p1a: Krookodile\n|\n|upkeep\n|\n|t:|1783543020\n|switch|p1a: Kommo-o|Kommo-o, L77, M|100/100\n|-damage|p1a: Kommo-o|94/100|[from] Stealth Rock\n|turn|11\n|inactive|Time left: 300 sec this turn | 300 sec total\n|\n|t:|1783543021\n|switch|p2a: Houndstone|Houndstone, L86, M|264/264\n|move|p1a: Kommo-o|Swords Dance|p1a: Kommo-o\n|-boost|p1a: Kommo-o|atk|2\n|\n|upkeep\n|turn|12\n|inactive|Time left: 300 sec this turn | 300 sec total\n|\n|t:|1783543022\n|move|p1a: Kommo-o|Scale Shot|p2a: Houndstone\n|-damage|p2a: Houndstone|222/264\n|-damage|p2a: Houndstone|174/264\n|-damage|p2a: Houndstone|128/264\n|-damage|p2a: Houndstone|82/264\n|-damage|p2a: Houndstone|34/264\n|-hitcount|p2a: Houndstone|5\n|-unboost|p1a: Kommo-o|def|1\n|-boost|p1a: Kommo-o|spe|1\n|move|p2a: Houndstone|Play Rough|p1a: Kommo-o\n|-supereffective|p1a: Kommo-o\n|-damage|p1a: Kommo-o|0 fnt\n|faint|p1a: Kommo-o\n|\n|upkeep\n|\n|t:|1783543023\n|switch|p1a: Wigglytuff|Wigglytuff, L96, M|100/100\n|-damage|p1a: Wigglytuff|88/100|[from] Stealth Rock\n|turn|13\n|inactive|Time left: 300 sec this turn | 300 sec total\n|\n|t:|1783543025\n|switch|p2a: Forretress|Forretress, L84, M|102/263\n|move|p1a: Wigglytuff|Dazzling Gleam|p2a: Forretress\n|-resisted|p2a: Forretress\n|-damage|p2a: Forretress|36/263\n|\n|-heal|p1a: Wigglytuff|94/100|[from] item: Leftovers\n|upkeep\n|turn|14\n|inactive|Time left: 300 sec this turn | 300 sec total\n|\n|t:|1783543026\n|move|p1a: Wigglytuff|Dazzling Gleam|p2a: Forretress\n|-resisted|p2a: Forretress\n|-damage|p2a: Forretress|0 fnt\n|faint|p2a: Forretress\n|\n|-heal|p1a: Wigglytuff|99/100|[from] item: Leftovers\n|upkeep\n|inactive|Time left: 300 sec this turn | 300 sec total | 5 sec grace\n|\n|t:|1783543027\n|switch|p2a: Staraptor|Staraptor, L79, F|66/263\n|turn|15\n|inactive|Time left: 300 sec this turn | 300 sec total\n|\n|t:|1783543028\n|move|p2a: Staraptor|Double-Edge|p1a: Wigglytuff\n|-damage|p1a: Wigglytuff|44/100\n|-damage|p2a: Staraptor|0 fnt|[from] Recoil\n|faint|p2a: Staraptor\n|move|p1a: Wigglytuff|Knock Off|p2: Staraptor|[notarget]\n|-fail|p1a: Wigglytuff\n|\n|-heal|p1a: Wigglytuff|50/100|[from] item: Leftovers\n|upkeep\n|inactive|Time left: 300 sec this turn | 300 sec total | 5 sec grace\n|\n|t:|1783543028\n|switch|p2a: Annihilape|Annihilape, L76, F|292/292\n|turn|16\n|inactive|Time left: 300 sec this turn | 300 sec total\n|\n|t:|1783543029\n|-terastallize|p2a: Annihilape|Ghost\n|move|p2a: Annihilape|Bulk Up|p2a: Annihilape\n|-boost|p2a: Annihilape|atk|1\n|-boost|p2a: Annihilape|def|1\n|move|p1a: Wigglytuff|Dazzling Gleam|p2a: Annihilape\n|-damage|p2a: Annihilape|175/292\n|\n|-heal|p2a: Annihilape|193/292|[from] item: Leftovers\n|-heal|p1a: Wigglytuff|56/100|[from] item: Leftovers\n|upkeep\n|turn|17\n|inactive|Time left: 300 sec this turn | 300 sec total\n|\n|t:|1783543030\n|-terastallize|p1a: Wigglytuff|Poison\n|move|p2a: Annihilape|Drain Punch|p1a: Wigglytuff\n|-resisted|p1a: Wigglytuff\n|-damage|p1a: Wigglytuff|38/100\n|-heal|p2a: Annihilape|231/292|[from] drain|[of] p1a: Wigglytuff\n|move|p1a: Wigglytuff|Knock Off|p2a: Annihilape\n|-supereffective|p2a: Annihilape\n|-damage|p2a: Annihilape|125/292\n|-enditem|p2a: Annihilape|Leftovers|[from] move: Knock Off|[of] p1a: Wigglytuff\n|\n|-heal|p1a: Wigglytuff|44/100|[from] item: Leftovers\n|upkeep\n|turn|18\n|inactive|Time left: 300 sec this turn | 300 sec total\n|\n|t:|1783543031\n|move|p2a: Annihilape|Rage Fist|p1a: Wigglytuff\n|-damage|p1a: Wigglytuff|0 fnt\n|faint|p1a: Wigglytuff\n|\n|upkeep\n|\n|t:|1783543032\n|switch|p1a: Sneasler|Sneasler, L74, F|100/100\n|-damage|p1a: Sneasler|94/100|[from] Stealth Rock\n|turn|19\n|inactive|Time left: 300 sec this turn | 300 sec total\n|\n|t:|1783543032\n|move|p1a: Sneasler|Gunk Shot|p2a: Annihilape\n|-resisted|p2a: Annihilape\n|-damage|p2a: Annihilape|75/292\n|move|p2a: Annihilape|Rage Fist|p1a: Sneasler\n|-damage|p1a: Sneasler|0 fnt\n|faint|p1a: Sneasler\n|\n|win|p0y296b1c2", "uploadtime": 1783543033, "views": 0, "rating": 0, "private": 0, "password": null, "_winner": "p0y296b1c2", "_our_name": "p0y296b1c2"}