{"id": "battle-gen9randombattle-2793", "formatid": "gen9randombattle", "format": "[Gen 9] Random Battle", "players": ["p0x27934531", "p0y27935f61"], "log": "|init|battle\n|title|p0x27934531 vs. p0y27935f61\n|j|\u2606p0x27934531\n|j|\u2606p0y27935f61\n|t:|1783572181\n|gametype|singles\n|player|p1|p0x27934531|1|\n|player|p2|p0y27935f61|2|\n|gen|9\n|tier|[Gen 9] Random Battle\n|rule|Species Clause: Limit one of each Pok\u00e9mon\n|rule|HP Percentage Mod: HP is shown in percentages\n|rule|Sleep Clause Mod: Limit one foe put to sleep\n|rule|Illusion Level Mod: Illusion disguises the Pok\u00e9mon's true level\n|\n|t:|1783572181\n|teamsize|p1|6\n|teamsize|p2|6\n|start\n|switch|p1a: Palkia|Palkia, L75|100/100\n|switch|p2a: Ho-Oh|Ho-Oh, L71|268/268\n|-ability|p1a: Palkia|Pressure\n|turn|1\n|inactive|Battle timer is ON: inactive players will automatically lose when time's up. (requested by p0x27934531)\n|inactive|Time left: 300 sec this turn | 300 sec total | 60 sec grace\n|inactive|p0y27935f61 also wants the timer to be on.\n|\n|t:|1783572182\n|move|p1a: Palkia|Hydro Pump|p2a: Ho-Oh\n|-supereffective|p2a: Ho-Oh\n|-damage|p2a: Ho-Oh|62/268\n|move|p2a: Ho-Oh|Brave Bird|p1a: Palkia\n|-damage|p1a: Palkia|53/100\n|-damage|p2a: Ho-Oh|21/268|[from] Recoil\n|\n|upkeep\n|turn|2\n|inactive|Time left: 300 sec this turn | 300 sec total\n|\n|t:|1783572184\n|switch|p2a: Politoed|Politoed, L88, F|302/302\n|-weather|RainDance|[from] ability: Drizzle|[of] p2a: Politoed\n|move|p1a: Palkia|Hydro Pump|p2a: Politoed\n|-resisted|p2a: Politoed\n|-damage|p2a: Politoed|216/302\n|\n|-weather|RainDance|[upkeep]\n|upkeep\n|turn|3\n|inactive|Time left: 300 sec this turn | 300 sec total\n|\n|t:|1783572185\n|move|p1a: Palkia|Hydro Pump|p2a: Politoed\n|-resisted|p2a: Politoed\n|-damage|p2a: Politoed|135/302\n|move|p2a: Politoed|Ice Beam|p1a: Palkia\n|-damage|p1a: Palkia|18/100\n|\n|-weather|RainDance|[upkeep]\n|upkeep\n|turn|4\n|inactive|Time left: 300 sec this turn | 300 sec total\n|\n|t:|1783572186\n|move|p1a: Palkia|Hydro Pump|p2a: Politoed\n|-resisted|p2a: Politoed\n|-damage|p2a: Politoed|47/302\n|move|p2a: Politoed|Ice Beam|p1a: Palkia\n|-crit|p1a: Palkia\n|-damage|p1a: Palkia|0 fnt\n|faint|p1a: Palkia\n|\n|-weather|RainDance|[upkeep]\n|upkeep\n|\n|t:|1783572187\n|switch|p1a: Iron Leaves|Iron Leaves, L80|100/100\n|turn|5\n|inactive|Time left: 300 sec this turn | 300 sec total\n|\n|t:|1783572188\n|switch|p2a: Espathra|Espathra, L80, F|283/283\n|move|p1a: Iron Leaves|Leaf Blade|p2a: Espathra\n|-damage|p2a: Espathra|75/283\n|-damage|p1a: Iron Leaves|91/100|[from] item: Life Orb\n|\n|-weather|RainDance|[upkeep]\n|-heal|p2a: Espathra|92/283|[from] item: Leftovers\n|upkeep\n|turn|6\n|inactive|Time left: 300 sec this turn | 300 sec total\n|\n|t:|1783572189\n|move|p2a: Espathra|Calm Mind|p2a: Espathra\n|-boost|p2a: Espathra|spa|1\n|-boost|p2a: Espathra|spd|1\n|move|p1a: Iron Leaves|Leaf Blade|p2a: Espathra\n|-damage|p2a: Espathra|0 fnt\n|faint|p2a: Espathra\n|-damage|p1a: Iron Leaves|81/100|[from] item: Life Orb\n|\n|-weather|none\n|upkeep\n|inactive|Time left: 300 sec this turn | 300 sec total | 5 sec grace\n|\n|t:|1783572190\n|switch|p2a: Iron Moth|Iron Moth, L78|253/253\n|turn|7\n|inactive|Time left: 300 sec this turn | 300 sec total\n|\n|t:|1783572191\n|move|p2a: Iron Moth|Fire Blast|p1a: Iron Leaves\n|-supereffective|p1a: Iron Leaves\n|-damage|p1a: Iron Leaves|0 fnt\n|faint|p1a: Iron Leaves\n|-end|p1a: Iron Leaves|Quark Drive|[silent]\n|\n|upkeep\n|\n|t:|1783572191\n|switch|p1a: Heatran|Heatran, L79, F|100/100\n|-item|p1a: Heatran|Air Balloon\n|turn|8\n|inactive|Time left: 300 sec this turn | 300 sec total\n|\n|t:|1783572193\n|-end|p2a: Iron Moth|Quark Drive|[silent]\n|switch|p2a: Ho-Oh|Ho-Oh, L71|110/268\n|move|p1a: Heatran|Earth Power|p2a: Ho-Oh\n|-immune|p2a: Ho-Oh\n|\n|upkeep\n|turn|9\n|inactive|Time left: 300 sec this turn | 300 sec total\n|\n|t:|1783572194\n|move|p2a: Ho-Oh|Brave Bird|p1a: Heatran\n|-resisted|p1a: Heatran\n|-damage|p1a: Heatran|82/100\n|-enditem|p1a: Heatran|Air Balloon\n|-damage|p2a: Ho-Oh|93/268|[from] Recoil\n|move|p1a: Heatran|Lava Plume|p2a: Ho-Oh\n|-resisted|p2a: Ho-Oh\n|-damage|p2a: Ho-Oh|57/268\n|\n|upkeep\n|turn|10\n|inactive|Time left: 300 sec this turn | 300 sec total\n|\n|t:|1783572195\n|switch|p1a: Blaziken|Blaziken, L76, M|100/100\n|move|p2a: Ho-Oh|Recover|p2a: Ho-Oh\n|-heal|p2a: Ho-Oh|191/268\n|\n|upkeep\n|turn|11\n|inactive|Time left: 300 sec this turn | 300 sec total\n|\n|t:|1783572196\n|-terastallize|p1a: Blaziken|Dark\n|move|p2a: Ho-Oh|Brave Bird|p1a: Blaziken\n|-damage|p1a: Blaziken|42/100\n|-damage|p2a: Ho-Oh|143/268|[from] Recoil\n|move|p1a: Blaziken|Swords Dance|p1a: Blaziken\n|-boost|p1a: Blaziken|atk|2\n|\n|-ability|p1a: Blaziken|Speed Boost|boost\n|-boost|p1a: Blaziken|spe|1\n|upkeep\n|turn|12\n|inactive|Time left: 300 sec this turn | 300 sec total\n|\n|t:|1783572197\n|switch|p2a: Politoed|Politoed, L88, F|47/302\n|-weather|RainDance|[from] ability: Drizzle|[of] p2a: Politoed\n|move|p1a: Blaziken|Knock Off|p2a: Politoed\n|-damage|p2a: Politoed|0 fnt\n|-enditem|p2a: Politoed|Choice Specs|[from] move: Knock Off|[of] p1a: Blaziken\n|faint|p2a: Politoed\n|-damage|p1a: Blaziken|32/100|[from] item: Life Orb\n|\n|-weather|RainDance|[upkeep]\n|-ability|p1a: Blaziken|Speed Boost|boost\n|-boost|p1a: Blaziken|spe|1\n|upkeep\n|inactive|Time left: 300 sec this turn | 300 sec total | 5 sec grace\n|\n|t:|1783572198\n|switch|p2a: Alcremie|Alcremie-Salted-Cream, L90, F|263/263\n|turn|13\n|inactive|Time left: 300 sec this turn | 300 sec total\n|\n|t:|1783572199\n|move|p1a: Blaziken|Knock Off|p2a: Alcremie\n|-resisted|p2a: Alcremie\n|-damage|p2a: Alcremie|117/263\n|-enditem|p2a: Alcremie|Leftovers|[from] move: Knock Off|[of] p1a: Blaziken\n|-damage|p1a: Blaziken|22/100|[from] item: Life Orb\n|move|p2a: Alcremie|Alluring Voice|p1a: Blaziken\n|-supereffective|p1a: Blaziken\n|-damage|p1a: Blaziken|0 fnt\n|faint|p1a: Blaziken\n|\n|-weather|RainDance|[upkeep]\n|upkeep\n|\n|t:|1783572200\n|switch|p1a: Heatran|Heatran, L79, F|82/100\n|turn|14\n|inactive|Time left: 300 sec this turn | 300 sec total\n|\n|t:|1783572201\n|switch|p2a: Ho-Oh|Ho-Oh, L71|232/268\n|move|p1a: Heatran|Heavy Slam|p2a: Ho-Oh\n|-resisted|p2a: Ho-Oh\n|-damage|p2a: Ho-Oh|200/268\n|\n|-weather|RainDance|[upkeep]\n|upkeep\n|turn|15\n|inactive|Time left: 300 sec this turn | 300 sec total\n|\n|t:|1783572202\n|switch|p1a: Wyrdeer|Wyrdeer, L87, M|100/100\n|-ability|p1a: Wyrdeer|Intimidate|boost\n|-unboost|p2a: Ho-Oh|atk|1\n|move|p2a: Ho-Oh|Earthquake|p1a: Wyrdeer\n|-damage|p1a: Wyrdeer|86/100\n|\n|-weather|RainDance|[upkeep]\n|-heal|p1a: Wyrdeer|92/100|[from] item: Leftovers\n|upkeep\n|turn|16\n|inactive|Time left: 300 sec this turn | 300 sec total\n|\n|t:|1783572203\n|move|p2a: Ho-Oh|Sacred Fire|p1a: Wyrdeer\n|-damage|p1a: Wyrdeer|81/100\n|move|p1a: Wyrdeer|Psychic Noise|p2a: Ho-Oh\n|-damage|p2a: Ho-Oh|130/268\n|-start|p2a: Ho-Oh|move: Heal Block\n|\n|-weather|none\n|-heal|p1a: Wyrdeer|87/100|[from] item: Leftovers\n|upkeep\n|turn|17\n|inactive|Time left: 300 sec this turn | 300 sec total\n|\n|t:|1783572204\n|move|p2a: Ho-Oh|Sacred Fire|p1a: Wyrdeer\n|-damage|p1a: Wyrdeer|63/100\n|move|p1a: Wyrdeer|Psychic Noise|p2a: Ho-Oh\n|-damage|p2a: Ho-Oh|61/268\n|\n|-heal|p1a: Wyrdeer|70/100|[from] item: Leftovers\n|-end|p2a: Ho-Oh|move: Heal Block\n|upkeep\n|turn|18\n|inactive|Time left: 300 sec this turn | 300 sec total\n|\n|t:|1783572205\n|move|p2a: Ho-Oh|Recover|p2a: Ho-Oh\n|-heal|p2a: Ho-Oh|195/268\n|move|p1a: Wyrdeer|Psychic Noise|p2a: Ho-Oh\n|-damage|p2a: Ho-Oh|120/268\n|-start|p2a: Ho-Oh|move: Heal Block\n|\n|-heal|p1a: Wyrdeer|76/100|[from] item: Leftovers\n|upkeep\n|turn|19\n|inactive|Time left: 300 sec this turn | 300 sec total\n|\n|t:|1783572206\n|move|p2a: Ho-Oh|Sacred Fire|p1a: Wyrdeer\n|-damage|p1a: Wyrdeer|53/100\n|move|p1a: Wyrdeer|Psychic Noise|p2a: Ho-Oh\n|-damage|p2a: Ho-Oh|56/268\n|\n|-heal|p1a: Wyrdeer|59/100|[from] item: Leftovers\n|-end|p2a: Ho-Oh|move: Heal Block\n|upkeep\n|turn|20\n|inactive|Time left: 300 sec this turn | 300 sec total\n|\n|t:|1783572207\n|move|p2a: Ho-Oh|Recover|p2a: Ho-Oh\n|-heal|p2a: Ho-Oh|190/268\n|move|p1a: Wyrdeer|Psychic Noise|p2a: Ho-Oh\n|-damage|p2a: Ho-Oh|126/268\n|-start|p2a: Ho-Oh|move: Heal Block\n|\n|-heal|p1a: Wyrdeer|66/100|[from] item: Leftovers\n|upkeep\n|turn|21\n|inactive|Time left: 300 sec this turn | 300 sec total\n|\n|t:|1783572208\n|move|p2a: Ho-Oh|Sacred Fire|p1a: Wyrdeer\n|-damage|p1a: Wyrdeer|42/100\n|move|p1a: Wyrdeer|Psychic Noise|p2a: Ho-Oh\n|-damage|p2a: Ho-Oh|62/268\n|\n|-heal|p1a: Wyrdeer|48/100|[from] item: Leftovers\n|-end|p2a: Ho-Oh|move: Heal Block\n|upkeep\n|turn|22\n|inactive|Time left: 300 sec this turn | 300 sec total\n|\n|t:|1783572210\n|switch|p2a: Bellibolt|Bellibolt, L84, M|320/320\n|move|p1a: Wyrdeer|Psychic Noise|p2a: Bellibolt\n|-damage|p2a: Bellibolt|229/320\n|-start|p2a: Bellibolt|move: Heal Block\n|-start|p2a: Bellibolt|Charge|Psychic Noise|[from] ability: Electromorphosis\n|\n|-heal|p1a: Wyrdeer|55/100|[from] item: Leftovers\n|upkeep\n|turn|23\n|inactive|Time left: 300 sec this turn | 300 sec total\n|\n|t:|1783572211\n|move|p1a: Wyrdeer|Earthquake|p2a: Bellibolt\n|-supereffective|p2a: Bellibolt\n|-damage|p2a: Bellibolt|75/320\n|-start|p2a: Bellibolt|Charge|Earthquake|[from] ability: Electromorphosis\n|move|p2a: Bellibolt|Thunderbolt|p1a: Wyrdeer\n|-damage|p1a: Wyrdeer|0 fnt\n|faint|p1a: Wyrdeer\n|-end|p2a: Bellibolt|Charge|[silent]\n|\n|-end|p2a: Bellibolt|move: Heal Block\n|upkeep\n|\n|t:|1783572212\n|switch|p1a: Luvdisc|Luvdisc, M|100/100\n|turn|24\n|inactive|Time left: 300 sec this turn | 300 sec total\n|\n|t:|1783572212\n|switch|p2a: Alcremie|Alcremie-Salted-Cream, L90, F|117/263\n|move|p1a: Luvdisc|Surf|p2a: Alcremie\n|-damage|p2a: Alcremie|63/263\n|\n|upkeep\n|turn|25\n|inactive|Time left: 300 sec this turn | 300 sec total\n|\n|t:|1783572213\n|move|p1a: Luvdisc|Flip Turn|p2a: Alcremie\n|-damage|p2a: Alcremie|21/263\n|\n|t:|1783572214\n|switch|p1a: Heatran|Heatran, L79, F|82/100|[from] Flip Turn\n|move|p2a: Alcremie|Recover|p2a: Alcremie\n|-heal|p2a: Alcremie|153/263\n|\n|upkeep\n|turn|26\n|inactive|Time left: 300 sec this turn | 300 sec total\n|\n|t:|1783572215\n|switch|p2a: Ho-Oh|Ho-Oh, L71|151/268\n|move|p1a: Heatran|Stealth Rock|p2a: Ho-Oh\n|-sidestart|p2: p0y27935f61|move: Stealth Rock\n|\n|upkeep\n|turn|27\n|inactive|Time left: 300 sec this turn | 300 sec total\n|\n|t:|1783572216\n|switch|p1a: Luvdisc|Luvdisc, M|100/100\n|move|p2a: Ho-Oh|Earthquake|p1a: Luvdisc\n|-damage|p1a: Luvdisc|69/100\n|\n|upkeep\n|turn|28\n|inactive|Time left: 300 sec this turn | 300 sec total\n|\n|t:|1783572217\n|switch|p2a: Alcremie|Alcremie-Salted-Cream, L90, F|153/263\n|-damage|p2a: Alcremie|121/263|[from] Stealth Rock\n|move|p1a: Luvdisc|Surf|p2a: Alcremie\n|-damage|p2a: Alcremie|67/263\n|\n|upkeep\n|turn|29\n|inactive|Time left: 300 sec this turn | 300 sec total\n|\n|t:|1783572217\n|move|p1a: Luvdisc|Flip Turn|p2a: Alcremie\n|-damage|p2a: Alcremie|22/263\n|\n|t:|1783572218\n|switch|p1a: Heatran|Heatran, L79, F|82/100|[from] Flip Turn\n|move|p2a: Alcremie|Recover|p2a: Alcremie\n|-heal|p2a: Alcremie|154/263\n|\n|upkeep\n|turn|30\n|inactive|Time left: 300 sec this turn | 300 sec total\n|\n|t:|1783572218\n|-terastallize|p2a: Alcremie|Ground\n|move|p2a: Alcremie|Tera Blast|p1a: Heatran|[anim] Tera Blast Ground\n|-supereffective|p1a: Heatran\n|-damage|p1a: Heatran|0 fnt\n|faint|p1a: Heatran\n|\n|upkeep\n|\n|t:|1783572219\n|switch|p1a: Luvdisc|Luvdisc, M|69/100\n|turn|31\n|inactive|Time left: 300 sec this turn | 300 sec total\n|\n|t:|1783572220\n|move|p1a: Luvdisc|Flip Turn|p2a: Alcremie\n|-supereffective|p2a: Alcremie\n|-damage|p2a: Alcremie|62/263\n|move|p2a: Alcremie|Alluring Voice|p1a: Luvdisc\n|-damage|p1a: Luvdisc|24/100\n|\n|upkeep\n|turn|32\n|inactive|Time left: 300 sec this turn | 300 sec total\n|\n|t:|1783572220\n|move|p1a: Luvdisc|Surf|p2a: Alcremie\n|-supereffective|p2a: Alcremie\n|-damage|p2a: Alcremie|0 fnt\n|faint|p2a: Alcremie\n|\n|upkeep\n|inactive|Time left: 300 sec this turn | 300 sec total | 5 sec grace\n|\n|t:|1783572221\n|switch|p2a: Iron Moth|Iron Moth, L78|253/253\n|turn|33\n|inactive|Time left: 300 sec this turn | 300 sec total\n|\n|t:|1783572222\n|move|p1a: Luvdisc|Endeavor|p2a: Iron Moth\n|-damage|p2a: Iron Moth|57/253\n|move|p2a: Iron Moth|Energy Ball|p1a: Luvdisc\n|-supereffective|p1a: Luvdisc\n|-damage|p1a: Luvdisc|0 fnt\n|faint|p1a: Luvdisc\n|\n|win|p0y27935f61", "uploadtime": 1783572222, "views": 0, "rating": 0, "private": 0, "password": null, "_winner": "p0y27935f61", "_our_name": "p0y27935f61"}