{"id": "battle-gen9randombattle-562", "formatid": "gen9randombattle", "format": "[Gen 9] Random Battle", "players": ["p0x5628700", "p0y562aca9"], "log": "|init|battle\n|title|p0x5628700 vs. p0y562aca9\n|j|\u2606p0x5628700\n|j|\u2606p0y562aca9\n|t:|1783545582\n|gametype|singles\n|player|p1|p0x5628700|2|\n|player|p2|p0y562aca9|101|\n|gen|9\n|tier|[Gen 9] Random Battle\n|rule|Species Clause: Limit one of each Pok\u00e9mon\n|rule|HP Percentage Mod: HP is shown in percentages\n|rule|Sleep Clause Mod: Limit one foe put to sleep\n|rule|Illusion Level Mod: Illusion disguises the Pok\u00e9mon's true level\n|\n|t:|1783545582\n|teamsize|p1|6\n|teamsize|p2|6\n|start\n|switch|p1a: Slither Wing|Slither Wing, L81|100/100\n|switch|p2a: Slowbro|Slowbro-Galar, L87, F|307/307\n|turn|1\n|inactive|Battle timer is ON: inactive players will automatically lose when time's up. (requested by p0x5628700)\n|inactive|Time left: 300 sec this turn | 300 sec total | 60 sec grace\n|\n|t:|1783545584\n|move|p1a: Slither Wing|U-turn|p2a: Slowbro\n|-damage|p2a: Slowbro|222/307\n|inactive|p0y562aca9 also wants the timer to be on.\n|\n|t:|1783545585\n|-end|p1a: Slither Wing|Protosynthesis|[silent]\n|switch|p1a: Grumpig|Grumpig, L92, F|100/100|[from] U-turn\n|move|p2a: Slowbro|Shell Side Arm|p1a: Grumpig|[anim] Shell Side Arm Physical\n|-damage|p1a: Grumpig|63/100\n|-hint|Physical Shell Side Arm\n|\n|-heal|p1a: Grumpig|69/100|[from] item: Leftovers\n|upkeep\n|turn|2\n|inactive|Time left: 300 sec this turn | 300 sec total\n|\n|t:|1783545587\n|switch|p2a: Golurk|Golurk, L87|297/297\n|move|p1a: Grumpig|Nasty Plot|p1a: Grumpig\n|-boost|p1a: Grumpig|spa|2\n|\n|-heal|p1a: Grumpig|75/100|[from] item: Leftovers\n|upkeep\n|turn|3\n|inactive|Time left: 300 sec this turn | 300 sec total\n|\n|t:|1783545588\n|move|p1a: Grumpig|Shadow Ball|p2a: Golurk\n|-supereffective|p2a: Golurk\n|-damage|p2a: Golurk|43/297\n|move|p2a: Golurk|Poltergeist|p1a: Grumpig\n|-activate|p1a: Grumpig|move: Poltergeist|Leftovers\n|-supereffective|p1a: Grumpig\n|-damage|p1a: Grumpig|0 fnt\n|faint|p1a: Grumpig\n|\n|upkeep\n|\n|t:|1783545589\n|switch|p1a: Basculegion|Basculegion-F, L83, F|100/100\n|turn|4\n|inactive|Time left: 300 sec this turn | 300 sec total\n|\n|t:|1783545590\n|switch|p2a: Manaphy|Manaphy, L78|284/284\n|move|p1a: Basculegion|Shadow Ball|p2a: Manaphy\n|-damage|p2a: Manaphy|182/284\n|\n|-heal|p2a: Manaphy|199/284|[from] item: Leftovers\n|upkeep\n|turn|5\n|inactive|Time left: 300 sec this turn | 300 sec total\n|\n|t:|1783545592\n|move|p2a: Manaphy|Tail Glow|p2a: Manaphy\n|-boost|p2a: Manaphy|spa|3\n|move|p1a: Basculegion|Shadow Ball|p2a: Manaphy\n|-damage|p2a: Manaphy|87/284\n|\n|-heal|p2a: Manaphy|104/284|[from] item: Leftovers\n|upkeep\n|turn|6\n|inactive|Time left: 300 sec this turn | 300 sec total\n|\n|t:|1783545593\n|-terastallize|p2a: Manaphy|Grass\n|move|p2a: Manaphy|Energy Ball|p1a: Basculegion\n|-supereffective|p1a: Basculegion\n|-crit|p1a: Basculegion\n|-damage|p1a: Basculegion|0 fnt\n|faint|p1a: Basculegion\n|\n|-heal|p2a: Manaphy|121/284|[from] item: Leftovers\n|upkeep\n|\n|t:|1783545594\n|switch|p1a: Delibird|Delibird, F|100/100\n|turn|7\n|inactive|Time left: 300 sec this turn | 300 sec total\n|\n|t:|1783545595\n|switch|p2a: Slowbro|Slowbro-Galar, L87, F|307/307\n|move|p1a: Delibird|Brave Bird|p2a: Slowbro\n|-damage|p2a: Slowbro|138/307\n|-damage|p1a: Delibird|78/100|[from] Recoil\n|\n|upkeep\n|turn|8\n|inactive|Time left: 300 sec this turn | 300 sec total\n|\n|t:|1783545596\n|move|p1a: Delibird|Drill Run|p2a: Slowbro\n|-supereffective|p2a: Slowbro\n|-damage|p2a: Slowbro|0 fnt\n|faint|p2a: Slowbro\n|\n|upkeep\n|inactive|Time left: 300 sec this turn | 300 sec total | 5 sec grace\n|\n|t:|1783545597\n|switch|p2a: Veluza|Veluza, L85, F|292/292\n|turn|9\n|inactive|Time left: 300 sec this turn | 300 sec total\n|\n|t:|1783545598\n|switch|p1a: Sinistcha|Sinistcha, L83|100/100\n|move|p2a: Veluza|Aqua Cutter|p1a: Sinistcha\n|-resisted|p1a: Sinistcha\n|-crit|p1a: Sinistcha\n|-damage|p1a: Sinistcha|69/100\n|\n|-heal|p1a: Sinistcha|75/100|[from] item: Leftovers\n|upkeep\n|turn|10\n|inactive|Time left: 300 sec this turn | 300 sec total\n|\n|t:|1783545599\n|move|p2a: Veluza|Night Slash|p1a: Sinistcha\n|-supereffective|p1a: Sinistcha\n|-damage|p1a: Sinistcha|20/100\n|move|p1a: Sinistcha|Calm Mind|p1a: Sinistcha\n|-boost|p1a: Sinistcha|spa|1\n|-boost|p1a: Sinistcha|spd|1\n|\n|-heal|p1a: Sinistcha|26/100|[from] item: Leftovers\n|upkeep\n|turn|11\n|inactive|Time left: 300 sec this turn | 300 sec total\n|\n|t:|1783545600\n|switch|p1a: Iron Valiant|Iron Valiant, L78|100/100\n|move|p2a: Veluza|Night Slash|p1a: Iron Valiant\n|-resisted|p1a: Iron Valiant\n|-damage|p1a: Iron Valiant|92/100\n|\n|upkeep\n|turn|12\n|inactive|Time left: 300 sec this turn | 300 sec total\n|\n|t:|1783545602\n|-terastallize|p1a: Iron Valiant|Dark\n|move|p1a: Iron Valiant|Knock Off|p2a: Veluza\n|-supereffective|p2a: Veluza\n|-damage|p2a: Veluza|0 fnt\n|-enditem|p2a: Veluza|Sitrus Berry|[from] move: Knock Off|[of] p1a: Iron Valiant\n|faint|p2a: Veluza\n|-damage|p1a: Iron Valiant|82/100|[from] item: Life Orb\n|\n|upkeep\n|inactive|Time left: 300 sec this turn | 300 sec total | 5 sec grace\n|\n|t:|1783545603\n|switch|p2a: Slither Wing|Slither Wing, L81|270/270\n|turn|13\n|inactive|Time left: 300 sec this turn | 300 sec total\n|\n|t:|1783545604\n|move|p1a: Iron Valiant|Spirit Break|p2a: Slither Wing\n|-supereffective|p2a: Slither Wing\n|-damage|p2a: Slither Wing|5/270\n|-unboost|p2a: Slither Wing|spa|1\n|-damage|p1a: Iron Valiant|72/100|[from] item: Life Orb\n|move|p2a: Slither Wing|U-turn|p1a: Iron Valiant\n|-supereffective|p1a: Iron Valiant\n|-damage|p1a: Iron Valiant|0 fnt\n|faint|p1a: Iron Valiant\n|-end|p1a: Iron Valiant|Quark Drive|[silent]\n|inactive|Time left: 300 sec this turn | 300 sec total | 5 sec grace\n|\n|t:|1783545605\n|-end|p2a: Slither Wing|Protosynthesis|[silent]\n|switch|p2a: Golurk|Golurk, L87|43/297|[from] U-turn\n|\n|upkeep\n|\n|t:|1783545606\n|switch|p1a: Delibird|Delibird, F|78/100\n|turn|14\n|inactive|Time left: 300 sec this turn | 300 sec total\n|\n|t:|1783545607\n|switch|p2a: Slither Wing|Slither Wing, L81|5/270\n|move|p1a: Delibird|Ice Spinner|p2a: Slither Wing|[miss]\n|-miss|p1a: Delibird|p2a: Slither Wing\n|\n|upkeep\n|turn|15\n|inactive|Time left: 300 sec this turn | 300 sec total\n|\n|t:|1783545608\n|move|p1a: Delibird|Brave Bird|p2a: Slither Wing\n|-supereffective|p2a: Slither Wing\n|-damage|p2a: Slither Wing|0 fnt\n|faint|p2a: Slither Wing\n|-end|p2a: Slither Wing|Protosynthesis|[silent]\n|-damage|p1a: Delibird|77/100|[from] Recoil\n|\n|upkeep\n|inactive|Time left: 300 sec this turn | 300 sec total | 5 sec grace\n|\n|t:|1783545609\n|switch|p2a: Golurk|Golurk, L87|43/297\n|turn|16\n|inactive|Time left: 300 sec this turn | 300 sec total\n|\n|t:|1783545611\n|move|p1a: Delibird|Ice Spinner|p2a: Golurk\n|-supereffective|p2a: Golurk\n|-damage|p2a: Golurk|0 fnt\n|faint|p2a: Golurk\n|\n|upkeep\n|inactive|Time left: 300 sec this turn | 300 sec total | 5 sec grace\n|\n|t:|1783545611\n|switch|p2a: Manaphy|Manaphy, L78, tera:Grass|121/284\n|turn|17\n|inactive|Time left: 300 sec this turn | 300 sec total\n|\n|t:|1783545613\n|move|p1a: Delibird|Ice Spinner|p2a: Manaphy\n|-supereffective|p2a: Manaphy\n|-damage|p2a: Manaphy|0 fnt\n|faint|p2a: Manaphy\n|\n|upkeep\n|inactive|Time left: 300 sec this turn | 300 sec total | 5 sec grace\n|\n|t:|1783545613\n|switch|p2a: Hydrapple|Hydrapple, L83, M|312/312\n|turn|18\n|inactive|Time left: 300 sec this turn | 300 sec total\n|\n|t:|1783545615\n|move|p1a: Delibird|Ice Spinner|p2a: Hydrapple|[miss]\n|-miss|p1a: Delibird|p2a: Hydrapple\n|move|p2a: Hydrapple|Fickle Beam|p1a: Delibird\n|-damage|p1a: Delibird|25/100\n|\n|upkeep\n|turn|19\n|inactive|Time left: 300 sec this turn | 300 sec total\n|\n|t:|1783545615\n|move|p1a: Delibird|Ice Spinner|p2a: Hydrapple\n|-supereffective|p2a: Hydrapple\n|-damage|p2a: Hydrapple|0 fnt\n|faint|p2a: Hydrapple\n|\n|win|p0x5628700", "uploadtime": 1783545615, "views": 0, "rating": 0, "private": 0, "password": null, "_winner": "p0x5628700", "_our_name": "p0y562aca9"}