{"id": "battle-gen9randombattle-723", "formatid": "gen9randombattle", "format": "[Gen 9] Random Battle", "players": ["p0x72363e8", "p0y723f0db"], "log": "|init|battle\n|title|p0x72363e8 vs. p0y723f0db\n|j|\u2606p0x72363e8\n|j|\u2606p0y723f0db\n|t:|1783547508\n|gametype|singles\n|player|p1|p0x72363e8|266|\n|player|p2|p0y723f0db|266|\n|gen|9\n|tier|[Gen 9] Random Battle\n|rule|Species Clause: Limit one of each Pok\u00e9mon\n|rule|HP Percentage Mod: HP is shown in percentages\n|rule|Sleep Clause Mod: Limit one foe put to sleep\n|rule|Illusion Level Mod: Illusion disguises the Pok\u00e9mon's true level\n|\n|t:|1783547508\n|teamsize|p1|6\n|teamsize|p2|6\n|start\n|switch|p1a: Annihilape|Annihilape, L76, F|292/292\n|switch|p2a: Chandelure|Chandelure, L83, M|100/100\n|turn|1\n|inactive|Battle timer is ON: inactive players will automatically lose when time's up. (requested by p0x72363e8)\n|\n|t:|1783547509\n|move|p1a: Annihilape|Rage Fist|p2a: Chandelure\n|-supereffective|p2a: Chandelure\n|-damage|p2a: Chandelure|55/100\n|move|p2a: Chandelure|Fire Blast|p1a: Annihilape|[miss]\n|-miss|p2a: Chandelure|p1a: Annihilape\n|\n|upkeep\n|turn|2\n|inactive|Time left: 300 sec this turn | 300 sec total\n|inactive|p0y723f0db also wants the timer to be on.\n|\n|t:|1783547510\n|-terastallize|p1a: Annihilape|Ghost\n|move|p1a: Annihilape|Rage Fist|p2a: Chandelure\n|-supereffective|p2a: Chandelure\n|-damage|p2a: Chandelure|0 fnt\n|faint|p2a: Chandelure\n|\n|upkeep\n|\n|t:|1783547511\n|switch|p2a: Hydreigon|Hydreigon, L79, F|100/100\n|turn|3\n|inactive|Time left: 300 sec this turn | 300 sec total\n|\n|t:|1783547512\n|move|p2a: Hydreigon|Nasty Plot|p2a: Hydreigon\n|-boost|p2a: Hydreigon|spa|2\n|move|p1a: Annihilape|Drain Punch|p2a: Hydreigon\n|-supereffective|p2a: Hydreigon\n|-damage|p2a: Hydreigon|46/100\n|\n|upkeep\n|turn|4\n|inactive|Time left: 300 sec this turn | 300 sec total\n|\n|t:|1783547513\n|switch|p1a: Urshifu|Urshifu, L74, M|270/270\n|move|p2a: Hydreigon|Dark Pulse|p1a: Urshifu\n|-resisted|p1a: Urshifu\n|-damage|p1a: Urshifu|189/270\n|-damage|p2a: Hydreigon|36/100|[from] item: Life Orb\n|\n|upkeep\n|turn|5\n|inactive|Time left: 300 sec this turn | 300 sec total\n|\n|t:|1783547515\n|move|p1a: Urshifu|Close Combat|p2a: Hydreigon\n|-supereffective|p2a: Hydreigon\n|-damage|p2a: Hydreigon|0 fnt\n|-unboost|p1a: Urshifu|def|1\n|-unboost|p1a: Urshifu|spd|1\n|faint|p2a: Hydreigon\n|\n|upkeep\n|\n|t:|1783547515\n|switch|p2a: Misdreavus|Misdreavus, L90, M|100/100\n|turn|6\n|inactive|Time left: 300 sec this turn | 300 sec total\n|\n|t:|1783547517\n|switch|p1a: Overqwil|Overqwil, L82, F|274/274\n|-ability|p1a: Overqwil|Intimidate|boost\n|-unboost|p2a: Misdreavus|atk|1\n|move|p2a: Misdreavus|Calm Mind|p2a: Misdreavus\n|-boost|p2a: Misdreavus|spa|1\n|-boost|p2a: Misdreavus|spd|1\n|\n|upkeep\n|turn|7\n|inactive|Time left: 300 sec this turn | 300 sec total\n|\n|t:|1783547518\n|move|p2a: Misdreavus|Will-O-Wisp|p1a: Overqwil\n|-status|p1a: Overqwil|brn\n|move|p1a: Overqwil|Swords Dance|p1a: Overqwil\n|-boost|p1a: Overqwil|atk|2\n|\n|-damage|p1a: Overqwil|257/274 brn|[from] brn\n|upkeep\n|turn|8\n|inactive|Time left: 300 sec this turn | 300 sec total\n|\n|t:|1783547519\n|move|p2a: Misdreavus|Shadow Ball|p1a: Overqwil\n|-resisted|p1a: Overqwil\n|-damage|p1a: Overqwil|170/274 brn\n|move|p1a: Overqwil|Crunch|p2a: Misdreavus\n|-supereffective|p2a: Misdreavus\n|-damage|p2a: Misdreavus|21/100\n|-damage|p1a: Overqwil|143/274 brn|[from] item: Life Orb\n|\n|-damage|p1a: Overqwil|126/274 brn|[from] brn\n|upkeep\n|turn|9\n|inactive|Time left: 300 sec this turn | 300 sec total\n|\n|t:|1783547520\n|-terastallize|p2a: Misdreavus|Fairy\n|move|p2a: Misdreavus|Draining Kiss|p1a: Overqwil\n|-damage|p1a: Overqwil|0 fnt\n|-heal|p2a: Misdreavus|58/100|[from] drain|[of] p1a: Overqwil\n|faint|p1a: Overqwil\n|\n|upkeep\n|inactive|Time left: 300 sec this turn | 300 sec total | 5 sec grace\n|\n|t:|1783547521\n|switch|p1a: Magcargo|Magcargo, L95, M|268/268\n|turn|10\n|inactive|Time left: 300 sec this turn | 300 sec total\n|\n|t:|1783547522\n|move|p2a: Misdreavus|Shadow Ball|p1a: Magcargo\n|-damage|p1a: Magcargo|150/268\n|move|p1a: Magcargo|Yawn|p2a: Misdreavus\n|-start|p2a: Misdreavus|move: Yawn|[of] p1a: Magcargo\n|\n|upkeep\n|turn|11\n|inactive|Time left: 300 sec this turn | 300 sec total\n|\n|t:|1783547523\n|move|p2a: Misdreavus|Draining Kiss|p1a: Magcargo\n|-resisted|p1a: Magcargo\n|-damage|p1a: Magcargo|105/268\n|-heal|p2a: Misdreavus|71/100|[from] drain|[of] p1a: Magcargo\n|move|p1a: Magcargo|Recover|p1a: Magcargo\n|-heal|p1a: Magcargo|239/268\n|\n|-end|p2a: Misdreavus|move: Yawn|[silent]\n|-status|p2a: Misdreavus|slp\n|upkeep\n|turn|12\n|inactive|Time left: 300 sec this turn | 300 sec total\n|\n|t:|1783547525\n|cant|p2a: Misdreavus|slp\n|move|p1a: Magcargo|Lava Plume|p2a: Misdreavus\n|-damage|p2a: Misdreavus|54/100 slp\n|\n|upkeep\n|turn|13\n|inactive|Time left: 300 sec this turn | 300 sec total\n|\n|t:|1783547526\n|cant|p2a: Misdreavus|slp\n|move|p1a: Magcargo|Power Gem|p2a: Misdreavus\n|-damage|p2a: Misdreavus|36/100 slp\n|\n|upkeep\n|turn|14\n|inactive|Time left: 300 sec this turn | 300 sec total\n|\n|t:|1783547527\n|cant|p2a: Misdreavus|slp\n|move|p1a: Magcargo|Lava Plume|p2a: Misdreavus\n|-damage|p2a: Misdreavus|17/100 slp\n|\n|upkeep\n|turn|15\n|inactive|Time left: 300 sec this turn | 300 sec total\n|\n|t:|1783547528\n|-curestatus|p2a: Misdreavus|slp|[msg]\n|move|p2a: Misdreavus|Draining Kiss|p1a: Magcargo\n|-resisted|p1a: Magcargo\n|-damage|p1a: Magcargo|190/268\n|-heal|p2a: Misdreavus|32/100|[from] drain|[of] p1a: Magcargo\n|move|p1a: Magcargo|Lava Plume|p2a: Misdreavus\n|-damage|p2a: Misdreavus|13/100\n|\n|upkeep\n|turn|16\n|inactive|Time left: 300 sec this turn | 300 sec total\n|\n|t:|1783547529\n|move|p2a: Misdreavus|Shadow Ball|p1a: Magcargo\n|-crit|p1a: Magcargo\n|-damage|p1a: Magcargo|9/268\n|move|p1a: Magcargo|Power Gem|p2a: Misdreavus\n|-damage|p2a: Misdreavus|0 fnt\n|faint|p2a: Misdreavus\n|\n|upkeep\n|\n|t:|1783547530\n|switch|p2a: Floatzel|Floatzel, L86, M|100/100\n|turn|17\n|inactive|Time left: 300 sec this turn | 300 sec total\n|\n|t:|1783547531\n|move|p2a: Floatzel|Wave Crash|p1a: Magcargo\n|-supereffective|p1a: Magcargo\n|-damage|p1a: Magcargo|0 fnt\n|faint|p1a: Magcargo\n|-damage|p2a: Floatzel|99/100|[from] Recoil\n|\n|-heal|p2a: Floatzel|100/100|[from] item: Leftovers\n|upkeep\n|inactive|Time left: 300 sec this turn | 300 sec total | 5 sec grace\n|\n|t:|1783547532\n|switch|p1a: Brambleghast|Brambleghast, L88, M|240/240\n|turn|18\n|inactive|Time left: 300 sec this turn | 300 sec total\n|\n|t:|1783547533\n|switch|p2a: Probopass|Probopass, L91, F|100/100\n|move|p1a: Brambleghast|Power Whip|p2a: Probopass\n|-damage|p2a: Probopass|62/100\n|\n|upkeep\n|turn|19\n|inactive|Time left: 300 sec this turn | 300 sec total\n|\n|t:|1783547534\n|move|p1a: Brambleghast|Leech Seed|p2a: Probopass\n|-start|p2a: Probopass|move: Leech Seed\n|move|p2a: Probopass|Iron Defense|p2a: Probopass\n|-boost|p2a: Probopass|def|2\n|\n|-damage|p2a: Probopass|49/100|[from] Leech Seed|[of] p1a: Brambleghast\n|upkeep\n|turn|20\n|inactive|Time left: 300 sec this turn | 300 sec total\n|\n|t:|1783547535\n|move|p1a: Brambleghast|Substitute|p1a: Brambleghast\n|-start|p1a: Brambleghast|Substitute\n|-damage|p1a: Brambleghast|180/240\n|move|p2a: Probopass|Rest|p2a: Probopass\n|-status|p2a: Probopass|slp|[from] move: Rest\n|-heal|p2a: Probopass|100/100 slp|[silent]\n|-enditem|p2a: Probopass|Chesto Berry|[eat]\n|-curestatus|p2a: Probopass|slp|[msg]\n|\n|-heal|p1a: Brambleghast|195/240|[from] item: Leftovers\n|-damage|p2a: Probopass|88/100|[from] Leech Seed|[of] p1a: Brambleghast\n|-heal|p1a: Brambleghast|227/240|[silent]\n|upkeep\n|turn|21\n|inactive|Time left: 300 sec this turn | 300 sec total\n|\n|t:|1783547536\n|move|p1a: Brambleghast|Power Whip|p2a: Probopass\n|-damage|p2a: Probopass|69/100\n|move|p2a: Probopass|Iron Defense|p2a: Probopass\n|-boost|p2a: Probopass|def|2\n|\n|-heal|p1a: Brambleghast|240/240|[from] item: Leftovers\n|-damage|p2a: Probopass|57/100|[from] Leech Seed|[of] p1a: Brambleghast\n|upkeep\n|turn|22\n|inactive|Time left: 300 sec this turn | 300 sec total\n|\n|t:|1783547538\n|move|p1a: Brambleghast|Power Whip|p2a: Probopass\n|-damage|p2a: Probopass|43/100\n|move|p2a: Probopass|Flash Cannon|p1a: Brambleghast\n|-end|p1a: Brambleghast|Substitute\n|\n|-damage|p2a: Probopass|30/100|[from] Leech Seed|[of] p1a: Brambleghast\n|upkeep\n|turn|23\n|inactive|Time left: 300 sec this turn | 300 sec total\n|\n|t:|1783547539\n|switch|p1a: Annihilape|Annihilape, L76, F, tera:Ghost|292/292\n|move|p2a: Probopass|Rest|p2a: Probopass\n|-status|p2a: Probopass|slp|[from] move: Rest\n|-heal|p2a: Probopass|100/100 slp|[silent]\n|\n|-damage|p2a: Probopass|88/100 slp|[from] Leech Seed|[of] p1a: Annihilape\n|upkeep\n|turn|24\n|inactive|Time left: 300 sec this turn | 300 sec total\n|\n|t:|1783547540\n|switch|p2a: Floatzel|Floatzel, L86, M|100/100\n|move|p1a: Annihilape|Bulk Up|p1a: Annihilape\n|-boost|p1a: Annihilape|atk|1\n|-boost|p1a: Annihilape|def|1\n|\n|upkeep\n|turn|25\n|inactive|Time left: 300 sec this turn | 300 sec total\n|\n|t:|1783547541\n|move|p2a: Floatzel|Bulk Up|p2a: Floatzel\n|-boost|p2a: Floatzel|atk|1\n|-boost|p2a: Floatzel|def|1\n|move|p1a: Annihilape|Rage Fist|p2a: Floatzel\n|-damage|p2a: Floatzel|61/100\n|\n|-heal|p2a: Floatzel|67/100|[from] item: Leftovers\n|upkeep\n|turn|26\n|inactive|Time left: 300 sec this turn | 300 sec total\n|\n|t:|1783547542\n|move|p2a: Floatzel|Bulk Up|p2a: Floatzel\n|-boost|p2a: Floatzel|atk|1\n|-boost|p2a: Floatzel|def|1\n|move|p1a: Annihilape|Drain Punch|p2a: Floatzel\n|-damage|p2a: Floatzel|39/100\n|\n|-heal|p2a: Floatzel|45/100|[from] item: Leftovers\n|upkeep\n|turn|27\n|inactive|Time left: 300 sec this turn | 300 sec total\n|\n|t:|1783547543\n|move|p2a: Floatzel|Bulk Up|p2a: Floatzel\n|-boost|p2a: Floatzel|atk|1\n|-boost|p2a: Floatzel|def|1\n|move|p1a: Annihilape|Drain Punch|p2a: Floatzel\n|-damage|p2a: Floatzel|23/100\n|\n|-heal|p2a: Floatzel|29/100|[from] item: Leftovers\n|upkeep\n|turn|28\n|inactive|Time left: 300 sec this turn | 300 sec total\n|\n|t:|1783547544\n|move|p2a: Floatzel|Ice Spinner|p1a: Annihilape\n|-damage|p1a: Annihilape|159/292\n|move|p1a: Annihilape|Gunk Shot|p2a: Floatzel\n|-damage|p2a: Floatzel|4/100\n|-status|p2a: Floatzel|psn\n|\n|-heal|p2a: Floatzel|10/100 psn|[from] item: Leftovers\n|-heal|p1a: Annihilape|177/292|[from] item: Leftovers\n|-damage|p2a: Floatzel|0 fnt|[from] psn\n|faint|p2a: Floatzel\n|upkeep\n|\n|t:|1783547546\n|switch|p2a: Comfey|Comfey, L85, M|100/100\n|turn|29\n|inactive|Time left: 300 sec this turn | 300 sec total\n|\n|t:|1783547547\n|switch|p2a: Probopass|Probopass, L91, F|88/100 slp\n|move|p1a: Annihilape|Gunk Shot|p2a: Probopass\n|-immune|p2a: Probopass\n|\n|-heal|p1a: Annihilape|195/292|[from] item: Leftovers\n|upkeep\n|turn|30\n|inactive|Time left: 300 sec this turn | 300 sec total\n|\n|t:|1783547548\n|switch|p2a: Comfey|Comfey, L85, M|100/100\n|move|p1a: Annihilape|Drain Punch|p2a: Comfey\n|-resisted|p2a: Comfey\n|-damage|p2a: Comfey|75/100\n|-heal|p1a: Annihilape|224/292|[from] drain|[of] p2a: Comfey\n|\n|-heal|p2a: Comfey|81/100|[from] item: Leftovers\n|-heal|p1a: Annihilape|242/292|[from] item: Leftovers\n|upkeep\n|turn|31\n|inactive|Time left: 300 sec this turn | 300 sec total\n|\n|t:|1783547549\n|switch|p2a: Probopass|Probopass, L91, F|88/100 slp\n|move|p1a: Annihilape|Gunk Shot|p2a: Probopass\n|-immune|p2a: Probopass\n|\n|-heal|p1a: Annihilape|260/292|[from] item: Leftovers\n|upkeep\n|turn|32\n|inactive|Time left: 300 sec this turn | 300 sec total\n|\n|t:|1783547550\n|switch|p2a: Comfey|Comfey, L85, M|81/100\n|move|p1a: Annihilape|Drain Punch|p2a: Comfey\n|-resisted|p2a: Comfey\n|-damage|p2a: Comfey|56/100\n|-heal|p1a: Annihilape|288/292|[from] drain|[of] p2a: Comfey\n|\n|-heal|p2a: Comfey|62/100|[from] item: Leftovers\n|-heal|p1a: Annihilape|292/292|[from] item: Leftovers\n|upkeep\n|turn|33\n|inactive|Time left: 300 sec this turn | 300 sec total\n|\n|t:|1783547551\n|switch|p2a: Probopass|Probopass, L91, F|88/100 slp\n|move|p1a: Annihilape|Gunk Shot|p2a: Probopass\n|-immune|p2a: Probopass\n|\n|upkeep\n|turn|34\n|inactive|Time left: 300 sec this turn | 300 sec total\n|\n|t:|1783547552\n|switch|p2a: Comfey|Comfey, L85, M|62/100\n|move|p1a: Annihilape|Drain Punch|p2a: Comfey\n|-resisted|p2a: Comfey\n|-damage|p2a: Comfey|37/100\n|\n|-heal|p2a: Comfey|44/100|[from] item: Leftovers\n|upkeep\n|turn|35\n|inactive|Time left: 300 sec this turn | 300 sec total\n|\n|t:|1783547553\n|switch|p2a: Probopass|Probopass, L91, F|88/100 slp\n|move|p1a: Annihilape|Gunk Shot|p2a: Probopass\n|-immune|p2a: Probopass\n|\n|upkeep\n|turn|36\n|inactive|Time left: 300 sec this turn | 300 sec total\n|\n|t:|1783547554\n|switch|p2a: Comfey|Comfey, L85, M|44/100\n|move|p1a: Annihilape|Drain Punch|p2a: Comfey\n|-resisted|p2a: Comfey\n|-damage|p2a: Comfey|19/100\n|\n|-heal|p2a: Comfey|25/100|[from] item: Leftovers\n|upkeep\n|turn|37\n|inactive|Time left: 300 sec this turn | 300 sec total\n|\n|t:|1783547555\n|switch|p2a: Probopass|Probopass, L91, F|88/100 slp\n|move|p1a: Annihilape|Rage Fist|p2a: Probopass\n|-damage|p2a: Probopass|39/100 slp\n|\n|upkeep\n|turn|38\n|inactive|Time left: 300 sec this turn | 300 sec total\n|\n|t:|1783547556\n|switch|p2a: Comfey|Comfey, L85, M|25/100\n|move|p1a: Annihilape|Drain Punch|p2a: Comfey\n|-resisted|p2a: Comfey\n|-damage|p2a: Comfey|0 fnt\n|faint|p2a: Comfey\n|\n|upkeep\n|\n|t:|1783547557\n|switch|p2a: Probopass|Probopass, L91, F|39/100 slp\n|turn|39\n|inactive|Time left: 300 sec this turn | 300 sec total\n|\n|t:|1783547558\n|move|p1a: Annihilape|Drain Punch|p2a: Probopass\n|-supereffective|p2a: Probopass\n|-damage|p2a: Probopass|0 fnt\n|faint|p2a: Probopass\n|\n|win|p0x72363e8", "uploadtime": 1783547558, "views": 0, "rating": 0, "private": 0, "password": null, "_winner": "p0x72363e8", "_our_name": "p0x72363e8"}