{"id": "battle-gen9randombattle-650", "formatid": "gen9randombattle", "format": "[Gen 9] Random Battle", "players": ["p0x6504a83", "p0y650615f"], "log": "|init|battle\n|title|p0x6504a83 vs. p0y650615f\n|j|\u2606p0x6504a83\n|j|\u2606p0y650615f\n|t:|1783547354\n|gametype|singles\n|player|p1|p0x6504a83|169|\n|player|p2|p0y650615f|2|\n|gen|9\n|tier|[Gen 9] Random Battle\n|rule|Species Clause: Limit one of each Pok\u00e9mon\n|rule|HP Percentage Mod: HP is shown in percentages\n|rule|Sleep Clause Mod: Limit one foe put to sleep\n|rule|Illusion Level Mod: Illusion disguises the Pok\u00e9mon's true level\n|\n|t:|1783547354\n|teamsize|p1|6\n|teamsize|p2|6\n|start\n|switch|p1a: Meloetta|Meloetta, L82|100/100\n|switch|p2a: Incineroar|Incineroar, L82, M|290/290\n|-ability|p2a: Incineroar|Intimidate|boost\n|-unboost|p1a: Meloetta|atk|1\n|turn|1\n|inactive|Battle timer is ON: inactive players will automatically lose when time's up. (requested by p0y650615f)\n|inactive|p0x6504a83 also wants the timer to be on.\n|\n|t:|1783547356\n|move|p1a: Meloetta|Relic Song|p2a: Incineroar\n|-damage|p2a: Incineroar|169/290\n|-formechange|p1a: Meloetta|Meloetta-Pirouette|[msg]\n|-damage|p1a: Meloetta|91/100|[from] item: Life Orb\n|move|p2a: Incineroar|Knock Off|p1a: Meloetta\n|-resisted|p1a: Meloetta\n|-damage|p1a: Meloetta|71/100\n|-enditem|p1a: Meloetta|Life Orb|[from] move: Knock Off|[of] p2a: Incineroar\n|\n|upkeep\n|turn|2\n|inactive|Time left: 300 sec this turn | 300 sec total\n|\n|t:|1783547357\n|switch|p2a: Appletun|Appletun, L92, F|352/352\n|move|p1a: Meloetta|Close Combat|p2a: Appletun\n|-damage|p2a: Appletun|252/352\n|-unboost|p1a: Meloetta|def|1\n|-unboost|p1a: Meloetta|spd|1\n|\n|-heal|p2a: Appletun|274/352|[from] item: Leftovers\n|upkeep\n|turn|3\n|inactive|Time left: 300 sec this turn | 300 sec total\n|\n|t:|1783547359\n|switch|p1a: Toedscruel|Toedscruel, L87, F|100/100\n|move|p2a: Appletun|Apple Acid|p1a: Toedscruel\n|-damage|p1a: Toedscruel|74/100\n|-unboost|p1a: Toedscruel|spd|1\n|\n|-heal|p1a: Toedscruel|80/100|[from] item: Leftovers\n|-heal|p2a: Appletun|296/352|[from] item: Leftovers\n|upkeep\n|turn|4\n|inactive|Time left: 300 sec this turn | 300 sec total\n|\n|t:|1783547360\n|move|p2a: Appletun|Apple Acid|p1a: Toedscruel\n|-damage|p1a: Toedscruel|37/100\n|-unboost|p1a: Toedscruel|spd|1\n|move|p1a: Toedscruel|Toxic|p2a: Appletun\n|-status|p2a: Appletun|tox\n|\n|-heal|p1a: Toedscruel|43/100|[from] item: Leftovers\n|-heal|p2a: Appletun|318/352 tox|[from] item: Leftovers\n|-damage|p2a: Appletun|296/352 tox|[from] psn\n|upkeep\n|turn|5\n|inactive|Time left: 300 sec this turn | 300 sec total\n|\n|t:|1783547361\n|switch|p1a: Tinkaton|Tinkaton, L82, F|100/100\n|-ability|p1a: Tinkaton|Mold Breaker\n|move|p2a: Appletun|Apple Acid|p1a: Tinkaton\n|-resisted|p1a: Tinkaton\n|-damage|p1a: Tinkaton|83/100\n|-unboost|p1a: Tinkaton|spd|1\n|\n|-heal|p1a: Tinkaton|89/100|[from] item: Leftovers\n|-heal|p2a: Appletun|318/352 tox|[from] item: Leftovers\n|-damage|p2a: Appletun|274/352 tox|[from] psn\n|upkeep\n|turn|6\n|inactive|Time left: 300 sec this turn | 300 sec total\n|\n|t:|1783547363\n|switch|p2a: Incineroar|Incineroar, L82, M|169/290\n|-ability|p2a: Incineroar|Intimidate|boost\n|-unboost|p1a: Tinkaton|atk|1\n|move|p1a: Tinkaton|Stealth Rock|p2a: Incineroar\n|-sidestart|p2: p0y650615f|move: Stealth Rock\n|\n|-heal|p1a: Tinkaton|95/100|[from] item: Leftovers\n|upkeep\n|turn|7\n|inactive|Time left: 300 sec this turn | 300 sec total\n|\n|t:|1783547364\n|switch|p1a: Meloetta|Meloetta, L82|71/100\n|move|p2a: Incineroar|Flare Blitz|p1a: Meloetta\n|-damage|p1a: Meloetta|21/100\n|-status|p1a: Meloetta|brn\n|-damage|p2a: Incineroar|119/290|[from] Recoil\n|\n|-damage|p1a: Meloetta|15/100 brn|[from] brn\n|upkeep\n|turn|8\n|inactive|Time left: 300 sec this turn | 300 sec total\n|\n|t:|1783547365\n|switch|p2a: Skeledirge|Skeledirge, L79, M|294/294\n|move|p1a: Meloetta|Relic Song|p2a: Skeledirge\n|-immune|p2a: Skeledirge\n|\n|-damage|p1a: Meloetta|9/100 brn|[from] brn\n|upkeep\n|turn|9\n|inactive|Time left: 300 sec this turn | 300 sec total\n|\n|t:|1783547366\n|move|p1a: Meloetta|Knock Off|p2a: Skeledirge\n|-supereffective|p2a: Skeledirge\n|-damage|p2a: Skeledirge|241/294\n|-enditem|p2a: Skeledirge|Heavy-Duty Boots|[from] move: Knock Off|[of] p1a: Meloetta\n|move|p2a: Skeledirge|Torch Song|p1a: Meloetta\n|-damage|p1a: Meloetta|0 fnt\n|-boost|p2a: Skeledirge|spa|1\n|faint|p1a: Meloetta\n|\n|upkeep\n|\n|t:|1783547367\n|switch|p1a: Rotom|Rotom, L88|100/100\n|turn|10\n|inactive|Time left: 300 sec this turn | 300 sec total\n|\n|t:|1783547368\n|move|p1a: Rotom|Shadow Ball|p2a: Skeledirge\n|-supereffective|p2a: Skeledirge\n|-damage|p2a: Skeledirge|0 fnt\n|faint|p2a: Skeledirge\n|-damage|p1a: Rotom|91/100|[from] item: Life Orb\n|\n|upkeep\n|inactive|Time left: 300 sec this turn | 300 sec total | 5 sec grace\n|\n|t:|1783547369\n|switch|p2a: Incineroar|Incineroar, L82, M|119/290\n|-ability|p2a: Incineroar|Intimidate|boost\n|-unboost|p1a: Rotom|atk|1\n|turn|11\n|inactive|Time left: 300 sec this turn | 300 sec total\n|\n|t:|1783547370\n|move|p1a: Rotom|Thunderbolt|p2a: Incineroar\n|-damage|p2a: Incineroar|0 fnt\n|faint|p2a: Incineroar\n|-damage|p1a: Rotom|81/100|[from] item: Life Orb\n|\n|upkeep\n|inactive|Time left: 300 sec this turn | 300 sec total | 5 sec grace\n|\n|t:|1783547371\n|switch|p2a: Tatsugiri|Tatsugiri, L87, F|260/260\n|turn|12\n|inactive|Time left: 300 sec this turn | 300 sec total\n|\n|t:|1783547372\n|move|p1a: Rotom|Thunderbolt|p2a: Tatsugiri\n|-damage|p2a: Tatsugiri|143/260\n|-damage|p1a: Rotom|71/100|[from] item: Life Orb\n|move|p2a: Tatsugiri|Nasty Plot|p2a: Tatsugiri\n|-boost|p2a: Tatsugiri|spa|2\n|\n|upkeep\n|turn|13\n|inactive|Time left: 300 sec this turn | 300 sec total\n|\n|t:|1783547373\n|-terastallize|p1a: Rotom|Ghost\n|move|p1a: Rotom|Shadow Ball|p2a: Tatsugiri\n|-damage|p2a: Tatsugiri|5/260\n|-damage|p1a: Rotom|61/100|[from] item: Life Orb\n|move|p2a: Tatsugiri|Surf|p1a: Rotom\n|-damage|p1a: Rotom|0 fnt\n|faint|p1a: Rotom\n|\n|upkeep\n|\n|t:|1783547375\n|switch|p1a: Toedscruel|Toedscruel, L87, F|43/100\n|turn|14\n|inactive|Time left: 300 sec this turn | 300 sec total\n|\n|t:|1783547376\n|switch|p2a: Sawsbuck|Sawsbuck-Autumn, L88, M|284/284\n|-damage|p2a: Sawsbuck|249/284|[from] Stealth Rock\n|move|p1a: Toedscruel|Earth Power|p2a: Sawsbuck\n|-resisted|p2a: Sawsbuck\n|-damage|p2a: Sawsbuck|198/284\n|\n|-heal|p1a: Toedscruel|49/100|[from] item: Leftovers\n|upkeep\n|turn|15\n|inactive|Time left: 300 sec this turn | 300 sec total\n|\n|t:|1783547377\n|switch|p1a: Eiscue|Eiscue, L88, F|100/100\n|move|p2a: Sawsbuck|Swords Dance|p2a: Sawsbuck\n|-boost|p2a: Sawsbuck|atk|2\n|\n|upkeep\n|turn|16\n|inactive|Time left: 300 sec this turn | 300 sec total\n|\n|t:|1783547378\n|switch|p2a: Tatsugiri|Tatsugiri, L87, F|5/260\n|move|p1a: Eiscue|Ice Spinner|p2a: Tatsugiri\n|-damage|p2a: Tatsugiri|0 fnt\n|faint|p2a: Tatsugiri\n|\n|upkeep\n|inactive|Time left: 300 sec this turn | 300 sec total | 5 sec grace\n|\n|t:|1783547379\n|switch|p2a: Appletun|Appletun, L92, F|274/352 tox\n|-damage|p2a: Appletun|230/352 tox|[from] Stealth Rock\n|turn|17\n|inactive|Time left: 300 sec this turn | 300 sec total\n|\n|t:|1783547380\n|move|p1a: Eiscue|Ice Spinner|p2a: Appletun\n|-supereffective|p2a: Appletun\n|-damage|p2a: Appletun|70/352 tox\n|move|p2a: Appletun|Apple Acid|p1a: Eiscue\n|-damage|p1a: Eiscue|62/100\n|-unboost|p1a: Eiscue|spd|1\n|\n|-heal|p2a: Appletun|92/352 tox|[from] item: Leftovers\n|-damage|p2a: Appletun|70/352 tox|[from] psn\n|upkeep\n|turn|18\n|inactive|Time left: 300 sec this turn | 300 sec total\n|\n|t:|1783547381\n|move|p1a: Eiscue|Ice Spinner|p2a: Appletun\n|-supereffective|p2a: Appletun\n|-damage|p2a: Appletun|0 fnt\n|faint|p2a: Appletun\n|\n|upkeep\n|inactive|Time left: 300 sec this turn | 300 sec total | 5 sec grace\n|\n|t:|1783547382\n|switch|p2a: Great Tusk|Great Tusk, L77|304/304\n|-damage|p2a: Great Tusk|295/304|[from] Stealth Rock\n|turn|19\n|inactive|Time left: 300 sec this turn | 300 sec total\n|\n|t:|1783547383\n|move|p2a: Great Tusk|Rapid Spin|p1a: Eiscue\n|-activate|p1a: Eiscue|ability: Ice Face\n|-damage|p1a: Eiscue|62/100\n|-boost|p2a: Great Tusk|spe|1\n|-sideend|p2: p0y650615f|Stealth Rock|[from] move: Rapid Spin|[of] p2a: Great Tusk\n|detailschange|p1a: Eiscue|Eiscue-Noice, L88, F\n|move|p1a: Eiscue|Belly Drum|p1a: Eiscue\n|-damage|p1a: Eiscue|12/100\n|-setboost|p1a: Eiscue|atk|6|[from] move: Belly Drum\n|-enditem|p1a: Eiscue|Sitrus Berry|[eat]\n|-heal|p1a: Eiscue|37/100|[from] item: Sitrus Berry\n|\n|upkeep\n|turn|20\n|inactive|Time left: 300 sec this turn | 300 sec total\n|\n|t:|1783547384\n|-terastallize|p2a: Great Tusk|Ground\n|move|p1a: Eiscue|Ice Spinner|p2a: Great Tusk\n|-supereffective|p2a: Great Tusk\n|-damage|p2a: Great Tusk|0 fnt\n|faint|p2a: Great Tusk\n|-end|p2a: Great Tusk|Protosynthesis|[silent]\n|\n|upkeep\n|inactive|Time left: 300 sec this turn | 300 sec total | 5 sec grace\n|\n|t:|1783547384\n|switch|p2a: Sawsbuck|Sawsbuck-Autumn, L88, M|198/284\n|turn|21\n|inactive|Time left: 300 sec this turn | 300 sec total\n|\n|t:|1783547385\n|move|p1a: Eiscue|Iron Head|p2a: Sawsbuck\n|-damage|p2a: Sawsbuck|0 fnt\n|faint|p2a: Sawsbuck\n|\n|win|p0x6504a83", "uploadtime": 1783547385, "views": 0, "rating": 0, "private": 0, "password": null, "_winner": "p0x6504a83", "_our_name": "p0y650615f"}