{"id": "battle-gen9randombattle-1286", "formatid": "gen9randombattle", "format": "[Gen 9] Random Battle", "players": ["p0x12860385", "p0y12861464"], "log": "|init|battle\n|title|p0x12860385 vs. p0y12861464\n|j|\u2606p0x12860385\n|j|\u2606p0y12861464\n|t:|1783554933\n|gametype|singles\n|player|p1|p0x12860385|1|\n|player|p2|p0y12861464|266|\n|gen|9\n|tier|[Gen 9] Random Battle\n|rule|Species Clause: Limit one of each Pok\u00e9mon\n|rule|HP Percentage Mod: HP is shown in percentages\n|rule|Sleep Clause Mod: Limit one foe put to sleep\n|rule|Illusion Level Mod: Illusion disguises the Pok\u00e9mon's true level\n|\n|t:|1783554933\n|teamsize|p1|6\n|teamsize|p2|6\n|start\n|switch|p1a: Raging Bolt|Raging Bolt, L78|323/323\n|switch|p2a: Greninja|Greninja, L80, M|100/100\n|turn|1\n|inactive|Battle timer is ON: inactive players will automatically lose when time's up. (requested by p0x12860385)\n|inactive|p0y12861464 also wants the timer to be on.\n|\n|t:|1783554934\n|switch|p2a: Excadrill|Excadrill, L79, M|100/100\n|-ability|p2a: Excadrill|Mold Breaker\n|move|p1a: Raging Bolt|Thunderbolt|p2a: Excadrill\n|-immune|p2a: Excadrill\n|\n|upkeep\n|turn|2\n|inactive|Time left: 300 sec this turn | 300 sec total\n|\n|t:|1783554936\n|-end|p1a: Raging Bolt|Protosynthesis|[silent]\n|switch|p1a: Dachsbun|Dachsbun, L92, M|254/254\n|move|p2a: Excadrill|Earthquake|p1a: Dachsbun\n|-damage|p1a: Dachsbun|167/254\n|\n|-heal|p1a: Dachsbun|182/254|[from] item: Leftovers\n|upkeep\n|turn|3\n|inactive|Time left: 300 sec this turn | 300 sec total\n|\n|t:|1783554937\n|move|p1a: Dachsbun|Body Press|p2a: Excadrill\n|-supereffective|p2a: Excadrill\n|-damage|p2a: Excadrill|31/100\n|move|p2a: Excadrill|Iron Head|p1a: Dachsbun\n|-supereffective|p1a: Dachsbun\n|-damage|p1a: Dachsbun|24/254\n|\n|-heal|p1a: Dachsbun|39/254|[from] item: Leftovers\n|upkeep\n|turn|4\n|inactive|Time left: 300 sec this turn | 300 sec total\n|\n|t:|1783554938\n|move|p1a: Dachsbun|Body Press|p2a: Excadrill\n|-supereffective|p2a: Excadrill\n|-damage|p2a: Excadrill|0 fnt\n|faint|p2a: Excadrill\n|\n|-heal|p1a: Dachsbun|54/254|[from] item: Leftovers\n|upkeep\n|\n|t:|1783554939\n|switch|p2a: Greninja|Greninja, L80, M|100/100\n|turn|5\n|inactive|Time left: 300 sec this turn | 300 sec total\n|\n|t:|1783554940\n|move|p2a: Greninja|Hydro Pump|p1a: Dachsbun\n|-damage|p1a: Dachsbun|0 fnt\n|faint|p1a: Dachsbun\n|-ability|p2a: Greninja|Battle Bond|boost\n|-boost|p2a: Greninja|atk|1\n|-boost|p2a: Greninja|spa|1\n|-boost|p2a: Greninja|spe|1\n|-activate|p2a: Greninja|ability: Battle Bond\n|-damage|p2a: Greninja|91/100|[from] item: Life Orb\n|\n|upkeep\n|inactive|Time left: 300 sec this turn | 300 sec total | 5 sec grace\n|\n|t:|1783554941\n|switch|p1a: Raging Bolt|Raging Bolt, L78|323/323\n|turn|6\n|inactive|Time left: 300 sec this turn | 300 sec total\n|\n|t:|1783554942\n|-terastallize|p2a: Greninja|Poison\n|move|p2a: Greninja|Gunk Shot|p1a: Raging Bolt\n|-damage|p1a: Raging Bolt|89/323\n|-damage|p2a: Greninja|81/100|[from] item: Life Orb\n|move|p1a: Raging Bolt|Thunderbolt|p2a: Greninja\n|-damage|p2a: Greninja|22/100\n|\n|-heal|p1a: Raging Bolt|109/323|[from] item: Leftovers\n|upkeep\n|turn|7\n|inactive|Time left: 300 sec this turn | 300 sec total\n|\n|t:|1783554943\n|switch|p2a: Cinderace|Cinderace, L77, M|100/100\n|move|p1a: Raging Bolt|Thunderclap||[still]\n|-fail|p1a: Raging Bolt\n|\n|-heal|p1a: Raging Bolt|129/323|[from] item: Leftovers\n|upkeep\n|turn|8\n|inactive|Time left: 300 sec this turn | 300 sec total\n|\n|t:|1783554945\n|move|p2a: Cinderace|High Jump Kick|p1a: Raging Bolt|[miss]\n|-start|p2a: Cinderace|typechange|Fighting|[from] ability: Libero\n|-miss|p2a: Cinderace|p1a: Raging Bolt\n|-damage|p2a: Cinderace|51/100|[from] highjumpkick\n|move|p1a: Raging Bolt|Thunderbolt|p2a: Cinderace\n|-damage|p2a: Cinderace|0 fnt\n|faint|p2a: Cinderace\n|\n|-heal|p1a: Raging Bolt|149/323|[from] item: Leftovers\n|upkeep\n|\n|t:|1783554946\n|switch|p2a: Tauros|Tauros-Paldea-Combat, L82, M|100/100\n|-ability|p2a: Tauros|Intimidate|boost\n|-unboost|p1a: Raging Bolt|atk|1\n|turn|9\n|inactive|Time left: 300 sec this turn | 300 sec total\n|\n|t:|1783554947\n|move|p1a: Raging Bolt|Thunderclap|p2a: Tauros\n|-damage|p2a: Tauros|62/100\n|move|p2a: Tauros|Earthquake|p1a: Raging Bolt\n|-supereffective|p1a: Raging Bolt\n|-damage|p1a: Raging Bolt|0 fnt\n|faint|p1a: Raging Bolt\n|-end|p1a: Raging Bolt|Protosynthesis|[silent]\n|\n|upkeep\n|inactive|Time left: 300 sec this turn | 300 sec total | 5 sec grace\n|\n|t:|1783554948\n|switch|p1a: Clawitzer|Clawitzer, L87, F|265/265\n|turn|10\n|inactive|Time left: 300 sec this turn | 300 sec total\n|\n|t:|1783554949\n|move|p2a: Tauros|Earthquake|p1a: Clawitzer\n|-damage|p1a: Clawitzer|151/265\n|move|p1a: Clawitzer|Water Pulse|p2a: Tauros\n|-damage|p2a: Tauros|9/100\n|\n|upkeep\n|turn|11\n|inactive|Time left: 300 sec this turn | 300 sec total\n|\n|t:|1783554950\n|move|p2a: Tauros|Earthquake|p1a: Clawitzer\n|-damage|p1a: Clawitzer|53/265\n|move|p1a: Clawitzer|Water Pulse|p2a: Tauros\n|-damage|p2a: Tauros|0 fnt\n|faint|p2a: Tauros\n|\n|upkeep\n|\n|t:|1783554951\n|switch|p2a: Greninja|Greninja, L80, M, tera:Poison|22/100\n|turn|12\n|inactive|Time left: 300 sec this turn | 300 sec total\n|\n|t:|1783554952\n|switch|p1a: Salazzle|Salazzle, L83, F|249/249\n|move|p2a: Greninja|Dark Pulse|p1a: Salazzle\n|-damage|p1a: Salazzle|116/249\n|-damage|p2a: Greninja|13/100|[from] item: Life Orb\n|\n|upkeep\n|turn|13\n|inactive|Time left: 300 sec this turn | 300 sec total\n|\n|t:|1783554954\n|move|p1a: Salazzle|Sludge Wave|p2a: Greninja\n|-resisted|p2a: Greninja\n|-damage|p2a: Greninja|0 fnt\n|faint|p2a: Greninja\n|\n|upkeep\n|\n|t:|1783554955\n|switch|p2a: Whimsicott|Whimsicott, L84, F|100/100\n|turn|14\n|inactive|Time left: 300 sec this turn | 300 sec total\n|\n|t:|1783554956\n|move|p2a: Whimsicott|Moonblast|p1a: Salazzle\n|-resisted|p1a: Salazzle\n|-damage|p1a: Salazzle|88/249\n|-unboost|p1a: Salazzle|spa|1\n|move|p1a: Salazzle|Fire Blast|p2a: Whimsicott|[miss]\n|-miss|p1a: Salazzle|p2a: Whimsicott\n|\n|upkeep\n|turn|15\n|inactive|Time left: 300 sec this turn | 300 sec total\n|\n|t:|1783554957\n|move|p2a: Whimsicott|U-turn|p1a: Salazzle\n|-resisted|p1a: Salazzle\n|-damage|p1a: Salazzle|76/249\n|\n|t:|1783554958\n|switch|p2a: Comfey|Comfey, L85, M|100/100|[from] U-turn\n|move|p1a: Salazzle|Sludge Wave|p2a: Comfey\n|-supereffective|p2a: Comfey\n|-damage|p2a: Comfey|49/100\n|\n|-heal|p2a: Comfey|55/100|[from] item: Leftovers\n|upkeep\n|turn|16\n|inactive|Time left: 300 sec this turn | 300 sec total\n|\n|t:|1783554959\n|move|p2a: Comfey|Draining Kiss|p1a: Salazzle\n|-resisted|p1a: Salazzle\n|-damage|p1a: Salazzle|59/249\n|-heal|p2a: Comfey|61/100|[from] drain|[of] p1a: Salazzle\n|move|p1a: Salazzle|Sludge Wave|p2a: Comfey\n|-supereffective|p2a: Comfey\n|-damage|p2a: Comfey|2/100\n|\n|-heal|p2a: Comfey|8/100|[from] item: Leftovers\n|upkeep\n|turn|17\n|inactive|Time left: 300 sec this turn | 300 sec total\n|\n|t:|1783554960\n|move|p1a: Salazzle|Sludge Wave|p2a: Comfey\n|-supereffective|p2a: Comfey\n|-damage|p2a: Comfey|0 fnt\n|faint|p2a: Comfey\n|\n|upkeep\n|\n|t:|1783554961\n|switch|p2a: Whimsicott|Whimsicott, L84, F|100/100\n|turn|18\n|inactive|Time left: 300 sec this turn | 300 sec total\n|\n|t:|1783554962\n|move|p2a: Whimsicott|Stun Spore|p1a: Salazzle\n|-status|p1a: Salazzle|par\n|cant|p1a: Salazzle|par\n|\n|upkeep\n|turn|19\n|inactive|Time left: 300 sec this turn | 300 sec total\n|\n|t:|1783554963\n|move|p2a: Whimsicott|Moonblast|p1a: Salazzle\n|-resisted|p1a: Salazzle\n|-damage|p1a: Salazzle|32/249 par\n|cant|p1a: Salazzle|par\n|\n|upkeep\n|turn|20\n|inactive|Time left: 300 sec this turn | 300 sec total\n|\n|t:|1783554964\n|move|p2a: Whimsicott|Moonblast|p1a: Salazzle\n|-resisted|p1a: Salazzle\n|-damage|p1a: Salazzle|4/249 par\n|move|p1a: Salazzle|Sludge Wave|p2a: Whimsicott\n|-supereffective|p2a: Whimsicott\n|-damage|p2a: Whimsicott|0 fnt\n|faint|p2a: Whimsicott\n|\n|win|p0x12860385", "uploadtime": 1783554964, "views": 0, "rating": 0, "private": 0, "password": null, "_winner": "p0x12860385", "_our_name": "p0x12860385"}