{"id": "battle-gen9randombattle-2454", "formatid": "gen9randombattle", "format": "[Gen 9] Random Battle", "players": ["p0x245493e3", "p0y245415d9"], "log": "|init|battle\n|title|p0x245493e3 vs. p0y245415d9\n|j|\u2606p0x245493e3\n|j|\u2606p0y245415d9\n|t:|1783567484\n|gametype|singles\n|player|p1|p0x245493e3|101|\n|player|p2|p0y245415d9|1|\n|gen|9\n|tier|[Gen 9] Random Battle\n|rule|Species Clause: Limit one of each Pok\u00e9mon\n|rule|HP Percentage Mod: HP is shown in percentages\n|rule|Sleep Clause Mod: Limit one foe put to sleep\n|rule|Illusion Level Mod: Illusion disguises the Pok\u00e9mon's true level\n|\n|t:|1783567484\n|teamsize|p1|6\n|teamsize|p2|6\n|start\n|switch|p1a: Landorus|Landorus-Therian, L76, M|100/100\n|switch|p2a: Carbink|Carbink, L90|236/236\n|-ability|p1a: Landorus|Intimidate|boost\n|-unboost|p2a: Carbink|atk|1\n|turn|1\n|inactive|Battle timer is ON: inactive players will automatically lose when time's up. (requested by p0y245415d9)\n|inactive|p0x245493e3 also wants the timer to be on.\n|\n|t:|1783567485\n|switch|p2a: Porygon2|Porygon2, L81|270/270\n|-ability|p2a: Porygon2|Download|boost\n|-boost|p2a: Porygon2|spa|1\n|move|p1a: Landorus|Earthquake|p2a: Porygon2\n|-damage|p2a: Porygon2|183/270\n|\n|upkeep\n|turn|2\n|inactive|Time left: 300 sec this turn | 300 sec total\n|\n|t:|1783567486\n|move|p1a: Landorus|Stealth Rock|p2a: Porygon2\n|-sidestart|p2: p0y245415d9|move: Stealth Rock\n|move|p2a: Porygon2|Tera Blast|p1a: Landorus\n|-damage|p1a: Landorus|40/100\n|\n|-heal|p1a: Landorus|46/100|[from] item: Leftovers\n|upkeep\n|turn|3\n|inactive|Time left: 300 sec this turn | 300 sec total\n|\n|t:|1783567487\n|switch|p1a: Quaquaval|Quaquaval, L79, F|100/100\n|move|p2a: Porygon2|Tera Blast|p1a: Quaquaval\n|-damage|p1a: Quaquaval|40/100\n|\n|upkeep\n|turn|4\n|inactive|Time left: 300 sec this turn | 300 sec total\n|\n|t:|1783567488\n|-terastallize|p2a: Porygon2|Fighting\n|move|p1a: Quaquaval|Close Combat|p2a: Porygon2\n|-damage|p2a: Porygon2|42/270\n|-unboost|p1a: Quaquaval|def|1\n|-unboost|p1a: Quaquaval|spd|1\n|move|p2a: Porygon2|Shadow Ball|p1a: Quaquaval\n|-damage|p1a: Quaquaval|0 fnt\n|faint|p1a: Quaquaval\n|\n|upkeep\n|\n|t:|1783567488\n|switch|p1a: Indeedee|Indeedee, L84, M|100/100\n|-fieldstart|move: Psychic Terrain|[from] ability: Psychic Surge|[of] p1a: Indeedee\n|turn|5\n|inactive|Time left: 300 sec this turn | 300 sec total\n|\n|t:|1783567489\n|move|p1a: Indeedee|Expanding Force|p2a: Porygon2\n|-supereffective|p2a: Porygon2\n|-crit|p2a: Porygon2\n|-damage|p2a: Porygon2|0 fnt\n|faint|p2a: Porygon2\n|\n|upkeep\n|inactive|Time left: 300 sec this turn | 300 sec total | 5 sec grace\n|\n|t:|1783567490\n|switch|p2a: Carbink|Carbink, L90|236/236\n|-damage|p2a: Carbink|207/236|[from] Stealth Rock\n|turn|6\n|inactive|Time left: 300 sec this turn | 300 sec total\n|\n|t:|1783567492\n|move|p1a: Indeedee|Expanding Force|p2a: Carbink\n|-damage|p2a: Carbink|102/236\n|move|p2a: Carbink|Rest|p2a: Carbink\n|-status|p2a: Carbink|slp|[from] move: Rest\n|-heal|p2a: Carbink|236/236 slp|[silent]\n|-enditem|p2a: Carbink|Chesto Berry|[eat]\n|-curestatus|p2a: Carbink|slp|[msg]\n|\n|upkeep\n|turn|7\n|inactive|Time left: 300 sec this turn | 300 sec total\n|\n|t:|1783567493\n|move|p1a: Indeedee|Expanding Force|p2a: Carbink\n|-damage|p2a: Carbink|128/236\n|move|p2a: Carbink|Body Press|p1a: Indeedee\n|-damage|p1a: Indeedee|50/100\n|\n|upkeep\n|turn|8\n|inactive|Time left: 300 sec this turn | 300 sec total\n|\n|t:|1783567494\n|-terastallize|p1a: Indeedee|Psychic\n|move|p1a: Indeedee|Expanding Force|p2a: Carbink\n|-damage|p2a: Carbink|0 fnt\n|faint|p2a: Carbink\n|\n|upkeep\n|inactive|Time left: 300 sec this turn | 300 sec total | 5 sec grace\n|\n|t:|1783567495\n|switch|p2a: Mienshao|Mienshao, L83, M|244/244\n|-damage|p2a: Mienshao|229/244|[from] Stealth Rock\n|turn|9\n|inactive|Time left: 300 sec this turn | 300 sec total\n|\n|t:|1783567496\n|move|p1a: Indeedee|Expanding Force|p2a: Mienshao\n|-supereffective|p2a: Mienshao\n|-damage|p2a: Mienshao|0 fnt\n|faint|p2a: Mienshao\n|\n|-fieldend|move: Psychic Terrain\n|upkeep\n|inactive|Time left: 300 sec this turn | 300 sec total | 5 sec grace\n|\n|t:|1783567497\n|switch|p2a: Gouging Fire|Gouging Fire, L74|277/277\n|turn|10\n|inactive|Time left: 300 sec this turn | 300 sec total\n|\n|t:|1783567498\n|switch|p1a: Landorus|Landorus-Therian, L76, M|46/100\n|-ability|p1a: Landorus|Intimidate|boost\n|-unboost|p2a: Gouging Fire|atk|1\n|move|p2a: Gouging Fire|Dragon Dance|p2a: Gouging Fire\n|-boost|p2a: Gouging Fire|atk|1\n|-boost|p2a: Gouging Fire|spe|1\n|\n|-heal|p1a: Landorus|52/100|[from] item: Leftovers\n|upkeep\n|turn|11\n|inactive|Time left: 300 sec this turn | 300 sec total\n|\n|t:|1783567499\n|move|p2a: Gouging Fire|Dragon Dance|p2a: Gouging Fire\n|-boost|p2a: Gouging Fire|atk|1\n|-boost|p2a: Gouging Fire|spe|1\n|move|p1a: Landorus|Earthquake|p2a: Gouging Fire\n|-supereffective|p2a: Gouging Fire\n|-damage|p2a: Gouging Fire|77/277\n|\n|-heal|p1a: Landorus|59/100|[from] item: Leftovers\n|upkeep\n|turn|12\n|inactive|Time left: 300 sec this turn | 300 sec total\n|\n|t:|1783567500\n|switch|p1a: Porygon2|Porygon2, L81|100/100\n|-ability|p1a: Porygon2|Download|boost\n|-boost|p1a: Porygon2|spa|1\n|move|p2a: Gouging Fire|Outrage|p1a: Porygon2\n|-damage|p1a: Porygon2|58/100\n|\n|upkeep\n|turn|13\n|inactive|Time left: 300 sec this turn | 300 sec total\n|\n|t:|1783567501\n|move|p2a: Gouging Fire|Outrage|p1a: Porygon2|[from] lockedmove\n|-damage|p1a: Porygon2|14/100\n|-start|p2a: Gouging Fire|confusion|[fatigue]\n|move|p1a: Porygon2|Recover|p1a: Porygon2\n|-heal|p1a: Porygon2|64/100\n|\n|upkeep\n|turn|14\n|inactive|Time left: 300 sec this turn | 300 sec total\n|\n|t:|1783567502\n|-activate|p2a: Gouging Fire|confusion\n|move|p2a: Gouging Fire|Outrage|p1a: Porygon2\n|-damage|p1a: Porygon2|22/100\n|move|p1a: Porygon2|Shadow Ball|p2a: Gouging Fire\n|-damage|p2a: Gouging Fire|0 fnt\n|faint|p2a: Gouging Fire\n|-end|p2a: Gouging Fire|Protosynthesis|[silent]\n|\n|upkeep\n|inactive|Time left: 300 sec this turn | 300 sec total | 5 sec grace\n|\n|t:|1783567503\n|switch|p2a: Iron Bundle|Iron Bundle, L78|215/215\n|turn|15\n|inactive|Time left: 300 sec this turn | 300 sec total\n|\n|t:|1783567504\n|switch|p1a: Indeedee|Indeedee, L84, M, tera:Psychic|50/100\n|-fieldstart|move: Psychic Terrain|[from] ability: Psychic Surge|[of] p1a: Indeedee\n|move|p2a: Iron Bundle|Ice Beam|p1a: Indeedee\n|-damage|p1a: Indeedee|11/100\n|\n|upkeep\n|turn|16\n|inactive|Time left: 300 sec this turn | 300 sec total\n|\n|t:|1783567505\n|-end|p2a: Iron Bundle|Quark Drive|[silent]\n|switch|p2a: Cobalion|Cobalion, L80|277/277\n|-damage|p2a: Cobalion|269/277|[from] Stealth Rock\n|move|p1a: Indeedee|Expanding Force|p2a: Cobalion\n|-crit|p2a: Cobalion\n|-damage|p2a: Cobalion|0 fnt\n|faint|p2a: Cobalion\n|\n|upkeep\n|inactive|Time left: 300 sec this turn | 300 sec total | 5 sec grace\n|\n|t:|1783567506\n|switch|p2a: Iron Bundle|Iron Bundle, L78|215/215\n|turn|17\n|inactive|Time left: 300 sec this turn | 300 sec total\n|\n|t:|1783567507\n|move|p1a: Indeedee|Expanding Force|p2a: Iron Bundle\n|-damage|p2a: Iron Bundle|0 fnt\n|faint|p2a: Iron Bundle\n|-end|p2a: Iron Bundle|Quark Drive|[silent]\n|\n|win|p0x245493e3", "uploadtime": 1783567507, "views": 0, "rating": 0, "private": 0, "password": null, "_winner": "p0x245493e3", "_our_name": "p0y245415d9"}