{"id": "battle-gen9randombattle-2138", "formatid": "gen9randombattle", "format": "[Gen 9] Random Battle", "players": ["p0x2138bf27", "p0y21386291"], "log": "|init|battle\n|title|p0x2138bf27 vs. p0y21386291\n|j|\u2606p0x2138bf27\n|j|\u2606p0y21386291\n|t:|1783563939\n|gametype|singles\n|player|p1|p0x2138bf27|170|\n|player|p2|p0y21386291|266|\n|gen|9\n|tier|[Gen 9] Random Battle\n|rule|Species Clause: Limit one of each Pok\u00e9mon\n|rule|HP Percentage Mod: HP is shown in percentages\n|rule|Sleep Clause Mod: Limit one foe put to sleep\n|rule|Illusion Level Mod: Illusion disguises the Pok\u00e9mon's true level\n|\n|t:|1783563939\n|teamsize|p1|6\n|teamsize|p2|6\n|start\n|switch|p1a: Poliwrath|Poliwrath, L88, M|302/302\n|switch|p2a: Pawmot|Pawmot, L80, F|100/100\n|turn|1\n|inactive|Battle timer is ON: inactive players will automatically lose when time's up. (requested by p0y21386291)\n|inactive|Time left: 300 sec this turn | 300 sec total | 60 sec grace\n|inactive|p0x2138bf27 also wants the timer to be on.\n|\n|t:|1783563941\n|switch|p1a: Rhyperior|Rhyperior, L82, F|323/323\n|-terastallize|p2a: Pawmot|Electric\n|move|p2a: Pawmot|Double Shock|p1a: Rhyperior\n|-immune|p1a: Rhyperior\n|\n|upkeep\n|turn|2\n|inactive|Time left: 300 sec this turn | 300 sec total\n|\n|t:|1783563943\n|switch|p2a: Sylveon|Sylveon, L85, F|100/100\n|move|p1a: Rhyperior|Earthquake|p2a: Sylveon\n|-damage|p2a: Sylveon|24/100\n|\n|-heal|p2a: Sylveon|30/100|[from] item: Leftovers\n|upkeep\n|turn|3\n|inactive|Time left: 300 sec this turn | 300 sec total\n|\n|t:|1783563944\n|move|p2a: Sylveon|Hyper Voice|p1a: Rhyperior\n|-damage|p1a: Rhyperior|134/323\n|move|p1a: Rhyperior|Earthquake|p2a: Sylveon\n|-damage|p2a: Sylveon|0 fnt\n|faint|p2a: Sylveon\n|\n|upkeep\n|\n|t:|1783563945\n|switch|p2a: Camerupt|Camerupt, L91, F|100/100\n|turn|4\n|inactive|Time left: 300 sec this turn | 300 sec total\n|\n|t:|1783563946\n|move|p2a: Camerupt|Earthquake|p1a: Rhyperior\n|-supereffective|p1a: Rhyperior\n|-damage|p1a: Rhyperior|0 fnt\n|faint|p1a: Rhyperior\n|\n|upkeep\n|inactive|Time left: 300 sec this turn | 300 sec total | 5 sec grace\n|\n|t:|1783563947\n|switch|p1a: Poliwrath|Poliwrath, L88, M|302/302\n|turn|5\n|inactive|Time left: 300 sec this turn | 300 sec total\n|\n|t:|1783563948\n|switch|p2a: Noivern|Noivern, L82, M|100/100\n|move|p1a: Poliwrath|Liquidation|p2a: Noivern\n|-resisted|p2a: Noivern\n|-damage|p2a: Noivern|82/100\n|\n|upkeep\n|turn|6\n|inactive|Time left: 300 sec this turn | 300 sec total\n|\n|t:|1783563949\n|move|p2a: Noivern|Hurricane|p1a: Poliwrath\n|-supereffective|p1a: Poliwrath\n|-damage|p1a: Poliwrath|0 fnt\n|faint|p1a: Poliwrath\n|\n|upkeep\n|inactive|Time left: 300 sec this turn | 300 sec total | 5 sec grace\n|\n|t:|1783563950\n|switch|p1a: Iron Thorns|Iron Thorns, L83|302/302\n|turn|7\n|inactive|Time left: 300 sec this turn | 300 sec total\n|\n|t:|1783563951\n|switch|p2a: Rampardos|Rampardos, L90, F|100/100\n|move|p1a: Iron Thorns|Stone Edge|p2a: Rampardos\n|-damage|p2a: Rampardos|49/100\n|\n|upkeep\n|turn|8\n|inactive|Time left: 300 sec this turn | 300 sec total\n|\n|t:|1783563952\n|move|p2a: Rampardos|Earthquake|p1a: Iron Thorns\n|-supereffective|p1a: Iron Thorns\n|-damage|p1a: Iron Thorns|0 fnt\n|faint|p1a: Iron Thorns\n|-end|p1a: Iron Thorns|Quark Drive|[silent]\n|\n|upkeep\n|inactive|Time left: 300 sec this turn | 300 sec total | 5 sec grace\n|\n|t:|1783563953\n|switch|p1a: Dodrio|Dodrio, L85, M|241/241\n|turn|9\n|inactive|Time left: 300 sec this turn | 300 sec total\n|\n|t:|1783563953\n|switch|p2a: Cetitan|Cetitan, L82, F|100/100\n|move|p1a: Dodrio|Knock Off|p2a: Cetitan\n|-damage|p2a: Cetitan|74/100\n|-enditem|p2a: Cetitan|Sitrus Berry|[from] move: Knock Off|[of] p1a: Dodrio\n|\n|upkeep\n|turn|10\n|inactive|Time left: 300 sec this turn | 300 sec total\n|\n|t:|1783563954\n|switch|p1a: Tinkaton|Tinkaton, L82, F|274/274\n|-ability|p1a: Tinkaton|Mold Breaker\n|move|p2a: Cetitan|Ice Spinner|p1a: Tinkaton\n|-resisted|p1a: Tinkaton\n|-damage|p1a: Tinkaton|226/274\n|\n|-heal|p1a: Tinkaton|243/274|[from] item: Leftovers\n|upkeep\n|turn|11\n|inactive|Time left: 300 sec this turn | 300 sec total\n|\n|t:|1783563955\n|switch|p2a: Camerupt|Camerupt, L91, F|100/100\n|move|p1a: Tinkaton|Gigaton Hammer|p2a: Camerupt\n|-resisted|p2a: Camerupt\n|-damage|p2a: Camerupt|75/100\n|\n|-heal|p1a: Tinkaton|260/274|[from] item: Leftovers\n|-heal|p2a: Camerupt|82/100|[from] item: Leftovers\n|upkeep\n|turn|12\n|inactive|Time left: 300 sec this turn | 300 sec total\n|\n|t:|1783563956\n|switch|p1a: Arceus|Arceus-Ghost, L69|280/280\n|move|p2a: Camerupt|Overheat|p1a: Arceus\n|-damage|p1a: Arceus|120/280\n|-unboost|p2a: Camerupt|spa|2\n|\n|-heal|p2a: Camerupt|88/100|[from] item: Leftovers\n|upkeep\n|turn|13\n|inactive|Time left: 300 sec this turn | 300 sec total\n|\n|t:|1783563957\n|move|p1a: Arceus|Recover|p1a: Arceus\n|-heal|p1a: Arceus|260/280\n|move|p2a: Camerupt|Earthquake|p1a: Arceus\n|-damage|p1a: Arceus|148/280\n|\n|-heal|p2a: Camerupt|94/100|[from] item: Leftovers\n|upkeep\n|turn|14\n|inactive|Time left: 300 sec this turn | 300 sec total\n|\n|t:|1783563958\n|move|p1a: Arceus|Recover|p1a: Arceus\n|-heal|p1a: Arceus|280/280\n|move|p2a: Camerupt|Earthquake|p1a: Arceus\n|-damage|p1a: Arceus|160/280\n|\n|-heal|p2a: Camerupt|99/100|[from] item: Leftovers\n|upkeep\n|turn|15\n|inactive|Time left: 300 sec this turn | 300 sec total\n|\n|t:|1783563959\n|move|p1a: Arceus|Recover|p1a: Arceus\n|-heal|p1a: Arceus|280/280\n|move|p2a: Camerupt|Earthquake|p1a: Arceus\n|-damage|p1a: Arceus|163/280\n|\n|-heal|p2a: Camerupt|100/100|[from] item: Leftovers\n|upkeep\n|turn|16\n|inactive|Time left: 300 sec this turn | 300 sec total\n|\n|t:|1783563960\n|move|p1a: Arceus|Recover|p1a: Arceus\n|-heal|p1a: Arceus|280/280\n|move|p2a: Camerupt|Earthquake|p1a: Arceus\n|-damage|p1a: Arceus|162/280\n|\n|upkeep\n|turn|17\n|inactive|Time left: 300 sec this turn | 300 sec total\n|\n|t:|1783563961\n|move|p1a: Arceus|Recover|p1a: Arceus\n|-heal|p1a: Arceus|280/280\n|move|p2a: Camerupt|Earthquake|p1a: Arceus\n|-damage|p1a: Arceus|154/280\n|\n|upkeep\n|turn|18\n|inactive|Time left: 300 sec this turn | 300 sec total\n|\n|t:|1783563962\n|move|p1a: Arceus|Recover|p1a: Arceus\n|-heal|p1a: Arceus|280/280\n|move|p2a: Camerupt|Earthquake|p1a: Arceus\n|-damage|p1a: Arceus|151/280\n|\n|upkeep\n|turn|19\n|inactive|Time left: 300 sec this turn | 300 sec total\n|\n|t:|1783563963\n|move|p1a: Arceus|Recover|p1a: Arceus\n|-heal|p1a: Arceus|280/280\n|move|p2a: Camerupt|Earthquake|p1a: Arceus\n|-damage|p1a: Arceus|148/280\n|\n|upkeep\n|turn|20\n|inactive|Time left: 300 sec this turn | 300 sec total\n|\n|t:|1783563964\n|move|p1a: Arceus|Recover|p1a: Arceus\n|-heal|p1a: Arceus|280/280\n|move|p2a: Camerupt|Earthquake|p1a: Arceus\n|-damage|p1a: Arceus|159/280\n|\n|upkeep\n|turn|21\n|inactive|Time left: 300 sec this turn | 300 sec total\n|\n|t:|1783563965\n|move|p1a: Arceus|Judgment|p2a: Camerupt\n|-damage|p2a: Camerupt|59/100\n|move|p2a: Camerupt|Earthquake|p1a: Arceus\n|-damage|p1a: Arceus|30/280\n|\n|-heal|p2a: Camerupt|65/100|[from] item: Leftovers\n|upkeep\n|turn|22\n|inactive|Time left: 300 sec this turn | 300 sec total\n|\n|t:|1783563966\n|move|p1a: Arceus|Judgment|p2a: Camerupt\n|-damage|p2a: Camerupt|27/100\n|move|p2a: Camerupt|Will-O-Wisp|p1a: Arceus|[miss]\n|-miss|p2a: Camerupt|p1a: Arceus\n|\n|-heal|p2a: Camerupt|33/100|[from] item: Leftovers\n|upkeep\n|turn|23\n|inactive|Time left: 300 sec this turn | 300 sec total\n|\n|t:|1783563967\n|move|p1a: Arceus|Judgment|p2a: Camerupt\n|-damage|p2a: Camerupt|0 fnt\n|faint|p2a: Camerupt\n|\n|upkeep\n|\n|t:|1783563968\n|switch|p2a: Rampardos|Rampardos, L90, F|49/100\n|turn|24\n|inactive|Time left: 300 sec this turn | 300 sec total\n|\n|t:|1783563969\n|move|p2a: Rampardos|Fire Punch|p1a: Arceus\n|-damage|p1a: Arceus|0 fnt\n|faint|p1a: Arceus\n|\n|upkeep\n|inactive|Time left: 300 sec this turn | 300 sec total | 5 sec grace\n|\n|t:|1783563970\n|switch|p1a: Dodrio|Dodrio, L85, M|241/241\n|turn|25\n|inactive|Time left: 300 sec this turn | 300 sec total\n|\n|t:|1783563971\n|move|p1a: Dodrio|Knock Off|p2a: Rampardos\n|-damage|p2a: Rampardos|18/100\n|-enditem|p2a: Rampardos|Choice Scarf|[from] move: Knock Off|[of] p1a: Dodrio\n|move|p2a: Rampardos|Fire Punch|p1a: Dodrio\n|-damage|p1a: Dodrio|87/241\n|\n|upkeep\n|turn|26\n|inactive|Time left: 300 sec this turn | 300 sec total\n|\n|t:|1783563972\n|switch|p2a: Cetitan|Cetitan, L82, F|74/100\n|move|p1a: Dodrio|Brave Bird|p2a: Cetitan\n|-damage|p2a: Cetitan|32/100\n|-damage|p1a: Dodrio|29/241|[from] Recoil\n|\n|upkeep\n|turn|27\n|inactive|Time left: 300 sec this turn | 300 sec total\n|\n|t:|1783563973\n|switch|p1a: Tinkaton|Tinkaton, L82, F|260/274\n|-ability|p1a: Tinkaton|Mold Breaker\n|move|p2a: Cetitan|Ice Shard|p1a: Tinkaton\n|-resisted|p1a: Tinkaton\n|-damage|p1a: Tinkaton|233/274\n|\n|-heal|p1a: Tinkaton|250/274|[from] item: Leftovers\n|upkeep\n|turn|28\n|inactive|Time left: 300 sec this turn | 300 sec total\n|\n|t:|1783563974\n|switch|p2a: Pawmot|Pawmot, L80, F, tera:Electric|100/100\n|move|p1a: Tinkaton|Swords Dance|p1a: Tinkaton\n|-boost|p1a: Tinkaton|atk|2\n|\n|-heal|p1a: Tinkaton|267/274|[from] item: Leftovers\n|upkeep\n|turn|29\n|inactive|Time left: 300 sec this turn | 300 sec total\n|\n|t:|1783563975\n|move|p1a: Tinkaton|Protect|p1a: Tinkaton\n|-singleturn|p1a: Tinkaton|Protect\n|move|p2a: Pawmot|Double Shock|p1a: Tinkaton\n|-activate|p1a: Tinkaton|move: Protect\n|\n|-heal|p1a: Tinkaton|274/274|[from] item: Leftovers\n|upkeep\n|turn|30\n|inactive|Time left: 300 sec this turn | 300 sec total\n|\n|t:|1783563976\n|move|p2a: Pawmot|Double Shock|p1a: Tinkaton\n|-damage|p1a: Tinkaton|66/274\n|-start|p2a: Pawmot|typechange|Electric|[from] move: Double Shock\n|move|p1a: Tinkaton|Gigaton Hammer|p2a: Pawmot\n|-resisted|p2a: Pawmot\n|-damage|p2a: Pawmot|38/100\n|\n|-heal|p1a: Tinkaton|83/274|[from] item: Leftovers\n|upkeep\n|turn|31\n|inactive|Time left: 300 sec this turn | 300 sec total\n|\n|t:|1783563977\n|move|p1a: Tinkaton|Protect|p1a: Tinkaton\n|-singleturn|p1a: Tinkaton|Protect\n|move|p2a: Pawmot|Nuzzle|p1a: Tinkaton\n|-activate|p1a: Tinkaton|move: Protect\n|\n|-heal|p1a: Tinkaton|100/274|[from] item: Leftovers\n|upkeep\n|turn|32\n|inactive|Time left: 300 sec this turn | 300 sec total\n|\n|t:|1783563978\n|move|p1a: Tinkaton|Protect||[still]\n|-fail|p1a: Tinkaton\n|move|p2a: Pawmot|Double Shock|p1a: Tinkaton\n|-damage|p1a: Tinkaton|0 fnt\n|-start|p2a: Pawmot|typechange|Electric|[from] move: Double Shock\n|faint|p1a: Tinkaton\n|\n|upkeep\n|inactive|Time left: 300 sec this turn | 300 sec total | 5 sec grace\n|\n|t:|1783563979\n|switch|p1a: Dodrio|Dodrio, L85, M|29/241\n|turn|33\n|inactive|Time left: 300 sec this turn | 300 sec total\n|\n|t:|1783563980\n|switch|p2a: Noivern|Noivern, L82, M|82/100\n|-terastallize|p1a: Dodrio|Flying\n|move|p1a: Dodrio|Knock Off|p2a: Noivern\n|-damage|p2a: Noivern|52/100\n|-enditem|p2a: Noivern|Choice Specs|[from] move: Knock Off|[of] p1a: Dodrio\n|\n|upkeep\n|turn|34\n|inactive|Time left: 300 sec this turn | 300 sec total\n|\n|t:|1783563980\n|move|p2a: Noivern|Boomburst|p1a: Dodrio\n|-damage|p1a: Dodrio|0 fnt\n|faint|p1a: Dodrio\n|\n|win|p0y21386291", "uploadtime": 1783563980, "views": 0, "rating": 0, "private": 0, "password": null, "_winner": "p0y21386291", "_our_name": "p0x2138bf27"}