{"id": "battle-gen9randombattle-2931", "formatid": "gen9randombattle", "format": "[Gen 9] Random Battle", "players": ["p0x2931f64c", "p0y2931f4cf"], "log": "|init|battle\n|title|p0x2931f64c vs. p0y2931f4cf\n|j|\u2606p0x2931f64c\n|j|\u2606p0y2931f4cf\n|t:|1783572782\n|gametype|singles\n|player|p1|p0x2931f64c|265|\n|player|p2|p0y2931f4cf|1|\n|gen|9\n|tier|[Gen 9] Random Battle\n|rule|Species Clause: Limit one of each Pok\u00e9mon\n|rule|HP Percentage Mod: HP is shown in percentages\n|rule|Sleep Clause Mod: Limit one foe put to sleep\n|rule|Illusion Level Mod: Illusion disguises the Pok\u00e9mon's true level\n|\n|t:|1783572782\n|teamsize|p1|6\n|teamsize|p2|6\n|start\n|switch|p1a: Cinderace|Cinderace, L77, M|100/100\n|switch|p2a: Squawkabilly|Squawkabilly, L85, M|278/278\n|turn|1\n|inactive|Battle timer is ON: inactive players will automatically lose when time's up. (requested by p0x2931f64c)\n|inactive|Time left: 300 sec this turn | 300 sec total | 60 sec grace\n|inactive|p0y2931f4cf also wants the timer to be on.\n|\n|t:|1783572783\n|move|p1a: Cinderace|Pyro Ball|p2a: Squawkabilly\n|-damage|p2a: Squawkabilly|0 fnt\n|faint|p2a: Squawkabilly\n|\n|upkeep\n|inactive|Time left: 300 sec this turn | 300 sec total | 65 sec grace\n|\n|t:|1783572784\n|switch|p2a: Snorlax|Snorlax, L82, F|397/397\n|turn|2\n|inactive|Time left: 300 sec this turn | 300 sec total\n|\n|t:|1783572785\n|move|p1a: Cinderace|Pyro Ball|p2a: Snorlax|[miss]\n|-miss|p1a: Cinderace|p2a: Snorlax\n|move|p2a: Snorlax|Body Slam|p1a: Cinderace\n|-crit|p1a: Cinderace\n|-damage|p1a: Cinderace|28/100\n|-status|p1a: Cinderace|par\n|\n|upkeep\n|turn|3\n|inactive|Time left: 300 sec this turn | 300 sec total\n|\n|t:|1783572786\n|cant|p1a: Cinderace|par\n|move|p2a: Snorlax|Body Slam|p1a: Cinderace\n|-damage|p1a: Cinderace|0 fnt\n|faint|p1a: Cinderace\n|\n|upkeep\n|\n|t:|1783572787\n|switch|p1a: Golem|Golem-Alola, L93, F|100/100\n|turn|4\n|inactive|Time left: 300 sec this turn | 300 sec total\n|\n|t:|1783572787\n|-terastallize|p2a: Snorlax|Ground\n|move|p1a: Golem|Stone Edge|p2a: Snorlax\n|-resisted|p2a: Snorlax\n|-damage|p2a: Snorlax|276/397\n|-damage|p1a: Golem|90/100|[from] item: Life Orb\n|move|p2a: Snorlax|Earthquake|p1a: Golem\n|-supereffective|p1a: Golem\n|-damage|p1a: Golem|0 fnt\n|faint|p1a: Golem\n|\n|upkeep\n|\n|t:|1783572788\n|switch|p1a: Haxorus|Haxorus, L77, M|100/100\n|-ability|p1a: Haxorus|Mold Breaker\n|turn|5\n|inactive|Time left: 300 sec this turn | 300 sec total\n|\n|t:|1783572789\n|move|p1a: Haxorus|Dragon Dance|p1a: Haxorus\n|-boost|p1a: Haxorus|atk|1\n|-boost|p1a: Haxorus|spe|1\n|move|p2a: Snorlax|Earthquake|p1a: Haxorus\n|-damage|p1a: Haxorus|56/100\n|\n|upkeep\n|turn|6\n|inactive|Time left: 300 sec this turn | 300 sec total\n|\n|t:|1783572789\n|move|p1a: Haxorus|Outrage|p2a: Snorlax\n|-damage|p2a: Snorlax|0 fnt\n|faint|p2a: Snorlax\n|\n|upkeep\n|inactive|Time left: 300 sec this turn | 300 sec total | 5 sec grace\n|\n|t:|1783572790\n|switch|p2a: Flutter Mane|Flutter Mane, L74|203/203\n|turn|7\n|inactive|Time left: 300 sec this turn | 300 sec total\n|\n|t:|1783572791\n|move|p1a: Haxorus|Outrage|p2a: Flutter Mane|[from] lockedmove\n|-immune|p2a: Flutter Mane\n|-start|p1a: Haxorus|confusion|[fatigue]\n|-enditem|p1a: Haxorus|Lum Berry|[eat]\n|-end|p1a: Haxorus|confusion\n|move|p2a: Flutter Mane|Shadow Ball|p1a: Haxorus\n|-damage|p1a: Haxorus|0 fnt\n|faint|p1a: Haxorus\n|\n|upkeep\n|\n|t:|1783572792\n|switch|p1a: Hitmonchan|Hitmonchan, L87, M|100/100\n|turn|8\n|inactive|Time left: 300 sec this turn | 300 sec total\n|\n|t:|1783572793\n|-end|p2a: Flutter Mane|Protosynthesis|[silent]\n|switch|p2a: Spiritomb|Spiritomb, L89, F|234/234\n|move|p1a: Hitmonchan|Bulk Up|p1a: Hitmonchan\n|-boost|p1a: Hitmonchan|atk|1\n|-boost|p1a: Hitmonchan|def|1\n|\n|upkeep\n|turn|9\n|inactive|Time left: 300 sec this turn | 300 sec total\n|\n|t:|1783572793\n|move|p1a: Hitmonchan|Bulk Up|p1a: Hitmonchan\n|-boost|p1a: Hitmonchan|atk|1\n|-boost|p1a: Hitmonchan|def|1\n|move|p2a: Spiritomb|Foul Play|p1a: Hitmonchan\n|-resisted|p1a: Hitmonchan\n|-damage|p1a: Hitmonchan|73/100\n|\n|-heal|p1a: Hitmonchan|80/100|[from] item: Leftovers\n|upkeep\n|turn|10\n|inactive|Time left: 300 sec this turn | 300 sec total\n|\n|t:|1783572794\n|move|p1a: Hitmonchan|Knock Off|p2a: Spiritomb\n|-damage|p2a: Spiritomb|105/234\n|-enditem|p2a: Spiritomb|Leftovers|[from] move: Knock Off|[of] p1a: Hitmonchan\n|move|p2a: Spiritomb|Foul Play|p1a: Hitmonchan\n|-resisted|p1a: Hitmonchan\n|-damage|p1a: Hitmonchan|55/100\n|\n|-heal|p1a: Hitmonchan|61/100|[from] item: Leftovers\n|upkeep\n|turn|11\n|inactive|Time left: 300 sec this turn | 300 sec total\n|\n|t:|1783572795\n|move|p1a: Hitmonchan|Knock Off|p2a: Spiritomb\n|-damage|p2a: Spiritomb|21/234\n|move|p2a: Spiritomb|Pain Split|p1a: Hitmonchan\n|-sethp|p1a: Hitmonchan|35/100|[from] move: Pain Split|[silent]\n|-sethp|p2a: Spiritomb|79/234|[from] move: Pain Split\n|\n|-heal|p1a: Hitmonchan|41/100|[from] item: Leftovers\n|upkeep\n|turn|12\n|inactive|Time left: 300 sec this turn | 300 sec total\n|\n|t:|1783572796\n|move|p1a: Hitmonchan|Knock Off|p2a: Spiritomb\n|-damage|p2a: Spiritomb|0 fnt\n|faint|p2a: Spiritomb\n|\n|-heal|p1a: Hitmonchan|47/100|[from] item: Leftovers\n|upkeep\n|inactive|Time left: 300 sec this turn | 300 sec total | 5 sec grace\n|\n|t:|1783572797\n|switch|p2a: Flutter Mane|Flutter Mane, L74|203/203\n|turn|13\n|inactive|Time left: 300 sec this turn | 300 sec total\n|\n|t:|1783572798\n|move|p2a: Flutter Mane|Moonblast|p1a: Hitmonchan\n|-supereffective|p1a: Hitmonchan\n|-damage|p1a: Hitmonchan|0 fnt\n|faint|p1a: Hitmonchan\n|\n|upkeep\n|\n|t:|1783572799\n|switch|p1a: Dudunsparce|Dudunsparce-Three-Segment, L83, F|100/100\n|turn|14\n|inactive|Time left: 300 sec this turn | 300 sec total\n|\n|t:|1783572800\n|move|p2a: Flutter Mane|Moonblast|p1a: Dudunsparce\n|-damage|p1a: Dudunsparce|53/100\n|-unboost|p1a: Dudunsparce|spa|1\n|move|p1a: Dudunsparce|Earthquake|p2a: Flutter Mane\n|-damage|p2a: Flutter Mane|91/203\n|\n|-heal|p1a: Dudunsparce|59/100|[from] item: Leftovers\n|upkeep\n|turn|15\n|inactive|Time left: 300 sec this turn | 300 sec total\n|\n|t:|1783572801\n|move|p2a: Flutter Mane|Moonblast|p1a: Dudunsparce\n|-damage|p1a: Dudunsparce|10/100\n|-unboost|p1a: Dudunsparce|spa|1\n|move|p1a: Dudunsparce|Earthquake|p2a: Flutter Mane\n|-damage|p2a: Flutter Mane|0 fnt\n|faint|p2a: Flutter Mane\n|-end|p2a: Flutter Mane|Protosynthesis|[silent]\n|\n|-heal|p1a: Dudunsparce|16/100|[from] item: Leftovers\n|upkeep\n|inactive|Time left: 300 sec this turn | 300 sec total | 5 sec grace\n|\n|t:|1783572802\n|switch|p2a: Goodra|Goodra, L85, M|292/292\n|turn|16\n|inactive|Time left: 300 sec this turn | 300 sec total\n|\n|t:|1783572803\n|switch|p1a: Pachirisu|Pachirisu, L96, F|100/100\n|move|p2a: Goodra|Earthquake|p1a: Pachirisu\n|-supereffective|p1a: Pachirisu\n|-damage|p1a: Pachirisu|44/100\n|\n|upkeep\n|turn|17\n|inactive|Time left: 300 sec this turn | 300 sec total\n|\n|t:|1783572804\n|move|p1a: Pachirisu|Nuzzle|p2a: Goodra\n|-resisted|p2a: Goodra\n|-damage|p2a: Goodra|282/292\n|-status|p2a: Goodra|par\n|move|p2a: Goodra|Earthquake|p1a: Pachirisu\n|-supereffective|p1a: Pachirisu\n|-damage|p1a: Pachirisu|0 fnt\n|faint|p1a: Pachirisu\n|\n|upkeep\n|\n|t:|1783572805\n|switch|p1a: Dudunsparce|Dudunsparce-Three-Segment, L83, F|16/100\n|turn|18\n|inactive|Time left: 300 sec this turn | 300 sec total\n|\n|t:|1783572806\n|switch|p2a: Brute Bonnet|Brute Bonnet, L80|309/309\n|move|p1a: Dudunsparce|Roost|p1a: Dudunsparce\n|-heal|p1a: Dudunsparce|66/100\n|-singleturn|p1a: Dudunsparce|move: Roost\n|\n|-heal|p1a: Dudunsparce|72/100|[from] item: Leftovers\n|upkeep\n|turn|19\n|inactive|Time left: 300 sec this turn | 300 sec total\n|\n|t:|1783572807\n|-terastallize|p1a: Dudunsparce|Poison\n|move|p1a: Dudunsparce|Toxic|p2a: Brute Bonnet\n|-status|p2a: Brute Bonnet|tox\n|move|p2a: Brute Bonnet|Spore|p1a: Dudunsparce\n|-status|p1a: Dudunsparce|slp|[from] move: Spore\n|\n|-heal|p1a: Dudunsparce|78/100 slp|[from] item: Leftovers\n|-damage|p2a: Brute Bonnet|290/309 tox|[from] psn\n|upkeep\n|turn|20\n|inactive|Time left: 300 sec this turn | 300 sec total\n|\n|t:|1783572808\n|-end|p2a: Brute Bonnet|Protosynthesis|[silent]\n|switch|p2a: Goodra|Goodra, L85, M|282/292 par\n|cant|p1a: Dudunsparce|slp\n|\n|-heal|p1a: Dudunsparce|84/100 slp|[from] item: Leftovers\n|upkeep\n|turn|21\n|inactive|Time left: 300 sec this turn | 300 sec total\n|\n|t:|1783572809\n|-curestatus|p1a: Dudunsparce|slp|[msg]\n|move|p1a: Dudunsparce|Earthquake|p2a: Goodra\n|-damage|p2a: Goodra|202/292 par\n|move|p2a: Goodra|Earthquake|p1a: Dudunsparce\n|-supereffective|p1a: Dudunsparce\n|-damage|p1a: Dudunsparce|40/100\n|\n|-heal|p1a: Dudunsparce|46/100|[from] item: Leftovers\n|upkeep\n|turn|22\n|inactive|Time left: 300 sec this turn | 300 sec total\n|\n|t:|1783572811\n|move|p1a: Dudunsparce|Roost|p1a: Dudunsparce\n|-heal|p1a: Dudunsparce|96/100\n|move|p2a: Goodra|Earthquake|p1a: Dudunsparce\n|-supereffective|p1a: Dudunsparce\n|-damage|p1a: Dudunsparce|51/100\n|\n|-heal|p1a: Dudunsparce|57/100|[from] item: Leftovers\n|upkeep\n|turn|23\n|inactive|Time left: 300 sec this turn | 300 sec total\n|\n|t:|1783572812\n|move|p1a: Dudunsparce|Roost|p1a: Dudunsparce\n|-heal|p1a: Dudunsparce|100/100\n|move|p2a: Goodra|Earthquake|p1a: Dudunsparce\n|-supereffective|p1a: Dudunsparce\n|-damage|p1a: Dudunsparce|55/100\n|\n|-heal|p1a: Dudunsparce|61/100|[from] item: Leftovers\n|upkeep\n|turn|24\n|inactive|Time left: 300 sec this turn | 300 sec total\n|\n|t:|1783572813\n|move|p1a: Dudunsparce|Roost|p1a: Dudunsparce\n|-heal|p1a: Dudunsparce|100/100\n|move|p2a: Goodra|Earthquake|p1a: Dudunsparce\n|-supereffective|p1a: Dudunsparce\n|-damage|p1a: Dudunsparce|52/100\n|\n|-heal|p1a: Dudunsparce|58/100|[from] item: Leftovers\n|upkeep\n|turn|25\n|inactive|Time left: 300 sec this turn | 300 sec total\n|\n|t:|1783572814\n|move|p1a: Dudunsparce|Roost|p1a: Dudunsparce\n|-heal|p1a: Dudunsparce|100/100\n|move|p2a: Goodra|Earthquake|p1a: Dudunsparce\n|-supereffective|p1a: Dudunsparce\n|-damage|p1a: Dudunsparce|56/100\n|\n|-heal|p1a: Dudunsparce|62/100|[from] item: Leftovers\n|upkeep\n|turn|26\n|inactive|Time left: 300 sec this turn | 300 sec total\n|\n|t:|1783572816\n|move|p1a: Dudunsparce|Roost|p1a: Dudunsparce\n|-heal|p1a: Dudunsparce|100/100\n|move|p2a: Goodra|Earthquake|p1a: Dudunsparce\n|-supereffective|p1a: Dudunsparce\n|-damage|p1a: Dudunsparce|56/100\n|\n|-heal|p1a: Dudunsparce|62/100|[from] item: Leftovers\n|upkeep\n|turn|27\n|inactive|Time left: 300 sec this turn | 300 sec total\n|\n|t:|1783572817\n|move|p1a: Dudunsparce|Roost|p1a: Dudunsparce\n|-heal|p1a: Dudunsparce|100/100\n|move|p2a: Goodra|Earthquake|p1a: Dudunsparce\n|-supereffective|p1a: Dudunsparce\n|-damage|p1a: Dudunsparce|54/100\n|\n|-heal|p1a: Dudunsparce|60/100|[from] item: Leftovers\n|upkeep\n|turn|28\n|inactive|Time left: 300 sec this turn | 300 sec total\n|\n|t:|1783572818\n|move|p1a: Dudunsparce|Roost|p1a: Dudunsparce\n|-heal|p1a: Dudunsparce|100/100\n|move|p2a: Goodra|Earthquake|p1a: Dudunsparce\n|-supereffective|p1a: Dudunsparce\n|-damage|p1a: Dudunsparce|52/100\n|\n|-heal|p1a: Dudunsparce|58/100|[from] item: Leftovers\n|upkeep\n|turn|29\n|inactive|Time left: 300 sec this turn | 300 sec total\n|\n|t:|1783572819\n|move|p1a: Dudunsparce|Earthquake|p2a: Goodra\n|-damage|p2a: Goodra|117/292 par\n|move|p2a: Goodra|Earthquake|p1a: Dudunsparce\n|-supereffective|p1a: Dudunsparce\n|-damage|p1a: Dudunsparce|10/100\n|\n|-heal|p1a: Dudunsparce|17/100|[from] item: Leftovers\n|upkeep\n|turn|30\n|inactive|Time left: 300 sec this turn | 300 sec total\n|\n|t:|1783572821\n|switch|p2a: Brute Bonnet|Brute Bonnet, L80|290/309 tox\n|move|p1a: Dudunsparce|Boomburst|p2a: Brute Bonnet\n|-damage|p2a: Brute Bonnet|167/309 tox\n|\n|-heal|p1a: Dudunsparce|23/100|[from] item: Leftovers\n|-heal|p2a: Brute Bonnet|186/309 tox|[from] item: Leftovers\n|-damage|p2a: Brute Bonnet|167/309 tox|[from] psn\n|upkeep\n|turn|31\n|inactive|Time left: 300 sec this turn | 300 sec total\n|\n|t:|1783572822\n|move|p1a: Dudunsparce|Boomburst|p2a: Brute Bonnet\n|-damage|p2a: Brute Bonnet|37/309 tox\n|move|p2a: Brute Bonnet|Crunch|p1a: Dudunsparce\n|-damage|p1a: Dudunsparce|0 fnt\n|faint|p1a: Dudunsparce\n|\n|win|p0y2931f4cf", "uploadtime": 1783572822, "views": 0, "rating": 0, "private": 0, "password": null, "_winner": "p0y2931f4cf", "_our_name": "p0y2931f4cf"}