{"id": "battle-gen9randombattle-2189", "formatid": "gen9randombattle", "format": "[Gen 9] Random Battle", "players": ["p0x2189c3ec", "p0y21893a5a"], "log": "|init|battle\n|title|p0x2189c3ec vs. p0y21893a5a\n|j|\u2606p0x2189c3ec\n|j|\u2606p0y21893a5a\n|t:|1783565372\n|gametype|singles\n|player|p1|p0x2189c3ec|101|\n|player|p2|p0y21893a5a|170|\n|gen|9\n|tier|[Gen 9] Random Battle\n|rule|Species Clause: Limit one of each Pok\u00e9mon\n|rule|HP Percentage Mod: HP is shown in percentages\n|rule|Sleep Clause Mod: Limit one foe put to sleep\n|rule|Illusion Level Mod: Illusion disguises the Pok\u00e9mon's true level\n|\n|t:|1783565372\n|teamsize|p1|6\n|teamsize|p2|6\n|start\n|switch|p1a: Cinccino|Cinccino, L83, M|260/260\n|switch|p2a: Eternatus|Eternatus, L69|100/100\n|-ability|p2a: Eternatus|Pressure\n|turn|1\n|inactive|Battle timer is ON: inactive players will automatically lose when time's up. (requested by p0x2189c3ec)\n|inactive|p0y21893a5a also wants the timer to be on.\n|\n|t:|1783565373\n|move|p1a: Cinccino|Triple Axel|p2a: Eternatus\n|-supereffective|p2a: Eternatus\n|-damage|p2a: Eternatus|85/100\n|-supereffective|p2a: Eternatus\n|-damage|p2a: Eternatus|56/100\n|-supereffective|p2a: Eternatus\n|-damage|p2a: Eternatus|6/100\n|-hitcount|p2a: Eternatus|3\n|move|p2a: Eternatus|Dynamax Cannon|p1a: Cinccino\n|-damage|p1a: Cinccino|134/260\n|\n|upkeep\n|turn|2\n|inactive|Time left: 300 sec this turn | 300 sec total\n|\n|t:|1783565374\n|move|p1a: Cinccino|Triple Axel|p2a: Eternatus\n|-supereffective|p2a: Eternatus\n|-damage|p2a: Eternatus|0 fnt\n|faint|p2a: Eternatus\n|-hitcount|p2: Eternatus|1\n|\n|upkeep\n|\n|t:|1783565375\n|switch|p2a: Kricketune|Kricketune, L99, F|100/100\n|turn|3\n|inactive|Time left: 300 sec this turn | 300 sec total\n|\n|t:|1783565376\n|switch|p1a: Magcargo|Magcargo, L95, M|268/268\n|move|p2a: Kricketune|Sticky Web|p1a: Magcargo\n|-sidestart|p1: p0x2189c3ec|move: Sticky Web\n|\n|upkeep\n|turn|4\n|inactive|Time left: 300 sec this turn | 300 sec total\n|\n|t:|1783565377\n|switch|p2a: Manaphy|Manaphy, L78|100/100\n|move|p1a: Magcargo|Shell Smash|p1a: Magcargo\n|-unboost|p1a: Magcargo|def|1\n|-unboost|p1a: Magcargo|spd|1\n|-boost|p1a: Magcargo|atk|2\n|-boost|p1a: Magcargo|spa|2\n|-boost|p1a: Magcargo|spe|2\n|\n|upkeep\n|turn|5\n|inactive|Time left: 300 sec this turn | 300 sec total\n|\n|t:|1783565379\n|-terastallize|p1a: Magcargo|Dragon\n|move|p1a: Magcargo|Power Gem|p2a: Manaphy\n|-crit|p2a: Manaphy\n|-damage|p2a: Manaphy|0 fnt\n|faint|p2a: Manaphy\n|\n|upkeep\n|\n|t:|1783565379\n|switch|p2a: Jolteon|Jolteon, L84, M|100/100\n|turn|6\n|inactive|Time left: 300 sec this turn | 300 sec total\n|\n|t:|1783565380\n|switch|p1a: Tentacruel|Tentacruel, L84, F|272/272\n|-activate|p1a: Tentacruel|move: Sticky Web\n|-unboost|p1a: Tentacruel|spe|1\n|move|p2a: Jolteon|Alluring Voice|p1a: Tentacruel\n|-resisted|p1a: Tentacruel\n|-damage|p1a: Tentacruel|255/272\n|\n|upkeep\n|turn|7\n|inactive|Time left: 300 sec this turn | 300 sec total\n|\n|t:|1783565381\n|move|p2a: Jolteon|Thunderbolt|p1a: Tentacruel\n|-supereffective|p1a: Tentacruel\n|-damage|p1a: Tentacruel|141/272\n|move|p1a: Tentacruel|Rapid Spin|p2a: Jolteon\n|-damage|p2a: Jolteon|85/100\n|-boost|p1a: Tentacruel|spe|1\n|-sideend|p1: p0x2189c3ec|Sticky Web|[from] move: Rapid Spin|[of] p1a: Tentacruel\n|\n|upkeep\n|turn|8\n|inactive|Time left: 300 sec this turn | 300 sec total\n|\n|t:|1783565382\n|switch|p1a: Magcargo|Magcargo, L95, M, tera:Dragon|268/268\n|move|p2a: Jolteon|Calm Mind|p2a: Jolteon\n|-boost|p2a: Jolteon|spa|1\n|-boost|p2a: Jolteon|spd|1\n|\n|upkeep\n|turn|9\n|inactive|Time left: 300 sec this turn | 300 sec total\n|\n|t:|1783565383\n|switch|p1a: Skeledirge|Skeledirge, L79, M|294/294\n|move|p2a: Jolteon|Alluring Voice|p1a: Skeledirge\n|-resisted|p1a: Skeledirge\n|-crit|p1a: Skeledirge\n|-damage|p1a: Skeledirge|236/294\n|\n|upkeep\n|turn|10\n|inactive|Time left: 300 sec this turn | 300 sec total\n|\n|t:|1783565384\n|move|p2a: Jolteon|Thunderbolt|p1a: Skeledirge\n|-damage|p1a: Skeledirge|107/294\n|move|p1a: Skeledirge|Torch Song|p2a: Jolteon\n|-damage|p2a: Jolteon|56/100\n|-boost|p1a: Skeledirge|spa|1\n|\n|upkeep\n|turn|11\n|inactive|Time left: 300 sec this turn | 300 sec total\n|\n|t:|1783565385\n|move|p2a: Jolteon|Thunderbolt|p1a: Skeledirge\n|-damage|p1a: Skeledirge|0 fnt\n|faint|p1a: Skeledirge\n|\n|upkeep\n|inactive|Time left: 300 sec this turn | 300 sec total | 5 sec grace\n|\n|t:|1783565386\n|switch|p1a: Cetitan|Cetitan, L82, F|412/412\n|turn|12\n|inactive|Time left: 300 sec this turn | 300 sec total\n|\n|t:|1783565387\n|move|p2a: Jolteon|Volt Switch|p1a: Cetitan\n|-damage|p1a: Cetitan|237/412\n|\n|t:|1783565388\n|switch|p2a: Kyurem|Kyurem-White, L73|100/100|[from] Volt Switch\n|-ability|p2a: Kyurem|Turboblaze\n|move|p1a: Cetitan|Ice Spinner|p2a: Kyurem\n|-damage|p2a: Kyurem|67/100\n|\n|upkeep\n|turn|13\n|inactive|Time left: 300 sec this turn | 300 sec total\n|\n|t:|1783565389\n|switch|p1a: Tentacruel|Tentacruel, L84, F|141/272\n|move|p2a: Kyurem|Draco Meteor|p1a: Tentacruel\n|-damage|p1a: Tentacruel|0 fnt\n|-unboost|p2a: Kyurem|spa|2\n|faint|p1a: Tentacruel\n|\n|upkeep\n|inactive|Time left: 300 sec this turn | 300 sec total | 5 sec grace\n|\n|t:|1783565390\n|switch|p1a: Cetitan|Cetitan, L82, F|237/412\n|turn|14\n|inactive|Time left: 300 sec this turn | 300 sec total\n|\n|t:|1783565391\n|move|p2a: Kyurem|Draco Meteor|p1a: Cetitan\n|-damage|p1a: Cetitan|62/412\n|-unboost|p2a: Kyurem|spa|2\n|-enditem|p1a: Cetitan|Sitrus Berry|[eat]\n|-heal|p1a: Cetitan|165/412|[from] item: Sitrus Berry\n|move|p1a: Cetitan|Ice Spinner|p2a: Kyurem\n|-damage|p2a: Kyurem|37/100\n|\n|upkeep\n|turn|15\n|inactive|Time left: 300 sec this turn | 300 sec total\n|\n|t:|1783565392\n|move|p2a: Kyurem|Draco Meteor|p1a: Cetitan\n|-damage|p1a: Cetitan|38/412\n|-unboost|p2a: Kyurem|spa|2\n|move|p1a: Cetitan|Ice Spinner|p2a: Kyurem\n|-damage|p2a: Kyurem|2/100\n|\n|upkeep\n|turn|16\n|inactive|Time left: 300 sec this turn | 300 sec total\n|\n|t:|1783565393\n|switch|p1a: Magcargo|Magcargo, L95, M, tera:Dragon|268/268\n|move|p2a: Kyurem|Draco Meteor|p1a: Magcargo\n|-supereffective|p1a: Magcargo\n|-damage|p1a: Magcargo|142/268\n|\n|upkeep\n|turn|17\n|inactive|Time left: 300 sec this turn | 300 sec total\n|\n|t:|1783565393\n|move|p2a: Kyurem|Draco Meteor|p1a: Magcargo\n|-supereffective|p1a: Magcargo\n|-damage|p1a: Magcargo|22/268\n|move|p1a: Magcargo|Shell Smash|p1a: Magcargo\n|-unboost|p1a: Magcargo|def|1\n|-unboost|p1a: Magcargo|spd|1\n|-boost|p1a: Magcargo|atk|2\n|-boost|p1a: Magcargo|spa|2\n|-boost|p1a: Magcargo|spe|2\n|\n|upkeep\n|turn|18\n|inactive|Time left: 300 sec this turn | 300 sec total\n|\n|t:|1783565394\n|move|p1a: Magcargo|Power Gem|p2a: Kyurem\n|-supereffective|p2a: Kyurem\n|-damage|p2a: Kyurem|0 fnt\n|faint|p2a: Kyurem\n|\n|upkeep\n|\n|t:|1783565395\n|switch|p2a: Cinccino|Cinccino, L83, F|100/100\n|turn|19\n|inactive|Time left: 300 sec this turn | 300 sec total\n|\n|t:|1783565396\n|move|p2a: Cinccino|Bullet Seed|p1a: Magcargo\n|-resisted|p1a: Magcargo\n|-damage|p1a: Magcargo|10/268\n|-ability|p1a: Magcargo|Weak Armor|boost\n|-unboost|p1a: Magcargo|def|1\n|-boost|p1a: Magcargo|spe|2\n|-resisted|p1a: Magcargo\n|-damage|p1a: Magcargo|0 fnt\n|faint|p1a: Magcargo\n|-hitcount|p1: Magcargo|2\n|\n|upkeep\n|inactive|Time left: 300 sec this turn | 300 sec total | 5 sec grace\n|\n|t:|1783565397\n|switch|p1a: Cetitan|Cetitan, L82, F|38/412\n|turn|20\n|inactive|Time left: 300 sec this turn | 300 sec total\n|\n|t:|1783565398\n|move|p1a: Cetitan|Ice Shard|p2a: Cinccino\n|-damage|p2a: Cinccino|77/100\n|move|p2a: Cinccino|U-turn|p1a: Cetitan\n|-damage|p1a: Cetitan|0 fnt\n|faint|p1a: Cetitan\n|\n|t:|1783565398\n|switch|p2a: Jolteon|Jolteon, L84, M|56/100|[from] U-turn\n|\n|upkeep\n|inactive|Time left: 300 sec this turn | 300 sec total | 10 sec grace\n|\n|t:|1783565399\n|switch|p1a: Cinccino|Cinccino, L83, M|134/260\n|turn|21\n|inactive|Time left: 300 sec this turn | 300 sec total\n|\n|t:|1783565400\n|move|p2a: Jolteon|Thunderbolt|p1a: Cinccino\n|-damage|p1a: Cinccino|0 fnt\n|faint|p1a: Cinccino\n|\n|upkeep\n|inactive|Time left: 300 sec this turn | 300 sec total | 5 sec grace\n|\n|t:|1783565401\n|switch|p1a: Flapple|Flapple, L88, M|266/266\n|turn|22\n|inactive|Time left: 300 sec this turn | 300 sec total\n|\n|t:|1783565402\n|-terastallize|p2a: Jolteon|Flying\n|move|p2a: Jolteon|Alluring Voice|p1a: Flapple\n|-supereffective|p1a: Flapple\n|-damage|p1a: Flapple|120/266\n|move|p1a: Flapple|Outrage|p2a: Jolteon\n|-damage|p2a: Jolteon|0 fnt\n|faint|p2a: Jolteon\n|\n|upkeep\n|\n|t:|1783565403\n|switch|p2a: Cinccino|Cinccino, L83, F|77/100\n|turn|23\n|inactive|Time left: 300 sec this turn | 300 sec total\n|\n|t:|1783565404\n|move|p2a: Cinccino|Triple Axel|p1a: Flapple\n|-supereffective|p1a: Flapple\n|-damage|p1a: Flapple|32/266\n|-supereffective|p1a: Flapple\n|-damage|p1a: Flapple|0 fnt\n|faint|p1a: Flapple\n|-hitcount|p1: Flapple|2\n|\n|win|p0y21893a5a", "uploadtime": 1783565404, "views": 0, "rating": 0, "private": 0, "password": null, "_winner": "p0y21893a5a", "_our_name": "p0x2189c3ec"}