{"id": "battle-gen9randombattle-168", "formatid": "gen9randombattle", "format": "[Gen 9] Random Battle", "players": ["p0x168fb1f", "p0y16894dd"], "log": "|init|battle\n|title|p0x168fb1f vs. p0y16894dd\n|j|\u2606p0x168fb1f\n|j|\u2606p0y16894dd\n|t:|1783535692\n|gametype|singles\n|player|p1|p0x168fb1f|266|\n|player|p2|p0y16894dd|266|\n|gen|9\n|tier|[Gen 9] Random Battle\n|rule|Species Clause: Limit one of each Pok\u00e9mon\n|rule|HP Percentage Mod: HP is shown in percentages\n|rule|Sleep Clause Mod: Limit one foe put to sleep\n|rule|Illusion Level Mod: Illusion disguises the Pok\u00e9mon's true level\n|\n|t:|1783535692\n|teamsize|p1|6\n|teamsize|p2|6\n|start\n|switch|p1a: Palkia|Palkia, L75|259/259\n|switch|p2a: Oranguru|Oranguru, L92, F|100/100\n|-ability|p1a: Palkia|Pressure\n|turn|1\n|inactive|Battle timer is ON: inactive players will automatically lose when time's up. (requested by p0x168fb1f)\n|inactive|p0y16894dd also wants the timer to be on.\n|\n|t:|1783535693\n|move|p1a: Palkia|Thunder Wave|p2a: Oranguru\n|-status|p2a: Oranguru|par\n|move|p2a: Oranguru|Nasty Plot|p2a: Oranguru\n|-boost|p2a: Oranguru|spa|2\n|\n|upkeep\n|turn|2\n|inactive|Time left: 300 sec this turn | 300 sec total\n|\n|t:|1783535694\n|switch|p1a: Lugia|Lugia, L73|275/275\n|move|p2a: Oranguru|Psyshock|p1a: Lugia\n|-resisted|p1a: Lugia\n|-damage|p1a: Lugia|233/275\n|\n|upkeep\n|turn|3\n|inactive|Time left: 300 sec this turn | 300 sec total\n|\n|t:|1783535695\n|move|p1a: Lugia|Calm Mind|p1a: Lugia\n|-boost|p1a: Lugia|spa|1\n|-boost|p1a: Lugia|spd|1\n|move|p2a: Oranguru|Thunderbolt|p1a: Lugia\n|-supereffective|p1a: Lugia\n|-damage|p1a: Lugia|91/275\n|\n|upkeep\n|turn|4\n|inactive|Time left: 300 sec this turn | 300 sec total\n|\n|t:|1783535696\n|move|p1a: Lugia|Recover|p1a: Lugia\n|-heal|p1a: Lugia|229/275\n|move|p2a: Oranguru|Thunderbolt|p1a: Lugia\n|-supereffective|p1a: Lugia\n|-damage|p1a: Lugia|101/275\n|-status|p1a: Lugia|par\n|\n|upkeep\n|turn|5\n|inactive|Time left: 300 sec this turn | 300 sec total\n|\n|t:|1783535697\n|move|p1a: Lugia|Recover|p1a: Lugia\n|-heal|p1a: Lugia|239/275 par\n|move|p2a: Oranguru|Thunderbolt|p1a: Lugia\n|-supereffective|p1a: Lugia\n|-damage|p1a: Lugia|93/275 par\n|\n|upkeep\n|turn|6\n|inactive|Time left: 300 sec this turn | 300 sec total\n|\n|t:|1783535698\n|move|p1a: Lugia|Recover|p1a: Lugia\n|-heal|p1a: Lugia|231/275 par\n|move|p2a: Oranguru|Thunderbolt|p1a: Lugia\n|-supereffective|p1a: Lugia\n|-damage|p1a: Lugia|89/275 par\n|\n|upkeep\n|turn|7\n|inactive|Time left: 300 sec this turn | 300 sec total\n|\n|t:|1783535699\n|move|p1a: Lugia|Recover|p1a: Lugia\n|-heal|p1a: Lugia|227/275 par\n|cant|p2a: Oranguru|par\n|\n|upkeep\n|turn|8\n|inactive|Time left: 300 sec this turn | 300 sec total\n|\n|t:|1783535700\n|move|p1a: Lugia|Calm Mind|p1a: Lugia\n|-boost|p1a: Lugia|spa|1\n|-boost|p1a: Lugia|spd|1\n|cant|p2a: Oranguru|par\n|\n|upkeep\n|turn|9\n|inactive|Time left: 300 sec this turn | 300 sec total\n|\n|t:|1783535702\n|move|p1a: Lugia|Aeroblast|p2a: Oranguru\n|-damage|p2a: Oranguru|60/100 par\n|move|p2a: Oranguru|Psyshock|p1a: Lugia\n|-resisted|p1a: Lugia\n|-damage|p1a: Lugia|150/275 par\n|\n|-heal|p2a: Oranguru|66/100 par|[from] item: Leftovers\n|upkeep\n|turn|10\n|inactive|Time left: 300 sec this turn | 300 sec total\n|\n|t:|1783535703\n|cant|p1a: Lugia|par\n|move|p2a: Oranguru|Psyshock|p1a: Lugia\n|-resisted|p1a: Lugia\n|-damage|p1a: Lugia|75/275 par\n|\n|-heal|p2a: Oranguru|72/100 par|[from] item: Leftovers\n|upkeep\n|turn|11\n|inactive|Time left: 300 sec this turn | 300 sec total\n|\n|t:|1783535704\n|cant|p1a: Lugia|par\n|move|p2a: Oranguru|Thunderbolt|p1a: Lugia\n|-supereffective|p1a: Lugia\n|-damage|p1a: Lugia|0 fnt\n|faint|p1a: Lugia\n|\n|-heal|p2a: Oranguru|78/100 par|[from] item: Leftovers\n|upkeep\n|inactive|Time left: 300 sec this turn | 300 sec total | 5 sec grace\n|\n|t:|1783535705\n|switch|p1a: Scrafty|Scrafty, L83, M|244/244\n|-ability|p1a: Scrafty|Intimidate|boost\n|-fail|p2a: Oranguru|unboost|Attack|[from] ability: Inner Focus|[of] p2a: Oranguru\n|turn|12\n|inactive|Time left: 300 sec this turn | 300 sec total\n|\n|t:|1783535706\n|move|p1a: Scrafty|Knock Off|p2a: Oranguru\n|-supereffective|p2a: Oranguru\n|-damage|p2a: Oranguru|18/100 par\n|-enditem|p2a: Oranguru|Leftovers|[from] move: Knock Off|[of] p1a: Scrafty\n|move|p2a: Oranguru|Focus Blast|p1a: Scrafty\n|-supereffective|p1a: Scrafty\n|-damage|p1a: Scrafty|0 fnt\n|faint|p1a: Scrafty\n|\n|upkeep\n|inactive|Time left: 300 sec this turn | 300 sec total | 5 sec grace\n|\n|t:|1783535707\n|switch|p1a: Inteleon|Inteleon, L81, M|246/246\n|turn|13\n|inactive|Time left: 300 sec this turn | 300 sec total\n|\n|t:|1783535707\n|move|p1a: Inteleon|Scald|p2a: Oranguru\n|-damage|p2a: Oranguru|0 fnt\n|faint|p2a: Oranguru\n|\n|upkeep\n|\n|t:|1783535708\n|switch|p2a: Moltres|Moltres-Galar, L79|100/100\n|turn|14\n|inactive|Time left: 300 sec this turn | 300 sec total\n|\n|t:|1783535709\n|move|p1a: Inteleon|Scald|p2a: Moltres\n|-damage|p2a: Moltres|61/100\n|-status|p2a: Moltres|brn\n|move|p2a: Moltres|Fiery Wrath|p1a: Inteleon\n|-crit|p1a: Inteleon\n|-damage|p1a: Inteleon|93/246\n|\n|-damage|p2a: Moltres|55/100 brn|[from] brn\n|upkeep\n|turn|15\n|inactive|Time left: 300 sec this turn | 300 sec total\n|\n|t:|1783535710\n|move|p1a: Inteleon|Scald|p2a: Moltres\n|-damage|p2a: Moltres|14/100 brn\n|-ability|p2a: Moltres|Berserk|boost\n|-boost|p2a: Moltres|spa|1\n|move|p2a: Moltres|Fiery Wrath|p1a: Inteleon\n|-damage|p1a: Inteleon|0 fnt\n|faint|p1a: Inteleon\n|\n|-damage|p2a: Moltres|8/100 brn|[from] brn\n|upkeep\n|inactive|Time left: 300 sec this turn | 300 sec total | 5 sec grace\n|\n|t:|1783535711\n|switch|p1a: Palkia|Palkia, L75|259/259\n|-ability|p1a: Palkia|Pressure\n|turn|16\n|inactive|Time left: 300 sec this turn | 300 sec total\n|\n|t:|1783535712\n|move|p1a: Palkia|Fire Blast|p2a: Moltres\n|-damage|p2a: Moltres|0 fnt\n|faint|p2a: Moltres\n|\n|upkeep\n|\n|t:|1783535713\n|switch|p2a: Beartic|Beartic, L91, F|100/100\n|turn|17\n|inactive|Time left: 300 sec this turn | 300 sec total\n|\n|t:|1783535714\n|move|p1a: Palkia|Hydro Pump|p2a: Beartic\n|-damage|p2a: Beartic|53/100\n|move|p2a: Beartic|Icicle Crash|p1a: Palkia\n|-damage|p1a: Palkia|70/259\n|\n|upkeep\n|turn|18\n|inactive|Time left: 300 sec this turn | 300 sec total\n|\n|t:|1783535715\n|switch|p2a: Wigglytuff|Wigglytuff, L96, M|100/100\n|move|p1a: Palkia|Draco Meteor|p2a: Wigglytuff\n|-immune|p2a: Wigglytuff\n|\n|upkeep\n|turn|19\n|inactive|Time left: 300 sec this turn | 300 sec total\n|\n|t:|1783535716\n|switch|p1a: Dunsparce|Dunsparce, L86, F|312/312\n|move|p2a: Wigglytuff|Dazzling Gleam|p1a: Dunsparce\n|-damage|p1a: Dunsparce|237/312\n|\n|upkeep\n|turn|20\n|inactive|Time left: 300 sec this turn | 300 sec total\n|\n|t:|1783535718\n|move|p2a: Wigglytuff|Dazzling Gleam|p1a: Dunsparce\n|-damage|p1a: Dunsparce|161/312\n|move|p1a: Dunsparce|Coil|p1a: Dunsparce\n|-boost|p1a: Dunsparce|atk|1\n|-boost|p1a: Dunsparce|def|1\n|-boost|p1a: Dunsparce|accuracy|1\n|\n|upkeep\n|turn|21\n|inactive|Time left: 300 sec this turn | 300 sec total\n|\n|t:|1783535719\n|move|p2a: Wigglytuff|Fire Blast|p1a: Dunsparce\n|-damage|p1a: Dunsparce|84/312\n|move|p1a: Dunsparce|Roost|p1a: Dunsparce\n|-heal|p1a: Dunsparce|240/312\n|-singleturn|p1a: Dunsparce|move: Roost\n|\n|upkeep\n|turn|22\n|inactive|Time left: 300 sec this turn | 300 sec total\n|\n|t:|1783535720\n|move|p2a: Wigglytuff|Fire Blast|p1a: Dunsparce\n|-damage|p1a: Dunsparce|162/312\n|move|p1a: Dunsparce|Coil|p1a: Dunsparce\n|-boost|p1a: Dunsparce|atk|1\n|-boost|p1a: Dunsparce|def|1\n|-boost|p1a: Dunsparce|accuracy|1\n|\n|upkeep\n|turn|23\n|inactive|Time left: 300 sec this turn | 300 sec total\n|\n|t:|1783535721\n|move|p2a: Wigglytuff|Dazzling Gleam|p1a: Dunsparce\n|-damage|p1a: Dunsparce|77/312\n|move|p1a: Dunsparce|Roost|p1a: Dunsparce\n|-heal|p1a: Dunsparce|233/312\n|-singleturn|p1a: Dunsparce|move: Roost\n|\n|upkeep\n|turn|24\n|inactive|Time left: 300 sec this turn | 300 sec total\n|\n|t:|1783535722\n|move|p2a: Wigglytuff|Protect|p2a: Wigglytuff\n|-singleturn|p2a: Wigglytuff|Protect\n|move|p1a: Dunsparce|Body Slam|p2a: Wigglytuff\n|-activate|p2a: Wigglytuff|move: Protect\n|\n|upkeep\n|turn|25\n|inactive|Time left: 300 sec this turn | 300 sec total\n|\n|t:|1783535723\n|switch|p2a: Bronzong|Bronzong, L88|100/100\n|move|p1a: Dunsparce|Body Slam|p2a: Bronzong\n|-resisted|p2a: Bronzong\n|-damage|p2a: Bronzong|80/100\n|-status|p2a: Bronzong|par\n|\n|-heal|p2a: Bronzong|86/100 par|[from] item: Leftovers\n|upkeep\n|turn|26\n|inactive|Time left: 300 sec this turn | 300 sec total\n|\n|t:|1783535725\n|move|p1a: Dunsparce|Body Slam|p2a: Bronzong\n|-resisted|p2a: Bronzong\n|-damage|p2a: Bronzong|64/100 par\n|move|p2a: Bronzong|Stealth Rock|p1a: Dunsparce\n|-sidestart|p1: p0x168fb1f|move: Stealth Rock\n|\n|-heal|p2a: Bronzong|70/100 par|[from] item: Leftovers\n|upkeep\n|turn|27\n|inactive|Time left: 300 sec this turn | 300 sec total\n|\n|t:|1783535726\n|move|p1a: Dunsparce|Coil|p1a: Dunsparce\n|-boost|p1a: Dunsparce|atk|1\n|-boost|p1a: Dunsparce|def|1\n|-boost|p1a: Dunsparce|accuracy|1\n|cant|p2a: Bronzong|par\n|\n|-heal|p2a: Bronzong|76/100 par|[from] item: Leftovers\n|upkeep\n|turn|28\n|inactive|Time left: 300 sec this turn | 300 sec total\n|\n|t:|1783535727\n|move|p1a: Dunsparce|Body Slam|p2a: Bronzong\n|-resisted|p2a: Bronzong\n|-damage|p2a: Bronzong|46/100 par\n|move|p2a: Bronzong|Hypnosis|p1a: Dunsparce\n|-status|p1a: Dunsparce|slp|[from] move: Hypnosis\n|\n|-heal|p2a: Bronzong|53/100 par|[from] item: Leftovers\n|upkeep\n|turn|29\n|inactive|Time left: 300 sec this turn | 300 sec total\n|\n|t:|1783535728\n|cant|p1a: Dunsparce|slp\n|cant|p2a: Bronzong|par\n|\n|-heal|p2a: Bronzong|59/100 par|[from] item: Leftovers\n|upkeep\n|turn|30\n|inactive|Time left: 300 sec this turn | 300 sec total\n|\n|t:|1783535729\n|-curestatus|p1a: Dunsparce|slp|[msg]\n|move|p1a: Dunsparce|Body Slam|p2a: Bronzong\n|-resisted|p2a: Bronzong\n|-damage|p2a: Bronzong|33/100 par\n|cant|p2a: Bronzong|par\n|\n|-heal|p2a: Bronzong|40/100 par|[from] item: Leftovers\n|upkeep\n|turn|31\n|inactive|Time left: 300 sec this turn | 300 sec total\n|\n|t:|1783535730\n|move|p1a: Dunsparce|Body Slam|p2a: Bronzong\n|-resisted|p2a: Bronzong\n|-damage|p2a: Bronzong|14/100 par\n|cant|p2a: Bronzong|par\n|\n|-heal|p2a: Bronzong|20/100 par|[from] item: Leftovers\n|upkeep\n|turn|32\n|inactive|Time left: 300 sec this turn | 300 sec total\n|\n|t:|1783535731\n|move|p1a: Dunsparce|Body Slam|p2a: Bronzong\n|-resisted|p2a: Bronzong\n|-damage|p2a: Bronzong|0 fnt\n|faint|p2a: Bronzong\n|\n|upkeep\n|\n|t:|1783535732\n|switch|p2a: Wigglytuff|Wigglytuff, L96, M|100/100\n|turn|33\n|inactive|Time left: 300 sec this turn | 300 sec total\n|\n|t:|1783535733\n|move|p2a: Wigglytuff|Wish|p2a: Wigglytuff\n|move|p1a: Dunsparce|Body Slam|p2a: Wigglytuff\n|-damage|p2a: Wigglytuff|40/100\n|-status|p2a: Wigglytuff|par\n|\n|-heal|p2a: Wigglytuff|46/100 par|[from] item: Leftovers\n|upkeep\n|turn|34\n|inactive|Time left: 300 sec this turn | 300 sec total\n|\n|t:|1783535734\n|cant|p2a: Wigglytuff|par\n|move|p1a: Dunsparce|Body Slam|p2a: Wigglytuff\n|-damage|p2a: Wigglytuff|0 fnt\n|faint|p2a: Wigglytuff\n|\n|upkeep\n|\n|t:|1783535735\n|switch|p2a: Beartic|Beartic, L91, F|53/100\n|turn|35\n|inactive|Time left: 300 sec this turn | 300 sec total\n|\n|t:|1783535736\n|move|p2a: Beartic|Icicle Crash|p1a: Dunsparce\n|-damage|p1a: Dunsparce|175/312\n|cant|p1a: Dunsparce|flinch\n|\n|upkeep\n|turn|36\n|inactive|Time left: 300 sec this turn | 300 sec total\n|\n|t:|1783535737\n|move|p2a: Beartic|Icicle Crash|p1a: Dunsparce\n|-damage|p1a: Dunsparce|115/312\n|cant|p1a: Dunsparce|flinch\n|\n|upkeep\n|turn|37\n|inactive|Time left: 300 sec this turn | 300 sec total\n|\n|t:|1783535738\n|move|p2a: Beartic|Icicle Crash|p1a: Dunsparce\n|-damage|p1a: Dunsparce|54/312\n|cant|p1a: Dunsparce|flinch\n|\n|upkeep\n|turn|38\n|inactive|Time left: 300 sec this turn | 300 sec total\n|\n|t:|1783535740\n|-terastallize|p1a: Dunsparce|Ghost\n|move|p2a: Beartic|Icicle Crash|p1a: Dunsparce|[miss]\n|-miss|p2a: Beartic|p1a: Dunsparce\n|move|p1a: Dunsparce|Roost|p1a: Dunsparce\n|-heal|p1a: Dunsparce|210/312\n|\n|upkeep\n|turn|39\n|inactive|Time left: 300 sec this turn | 300 sec total\n|\n|t:|1783535741\n|move|p2a: Beartic|Icicle Crash|p1a: Dunsparce\n|-damage|p1a: Dunsparce|147/312\n|cant|p1a: Dunsparce|flinch\n|\n|upkeep\n|turn|40\n|inactive|Time left: 300 sec this turn | 300 sec total\n|\n|t:|1783535742\n|move|p2a: Beartic|Icicle Crash|p1a: Dunsparce\n|-damage|p1a: Dunsparce|86/312\n|cant|p1a: Dunsparce|flinch\n|\n|upkeep\n|turn|41\n|inactive|Time left: 300 sec this turn | 300 sec total\n|\n|t:|1783535743\n|move|p2a: Beartic|Icicle Crash|p1a: Dunsparce\n|-damage|p1a: Dunsparce|23/312\n|move|p1a: Dunsparce|Roost|p1a: Dunsparce\n|-heal|p1a: Dunsparce|179/312\n|\n|upkeep\n|turn|42\n|inactive|Time left: 300 sec this turn | 300 sec total\n|\n|t:|1783535744\n|move|p2a: Beartic|Icicle Crash|p1a: Dunsparce\n|-damage|p1a: Dunsparce|115/312\n|move|p1a: Dunsparce|Body Slam|p2a: Beartic\n|-damage|p2a: Beartic|0 fnt\n|faint|p2a: Beartic\n|\n|upkeep\n|\n|t:|1783535745\n|switch|p2a: Chien-Pao|Chien-Pao, L72|100/100\n|-ability|p2a: Chien-Pao|Sword of Ruin\n|turn|43\n|inactive|Time left: 300 sec this turn | 300 sec total\n|\n|t:|1783535746\n|move|p2a: Chien-Pao|Icicle Crash|p1a: Dunsparce\n|-damage|p1a: Dunsparce|82/312\n|move|p1a: Dunsparce|Body Slam|p2a: Chien-Pao\n|-damage|p2a: Chien-Pao|10/100\n|\n|upkeep\n|turn|44\n|inactive|Time left: 300 sec this turn | 300 sec total\n|\n|t:|1783535747\n|-terastallize|p2a: Chien-Pao|Ice\n|move|p2a: Chien-Pao|Icicle Crash|p1a: Dunsparce\n|-damage|p1a: Dunsparce|34/312\n|move|p1a: Dunsparce|Earthquake|p2a: Chien-Pao\n|-damage|p2a: Chien-Pao|0 fnt\n|faint|p2a: Chien-Pao\n|\n|win|p0x168fb1f", "uploadtime": 1783535747, "views": 0, "rating": 0, "private": 0, "password": null, "_winner": "p0x168fb1f", "_our_name": "p0x168fb1f"}