{"id": "battle-gen9randombattle-149", "formatid": "gen9randombattle", "format": "[Gen 9] Random Battle", "players": ["p0x149c822", "p0y149e6f3"], "log": "|init|battle\n|title|p0x149c822 vs. p0y149e6f3\n|j|\u2606p0x149c822\n|j|\u2606p0y149e6f3\n|t:|1783535470\n|gametype|singles\n|player|p1|p0x149c822|102|\n|player|p2|p0y149e6f3|2|\n|gen|9\n|tier|[Gen 9] Random Battle\n|rule|Species Clause: Limit one of each Pok\u00e9mon\n|rule|HP Percentage Mod: HP is shown in percentages\n|rule|Sleep Clause Mod: Limit one foe put to sleep\n|rule|Illusion Level Mod: Illusion disguises the Pok\u00e9mon's true level\n|\n|t:|1783535470\n|teamsize|p1|6\n|teamsize|p2|6\n|start\n|switch|p1a: Mightyena|Mightyena, L96, M|100/100\n|switch|p2a: Vileplume|Vileplume, L85, M|266/266\n|-ability|p1a: Mightyena|Intimidate|boost\n|-unboost|p2a: Vileplume|atk|1\n|turn|1\n|inactive|Battle timer is ON: inactive players will automatically lose when time's up. (requested by p0x149c822)\n|inactive|Time left: 300 sec this turn | 300 sec total | 60 sec grace\n|inactive|p0y149e6f3 also wants the timer to be on.\n|\n|t:|1783535472\n|move|p1a: Mightyena|Throat Chop|p2a: Vileplume\n|-damage|p2a: Vileplume|101/266\n|-start|p2a: Vileplume|Throat Chop|[silent]\n|move|p2a: Vileplume|Leech Seed|p1a: Mightyena\n|-start|p1a: Mightyena|move: Leech Seed\n|\n|-heal|p2a: Vileplume|117/266|[from] item: Leftovers\n|-damage|p1a: Mightyena|88/100|[from] Leech Seed|[of] p2a: Vileplume\n|-heal|p2a: Vileplume|153/266|[silent]\n|upkeep\n|turn|2\n|inactive|Time left: 300 sec this turn | 300 sec total\n|\n|t:|1783535473\n|move|p1a: Mightyena|Throat Chop|p2a: Vileplume\n|-damage|p2a: Vileplume|0 fnt\n|faint|p2a: Vileplume\n|\n|upkeep\n|inactive|Time left: 300 sec this turn | 300 sec total | 5 sec grace\n|\n|t:|1783535474\n|switch|p2a: Iron Valiant|Iron Valiant, L78|244/244\n|turn|3\n|inactive|Time left: 300 sec this turn | 300 sec total\n|\n|t:|1783535475\n|switch|p1a: Forretress|Forretress, L84, F|100/100\n|move|p2a: Iron Valiant|Swords Dance|p2a: Iron Valiant\n|-boost|p2a: Iron Valiant|atk|2\n|\n|upkeep\n|turn|4\n|inactive|Time left: 300 sec this turn | 300 sec total\n|\n|t:|1783535475\n|move|p2a: Iron Valiant|Spirit Break|p1a: Forretress\n|-resisted|p1a: Forretress\n|-damage|p1a: Forretress|71/100\n|-unboost|p1a: Forretress|spa|1\n|-damage|p2a: Iron Valiant|220/244|[from] item: Life Orb\n|move|p1a: Forretress|Iron Head|p2a: Iron Valiant\n|-supereffective|p2a: Iron Valiant\n|-damage|p2a: Iron Valiant|34/244\n|\n|-heal|p1a: Forretress|77/100|[from] item: Leftovers\n|upkeep\n|turn|5\n|inactive|Time left: 300 sec this turn | 300 sec total\n|\n|t:|1783535476\n|switch|p1a: Spectrier|Spectrier, L75|100/100\n|move|p2a: Iron Valiant|Close Combat|p1a: Spectrier\n|-immune|p1a: Spectrier\n|\n|upkeep\n|turn|6\n|inactive|Time left: 300 sec this turn | 300 sec total\n|\n|t:|1783535477\n|-end|p2a: Iron Valiant|Quark Drive|[silent]\n|switch|p2a: Mimikyu|Mimikyu, L79, F|216/216\n|move|p1a: Spectrier|Shadow Ball|p2a: Mimikyu\n|-activate|p2a: Mimikyu|ability: Disguise\n|-damage|p2a: Mimikyu|216/216\n|detailschange|p2a: Mimikyu|Mimikyu-Busted, L79, F\n|-damage|p2a: Mimikyu|189/216|[from] pokemon: Mimikyu-Busted\n|-damage|p1a: Spectrier|91/100|[from] item: Life Orb\n|\n|upkeep\n|turn|7\n|inactive|Time left: 300 sec this turn | 300 sec total\n|\n|t:|1783535478\n|switch|p2a: Poliwrath|Poliwrath, L88, F|302/302\n|move|p1a: Spectrier|Shadow Ball|p2a: Poliwrath\n|-damage|p2a: Poliwrath|192/302\n|-damage|p1a: Spectrier|81/100|[from] item: Life Orb\n|\n|-heal|p2a: Poliwrath|210/302|[from] item: Leftovers\n|upkeep\n|turn|8\n|inactive|Time left: 300 sec this turn | 300 sec total\n|\n|t:|1783535479\n|move|p1a: Spectrier|Will-O-Wisp|p2a: Poliwrath\n|-status|p2a: Poliwrath|brn\n|move|p2a: Poliwrath|Liquidation|p1a: Spectrier\n|-damage|p1a: Spectrier|53/100\n|\n|-heal|p2a: Poliwrath|228/302 brn|[from] item: Leftovers\n|-damage|p2a: Poliwrath|210/302 brn|[from] brn\n|upkeep\n|turn|9\n|inactive|Time left: 300 sec this turn | 300 sec total\n|\n|t:|1783535480\n|move|p1a: Spectrier|Nasty Plot|p1a: Spectrier\n|-boost|p1a: Spectrier|spa|2\n|move|p2a: Poliwrath|Liquidation|p1a: Spectrier\n|-damage|p1a: Spectrier|27/100\n|-unboost|p1a: Spectrier|def|1\n|\n|-heal|p2a: Poliwrath|228/302 brn|[from] item: Leftovers\n|-damage|p2a: Poliwrath|210/302 brn|[from] brn\n|upkeep\n|turn|10\n|inactive|Time left: 300 sec this turn | 300 sec total\n|\n|t:|1783535481\n|move|p1a: Spectrier|Shadow Ball|p2a: Poliwrath\n|-damage|p2a: Poliwrath|0 fnt\n|faint|p2a: Poliwrath\n|-ability|p1a: Spectrier|Grim Neigh|boost\n|-boost|p1a: Spectrier|spa|1\n|-damage|p1a: Spectrier|17/100|[from] item: Life Orb\n|\n|upkeep\n|inactive|Time left: 300 sec this turn | 300 sec total | 5 sec grace\n|\n|t:|1783535482\n|switch|p2a: Lugia|Lugia, L73|275/275\n|turn|11\n|inactive|Time left: 300 sec this turn | 300 sec total\n|\n|t:|1783535483\n|move|p1a: Spectrier|Shadow Ball|p2a: Lugia\n|-supereffective|p2a: Lugia\n|-damage|p2a: Lugia|32/275\n|-damage|p1a: Spectrier|7/100|[from] item: Life Orb\n|move|p2a: Lugia|Psychic Noise|p1a: Spectrier\n|-damage|p1a: Spectrier|0 fnt\n|faint|p1a: Spectrier\n|\n|upkeep\n|\n|t:|1783535484\n|switch|p1a: Mightyena|Mightyena, L96, M|88/100\n|-ability|p1a: Mightyena|Intimidate|boost\n|-unboost|p2a: Lugia|atk|1\n|turn|12\n|inactive|Time left: 300 sec this turn | 300 sec total\n|\n|t:|1783535485\n|move|p2a: Lugia|Recover|p2a: Lugia\n|-heal|p2a: Lugia|170/275\n|move|p1a: Mightyena|Throat Chop|p2a: Lugia\n|-supereffective|p2a: Lugia\n|-damage|p2a: Lugia|0 fnt\n|faint|p2a: Lugia\n|\n|upkeep\n|inactive|Time left: 300 sec this turn | 300 sec total | 5 sec grace\n|\n|t:|1783535486\n|switch|p2a: Iron Valiant|Iron Valiant, L78|34/244\n|turn|13\n|inactive|Time left: 300 sec this turn | 300 sec total\n|\n|t:|1783535487\n|-terastallize|p1a: Mightyena|Poison\n|move|p2a: Iron Valiant|Spirit Break|p1a: Mightyena\n|-resisted|p1a: Mightyena\n|-damage|p1a: Mightyena|69/100\n|-unboost|p1a: Mightyena|spa|1\n|-damage|p2a: Iron Valiant|10/244|[from] item: Life Orb\n|move|p1a: Mightyena|Throat Chop|p2a: Iron Valiant\n|-resisted|p2a: Iron Valiant\n|-damage|p2a: Iron Valiant|0 fnt\n|faint|p2a: Iron Valiant\n|-end|p2a: Iron Valiant|Quark Drive|[silent]\n|\n|upkeep\n|inactive|Time left: 300 sec this turn | 300 sec total | 5 sec grace\n|\n|t:|1783535488\n|switch|p2a: Basculegion|Basculegion-F, L83, F|335/335\n|turn|14\n|inactive|Time left: 300 sec this turn | 300 sec total\n|\n|t:|1783535489\n|move|p1a: Mightyena|Throat Chop|p2a: Basculegion\n|-supereffective|p2a: Basculegion\n|-crit|p2a: Basculegion\n|-damage|p2a: Basculegion|0 fnt\n|faint|p2a: Basculegion\n|\n|upkeep\n|inactive|Time left: 300 sec this turn | 300 sec total | 5 sec grace\n|\n|t:|1783535490\n|switch|p2a: Mimikyu|Mimikyu-Busted, L79, F|189/216\n|turn|15\n|inactive|Time left: 300 sec this turn | 300 sec total\n|\n|t:|1783535491\n|-terastallize|p2a: Mimikyu|Fairy\n|move|p2a: Mimikyu|Swords Dance|p2a: Mimikyu\n|-boost|p2a: Mimikyu|atk|2\n|move|p1a: Mightyena|Throat Chop|p2a: Mimikyu\n|-resisted|p2a: Mimikyu\n|-damage|p2a: Mimikyu|102/216\n|-start|p2a: Mimikyu|Throat Chop|[silent]\n|\n|upkeep\n|turn|16\n|inactive|Time left: 300 sec this turn | 300 sec total\n|\n|t:|1783535492\n|move|p2a: Mimikyu|Play Rough|p1a: Mightyena\n|-resisted|p1a: Mightyena\n|-damage|p1a: Mightyena|22/100\n|-damage|p2a: Mimikyu|81/216|[from] item: Life Orb\n|move|p1a: Mightyena|Throat Chop|p2a: Mimikyu\n|-resisted|p2a: Mimikyu\n|-damage|p2a: Mimikyu|0 fnt\n|faint|p2a: Mimikyu\n|\n|win|p0x149c822", "uploadtime": 1783535492, "views": 0, "rating": 0, "private": 0, "password": null, "_winner": "p0x149c822", "_our_name": "p0y149e6f3"}