{"id": "battle-gen9randombattle-203", "formatid": "gen9randombattle", "format": "[Gen 9] Random Battle", "players": ["p0x2039c42", "p0y2036be9"], "log": "|init|battle\n|title|p0x2039c42 vs. p0y2036be9\n|j|\u2606p0x2039c42\n|j|\u2606p0y2036be9\n|t:|1783541453\n|gametype|singles\n|player|p1|p0x2039c42|1|\n|player|p2|p0y2036be9|170|\n|gen|9\n|tier|[Gen 9] Random Battle\n|rule|Species Clause: Limit one of each Pok\u00e9mon\n|rule|HP Percentage Mod: HP is shown in percentages\n|rule|Sleep Clause Mod: Limit one foe put to sleep\n|rule|Illusion Level Mod: Illusion disguises the Pok\u00e9mon's true level\n|\n|t:|1783541453\n|teamsize|p1|6\n|teamsize|p2|6\n|start\n|switch|p1a: Duraludon|Duraludon, L82, M|100/100\n|switch|p2a: Weezing|Weezing-Galar, L86, F|252/252\n|turn|1\n|inactive|Battle timer is ON: inactive players will automatically lose when time's up. (requested by p0x2039c42)\n|inactive|Time left: 300 sec this turn | 300 sec total | 60 sec grace\n|inactive|p0y2036be9 also wants the timer to be on.\n|\n|t:|1783541455\n|move|p1a: Duraludon|Flash Cannon|p2a: Weezing\n|-supereffective|p2a: Weezing\n|-damage|p2a: Weezing|28/252\n|move|p2a: Weezing|Strange Steam|p1a: Duraludon\n|-damage|p1a: Duraludon|62/100\n|-start|p1a: Duraludon|confusion\n|\n|-heal|p2a: Weezing|43/252|[from] item: Leftovers\n|upkeep\n|turn|2\n|inactive|Time left: 300 sec this turn | 300 sec total\n|\n|t:|1783541456\n|switch|p1a: Entei|Entei, L78|100/100\n|move|p2a: Weezing|Pain Split|p1a: Entei\n|-sethp|p1a: Entei|58/100|[from] move: Pain Split|[silent]\n|-sethp|p2a: Weezing|175/252|[from] move: Pain Split\n|\n|-heal|p2a: Weezing|190/252|[from] item: Leftovers\n|upkeep\n|turn|3\n|inactive|Time left: 300 sec this turn | 300 sec total\n|\n|t:|1783541457\n|move|p1a: Entei|Sacred Fire|p2a: Weezing\n|-damage|p2a: Weezing|61/252\n|move|p2a: Weezing|Gunk Shot|p1a: Entei\n|-damage|p1a: Entei|10/100\n|\n|-heal|p2a: Weezing|76/252|[from] item: Leftovers\n|upkeep\n|turn|4\n|inactive|Time left: 300 sec this turn | 300 sec total\n|\n|t:|1783541458\n|move|p1a: Entei|Sacred Fire|p2a: Weezing\n|-damage|p2a: Weezing|0 fnt\n|faint|p2a: Weezing\n|\n|upkeep\n|inactive|Time left: 300 sec this turn | 300 sec total | 5 sec grace\n|\n|t:|1783541459\n|switch|p2a: Lokix|Lokix, L82, F|251/251\n|turn|5\n|inactive|Time left: 300 sec this turn | 300 sec total\n|\n|t:|1783541460\n|move|p2a: Lokix|First Impression|p1a: Entei\n|-resisted|p1a: Entei\n|-damage|p1a: Entei|0 fnt\n|faint|p1a: Entei\n|-damage|p2a: Lokix|226/251|[from] item: Life Orb\n|\n|upkeep\n|\n|t:|1783541461\n|switch|p1a: Galvantula|Galvantula, L82, M|100/100\n|turn|6\n|inactive|Time left: 300 sec this turn | 300 sec total\n|\n|t:|1783541463\n|switch|p2a: Gumshoos|Gumshoos, L95, M|321/321\n|move|p1a: Galvantula|Bug Buzz|p2a: Gumshoos\n|-damage|p2a: Gumshoos|221/321\n|\n|upkeep\n|turn|7\n|inactive|Time left: 300 sec this turn | 300 sec total\n|\n|t:|1783541464\n|move|p1a: Galvantula|Sticky Web|p2a: Gumshoos\n|-sidestart|p2: p0y2036be9|move: Sticky Web\n|move|p2a: Gumshoos|Knock Off|p1a: Galvantula\n|-damage|p1a: Galvantula|19/100\n|-enditem|p1a: Galvantula|Heavy-Duty Boots|[from] move: Knock Off|[of] p2a: Gumshoos\n|\n|upkeep\n|turn|8\n|inactive|Time left: 300 sec this turn | 300 sec total\n|\n|t:|1783541465\n|move|p1a: Galvantula|Thunder|p2a: Gumshoos\n|-damage|p2a: Gumshoos|98/321\n|-status|p2a: Gumshoos|par\n|move|p2a: Gumshoos|Knock Off|p1a: Galvantula\n|-damage|p1a: Galvantula|0 fnt\n|faint|p1a: Galvantula\n|\n|upkeep\n|\n|t:|1783541466\n|switch|p1a: Poliwrath|Poliwrath, L88, F|100/100\n|turn|9\n|inactive|Time left: 300 sec this turn | 300 sec total\n|\n|t:|1783541466\n|move|p1a: Poliwrath|Liquidation|p2a: Gumshoos\n|-damage|p2a: Gumshoos|0 fnt\n|faint|p2a: Gumshoos\n|\n|upkeep\n|inactive|Time left: 300 sec this turn | 300 sec total | 5 sec grace\n|\n|t:|1783541468\n|switch|p2a: Victreebel|Victreebel, L90, F|290/290\n|-activate|p2a: Victreebel|move: Sticky Web\n|-unboost|p2a: Victreebel|spe|1\n|turn|10\n|inactive|Time left: 300 sec this turn | 300 sec total\n|\n|t:|1783541469\n|switch|p1a: Venomoth|Venomoth, L84, M|100/100\n|move|p2a: Victreebel|Power Whip|p1a: Venomoth\n|-resisted|p1a: Venomoth\n|-damage|p1a: Venomoth|73/100\n|-damage|p2a: Victreebel|261/290|[from] item: Life Orb\n|\n|upkeep\n|turn|11\n|inactive|Time left: 300 sec this turn | 300 sec total\n|\n|t:|1783541470\n|move|p1a: Venomoth|Quiver Dance|p1a: Venomoth\n|-boost|p1a: Venomoth|spa|1\n|-boost|p1a: Venomoth|spd|1\n|-boost|p1a: Venomoth|spe|1\n|move|p2a: Victreebel|Sunny Day|p2a: Victreebel\n|-weather|SunnyDay\n|\n|-weather|SunnyDay|[upkeep]\n|upkeep\n|turn|12\n|inactive|Time left: 300 sec this turn | 300 sec total\n|\n|t:|1783541471\n|move|p1a: Venomoth|Quiver Dance|p1a: Venomoth\n|-boost|p1a: Venomoth|spa|1\n|-boost|p1a: Venomoth|spd|1\n|-boost|p1a: Venomoth|spe|1\n|move|p2a: Victreebel|Weather Ball|p1a: Venomoth\n|-supereffective|p1a: Venomoth\n|-damage|p1a: Venomoth|0 fnt\n|faint|p1a: Venomoth\n|-damage|p2a: Victreebel|232/290|[from] item: Life Orb\n|\n|-weather|SunnyDay|[upkeep]\n|upkeep\n|\n|t:|1783541472\n|switch|p1a: Flamigo|Flamigo, L82, F|100/100\n|turn|13\n|inactive|Time left: 300 sec this turn | 300 sec total\n|\n|t:|1783541473\n|switch|p1a: Poliwrath|Poliwrath, L88, F|100/100\n|-terastallize|p2a: Victreebel|Fire\n|move|p2a: Victreebel|Weather Ball|p1a: Poliwrath\n|-resisted|p1a: Poliwrath\n|-damage|p1a: Poliwrath|75/100\n|-damage|p2a: Victreebel|203/290|[from] item: Life Orb\n|\n|-weather|SunnyDay|[upkeep]\n|upkeep\n|turn|14\n|inactive|Time left: 300 sec this turn | 300 sec total\n|\n|t:|1783541474\n|move|p2a: Victreebel|Power Whip|p1a: Poliwrath\n|-supereffective|p1a: Poliwrath\n|-damage|p1a: Poliwrath|0 fnt\n|faint|p1a: Poliwrath\n|-damage|p2a: Victreebel|174/290|[from] item: Life Orb\n|\n|-weather|SunnyDay|[upkeep]\n|upkeep\n|\n|t:|1783541475\n|switch|p1a: Duraludon|Duraludon, L82, M|62/100\n|turn|15\n|inactive|Time left: 300 sec this turn | 300 sec total\n|\n|t:|1783541476\n|move|p2a: Victreebel|Weather Ball|p1a: Duraludon\n|-damage|p1a: Duraludon|0 fnt\n|faint|p1a: Duraludon\n|-damage|p2a: Victreebel|145/290|[from] item: Life Orb\n|\n|-weather|none\n|upkeep\n|\n|t:|1783541478\n|switch|p1a: Flamigo|Flamigo, L82, F|100/100\n|turn|16\n|inactive|Time left: 300 sec this turn | 300 sec total\n|\n|t:|1783541479\n|move|p1a: Flamigo|Brave Bird|p2a: Victreebel\n|-damage|p2a: Victreebel|0 fnt\n|faint|p2a: Victreebel\n|-damage|p1a: Flamigo|83/100|[from] Recoil\n|-damage|p1a: Flamigo|73/100|[from] item: Life Orb\n|\n|upkeep\n|inactive|Time left: 300 sec this turn | 300 sec total | 5 sec grace\n|\n|t:|1783541479\n|switch|p2a: Porygon-Z|Porygon-Z, L83|277/277\n|-activate|p2a: Porygon-Z|move: Sticky Web\n|-unboost|p2a: Porygon-Z|spe|1\n|turn|17\n|inactive|Time left: 300 sec this turn | 300 sec total\n|\n|t:|1783541480\n|-terastallize|p1a: Flamigo|Steel\n|move|p1a: Flamigo|Swords Dance|p1a: Flamigo\n|-boost|p1a: Flamigo|atk|2\n|move|p2a: Porygon-Z|Tera Blast|p1a: Flamigo\n|-resisted|p1a: Flamigo\n|-damage|p1a: Flamigo|26/100\n|-damage|p2a: Porygon-Z|250/277|[from] item: Life Orb\n|\n|upkeep\n|turn|18\n|inactive|Time left: 300 sec this turn | 300 sec total\n|\n|t:|1783541481\n|move|p1a: Flamigo|Roost|p1a: Flamigo\n|-heal|p1a: Flamigo|76/100\n|move|p2a: Porygon-Z|Nasty Plot|p2a: Porygon-Z\n|-boost|p2a: Porygon-Z|spa|2\n|\n|upkeep\n|turn|19\n|inactive|Time left: 300 sec this turn | 300 sec total\n|\n|t:|1783541482\n|move|p1a: Flamigo|Roost|p1a: Flamigo\n|-heal|p1a: Flamigo|100/100\n|move|p2a: Porygon-Z|Tera Blast|p1a: Flamigo\n|-resisted|p1a: Flamigo\n|-damage|p1a: Flamigo|18/100\n|-damage|p2a: Porygon-Z|223/277|[from] item: Life Orb\n|\n|upkeep\n|turn|20\n|inactive|Time left: 300 sec this turn | 300 sec total\n|\n|t:|1783541483\n|move|p1a: Flamigo|Close Combat|p2a: Porygon-Z\n|-supereffective|p2a: Porygon-Z\n|-damage|p2a: Porygon-Z|0 fnt\n|-unboost|p1a: Flamigo|def|1\n|-unboost|p1a: Flamigo|spd|1\n|faint|p2a: Porygon-Z\n|-damage|p1a: Flamigo|8/100|[from] item: Life Orb\n|\n|upkeep\n|inactive|Time left: 300 sec this turn | 300 sec total | 5 sec grace\n|\n|t:|1783541484\n|switch|p2a: Lokix|Lokix, L82, F|226/251\n|-activate|p2a: Lokix|move: Sticky Web\n|-unboost|p2a: Lokix|spe|1\n|turn|21\n|inactive|Time left: 300 sec this turn | 300 sec total\n|\n|t:|1783541484\n|move|p1a: Flamigo|Swords Dance|p1a: Flamigo\n|-boost|p1a: Flamigo|atk|2\n|move|p2a: Lokix|Leech Life|p1a: Flamigo\n|-resisted|p1a: Flamigo\n|-damage|p1a: Flamigo|0 fnt\n|-heal|p2a: Lokix|237/251|[from] drain|[of] p1a: Flamigo\n|faint|p1a: Flamigo\n|-damage|p2a: Lokix|212/251|[from] item: Life Orb\n|\n|win|p0y2036be9", "uploadtime": 1783541484, "views": 0, "rating": 0, "private": 0, "password": null, "_winner": "p0y2036be9", "_our_name": "p0y2036be9"}