{"id": "battle-gen9randombattle-209", "formatid": "gen9randombattle", "format": "[Gen 9] Random Battle", "players": ["p0x209eecb", "p0y209047f"], "log": "|init|battle\n|title|p0x209eecb vs. p0y209047f\n|j|\u2606p0x209eecb\n|j|\u2606p0y209047f\n|t:|1783536198\n|gametype|singles\n|player|p1|p0x209eecb|101|\n|player|p2|p0y209047f|1|\n|gen|9\n|tier|[Gen 9] Random Battle\n|rule|Species Clause: Limit one of each Pok\u00e9mon\n|rule|HP Percentage Mod: HP is shown in percentages\n|rule|Sleep Clause Mod: Limit one foe put to sleep\n|rule|Illusion Level Mod: Illusion disguises the Pok\u00e9mon's true level\n|\n|t:|1783536198\n|teamsize|p1|6\n|teamsize|p2|6\n|start\n|switch|p1a: Vivillon|Vivillon-Ocean, L83, M|268/268\n|switch|p2a: Polteageist|Polteageist, L78|100/100\n|turn|1\n|inactive|Battle timer is ON: inactive players will automatically lose when time's up. (requested by p0y209047f)\n|inactive|Time left: 300 sec this turn | 300 sec total | 60 sec grace\n|inactive|p0x209eecb also wants the timer to be on.\n|\n|t:|1783536199\n|move|p1a: Vivillon|Sleep Powder|p2a: Polteageist\n|-status|p2a: Polteageist|slp|[from] move: Sleep Powder\n|cant|p2a: Polteageist|slp\n|\n|upkeep\n|turn|2\n|inactive|Time left: 300 sec this turn | 300 sec total\n|\n|t:|1783536200\n|move|p1a: Vivillon|Quiver Dance|p1a: Vivillon\n|-boost|p1a: Vivillon|spa|1\n|-boost|p1a: Vivillon|spd|1\n|-boost|p1a: Vivillon|spe|1\n|cant|p2a: Polteageist|slp\n|\n|upkeep\n|turn|3\n|inactive|Time left: 300 sec this turn | 300 sec total\n|\n|t:|1783536201\n|move|p1a: Vivillon|Hurricane|p2a: Polteageist\n|-damage|p2a: Polteageist|38/100 slp\n|cant|p2a: Polteageist|slp\n|\n|upkeep\n|turn|4\n|inactive|Time left: 300 sec this turn | 300 sec total\n|\n|t:|1783536202\n|move|p1a: Vivillon|Hurricane|p2a: Polteageist\n|-damage|p2a: Polteageist|0 fnt\n|faint|p2a: Polteageist\n|\n|upkeep\n|\n|t:|1783536203\n|switch|p2a: Thundurus|Thundurus-Therian, L80, M|100/100\n|turn|5\n|inactive|Time left: 300 sec this turn | 300 sec total\n|\n|t:|1783536204\n|move|p1a: Vivillon|Sleep Powder|p2a: Thundurus\n|-status|p2a: Thundurus|slp|[from] move: Sleep Powder\n|cant|p2a: Thundurus|slp\n|\n|upkeep\n|turn|6\n|inactive|Time left: 300 sec this turn | 300 sec total\n|\n|t:|1783536205\n|move|p1a: Vivillon|Hurricane|p2a: Thundurus\n|-resisted|p2a: Thundurus\n|-damage|p2a: Thundurus|68/100 slp\n|-curestatus|p2a: Thundurus|slp|[msg]\n|move|p2a: Thundurus|Thunderbolt|p1a: Vivillon\n|-supereffective|p1a: Vivillon\n|-damage|p1a: Vivillon|40/268\n|-status|p1a: Vivillon|par\n|\n|upkeep\n|turn|7\n|inactive|Time left: 300 sec this turn | 300 sec total\n|\n|t:|1783536206\n|move|p2a: Thundurus|Thunderbolt|p1a: Vivillon\n|-supereffective|p1a: Vivillon\n|-damage|p1a: Vivillon|0 fnt\n|faint|p1a: Vivillon\n|\n|upkeep\n|inactive|Time left: 300 sec this turn | 300 sec total | 5 sec grace\n|\n|t:|1783536207\n|switch|p1a: Iron Bundle|Iron Bundle, L78|215/215\n|turn|8\n|inactive|Time left: 300 sec this turn | 300 sec total\n|\n|t:|1783536208\n|switch|p2a: Glaceon|Glaceon, L94, M|100/100\n|move|p1a: Iron Bundle|Freeze-Dry|p2a: Glaceon\n|-resisted|p2a: Glaceon\n|-damage|p2a: Glaceon|88/100\n|\n|upkeep\n|turn|9\n|inactive|Time left: 300 sec this turn | 300 sec total\n|\n|t:|1783536209\n|move|p1a: Iron Bundle|Hydro Pump|p2a: Glaceon|[miss]\n|-miss|p1a: Iron Bundle|p2a: Glaceon\n|move|p2a: Glaceon|Freeze-Dry|p1a: Iron Bundle\n|-damage|p1a: Iron Bundle|40/215\n|\n|upkeep\n|turn|10\n|inactive|Time left: 300 sec this turn | 300 sec total\n|\n|t:|1783536210\n|move|p1a: Iron Bundle|Hydro Pump|p2a: Glaceon\n|-damage|p2a: Glaceon|52/100\n|move|p2a: Glaceon|Freeze-Dry|p1a: Iron Bundle\n|-damage|p1a: Iron Bundle|0 fnt\n|faint|p1a: Iron Bundle\n|-end|p1a: Iron Bundle|Quark Drive|[silent]\n|\n|upkeep\n|inactive|Time left: 300 sec this turn | 300 sec total | 5 sec grace\n|\n|t:|1783536211\n|switch|p1a: Poliwrath|Poliwrath, L88, M|302/302\n|turn|11\n|inactive|Time left: 300 sec this turn | 300 sec total\n|\n|t:|1783536212\n|move|p2a: Glaceon|Freeze-Dry|p1a: Poliwrath\n|-supereffective|p1a: Poliwrath\n|-damage|p1a: Poliwrath|84/302\n|move|p1a: Poliwrath|Drain Punch|p2a: Glaceon\n|-supereffective|p2a: Glaceon\n|-damage|p2a: Glaceon|6/100\n|-heal|p1a: Poliwrath|147/302|[from] drain|[of] p2a: Glaceon\n|\n|-heal|p1a: Poliwrath|165/302|[from] item: Leftovers\n|upkeep\n|turn|12\n|inactive|Time left: 300 sec this turn | 300 sec total\n|\n|t:|1783536213\n|-terastallize|p1a: Poliwrath|Steel\n|move|p2a: Glaceon|Freeze-Dry|p1a: Poliwrath\n|-resisted|p1a: Poliwrath\n|-damage|p1a: Poliwrath|112/302\n|move|p1a: Poliwrath|Bulk Up|p1a: Poliwrath\n|-boost|p1a: Poliwrath|atk|1\n|-boost|p1a: Poliwrath|def|1\n|\n|-heal|p1a: Poliwrath|130/302|[from] item: Leftovers\n|upkeep\n|turn|13\n|inactive|Time left: 300 sec this turn | 300 sec total\n|\n|t:|1783536214\n|-terastallize|p2a: Glaceon|Ground\n|move|p2a: Glaceon|Mud Shot|p1a: Poliwrath\n|-supereffective|p1a: Poliwrath\n|-damage|p1a: Poliwrath|0 fnt\n|faint|p1a: Poliwrath\n|\n|upkeep\n|inactive|Time left: 300 sec this turn | 300 sec total | 5 sec grace\n|\n|t:|1783536215\n|switch|p1a: Qwilfish|Qwilfish-Hisui, L83, M|244/244\n|-ability|p1a: Qwilfish|Intimidate|boost\n|-unboost|p2a: Glaceon|atk|1\n|turn|14\n|inactive|Time left: 300 sec this turn | 300 sec total\n|\n|t:|1783536216\n|switch|p2a: Heatran|Heatran, L79, M|100/100\n|-item|p2a: Heatran|Air Balloon\n|move|p1a: Qwilfish|Crunch|p2a: Heatran\n|-damage|p2a: Heatran|72/100\n|-enditem|p2a: Heatran|Air Balloon\n|\n|upkeep\n|turn|15\n|inactive|Time left: 300 sec this turn | 300 sec total\n|\n|t:|1783536217\n|move|p1a: Qwilfish|Crunch|p2a: Heatran\n|-damage|p2a: Heatran|44/100\n|move|p2a: Heatran|Lava Plume|p1a: Qwilfish\n|-damage|p1a: Qwilfish|150/244\n|-status|p1a: Qwilfish|brn\n|\n|-damage|p1a: Qwilfish|135/244 brn|[from] brn\n|upkeep\n|turn|16\n|inactive|Time left: 300 sec this turn | 300 sec total\n|\n|t:|1783536218\n|switch|p1a: Blissey|Blissey, L85, F|572/572\n|move|p2a: Heatran|Earth Power|p1a: Blissey\n|-damage|p1a: Blissey|517/572\n|\n|-heal|p1a: Blissey|552/572|[from] item: Leftovers\n|upkeep\n|turn|17\n|inactive|Time left: 300 sec this turn | 300 sec total\n|\n|t:|1783536219\n|move|p2a: Heatran|Heavy Slam|p1a: Blissey\n|-damage|p1a: Blissey|219/572\n|move|p1a: Blissey|Heal Bell|p1a: Blissey\n|-activate|p1a: Blissey|move: Heal Bell\n|-curestatus|p1: Qwilfish|brn|[msg]\n|\n|-heal|p1a: Blissey|254/572|[from] item: Leftovers\n|upkeep\n|turn|18\n|inactive|Time left: 300 sec this turn | 300 sec total\n|\n|t:|1783536220\n|switch|p1a: Bellibolt|Bellibolt, L84, M|320/320\n|move|p2a: Heatran|Heavy Slam|p1a: Bellibolt\n|-resisted|p1a: Bellibolt\n|-damage|p1a: Bellibolt|285/320\n|-start|p1a: Bellibolt|Charge|Heavy Slam|[from] ability: Electromorphosis\n|\n|-heal|p1a: Bellibolt|305/320|[from] item: Leftovers\n|upkeep\n|turn|19\n|inactive|Time left: 300 sec this turn | 300 sec total\n|\n|t:|1783536221\n|switch|p2a: Toedscruel|Toedscruel, L87, F|100/100\n|move|p1a: Bellibolt|Muddy Water|p2a: Toedscruel\n|-damage|p2a: Toedscruel|83/100\n|\n|-heal|p2a: Toedscruel|89/100|[from] item: Leftovers\n|-heal|p1a: Bellibolt|320/320|[from] item: Leftovers\n|upkeep\n|turn|20\n|inactive|Time left: 300 sec this turn | 300 sec total\n|\n|t:|1783536223\n|switch|p1a: Blissey|Blissey, L85, F|254/572\n|move|p2a: Toedscruel|Rapid Spin|p1a: Blissey\n|-damage|p1a: Blissey|162/572\n|-boost|p2a: Toedscruel|spe|1\n|\n|-heal|p2a: Toedscruel|95/100|[from] item: Leftovers\n|-heal|p1a: Blissey|197/572|[from] item: Leftovers\n|upkeep\n|turn|21\n|inactive|Time left: 300 sec this turn | 300 sec total\n|\n|t:|1783536224\n|move|p1a: Blissey|Soft-Boiled|p1a: Blissey\n|-heal|p1a: Blissey|483/572\n|move|p2a: Toedscruel|Spore|p1a: Blissey\n|-status|p1a: Blissey|slp|[from] move: Spore\n|\n|-heal|p2a: Toedscruel|100/100|[from] item: Leftovers\n|-heal|p1a: Blissey|518/572 slp|[from] item: Leftovers\n|upkeep\n|turn|22\n|inactive|Time left: 300 sec this turn | 300 sec total\n|\n|t:|1783536225\n|move|p2a: Toedscruel|Rapid Spin|p1a: Blissey\n|-damage|p1a: Blissey|427/572 slp\n|-boost|p2a: Toedscruel|spe|1\n|cant|p1a: Blissey|slp\n|\n|-heal|p1a: Blissey|462/572 slp|[from] item: Leftovers\n|upkeep\n|turn|23\n|inactive|Time left: 300 sec this turn | 300 sec total\n|\n|t:|1783536226\n|move|p2a: Toedscruel|Earth Power|p1a: Blissey\n|-damage|p1a: Blissey|393/572 slp\n|cant|p1a: Blissey|slp\n|\n|-heal|p1a: Blissey|428/572 slp|[from] item: Leftovers\n|upkeep\n|turn|24\n|inactive|Time left: 300 sec this turn | 300 sec total\n|\n|t:|1783536227\n|move|p2a: Toedscruel|Rapid Spin|p1a: Blissey\n|-damage|p1a: Blissey|339/572 slp\n|-boost|p2a: Toedscruel|spe|1\n|cant|p1a: Blissey|slp\n|\n|-heal|p1a: Blissey|374/572 slp|[from] item: Leftovers\n|upkeep\n|turn|25\n|inactive|Time left: 300 sec this turn | 300 sec total\n|\n|t:|1783536228\n|move|p2a: Toedscruel|Earth Power|p1a: Blissey\n|-damage|p1a: Blissey|314/572 slp\n|-curestatus|p1a: Blissey|slp|[msg]\n|move|p1a: Blissey|Soft-Boiled|p1a: Blissey\n|-heal|p1a: Blissey|572/572\n|\n|upkeep\n|turn|26\n|inactive|Time left: 300 sec this turn | 300 sec total\n|\n|t:|1783536229\n|move|p1a: Blissey|Seismic Toss|p2a: Toedscruel\n|-damage|p2a: Toedscruel|70/100\n|move|p2a: Toedscruel|Spore|p1a: Blissey\n|-status|p1a: Blissey|slp|[from] move: Spore\n|\n|-heal|p2a: Toedscruel|76/100|[from] item: Leftovers\n|upkeep\n|turn|27\n|inactive|Time left: 300 sec this turn | 300 sec total\n|\n|t:|1783536230\n|move|p2a: Toedscruel|Earth Power|p1a: Blissey\n|-damage|p1a: Blissey|509/572 slp\n|cant|p1a: Blissey|slp\n|\n|-heal|p2a: Toedscruel|82/100|[from] item: Leftovers\n|-heal|p1a: Blissey|544/572 slp|[from] item: Leftovers\n|upkeep\n|turn|28\n|inactive|Time left: 300 sec this turn | 300 sec total\n|\n|t:|1783536231\n|move|p2a: Toedscruel|Earth Power|p1a: Blissey\n|-damage|p1a: Blissey|484/572 slp\n|cant|p1a: Blissey|slp\n|\n|-heal|p2a: Toedscruel|88/100|[from] item: Leftovers\n|-heal|p1a: Blissey|519/572 slp|[from] item: Leftovers\n|upkeep\n|turn|29\n|inactive|Time left: 300 sec this turn | 300 sec total\n|\n|t:|1783536232\n|move|p2a: Toedscruel|Rapid Spin|p1a: Blissey\n|-damage|p1a: Blissey|435/572 slp\n|-boost|p2a: Toedscruel|spe|1\n|cant|p1a: Blissey|slp\n|\n|-heal|p2a: Toedscruel|94/100|[from] item: Leftovers\n|-heal|p1a: Blissey|470/572 slp|[from] item: Leftovers\n|upkeep\n|turn|30\n|inactive|Time left: 300 sec this turn | 300 sec total\n|\n|t:|1783536233\n|move|p2a: Toedscruel|Giga Drain|p1a: Blissey\n|-damage|p1a: Blissey|419/572 slp\n|-heal|p2a: Toedscruel|100/100|[from] drain|[of] p1a: Blissey\n|-curestatus|p1a: Blissey|slp|[msg]\n|move|p1a: Blissey|Seismic Toss|p2a: Toedscruel\n|-damage|p2a: Toedscruel|70/100\n|\n|-heal|p2a: Toedscruel|76/100|[from] item: Leftovers\n|-heal|p1a: Blissey|454/572|[from] item: Leftovers\n|upkeep\n|turn|31\n|inactive|Time left: 300 sec this turn | 300 sec total\n|\n|t:|1783536234\n|move|p1a: Blissey|Seismic Toss|p2a: Toedscruel\n|-damage|p2a: Toedscruel|46/100\n|move|p2a: Toedscruel|Spore|p1a: Blissey\n|-status|p1a: Blissey|slp|[from] move: Spore\n|\n|-heal|p2a: Toedscruel|52/100|[from] item: Leftovers\n|-heal|p1a: Blissey|489/572 slp|[from] item: Leftovers\n|upkeep\n|turn|32\n|inactive|Time left: 300 sec this turn | 300 sec total\n|\n|t:|1783536235\n|move|p2a: Toedscruel|Giga Drain|p1a: Blissey\n|-damage|p1a: Blissey|432/572 slp\n|-heal|p2a: Toedscruel|62/100|[from] drain|[of] p1a: Blissey\n|cant|p1a: Blissey|slp\n|\n|-heal|p2a: Toedscruel|68/100|[from] item: Leftovers\n|-heal|p1a: Blissey|467/572 slp|[from] item: Leftovers\n|upkeep\n|turn|33\n|inactive|Time left: 300 sec this turn | 300 sec total\n|\n|t:|1783536236\n|move|p2a: Toedscruel|Rapid Spin|p1a: Blissey\n|-damage|p1a: Blissey|381/572 slp\n|-boost|p2a: Toedscruel|spe|1\n|-curestatus|p1a: Blissey|slp|[msg]\n|move|p1a: Blissey|Seismic Toss|p2a: Toedscruel\n|-damage|p2a: Toedscruel|38/100\n|\n|-heal|p2a: Toedscruel|44/100|[from] item: Leftovers\n|-heal|p1a: Blissey|416/572|[from] item: Leftovers\n|upkeep\n|turn|34\n|inactive|Time left: 300 sec this turn | 300 sec total\n|\n|t:|1783536237\n|move|p1a: Blissey|Seismic Toss|p2a: Toedscruel\n|-damage|p2a: Toedscruel|14/100\n|move|p2a: Toedscruel|Spore|p1a: Blissey\n|-status|p1a: Blissey|slp|[from] move: Spore\n|\n|-heal|p2a: Toedscruel|20/100|[from] item: Leftovers\n|-heal|p1a: Blissey|451/572 slp|[from] item: Leftovers\n|upkeep\n|turn|35\n|inactive|Time left: 300 sec this turn | 300 sec total\n|\n|t:|1783536238\n|move|p2a: Toedscruel|Earth Power|p1a: Blissey\n|-damage|p1a: Blissey|388/572 slp\n|cant|p1a: Blissey|slp\n|\n|-heal|p2a: Toedscruel|26/100|[from] item: Leftovers\n|-heal|p1a: Blissey|423/572 slp|[from] item: Leftovers\n|upkeep\n|turn|36\n|inactive|Time left: 300 sec this turn | 300 sec total\n|\n|t:|1783536239\n|move|p2a: Toedscruel|Giga Drain|p1a: Blissey\n|-damage|p1a: Blissey|371/572 slp\n|-heal|p2a: Toedscruel|35/100|[from] drain|[of] p1a: Blissey\n|cant|p1a: Blissey|slp\n|\n|-heal|p2a: Toedscruel|41/100|[from] item: Leftovers\n|-heal|p1a: Blissey|406/572 slp|[from] item: Leftovers\n|upkeep\n|turn|37\n|inactive|Time left: 300 sec this turn | 300 sec total\n|\n|t:|1783536240\n|move|p2a: Toedscruel|Earth Power|p1a: Blissey\n|-damage|p1a: Blissey|346/572 slp\n|-unboost|p1a: Blissey|spd|1\n|cant|p1a: Blissey|slp\n|\n|-heal|p2a: Toedscruel|47/100|[from] item: Leftovers\n|-heal|p1a: Blissey|381/572 slp|[from] item: Leftovers\n|upkeep\n|turn|38\n|inactive|Time left: 300 sec this turn | 300 sec total\n|\n|t:|1783536241\n|move|p2a: Toedscruel|Giga Drain|p1a: Blissey\n|-damage|p1a: Blissey|297/572 slp\n|-heal|p2a: Toedscruel|62/100|[from] drain|[of] p1a: Blissey\n|-curestatus|p1a: Blissey|slp|[msg]\n|move|p1a: Blissey|Seismic Toss|p2a: Toedscruel\n|-damage|p2a: Toedscruel|32/100\n|\n|-heal|p2a: Toedscruel|38/100|[from] item: Leftovers\n|-heal|p1a: Blissey|332/572|[from] item: Leftovers\n|upkeep\n|turn|39\n|inactive|Time left: 300 sec this turn | 300 sec total\n|\n|t:|1783536242\n|move|p1a: Blissey|Seismic Toss|p2a: Toedscruel\n|-damage|p2a: Toedscruel|8/100\n|move|p2a: Toedscruel|Spore|p1a: Blissey\n|-status|p1a: Blissey|slp|[from] move: Spore\n|\n|-heal|p2a: Toedscruel|14/100|[from] item: Leftovers\n|-heal|p1a: Blissey|367/572 slp|[from] item: Leftovers\n|upkeep\n|turn|40\n|inactive|Time left: 300 sec this turn | 300 sec total\n|\n|t:|1783536244\n|move|p2a: Toedscruel|Earth Power|p1a: Blissey\n|-damage|p1a: Blissey|279/572 slp\n|cant|p1a: Blissey|slp\n|\n|-heal|p2a: Toedscruel|20/100|[from] item: Leftovers\n|-heal|p1a: Blissey|314/572 slp|[from] item: Leftovers\n|upkeep\n|turn|41\n|inactive|Time left: 300 sec this turn | 300 sec total\n|\n|t:|1783536245\n|move|p2a: Toedscruel|Giga Drain|p1a: Blissey\n|-damage|p1a: Blissey|232/572 slp\n|-heal|p2a: Toedscruel|35/100|[from] drain|[of] p1a: Blissey\n|cant|p1a: Blissey|slp\n|\n|-heal|p2a: Toedscruel|41/100|[from] item: Leftovers\n|-heal|p1a: Blissey|267/572 slp|[from] item: Leftovers\n|upkeep\n|turn|42\n|inactive|Time left: 300 sec this turn | 300 sec total\n|\n|t:|1783536246\n|move|p2a: Toedscruel|Earth Power|p1a: Blissey\n|-damage|p1a: Blissey|176/572 slp\n|cant|p1a: Blissey|slp\n|\n|-heal|p2a: Toedscruel|47/100|[from] item: Leftovers\n|-heal|p1a: Blissey|211/572 slp|[from] item: Leftovers\n|upkeep\n|turn|43\n|inactive|Time left: 300 sec this turn | 300 sec total\n|\n|t:|1783536247\n|move|p2a: Toedscruel|Giga Drain|p1a: Blissey\n|-damage|p1a: Blissey|129/572 slp\n|-heal|p2a: Toedscruel|61/100|[from] drain|[of] p1a: Blissey\n|-curestatus|p1a: Blissey|slp|[msg]\n|move|p1a: Blissey|Soft-Boiled|p1a: Blissey\n|-heal|p1a: Blissey|415/572\n|\n|-heal|p2a: Toedscruel|67/100|[from] item: Leftovers\n|-heal|p1a: Blissey|450/572|[from] item: Leftovers\n|upkeep\n|turn|44\n|inactive|Time left: 300 sec this turn | 300 sec total\n|\n|t:|1783536248\n|move|p1a: Blissey|Seismic Toss|p2a: Toedscruel\n|-damage|p2a: Toedscruel|37/100\n|move|p2a: Toedscruel|Spore|p1a: Blissey\n|-status|p1a: Blissey|slp|[from] move: Spore\n|\n|-heal|p2a: Toedscruel|43/100|[from] item: Leftovers\n|-heal|p1a: Blissey|485/572 slp|[from] item: Leftovers\n|upkeep\n|turn|45\n|inactive|Time left: 300 sec this turn | 300 sec total\n|\n|t:|1783536249\n|move|p2a: Toedscruel|Giga Drain|p1a: Blissey\n|-damage|p1a: Blissey|410/572 slp\n|-heal|p2a: Toedscruel|57/100|[from] drain|[of] p1a: Blissey\n|cant|p1a: Blissey|slp\n|\n|-heal|p2a: Toedscruel|63/100|[from] item: Leftovers\n|-heal|p1a: Blissey|445/572 slp|[from] item: Leftovers\n|upkeep\n|turn|46\n|inactive|Time left: 300 sec this turn | 300 sec total\n|\n|t:|1783536250\n|move|p2a: Toedscruel|Giga Drain|p1a: Blissey\n|-damage|p1a: Blissey|360/572 slp\n|-heal|p2a: Toedscruel|78/100|[from] drain|[of] p1a: Blissey\n|-curestatus|p1a: Blissey|slp|[msg]\n|move|p1a: Blissey|Seismic Toss|p2a: Toedscruel\n|-damage|p2a: Toedscruel|48/100\n|\n|-heal|p2a: Toedscruel|54/100|[from] item: Leftovers\n|-heal|p1a: Blissey|395/572|[from] item: Leftovers\n|upkeep\n|turn|47\n|inactive|Time left: 300 sec this turn | 300 sec total\n|\n|t:|1783536250\n|move|p1a: Blissey|Soft-Boiled|p1a: Blissey\n|-heal|p1a: Blissey|572/572\n|move|p2a: Toedscruel|Spore|p1a: Blissey\n|-status|p1a: Blissey|slp|[from] move: Spore\n|\n|-heal|p2a: Toedscruel|60/100|[from] item: Leftovers\n|upkeep\n|turn|48\n|inactive|Time left: 300 sec this turn | 300 sec total\n|\n|t:|1783536251\n|move|p2a: Toedscruel|Earth Power|p1a: Blissey\n|-damage|p1a: Blissey|481/572 slp\n|cant|p1a: Blissey|slp\n|\n|-heal|p2a: Toedscruel|66/100|[from] item: Leftovers\n|-heal|p1a: Blissey|516/572 slp|[from] item: Leftovers\n|upkeep\n|turn|49\n|inactive|Time left: 300 sec this turn | 300 sec total\n|\n|t:|1783536252\n|move|p2a: Toedscruel|Giga Drain|p1a: Blissey\n|-damage|p1a: Blissey|440/572 slp\n|-heal|p2a: Toedscruel|80/100|[from] drain|[of] p1a: Blissey\n|cant|p1a: Blissey|slp\n|\n|-heal|p2a: Toedscruel|86/100|[from] item: Leftovers\n|-heal|p1a: Blissey|475/572 slp|[from] item: Leftovers\n|upkeep\n|turn|50\n|inactive|Time left: 300 sec this turn | 300 sec total\n|\n|t:|1783536253\n|move|p2a: Toedscruel|Giga Drain|p1a: Blissey\n|-damage|p1a: Blissey|403/572 slp\n|-heal|p2a: Toedscruel|98/100|[from] drain|[of] p1a: Blissey\n|-curestatus|p1a: Blissey|slp|[msg]\n|move|p1a: Blissey|Seismic Toss|p2a: Toedscruel\n|-damage|p2a: Toedscruel|68/100\n|\n|-heal|p2a: Toedscruel|74/100|[from] item: Leftovers\n|-heal|p1a: Blissey|438/572|[from] item: Leftovers\n|upkeep\n|turn|51\n|inactive|Time left: 300 sec this turn | 300 sec total\n|\n|t:|1783536255\n|move|p1a: Blissey|Soft-Boiled|p1a: Blissey\n|-heal|p1a: Blissey|572/572\n|move|p2a: Toedscruel|Spore|p1a: Blissey\n|-status|p1a: Blissey|slp|[from] move: Spore\n|\n|-heal|p2a: Toedscruel|80/100|[from] item: Leftovers\n|upkeep\n|turn|52\n|inactive|Time left: 300 sec this turn | 300 sec total\n|\n|t:|1783536256\n|move|p2a: Toedscruel|Earth Power|p1a: Blissey\n|-damage|p1a: Blissey|470/572 slp\n|cant|p1a: Blissey|slp\n|\n|-heal|p2a: Toedscruel|86/100|[from] item: Leftovers\n|-heal|p1a: Blissey|505/572 slp|[from] item: Leftovers\n|upkeep\n|turn|53\n|inactive|Time left: 300 sec this turn | 300 sec total\n|\n|t:|1783536257\n|move|p2a: Toedscruel|Giga Drain|p1a: Blissey\n|-damage|p1a: Blissey|423/572 slp\n|-heal|p2a: Toedscruel|100/100|[from] drain|[of] p1a: Blissey\n|cant|p1a: Blissey|slp\n|\n|-heal|p1a: Blissey|458/572 slp|[from] item: Leftovers\n|upkeep\n|turn|54\n|inactive|Time left: 300 sec this turn | 300 sec total\n|\n|t:|1783536258\n|move|p2a: Toedscruel|Rapid Spin|p1a: Blissey\n|-damage|p1a: Blissey|368/572 slp\n|-boost|p2a: Toedscruel|spe|1\n|cant|p1a: Blissey|slp\n|\n|-heal|p1a: Blissey|403/572 slp|[from] item: Leftovers\n|upkeep\n|turn|55\n|inactive|Time left: 300 sec this turn | 300 sec total\n|\n|t:|1783536259\n|move|p2a: Toedscruel|Earth Power|p1a: Blissey\n|-damage|p1a: Blissey|316/572 slp\n|-curestatus|p1a: Blissey|slp|[msg]\n|move|p1a: Blissey|Soft-Boiled|p1a: Blissey\n|-heal|p1a: Blissey|572/572\n|\n|upkeep\n|turn|56\n|inactive|Time left: 300 sec this turn | 300 sec total\n|\n|t:|1783536260\n|move|p1a: Blissey|Seismic Toss|p2a: Toedscruel\n|-damage|p2a: Toedscruel|70/100\n|move|p2a: Toedscruel|Spore|p1a: Blissey\n|-status|p1a: Blissey|slp|[from] move: Spore\n|\n|-heal|p2a: Toedscruel|76/100|[from] item: Leftovers\n|upkeep\n|turn|57\n|inactive|Time left: 300 sec this turn | 300 sec total\n|\n|t:|1783536261\n|move|p2a: Toedscruel|Earth Power|p1a: Blissey\n|-damage|p1a: Blissey|481/572 slp\n|cant|p1a: Blissey|slp\n|\n|-heal|p2a: Toedscruel|82/100|[from] item: Leftovers\n|-heal|p1a: Blissey|516/572 slp|[from] item: Leftovers\n|upkeep\n|turn|58\n|inactive|Time left: 300 sec this turn | 300 sec total\n|\n|t:|1783536262\n|move|p2a: Toedscruel|Earth Power|p1a: Blissey\n|-damage|p1a: Blissey|431/572 slp\n|-curestatus|p1a: Blissey|slp|[msg]\n|move|p1a: Blissey|Seismic Toss|p2a: Toedscruel\n|-damage|p2a: Toedscruel|52/100\n|\n|-heal|p2a: Toedscruel|58/100|[from] item: Leftovers\n|-heal|p1a: Blissey|466/572|[from] item: Leftovers\n|upkeep\n|turn|59\n|inactive|Time left: 300 sec this turn | 300 sec total\n|\n|t:|1783536263\n|move|p1a: Blissey|Seismic Toss|p2a: Toedscruel\n|-damage|p2a: Toedscruel|28/100\n|move|p2a: Toedscruel|Spore|p1a: Blissey\n|-status|p1a: Blissey|slp|[from] move: Spore\n|\n|-heal|p2a: Toedscruel|34/100|[from] item: Leftovers\n|-heal|p1a: Blissey|501/572 slp|[from] item: Leftovers\n|upkeep\n|turn|60\n|inactive|Time left: 300 sec this turn | 300 sec total\n|\n|t:|1783536264\n|move|p2a: Toedscruel|Earth Power|p1a: Blissey\n|-damage|p1a: Blissey|408/572 slp\n|cant|p1a: Blissey|slp\n|\n|-heal|p2a: Toedscruel|40/100|[from] item: Leftovers\n|-heal|p1a: Blissey|443/572 slp|[from] item: Leftovers\n|upkeep\n|turn|61\n|inactive|Time left: 300 sec this turn | 300 sec total\n|\n|t:|1783536265\n|move|p2a: Toedscruel|Giga Drain|p1a: Blissey\n|-damage|p1a: Blissey|358/572 slp\n|-heal|p2a: Toedscruel|55/100|[from] drain|[of] p1a: Blissey\n|-curestatus|p1a: Blissey|slp|[msg]\n|move|p1a: Blissey|Seismic Toss|p2a: Toedscruel\n|-damage|p2a: Toedscruel|25/100\n|\n|-heal|p2a: Toedscruel|31/100|[from] item: Leftovers\n|-heal|p1a: Blissey|393/572|[from] item: Leftovers\n|upkeep\n|turn|62\n|inactive|Time left: 300 sec this turn | 300 sec total\n|\n|t:|1783536266\n|move|p1a: Blissey|Seismic Toss|p2a: Toedscruel\n|-damage|p2a: Toedscruel|1/100\n|move|p2a: Toedscruel|Spore|p1a: Blissey\n|-status|p1a: Blissey|slp|[from] move: Spore\n|\n|-heal|p2a: Toedscruel|7/100|[from] item: Leftovers\n|-heal|p1a: Blissey|428/572 slp|[from] item: Leftovers\n|upkeep\n|turn|63\n|inactive|Time left: 300 sec this turn | 300 sec total\n|\n|t:|1783536267\n|move|p2a: Toedscruel|Giga Drain|p1a: Blissey\n|-crit|p1a: Blissey\n|-damage|p1a: Blissey|320/572 slp\n|-heal|p2a: Toedscruel|26/100|[from] drain|[of] p1a: Blissey\n|cant|p1a: Blissey|slp\n|\n|-heal|p2a: Toedscruel|32/100|[from] item: Leftovers\n|-heal|p1a: Blissey|355/572 slp|[from] item: Leftovers\n|upkeep\n|turn|64\n|inactive|Time left: 300 sec this turn | 300 sec total\n|\n|t:|1783536268\n|move|p2a: Toedscruel|Earth Power|p1a: Blissey\n|-damage|p1a: Blissey|253/572 slp\n|cant|p1a: Blissey|slp\n|\n|-heal|p2a: Toedscruel|38/100|[from] item: Leftovers\n|-heal|p1a: Blissey|288/572 slp|[from] item: Leftovers\n|upkeep\n|turn|65\n|inactive|Time left: 300 sec this turn | 300 sec total\n|\n|t:|1783536269\n|move|p2a: Toedscruel|Giga Drain|p1a: Blissey\n|-damage|p1a: Blissey|212/572 slp\n|-heal|p2a: Toedscruel|52/100|[from] drain|[of] p1a: Blissey\n|cant|p1a: Blissey|slp\n|\n|-heal|p2a: Toedscruel|58/100|[from] item: Leftovers\n|-heal|p1a: Blissey|247/572 slp|[from] item: Leftovers\n|upkeep\n|turn|66\n|inactive|Time left: 300 sec this turn | 300 sec total\n|\n|t:|1783536270\n|move|p2a: Toedscruel|Giga Drain|p1a: Blissey\n|-damage|p1a: Blissey|165/572 slp\n|-heal|p2a: Toedscruel|72/100|[from] drain|[of] p1a: Blissey\n|-curestatus|p1a: Blissey|slp|[msg]\n|move|p1a: Blissey|Soft-Boiled|p1a: Blissey\n|-heal|p1a: Blissey|451/572\n|\n|-heal|p2a: Toedscruel|78/100|[from] item: Leftovers\n|-heal|p1a: Blissey|486/572|[from] item: Leftovers\n|upkeep\n|turn|67\n|inactive|Time left: 300 sec this turn | 300 sec total\n|\n|t:|1783536271\n|move|p1a: Blissey|Seismic Toss|p2a: Toedscruel\n|-damage|p2a: Toedscruel|48/100\n|move|p2a: Toedscruel|Spore|p1a: Blissey\n|-status|p1a: Blissey|slp|[from] move: Spore\n|\n|-heal|p2a: Toedscruel|54/100|[from] item: Leftovers\n|-heal|p1a: Blissey|521/572 slp|[from] item: Leftovers\n|upkeep\n|turn|68\n|inactive|Time left: 300 sec this turn | 300 sec total\n|\n|t:|1783536272\n|move|p2a: Toedscruel|Giga Drain|p1a: Blissey\n|-damage|p1a: Blissey|439/572 slp\n|-heal|p2a: Toedscruel|69/100|[from] drain|[of] p1a: Blissey\n|cant|p1a: Blissey|slp\n|\n|-heal|p2a: Toedscruel|75/100|[from] item: Leftovers\n|-heal|p1a: Blissey|474/572 slp|[from] item: Leftovers\n|upkeep\n|turn|69\n|inactive|Time left: 300 sec this turn | 300 sec total\n|\n|t:|1783536273\n|move|p2a: Toedscruel|Rapid Spin|p1a: Blissey\n|-damage|p1a: Blissey|387/572 slp\n|cant|p1a: Blissey|slp\n|\n|-heal|p2a: Toedscruel|81/100|[from] item: Leftovers\n|-heal|p1a: Blissey|422/572 slp|[from] item: Leftovers\n|upkeep\n|turn|70\n|inactive|Time left: 300 sec this turn | 300 sec total\n|\n|t:|1783536274\n|move|p2a: Toedscruel|Rapid Spin|p1a: Blissey\n|-damage|p1a: Blissey|332/572 slp\n|-curestatus|p1a: Blissey|slp|[msg]\n|move|p1a: Blissey|Seismic Toss|p2a: Toedscruel\n|-damage|p2a: Toedscruel|51/100\n|\n|-heal|p2a: Toedscruel|57/100|[from] item: Leftovers\n|-heal|p1a: Blissey|367/572|[from] item: Leftovers\n|upkeep\n|turn|71\n|inactive|Time left: 300 sec this turn | 300 sec total\n|\n|t:|1783536275\n|move|p1a: Blissey|Soft-Boiled|p1a: Blissey\n|-heal|p1a: Blissey|572/572\n|move|p2a: Toedscruel|Spore|p1a: Blissey\n|-status|p1a: Blissey|slp|[from] move: Spore\n|\n|-heal|p2a: Toedscruel|63/100|[from] item: Leftovers\n|upkeep\n|turn|72\n|inactive|Time left: 300 sec this turn | 300 sec total\n|\n|t:|1783536276\n|cant|p1a: Blissey|slp\n|move|p2a: Toedscruel|Spore|p1a: Blissey\n|-fail|p1a: Blissey|slp\n|\n|-heal|p2a: Toedscruel|69/100|[from] item: Leftovers\n|upkeep\n|turn|73\n|inactive|Time left: 300 sec this turn | 300 sec total\n|\n|t:|1783536278\n|move|p2a: Toedscruel|Earth Power|p1a: Blissey\n|-damage|p1a: Blissey|481/572 slp\n|-curestatus|p1a: Blissey|slp|[msg]\n|move|p1a: Blissey|Seismic Toss|p2a: Toedscruel\n|-damage|p2a: Toedscruel|39/100\n|\n|-heal|p2a: Toedscruel|45/100|[from] item: Leftovers\n|-heal|p1a: Blissey|516/572|[from] item: Leftovers\n|upkeep\n|turn|74\n|inactive|Time left: 300 sec this turn | 300 sec total\n|\n|t:|1783536279\n|move|p1a: Blissey|Seismic Toss|p2a: Toedscruel\n|-damage|p2a: Toedscruel|14/100\n|move|p2a: Toedscruel|Spore|p1a: Blissey\n|-status|p1a: Blissey|slp|[from] move: Spore\n|\n|-heal|p2a: Toedscruel|20/100|[from] item: Leftovers\n|-heal|p1a: Blissey|551/572 slp|[from] item: Leftovers\n|upkeep\n|turn|75\n|inactive|Time left: 300 sec this turn | 300 sec total\n|\n|t:|1783536280\n|-curestatus|p1a: Blissey|slp|[from] ability: Natural Cure|[silent]\n|switch|p1a: Qwilfish|Qwilfish-Hisui, L83, M|135/244\n|-ability|p1a: Qwilfish|Intimidate|boost\n|-unboost|p2a: Toedscruel|atk|1\n|move|p2a: Toedscruel|Spore|p1a: Qwilfish\n|-status|p1a: Qwilfish|slp|[from] move: Spore\n|\n|-heal|p2a: Toedscruel|26/100|[from] item: Leftovers\n|upkeep\n|turn|76\n|inactive|Time left: 300 sec this turn | 300 sec total\n|\n|t:|1783536281\n|switch|p2a: Thundurus|Thundurus-Therian, L80, M|68/100\n|switch|p1a: Blissey|Blissey, L85, F|551/572\n|\n|-heal|p1a: Blissey|572/572|[from] item: Leftovers\n|upkeep\n|turn|77\n|inactive|Time left: 300 sec this turn | 300 sec total\n|\n|t:|1783536282\n|move|p2a: Thundurus|Nasty Plot|p2a: Thundurus\n|-boost|p2a: Thundurus|spa|2\n|move|p1a: Blissey|Seismic Toss|p2a: Thundurus\n|-damage|p2a: Thundurus|35/100\n|\n|upkeep\n|turn|78\n|inactive|Time left: 300 sec this turn | 300 sec total\n|\n|t:|1783536283\n|move|p2a: Thundurus|Focus Blast|p1a: Blissey|[miss]\n|-miss|p2a: Thundurus|p1a: Blissey\n|move|p1a: Blissey|Seismic Toss|p2a: Thundurus\n|-damage|p2a: Thundurus|2/100\n|\n|upkeep\n|turn|79\n|inactive|Time left: 300 sec this turn | 300 sec total\n|\n|t:|1783536284\n|move|p2a: Thundurus|Focus Blast|p1a: Blissey\n|-supereffective|p1a: Blissey\n|-damage|p1a: Blissey|280/572\n|move|p1a: Blissey|Seismic Toss|p2a: Thundurus\n|-damage|p2a: Thundurus|0 fnt\n|faint|p2a: Thundurus\n|\n|-heal|p1a: Blissey|315/572|[from] item: Leftovers\n|upkeep\n|\n|t:|1783536285\n|switch|p2a: Heatran|Heatran, L79, M|44/100\n|turn|80\n|inactive|Time left: 300 sec this turn | 300 sec total\n|\n|t:|1783536286\n|switch|p1a: Bellibolt|Bellibolt, L84, M|320/320\n|move|p2a: Heatran|Heavy Slam|p1a: Bellibolt\n|-resisted|p1a: Bellibolt\n|-damage|p1a: Bellibolt|286/320\n|-start|p1a: Bellibolt|Charge|Heavy Slam|[from] ability: Electromorphosis\n|\n|-heal|p1a: Bellibolt|306/320|[from] item: Leftovers\n|upkeep\n|turn|81\n|inactive|Time left: 300 sec this turn | 300 sec total\n|\n|t:|1783536287\n|switch|p2a: Glaceon|Glaceon, L94, M, tera:Ground|6/100\n|move|p1a: Bellibolt|Thunderbolt|p2a: Glaceon\n|-immune|p2a: Glaceon\n|-end|p1a: Bellibolt|Charge|[silent]\n|\n|-heal|p1a: Bellibolt|320/320|[from] item: Leftovers\n|upkeep\n|turn|82\n|inactive|Time left: 300 sec this turn | 300 sec total\n|\n|t:|1783536288\n|switch|p1a: Blissey|Blissey, L85, F|315/572\n|move|p2a: Glaceon|Mud Shot|p1a: Blissey\n|-damage|p1a: Blissey|243/572\n|-unboost|p1a: Blissey|spe|1\n|\n|-heal|p1a: Blissey|278/572|[from] item: Leftovers\n|upkeep\n|turn|83\n|inactive|Time left: 300 sec this turn | 300 sec total\n|\n|t:|1783536289\n|move|p2a: Glaceon|Wish|p2a: Glaceon\n|move|p1a: Blissey|Seismic Toss|p2a: Glaceon\n|-damage|p2a: Glaceon|0 fnt\n|faint|p2a: Glaceon\n|\n|-heal|p1a: Blissey|313/572|[from] item: Leftovers\n|upkeep\n|\n|t:|1783536290\n|switch|p2a: Heatran|Heatran, L79, M|44/100\n|turn|84\n|inactive|Time left: 300 sec this turn | 300 sec total\n|\n|t:|1783536291\n|switch|p1a: Bellibolt|Bellibolt, L84, M|320/320\n|move|p2a: Heatran|Heavy Slam|p1a: Bellibolt\n|-resisted|p1a: Bellibolt\n|-damage|p1a: Bellibolt|288/320\n|-start|p1a: Bellibolt|Charge|Heavy Slam|[from] ability: Electromorphosis\n|\n|-heal|p2a: Heatran|95/100|[from] move: Wish|[wisher] Glaceon\n|-heal|p1a: Bellibolt|308/320|[from] item: Leftovers\n|upkeep\n|turn|85\n|inactive|Time left: 300 sec this turn | 300 sec total\n|\n|t:|1783536292\n|switch|p2a: Toedscruel|Toedscruel, L87, F|26/100\n|move|p1a: Bellibolt|Thunderbolt|p2a: Toedscruel\n|-immune|p2a: Toedscruel\n|-end|p1a: Bellibolt|Charge|[silent]\n|\n|-heal|p2a: Toedscruel|33/100|[from] item: Leftovers\n|-heal|p1a: Bellibolt|320/320|[from] item: Leftovers\n|upkeep\n|turn|86\n|inactive|Time left: 300 sec this turn | 300 sec total\n|\n|t:|1783536293\n|move|p2a: Toedscruel|Rapid Spin|p1a: Bellibolt\n|-damage|p1a: Bellibolt|292/320\n|-boost|p2a: Toedscruel|spe|1\n|-start|p1a: Bellibolt|Charge|Rapid Spin|[from] ability: Electromorphosis\n|move|p1a: Bellibolt|Toxic|p2a: Toedscruel\n|-status|p2a: Toedscruel|tox\n|\n|-heal|p2a: Toedscruel|39/100 tox|[from] item: Leftovers\n|-heal|p1a: Bellibolt|312/320|[from] item: Leftovers\n|-damage|p2a: Toedscruel|33/100 tox|[from] psn\n|upkeep\n|turn|87\n|inactive|Time left: 300 sec this turn | 300 sec total\n|\n|t:|1783536294\n|move|p2a: Toedscruel|Rapid Spin|p1a: Bellibolt\n|-damage|p1a: Bellibolt|283/320\n|-boost|p2a: Toedscruel|spe|1\n|-start|p1a: Bellibolt|Charge|Rapid Spin|[from] ability: Electromorphosis\n|move|p1a: Bellibolt|Thunderbolt|p2a: Toedscruel\n|-immune|p2a: Toedscruel\n|-end|p1a: Bellibolt|Charge|[silent]\n|\n|-heal|p2a: Toedscruel|39/100 tox|[from] item: Leftovers\n|-heal|p1a: Bellibolt|303/320|[from] item: Leftovers\n|-damage|p2a: Toedscruel|26/100 tox|[from] psn\n|upkeep\n|turn|88\n|inactive|Time left: 300 sec this turn | 300 sec total\n|\n|t:|1783536295\n|move|p2a: Toedscruel|Rapid Spin|p1a: Bellibolt\n|-damage|p1a: Bellibolt|274/320\n|-boost|p2a: Toedscruel|spe|1\n|-start|p1a: Bellibolt|Charge|Rapid Spin|[from] ability: Electromorphosis\n|move|p1a: Bellibolt|Thunderbolt|p2a: Toedscruel\n|-immune|p2a: Toedscruel\n|-end|p1a: Bellibolt|Charge|[silent]\n|\n|-heal|p2a: Toedscruel|33/100 tox|[from] item: Leftovers\n|-heal|p1a: Bellibolt|294/320|[from] item: Leftovers\n|-damage|p2a: Toedscruel|14/100 tox|[from] psn\n|upkeep\n|turn|89\n|inactive|Time left: 300 sec this turn | 300 sec total\n|\n|t:|1783536296\n|switch|p2a: Regigigas|Regigigas, L84|100/100\n|-start|p2a: Regigigas|ability: Slow Start\n|move|p1a: Bellibolt|Toxic|p2a: Regigigas\n|-status|p2a: Regigigas|tox\n|\n|-heal|p1a: Bellibolt|314/320|[from] item: Leftovers\n|-damage|p2a: Regigigas|94/100 tox|[from] psn\n|upkeep\n|turn|90\n|inactive|Time left: 300 sec this turn | 300 sec total\n|\n|t:|1783536297\n|switch|p2a: Heatran|Heatran, L79, M|95/100\n|move|p1a: Bellibolt|Thunderbolt|p2a: Heatran\n|-damage|p2a: Heatran|58/100\n|\n|-heal|p1a: Bellibolt|320/320|[from] item: Leftovers\n|upkeep\n|turn|91\n|inactive|Time left: 300 sec this turn | 300 sec total\n|\n|t:|1783536298\n|move|p2a: Heatran|Stealth Rock|p1a: Bellibolt\n|-sidestart|p1: p0x209eecb|move: Stealth Rock\n|move|p1a: Bellibolt|Muddy Water|p2a: Heatran\n|-supereffective|p2a: Heatran\n|-damage|p2a: Heatran|12/100\n|\n|upkeep\n|turn|92\n|inactive|Time left: 300 sec this turn | 300 sec total\n|\n|t:|1783536299\n|move|p2a: Heatran|Earth Power|p1a: Bellibolt\n|-supereffective|p1a: Bellibolt\n|-damage|p1a: Bellibolt|160/320\n|-start|p1a: Bellibolt|Charge|Earth Power|[from] ability: Electromorphosis\n|move|p1a: Bellibolt|Thunderbolt|p2a: Heatran\n|-damage|p2a: Heatran|0 fnt\n|faint|p2a: Heatran\n|-end|p1a: Bellibolt|Charge|[silent]\n|\n|-heal|p1a: Bellibolt|180/320|[from] item: Leftovers\n|upkeep\n|\n|t:|1783536300\n|switch|p2a: Regigigas|Regigigas, L84|94/100 tox\n|-start|p2a: Regigigas|ability: Slow Start\n|turn|93\n|inactive|Time left: 300 sec this turn | 300 sec total\n|\n|t:|1783536300\n|move|p1a: Bellibolt|Slack Off|p1a: Bellibolt\n|-heal|p1a: Bellibolt|320/320\n|move|p2a: Regigigas|Knock Off|p1a: Bellibolt\n|-damage|p1a: Bellibolt|272/320\n|-start|p1a: Bellibolt|Charge|Knock Off|[from] ability: Electromorphosis\n|-enditem|p1a: Bellibolt|Leftovers|[from] move: Knock Off|[of] p2a: Regigigas\n|\n|-heal|p2a: Regigigas|100/100 tox|[from] item: Leftovers\n|-damage|p2a: Regigigas|94/100 tox|[from] psn\n|upkeep\n|turn|94\n|inactive|Time left: 300 sec this turn | 300 sec total\n|\n|t:|1783536302\n|switch|p2a: Toedscruel|Toedscruel, L87, F|14/100 tox\n|move|p1a: Bellibolt|Thunderbolt|p2a: Toedscruel\n|-immune|p2a: Toedscruel\n|-end|p1a: Bellibolt|Charge|[silent]\n|\n|-heal|p2a: Toedscruel|20/100 tox|[from] item: Leftovers\n|-damage|p2a: Toedscruel|14/100 tox|[from] psn\n|upkeep\n|turn|95\n|inactive|Time left: 300 sec this turn | 300 sec total\n|\n|t:|1783536303\n|move|p2a: Toedscruel|Rapid Spin|p1a: Bellibolt\n|-damage|p1a: Bellibolt|245/320\n|-boost|p2a: Toedscruel|spe|1\n|-start|p1a: Bellibolt|Charge|Rapid Spin|[from] ability: Electromorphosis\n|move|p1a: Bellibolt|Slack Off|p1a: Bellibolt\n|-heal|p1a: Bellibolt|320/320\n|\n|-heal|p2a: Toedscruel|20/100 tox|[from] item: Leftovers\n|-damage|p2a: Toedscruel|8/100 tox|[from] psn\n|upkeep\n|turn|96\n|inactive|Time left: 300 sec this turn | 300 sec total\n|\n|t:|1783536304\n|move|p2a: Toedscruel|Rapid Spin|p1a: Bellibolt\n|-damage|p1a: Bellibolt|291/320\n|-boost|p2a: Toedscruel|spe|1\n|-start|p1a: Bellibolt|Charge|Rapid Spin|[from] ability: Electromorphosis\n|move|p1a: Bellibolt|Thunderbolt|p2a: Toedscruel\n|-immune|p2a: Toedscruel\n|-end|p1a: Bellibolt|Charge|[silent]\n|\n|-heal|p2a: Toedscruel|14/100 tox|[from] item: Leftovers\n|-damage|p2a: Toedscruel|0 fnt|[from] psn\n|faint|p2a: Toedscruel\n|upkeep\n|\n|t:|1783536305\n|switch|p2a: Regigigas|Regigigas, L84|94/100 tox\n|-start|p2a: Regigigas|ability: Slow Start\n|turn|97\n|inactive|Time left: 300 sec this turn | 300 sec total\n|\n|t:|1783536305\n|move|p2a: Regigigas|Protect|p2a: Regigigas\n|-singleturn|p2a: Regigigas|Protect\n|move|p1a: Bellibolt|Thunderbolt|p2a: Regigigas\n|-activate|p2a: Regigigas|move: Protect\n|\n|-heal|p2a: Regigigas|100/100 tox|[from] item: Leftovers\n|-damage|p2a: Regigigas|94/100 tox|[from] psn\n|upkeep\n|turn|98\n|inactive|Time left: 300 sec this turn | 300 sec total\n|\n|t:|1783536306\n|move|p2a: Regigigas|Protect||[still]\n|-fail|p2a: Regigigas\n|move|p1a: Bellibolt|Thunderbolt|p2a: Regigigas\n|-damage|p2a: Regigigas|66/100 tox\n|\n|-heal|p2a: Regigigas|73/100 tox|[from] item: Leftovers\n|-damage|p2a: Regigigas|60/100 tox|[from] psn\n|upkeep\n|turn|99\n|inactive|Time left: 300 sec this turn | 300 sec total\n|\n|t:|1783536307\n|move|p1a: Bellibolt|Slack Off|p1a: Bellibolt\n|-heal|p1a: Bellibolt|320/320\n|move|p2a: Regigigas|Knock Off|p1a: Bellibolt\n|-damage|p1a: Bellibolt|285/320\n|-start|p1a: Bellibolt|Charge|Knock Off|[from] ability: Electromorphosis\n|\n|-heal|p2a: Regigigas|66/100 tox|[from] item: Leftovers\n|-damage|p2a: Regigigas|48/100 tox|[from] psn\n|upkeep\n|turn|100\n|inactive|Time left: 300 sec this turn | 300 sec total\n|\n|t:|1783536308\n|move|p1a: Bellibolt|Muddy Water|p2a: Regigigas\n|-crit|p2a: Regigigas\n|-damage|p2a: Regigigas|23/100 tox\n|-unboost|p2a: Regigigas|accuracy|1\n|move|p2a: Regigigas|Body Slam|p1a: Bellibolt\n|-damage|p1a: Bellibolt|215/320\n|-start|p1a: Bellibolt|Charge|Body Slam|[from] ability: Electromorphosis\n|\n|-heal|p2a: Regigigas|29/100 tox|[from] item: Leftovers\n|-damage|p2a: Regigigas|4/100 tox|[from] psn\n|upkeep\n|turn|101\n|inactive|Time left: 300 sec this turn | 300 sec total\n|\n|t:|1783536309\n|move|p1a: Bellibolt|Muddy Water|p2a: Regigigas|[miss]\n|-miss|p1a: Bellibolt|p2a: Regigigas\n|move|p2a: Regigigas|Knock Off|p1a: Bellibolt|[miss]\n|-miss|p2a: Regigigas|p1a: Bellibolt\n|\n|-heal|p2a: Regigigas|10/100 tox|[from] item: Leftovers\n|-damage|p2a: Regigigas|0 fnt|[from] psn\n|faint|p2a: Regigigas\n|-end|p2a: Regigigas|Slow Start|[silent]\n|\n|win|p0x209eecb", "uploadtime": 1783536309, "views": 0, "rating": 0, "private": 0, "password": null, "_winner": "p0x209eecb", "_our_name": "p0x209eecb"}