{"id": "battle-gen9randombattle-791", "formatid": "gen9randombattle", "format": "[Gen 9] Random Battle", "players": ["p0x791d140", "p0y79118f0"], "log": "|init|battle\n|title|p0x791d140 vs. p0y79118f0\n|j|\u2606p0x791d140\n|j|\u2606p0y79118f0\n|t:|1783548302\n|gametype|singles\n|player|p1|p0x791d140|1|\n|player|p2|p0y79118f0|170|\n|gen|9\n|tier|[Gen 9] Random Battle\n|rule|Species Clause: Limit one of each Pok\u00e9mon\n|rule|HP Percentage Mod: HP is shown in percentages\n|rule|Sleep Clause Mod: Limit one foe put to sleep\n|rule|Illusion Level Mod: Illusion disguises the Pok\u00e9mon's true level\n|\n|t:|1783548302\n|teamsize|p1|6\n|teamsize|p2|6\n|start\n|switch|p1a: Lucario|Lucario, L84, M|100/100\n|switch|p2a: Landorus|Landorus, L75, M|257/257\n|turn|1\n|inactive|Battle timer is ON: inactive players will automatically lose when time's up. (requested by p0x791d140)\n|inactive|Time left: 300 sec this turn | 300 sec total | 60 sec grace\n|inactive|p0y79118f0 also wants the timer to be on.\n|\n|t:|1783548304\n|switch|p1a: Golduck|Golduck, L90, M|100/100\n|-ability|p1a: Golduck|Cloud Nine\n|move|p2a: Landorus|Earth Power|p1a: Golduck\n|-damage|p1a: Golduck|45/100\n|\n|upkeep\n|turn|2\n|inactive|Time left: 300 sec this turn | 300 sec total\n|\n|t:|1783548305\n|switch|p2a: Decidueye|Decidueye-Hisui, L87, F|295/295\n|move|p1a: Golduck|Hydro Pump|p2a: Decidueye|[miss]\n|-miss|p1a: Golduck|p2a: Decidueye\n|\n|upkeep\n|turn|3\n|inactive|Time left: 300 sec this turn | 300 sec total\n|\n|t:|1783548306\n|move|p1a: Golduck|Ice Beam|p2a: Decidueye\n|-supereffective|p2a: Decidueye\n|-damage|p2a: Decidueye|134/295\n|-damage|p1a: Golduck|35/100|[from] item: Life Orb\n|move|p2a: Decidueye|Leaf Blade|p1a: Golduck\n|-supereffective|p1a: Golduck\n|-damage|p1a: Golduck|0 fnt\n|faint|p1a: Golduck\n|\n|-heal|p2a: Decidueye|152/295|[from] item: Leftovers\n|upkeep\n|\n|t:|1783548307\n|switch|p1a: Torkoal|Torkoal, L88, M|100/100\n|-weather|SunnyDay|[from] ability: Drought|[of] p1a: Torkoal\n|turn|4\n|inactive|Time left: 300 sec this turn | 300 sec total\n|\n|t:|1783548308\n|switch|p2a: Kyogre|Kyogre, L71|259/259\n|-weather|RainDance|[from] ability: Drizzle|[of] p2a: Kyogre\n|move|p1a: Torkoal|Lava Plume|p2a: Kyogre\n|-resisted|p2a: Kyogre\n|-damage|p2a: Kyogre|242/259\n|\n|-weather|RainDance|[upkeep]\n|upkeep\n|turn|5\n|inactive|Time left: 300 sec this turn | 300 sec total\n|\n|t:|1783548310\n|switch|p1a: Venusaur|Venusaur, L84, M|100/100\n|move|p2a: Kyogre|Water Spout|p1a: Venusaur\n|-resisted|p1a: Venusaur\n|-damage|p1a: Venusaur|59/100\n|\n|-weather|RainDance|[upkeep]\n|-heal|p1a: Venusaur|66/100|[from] item: Leftovers\n|upkeep\n|turn|6\n|inactive|Time left: 300 sec this turn | 300 sec total\n|\n|t:|1783548311\n|move|p2a: Kyogre|Water Spout|p1a: Venusaur\n|-resisted|p1a: Venusaur\n|-damage|p1a: Venusaur|28/100\n|move|p1a: Venusaur|Energy Ball|p2a: Kyogre\n|-supereffective|p2a: Kyogre\n|-damage|p2a: Kyogre|14/259\n|\n|-weather|RainDance|[upkeep]\n|-heal|p1a: Venusaur|34/100|[from] item: Leftovers\n|upkeep\n|turn|7\n|inactive|Time left: 300 sec this turn | 300 sec total\n|\n|t:|1783548312\n|switch|p2a: Landorus|Landorus, L75, M|257/257\n|move|p1a: Venusaur|Sludge Bomb|p2a: Landorus\n|-resisted|p2a: Landorus\n|-damage|p2a: Landorus|197/257\n|-status|p2a: Landorus|psn\n|\n|-weather|RainDance|[upkeep]\n|-heal|p1a: Venusaur|40/100|[from] item: Leftovers\n|-damage|p2a: Landorus|165/257 psn|[from] psn\n|upkeep\n|turn|8\n|inactive|Time left: 300 sec this turn | 300 sec total\n|\n|t:|1783548314\n|switch|p1a: Mandibuzz|Mandibuzz, L85, F|100/100\n|move|p2a: Landorus|Earth Power|p1a: Mandibuzz\n|-immune|p1a: Mandibuzz\n|\n|-weather|none\n|-damage|p2a: Landorus|133/257 psn|[from] psn\n|upkeep\n|turn|9\n|inactive|Time left: 300 sec this turn | 300 sec total\n|\n|t:|1783548315\n|switch|p2a: Entei|Entei, L78|307/307\n|move|p1a: Mandibuzz|Foul Play|p2a: Entei\n|-damage|p2a: Entei|193/307\n|\n|upkeep\n|turn|10\n|inactive|Time left: 300 sec this turn | 300 sec total\n|\n|t:|1783548316\n|switch|p1a: Torkoal|Torkoal, L88, M|100/100\n|-weather|SunnyDay|[from] ability: Drought|[of] p1a: Torkoal\n|move|p2a: Entei|Sacred Fire|p1a: Torkoal\n|-resisted|p1a: Torkoal\n|-damage|p1a: Torkoal|72/100\n|\n|-weather|SunnyDay|[upkeep]\n|upkeep\n|turn|11\n|inactive|Time left: 300 sec this turn | 300 sec total\n|\n|t:|1783548317\n|move|p2a: Entei|Sacred Fire|p1a: Torkoal\n|-resisted|p1a: Torkoal\n|-damage|p1a: Torkoal|44/100\n|move|p1a: Torkoal|Stealth Rock|p2a: Entei\n|-sidestart|p2: p0y79118f0|move: Stealth Rock\n|\n|-weather|SunnyDay|[upkeep]\n|upkeep\n|turn|12\n|inactive|Time left: 300 sec this turn | 300 sec total\n|\n|t:|1783548318\n|move|p2a: Entei|Sacred Fire|p1a: Torkoal\n|-resisted|p1a: Torkoal\n|-damage|p1a: Torkoal|13/100\n|move|p1a: Torkoal|Lava Plume|p2a: Entei\n|-resisted|p2a: Entei\n|-crit|p2a: Entei\n|-damage|p2a: Entei|79/307\n|\n|-weather|SunnyDay|[upkeep]\n|upkeep\n|turn|13\n|inactive|Time left: 300 sec this turn | 300 sec total\n|\n|t:|1783548320\n|move|p2a: Entei|Sacred Fire|p1a: Torkoal\n|-resisted|p1a: Torkoal\n|-damage|p1a: Torkoal|0 fnt\n|faint|p1a: Torkoal\n|\n|-weather|SunnyDay|[upkeep]\n|upkeep\n|\n|t:|1783548321\n|switch|p1a: Lucario|Lucario, L84, M|100/100\n|turn|14\n|inactive|Time left: 300 sec this turn | 300 sec total\n|\n|t:|1783548322\n|move|p1a: Lucario|Extreme Speed|p2a: Entei\n|-damage|p2a: Entei|0 fnt\n|faint|p2a: Entei\n|-damage|p1a: Lucario|91/100|[from] item: Life Orb\n|\n|-weather|none\n|upkeep\n|inactive|Time left: 300 sec this turn | 300 sec total | 5 sec grace\n|\n|t:|1783548323\n|switch|p2a: Annihilape|Annihilape, L76, F|292/292\n|-damage|p2a: Annihilape|274/292|[from] Stealth Rock\n|turn|15\n|inactive|Time left: 300 sec this turn | 300 sec total\n|\n|t:|1783548324\n|switch|p1a: Venusaur|Venusaur, L84, M|40/100\n|move|p2a: Annihilape|Bulk Up|p2a: Annihilape\n|-boost|p2a: Annihilape|atk|1\n|-boost|p2a: Annihilape|def|1\n|\n|-heal|p1a: Venusaur|46/100|[from] item: Leftovers\n|upkeep\n|turn|16\n|inactive|Time left: 300 sec this turn | 300 sec total\n|\n|t:|1783548325\n|move|p1a: Venusaur|Synthesis|p1a: Venusaur\n|-heal|p1a: Venusaur|96/100\n|move|p2a: Annihilape|Bulk Up|p2a: Annihilape\n|-boost|p2a: Annihilape|atk|1\n|-boost|p2a: Annihilape|def|1\n|\n|-heal|p1a: Venusaur|100/100|[from] item: Leftovers\n|upkeep\n|turn|17\n|inactive|Time left: 300 sec this turn | 300 sec total\n|\n|t:|1783548326\n|move|p1a: Venusaur|Sleep Powder|p2a: Annihilape\n|-status|p2a: Annihilape|slp|[from] move: Sleep Powder\n|-enditem|p2a: Annihilape|Chesto Berry|[eat]\n|-curestatus|p2a: Annihilape|slp|[msg]\n|move|p2a: Annihilape|Drain Punch|p1a: Venusaur\n|-resisted|p1a: Venusaur\n|-damage|p1a: Venusaur|70/100\n|-heal|p2a: Annihilape|292/292|[from] drain|[of] p1a: Venusaur\n|\n|-heal|p1a: Venusaur|76/100|[from] item: Leftovers\n|upkeep\n|turn|18\n|inactive|Time left: 300 sec this turn | 300 sec total\n|\n|t:|1783548327\n|move|p1a: Venusaur|Sleep Powder|p2a: Annihilape\n|-status|p2a: Annihilape|slp|[from] move: Sleep Powder\n|cant|p2a: Annihilape|slp\n|\n|-heal|p1a: Venusaur|82/100|[from] item: Leftovers\n|upkeep\n|turn|19\n|inactive|Time left: 300 sec this turn | 300 sec total\n|\n|t:|1783548328\n|move|p1a: Venusaur|Energy Ball|p2a: Annihilape\n|-damage|p2a: Annihilape|193/292 slp\n|cant|p2a: Annihilape|slp\n|\n|-heal|p1a: Venusaur|89/100|[from] item: Leftovers\n|upkeep\n|turn|20\n|inactive|Time left: 300 sec this turn | 300 sec total\n|\n|t:|1783548329\n|move|p1a: Venusaur|Energy Ball|p2a: Annihilape\n|-damage|p2a: Annihilape|87/292 slp\n|cant|p2a: Annihilape|slp\n|\n|-heal|p1a: Venusaur|95/100|[from] item: Leftovers\n|upkeep\n|turn|21\n|inactive|Time left: 300 sec this turn | 300 sec total\n|\n|t:|1783548330\n|switch|p2a: Decidueye|Decidueye-Hisui, L87, F|152/295\n|-damage|p2a: Decidueye|134/295|[from] Stealth Rock\n|move|p1a: Venusaur|Energy Ball|p2a: Decidueye\n|-resisted|p2a: Decidueye\n|-damage|p2a: Decidueye|92/295\n|-unboost|p2a: Decidueye|spd|1\n|\n|-heal|p1a: Venusaur|100/100|[from] item: Leftovers\n|-heal|p2a: Decidueye|110/295|[from] item: Leftovers\n|upkeep\n|turn|22\n|inactive|Time left: 300 sec this turn | 300 sec total\n|\n|t:|1783548331\n|-terastallize|p2a: Decidueye|Steel\n|move|p1a: Venusaur|Sludge Bomb|p2a: Decidueye\n|-immune|p2a: Decidueye\n|move|p2a: Decidueye|Defog|p1a: Venusaur\n|-unboost|p1a: Venusaur|evasion|1\n|-sideend|p2: p0y79118f0|Stealth Rock|[from] move: Defog|[of] p2a: Decidueye\n|\n|-heal|p2a: Decidueye|128/295|[from] item: Leftovers\n|upkeep\n|turn|23\n|inactive|Time left: 300 sec this turn | 300 sec total\n|\n|t:|1783548332\n|move|p1a: Venusaur|Energy Ball|p2a: Decidueye\n|-resisted|p2a: Decidueye\n|-damage|p2a: Decidueye|60/295\n|move|p2a: Decidueye|Roost|p2a: Decidueye\n|-heal|p2a: Decidueye|208/295\n|\n|-heal|p2a: Decidueye|226/295|[from] item: Leftovers\n|upkeep\n|turn|24\n|inactive|Time left: 300 sec this turn | 300 sec total\n|\n|t:|1783548333\n|move|p1a: Venusaur|Energy Ball|p2a: Decidueye\n|-resisted|p2a: Decidueye\n|-damage|p2a: Decidueye|158/295\n|-unboost|p2a: Decidueye|spd|1\n|move|p2a: Decidueye|Triple Arrows|p1a: Venusaur\n|-resisted|p1a: Venusaur\n|-damage|p1a: Venusaur|78/100\n|\n|-heal|p1a: Venusaur|84/100|[from] item: Leftovers\n|-heal|p2a: Decidueye|176/295|[from] item: Leftovers\n|upkeep\n|turn|25\n|inactive|Time left: 300 sec this turn | 300 sec total\n|\n|t:|1783548334\n|move|p1a: Venusaur|Energy Ball|p2a: Decidueye\n|-resisted|p2a: Decidueye\n|-damage|p2a: Decidueye|92/295\n|move|p2a: Decidueye|Triple Arrows|p1a: Venusaur\n|-resisted|p1a: Venusaur\n|-damage|p1a: Venusaur|63/100\n|\n|-heal|p1a: Venusaur|69/100|[from] item: Leftovers\n|-heal|p2a: Decidueye|110/295|[from] item: Leftovers\n|upkeep\n|turn|26\n|inactive|Time left: 300 sec this turn | 300 sec total\n|\n|t:|1783548335\n|move|p1a: Venusaur|Energy Ball|p2a: Decidueye\n|-resisted|p2a: Decidueye\n|-damage|p2a: Decidueye|25/295\n|move|p2a: Decidueye|Roost|p2a: Decidueye\n|-heal|p2a: Decidueye|173/295\n|\n|-heal|p1a: Venusaur|75/100|[from] item: Leftovers\n|-heal|p2a: Decidueye|191/295|[from] item: Leftovers\n|upkeep\n|turn|27\n|inactive|Time left: 300 sec this turn | 300 sec total\n|\n|t:|1783548337\n|move|p1a: Venusaur|Energy Ball|p2a: Decidueye\n|-resisted|p2a: Decidueye\n|-damage|p2a: Decidueye|104/295\n|move|p2a: Decidueye|Triple Arrows|p1a: Venusaur\n|-resisted|p1a: Venusaur\n|-damage|p1a: Venusaur|54/100\n|\n|-heal|p1a: Venusaur|60/100|[from] item: Leftovers\n|-heal|p2a: Decidueye|122/295|[from] item: Leftovers\n|upkeep\n|turn|28\n|inactive|Time left: 300 sec this turn | 300 sec total\n|\n|t:|1783548338\n|move|p1a: Venusaur|Energy Ball|p2a: Decidueye\n|-resisted|p2a: Decidueye\n|-damage|p2a: Decidueye|38/295\n|move|p2a: Decidueye|Roost|p2a: Decidueye\n|-heal|p2a: Decidueye|186/295\n|\n|-heal|p1a: Venusaur|66/100|[from] item: Leftovers\n|-heal|p2a: Decidueye|204/295|[from] item: Leftovers\n|upkeep\n|turn|29\n|inactive|Time left: 300 sec this turn | 300 sec total\n|\n|t:|1783548339\n|move|p1a: Venusaur|Energy Ball|p2a: Decidueye\n|-resisted|p2a: Decidueye\n|-damage|p2a: Decidueye|117/295\n|move|p2a: Decidueye|Triple Arrows|p1a: Venusaur\n|-resisted|p1a: Venusaur\n|-damage|p1a: Venusaur|45/100\n|-unboost|p1a: Venusaur|def|1\n|\n|-heal|p1a: Venusaur|51/100|[from] item: Leftovers\n|-heal|p2a: Decidueye|135/295|[from] item: Leftovers\n|upkeep\n|turn|30\n|inactive|Time left: 300 sec this turn | 300 sec total\n|\n|t:|1783548341\n|move|p1a: Venusaur|Energy Ball|p2a: Decidueye\n|-resisted|p2a: Decidueye\n|-crit|p2a: Decidueye\n|-damage|p2a: Decidueye|1/295\n|move|p2a: Decidueye|Roost|p2a: Decidueye\n|-heal|p2a: Decidueye|149/295\n|\n|-heal|p1a: Venusaur|57/100|[from] item: Leftovers\n|-heal|p2a: Decidueye|167/295|[from] item: Leftovers\n|upkeep\n|turn|31\n|inactive|Time left: 300 sec this turn | 300 sec total\n|\n|t:|1783548342\n|move|p1a: Venusaur|Synthesis|p1a: Venusaur\n|-heal|p1a: Venusaur|100/100\n|move|p2a: Decidueye|Roost|p2a: Decidueye\n|-heal|p2a: Decidueye|295/295\n|\n|upkeep\n|turn|32\n|inactive|Time left: 300 sec this turn | 300 sec total\n|\n|t:|1783548343\n|move|p1a: Venusaur|Energy Ball|p2a: Decidueye\n|-resisted|p2a: Decidueye\n|-damage|p2a: Decidueye|204/295\n|-unboost|p2a: Decidueye|spd|1\n|move|p2a: Decidueye|Triple Arrows|p1a: Venusaur\n|-resisted|p1a: Venusaur\n|-crit|p1a: Venusaur\n|-damage|p1a: Venusaur|55/100\n|-unboost|p1a: Venusaur|def|1\n|\n|-heal|p1a: Venusaur|61/100|[from] item: Leftovers\n|-heal|p2a: Decidueye|222/295|[from] item: Leftovers\n|upkeep\n|turn|33\n|inactive|Time left: 300 sec this turn | 300 sec total\n|\n|t:|1783548345\n|move|p1a: Venusaur|Energy Ball|p2a: Decidueye\n|-resisted|p2a: Decidueye\n|-crit|p2a: Decidueye\n|-damage|p2a: Decidueye|48/295\n|move|p2a: Decidueye|Triple Arrows|p1a: Venusaur\n|-resisted|p1a: Venusaur\n|-damage|p1a: Venusaur|16/100\n|-unboost|p1a: Venusaur|def|1\n|\n|-heal|p1a: Venusaur|22/100|[from] item: Leftovers\n|-heal|p2a: Decidueye|66/295|[from] item: Leftovers\n|upkeep\n|turn|34\n|inactive|Time left: 300 sec this turn | 300 sec total\n|\n|t:|1783548347\n|switch|p2a: Annihilape|Annihilape, L76, F|87/292 slp\n|move|p1a: Venusaur|Energy Ball|p2a: Annihilape\n|-damage|p2a: Annihilape|0 fnt\n|faint|p2a: Annihilape\n|\n|-heal|p1a: Venusaur|28/100|[from] item: Leftovers\n|upkeep\n|inactive|Time left: 300 sec this turn | 300 sec total | 5 sec grace\n|\n|t:|1783548348\n|switch|p2a: Kyogre|Kyogre, L71|14/259\n|-weather|RainDance|[from] ability: Drizzle|[of] p2a: Kyogre\n|turn|35\n|inactive|Time left: 300 sec this turn | 300 sec total\n|\n|t:|1783548349\n|move|p2a: Kyogre|Origin Pulse|p1a: Venusaur\n|-resisted|p1a: Venusaur\n|-damage|p1a: Venusaur|0 fnt\n|faint|p1a: Venusaur\n|\n|-weather|RainDance|[upkeep]\n|upkeep\n|\n|t:|1783548349\n|switch|p1a: Scizor|Scizor, L79, F|100/100\n|turn|36\n|inactive|Time left: 300 sec this turn | 300 sec total\n|\n|t:|1783548350\n|move|p1a: Scizor|Bullet Punch|p2a: Kyogre\n|-resisted|p2a: Kyogre\n|-damage|p2a: Kyogre|0 fnt\n|faint|p2a: Kyogre\n|\n|-weather|RainDance|[upkeep]\n|upkeep\n|inactive|Time left: 300 sec this turn | 300 sec total | 5 sec grace\n|\n|t:|1783548351\n|switch|p2a: Decidueye|Decidueye-Hisui, L87, F, tera:Steel|66/295\n|turn|37\n|inactive|Time left: 300 sec this turn | 300 sec total\n|\n|t:|1783548352\n|-terastallize|p1a: Scizor|Steel\n|move|p1a: Scizor|Bullet Punch|p2a: Decidueye\n|-resisted|p2a: Decidueye\n|-damage|p2a: Decidueye|0 fnt\n|faint|p2a: Decidueye\n|\n|-weather|RainDance|[upkeep]\n|upkeep\n|inactive|Time left: 300 sec this turn | 300 sec total | 5 sec grace\n|\n|t:|1783548353\n|switch|p2a: Meowscarada|Meowscarada, L78, F|247/247\n|turn|38\n|inactive|Time left: 300 sec this turn | 300 sec total\n|\n|t:|1783548354\n|move|p1a: Scizor|Bullet Punch|p2a: Meowscarada\n|-damage|p2a: Meowscarada|79/247\n|move|p2a: Meowscarada|Toxic Spikes|p1a: Scizor\n|-start|p2a: Meowscarada|typechange|Poison|[from] ability: Protean\n|-sidestart|p1: p0x791d140|move: Toxic Spikes\n|\n|-weather|RainDance|[upkeep]\n|upkeep\n|turn|39\n|inactive|Time left: 300 sec this turn | 300 sec total\n|\n|t:|1783548355\n|move|p1a: Scizor|Bullet Punch|p2a: Meowscarada\n|-crit|p2a: Meowscarada\n|-damage|p2a: Meowscarada|0 fnt\n|faint|p2a: Meowscarada\n|\n|-weather|none\n|upkeep\n|inactive|Time left: 300 sec this turn | 300 sec total | 5 sec grace\n|\n|t:|1783548356\n|switch|p2a: Landorus|Landorus, L75, M|133/257 psn\n|turn|40\n|inactive|Time left: 300 sec this turn | 300 sec total\n|\n|t:|1783548357\n|move|p1a: Scizor|Bullet Punch|p2a: Landorus\n|-damage|p2a: Landorus|0 fnt\n|faint|p2a: Landorus\n|\n|win|p0x791d140", "uploadtime": 1783548357, "views": 0, "rating": 0, "private": 0, "password": null, "_winner": "p0x791d140", "_our_name": "p0y79118f0"}