{"id": "battle-gen9randombattle-1668", "formatid": "gen9randombattle", "format": "[Gen 9] Random Battle", "players": ["p0x16681703", "p0y1668f4ca"], "log": "|init|battle\n|title|p0x16681703 vs. p0y1668f4ca\n|j|\u2606p0x16681703\n|j|\u2606p0y1668f4ca\n|t:|1783559349\n|gametype|singles\n|player|p1|p0x16681703|169|\n|player|p2|p0y1668f4ca|1|\n|gen|9\n|tier|[Gen 9] Random Battle\n|rule|Species Clause: Limit one of each Pok\u00e9mon\n|rule|HP Percentage Mod: HP is shown in percentages\n|rule|Sleep Clause Mod: Limit one foe put to sleep\n|rule|Illusion Level Mod: Illusion disguises the Pok\u00e9mon's true level\n|\n|t:|1783559349\n|teamsize|p1|6\n|teamsize|p2|6\n|start\n|switch|p1a: Carbink|Carbink, L90|100/100\n|switch|p2a: Muk|Muk, L86, F|321/321\n|turn|1\n|inactive|Battle timer is ON: inactive players will automatically lose when time's up. (requested by p0x16681703)\n|inactive|Time left: 300 sec this turn | 300 sec total | 60 sec grace\n|inactive|p0y1668f4ca also wants the timer to be on.\n|\n|t:|1783559351\n|move|p1a: Carbink|Body Press|p2a: Muk\n|-resisted|p2a: Muk\n|-damage|p2a: Muk|274/321\n|move|p2a: Muk|Poison Jab|p1a: Carbink\n|-damage|p1a: Carbink|74/100\n|-status|p1a: Carbink|psn|[from] ability: Poison Touch|[of] p2a: Muk\n|\n|-heal|p1a: Carbink|80/100 psn|[from] item: Leftovers\n|-damage|p1a: Carbink|67/100 psn|[from] psn\n|upkeep\n|turn|2\n|inactive|Time left: 300 sec this turn | 300 sec total\n|\n|t:|1783559352\n|move|p1a: Carbink|Iron Defense|p1a: Carbink\n|-boost|p1a: Carbink|def|2\n|move|p2a: Muk|Poison Jab|p1a: Carbink\n|-damage|p1a: Carbink|55/100 psn\n|\n|-heal|p1a: Carbink|61/100 psn|[from] item: Leftovers\n|-damage|p1a: Carbink|48/100 psn|[from] psn\n|upkeep\n|turn|3\n|inactive|Time left: 300 sec this turn | 300 sec total\n|\n|t:|1783559353\n|switch|p2a: Hatterene|Hatterene, L85, F|236/236\n|move|p1a: Carbink|Body Press|p2a: Hatterene\n|-resisted|p2a: Hatterene\n|-damage|p2a: Hatterene|190/236\n|\n|-heal|p1a: Carbink|54/100 psn|[from] item: Leftovers\n|-damage|p1a: Carbink|42/100 psn|[from] psn\n|upkeep\n|turn|4\n|inactive|Time left: 300 sec this turn | 300 sec total\n|\n|t:|1783559354\n|move|p1a: Carbink|Moonblast|p2a: Hatterene\n|-damage|p2a: Hatterene|145/236\n|move|p2a: Hatterene|Psychic|p1a: Carbink\n|-damage|p1a: Carbink|9/100 psn\n|\n|-heal|p1a: Carbink|15/100 psn|[from] item: Leftovers\n|-damage|p1a: Carbink|3/100 psn|[from] psn\n|upkeep\n|turn|5\n|inactive|Time left: 300 sec this turn | 300 sec total\n|\n|t:|1783559355\n|move|p1a: Carbink|Moonblast|p2a: Hatterene\n|-damage|p2a: Hatterene|105/236\n|move|p2a: Hatterene|Psychic|p1a: Carbink\n|-damage|p1a: Carbink|0 fnt\n|faint|p1a: Carbink\n|\n|upkeep\n|\n|t:|1783559356\n|switch|p1a: Crawdaunt|Crawdaunt, L84, M|100/100\n|turn|6\n|inactive|Time left: 300 sec this turn | 300 sec total\n|\n|t:|1783559357\n|move|p1a: Crawdaunt|Knock Off|p2a: Hatterene\n|-damage|p2a: Hatterene|0 fnt\n|-enditem|p2a: Hatterene|Assault Vest|[from] move: Knock Off|[of] p1a: Crawdaunt\n|faint|p2a: Hatterene\n|-damage|p1a: Crawdaunt|91/100|[from] item: Life Orb\n|\n|upkeep\n|inactive|Time left: 300 sec this turn | 300 sec total | 5 sec grace\n|\n|t:|1783559358\n|switch|p2a: Dragonite|Dragonite, L74, M|257/257\n|turn|7\n|inactive|Time left: 300 sec this turn | 300 sec total\n|\n|t:|1783559360\n|move|p2a: Dragonite|Outrage|p1a: Crawdaunt\n|-damage|p1a: Crawdaunt|33/100\n|move|p1a: Crawdaunt|Knock Off|p2a: Dragonite\n|-damage|p2a: Dragonite|147/257\n|-enditem|p2a: Dragonite|Heavy-Duty Boots|[from] move: Knock Off|[of] p1a: Crawdaunt\n|-damage|p1a: Crawdaunt|24/100|[from] item: Life Orb\n|\n|upkeep\n|turn|8\n|inactive|Time left: 300 sec this turn | 300 sec total\n|\n|t:|1783559361\n|switch|p1a: Clefable|Clefable, L83, M|100/100\n|move|p2a: Dragonite|Outrage|p1a: Clefable|[from] lockedmove\n|-immune|p1a: Clefable\n|\n|upkeep\n|turn|9\n|inactive|Time left: 300 sec this turn | 300 sec total\n|\n|t:|1783559362\n|move|p2a: Dragonite|Iron Head|p1a: Clefable\n|-supereffective|p1a: Clefable\n|-damage|p1a: Clefable|56/100\n|move|p1a: Clefable|Moonblast|p2a: Dragonite\n|-supereffective|p2a: Dragonite\n|-damage|p2a: Dragonite|0 fnt\n|faint|p2a: Dragonite\n|\n|-heal|p1a: Clefable|62/100|[from] item: Leftovers\n|upkeep\n|inactive|Time left: 300 sec this turn | 300 sec total | 5 sec grace\n|\n|t:|1783559363\n|switch|p2a: Typhlosion|Typhlosion, L84, F|267/267\n|turn|10\n|inactive|Time left: 300 sec this turn | 300 sec total\n|\n|t:|1783559364\n|move|p2a: Typhlosion|Eruption|p1a: Clefable\n|-damage|p1a: Clefable|0 fnt\n|faint|p1a: Clefable\n|\n|upkeep\n|\n|t:|1783559365\n|switch|p1a: Crawdaunt|Crawdaunt, L84, M|24/100\n|turn|11\n|inactive|Time left: 300 sec this turn | 300 sec total\n|\n|t:|1783559367\n|move|p1a: Crawdaunt|Aqua Jet|p2a: Typhlosion\n|-supereffective|p2a: Typhlosion\n|-damage|p2a: Typhlosion|59/267\n|-damage|p1a: Crawdaunt|14/100|[from] item: Life Orb\n|move|p2a: Typhlosion|Eruption|p1a: Crawdaunt\n|-resisted|p1a: Crawdaunt\n|-damage|p1a: Crawdaunt|0 fnt\n|faint|p1a: Crawdaunt\n|\n|upkeep\n|\n|t:|1783559368\n|switch|p1a: Necrozma|Necrozma, L80|100/100\n|turn|12\n|inactive|Time left: 300 sec this turn | 300 sec total\n|\n|t:|1783559368\n|move|p2a: Typhlosion|Eruption|p1a: Necrozma\n|-damage|p1a: Necrozma|78/100\n|move|p1a: Necrozma|Calm Mind|p1a: Necrozma\n|-boost|p1a: Necrozma|spa|1\n|-boost|p1a: Necrozma|spd|1\n|\n|-heal|p1a: Necrozma|84/100|[from] item: Leftovers\n|upkeep\n|turn|13\n|inactive|Time left: 300 sec this turn | 300 sec total\n|\n|t:|1783559369\n|move|p2a: Typhlosion|Eruption|p1a: Necrozma\n|-damage|p1a: Necrozma|69/100\n|move|p1a: Necrozma|Photon Geyser|p2a: Typhlosion\n|-damage|p2a: Typhlosion|0 fnt\n|faint|p2a: Typhlosion\n|\n|-heal|p1a: Necrozma|75/100|[from] item: Leftovers\n|upkeep\n|inactive|Time left: 300 sec this turn | 300 sec total | 5 sec grace\n|\n|t:|1783559370\n|switch|p2a: Muk|Muk, L86, F|274/321\n|turn|14\n|inactive|Time left: 300 sec this turn | 300 sec total\n|\n|t:|1783559371\n|-terastallize|p2a: Muk|Dark\n|move|p1a: Necrozma|Photon Geyser|p2a: Muk\n|-immune|p2a: Muk\n|move|p2a: Muk|Knock Off|p1a: Necrozma\n|-supereffective|p1a: Necrozma\n|-damage|p1a: Necrozma|21/100\n|-status|p1a: Necrozma|psn|[from] ability: Poison Touch|[of] p2a: Muk\n|-enditem|p1a: Necrozma|Leftovers|[from] move: Knock Off|[of] p2a: Muk\n|\n|-damage|p1a: Necrozma|9/100 psn|[from] psn\n|upkeep\n|turn|15\n|inactive|Time left: 300 sec this turn | 300 sec total\n|\n|t:|1783559372\n|move|p1a: Necrozma|Moonlight|p1a: Necrozma\n|-heal|p1a: Necrozma|59/100 psn\n|move|p2a: Muk|Knock Off|p1a: Necrozma\n|-supereffective|p1a: Necrozma\n|-damage|p1a: Necrozma|18/100 psn\n|\n|-damage|p1a: Necrozma|5/100 psn|[from] psn\n|upkeep\n|turn|16\n|inactive|Time left: 300 sec this turn | 300 sec total\n|\n|t:|1783559373\n|move|p1a: Necrozma|Earth Power|p2a: Muk\n|-damage|p2a: Muk|205/321\n|move|p2a: Muk|Poison Jab|p1a: Necrozma\n|-damage|p1a: Necrozma|0 fnt\n|faint|p1a: Necrozma\n|\n|upkeep\n|\n|t:|1783559374\n|switch|p1a: Scyther|Scyther, L82, M|100/100\n|turn|17\n|inactive|Time left: 300 sec this turn | 300 sec total\n|\n|t:|1783559375\n|move|p1a: Scyther|Swords Dance|p1a: Scyther\n|-boost|p1a: Scyther|atk|2\n|move|p2a: Muk|Knock Off|p1a: Scyther\n|-damage|p1a: Scyther|51/100\n|-enditem|p1a: Scyther|Heavy-Duty Boots|[from] move: Knock Off|[of] p2a: Muk\n|\n|upkeep\n|turn|18\n|inactive|Time left: 300 sec this turn | 300 sec total\n|\n|t:|1783559376\n|move|p1a: Scyther|Bug Bite|p2a: Muk\n|-supereffective|p2a: Muk\n|-damage|p2a: Muk|0 fnt\n|faint|p2a: Muk\n|\n|upkeep\n|inactive|Time left: 300 sec this turn | 300 sec total | 5 sec grace\n|\n|t:|1783559377\n|switch|p2a: Kyurem|Kyurem-Black, L71|295/295\n|-ability|p2a: Kyurem|Teravolt\n|turn|19\n|inactive|Time left: 300 sec this turn | 300 sec total\n|\n|t:|1783559378\n|switch|p2a: Iron Treads|Iron Treads, L77|265/265\n|-terastallize|p1a: Scyther|Fighting\n|move|p1a: Scyther|Close Combat|p2a: Iron Treads\n|-supereffective|p2a: Iron Treads\n|-damage|p2a: Iron Treads|0 fnt\n|-unboost|p1a: Scyther|def|1\n|-unboost|p1a: Scyther|spd|1\n|faint|p2a: Iron Treads\n|-end|p2a: Iron Treads|Quark Drive|[silent]\n|\n|upkeep\n|inactive|Time left: 300 sec this turn | 300 sec total | 5 sec grace\n|\n|t:|1783559379\n|switch|p2a: Kyurem|Kyurem-Black, L71|295/295\n|-ability|p2a: Kyurem|Teravolt\n|turn|20\n|inactive|Time left: 300 sec this turn | 300 sec total\n|\n|t:|1783559379\n|move|p1a: Scyther|Close Combat|p2a: Kyurem\n|-supereffective|p2a: Kyurem\n|-damage|p2a: Kyurem|0 fnt\n|-unboost|p1a: Scyther|def|1\n|-unboost|p1a: Scyther|spd|1\n|faint|p2a: Kyurem\n|\n|win|p0x16681703", "uploadtime": 1783559379, "views": 0, "rating": 0, "private": 0, "password": null, "_winner": "p0x16681703", "_our_name": "p0y1668f4ca"}