{"id": "battle-gen9randombattle-2232", "formatid": "gen9randombattle", "format": "[Gen 9] Random Battle", "players": ["p0x2232d0de", "p0y2232db8a"], "log": "|init|battle\n|title|p0x2232d0de vs. p0y2232db8a\n|j|\u2606p0x2232d0de\n|j|\u2606p0y2232db8a\n|t:|1783565877\n|gametype|singles\n|player|p1|p0x2232d0de|1|\n|player|p2|p0y2232db8a|1|\n|gen|9\n|tier|[Gen 9] Random Battle\n|rule|Species Clause: Limit one of each Pok\u00e9mon\n|rule|HP Percentage Mod: HP is shown in percentages\n|rule|Sleep Clause Mod: Limit one foe put to sleep\n|rule|Illusion Level Mod: Illusion disguises the Pok\u00e9mon's true level\n|\n|t:|1783565877\n|teamsize|p1|6\n|teamsize|p2|6\n|start\n|switch|p1a: Great Tusk|Great Tusk, L77|100/100\n|switch|p2a: Kingdra|Kingdra, L84, M|263/263\n|turn|1\n|inactive|Battle timer is ON: inactive players will automatically lose when time's up. (requested by p0y2232db8a)\n|\n|t:|1783565878\n|move|p2a: Kingdra|Dragon Dance|p2a: Kingdra\n|-boost|p2a: Kingdra|atk|1\n|-boost|p2a: Kingdra|spe|1\n|move|p1a: Great Tusk|Earthquake|p2a: Kingdra\n|-damage|p2a: Kingdra|152/263\n|\n|upkeep\n|turn|2\n|inactive|Time left: 300 sec this turn | 300 sec total\n|inactive|p0x2232d0de also wants the timer to be on.\n|\n|t:|1783565879\n|move|p2a: Kingdra|Outrage|p1a: Great Tusk\n|-damage|p1a: Great Tusk|53/100\n|move|p1a: Great Tusk|Earthquake|p2a: Kingdra\n|-damage|p2a: Kingdra|47/263\n|\n|-heal|p1a: Great Tusk|59/100|[from] item: Leftovers\n|upkeep\n|turn|3\n|inactive|Time left: 300 sec this turn | 300 sec total\n|\n|t:|1783565881\n|move|p2a: Kingdra|Outrage|p1a: Great Tusk|[from] lockedmove\n|-damage|p1a: Great Tusk|14/100\n|move|p1a: Great Tusk|Earthquake|p2a: Kingdra\n|-damage|p2a: Kingdra|0 fnt\n|faint|p2a: Kingdra\n|\n|-heal|p1a: Great Tusk|20/100|[from] item: Leftovers\n|upkeep\n|inactive|Time left: 300 sec this turn | 300 sec total | 5 sec grace\n|\n|t:|1783565882\n|switch|p2a: Gardevoir|Gardevoir, L83, F|249/249\n|turn|4\n|inactive|Time left: 300 sec this turn | 300 sec total\n|\n|t:|1783565883\n|-end|p1a: Great Tusk|Protosynthesis|[silent]\n|switch|p1a: Golduck|Golduck, L90, F|100/100\n|-ability|p2a: Gardevoir|Cloud Nine|Trace|[from] ability: Trace|[of] p1a: Golduck\n|-ability|p1a: Golduck|Cloud Nine\n|move|p2a: Gardevoir|Moonblast|p1a: Golduck\n|-damage|p1a: Golduck|45/100\n|-unboost|p1a: Golduck|spa|1\n|-damage|p2a: Gardevoir|225/249|[from] item: Life Orb\n|\n|-heal|p1a: Golduck|51/100|[from] item: Leftovers\n|upkeep\n|turn|5\n|inactive|Time left: 300 sec this turn | 300 sec total\n|\n|t:|1783565884\n|move|p1a: Golduck|Ice Beam|p2a: Gardevoir\n|-damage|p2a: Gardevoir|184/249\n|-status|p2a: Gardevoir|frz\n|cant|p2a: Gardevoir|frz\n|\n|-heal|p1a: Golduck|57/100|[from] item: Leftovers\n|upkeep\n|turn|6\n|inactive|Time left: 300 sec this turn | 300 sec total\n|\n|t:|1783565885\n|move|p1a: Golduck|Nasty Plot|p1a: Golduck\n|-boost|p1a: Golduck|spa|2\n|cant|p2a: Gardevoir|frz\n|\n|-heal|p1a: Golduck|64/100|[from] item: Leftovers\n|upkeep\n|turn|7\n|inactive|Time left: 300 sec this turn | 300 sec total\n|\n|t:|1783565886\n|move|p1a: Golduck|Hydro Pump|p2a: Gardevoir\n|-damage|p2a: Gardevoir|31/249 frz\n|-curestatus|p2a: Gardevoir|frz|[msg]\n|move|p2a: Gardevoir|Calm Mind|p2a: Gardevoir\n|-boost|p2a: Gardevoir|spa|1\n|-boost|p2a: Gardevoir|spd|1\n|\n|-heal|p1a: Golduck|70/100|[from] item: Leftovers\n|upkeep\n|turn|8\n|inactive|Time left: 300 sec this turn | 300 sec total\n|\n|t:|1783565887\n|move|p1a: Golduck|Hydro Pump|p2a: Gardevoir\n|-damage|p2a: Gardevoir|0 fnt\n|faint|p2a: Gardevoir\n|\n|-heal|p1a: Golduck|76/100|[from] item: Leftovers\n|upkeep\n|inactive|Time left: 300 sec this turn | 300 sec total | 5 sec grace\n|\n|t:|1783565888\n|switch|p2a: Leafeon|Leafeon, L88, F|258/258\n|turn|9\n|inactive|Time left: 300 sec this turn | 300 sec total\n|\n|t:|1783565889\n|switch|p1a: Rayquaza|Rayquaza, L72|100/100\n|-ability|p1a: Rayquaza|Air Lock\n|move|p2a: Leafeon|Leaf Blade|p1a: Rayquaza\n|-resisted|p1a: Rayquaza\n|-damage|p1a: Rayquaza|84/100\n|-damage|p2a: Leafeon|233/258|[from] item: Life Orb\n|\n|upkeep\n|turn|10\n|inactive|Time left: 300 sec this turn | 300 sec total\n|\n|t:|1783565890\n|move|p2a: Leafeon|Swords Dance|p2a: Leafeon\n|-boost|p2a: Leafeon|atk|2\n|move|p1a: Rayquaza|Dragon Ascent|p2a: Leafeon\n|-supereffective|p2a: Leafeon\n|-damage|p2a: Leafeon|45/258\n|-unboost|p1a: Rayquaza|def|1\n|-unboost|p1a: Rayquaza|spd|1\n|\n|upkeep\n|turn|11\n|inactive|Time left: 300 sec this turn | 300 sec total\n|\n|t:|1783565891\n|switch|p1a: Great Tusk|Great Tusk, L77|20/100\n|move|p2a: Leafeon|Knock Off|p1a: Great Tusk\n|-resisted|p1a: Great Tusk\n|-damage|p1a: Great Tusk|0 fnt\n|-enditem|p1a: Great Tusk|Leftovers|[from] move: Knock Off|[of] p2a: Leafeon\n|faint|p1a: Great Tusk\n|-end|p1a: Great Tusk|Protosynthesis|[silent]\n|-damage|p2a: Leafeon|20/258|[from] item: Life Orb\n|\n|upkeep\n|\n|t:|1783565892\n|switch|p1a: Mismagius|Mismagius, L86, F|100/100\n|turn|12\n|inactive|Time left: 300 sec this turn | 300 sec total\n|\n|t:|1783565893\n|switch|p2a: Furret|Furret, L94, M|312/312\n|-item|p1a: Mismagius|Leftovers|[from] ability: Frisk|[of] p2a: Furret\n|move|p1a: Mismagius|Tera Blast|p2a: Furret\n|-damage|p2a: Furret|226/312\n|\n|upkeep\n|turn|13\n|inactive|Time left: 300 sec this turn | 300 sec total\n|\n|t:|1783565895\n|-terastallize|p1a: Mismagius|Fighting\n|move|p1a: Mismagius|Tera Blast|p2a: Furret|[anim] Tera Blast Fighting\n|-supereffective|p2a: Furret\n|-damage|p2a: Furret|0 fnt\n|faint|p2a: Furret\n|\n|upkeep\n|inactive|Time left: 300 sec this turn | 300 sec total | 5 sec grace\n|\n|t:|1783565896\n|switch|p2a: Reuniclus|Reuniclus, L88, M|337/337\n|turn|14\n|inactive|Time left: 300 sec this turn | 300 sec total\n|\n|t:|1783565897\n|move|p1a: Mismagius|Substitute|p1a: Mismagius\n|-start|p1a: Mismagius|Substitute\n|-damage|p1a: Mismagius|76/100\n|move|p2a: Reuniclus|Psyshock|p1a: Mismagius\n|-supereffective|p1a: Mismagius\n|-end|p1a: Mismagius|Substitute\n|\n|-heal|p1a: Mismagius|82/100|[from] item: Leftovers\n|upkeep\n|turn|15\n|inactive|Time left: 300 sec this turn | 300 sec total\n|\n|t:|1783565898\n|move|p1a: Mismagius|Substitute|p1a: Mismagius\n|-start|p1a: Mismagius|Substitute\n|-damage|p1a: Mismagius|57/100\n|move|p2a: Reuniclus|Psyshock|p1a: Mismagius\n|-supereffective|p1a: Mismagius\n|-end|p1a: Mismagius|Substitute\n|\n|-heal|p1a: Mismagius|63/100|[from] item: Leftovers\n|upkeep\n|turn|16\n|inactive|Time left: 300 sec this turn | 300 sec total\n|\n|t:|1783565899\n|move|p1a: Mismagius|Shadow Ball|p2a: Reuniclus\n|-supereffective|p2a: Reuniclus\n|-damage|p2a: Reuniclus|163/337\n|move|p2a: Reuniclus|Psyshock|p1a: Mismagius\n|-supereffective|p1a: Mismagius\n|-damage|p1a: Mismagius|0 fnt\n|faint|p1a: Mismagius\n|\n|upkeep\n|\n|t:|1783565900\n|switch|p1a: Rayquaza|Rayquaza, L72|84/100\n|-ability|p1a: Rayquaza|Air Lock\n|turn|17\n|inactive|Time left: 300 sec this turn | 300 sec total\n|\n|t:|1783565901\n|move|p1a: Rayquaza|Swords Dance|p1a: Rayquaza\n|-boost|p1a: Rayquaza|atk|2\n|move|p2a: Reuniclus|Recover|p2a: Reuniclus\n|-heal|p2a: Reuniclus|332/337\n|\n|upkeep\n|turn|18\n|inactive|Time left: 300 sec this turn | 300 sec total\n|\n|t:|1783565902\n|move|p1a: Rayquaza|Swords Dance|p1a: Rayquaza\n|-boost|p1a: Rayquaza|atk|2\n|move|p2a: Reuniclus|Psyshock|p1a: Rayquaza\n|-damage|p1a: Rayquaza|20/100\n|\n|upkeep\n|turn|19\n|inactive|Time left: 300 sec this turn | 300 sec total\n|\n|t:|1783565903\n|switch|p2a: Leafeon|Leafeon, L88, F|20/258\n|move|p1a: Rayquaza|Dragon Ascent|p2a: Leafeon\n|-supereffective|p2a: Leafeon\n|-damage|p2a: Leafeon|0 fnt\n|-unboost|p1a: Rayquaza|def|1\n|-unboost|p1a: Rayquaza|spd|1\n|faint|p2a: Leafeon\n|\n|upkeep\n|inactive|Time left: 300 sec this turn | 300 sec total | 5 sec grace\n|\n|t:|1783565904\n|switch|p2a: Hitmonlee|Hitmonlee, L85, M|224/224\n|turn|20\n|inactive|Time left: 300 sec this turn | 300 sec total\n|\n|t:|1783565905\n|move|p2a: Hitmonlee|Close Combat|p1a: Rayquaza\n|-resisted|p1a: Rayquaza\n|-damage|p1a: Rayquaza|0 fnt\n|-unboost|p2a: Hitmonlee|def|1\n|-unboost|p2a: Hitmonlee|spd|1\n|faint|p1a: Rayquaza\n|-enditem|p2a: Hitmonlee|White Herb\n|-clearnegativeboost|p2a: Hitmonlee|[silent]\n|\n|upkeep\n|\n|t:|1783565905\n|switch|p1a: Iron Boulder|Iron Boulder, L77|100/100\n|turn|21\n|inactive|Time left: 300 sec this turn | 300 sec total\n|\n|t:|1783565907\n|move|p2a: Hitmonlee|Knock Off|p1a: Iron Boulder\n|-supereffective|p1a: Iron Boulder\n|-damage|p1a: Iron Boulder|33/100\n|-enditem|p1a: Iron Boulder|Life Orb|[from] move: Knock Off|[of] p2a: Hitmonlee\n|move|p1a: Iron Boulder|Zen Headbutt|p2a: Hitmonlee\n|-supereffective|p2a: Hitmonlee\n|-damage|p2a: Hitmonlee|0 fnt\n|faint|p2a: Hitmonlee\n|\n|upkeep\n|inactive|Time left: 300 sec this turn | 300 sec total | 5 sec grace\n|\n|t:|1783565907\n|switch|p2a: Reuniclus|Reuniclus, L88, M|332/337\n|turn|22\n|inactive|Time left: 300 sec this turn | 300 sec total\n|\n|t:|1783565908\n|move|p1a: Iron Boulder|Zen Headbutt|p2a: Reuniclus\n|-resisted|p2a: Reuniclus\n|-damage|p2a: Reuniclus|286/337\n|move|p2a: Reuniclus|Calm Mind|p2a: Reuniclus\n|-boost|p2a: Reuniclus|spa|1\n|-boost|p2a: Reuniclus|spd|1\n|\n|upkeep\n|turn|23\n|inactive|Time left: 300 sec this turn | 300 sec total\n|\n|t:|1783565909\n|move|p1a: Iron Boulder|Zen Headbutt|p2a: Reuniclus\n|-resisted|p2a: Reuniclus\n|-damage|p2a: Reuniclus|240/337\n|move|p2a: Reuniclus|Psyshock|p1a: Iron Boulder\n|-resisted|p1a: Iron Boulder\n|-damage|p1a: Iron Boulder|0 fnt\n|faint|p1a: Iron Boulder\n|-end|p1a: Iron Boulder|Quark Drive|[silent]\n|\n|upkeep\n|\n|t:|1783565911\n|switch|p1a: Cryogonal|Cryogonal, L89|100/100\n|turn|24\n|inactive|Time left: 300 sec this turn | 300 sec total\n|\n|t:|1783565912\n|-terastallize|p2a: Reuniclus|Fighting\n|move|p1a: Cryogonal|Haze|p1a: Cryogonal\n|-clearallboost\n|move|p2a: Reuniclus|Psyshock|p1a: Cryogonal\n|-damage|p1a: Cryogonal|28/100\n|\n|upkeep\n|turn|25\n|inactive|Time left: 300 sec this turn | 300 sec total\n|\n|t:|1783565913\n|move|p1a: Cryogonal|Freeze-Dry|p2a: Reuniclus\n|-damage|p2a: Reuniclus|153/337\n|move|p2a: Reuniclus|Calm Mind|p2a: Reuniclus\n|-boost|p2a: Reuniclus|spa|1\n|-boost|p2a: Reuniclus|spd|1\n|\n|upkeep\n|turn|26\n|inactive|Time left: 300 sec this turn | 300 sec total\n|\n|t:|1783565914\n|move|p1a: Cryogonal|Haze|p1a: Cryogonal\n|-clearallboost\n|move|p2a: Reuniclus|Psyshock|p1a: Cryogonal\n|-damage|p1a: Cryogonal|0 fnt\n|faint|p1a: Cryogonal\n|\n|upkeep\n|\n|t:|1783565914\n|switch|p1a: Golduck|Golduck, L90, F|76/100\n|-ability|p1a: Golduck|Cloud Nine\n|turn|27\n|inactive|Time left: 300 sec this turn | 300 sec total\n|\n|t:|1783565915\n|move|p1a: Golduck|Nasty Plot|p1a: Golduck\n|-boost|p1a: Golduck|spa|2\n|move|p2a: Reuniclus|Focus Blast|p1a: Golduck\n|-damage|p1a: Golduck|0 fnt\n|faint|p1a: Golduck\n|\n|win|p0y2232db8a", "uploadtime": 1783565915, "views": 0, "rating": 0, "private": 0, "password": null, "_winner": "p0y2232db8a", "_our_name": "p0y2232db8a"}