{"id": "battle-gen9randombattle-2149", "formatid": "gen9randombattle", "format": "[Gen 9] Random Battle", "players": ["p0x214959d4", "p0y21498f25"], "log": "|init|battle\n|title|p0x214959d4 vs. p0y21498f25\n|j|\u2606p0x214959d4\n|j|\u2606p0y21498f25\n|t:|1783564870\n|gametype|singles\n|player|p1|p0x214959d4|169|\n|player|p2|p0y21498f25|101|\n|gen|9\n|tier|[Gen 9] Random Battle\n|rule|Species Clause: Limit one of each Pok\u00e9mon\n|rule|HP Percentage Mod: HP is shown in percentages\n|rule|Sleep Clause Mod: Limit one foe put to sleep\n|rule|Illusion Level Mod: Illusion disguises the Pok\u00e9mon's true level\n|\n|t:|1783564870\n|teamsize|p1|6\n|teamsize|p2|6\n|start\n|switch|p1a: Meloetta|Meloetta, L82|100/100\n|switch|p2a: Scovillain|Scovillain, L91, F|266/266\n|turn|1\n|inactive|Battle timer is ON: inactive players will automatically lose when time's up. (requested by p0y21498f25)\n|inactive|p0x214959d4 also wants the timer to be on.\n|\n|t:|1783564871\n|move|p1a: Meloetta|Hyper Voice|p2a: Scovillain\n|-damage|p2a: Scovillain|88/266\n|move|p2a: Scovillain|Fire Blast|p1a: Meloetta\n|-damage|p1a: Meloetta|62/100\n|\n|upkeep\n|turn|2\n|inactive|Time left: 300 sec this turn | 300 sec total\n|\n|t:|1783564872\n|switch|p2a: Misdreavus|Misdreavus, L90, M|254/254\n|move|p1a: Meloetta|Hyper Voice|p2a: Misdreavus\n|-immune|p2a: Misdreavus\n|\n|upkeep\n|turn|3\n|inactive|Time left: 300 sec this turn | 300 sec total\n|\n|t:|1783564873\n|move|p2a: Misdreavus|Calm Mind|p2a: Misdreavus\n|-boost|p2a: Misdreavus|spa|1\n|-boost|p2a: Misdreavus|spd|1\n|move|p1a: Meloetta|Hyper Voice|p2a: Misdreavus\n|-immune|p2a: Misdreavus\n|\n|upkeep\n|turn|4\n|inactive|Time left: 300 sec this turn | 300 sec total\n|\n|t:|1783564874\n|move|p2a: Misdreavus|Calm Mind|p2a: Misdreavus\n|-boost|p2a: Misdreavus|spa|1\n|-boost|p2a: Misdreavus|spd|1\n|move|p1a: Meloetta|Hyper Voice|p2a: Misdreavus\n|-immune|p2a: Misdreavus\n|\n|upkeep\n|turn|5\n|inactive|Time left: 300 sec this turn | 300 sec total\n|\n|t:|1783564874\n|move|p2a: Misdreavus|Calm Mind|p2a: Misdreavus\n|-boost|p2a: Misdreavus|spa|1\n|-boost|p2a: Misdreavus|spd|1\n|move|p1a: Meloetta|Hyper Voice|p2a: Misdreavus\n|-immune|p2a: Misdreavus\n|\n|upkeep\n|turn|6\n|inactive|Time left: 300 sec this turn | 300 sec total\n|\n|t:|1783564876\n|switch|p1a: Snorlax|Snorlax, L82, F|100/100\n|move|p2a: Misdreavus|Shadow Ball|p1a: Snorlax\n|-immune|p1a: Snorlax\n|\n|upkeep\n|turn|7\n|inactive|Time left: 300 sec this turn | 300 sec total\n|\n|t:|1783564877\n|move|p2a: Misdreavus|Will-O-Wisp|p1a: Snorlax|[miss]\n|-miss|p2a: Misdreavus|p1a: Snorlax\n|move|p1a: Snorlax|Earthquake|p2a: Misdreavus\n|-immune|p2a: Misdreavus|[from] ability: Levitate\n|\n|upkeep\n|turn|8\n|inactive|Time left: 300 sec this turn | 300 sec total\n|\n|t:|1783564878\n|move|p2a: Misdreavus|Will-O-Wisp|p1a: Snorlax\n|-status|p1a: Snorlax|brn\n|move|p1a: Snorlax|Body Slam|p2a: Misdreavus\n|-immune|p2a: Misdreavus\n|\n|-damage|p1a: Snorlax|94/100 brn|[from] brn\n|upkeep\n|turn|9\n|inactive|Time left: 300 sec this turn | 300 sec total\n|\n|t:|1783564879\n|move|p2a: Misdreavus|Calm Mind|p2a: Misdreavus\n|-boost|p2a: Misdreavus|spa|1\n|-boost|p2a: Misdreavus|spd|1\n|move|p1a: Snorlax|Rest|p1a: Snorlax\n|-status|p1a: Snorlax|slp|[from] move: Rest\n|-heal|p1a: Snorlax|100/100 slp|[silent]\n|-enditem|p1a: Snorlax|Chesto Berry|[eat]\n|-curestatus|p1a: Snorlax|slp|[msg]\n|\n|upkeep\n|turn|10\n|inactive|Time left: 300 sec this turn | 300 sec total\n|\n|t:|1783564880\n|switch|p1a: Meloetta|Meloetta, L82|62/100\n|move|p2a: Misdreavus|Draining Kiss|p1a: Meloetta\n|-damage|p1a: Meloetta|31/100\n|\n|upkeep\n|turn|11\n|inactive|Time left: 300 sec this turn | 300 sec total\n|\n|t:|1783564881\n|move|p2a: Misdreavus|Draining Kiss|p1a: Meloetta\n|-damage|p1a: Meloetta|1/100\n|move|p1a: Meloetta|Psyshock|p2a: Misdreavus\n|-damage|p2a: Misdreavus|128/254\n|\n|upkeep\n|turn|12\n|inactive|Time left: 300 sec this turn | 300 sec total\n|\n|t:|1783564882\n|move|p2a: Misdreavus|Draining Kiss|p1a: Meloetta\n|-damage|p1a: Meloetta|0 fnt\n|-heal|p2a: Misdreavus|130/254|[from] drain|[of] p1a: Meloetta\n|faint|p1a: Meloetta\n|\n|upkeep\n|\n|t:|1783564883\n|switch|p1a: Zarude|Zarude, L77|100/100\n|turn|13\n|inactive|Time left: 300 sec this turn | 300 sec total\n|\n|t:|1783564884\n|-terastallize|p2a: Misdreavus|Fairy\n|move|p1a: Zarude|Power Whip|p2a: Misdreavus\n|-damage|p2a: Misdreavus|0 fnt\n|faint|p2a: Misdreavus\n|\n|upkeep\n|inactive|Time left: 300 sec this turn | 300 sec total | 5 sec grace\n|\n|t:|1783564885\n|switch|p2a: Toxicroak|Toxicroak, L84, F|277/277\n|turn|14\n|inactive|Time left: 300 sec this turn | 300 sec total\n|\n|t:|1783564887\n|move|p1a: Zarude|Power Whip|p2a: Toxicroak\n|-resisted|p2a: Toxicroak\n|-damage|p2a: Toxicroak|157/277\n|move|p2a: Toxicroak|Close Combat|p1a: Zarude\n|-supereffective|p1a: Zarude\n|-damage|p1a: Zarude|0 fnt\n|-unboost|p2a: Toxicroak|def|1\n|-unboost|p2a: Toxicroak|spd|1\n|faint|p1a: Zarude\n|\n|upkeep\n|\n|t:|1783564888\n|switch|p1a: Torterra|Torterra, L78, F|100/100\n|turn|15\n|inactive|Time left: 300 sec this turn | 300 sec total\n|\n|t:|1783564889\n|move|p2a: Toxicroak|Close Combat|p1a: Torterra\n|-damage|p1a: Torterra|27/100\n|-unboost|p2a: Toxicroak|def|1\n|-unboost|p2a: Toxicroak|spd|1\n|move|p1a: Torterra|Shell Smash|p1a: Torterra\n|-unboost|p1a: Torterra|def|1\n|-unboost|p1a: Torterra|spd|1\n|-boost|p1a: Torterra|atk|2\n|-boost|p1a: Torterra|spa|2\n|-boost|p1a: Torterra|spe|2\n|\n|upkeep\n|turn|16\n|inactive|Time left: 300 sec this turn | 300 sec total\n|\n|t:|1783564890\n|switch|p2a: Skarmory|Skarmory, L80, F|235/235\n|move|p1a: Torterra|Bullet Seed|p2a: Skarmory\n|-resisted|p2a: Skarmory\n|-damage|p2a: Skarmory|220/235\n|-resisted|p2a: Skarmory\n|-damage|p2a: Skarmory|207/235\n|-resisted|p2a: Skarmory\n|-damage|p2a: Skarmory|194/235\n|-resisted|p2a: Skarmory\n|-damage|p2a: Skarmory|180/235\n|-hitcount|p2a: Skarmory|4\n|\n|-heal|p2a: Skarmory|194/235|[from] item: Leftovers\n|upkeep\n|turn|17\n|inactive|Time left: 300 sec this turn | 300 sec total\n|\n|t:|1783564891\n|move|p1a: Torterra|Bullet Seed|p2a: Skarmory\n|-resisted|p2a: Skarmory\n|-damage|p2a: Skarmory|180/235\n|-resisted|p2a: Skarmory\n|-damage|p2a: Skarmory|167/235\n|-resisted|p2a: Skarmory\n|-damage|p2a: Skarmory|154/235\n|-resisted|p2a: Skarmory\n|-damage|p2a: Skarmory|142/235\n|-resisted|p2a: Skarmory\n|-damage|p2a: Skarmory|128/235\n|-hitcount|p2a: Skarmory|5\n|move|p2a: Skarmory|Brave Bird|p1a: Torterra\n|-supereffective|p1a: Torterra\n|-damage|p1a: Torterra|0 fnt\n|faint|p1a: Torterra\n|-damage|p2a: Skarmory|104/235|[from] Recoil\n|\n|-heal|p2a: Skarmory|118/235|[from] item: Leftovers\n|upkeep\n|\n|t:|1783564892\n|switch|p1a: Pincurchin|Pincurchin, M|100/100\n|-fieldstart|move: Electric Terrain|[from] ability: Electric Surge|[of] p1a: Pincurchin\n|turn|18\n|inactive|Time left: 300 sec this turn | 300 sec total\n|\n|t:|1783564893\n|move|p2a: Skarmory|Roost|p2a: Skarmory\n|-heal|p2a: Skarmory|235/235\n|-singleturn|p2a: Skarmory|move: Roost\n|move|p1a: Pincurchin|Zing Zap|p2a: Skarmory\n|-damage|p2a: Skarmory|120/235\n|\n|-heal|p2a: Skarmory|134/235|[from] item: Leftovers\n|upkeep\n|turn|19\n|inactive|Time left: 300 sec this turn | 300 sec total\n|\n|t:|1783564895\n|move|p2a: Skarmory|Roost|p2a: Skarmory\n|-heal|p2a: Skarmory|235/235\n|-singleturn|p2a: Skarmory|move: Roost\n|move|p1a: Pincurchin|Zing Zap|p2a: Skarmory\n|-damage|p2a: Skarmory|109/235\n|\n|-heal|p2a: Skarmory|123/235|[from] item: Leftovers\n|upkeep\n|turn|20\n|inactive|Time left: 300 sec this turn | 300 sec total\n|\n|t:|1783564896\n|move|p2a: Skarmory|Roost|p2a: Skarmory\n|-heal|p2a: Skarmory|235/235\n|-singleturn|p2a: Skarmory|move: Roost\n|move|p1a: Pincurchin|Zing Zap|p2a: Skarmory\n|-damage|p2a: Skarmory|121/235\n|\n|-heal|p2a: Skarmory|135/235|[from] item: Leftovers\n|upkeep\n|turn|21\n|inactive|Time left: 300 sec this turn | 300 sec total\n|\n|t:|1783564897\n|move|p2a: Skarmory|Roost|p2a: Skarmory\n|-heal|p2a: Skarmory|235/235\n|-singleturn|p2a: Skarmory|move: Roost\n|move|p1a: Pincurchin|Zing Zap|p2a: Skarmory\n|-damage|p2a: Skarmory|115/235\n|\n|-heal|p2a: Skarmory|129/235|[from] item: Leftovers\n|upkeep\n|turn|22\n|inactive|Time left: 300 sec this turn | 300 sec total\n|\n|t:|1783564898\n|move|p2a: Skarmory|Roost|p2a: Skarmory\n|-heal|p2a: Skarmory|235/235\n|-singleturn|p2a: Skarmory|move: Roost\n|move|p1a: Pincurchin|Zing Zap|p2a: Skarmory\n|-damage|p2a: Skarmory|117/235\n|\n|-heal|p2a: Skarmory|131/235|[from] item: Leftovers\n|-fieldend|move: Electric Terrain\n|upkeep\n|turn|23\n|inactive|Time left: 300 sec this turn | 300 sec total\n|\n|t:|1783564899\n|move|p2a: Skarmory|Roost|p2a: Skarmory\n|-heal|p2a: Skarmory|235/235\n|-singleturn|p2a: Skarmory|move: Roost\n|move|p1a: Pincurchin|Zing Zap|p2a: Skarmory\n|-damage|p2a: Skarmory|142/235\n|\n|-heal|p2a: Skarmory|156/235|[from] item: Leftovers\n|upkeep\n|turn|24\n|inactive|Time left: 300 sec this turn | 300 sec total\n|\n|t:|1783564900\n|move|p2a: Skarmory|Iron Defense|p2a: Skarmory\n|-boost|p2a: Skarmory|def|2\n|move|p1a: Pincurchin|Zing Zap|p2a: Skarmory\n|-supereffective|p2a: Skarmory\n|-damage|p2a: Skarmory|54/235\n|\n|-heal|p2a: Skarmory|68/235|[from] item: Leftovers\n|upkeep\n|turn|25\n|inactive|Time left: 300 sec this turn | 300 sec total\n|\n|t:|1783564901\n|move|p2a: Skarmory|Roost|p2a: Skarmory\n|-heal|p2a: Skarmory|186/235\n|-singleturn|p2a: Skarmory|move: Roost\n|move|p1a: Pincurchin|Curse|p1a: Pincurchin\n|-unboost|p1a: Pincurchin|spe|1\n|-boost|p1a: Pincurchin|atk|1\n|-boost|p1a: Pincurchin|def|1\n|\n|-heal|p2a: Skarmory|200/235|[from] item: Leftovers\n|upkeep\n|turn|26\n|inactive|Time left: 300 sec this turn | 300 sec total\n|\n|t:|1783564902\n|move|p2a: Skarmory|Iron Defense|p2a: Skarmory\n|-boost|p2a: Skarmory|def|2\n|move|p1a: Pincurchin|Zing Zap|p2a: Skarmory\n|-supereffective|p2a: Skarmory\n|-damage|p2a: Skarmory|108/235\n|\n|-heal|p2a: Skarmory|122/235|[from] item: Leftovers\n|upkeep\n|turn|27\n|inactive|Time left: 300 sec this turn | 300 sec total\n|\n|t:|1783564903\n|move|p2a: Skarmory|Roost|p2a: Skarmory\n|-heal|p2a: Skarmory|235/235\n|-singleturn|p2a: Skarmory|move: Roost\n|move|p1a: Pincurchin|Curse|p1a: Pincurchin\n|-unboost|p1a: Pincurchin|spe|1\n|-boost|p1a: Pincurchin|atk|1\n|-boost|p1a: Pincurchin|def|1\n|\n|upkeep\n|turn|28\n|inactive|Time left: 300 sec this turn | 300 sec total\n|\n|t:|1783564904\n|move|p2a: Skarmory|Iron Defense|p2a: Skarmory\n|-boost|p2a: Skarmory|def|2\n|move|p1a: Pincurchin|Zing Zap|p2a: Skarmory\n|-supereffective|p2a: Skarmory\n|-damage|p2a: Skarmory|145/235\n|\n|-heal|p2a: Skarmory|159/235|[from] item: Leftovers\n|upkeep\n|turn|29\n|inactive|Time left: 300 sec this turn | 300 sec total\n|\n|t:|1783564905\n|move|p2a: Skarmory|Body Press|p1a: Pincurchin\n|-damage|p1a: Pincurchin|60/100\n|move|p1a: Pincurchin|Zing Zap|p2a: Skarmory\n|-supereffective|p2a: Skarmory\n|-damage|p2a: Skarmory|63/235\n|\n|-heal|p2a: Skarmory|77/235|[from] item: Leftovers\n|-heal|p1a: Pincurchin|66/100|[from] item: Leftovers\n|upkeep\n|turn|30\n|inactive|Time left: 300 sec this turn | 300 sec total\n|\n|t:|1783564906\n|move|p2a: Skarmory|Body Press|p1a: Pincurchin\n|-damage|p1a: Pincurchin|25/100\n|move|p1a: Pincurchin|Recover|p1a: Pincurchin\n|-heal|p1a: Pincurchin|75/100\n|\n|-heal|p2a: Skarmory|91/235|[from] item: Leftovers\n|-heal|p1a: Pincurchin|82/100|[from] item: Leftovers\n|upkeep\n|turn|31\n|inactive|Time left: 300 sec this turn | 300 sec total\n|\n|t:|1783564907\n|move|p2a: Skarmory|Body Press|p1a: Pincurchin\n|-damage|p1a: Pincurchin|37/100\n|move|p1a: Pincurchin|Zing Zap|p2a: Skarmory\n|-supereffective|p2a: Skarmory\n|-damage|p2a: Skarmory|5/235\n|\n|-heal|p2a: Skarmory|19/235|[from] item: Leftovers\n|-heal|p1a: Pincurchin|44/100|[from] item: Leftovers\n|upkeep\n|turn|32\n|inactive|Time left: 300 sec this turn | 300 sec total\n|\n|t:|1783564908\n|move|p2a: Skarmory|Body Press|p1a: Pincurchin\n|-damage|p1a: Pincurchin|4/100\n|move|p1a: Pincurchin|Recover|p1a: Pincurchin\n|-heal|p1a: Pincurchin|54/100\n|\n|-heal|p2a: Skarmory|33/235|[from] item: Leftovers\n|-heal|p1a: Pincurchin|60/100|[from] item: Leftovers\n|upkeep\n|turn|33\n|inactive|Time left: 300 sec this turn | 300 sec total\n|\n|t:|1783564909\n|move|p2a: Skarmory|Body Press|p1a: Pincurchin\n|-damage|p1a: Pincurchin|16/100\n|move|p1a: Pincurchin|Recover|p1a: Pincurchin\n|-heal|p1a: Pincurchin|66/100\n|\n|-heal|p2a: Skarmory|47/235|[from] item: Leftovers\n|-heal|p1a: Pincurchin|72/100|[from] item: Leftovers\n|upkeep\n|turn|34\n|inactive|Time left: 300 sec this turn | 300 sec total\n|\n|t:|1783564910\n|move|p2a: Skarmory|Body Press|p1a: Pincurchin\n|-damage|p1a: Pincurchin|27/100\n|move|p1a: Pincurchin|Recover|p1a: Pincurchin\n|-heal|p1a: Pincurchin|77/100\n|\n|-heal|p2a: Skarmory|61/235|[from] item: Leftovers\n|-heal|p1a: Pincurchin|83/100|[from] item: Leftovers\n|upkeep\n|turn|35\n|inactive|Time left: 300 sec this turn | 300 sec total\n|\n|t:|1783564911\n|move|p2a: Skarmory|Body Press|p1a: Pincurchin\n|-crit|p1a: Pincurchin\n|-damage|p1a: Pincurchin|0 fnt\n|faint|p1a: Pincurchin\n|\n|-heal|p2a: Skarmory|75/235|[from] item: Leftovers\n|upkeep\n|\n|t:|1783564913\n|switch|p1a: Snorlax|Snorlax, L82, F|100/100\n|turn|36\n|inactive|Time left: 300 sec this turn | 300 sec total\n|\n|t:|1783564913\n|-terastallize|p1a: Snorlax|Poison\n|move|p2a: Skarmory|Body Press|p1a: Snorlax\n|-resisted|p1a: Snorlax\n|-damage|p1a: Snorlax|52/100\n|move|p1a: Snorlax|Curse|p1a: Snorlax\n|-unboost|p1a: Snorlax|spe|1\n|-boost|p1a: Snorlax|atk|1\n|-boost|p1a: Snorlax|def|1\n|\n|-heal|p2a: Skarmory|89/235|[from] item: Leftovers\n|upkeep\n|turn|37\n|inactive|Time left: 300 sec this turn | 300 sec total\n|\n|t:|1783564914\n|move|p2a: Skarmory|Body Press|p1a: Snorlax\n|-resisted|p1a: Snorlax\n|-damage|p1a: Snorlax|21/100\n|move|p1a: Snorlax|Rest|p1a: Snorlax\n|-status|p1a: Snorlax|slp|[from] move: Rest\n|-heal|p1a: Snorlax|100/100 slp|[silent]\n|\n|-heal|p2a: Skarmory|103/235|[from] item: Leftovers\n|upkeep\n|turn|38\n|inactive|Time left: 300 sec this turn | 300 sec total\n|\n|t:|1783564916\n|move|p2a: Skarmory|Body Press|p1a: Snorlax\n|-resisted|p1a: Snorlax\n|-damage|p1a: Snorlax|71/100 slp\n|cant|p1a: Snorlax|slp\n|\n|-heal|p2a: Skarmory|117/235|[from] item: Leftovers\n|upkeep\n|turn|39\n|inactive|Time left: 300 sec this turn | 300 sec total\n|\n|t:|1783564917\n|move|p2a: Skarmory|Body Press|p1a: Snorlax\n|-resisted|p1a: Snorlax\n|-damage|p1a: Snorlax|42/100 slp\n|cant|p1a: Snorlax|slp\n|\n|-heal|p2a: Skarmory|131/235|[from] item: Leftovers\n|upkeep\n|turn|40\n|inactive|Time left: 300 sec this turn | 300 sec total\n|\n|t:|1783564918\n|move|p2a: Skarmory|Body Press|p1a: Snorlax\n|-resisted|p1a: Snorlax\n|-damage|p1a: Snorlax|11/100 slp\n|-curestatus|p1a: Snorlax|slp|[msg]\n|move|p1a: Snorlax|Rest|p1a: Snorlax\n|-status|p1a: Snorlax|slp|[from] move: Rest\n|-heal|p1a: Snorlax|100/100 slp|[silent]\n|\n|-heal|p2a: Skarmory|145/235|[from] item: Leftovers\n|upkeep\n|turn|41\n|inactive|Time left: 300 sec this turn | 300 sec total\n|\n|t:|1783564919\n|move|p2a: Skarmory|Body Press|p1a: Snorlax\n|-resisted|p1a: Snorlax\n|-damage|p1a: Snorlax|70/100 slp\n|cant|p1a: Snorlax|slp\n|\n|-heal|p2a: Skarmory|159/235|[from] item: Leftovers\n|upkeep\n|turn|42\n|inactive|Time left: 300 sec this turn | 300 sec total\n|\n|t:|1783564920\n|move|p2a: Skarmory|Body Press|p1a: Snorlax\n|-resisted|p1a: Snorlax\n|-damage|p1a: Snorlax|40/100 slp\n|cant|p1a: Snorlax|slp\n|\n|-heal|p2a: Skarmory|173/235|[from] item: Leftovers\n|upkeep\n|turn|43\n|inactive|Time left: 300 sec this turn | 300 sec total\n|\n|t:|1783564921\n|move|p2a: Skarmory|Body Press|p1a: Snorlax\n|-resisted|p1a: Snorlax\n|-damage|p1a: Snorlax|12/100 slp\n|-curestatus|p1a: Snorlax|slp|[msg]\n|move|p1a: Snorlax|Rest|p1a: Snorlax\n|-status|p1a: Snorlax|slp|[from] move: Rest\n|-heal|p1a: Snorlax|100/100 slp|[silent]\n|\n|-heal|p2a: Skarmory|187/235|[from] item: Leftovers\n|upkeep\n|turn|44\n|inactive|Time left: 300 sec this turn | 300 sec total\n|\n|t:|1783564922\n|move|p2a: Skarmory|Brave Bird|p1a: Snorlax\n|-damage|p1a: Snorlax|78/100 slp\n|-damage|p2a: Skarmory|157/235|[from] Recoil\n|cant|p1a: Snorlax|slp\n|\n|-heal|p2a: Skarmory|171/235|[from] item: Leftovers\n|upkeep\n|turn|45\n|inactive|Time left: 300 sec this turn | 300 sec total\n|\n|t:|1783564923\n|move|p2a: Skarmory|Brave Bird|p1a: Snorlax\n|-damage|p1a: Snorlax|55/100 slp\n|-damage|p2a: Skarmory|141/235|[from] Recoil\n|cant|p1a: Snorlax|slp\n|\n|-heal|p2a: Skarmory|155/235|[from] item: Leftovers\n|upkeep\n|turn|46\n|inactive|Time left: 300 sec this turn | 300 sec total\n|\n|t:|1783564924\n|move|p2a: Skarmory|Brave Bird|p1a: Snorlax\n|-damage|p1a: Snorlax|32/100 slp\n|-damage|p2a: Skarmory|125/235|[from] Recoil\n|-curestatus|p1a: Snorlax|slp|[msg]\n|move|p1a: Snorlax|Curse|p1a: Snorlax\n|-unboost|p1a: Snorlax|spe|1\n|-boost|p1a: Snorlax|atk|1\n|-boost|p1a: Snorlax|def|1\n|\n|-heal|p2a: Skarmory|139/235|[from] item: Leftovers\n|upkeep\n|turn|47\n|inactive|Time left: 300 sec this turn | 300 sec total\n|\n|t:|1783564925\n|move|p2a: Skarmory|Brave Bird|p1a: Snorlax\n|-damage|p1a: Snorlax|15/100\n|-damage|p2a: Skarmory|117/235|[from] Recoil\n|move|p1a: Snorlax|Rest|p1a: Snorlax\n|-status|p1a: Snorlax|slp|[from] move: Rest\n|-heal|p1a: Snorlax|100/100 slp|[silent]\n|\n|-heal|p2a: Skarmory|131/235|[from] item: Leftovers\n|upkeep\n|turn|48\n|inactive|Time left: 300 sec this turn | 300 sec total\n|\n|t:|1783564926\n|move|p2a: Skarmory|Brave Bird|p1a: Snorlax\n|-damage|p1a: Snorlax|83/100 slp\n|-damage|p2a: Skarmory|108/235|[from] Recoil\n|cant|p1a: Snorlax|slp\n|\n|-heal|p2a: Skarmory|122/235|[from] item: Leftovers\n|upkeep\n|turn|49\n|inactive|Time left: 300 sec this turn | 300 sec total\n|\n|t:|1783564927\n|move|p2a: Skarmory|Brave Bird|p1a: Snorlax\n|-damage|p1a: Snorlax|66/100 slp\n|-damage|p2a: Skarmory|100/235|[from] Recoil\n|cant|p1a: Snorlax|slp\n|\n|-heal|p2a: Skarmory|114/235|[from] item: Leftovers\n|upkeep\n|turn|50\n|inactive|Time left: 300 sec this turn | 300 sec total\n|\n|t:|1783564929\n|move|p2a: Skarmory|Brave Bird|p1a: Snorlax\n|-damage|p1a: Snorlax|48/100 slp\n|-damage|p2a: Skarmory|91/235|[from] Recoil\n|-curestatus|p1a: Snorlax|slp|[msg]\n|move|p1a: Snorlax|Body Slam|p2a: Skarmory\n|-resisted|p2a: Skarmory\n|-damage|p2a: Skarmory|73/235\n|\n|-heal|p2a: Skarmory|87/235|[from] item: Leftovers\n|upkeep\n|turn|51\n|inactive|Time left: 300 sec this turn | 300 sec total\n|\n|t:|1783564930\n|move|p2a: Skarmory|Brave Bird|p1a: Snorlax\n|-damage|p1a: Snorlax|32/100\n|-damage|p2a: Skarmory|65/235|[from] Recoil\n|move|p1a: Snorlax|Body Slam|p2a: Skarmory\n|-resisted|p2a: Skarmory\n|-damage|p2a: Skarmory|48/235\n|\n|-heal|p2a: Skarmory|62/235|[from] item: Leftovers\n|upkeep\n|turn|52\n|inactive|Time left: 300 sec this turn | 300 sec total\n|\n|t:|1783564931\n|move|p2a: Skarmory|Brave Bird|p1a: Snorlax\n|-damage|p1a: Snorlax|15/100\n|-damage|p2a: Skarmory|40/235|[from] Recoil\n|move|p1a: Snorlax|Rest|p1a: Snorlax\n|-status|p1a: Snorlax|slp|[from] move: Rest\n|-heal|p1a: Snorlax|100/100 slp|[silent]\n|\n|-heal|p2a: Skarmory|54/235|[from] item: Leftovers\n|upkeep\n|turn|53\n|inactive|Time left: 300 sec this turn | 300 sec total\n|\n|t:|1783564932\n|move|p2a: Skarmory|Brave Bird|p1a: Snorlax\n|-damage|p1a: Snorlax|84/100 slp\n|-damage|p2a: Skarmory|33/235|[from] Recoil\n|cant|p1a: Snorlax|slp\n|\n|-heal|p2a: Skarmory|47/235|[from] item: Leftovers\n|upkeep\n|turn|54\n|inactive|Time left: 300 sec this turn | 300 sec total\n|\n|t:|1783564933\n|move|p2a: Skarmory|Iron Defense|p2a: Skarmory\n|-boost|p2a: Skarmory|def|0\n|cant|p1a: Snorlax|slp\n|\n|-heal|p2a: Skarmory|61/235|[from] item: Leftovers\n|upkeep\n|turn|55\n|inactive|Time left: 300 sec this turn | 300 sec total\n|\n|t:|1783564934\n|move|p2a: Skarmory|Iron Defense|p2a: Skarmory\n|-boost|p2a: Skarmory|def|0\n|-curestatus|p1a: Snorlax|slp|[msg]\n|move|p1a: Snorlax|Body Slam|p2a: Skarmory\n|-resisted|p2a: Skarmory\n|-damage|p2a: Skarmory|45/235\n|\n|-heal|p2a: Skarmory|59/235|[from] item: Leftovers\n|upkeep\n|turn|56\n|inactive|Time left: 300 sec this turn | 300 sec total\n|\n|t:|1783564935\n|move|p2a: Skarmory|Iron Defense|p2a: Skarmory\n|-boost|p2a: Skarmory|def|0\n|move|p1a: Snorlax|Body Slam|p2a: Skarmory\n|-resisted|p2a: Skarmory\n|-damage|p2a: Skarmory|41/235\n|-status|p2a: Skarmory|par\n|\n|-heal|p2a: Skarmory|55/235 par|[from] item: Leftovers\n|upkeep\n|turn|57\n|inactive|Time left: 300 sec this turn | 300 sec total\n|\n|t:|1783564936\n|cant|p2a: Skarmory|par\n|move|p1a: Snorlax|Body Slam|p2a: Skarmory\n|-resisted|p2a: Skarmory\n|-crit|p2a: Skarmory\n|-damage|p2a: Skarmory|0 fnt\n|faint|p2a: Skarmory\n|\n|upkeep\n|inactive|Time left: 300 sec this turn | 300 sec total | 5 sec grace\n|\n|t:|1783564937\n|switch|p2a: Dragapult|Dragapult, L77, M|262/262\n|turn|58\n|inactive|Time left: 300 sec this turn | 300 sec total\n|\n|t:|1783564938\n|move|p2a: Dragapult|Will-O-Wisp|p1a: Snorlax\n|-status|p1a: Snorlax|brn\n|move|p1a: Snorlax|Earthquake|p2a: Dragapult\n|-damage|p2a: Dragapult|177/262\n|\n|-damage|p1a: Snorlax|78/100 brn|[from] brn\n|upkeep\n|turn|59\n|inactive|Time left: 300 sec this turn | 300 sec total\n|\n|t:|1783564940\n|move|p2a: Dragapult|Hex|p1a: Snorlax\n|-damage|p1a: Snorlax|54/100 brn\n|move|p1a: Snorlax|Earthquake|p2a: Dragapult\n|-damage|p2a: Dragapult|84/262\n|-start|p1a: Snorlax|Disable|Earthquake|[from] ability: Cursed Body|[of] p2a: Dragapult\n|\n|-damage|p1a: Snorlax|48/100 brn|[from] brn\n|upkeep\n|turn|60\n|inactive|Time left: 300 sec this turn | 300 sec total\n|\n|t:|1783564941\n|move|p2a: Dragapult|Hex|p1a: Snorlax\n|-damage|p1a: Snorlax|21/100 brn\n|move|p1a: Snorlax|Rest|p1a: Snorlax\n|-status|p1a: Snorlax|slp|[from] move: Rest\n|-heal|p1a: Snorlax|100/100 slp|[silent]\n|\n|upkeep\n|turn|61\n|inactive|Time left: 300 sec this turn | 300 sec total\n|\n|t:|1783564942\n|move|p2a: Dragapult|Dragon Darts|p1a: Snorlax\n|-damage|p1a: Snorlax|93/100 slp\n|-anim|p2a: Dragapult|Dragon Darts|p1a: Snorlax\n|-damage|p1a: Snorlax|84/100 slp\n|cant|p1a: Snorlax|slp\n|\n|upkeep\n|turn|62\n|inactive|Time left: 300 sec this turn | 300 sec total\n|\n|t:|1783564943\n|move|p2a: Dragapult|Dragon Darts|p1a: Snorlax\n|-damage|p1a: Snorlax|74/100 slp\n|-anim|p2a: Dragapult|Dragon Darts|p1a: Snorlax\n|-damage|p1a: Snorlax|65/100 slp\n|cant|p1a: Snorlax|slp\n|\n|-end|p1a: Snorlax|Disable\n|upkeep\n|turn|63\n|inactive|Time left: 300 sec this turn | 300 sec total\n|\n|t:|1783564944\n|move|p2a: Dragapult|Hex|p1a: Snorlax\n|-damage|p1a: Snorlax|41/100 slp\n|-curestatus|p1a: Snorlax|slp|[msg]\n|move|p1a: Snorlax|Earthquake|p2a: Dragapult\n|-damage|p2a: Dragapult|0 fnt\n|faint|p2a: Dragapult\n|\n|upkeep\n|inactive|Time left: 300 sec this turn | 300 sec total | 5 sec grace\n|\n|t:|1783564945\n|switch|p2a: Scovillain|Scovillain, L91, F|88/266\n|turn|64\n|inactive|Time left: 300 sec this turn | 300 sec total\n|\n|t:|1783564946\n|move|p2a: Scovillain|Stomping Tantrum|p1a: Snorlax\n|-supereffective|p1a: Snorlax\n|-damage|p1a: Snorlax|19/100\n|move|p1a: Snorlax|Rest|p1a: Snorlax\n|-status|p1a: Snorlax|slp|[from] move: Rest\n|-heal|p1a: Snorlax|100/100 slp|[silent]\n|\n|upkeep\n|turn|65\n|inactive|Time left: 300 sec this turn | 300 sec total\n|\n|t:|1783564947\n|move|p2a: Scovillain|Fire Blast|p1a: Snorlax\n|-damage|p1a: Snorlax|85/100 slp\n|cant|p1a: Snorlax|slp\n|\n|upkeep\n|turn|66\n|inactive|Time left: 300 sec this turn | 300 sec total\n|\n|t:|1783564948\n|move|p2a: Scovillain|Stomping Tantrum|p1a: Snorlax\n|-supereffective|p1a: Snorlax\n|-damage|p1a: Snorlax|65/100 slp\n|cant|p1a: Snorlax|slp\n|\n|upkeep\n|turn|67\n|inactive|Time left: 300 sec this turn | 300 sec total\n|\n|t:|1783564949\n|move|p2a: Scovillain|Stomping Tantrum|p1a: Snorlax\n|-supereffective|p1a: Snorlax\n|-damage|p1a: Snorlax|42/100 slp\n|-curestatus|p1a: Snorlax|slp|[msg]\n|move|p1a: Snorlax|Body Slam|p2a: Scovillain\n|-damage|p2a: Scovillain|0 fnt\n|faint|p2a: Scovillain\n|\n|upkeep\n|inactive|Time left: 300 sec this turn | 300 sec total | 5 sec grace\n|\n|t:|1783564950\n|switch|p2a: Toxicroak|Toxicroak, L84, F|157/277\n|turn|68\n|inactive|Time left: 300 sec this turn | 300 sec total\n|\n|t:|1783564951\n|move|p2a: Toxicroak|Gunk Shot|p1a: Snorlax\n|-resisted|p1a: Snorlax\n|-damage|p1a: Snorlax|24/100\n|move|p1a: Snorlax|Body Slam|p2a: Toxicroak\n|-damage|p2a: Toxicroak|0 fnt\n|faint|p2a: Toxicroak\n|\n|upkeep\n|inactive|Time left: 300 sec this turn | 300 sec total | 5 sec grace\n|\n|t:|1783564952\n|switch|p2a: Comfey|Comfey, L85, M|225/225\n|turn|69\n|inactive|Time left: 300 sec this turn | 300 sec total\n|\n|t:|1783564952\n|move|p2a: Comfey|Tera Blast|p1a: Snorlax\n|-damage|p1a: Snorlax|12/100\n|move|p1a: Snorlax|Body Slam|p2a: Comfey\n|-damage|p2a: Comfey|45/225\n|\n|-heal|p2a: Comfey|59/225|[from] item: Leftovers\n|upkeep\n|turn|70\n|inactive|Time left: 300 sec this turn | 300 sec total\n|\n|t:|1783564953\n|move|p2a: Comfey|Tera Blast|p1a: Snorlax\n|-damage|p1a: Snorlax|0 fnt\n|faint|p1a: Snorlax\n|\n|-heal|p2a: Comfey|73/225|[from] item: Leftovers\n|upkeep\n|\n|t:|1783564954\n|switch|p1a: Qwilfish|Qwilfish-Hisui, L83, M|100/100\n|-ability|p1a: Qwilfish|Intimidate|boost\n|-unboost|p2a: Comfey|atk|1\n|turn|71\n|inactive|Time left: 300 sec this turn | 300 sec total\n|\n|t:|1783564955\n|move|p2a: Comfey|Tera Blast|p1a: Qwilfish\n|-damage|p1a: Qwilfish|80/100\n|move|p1a: Qwilfish|Gunk Shot|p2a: Comfey|[miss]\n|-miss|p1a: Qwilfish|p2a: Comfey\n|\n|-heal|p2a: Comfey|87/225|[from] item: Leftovers\n|upkeep\n|turn|72\n|inactive|Time left: 300 sec this turn | 300 sec total\n|\n|t:|1783564956\n|move|p2a: Comfey|Draining Kiss|p1a: Qwilfish\n|-damage|p1a: Qwilfish|61/100\n|-heal|p2a: Comfey|123/225|[from] drain|[of] p1a: Qwilfish\n|move|p1a: Qwilfish|Gunk Shot|p2a: Comfey\n|-supereffective|p2a: Comfey\n|-damage|p2a: Comfey|0 fnt\n|faint|p2a: Comfey\n|\n|win|p0x214959d4", "uploadtime": 1783564956, "views": 0, "rating": 0, "private": 0, "password": null, "_winner": "p0x214959d4", "_our_name": "p0y21498f25"}