{"id": "battle-gen9randombattle-2071", "formatid": "gen9randombattle", "format": "[Gen 9] Random Battle", "players": ["p0x2071a754", "p0y20715b3e"], "log": "|init|battle\n|title|p0x2071a754 vs. p0y20715b3e\n|j|\u2606p0x2071a754\n|j|\u2606p0y20715b3e\n|t:|1783563187\n|gametype|singles\n|player|p1|p0x2071a754|102|\n|player|p2|p0y20715b3e|169|\n|gen|9\n|tier|[Gen 9] Random Battle\n|rule|Species Clause: Limit one of each Pok\u00e9mon\n|rule|HP Percentage Mod: HP is shown in percentages\n|rule|Sleep Clause Mod: Limit one foe put to sleep\n|rule|Illusion Level Mod: Illusion disguises the Pok\u00e9mon's true level\n|\n|t:|1783563187\n|teamsize|p1|6\n|teamsize|p2|6\n|start\n|switch|p1a: Kricketune|Kricketune, L99, F|100/100\n|switch|p2a: Altaria|Altaria, L89, M|278/278\n|turn|1\n|inactive|Battle timer is ON: inactive players will automatically lose when time's up. (requested by p0x2071a754)\n|inactive|Time left: 300 sec this turn | 300 sec total | 60 sec grace\n|inactive|p0y20715b3e also wants the timer to be on.\n|\n|t:|1783563188\n|move|p2a: Altaria|Brave Bird|p1a: Kricketune\n|-supereffective|p1a: Kricketune\n|-damage|p1a: Kricketune|16/100\n|-damage|p2a: Altaria|191/278|[from] Recoil\n|move|p1a: Kricketune|Sticky Web|p2a: Altaria\n|-sidestart|p2: p0y20715b3e|move: Sticky Web\n|\n|upkeep\n|turn|2\n|inactive|Time left: 300 sec this turn | 300 sec total\n|\n|t:|1783563189\n|switch|p1a: Squawkabilly|Squawkabilly, L85, F|100/100\n|move|p2a: Altaria|Brave Bird|p1a: Squawkabilly\n|-damage|p1a: Squawkabilly|42/100\n|-damage|p2a: Altaria|138/278|[from] Recoil\n|\n|-status|p1a: Squawkabilly|brn|[from] item: Flame Orb\n|upkeep\n|turn|3\n|inactive|Time left: 300 sec this turn | 300 sec total\n|\n|t:|1783563190\n|switch|p2a: Drednaw|Drednaw, L81, M|278/278\n|-activate|p2a: Drednaw|move: Sticky Web\n|-unboost|p2a: Drednaw|spe|1\n|-enditem|p2a: Drednaw|White Herb\n|-clearnegativeboost|p2a: Drednaw|[silent]\n|move|p1a: Squawkabilly|Facade|p2a: Drednaw\n|-resisted|p2a: Drednaw\n|-damage|p2a: Drednaw|167/278\n|\n|-damage|p1a: Squawkabilly|36/100 brn|[from] brn\n|upkeep\n|turn|4\n|inactive|Time left: 300 sec this turn | 300 sec total\n|\n|t:|1783563191\n|switch|p1a: Toxicroak|Toxicroak, L84, F|100/100\n|move|p2a: Drednaw|Liquidation|p1a: Toxicroak\n|-immune|p1a: Toxicroak|[from] ability: Dry Skin\n|\n|upkeep\n|turn|5\n|inactive|Time left: 300 sec this turn | 300 sec total\n|\n|t:|1783563192\n|move|p1a: Toxicroak|Earthquake|p2a: Drednaw\n|-supereffective|p2a: Drednaw\n|-damage|p2a: Drednaw|0 fnt\n|faint|p2a: Drednaw\n|-damage|p1a: Toxicroak|91/100|[from] item: Life Orb\n|\n|upkeep\n|inactive|Time left: 300 sec this turn | 300 sec total | 5 sec grace\n|\n|t:|1783563193\n|switch|p2a: Altaria|Altaria, L89, M|138/278\n|turn|6\n|inactive|Time left: 300 sec this turn | 300 sec total\n|\n|t:|1783563194\n|switch|p1a: Hatterene|Hatterene, L85, F|100/100\n|move|p2a: Altaria|Brave Bird|p1a: Hatterene\n|-damage|p1a: Hatterene|53/100\n|-damage|p2a: Altaria|101/278|[from] Recoil\n|\n|-heal|p1a: Hatterene|59/100|[from] item: Leftovers\n|upkeep\n|turn|7\n|inactive|Time left: 300 sec this turn | 300 sec total\n|\n|t:|1783563195\n|switch|p2a: Glastrier|Glastrier, L86|312/312\n|move|p1a: Hatterene|Draining Kiss|p2a: Glastrier\n|-damage|p2a: Glastrier|248/312\n|-heal|p1a: Hatterene|80/100|[from] drain|[of] p2a: Glastrier\n|\n|-heal|p1a: Hatterene|86/100|[from] item: Leftovers\n|upkeep\n|turn|8\n|inactive|Time left: 300 sec this turn | 300 sec total\n|\n|t:|1783563196\n|switch|p1a: Meowstic|Meowstic, L89, M|100/100\n|move|p2a: Glastrier|Heavy Slam|p1a: Meowstic\n|-damage|p1a: Meowstic|54/100\n|\n|upkeep\n|turn|9\n|inactive|Time left: 300 sec this turn | 300 sec total\n|\n|t:|1783563197\n|move|p1a: Meowstic|Reflect|p1a: Meowstic\n|-sidestart|p1: p0x2071a754|Reflect\n|move|p2a: Glastrier|Swords Dance|p2a: Glastrier\n|-boost|p2a: Glastrier|atk|2\n|\n|upkeep\n|turn|10\n|inactive|Time left: 300 sec this turn | 300 sec total\n|\n|t:|1783563198\n|move|p1a: Meowstic|Light Screen|p1a: Meowstic\n|-sidestart|p1: p0x2071a754|move: Light Screen\n|move|p2a: Glastrier|Heavy Slam|p1a: Meowstic\n|-crit|p1a: Meowstic\n|-damage|p1a: Meowstic|0 fnt\n|faint|p1a: Meowstic\n|-ability|p2a: Glastrier|Chilling Neigh|boost\n|-boost|p2a: Glastrier|atk|1\n|\n|upkeep\n|\n|t:|1783563199\n|switch|p1a: Toxicroak|Toxicroak, L84, F|91/100\n|turn|11\n|inactive|Time left: 300 sec this turn | 300 sec total\n|\n|t:|1783563200\n|switch|p2a: Altaria|Altaria, L89, M|101/278\n|move|p1a: Toxicroak|Close Combat|p2a: Altaria\n|-resisted|p2a: Altaria\n|-damage|p2a: Altaria|18/278\n|-unboost|p1a: Toxicroak|def|1\n|-unboost|p1a: Toxicroak|spd|1\n|-damage|p1a: Toxicroak|81/100|[from] item: Life Orb\n|\n|upkeep\n|turn|12\n|inactive|Time left: 300 sec this turn | 300 sec total\n|\n|t:|1783563201\n|move|p2a: Altaria|Roost|p2a: Altaria\n|-heal|p2a: Altaria|157/278\n|-singleturn|p2a: Altaria|move: Roost\n|move|p1a: Toxicroak|Close Combat|p2a: Altaria\n|-damage|p2a: Altaria|0 fnt\n|-unboost|p1a: Toxicroak|def|1\n|-unboost|p1a: Toxicroak|spd|1\n|faint|p2a: Altaria\n|-damage|p1a: Toxicroak|71/100|[from] item: Life Orb\n|\n|upkeep\n|inactive|Time left: 300 sec this turn | 300 sec total | 5 sec grace\n|\n|t:|1783563202\n|switch|p2a: Kommo-o|Kommo-o, L77, F|242/242\n|-activate|p2a: Kommo-o|move: Sticky Web\n|-unboost|p2a: Kommo-o|spe|1\n|turn|13\n|inactive|Time left: 300 sec this turn | 300 sec total\n|\n|t:|1783563204\n|switch|p1a: Hatterene|Hatterene, L85, F|86/100\n|move|p2a: Kommo-o|Boomburst|p1a: Hatterene\n|-damage|p1a: Hatterene|70/100\n|-enditem|p2a: Kommo-o|Throat Spray\n|-boost|p2a: Kommo-o|spa|1|[from] item: Throat Spray\n|\n|-heal|p1a: Hatterene|76/100|[from] item: Leftovers\n|upkeep\n|turn|14\n|inactive|Time left: 300 sec this turn | 300 sec total\n|\n|t:|1783563205\n|-terastallize|p2a: Kommo-o|Normal\n|move|p2a: Kommo-o|Clangorous Soul|p2a: Kommo-o\n|-boost|p2a: Kommo-o|atk|1\n|-boost|p2a: Kommo-o|def|1\n|-boost|p2a: Kommo-o|spa|1\n|-boost|p2a: Kommo-o|spd|1\n|-boost|p2a: Kommo-o|spe|1\n|-damage|p2a: Kommo-o|163/242\n|move|p1a: Hatterene|Draining Kiss|p2a: Kommo-o\n|-damage|p2a: Kommo-o|118/242\n|-heal|p1a: Hatterene|91/100|[from] drain|[of] p2a: Kommo-o\n|\n|-heal|p1a: Hatterene|97/100|[from] item: Leftovers\n|upkeep\n|turn|15\n|inactive|Time left: 300 sec this turn | 300 sec total\n|\n|t:|1783563206\n|move|p2a: Kommo-o|Boomburst|p1a: Hatterene\n|-damage|p1a: Hatterene|52/100\n|move|p1a: Hatterene|Psychic|p2a: Kommo-o\n|-damage|p2a: Kommo-o|36/242\n|\n|-heal|p1a: Hatterene|58/100|[from] item: Leftovers\n|upkeep\n|turn|16\n|inactive|Time left: 300 sec this turn | 300 sec total\n|\n|t:|1783563207\n|move|p2a: Kommo-o|Boomburst|p1a: Hatterene\n|-damage|p1a: Hatterene|15/100\n|move|p1a: Hatterene|Draining Kiss|p2a: Kommo-o\n|-damage|p2a: Kommo-o|0 fnt\n|-heal|p1a: Hatterene|26/100|[from] drain|[of] p2a: Kommo-o\n|faint|p2a: Kommo-o\n|\n|-heal|p1a: Hatterene|32/100|[from] item: Leftovers\n|-sideend|p1: p0x2071a754|Reflect\n|upkeep\n|inactive|Time left: 300 sec this turn | 300 sec total | 5 sec grace\n|\n|t:|1783563208\n|switch|p2a: Glastrier|Glastrier, L86|248/312\n|turn|17\n|inactive|Time left: 300 sec this turn | 300 sec total\n|\n|t:|1783563209\n|move|p2a: Glastrier|Icicle Crash|p1a: Hatterene\n|-damage|p1a: Hatterene|0 fnt\n|faint|p1a: Hatterene\n|-ability|p2a: Glastrier|Chilling Neigh|boost\n|-boost|p2a: Glastrier|atk|1\n|\n|-sideend|p1: p0x2071a754|move: Light Screen\n|upkeep\n|\n|t:|1783563210\n|switch|p1a: Toxicroak|Toxicroak, L84, F|71/100\n|turn|18\n|inactive|Time left: 300 sec this turn | 300 sec total\n|\n|t:|1783563210\n|move|p1a: Toxicroak|Close Combat|p2a: Glastrier\n|-supereffective|p2a: Glastrier\n|-damage|p2a: Glastrier|4/312\n|-unboost|p1a: Toxicroak|def|1\n|-unboost|p1a: Toxicroak|spd|1\n|-damage|p1a: Toxicroak|62/100|[from] item: Life Orb\n|move|p2a: Glastrier|Heavy Slam|p1a: Toxicroak\n|-damage|p1a: Toxicroak|0 fnt\n|faint|p1a: Toxicroak\n|-ability|p2a: Glastrier|Chilling Neigh|boost\n|-boost|p2a: Glastrier|atk|1\n|\n|upkeep\n|\n|t:|1783563211\n|switch|p1a: Sandaconda|Sandaconda, L84, M|100/100\n|turn|19\n|inactive|Time left: 300 sec this turn | 300 sec total\n|\n|t:|1783563212\n|move|p1a: Sandaconda|Earthquake|p2a: Glastrier\n|-damage|p2a: Glastrier|0 fnt\n|faint|p2a: Glastrier\n|\n|upkeep\n|inactive|Time left: 300 sec this turn | 300 sec total | 5 sec grace\n|\n|t:|1783563213\n|switch|p2a: Smeargle|Smeargle, L95, M|258/258\n|-activate|p2a: Smeargle|move: Sticky Web\n|-unboost|p2a: Smeargle|spe|1\n|turn|20\n|inactive|Time left: 300 sec this turn | 300 sec total\n|\n|t:|1783563214\n|move|p1a: Sandaconda|Earthquake|p2a: Smeargle\n|-damage|p2a: Smeargle|75/258\n|move|p2a: Smeargle|Stealth Rock|p1a: Sandaconda\n|-sidestart|p1: p0x2071a754|move: Stealth Rock\n|\n|upkeep\n|turn|21\n|inactive|Time left: 300 sec this turn | 300 sec total\n|\n|t:|1783563215\n|move|p1a: Sandaconda|Earthquake|p2a: Smeargle\n|-damage|p2a: Smeargle|0 fnt\n|faint|p2a: Smeargle\n|\n|upkeep\n|inactive|Time left: 300 sec this turn | 300 sec total | 5 sec grace\n|\n|t:|1783563216\n|switch|p2a: Lokix|Lokix, L82, F|251/251\n|-activate|p2a: Lokix|move: Sticky Web\n|-unboost|p2a: Lokix|spe|1\n|turn|22\n|inactive|Time left: 300 sec this turn | 300 sec total\n|\n|t:|1783563217\n|move|p1a: Sandaconda|Stone Edge|p2a: Lokix\n|-supereffective|p2a: Lokix\n|-damage|p2a: Lokix|81/251\n|move|p2a: Lokix|U-turn|p1a: Sandaconda\n|-damage|p1a: Sandaconda|73/100\n|\n|-heal|p1a: Sandaconda|80/100|[from] item: Leftovers\n|upkeep\n|turn|23\n|inactive|Time left: 300 sec this turn | 300 sec total\n|\n|t:|1783563218\n|-terastallize|p1a: Sandaconda|Dragon\n|move|p2a: Lokix|Sucker Punch|p1a: Sandaconda\n|-damage|p1a: Sandaconda|57/100\n|move|p1a: Sandaconda|Stone Edge|p2a: Lokix\n|-supereffective|p2a: Lokix\n|-damage|p2a: Lokix|0 fnt\n|faint|p2a: Lokix\n|\n|win|p0x2071a754", "uploadtime": 1783563218, "views": 0, "rating": 0, "private": 0, "password": null, "_winner": "p0x2071a754", "_our_name": "p0y20715b3e"}