{"id": "battle-gen9randombattle-527", "formatid": "gen9randombattle", "format": "[Gen 9] Random Battle", "players": ["p0x5278010", "p0y527404f"], "log": "|init|battle\n|title|p0x5278010 vs. p0y527404f\n|j|\u2606p0x5278010\n|j|\u2606p0y527404f\n|t:|1783545171\n|gametype|singles\n|player|p1|p0x5278010|1|\n|player|p2|p0y527404f|170|\n|gen|9\n|tier|[Gen 9] Random Battle\n|rule|Species Clause: Limit one of each Pok\u00e9mon\n|rule|HP Percentage Mod: HP is shown in percentages\n|rule|Sleep Clause Mod: Limit one foe put to sleep\n|rule|Illusion Level Mod: Illusion disguises the Pok\u00e9mon's true level\n|\n|t:|1783545171\n|teamsize|p1|6\n|teamsize|p2|6\n|start\n|switch|p1a: Skarmory|Skarmory, L80, F|235/235\n|switch|p2a: Glalie|Glalie, L96, F|100/100\n|turn|1\n|inactive|Battle timer is ON: inactive players will automatically lose when time's up. (requested by p0x5278010)\n|inactive|p0y527404f also wants the timer to be on.\n|\n|t:|1783545173\n|move|p2a: Glalie|Freeze-Dry|p1a: Skarmory\n|-damage|p1a: Skarmory|141/235\n|move|p1a: Skarmory|Body Press|p2a: Glalie\n|-supereffective|p2a: Glalie\n|-crit|p2a: Glalie\n|-damage|p2a: Glalie|37/100\n|\n|upkeep\n|turn|2\n|inactive|Time left: 300 sec this turn | 300 sec total\n|\n|t:|1783545174\n|move|p2a: Glalie|Freeze-Dry|p1a: Skarmory\n|-damage|p1a: Skarmory|32/235\n|move|p1a: Skarmory|Body Press|p2a: Glalie\n|-supereffective|p2a: Glalie\n|-damage|p2a: Glalie|0 fnt\n|faint|p2a: Glalie\n|\n|upkeep\n|\n|t:|1783545175\n|switch|p2a: Ampharos|Ampharos, L88, F|100/100\n|turn|3\n|inactive|Time left: 300 sec this turn | 300 sec total\n|\n|t:|1783545177\n|move|p1a: Skarmory|Spikes|p2a: Ampharos\n|-sidestart|p2: p0y527404f|Spikes\n|move|p2a: Ampharos|Thunderbolt|p1a: Skarmory\n|-supereffective|p1a: Skarmory\n|-damage|p1a: Skarmory|0 fnt\n|faint|p1a: Skarmory\n|\n|upkeep\n|inactive|Time left: 300 sec this turn | 300 sec total | 5 sec grace\n|\n|t:|1783545178\n|switch|p1a: Venomoth|Venomoth, L84, M|255/255\n|turn|4\n|inactive|Time left: 300 sec this turn | 300 sec total\n|\n|t:|1783545179\n|move|p1a: Venomoth|Sleep Powder|p2a: Ampharos\n|-status|p2a: Ampharos|slp|[from] move: Sleep Powder\n|cant|p2a: Ampharos|slp\n|\n|upkeep\n|turn|5\n|inactive|Time left: 300 sec this turn | 300 sec total\n|\n|t:|1783545180\n|move|p1a: Venomoth|Quiver Dance|p1a: Venomoth\n|-boost|p1a: Venomoth|spa|1\n|-boost|p1a: Venomoth|spd|1\n|-boost|p1a: Venomoth|spe|1\n|-curestatus|p2a: Ampharos|slp|[msg]\n|move|p2a: Ampharos|Thunderbolt|p1a: Venomoth\n|-damage|p1a: Venomoth|129/255\n|\n|upkeep\n|turn|6\n|inactive|Time left: 300 sec this turn | 300 sec total\n|\n|t:|1783545181\n|move|p1a: Venomoth|Sleep Powder|p2a: Ampharos\n|-status|p2a: Ampharos|slp|[from] move: Sleep Powder\n|cant|p2a: Ampharos|slp\n|\n|upkeep\n|turn|7\n|inactive|Time left: 300 sec this turn | 300 sec total\n|\n|t:|1783545182\n|move|p1a: Venomoth|Quiver Dance|p1a: Venomoth\n|-boost|p1a: Venomoth|spa|1\n|-boost|p1a: Venomoth|spd|1\n|-boost|p1a: Venomoth|spe|1\n|cant|p2a: Ampharos|slp\n|\n|upkeep\n|turn|8\n|inactive|Time left: 300 sec this turn | 300 sec total\n|\n|t:|1783545183\n|-terastallize|p2a: Ampharos|Electric\n|move|p1a: Venomoth|Bug Buzz|p2a: Ampharos\n|-damage|p2a: Ampharos|46/100 slp\n|-curestatus|p2a: Ampharos|slp|[msg]\n|move|p2a: Ampharos|Thunderbolt|p1a: Venomoth\n|-damage|p1a: Venomoth|0 fnt\n|faint|p1a: Venomoth\n|\n|upkeep\n|inactive|Time left: 300 sec this turn | 300 sec total | 5 sec grace\n|\n|t:|1783545184\n|switch|p1a: Haxorus|Haxorus, L77, F|244/244\n|-ability|p1a: Haxorus|Mold Breaker\n|turn|9\n|inactive|Time left: 300 sec this turn | 300 sec total\n|\n|t:|1783545185\n|move|p1a: Haxorus|Outrage|p2a: Ampharos\n|-damage|p2a: Ampharos|0 fnt\n|faint|p2a: Ampharos\n|\n|upkeep\n|\n|t:|1783545186\n|switch|p2a: Cresselia|Cresselia, L80, F|100/100\n|turn|10\n|inactive|Time left: 300 sec this turn | 300 sec total\n|\n|t:|1783545187\n|move|p1a: Haxorus|Outrage|p2a: Cresselia|[from] lockedmove\n|-damage|p2a: Cresselia|62/100\n|move|p2a: Cresselia|Calm Mind|p2a: Cresselia\n|-boost|p2a: Cresselia|spa|1\n|-boost|p2a: Cresselia|spd|1\n|\n|-heal|p2a: Cresselia|68/100|[from] item: Leftovers\n|upkeep\n|turn|11\n|inactive|Time left: 300 sec this turn | 300 sec total\n|\n|t:|1783545188\n|move|p1a: Haxorus|Outrage|p2a: Cresselia|[from] lockedmove\n|-crit|p2a: Cresselia\n|-damage|p2a: Cresselia|11/100\n|-start|p1a: Haxorus|confusion|[fatigue]\n|-enditem|p1a: Haxorus|Lum Berry|[eat]\n|-end|p1a: Haxorus|confusion\n|move|p2a: Cresselia|Moonlight|p2a: Cresselia\n|-heal|p2a: Cresselia|61/100\n|\n|-heal|p2a: Cresselia|67/100|[from] item: Leftovers\n|upkeep\n|turn|12\n|inactive|Time left: 300 sec this turn | 300 sec total\n|\n|t:|1783545189\n|move|p1a: Haxorus|Dragon Dance|p1a: Haxorus\n|-boost|p1a: Haxorus|atk|1\n|-boost|p1a: Haxorus|spe|1\n|move|p2a: Cresselia|Moonlight|p2a: Cresselia\n|-heal|p2a: Cresselia|100/100\n|\n|upkeep\n|turn|13\n|inactive|Time left: 300 sec this turn | 300 sec total\n|\n|t:|1783545189\n|move|p1a: Haxorus|Dragon Dance|p1a: Haxorus\n|-boost|p1a: Haxorus|atk|1\n|-boost|p1a: Haxorus|spe|1\n|move|p2a: Cresselia|Moonlight|p2a: Cresselia\n|-fail|p2a: Cresselia|heal\n|\n|upkeep\n|turn|14\n|inactive|Time left: 300 sec this turn | 300 sec total\n|\n|t:|1783545190\n|move|p1a: Haxorus|Outrage|p2a: Cresselia\n|-damage|p2a: Cresselia|25/100\n|move|p2a: Cresselia|Thunderbolt|p1a: Haxorus\n|-resisted|p1a: Haxorus\n|-damage|p1a: Haxorus|201/244\n|\n|-heal|p2a: Cresselia|31/100|[from] item: Leftovers\n|upkeep\n|turn|15\n|inactive|Time left: 300 sec this turn | 300 sec total\n|\n|t:|1783545191\n|move|p1a: Haxorus|Outrage|p2a: Cresselia|[from] lockedmove\n|-damage|p2a: Cresselia|0 fnt\n|faint|p2a: Cresselia\n|-start|p1a: Haxorus|confusion|[fatigue]\n|\n|upkeep\n|\n|t:|1783545192\n|switch|p2a: Swampert|Swampert, L83, F|100/100\n|-damage|p2a: Swampert|88/100|[from] Spikes\n|turn|16\n|inactive|Time left: 300 sec this turn | 300 sec total\n|\n|t:|1783545193\n|-activate|p1a: Haxorus|confusion\n|move|p1a: Haxorus|Outrage|p2a: Swampert\n|-damage|p2a: Swampert|0 fnt\n|faint|p2a: Swampert\n|\n|upkeep\n|\n|t:|1783545194\n|switch|p2a: Hydreigon|Hydreigon, L79, M|100/100\n|turn|17\n|inactive|Time left: 300 sec this turn | 300 sec total\n|\n|t:|1783545195\n|-end|p1a: Haxorus|confusion\n|move|p1a: Haxorus|Outrage|p2a: Hydreigon|[from] lockedmove\n|-supereffective|p2a: Hydreigon\n|-damage|p2a: Hydreigon|0 fnt\n|faint|p2a: Hydreigon\n|-start|p1a: Haxorus|confusion|[fatigue]\n|\n|upkeep\n|\n|t:|1783545196\n|switch|p2a: Swanna|Swanna, L89, F|100/100\n|turn|18\n|inactive|Time left: 300 sec this turn | 300 sec total\n|\n|t:|1783545197\n|-terastallize|p1a: Haxorus|Steel\n|-activate|p1a: Haxorus|confusion\n|move|p1a: Haxorus|Outrage|p2a: Swanna\n|-damage|p2a: Swanna|0 fnt\n|faint|p2a: Swanna\n|\n|win|p0x5278010", "uploadtime": 1783545197, "views": 0, "rating": 0, "private": 0, "password": null, "_winner": "p0x5278010", "_our_name": "p0x5278010"}