{"id": "battle-gen9randombattle-543", "formatid": "gen9randombattle", "format": "[Gen 9] Random Battle", "players": ["p0x5437637", "p0y543fe41"], "log": "|init|battle\n|title|p0x5437637 vs. p0y543fe41\n|j|\u2606p0x5437637\n|j|\u2606p0y543fe41\n|t:|1783546092\n|gametype|singles\n|player|p1|p0x5437637|169|\n|player|p2|p0y543fe41|169|\n|gen|9\n|tier|[Gen 9] Random Battle\n|rule|Species Clause: Limit one of each Pok\u00e9mon\n|rule|HP Percentage Mod: HP is shown in percentages\n|rule|Sleep Clause Mod: Limit one foe put to sleep\n|rule|Illusion Level Mod: Illusion disguises the Pok\u00e9mon's true level\n|\n|t:|1783546092\n|teamsize|p1|6\n|teamsize|p2|6\n|start\n|switch|p1a: Vikavolt|Vikavolt, L83, F|100/100\n|switch|p2a: Kilowattrel|Kilowattrel, L83, M|252/252\n|turn|1\n|inactive|Battle timer is ON: inactive players will automatically lose when time's up. (requested by p0x5437637)\n|inactive|Time left: 300 sec this turn | 300 sec total | 60 sec grace\n|inactive|p0y543fe41 also wants the timer to be on.\n|\n|t:|1783546094\n|move|p2a: Kilowattrel|Hurricane|p1a: Vikavolt\n|-damage|p1a: Vikavolt|43/100\n|move|p1a: Vikavolt|Sticky Web|p2a: Kilowattrel\n|-sidestart|p2: p0y543fe41|move: Sticky Web\n|\n|upkeep\n|turn|2\n|inactive|Time left: 300 sec this turn | 300 sec total\n|\n|t:|1783546095\n|switch|p1a: Dragonite|Dragonite, L74, F|100/100\n|move|p2a: Kilowattrel|Hurricane|p1a: Dragonite\n|-damage|p1a: Dragonite|75/100\n|\n|upkeep\n|turn|3\n|inactive|Time left: 300 sec this turn | 300 sec total\n|\n|t:|1783546097\n|move|p2a: Kilowattrel|Discharge|p1a: Dragonite\n|-damage|p1a: Dragonite|37/100\n|move|p1a: Dragonite|Outrage|p2a: Kilowattrel\n|-damage|p2a: Kilowattrel|80/252\n|\n|upkeep\n|turn|4\n|inactive|Time left: 300 sec this turn | 300 sec total\n|\n|t:|1783546098\n|move|p2a: Kilowattrel|Hurricane|p1a: Dragonite\n|-damage|p1a: Dragonite|0 fnt\n|faint|p1a: Dragonite\n|\n|upkeep\n|\n|t:|1783546098\n|switch|p1a: Dragapult|Dragapult, L77, F|100/100\n|turn|5\n|inactive|Time left: 300 sec this turn | 300 sec total\n|\n|t:|1783546099\n|switch|p2a: Stonjourner|Stonjourner, L91, F|330/330\n|-activate|p2a: Stonjourner|move: Sticky Web\n|-unboost|p2a: Stonjourner|spe|1\n|move|p1a: Dragapult|Shadow Ball|p2a: Stonjourner\n|-damage|p2a: Stonjourner|102/330\n|-unboost|p2a: Stonjourner|spd|1\n|\n|upkeep\n|turn|6\n|inactive|Time left: 300 sec this turn | 300 sec total\n|\n|t:|1783546100\n|switch|p2a: Zangoose|Zangoose, L85, M|263/263\n|-activate|p2a: Zangoose|move: Sticky Web\n|-unboost|p2a: Zangoose|spe|1\n|move|p1a: Dragapult|Shadow Ball|p2a: Zangoose\n|-immune|p2a: Zangoose\n|\n|-status|p2a: Zangoose|tox|[from] item: Toxic Orb\n|upkeep\n|turn|7\n|inactive|Time left: 300 sec this turn | 300 sec total\n|\n|t:|1783546101\n|switch|p1a: Samurott|Samurott, L88, F|100/100\n|move|p2a: Zangoose|Knock Off|p1a: Samurott\n|-damage|p1a: Samurott|62/100\n|-enditem|p1a: Samurott|Assault Vest|[from] move: Knock Off|[of] p2a: Zangoose\n|\n|-damage|p2a: Zangoose|247/263 tox|[from] psn\n|upkeep\n|turn|8\n|inactive|Time left: 300 sec this turn | 300 sec total\n|\n|t:|1783546102\n|move|p1a: Samurott|Hydro Pump|p2a: Zangoose|[miss]\n|-miss|p1a: Samurott|p2a: Zangoose\n|move|p2a: Zangoose|Facade|p1a: Samurott\n|-damage|p1a: Samurott|0 fnt\n|faint|p1a: Samurott\n|\n|-damage|p2a: Zangoose|215/263 tox|[from] psn\n|upkeep\n|\n|t:|1783546103\n|switch|p1a: Flutter Mane|Flutter Mane, L74|100/100\n|turn|9\n|inactive|Time left: 300 sec this turn | 300 sec total\n|\n|t:|1783546104\n|move|p1a: Flutter Mane|Moonblast|p2a: Zangoose\n|-damage|p2a: Zangoose|17/263 tox\n|move|p2a: Zangoose|Knock Off|p1a: Flutter Mane\n|-damage|p1a: Flutter Mane|12/100\n|-enditem|p1a: Flutter Mane|Choice Specs|[from] move: Knock Off|[of] p2a: Zangoose\n|\n|-damage|p2a: Zangoose|0 fnt|[from] psn\n|faint|p2a: Zangoose\n|upkeep\n|inactive|Time left: 300 sec this turn | 300 sec total | 5 sec grace\n|\n|t:|1783546104\n|switch|p2a: Kilowattrel|Kilowattrel, L83, M|80/252\n|turn|10\n|inactive|Time left: 300 sec this turn | 300 sec total\n|\n|t:|1783546105\n|move|p2a: Kilowattrel|Discharge|p1a: Flutter Mane\n|-damage|p1a: Flutter Mane|0 fnt\n|faint|p1a: Flutter Mane\n|-end|p1a: Flutter Mane|Protosynthesis|[silent]\n|\n|upkeep\n|\n|t:|1783546106\n|switch|p1a: Dragapult|Dragapult, L77, F|100/100\n|turn|11\n|inactive|Time left: 300 sec this turn | 300 sec total\n|\n|t:|1783546107\n|switch|p2a: Toedscruel|Toedscruel, L87, M|281/281\n|-activate|p2a: Toedscruel|move: Sticky Web\n|-unboost|p2a: Toedscruel|spe|1\n|move|p1a: Dragapult|Shadow Ball|p2a: Toedscruel\n|-damage|p2a: Toedscruel|203/281\n|\n|-heal|p2a: Toedscruel|220/281|[from] item: Leftovers\n|upkeep\n|turn|12\n|inactive|Time left: 300 sec this turn | 300 sec total\n|\n|t:|1783546108\n|move|p1a: Dragapult|Shadow Ball|p2a: Toedscruel\n|-damage|p2a: Toedscruel|132/281\n|move|p2a: Toedscruel|Toxic|p1a: Dragapult\n|-status|p1a: Dragapult|tox\n|\n|-heal|p2a: Toedscruel|149/281|[from] item: Leftovers\n|-damage|p1a: Dragapult|94/100 tox|[from] psn\n|upkeep\n|turn|13\n|inactive|Time left: 300 sec this turn | 300 sec total\n|\n|t:|1783546109\n|move|p1a: Dragapult|Shadow Ball|p2a: Toedscruel\n|-damage|p2a: Toedscruel|71/281\n|-unboost|p2a: Toedscruel|spd|1\n|move|p2a: Toedscruel|Giga Drain|p1a: Dragapult\n|-resisted|p1a: Dragapult\n|-damage|p1a: Dragapult|78/100 tox\n|-heal|p2a: Toedscruel|93/281|[from] drain|[of] p1a: Dragapult\n|\n|-heal|p2a: Toedscruel|110/281|[from] item: Leftovers\n|-damage|p1a: Dragapult|65/100 tox|[from] psn\n|upkeep\n|turn|14\n|inactive|Time left: 300 sec this turn | 300 sec total\n|\n|t:|1783546110\n|switch|p2a: Stonjourner|Stonjourner, L91, F|102/330\n|-activate|p2a: Stonjourner|move: Sticky Web\n|-unboost|p2a: Stonjourner|spe|1\n|move|p1a: Dragapult|Shadow Ball|p2a: Stonjourner\n|-damage|p2a: Stonjourner|0 fnt\n|faint|p2a: Stonjourner\n|\n|-damage|p1a: Dragapult|47/100 tox|[from] psn\n|upkeep\n|inactive|Time left: 300 sec this turn | 300 sec total | 5 sec grace\n|\n|t:|1783546111\n|switch|p2a: Toedscruel|Toedscruel, L87, M|110/281\n|-activate|p2a: Toedscruel|move: Sticky Web\n|-unboost|p2a: Toedscruel|spe|1\n|turn|15\n|inactive|Time left: 300 sec this turn | 300 sec total\n|\n|t:|1783546112\n|move|p1a: Dragapult|Shadow Ball|p2a: Toedscruel\n|-damage|p2a: Toedscruel|28/281\n|move|p2a: Toedscruel|Earth Power|p1a: Dragapult\n|-damage|p1a: Dragapult|9/100 tox\n|\n|-heal|p2a: Toedscruel|45/281|[from] item: Leftovers\n|-damage|p1a: Dragapult|0 fnt|[from] psn\n|faint|p1a: Dragapult\n|upkeep\n|\n|t:|1783546113\n|switch|p1a: Mandibuzz|Mandibuzz, L85, F|100/100\n|turn|16\n|inactive|Time left: 300 sec this turn | 300 sec total\n|\n|t:|1783546114\n|move|p1a: Mandibuzz|Knock Off|p2a: Toedscruel\n|-damage|p2a: Toedscruel|0 fnt\n|-enditem|p2a: Toedscruel|Leftovers|[from] move: Knock Off|[of] p1a: Mandibuzz\n|faint|p2a: Toedscruel\n|\n|upkeep\n|inactive|Time left: 300 sec this turn | 300 sec total | 5 sec grace\n|\n|t:|1783546115\n|switch|p2a: Haxorus|Haxorus, L77, F|244/244\n|-activate|p2a: Haxorus|move: Sticky Web\n|-unboost|p2a: Haxorus|spe|1\n|-ability|p2a: Haxorus|Mold Breaker\n|turn|17\n|inactive|Time left: 300 sec this turn | 300 sec total\n|\n|t:|1783546116\n|move|p1a: Mandibuzz|Knock Off|p2a: Haxorus\n|-damage|p2a: Haxorus|162/244\n|-enditem|p2a: Haxorus|Lum Berry|[from] move: Knock Off|[of] p1a: Mandibuzz\n|move|p2a: Haxorus|Dragon Dance|p2a: Haxorus\n|-boost|p2a: Haxorus|atk|1\n|-boost|p2a: Haxorus|spe|1\n|\n|upkeep\n|turn|18\n|inactive|Time left: 300 sec this turn | 300 sec total\n|\n|t:|1783546117\n|-terastallize|p1a: Mandibuzz|Steel\n|move|p2a: Haxorus|Outrage|p1a: Mandibuzz\n|-resisted|p1a: Mandibuzz\n|-damage|p1a: Mandibuzz|73/100\n|move|p1a: Mandibuzz|Brave Bird|p2a: Haxorus\n|-crit|p2a: Haxorus\n|-damage|p2a: Haxorus|0 fnt\n|faint|p2a: Haxorus\n|-damage|p1a: Mandibuzz|57/100|[from] Recoil\n|\n|upkeep\n|inactive|Time left: 300 sec this turn | 300 sec total | 5 sec grace\n|\n|t:|1783546119\n|switch|p2a: Kilowattrel|Kilowattrel, L83, M|80/252\n|turn|19\n|inactive|Time left: 300 sec this turn | 300 sec total\n|\n|t:|1783546120\n|move|p2a: Kilowattrel|Discharge|p1a: Mandibuzz\n|-damage|p1a: Mandibuzz|32/100\n|move|p1a: Mandibuzz|Knock Off|p2a: Kilowattrel\n|-damage|p2a: Kilowattrel|0 fnt\n|-enditem|p2a: Kilowattrel|Heavy-Duty Boots|[from] move: Knock Off|[of] p1a: Mandibuzz\n|faint|p2a: Kilowattrel\n|\n|upkeep\n|inactive|Time left: 300 sec this turn | 300 sec total | 5 sec grace\n|\n|t:|1783546120\n|switch|p2a: Basculegion|Basculegion-F, L83, F|335/335\n|-activate|p2a: Basculegion|move: Sticky Web\n|-unboost|p2a: Basculegion|spe|1\n|turn|20\n|inactive|Time left: 300 sec this turn | 300 sec total\n|\n|t:|1783546121\n|-terastallize|p2a: Basculegion|Water\n|move|p1a: Mandibuzz|Brave Bird|p2a: Basculegion\n|-damage|p2a: Basculegion|217/335\n|-damage|p1a: Mandibuzz|20/100|[from] Recoil\n|move|p2a: Basculegion|Shadow Ball|p1a: Mandibuzz\n|-damage|p1a: Mandibuzz|0 fnt\n|faint|p1a: Mandibuzz\n|\n|upkeep\n|\n|t:|1783546122\n|switch|p1a: Vikavolt|Vikavolt, L83, F|43/100\n|turn|21\n|inactive|Time left: 300 sec this turn | 300 sec total\n|\n|t:|1783546123\n|move|p1a: Vikavolt|Thunderbolt|p2a: Basculegion\n|-supereffective|p2a: Basculegion\n|-damage|p2a: Basculegion|35/335\n|move|p2a: Basculegion|Hydro Pump|p1a: Vikavolt\n|-damage|p1a: Vikavolt|0 fnt\n|faint|p1a: Vikavolt\n|\n|win|p0y543fe41", "uploadtime": 1783546123, "views": 0, "rating": 0, "private": 0, "password": null, "_winner": "p0y543fe41", "_our_name": "p0y543fe41"}