{"id": "battle-gen9randombattle-2826", "formatid": "gen9randombattle", "format": "[Gen 9] Random Battle", "players": ["p0x2826555e", "p0y2826a3f8"], "log": "|init|battle\n|title|p0x2826555e vs. p0y2826a3f8\n|j|\u2606p0x2826555e\n|j|\u2606p0y2826a3f8\n|t:|1783572547\n|gametype|singles\n|player|p1|p0x2826555e|102|\n|player|p2|p0y2826a3f8|101|\n|gen|9\n|tier|[Gen 9] Random Battle\n|rule|Species Clause: Limit one of each Pok\u00e9mon\n|rule|HP Percentage Mod: HP is shown in percentages\n|rule|Sleep Clause Mod: Limit one foe put to sleep\n|rule|Illusion Level Mod: Illusion disguises the Pok\u00e9mon's true level\n|\n|t:|1783572547\n|teamsize|p1|6\n|teamsize|p2|6\n|start\n|switch|p1a: Shaymin|Shaymin, L82|100/100\n|switch|p2a: Plusle|Plusle, L95, F|268/268\n|turn|1\n|inactive|Battle timer is ON: inactive players will automatically lose when time's up. (requested by p0y2826a3f8)\n|inactive|p0x2826555e also wants the timer to be on.\n|\n|t:|1783572548\n|move|p2a: Plusle|Nasty Plot|p2a: Plusle\n|-boost|p2a: Plusle|spa|2\n|move|p1a: Shaymin|Seed Flare|p2a: Plusle\n|-damage|p2a: Plusle|156/268\n|\n|upkeep\n|turn|2\n|inactive|Time left: 300 sec this turn | 300 sec total\n|\n|t:|1783572549\n|move|p2a: Plusle|Alluring Voice|p1a: Shaymin\n|-damage|p1a: Shaymin|45/100\n|-damage|p2a: Plusle|130/268|[from] item: Life Orb\n|move|p1a: Shaymin|Seed Flare|p2a: Plusle|[miss]\n|-miss|p1a: Shaymin|p2a: Plusle\n|\n|-heal|p1a: Shaymin|52/100|[from] item: Leftovers\n|upkeep\n|turn|3\n|inactive|Time left: 300 sec this turn | 300 sec total\n|\n|t:|1783572550\n|move|p2a: Plusle|Alluring Voice|p1a: Shaymin\n|-damage|p1a: Shaymin|0 fnt\n|faint|p1a: Shaymin\n|-damage|p2a: Plusle|104/268|[from] item: Life Orb\n|\n|upkeep\n|\n|t:|1783572551\n|switch|p1a: Azelf|Azelf, L82|100/100\n|turn|4\n|inactive|Time left: 300 sec this turn | 300 sec total\n|\n|t:|1783572552\n|move|p1a: Azelf|Psyshock|p2a: Plusle\n|-damage|p2a: Plusle|0 fnt\n|faint|p2a: Plusle\n|\n|upkeep\n|inactive|Time left: 300 sec this turn | 300 sec total | 5 sec grace\n|\n|t:|1783572552\n|switch|p2a: Uxie|Uxie, L83|260/260\n|turn|5\n|inactive|Time left: 300 sec this turn | 300 sec total\n|\n|t:|1783572553\n|move|p1a: Azelf|Psyshock|p2a: Uxie\n|-resisted|p2a: Uxie\n|-damage|p2a: Uxie|205/260\n|move|p2a: Uxie|Stealth Rock|p1a: Azelf\n|-sidestart|p1: p0x2826555e|move: Stealth Rock\n|\n|-heal|p2a: Uxie|221/260|[from] item: Leftovers\n|upkeep\n|turn|6\n|inactive|Time left: 300 sec this turn | 300 sec total\n|\n|t:|1783572554\n|switch|p1a: Meganium|Meganium, L90, M|100/100\n|-damage|p1a: Meganium|88/100|[from] Stealth Rock\n|move|p2a: Uxie|U-turn|p1a: Meganium\n|-supereffective|p1a: Meganium\n|-damage|p1a: Meganium|65/100\n|inactive|Time left: 300 sec this turn | 300 sec total | 5 sec grace\n|\n|t:|1783572555\n|switch|p2a: Flareon|Flareon, L90, M|263/263|[from] U-turn\n|\n|-heal|p1a: Meganium|71/100|[from] item: Leftovers\n|-status|p2a: Flareon|tox|[from] item: Toxic Orb\n|upkeep\n|turn|7\n|inactive|Time left: 300 sec this turn | 300 sec total\n|\n|t:|1783572556\n|move|p1a: Meganium|Earthquake|p2a: Flareon\n|-supereffective|p2a: Flareon\n|-damage|p2a: Flareon|73/263 tox\n|move|p2a: Flareon|Flare Blitz|p1a: Meganium\n|-supereffective|p1a: Meganium\n|-damage|p1a: Meganium|0 fnt\n|faint|p1a: Meganium\n|-damage|p2a: Flareon|6/263 tox|[from] Recoil\n|\n|-damage|p2a: Flareon|0 fnt|[from] psn\n|faint|p2a: Flareon\n|upkeep\n|inactive|Time left: 300 sec this turn | 300 sec total | 5 sec grace\n|\n|t:|1783572557\n|switch|p1a: Ribombee|Ribombee, L83, M|100/100\n|switch|p2a: Goodra|Goodra, L85, F|292/292\n|turn|8\n|inactive|Time left: 300 sec this turn | 300 sec total\n|\n|t:|1783572558\n|move|p1a: Ribombee|Sticky Web|p2a: Goodra\n|-sidestart|p2: p0y2826a3f8|move: Sticky Web\n|move|p2a: Goodra|Sludge Bomb|p1a: Ribombee\n|-supereffective|p1a: Ribombee\n|-crit|p1a: Ribombee\n|-damage|p1a: Ribombee|0 fnt\n|faint|p1a: Ribombee\n|\n|upkeep\n|\n|t:|1783572559\n|switch|p1a: Azelf|Azelf, L82|100/100\n|-damage|p1a: Azelf|88/100|[from] Stealth Rock\n|turn|9\n|inactive|Time left: 300 sec this turn | 300 sec total\n|\n|t:|1783572560\n|move|p1a: Azelf|Psyshock|p2a: Goodra\n|-damage|p2a: Goodra|111/292\n|move|p2a: Goodra|Sludge Bomb|p1a: Azelf\n|-crit|p1a: Azelf\n|-damage|p1a: Azelf|34/100\n|-status|p1a: Azelf|psn\n|\n|-damage|p1a: Azelf|22/100 psn|[from] psn\n|upkeep\n|turn|10\n|inactive|Time left: 300 sec this turn | 300 sec total\n|\n|t:|1783572562\n|switch|p2a: Corviknight|Corviknight, L80, M|288/288\n|move|p1a: Azelf|Psyshock|p2a: Corviknight\n|-resisted|p2a: Corviknight\n|-damage|p2a: Corviknight|223/288\n|\n|-heal|p2a: Corviknight|241/288|[from] item: Leftovers\n|-damage|p1a: Azelf|9/100 psn|[from] psn\n|upkeep\n|turn|11\n|inactive|Time left: 300 sec this turn | 300 sec total\n|\n|t:|1783572563\n|move|p1a: Azelf|Psyshock|p2a: Corviknight\n|-resisted|p2a: Corviknight\n|-damage|p2a: Corviknight|178/288\n|move|p2a: Corviknight|Defog|p1a: Azelf\n|-unboost|p1a: Azelf|evasion|1\n|-sideend|p1: p0x2826555e|Stealth Rock|[from] move: Defog|[of] p2a: Corviknight\n|-sideend|p2: p0y2826a3f8|Sticky Web|[from] move: Defog|[of] p2a: Corviknight\n|\n|-heal|p2a: Corviknight|196/288|[from] item: Leftovers\n|-damage|p1a: Azelf|0 fnt|[from] psn\n|faint|p1a: Azelf\n|upkeep\n|\n|t:|1783572564\n|switch|p1a: Gengar|Gengar, L81, M|100/100\n|turn|12\n|inactive|Time left: 300 sec this turn | 300 sec total\n|\n|t:|1783572565\n|move|p1a: Gengar|Nasty Plot|p1a: Gengar\n|-boost|p1a: Gengar|spa|2\n|move|p2a: Corviknight|Brave Bird|p1a: Gengar\n|-damage|p1a: Gengar|33/100\n|-damage|p2a: Corviknight|145/288|[from] Recoil\n|\n|-heal|p2a: Corviknight|163/288|[from] item: Leftovers\n|upkeep\n|turn|13\n|inactive|Time left: 300 sec this turn | 300 sec total\n|\n|t:|1783572566\n|switch|p2a: Goodra|Goodra, L85, F|111/292\n|move|p1a: Gengar|Shadow Ball|p2a: Goodra\n|-damage|p2a: Goodra|0 fnt\n|faint|p2a: Goodra\n|-damage|p1a: Gengar|23/100|[from] item: Life Orb\n|\n|upkeep\n|inactive|Time left: 300 sec this turn | 300 sec total | 5 sec grace\n|\n|t:|1783572567\n|switch|p2a: Kommo-o|Kommo-o, L77, F|242/242\n|turn|14\n|inactive|Time left: 300 sec this turn | 300 sec total\n|\n|t:|1783572568\n|-terastallize|p1a: Gengar|Ghost\n|move|p1a: Gengar|Shadow Ball|p2a: Kommo-o\n|-damage|p2a: Kommo-o|0 fnt\n|faint|p2a: Kommo-o\n|-damage|p1a: Gengar|13/100|[from] item: Life Orb\n|\n|upkeep\n|inactive|Time left: 300 sec this turn | 300 sec total | 5 sec grace\n|\n|t:|1783572569\n|switch|p2a: Uxie|Uxie, L83|221/260\n|turn|15\n|inactive|Time left: 300 sec this turn | 300 sec total\n|\n|t:|1783572569\n|move|p1a: Gengar|Shadow Ball|p2a: Uxie\n|-supereffective|p2a: Uxie\n|-damage|p2a: Uxie|0 fnt\n|faint|p2a: Uxie\n|-damage|p1a: Gengar|3/100|[from] item: Life Orb\n|\n|upkeep\n|inactive|Time left: 300 sec this turn | 300 sec total | 5 sec grace\n|\n|t:|1783572570\n|switch|p2a: Corviknight|Corviknight, L80, M|163/288\n|turn|16\n|inactive|Time left: 300 sec this turn | 300 sec total\n|\n|t:|1783572571\n|-terastallize|p2a: Corviknight|Dragon\n|move|p1a: Gengar|Shadow Ball|p2a: Corviknight\n|-damage|p2a: Corviknight|0 fnt\n|faint|p2a: Corviknight\n|-damage|p1a: Gengar|0 fnt|[from] item: Life Orb\n|faint|p1a: Gengar\n|\n|win|p0x2826555e", "uploadtime": 1783572571, "views": 0, "rating": 0, "private": 0, "password": null, "_winner": "p0x2826555e", "_our_name": "p0y2826a3f8"}