{"id": "battle-gen9randombattle-532", "formatid": "gen9randombattle", "format": "[Gen 9] Random Battle", "players": ["p0x532a82f", "p0y53285a1"], "log": "|init|battle\n|title|p0x532a82f vs. p0y53285a1\n|j|\u2606p0x532a82f\n|j|\u2606p0y53285a1\n|t:|1783545974\n|gametype|singles\n|player|p1|p0x532a82f|101|\n|player|p2|p0y53285a1|265|\n|gen|9\n|tier|[Gen 9] Random Battle\n|rule|Species Clause: Limit one of each Pok\u00e9mon\n|rule|HP Percentage Mod: HP is shown in percentages\n|rule|Sleep Clause Mod: Limit one foe put to sleep\n|rule|Illusion Level Mod: Illusion disguises the Pok\u00e9mon's true level\n|\n|t:|1783545974\n|teamsize|p1|6\n|teamsize|p2|6\n|start\n|switch|p1a: Wo-Chien|Wo-Chien, L83|277/277\n|switch|p2a: Komala|Komala, L87, F|100/100\n|-ability|p1a: Wo-Chien|Tablets of Ruin\n|-ability|p2a: Komala|Comatose\n|turn|1\n|inactive|Battle timer is ON: inactive players will automatically lose when time's up. (requested by p0y53285a1)\n|inactive|Time left: 300 sec this turn | 300 sec total | 60 sec grace\n|inactive|p0x532a82f also wants the timer to be on.\n|\n|t:|1783545975\n|move|p1a: Wo-Chien|Knock Off|p2a: Komala\n|-damage|p2a: Komala|60/100\n|-enditem|p2a: Komala|Assault Vest|[from] move: Knock Off|[of] p1a: Wo-Chien\n|move|p2a: Komala|U-turn|p1a: Wo-Chien\n|-supereffective|p1a: Wo-Chien\n|-damage|p1a: Wo-Chien|97/277\n|\n|t:|1783545976\n|switch|p2a: Falinks|Falinks, L84|100/100|[from] U-turn\n|\n|-heal|p1a: Wo-Chien|114/277|[from] item: Leftovers\n|upkeep\n|turn|2\n|inactive|Time left: 300 sec this turn | 300 sec total\n|\n|t:|1783545976\n|move|p2a: Falinks|No Retreat|p2a: Falinks\n|-boost|p2a: Falinks|atk|1\n|-boost|p2a: Falinks|def|1\n|-boost|p2a: Falinks|spa|1\n|-boost|p2a: Falinks|spd|1\n|-boost|p2a: Falinks|spe|1\n|-start|p2a: Falinks|move: No Retreat\n|move|p1a: Wo-Chien|Leech Seed|p2a: Falinks\n|-start|p2a: Falinks|move: Leech Seed\n|\n|-heal|p1a: Wo-Chien|131/277|[from] item: Leftovers\n|-damage|p2a: Falinks|88/100|[from] Leech Seed|[of] p1a: Wo-Chien\n|-heal|p1a: Wo-Chien|161/277|[silent]\n|upkeep\n|turn|3\n|inactive|Time left: 300 sec this turn | 300 sec total\n|\n|t:|1783545977\n|-terastallize|p1a: Wo-Chien|Poison\n|move|p2a: Falinks|Close Combat|p1a: Wo-Chien\n|-resisted|p1a: Wo-Chien\n|-damage|p1a: Wo-Chien|79/277\n|-unboost|p2a: Falinks|def|1\n|-unboost|p2a: Falinks|spd|1\n|-damage|p2a: Falinks|79/100|[from] item: Life Orb\n|move|p1a: Wo-Chien|Giga Drain|p2a: Falinks\n|-damage|p2a: Falinks|35/100\n|-heal|p1a: Wo-Chien|132/277|[from] drain|[of] p2a: Falinks\n|\n|-heal|p1a: Wo-Chien|149/277|[from] item: Leftovers\n|-damage|p2a: Falinks|23/100|[from] Leech Seed|[of] p1a: Wo-Chien\n|-heal|p1a: Wo-Chien|179/277|[silent]\n|upkeep\n|turn|4\n|inactive|Time left: 300 sec this turn | 300 sec total\n|\n|t:|1783545978\n|move|p1a: Wo-Chien|Protect|p1a: Wo-Chien\n|-singleturn|p1a: Wo-Chien|Protect\n|move|p2a: Falinks|Knock Off|p1a: Wo-Chien\n|-activate|p1a: Wo-Chien|move: Protect\n|\n|-heal|p1a: Wo-Chien|196/277|[from] item: Leftovers\n|-damage|p2a: Falinks|11/100|[from] Leech Seed|[of] p1a: Wo-Chien\n|-heal|p1a: Wo-Chien|226/277|[silent]\n|upkeep\n|turn|5\n|inactive|Time left: 300 sec this turn | 300 sec total\n|\n|t:|1783545979\n|move|p1a: Wo-Chien|Protect|p1a: Wo-Chien\n|-singleturn|p1a: Wo-Chien|Protect\n|move|p2a: Falinks|Knock Off|p1a: Wo-Chien\n|-activate|p1a: Wo-Chien|move: Protect\n|\n|-heal|p1a: Wo-Chien|243/277|[from] item: Leftovers\n|-damage|p2a: Falinks|0 fnt|[from] Leech Seed|[of] p1a: Wo-Chien\n|-heal|p1a: Wo-Chien|269/277|[silent]\n|faint|p2a: Falinks\n|upkeep\n|\n|t:|1783545979\n|switch|p2a: Pachirisu|Pachirisu, L96, F|100/100\n|turn|6\n|inactive|Time left: 300 sec this turn | 300 sec total\n|\n|t:|1783545980\n|move|p2a: Pachirisu|Super Fang|p1a: Wo-Chien\n|-damage|p1a: Wo-Chien|135/277\n|move|p1a: Wo-Chien|Knock Off|p2a: Pachirisu\n|-damage|p2a: Pachirisu|64/100\n|-enditem|p2a: Pachirisu|Heavy-Duty Boots|[from] move: Knock Off|[of] p1a: Wo-Chien\n|\n|-heal|p1a: Wo-Chien|152/277|[from] item: Leftovers\n|upkeep\n|turn|7\n|inactive|Time left: 300 sec this turn | 300 sec total\n|\n|t:|1783545981\n|move|p2a: Pachirisu|Super Fang|p1a: Wo-Chien\n|-damage|p1a: Wo-Chien|76/277\n|move|p1a: Wo-Chien|Leech Seed|p2a: Pachirisu\n|-start|p2a: Pachirisu|move: Leech Seed\n|\n|-heal|p1a: Wo-Chien|93/277|[from] item: Leftovers\n|-damage|p2a: Pachirisu|52/100|[from] Leech Seed|[of] p1a: Wo-Chien\n|-heal|p1a: Wo-Chien|126/277|[silent]\n|upkeep\n|turn|8\n|inactive|Time left: 300 sec this turn | 300 sec total\n|\n|t:|1783545982\n|move|p2a: Pachirisu|U-turn|p1a: Wo-Chien\n|-resisted|p1a: Wo-Chien\n|-damage|p1a: Wo-Chien|113/277\n|\n|t:|1783545983\n|switch|p2a: Bombirdier|Bombirdier, L85, M|100/100|[from] U-turn\n|move|p1a: Wo-Chien|Knock Off|p2a: Bombirdier\n|-resisted|p2a: Bombirdier\n|-damage|p2a: Bombirdier|83/100\n|-enditem|p2a: Bombirdier|Heavy-Duty Boots|[from] move: Knock Off|[of] p1a: Wo-Chien\n|\n|-heal|p1a: Wo-Chien|130/277|[from] item: Leftovers\n|upkeep\n|turn|9\n|inactive|Time left: 300 sec this turn | 300 sec total\n|\n|t:|1783545984\n|move|p2a: Bombirdier|Knock Off|p1a: Wo-Chien\n|-damage|p1a: Wo-Chien|49/277\n|-enditem|p1a: Wo-Chien|Leftovers|[from] move: Knock Off|[of] p2a: Bombirdier\n|move|p1a: Wo-Chien|Leech Seed|p2a: Bombirdier|[miss]\n|-miss|p1a: Wo-Chien|p2a: Bombirdier\n|\n|upkeep\n|turn|10\n|inactive|Time left: 300 sec this turn | 300 sec total\n|\n|t:|1783545985\n|move|p1a: Wo-Chien|Protect|p1a: Wo-Chien\n|-singleturn|p1a: Wo-Chien|Protect\n|move|p2a: Bombirdier|Brave Bird|p1a: Wo-Chien\n|-activate|p1a: Wo-Chien|move: Protect\n|\n|upkeep\n|turn|11\n|inactive|Time left: 300 sec this turn | 300 sec total\n|\n|t:|1783545986\n|switch|p1a: Fezandipiti|Fezandipiti, L82, M|278/278\n|move|p2a: Bombirdier|Knock Off|p1a: Fezandipiti\n|-resisted|p1a: Fezandipiti\n|-damage|p1a: Fezandipiti|217/278\n|-enditem|p1a: Fezandipiti|Leftovers|[from] move: Knock Off|[of] p2a: Bombirdier\n|\n|upkeep\n|turn|12\n|inactive|Time left: 300 sec this turn | 300 sec total\n|\n|t:|1783545988\n|move|p1a: Fezandipiti|Moonblast|p2a: Bombirdier\n|-supereffective|p2a: Bombirdier\n|-damage|p2a: Bombirdier|25/100\n|-unboost|p2a: Bombirdier|spa|1\n|move|p2a: Bombirdier|Roost|p2a: Bombirdier\n|-heal|p2a: Bombirdier|75/100\n|-singleturn|p2a: Bombirdier|move: Roost\n|\n|upkeep\n|turn|13\n|inactive|Time left: 300 sec this turn | 300 sec total\n|\n|t:|1783545989\n|switch|p2a: Skarmory|Skarmory, L80, F|100/100\n|move|p1a: Fezandipiti|Moonblast|p2a: Skarmory\n|-resisted|p2a: Skarmory\n|-damage|p2a: Skarmory|82/100\n|\n|-heal|p2a: Skarmory|88/100|[from] item: Leftovers\n|upkeep\n|turn|14\n|inactive|Time left: 300 sec this turn | 300 sec total\n|\n|t:|1783545990\n|move|p1a: Fezandipiti|Moonblast|p2a: Skarmory\n|-resisted|p2a: Skarmory\n|-damage|p2a: Skarmory|69/100\n|move|p2a: Skarmory|Iron Defense|p2a: Skarmory\n|-boost|p2a: Skarmory|def|2\n|\n|-heal|p2a: Skarmory|75/100|[from] item: Leftovers\n|upkeep\n|turn|15\n|inactive|Time left: 300 sec this turn | 300 sec total\n|\n|t:|1783545991\n|move|p1a: Fezandipiti|Moonblast|p2a: Skarmory\n|-resisted|p2a: Skarmory\n|-damage|p2a: Skarmory|56/100\n|-unboost|p2a: Skarmory|spa|1\n|move|p2a: Skarmory|Roost|p2a: Skarmory\n|-heal|p2a: Skarmory|100/100\n|-singleturn|p2a: Skarmory|move: Roost\n|\n|upkeep\n|turn|16\n|inactive|Time left: 300 sec this turn | 300 sec total\n|\n|t:|1783545992\n|move|p1a: Fezandipiti|Moonblast|p2a: Skarmory\n|-resisted|p2a: Skarmory\n|-damage|p2a: Skarmory|82/100\n|move|p2a: Skarmory|Body Press|p1a: Fezandipiti\n|-resisted|p1a: Fezandipiti\n|-damage|p1a: Fezandipiti|180/278\n|\n|-heal|p2a: Skarmory|88/100|[from] item: Leftovers\n|upkeep\n|turn|17\n|inactive|Time left: 300 sec this turn | 300 sec total\n|\n|t:|1783545993\n|move|p1a: Fezandipiti|Moonblast|p2a: Skarmory\n|-resisted|p2a: Skarmory\n|-damage|p2a: Skarmory|68/100\n|move|p2a: Skarmory|Body Press|p1a: Fezandipiti\n|-resisted|p1a: Fezandipiti\n|-damage|p1a: Fezandipiti|143/278\n|\n|-heal|p2a: Skarmory|74/100|[from] item: Leftovers\n|upkeep\n|turn|18\n|inactive|Time left: 300 sec this turn | 300 sec total\n|\n|t:|1783545994\n|move|p1a: Fezandipiti|Roost|p1a: Fezandipiti\n|-heal|p1a: Fezandipiti|278/278\n|-singleturn|p1a: Fezandipiti|move: Roost\n|move|p2a: Skarmory|Brave Bird|p1a: Fezandipiti\n|-damage|p1a: Fezandipiti|164/278\n|-damage|p2a: Skarmory|58/100|[from] Recoil\n|\n|-heal|p2a: Skarmory|63/100|[from] item: Leftovers\n|upkeep\n|turn|19\n|inactive|Time left: 300 sec this turn | 300 sec total\n|\n|t:|1783545995\n|move|p1a: Fezandipiti|Roost|p1a: Fezandipiti\n|-heal|p1a: Fezandipiti|278/278\n|-singleturn|p1a: Fezandipiti|move: Roost\n|move|p2a: Skarmory|Brave Bird|p1a: Fezandipiti\n|-damage|p1a: Fezandipiti|176/278\n|-damage|p2a: Skarmory|49/100|[from] Recoil\n|\n|-heal|p2a: Skarmory|55/100|[from] item: Leftovers\n|upkeep\n|turn|20\n|inactive|Time left: 300 sec this turn | 300 sec total\n|\n|t:|1783545996\n|move|p1a: Fezandipiti|Roost|p1a: Fezandipiti\n|-heal|p1a: Fezandipiti|278/278\n|-singleturn|p1a: Fezandipiti|move: Roost\n|move|p2a: Skarmory|Roost|p2a: Skarmory\n|-heal|p2a: Skarmory|100/100\n|-singleturn|p2a: Skarmory|move: Roost\n|\n|upkeep\n|turn|21\n|inactive|Time left: 300 sec this turn | 300 sec total\n|\n|t:|1783545997\n|move|p1a: Fezandipiti|Moonblast|p2a: Skarmory\n|-resisted|p2a: Skarmory\n|-damage|p2a: Skarmory|82/100\n|move|p2a: Skarmory|Brave Bird|p1a: Fezandipiti\n|-damage|p1a: Fezandipiti|160/278\n|-damage|p2a: Skarmory|65/100|[from] Recoil\n|\n|-heal|p2a: Skarmory|71/100|[from] item: Leftovers\n|upkeep\n|turn|22\n|inactive|Time left: 300 sec this turn | 300 sec total\n|\n|t:|1783545998\n|move|p1a: Fezandipiti|Roost|p1a: Fezandipiti\n|-heal|p1a: Fezandipiti|278/278\n|-singleturn|p1a: Fezandipiti|move: Roost\n|move|p2a: Skarmory|Brave Bird|p1a: Fezandipiti\n|-damage|p1a: Fezandipiti|170/278\n|-damage|p2a: Skarmory|56/100|[from] Recoil\n|\n|-heal|p2a: Skarmory|62/100|[from] item: Leftovers\n|upkeep\n|turn|23\n|inactive|Time left: 300 sec this turn | 300 sec total\n|\n|t:|1783546000\n|move|p1a: Fezandipiti|Roost|p1a: Fezandipiti\n|-heal|p1a: Fezandipiti|278/278\n|-singleturn|p1a: Fezandipiti|move: Roost\n|move|p2a: Skarmory|Brave Bird|p1a: Fezandipiti\n|-damage|p1a: Fezandipiti|176/278\n|-damage|p2a: Skarmory|47/100|[from] Recoil\n|\n|-heal|p2a: Skarmory|53/100|[from] item: Leftovers\n|upkeep\n|turn|24\n|inactive|Time left: 300 sec this turn | 300 sec total\n|\n|t:|1783546001\n|move|p1a: Fezandipiti|Moonblast|p2a: Skarmory\n|-resisted|p2a: Skarmory\n|-damage|p2a: Skarmory|35/100\n|move|p2a: Skarmory|Roost|p2a: Skarmory\n|-heal|p2a: Skarmory|85/100\n|-singleturn|p2a: Skarmory|move: Roost\n|\n|-heal|p2a: Skarmory|91/100|[from] item: Leftovers\n|upkeep\n|turn|25\n|inactive|Time left: 300 sec this turn | 300 sec total\n|\n|t:|1783546002\n|move|p1a: Fezandipiti|Moonblast|p2a: Skarmory\n|-resisted|p2a: Skarmory\n|-damage|p2a: Skarmory|73/100\n|move|p2a: Skarmory|Body Press|p1a: Fezandipiti\n|-resisted|p1a: Fezandipiti\n|-damage|p1a: Fezandipiti|138/278\n|\n|-heal|p2a: Skarmory|79/100|[from] item: Leftovers\n|upkeep\n|turn|26\n|inactive|Time left: 300 sec this turn | 300 sec total\n|\n|t:|1783546003\n|move|p1a: Fezandipiti|Roost|p1a: Fezandipiti\n|-heal|p1a: Fezandipiti|277/278\n|-singleturn|p1a: Fezandipiti|move: Roost\n|move|p2a: Skarmory|Body Press|p1a: Fezandipiti\n|-resisted|p1a: Fezandipiti\n|-damage|p1a: Fezandipiti|238/278\n|\n|-heal|p2a: Skarmory|85/100|[from] item: Leftovers\n|upkeep\n|turn|27\n|inactive|Time left: 300 sec this turn | 300 sec total\n|\n|t:|1783546004\n|move|p1a: Fezandipiti|Moonblast|p2a: Skarmory\n|-resisted|p2a: Skarmory\n|-damage|p2a: Skarmory|65/100\n|-unboost|p2a: Skarmory|spa|1\n|move|p2a: Skarmory|Brave Bird|p1a: Fezandipiti\n|-damage|p1a: Fezandipiti|132/278\n|-damage|p2a: Skarmory|50/100|[from] Recoil\n|\n|-heal|p2a: Skarmory|56/100|[from] item: Leftovers\n|upkeep\n|turn|28\n|inactive|Time left: 300 sec this turn | 300 sec total\n|\n|t:|1783546005\n|move|p1a: Fezandipiti|Roost|p1a: Fezandipiti\n|-heal|p1a: Fezandipiti|271/278\n|-singleturn|p1a: Fezandipiti|move: Roost\n|move|p2a: Skarmory|Roost|p2a: Skarmory\n|-heal|p2a: Skarmory|100/100\n|-singleturn|p2a: Skarmory|move: Roost\n|\n|upkeep\n|turn|29\n|inactive|Time left: 300 sec this turn | 300 sec total\n|\n|t:|1783546006\n|move|p1a: Fezandipiti|Moonblast|p2a: Skarmory\n|-resisted|p2a: Skarmory\n|-damage|p2a: Skarmory|79/100\n|-unboost|p2a: Skarmory|spa|1\n|move|p2a: Skarmory|Body Press|p1a: Fezandipiti\n|-resisted|p1a: Fezandipiti\n|-damage|p1a: Fezandipiti|233/278\n|\n|-heal|p2a: Skarmory|85/100|[from] item: Leftovers\n|upkeep\n|turn|30\n|inactive|Time left: 300 sec this turn | 300 sec total\n|\n|t:|1783546007\n|move|p1a: Fezandipiti|Moonblast|p2a: Skarmory\n|-resisted|p2a: Skarmory\n|-damage|p2a: Skarmory|65/100\n|-unboost|p2a: Skarmory|spa|1\n|move|p2a: Skarmory|Body Press|p1a: Fezandipiti\n|-resisted|p1a: Fezandipiti\n|-damage|p1a: Fezandipiti|196/278\n|\n|-heal|p2a: Skarmory|71/100|[from] item: Leftovers\n|upkeep\n|turn|31\n|inactive|Time left: 300 sec this turn | 300 sec total\n|\n|t:|1783546008\n|move|p1a: Fezandipiti|Moonblast|p2a: Skarmory\n|-resisted|p2a: Skarmory\n|-damage|p2a: Skarmory|53/100\n|move|p2a: Skarmory|Brave Bird|p1a: Fezandipiti\n|-damage|p1a: Fezandipiti|76/278\n|-damage|p2a: Skarmory|36/100|[from] Recoil\n|\n|-heal|p2a: Skarmory|42/100|[from] item: Leftovers\n|upkeep\n|turn|32\n|inactive|Time left: 300 sec this turn | 300 sec total\n|\n|t:|1783546009\n|move|p1a: Fezandipiti|Roost|p1a: Fezandipiti\n|-heal|p1a: Fezandipiti|215/278\n|-singleturn|p1a: Fezandipiti|move: Roost\n|move|p2a: Skarmory|Roost|p2a: Skarmory\n|-heal|p2a: Skarmory|92/100\n|-singleturn|p2a: Skarmory|move: Roost\n|\n|-heal|p2a: Skarmory|98/100|[from] item: Leftovers\n|upkeep\n|turn|33\n|inactive|Time left: 300 sec this turn | 300 sec total\n|\n|t:|1783546010\n|move|p1a: Fezandipiti|Moonblast|p2a: Skarmory\n|-resisted|p2a: Skarmory\n|-damage|p2a: Skarmory|79/100\n|move|p2a: Skarmory|Brave Bird|p1a: Fezandipiti\n|-damage|p1a: Fezandipiti|101/278\n|-damage|p2a: Skarmory|63/100|[from] Recoil\n|\n|-heal|p2a: Skarmory|69/100|[from] item: Leftovers\n|upkeep\n|turn|34\n|inactive|Time left: 300 sec this turn | 300 sec total\n|\n|t:|1783546011\n|move|p1a: Fezandipiti|Moonblast|p2a: Skarmory\n|-resisted|p2a: Skarmory\n|-damage|p2a: Skarmory|49/100\n|move|p2a: Skarmory|Brave Bird|p1a: Fezandipiti\n|-damage|p1a: Fezandipiti|0 fnt\n|faint|p1a: Fezandipiti\n|-damage|p2a: Skarmory|35/100|[from] Recoil\n|\n|-heal|p2a: Skarmory|40/100|[from] item: Leftovers\n|upkeep\n|inactive|Time left: 300 sec this turn | 300 sec total | 5 sec grace\n|\n|t:|1783546012\n|switch|p1a: Magmortar|Magmortar, L88, M|275/275\n|turn|35\n|inactive|Time left: 300 sec this turn | 300 sec total\n|\n|t:|1783546013\n|switch|p2a: Pachirisu|Pachirisu, L96, F|52/100\n|move|p1a: Magmortar|Fire Blast|p2a: Pachirisu\n|-damage|p2a: Pachirisu|4/100\n|\n|upkeep\n|turn|36\n|inactive|Time left: 300 sec this turn | 300 sec total\n|\n|t:|1783546014\n|move|p2a: Pachirisu|Super Fang|p1a: Magmortar\n|-damage|p1a: Magmortar|138/275\n|-status|p2a: Pachirisu|brn|[from] ability: Flame Body|[of] p1a: Magmortar\n|move|p1a: Magmortar|Fire Blast|p2a: Pachirisu\n|-damage|p2a: Pachirisu|0 fnt\n|faint|p2a: Pachirisu\n|\n|upkeep\n|\n|t:|1783546015\n|switch|p2a: Floatzel|Floatzel, L86, M|100/100\n|turn|37\n|inactive|Time left: 300 sec this turn | 300 sec total\n|\n|t:|1783546016\n|switch|p1a: Tatsugiri|Tatsugiri, L87, F|260/260\n|move|p2a: Floatzel|Wave Crash|p1a: Tatsugiri\n|-ability|p1a: Tatsugiri|Storm Drain|boost\n|-boost|p1a: Tatsugiri|spa|1\n|\n|upkeep\n|turn|38\n|inactive|Time left: 300 sec this turn | 300 sec total\n|\n|t:|1783546017\n|move|p2a: Floatzel|Ice Spinner|p1a: Tatsugiri\n|-damage|p1a: Tatsugiri|177/260\n|move|p1a: Tatsugiri|Hydro Pump|p2a: Floatzel\n|-resisted|p2a: Floatzel\n|-damage|p2a: Floatzel|46/100\n|\n|-heal|p2a: Floatzel|52/100|[from] item: Leftovers\n|upkeep\n|turn|39\n|inactive|Time left: 300 sec this turn | 300 sec total\n|\n|t:|1783546018\n|move|p2a: Floatzel|Ice Spinner|p1a: Tatsugiri\n|-damage|p1a: Tatsugiri|100/260\n|move|p1a: Tatsugiri|Hydro Pump|p2a: Floatzel\n|-resisted|p2a: Floatzel\n|-damage|p2a: Floatzel|0 fnt\n|faint|p2a: Floatzel\n|\n|upkeep\n|\n|t:|1783546019\n|switch|p2a: Komala|Komala, L87, F|60/100\n|-ability|p2a: Komala|Comatose\n|turn|40\n|inactive|Time left: 300 sec this turn | 300 sec total\n|\n|t:|1783546020\n|move|p1a: Tatsugiri|Hydro Pump|p2a: Komala\n|-damage|p2a: Komala|0 fnt\n|faint|p2a: Komala\n|\n|upkeep\n|\n|t:|1783546021\n|switch|p2a: Skarmory|Skarmory, L80, F|40/100\n|turn|41\n|inactive|Time left: 300 sec this turn | 300 sec total\n|\n|t:|1783546021\n|move|p1a: Tatsugiri|Hydro Pump|p2a: Skarmory\n|-damage|p2a: Skarmory|0 fnt\n|faint|p2a: Skarmory\n|\n|upkeep\n|\n|t:|1783546022\n|switch|p2a: Bombirdier|Bombirdier, L85, M|75/100\n|turn|42\n|inactive|Time left: 300 sec this turn | 300 sec total\n|\n|t:|1783546023\n|move|p1a: Tatsugiri|Draco Meteor|p2a: Bombirdier\n|-damage|p2a: Bombirdier|0 fnt\n|-unboost|p1a: Tatsugiri|spa|2\n|faint|p2a: Bombirdier\n|\n|win|p0x532a82f", "uploadtime": 1783546023, "views": 0, "rating": 0, "private": 0, "password": null, "_winner": "p0x532a82f", "_our_name": "p0x532a82f"}