{"id": "battle-gen9randombattle-1194", "formatid": "gen9randombattle", "format": "[Gen 9] Random Battle", "players": ["p0x1194a55e", "p0y1194f916"], "log": "|init|battle\n|title|p0x1194a55e vs. p0y1194f916\n|j|\u2606p0x1194a55e\n|j|\u2606p0y1194f916\n|t:|1783553826\n|gametype|singles\n|player|p1|p0x1194a55e|102|\n|player|p2|p0y1194f916|102|\n|gen|9\n|tier|[Gen 9] Random Battle\n|rule|Species Clause: Limit one of each Pok\u00e9mon\n|rule|HP Percentage Mod: HP is shown in percentages\n|rule|Sleep Clause Mod: Limit one foe put to sleep\n|rule|Illusion Level Mod: Illusion disguises the Pok\u00e9mon's true level\n|\n|t:|1783553826\n|teamsize|p1|6\n|teamsize|p2|6\n|start\n|switch|p1a: Kommo-o|Kommo-o, L77, M|100/100\n|switch|p2a: Illumise|Illumise, L91, F|266/266\n|turn|1\n|inactive|Battle timer is ON: inactive players will automatically lose when time's up. (requested by p0x1194a55e)\n|inactive|Time left: 300 sec this turn | 300 sec total | 60 sec grace\n|inactive|p0y1194f916 also wants the timer to be on.\n|\n|t:|1783553827\n|switch|p2a: Poliwrath|Poliwrath, L88, F|302/302\n|move|p1a: Kommo-o|Scale Shot|p2a: Poliwrath|[miss]\n|-miss|p1a: Kommo-o|p2a: Poliwrath\n|\n|upkeep\n|turn|2\n|inactive|Time left: 300 sec this turn | 300 sec total\n|\n|t:|1783553829\n|move|p1a: Kommo-o|Swords Dance|p1a: Kommo-o\n|-boost|p1a: Kommo-o|atk|2\n|move|p2a: Poliwrath|Circle Throw|p1a: Kommo-o\n|-damage|p1a: Kommo-o|78/100\n|drag|p1a: Arcanine|Arcanine, L84, M|100/100\n|-ability|p1a: Arcanine|Intimidate|boost\n|-unboost|p2a: Poliwrath|atk|1\n|\n|upkeep\n|turn|3\n|inactive|Time left: 300 sec this turn | 300 sec total\n|\n|t:|1783553830\n|switch|p2a: Pecharunt|Pecharunt, L77|262/262\n|move|p1a: Arcanine|Will-O-Wisp|p2a: Pecharunt\n|-status|p2a: Pecharunt|brn\n|\n|-damage|p2a: Pecharunt|246/262 brn|[from] brn\n|upkeep\n|turn|4\n|inactive|Time left: 300 sec this turn | 300 sec total\n|\n|t:|1783553831\n|switch|p1a: Bastiodon|Bastiodon, L89, F|100/100\n|move|p2a: Pecharunt|Malignant Chain|p1a: Bastiodon\n|-immune|p1a: Bastiodon\n|\n|-damage|p2a: Pecharunt|230/262 brn|[from] brn\n|upkeep\n|turn|5\n|inactive|Time left: 300 sec this turn | 300 sec total\n|\n|t:|1783553832\n|move|p2a: Pecharunt|Malignant Chain|p1a: Bastiodon\n|-immune|p1a: Bastiodon\n|move|p1a: Bastiodon|Iron Defense|p1a: Bastiodon\n|-boost|p1a: Bastiodon|def|2\n|\n|-damage|p2a: Pecharunt|214/262 brn|[from] brn\n|upkeep\n|turn|6\n|inactive|Time left: 300 sec this turn | 300 sec total\n|\n|t:|1783553833\n|move|p2a: Pecharunt|Shadow Ball|p1a: Bastiodon\n|-damage|p1a: Bastiodon|81/100\n|move|p1a: Bastiodon|Foul Play|p2a: Pecharunt\n|-supereffective|p2a: Pecharunt\n|-damage|p2a: Pecharunt|154/262 brn\n|-damage|p1a: Bastiodon|65/100|[from] item: Rocky Helmet|[of] p2a: Pecharunt\n|\n|-damage|p2a: Pecharunt|138/262 brn|[from] brn\n|upkeep\n|turn|7\n|inactive|Time left: 300 sec this turn | 300 sec total\n|\n|t:|1783553834\n|move|p2a: Pecharunt|Recover|p2a: Pecharunt\n|-heal|p2a: Pecharunt|262/262 brn\n|move|p1a: Bastiodon|Body Press|p2a: Pecharunt\n|-immune|p2a: Pecharunt\n|\n|-damage|p2a: Pecharunt|246/262 brn|[from] brn\n|upkeep\n|turn|8\n|inactive|Time left: 300 sec this turn | 300 sec total\n|\n|t:|1783553835\n|move|p2a: Pecharunt|Shadow Ball|p1a: Bastiodon\n|-damage|p1a: Bastiodon|48/100\n|-unboost|p1a: Bastiodon|spd|1\n|move|p1a: Bastiodon|Body Press|p2a: Pecharunt\n|-immune|p2a: Pecharunt\n|\n|-damage|p2a: Pecharunt|230/262 brn|[from] brn\n|upkeep\n|turn|9\n|inactive|Time left: 300 sec this turn | 300 sec total\n|\n|t:|1783553836\n|move|p2a: Pecharunt|Shadow Ball|p1a: Bastiodon\n|-damage|p1a: Bastiodon|23/100\n|move|p1a: Bastiodon|Rest|p1a: Bastiodon\n|-status|p1a: Bastiodon|slp|[from] move: Rest\n|-heal|p1a: Bastiodon|100/100 slp|[silent]\n|-enditem|p1a: Bastiodon|Chesto Berry|[eat]\n|-curestatus|p1a: Bastiodon|slp|[msg]\n|\n|-damage|p2a: Pecharunt|214/262 brn|[from] brn\n|upkeep\n|turn|10\n|inactive|Time left: 300 sec this turn | 300 sec total\n|\n|t:|1783553837\n|move|p2a: Pecharunt|Shadow Ball|p1a: Bastiodon\n|-damage|p1a: Bastiodon|76/100\n|move|p1a: Bastiodon|Body Press|p2a: Pecharunt\n|-immune|p2a: Pecharunt\n|\n|-damage|p2a: Pecharunt|198/262 brn|[from] brn\n|upkeep\n|turn|11\n|inactive|Time left: 300 sec this turn | 300 sec total\n|\n|t:|1783553838\n|move|p2a: Pecharunt|Recover|p2a: Pecharunt\n|-heal|p2a: Pecharunt|262/262 brn\n|move|p1a: Bastiodon|Body Press|p2a: Pecharunt\n|-immune|p2a: Pecharunt\n|\n|-damage|p2a: Pecharunt|246/262 brn|[from] brn\n|upkeep\n|turn|12\n|inactive|Time left: 300 sec this turn | 300 sec total\n|\n|t:|1783553839\n|move|p2a: Pecharunt|Shadow Ball|p1a: Bastiodon\n|-damage|p1a: Bastiodon|51/100\n|move|p1a: Bastiodon|Foul Play|p2a: Pecharunt\n|-supereffective|p2a: Pecharunt\n|-damage|p2a: Pecharunt|180/262 brn\n|-damage|p1a: Bastiodon|35/100|[from] item: Rocky Helmet|[of] p2a: Pecharunt\n|\n|-damage|p2a: Pecharunt|164/262 brn|[from] brn\n|upkeep\n|turn|13\n|inactive|Time left: 300 sec this turn | 300 sec total\n|\n|t:|1783553841\n|move|p2a: Pecharunt|Recover|p2a: Pecharunt\n|-heal|p2a: Pecharunt|262/262 brn\n|move|p1a: Bastiodon|Rest|p1a: Bastiodon\n|-status|p1a: Bastiodon|slp|[from] move: Rest\n|-heal|p1a: Bastiodon|100/100 slp|[silent]\n|\n|-damage|p2a: Pecharunt|246/262 brn|[from] brn\n|upkeep\n|turn|14\n|inactive|Time left: 300 sec this turn | 300 sec total\n|\n|t:|1783553842\n|move|p2a: Pecharunt|Shadow Ball|p1a: Bastiodon\n|-damage|p1a: Bastiodon|74/100 slp\n|cant|p1a: Bastiodon|slp\n|\n|-damage|p2a: Pecharunt|230/262 brn|[from] brn\n|upkeep\n|turn|15\n|inactive|Time left: 300 sec this turn | 300 sec total\n|\n|t:|1783553843\n|move|p2a: Pecharunt|Shadow Ball|p1a: Bastiodon\n|-damage|p1a: Bastiodon|47/100 slp\n|cant|p1a: Bastiodon|slp\n|\n|-damage|p2a: Pecharunt|214/262 brn|[from] brn\n|upkeep\n|turn|16\n|inactive|Time left: 300 sec this turn | 300 sec total\n|\n|t:|1783553844\n|move|p2a: Pecharunt|Shadow Ball|p1a: Bastiodon\n|-damage|p1a: Bastiodon|20/100 slp\n|-unboost|p1a: Bastiodon|spd|1\n|-curestatus|p1a: Bastiodon|slp|[msg]\n|move|p1a: Bastiodon|Body Press|p2a: Pecharunt\n|-immune|p2a: Pecharunt\n|\n|-damage|p2a: Pecharunt|198/262 brn|[from] brn\n|upkeep\n|turn|17\n|inactive|Time left: 300 sec this turn | 300 sec total\n|\n|t:|1783553845\n|move|p2a: Pecharunt|Shadow Ball|p1a: Bastiodon\n|-damage|p1a: Bastiodon|0 fnt\n|faint|p1a: Bastiodon\n|\n|-damage|p2a: Pecharunt|182/262 brn|[from] brn\n|upkeep\n|\n|t:|1783553846\n|switch|p1a: Kommo-o|Kommo-o, L77, M|78/100\n|turn|18\n|inactive|Time left: 300 sec this turn | 300 sec total\n|\n|t:|1783553847\n|move|p2a: Pecharunt|Malignant Chain|p1a: Kommo-o\n|-damage|p1a: Kommo-o|45/100\n|-status|p1a: Kommo-o|tox\n|-start|p1a: Kommo-o|confusion|[from] ability: Poison Puppeteer|[of] p2a: Pecharunt\n|-activate|p1a: Kommo-o|confusion\n|-damage|p1a: Kommo-o|36/100 tox|[from] confusion\n|\n|-damage|p1a: Kommo-o|30/100 tox|[from] psn\n|-damage|p2a: Pecharunt|166/262 brn|[from] brn\n|upkeep\n|turn|19\n|inactive|Time left: 300 sec this turn | 300 sec total\n|\n|t:|1783553848\n|move|p2a: Pecharunt|Recover|p2a: Pecharunt\n|-heal|p2a: Pecharunt|262/262 brn\n|-activate|p1a: Kommo-o|confusion\n|-damage|p1a: Kommo-o|20/100 tox|[from] confusion\n|\n|-damage|p1a: Kommo-o|8/100 tox|[from] psn\n|-damage|p2a: Pecharunt|246/262 brn|[from] brn\n|upkeep\n|turn|20\n|inactive|Time left: 300 sec this turn | 300 sec total\n|\n|t:|1783553849\n|move|p2a: Pecharunt|Malignant Chain|p1a: Kommo-o\n|-damage|p1a: Kommo-o|0 fnt\n|faint|p1a: Kommo-o\n|\n|-damage|p2a: Pecharunt|230/262 brn|[from] brn\n|upkeep\n|\n|t:|1783553850\n|switch|p1a: Sylveon|Sylveon, L85, M|100/100\n|turn|21\n|inactive|Time left: 300 sec this turn | 300 sec total\n|\n|t:|1783553850\n|move|p2a: Pecharunt|Malignant Chain|p1a: Sylveon\n|-supereffective|p1a: Sylveon\n|-damage|p1a: Sylveon|62/100\n|-status|p1a: Sylveon|tox\n|-start|p1a: Sylveon|confusion|[from] ability: Poison Puppeteer|[of] p2a: Pecharunt\n|-activate|p1a: Sylveon|confusion\n|move|p1a: Sylveon|Calm Mind|p1a: Sylveon\n|-boost|p1a: Sylveon|spa|1\n|-boost|p1a: Sylveon|spd|1\n|\n|-heal|p1a: Sylveon|68/100 tox|[from] item: Leftovers\n|-damage|p1a: Sylveon|62/100 tox|[from] psn\n|-damage|p2a: Pecharunt|214/262 brn|[from] brn\n|upkeep\n|turn|22\n|inactive|Time left: 300 sec this turn | 300 sec total\n|\n|t:|1783553851\n|move|p2a: Pecharunt|Malignant Chain|p1a: Sylveon\n|-supereffective|p1a: Sylveon\n|-damage|p1a: Sylveon|35/100 tox\n|-activate|p1a: Sylveon|confusion\n|move|p1a: Sylveon|Hyper Voice|p2a: Pecharunt\n|-resisted|p2a: Pecharunt\n|-damage|p2a: Pecharunt|107/262 brn\n|\n|-heal|p1a: Sylveon|41/100 tox|[from] item: Leftovers\n|-damage|p1a: Sylveon|29/100 tox|[from] psn\n|-damage|p2a: Pecharunt|91/262 brn|[from] brn\n|upkeep\n|turn|23\n|inactive|Time left: 300 sec this turn | 300 sec total\n|\n|t:|1783553852\n|move|p2a: Pecharunt|Recover|p2a: Pecharunt\n|-heal|p2a: Pecharunt|222/262 brn\n|-activate|p1a: Sylveon|confusion\n|-damage|p1a: Sylveon|22/100 tox|[from] confusion\n|\n|-heal|p1a: Sylveon|28/100 tox|[from] item: Leftovers\n|-damage|p1a: Sylveon|10/100 tox|[from] psn\n|-damage|p2a: Pecharunt|206/262 brn|[from] brn\n|upkeep\n|turn|24\n|inactive|Time left: 300 sec this turn | 300 sec total\n|\n|t:|1783553854\n|move|p2a: Pecharunt|Shadow Ball|p1a: Sylveon\n|-damage|p1a: Sylveon|0 fnt\n|faint|p1a: Sylveon\n|\n|-damage|p2a: Pecharunt|190/262 brn|[from] brn\n|upkeep\n|\n|t:|1783553855\n|switch|p1a: Flamigo|Flamigo, L82, F|100/100\n|turn|25\n|inactive|Time left: 300 sec this turn | 300 sec total\n|\n|t:|1783553856\n|move|p1a: Flamigo|Swords Dance|p1a: Flamigo\n|-boost|p1a: Flamigo|atk|2\n|move|p2a: Pecharunt|Malignant Chain|p1a: Flamigo\n|-damage|p1a: Flamigo|60/100\n|-status|p1a: Flamigo|tox\n|-start|p1a: Flamigo|confusion|[from] ability: Poison Puppeteer|[of] p2a: Pecharunt\n|\n|-damage|p1a: Flamigo|54/100 tox|[from] psn\n|-damage|p2a: Pecharunt|174/262 brn|[from] brn\n|upkeep\n|turn|26\n|inactive|Time left: 300 sec this turn | 300 sec total\n|\n|t:|1783553857\n|-activate|p1a: Flamigo|confusion\n|move|p1a: Flamigo|Throat Chop|p2a: Pecharunt\n|-supereffective|p2a: Pecharunt\n|-damage|p2a: Pecharunt|0 fnt\n|-damage|p1a: Flamigo|38/100 tox|[from] item: Rocky Helmet|[of] p2a: Pecharunt\n|faint|p2a: Pecharunt\n|-damage|p1a: Flamigo|28/100 tox|[from] item: Life Orb\n|\n|-damage|p1a: Flamigo|16/100 tox|[from] psn\n|upkeep\n|inactive|Time left: 300 sec this turn | 300 sec total | 5 sec grace\n|\n|t:|1783553858\n|switch|p2a: Dragapult|Dragapult, L77, F|262/262\n|turn|27\n|inactive|Time left: 300 sec this turn | 300 sec total\n|\n|t:|1783553859\n|move|p2a: Dragapult|Hex|p1a: Flamigo\n|-damage|p1a: Flamigo|0 fnt\n|faint|p1a: Flamigo\n|\n|upkeep\n|\n|t:|1783553860\n|switch|p1a: Grimmsnarl|Grimmsnarl, L83, M|100/100\n|turn|28\n|inactive|Time left: 300 sec this turn | 300 sec total\n|\n|t:|1783553861\n|switch|p2a: Grafaiai|Grafaiai, L86, M|249/249\n|move|p1a: Grimmsnarl|Spirit Break|p2a: Grafaiai\n|-resisted|p2a: Grafaiai\n|-damage|p2a: Grafaiai|189/249\n|-unboost|p2a: Grafaiai|spa|1\n|\n|upkeep\n|turn|29\n|inactive|Time left: 300 sec this turn | 300 sec total\n|\n|t:|1783553862\n|-terastallize|p1a: Grimmsnarl|Steel\n|move|p2a: Grafaiai|Gunk Shot|p1a: Grimmsnarl\n|-immune|p1a: Grimmsnarl\n|move|p1a: Grimmsnarl|Spirit Break|p2a: Grafaiai\n|-resisted|p2a: Grafaiai\n|-damage|p2a: Grafaiai|132/249\n|-unboost|p2a: Grafaiai|spa|1\n|\n|upkeep\n|turn|30\n|inactive|Time left: 300 sec this turn | 300 sec total\n|\n|t:|1783553863\n|move|p2a: Grafaiai|Swords Dance|p2a: Grafaiai\n|-boost|p2a: Grafaiai|atk|2\n|move|p1a: Grimmsnarl|Spirit Break|p2a: Grafaiai\n|-resisted|p2a: Grafaiai\n|-damage|p2a: Grafaiai|72/249\n|-unboost|p2a: Grafaiai|spa|1\n|\n|upkeep\n|turn|31\n|inactive|Time left: 300 sec this turn | 300 sec total\n|\n|t:|1783553864\n|-terastallize|p2a: Grafaiai|Dark\n|move|p1a: Grimmsnarl|Sucker Punch|p2a: Grafaiai\n|-resisted|p2a: Grafaiai\n|-damage|p2a: Grafaiai|18/249\n|move|p2a: Grafaiai|Knock Off|p1a: Grimmsnarl\n|-damage|p1a: Grimmsnarl|0 fnt\n|-enditem|p1a: Grimmsnarl|Leftovers|[from] move: Knock Off|[of] p2a: Grafaiai\n|faint|p1a: Grimmsnarl\n|-damage|p2a: Grafaiai|0 fnt|[from] item: Life Orb\n|faint|p2a: Grafaiai\n|\n|upkeep\n|inactive|Time left: 300 sec this turn | 300 sec total | 5 sec grace\n|\n|t:|1783553865\n|switch|p2a: Latias|Latias, L79, F|256/256\n|switch|p1a: Arcanine|Arcanine, L84, M|100/100\n|-ability|p1a: Arcanine|Intimidate|boost\n|-unboost|p2a: Latias|atk|1\n|turn|32\n|inactive|Time left: 300 sec this turn | 300 sec total\n|\n|t:|1783553866\n|move|p2a: Latias|Calm Mind|p2a: Latias\n|-boost|p2a: Latias|spa|1\n|-boost|p2a: Latias|spd|1\n|move|p1a: Arcanine|Morning Sun|p1a: Arcanine\n|-fail|p1a: Arcanine|heal\n|\n|upkeep\n|turn|33\n|inactive|Time left: 300 sec this turn | 300 sec total\n|\n|t:|1783553867\n|move|p2a: Latias|Calm Mind|p2a: Latias\n|-boost|p2a: Latias|spa|1\n|-boost|p2a: Latias|spd|1\n|move|p1a: Arcanine|Will-O-Wisp|p2a: Latias|[miss]\n|-miss|p1a: Arcanine|p2a: Latias\n|\n|upkeep\n|turn|34\n|inactive|Time left: 300 sec this turn | 300 sec total\n|\n|t:|1783553868\n|move|p2a: Latias|Draco Meteor|p1a: Arcanine\n|-damage|p1a: Arcanine|0 fnt\n|-unboost|p2a: Latias|spa|2\n|faint|p1a: Arcanine\n|\n|win|p0y1194f916", "uploadtime": 1783553868, "views": 0, "rating": 0, "private": 0, "password": null, "_winner": "p0y1194f916", "_our_name": "p0y1194f916"}