{"id": "battle-gen9randombattle-150", "formatid": "gen9randombattle", "format": "[Gen 9] Random Battle", "players": ["p0x150c647", "p0y150de9b"], "log": "|init|battle\n|title|p0x150c647 vs. p0y150de9b\n|j|\u2606p0x150c647\n|j|\u2606p0y150de9b\n|t:|1783534992\n|gametype|singles\n|player|p1|p0x150c647|102|\n|player|p2|p0y150de9b|170|\n|gen|9\n|tier|[Gen 9] Random Battle\n|rule|Species Clause: Limit one of each Pok\u00e9mon\n|rule|HP Percentage Mod: HP is shown in percentages\n|rule|Sleep Clause Mod: Limit one foe put to sleep\n|rule|Illusion Level Mod: Illusion disguises the Pok\u00e9mon's true level\n|\n|t:|1783534992\n|teamsize|p1|6\n|teamsize|p2|6\n|start\n|switch|p1a: Enamorus|Enamorus, L79, F|247/247\n|switch|p2a: Tyranitar|Tyranitar, L78, F|100/100\n|-weather|Sandstorm|[from] ability: Sand Stream|[of] p2a: Tyranitar\n|turn|1\n|inactive|Battle timer is ON: inactive players will automatically lose when time's up. (requested by p0x150c647)\n|inactive|p0y150de9b also wants the timer to be on.\n|\n|t:|1783534994\n|-terastallize|p2a: Tyranitar|Rock\n|move|p1a: Enamorus|Superpower|p2a: Tyranitar\n|-supereffective|p2a: Tyranitar\n|-damage|p2a: Tyranitar|41/100\n|-boost|p1a: Enamorus|atk|1\n|-boost|p1a: Enamorus|def|1\n|move|p2a: Tyranitar|Stone Edge|p1a: Enamorus\n|-supereffective|p1a: Enamorus\n|-damage|p1a: Enamorus|0 fnt\n|faint|p1a: Enamorus\n|\n|-weather|Sandstorm|[upkeep]\n|-heal|p2a: Tyranitar|47/100|[from] item: Leftovers\n|upkeep\n|inactive|Time left: 300 sec this turn | 300 sec total | 65 sec grace\n|\n|t:|1783534995\n|switch|p1a: Baxcalibur|Baxcalibur, L75, M|296/296\n|turn|2\n|inactive|Time left: 300 sec this turn | 300 sec total\n|\n|t:|1783534996\n|move|p1a: Baxcalibur|Earthquake|p2a: Tyranitar\n|-supereffective|p2a: Tyranitar\n|-damage|p2a: Tyranitar|0 fnt\n|faint|p2a: Tyranitar\n|\n|-weather|Sandstorm|[upkeep]\n|-damage|p1a: Baxcalibur|278/296|[from] Sandstorm\n|upkeep\n|\n|t:|1783534997\n|switch|p2a: Toxicroak|Toxicroak, L84, M|100/100\n|turn|3\n|inactive|Time left: 300 sec this turn | 300 sec total\n|\n|t:|1783534999\n|-terastallize|p1a: Baxcalibur|Ground\n|move|p2a: Toxicroak|Close Combat|p1a: Baxcalibur\n|-damage|p1a: Baxcalibur|76/296\n|-unboost|p2a: Toxicroak|def|1\n|-unboost|p2a: Toxicroak|spd|1\n|move|p1a: Baxcalibur|Earthquake|p2a: Toxicroak\n|-supereffective|p2a: Toxicroak\n|-damage|p2a: Toxicroak|0 fnt\n|faint|p2a: Toxicroak\n|\n|-weather|Sandstorm|[upkeep]\n|upkeep\n|\n|t:|1783535000\n|switch|p2a: Serperior|Serperior, L79, F|100/100\n|turn|4\n|inactive|Time left: 300 sec this turn | 300 sec total\n|\n|t:|1783535001\n|move|p2a: Serperior|Leaf Storm|p1a: Baxcalibur\n|-supereffective|p1a: Baxcalibur\n|-damage|p1a: Baxcalibur|0 fnt\n|-boost|p2a: Serperior|spa|2\n|faint|p1a: Baxcalibur\n|-damage|p2a: Serperior|91/100|[from] item: Life Orb\n|\n|-weather|Sandstorm|[upkeep]\n|-damage|p2a: Serperior|85/100|[from] Sandstorm\n|upkeep\n|inactive|Time left: 300 sec this turn | 300 sec total | 5 sec grace\n|\n|t:|1783535002\n|switch|p1a: Toxicroak|Toxicroak, L84, M|277/277\n|turn|5\n|inactive|Time left: 300 sec this turn | 300 sec total\n|\n|t:|1783535003\n|move|p2a: Serperior|Glare|p1a: Toxicroak\n|-status|p1a: Toxicroak|par\n|move|p1a: Toxicroak|Gunk Shot|p2a: Serperior\n|-supereffective|p2a: Serperior\n|-damage|p2a: Serperior|0 fnt\n|faint|p2a: Serperior\n|-damage|p1a: Toxicroak|250/277 par|[from] item: Life Orb\n|\n|-weather|none\n|upkeep\n|\n|t:|1783535004\n|switch|p2a: Typhlosion|Typhlosion, L84, M|100/100\n|turn|6\n|inactive|Time left: 300 sec this turn | 300 sec total\n|\n|t:|1783535005\n|switch|p1a: Vaporeon|Vaporeon, L86, M|364/364\n|move|p2a: Typhlosion|Eruption|p1a: Vaporeon\n|-resisted|p1a: Vaporeon\n|-damage|p1a: Vaporeon|286/364\n|\n|-heal|p1a: Vaporeon|308/364|[from] item: Leftovers\n|upkeep\n|turn|7\n|inactive|Time left: 300 sec this turn | 300 sec total\n|\n|t:|1783535006\n|switch|p2a: Smeargle|Smeargle, L95, F|100/100\n|move|p1a: Vaporeon|Scald|p2a: Smeargle\n|-damage|p2a: Smeargle|44/100\n|\n|-heal|p1a: Vaporeon|330/364|[from] item: Leftovers\n|upkeep\n|turn|8\n|inactive|Time left: 300 sec this turn | 300 sec total\n|\n|t:|1783535007\n|switch|p1a: Minior|Minior-Yellow, L79|224/224\n|-formechange|p1a: Minior|Minior-Meteor||[from] ability: Shields Down\n|move|p2a: Smeargle|Spore|p1a: Minior\n|-immune|p1a: Minior|[from] ability: Shields Down\n|\n|upkeep\n|turn|9\n|inactive|Time left: 300 sec this turn | 300 sec total\n|\n|t:|1783535008\n|move|p2a: Smeargle|Population Bomb|p1a: Minior\n|-resisted|p1a: Minior\n|-damage|p1a: Minior|215/224\n|-resisted|p1a: Minior\n|-damage|p1a: Minior|207/224\n|-resisted|p1a: Minior\n|-damage|p1a: Minior|199/224\n|-resisted|p1a: Minior\n|-damage|p1a: Minior|192/224\n|-resisted|p1a: Minior\n|-damage|p1a: Minior|184/224\n|-resisted|p1a: Minior\n|-damage|p1a: Minior|177/224\n|-resisted|p1a: Minior\n|-damage|p1a: Minior|169/224\n|-resisted|p1a: Minior\n|-damage|p1a: Minior|162/224\n|-resisted|p1a: Minior\n|-damage|p1a: Minior|154/224\n|-resisted|p1a: Minior\n|-damage|p1a: Minior|145/224\n|-hitcount|p1a: Minior|10\n|move|p1a: Minior|Shell Smash|p1a: Minior\n|-unboost|p1a: Minior|def|1\n|-unboost|p1a: Minior|spd|1\n|-boost|p1a: Minior|atk|2\n|-boost|p1a: Minior|spa|2\n|-boost|p1a: Minior|spe|2\n|-enditem|p1a: Minior|White Herb\n|-clearnegativeboost|p1a: Minior|[silent]\n|\n|upkeep\n|turn|10\n|inactive|Time left: 300 sec this turn | 300 sec total\n|\n|t:|1783535009\n|move|p1a: Minior|Shell Smash|p1a: Minior\n|-unboost|p1a: Minior|def|1\n|-unboost|p1a: Minior|spd|1\n|-boost|p1a: Minior|atk|2\n|-boost|p1a: Minior|spa|2\n|-boost|p1a: Minior|spe|2\n|move|p2a: Smeargle|Shell Smash|p2a: Smeargle\n|-unboost|p2a: Smeargle|def|1\n|-unboost|p2a: Smeargle|spd|1\n|-boost|p2a: Smeargle|atk|2\n|-boost|p2a: Smeargle|spa|2\n|-boost|p2a: Smeargle|spe|2\n|\n|upkeep\n|turn|11\n|inactive|Time left: 300 sec this turn | 300 sec total\n|\n|t:|1783535010\n|move|p1a: Minior|Earthquake|p2a: Smeargle\n|-damage|p2a: Smeargle|0 fnt\n|faint|p2a: Smeargle\n|\n|upkeep\n|\n|t:|1783535011\n|switch|p2a: Typhlosion|Typhlosion, L84, M|100/100\n|turn|12\n|inactive|Time left: 300 sec this turn | 300 sec total\n|\n|t:|1783535012\n|switch|p2a: Delibird|Delibird, F|100/100\n|move|p1a: Minior|Power Gem|p2a: Delibird\n|-supereffective|p2a: Delibird\n|-damage|p2a: Delibird|0 fnt\n|faint|p2a: Delibird\n|\n|upkeep\n|\n|t:|1783535013\n|switch|p2a: Typhlosion|Typhlosion, L84, M|100/100\n|turn|13\n|inactive|Time left: 300 sec this turn | 300 sec total\n|\n|t:|1783535013\n|move|p1a: Minior|Power Gem|p2a: Typhlosion\n|-supereffective|p2a: Typhlosion\n|-damage|p2a: Typhlosion|0 fnt\n|faint|p2a: Typhlosion\n|\n|win|p0x150c647", "uploadtime": 1783535013, "views": 0, "rating": 0, "private": 0, "password": null, "_winner": "p0x150c647", "_our_name": "p0x150c647"}