{"id": "battle-gen9randombattle-249", "formatid": "gen9randombattle", "format": "[Gen 9] Random Battle", "players": ["p0x2498dfd", "p0y249c688"], "log": "|init|battle\n|title|p0x2498dfd vs. p0y249c688\n|j|\u2606p0x2498dfd\n|j|\u2606p0y249c688\n|t:|1783536162\n|gametype|singles\n|player|p1|p0x2498dfd|169|\n|player|p2|p0y249c688|2|\n|gen|9\n|tier|[Gen 9] Random Battle\n|rule|Species Clause: Limit one of each Pok\u00e9mon\n|rule|HP Percentage Mod: HP is shown in percentages\n|rule|Sleep Clause Mod: Limit one foe put to sleep\n|rule|Illusion Level Mod: Illusion disguises the Pok\u00e9mon's true level\n|\n|t:|1783536162\n|teamsize|p1|6\n|teamsize|p2|6\n|start\n|switch|p1a: Inteleon|Inteleon, L81, F|246/246\n|switch|p2a: Lilligant|Lilligant, L86, F|100/100\n|turn|1\n|inactive|Battle timer is ON: inactive players will automatically lose when time's up. (requested by p0y249c688)\n|inactive|Time left: 300 sec this turn | 300 sec total | 60 sec grace\n|inactive|p0x2498dfd also wants the timer to be on.\n|\n|t:|1783536164\n|move|p1a: Inteleon|Ice Beam|p2a: Lilligant\n|-supereffective|p2a: Lilligant\n|-damage|p2a: Lilligant|3/100\n|move|p2a: Lilligant|Giga Drain|p1a: Inteleon\n|-supereffective|p1a: Inteleon\n|-damage|p1a: Inteleon|0 fnt\n|-heal|p2a: Lilligant|50/100|[from] drain|[of] p1a: Inteleon\n|faint|p1a: Inteleon\n|-damage|p2a: Lilligant|40/100|[from] item: Life Orb\n|\n|upkeep\n|inactive|Time left: 300 sec this turn | 300 sec total | 65 sec grace\n|\n|t:|1783536165\n|switch|p1a: Calyrex|Calyrex-Shadow, L64|235/235\n|-ability|p1a: Calyrex|As One\n|-ability|p1a: Calyrex|Unnerve\n|turn|2\n|inactive|Time left: 300 sec this turn | 300 sec total\n|\n|t:|1783536166\n|switch|p2a: Tropius|Tropius, L91, F|100/100\n|move|p1a: Calyrex|Astral Barrage|p2a: Tropius\n|-damage|p2a: Tropius|61/100\n|-damage|p1a: Calyrex|212/235|[from] item: Life Orb\n|\n|upkeep\n|turn|3\n|inactive|Time left: 300 sec this turn | 300 sec total\n|\n|t:|1783536167\n|move|p1a: Calyrex|Nasty Plot|p1a: Calyrex\n|-boost|p1a: Calyrex|spa|2\n|move|p2a: Tropius|Dual Wingbeat|p1a: Calyrex\n|-damage|p1a: Calyrex|154/235\n|-damage|p1a: Calyrex|100/235\n|-hitcount|p1a: Calyrex|2\n|\n|upkeep\n|turn|4\n|inactive|Time left: 300 sec this turn | 300 sec total\n|\n|t:|1783536168\n|move|p1a: Calyrex|Astral Barrage|p2a: Tropius\n|-damage|p2a: Tropius|0 fnt\n|faint|p2a: Tropius\n|-ability|p1a: Calyrex|Grim Neigh|boost\n|-boost|p1a: Calyrex|spa|1\n|-damage|p1a: Calyrex|77/235|[from] item: Life Orb\n|\n|upkeep\n|\n|t:|1783536169\n|switch|p2a: Kyurem|Kyurem-White, L73|100/100\n|-ability|p2a: Kyurem|Turboblaze\n|turn|5\n|inactive|Time left: 300 sec this turn | 300 sec total\n|\n|t:|1783536170\n|move|p2a: Kyurem|Ice Beam|p1a: Calyrex\n|-damage|p1a: Calyrex|0 fnt\n|faint|p1a: Calyrex\n|\n|upkeep\n|inactive|Time left: 300 sec this turn | 300 sec total | 5 sec grace\n|\n|t:|1783536171\n|switch|p1a: Entei|Entei, L78|307/307\n|turn|6\n|inactive|Time left: 300 sec this turn | 300 sec total\n|\n|t:|1783536172\n|switch|p2a: Slowking|Slowking, L88, F|100/100\n|move|p1a: Entei|Sacred Fire|p2a: Slowking\n|-resisted|p2a: Slowking\n|-damage|p2a: Slowking|73/100\n|\n|-heal|p2a: Slowking|80/100|[from] item: Leftovers\n|upkeep\n|turn|7\n|inactive|Time left: 300 sec this turn | 300 sec total\n|\n|t:|1783536173\n|move|p1a: Entei|Sacred Fire|p2a: Slowking\n|-resisted|p2a: Slowking\n|-damage|p2a: Slowking|55/100\n|-status|p2a: Slowking|brn\n|move|p2a: Slowking|Scald|p1a: Entei\n|-supereffective|p1a: Entei\n|-damage|p1a: Entei|61/307\n|\n|-heal|p2a: Slowking|61/100 brn|[from] item: Leftovers\n|-damage|p2a: Slowking|55/100 brn|[from] brn\n|upkeep\n|turn|8\n|inactive|Time left: 300 sec this turn | 300 sec total\n|\n|t:|1783536174\n|move|p1a: Entei|Sacred Fire|p2a: Slowking\n|-resisted|p2a: Slowking\n|-damage|p2a: Slowking|27/100 brn\n|move|p2a: Slowking|Slack Off|p2a: Slowking\n|-heal|p2a: Slowking|77/100 brn\n|\n|-heal|p2a: Slowking|83/100 brn|[from] item: Leftovers\n|-damage|p2a: Slowking|77/100 brn|[from] brn\n|upkeep\n|turn|9\n|inactive|Time left: 300 sec this turn | 300 sec total\n|\n|t:|1783536175\n|move|p1a: Entei|Sacred Fire|p2a: Slowking\n|-resisted|p2a: Slowking\n|-damage|p2a: Slowking|50/100 brn\n|move|p2a: Slowking|Psychic Noise|p1a: Entei\n|-damage|p1a: Entei|0 fnt\n|faint|p1a: Entei\n|\n|-heal|p2a: Slowking|56/100 brn|[from] item: Leftovers\n|-damage|p2a: Slowking|50/100 brn|[from] brn\n|upkeep\n|inactive|Time left: 300 sec this turn | 300 sec total | 5 sec grace\n|\n|t:|1783536176\n|switch|p1a: Ninetales|Ninetales, L85, F|263/263\n|-weather|SunnyDay|[from] ability: Drought|[of] p1a: Ninetales\n|turn|10\n|inactive|Time left: 300 sec this turn | 300 sec total\n|\n|t:|1783536177\n|move|p1a: Ninetales|Nasty Plot|p1a: Ninetales\n|-boost|p1a: Ninetales|spa|2\n|move|p2a: Slowking|Slack Off|p2a: Slowking\n|-heal|p2a: Slowking|99/100 brn\n|\n|-weather|SunnyDay|[upkeep]\n|-heal|p2a: Slowking|100/100 brn|[from] item: Leftovers\n|-damage|p2a: Slowking|94/100 brn|[from] brn\n|upkeep\n|turn|11\n|inactive|Time left: 300 sec this turn | 300 sec total\n|\n|t:|1783536178\n|move|p1a: Ninetales|Solar Beam||[still]\n|-prepare|p1a: Ninetales|Solar Beam\n|-anim|p1a: Ninetales|Solar Beam|p2a: Slowking\n|-supereffective|p2a: Slowking\n|-damage|p2a: Slowking|13/100 brn\n|move|p2a: Slowking|Slack Off|p2a: Slowking\n|-heal|p2a: Slowking|63/100 brn\n|\n|-weather|SunnyDay|[upkeep]\n|-heal|p2a: Slowking|69/100 brn|[from] item: Leftovers\n|-damage|p2a: Slowking|63/100 brn|[from] brn\n|upkeep\n|turn|12\n|inactive|Time left: 300 sec this turn | 300 sec total\n|\n|t:|1783536179\n|switch|p2a: Lilligant|Lilligant, L86, F|40/100\n|move|p1a: Ninetales|Solar Beam||[still]\n|-prepare|p1a: Ninetales|Solar Beam\n|-anim|p1a: Ninetales|Solar Beam|p2a: Lilligant\n|-resisted|p2a: Lilligant\n|-damage|p2a: Lilligant|10/100\n|\n|-weather|SunnyDay|[upkeep]\n|upkeep\n|turn|13\n|inactive|Time left: 300 sec this turn | 300 sec total\n|\n|t:|1783536181\n|-terastallize|p2a: Lilligant|Rock\n|move|p2a: Lilligant|Tera Blast|p1a: Ninetales|[anim] Tera Blast Rock\n|-supereffective|p1a: Ninetales\n|-damage|p1a: Ninetales|45/263\n|-damage|p2a: Lilligant|0 fnt|[from] item: Life Orb\n|faint|p2a: Lilligant\n|move|p1a: Ninetales|Scorching Sands|p2: Lilligant|[notarget]\n|-fail|p1a: Ninetales\n|\n|-weather|SunnyDay|[upkeep]\n|upkeep\n|\n|t:|1783536181\n|switch|p2a: Gengar|Gengar, L81, F|100/100\n|turn|14\n|inactive|Time left: 300 sec this turn | 300 sec total\n|\n|t:|1783536182\n|move|p2a: Gengar|Shadow Ball|p1a: Ninetales\n|-damage|p1a: Ninetales|0 fnt\n|faint|p1a: Ninetales\n|\n|-weather|none\n|upkeep\n|inactive|Time left: 300 sec this turn | 300 sec total | 5 sec grace\n|\n|t:|1783536183\n|switch|p1a: Seviper|Seviper, L93, M|287/287\n|turn|15\n|inactive|Time left: 300 sec this turn | 300 sec total\n|\n|t:|1783536185\n|move|p2a: Gengar|Shadow Ball|p1a: Seviper\n|-damage|p1a: Seviper|98/287\n|move|p1a: Seviper|Earthquake|p2a: Gengar\n|-supereffective|p2a: Gengar\n|-damage|p2a: Gengar|0 fnt\n|-start|p1a: Seviper|Disable|Earthquake|[from] ability: Cursed Body|[of] p2a: Gengar\n|faint|p2a: Gengar\n|-damage|p1a: Seviper|70/287|[from] item: Life Orb\n|\n|upkeep\n|\n|t:|1783536186\n|switch|p2a: Kyurem|Kyurem-White, L73|100/100\n|-ability|p2a: Kyurem|Turboblaze\n|turn|16\n|inactive|Time left: 300 sec this turn | 300 sec total\n|\n|t:|1783536187\n|-terastallize|p1a: Seviper|Fire\n|move|p2a: Kyurem|Freeze-Dry|p1a: Seviper\n|-resisted|p1a: Seviper\n|-damage|p1a: Seviper|20/287\n|move|p1a: Seviper|Glare|p2a: Kyurem\n|-status|p2a: Kyurem|par\n|\n|upkeep\n|turn|17\n|inactive|Time left: 300 sec this turn | 300 sec total\n|\n|t:|1783536188\n|move|p1a: Seviper|Glare|p2a: Kyurem\n|-fail|p2a: Kyurem|par\n|move|p2a: Kyurem|Freeze-Dry|p1a: Seviper\n|-resisted|p1a: Seviper\n|-damage|p1a: Seviper|0 fnt\n|faint|p1a: Seviper\n|\n|upkeep\n|inactive|Time left: 300 sec this turn | 300 sec total | 5 sec grace\n|\n|t:|1783536189\n|switch|p1a: Lumineon|Lumineon, L93, F|279/279\n|turn|18\n|inactive|Time left: 300 sec this turn | 300 sec total\n|\n|t:|1783536190\n|move|p1a: Lumineon|Alluring Voice|p2a: Kyurem\n|-supereffective|p2a: Kyurem\n|-damage|p2a: Kyurem|48/100 par\n|-damage|p1a: Lumineon|252/279|[from] item: Life Orb\n|cant|p2a: Kyurem|par\n|\n|upkeep\n|turn|19\n|inactive|Time left: 300 sec this turn | 300 sec total\n|\n|t:|1783536191\n|move|p1a: Lumineon|Alluring Voice|p2a: Kyurem\n|-supereffective|p2a: Kyurem\n|-damage|p2a: Kyurem|0 fnt\n|faint|p2a: Kyurem\n|-damage|p1a: Lumineon|225/279|[from] item: Life Orb\n|\n|upkeep\n|\n|t:|1783536192\n|switch|p2a: Pachirisu|Pachirisu, L96, M|100/100\n|turn|20\n|inactive|Time left: 300 sec this turn | 300 sec total\n|\n|t:|1783536193\n|move|p2a: Pachirisu|Discharge|p1a: Lumineon\n|-supereffective|p1a: Lumineon\n|-damage|p1a: Lumineon|103/279\n|move|p1a: Lumineon|Hydro Pump|p2a: Pachirisu|[miss]\n|-miss|p1a: Lumineon|p2a: Pachirisu\n|\n|upkeep\n|turn|21\n|inactive|Time left: 300 sec this turn | 300 sec total\n|\n|t:|1783536194\n|move|p2a: Pachirisu|Discharge|p1a: Lumineon\n|-supereffective|p1a: Lumineon\n|-damage|p1a: Lumineon|0 fnt\n|faint|p1a: Lumineon\n|\n|win|p0y249c688", "uploadtime": 1783536194, "views": 0, "rating": 0, "private": 0, "password": null, "_winner": "p0y249c688", "_our_name": "p0x2498dfd"}