{"id": "battle-gen9randombattle-985", "formatid": "gen9randombattle", "format": "[Gen 9] Random Battle", "players": ["p0x9855901", "p0y9857e9a"], "log": "|init|battle\n|title|p0x9855901 vs. p0y9857e9a\n|j|\u2606p0x9855901\n|j|\u2606p0y9857e9a\n|t:|1783550592\n|gametype|singles\n|player|p1|p0x9855901|265|\n|player|p2|p0y9857e9a|101|\n|gen|9\n|tier|[Gen 9] Random Battle\n|rule|Species Clause: Limit one of each Pok\u00e9mon\n|rule|HP Percentage Mod: HP is shown in percentages\n|rule|Sleep Clause Mod: Limit one foe put to sleep\n|rule|Illusion Level Mod: Illusion disguises the Pok\u00e9mon's true level\n|\n|t:|1783550592\n|teamsize|p1|6\n|teamsize|p2|6\n|start\n|switch|p1a: Perrserker|Perrserker, L89, F|100/100\n|switch|p2a: Raging Bolt|Raging Bolt, L78|323/323\n|turn|1\n|inactive|Battle timer is ON: inactive players will automatically lose when time's up. (requested by p0x9855901)\n|inactive|Time left: 300 sec this turn | 300 sec total | 60 sec grace\n|inactive|p0y9857e9a also wants the timer to be on.\n|\n|t:|1783550593\n|move|p2a: Raging Bolt|Thunderbolt|p1a: Perrserker\n|-damage|p1a: Perrserker|48/100\n|move|p1a: Perrserker|Stealth Rock|p2a: Raging Bolt\n|-sidestart|p2: p0y9857e9a|move: Stealth Rock\n|\n|upkeep\n|turn|2\n|inactive|Time left: 300 sec this turn | 300 sec total\n|\n|t:|1783550594\n|switch|p1a: Fezandipiti|Fezandipiti, L82, M|100/100\n|move|p2a: Raging Bolt|Thunderbolt|p1a: Fezandipiti\n|-damage|p1a: Fezandipiti|71/100\n|\n|-heal|p1a: Fezandipiti|77/100|[from] item: Leftovers\n|upkeep\n|turn|3\n|inactive|Time left: 300 sec this turn | 300 sec total\n|\n|t:|1783550595\n|-end|p2a: Raging Bolt|Protosynthesis|[silent]\n|switch|p2a: Iron Crown|Iron Crown, L78|268/268\n|-damage|p2a: Iron Crown|252/268|[from] Stealth Rock\n|move|p1a: Fezandipiti|Swords Dance|p1a: Fezandipiti\n|-boost|p1a: Fezandipiti|atk|2\n|\n|-heal|p1a: Fezandipiti|83/100|[from] item: Leftovers\n|-heal|p2a: Iron Crown|268/268|[from] item: Leftovers\n|upkeep\n|turn|4\n|inactive|Time left: 300 sec this turn | 300 sec total\n|\n|t:|1783550596\n|-terastallize|p1a: Fezandipiti|Ground\n|move|p1a: Fezandipiti|Tera Blast|p2a: Iron Crown|[anim] Tera Blast Ground\n|-supereffective|p2a: Iron Crown\n|-damage|p2a: Iron Crown|0 fnt\n|faint|p2a: Iron Crown\n|-end|p2a: Iron Crown|Quark Drive|[silent]\n|\n|-heal|p1a: Fezandipiti|89/100|[from] item: Leftovers\n|upkeep\n|inactive|Time left: 300 sec this turn | 300 sec total | 5 sec grace\n|\n|t:|1783550598\n|switch|p2a: Suicune|Suicune, L82|298/298\n|-damage|p2a: Suicune|261/298|[from] Stealth Rock\n|-ability|p2a: Suicune|Pressure\n|turn|5\n|inactive|Time left: 300 sec this turn | 300 sec total\n|\n|t:|1783550599\n|move|p1a: Fezandipiti|Tera Blast|p2a: Suicune|[anim] Tera Blast Ground\n|-damage|p2a: Suicune|140/298\n|-status|p2a: Suicune|tox|[from] ability: Toxic Chain|[of] p1a: Fezandipiti\n|move|p2a: Suicune|Scald|p1a: Fezandipiti\n|-supereffective|p1a: Fezandipiti\n|-damage|p1a: Fezandipiti|45/100\n|\n|-heal|p1a: Fezandipiti|52/100|[from] item: Leftovers\n|-heal|p2a: Suicune|158/298 tox|[from] item: Leftovers\n|-damage|p2a: Suicune|140/298 tox|[from] psn\n|upkeep\n|turn|6\n|inactive|Time left: 300 sec this turn | 300 sec total\n|\n|t:|1783550600\n|move|p1a: Fezandipiti|Gunk Shot|p2a: Suicune\n|-crit|p2a: Suicune\n|-damage|p2a: Suicune|0 fnt\n|faint|p2a: Suicune\n|\n|-heal|p1a: Fezandipiti|58/100|[from] item: Leftovers\n|upkeep\n|inactive|Time left: 300 sec this turn | 300 sec total | 5 sec grace\n|\n|t:|1783550601\n|switch|p2a: Dugtrio|Dugtrio, L84, M|196/196\n|-damage|p2a: Dugtrio|184/196|[from] Stealth Rock\n|turn|7\n|inactive|Time left: 300 sec this turn | 300 sec total\n|\n|t:|1783550602\n|move|p2a: Dugtrio|Earthquake|p1a: Fezandipiti\n|-damage|p1a: Fezandipiti|6/100\n|-damage|p2a: Dugtrio|165/196|[from] item: Life Orb\n|move|p1a: Fezandipiti|Gunk Shot|p2a: Dugtrio|[miss]\n|-miss|p1a: Fezandipiti|p2a: Dugtrio\n|\n|-heal|p1a: Fezandipiti|12/100|[from] item: Leftovers\n|upkeep\n|turn|8\n|inactive|Time left: 300 sec this turn | 300 sec total\n|\n|t:|1783550603\n|move|p2a: Dugtrio|Sucker Punch||[still]\n|-fail|p2a: Dugtrio\n|move|p1a: Fezandipiti|Swords Dance|p1a: Fezandipiti\n|-boost|p1a: Fezandipiti|atk|2\n|\n|-heal|p1a: Fezandipiti|18/100|[from] item: Leftovers\n|upkeep\n|turn|9\n|inactive|Time left: 300 sec this turn | 300 sec total\n|\n|t:|1783550604\n|move|p2a: Dugtrio|Earthquake|p1a: Fezandipiti\n|-damage|p1a: Fezandipiti|0 fnt\n|faint|p1a: Fezandipiti\n|-damage|p2a: Dugtrio|146/196|[from] item: Life Orb\n|\n|upkeep\n|\n|t:|1783550605\n|switch|p1a: Lapras|Lapras, L87, M|100/100\n|turn|10\n|inactive|Time left: 300 sec this turn | 300 sec total\n|\n|t:|1783550606\n|move|p2a: Dugtrio|Stone Edge|p1a: Lapras\n|-supereffective|p1a: Lapras\n|-damage|p1a: Lapras|43/100\n|-damage|p2a: Dugtrio|127/196|[from] item: Life Orb\n|move|p1a: Lapras|Freeze-Dry|p2a: Dugtrio\n|-supereffective|p2a: Dugtrio\n|-damage|p2a: Dugtrio|0 fnt\n|faint|p2a: Dugtrio\n|\n|upkeep\n|inactive|Time left: 300 sec this turn | 300 sec total | 5 sec grace\n|\n|t:|1783550607\n|switch|p2a: Smeargle|Smeargle, L95, F|258/258\n|-damage|p2a: Smeargle|226/258|[from] Stealth Rock\n|turn|11\n|inactive|Time left: 300 sec this turn | 300 sec total\n|\n|t:|1783550608\n|move|p2a: Smeargle|Sticky Web|p1a: Lapras\n|-sidestart|p1: p0x9855901|move: Sticky Web\n|move|p1a: Lapras|Freeze-Dry|p2a: Smeargle\n|-damage|p2a: Smeargle|126/258\n|\n|upkeep\n|turn|12\n|inactive|Time left: 300 sec this turn | 300 sec total\n|\n|t:|1783550609\n|move|p2a: Smeargle|Spore|p1a: Lapras\n|-status|p1a: Lapras|slp|[from] move: Spore\n|cant|p1a: Lapras|slp\n|\n|upkeep\n|turn|13\n|inactive|Time left: 300 sec this turn | 300 sec total\n|\n|t:|1783550610\n|switch|p2a: Zarude|Zarude, L77|288/288\n|-damage|p2a: Zarude|252/288|[from] Stealth Rock\n|-curestatus|p1a: Lapras|slp|[msg]\n|move|p1a: Lapras|Sparkling Aria|p2a: Zarude\n|-resisted|p2a: Zarude\n|-damage|p2a: Zarude|204/288\n|\n|upkeep\n|turn|14\n|inactive|Time left: 300 sec this turn | 300 sec total\n|\n|t:|1783550612\n|move|p2a: Zarude|Knock Off|p1a: Lapras\n|-damage|p1a: Lapras|2/100\n|-enditem|p1a: Lapras|Heavy-Duty Boots|[from] move: Knock Off|[of] p2a: Zarude\n|move|p1a: Lapras|Freeze-Dry|p2a: Zarude\n|-supereffective|p2a: Zarude\n|-damage|p2a: Zarude|46/288\n|\n|upkeep\n|turn|15\n|inactive|Time left: 300 sec this turn | 300 sec total\n|\n|t:|1783550613\n|move|p2a: Zarude|Knock Off|p1a: Lapras\n|-crit|p1a: Lapras\n|-damage|p1a: Lapras|0 fnt\n|faint|p1a: Lapras\n|\n|upkeep\n|\n|t:|1783550614\n|switch|p1a: Articuno|Articuno-Galar, L84|100/100\n|turn|16\n|inactive|Time left: 300 sec this turn | 300 sec total\n|\n|t:|1783550615\n|move|p1a: Articuno|Hurricane|p2a: Zarude\n|-supereffective|p2a: Zarude\n|-damage|p2a: Zarude|0 fnt\n|faint|p2a: Zarude\n|\n|upkeep\n|inactive|Time left: 300 sec this turn | 300 sec total | 5 sec grace\n|\n|t:|1783550616\n|switch|p2a: Raging Bolt|Raging Bolt, L78|323/323\n|-damage|p2a: Raging Bolt|283/323|[from] Stealth Rock\n|turn|17\n|inactive|Time left: 300 sec this turn | 300 sec total\n|\n|t:|1783550617\n|move|p1a: Articuno|Calm Mind|p1a: Articuno\n|-boost|p1a: Articuno|spa|1\n|-boost|p1a: Articuno|spd|1\n|move|p2a: Raging Bolt|Calm Mind|p2a: Raging Bolt\n|-boost|p2a: Raging Bolt|spa|1\n|-boost|p2a: Raging Bolt|spd|1\n|\n|-heal|p2a: Raging Bolt|303/323|[from] item: Leftovers\n|upkeep\n|turn|18\n|inactive|Time left: 300 sec this turn | 300 sec total\n|\n|t:|1783550618\n|move|p1a: Articuno|Calm Mind|p1a: Articuno\n|-boost|p1a: Articuno|spa|1\n|-boost|p1a: Articuno|spd|1\n|move|p2a: Raging Bolt|Thunderbolt|p1a: Articuno\n|-supereffective|p1a: Articuno\n|-damage|p1a: Articuno|50/100\n|\n|-heal|p2a: Raging Bolt|323/323|[from] item: Leftovers\n|upkeep\n|turn|19\n|inactive|Time left: 300 sec this turn | 300 sec total\n|\n|t:|1783550619\n|move|p1a: Articuno|Recover|p1a: Articuno\n|-heal|p1a: Articuno|100/100\n|move|p2a: Raging Bolt|Thunderbolt|p1a: Articuno\n|-supereffective|p1a: Articuno\n|-damage|p1a: Articuno|46/100\n|\n|upkeep\n|turn|20\n|inactive|Time left: 300 sec this turn | 300 sec total\n|\n|t:|1783550620\n|move|p1a: Articuno|Recover|p1a: Articuno\n|-heal|p1a: Articuno|96/100\n|move|p2a: Raging Bolt|Thunderbolt|p1a: Articuno\n|-supereffective|p1a: Articuno\n|-damage|p1a: Articuno|46/100\n|\n|upkeep\n|turn|21\n|inactive|Time left: 300 sec this turn | 300 sec total\n|\n|t:|1783550621\n|move|p1a: Articuno|Recover|p1a: Articuno\n|-heal|p1a: Articuno|96/100\n|move|p2a: Raging Bolt|Thunderbolt|p1a: Articuno\n|-supereffective|p1a: Articuno\n|-damage|p1a: Articuno|42/100\n|\n|upkeep\n|turn|22\n|inactive|Time left: 300 sec this turn | 300 sec total\n|\n|t:|1783550622\n|move|p1a: Articuno|Recover|p1a: Articuno\n|-heal|p1a: Articuno|92/100\n|move|p2a: Raging Bolt|Thunderbolt|p1a: Articuno\n|-supereffective|p1a: Articuno\n|-damage|p1a: Articuno|44/100\n|\n|upkeep\n|turn|23\n|inactive|Time left: 300 sec this turn | 300 sec total\n|\n|t:|1783550623\n|move|p1a: Articuno|Recover|p1a: Articuno\n|-heal|p1a: Articuno|94/100\n|move|p2a: Raging Bolt|Thunderbolt|p1a: Articuno\n|-supereffective|p1a: Articuno\n|-damage|p1a: Articuno|39/100\n|\n|upkeep\n|turn|24\n|inactive|Time left: 300 sec this turn | 300 sec total\n|\n|t:|1783550624\n|move|p1a: Articuno|Recover|p1a: Articuno\n|-heal|p1a: Articuno|89/100\n|move|p2a: Raging Bolt|Thunderbolt|p1a: Articuno\n|-supereffective|p1a: Articuno\n|-damage|p1a: Articuno|41/100\n|\n|upkeep\n|turn|25\n|inactive|Time left: 300 sec this turn | 300 sec total\n|\n|t:|1783550625\n|move|p1a: Articuno|Recover|p1a: Articuno\n|-heal|p1a: Articuno|91/100\n|move|p2a: Raging Bolt|Thunderbolt|p1a: Articuno\n|-supereffective|p1a: Articuno\n|-damage|p1a: Articuno|43/100\n|\n|upkeep\n|turn|26\n|inactive|Time left: 300 sec this turn | 300 sec total\n|\n|t:|1783550626\n|move|p1a: Articuno|Recover|p1a: Articuno\n|-heal|p1a: Articuno|93/100\n|move|p2a: Raging Bolt|Thunderbolt|p1a: Articuno\n|-supereffective|p1a: Articuno\n|-damage|p1a: Articuno|36/100\n|\n|upkeep\n|turn|27\n|inactive|Time left: 300 sec this turn | 300 sec total\n|\n|t:|1783550627\n|move|p1a: Articuno|Freezing Glare|p2a: Raging Bolt\n|-crit|p2a: Raging Bolt\n|-damage|p2a: Raging Bolt|0 fnt\n|faint|p2a: Raging Bolt\n|-end|p2a: Raging Bolt|Protosynthesis|[silent]\n|\n|upkeep\n|inactive|Time left: 300 sec this turn | 300 sec total | 5 sec grace\n|\n|t:|1783550628\n|switch|p2a: Smeargle|Smeargle, L95, F|126/258\n|-damage|p2a: Smeargle|94/258|[from] Stealth Rock\n|turn|28\n|inactive|Time left: 300 sec this turn | 300 sec total\n|\n|t:|1783550629\n|-terastallize|p2a: Smeargle|Ghost\n|move|p1a: Articuno|Freezing Glare|p2a: Smeargle\n|-damage|p2a: Smeargle|0 fnt\n|faint|p2a: Smeargle\n|\n|win|p0x9855901", "uploadtime": 1783550629, "views": 0, "rating": 0, "private": 0, "password": null, "_winner": "p0x9855901", "_our_name": "p0y9857e9a"}