{"id": "battle-gen9randombattle-226", "formatid": "gen9randombattle", "format": "[Gen 9] Random Battle", "players": ["p0x226b8b4", "p0y226b55d"], "log": "|init|battle\n|title|p0x226b8b4 vs. p0y226b55d\n|j|\u2606p0x226b8b4\n|j|\u2606p0y226b55d\n|t:|1783535871\n|gametype|singles\n|player|p1|p0x226b8b4|169|\n|player|p2|p0y226b55d|2|\n|gen|9\n|tier|[Gen 9] Random Battle\n|rule|Species Clause: Limit one of each Pok\u00e9mon\n|rule|HP Percentage Mod: HP is shown in percentages\n|rule|Sleep Clause Mod: Limit one foe put to sleep\n|rule|Illusion Level Mod: Illusion disguises the Pok\u00e9mon's true level\n|\n|t:|1783535871\n|teamsize|p1|6\n|teamsize|p2|6\n|start\n|switch|p1a: Mudsdale|Mudsdale, L83, F|100/100\n|switch|p2a: Ampharos|Ampharos, L88, M|302/302\n|turn|1\n|inactive|Battle timer is ON: inactive players will automatically lose when time's up. (requested by p0x226b8b4)\n|inactive|Time left: 300 sec this turn | 300 sec total | 60 sec grace\n|inactive|p0y226b55d also wants the timer to be on.\n|\n|t:|1783535873\n|switch|p2a: Iron Leaves|Iron Leaves, L80|275/275\n|move|p1a: Mudsdale|Earthquake|p2a: Iron Leaves\n|-resisted|p2a: Iron Leaves\n|-crit|p2a: Iron Leaves\n|-damage|p2a: Iron Leaves|178/275\n|\n|upkeep\n|turn|2\n|inactive|Time left: 300 sec this turn | 300 sec total\n|\n|t:|1783535874\n|move|p2a: Iron Leaves|Leaf Blade|p1a: Mudsdale\n|-supereffective|p1a: Mudsdale\n|-damage|p1a: Mudsdale|0 fnt\n|faint|p1a: Mudsdale\n|\n|upkeep\n|\n|t:|1783535875\n|switch|p1a: Incineroar|Incineroar, L82, M|100/100\n|-ability|p1a: Incineroar|Intimidate|boost\n|-unboost|p2a: Iron Leaves|atk|1\n|turn|3\n|inactive|Time left: 300 sec this turn | 300 sec total\n|\n|t:|1783535876\n|-end|p2a: Iron Leaves|Quark Drive|[silent]\n|switch|p2a: Toxicroak|Toxicroak, L84, F|277/277\n|move|p1a: Incineroar|Knock Off|p2a: Toxicroak\n|-resisted|p2a: Toxicroak\n|-damage|p2a: Toxicroak|203/277\n|-enditem|p2a: Toxicroak|Life Orb|[from] move: Knock Off|[of] p1a: Incineroar\n|\n|upkeep\n|turn|4\n|inactive|Time left: 300 sec this turn | 300 sec total\n|\n|t:|1783535878\n|move|p2a: Toxicroak|Swords Dance|p2a: Toxicroak\n|-boost|p2a: Toxicroak|atk|2\n|move|p1a: Incineroar|Flare Blitz|p2a: Toxicroak\n|-damage|p2a: Toxicroak|4/277\n|-damage|p1a: Incineroar|78/100|[from] Recoil\n|\n|upkeep\n|turn|5\n|inactive|Time left: 300 sec this turn | 300 sec total\n|\n|t:|1783535879\n|switch|p1a: Eternatus|Eternatus, L69|100/100\n|-ability|p1a: Eternatus|Pressure\n|move|p2a: Toxicroak|Gunk Shot|p1a: Eternatus|[miss]\n|-miss|p2a: Toxicroak|p1a: Eternatus\n|\n|upkeep\n|turn|6\n|inactive|Time left: 300 sec this turn | 300 sec total\n|\n|t:|1783535880\n|move|p1a: Eternatus|Meteor Beam||[still]\n|-prepare|p1a: Eternatus|Meteor Beam\n|-boost|p1a: Eternatus|spa|1\n|-enditem|p1a: Eternatus|Power Herb\n|-anim|p1a: Eternatus|Meteor Beam|p2a: Toxicroak\n|-resisted|p2a: Toxicroak\n|-damage|p2a: Toxicroak|0 fnt\n|faint|p2a: Toxicroak\n|\n|upkeep\n|inactive|Time left: 300 sec this turn | 300 sec total | 5 sec grace\n|\n|t:|1783535881\n|switch|p2a: Zebstrika|Zebstrika, L87, F|272/272\n|turn|7\n|inactive|Time left: 300 sec this turn | 300 sec total\n|\n|t:|1783535882\n|switch|p1a: Gastrodon|Gastrodon-East, L86, M|100/100\n|-terastallize|p2a: Zebstrika|Ground\n|move|p2a: Zebstrika|High Horsepower|p1a: Gastrodon\n|-damage|p1a: Gastrodon|46/100\n|-damage|p2a: Zebstrika|245/272|[from] item: Life Orb\n|\n|-heal|p1a: Gastrodon|52/100|[from] item: Leftovers\n|upkeep\n|turn|8\n|inactive|Time left: 300 sec this turn | 300 sec total\n|\n|t:|1783535883\n|move|p2a: Zebstrika|High Horsepower|p1a: Gastrodon\n|-damage|p1a: Gastrodon|0 fnt\n|faint|p1a: Gastrodon\n|-damage|p2a: Zebstrika|218/272|[from] item: Life Orb\n|\n|upkeep\n|\n|t:|1783535884\n|switch|p1a: Incineroar|Incineroar, L82, M|78/100\n|-ability|p1a: Incineroar|Intimidate|boost\n|-unboost|p2a: Zebstrika|atk|1\n|turn|9\n|inactive|Time left: 300 sec this turn | 300 sec total\n|\n|t:|1783535885\n|move|p2a: Zebstrika|High Horsepower|p1a: Incineroar\n|-supereffective|p1a: Incineroar\n|-damage|p1a: Incineroar|9/100\n|-damage|p2a: Zebstrika|191/272|[from] item: Life Orb\n|move|p1a: Incineroar|Knock Off|p2a: Zebstrika\n|-damage|p2a: Zebstrika|50/272\n|-enditem|p2a: Zebstrika|Life Orb|[from] move: Knock Off|[of] p1a: Incineroar\n|\n|upkeep\n|turn|10\n|inactive|Time left: 300 sec this turn | 300 sec total\n|\n|t:|1783535886\n|switch|p1a: Eternatus|Eternatus, L69|100/100\n|-ability|p1a: Eternatus|Pressure\n|move|p2a: Zebstrika|Volt Switch|p1a: Eternatus\n|-resisted|p1a: Eternatus\n|-damage|p1a: Eternatus|89/100\n|inactive|Time left: 300 sec this turn | 300 sec total | 5 sec grace\n|\n|t:|1783535887\n|switch|p2a: Kyogre|Kyogre, L71|259/259|[from] Volt Switch\n|-weather|RainDance|[from] ability: Drizzle|[of] p2a: Kyogre\n|\n|-weather|RainDance|[upkeep]\n|upkeep\n|turn|11\n|inactive|Time left: 300 sec this turn | 300 sec total\n|\n|t:|1783535888\n|move|p1a: Eternatus|Sludge Bomb|p2a: Kyogre\n|-damage|p2a: Kyogre|189/259\n|move|p2a: Kyogre|Ice Beam|p1a: Eternatus\n|-supereffective|p1a: Eternatus\n|-damage|p1a: Eternatus|43/100\n|\n|-weather|RainDance|[upkeep]\n|-heal|p2a: Kyogre|205/259|[from] item: Leftovers\n|upkeep\n|turn|12\n|inactive|Time left: 300 sec this turn | 300 sec total\n|\n|t:|1783535889\n|move|p1a: Eternatus|Sludge Bomb|p2a: Kyogre\n|-damage|p2a: Kyogre|138/259\n|move|p2a: Kyogre|Ice Beam|p1a: Eternatus\n|-supereffective|p1a: Eternatus\n|-damage|p1a: Eternatus|0 fnt\n|faint|p1a: Eternatus\n|\n|-weather|RainDance|[upkeep]\n|-heal|p2a: Kyogre|154/259|[from] item: Leftovers\n|upkeep\n|\n|t:|1783535890\n|switch|p1a: Garganacl|Garganacl, L80, M|100/100\n|turn|13\n|inactive|Time left: 300 sec this turn | 300 sec total\n|\n|t:|1783535891\n|-terastallize|p1a: Garganacl|Ghost\n|move|p2a: Kyogre|Origin Pulse|p1a: Garganacl\n|-damage|p1a: Garganacl|40/100\n|move|p1a: Garganacl|Salt Cure|p2a: Kyogre\n|-damage|p2a: Kyogre|103/259\n|-start|p2a: Kyogre|Salt Cure\n|\n|-weather|RainDance|[upkeep]\n|-heal|p2a: Kyogre|119/259|[from] item: Leftovers\n|-heal|p1a: Garganacl|47/100|[from] item: Leftovers\n|-damage|p2a: Kyogre|55/259|[from] Salt Cure\n|upkeep\n|turn|14\n|inactive|Time left: 300 sec this turn | 300 sec total\n|\n|t:|1783535892\n|switch|p1a: Incineroar|Incineroar, L82, M|9/100\n|-ability|p1a: Incineroar|Intimidate|boost\n|-unboost|p2a: Kyogre|atk|1\n|move|p2a: Kyogre|Origin Pulse|p1a: Incineroar|[miss]\n|-miss|p2a: Kyogre|p1a: Incineroar\n|\n|-weather|none\n|-heal|p2a: Kyogre|71/259|[from] item: Leftovers\n|-damage|p2a: Kyogre|7/259|[from] Salt Cure\n|upkeep\n|turn|15\n|inactive|Time left: 300 sec this turn | 300 sec total\n|\n|t:|1783535893\n|move|p2a: Kyogre|Origin Pulse|p1a: Incineroar\n|-supereffective|p1a: Incineroar\n|-damage|p1a: Incineroar|0 fnt\n|faint|p1a: Incineroar\n|\n|-heal|p2a: Kyogre|23/259|[from] item: Leftovers\n|-damage|p2a: Kyogre|0 fnt|[from] Salt Cure\n|faint|p2a: Kyogre\n|upkeep\n|inactive|Time left: 300 sec this turn | 300 sec total | 5 sec grace\n|\n|t:|1783535893\n|switch|p2a: Bellossom|Bellossom, L84, F|263/263\n|switch|p1a: Garganacl|Garganacl, L80, M, tera:Ghost|47/100\n|turn|16\n|inactive|Time left: 300 sec this turn | 300 sec total\n|\n|t:|1783535894\n|move|p2a: Bellossom|Quiver Dance|p2a: Bellossom\n|-boost|p2a: Bellossom|spa|1\n|-boost|p2a: Bellossom|spd|1\n|-boost|p2a: Bellossom|spe|1\n|move|p1a: Garganacl|Recover|p1a: Garganacl\n|-heal|p1a: Garganacl|97/100\n|\n|-heal|p1a: Garganacl|100/100|[from] item: Leftovers\n|upkeep\n|turn|17\n|inactive|Time left: 300 sec this turn | 300 sec total\n|\n|t:|1783535895\n|move|p2a: Bellossom|Quiver Dance|p2a: Bellossom\n|-boost|p2a: Bellossom|spa|1\n|-boost|p2a: Bellossom|spd|1\n|-boost|p2a: Bellossom|spe|1\n|move|p1a: Garganacl|Iron Defense|p1a: Garganacl\n|-boost|p1a: Garganacl|def|2\n|\n|upkeep\n|turn|18\n|inactive|Time left: 300 sec this turn | 300 sec total\n|\n|t:|1783535896\n|move|p2a: Bellossom|Quiver Dance|p2a: Bellossom\n|-boost|p2a: Bellossom|spa|1\n|-boost|p2a: Bellossom|spd|1\n|-boost|p2a: Bellossom|spe|1\n|move|p1a: Garganacl|Salt Cure|p2a: Bellossom\n|-damage|p2a: Bellossom|224/263\n|-start|p2a: Bellossom|Salt Cure\n|\n|-heal|p2a: Bellossom|240/263|[from] item: Leftovers\n|-damage|p2a: Bellossom|208/263|[from] Salt Cure\n|upkeep\n|turn|19\n|inactive|Time left: 300 sec this turn | 300 sec total\n|\n|t:|1783535897\n|move|p2a: Bellossom|Giga Drain|p1a: Garganacl\n|-damage|p1a: Garganacl|38/100\n|-heal|p2a: Bellossom|263/263|[from] drain|[of] p1a: Garganacl\n|move|p1a: Garganacl|Recover|p1a: Garganacl\n|-heal|p1a: Garganacl|88/100\n|\n|-heal|p1a: Garganacl|94/100|[from] item: Leftovers\n|-damage|p2a: Bellossom|231/263|[from] Salt Cure\n|upkeep\n|turn|20\n|inactive|Time left: 300 sec this turn | 300 sec total\n|\n|t:|1783535898\n|move|p2a: Bellossom|Giga Drain|p1a: Garganacl\n|-damage|p1a: Garganacl|29/100\n|-heal|p2a: Bellossom|263/263|[from] drain|[of] p1a: Garganacl\n|move|p1a: Garganacl|Recover|p1a: Garganacl\n|-heal|p1a: Garganacl|79/100\n|\n|-heal|p1a: Garganacl|85/100|[from] item: Leftovers\n|-damage|p2a: Bellossom|231/263|[from] Salt Cure\n|upkeep\n|turn|21\n|inactive|Time left: 300 sec this turn | 300 sec total\n|\n|t:|1783535899\n|move|p2a: Bellossom|Giga Drain|p1a: Garganacl\n|-damage|p1a: Garganacl|17/100\n|-heal|p2a: Bellossom|263/263|[from] drain|[of] p1a: Garganacl\n|move|p1a: Garganacl|Recover|p1a: Garganacl\n|-heal|p1a: Garganacl|67/100\n|\n|-heal|p1a: Garganacl|73/100|[from] item: Leftovers\n|-damage|p2a: Bellossom|231/263|[from] Salt Cure\n|upkeep\n|turn|22\n|inactive|Time left: 300 sec this turn | 300 sec total\n|\n|t:|1783535900\n|move|p2a: Bellossom|Giga Drain|p1a: Garganacl\n|-damage|p1a: Garganacl|12/100\n|-heal|p2a: Bellossom|263/263|[from] drain|[of] p1a: Garganacl\n|move|p1a: Garganacl|Recover|p1a: Garganacl\n|-heal|p1a: Garganacl|62/100\n|\n|-heal|p1a: Garganacl|69/100|[from] item: Leftovers\n|-damage|p2a: Bellossom|231/263|[from] Salt Cure\n|upkeep\n|turn|23\n|inactive|Time left: 300 sec this turn | 300 sec total\n|\n|t:|1783535901\n|move|p2a: Bellossom|Giga Drain|p1a: Garganacl\n|-damage|p1a: Garganacl|0 fnt\n|-heal|p2a: Bellossom|263/263|[from] drain|[of] p1a: Garganacl\n|faint|p1a: Garganacl\n|\n|-damage|p2a: Bellossom|231/263|[from] Salt Cure\n|upkeep\n|\n|t:|1783535902\n|switch|p1a: Pelipper|Pelipper, L86, F|100/100\n|-weather|RainDance|[from] ability: Drizzle|[of] p1a: Pelipper\n|turn|24\n|inactive|Time left: 300 sec this turn | 300 sec total\n|\n|t:|1783535903\n|move|p2a: Bellossom|Giga Drain|p1a: Pelipper\n|-damage|p1a: Pelipper|16/100\n|-heal|p2a: Bellossom|263/263|[from] drain|[of] p1a: Pelipper\n|move|p1a: Pelipper|Hurricane|p2a: Bellossom\n|-supereffective|p2a: Bellossom\n|-damage|p2a: Bellossom|173/263\n|\n|-weather|RainDance|[upkeep]\n|-heal|p2a: Bellossom|189/263|[from] item: Leftovers\n|-damage|p2a: Bellossom|157/263|[from] Salt Cure\n|upkeep\n|turn|25\n|inactive|Time left: 300 sec this turn | 300 sec total\n|\n|t:|1783535904\n|move|p2a: Bellossom|Tera Blast|p1a: Pelipper\n|-damage|p1a: Pelipper|0 fnt\n|faint|p1a: Pelipper\n|\n|win|p0y226b55d", "uploadtime": 1783535904, "views": 0, "rating": 0, "private": 0, "password": null, "_winner": "p0y226b55d", "_our_name": "p0y226b55d"}