{"id": "battle-gen9randombattle-256", "formatid": "gen9randombattle", "format": "[Gen 9] Random Battle", "players": ["p0x256dc51", "p0y256ff38"], "log": "|init|battle\n|title|p0x256dc51 vs. p0y256ff38\n|j|\u2606p0x256dc51\n|j|\u2606p0y256ff38\n|t:|1783542051\n|gametype|singles\n|player|p1|p0x256dc51|170|\n|player|p2|p0y256ff38|102|\n|gen|9\n|tier|[Gen 9] Random Battle\n|rule|Species Clause: Limit one of each Pok\u00e9mon\n|rule|HP Percentage Mod: HP is shown in percentages\n|rule|Sleep Clause Mod: Limit one foe put to sleep\n|rule|Illusion Level Mod: Illusion disguises the Pok\u00e9mon's true level\n|\n|t:|1783542051\n|teamsize|p1|6\n|teamsize|p2|6\n|start\n|switch|p1a: Hitmontop|Hitmontop, L88, M|231/231\n|switch|p2a: Tornadus|Tornadus, L82, M|100/100\n|-ability|p1a: Hitmontop|Intimidate|boost\n|-unboost|p2a: Tornadus|atk|1\n|turn|1\n|inactive|Battle timer is ON: inactive players will automatically lose when time's up. (requested by p0y256ff38)\n|inactive|Time left: 300 sec this turn | 300 sec total | 60 sec grace\n|inactive|p0x256dc51 also wants the timer to be on.\n|\n|t:|1783542052\n|switch|p2a: Veluza|Veluza, L85, M|100/100\n|move|p1a: Hitmontop|Stone Edge|p2a: Veluza\n|-crit|p2a: Veluza\n|-damage|p2a: Veluza|54/100\n|\n|upkeep\n|turn|2\n|inactive|Time left: 300 sec this turn | 300 sec total\n|\n|t:|1783542054\n|move|p1a: Hitmontop|Rapid Spin|p2a: Veluza\n|-damage|p2a: Veluza|37/100\n|-boost|p1a: Hitmontop|spe|1\n|move|p2a: Veluza|Psycho Cut|p1a: Hitmontop\n|-supereffective|p1a: Hitmontop\n|-damage|p1a: Hitmontop|0 fnt\n|faint|p1a: Hitmontop\n|\n|upkeep\n|inactive|Time left: 300 sec this turn | 300 sec total | 5 sec grace\n|\n|t:|1783542055\n|switch|p1a: Cinccino|Cinccino, L83, M|260/260\n|turn|3\n|inactive|Time left: 300 sec this turn | 300 sec total\n|\n|t:|1783542056\n|switch|p2a: Magcargo|Magcargo, L95, F|100/100\n|move|p1a: Cinccino|Bullet Seed|p2a: Magcargo\n|-damage|p2a: Magcargo|94/100\n|-ability|p2a: Magcargo|Weak Armor|boost\n|-unboost|p2a: Magcargo|def|1\n|-boost|p2a: Magcargo|spe|2\n|-damage|p2a: Magcargo|84/100\n|-ability|p2a: Magcargo|Weak Armor|boost\n|-unboost|p2a: Magcargo|def|1\n|-boost|p2a: Magcargo|spe|2\n|-damage|p2a: Magcargo|71/100\n|-ability|p2a: Magcargo|Weak Armor|boost\n|-unboost|p2a: Magcargo|def|1\n|-boost|p2a: Magcargo|spe|2\n|-damage|p2a: Magcargo|53/100\n|-ability|p2a: Magcargo|Weak Armor|boost\n|-unboost|p2a: Magcargo|def|1\n|-hitcount|p2a: Magcargo|4\n|\n|upkeep\n|turn|4\n|inactive|Time left: 300 sec this turn | 300 sec total\n|\n|t:|1783542057\n|move|p2a: Magcargo|Fire Blast|p1a: Cinccino\n|-damage|p1a: Cinccino|88/260\n|move|p1a: Cinccino|Tail Slap|p2a: Magcargo\n|-resisted|p2a: Magcargo\n|-damage|p2a: Magcargo|39/100\n|-ability|p2a: Magcargo|Weak Armor|boost\n|-unboost|p2a: Magcargo|def|1\n|-resisted|p2a: Magcargo\n|-damage|p2a: Magcargo|20/100\n|-ability|p2a: Magcargo|Weak Armor|boost\n|-unboost|p2a: Magcargo|def|1\n|-resisted|p2a: Magcargo\n|-damage|p2a: Magcargo|2/100\n|-resisted|p2a: Magcargo\n|-damage|p2a: Magcargo|0 fnt\n|faint|p2a: Magcargo\n|-hitcount|p2: Magcargo|4\n|\n|upkeep\n|\n|t:|1783542058\n|switch|p2a: Inteleon|Inteleon, L81, M|100/100\n|turn|5\n|inactive|Time left: 300 sec this turn | 300 sec total\n|\n|t:|1783542059\n|switch|p1a: Dewgong|Dewgong, L94, M|322/322\n|move|p2a: Inteleon|Scald|p1a: Dewgong\n|-resisted|p1a: Dewgong\n|-damage|p1a: Dewgong|283/322\n|-status|p1a: Dewgong|brn\n|\n|-damage|p1a: Dewgong|263/322 brn|[from] brn\n|upkeep\n|turn|6\n|inactive|Time left: 300 sec this turn | 300 sec total\n|\n|t:|1783542060\n|move|p2a: Inteleon|Scald|p1a: Dewgong\n|-resisted|p1a: Dewgong\n|-damage|p1a: Dewgong|222/322 brn\n|move|p1a: Dewgong|Ice Beam|p2a: Inteleon\n|-resisted|p2a: Inteleon\n|-damage|p2a: Inteleon|74/100\n|-status|p2a: Inteleon|frz\n|\n|-damage|p1a: Dewgong|202/322 brn|[from] brn\n|upkeep\n|turn|7\n|inactive|Time left: 300 sec this turn | 300 sec total\n|\n|t:|1783542061\n|-curestatus|p2a: Inteleon|frz|[from] move: Scald\n|move|p2a: Inteleon|Scald|p1a: Dewgong\n|-resisted|p1a: Dewgong\n|-damage|p1a: Dewgong|158/322 brn\n|move|p1a: Dewgong|Knock Off|p2a: Inteleon\n|-damage|p2a: Inteleon|55/100\n|-enditem|p2a: Inteleon|Choice Specs|[from] move: Knock Off|[of] p1a: Dewgong\n|\n|-damage|p1a: Dewgong|138/322 brn|[from] brn\n|upkeep\n|turn|8\n|inactive|Time left: 300 sec this turn | 300 sec total\n|\n|t:|1783542062\n|move|p2a: Inteleon|Hydro Pump|p1a: Dewgong|[miss]\n|-miss|p2a: Inteleon|p1a: Dewgong\n|move|p1a: Dewgong|Ice Beam|p2a: Inteleon\n|-resisted|p2a: Inteleon\n|-damage|p2a: Inteleon|31/100\n|-status|p2a: Inteleon|frz\n|\n|-damage|p1a: Dewgong|118/322 brn|[from] brn\n|upkeep\n|turn|9\n|inactive|Time left: 300 sec this turn | 300 sec total\n|\n|t:|1783542064\n|-curestatus|p2a: Inteleon|frz|[from] move: Scald\n|move|p2a: Inteleon|Scald|p1a: Dewgong\n|-resisted|p1a: Dewgong\n|-damage|p1a: Dewgong|78/322 brn\n|move|p1a: Dewgong|Ice Beam|p2a: Inteleon\n|-resisted|p2a: Inteleon\n|-damage|p2a: Inteleon|6/100\n|\n|-damage|p1a: Dewgong|58/322 brn|[from] brn\n|upkeep\n|turn|10\n|inactive|Time left: 300 sec this turn | 300 sec total\n|\n|t:|1783542065\n|move|p2a: Inteleon|Scald|p1a: Dewgong\n|-resisted|p1a: Dewgong\n|-damage|p1a: Dewgong|17/322 brn\n|move|p1a: Dewgong|Knock Off|p2a: Inteleon\n|-damage|p2a: Inteleon|0 fnt\n|faint|p2a: Inteleon\n|\n|-damage|p1a: Dewgong|0 fnt|[from] brn\n|faint|p1a: Dewgong\n|upkeep\n|inactive|Time left: 300 sec this turn | 300 sec total | 5 sec grace\n|\n|t:|1783542066\n|switch|p2a: Stantler|Stantler, L92, M|100/100\n|switch|p1a: Oranguru|Oranguru, L92, M|315/315\n|-ability|p2a: Stantler|Intimidate|boost\n|-fail|p1a: Oranguru|unboost|Attack|[from] ability: Inner Focus|[of] p1a: Oranguru\n|turn|11\n|inactive|Time left: 300 sec this turn | 300 sec total\n|\n|t:|1783542067\n|move|p2a: Stantler|Calm Mind|p2a: Stantler\n|-boost|p2a: Stantler|spa|1\n|-boost|p2a: Stantler|spd|1\n|move|p1a: Oranguru|Nasty Plot|p1a: Oranguru\n|-boost|p1a: Oranguru|spa|2\n|\n|upkeep\n|turn|12\n|inactive|Time left: 300 sec this turn | 300 sec total\n|\n|t:|1783542068\n|move|p2a: Stantler|Calm Mind|p2a: Stantler\n|-boost|p2a: Stantler|spa|1\n|-boost|p2a: Stantler|spd|1\n|move|p1a: Oranguru|Psyshock|p2a: Stantler\n|-damage|p2a: Stantler|35/100\n|-damage|p1a: Oranguru|284/315|[from] item: Life Orb\n|\n|upkeep\n|turn|13\n|inactive|Time left: 300 sec this turn | 300 sec total\n|\n|t:|1783542069\n|move|p2a: Stantler|Tera Blast|p1a: Oranguru\n|-damage|p1a: Oranguru|149/315\n|move|p1a: Oranguru|Hyper Voice|p2a: Stantler\n|-damage|p2a: Stantler|0 fnt\n|faint|p2a: Stantler\n|-damage|p1a: Oranguru|118/315|[from] item: Life Orb\n|\n|upkeep\n|\n|t:|1783542070\n|switch|p2a: Veluza|Veluza, L85, M|37/100\n|turn|14\n|inactive|Time left: 300 sec this turn | 300 sec total\n|\n|t:|1783542071\n|move|p2a: Veluza|Aqua Cutter|p1a: Oranguru\n|-damage|p1a: Oranguru|0 fnt\n|faint|p1a: Oranguru\n|\n|upkeep\n|inactive|Time left: 300 sec this turn | 300 sec total | 5 sec grace\n|\n|t:|1783542072\n|switch|p1a: Kommo-o|Kommo-o, L77, F|242/242\n|turn|15\n|inactive|Time left: 300 sec this turn | 300 sec total\n|\n|t:|1783542073\n|move|p1a: Kommo-o|Clangorous Soul|p1a: Kommo-o\n|-boost|p1a: Kommo-o|atk|1\n|-boost|p1a: Kommo-o|def|1\n|-boost|p1a: Kommo-o|spa|1\n|-boost|p1a: Kommo-o|spd|1\n|-boost|p1a: Kommo-o|spe|1\n|-damage|p1a: Kommo-o|163/242\n|-enditem|p1a: Kommo-o|Throat Spray\n|-boost|p1a: Kommo-o|spa|1|[from] item: Throat Spray\n|move|p2a: Veluza|Aqua Cutter|p1a: Kommo-o\n|-resisted|p1a: Kommo-o\n|-damage|p1a: Kommo-o|118/242\n|\n|upkeep\n|turn|16\n|inactive|Time left: 300 sec this turn | 300 sec total\n|\n|t:|1783542074\n|move|p1a: Kommo-o|Clanging Scales|p2a: Veluza\n|-damage|p2a: Veluza|0 fnt\n|faint|p2a: Veluza\n|-unboost|p1a: Kommo-o|def|1\n|\n|upkeep\n|\n|t:|1783542075\n|switch|p2a: Vigoroth|Vigoroth, L85, M|100/100\n|turn|17\n|inactive|Time left: 300 sec this turn | 300 sec total\n|\n|t:|1783542076\n|-terastallize|p2a: Vigoroth|Ghost\n|move|p1a: Kommo-o|Drain Punch|p2a: Vigoroth\n|-immune|p2a: Vigoroth\n|move|p2a: Vigoroth|Body Slam|p1a: Kommo-o\n|-damage|p1a: Kommo-o|55/242\n|-status|p1a: Kommo-o|par\n|\n|upkeep\n|turn|18\n|inactive|Time left: 300 sec this turn | 300 sec total\n|\n|t:|1783542077\n|move|p2a: Vigoroth|Body Slam|p1a: Kommo-o\n|-damage|p1a: Kommo-o|0 fnt\n|faint|p1a: Kommo-o\n|\n|upkeep\n|inactive|Time left: 300 sec this turn | 300 sec total | 5 sec grace\n|\n|t:|1783542078\n|switch|p1a: Delphox|Delphox, L84, M|263/263\n|turn|19\n|inactive|Time left: 300 sec this turn | 300 sec total\n|\n|t:|1783542079\n|move|p1a: Delphox|Nasty Plot|p1a: Delphox\n|-boost|p1a: Delphox|spa|2\n|move|p2a: Vigoroth|Body Slam|p1a: Delphox\n|-damage|p1a: Delphox|178/263\n|-status|p1a: Delphox|par\n|\n|upkeep\n|turn|20\n|inactive|Time left: 300 sec this turn | 300 sec total\n|\n|t:|1783542080\n|move|p2a: Vigoroth|Bulk Up|p2a: Vigoroth\n|-boost|p2a: Vigoroth|atk|1\n|-boost|p2a: Vigoroth|def|1\n|move|p1a: Delphox|Fire Blast|p2a: Vigoroth\n|-damage|p2a: Vigoroth|7/100\n|\n|upkeep\n|turn|21\n|inactive|Time left: 300 sec this turn | 300 sec total\n|\n|t:|1783542081\n|move|p2a: Vigoroth|Body Slam|p1a: Delphox\n|-damage|p1a: Delphox|30/263 par\n|move|p1a: Delphox|Fire Blast|p2a: Vigoroth\n|-damage|p2a: Vigoroth|0 fnt\n|faint|p2a: Vigoroth\n|\n|upkeep\n|\n|t:|1783542082\n|switch|p2a: Tornadus|Tornadus, L82, M|100/100\n|turn|22\n|inactive|Time left: 300 sec this turn | 300 sec total\n|\n|t:|1783542083\n|-terastallize|p1a: Delphox|Grass\n|move|p2a: Tornadus|Nasty Plot|p2a: Tornadus\n|-boost|p2a: Tornadus|spa|2\n|cant|p1a: Delphox|par\n|\n|upkeep\n|turn|23\n|inactive|Time left: 300 sec this turn | 300 sec total\n|\n|t:|1783542084\n|move|p2a: Tornadus|Focus Blast|p1a: Delphox|[miss]\n|-miss|p2a: Tornadus|p1a: Delphox\n|move|p1a: Delphox|Fire Blast|p2a: Tornadus\n|-damage|p2a: Tornadus|0 fnt\n|faint|p2a: Tornadus\n|\n|win|p0x256dc51", "uploadtime": 1783542084, "views": 0, "rating": 0, "private": 0, "password": null, "_winner": "p0x256dc51", "_our_name": "p0x256dc51"}