{"id": "battle-gen9randombattle-1569", "formatid": "gen9randombattle", "format": "[Gen 9] Random Battle", "players": ["p0x156902a2", "p0y1569e27c"], "log": "|init|battle\n|title|p0x156902a2 vs. p0y1569e27c\n|j|\u2606p0x156902a2\n|j|\u2606p0y1569e27c\n|t:|1783557364\n|gametype|singles\n|player|p1|p0x156902a2|266|\n|player|p2|p0y1569e27c|2|\n|gen|9\n|tier|[Gen 9] Random Battle\n|rule|Species Clause: Limit one of each Pok\u00e9mon\n|rule|HP Percentage Mod: HP is shown in percentages\n|rule|Sleep Clause Mod: Limit one foe put to sleep\n|rule|Illusion Level Mod: Illusion disguises the Pok\u00e9mon's true level\n|\n|t:|1783557364\n|teamsize|p1|6\n|teamsize|p2|6\n|start\n|switch|p1a: Snorlax|Snorlax, L82, F|100/100\n|switch|p2a: Ursaring|Ursaring, L84, F|288/288\n|turn|1\n|inactive|Battle timer is ON: inactive players will automatically lose when time's up. (requested by p0x156902a2)\n|inactive|Time left: 300 sec this turn | 300 sec total | 60 sec grace\n|\n|t:|1783557366\n|move|p2a: Ursaring|Body Slam|p1a: Snorlax\n|-damage|p1a: Snorlax|66/100\n|move|p1a: Snorlax|Body Slam|p2a: Ursaring\n|-damage|p2a: Ursaring|219/288\n|\n|-heal|p1a: Snorlax|73/100|[from] item: Leftovers\n|upkeep\n|turn|2\n|inactive|Time left: 300 sec this turn | 300 sec total\n|inactive|p0y1569e27c also wants the timer to be on.\n|\n|t:|1783557367\n|move|p2a: Ursaring|Body Slam|p1a: Snorlax\n|-damage|p1a: Snorlax|35/100\n|move|p1a: Snorlax|Body Slam|p2a: Ursaring\n|-damage|p2a: Ursaring|150/288\n|\n|-heal|p1a: Snorlax|41/100|[from] item: Leftovers\n|upkeep\n|turn|3\n|inactive|Time left: 300 sec this turn | 300 sec total\n|\n|t:|1783557368\n|move|p2a: Ursaring|Body Slam|p1a: Snorlax\n|-damage|p1a: Snorlax|6/100\n|move|p1a: Snorlax|Rest|p1a: Snorlax\n|-status|p1a: Snorlax|slp|[from] move: Rest\n|-heal|p1a: Snorlax|100/100 slp|[silent]\n|\n|upkeep\n|turn|4\n|inactive|Time left: 300 sec this turn | 300 sec total\n|\n|t:|1783557369\n|switch|p1a: Mudsdale|Mudsdale, L83, M|100/100\n|move|p2a: Ursaring|Body Slam|p1a: Mudsdale\n|-damage|p1a: Mudsdale|65/100\n|-ability|p1a: Mudsdale|Stamina|boost\n|-boost|p1a: Mudsdale|def|1\n|\n|-heal|p1a: Mudsdale|71/100|[from] item: Leftovers\n|upkeep\n|turn|5\n|inactive|Time left: 300 sec this turn | 300 sec total\n|\n|t:|1783557371\n|move|p2a: Ursaring|Body Slam|p1a: Mudsdale\n|-damage|p1a: Mudsdale|50/100\n|-ability|p1a: Mudsdale|Stamina|boost\n|-boost|p1a: Mudsdale|def|1\n|move|p1a: Mudsdale|Earthquake|p2a: Ursaring\n|-damage|p2a: Ursaring|47/288\n|\n|-heal|p1a: Mudsdale|56/100|[from] item: Leftovers\n|upkeep\n|turn|6\n|inactive|Time left: 300 sec this turn | 300 sec total\n|\n|t:|1783557372\n|move|p2a: Ursaring|Rest|p2a: Ursaring\n|-status|p2a: Ursaring|slp|[from] move: Rest\n|-heal|p2a: Ursaring|288/288 slp|[silent]\n|move|p1a: Mudsdale|Earthquake|p2a: Ursaring\n|-damage|p2a: Ursaring|188/288 slp\n|\n|-heal|p1a: Mudsdale|62/100|[from] item: Leftovers\n|upkeep\n|turn|7\n|inactive|Time left: 300 sec this turn | 300 sec total\n|\n|t:|1783557373\n|switch|p2a: Chimecho|Chimecho, L93, F|290/290\n|move|p1a: Mudsdale|Earthquake|p2a: Chimecho\n|-immune|p2a: Chimecho|[from] ability: Levitate\n|\n|-heal|p1a: Mudsdale|68/100|[from] item: Leftovers\n|upkeep\n|turn|8\n|inactive|Time left: 300 sec this turn | 300 sec total\n|\n|t:|1783557374\n|move|p2a: Chimecho|Calm Mind|p2a: Chimecho\n|-boost|p2a: Chimecho|spa|1\n|-boost|p2a: Chimecho|spd|1\n|move|p1a: Mudsdale|Heavy Slam|p2a: Chimecho\n|-damage|p2a: Chimecho|188/290\n|\n|-heal|p2a: Chimecho|206/290|[from] item: Leftovers\n|-heal|p1a: Mudsdale|74/100|[from] item: Leftovers\n|upkeep\n|turn|9\n|inactive|Time left: 300 sec this turn | 300 sec total\n|\n|t:|1783557375\n|-terastallize|p1a: Mudsdale|Steel\n|move|p2a: Chimecho|Dazzling Gleam|p1a: Mudsdale\n|-resisted|p1a: Mudsdale\n|-damage|p1a: Mudsdale|57/100\n|-ability|p1a: Mudsdale|Stamina|boost\n|-boost|p1a: Mudsdale|def|1\n|move|p1a: Mudsdale|Heavy Slam|p2a: Chimecho\n|-damage|p2a: Chimecho|61/290\n|\n|-heal|p2a: Chimecho|79/290|[from] item: Leftovers\n|-heal|p1a: Mudsdale|63/100|[from] item: Leftovers\n|upkeep\n|turn|10\n|inactive|Time left: 300 sec this turn | 300 sec total\n|\n|t:|1783557376\n|move|p2a: Chimecho|Recover|p2a: Chimecho\n|-heal|p2a: Chimecho|224/290\n|move|p1a: Mudsdale|Heavy Slam|p2a: Chimecho\n|-damage|p2a: Chimecho|86/290\n|\n|-heal|p2a: Chimecho|104/290|[from] item: Leftovers\n|-heal|p1a: Mudsdale|69/100|[from] item: Leftovers\n|upkeep\n|turn|11\n|inactive|Time left: 300 sec this turn | 300 sec total\n|\n|t:|1783557377\n|move|p2a: Chimecho|Recover|p2a: Chimecho\n|-heal|p2a: Chimecho|249/290\n|move|p1a: Mudsdale|Heavy Slam|p2a: Chimecho\n|-damage|p2a: Chimecho|111/290\n|\n|-heal|p2a: Chimecho|129/290|[from] item: Leftovers\n|-heal|p1a: Mudsdale|75/100|[from] item: Leftovers\n|upkeep\n|turn|12\n|inactive|Time left: 300 sec this turn | 300 sec total\n|\n|t:|1783557378\n|move|p2a: Chimecho|Recover|p2a: Chimecho\n|-heal|p2a: Chimecho|274/290\n|move|p1a: Mudsdale|Heavy Slam|p2a: Chimecho\n|-damage|p2a: Chimecho|138/290\n|\n|-heal|p2a: Chimecho|156/290|[from] item: Leftovers\n|-heal|p1a: Mudsdale|81/100|[from] item: Leftovers\n|upkeep\n|turn|13\n|inactive|Time left: 300 sec this turn | 300 sec total\n|\n|t:|1783557379\n|move|p2a: Chimecho|Recover|p2a: Chimecho\n|-heal|p2a: Chimecho|290/290\n|move|p1a: Mudsdale|Heavy Slam|p2a: Chimecho\n|-damage|p2a: Chimecho|139/290\n|\n|-heal|p2a: Chimecho|157/290|[from] item: Leftovers\n|-heal|p1a: Mudsdale|87/100|[from] item: Leftovers\n|upkeep\n|turn|14\n|inactive|Time left: 300 sec this turn | 300 sec total\n|\n|t:|1783557380\n|move|p2a: Chimecho|Recover|p2a: Chimecho\n|-heal|p2a: Chimecho|290/290\n|move|p1a: Mudsdale|Heavy Slam|p2a: Chimecho\n|-damage|p2a: Chimecho|139/290\n|\n|-heal|p2a: Chimecho|157/290|[from] item: Leftovers\n|-heal|p1a: Mudsdale|93/100|[from] item: Leftovers\n|upkeep\n|turn|15\n|inactive|Time left: 300 sec this turn | 300 sec total\n|\n|t:|1783557380\n|move|p2a: Chimecho|Recover|p2a: Chimecho\n|-heal|p2a: Chimecho|290/290\n|move|p1a: Mudsdale|Heavy Slam|p2a: Chimecho\n|-damage|p2a: Chimecho|154/290\n|\n|-heal|p2a: Chimecho|172/290|[from] item: Leftovers\n|-heal|p1a: Mudsdale|99/100|[from] item: Leftovers\n|upkeep\n|turn|16\n|inactive|Time left: 300 sec this turn | 300 sec total\n|\n|t:|1783557381\n|move|p2a: Chimecho|Recover|p2a: Chimecho\n|-heal|p2a: Chimecho|290/290\n|move|p1a: Mudsdale|Heavy Slam|p2a: Chimecho\n|-damage|p2a: Chimecho|142/290\n|\n|-heal|p2a: Chimecho|160/290|[from] item: Leftovers\n|-heal|p1a: Mudsdale|100/100|[from] item: Leftovers\n|upkeep\n|turn|17\n|inactive|Time left: 300 sec this turn | 300 sec total\n|\n|t:|1783557382\n|move|p2a: Chimecho|Recover|p2a: Chimecho\n|-heal|p2a: Chimecho|290/290\n|move|p1a: Mudsdale|Heavy Slam|p2a: Chimecho\n|-damage|p2a: Chimecho|152/290\n|\n|-heal|p2a: Chimecho|170/290|[from] item: Leftovers\n|upkeep\n|turn|18\n|inactive|Time left: 300 sec this turn | 300 sec total\n|\n|t:|1783557384\n|move|p2a: Chimecho|Calm Mind|p2a: Chimecho\n|-boost|p2a: Chimecho|spa|1\n|-boost|p2a: Chimecho|spd|1\n|move|p1a: Mudsdale|Heavy Slam|p2a: Chimecho\n|-damage|p2a: Chimecho|13/290\n|\n|-heal|p2a: Chimecho|31/290|[from] item: Leftovers\n|upkeep\n|turn|19\n|inactive|Time left: 300 sec this turn | 300 sec total\n|\n|t:|1783557385\n|move|p2a: Chimecho|Psyshock|p1a: Mudsdale\n|-resisted|p1a: Mudsdale\n|-damage|p1a: Mudsdale|88/100\n|-ability|p1a: Mudsdale|Stamina|boost\n|-boost|p1a: Mudsdale|def|1\n|move|p1a: Mudsdale|Heavy Slam|p2a: Chimecho\n|-damage|p2a: Chimecho|0 fnt\n|faint|p2a: Chimecho\n|\n|-heal|p1a: Mudsdale|94/100|[from] item: Leftovers\n|upkeep\n|inactive|Time left: 300 sec this turn | 300 sec total | 5 sec grace\n|\n|t:|1783557386\n|switch|p2a: Iron Moth|Iron Moth, L78|253/253\n|turn|20\n|inactive|Time left: 300 sec this turn | 300 sec total\n|\n|t:|1783557387\n|move|p2a: Iron Moth|Fire Blast|p1a: Mudsdale\n|-supereffective|p1a: Mudsdale\n|-damage|p1a: Mudsdale|0 fnt\n|faint|p1a: Mudsdale\n|\n|upkeep\n|\n|t:|1783557388\n|switch|p1a: Basculegion|Basculegion, L80, M|100/100\n|turn|21\n|inactive|Time left: 300 sec this turn | 300 sec total\n|\n|t:|1783557389\n|move|p2a: Iron Moth|Fire Blast|p1a: Basculegion\n|-resisted|p1a: Basculegion\n|-damage|p1a: Basculegion|76/100\n|-status|p1a: Basculegion|brn\n|move|p1a: Basculegion|Wave Crash|p2a: Iron Moth\n|-supereffective|p2a: Iron Moth\n|-damage|p2a: Iron Moth|0 fnt\n|faint|p2a: Iron Moth\n|-end|p2a: Iron Moth|Quark Drive|[silent]\n|-damage|p1a: Basculegion|50/100 brn|[from] Recoil\n|\n|-damage|p1a: Basculegion|44/100 brn|[from] brn\n|upkeep\n|inactive|Time left: 300 sec this turn | 300 sec total | 5 sec grace\n|\n|t:|1783557390\n|switch|p2a: Weavile|Weavile, L79, F|239/239\n|turn|22\n|inactive|Time left: 300 sec this turn | 300 sec total\n|\n|t:|1783557391\n|move|p2a: Weavile|Knock Off|p1a: Basculegion\n|-supereffective|p1a: Basculegion\n|-damage|p1a: Basculegion|0 fnt\n|-enditem|p1a: Basculegion|Assault Vest|[from] move: Knock Off|[of] p2a: Weavile\n|faint|p1a: Basculegion\n|\n|upkeep\n|\n|t:|1783557392\n|switch|p1a: Kingambit|Kingambit, L74, F|100/100\n|-activate|p1a: Kingambit|ability: Supreme Overlord\n|-start|p1a: Kingambit|fallen2|[silent]\n|turn|23\n|inactive|Time left: 300 sec this turn | 300 sec total\n|\n|t:|1783557393\n|switch|p2a: Ursaring|Ursaring, L84, F|188/288 slp\n|move|p1a: Kingambit|Iron Head|p2a: Ursaring\n|-damage|p2a: Ursaring|103/288 slp\n|\n|upkeep\n|turn|24\n|inactive|Time left: 300 sec this turn | 300 sec total\n|\n|t:|1783557394\n|cant|p2a: Ursaring|slp\n|move|p2a: Ursaring|Sleep Talk|p2a: Ursaring\n|move|p2a: Ursaring|Rest||[from] move: Sleep Talk|[still]\n|-fail|p2a: Ursaring\n|move|p1a: Kingambit|Swords Dance|p1a: Kingambit\n|-boost|p1a: Kingambit|atk|2\n|\n|upkeep\n|turn|25\n|inactive|Time left: 300 sec this turn | 300 sec total\n|\n|t:|1783557395\n|cant|p2a: Ursaring|slp\n|move|p2a: Ursaring|Sleep Talk|p2a: Ursaring\n|move|p2a: Ursaring|Earthquake|p1a: Kingambit|[from] move: Sleep Talk\n|-supereffective|p1a: Kingambit\n|-damage|p1a: Kingambit|10/100\n|move|p1a: Kingambit|Iron Head|p2a: Ursaring\n|-damage|p2a: Ursaring|0 fnt\n|faint|p2a: Ursaring\n|\n|-heal|p1a: Kingambit|16/100|[from] item: Leftovers\n|upkeep\n|inactive|Time left: 300 sec this turn | 300 sec total | 5 sec grace\n|\n|t:|1783557396\n|switch|p2a: Weavile|Weavile, L79, F|239/239\n|turn|26\n|inactive|Time left: 300 sec this turn | 300 sec total\n|\n|t:|1783557397\n|move|p1a: Kingambit|Sucker Punch|p2a: Weavile\n|-resisted|p2a: Weavile\n|-damage|p2a: Weavile|110/239\n|move|p2a: Weavile|Triple Axel|p1a: Kingambit\n|-resisted|p1a: Kingambit\n|-damage|p1a: Kingambit|10/100\n|-resisted|p1a: Kingambit\n|-damage|p1a: Kingambit|0 fnt\n|faint|p1a: Kingambit\n|-end|p1a: Kingambit|fallen2|[silent]\n|-hitcount|p1: Kingambit|2\n|\n|upkeep\n|\n|t:|1783557398\n|switch|p1a: Dragapult|Dragapult, L77, M|100/100\n|turn|27\n|inactive|Time left: 300 sec this turn | 300 sec total\n|\n|t:|1783557399\n|switch|p2a: Dedenne|Dedenne, L88, M|261/261\n|move|p1a: Dragapult|Draco Meteor|p2a: Dedenne\n|-immune|p2a: Dedenne\n|\n|upkeep\n|turn|28\n|inactive|Time left: 300 sec this turn | 300 sec total\n|\n|t:|1783557401\n|switch|p1a: Venomoth|Venomoth, L84, M|100/100\n|move|p2a: Dedenne|Dazzling Gleam|p1a: Venomoth\n|-resisted|p1a: Venomoth\n|-damage|p1a: Venomoth|82/100\n|\n|upkeep\n|turn|29\n|inactive|Time left: 300 sec this turn | 300 sec total\n|\n|t:|1783557402\n|switch|p2a: Oricorio|Oricorio-Pa'u, L87, F|272/272\n|move|p1a: Venomoth|Quiver Dance|p1a: Venomoth\n|-boost|p1a: Venomoth|spa|1\n|-boost|p1a: Venomoth|spd|1\n|-boost|p1a: Venomoth|spe|1\n|-activate|p2a: Oricorio|ability: Dancer\n|move|p2a: Oricorio|Quiver Dance|p2a: Oricorio|[from] ability: Dancer\n|-boost|p2a: Oricorio|spa|1\n|-boost|p2a: Oricorio|spd|1\n|-boost|p2a: Oricorio|spe|1\n|\n|upkeep\n|turn|30\n|inactive|Time left: 300 sec this turn | 300 sec total\n|\n|t:|1783557402\n|switch|p1a: Snorlax|Snorlax, L82, F|100/100 slp\n|move|p2a: Oricorio|Revelation Dance|p1a: Snorlax\n|-damage|p1a: Snorlax|69/100 slp\n|\n|-heal|p1a: Snorlax|75/100 slp|[from] item: Leftovers\n|upkeep\n|turn|31\n|inactive|Time left: 300 sec this turn | 300 sec total\n|\n|t:|1783557404\n|move|p2a: Oricorio|Quiver Dance|p2a: Oricorio\n|-boost|p2a: Oricorio|spa|1\n|-boost|p2a: Oricorio|spd|1\n|-boost|p2a: Oricorio|spe|1\n|cant|p1a: Snorlax|slp\n|move|p1a: Snorlax|Sleep Talk|p1a: Snorlax\n|move|p1a: Snorlax|Curse|p1a: Snorlax|[from] move: Sleep Talk\n|-unboost|p1a: Snorlax|spe|1\n|-boost|p1a: Snorlax|atk|1\n|-boost|p1a: Snorlax|def|1\n|\n|-heal|p1a: Snorlax|81/100 slp|[from] item: Leftovers\n|upkeep\n|turn|32\n|inactive|Time left: 300 sec this turn | 300 sec total\n|\n|t:|1783557405\n|move|p2a: Oricorio|Revelation Dance|p1a: Snorlax\n|-damage|p1a: Snorlax|35/100 slp\n|cant|p1a: Snorlax|slp\n|move|p1a: Snorlax|Sleep Talk|p1a: Snorlax\n|move|p1a: Snorlax|Body Slam|p2a: Oricorio|[from] move: Sleep Talk\n|-damage|p2a: Oricorio|119/272\n|\n|-heal|p1a: Snorlax|41/100 slp|[from] item: Leftovers\n|upkeep\n|turn|33\n|inactive|Time left: 300 sec this turn | 300 sec total\n|\n|t:|1783557406\n|move|p2a: Oricorio|Revelation Dance|p1a: Snorlax\n|-damage|p1a: Snorlax|1/100 slp\n|-curestatus|p1a: Snorlax|slp|[msg]\n|move|p1a: Snorlax|Body Slam|p2a: Oricorio\n|-damage|p2a: Oricorio|0 fnt\n|faint|p2a: Oricorio\n|\n|-heal|p1a: Snorlax|7/100|[from] item: Leftovers\n|upkeep\n|inactive|Time left: 300 sec this turn | 300 sec total | 5 sec grace\n|\n|t:|1783557407\n|switch|p2a: Weavile|Weavile, L79, F|110/239\n|turn|34\n|inactive|Time left: 300 sec this turn | 300 sec total\n|\n|t:|1783557408\n|move|p2a: Weavile|Ice Shard|p1a: Snorlax\n|-damage|p1a: Snorlax|0 fnt\n|faint|p1a: Snorlax\n|\n|upkeep\n|\n|t:|1783557409\n|switch|p1a: Dragapult|Dragapult, L77, M|100/100\n|turn|35\n|inactive|Time left: 300 sec this turn | 300 sec total\n|\n|t:|1783557410\n|-terastallize|p2a: Weavile|Ice\n|move|p2a: Weavile|Ice Shard|p1a: Dragapult\n|-supereffective|p1a: Dragapult\n|-damage|p1a: Dragapult|20/100\n|move|p1a: Dragapult|U-turn|p2a: Weavile\n|-damage|p2a: Weavile|49/239\n|\n|t:|1783557411\n|switch|p1a: Venomoth|Venomoth, L84, M|82/100|[from] U-turn\n|\n|upkeep\n|turn|36\n|inactive|Time left: 300 sec this turn | 300 sec total\n|\n|t:|1783557412\n|move|p2a: Weavile|Ice Shard|p1a: Venomoth\n|-damage|p1a: Venomoth|40/100\n|move|p1a: Venomoth|Sleep Powder|p2a: Weavile|[miss]\n|-miss|p1a: Venomoth|p2a: Weavile\n|\n|upkeep\n|turn|37\n|inactive|Time left: 300 sec this turn | 300 sec total\n|\n|t:|1783557413\n|move|p2a: Weavile|Ice Shard|p1a: Venomoth\n|-damage|p1a: Venomoth|0 fnt\n|faint|p1a: Venomoth\n|\n|upkeep\n|\n|t:|1783557414\n|switch|p1a: Dragapult|Dragapult, L77, M|20/100\n|turn|38\n|inactive|Time left: 300 sec this turn | 300 sec total\n|\n|t:|1783557414\n|move|p2a: Weavile|Ice Shard|p1a: Dragapult\n|-supereffective|p1a: Dragapult\n|-damage|p1a: Dragapult|0 fnt\n|faint|p1a: Dragapult\n|\n|win|p0y1569e27c", "uploadtime": 1783557414, "views": 0, "rating": 0, "private": 0, "password": null, "_winner": "p0y1569e27c", "_our_name": "p0y1569e27c"}