{"id": "battle-gen9randombattle-1012", "formatid": "gen9randombattle", "format": "[Gen 9] Random Battle", "players": ["p0x1012fef6", "p0y10127e0f"], "log": "|init|battle\n|title|p0x1012fef6 vs. p0y10127e0f\n|j|\u2606p0x1012fef6\n|j|\u2606p0y10127e0f\n|t:|1783551639\n|gametype|singles\n|player|p1|p0x1012fef6|102|\n|player|p2|p0y10127e0f|102|\n|gen|9\n|tier|[Gen 9] Random Battle\n|rule|Species Clause: Limit one of each Pok\u00e9mon\n|rule|HP Percentage Mod: HP is shown in percentages\n|rule|Sleep Clause Mod: Limit one foe put to sleep\n|rule|Illusion Level Mod: Illusion disguises the Pok\u00e9mon's true level\n|\n|t:|1783551639\n|teamsize|p1|6\n|teamsize|p2|6\n|start\n|switch|p1a: Chandelure|Chandelure, L83, M|235/235\n|switch|p2a: Iron Valiant|Iron Valiant, L78|100/100\n|turn|1\n|inactive|Battle timer is ON: inactive players will automatically lose when time's up. (requested by p0x1012fef6)\n|inactive|p0y10127e0f also wants the timer to be on.\n|\n|t:|1783551641\n|move|p1a: Chandelure|Fire Blast|p2a: Iron Valiant\n|-damage|p2a: Iron Valiant|4/100\n|move|p2a: Iron Valiant|Knock Off|p1a: Chandelure\n|-supereffective|p1a: Chandelure\n|-damage|p1a: Chandelure|37/235\n|-enditem|p1a: Chandelure|Choice Scarf|[from] move: Knock Off|[of] p2a: Iron Valiant\n|-damage|p2a: Iron Valiant|0 fnt|[from] item: Life Orb\n|faint|p2a: Iron Valiant\n|-end|p2a: Iron Valiant|Quark Drive|[silent]\n|\n|upkeep\n|\n|t:|1783551643\n|switch|p2a: Noctowl|Noctowl, L95, M|100/100\n|turn|2\n|inactive|Time left: 300 sec this turn | 300 sec total\n|\n|t:|1783551644\n|move|p2a: Noctowl|Calm Mind|p2a: Noctowl\n|-boost|p2a: Noctowl|spa|1\n|-boost|p2a: Noctowl|spd|1\n|move|p1a: Chandelure|Fire Blast|p2a: Noctowl\n|-damage|p2a: Noctowl|73/100\n|\n|upkeep\n|turn|3\n|inactive|Time left: 300 sec this turn | 300 sec total\n|\n|t:|1783551645\n|move|p2a: Noctowl|Calm Mind|p2a: Noctowl\n|-boost|p2a: Noctowl|spa|1\n|-boost|p2a: Noctowl|spd|1\n|move|p1a: Chandelure|Fire Blast|p2a: Noctowl\n|-damage|p2a: Noctowl|56/100\n|\n|upkeep\n|turn|4\n|inactive|Time left: 300 sec this turn | 300 sec total\n|\n|t:|1783551646\n|move|p2a: Noctowl|Hurricane|p1a: Chandelure\n|-damage|p1a: Chandelure|0 fnt\n|faint|p1a: Chandelure\n|\n|upkeep\n|inactive|Time left: 300 sec this turn | 300 sec total | 5 sec grace\n|\n|t:|1783551647\n|switch|p1a: Smeargle|Smeargle, L95, F|258/258\n|turn|5\n|inactive|Time left: 300 sec this turn | 300 sec total\n|\n|t:|1783551648\n|move|p1a: Smeargle|Population Bomb|p2a: Noctowl\n|-damage|p2a: Noctowl|49/100\n|-damage|p2a: Noctowl|44/100\n|-damage|p2a: Noctowl|38/100\n|-damage|p2a: Noctowl|33/100\n|-damage|p2a: Noctowl|27/100\n|-damage|p2a: Noctowl|21/100\n|-damage|p2a: Noctowl|16/100\n|-damage|p2a: Noctowl|10/100\n|-damage|p2a: Noctowl|3/100\n|-damage|p2a: Noctowl|0 fnt\n|faint|p2a: Noctowl\n|-hitcount|p2: Noctowl|10\n|\n|upkeep\n|\n|t:|1783551649\n|switch|p2a: Scovillain|Scovillain, L91, M|100/100\n|turn|6\n|inactive|Time left: 300 sec this turn | 300 sec total\n|\n|t:|1783551650\n|switch|p1a: Lugia|Lugia, L73|275/275\n|move|p2a: Scovillain|Flamethrower|p1a: Lugia\n|-damage|p1a: Lugia|227/275\n|\n|upkeep\n|turn|7\n|inactive|Time left: 300 sec this turn | 300 sec total\n|\n|t:|1783551651\n|move|p1a: Lugia|Calm Mind|p1a: Lugia\n|-boost|p1a: Lugia|spa|1\n|-boost|p1a: Lugia|spd|1\n|move|p2a: Scovillain|Leech Seed|p1a: Lugia\n|-start|p1a: Lugia|move: Leech Seed\n|\n|-damage|p1a: Lugia|193/275|[from] Leech Seed|[of] p2a: Scovillain\n|upkeep\n|turn|8\n|inactive|Time left: 300 sec this turn | 300 sec total\n|\n|t:|1783551652\n|switch|p2a: Banette|Banette, L93, F|100/100\n|move|p1a: Lugia|Calm Mind|p1a: Lugia\n|-boost|p1a: Lugia|spa|1\n|-boost|p1a: Lugia|spd|1\n|\n|-damage|p1a: Lugia|159/275|[from] Leech Seed|[of] p2a: Banette\n|upkeep\n|turn|9\n|inactive|Time left: 300 sec this turn | 300 sec total\n|\n|t:|1783551653\n|move|p1a: Lugia|Aeroblast|p2a: Banette\n|-damage|p2a: Banette|30/100\n|move|p2a: Banette|Poltergeist|p1a: Lugia\n|-activate|p1a: Lugia|move: Poltergeist|Heavy-Duty Boots\n|-supereffective|p1a: Lugia\n|-damage|p1a: Lugia|0 fnt\n|faint|p1a: Lugia\n|-damage|p2a: Banette|20/100|[from] item: Life Orb\n|\n|upkeep\n|inactive|Time left: 300 sec this turn | 300 sec total | 5 sec grace\n|\n|t:|1783551654\n|switch|p1a: Vileplume|Vileplume, L85, M|266/266\n|turn|10\n|inactive|Time left: 300 sec this turn | 300 sec total\n|\n|t:|1783551655\n|-terastallize|p2a: Banette|Ghost\n|move|p2a: Banette|Poltergeist|p1a: Vileplume|[miss]\n|-miss|p2a: Banette|p1a: Vileplume\n|move|p1a: Vileplume|Giga Drain|p2a: Banette\n|-damage|p2a: Banette|0 fnt\n|faint|p2a: Banette\n|\n|upkeep\n|\n|t:|1783551656\n|switch|p2a: Scovillain|Scovillain, L91, M|100/100\n|turn|11\n|inactive|Time left: 300 sec this turn | 300 sec total\n|\n|t:|1783551656\n|move|p2a: Scovillain|Substitute|p2a: Scovillain\n|-start|p2a: Scovillain|Substitute\n|-damage|p2a: Scovillain|76/100\n|move|p1a: Vileplume|Sludge Bomb|p2a: Scovillain\n|-supereffective|p2a: Scovillain\n|-end|p2a: Scovillain|Substitute\n|\n|-heal|p2a: Scovillain|82/100|[from] item: Leftovers\n|upkeep\n|turn|12\n|inactive|Time left: 300 sec this turn | 300 sec total\n|\n|t:|1783551657\n|move|p2a: Scovillain|Flamethrower|p1a: Vileplume\n|-supereffective|p1a: Vileplume\n|-damage|p1a: Vileplume|32/266\n|move|p1a: Vileplume|Sludge Bomb|p2a: Scovillain\n|-supereffective|p2a: Scovillain\n|-damage|p2a: Scovillain|0 fnt\n|faint|p2a: Scovillain\n|\n|-heal|p1a: Vileplume|48/266|[from] item: Leftovers\n|upkeep\n|\n|t:|1783551658\n|switch|p2a: Annihilape|Annihilape, L76, M|100/100\n|turn|13\n|inactive|Time left: 300 sec this turn | 300 sec total\n|\n|t:|1783551659\n|switch|p1a: Smeargle|Smeargle, L95, F|258/258\n|move|p2a: Annihilape|Gunk Shot|p1a: Smeargle|[miss]\n|-miss|p2a: Annihilape|p1a: Smeargle\n|\n|upkeep\n|turn|14\n|inactive|Time left: 300 sec this turn | 300 sec total\n|\n|t:|1783551660\n|move|p1a: Smeargle|Spore|p2a: Annihilape\n|-status|p2a: Annihilape|slp|[from] move: Spore\n|cant|p2a: Annihilape|slp\n|\n|upkeep\n|turn|15\n|inactive|Time left: 300 sec this turn | 300 sec total\n|\n|t:|1783551661\n|move|p1a: Smeargle|Shell Smash|p1a: Smeargle\n|-unboost|p1a: Smeargle|def|1\n|-unboost|p1a: Smeargle|spd|1\n|-boost|p1a: Smeargle|atk|2\n|-boost|p1a: Smeargle|spa|2\n|-boost|p1a: Smeargle|spe|2\n|cant|p2a: Annihilape|slp\n|\n|upkeep\n|turn|16\n|inactive|Time left: 300 sec this turn | 300 sec total\n|\n|t:|1783551662\n|move|p1a: Smeargle|Shell Smash|p1a: Smeargle\n|-unboost|p1a: Smeargle|def|1\n|-unboost|p1a: Smeargle|spd|1\n|-boost|p1a: Smeargle|atk|2\n|-boost|p1a: Smeargle|spa|2\n|-boost|p1a: Smeargle|spe|2\n|-curestatus|p2a: Annihilape|slp|[msg]\n|move|p2a: Annihilape|Drain Punch|p1a: Smeargle\n|-supereffective|p1a: Smeargle\n|-damage|p1a: Smeargle|0 fnt\n|faint|p1a: Smeargle\n|\n|upkeep\n|inactive|Time left: 300 sec this turn | 300 sec total | 5 sec grace\n|\n|t:|1783551663\n|switch|p1a: Deoxys|Deoxys-Speed, L82|216/216\n|-ability|p1a: Deoxys|Pressure\n|turn|17\n|inactive|Time left: 300 sec this turn | 300 sec total\n|\n|t:|1783551664\n|switch|p2a: Scizor|Scizor, L79, F|100/100\n|move|p1a: Deoxys|Psycho Boost|p2a: Scizor|[miss]\n|-miss|p1a: Deoxys|p2a: Scizor\n|\n|upkeep\n|turn|18\n|inactive|Time left: 300 sec this turn | 300 sec total\n|\n|t:|1783551665\n|-terastallize|p1a: Deoxys|Fighting\n|move|p1a: Deoxys|Nasty Plot|p1a: Deoxys\n|-boost|p1a: Deoxys|spa|2\n|move|p2a: Scizor|U-turn|p1a: Deoxys\n|-resisted|p1a: Deoxys\n|-damage|p1a: Deoxys|176/216\n|\n|t:|1783551667\n|switch|p2a: Annihilape|Annihilape, L76, M|100/100|[from] U-turn\n|\n|upkeep\n|turn|19\n|inactive|Time left: 300 sec this turn | 300 sec total\n|\n|t:|1783551668\n|switch|p2a: Scizor|Scizor, L79, F|100/100\n|move|p1a: Deoxys|Psycho Boost|p2a: Scizor\n|-resisted|p2a: Scizor\n|-damage|p2a: Scizor|15/100\n|-unboost|p1a: Deoxys|spa|2\n|-damage|p1a: Deoxys|155/216|[from] item: Life Orb\n|\n|-heal|p2a: Scizor|22/100|[from] item: Leftovers\n|upkeep\n|turn|20\n|inactive|Time left: 300 sec this turn | 300 sec total\n|\n|t:|1783551669\n|switch|p2a: Annihilape|Annihilape, L76, M|100/100\n|move|p1a: Deoxys|Dark Pulse|p2a: Annihilape\n|-damage|p2a: Annihilape|72/100\n|-damage|p1a: Deoxys|134/216|[from] item: Life Orb\n|\n|-heal|p2a: Annihilape|79/100|[from] item: Leftovers\n|upkeep\n|turn|21\n|inactive|Time left: 300 sec this turn | 300 sec total\n|\n|t:|1783551670\n|switch|p2a: Scizor|Scizor, L79, F|22/100\n|move|p1a: Deoxys|Psycho Boost|p2a: Scizor\n|-resisted|p2a: Scizor\n|-damage|p2a: Scizor|0 fnt\n|-unboost|p1a: Deoxys|spa|2\n|faint|p2a: Scizor\n|-damage|p1a: Deoxys|113/216|[from] item: Life Orb\n|\n|upkeep\n|\n|t:|1783551671\n|switch|p2a: Annihilape|Annihilape, L76, M|79/100\n|turn|22\n|inactive|Time left: 300 sec this turn | 300 sec total\n|\n|t:|1783551672\n|move|p1a: Deoxys|Psycho Boost|p2a: Annihilape|[miss]\n|-miss|p1a: Deoxys|p2a: Annihilape\n|move|p2a: Annihilape|Bulk Up|p2a: Annihilape\n|-boost|p2a: Annihilape|atk|1\n|-boost|p2a: Annihilape|def|1\n|\n|-heal|p2a: Annihilape|85/100|[from] item: Leftovers\n|upkeep\n|turn|23\n|inactive|Time left: 300 sec this turn | 300 sec total\n|\n|t:|1783551673\n|move|p1a: Deoxys|Psycho Boost|p2a: Annihilape\n|-supereffective|p2a: Annihilape\n|-damage|p2a: Annihilape|20/100\n|-unboost|p1a: Deoxys|spa|2\n|-damage|p1a: Deoxys|92/216|[from] item: Life Orb\n|move|p2a: Annihilape|Bulk Up|p2a: Annihilape\n|-boost|p2a: Annihilape|atk|1\n|-boost|p2a: Annihilape|def|1\n|\n|-heal|p2a: Annihilape|26/100|[from] item: Leftovers\n|upkeep\n|turn|24\n|inactive|Time left: 300 sec this turn | 300 sec total\n|\n|t:|1783551674\n|move|p1a: Deoxys|Psycho Boost|p2a: Annihilape\n|-supereffective|p2a: Annihilape\n|-damage|p2a: Annihilape|0 fnt\n|-unboost|p1a: Deoxys|spa|2\n|faint|p2a: Annihilape\n|-damage|p1a: Deoxys|71/216|[from] item: Life Orb\n|\n|win|p0x1012fef6", "uploadtime": 1783551674, "views": 0, "rating": 0, "private": 0, "password": null, "_winner": "p0x1012fef6", "_our_name": "p0x1012fef6"}