{"id": "battle-gen9randombattle-852", "formatid": "gen9randombattle", "format": "[Gen 9] Random Battle", "players": ["p0x85228b1", "p0y8529560"], "log": "|init|battle\n|title|p0x85228b1 vs. p0y8529560\n|j|\u2606p0x85228b1\n|j|\u2606p0y8529560\n|t:|1783549018\n|gametype|singles\n|player|p1|p0x85228b1|101|\n|player|p2|p0y8529560|1|\n|gen|9\n|tier|[Gen 9] Random Battle\n|rule|Species Clause: Limit one of each Pok\u00e9mon\n|rule|HP Percentage Mod: HP is shown in percentages\n|rule|Sleep Clause Mod: Limit one foe put to sleep\n|rule|Illusion Level Mod: Illusion disguises the Pok\u00e9mon's true level\n|\n|t:|1783549018\n|teamsize|p1|6\n|teamsize|p2|6\n|start\n|switch|p1a: Cyclizar|Cyclizar, L84, M|100/100\n|switch|p2a: Clefable|Clefable, L83, M|293/293\n|turn|1\n|inactive|Battle timer is ON: inactive players will automatically lose when time's up. (requested by p0x85228b1)\n|inactive|Time left: 300 sec this turn | 300 sec total | 60 sec grace\n|inactive|p0y8529560 also wants the timer to be on.\n|\n|t:|1783549019\n|move|p1a: Cyclizar|Shed Tail|p1a: Cyclizar\n|-start|p1a: Cyclizar|Substitute|[from] move: Shed Tail\n|-damage|p1a: Cyclizar|50/100\n|\n|t:|1783549020\n|switch|p1a: Galvantula|Galvantula, L82, F|100/100|[from] Shed Tail\n|move|p2a: Clefable|Moonblast|p1a: Galvantula\n|-end|p1a: Galvantula|Substitute\n|\n|upkeep\n|turn|2\n|inactive|Time left: 300 sec this turn | 300 sec total\n|\n|t:|1783549021\n|move|p1a: Galvantula|Sticky Web|p2a: Clefable\n|-sidestart|p2: p0y8529560|move: Sticky Web\n|move|p2a: Clefable|Moonblast|p1a: Galvantula\n|-damage|p1a: Galvantula|33/100\n|\n|upkeep\n|turn|3\n|inactive|Time left: 300 sec this turn | 300 sec total\n|\n|t:|1783549023\n|switch|p1a: Dunsparce|Dunsparce, L86, F|100/100\n|move|p2a: Clefable|Moonblast|p1a: Dunsparce\n|-damage|p1a: Dunsparce|66/100\n|\n|upkeep\n|turn|4\n|inactive|Time left: 300 sec this turn | 300 sec total\n|\n|t:|1783549024\n|move|p2a: Clefable|Calm Mind|p2a: Clefable\n|-boost|p2a: Clefable|spa|1\n|-boost|p2a: Clefable|spd|1\n|move|p1a: Dunsparce|Coil|p1a: Dunsparce\n|-boost|p1a: Dunsparce|atk|1\n|-boost|p1a: Dunsparce|def|1\n|-boost|p1a: Dunsparce|accuracy|1\n|\n|upkeep\n|turn|5\n|inactive|Time left: 300 sec this turn | 300 sec total\n|\n|t:|1783549025\n|move|p2a: Clefable|Moonblast|p1a: Dunsparce\n|-damage|p1a: Dunsparce|18/100\n|move|p1a: Dunsparce|Roost|p1a: Dunsparce\n|-heal|p1a: Dunsparce|68/100\n|-singleturn|p1a: Dunsparce|move: Roost\n|\n|upkeep\n|turn|6\n|inactive|Time left: 300 sec this turn | 300 sec total\n|\n|t:|1783549026\n|move|p2a: Clefable|Moonblast|p1a: Dunsparce\n|-damage|p1a: Dunsparce|18/100\n|move|p1a: Dunsparce|Roost|p1a: Dunsparce\n|-heal|p1a: Dunsparce|68/100\n|-singleturn|p1a: Dunsparce|move: Roost\n|\n|upkeep\n|turn|7\n|inactive|Time left: 300 sec this turn | 300 sec total\n|\n|t:|1783549028\n|move|p2a: Clefable|Moonblast|p1a: Dunsparce\n|-damage|p1a: Dunsparce|20/100\n|-unboost|p1a: Dunsparce|spa|1\n|move|p1a: Dunsparce|Body Slam|p2a: Clefable\n|-damage|p2a: Clefable|175/293\n|-status|p2a: Clefable|par\n|\n|upkeep\n|turn|8\n|inactive|Time left: 300 sec this turn | 300 sec total\n|\n|t:|1783549029\n|move|p1a: Dunsparce|Roost|p1a: Dunsparce\n|-heal|p1a: Dunsparce|70/100\n|-singleturn|p1a: Dunsparce|move: Roost\n|move|p2a: Clefable|Moonblast|p1a: Dunsparce\n|-damage|p1a: Dunsparce|19/100\n|\n|upkeep\n|turn|9\n|inactive|Time left: 300 sec this turn | 300 sec total\n|\n|t:|1783549030\n|move|p1a: Dunsparce|Roost|p1a: Dunsparce\n|-heal|p1a: Dunsparce|69/100\n|-singleturn|p1a: Dunsparce|move: Roost\n|move|p2a: Clefable|Moonblast|p1a: Dunsparce\n|-damage|p1a: Dunsparce|23/100\n|\n|upkeep\n|turn|10\n|inactive|Time left: 300 sec this turn | 300 sec total\n|\n|t:|1783549031\n|move|p1a: Dunsparce|Roost|p1a: Dunsparce\n|-heal|p1a: Dunsparce|73/100\n|-singleturn|p1a: Dunsparce|move: Roost\n|cant|p2a: Clefable|par\n|\n|upkeep\n|turn|11\n|inactive|Time left: 300 sec this turn | 300 sec total\n|\n|t:|1783549032\n|move|p1a: Dunsparce|Earthquake|p2a: Clefable\n|-damage|p2a: Clefable|81/293 par\n|move|p2a: Clefable|Moonlight|p2a: Clefable\n|-heal|p2a: Clefable|227/293 par\n|\n|upkeep\n|turn|12\n|inactive|Time left: 300 sec this turn | 300 sec total\n|\n|t:|1783549034\n|move|p1a: Dunsparce|Body Slam|p2a: Clefable\n|-crit|p2a: Clefable\n|-damage|p2a: Clefable|28/293 par\n|move|p2a: Clefable|Moonblast|p1a: Dunsparce\n|-damage|p1a: Dunsparce|20/100\n|-unboost|p1a: Dunsparce|spa|1\n|\n|upkeep\n|turn|13\n|inactive|Time left: 300 sec this turn | 300 sec total\n|\n|t:|1783549035\n|move|p1a: Dunsparce|Earthquake|p2a: Clefable\n|-damage|p2a: Clefable|0 fnt\n|faint|p2a: Clefable\n|\n|upkeep\n|inactive|Time left: 300 sec this turn | 300 sec total | 5 sec grace\n|\n|t:|1783549036\n|switch|p2a: Kyogre|Kyogre, L71|259/259\n|-activate|p2a: Kyogre|move: Sticky Web\n|-unboost|p2a: Kyogre|spe|1\n|-weather|RainDance|[from] ability: Drizzle|[of] p2a: Kyogre\n|turn|14\n|inactive|Time left: 300 sec this turn | 300 sec total\n|\n|t:|1783549037\n|move|p2a: Kyogre|Water Spout|p1a: Dunsparce\n|-damage|p1a: Dunsparce|0 fnt\n|faint|p1a: Dunsparce\n|\n|-weather|RainDance|[upkeep]\n|upkeep\n|\n|t:|1783549038\n|switch|p1a: Feraligatr|Feraligatr, L79, F|100/100\n|turn|15\n|inactive|Time left: 300 sec this turn | 300 sec total\n|\n|t:|1783549039\n|move|p1a: Feraligatr|Liquidation|p2a: Kyogre\n|-resisted|p2a: Kyogre\n|-damage|p2a: Kyogre|130/259\n|move|p2a: Kyogre|Water Spout|p1a: Feraligatr\n|-resisted|p1a: Feraligatr\n|-damage|p1a: Feraligatr|76/100\n|\n|-weather|RainDance|[upkeep]\n|upkeep\n|turn|16\n|inactive|Time left: 300 sec this turn | 300 sec total\n|\n|t:|1783549041\n|move|p1a: Feraligatr|Liquidation|p2a: Kyogre\n|-resisted|p2a: Kyogre\n|-damage|p2a: Kyogre|8/259\n|move|p2a: Kyogre|Water Spout|p1a: Feraligatr\n|-resisted|p1a: Feraligatr\n|-damage|p1a: Feraligatr|75/100\n|\n|-weather|RainDance|[upkeep]\n|upkeep\n|turn|17\n|inactive|Time left: 300 sec this turn | 300 sec total\n|\n|t:|1783549042\n|move|p1a: Feraligatr|Dragon Dance|p1a: Feraligatr\n|-boost|p1a: Feraligatr|atk|1\n|-boost|p1a: Feraligatr|spe|1\n|move|p2a: Kyogre|Water Spout|p1a: Feraligatr\n|-resisted|p1a: Feraligatr\n|-damage|p1a: Feraligatr|73/100\n|\n|-weather|RainDance|[upkeep]\n|upkeep\n|turn|18\n|inactive|Time left: 300 sec this turn | 300 sec total\n|\n|t:|1783549043\n|move|p1a: Feraligatr|Dragon Dance|p1a: Feraligatr\n|-boost|p1a: Feraligatr|atk|1\n|-boost|p1a: Feraligatr|spe|1\n|move|p2a: Kyogre|Water Spout|p1a: Feraligatr\n|-resisted|p1a: Feraligatr\n|-damage|p1a: Feraligatr|72/100\n|\n|-weather|none\n|upkeep\n|turn|19\n|inactive|Time left: 300 sec this turn | 300 sec total\n|\n|t:|1783549044\n|move|p1a: Feraligatr|Dragon Dance|p1a: Feraligatr\n|-boost|p1a: Feraligatr|atk|1\n|-boost|p1a: Feraligatr|spe|1\n|move|p2a: Kyogre|Water Spout|p1a: Feraligatr\n|-resisted|p1a: Feraligatr\n|-damage|p1a: Feraligatr|71/100\n|\n|upkeep\n|turn|20\n|inactive|Time left: 300 sec this turn | 300 sec total\n|\n|t:|1783549045\n|move|p1a: Feraligatr|Dragon Dance|p1a: Feraligatr\n|-boost|p1a: Feraligatr|atk|1\n|-boost|p1a: Feraligatr|spe|1\n|move|p2a: Kyogre|Water Spout|p1a: Feraligatr\n|-resisted|p1a: Feraligatr\n|-damage|p1a: Feraligatr|69/100\n|\n|upkeep\n|turn|21\n|inactive|Time left: 300 sec this turn | 300 sec total\n|\n|t:|1783549046\n|move|p1a: Feraligatr|Liquidation|p2a: Kyogre\n|-resisted|p2a: Kyogre\n|-damage|p2a: Kyogre|0 fnt\n|faint|p2a: Kyogre\n|\n|upkeep\n|inactive|Time left: 300 sec this turn | 300 sec total | 5 sec grace\n|\n|t:|1783549047\n|switch|p2a: Gardevoir|Gardevoir, L83, F|249/249\n|-activate|p2a: Gardevoir|move: Sticky Web\n|-unboost|p2a: Gardevoir|spe|1\n|-ability|p2a: Gardevoir|Sheer Force|Trace|[from] ability: Trace|[of] p1a: Feraligatr\n|turn|22\n|inactive|Time left: 300 sec this turn | 300 sec total\n|\n|t:|1783549048\n|switch|p2a: Magmortar|Magmortar, L88, M|275/275\n|move|p1a: Feraligatr|Liquidation|p2a: Magmortar\n|-supereffective|p2a: Magmortar\n|-damage|p2a: Magmortar|0 fnt\n|faint|p2a: Magmortar\n|\n|upkeep\n|inactive|Time left: 300 sec this turn | 300 sec total | 5 sec grace\n|\n|t:|1783549048\n|switch|p2a: Darkrai|Darkrai, L77|234/234\n|-activate|p2a: Darkrai|move: Sticky Web\n|-unboost|p2a: Darkrai|spe|1\n|turn|23\n|inactive|Time left: 300 sec this turn | 300 sec total\n|\n|t:|1783549049\n|move|p1a: Feraligatr|Liquidation|p2a: Darkrai\n|-damage|p2a: Darkrai|0 fnt\n|faint|p2a: Darkrai\n|\n|upkeep\n|inactive|Time left: 300 sec this turn | 300 sec total | 5 sec grace\n|\n|t:|1783549050\n|switch|p2a: Gardevoir|Gardevoir, L83, F|249/249\n|-activate|p2a: Gardevoir|move: Sticky Web\n|-unboost|p2a: Gardevoir|spe|1\n|-ability|p2a: Gardevoir|Sheer Force|Trace|[from] ability: Trace|[of] p1a: Feraligatr\n|turn|24\n|inactive|Time left: 300 sec this turn | 300 sec total\n|\n|t:|1783549051\n|move|p1a: Feraligatr|Liquidation|p2a: Gardevoir\n|-damage|p2a: Gardevoir|0 fnt\n|faint|p2a: Gardevoir\n|\n|upkeep\n|inactive|Time left: 300 sec this turn | 300 sec total | 5 sec grace\n|\n|t:|1783549052\n|switch|p2a: Spidops|Spidops, L96, M|271/271\n|turn|25\n|inactive|Time left: 300 sec this turn | 300 sec total\n|\n|t:|1783549053\n|move|p1a: Feraligatr|Liquidation|p2a: Spidops\n|-damage|p2a: Spidops|0 fnt\n|faint|p2a: Spidops\n|\n|win|p0x85228b1", "uploadtime": 1783549053, "views": 0, "rating": 0, "private": 0, "password": null, "_winner": "p0x85228b1", "_our_name": "p0y8529560"}