{"id": "battle-gen9randombattle-618", "formatid": "gen9randombattle", "format": "[Gen 9] Random Battle", "players": ["p0x618a90c", "p0y618c0c0"], "log": "|init|battle\n|title|p0x618a90c vs. p0y618c0c0\n|j|\u2606p0x618a90c\n|j|\u2606p0y618c0c0\n|t:|1783546267\n|gametype|singles\n|player|p1|p0x618a90c|170|\n|player|p2|p0y618c0c0|101|\n|gen|9\n|tier|[Gen 9] Random Battle\n|rule|Species Clause: Limit one of each Pok\u00e9mon\n|rule|HP Percentage Mod: HP is shown in percentages\n|rule|Sleep Clause Mod: Limit one foe put to sleep\n|rule|Illusion Level Mod: Illusion disguises the Pok\u00e9mon's true level\n|\n|t:|1783546267\n|teamsize|p1|6\n|teamsize|p2|6\n|start\n|switch|p1a: Toxapex|Toxapex, L82, M|100/100\n|switch|p2a: Dondozo|Dondozo, L78, F|362/362\n|turn|1\n|inactive|Battle timer is ON: inactive players will automatically lose when time's up. (requested by p0x618a90c)\n|inactive|Time left: 300 sec this turn | 300 sec total | 60 sec grace\n|inactive|p0y618c0c0 also wants the timer to be on.\n|\n|t:|1783546269\n|switch|p2a: Rhyperior|Rhyperior, L82, F|323/323\n|move|p1a: Toxapex|Toxic Spikes|p2a: Rhyperior\n|-sidestart|p2: p0y618c0c0|move: Toxic Spikes\n|\n|upkeep\n|turn|2\n|inactive|Time left: 300 sec this turn | 300 sec total\n|\n|t:|1783546271\n|switch|p1a: Dudunsparce|Dudunsparce-Three-Segment, L83, F|100/100\n|move|p2a: Rhyperior|Earthquake|p1a: Dudunsparce\n|-damage|p1a: Dudunsparce|59/100\n|\n|-heal|p1a: Dudunsparce|65/100|[from] item: Leftovers\n|upkeep\n|turn|3\n|inactive|Time left: 300 sec this turn | 300 sec total\n|\n|t:|1783546272\n|move|p1a: Dudunsparce|Roost|p1a: Dudunsparce\n|-heal|p1a: Dudunsparce|100/100\n|-singleturn|p1a: Dudunsparce|move: Roost\n|move|p2a: Rhyperior|Stone Edge|p1a: Dudunsparce\n|-damage|p1a: Dudunsparce|61/100\n|\n|-heal|p1a: Dudunsparce|67/100|[from] item: Leftovers\n|upkeep\n|turn|4\n|inactive|Time left: 300 sec this turn | 300 sec total\n|\n|t:|1783546273\n|move|p1a: Dudunsparce|Toxic|p2a: Rhyperior\n|-status|p2a: Rhyperior|tox\n|move|p2a: Rhyperior|Earthquake|p1a: Dudunsparce\n|-damage|p1a: Dudunsparce|24/100\n|\n|-heal|p1a: Dudunsparce|31/100|[from] item: Leftovers\n|-damage|p2a: Rhyperior|303/323 tox|[from] psn\n|upkeep\n|turn|5\n|inactive|Time left: 300 sec this turn | 300 sec total\n|\n|t:|1783546274\n|move|p1a: Dudunsparce|Roost|p1a: Dudunsparce\n|-heal|p1a: Dudunsparce|81/100\n|-singleturn|p1a: Dudunsparce|move: Roost\n|move|p2a: Rhyperior|Stone Edge|p1a: Dudunsparce|[miss]\n|-miss|p2a: Rhyperior|p1a: Dudunsparce\n|\n|-heal|p1a: Dudunsparce|87/100|[from] item: Leftovers\n|-damage|p2a: Rhyperior|263/323 tox|[from] psn\n|upkeep\n|turn|6\n|inactive|Time left: 300 sec this turn | 300 sec total\n|\n|t:|1783546275\n|move|p1a: Dudunsparce|Boomburst|p2a: Rhyperior\n|-resisted|p2a: Rhyperior\n|-damage|p2a: Rhyperior|163/323 tox\n|move|p2a: Rhyperior|Stone Edge|p1a: Dudunsparce\n|-damage|p1a: Dudunsparce|44/100\n|\n|-heal|p1a: Dudunsparce|50/100|[from] item: Leftovers\n|-damage|p2a: Rhyperior|103/323 tox|[from] psn\n|upkeep\n|turn|7\n|inactive|Time left: 300 sec this turn | 300 sec total\n|\n|t:|1783546276\n|move|p1a: Dudunsparce|Roost|p1a: Dudunsparce\n|-heal|p1a: Dudunsparce|99/100\n|-singleturn|p1a: Dudunsparce|move: Roost\n|move|p2a: Rhyperior|Earthquake|p1a: Dudunsparce\n|-damage|p1a: Dudunsparce|57/100\n|\n|-heal|p1a: Dudunsparce|63/100|[from] item: Leftovers\n|-damage|p2a: Rhyperior|23/323 tox|[from] psn\n|upkeep\n|turn|8\n|inactive|Time left: 300 sec this turn | 300 sec total\n|\n|t:|1783546277\n|switch|p2a: Bronzong|Bronzong, L88|261/261\n|move|p1a: Dudunsparce|Boomburst|p2a: Bronzong\n|-resisted|p2a: Bronzong\n|-damage|p2a: Bronzong|214/261\n|\n|-heal|p1a: Dudunsparce|69/100|[from] item: Leftovers\n|-heal|p2a: Bronzong|230/261|[from] item: Leftovers\n|upkeep\n|turn|9\n|inactive|Time left: 300 sec this turn | 300 sec total\n|\n|t:|1783546279\n|move|p1a: Dudunsparce|Boomburst|p2a: Bronzong\n|-resisted|p2a: Bronzong\n|-damage|p2a: Bronzong|180/261\n|move|p2a: Bronzong|Stealth Rock|p1a: Dudunsparce\n|-sidestart|p1: p0x618a90c|move: Stealth Rock\n|\n|-heal|p1a: Dudunsparce|75/100|[from] item: Leftovers\n|-heal|p2a: Bronzong|196/261|[from] item: Leftovers\n|upkeep\n|turn|10\n|inactive|Time left: 300 sec this turn | 300 sec total\n|\n|t:|1783546280\n|move|p1a: Dudunsparce|Boomburst|p2a: Bronzong\n|-resisted|p2a: Bronzong\n|-damage|p2a: Bronzong|148/261\n|move|p2a: Bronzong|Iron Head|p1a: Dudunsparce\n|-damage|p1a: Dudunsparce|45/100\n|\n|-heal|p1a: Dudunsparce|52/100|[from] item: Leftovers\n|-heal|p2a: Bronzong|164/261|[from] item: Leftovers\n|upkeep\n|turn|11\n|inactive|Time left: 300 sec this turn | 300 sec total\n|\n|t:|1783546281\n|move|p1a: Dudunsparce|Roost|p1a: Dudunsparce\n|-heal|p1a: Dudunsparce|100/100\n|-singleturn|p1a: Dudunsparce|move: Roost\n|move|p2a: Bronzong|Psychic Noise|p1a: Dudunsparce\n|-damage|p1a: Dudunsparce|74/100\n|-start|p1a: Dudunsparce|move: Heal Block\n|\n|-heal|p2a: Bronzong|180/261|[from] item: Leftovers\n|upkeep\n|turn|12\n|inactive|Time left: 300 sec this turn | 300 sec total\n|\n|t:|1783546282\n|move|p1a: Dudunsparce|Boomburst|p2a: Bronzong\n|-resisted|p2a: Bronzong\n|-damage|p2a: Bronzong|126/261\n|move|p2a: Bronzong|Iron Head|p1a: Dudunsparce\n|-damage|p1a: Dudunsparce|43/100\n|\n|-heal|p2a: Bronzong|142/261|[from] item: Leftovers\n|-end|p1a: Dudunsparce|move: Heal Block\n|upkeep\n|turn|13\n|inactive|Time left: 300 sec this turn | 300 sec total\n|\n|t:|1783546283\n|move|p1a: Dudunsparce|Roost|p1a: Dudunsparce\n|-heal|p1a: Dudunsparce|94/100\n|-singleturn|p1a: Dudunsparce|move: Roost\n|move|p2a: Bronzong|Psychic Noise|p1a: Dudunsparce\n|-damage|p1a: Dudunsparce|66/100\n|-start|p1a: Dudunsparce|move: Heal Block\n|\n|-heal|p2a: Bronzong|158/261|[from] item: Leftovers\n|upkeep\n|turn|14\n|inactive|Time left: 300 sec this turn | 300 sec total\n|\n|t:|1783546285\n|move|p1a: Dudunsparce|Boomburst|p2a: Bronzong\n|-resisted|p2a: Bronzong\n|-damage|p2a: Bronzong|110/261\n|move|p2a: Bronzong|Iron Head|p1a: Dudunsparce\n|-damage|p1a: Dudunsparce|38/100\n|\n|-heal|p2a: Bronzong|126/261|[from] item: Leftovers\n|-end|p1a: Dudunsparce|move: Heal Block\n|upkeep\n|turn|15\n|inactive|Time left: 300 sec this turn | 300 sec total\n|\n|t:|1783546286\n|move|p1a: Dudunsparce|Roost|p1a: Dudunsparce\n|-heal|p1a: Dudunsparce|88/100\n|-singleturn|p1a: Dudunsparce|move: Roost\n|move|p2a: Bronzong|Psychic Noise|p1a: Dudunsparce\n|-damage|p1a: Dudunsparce|63/100\n|-start|p1a: Dudunsparce|move: Heal Block\n|\n|-heal|p2a: Bronzong|142/261|[from] item: Leftovers\n|upkeep\n|turn|16\n|inactive|Time left: 300 sec this turn | 300 sec total\n|\n|t:|1783546286\n|move|p1a: Dudunsparce|Boomburst|p2a: Bronzong\n|-resisted|p2a: Bronzong\n|-damage|p2a: Bronzong|93/261\n|move|p2a: Bronzong|Iron Head|p1a: Dudunsparce\n|-damage|p1a: Dudunsparce|36/100\n|\n|-heal|p2a: Bronzong|109/261|[from] item: Leftovers\n|-end|p1a: Dudunsparce|move: Heal Block\n|upkeep\n|turn|17\n|inactive|Time left: 300 sec this turn | 300 sec total\n|\n|t:|1783546287\n|move|p1a: Dudunsparce|Roost|p1a: Dudunsparce\n|-heal|p1a: Dudunsparce|86/100\n|-singleturn|p1a: Dudunsparce|move: Roost\n|move|p2a: Bronzong|Psychic Noise|p1a: Dudunsparce\n|-damage|p1a: Dudunsparce|63/100\n|-start|p1a: Dudunsparce|move: Heal Block\n|\n|-heal|p2a: Bronzong|125/261|[from] item: Leftovers\n|upkeep\n|turn|18\n|inactive|Time left: 300 sec this turn | 300 sec total\n|\n|t:|1783546288\n|move|p1a: Dudunsparce|Boomburst|p2a: Bronzong\n|-resisted|p2a: Bronzong\n|-damage|p2a: Bronzong|72/261\n|move|p2a: Bronzong|Earthquake|p1a: Dudunsparce\n|-damage|p1a: Dudunsparce|38/100\n|\n|-heal|p2a: Bronzong|88/261|[from] item: Leftovers\n|-end|p1a: Dudunsparce|move: Heal Block\n|upkeep\n|turn|19\n|inactive|Time left: 300 sec this turn | 300 sec total\n|\n|t:|1783546289\n|move|p1a: Dudunsparce|Roost|p1a: Dudunsparce\n|-heal|p1a: Dudunsparce|89/100\n|-singleturn|p1a: Dudunsparce|move: Roost\n|move|p2a: Bronzong|Iron Head|p1a: Dudunsparce\n|-damage|p1a: Dudunsparce|61/100\n|\n|-heal|p1a: Dudunsparce|67/100|[from] item: Leftovers\n|-heal|p2a: Bronzong|104/261|[from] item: Leftovers\n|upkeep\n|turn|20\n|inactive|Time left: 300 sec this turn | 300 sec total\n|\n|t:|1783546290\n|move|p1a: Dudunsparce|Boomburst|p2a: Bronzong\n|-resisted|p2a: Bronzong\n|-damage|p2a: Bronzong|51/261\n|move|p2a: Bronzong|Iron Head|p1a: Dudunsparce\n|-damage|p1a: Dudunsparce|39/100\n|\n|-heal|p1a: Dudunsparce|45/100|[from] item: Leftovers\n|-heal|p2a: Bronzong|67/261|[from] item: Leftovers\n|upkeep\n|turn|21\n|inactive|Time left: 300 sec this turn | 300 sec total\n|\n|t:|1783546291\n|move|p1a: Dudunsparce|Boomburst|p2a: Bronzong\n|-resisted|p2a: Bronzong\n|-damage|p2a: Bronzong|16/261\n|move|p2a: Bronzong|Earthquake|p1a: Dudunsparce\n|-damage|p1a: Dudunsparce|20/100\n|\n|-heal|p1a: Dudunsparce|26/100|[from] item: Leftovers\n|-heal|p2a: Bronzong|32/261|[from] item: Leftovers\n|upkeep\n|turn|22\n|inactive|Time left: 300 sec this turn | 300 sec total\n|\n|t:|1783546292\n|switch|p2a: Muk|Muk-Alola, L82, M|306/306\n|-sideend|p2: p0y618c0c0|move: Toxic Spikes|[of] p2a: Muk\n|move|p1a: Dudunsparce|Boomburst|p2a: Muk\n|-damage|p2a: Muk|222/306\n|\n|-heal|p1a: Dudunsparce|32/100|[from] item: Leftovers\n|upkeep\n|turn|23\n|inactive|Time left: 300 sec this turn | 300 sec total\n|\n|t:|1783546293\n|move|p1a: Dudunsparce|Earthquake|p2a: Muk\n|-supereffective|p2a: Muk\n|-damage|p2a: Muk|62/306\n|move|p2a: Muk|Drain Punch|p1a: Dudunsparce\n|-supereffective|p1a: Dudunsparce\n|-damage|p1a: Dudunsparce|0 fnt\n|-heal|p2a: Muk|117/306|[from] drain|[of] p1a: Dudunsparce\n|faint|p1a: Dudunsparce\n|\n|upkeep\n|\n|t:|1783546293\n|switch|p1a: Ninetales|Ninetales-Alola, L78, F|100/100\n|-damage|p1a: Ninetales|76/100|[from] Stealth Rock\n|-weather|Snowscape|[from] ability: Snow Warning|[of] p1a: Ninetales\n|turn|24\n|inactive|Time left: 300 sec this turn | 300 sec total\n|\n|t:|1783546295\n|move|p1a: Ninetales|Aurora Veil|p1a: Ninetales\n|-sidestart|p1: p0x618a90c|move: Aurora Veil\n|move|p2a: Muk|Gunk Shot|p1a: Ninetales\n|-supereffective|p1a: Ninetales\n|-damage|p1a: Ninetales|34/100\n|-status|p1a: Ninetales|psn\n|\n|-weather|Snowscape|[upkeep]\n|-damage|p1a: Ninetales|21/100 psn|[from] psn\n|upkeep\n|turn|25\n|inactive|Time left: 300 sec this turn | 300 sec total\n|\n|t:|1783546296\n|move|p1a: Ninetales|Moonblast|p2a: Muk\n|-damage|p2a: Muk|69/306\n|-unboost|p2a: Muk|spa|1\n|move|p2a: Muk|Knock Off|p1a: Ninetales\n|-resisted|p1a: Ninetales\n|-damage|p1a: Ninetales|12/100 psn\n|-enditem|p1a: Ninetales|Light Clay|[from] move: Knock Off|[of] p2a: Muk\n|\n|-weather|Snowscape|[upkeep]\n|-damage|p1a: Ninetales|0 fnt|[from] psn\n|faint|p1a: Ninetales\n|upkeep\n|\n|t:|1783546297\n|switch|p1a: Meganium|Meganium, L90, F|100/100\n|-damage|p1a: Meganium|88/100|[from] Stealth Rock\n|turn|26\n|inactive|Time left: 300 sec this turn | 300 sec total\n|\n|t:|1783546298\n|move|p1a: Meganium|Swords Dance|p1a: Meganium\n|-boost|p1a: Meganium|atk|2\n|move|p2a: Muk|Knock Off|p1a: Meganium\n|-damage|p1a: Meganium|72/100\n|-status|p1a: Meganium|psn|[from] ability: Poison Touch|[of] p2a: Muk\n|-enditem|p1a: Meganium|Leftovers|[from] move: Knock Off|[of] p2a: Muk\n|\n|-weather|Snowscape|[upkeep]\n|-damage|p1a: Meganium|59/100 psn|[from] psn\n|upkeep\n|turn|27\n|inactive|Time left: 300 sec this turn | 300 sec total\n|\n|t:|1783546299\n|switch|p2a: Dondozo|Dondozo, L78, F|362/362\n|move|p1a: Meganium|Knock Off|p2a: Dondozo\n|-damage|p2a: Dondozo|306/362\n|-enditem|p2a: Dondozo|Leftovers|[from] move: Knock Off|[of] p1a: Meganium\n|\n|-weather|Snowscape|[upkeep]\n|-damage|p1a: Meganium|47/100 psn|[from] psn\n|upkeep\n|turn|28\n|inactive|Time left: 300 sec this turn | 300 sec total\n|\n|t:|1783546300\n|move|p1a: Meganium|Petal Blizzard|p2a: Dondozo\n|-supereffective|p2a: Dondozo\n|-damage|p2a: Dondozo|142/362\n|move|p2a: Dondozo|Curse|p2a: Dondozo\n|-unboost|p2a: Dondozo|spe|1\n|-boost|p2a: Dondozo|atk|1\n|-boost|p2a: Dondozo|def|1\n|\n|-weather|none\n|-damage|p1a: Meganium|34/100 psn|[from] psn\n|upkeep\n|turn|29\n|inactive|Time left: 300 sec this turn | 300 sec total\n|\n|t:|1783546301\n|move|p1a: Meganium|Petal Blizzard|p2a: Dondozo\n|-supereffective|p2a: Dondozo\n|-damage|p2a: Dondozo|20/362\n|move|p2a: Dondozo|Rest|p2a: Dondozo\n|-status|p2a: Dondozo|slp|[from] move: Rest\n|-heal|p2a: Dondozo|362/362 slp|[silent]\n|\n|-damage|p1a: Meganium|22/100 psn|[from] psn\n|upkeep\n|turn|30\n|inactive|Time left: 300 sec this turn | 300 sec total\n|\n|t:|1783546302\n|move|p1a: Meganium|Petal Blizzard|p2a: Dondozo\n|-supereffective|p2a: Dondozo\n|-damage|p2a: Dondozo|176/362 slp\n|cant|p2a: Dondozo|slp\n|\n|-damage|p1a: Meganium|9/100 psn|[from] psn\n|upkeep\n|turn|31\n|inactive|Time left: 300 sec this turn | 300 sec total\n|\n|t:|1783546303\n|move|p1a: Meganium|Petal Blizzard|p2a: Dondozo\n|-supereffective|p2a: Dondozo\n|-damage|p2a: Dondozo|6/362 slp\n|cant|p2a: Dondozo|slp\n|\n|-damage|p1a: Meganium|0 fnt|[from] psn\n|faint|p1a: Meganium\n|-sideend|p1: p0x618a90c|move: Aurora Veil\n|upkeep\n|\n|t:|1783546304\n|switch|p1a: Glalie|Glalie, L96, F|100/100\n|turn|32\n|inactive|Time left: 300 sec this turn | 300 sec total\n|\n|t:|1783546305\n|switch|p2a: Bronzong|Bronzong, L88|32/261\n|move|p1a: Glalie|Freeze-Dry|p2a: Bronzong\n|-resisted|p2a: Bronzong\n|-damage|p2a: Bronzong|2/261\n|\n|-heal|p2a: Bronzong|18/261|[from] item: Leftovers\n|upkeep\n|turn|33\n|inactive|Time left: 300 sec this turn | 300 sec total\n|\n|t:|1783546306\n|move|p1a: Glalie|Freeze-Dry|p2a: Bronzong\n|-resisted|p2a: Bronzong\n|-damage|p2a: Bronzong|0 fnt\n|faint|p2a: Bronzong\n|\n|upkeep\n|inactive|Time left: 300 sec this turn | 300 sec total | 5 sec grace\n|\n|t:|1783546307\n|switch|p2a: Mabosstiff|Mabosstiff, L86, F|278/278\n|turn|34\n|inactive|Time left: 300 sec this turn | 300 sec total\n|\n|t:|1783546308\n|move|p1a: Glalie|Freeze-Dry|p2a: Mabosstiff\n|-damage|p2a: Mabosstiff|181/278\n|move|p2a: Mabosstiff|Crunch|p1a: Glalie\n|-damage|p1a: Glalie|48/100\n|-unboost|p1a: Glalie|def|1\n|\n|upkeep\n|turn|35\n|inactive|Time left: 300 sec this turn | 300 sec total\n|\n|t:|1783546309\n|move|p1a: Glalie|Freeze-Dry|p2a: Mabosstiff\n|-damage|p2a: Mabosstiff|91/278\n|move|p2a: Mabosstiff|Crunch|p1a: Glalie\n|-damage|p1a: Glalie|0 fnt\n|faint|p1a: Glalie\n|\n|upkeep\n|\n|t:|1783546310\n|switch|p1a: Toxapex|Toxapex, L82, M|100/100\n|-damage|p1a: Toxapex|88/100|[from] Stealth Rock\n|turn|36\n|inactive|Time left: 300 sec this turn | 300 sec total\n|\n|t:|1783546311\n|move|p1a: Toxapex|Hyper Voice|p2a: Mabosstiff\n|-damage|p2a: Mabosstiff|0 fnt\n|faint|p2a: Mabosstiff\n|-damage|p1a: Toxapex|79/100|[from] item: Life Orb\n|\n|upkeep\n|inactive|Time left: 300 sec this turn | 300 sec total | 5 sec grace\n|\n|t:|1783546312\n|switch|p2a: Rhyperior|Rhyperior, L82, F|23/323 tox\n|turn|37\n|inactive|Time left: 300 sec this turn | 300 sec total\n|\n|t:|1783546313\n|move|p1a: Toxapex|Hyper Voice|p2a: Rhyperior\n|-resisted|p2a: Rhyperior\n|-damage|p2a: Rhyperior|0 fnt\n|faint|p2a: Rhyperior\n|-damage|p1a: Toxapex|69/100|[from] item: Life Orb\n|\n|upkeep\n|inactive|Time left: 300 sec this turn | 300 sec total | 5 sec grace\n|\n|t:|1783546314\n|switch|p2a: Giratina|Giratina, L75|349/349\n|-ability|p2a: Giratina|Pressure\n|turn|38\n|inactive|Time left: 300 sec this turn | 300 sec total\n|\n|t:|1783546315\n|move|p1a: Toxapex|Poltergeist|p2a: Giratina\n|-activate|p2a: Giratina|move: Poltergeist|Leftovers\n|-supereffective|p2a: Giratina\n|-damage|p2a: Giratina|84/349\n|-damage|p1a: Toxapex|59/100|[from] item: Life Orb\n|move|p2a: Giratina|Dragon Tail|p1a: Toxapex\n|-damage|p1a: Toxapex|27/100\n|replace|p1a: Zoroark|Zoroark-Hisui, L80, M\n|-end|p1a: Zoroark|Illusion\n|-hint|Illusion Level Mod is active, so this Pok\u00e9mon's true level was hidden.\n|drag|p1a: Toxapex|Toxapex, L82, M|100/100\n|-damage|p1a: Toxapex|88/100|[from] Stealth Rock\n|\n|-heal|p2a: Giratina|105/349|[from] item: Leftovers\n|upkeep\n|turn|39\n|inactive|Time left: 300 sec this turn | 300 sec total\n|\n|t:|1783546316\n|move|p2a: Giratina|Will-O-Wisp|p1a: Toxapex\n|-status|p1a: Toxapex|brn\n|move|p1a: Toxapex|Toxic Spikes|p2a: Giratina\n|-sidestart|p2: p0y618c0c0|move: Toxic Spikes\n|\n|-heal|p2a: Giratina|126/349|[from] item: Leftovers\n|-damage|p1a: Toxapex|82/100 brn|[from] brn\n|upkeep\n|turn|40\n|inactive|Time left: 300 sec this turn | 300 sec total\n|\n|t:|1783546317\n|move|p2a: Giratina|Shadow Ball|p1a: Toxapex\n|-damage|p1a: Toxapex|57/100 brn\n|move|p1a: Toxapex|Liquidation|p2a: Giratina\n|-resisted|p2a: Giratina\n|-damage|p2a: Giratina|113/349\n|\n|-heal|p2a: Giratina|134/349|[from] item: Leftovers\n|-damage|p1a: Toxapex|51/100 brn|[from] brn\n|upkeep\n|turn|41\n|inactive|Time left: 300 sec this turn | 300 sec total\n|\n|t:|1783546319\n|move|p2a: Giratina|Shadow Ball|p1a: Toxapex\n|-damage|p1a: Toxapex|26/100 brn\n|move|p1a: Toxapex|Recover|p1a: Toxapex\n|-heal|p1a: Toxapex|76/100 brn\n|\n|-heal|p2a: Giratina|155/349|[from] item: Leftovers\n|-damage|p1a: Toxapex|70/100 brn|[from] brn\n|upkeep\n|turn|42\n|inactive|Time left: 300 sec this turn | 300 sec total\n|\n|t:|1783546320\n|move|p2a: Giratina|Shadow Ball|p1a: Toxapex\n|-damage|p1a: Toxapex|48/100 brn\n|move|p1a: Toxapex|Recover|p1a: Toxapex\n|-heal|p1a: Toxapex|98/100 brn\n|\n|-heal|p2a: Giratina|176/349|[from] item: Leftovers\n|-damage|p1a: Toxapex|92/100 brn|[from] brn\n|upkeep\n|turn|43\n|inactive|Time left: 300 sec this turn | 300 sec total\n|\n|t:|1783546321\n|move|p2a: Giratina|Shadow Ball|p1a: Toxapex\n|-damage|p1a: Toxapex|67/100 brn\n|move|p1a: Toxapex|Toxic Spikes|p2a: Giratina\n|-sidestart|p2: p0y618c0c0|move: Toxic Spikes\n|\n|-heal|p2a: Giratina|197/349|[from] item: Leftovers\n|-damage|p1a: Toxapex|61/100 brn|[from] brn\n|upkeep\n|turn|44\n|inactive|Time left: 300 sec this turn | 300 sec total\n|\n|t:|1783546322\n|switch|p2a: Muk|Muk-Alola, L82, M|69/306\n|-sideend|p2: p0y618c0c0|move: Toxic Spikes|[of] p2a: Muk\n|move|p1a: Toxapex|Recover|p1a: Toxapex\n|-heal|p1a: Toxapex|100/100 brn\n|\n|-damage|p1a: Toxapex|94/100 brn|[from] brn\n|upkeep\n|turn|45\n|inactive|Time left: 300 sec this turn | 300 sec total\n|\n|t:|1783546323\n|move|p2a: Muk|Knock Off|p1a: Toxapex\n|-damage|p1a: Toxapex|65/100 brn\n|-damage|p2a: Muk|18/306|[from] item: Rocky Helmet|[of] p1a: Toxapex\n|-enditem|p1a: Toxapex|Rocky Helmet|[from] move: Knock Off|[of] p2a: Muk\n|move|p1a: Toxapex|Liquidation|p2a: Muk\n|-damage|p2a: Muk|0 fnt\n|faint|p2a: Muk\n|\n|-damage|p1a: Toxapex|59/100 brn|[from] brn\n|upkeep\n|inactive|Time left: 300 sec this turn | 300 sec total | 5 sec grace\n|\n|t:|1783546324\n|switch|p2a: Giratina|Giratina, L75|197/349\n|-ability|p2a: Giratina|Pressure\n|turn|46\n|inactive|Time left: 300 sec this turn | 300 sec total\n|\n|t:|1783546325\n|move|p2a: Giratina|Shadow Ball|p1a: Toxapex\n|-damage|p1a: Toxapex|36/100 brn\n|move|p1a: Toxapex|Recover|p1a: Toxapex\n|-heal|p1a: Toxapex|86/100 brn\n|\n|-heal|p2a: Giratina|218/349|[from] item: Leftovers\n|-damage|p1a: Toxapex|80/100 brn|[from] brn\n|upkeep\n|turn|47\n|inactive|Time left: 300 sec this turn | 300 sec total\n|\n|t:|1783546326\n|move|p2a: Giratina|Shadow Ball|p1a: Toxapex\n|-damage|p1a: Toxapex|55/100 brn\n|-unboost|p1a: Toxapex|spd|1\n|move|p1a: Toxapex|Liquidation|p2a: Giratina\n|-resisted|p2a: Giratina\n|-damage|p2a: Giratina|206/349\n|\n|-heal|p2a: Giratina|227/349|[from] item: Leftovers\n|-damage|p1a: Toxapex|49/100 brn|[from] brn\n|upkeep\n|turn|48\n|inactive|Time left: 300 sec this turn | 300 sec total\n|\n|t:|1783546328\n|move|p2a: Giratina|Shadow Ball|p1a: Toxapex\n|-damage|p1a: Toxapex|14/100 brn\n|move|p1a: Toxapex|Recover|p1a: Toxapex\n|-heal|p1a: Toxapex|64/100 brn\n|\n|-heal|p2a: Giratina|248/349|[from] item: Leftovers\n|-damage|p1a: Toxapex|58/100 brn|[from] brn\n|upkeep\n|turn|49\n|inactive|Time left: 300 sec this turn | 300 sec total\n|\n|t:|1783546329\n|move|p2a: Giratina|Shadow Ball|p1a: Toxapex\n|-damage|p1a: Toxapex|22/100 brn\n|move|p1a: Toxapex|Recover|p1a: Toxapex\n|-heal|p1a: Toxapex|72/100 brn\n|\n|-heal|p2a: Giratina|269/349|[from] item: Leftovers\n|-damage|p1a: Toxapex|66/100 brn|[from] brn\n|upkeep\n|turn|50\n|inactive|Time left: 300 sec this turn | 300 sec total\n|\n|t:|1783546330\n|switch|p1a: Toxapex|Toxapex, L82, M|27/100\n|-damage|p1a: Toxapex|15/100|[from] Stealth Rock\n|move|p2a: Giratina|Shadow Ball|p1a: Toxapex\n|-immune|p1a: Toxapex\n|\n|-heal|p2a: Giratina|290/349|[from] item: Leftovers\n|upkeep\n|turn|51\n|inactive|Time left: 300 sec this turn | 300 sec total\n|\n|t:|1783546331\n|move|p1a: Toxapex|Poltergeist|p2a: Giratina\n|-activate|p2a: Giratina|move: Poltergeist|Leftovers\n|-supereffective|p2a: Giratina\n|-damage|p2a: Giratina|33/349\n|-damage|p1a: Toxapex|6/100|[from] item: Life Orb\n|move|p2a: Giratina|Dragon Tail|p1a: Toxapex\n|-damage|p1a: Toxapex|0 fnt\n|replace|p1a: Zoroark|Zoroark-Hisui, L80, M\n|-end|p1a: Zoroark|Illusion\n|faint|p1a: Zoroark\n|\n|-heal|p2a: Giratina|54/349|[from] item: Leftovers\n|upkeep\n|\n|t:|1783546332\n|switch|p1a: Toxapex|Toxapex, L82, M|99/100 brn\n|-damage|p1a: Toxapex|87/100 brn|[from] Stealth Rock\n|turn|52\n|inactive|Time left: 300 sec this turn | 300 sec total\n|\n|t:|1783546333\n|move|p2a: Giratina|Will-O-Wisp|p1a: Toxapex\n|-fail|p1a: Toxapex|brn\n|move|p1a: Toxapex|Recover|p1a: Toxapex\n|-heal|p1a: Toxapex|100/100 brn\n|\n|-heal|p2a: Giratina|75/349|[from] item: Leftovers\n|-damage|p1a: Toxapex|94/100 brn|[from] brn\n|upkeep\n|turn|53\n|inactive|Time left: 300 sec this turn | 300 sec total\n|\n|t:|1783546334\n|move|p2a: Giratina|Will-O-Wisp|p1a: Toxapex\n|-fail|p1a: Toxapex|brn\n|move|p1a: Toxapex|Liquidation|p2a: Giratina\n|-resisted|p2a: Giratina\n|-damage|p2a: Giratina|62/349\n|\n|-heal|p2a: Giratina|83/349|[from] item: Leftovers\n|-damage|p1a: Toxapex|88/100 brn|[from] brn\n|upkeep\n|turn|54\n|inactive|Time left: 300 sec this turn | 300 sec total\n|\n|t:|1783546335\n|move|p2a: Giratina|Will-O-Wisp|p1a: Toxapex|[miss]\n|-miss|p2a: Giratina|p1a: Toxapex\n|move|p1a: Toxapex|Liquidation|p2a: Giratina\n|-resisted|p2a: Giratina\n|-damage|p2a: Giratina|70/349\n|\n|-heal|p2a: Giratina|91/349|[from] item: Leftovers\n|-damage|p1a: Toxapex|82/100 brn|[from] brn\n|upkeep\n|turn|55\n|inactive|Time left: 300 sec this turn | 300 sec total\n|\n|t:|1783546336\n|move|p2a: Giratina|Will-O-Wisp|p1a: Toxapex\n|-fail|p1a: Toxapex|brn\n|move|p1a: Toxapex|Liquidation|p2a: Giratina\n|-resisted|p2a: Giratina\n|-crit|p2a: Giratina\n|-damage|p2a: Giratina|70/349\n|\n|-heal|p2a: Giratina|91/349|[from] item: Leftovers\n|-damage|p1a: Toxapex|76/100 brn|[from] brn\n|upkeep\n|turn|56\n|inactive|Time left: 300 sec this turn | 300 sec total\n|\n|t:|1783546337\n|move|p2a: Giratina|Will-O-Wisp|p1a: Toxapex|[miss]\n|-miss|p2a: Giratina|p1a: Toxapex\n|move|p1a: Toxapex|Recover|p1a: Toxapex\n|-heal|p1a: Toxapex|100/100 brn\n|\n|-heal|p2a: Giratina|112/349|[from] item: Leftovers\n|-damage|p1a: Toxapex|94/100 brn|[from] brn\n|upkeep\n|turn|57\n|inactive|Time left: 300 sec this turn | 300 sec total\n|\n|t:|1783546338\n|move|p2a: Giratina|Will-O-Wisp|p1a: Toxapex\n|-fail|p1a: Toxapex|brn\n|move|p1a: Toxapex|Liquidation|p2a: Giratina\n|-resisted|p2a: Giratina\n|-damage|p2a: Giratina|98/349\n|-unboost|p2a: Giratina|def|1\n|\n|-heal|p2a: Giratina|119/349|[from] item: Leftovers\n|-damage|p1a: Toxapex|88/100 brn|[from] brn\n|upkeep\n|turn|58\n|inactive|Time left: 300 sec this turn | 300 sec total\n|\n|t:|1783546339\n|move|p2a: Giratina|Will-O-Wisp|p1a: Toxapex\n|-fail|p1a: Toxapex|brn\n|move|p1a: Toxapex|Toxic Spikes|p2a: Giratina\n|-sidestart|p2: p0y618c0c0|move: Toxic Spikes\n|\n|-heal|p2a: Giratina|140/349|[from] item: Leftovers\n|-damage|p1a: Toxapex|82/100 brn|[from] brn\n|upkeep\n|turn|59\n|inactive|Time left: 300 sec this turn | 300 sec total\n|\n|t:|1783546340\n|move|p2a: Giratina|Will-O-Wisp|p1a: Toxapex\n|-fail|p1a: Toxapex|brn\n|move|p1a: Toxapex|Liquidation|p2a: Giratina\n|-resisted|p2a: Giratina\n|-damage|p2a: Giratina|121/349\n|\n|-heal|p2a: Giratina|142/349|[from] item: Leftovers\n|-damage|p1a: Toxapex|76/100 brn|[from] brn\n|upkeep\n|turn|60\n|inactive|Time left: 300 sec this turn | 300 sec total\n|\n|t:|1783546341\n|move|p2a: Giratina|Will-O-Wisp|p1a: Toxapex\n|-fail|p1a: Toxapex|brn\n|move|p1a: Toxapex|Haze|p1a: Toxapex\n|-clearallboost\n|\n|-heal|p2a: Giratina|163/349|[from] item: Leftovers\n|-damage|p1a: Toxapex|70/100 brn|[from] brn\n|upkeep\n|turn|61\n|inactive|Time left: 300 sec this turn | 300 sec total\n|\n|t:|1783546342\n|move|p2a: Giratina|Will-O-Wisp|p1a: Toxapex\n|-fail|p1a: Toxapex|brn\n|move|p1a: Toxapex|Toxic Spikes|p2a: Giratina\n|-sidestart|p2: p0y618c0c0|move: Toxic Spikes\n|\n|-heal|p2a: Giratina|184/349|[from] item: Leftovers\n|-damage|p1a: Toxapex|64/100 brn|[from] brn\n|upkeep\n|turn|62\n|inactive|Time left: 300 sec this turn | 300 sec total\n|\n|t:|1783546343\n|move|p2a: Giratina|Will-O-Wisp|p1a: Toxapex|[miss]\n|-miss|p2a: Giratina|p1a: Toxapex\n|move|p1a: Toxapex|Liquidation|p2a: Giratina\n|-resisted|p2a: Giratina\n|-damage|p2a: Giratina|171/349\n|\n|-heal|p2a: Giratina|192/349|[from] item: Leftovers\n|-damage|p1a: Toxapex|58/100 brn|[from] brn\n|upkeep\n|turn|63\n|inactive|Time left: 300 sec this turn | 300 sec total\n|\n|t:|1783546344\n|-terastallize|p1a: Toxapex|Steel\n|move|p2a: Giratina|Will-O-Wisp|p1a: Toxapex\n|-fail|p1a: Toxapex|brn\n|move|p1a: Toxapex|Haze|p1a: Toxapex\n|-clearallboost\n|\n|-heal|p2a: Giratina|213/349|[from] item: Leftovers\n|-damage|p1a: Toxapex|52/100 brn|[from] brn\n|upkeep\n|turn|64\n|inactive|Time left: 300 sec this turn | 300 sec total\n|\n|t:|1783546345\n|move|p2a: Giratina|Shadow Ball|p1a: Toxapex\n|-crit|p1a: Toxapex\n|-damage|p1a: Toxapex|20/100 brn\n|-unboost|p1a: Toxapex|spd|1\n|move|p1a: Toxapex|Toxic Spikes||[still]\n|-fail|p1a: Toxapex\n|\n|-heal|p2a: Giratina|234/349|[from] item: Leftovers\n|-damage|p1a: Toxapex|14/100 brn|[from] brn\n|upkeep\n|turn|65\n|inactive|Time left: 300 sec this turn | 300 sec total\n|\n|t:|1783546346\n|move|p2a: Giratina|Shadow Ball|p1a: Toxapex\n|-damage|p1a: Toxapex|0 fnt\n|faint|p1a: Toxapex\n|\n|win|p0y618c0c0", "uploadtime": 1783546346, "views": 0, "rating": 0, "private": 0, "password": null, "_winner": "p0y618c0c0", "_our_name": "p0y618c0c0"}