{"id": "battle-gen9randombattle-1821", "formatid": "gen9randombattle", "format": "[Gen 9] Random Battle", "players": ["p0x18217b10", "p0y1821b051"], "log": "|init|battle\n|title|p0x18217b10 vs. p0y1821b051\n|j|\u2606p0x18217b10\n|j|\u2606p0y1821b051\n|t:|1783561094\n|gametype|singles\n|player|p1|p0x18217b10|169|\n|player|p2|p0y1821b051|102|\n|gen|9\n|tier|[Gen 9] Random Battle\n|rule|Species Clause: Limit one of each Pok\u00e9mon\n|rule|HP Percentage Mod: HP is shown in percentages\n|rule|Sleep Clause Mod: Limit one foe put to sleep\n|rule|Illusion Level Mod: Illusion disguises the Pok\u00e9mon's true level\n|\n|t:|1783561094\n|teamsize|p1|6\n|teamsize|p2|6\n|start\n|switch|p1a: Dusknoir|Dusknoir, L89, M|225/225\n|switch|p2a: Milotic|Milotic, L83, M|100/100\n|-item|p2a: Milotic|Leftovers|[from] ability: Frisk|[of] p1a: Dusknoir\n|turn|1\n|inactive|Battle timer is ON: inactive players will automatically lose when time's up. (requested by p0x18217b10)\n|\n|t:|1783561096\n|move|p2a: Milotic|Scald|p1a: Dusknoir\n|-damage|p1a: Dusknoir|165/225\n|move|p1a: Dusknoir|Poltergeist|p2a: Milotic\n|-activate|p2a: Milotic|move: Poltergeist|Leftovers\n|-damage|p2a: Milotic|52/100\n|\n|-heal|p2a: Milotic|58/100|[from] item: Leftovers\n|-heal|p1a: Dusknoir|179/225|[from] item: Leftovers\n|upkeep\n|turn|2\n|inactive|Time left: 300 sec this turn | 300 sec total\n|inactive|p0y1821b051 also wants the timer to be on.\n|\n|t:|1783561097\n|move|p2a: Milotic|Scald|p1a: Dusknoir\n|-damage|p1a: Dusknoir|119/225\n|move|p1a: Dusknoir|Poltergeist|p2a: Milotic\n|-activate|p2a: Milotic|move: Poltergeist|Leftovers\n|-damage|p2a: Milotic|12/100\n|\n|-heal|p2a: Milotic|18/100|[from] item: Leftovers\n|-heal|p1a: Dusknoir|133/225|[from] item: Leftovers\n|upkeep\n|turn|3\n|inactive|Time left: 300 sec this turn | 300 sec total\n|\n|t:|1783561098\n|move|p2a: Milotic|Recover|p2a: Milotic\n|-heal|p2a: Milotic|68/100\n|move|p1a: Dusknoir|Poltergeist|p2a: Milotic\n|-activate|p2a: Milotic|move: Poltergeist|Leftovers\n|-damage|p2a: Milotic|17/100\n|\n|-heal|p2a: Milotic|23/100|[from] item: Leftovers\n|-heal|p1a: Dusknoir|147/225|[from] item: Leftovers\n|upkeep\n|turn|4\n|inactive|Time left: 300 sec this turn | 300 sec total\n|\n|t:|1783561099\n|move|p2a: Milotic|Scald|p1a: Dusknoir\n|-damage|p1a: Dusknoir|92/225\n|-status|p1a: Dusknoir|brn\n|move|p1a: Dusknoir|Poltergeist|p2a: Milotic\n|-activate|p2a: Milotic|move: Poltergeist|Leftovers\n|-damage|p2a: Milotic|0 fnt\n|faint|p2a: Milotic\n|\n|-heal|p1a: Dusknoir|106/225 brn|[from] item: Leftovers\n|-damage|p1a: Dusknoir|92/225 brn|[from] brn\n|upkeep\n|\n|t:|1783561099\n|switch|p2a: Crawdaunt|Crawdaunt, L84, F|100/100\n|turn|5\n|inactive|Time left: 300 sec this turn | 300 sec total\n|\n|t:|1783561100\n|move|p2a: Crawdaunt|Dragon Dance|p2a: Crawdaunt\n|-boost|p2a: Crawdaunt|atk|1\n|-boost|p2a: Crawdaunt|spe|1\n|move|p1a: Dusknoir|Pain Split|p2a: Crawdaunt\n|-sethp|p2a: Crawdaunt|69/100|[from] move: Pain Split|[silent]\n|-sethp|p1a: Dusknoir|167/225 brn|[from] move: Pain Split\n|\n|-heal|p1a: Dusknoir|181/225 brn|[from] item: Leftovers\n|-damage|p1a: Dusknoir|167/225 brn|[from] brn\n|upkeep\n|turn|6\n|inactive|Time left: 300 sec this turn | 300 sec total\n|\n|t:|1783561101\n|move|p2a: Crawdaunt|Crabhammer|p1a: Dusknoir\n|-damage|p1a: Dusknoir|0 fnt\n|faint|p1a: Dusknoir\n|-damage|p2a: Crawdaunt|59/100|[from] item: Life Orb\n|\n|upkeep\n|inactive|Time left: 300 sec this turn | 300 sec total | 5 sec grace\n|\n|t:|1783561102\n|switch|p1a: Ogerpon|Ogerpon-Wellspring, L76, F|247/247\n|turn|7\n|inactive|Time left: 300 sec this turn | 300 sec total\n|\n|t:|1783561103\n|move|p2a: Crawdaunt|Knock Off|p1a: Ogerpon\n|-damage|p1a: Ogerpon|3/247\n|-damage|p2a: Crawdaunt|49/100|[from] item: Life Orb\n|move|p1a: Ogerpon|Wood Hammer|p2a: Crawdaunt\n|-supereffective|p2a: Crawdaunt\n|-damage|p2a: Crawdaunt|0 fnt\n|faint|p2a: Crawdaunt\n|-damage|p1a: Ogerpon|0 fnt|[from] Recoil\n|faint|p1a: Ogerpon\n|\n|upkeep\n|inactive|Time left: 300 sec this turn | 300 sec total | 5 sec grace\n|\n|t:|1783561104\n|switch|p1a: Basculegion|Basculegion-F, L83, F|335/335\n|switch|p2a: Serperior|Serperior, L79, M|100/100\n|turn|8\n|inactive|Time left: 300 sec this turn | 300 sec total\n|\n|t:|1783561105\n|move|p2a: Serperior|Leaf Storm|p1a: Basculegion|[miss]\n|-miss|p2a: Serperior|p1a: Basculegion\n|move|p1a: Basculegion|Ice Beam|p2a: Serperior\n|-supereffective|p2a: Serperior\n|-damage|p2a: Serperior|18/100\n|\n|-heal|p2a: Serperior|24/100|[from] item: Leftovers\n|upkeep\n|turn|9\n|inactive|Time left: 300 sec this turn | 300 sec total\n|\n|t:|1783561106\n|move|p2a: Serperior|Leaf Storm|p1a: Basculegion\n|-supereffective|p1a: Basculegion\n|-damage|p1a: Basculegion|119/335\n|-boost|p2a: Serperior|spa|2\n|move|p1a: Basculegion|Ice Beam|p2a: Serperior\n|-supereffective|p2a: Serperior\n|-damage|p2a: Serperior|0 fnt\n|faint|p2a: Serperior\n|\n|upkeep\n|\n|t:|1783561107\n|switch|p2a: Emboar|Emboar, L84, M|100/100\n|turn|10\n|inactive|Time left: 300 sec this turn | 300 sec total\n|\n|t:|1783561108\n|switch|p1a: Articuno|Articuno-Galar, L84|288/288\n|move|p2a: Emboar|Bulk Up|p2a: Emboar\n|-boost|p2a: Emboar|atk|1\n|-boost|p2a: Emboar|def|1\n|\n|upkeep\n|turn|11\n|inactive|Time left: 300 sec this turn | 300 sec total\n|\n|t:|1783561109\n|move|p1a: Articuno|Hurricane|p2a: Emboar\n|-supereffective|p2a: Emboar\n|-damage|p2a: Emboar|0 fnt\n|faint|p2a: Emboar\n|\n|upkeep\n|\n|t:|1783561109\n|switch|p2a: Oricorio|Oricorio-Pom-Pom, L82, M|100/100\n|turn|12\n|inactive|Time left: 300 sec this turn | 300 sec total\n|\n|t:|1783561110\n|move|p1a: Articuno|Calm Mind|p1a: Articuno\n|-boost|p1a: Articuno|spa|1\n|-boost|p1a: Articuno|spd|1\n|move|p2a: Oricorio|Quiver Dance|p2a: Oricorio\n|-boost|p2a: Oricorio|spa|1\n|-boost|p2a: Oricorio|spd|1\n|-boost|p2a: Oricorio|spe|1\n|\n|upkeep\n|turn|13\n|inactive|Time left: 300 sec this turn | 300 sec total\n|\n|t:|1783561111\n|move|p2a: Oricorio|Quiver Dance|p2a: Oricorio\n|-boost|p2a: Oricorio|spa|1\n|-boost|p2a: Oricorio|spd|1\n|-boost|p2a: Oricorio|spe|1\n|move|p1a: Articuno|Calm Mind|p1a: Articuno\n|-boost|p1a: Articuno|spa|1\n|-boost|p1a: Articuno|spd|1\n|\n|upkeep\n|turn|14\n|inactive|Time left: 300 sec this turn | 300 sec total\n|\n|t:|1783561112\n|move|p2a: Oricorio|Quiver Dance|p2a: Oricorio\n|-boost|p2a: Oricorio|spa|1\n|-boost|p2a: Oricorio|spd|1\n|-boost|p2a: Oricorio|spe|1\n|move|p1a: Articuno|Freezing Glare|p2a: Oricorio\n|-damage|p2a: Oricorio|57/100\n|\n|upkeep\n|turn|15\n|inactive|Time left: 300 sec this turn | 300 sec total\n|\n|t:|1783561113\n|move|p2a: Oricorio|Revelation Dance|p1a: Articuno\n|-supereffective|p1a: Articuno\n|-damage|p1a: Articuno|76/288\n|move|p1a: Articuno|Freezing Glare|p2a: Oricorio\n|-damage|p2a: Oricorio|16/100\n|\n|upkeep\n|turn|16\n|inactive|Time left: 300 sec this turn | 300 sec total\n|\n|t:|1783561114\n|move|p2a: Oricorio|Revelation Dance|p1a: Articuno\n|-supereffective|p1a: Articuno\n|-damage|p1a: Articuno|0 fnt\n|faint|p1a: Articuno\n|\n|upkeep\n|inactive|Time left: 300 sec this turn | 300 sec total | 5 sec grace\n|\n|t:|1783561115\n|switch|p1a: Magnezone|Magnezone, L85|258/258\n|turn|17\n|inactive|Time left: 300 sec this turn | 300 sec total\n|\n|t:|1783561116\n|-terastallize|p1a: Magnezone|Fighting\n|move|p2a: Oricorio|Roost|p2a: Oricorio\n|-heal|p2a: Oricorio|66/100\n|-singleturn|p2a: Oricorio|move: Roost\n|move|p1a: Magnezone|Body Press|p2a: Oricorio\n|-damage|p2a: Oricorio|20/100\n|\n|upkeep\n|turn|18\n|inactive|Time left: 300 sec this turn | 300 sec total\n|\n|t:|1783561117\n|move|p2a: Oricorio|Roost|p2a: Oricorio\n|-heal|p2a: Oricorio|70/100\n|-singleturn|p2a: Oricorio|move: Roost\n|move|p1a: Magnezone|Body Press|p2a: Oricorio\n|-damage|p2a: Oricorio|24/100\n|\n|upkeep\n|turn|19\n|inactive|Time left: 300 sec this turn | 300 sec total\n|\n|t:|1783561117\n|move|p2a: Oricorio|Roost|p2a: Oricorio\n|-heal|p2a: Oricorio|74/100\n|-singleturn|p2a: Oricorio|move: Roost\n|move|p1a: Magnezone|Body Press|p2a: Oricorio\n|-damage|p2a: Oricorio|28/100\n|\n|upkeep\n|turn|20\n|inactive|Time left: 300 sec this turn | 300 sec total\n|\n|t:|1783561118\n|move|p2a: Oricorio|Hurricane|p1a: Magnezone\n|-supereffective|p1a: Magnezone\n|-damage|p1a: Magnezone|0 fnt\n|faint|p1a: Magnezone\n|\n|upkeep\n|inactive|Time left: 300 sec this turn | 300 sec total | 5 sec grace\n|\n|t:|1783561119\n|switch|p1a: Basculegion|Basculegion-F, L83, F|119/335\n|turn|21\n|inactive|Time left: 300 sec this turn | 300 sec total\n|\n|t:|1783561120\n|switch|p1a: Bellossom|Bellossom, L84, M|263/263\n|-terastallize|p2a: Oricorio|Ground\n|move|p2a: Oricorio|Revelation Dance|p1a: Bellossom\n|-resisted|p1a: Bellossom\n|-damage|p1a: Bellossom|158/263\n|\n|-heal|p1a: Bellossom|174/263|[from] item: Leftovers\n|upkeep\n|turn|22\n|inactive|Time left: 300 sec this turn | 300 sec total\n|\n|t:|1783561121\n|switch|p1a: Basculegion|Basculegion-F, L83, F|119/335\n|move|p2a: Oricorio|Hurricane|p1a: Basculegion\n|-damage|p1a: Basculegion|0 fnt\n|faint|p1a: Basculegion\n|\n|upkeep\n|inactive|Time left: 300 sec this turn | 300 sec total | 5 sec grace\n|\n|t:|1783561122\n|switch|p1a: Bellossom|Bellossom, L84, M|174/263\n|turn|23\n|inactive|Time left: 300 sec this turn | 300 sec total\n|\n|t:|1783561123\n|move|p2a: Oricorio|Roost|p2a: Oricorio\n|-heal|p2a: Oricorio|78/100\n|move|p1a: Bellossom|Giga Drain|p2a: Oricorio\n|-supereffective|p2a: Oricorio\n|-damage|p2a: Oricorio|50/100\n|-heal|p1a: Bellossom|210/263|[from] drain|[of] p2a: Oricorio\n|\n|-heal|p1a: Bellossom|226/263|[from] item: Leftovers\n|upkeep\n|turn|24\n|inactive|Time left: 300 sec this turn | 300 sec total\n|\n|t:|1783561124\n|move|p2a: Oricorio|Hurricane|p1a: Bellossom|[miss]\n|-miss|p2a: Oricorio|p1a: Bellossom\n|move|p1a: Bellossom|Giga Drain|p2a: Oricorio\n|-supereffective|p2a: Oricorio\n|-damage|p2a: Oricorio|23/100\n|-heal|p1a: Bellossom|260/263|[from] drain|[of] p2a: Oricorio\n|\n|-heal|p1a: Bellossom|263/263|[from] item: Leftovers\n|upkeep\n|turn|25\n|inactive|Time left: 300 sec this turn | 300 sec total\n|\n|t:|1783561125\n|move|p2a: Oricorio|Roost|p2a: Oricorio\n|-heal|p2a: Oricorio|74/100\n|move|p1a: Bellossom|Giga Drain|p2a: Oricorio\n|-supereffective|p2a: Oricorio\n|-damage|p2a: Oricorio|45/100\n|\n|upkeep\n|turn|26\n|inactive|Time left: 300 sec this turn | 300 sec total\n|\n|t:|1783561125\n|move|p2a: Oricorio|Hurricane|p1a: Bellossom\n|-supereffective|p1a: Bellossom\n|-damage|p1a: Bellossom|0 fnt\n|faint|p1a: Bellossom\n|\n|win|p0y1821b051", "uploadtime": 1783561125, "views": 0, "rating": 0, "private": 0, "password": null, "_winner": "p0y1821b051", "_our_name": "p0x18217b10"}