{"id": "battle-gen9randombattle-2608", "formatid": "gen9randombattle", "format": "[Gen 9] Random Battle", "players": ["p0x26081c15", "p0y26083d44"], "log": "|init|battle\n|title|p0x26081c15 vs. p0y26083d44\n|j|\u2606p0x26081c15\n|j|\u2606p0y26083d44\n|t:|1783569152\n|gametype|singles\n|player|p1|p0x26081c15|169|\n|player|p2|p0y26083d44|265|\n|gen|9\n|tier|[Gen 9] Random Battle\n|rule|Species Clause: Limit one of each Pok\u00e9mon\n|rule|HP Percentage Mod: HP is shown in percentages\n|rule|Sleep Clause Mod: Limit one foe put to sleep\n|rule|Illusion Level Mod: Illusion disguises the Pok\u00e9mon's true level\n|\n|t:|1783569152\n|teamsize|p1|6\n|teamsize|p2|6\n|start\n|switch|p1a: Zekrom|Zekrom, L71|259/259\n|switch|p2a: Tsareena|Tsareena, L87, F|100/100\n|-ability|p1a: Zekrom|Teravolt\n|turn|1\n|inactive|Battle timer is ON: inactive players will automatically lose when time's up. (requested by p0x26081c15)\n|inactive|p0y26083d44 also wants the timer to be on.\n|\n|t:|1783569153\n|move|p2a: Tsareena|Triple Axel|p1a: Zekrom\n|-supereffective|p1a: Zekrom\n|-damage|p1a: Zekrom|223/259\n|-supereffective|p1a: Zekrom\n|-crit|p1a: Zekrom\n|-damage|p1a: Zekrom|115/259\n|-supereffective|p1a: Zekrom\n|-crit|p1a: Zekrom\n|-damage|p1a: Zekrom|0 fnt\n|faint|p1a: Zekrom\n|-hitcount|p1: Zekrom|3\n|\n|upkeep\n|inactive|Time left: 300 sec this turn | 300 sec total | 65 sec grace\n|\n|t:|1783569154\n|switch|p1a: Calyrex|Calyrex-Ice, L72|263/263\n|-ability|p1a: Calyrex|As One\n|-ability|p1a: Calyrex|Unnerve\n|turn|2\n|inactive|Time left: 300 sec this turn | 300 sec total\n|\n|t:|1783569155\n|switch|p2a: Houndstone|Houndstone, L86, M|100/100\n|move|p1a: Calyrex|Glacial Lance|p2a: Houndstone\n|-damage|p2a: Houndstone|56/100\n|\n|upkeep\n|turn|3\n|inactive|Time left: 300 sec this turn | 300 sec total\n|\n|t:|1783569156\n|move|p2a: Houndstone|Poltergeist|p1a: Calyrex\n|-activate|p1a: Calyrex|move: Poltergeist|Heavy-Duty Boots\n|-supereffective|p1a: Calyrex\n|-damage|p1a: Calyrex|0 fnt\n|faint|p1a: Calyrex\n|\n|upkeep\n|inactive|Time left: 300 sec this turn | 300 sec total | 5 sec grace\n|\n|t:|1783569157\n|switch|p1a: Sunflora|Sunflora, M|312/312\n|turn|4\n|inactive|Time left: 300 sec this turn | 300 sec total\n|\n|t:|1783569158\n|move|p2a: Houndstone|Poltergeist|p1a: Sunflora\n|-activate|p1a: Sunflora|move: Poltergeist|Choice Specs\n|-damage|p1a: Sunflora|99/312\n|move|p1a: Sunflora|Leaf Storm|p2a: Houndstone\n|-damage|p2a: Houndstone|0 fnt\n|-unboost|p1a: Sunflora|spa|2\n|faint|p2a: Houndstone\n|\n|upkeep\n|\n|t:|1783569158\n|switch|p2a: Tsareena|Tsareena, L87, F|100/100\n|turn|5\n|inactive|Time left: 300 sec this turn | 300 sec total\n|\n|t:|1783569159\n|move|p2a: Tsareena|Power Whip|p1a: Sunflora\n|-resisted|p1a: Sunflora\n|-damage|p1a: Sunflora|12/312\n|move|p1a: Sunflora|Leaf Storm|p2a: Tsareena\n|-resisted|p2a: Tsareena\n|-damage|p2a: Tsareena|84/100\n|-unboost|p1a: Sunflora|spa|2\n|\n|upkeep\n|turn|6\n|inactive|Time left: 300 sec this turn | 300 sec total\n|\n|t:|1783569160\n|switch|p1a: Oricorio|Oricorio-Sensu, L85, F|266/266\n|move|p2a: Tsareena|Triple Axel|p1a: Oricorio\n|-supereffective|p1a: Oricorio\n|-damage|p1a: Oricorio|220/266\n|-supereffective|p1a: Oricorio\n|-damage|p1a: Oricorio|142/266\n|-hitcount|p1a: Oricorio|2\n|\n|upkeep\n|turn|7\n|inactive|Time left: 300 sec this turn | 300 sec total\n|\n|t:|1783569161\n|move|p1a: Oricorio|Roost|p1a: Oricorio\n|-heal|p1a: Oricorio|266/266\n|-singleturn|p1a: Oricorio|move: Roost\n|move|p2a: Tsareena|Triple Axel|p1a: Oricorio\n|-damage|p1a: Oricorio|246/266\n|-damage|p1a: Oricorio|206/266\n|-damage|p1a: Oricorio|147/266\n|-hitcount|p1a: Oricorio|3\n|\n|upkeep\n|turn|8\n|inactive|Time left: 300 sec this turn | 300 sec total\n|\n|t:|1783569162\n|move|p1a: Oricorio|Hurricane|p2a: Tsareena\n|-supereffective|p2a: Tsareena\n|-damage|p2a: Tsareena|29/100\n|-start|p2a: Tsareena|confusion\n|-activate|p2a: Tsareena|confusion\n|-damage|p2a: Tsareena|17/100|[from] confusion\n|\n|upkeep\n|turn|9\n|inactive|Time left: 300 sec this turn | 300 sec total\n|\n|t:|1783569163\n|switch|p2a: Greedent|Greedent, L86, F|100/100\n|move|p1a: Oricorio|Quiver Dance|p1a: Oricorio\n|-boost|p1a: Oricorio|spa|1\n|-boost|p1a: Oricorio|spd|1\n|-boost|p1a: Oricorio|spe|1\n|\n|upkeep\n|turn|10\n|inactive|Time left: 300 sec this turn | 300 sec total\n|\n|t:|1783569165\n|move|p1a: Oricorio|Roost|p1a: Oricorio\n|-heal|p1a: Oricorio|266/266\n|-singleturn|p1a: Oricorio|move: Roost\n|move|p2a: Greedent|Knock Off|p1a: Oricorio\n|-supereffective|p1a: Oricorio\n|-damage|p1a: Oricorio|108/266\n|-enditem|p1a: Oricorio|Heavy-Duty Boots|[from] move: Knock Off|[of] p2a: Greedent\n|\n|upkeep\n|turn|11\n|inactive|Time left: 300 sec this turn | 300 sec total\n|\n|t:|1783569165\n|move|p1a: Oricorio|Roost|p1a: Oricorio\n|-heal|p1a: Oricorio|241/266\n|-singleturn|p1a: Oricorio|move: Roost\n|move|p2a: Greedent|Knock Off|p1a: Oricorio\n|-supereffective|p1a: Oricorio\n|-damage|p1a: Oricorio|123/266\n|\n|upkeep\n|turn|12\n|inactive|Time left: 300 sec this turn | 300 sec total\n|\n|t:|1783569166\n|move|p1a: Oricorio|Quiver Dance|p1a: Oricorio\n|-boost|p1a: Oricorio|spa|1\n|-boost|p1a: Oricorio|spd|1\n|-boost|p1a: Oricorio|spe|1\n|move|p2a: Greedent|Swords Dance|p2a: Greedent\n|-boost|p2a: Greedent|atk|2\n|-activate|p1a: Oricorio|ability: Dancer\n|move|p1a: Oricorio|Swords Dance|p1a: Oricorio|[from] ability: Dancer\n|-boost|p1a: Oricorio|atk|2\n|\n|upkeep\n|turn|13\n|inactive|Time left: 300 sec this turn | 300 sec total\n|\n|t:|1783569167\n|-terastallize|p1a: Oricorio|Fighting\n|move|p1a: Oricorio|Revelation Dance|p2a: Greedent\n|-supereffective|p2a: Greedent\n|-damage|p2a: Greedent|0 fnt\n|faint|p2a: Greedent\n|\n|upkeep\n|\n|t:|1783569168\n|switch|p2a: Reuniclus|Reuniclus, L88, F|100/100\n|turn|14\n|inactive|Time left: 300 sec this turn | 300 sec total\n|\n|t:|1783569169\n|move|p1a: Oricorio|Hurricane|p2a: Reuniclus\n|-damage|p2a: Reuniclus|32/100\n|-start|p2a: Reuniclus|confusion\n|-activate|p2a: Reuniclus|confusion\n|move|p2a: Reuniclus|Psyshock|p1a: Oricorio\n|-supereffective|p1a: Oricorio\n|-damage|p1a: Oricorio|0 fnt\n|faint|p1a: Oricorio\n|\n|upkeep\n|inactive|Time left: 300 sec this turn | 300 sec total | 5 sec grace\n|\n|t:|1783569170\n|switch|p1a: Sunflora|Sunflora, M|12/312\n|turn|15\n|inactive|Time left: 300 sec this turn | 300 sec total\n|\n|t:|1783569171\n|switch|p2a: Tsareena|Tsareena, L87, F|17/100\n|move|p1a: Sunflora|Sludge Bomb|p2a: Tsareena\n|-supereffective|p2a: Tsareena\n|-damage|p2a: Tsareena|0 fnt\n|faint|p2a: Tsareena\n|\n|upkeep\n|\n|t:|1783569171\n|switch|p2a: Glimmora|Glimmora, L75, F|100/100\n|turn|16\n|inactive|Time left: 300 sec this turn | 300 sec total\n|\n|t:|1783569172\n|switch|p1a: Mismagius|Mismagius, L86, F|243/243\n|move|p2a: Glimmora|Meteor Beam||[still]\n|-prepare|p2a: Glimmora|Meteor Beam\n|-boost|p2a: Glimmora|spa|1\n|-enditem|p2a: Glimmora|Power Herb\n|-anim|p2a: Glimmora|Meteor Beam|p1a: Mismagius\n|-crit|p1a: Mismagius\n|-damage|p1a: Mismagius|5/243\n|\n|-heal|p1a: Mismagius|20/243|[from] item: Leftovers\n|upkeep\n|turn|17\n|inactive|Time left: 300 sec this turn | 300 sec total\n|\n|t:|1783569173\n|move|p1a: Mismagius|Shadow Ball|p2a: Glimmora\n|-damage|p2a: Glimmora|55/100\n|move|p2a: Glimmora|Energy Ball|p1a: Mismagius\n|-damage|p1a: Mismagius|0 fnt\n|faint|p1a: Mismagius\n|\n|upkeep\n|inactive|Time left: 300 sec this turn | 300 sec total | 5 sec grace\n|\n|t:|1783569174\n|switch|p1a: Minun|Minun, L95, M|268/268\n|turn|18\n|inactive|Time left: 300 sec this turn | 300 sec total\n|\n|t:|1783569175\n|-terastallize|p2a: Glimmora|Grass\n|move|p1a: Minun|Nasty Plot|p1a: Minun\n|-boost|p1a: Minun|spa|2\n|move|p2a: Glimmora|Earth Power|p1a: Minun\n|-supereffective|p1a: Minun\n|-damage|p1a: Minun|82/268\n|\n|upkeep\n|turn|19\n|inactive|Time left: 300 sec this turn | 300 sec total\n|\n|t:|1783569176\n|move|p1a: Minun|Thunderbolt|p2a: Glimmora\n|-resisted|p2a: Glimmora\n|-damage|p2a: Glimmora|0 fnt\n|faint|p2a: Glimmora\n|-damage|p1a: Minun|56/268|[from] item: Life Orb\n|\n|upkeep\n|\n|t:|1783569176\n|switch|p2a: Reuniclus|Reuniclus, L88, F|32/100\n|turn|20\n|inactive|Time left: 300 sec this turn | 300 sec total\n|\n|t:|1783569177\n|switch|p2a: Klefki|Klefki, L84, F|100/100\n|move|p1a: Minun|Thunderbolt|p2a: Klefki\n|-damage|p2a: Klefki|0 fnt\n|faint|p2a: Klefki\n|-damage|p1a: Minun|30/268|[from] item: Life Orb\n|\n|upkeep\n|\n|t:|1783569178\n|switch|p2a: Reuniclus|Reuniclus, L88, F|32/100\n|turn|21\n|inactive|Time left: 300 sec this turn | 300 sec total\n|\n|t:|1783569179\n|move|p1a: Minun|Thunderbolt|p2a: Reuniclus\n|-damage|p2a: Reuniclus|0 fnt\n|faint|p2a: Reuniclus\n|-damage|p1a: Minun|4/268|[from] item: Life Orb\n|\n|win|p0x26081c15", "uploadtime": 1783569179, "views": 0, "rating": 0, "private": 0, "password": null, "_winner": "p0x26081c15", "_our_name": "p0x26081c15"}