{"id": "battle-gen9randombattle-2456", "formatid": "gen9randombattle", "format": "[Gen 9] Random Battle", "players": ["p0x2456a8fb", "p0y24567145"], "log": "|init|battle\n|title|p0x2456a8fb vs. p0y24567145\n|j|\u2606p0x2456a8fb\n|j|\u2606p0y24567145\n|t:|1783568469\n|gametype|singles\n|player|p1|p0x2456a8fb|266|\n|player|p2|p0y24567145|102|\n|gen|9\n|tier|[Gen 9] Random Battle\n|rule|Species Clause: Limit one of each Pok\u00e9mon\n|rule|HP Percentage Mod: HP is shown in percentages\n|rule|Sleep Clause Mod: Limit one foe put to sleep\n|rule|Illusion Level Mod: Illusion disguises the Pok\u00e9mon's true level\n|\n|t:|1783568469\n|teamsize|p1|6\n|teamsize|p2|6\n|start\n|switch|p1a: Eiscue|Eiscue, L88, M|100/100\n|switch|p2a: Perrserker|Perrserker, L89, F|269/269\n|turn|1\n|inactive|Battle timer is ON: inactive players will automatically lose when time's up. (requested by p0x2456a8fb)\n|inactive|Time left: 300 sec this turn | 300 sec total | 60 sec grace\n|inactive|p0y24567145 also wants the timer to be on.\n|\n|t:|1783568471\n|move|p2a: Perrserker|Knock Off|p1a: Eiscue\n|-activate|p1a: Eiscue|ability: Ice Face\n|-damage|p1a: Eiscue|100/100\n|-enditem|p1a: Eiscue|Sitrus Berry|[from] move: Knock Off|[of] p2a: Perrserker\n|detailschange|p1a: Eiscue|Eiscue-Noice, L88, M\n|move|p1a: Eiscue|Belly Drum|p1a: Eiscue\n|-damage|p1a: Eiscue|50/100\n|-setboost|p1a: Eiscue|atk|6|[from] move: Belly Drum\n|\n|upkeep\n|turn|2\n|inactive|Time left: 300 sec this turn | 300 sec total\n|\n|t:|1783568472\n|move|p1a: Eiscue|Liquidation|p2a: Perrserker\n|-crit|p2a: Perrserker\n|-damage|p2a: Perrserker|0 fnt\n|faint|p2a: Perrserker\n|\n|upkeep\n|inactive|Time left: 300 sec this turn | 300 sec total | 5 sec grace\n|\n|t:|1783568472\n|switch|p2a: Iron Hands|Iron Hands, L79|373/373\n|turn|3\n|inactive|Time left: 300 sec this turn | 300 sec total\n|\n|t:|1783568473\n|-terastallize|p1a: Eiscue|Ground\n|move|p2a: Iron Hands|Fake Out|p1a: Eiscue\n|-damage|p1a: Eiscue|37/100\n|cant|p1a: Eiscue|flinch\n|\n|upkeep\n|turn|4\n|inactive|Time left: 300 sec this turn | 300 sec total\n|\n|t:|1783568474\n|-terastallize|p2a: Iron Hands|Fighting\n|move|p1a: Eiscue|Tera Blast|p2a: Iron Hands|[anim] Tera Blast Ground\n|-damage|p2a: Iron Hands|57/373\n|move|p2a: Iron Hands|Drain Punch|p1a: Eiscue\n|-damage|p1a: Eiscue|0 fnt\n|-heal|p2a: Iron Hands|108/373|[from] drain|[of] p1a: Eiscue\n|faint|p1a: Eiscue\n|\n|upkeep\n|\n|t:|1783568475\n|switch|p1a: Cresselia|Cresselia, L80, F|100/100\n|turn|5\n|inactive|Time left: 300 sec this turn | 300 sec total\n|\n|t:|1783568476\n|-end|p2a: Iron Hands|Quark Drive|[silent]\n|switch|p2a: Luxray|Luxray, L88, M|283/283\n|move|p1a: Cresselia|Psyshock|p2a: Luxray\n|-damage|p2a: Luxray|214/283\n|\n|-status|p2a: Luxray|brn|[from] item: Flame Orb\n|upkeep\n|turn|6\n|inactive|Time left: 300 sec this turn | 300 sec total\n|\n|t:|1783568477\n|move|p1a: Cresselia|Calm Mind|p1a: Cresselia\n|-boost|p1a: Cresselia|spa|1\n|-boost|p1a: Cresselia|spd|1\n|move|p2a: Luxray|Facade|p1a: Cresselia\n|-damage|p1a: Cresselia|51/100\n|\n|-heal|p1a: Cresselia|57/100|[from] item: Leftovers\n|-damage|p2a: Luxray|197/283 brn|[from] brn\n|upkeep\n|turn|7\n|inactive|Time left: 300 sec this turn | 300 sec total\n|\n|t:|1783568478\n|move|p1a: Cresselia|Moonlight|p1a: Cresselia\n|-heal|p1a: Cresselia|100/100\n|move|p2a: Luxray|Supercell Slam|p1a: Cresselia\n|-damage|p1a: Cresselia|43/100\n|\n|-heal|p1a: Cresselia|49/100|[from] item: Leftovers\n|-damage|p2a: Luxray|180/283 brn|[from] brn\n|upkeep\n|turn|8\n|inactive|Time left: 300 sec this turn | 300 sec total\n|\n|t:|1783568479\n|move|p1a: Cresselia|Moonlight|p1a: Cresselia\n|-heal|p1a: Cresselia|99/100\n|move|p2a: Luxray|Supercell Slam|p1a: Cresselia\n|-damage|p1a: Cresselia|44/100\n|\n|-heal|p1a: Cresselia|50/100|[from] item: Leftovers\n|-damage|p2a: Luxray|163/283 brn|[from] brn\n|upkeep\n|turn|9\n|inactive|Time left: 300 sec this turn | 300 sec total\n|\n|t:|1783568480\n|move|p1a: Cresselia|Moonlight|p1a: Cresselia\n|-heal|p1a: Cresselia|99/100\n|move|p2a: Luxray|Facade|p1a: Cresselia\n|-damage|p1a: Cresselia|47/100\n|\n|-heal|p1a: Cresselia|53/100|[from] item: Leftovers\n|-damage|p2a: Luxray|146/283 brn|[from] brn\n|upkeep\n|turn|10\n|inactive|Time left: 300 sec this turn | 300 sec total\n|\n|t:|1783568481\n|move|p1a: Cresselia|Moonlight|p1a: Cresselia\n|-heal|p1a: Cresselia|100/100\n|move|p2a: Luxray|Supercell Slam|p1a: Cresselia\n|-damage|p1a: Cresselia|44/100\n|\n|-heal|p1a: Cresselia|51/100|[from] item: Leftovers\n|-damage|p2a: Luxray|129/283 brn|[from] brn\n|upkeep\n|turn|11\n|inactive|Time left: 300 sec this turn | 300 sec total\n|\n|t:|1783568482\n|move|p1a: Cresselia|Moonlight|p1a: Cresselia\n|-heal|p1a: Cresselia|100/100\n|move|p2a: Luxray|Supercell Slam|p1a: Cresselia\n|-damage|p1a: Cresselia|41/100\n|\n|-heal|p1a: Cresselia|47/100|[from] item: Leftovers\n|-damage|p2a: Luxray|112/283 brn|[from] brn\n|upkeep\n|turn|12\n|inactive|Time left: 300 sec this turn | 300 sec total\n|\n|t:|1783568483\n|move|p1a: Cresselia|Moonlight|p1a: Cresselia\n|-heal|p1a: Cresselia|97/100\n|move|p2a: Luxray|Facade|p1a: Cresselia\n|-damage|p1a: Cresselia|45/100\n|\n|-heal|p1a: Cresselia|52/100|[from] item: Leftovers\n|-damage|p2a: Luxray|95/283 brn|[from] brn\n|upkeep\n|turn|13\n|inactive|Time left: 300 sec this turn | 300 sec total\n|\n|t:|1783568483\n|switch|p2a: Basculin|Basculin, L86, F|261/261\n|move|p1a: Cresselia|Psyshock|p2a: Basculin\n|-damage|p2a: Basculin|140/261\n|\n|-heal|p1a: Cresselia|58/100|[from] item: Leftovers\n|upkeep\n|turn|14\n|inactive|Time left: 300 sec this turn | 300 sec total\n|\n|t:|1783568484\n|switch|p1a: Tatsugiri|Tatsugiri, L87, F|100/100\n|move|p2a: Basculin|Wave Crash|p1a: Tatsugiri\n|-ability|p1a: Tatsugiri|Storm Drain|boost\n|-boost|p1a: Tatsugiri|spa|1\n|\n|upkeep\n|turn|15\n|inactive|Time left: 300 sec this turn | 300 sec total\n|\n|t:|1783568485\n|switch|p2a: Iron Hands|Iron Hands, L79, tera:Fighting|108/373\n|move|p1a: Tatsugiri|Hydro Pump|p2a: Iron Hands|[miss]\n|-miss|p1a: Tatsugiri|p2a: Iron Hands\n|\n|upkeep\n|turn|16\n|inactive|Time left: 300 sec this turn | 300 sec total\n|\n|t:|1783568486\n|move|p2a: Iron Hands|Fake Out|p1a: Tatsugiri\n|-damage|p1a: Tatsugiri|85/100\n|cant|p1a: Tatsugiri|flinch\n|\n|upkeep\n|turn|17\n|inactive|Time left: 300 sec this turn | 300 sec total\n|\n|t:|1783568487\n|move|p1a: Tatsugiri|Hydro Pump|p2a: Iron Hands\n|-damage|p2a: Iron Hands|0 fnt\n|faint|p2a: Iron Hands\n|-end|p2a: Iron Hands|Quark Drive|[silent]\n|\n|upkeep\n|inactive|Time left: 300 sec this turn | 300 sec total | 5 sec grace\n|\n|t:|1783568488\n|switch|p2a: Glaceon|Glaceon, L94, M|275/275\n|turn|18\n|inactive|Time left: 300 sec this turn | 300 sec total\n|\n|t:|1783568489\n|move|p1a: Tatsugiri|Draco Meteor|p2a: Glaceon\n|-damage|p2a: Glaceon|49/275\n|-unboost|p1a: Tatsugiri|spa|2\n|move|p2a: Glaceon|Freeze-Dry|p1a: Tatsugiri\n|-supereffective|p1a: Tatsugiri\n|-damage|p1a: Tatsugiri|0 fnt\n|faint|p1a: Tatsugiri\n|\n|upkeep\n|\n|t:|1783568490\n|switch|p1a: Cresselia|Cresselia, L80, F|58/100\n|turn|19\n|inactive|Time left: 300 sec this turn | 300 sec total\n|\n|t:|1783568491\n|move|p1a: Cresselia|Calm Mind|p1a: Cresselia\n|-boost|p1a: Cresselia|spa|1\n|-boost|p1a: Cresselia|spd|1\n|move|p2a: Glaceon|Wish|p2a: Glaceon\n|\n|-heal|p1a: Cresselia|64/100|[from] item: Leftovers\n|upkeep\n|turn|20\n|inactive|Time left: 300 sec this turn | 300 sec total\n|\n|t:|1783568492\n|move|p2a: Glaceon|Protect|p2a: Glaceon\n|-singleturn|p2a: Glaceon|Protect\n|move|p1a: Cresselia|Psyshock|p2a: Glaceon\n|-activate|p2a: Glaceon|move: Protect\n|\n|-heal|p2a: Glaceon|186/275|[from] move: Wish|[wisher] Glaceon\n|-heal|p1a: Cresselia|70/100|[from] item: Leftovers\n|upkeep\n|turn|21\n|inactive|Time left: 300 sec this turn | 300 sec total\n|\n|t:|1783568493\n|move|p1a: Cresselia|Calm Mind|p1a: Cresselia\n|-boost|p1a: Cresselia|spa|1\n|-boost|p1a: Cresselia|spd|1\n|move|p2a: Glaceon|Calm Mind|p2a: Glaceon\n|-boost|p2a: Glaceon|spa|1\n|-boost|p2a: Glaceon|spd|1\n|\n|-heal|p1a: Cresselia|76/100|[from] item: Leftovers\n|upkeep\n|turn|22\n|inactive|Time left: 300 sec this turn | 300 sec total\n|\n|t:|1783568494\n|move|p2a: Glaceon|Protect|p2a: Glaceon\n|-singleturn|p2a: Glaceon|Protect\n|move|p1a: Cresselia|Psyshock|p2a: Glaceon\n|-activate|p2a: Glaceon|move: Protect\n|\n|-heal|p1a: Cresselia|83/100|[from] item: Leftovers\n|upkeep\n|turn|23\n|inactive|Time left: 300 sec this turn | 300 sec total\n|\n|t:|1783568495\n|move|p1a: Cresselia|Psyshock|p2a: Glaceon\n|-damage|p2a: Glaceon|95/275\n|move|p2a: Glaceon|Wish|p2a: Glaceon\n|\n|-heal|p1a: Cresselia|89/100|[from] item: Leftovers\n|upkeep\n|turn|24\n|inactive|Time left: 300 sec this turn | 300 sec total\n|\n|t:|1783568496\n|move|p2a: Glaceon|Protect|p2a: Glaceon\n|-singleturn|p2a: Glaceon|Protect\n|move|p1a: Cresselia|Psyshock|p2a: Glaceon\n|-activate|p2a: Glaceon|move: Protect\n|\n|-heal|p2a: Glaceon|232/275|[from] move: Wish|[wisher] Glaceon\n|-heal|p1a: Cresselia|95/100|[from] item: Leftovers\n|upkeep\n|turn|25\n|inactive|Time left: 300 sec this turn | 300 sec total\n|\n|t:|1783568497\n|move|p1a: Cresselia|Calm Mind|p1a: Cresselia\n|-boost|p1a: Cresselia|spa|1\n|-boost|p1a: Cresselia|spd|1\n|move|p2a: Glaceon|Wish|p2a: Glaceon\n|\n|-heal|p1a: Cresselia|100/100|[from] item: Leftovers\n|upkeep\n|turn|26\n|inactive|Time left: 300 sec this turn | 300 sec total\n|\n|t:|1783568498\n|move|p1a: Cresselia|Calm Mind|p1a: Cresselia\n|-boost|p1a: Cresselia|spa|1\n|-boost|p1a: Cresselia|spd|1\n|move|p2a: Glaceon|Calm Mind|p2a: Glaceon\n|-boost|p2a: Glaceon|spa|1\n|-boost|p2a: Glaceon|spd|1\n|\n|-heal|p2a: Glaceon|275/275|[from] move: Wish|[wisher] Glaceon\n|upkeep\n|turn|27\n|inactive|Time left: 300 sec this turn | 300 sec total\n|\n|t:|1783568499\n|move|p2a: Glaceon|Protect|p2a: Glaceon\n|-singleturn|p2a: Glaceon|Protect\n|move|p1a: Cresselia|Psyshock|p2a: Glaceon\n|-activate|p2a: Glaceon|move: Protect\n|\n|upkeep\n|turn|28\n|inactive|Time left: 300 sec this turn | 300 sec total\n|\n|t:|1783568500\n|move|p1a: Cresselia|Psyshock|p2a: Glaceon\n|-damage|p2a: Glaceon|140/275\n|move|p2a: Glaceon|Wish|p2a: Glaceon\n|\n|upkeep\n|turn|29\n|inactive|Time left: 300 sec this turn | 300 sec total\n|\n|t:|1783568501\n|move|p2a: Glaceon|Protect|p2a: Glaceon\n|-singleturn|p2a: Glaceon|Protect\n|move|p1a: Cresselia|Psyshock|p2a: Glaceon\n|-activate|p2a: Glaceon|move: Protect\n|\n|-heal|p2a: Glaceon|275/275|[from] move: Wish|[wisher] Glaceon\n|upkeep\n|turn|30\n|inactive|Time left: 300 sec this turn | 300 sec total\n|\n|t:|1783568502\n|move|p1a: Cresselia|Psyshock|p2a: Glaceon\n|-damage|p2a: Glaceon|136/275\n|move|p2a: Glaceon|Wish|p2a: Glaceon\n|\n|upkeep\n|turn|31\n|inactive|Time left: 300 sec this turn | 300 sec total\n|\n|t:|1783568504\n|move|p2a: Glaceon|Protect|p2a: Glaceon\n|-singleturn|p2a: Glaceon|Protect\n|move|p1a: Cresselia|Psyshock|p2a: Glaceon\n|-activate|p2a: Glaceon|move: Protect\n|\n|-heal|p2a: Glaceon|273/275|[from] move: Wish|[wisher] Glaceon\n|upkeep\n|turn|32\n|inactive|Time left: 300 sec this turn | 300 sec total\n|\n|t:|1783568505\n|move|p1a: Cresselia|Psyshock|p2a: Glaceon\n|-damage|p2a: Glaceon|134/275\n|move|p2a: Glaceon|Wish|p2a: Glaceon\n|\n|upkeep\n|turn|33\n|inactive|Time left: 300 sec this turn | 300 sec total\n|\n|t:|1783568506\n|move|p2a: Glaceon|Protect|p2a: Glaceon\n|-singleturn|p2a: Glaceon|Protect\n|move|p1a: Cresselia|Psyshock|p2a: Glaceon\n|-activate|p2a: Glaceon|move: Protect\n|\n|-heal|p2a: Glaceon|271/275|[from] move: Wish|[wisher] Glaceon\n|upkeep\n|turn|34\n|inactive|Time left: 300 sec this turn | 300 sec total\n|\n|t:|1783568507\n|move|p1a: Cresselia|Psyshock|p2a: Glaceon\n|-crit|p2a: Glaceon\n|-damage|p2a: Glaceon|36/275\n|move|p2a: Glaceon|Wish|p2a: Glaceon\n|\n|upkeep\n|turn|35\n|inactive|Time left: 300 sec this turn | 300 sec total\n|\n|t:|1783568508\n|move|p2a: Glaceon|Protect|p2a: Glaceon\n|-singleturn|p2a: Glaceon|Protect\n|move|p1a: Cresselia|Thunderbolt|p2a: Glaceon\n|-activate|p2a: Glaceon|move: Protect\n|\n|-heal|p2a: Glaceon|173/275|[from] move: Wish|[wisher] Glaceon\n|upkeep\n|turn|36\n|inactive|Time left: 300 sec this turn | 300 sec total\n|\n|t:|1783568509\n|move|p1a: Cresselia|Psyshock|p2a: Glaceon\n|-damage|p2a: Glaceon|29/275\n|move|p2a: Glaceon|Wish|p2a: Glaceon\n|\n|upkeep\n|turn|37\n|inactive|Time left: 300 sec this turn | 300 sec total\n|\n|t:|1783568510\n|move|p2a: Glaceon|Protect|p2a: Glaceon\n|-singleturn|p2a: Glaceon|Protect\n|move|p1a: Cresselia|Thunderbolt|p2a: Glaceon\n|-activate|p2a: Glaceon|move: Protect\n|\n|-heal|p2a: Glaceon|166/275|[from] move: Wish|[wisher] Glaceon\n|upkeep\n|turn|38\n|inactive|Time left: 300 sec this turn | 300 sec total\n|\n|t:|1783568511\n|move|p1a: Cresselia|Psyshock|p2a: Glaceon\n|-damage|p2a: Glaceon|12/275\n|move|p2a: Glaceon|Wish|p2a: Glaceon\n|\n|upkeep\n|turn|39\n|inactive|Time left: 300 sec this turn | 300 sec total\n|\n|t:|1783568512\n|move|p2a: Glaceon|Protect|p2a: Glaceon\n|-singleturn|p2a: Glaceon|Protect\n|move|p1a: Cresselia|Thunderbolt|p2a: Glaceon\n|-activate|p2a: Glaceon|move: Protect\n|\n|-heal|p2a: Glaceon|149/275|[from] move: Wish|[wisher] Glaceon\n|upkeep\n|turn|40\n|inactive|Time left: 300 sec this turn | 300 sec total\n|\n|t:|1783568513\n|move|p1a: Cresselia|Thunderbolt|p2a: Glaceon\n|-damage|p2a: Glaceon|91/275\n|move|p2a: Glaceon|Wish|p2a: Glaceon\n|\n|upkeep\n|turn|41\n|inactive|Time left: 300 sec this turn | 300 sec total\n|\n|t:|1783568514\n|move|p1a: Cresselia|Thunderbolt|p2a: Glaceon\n|-damage|p2a: Glaceon|32/275\n|move|p2a: Glaceon|Calm Mind|p2a: Glaceon\n|-boost|p2a: Glaceon|spa|1\n|-boost|p2a: Glaceon|spd|1\n|\n|-heal|p2a: Glaceon|169/275|[from] move: Wish|[wisher] Glaceon\n|upkeep\n|turn|42\n|inactive|Time left: 300 sec this turn | 300 sec total\n|\n|t:|1783568515\n|move|p1a: Cresselia|Calm Mind|p1a: Cresselia\n|-boost|p1a: Cresselia|spa|1\n|-boost|p1a: Cresselia|spd|1\n|move|p2a: Glaceon|Wish|p2a: Glaceon\n|\n|upkeep\n|turn|43\n|inactive|Time left: 300 sec this turn | 300 sec total\n|\n|t:|1783568516\n|move|p1a: Cresselia|Thunderbolt|p2a: Glaceon\n|-damage|p2a: Glaceon|110/275\n|move|p2a: Glaceon|Calm Mind|p2a: Glaceon\n|-boost|p2a: Glaceon|spa|1\n|-boost|p2a: Glaceon|spd|1\n|\n|-heal|p2a: Glaceon|247/275|[from] move: Wish|[wisher] Glaceon\n|upkeep\n|turn|44\n|inactive|Time left: 300 sec this turn | 300 sec total\n|\n|t:|1783568517\n|move|p1a: Cresselia|Thunderbolt|p2a: Glaceon\n|-damage|p2a: Glaceon|201/275\n|move|p2a: Glaceon|Calm Mind|p2a: Glaceon\n|-boost|p2a: Glaceon|spa|1\n|-boost|p2a: Glaceon|spd|1\n|\n|upkeep\n|turn|45\n|inactive|Time left: 300 sec this turn | 300 sec total\n|\n|t:|1783568518\n|move|p1a: Cresselia|Thunderbolt|p2a: Glaceon\n|-damage|p2a: Glaceon|163/275\n|move|p2a: Glaceon|Freeze-Dry|p1a: Cresselia\n|-damage|p1a: Cresselia|70/100\n|-status|p1a: Cresselia|frz\n|\n|-heal|p1a: Cresselia|76/100 frz|[from] item: Leftovers\n|upkeep\n|turn|46\n|inactive|Time left: 300 sec this turn | 300 sec total\n|\n|t:|1783568519\n|-curestatus|p1a: Cresselia|frz|[msg]\n|move|p1a: Cresselia|Thunderbolt|p2a: Glaceon\n|-damage|p2a: Glaceon|122/275\n|move|p2a: Glaceon|Freeze-Dry|p1a: Cresselia\n|-damage|p1a: Cresselia|47/100\n|\n|-heal|p1a: Cresselia|53/100|[from] item: Leftovers\n|upkeep\n|turn|47\n|inactive|Time left: 300 sec this turn | 300 sec total\n|\n|t:|1783568520\n|move|p1a: Cresselia|Thunderbolt|p2a: Glaceon\n|-damage|p2a: Glaceon|84/275\n|move|p2a: Glaceon|Wish|p2a: Glaceon\n|\n|-heal|p1a: Cresselia|59/100|[from] item: Leftovers\n|upkeep\n|turn|48\n|inactive|Time left: 300 sec this turn | 300 sec total\n|\n|t:|1783568521\n|move|p1a: Cresselia|Thunderbolt|p2a: Glaceon\n|-damage|p2a: Glaceon|45/275\n|move|p2a: Glaceon|Freeze-Dry|p1a: Cresselia\n|-damage|p1a: Cresselia|31/100\n|\n|-heal|p2a: Glaceon|182/275|[from] move: Wish|[wisher] Glaceon\n|-heal|p1a: Cresselia|37/100|[from] item: Leftovers\n|upkeep\n|turn|49\n|inactive|Time left: 300 sec this turn | 300 sec total\n|\n|t:|1783568522\n|move|p1a: Cresselia|Moonlight|p1a: Cresselia\n|-heal|p1a: Cresselia|87/100\n|move|p2a: Glaceon|Freeze-Dry|p1a: Cresselia\n|-damage|p1a: Cresselia|57/100\n|\n|-heal|p1a: Cresselia|64/100|[from] item: Leftovers\n|upkeep\n|turn|50\n|inactive|Time left: 300 sec this turn | 300 sec total\n|\n|t:|1783568524\n|move|p1a: Cresselia|Thunderbolt|p2a: Glaceon\n|-damage|p2a: Glaceon|144/275\n|move|p2a: Glaceon|Wish|p2a: Glaceon\n|\n|-heal|p1a: Cresselia|70/100|[from] item: Leftovers\n|upkeep\n|turn|51\n|inactive|Time left: 300 sec this turn | 300 sec total\n|\n|t:|1783568525\n|move|p1a: Cresselia|Thunderbolt|p2a: Glaceon\n|-damage|p2a: Glaceon|104/275\n|move|p2a: Glaceon|Freeze-Dry|p1a: Cresselia\n|-damage|p1a: Cresselia|40/100\n|\n|-heal|p2a: Glaceon|241/275|[from] move: Wish|[wisher] Glaceon\n|-heal|p1a: Cresselia|46/100|[from] item: Leftovers\n|upkeep\n|turn|52\n|inactive|Time left: 300 sec this turn | 300 sec total\n|\n|t:|1783568526\n|move|p1a: Cresselia|Moonlight|p1a: Cresselia\n|-heal|p1a: Cresselia|96/100\n|move|p2a: Glaceon|Freeze-Dry|p1a: Cresselia\n|-crit|p1a: Cresselia\n|-damage|p1a: Cresselia|0 fnt\n|faint|p1a: Cresselia\n|\n|upkeep\n|\n|t:|1783568527\n|switch|p1a: Azelf|Azelf, L82|100/100\n|turn|53\n|inactive|Time left: 300 sec this turn | 300 sec total\n|\n|t:|1783568528\n|move|p1a: Azelf|Explosion|p2a: Glaceon\n|-damage|p2a: Glaceon|41/275\n|faint|p1a: Azelf\n|move|p2a: Glaceon|Freeze-Dry|p1: Azelf|[notarget]\n|-fail|p2a: Glaceon\n|\n|upkeep\n|\n|t:|1783568529\n|switch|p1a: Delibird|Delibird, M|100/100\n|turn|54\n|inactive|Time left: 300 sec this turn | 300 sec total\n|\n|t:|1783568530\n|move|p1a: Delibird|Brave Bird|p2a: Glaceon\n|-damage|p2a: Glaceon|0 fnt\n|faint|p2a: Glaceon\n|-damage|p1a: Delibird|95/100|[from] Recoil\n|\n|upkeep\n|inactive|Time left: 300 sec this turn | 300 sec total | 5 sec grace\n|\n|t:|1783568531\n|switch|p2a: Basculin|Basculin, L86, F|140/261\n|turn|55\n|inactive|Time left: 300 sec this turn | 300 sec total\n|\n|t:|1783568532\n|switch|p1a: Raging Bolt|Raging Bolt, L78|100/100\n|move|p2a: Basculin|Wave Crash|p1a: Raging Bolt\n|-resisted|p1a: Raging Bolt\n|-damage|p1a: Raging Bolt|61/100\n|-damage|p2a: Basculin|98/261|[from] Recoil\n|\n|upkeep\n|turn|56\n|inactive|Time left: 300 sec this turn | 300 sec total\n|\n|t:|1783568532\n|move|p1a: Raging Bolt|Thunderclap|p2a: Basculin\n|-supereffective|p2a: Basculin\n|-damage|p2a: Basculin|0 fnt\n|faint|p2a: Basculin\n|\n|upkeep\n|inactive|Time left: 300 sec this turn | 300 sec total | 5 sec grace\n|\n|t:|1783568533\n|switch|p2a: Luxray|Luxray, L88, M|95/283 brn\n|turn|57\n|inactive|Time left: 300 sec this turn | 300 sec total\n|\n|t:|1783568535\n|move|p2a: Luxray|Facade|p1a: Raging Bolt\n|-damage|p1a: Raging Bolt|3/100\n|move|p1a: Raging Bolt|Draco Meteor|p2a: Luxray\n|-damage|p2a: Luxray|0 fnt\n|-unboost|p1a: Raging Bolt|spa|2\n|faint|p2a: Luxray\n|\n|upkeep\n|inactive|Time left: 300 sec this turn | 300 sec total | 5 sec grace\n|\n|t:|1783568536\n|switch|p2a: Sableye|Sableye, L88, M|231/231\n|turn|58\n|inactive|Time left: 300 sec this turn | 300 sec total\n|\n|t:|1783568537\n|move|p1a: Raging Bolt|Draco Meteor|p2a: Sableye|[miss]\n|-miss|p1a: Raging Bolt|p2a: Sableye\n|move|p2a: Sableye|Knock Off|p1a: Raging Bolt\n|-damage|p1a: Raging Bolt|0 fnt\n|-enditem|p1a: Raging Bolt|Assault Vest|[from] move: Knock Off|[of] p2a: Sableye\n|faint|p1a: Raging Bolt\n|-end|p1a: Raging Bolt|Protosynthesis|[silent]\n|\n|upkeep\n|\n|t:|1783568538\n|switch|p1a: Delibird|Delibird, M|95/100\n|turn|59\n|inactive|Time left: 300 sec this turn | 300 sec total\n|\n|t:|1783568539\n|move|p2a: Sableye|Will-O-Wisp|p1a: Delibird\n|-status|p1a: Delibird|brn\n|move|p1a: Delibird|Freeze-Dry|p2a: Sableye\n|-damage|p2a: Sableye|144/231\n|\n|-heal|p2a: Sableye|158/231|[from] item: Leftovers\n|-damage|p1a: Delibird|89/100 brn|[from] brn\n|upkeep\n|turn|60\n|inactive|Time left: 300 sec this turn | 300 sec total\n|\n|t:|1783568539\n|move|p1a: Delibird|Freeze-Dry|p2a: Sableye\n|-damage|p2a: Sableye|61/231\n|move|p2a: Sableye|Knock Off|p1a: Delibird\n|-damage|p1a: Delibird|37/100 brn\n|-enditem|p1a: Delibird|Heavy-Duty Boots|[from] move: Knock Off|[of] p2a: Sableye\n|\n|-heal|p2a: Sableye|75/231|[from] item: Leftovers\n|-damage|p1a: Delibird|31/100 brn|[from] brn\n|upkeep\n|turn|61\n|inactive|Time left: 300 sec this turn | 300 sec total\n|\n|t:|1783568540\n|move|p2a: Sableye|Recover|p2a: Sableye\n|-heal|p2a: Sableye|191/231\n|move|p1a: Delibird|Freeze-Dry|p2a: Sableye\n|-damage|p2a: Sableye|94/231\n|-status|p2a: Sableye|frz\n|\n|-heal|p2a: Sableye|108/231 frz|[from] item: Leftovers\n|-damage|p1a: Delibird|25/100 brn|[from] brn\n|upkeep\n|turn|62\n|inactive|Time left: 300 sec this turn | 300 sec total\n|\n|t:|1783568541\n|move|p1a: Delibird|Freeze-Dry|p2a: Sableye\n|-damage|p2a: Sableye|9/231 frz\n|-curestatus|p2a: Sableye|frz|[msg]\n|move|p2a: Sableye|Knock Off|p1a: Delibird\n|-damage|p1a: Delibird|0 fnt\n|faint|p1a: Delibird\n|\n|win|p0y24567145", "uploadtime": 1783568541, "views": 0, "rating": 0, "private": 0, "password": null, "_winner": "p0y24567145", "_our_name": "p0y24567145"}