{"id": "battle-gen9randombattle-2928", "formatid": "gen9randombattle", "format": "[Gen 9] Random Battle", "players": ["p0x29288ac1", "p0y2928d0ed"], "log": "|init|battle\n|title|p0x29288ac1 vs. p0y2928d0ed\n|j|\u2606p0x29288ac1\n|j|\u2606p0y2928d0ed\n|t:|1783572739\n|gametype|singles\n|player|p1|p0x29288ac1|101|\n|player|p2|p0y2928d0ed|169|\n|gen|9\n|tier|[Gen 9] Random Battle\n|rule|Species Clause: Limit one of each Pok\u00e9mon\n|rule|HP Percentage Mod: HP is shown in percentages\n|rule|Sleep Clause Mod: Limit one foe put to sleep\n|rule|Illusion Level Mod: Illusion disguises the Pok\u00e9mon's true level\n|\n|t:|1783572739\n|teamsize|p1|6\n|teamsize|p2|6\n|start\n|switch|p1a: Smeargle|Smeargle, L95, M|100/100\n|switch|p2a: Florges|Florges-Yellow, L85, F|271/271\n|turn|1\n|inactive|Battle timer is ON: inactive players will automatically lose when time's up. (requested by p0x29288ac1)\n|inactive|Time left: 300 sec this turn | 300 sec total | 60 sec grace\n|inactive|p0y2928d0ed also wants the timer to be on.\n|\n|t:|1783572740\n|move|p1a: Smeargle|Spore|p2a: Florges\n|-status|p2a: Florges|slp|[from] move: Spore\n|cant|p2a: Florges|slp\n|\n|upkeep\n|turn|2\n|inactive|Time left: 300 sec this turn | 300 sec total\n|\n|t:|1783572741\n|switch|p2a: Rhydon|Rhydon, L85, M|317/317\n|move|p1a: Smeargle|Shell Smash|p1a: Smeargle\n|-unboost|p1a: Smeargle|def|1\n|-unboost|p1a: Smeargle|spd|1\n|-boost|p1a: Smeargle|atk|2\n|-boost|p1a: Smeargle|spa|2\n|-boost|p1a: Smeargle|spe|2\n|\n|upkeep\n|turn|3\n|inactive|Time left: 300 sec this turn | 300 sec total\n|\n|t:|1783572742\n|move|p1a: Smeargle|Population Bomb|p2a: Rhydon\n|-resisted|p2a: Rhydon\n|-damage|p2a: Rhydon|308/317\n|-resisted|p2a: Rhydon\n|-damage|p2a: Rhydon|299/317\n|-resisted|p2a: Rhydon\n|-damage|p2a: Rhydon|291/317\n|-resisted|p2a: Rhydon\n|-damage|p2a: Rhydon|283/317\n|-resisted|p2a: Rhydon\n|-damage|p2a: Rhydon|274/317\n|-resisted|p2a: Rhydon\n|-damage|p2a: Rhydon|265/317\n|-resisted|p2a: Rhydon\n|-damage|p2a: Rhydon|256/317\n|-resisted|p2a: Rhydon\n|-damage|p2a: Rhydon|247/317\n|-resisted|p2a: Rhydon\n|-damage|p2a: Rhydon|239/317\n|-resisted|p2a: Rhydon\n|-damage|p2a: Rhydon|230/317\n|-hitcount|p2a: Rhydon|10\n|move|p2a: Rhydon|Earthquake|p1a: Smeargle\n|-damage|p1a: Smeargle|0 fnt\n|faint|p1a: Smeargle\n|\n|upkeep\n|\n|t:|1783572743\n|switch|p1a: Polteageist|Polteageist, L78|100/100\n|turn|4\n|inactive|Time left: 300 sec this turn | 300 sec total\n|\n|t:|1783572744\n|move|p1a: Polteageist|Shell Smash|p1a: Polteageist\n|-unboost|p1a: Polteageist|def|1\n|-unboost|p1a: Polteageist|spd|1\n|-boost|p1a: Polteageist|atk|2\n|-boost|p1a: Polteageist|spa|2\n|-boost|p1a: Polteageist|spe|2\n|-enditem|p1a: Polteageist|White Herb\n|-clearnegativeboost|p1a: Polteageist|[silent]\n|move|p2a: Rhydon|Earthquake|p1a: Polteageist\n|-damage|p1a: Polteageist|23/100\n|-start|p2a: Rhydon|Disable|Earthquake|[from] ability: Cursed Body|[of] p1a: Polteageist\n|\n|upkeep\n|turn|5\n|inactive|Time left: 300 sec this turn | 300 sec total\n|\n|t:|1783572745\n|move|p1a: Polteageist|Stored Power|p2a: Rhydon\n|-crit|p2a: Rhydon\n|-damage|p2a: Rhydon|0 fnt\n|faint|p2a: Rhydon\n|\n|upkeep\n|inactive|Time left: 300 sec this turn | 300 sec total | 5 sec grace\n|\n|t:|1783572746\n|switch|p2a: Emboar|Emboar, L84, F|322/322\n|turn|6\n|inactive|Time left: 300 sec this turn | 300 sec total\n|\n|t:|1783572747\n|-terastallize|p2a: Emboar|Fire\n|move|p1a: Polteageist|Stored Power|p2a: Emboar\n|-damage|p2a: Emboar|64/322\n|move|p2a: Emboar|Flare Blitz|p1a: Polteageist\n|-damage|p1a: Polteageist|0 fnt\n|faint|p1a: Polteageist\n|-damage|p2a: Emboar|47/322|[from] Recoil\n|\n|upkeep\n|\n|t:|1783572748\n|switch|p1a: Typhlosion|Typhlosion-Hisui, L83, F|100/100\n|turn|7\n|inactive|Time left: 300 sec this turn | 300 sec total\n|\n|t:|1783572749\n|switch|p2a: Walking Wake|Walking Wake, L79|286/286\n|move|p1a: Typhlosion|Fire Blast|p2a: Walking Wake\n|-resisted|p2a: Walking Wake\n|-damage|p2a: Walking Wake|234/286\n|-status|p2a: Walking Wake|brn\n|\n|-damage|p2a: Walking Wake|217/286 brn|[from] brn\n|upkeep\n|turn|8\n|inactive|Time left: 300 sec this turn | 300 sec total\n|\n|t:|1783572750\n|move|p2a: Walking Wake|Hydro Pump|p1a: Typhlosion|[miss]\n|-miss|p2a: Walking Wake|p1a: Typhlosion\n|move|p1a: Typhlosion|Fire Blast|p2a: Walking Wake\n|-resisted|p2a: Walking Wake\n|-crit|p2a: Walking Wake\n|-damage|p2a: Walking Wake|133/286 brn\n|\n|-damage|p2a: Walking Wake|116/286 brn|[from] brn\n|upkeep\n|turn|9\n|inactive|Time left: 300 sec this turn | 300 sec total\n|\n|t:|1783572751\n|switch|p1a: Vigoroth|Vigoroth, L85, F|100/100\n|move|p2a: Walking Wake|Hydro Pump|p1a: Vigoroth|[miss]\n|-miss|p2a: Walking Wake|p1a: Vigoroth\n|\n|-damage|p2a: Walking Wake|99/286 brn|[from] brn\n|upkeep\n|turn|10\n|inactive|Time left: 300 sec this turn | 300 sec total\n|\n|t:|1783572752\n|move|p2a: Walking Wake|Hydro Pump|p1a: Vigoroth\n|-damage|p1a: Vigoroth|41/100\n|move|p1a: Vigoroth|Body Slam|p2a: Walking Wake\n|-damage|p2a: Walking Wake|15/286 brn\n|\n|-damage|p2a: Walking Wake|0 fnt|[from] brn\n|faint|p2a: Walking Wake\n|-end|p2a: Walking Wake|Protosynthesis|[silent]\n|upkeep\n|inactive|Time left: 300 sec this turn | 300 sec total | 5 sec grace\n|\n|t:|1783572753\n|switch|p2a: Shaymin|Shaymin-Sky, L73|266/266\n|turn|11\n|inactive|Time left: 300 sec this turn | 300 sec total\n|\n|t:|1783572754\n|move|p2a: Shaymin|Seed Flare|p1a: Vigoroth\n|-damage|p1a: Vigoroth|0 fnt\n|faint|p1a: Vigoroth\n|\n|upkeep\n|\n|t:|1783572754\n|switch|p1a: Typhlosion|Typhlosion-Hisui, L83, F|100/100\n|turn|12\n|inactive|Time left: 300 sec this turn | 300 sec total\n|\n|t:|1783572755\n|switch|p2a: Emboar|Emboar, L84, F, tera:Fire|47/322\n|move|p1a: Typhlosion|Eruption|p2a: Emboar\n|-resisted|p2a: Emboar\n|-damage|p2a: Emboar|0 fnt\n|faint|p2a: Emboar\n|\n|upkeep\n|inactive|Time left: 300 sec this turn | 300 sec total | 5 sec grace\n|\n|t:|1783572756\n|switch|p2a: Shaymin|Shaymin-Sky, L73|266/266\n|turn|13\n|inactive|Time left: 300 sec this turn | 300 sec total\n|\n|t:|1783572758\n|move|p2a: Shaymin|Air Slash|p1a: Typhlosion\n|-damage|p1a: Typhlosion|57/100\n|cant|p1a: Typhlosion|flinch\n|\n|upkeep\n|turn|14\n|inactive|Time left: 300 sec this turn | 300 sec total\n|\n|t:|1783572759\n|move|p2a: Shaymin|Air Slash|p1a: Typhlosion\n|-damage|p1a: Typhlosion|12/100\n|cant|p1a: Typhlosion|flinch\n|\n|upkeep\n|turn|15\n|inactive|Time left: 300 sec this turn | 300 sec total\n|\n|t:|1783572760\n|switch|p1a: Metagross|Metagross, L79|100/100\n|move|p2a: Shaymin|Air Slash|p1a: Metagross\n|-resisted|p1a: Metagross\n|-damage|p1a: Metagross|78/100\n|\n|upkeep\n|turn|16\n|inactive|Time left: 300 sec this turn | 300 sec total\n|\n|t:|1783572761\n|move|p2a: Shaymin|Air Slash|p1a: Metagross\n|-resisted|p1a: Metagross\n|-crit|p1a: Metagross\n|-damage|p1a: Metagross|45/100\n|move|p1a: Metagross|Heavy Slam|p2a: Shaymin\n|-damage|p2a: Shaymin|82/266\n|\n|upkeep\n|turn|17\n|inactive|Time left: 300 sec this turn | 300 sec total\n|\n|t:|1783572762\n|move|p2a: Shaymin|Air Slash|p1a: Metagross\n|-resisted|p1a: Metagross\n|-damage|p1a: Metagross|23/100\n|cant|p1a: Metagross|flinch\n|\n|upkeep\n|turn|18\n|inactive|Time left: 300 sec this turn | 300 sec total\n|\n|t:|1783572763\n|move|p2a: Shaymin|Air Slash|p1a: Metagross\n|-resisted|p1a: Metagross\n|-damage|p1a: Metagross|2/100\n|cant|p1a: Metagross|flinch\n|\n|upkeep\n|turn|19\n|inactive|Time left: 300 sec this turn | 300 sec total\n|\n|t:|1783572764\n|move|p2a: Shaymin|Air Slash|p1a: Metagross\n|-resisted|p1a: Metagross\n|-crit|p1a: Metagross\n|-damage|p1a: Metagross|0 fnt\n|faint|p1a: Metagross\n|\n|upkeep\n|\n|t:|1783572765\n|switch|p1a: Volbeat|Volbeat, L90, M|100/100\n|turn|20\n|inactive|Time left: 300 sec this turn | 300 sec total\n|\n|t:|1783572766\n|move|p2a: Shaymin|Air Slash|p1a: Volbeat\n|-supereffective|p1a: Volbeat\n|-damage|p1a: Volbeat|20/100\n|move|p1a: Volbeat|Lunge|p2a: Shaymin\n|-damage|p2a: Shaymin|0 fnt\n|faint|p2a: Shaymin\n|\n|upkeep\n|inactive|Time left: 300 sec this turn | 300 sec total | 5 sec grace\n|\n|t:|1783572767\n|switch|p2a: Florges|Florges-Yellow, L85, F|271/271 slp\n|turn|21\n|inactive|Time left: 300 sec this turn | 300 sec total\n|\n|t:|1783572768\n|move|p1a: Volbeat|Roost|p1a: Volbeat\n|-heal|p1a: Volbeat|70/100\n|-singleturn|p1a: Volbeat|move: Roost\n|cant|p2a: Florges|slp\n|\n|upkeep\n|turn|22\n|inactive|Time left: 300 sec this turn | 300 sec total\n|\n|t:|1783572769\n|move|p1a: Volbeat|Lunge|p2a: Florges\n|-resisted|p2a: Florges\n|-damage|p2a: Florges|222/271 slp\n|-unboost|p2a: Florges|atk|1\n|-curestatus|p2a: Florges|slp|[msg]\n|move|p2a: Florges|Calm Mind|p2a: Florges\n|-boost|p2a: Florges|spa|1\n|-boost|p2a: Florges|spd|1\n|\n|-heal|p2a: Florges|238/271|[from] item: Leftovers\n|upkeep\n|turn|23\n|inactive|Time left: 300 sec this turn | 300 sec total\n|\n|t:|1783572770\n|move|p1a: Volbeat|Thunder Wave|p2a: Florges\n|-status|p2a: Florges|par\n|move|p2a: Florges|Moonblast|p1a: Volbeat\n|-damage|p1a: Volbeat|2/100\n|\n|-heal|p2a: Florges|254/271 par|[from] item: Leftovers\n|upkeep\n|turn|24\n|inactive|Time left: 300 sec this turn | 300 sec total\n|\n|t:|1783572771\n|-terastallize|p1a: Volbeat|Steel\n|move|p1a: Volbeat|Roost|p1a: Volbeat\n|-heal|p1a: Volbeat|53/100\n|move|p2a: Florges|Moonblast|p1a: Volbeat\n|-resisted|p1a: Volbeat\n|-crit|p1a: Volbeat\n|-damage|p1a: Volbeat|7/100\n|-unboost|p1a: Volbeat|spa|1\n|\n|-heal|p2a: Florges|270/271 par|[from] item: Leftovers\n|upkeep\n|turn|25\n|inactive|Time left: 300 sec this turn | 300 sec total\n|\n|t:|1783572772\n|move|p1a: Volbeat|Roost|p1a: Volbeat\n|-heal|p1a: Volbeat|57/100\n|move|p2a: Florges|Moonblast|p1a: Volbeat\n|-resisted|p1a: Volbeat\n|-damage|p1a: Volbeat|25/100\n|\n|-heal|p2a: Florges|271/271 par|[from] item: Leftovers\n|upkeep\n|turn|26\n|inactive|Time left: 300 sec this turn | 300 sec total\n|\n|t:|1783572774\n|move|p1a: Volbeat|Roost|p1a: Volbeat\n|-heal|p1a: Volbeat|75/100\n|move|p2a: Florges|Moonblast|p1a: Volbeat\n|-resisted|p1a: Volbeat\n|-damage|p1a: Volbeat|46/100\n|-unboost|p1a: Volbeat|spa|1\n|\n|upkeep\n|turn|27\n|inactive|Time left: 300 sec this turn | 300 sec total\n|\n|t:|1783572774\n|move|p1a: Volbeat|Roost|p1a: Volbeat\n|-heal|p1a: Volbeat|96/100\n|move|p2a: Florges|Calm Mind|p2a: Florges\n|-boost|p2a: Florges|spa|1\n|-boost|p2a: Florges|spd|1\n|\n|upkeep\n|turn|28\n|inactive|Time left: 300 sec this turn | 300 sec total\n|\n|t:|1783572775\n|switch|p1a: Typhlosion|Typhlosion-Hisui, L83, F|12/100\n|cant|p2a: Florges|par\n|\n|upkeep\n|turn|29\n|inactive|Time left: 300 sec this turn | 300 sec total\n|\n|t:|1783572776\n|move|p1a: Typhlosion|Fire Blast|p2a: Florges|[miss]\n|-miss|p1a: Typhlosion|p2a: Florges\n|move|p2a: Florges|Moonblast|p1a: Typhlosion\n|-resisted|p1a: Typhlosion\n|-damage|p1a: Typhlosion|0 fnt\n|faint|p1a: Typhlosion\n|\n|upkeep\n|\n|t:|1783572777\n|switch|p1a: Volbeat|Volbeat, L90, M, tera:Steel|96/100\n|turn|30\n|inactive|Time left: 300 sec this turn | 300 sec total\n|\n|t:|1783572778\n|move|p1a: Volbeat|Lunge|p2a: Florges\n|-resisted|p2a: Florges\n|-damage|p2a: Florges|225/271 par\n|-unboost|p2a: Florges|atk|1\n|cant|p2a: Florges|par\n|\n|-heal|p2a: Florges|241/271 par|[from] item: Leftovers\n|upkeep\n|turn|31\n|inactive|Time left: 300 sec this turn | 300 sec total\n|\n|t:|1783572779\n|move|p1a: Volbeat|Lunge|p2a: Florges\n|-resisted|p2a: Florges\n|-damage|p2a: Florges|196/271 par\n|-unboost|p2a: Florges|atk|1\n|cant|p2a: Florges|par\n|\n|-heal|p2a: Florges|212/271 par|[from] item: Leftovers\n|upkeep\n|turn|32\n|inactive|Time left: 300 sec this turn | 300 sec total\n|\n|t:|1783572780\n|move|p1a: Volbeat|Lunge|p2a: Florges\n|-resisted|p2a: Florges\n|-crit|p2a: Florges\n|-damage|p2a: Florges|144/271 par\n|-unboost|p2a: Florges|atk|1\n|move|p2a: Florges|Moonblast|p1a: Volbeat\n|-resisted|p1a: Volbeat\n|-damage|p1a: Volbeat|54/100\n|\n|-heal|p2a: Florges|160/271 par|[from] item: Leftovers\n|upkeep\n|turn|33\n|inactive|Time left: 300 sec this turn | 300 sec total\n|\n|t:|1783572781\n|switch|p2a: Sandaconda|Sandaconda, L84, F|258/258\n|move|p1a: Volbeat|Roost|p1a: Volbeat\n|-heal|p1a: Volbeat|100/100\n|\n|upkeep\n|turn|34\n|inactive|Time left: 300 sec this turn | 300 sec total\n|\n|t:|1783572781\n|move|p1a: Volbeat|Lunge|p2a: Sandaconda\n|-damage|p2a: Sandaconda|198/258\n|-unboost|p2a: Sandaconda|atk|1\n|move|p2a: Sandaconda|Earthquake|p1a: Volbeat\n|-supereffective|p1a: Volbeat\n|-damage|p1a: Volbeat|43/100\n|\n|-heal|p2a: Sandaconda|214/258|[from] item: Leftovers\n|upkeep\n|turn|35\n|inactive|Time left: 300 sec this turn | 300 sec total\n|\n|t:|1783572782\n|move|p1a: Volbeat|Roost|p1a: Volbeat\n|-heal|p1a: Volbeat|94/100\n|move|p2a: Sandaconda|Earthquake|p1a: Volbeat\n|-supereffective|p1a: Volbeat\n|-damage|p1a: Volbeat|32/100\n|\n|-heal|p2a: Sandaconda|230/258|[from] item: Leftovers\n|upkeep\n|turn|36\n|inactive|Time left: 300 sec this turn | 300 sec total\n|\n|t:|1783572783\n|move|p1a: Volbeat|Roost|p1a: Volbeat\n|-heal|p1a: Volbeat|82/100\n|move|p2a: Sandaconda|Earthquake|p1a: Volbeat\n|-supereffective|p1a: Volbeat\n|-damage|p1a: Volbeat|23/100\n|\n|-heal|p2a: Sandaconda|246/258|[from] item: Leftovers\n|upkeep\n|turn|37\n|inactive|Time left: 300 sec this turn | 300 sec total\n|\n|t:|1783572784\n|move|p1a: Volbeat|Lunge|p2a: Sandaconda\n|-damage|p2a: Sandaconda|185/258\n|-unboost|p2a: Sandaconda|atk|1\n|move|p2a: Sandaconda|Earthquake|p1a: Volbeat\n|-supereffective|p1a: Volbeat\n|-damage|p1a: Volbeat|0 fnt\n|faint|p1a: Volbeat\n|\n|win|p0y2928d0ed", "uploadtime": 1783572784, "views": 0, "rating": 0, "private": 0, "password": null, "_winner": "p0y2928d0ed", "_our_name": "p0y2928d0ed"}