{"id": "battle-gen9randombattle-1278", "formatid": "gen9randombattle", "format": "[Gen 9] Random Battle", "players": ["p0x1278963e", "p0y12783f61"], "log": "|init|battle\n|title|p0x1278963e vs. p0y12783f61\n|j|\u2606p0x1278963e\n|j|\u2606p0y12783f61\n|t:|1783554845\n|gametype|singles\n|player|p1|p0x1278963e|102|\n|player|p2|p0y12783f61|101|\n|gen|9\n|tier|[Gen 9] Random Battle\n|rule|Species Clause: Limit one of each Pok\u00e9mon\n|rule|HP Percentage Mod: HP is shown in percentages\n|rule|Sleep Clause Mod: Limit one foe put to sleep\n|rule|Illusion Level Mod: Illusion disguises the Pok\u00e9mon's true level\n|\n|t:|1783554845\n|teamsize|p1|6\n|teamsize|p2|6\n|start\n|switch|p1a: Enamorus|Enamorus-Therian, L83, F|100/100\n|switch|p2a: Muk|Muk-Alola, L82, F|306/306\n|turn|1\n|inactive|Battle timer is ON: inactive players will automatically lose when time's up. (requested by p0y12783f61)\n|inactive|p0x1278963e also wants the timer to be on.\n|\n|t:|1783554847\n|move|p2a: Muk|Knock Off|p1a: Enamorus\n|-resisted|p1a: Enamorus\n|-damage|p1a: Enamorus|84/100\n|-enditem|p1a: Enamorus|Assault Vest|[from] move: Knock Off|[of] p2a: Muk\n|move|p1a: Enamorus|Moonblast|p2a: Muk\n|-crit|p2a: Muk\n|-damage|p2a: Muk|192/306\n|-unboost|p2a: Muk|spa|1\n|\n|upkeep\n|turn|2\n|inactive|Time left: 300 sec this turn | 300 sec total\n|\n|t:|1783554848\n|move|p2a: Muk|Poison Jab|p1a: Enamorus\n|-supereffective|p1a: Enamorus\n|-damage|p1a: Enamorus|32/100\n|move|p1a: Enamorus|Moonblast|p2a: Muk\n|-damage|p2a: Muk|113/306\n|\n|upkeep\n|turn|3\n|inactive|Time left: 300 sec this turn | 300 sec total\n|\n|t:|1783554849\n|switch|p1a: Ariados|Ariados, L95, M|100/100\n|move|p2a: Muk|Ice Punch|p1a: Ariados\n|-damage|p1a: Ariados|80/100\n|\n|upkeep\n|turn|4\n|inactive|Time left: 300 sec this turn | 300 sec total\n|\n|t:|1783554851\n|switch|p2a: Masquerain|Masquerain, L87, F|264/264\n|-ability|p2a: Masquerain|Intimidate|boost\n|-unboost|p1a: Ariados|atk|1\n|move|p1a: Ariados|Sticky Web|p2a: Masquerain\n|-sidestart|p2: p0y12783f61|move: Sticky Web\n|\n|upkeep\n|turn|5\n|inactive|Time left: 300 sec this turn | 300 sec total\n|\n|t:|1783554852\n|switch|p1a: Garchomp|Garchomp, L74, F|100/100\n|move|p2a: Masquerain|Sticky Web|p1a: Garchomp\n|-sidestart|p1: p0x1278963e|move: Sticky Web\n|\n|upkeep\n|turn|6\n|inactive|Time left: 300 sec this turn | 300 sec total\n|\n|t:|1783554853\n|move|p1a: Garchomp|Swords Dance|p1a: Garchomp\n|-boost|p1a: Garchomp|atk|2\n|move|p2a: Masquerain|Bug Buzz|p1a: Garchomp\n|-damage|p1a: Garchomp|59/100\n|\n|upkeep\n|turn|7\n|inactive|Time left: 300 sec this turn | 300 sec total\n|\n|t:|1783554854\n|switch|p2a: Muk|Muk-Alola, L82, F|113/306\n|-activate|p2a: Muk|move: Sticky Web\n|-unboost|p2a: Muk|spe|1\n|move|p1a: Garchomp|Scale Shot|p2a: Muk\n|-damage|p2a: Muk|49/306\n|-damage|p2a: Muk|0 fnt\n|faint|p2a: Muk\n|-hitcount|p2: Muk|2\n|-unboost|p1a: Garchomp|def|1\n|-boost|p1a: Garchomp|spe|1\n|\n|upkeep\n|inactive|Time left: 300 sec this turn | 300 sec total | 5 sec grace\n|\n|t:|1783554855\n|switch|p2a: Masquerain|Masquerain, L87, F|264/264\n|-ability|p2a: Masquerain|Intimidate|boost\n|-unboost|p1a: Garchomp|atk|1\n|turn|8\n|inactive|Time left: 300 sec this turn | 300 sec total\n|\n|t:|1783554856\n|move|p1a: Garchomp|Scale Shot|p2a: Masquerain\n|-damage|p2a: Masquerain|215/264\n|-damage|p2a: Masquerain|170/264\n|-damage|p2a: Masquerain|121/264\n|-damage|p2a: Masquerain|72/264\n|-damage|p2a: Masquerain|20/264\n|-hitcount|p2a: Masquerain|5\n|-unboost|p1a: Garchomp|def|1\n|-boost|p1a: Garchomp|spe|1\n|move|p2a: Masquerain|Bug Buzz|p1a: Garchomp\n|-damage|p1a: Garchomp|13/100\n|\n|upkeep\n|turn|9\n|inactive|Time left: 300 sec this turn | 300 sec total\n|\n|t:|1783554857\n|move|p1a: Garchomp|Fire Fang|p2a: Masquerain\n|-supereffective|p2a: Masquerain\n|-damage|p2a: Masquerain|0 fnt\n|faint|p2a: Masquerain\n|\n|upkeep\n|inactive|Time left: 300 sec this turn | 300 sec total | 5 sec grace\n|\n|t:|1783554858\n|switch|p2a: Lucario|Lucario, L84, F|255/255\n|-activate|p2a: Lucario|move: Sticky Web\n|-unboost|p2a: Lucario|spe|1\n|turn|10\n|inactive|Time left: 300 sec this turn | 300 sec total\n|\n|t:|1783554859\n|move|p2a: Lucario|Extreme Speed|p1a: Garchomp\n|-damage|p1a: Garchomp|0 fnt\n|-damage|p2a: Lucario|224/255|[from] ability: Rough Skin|[of] p1a: Garchomp\n|faint|p1a: Garchomp\n|-damage|p2a: Lucario|199/255|[from] item: Life Orb\n|\n|upkeep\n|\n|t:|1783554860\n|switch|p1a: Enamorus|Enamorus-Therian, L83, F|32/100\n|turn|11\n|inactive|Time left: 300 sec this turn | 300 sec total\n|\n|t:|1783554861\n|move|p2a: Lucario|Meteor Mash|p1a: Enamorus\n|-supereffective|p1a: Enamorus\n|-damage|p1a: Enamorus|0 fnt\n|faint|p1a: Enamorus\n|-damage|p2a: Lucario|174/255|[from] item: Life Orb\n|\n|upkeep\n|\n|t:|1783554862\n|switch|p1a: Dragalge|Dragalge, L88, M|100/100\n|-activate|p1a: Dragalge|move: Sticky Web\n|-unboost|p1a: Dragalge|spe|1\n|turn|12\n|inactive|Time left: 300 sec this turn | 300 sec total\n|\n|t:|1783554864\n|move|p2a: Lucario|Meteor Mash|p1a: Dragalge\n|-damage|p1a: Dragalge|47/100\n|-damage|p2a: Lucario|149/255|[from] item: Life Orb\n|move|p1a: Dragalge|Focus Blast|p2a: Lucario\n|-supereffective|p2a: Lucario\n|-damage|p2a: Lucario|0 fnt\n|faint|p2a: Lucario\n|\n|-heal|p1a: Dragalge|53/100|[from] item: Leftovers\n|upkeep\n|inactive|Time left: 300 sec this turn | 300 sec total | 5 sec grace\n|\n|t:|1783554865\n|switch|p2a: Gardevoir|Gardevoir, L83, F|249/249\n|-activate|p2a: Gardevoir|move: Sticky Web\n|-unboost|p2a: Gardevoir|spe|1\n|-ability|p2a: Gardevoir|Adaptability|Trace|[from] ability: Trace|[of] p1a: Dragalge\n|turn|13\n|inactive|Time left: 300 sec this turn | 300 sec total\n|\n|t:|1783554866\n|move|p2a: Gardevoir|Psyshock|p1a: Dragalge\n|-supereffective|p1a: Dragalge\n|-damage|p1a: Dragalge|0 fnt\n|faint|p1a: Dragalge\n|\n|upkeep\n|\n|t:|1783554867\n|switch|p1a: Oinkologne|Oinkologne, L92, M|100/100\n|-activate|p1a: Oinkologne|move: Sticky Web\n|-unboost|p1a: Oinkologne|spe|1\n|turn|14\n|inactive|Time left: 300 sec this turn | 300 sec total\n|\n|t:|1783554868\n|move|p2a: Gardevoir|Psyshock|p1a: Oinkologne\n|-damage|p1a: Oinkologne|64/100\n|move|p1a: Oinkologne|Body Slam|p2a: Gardevoir\n|-damage|p2a: Gardevoir|101/249\n|-status|p2a: Gardevoir|par\n|\n|-heal|p1a: Oinkologne|70/100|[from] item: Leftovers\n|upkeep\n|turn|15\n|inactive|Time left: 300 sec this turn | 300 sec total\n|\n|t:|1783554869\n|move|p1a: Oinkologne|Body Slam|p2a: Gardevoir\n|-damage|p2a: Gardevoir|0 fnt\n|faint|p2a: Gardevoir\n|\n|-heal|p1a: Oinkologne|76/100|[from] item: Leftovers\n|upkeep\n|inactive|Time left: 300 sec this turn | 300 sec total | 5 sec grace\n|\n|t:|1783554870\n|switch|p2a: Snorlax|Snorlax, L82, F|397/397\n|-activate|p2a: Snorlax|move: Sticky Web\n|-unboost|p2a: Snorlax|spe|1\n|turn|16\n|inactive|Time left: 300 sec this turn | 300 sec total\n|\n|t:|1783554871\n|move|p1a: Oinkologne|Body Slam|p2a: Snorlax\n|-damage|p2a: Snorlax|270/397\n|-status|p2a: Snorlax|par\n|cant|p2a: Snorlax|par\n|\n|-heal|p1a: Oinkologne|82/100|[from] item: Leftovers\n|-heal|p2a: Snorlax|294/397 par|[from] item: Leftovers\n|upkeep\n|turn|17\n|inactive|Time left: 300 sec this turn | 300 sec total\n|\n|t:|1783554872\n|move|p1a: Oinkologne|Curse|p1a: Oinkologne\n|-unboost|p1a: Oinkologne|spe|1\n|-boost|p1a: Oinkologne|atk|1\n|-boost|p1a: Oinkologne|def|1\n|move|p2a: Snorlax|Curse|p2a: Snorlax\n|-unboost|p2a: Snorlax|spe|1\n|-boost|p2a: Snorlax|atk|1\n|-boost|p2a: Snorlax|def|1\n|\n|-heal|p1a: Oinkologne|89/100|[from] item: Leftovers\n|-heal|p2a: Snorlax|318/397 par|[from] item: Leftovers\n|upkeep\n|turn|18\n|inactive|Time left: 300 sec this turn | 300 sec total\n|\n|t:|1783554873\n|move|p1a: Oinkologne|Body Slam|p2a: Snorlax\n|-damage|p2a: Snorlax|191/397 par\n|move|p2a: Snorlax|Body Slam|p1a: Oinkologne\n|-damage|p1a: Oinkologne|62/100\n|\n|-heal|p1a: Oinkologne|68/100|[from] item: Leftovers\n|-heal|p2a: Snorlax|215/397 par|[from] item: Leftovers\n|upkeep\n|turn|19\n|inactive|Time left: 300 sec this turn | 300 sec total\n|\n|t:|1783554874\n|move|p1a: Oinkologne|Body Slam|p2a: Snorlax\n|-damage|p2a: Snorlax|83/397 par\n|cant|p2a: Snorlax|par\n|\n|-heal|p1a: Oinkologne|75/100|[from] item: Leftovers\n|-heal|p2a: Snorlax|107/397 par|[from] item: Leftovers\n|upkeep\n|turn|20\n|inactive|Time left: 300 sec this turn | 300 sec total\n|\n|t:|1783554876\n|move|p1a: Oinkologne|Body Slam|p2a: Snorlax\n|-damage|p2a: Snorlax|0 fnt\n|faint|p2a: Snorlax\n|\n|-heal|p1a: Oinkologne|81/100|[from] item: Leftovers\n|upkeep\n|inactive|Time left: 300 sec this turn | 300 sec total | 5 sec grace\n|\n|t:|1783554877\n|switch|p2a: Magnezone|Magnezone, L85|258/258\n|-activate|p2a: Magnezone|move: Sticky Web\n|-unboost|p2a: Magnezone|spe|1\n|turn|21\n|inactive|Time left: 300 sec this turn | 300 sec total\n|\n|t:|1783554877\n|-terastallize|p2a: Magnezone|Electric\n|move|p2a: Magnezone|Volt Switch|p1a: Oinkologne\n|-damage|p1a: Oinkologne|43/100\n|move|p1a: Oinkologne|Body Slam|p2a: Magnezone\n|-damage|p2a: Magnezone|123/258\n|\n|-heal|p1a: Oinkologne|50/100|[from] item: Leftovers\n|upkeep\n|turn|22\n|inactive|Time left: 300 sec this turn | 300 sec total\n|\n|t:|1783554878\n|-terastallize|p1a: Oinkologne|Ground\n|move|p2a: Magnezone|Volt Switch|p1a: Oinkologne\n|-immune|p1a: Oinkologne\n|move|p1a: Oinkologne|High Horsepower|p2a: Magnezone\n|-supereffective|p2a: Magnezone\n|-damage|p2a: Magnezone|0 fnt\n|faint|p2a: Magnezone\n|\n|win|p0x1278963e", "uploadtime": 1783554878, "views": 0, "rating": 0, "private": 0, "password": null, "_winner": "p0x1278963e", "_our_name": "p0y12783f61"}