{"id": "battle-gen9randombattle-1567", "formatid": "gen9randombattle", "format": "[Gen 9] Random Battle", "players": ["p0x1567a907", "p0y1567bc97"], "log": "|init|battle\n|title|p0x1567a907 vs. p0y1567bc97\n|j|\u2606p0x1567a907\n|j|\u2606p0y1567bc97\n|t:|1783557342\n|gametype|singles\n|player|p1|p0x1567a907|2|\n|player|p2|p0y1567bc97|169|\n|gen|9\n|tier|[Gen 9] Random Battle\n|rule|Species Clause: Limit one of each Pok\u00e9mon\n|rule|HP Percentage Mod: HP is shown in percentages\n|rule|Sleep Clause Mod: Limit one foe put to sleep\n|rule|Illusion Level Mod: Illusion disguises the Pok\u00e9mon's true level\n|\n|t:|1783557342\n|teamsize|p1|6\n|teamsize|p2|6\n|start\n|switch|p1a: Tauros|Tauros-Paldea-Combat, L82, M|100/100\n|switch|p2a: Garchomp|Garchomp, L74, F|282/282\n|-ability|p1a: Tauros|Intimidate|boost\n|-unboost|p2a: Garchomp|atk|1\n|turn|1\n|inactive|Battle timer is ON: inactive players will automatically lose when time's up. (requested by p0x1567a907)\n|inactive|Time left: 300 sec this turn | 300 sec total | 60 sec grace\n|inactive|p0y1567bc97 also wants the timer to be on.\n|\n|t:|1783557344\n|move|p1a: Tauros|Close Combat|p2a: Garchomp\n|-damage|p2a: Garchomp|63/282\n|-unboost|p1a: Tauros|def|1\n|-unboost|p1a: Tauros|spd|1\n|-damage|p1a: Tauros|88/100|[from] ability: Rough Skin|[of] p2a: Garchomp\n|move|p2a: Garchomp|Swords Dance|p2a: Garchomp\n|-boost|p2a: Garchomp|atk|2\n|\n|upkeep\n|turn|2\n|inactive|Time left: 300 sec this turn | 300 sec total\n|\n|t:|1783557345\n|move|p1a: Tauros|Close Combat|p2a: Garchomp\n|-damage|p2a: Garchomp|0 fnt\n|-unboost|p1a: Tauros|def|1\n|-unboost|p1a: Tauros|spd|1\n|-damage|p1a: Tauros|76/100|[from] ability: Rough Skin|[of] p2a: Garchomp\n|faint|p2a: Garchomp\n|\n|upkeep\n|inactive|Time left: 300 sec this turn | 300 sec total | 5 sec grace\n|\n|t:|1783557346\n|switch|p2a: Morpeko|Morpeko, L88, M|245/245\n|turn|3\n|inactive|Time left: 300 sec this turn | 300 sec total\n|\n|t:|1783557347\n|switch|p1a: Regidrago|Regidrago, L77|100/100\n|move|p2a: Morpeko|Aura Wheel|p1a: Regidrago\n|-resisted|p1a: Regidrago\n|-damage|p1a: Regidrago|78/100\n|-boost|p2a: Morpeko|spe|1\n|\n|-formechange|p2a: Morpeko|Morpeko-Hangry||[from] ability: Hunger Switch\n|upkeep\n|turn|4\n|inactive|Time left: 300 sec this turn | 300 sec total\n|\n|t:|1783557348\n|-terastallize|p1a: Regidrago|Dragon\n|move|p2a: Morpeko|Aura Wheel|p1a: Regidrago\n|-damage|p1a: Regidrago|32/100\n|-boost|p2a: Morpeko|spe|1\n|move|p1a: Regidrago|Outrage|p2a: Morpeko\n|-damage|p2a: Morpeko|0 fnt\n|faint|p2a: Morpeko\n|\n|upkeep\n|inactive|Time left: 300 sec this turn | 300 sec total | 5 sec grace\n|\n|t:|1783557348\n|switch|p2a: Honchkrow|Honchkrow, L86, F|312/312\n|turn|5\n|inactive|Time left: 300 sec this turn | 300 sec total\n|\n|t:|1783557349\n|move|p2a: Honchkrow|Sucker Punch|p1a: Regidrago\n|-damage|p1a: Regidrago|0 fnt\n|faint|p1a: Regidrago\n|-ability|p2a: Honchkrow|Moxie|boost\n|-boost|p2a: Honchkrow|atk|1\n|\n|upkeep\n|\n|t:|1783557350\n|switch|p1a: Rotom|Rotom-Frost, L87|100/100\n|turn|6\n|inactive|Time left: 300 sec this turn | 300 sec total\n|\n|t:|1783557351\n|-terastallize|p2a: Honchkrow|Dark\n|move|p1a: Rotom|Will-O-Wisp|p2a: Honchkrow\n|-status|p2a: Honchkrow|brn\n|move|p2a: Honchkrow|Lash Out|p1a: Rotom\n|-damage|p1a: Rotom|61/100\n|\n|-damage|p2a: Honchkrow|293/312 brn|[from] brn\n|upkeep\n|turn|7\n|inactive|Time left: 300 sec this turn | 300 sec total\n|\n|t:|1783557352\n|move|p1a: Rotom|Nasty Plot|p1a: Rotom\n|-boost|p1a: Rotom|spa|2\n|move|p2a: Honchkrow|Heat Wave|p1a: Rotom\n|-supereffective|p1a: Rotom\n|-damage|p1a: Rotom|4/100\n|\n|-damage|p2a: Honchkrow|274/312 brn|[from] brn\n|upkeep\n|turn|8\n|inactive|Time left: 300 sec this turn | 300 sec total\n|\n|t:|1783557353\n|move|p2a: Honchkrow|Sucker Punch|p1a: Rotom\n|-damage|p1a: Rotom|0 fnt\n|faint|p1a: Rotom\n|-ability|p2a: Honchkrow|Moxie|boost\n|-boost|p2a: Honchkrow|atk|1\n|\n|-damage|p2a: Honchkrow|255/312 brn|[from] brn\n|upkeep\n|\n|t:|1783557354\n|switch|p1a: Tauros|Tauros-Paldea-Combat, L82, M|76/100\n|-ability|p1a: Tauros|Intimidate|boost\n|-unboost|p2a: Honchkrow|atk|1\n|turn|9\n|inactive|Time left: 300 sec this turn | 300 sec total\n|\n|t:|1783557356\n|move|p1a: Tauros|Close Combat|p2a: Honchkrow\n|-supereffective|p2a: Honchkrow\n|-damage|p2a: Honchkrow|0 fnt\n|-unboost|p1a: Tauros|def|1\n|-unboost|p1a: Tauros|spd|1\n|faint|p2a: Honchkrow\n|\n|upkeep\n|inactive|Time left: 300 sec this turn | 300 sec total | 5 sec grace\n|\n|t:|1783557357\n|switch|p2a: Inteleon|Inteleon, L81, F|246/246\n|turn|10\n|inactive|Time left: 300 sec this turn | 300 sec total\n|\n|t:|1783557358\n|switch|p1a: Regigigas|Regigigas, L84|100/100\n|-start|p1a: Regigigas|ability: Slow Start\n|move|p2a: Inteleon|Scald|p1a: Regigigas\n|-damage|p1a: Regigigas|60/100\n|\n|-heal|p1a: Regigigas|66/100|[from] item: Leftovers\n|upkeep\n|turn|11\n|inactive|Time left: 300 sec this turn | 300 sec total\n|\n|t:|1783557359\n|move|p2a: Inteleon|Scald|p1a: Regigigas\n|-damage|p1a: Regigigas|24/100\n|-status|p1a: Regigigas|brn\n|move|p1a: Regigigas|Knock Off|p2a: Inteleon\n|-damage|p2a: Inteleon|214/246\n|-enditem|p2a: Inteleon|Choice Specs|[from] move: Knock Off|[of] p1a: Regigigas\n|\n|-heal|p1a: Regigigas|31/100 brn|[from] item: Leftovers\n|-damage|p1a: Regigigas|24/100 brn|[from] brn\n|upkeep\n|turn|12\n|inactive|Time left: 300 sec this turn | 300 sec total\n|\n|t:|1783557360\n|move|p2a: Inteleon|Scald|p1a: Regigigas\n|-damage|p1a: Regigigas|0 fnt\n|faint|p1a: Regigigas\n|-end|p1a: Regigigas|Slow Start|[silent]\n|\n|upkeep\n|\n|t:|1783557361\n|switch|p1a: Tauros|Tauros-Paldea-Combat, L82, M|76/100\n|-ability|p1a: Tauros|Intimidate|boost\n|-unboost|p2a: Inteleon|atk|1\n|turn|13\n|inactive|Time left: 300 sec this turn | 300 sec total\n|\n|t:|1783557362\n|move|p2a: Inteleon|Scald|p1a: Tauros\n|-damage|p1a: Tauros|33/100\n|-status|p1a: Tauros|brn\n|move|p1a: Tauros|Close Combat|p2a: Inteleon\n|-damage|p2a: Inteleon|94/246\n|-unboost|p1a: Tauros|def|1\n|-unboost|p1a: Tauros|spd|1\n|\n|-damage|p1a: Tauros|27/100 brn|[from] brn\n|upkeep\n|turn|14\n|inactive|Time left: 300 sec this turn | 300 sec total\n|\n|t:|1783557363\n|move|p2a: Inteleon|Scald|p1a: Tauros\n|-damage|p1a: Tauros|0 fnt\n|faint|p1a: Tauros\n|\n|upkeep\n|\n|t:|1783557364\n|switch|p1a: Salazzle|Salazzle, L83, F|100/100\n|turn|15\n|inactive|Time left: 300 sec this turn | 300 sec total\n|\n|t:|1783557365\n|move|p1a: Salazzle|Sludge Wave|p2a: Inteleon\n|-damage|p2a: Inteleon|0 fnt\n|faint|p2a: Inteleon\n|\n|upkeep\n|inactive|Time left: 300 sec this turn | 300 sec total | 5 sec grace\n|\n|t:|1783557366\n|switch|p2a: Cramorant|Cramorant, L86, M|261/261\n|turn|16\n|inactive|Time left: 300 sec this turn | 300 sec total\n|\n|t:|1783557367\n|move|p1a: Salazzle|Sludge Wave|p2a: Cramorant\n|-damage|p2a: Cramorant|167/261\n|move|p2a: Cramorant|Surf|p1a: Salazzle\n|-formechange|p2a: Cramorant|Cramorant-Gulping|\n|-supereffective|p1a: Salazzle\n|-damage|p1a: Salazzle|9/100\n|\n|upkeep\n|turn|17\n|inactive|Time left: 300 sec this turn | 300 sec total\n|\n|t:|1783557368\n|move|p1a: Salazzle|Sludge Wave|p2a: Cramorant\n|-damage|p2a: Cramorant|59/261\n|-damage|p1a: Salazzle|0 fnt|[from] ability: Gulp Missile|[of] p2a: Cramorant\n|-formechange|p2a: Cramorant|Cramorant|\n|faint|p1a: Salazzle\n|move|p2a: Cramorant|Surf|p1: Salazzle|[notarget]\n|-fail|p2a: Cramorant\n|\n|upkeep\n|\n|t:|1783557369\n|switch|p1a: Iron Treads|Iron Treads, L77|100/100\n|turn|18\n|inactive|Time left: 300 sec this turn | 300 sec total\n|\n|t:|1783557370\n|move|p1a: Iron Treads|Volt Switch|p2a: Cramorant\n|-supereffective|p2a: Cramorant\n|-damage|p2a: Cramorant|0 fnt\n|faint|p2a: Cramorant\n|\n|upkeep\n|inactive|Time left: 300 sec this turn | 300 sec total | 5 sec grace\n|\n|t:|1783557371\n|switch|p2a: Venomoth|Venomoth, L84, M|255/255\n|turn|19\n|inactive|Time left: 300 sec this turn | 300 sec total\n|\n|t:|1783557372\n|move|p1a: Iron Treads|Earthquake|p2a: Venomoth\n|-damage|p2a: Venomoth|132/255\n|move|p2a: Venomoth|Quiver Dance|p2a: Venomoth\n|-boost|p2a: Venomoth|spa|1\n|-boost|p2a: Venomoth|spd|1\n|-boost|p2a: Venomoth|spe|1\n|\n|upkeep\n|turn|20\n|inactive|Time left: 300 sec this turn | 300 sec total\n|\n|t:|1783557373\n|move|p2a: Venomoth|Sleep Powder|p1a: Iron Treads|[miss]\n|-miss|p2a: Venomoth|p1a: Iron Treads\n|move|p1a: Iron Treads|Earthquake|p2a: Venomoth\n|-damage|p2a: Venomoth|0 fnt\n|faint|p2a: Venomoth\n|\n|win|p0x1567a907", "uploadtime": 1783557373, "views": 0, "rating": 0, "private": 0, "password": null, "_winner": "p0x1567a907", "_our_name": "p0y1567bc97"}