{"id": "battle-gen9randombattle-2136", "formatid": "gen9randombattle", "format": "[Gen 9] Random Battle", "players": ["p0x21367838", "p0y21364152"], "log": "|init|battle\n|title|p0x21367838 vs. p0y21364152\n|j|\u2606p0x21367838\n|j|\u2606p0y21364152\n|t:|1783564722\n|gametype|singles\n|player|p1|p0x21367838|266|\n|player|p2|p0y21364152|170|\n|gen|9\n|tier|[Gen 9] Random Battle\n|rule|Species Clause: Limit one of each Pok\u00e9mon\n|rule|HP Percentage Mod: HP is shown in percentages\n|rule|Sleep Clause Mod: Limit one foe put to sleep\n|rule|Illusion Level Mod: Illusion disguises the Pok\u00e9mon's true level\n|\n|t:|1783564722\n|teamsize|p1|6\n|teamsize|p2|6\n|start\n|switch|p1a: Snorlax|Snorlax, L82, F|397/397\n|switch|p2a: Raging Bolt|Raging Bolt, L78|100/100\n|turn|1\n|inactive|Battle timer is ON: inactive players will automatically lose when time's up. (requested by p0y21364152)\n|inactive|Time left: 300 sec this turn | 300 sec total | 60 sec grace\n|inactive|p0x21367838 also wants the timer to be on.\n|\n|t:|1783564723\n|move|p2a: Raging Bolt|Calm Mind|p2a: Raging Bolt\n|-boost|p2a: Raging Bolt|spa|1\n|-boost|p2a: Raging Bolt|spd|1\n|move|p1a: Snorlax|Body Slam|p2a: Raging Bolt\n|-damage|p2a: Raging Bolt|69/100\n|\n|-heal|p2a: Raging Bolt|75/100|[from] item: Leftovers\n|upkeep\n|turn|2\n|inactive|Time left: 300 sec this turn | 300 sec total\n|\n|t:|1783564724\n|move|p2a: Raging Bolt|Calm Mind|p2a: Raging Bolt\n|-boost|p2a: Raging Bolt|spa|1\n|-boost|p2a: Raging Bolt|spd|1\n|move|p1a: Snorlax|Body Slam|p2a: Raging Bolt\n|-damage|p2a: Raging Bolt|41/100\n|\n|-heal|p2a: Raging Bolt|48/100|[from] item: Leftovers\n|upkeep\n|turn|3\n|inactive|Time left: 300 sec this turn | 300 sec total\n|\n|t:|1783564725\n|move|p2a: Raging Bolt|Thunderbolt|p1a: Snorlax\n|-damage|p1a: Snorlax|207/397\n|move|p1a: Snorlax|Body Slam|p2a: Raging Bolt\n|-damage|p2a: Raging Bolt|16/100\n|\n|-heal|p2a: Raging Bolt|22/100|[from] item: Leftovers\n|-heal|p1a: Snorlax|231/397|[from] item: Leftovers\n|upkeep\n|turn|4\n|inactive|Time left: 300 sec this turn | 300 sec total\n|\n|t:|1783564727\n|move|p2a: Raging Bolt|Draco Meteor|p1a: Snorlax\n|-damage|p1a: Snorlax|0 fnt\n|-unboost|p2a: Raging Bolt|spa|2\n|faint|p1a: Snorlax\n|\n|-heal|p2a: Raging Bolt|28/100|[from] item: Leftovers\n|upkeep\n|inactive|Time left: 300 sec this turn | 300 sec total | 5 sec grace\n|\n|t:|1783564727\n|switch|p1a: Archaludon|Archaludon, L78, M|268/268\n|turn|5\n|inactive|Time left: 300 sec this turn | 300 sec total\n|\n|t:|1783564729\n|move|p1a: Archaludon|Outrage|p2a: Raging Bolt\n|-supereffective|p2a: Raging Bolt\n|-damage|p2a: Raging Bolt|0 fnt\n|faint|p2a: Raging Bolt\n|-end|p2a: Raging Bolt|Protosynthesis|[silent]\n|\n|upkeep\n|\n|t:|1783564730\n|switch|p2a: Scrafty|Scrafty, L83, M|100/100\n|-ability|p2a: Scrafty|Intimidate|boost\n|-unboost|p1a: Archaludon|atk|1\n|turn|6\n|inactive|Time left: 300 sec this turn | 300 sec total\n|\n|t:|1783564731\n|move|p1a: Archaludon|Outrage|p2a: Scrafty|[from] lockedmove\n|-crit|p2a: Scrafty\n|-damage|p2a: Scrafty|45/100\n|move|p2a: Scrafty|Dragon Dance|p2a: Scrafty\n|-boost|p2a: Scrafty|atk|1\n|-boost|p2a: Scrafty|spe|1\n|\n|-heal|p2a: Scrafty|51/100|[from] item: Leftovers\n|upkeep\n|turn|7\n|inactive|Time left: 300 sec this turn | 300 sec total\n|\n|t:|1783564732\n|move|p2a: Scrafty|Drain Punch|p1a: Archaludon\n|-supereffective|p1a: Archaludon\n|-damage|p1a: Archaludon|88/268\n|-heal|p2a: Scrafty|88/100|[from] drain|[of] p1a: Archaludon\n|-ability|p1a: Archaludon|Stamina|boost\n|-boost|p1a: Archaludon|def|1\n|move|p1a: Archaludon|Outrage|p2a: Scrafty|[from] lockedmove\n|-damage|p2a: Scrafty|60/100\n|-start|p1a: Archaludon|confusion|[fatigue]\n|-enditem|p1a: Archaludon|Lum Berry|[eat]\n|-end|p1a: Archaludon|confusion\n|\n|-heal|p2a: Scrafty|66/100|[from] item: Leftovers\n|upkeep\n|turn|8\n|inactive|Time left: 300 sec this turn | 300 sec total\n|\n|t:|1783564733\n|move|p2a: Scrafty|Drain Punch|p1a: Archaludon\n|-supereffective|p1a: Archaludon\n|-damage|p1a: Archaludon|0 fnt\n|-heal|p2a: Scrafty|85/100|[from] drain|[of] p1a: Archaludon\n|faint|p1a: Archaludon\n|\n|-heal|p2a: Scrafty|91/100|[from] item: Leftovers\n|upkeep\n|inactive|Time left: 300 sec this turn | 300 sec total | 5 sec grace\n|\n|t:|1783564734\n|switch|p1a: Poliwrath|Poliwrath, L88, M|302/302\n|turn|9\n|inactive|Time left: 300 sec this turn | 300 sec total\n|\n|t:|1783564735\n|-terastallize|p2a: Scrafty|Poison\n|move|p2a: Scrafty|Dragon Dance|p2a: Scrafty\n|-boost|p2a: Scrafty|atk|1\n|-boost|p2a: Scrafty|spe|1\n|move|p1a: Poliwrath|Close Combat|p2a: Scrafty\n|-resisted|p2a: Scrafty\n|-damage|p2a: Scrafty|61/100\n|-unboost|p1a: Poliwrath|def|1\n|-unboost|p1a: Poliwrath|spd|1\n|-damage|p1a: Poliwrath|272/302|[from] item: Life Orb\n|\n|-heal|p2a: Scrafty|67/100|[from] item: Leftovers\n|upkeep\n|turn|10\n|inactive|Time left: 300 sec this turn | 300 sec total\n|\n|t:|1783564736\n|switch|p1a: Oricorio|Oricorio-Sensu, L85, M|266/266\n|move|p2a: Scrafty|Drain Punch|p1a: Oricorio\n|-immune|p1a: Oricorio\n|\n|-heal|p2a: Scrafty|73/100|[from] item: Leftovers\n|upkeep\n|turn|11\n|inactive|Time left: 300 sec this turn | 300 sec total\n|\n|t:|1783564737\n|switch|p1a: Poliwrath|Poliwrath, L88, M|272/302\n|move|p2a: Scrafty|Knock Off|p1a: Poliwrath\n|-resisted|p1a: Poliwrath\n|-damage|p1a: Poliwrath|189/302\n|-enditem|p1a: Poliwrath|Life Orb|[from] move: Knock Off|[of] p2a: Scrafty\n|\n|-heal|p2a: Scrafty|79/100|[from] item: Leftovers\n|upkeep\n|turn|12\n|inactive|Time left: 300 sec this turn | 300 sec total\n|\n|t:|1783564738\n|switch|p1a: Oricorio|Oricorio-Sensu, L85, M|266/266\n|move|p2a: Scrafty|Drain Punch|p1a: Oricorio\n|-immune|p1a: Oricorio\n|\n|-heal|p2a: Scrafty|85/100|[from] item: Leftovers\n|upkeep\n|turn|13\n|inactive|Time left: 300 sec this turn | 300 sec total\n|\n|t:|1783564740\n|switch|p1a: Poliwrath|Poliwrath, L88, M|189/302\n|move|p2a: Scrafty|Knock Off|p1a: Poliwrath\n|-resisted|p1a: Poliwrath\n|-damage|p1a: Poliwrath|135/302\n|\n|-heal|p2a: Scrafty|91/100|[from] item: Leftovers\n|upkeep\n|turn|14\n|inactive|Time left: 300 sec this turn | 300 sec total\n|\n|t:|1783564741\n|switch|p1a: Solgaleo|Solgaleo, L74|325/325\n|move|p2a: Scrafty|Poison Jab|p1a: Solgaleo\n|-immune|p1a: Solgaleo\n|\n|-heal|p2a: Scrafty|98/100|[from] item: Leftovers\n|upkeep\n|turn|15\n|inactive|Time left: 300 sec this turn | 300 sec total\n|\n|t:|1783564742\n|switch|p1a: Poliwrath|Poliwrath, L88, M|135/302\n|move|p2a: Scrafty|Knock Off|p1a: Poliwrath\n|-resisted|p1a: Poliwrath\n|-damage|p1a: Poliwrath|73/302\n|\n|-heal|p2a: Scrafty|100/100|[from] item: Leftovers\n|upkeep\n|turn|16\n|inactive|Time left: 300 sec this turn | 300 sec total\n|\n|t:|1783564743\n|move|p2a: Scrafty|Drain Punch|p1a: Poliwrath\n|-damage|p1a: Poliwrath|0 fnt\n|faint|p1a: Poliwrath\n|\n|upkeep\n|inactive|Time left: 300 sec this turn | 300 sec total | 5 sec grace\n|\n|t:|1783564744\n|switch|p1a: Solgaleo|Solgaleo, L74|325/325\n|turn|17\n|inactive|Time left: 300 sec this turn | 300 sec total\n|\n|t:|1783564745\n|-terastallize|p1a: Solgaleo|Water\n|move|p2a: Scrafty|Knock Off|p1a: Solgaleo\n|-damage|p1a: Solgaleo|154/325\n|-damage|p2a: Scrafty|84/100|[from] item: Rocky Helmet|[of] p1a: Solgaleo\n|-enditem|p1a: Solgaleo|Rocky Helmet|[from] move: Knock Off|[of] p2a: Scrafty\n|move|p1a: Solgaleo|Earthquake|p2a: Scrafty\n|-supereffective|p2a: Scrafty\n|-damage|p2a: Scrafty|32/100\n|\n|-heal|p2a: Scrafty|38/100|[from] item: Leftovers\n|upkeep\n|turn|18\n|inactive|Time left: 300 sec this turn | 300 sec total\n|\n|t:|1783564746\n|move|p2a: Scrafty|Drain Punch|p1a: Solgaleo\n|-damage|p1a: Solgaleo|19/325\n|-heal|p2a: Scrafty|66/100|[from] drain|[of] p1a: Solgaleo\n|move|p1a: Solgaleo|Earthquake|p2a: Scrafty\n|-supereffective|p2a: Scrafty\n|-damage|p2a: Scrafty|14/100\n|\n|-heal|p2a: Scrafty|20/100|[from] item: Leftovers\n|upkeep\n|turn|19\n|inactive|Time left: 300 sec this turn | 300 sec total\n|\n|t:|1783564747\n|move|p2a: Scrafty|Drain Punch|p1a: Solgaleo\n|-damage|p1a: Solgaleo|0 fnt\n|-heal|p2a: Scrafty|24/100|[from] drain|[of] p1a: Solgaleo\n|faint|p1a: Solgaleo\n|\n|-heal|p2a: Scrafty|30/100|[from] item: Leftovers\n|upkeep\n|inactive|Time left: 300 sec this turn | 300 sec total | 5 sec grace\n|\n|t:|1783564748\n|switch|p1a: Porygon-Z|Porygon-Z, L83|277/277\n|turn|20\n|inactive|Time left: 300 sec this turn | 300 sec total\n|\n|t:|1783564749\n|switch|p1a: Oricorio|Oricorio-Sensu, L85, M|266/266\n|move|p2a: Scrafty|Drain Punch|p1a: Oricorio\n|-immune|p1a: Oricorio\n|\n|-heal|p2a: Scrafty|37/100|[from] item: Leftovers\n|upkeep\n|turn|21\n|inactive|Time left: 300 sec this turn | 300 sec total\n|\n|t:|1783564750\n|switch|p1a: Porygon-Z|Porygon-Z, L83|277/277\n|move|p2a: Scrafty|Knock Off|p1a: Porygon-Z\n|-damage|p1a: Porygon-Z|51/277\n|-enditem|p1a: Porygon-Z|Life Orb|[from] move: Knock Off|[of] p2a: Scrafty\n|\n|-heal|p2a: Scrafty|43/100|[from] item: Leftovers\n|upkeep\n|turn|22\n|inactive|Time left: 300 sec this turn | 300 sec total\n|\n|t:|1783564751\n|move|p2a: Scrafty|Knock Off|p1a: Porygon-Z\n|-damage|p1a: Porygon-Z|0 fnt\n|faint|p1a: Porygon-Z\n|\n|-heal|p2a: Scrafty|49/100|[from] item: Leftovers\n|upkeep\n|inactive|Time left: 300 sec this turn | 300 sec total | 5 sec grace\n|\n|t:|1783564751\n|switch|p1a: Oricorio|Oricorio-Sensu, L85, M|266/266\n|turn|23\n|inactive|Time left: 300 sec this turn | 300 sec total\n|\n|t:|1783564752\n|move|p2a: Scrafty|Knock Off|p1a: Oricorio\n|-supereffective|p1a: Oricorio\n|-damage|p1a: Oricorio|0 fnt\n|-enditem|p1a: Oricorio|Heavy-Duty Boots|[from] move: Knock Off|[of] p2a: Scrafty\n|faint|p1a: Oricorio\n|\n|win|p0y21364152", "uploadtime": 1783564752, "views": 0, "rating": 0, "private": 0, "password": null, "_winner": "p0y21364152", "_our_name": "p0x21367838"}