{"id": "battle-gen9randombattle-982", "formatid": "gen9randombattle", "format": "[Gen 9] Random Battle", "players": ["p0x9827dde", "p0y98275a9"], "log": "|init|battle\n|title|p0x9827dde vs. p0y98275a9\n|j|\u2606p0x9827dde\n|j|\u2606p0y98275a9\n|t:|1783551295\n|gametype|singles\n|player|p1|p0x9827dde|265|\n|player|p2|p0y98275a9|2|\n|gen|9\n|tier|[Gen 9] Random Battle\n|rule|Species Clause: Limit one of each Pok\u00e9mon\n|rule|HP Percentage Mod: HP is shown in percentages\n|rule|Sleep Clause Mod: Limit one foe put to sleep\n|rule|Illusion Level Mod: Illusion disguises the Pok\u00e9mon's true level\n|\n|t:|1783551295\n|teamsize|p1|6\n|teamsize|p2|6\n|start\n|switch|p1a: Jirachi|Jirachi, L80|291/291\n|switch|p2a: Pincurchin|Pincurchin, F|100/100\n|-fieldstart|move: Electric Terrain|[from] ability: Electric Surge|[of] p2a: Pincurchin\n|turn|1\n|inactive|Battle timer is ON: inactive players will automatically lose when time's up. (requested by p0y98275a9)\n|inactive|Time left: 300 sec this turn | 300 sec total | 60 sec grace\n|inactive|p0x9827dde also wants the timer to be on.\n|\n|t:|1783551297\n|move|p1a: Jirachi|Stealth Rock|p2a: Pincurchin\n|-sidestart|p2: p0y98275a9|move: Stealth Rock\n|move|p2a: Pincurchin|Discharge|p1a: Jirachi\n|-damage|p1a: Jirachi|149/291\n|\n|-heal|p1a: Jirachi|167/291|[from] item: Leftovers\n|upkeep\n|turn|2\n|inactive|Time left: 300 sec this turn | 300 sec total\n|\n|t:|1783551298\n|switch|p1a: Vikavolt|Vikavolt, L83, M|263/263\n|move|p2a: Pincurchin|Discharge|p1a: Vikavolt\n|-resisted|p1a: Vikavolt\n|-damage|p1a: Vikavolt|176/263\n|\n|upkeep\n|turn|3\n|inactive|Time left: 300 sec this turn | 300 sec total\n|\n|t:|1783551300\n|move|p1a: Vikavolt|Sticky Web|p2a: Pincurchin\n|-sidestart|p2: p0y98275a9|move: Sticky Web\n|move|p2a: Pincurchin|Scald|p1a: Vikavolt\n|-damage|p1a: Vikavolt|82/263\n|\n|upkeep\n|turn|4\n|inactive|Time left: 300 sec this turn | 300 sec total\n|\n|t:|1783551301\n|move|p1a: Vikavolt|Bug Buzz|p2a: Pincurchin\n|-damage|p2a: Pincurchin|56/100\n|move|p2a: Pincurchin|Discharge|p1a: Vikavolt\n|-resisted|p1a: Vikavolt\n|-damage|p1a: Vikavolt|1/263\n|\n|-heal|p2a: Pincurchin|63/100|[from] item: Leftovers\n|upkeep\n|turn|5\n|inactive|Time left: 300 sec this turn | 300 sec total\n|\n|t:|1783551302\n|move|p1a: Vikavolt|Bug Buzz|p2a: Pincurchin\n|-damage|p2a: Pincurchin|17/100\n|-unboost|p2a: Pincurchin|spd|1\n|move|p2a: Pincurchin|Scald|p1a: Vikavolt\n|-damage|p1a: Vikavolt|0 fnt\n|faint|p1a: Vikavolt\n|\n|-heal|p2a: Pincurchin|23/100|[from] item: Leftovers\n|-fieldend|move: Electric Terrain\n|upkeep\n|inactive|Time left: 300 sec this turn | 300 sec total | 5 sec grace\n|\n|t:|1783551303\n|switch|p1a: Golem|Golem-Alola, L93, M|300/300\n|turn|6\n|inactive|Time left: 300 sec this turn | 300 sec total\n|\n|t:|1783551304\n|move|p1a: Golem|Earthquake|p2a: Pincurchin\n|-supereffective|p2a: Pincurchin\n|-damage|p2a: Pincurchin|0 fnt\n|faint|p2a: Pincurchin\n|\n|upkeep\n|\n|t:|1783551305\n|switch|p2a: Lapras|Lapras, L87, F|100/100\n|-damage|p2a: Lapras|76/100|[from] Stealth Rock\n|-activate|p2a: Lapras|move: Sticky Web\n|-unboost|p2a: Lapras|spe|1\n|turn|7\n|inactive|Time left: 300 sec this turn | 300 sec total\n|\n|t:|1783551306\n|move|p1a: Golem|Earthquake|p2a: Lapras\n|-crit|p2a: Lapras\n|-damage|p2a: Lapras|12/100\n|move|p2a: Lapras|Sparkling Aria|p1a: Golem\n|-supereffective|p1a: Golem\n|-damage|p1a: Golem|0 fnt\n|faint|p1a: Golem\n|\n|upkeep\n|inactive|Time left: 300 sec this turn | 300 sec total | 5 sec grace\n|\n|t:|1783551307\n|switch|p1a: Minior|Minior-Yellow, L79|224/224\n|-formechange|p1a: Minior|Minior-Meteor||[from] ability: Shields Down\n|turn|8\n|inactive|Time left: 300 sec this turn | 300 sec total\n|\n|t:|1783551308\n|move|p1a: Minior|Power Gem|p2a: Lapras\n|-supereffective|p2a: Lapras\n|-damage|p2a: Lapras|0 fnt\n|faint|p2a: Lapras\n|\n|upkeep\n|\n|t:|1783551309\n|switch|p2a: Kyogre|Kyogre, L71|100/100\n|-damage|p2a: Kyogre|88/100|[from] Stealth Rock\n|-activate|p2a: Kyogre|move: Sticky Web\n|-unboost|p2a: Kyogre|spe|1\n|-weather|RainDance|[from] ability: Drizzle|[of] p2a: Kyogre\n|turn|9\n|inactive|Time left: 300 sec this turn | 300 sec total\n|\n|t:|1783551310\n|switch|p1a: Meowscarada|Meowscarada, L78, F|247/247\n|move|p2a: Kyogre|Origin Pulse|p1a: Meowscarada\n|-resisted|p1a: Meowscarada\n|-damage|p1a: Meowscarada|139/247\n|\n|-weather|RainDance|[upkeep]\n|-heal|p2a: Kyogre|94/100|[from] item: Leftovers\n|upkeep\n|turn|10\n|inactive|Time left: 300 sec this turn | 300 sec total\n|\n|t:|1783551311\n|-terastallize|p2a: Kyogre|Dragon\n|move|p1a: Meowscarada|Flower Trick|p2a: Kyogre\n|-start|p1a: Meowscarada|typechange|Grass|[from] ability: Protean\n|-resisted|p2a: Kyogre\n|-crit|p2a: Kyogre\n|-damage|p2a: Kyogre|70/100\n|move|p2a: Kyogre|Ice Beam|p1a: Meowscarada\n|-supereffective|p1a: Meowscarada\n|-damage|p1a: Meowscarada|0 fnt\n|faint|p1a: Meowscarada\n|\n|-weather|RainDance|[upkeep]\n|-heal|p2a: Kyogre|76/100|[from] item: Leftovers\n|upkeep\n|inactive|Time left: 300 sec this turn | 300 sec total | 5 sec grace\n|\n|t:|1783551312\n|switch|p1a: Rayquaza|Rayquaza, L72|270/270\n|-ability|p1a: Rayquaza|Air Lock\n|turn|11\n|inactive|Time left: 300 sec this turn | 300 sec total\n|\n|t:|1783551313\n|move|p1a: Rayquaza|Scale Shot|p2a: Kyogre\n|-supereffective|p2a: Kyogre\n|-damage|p2a: Kyogre|53/100\n|-supereffective|p2a: Kyogre\n|-damage|p2a: Kyogre|28/100\n|-supereffective|p2a: Kyogre\n|-damage|p2a: Kyogre|4/100\n|-supereffective|p2a: Kyogre\n|-damage|p2a: Kyogre|0 fnt\n|faint|p2a: Kyogre\n|-hitcount|p2: Kyogre|4\n|-unboost|p1a: Rayquaza|def|1\n|-boost|p1a: Rayquaza|spe|1\n|\n|-weather|RainDance|[upkeep]\n|upkeep\n|\n|t:|1783551314\n|switch|p2a: Mimikyu|Mimikyu, L79, M|100/100\n|-damage|p2a: Mimikyu|88/100|[from] Stealth Rock\n|-activate|p2a: Mimikyu|move: Sticky Web\n|-unboost|p2a: Mimikyu|spe|1\n|turn|12\n|inactive|Time left: 300 sec this turn | 300 sec total\n|\n|t:|1783551315\n|move|p1a: Rayquaza|Earthquake|p2a: Mimikyu\n|-activate|p2a: Mimikyu|ability: Disguise\n|-damage|p2a: Mimikyu|88/100\n|detailschange|p2a: Mimikyu|Mimikyu-Busted, L79, M\n|-damage|p2a: Mimikyu|75/100|[from] pokemon: Mimikyu-Busted\n|move|p2a: Mimikyu|Swords Dance|p2a: Mimikyu\n|-boost|p2a: Mimikyu|atk|2\n|\n|-weather|RainDance|[upkeep]\n|upkeep\n|turn|13\n|inactive|Time left: 300 sec this turn | 300 sec total\n|\n|t:|1783551316\n|move|p1a: Rayquaza|Dragon Ascent|p2a: Mimikyu\n|-damage|p2a: Mimikyu|6/100\n|-unboost|p1a: Rayquaza|def|1\n|-unboost|p1a: Rayquaza|spd|1\n|move|p2a: Mimikyu|Drain Punch|p1a: Rayquaza\n|-resisted|p1a: Rayquaza\n|-damage|p1a: Rayquaza|136/270\n|-heal|p2a: Mimikyu|37/100|[from] drain|[of] p1a: Rayquaza\n|-damage|p2a: Mimikyu|27/100|[from] item: Life Orb\n|\n|-weather|none\n|upkeep\n|turn|14\n|inactive|Time left: 300 sec this turn | 300 sec total\n|\n|t:|1783551317\n|move|p2a: Mimikyu|Shadow Sneak|p1a: Rayquaza\n|-damage|p1a: Rayquaza|0 fnt\n|faint|p1a: Rayquaza\n|-damage|p2a: Mimikyu|18/100|[from] item: Life Orb\n|\n|upkeep\n|inactive|Time left: 300 sec this turn | 300 sec total | 5 sec grace\n|\n|t:|1783551318\n|switch|p1a: Jirachi|Jirachi, L80|167/291\n|turn|15\n|inactive|Time left: 300 sec this turn | 300 sec total\n|\n|t:|1783551319\n|move|p1a: Jirachi|Iron Head|p2a: Mimikyu\n|-supereffective|p2a: Mimikyu\n|-damage|p2a: Mimikyu|0 fnt\n|faint|p2a: Mimikyu\n|\n|-heal|p1a: Jirachi|185/291|[from] item: Leftovers\n|upkeep\n|\n|t:|1783551320\n|switch|p2a: Houndoom|Houndoom, L87, M|100/100\n|turn|16\n|inactive|Time left: 300 sec this turn | 300 sec total\n|\n|t:|1783551321\n|move|p2a: Houndoom|Dark Pulse|p1a: Jirachi\n|-supereffective|p1a: Jirachi\n|-damage|p1a: Jirachi|0 fnt\n|faint|p1a: Jirachi\n|\n|upkeep\n|inactive|Time left: 300 sec this turn | 300 sec total | 5 sec grace\n|\n|t:|1783551322\n|switch|p1a: Minior|Minior-Yellow, L79|224/224\n|-formechange|p1a: Minior|Minior-Meteor||[from] ability: Shields Down\n|turn|17\n|inactive|Time left: 300 sec this turn | 300 sec total\n|\n|t:|1783551323\n|move|p2a: Houndoom|Dark Pulse|p1a: Minior\n|-damage|p1a: Minior|121/224\n|move|p1a: Minior|Shell Smash|p1a: Minior\n|-unboost|p1a: Minior|def|1\n|-unboost|p1a: Minior|spd|1\n|-boost|p1a: Minior|atk|2\n|-boost|p1a: Minior|spa|2\n|-boost|p1a: Minior|spe|2\n|-enditem|p1a: Minior|White Herb\n|-clearnegativeboost|p1a: Minior|[silent]\n|\n|upkeep\n|turn|18\n|inactive|Time left: 300 sec this turn | 300 sec total\n|\n|t:|1783551324\n|switch|p2a: Smeargle|Smeargle, L95, M|100/100\n|-damage|p2a: Smeargle|88/100|[from] Stealth Rock\n|-activate|p2a: Smeargle|move: Sticky Web\n|-unboost|p2a: Smeargle|spe|1\n|-terastallize|p1a: Minior|Ground\n|move|p1a: Minior|Earthquake|p2a: Smeargle\n|-damage|p2a: Smeargle|5/100\n|\n|upkeep\n|turn|19\n|inactive|Time left: 300 sec this turn | 300 sec total\n|\n|t:|1783551325\n|move|p1a: Minior|Earthquake|p2a: Smeargle\n|-damage|p2a: Smeargle|0 fnt\n|faint|p2a: Smeargle\n|\n|upkeep\n|\n|t:|1783551326\n|switch|p2a: Houndoom|Houndoom, L87, M|100/100\n|turn|20\n|inactive|Time left: 300 sec this turn | 300 sec total\n|\n|t:|1783551327\n|move|p1a: Minior|Earthquake|p2a: Houndoom\n|-supereffective|p2a: Houndoom\n|-damage|p2a: Houndoom|0 fnt\n|faint|p2a: Houndoom\n|\n|win|p0x9827dde", "uploadtime": 1783551327, "views": 0, "rating": 0, "private": 0, "password": null, "_winner": "p0x9827dde", "_our_name": "p0x9827dde"}