{"id": "battle-gen9randombattle-2302", "formatid": "gen9randombattle", "format": "[Gen 9] Random Battle", "players": ["p0x2302d231", "p0y2302179f"], "log": "|init|battle\n|title|p0x2302d231 vs. p0y2302179f\n|j|\u2606p0x2302d231\n|j|\u2606p0y2302179f\n|t:|1783566705\n|gametype|singles\n|player|p1|p0x2302d231|169|\n|player|p2|p0y2302179f|266|\n|gen|9\n|tier|[Gen 9] Random Battle\n|rule|Species Clause: Limit one of each Pok\u00e9mon\n|rule|HP Percentage Mod: HP is shown in percentages\n|rule|Sleep Clause Mod: Limit one foe put to sleep\n|rule|Illusion Level Mod: Illusion disguises the Pok\u00e9mon's true level\n|\n|t:|1783566705\n|teamsize|p1|6\n|teamsize|p2|6\n|start\n|switch|p1a: Indeedee|Indeedee, L84, M|100/100\n|switch|p2a: Heatran|Heatran, L79, M|273/273\n|-fieldstart|move: Psychic Terrain|[from] ability: Psychic Surge|[of] p1a: Indeedee\n|-item|p2a: Heatran|Air Balloon\n|turn|1\n|inactive|Battle timer is ON: inactive players will automatically lose when time's up. (requested by p0y2302179f)\n|\n|t:|1783566707\n|move|p1a: Indeedee|Calm Mind|p1a: Indeedee\n|-boost|p1a: Indeedee|spa|1\n|-boost|p1a: Indeedee|spd|1\n|move|p2a: Heatran|Heavy Slam|p1a: Indeedee\n|-damage|p1a: Indeedee|40/100\n|\n|upkeep\n|turn|2\n|inactive|Time left: 300 sec this turn | 300 sec total\n|inactive|p0x2302d231 also wants the timer to be on.\n|\n|t:|1783566708\n|move|p1a: Indeedee|Expanding Force|p2a: Heatran\n|-resisted|p2a: Heatran\n|-damage|p2a: Heatran|125/273\n|-enditem|p2a: Heatran|Air Balloon\n|-damage|p1a: Indeedee|30/100|[from] item: Life Orb\n|move|p2a: Heatran|Heavy Slam|p1a: Indeedee\n|-damage|p1a: Indeedee|0 fnt\n|faint|p1a: Indeedee\n|\n|upkeep\n|\n|t:|1783566709\n|switch|p1a: Passimian|Passimian, L83, M|100/100\n|turn|3\n|inactive|Time left: 300 sec this turn | 300 sec total\n|\n|t:|1783566711\n|move|p1a: Passimian|Drain Punch|p2a: Heatran\n|-supereffective|p2a: Heatran\n|-damage|p2a: Heatran|0 fnt\n|faint|p2a: Heatran\n|\n|upkeep\n|inactive|Time left: 300 sec this turn | 300 sec total | 5 sec grace\n|\n|t:|1783566712\n|switch|p2a: Iron Jugulis|Iron Jugulis, L77|271/271\n|turn|4\n|inactive|Time left: 300 sec this turn | 300 sec total\n|\n|t:|1783566713\n|move|p2a: Iron Jugulis|Hurricane|p1a: Passimian\n|-supereffective|p1a: Passimian\n|-damage|p1a: Passimian|0 fnt\n|faint|p1a: Passimian\n|\n|upkeep\n|\n|t:|1783566714\n|switch|p1a: Piloswine|Piloswine, L85, M|100/100\n|turn|5\n|inactive|Time left: 300 sec this turn | 300 sec total\n|\n|t:|1783566715\n|move|p2a: Iron Jugulis|Meteor Beam||[still]\n|-prepare|p2a: Iron Jugulis|Meteor Beam\n|-boost|p2a: Iron Jugulis|spa|1\n|-enditem|p2a: Iron Jugulis|Power Herb\n|-anim|p2a: Iron Jugulis|Meteor Beam|p1a: Piloswine\n|-damage|p1a: Piloswine|65/100\n|move|p1a: Piloswine|Icicle Crash|p2a: Iron Jugulis\n|-supereffective|p2a: Iron Jugulis\n|-damage|p2a: Iron Jugulis|61/271\n|\n|-fieldend|move: Psychic Terrain\n|upkeep\n|turn|6\n|inactive|Time left: 300 sec this turn | 300 sec total\n|\n|t:|1783566717\n|move|p1a: Piloswine|Ice Shard|p2a: Iron Jugulis\n|-supereffective|p2a: Iron Jugulis\n|-damage|p2a: Iron Jugulis|0 fnt\n|faint|p2a: Iron Jugulis\n|-end|p2a: Iron Jugulis|Quark Drive|[silent]\n|\n|upkeep\n|inactive|Time left: 300 sec this turn | 300 sec total | 5 sec grace\n|\n|t:|1783566718\n|switch|p2a: Arceus|Arceus-Ghost, L69|280/280\n|turn|7\n|inactive|Time left: 300 sec this turn | 300 sec total\n|\n|t:|1783566719\n|move|p2a: Arceus|Will-O-Wisp|p1a: Piloswine\n|-status|p1a: Piloswine|brn\n|move|p1a: Piloswine|Stealth Rock|p2a: Arceus\n|-sidestart|p2: p0y2302179f|move: Stealth Rock\n|\n|-damage|p1a: Piloswine|58/100 brn|[from] brn\n|upkeep\n|turn|8\n|inactive|Time left: 300 sec this turn | 300 sec total\n|\n|t:|1783566720\n|switch|p2a: Groudon|Groudon, L72|263/263\n|-damage|p2a: Groudon|247/263|[from] Stealth Rock\n|-weather|SunnyDay|[from] ability: Drought|[of] p2a: Groudon\n|move|p1a: Piloswine|Earthquake|p2a: Groudon\n|-damage|p2a: Groudon|198/263\n|\n|-weather|SunnyDay|[upkeep]\n|-heal|p2a: Groudon|214/263|[from] item: Leftovers\n|-damage|p1a: Piloswine|52/100 brn|[from] brn\n|upkeep\n|turn|9\n|inactive|Time left: 300 sec this turn | 300 sec total\n|\n|t:|1783566721\n|move|p2a: Groudon|Swords Dance|p2a: Groudon\n|-boost|p2a: Groudon|atk|2\n|move|p1a: Piloswine|Earthquake|p2a: Groudon\n|-damage|p2a: Groudon|166/263\n|\n|-weather|SunnyDay|[upkeep]\n|-heal|p2a: Groudon|182/263|[from] item: Leftovers\n|-damage|p1a: Piloswine|46/100 brn|[from] brn\n|upkeep\n|turn|10\n|inactive|Time left: 300 sec this turn | 300 sec total\n|\n|t:|1783566722\n|move|p1a: Piloswine|Ice Shard|p2a: Groudon\n|-supereffective|p2a: Groudon\n|-damage|p2a: Groudon|146/263\n|move|p2a: Groudon|Heat Crash|p1a: Piloswine\n|-supereffective|p1a: Piloswine\n|-crit|p1a: Piloswine\n|-damage|p1a: Piloswine|0 fnt\n|faint|p1a: Piloswine\n|\n|-weather|SunnyDay|[upkeep]\n|-heal|p2a: Groudon|162/263|[from] item: Leftovers\n|upkeep\n|\n|t:|1783566723\n|switch|p1a: Tentacruel|Tentacruel, L84, M|100/100\n|turn|11\n|inactive|Time left: 300 sec this turn | 300 sec total\n|\n|t:|1783566725\n|move|p1a: Tentacruel|Surf|p2a: Groudon\n|-supereffective|p2a: Groudon\n|-damage|p2a: Groudon|66/263\n|move|p2a: Groudon|Precipice Blades|p1a: Tentacruel\n|-supereffective|p1a: Tentacruel\n|-damage|p1a: Tentacruel|0 fnt\n|faint|p1a: Tentacruel\n|\n|-weather|SunnyDay|[upkeep]\n|-heal|p2a: Groudon|82/263|[from] item: Leftovers\n|upkeep\n|\n|t:|1783566726\n|switch|p1a: Revavroom|Revavroom, L79, M|100/100\n|turn|12\n|inactive|Time left: 300 sec this turn | 300 sec total\n|\n|t:|1783566727\n|-terastallize|p1a: Revavroom|Ground\n|-terastallize|p2a: Groudon|Fire\n|move|p1a: Revavroom|High Horsepower|p2a: Groudon\n|-supereffective|p2a: Groudon\n|-damage|p2a: Groudon|0 fnt\n|faint|p2a: Groudon\n|-damage|p1a: Revavroom|91/100|[from] item: Life Orb\n|\n|-weather|none\n|upkeep\n|inactive|Time left: 300 sec this turn | 300 sec total | 5 sec grace\n|\n|t:|1783566728\n|switch|p2a: Arceus|Arceus-Ghost, L69|280/280\n|-damage|p2a: Arceus|245/280|[from] Stealth Rock\n|turn|13\n|inactive|Time left: 300 sec this turn | 300 sec total\n|\n|t:|1783566729\n|move|p2a: Arceus|Judgment|p1a: Revavroom\n|-damage|p1a: Revavroom|42/100\n|move|p1a: Revavroom|Shift Gear|p1a: Revavroom\n|-boost|p1a: Revavroom|spe|2\n|-boost|p1a: Revavroom|atk|1\n|\n|upkeep\n|turn|14\n|inactive|Time left: 300 sec this turn | 300 sec total\n|\n|t:|1783566730\n|move|p1a: Revavroom|Iron Head|p2a: Arceus\n|-damage|p2a: Arceus|93/280\n|-damage|p1a: Revavroom|33/100|[from] item: Life Orb\n|cant|p2a: Arceus|flinch\n|\n|upkeep\n|turn|15\n|inactive|Time left: 300 sec this turn | 300 sec total\n|\n|t:|1783566731\n|move|p1a: Revavroom|High Horsepower|p2a: Arceus\n|-damage|p2a: Arceus|0 fnt\n|faint|p2a: Arceus\n|-damage|p1a: Revavroom|23/100|[from] item: Life Orb\n|\n|upkeep\n|inactive|Time left: 300 sec this turn | 300 sec total | 5 sec grace\n|\n|t:|1783566732\n|switch|p2a: Scyther|Scyther, L82, F|249/249\n|turn|16\n|inactive|Time left: 300 sec this turn | 300 sec total\n|\n|t:|1783566733\n|move|p1a: Revavroom|Gunk Shot|p2a: Scyther\n|-damage|p2a: Scyther|0 fnt\n|faint|p2a: Scyther\n|-damage|p1a: Revavroom|13/100|[from] item: Life Orb\n|\n|upkeep\n|inactive|Time left: 300 sec this turn | 300 sec total | 5 sec grace\n|\n|t:|1783566734\n|switch|p2a: Wigglytuff|Wigglytuff, L96, M|424/424\n|-damage|p2a: Wigglytuff|371/424|[from] Stealth Rock\n|turn|17\n|inactive|Time left: 300 sec this turn | 300 sec total\n|\n|t:|1783566735\n|move|p2a: Wigglytuff|Protect|p2a: Wigglytuff\n|-singleturn|p2a: Wigglytuff|Protect\n|move|p1a: Revavroom|Iron Head|p2a: Wigglytuff\n|-activate|p2a: Wigglytuff|move: Protect\n|\n|-heal|p2a: Wigglytuff|397/424|[from] item: Leftovers\n|upkeep\n|turn|18\n|inactive|Time left: 300 sec this turn | 300 sec total\n|\n|t:|1783566736\n|move|p2a: Wigglytuff|Protect|p2a: Wigglytuff\n|-singleturn|p2a: Wigglytuff|Protect\n|move|p1a: Revavroom|Iron Head|p2a: Wigglytuff\n|-activate|p2a: Wigglytuff|move: Protect\n|\n|-heal|p2a: Wigglytuff|423/424|[from] item: Leftovers\n|upkeep\n|turn|19\n|inactive|Time left: 300 sec this turn | 300 sec total\n|\n|t:|1783566737\n|move|p1a: Revavroom|Iron Head|p2a: Wigglytuff\n|-supereffective|p2a: Wigglytuff\n|-damage|p2a: Wigglytuff|0 fnt\n|faint|p2a: Wigglytuff\n|-damage|p1a: Revavroom|3/100|[from] item: Life Orb\n|\n|win|p0x2302d231", "uploadtime": 1783566737, "views": 0, "rating": 0, "private": 0, "password": null, "_winner": "p0x2302d231", "_our_name": "p0y2302179f"}