{"id": "battle-gen9randombattle-2238", "formatid": "gen9randombattle", "format": "[Gen 9] Random Battle", "players": ["p0x223872ad", "p0y223830ee"], "log": "|init|battle\n|title|p0x223872ad vs. p0y223830ee\n|j|\u2606p0x223872ad\n|j|\u2606p0y223830ee\n|t:|1783565949\n|gametype|singles\n|player|p1|p0x223872ad|102|\n|player|p2|p0y223830ee|265|\n|gen|9\n|tier|[Gen 9] Random Battle\n|rule|Species Clause: Limit one of each Pok\u00e9mon\n|rule|HP Percentage Mod: HP is shown in percentages\n|rule|Sleep Clause Mod: Limit one foe put to sleep\n|rule|Illusion Level Mod: Illusion disguises the Pok\u00e9mon's true level\n|\n|t:|1783565949\n|teamsize|p1|6\n|teamsize|p2|6\n|start\n|switch|p1a: Meloetta|Meloetta, L82|100/100\n|switch|p2a: Ditto|Ditto, L87|225/225\n|-transform|p2a: Ditto|p1a: Meloetta|[from] ability: Imposter\n|turn|1\n|inactive|Battle timer is ON: inactive players will automatically lose when time's up. (requested by p0x223872ad)\n|inactive|Time left: 300 sec this turn | 300 sec total | 60 sec grace\n|inactive|p0y223830ee also wants the timer to be on.\n|\n|t:|1783565951\n|switch|p2a: Ninetales|Ninetales-Alola, L78, M|242/242\n|-weather|Snowscape|[from] ability: Snow Warning|[of] p2a: Ninetales\n|move|p1a: Meloetta|Hyper Voice|p2a: Ninetales\n|-damage|p2a: Ninetales|85/242\n|\n|-weather|Snowscape|[upkeep]\n|upkeep\n|turn|2\n|inactive|Time left: 300 sec this turn | 300 sec total\n|\n|t:|1783565952\n|move|p2a: Ninetales|Aurora Veil|p2a: Ninetales\n|-sidestart|p2: p0y223830ee|move: Aurora Veil\n|move|p1a: Meloetta|Hyper Voice|p2a: Ninetales\n|-damage|p2a: Ninetales|5/242\n|\n|-weather|Snowscape|[upkeep]\n|upkeep\n|turn|3\n|inactive|Time left: 300 sec this turn | 300 sec total\n|\n|t:|1783565953\n|switch|p2a: Sunflora|Sunflora, F|312/312\n|move|p1a: Meloetta|Hyper Voice|p2a: Sunflora\n|-damage|p2a: Sunflora|244/312\n|\n|-weather|Snowscape|[upkeep]\n|upkeep\n|turn|4\n|inactive|Time left: 300 sec this turn | 300 sec total\n|\n|t:|1783565954\n|move|p1a: Meloetta|Hyper Voice|p2a: Sunflora\n|-damage|p2a: Sunflora|169/312\n|move|p2a: Sunflora|Leaf Storm|p1a: Meloetta\n|-damage|p1a: Meloetta|15/100\n|-unboost|p2a: Sunflora|spa|2\n|\n|-weather|Snowscape|[upkeep]\n|upkeep\n|turn|5\n|inactive|Time left: 300 sec this turn | 300 sec total\n|\n|t:|1783565955\n|move|p1a: Meloetta|Hyper Voice|p2a: Sunflora\n|-damage|p2a: Sunflora|94/312\n|move|p2a: Sunflora|Leaf Storm|p1a: Meloetta\n|-damage|p1a: Meloetta|0 fnt\n|-unboost|p2a: Sunflora|spa|2\n|faint|p1a: Meloetta\n|\n|-weather|none\n|upkeep\n|\n|t:|1783565956\n|switch|p1a: Blaziken|Blaziken, L76, M|100/100\n|turn|6\n|inactive|Time left: 300 sec this turn | 300 sec total\n|\n|t:|1783565957\n|switch|p2a: Koraidon|Koraidon, L64|235/235\n|-weather|SunnyDay|[from] ability: Orichalcum Pulse|[of] p2a: Koraidon\n|-activate|p2a: Koraidon|Orichalcum Pulse|[source]\n|move|p1a: Blaziken|Swords Dance|p1a: Blaziken\n|-boost|p1a: Blaziken|atk|2\n|\n|-weather|SunnyDay|[upkeep]\n|-ability|p1a: Blaziken|Speed Boost|boost\n|-boost|p1a: Blaziken|spe|1\n|upkeep\n|turn|7\n|inactive|Time left: 300 sec this turn | 300 sec total\n|\n|t:|1783565958\n|move|p1a: Blaziken|Swords Dance|p1a: Blaziken\n|-boost|p1a: Blaziken|atk|2\n|move|p2a: Koraidon|Outrage|p1a: Blaziken\n|-damage|p1a: Blaziken|0 fnt\n|faint|p1a: Blaziken\n|\n|-weather|SunnyDay|[upkeep]\n|upkeep\n|\n|t:|1783565959\n|switch|p1a: Articuno|Articuno, L86|100/100\n|-ability|p1a: Articuno|Pressure\n|turn|8\n|inactive|Time left: 300 sec this turn | 300 sec total\n|\n|t:|1783565960\n|-terastallize|p1a: Articuno|Steel\n|move|p2a: Koraidon|Outrage|p1a: Articuno|[from] lockedmove\n|-resisted|p1a: Articuno\n|-damage|p1a: Articuno|71/100\n|-start|p2a: Koraidon|confusion|[fatigue]\n|move|p1a: Articuno|Brave Bird|p2a: Koraidon\n|-supereffective|p2a: Koraidon\n|-damage|p2a: Koraidon|100/235\n|-damage|p1a: Articuno|56/100|[from] Recoil\n|\n|-weather|SunnyDay|[upkeep]\n|upkeep\n|turn|9\n|inactive|Time left: 300 sec this turn | 300 sec total\n|\n|t:|1783565960\n|switch|p2a: Ninetales|Ninetales-Alola, L78, M|5/242\n|-weather|Snowscape|[from] ability: Snow Warning|[of] p2a: Ninetales\n|move|p1a: Articuno|Roost|p1a: Articuno\n|-heal|p1a: Articuno|100/100\n|\n|-weather|Snowscape|[upkeep]\n|-sideend|p2: p0y223830ee|move: Aurora Veil\n|upkeep\n|turn|10\n|inactive|Time left: 300 sec this turn | 300 sec total\n|\n|t:|1783565962\n|move|p2a: Ninetales|Aurora Veil|p2a: Ninetales\n|-sidestart|p2: p0y223830ee|move: Aurora Veil\n|move|p1a: Articuno|Brave Bird|p2a: Ninetales\n|-damage|p2a: Ninetales|0 fnt\n|faint|p2a: Ninetales\n|-damage|p1a: Articuno|99/100|[from] Recoil\n|\n|-weather|Snowscape|[upkeep]\n|upkeep\n|inactive|Time left: 300 sec this turn | 300 sec total | 5 sec grace\n|\n|t:|1783565962\n|switch|p2a: Koraidon|Koraidon, L64|100/235\n|-weather|SunnyDay|[from] ability: Orichalcum Pulse|[of] p2a: Koraidon\n|-activate|p2a: Koraidon|Orichalcum Pulse|[source]\n|turn|11\n|inactive|Time left: 300 sec this turn | 300 sec total\n|\n|t:|1783565963\n|switch|p1a: Veluza|Veluza, L85, F|100/100\n|move|p2a: Koraidon|Close Combat|p1a: Veluza\n|-resisted|p1a: Veluza\n|-damage|p1a: Veluza|63/100\n|-unboost|p2a: Koraidon|def|1\n|-unboost|p2a: Koraidon|spd|1\n|\n|-weather|SunnyDay|[upkeep]\n|upkeep\n|turn|12\n|inactive|Time left: 300 sec this turn | 300 sec total\n|\n|t:|1783565964\n|move|p2a: Koraidon|Close Combat|p1a: Veluza\n|-resisted|p1a: Veluza\n|-damage|p1a: Veluza|27/100\n|-unboost|p2a: Koraidon|def|1\n|-unboost|p2a: Koraidon|spd|1\n|move|p1a: Veluza|Psycho Cut|p2a: Koraidon\n|-supereffective|p2a: Koraidon\n|-crit|p2a: Koraidon\n|-damage|p2a: Koraidon|0 fnt\n|faint|p2a: Koraidon\n|\n|-weather|SunnyDay|[upkeep]\n|upkeep\n|inactive|Time left: 300 sec this turn | 300 sec total | 5 sec grace\n|\n|t:|1783565965\n|switch|p2a: Sunflora|Sunflora, F|94/312\n|turn|13\n|inactive|Time left: 300 sec this turn | 300 sec total\n|\n|t:|1783565965\n|move|p2a: Sunflora|Earth Power|p1a: Veluza\n|-damage|p1a: Veluza|0 fnt\n|faint|p1a: Veluza\n|\n|-weather|SunnyDay|[upkeep]\n|upkeep\n|\n|t:|1783565966\n|switch|p1a: Hitmontop|Hitmontop, L88, M|100/100\n|turn|14\n|inactive|Time left: 300 sec this turn | 300 sec total\n|\n|t:|1783565967\n|move|p2a: Sunflora|Earth Power|p1a: Hitmontop\n|-damage|p1a: Hitmontop|49/100\n|move|p1a: Hitmontop|Rapid Spin|p2a: Sunflora\n|-damage|p2a: Sunflora|63/312\n|-boost|p1a: Hitmontop|spe|1\n|\n|-weather|SunnyDay|[upkeep]\n|-heal|p1a: Hitmontop|55/100|[from] item: Leftovers\n|upkeep\n|turn|15\n|inactive|Time left: 300 sec this turn | 300 sec total\n|\n|t:|1783565968\n|switch|p2a: Wugtrio|Wugtrio, L91, F|212/212\n|move|p1a: Hitmontop|Triple Axel|p2a: Wugtrio\n|-resisted|p2a: Wugtrio\n|-damage|p2a: Wugtrio|204/212\n|-ability|p2a: Wugtrio|Gooey\n|-unboost|p1a: Hitmontop|spe|1\n|-resisted|p2a: Wugtrio\n|-damage|p2a: Wugtrio|188/212\n|-ability|p2a: Wugtrio|Gooey\n|-unboost|p1a: Hitmontop|spe|1\n|-resisted|p2a: Wugtrio\n|-damage|p2a: Wugtrio|163/212\n|-ability|p2a: Wugtrio|Gooey\n|-unboost|p1a: Hitmontop|spe|1\n|-hitcount|p2a: Wugtrio|3\n|\n|-weather|none\n|-heal|p1a: Hitmontop|61/100|[from] item: Leftovers\n|upkeep\n|turn|16\n|inactive|Time left: 300 sec this turn | 300 sec total\n|\n|t:|1783565969\n|switch|p1a: Articuno|Articuno, L86, tera:Steel|99/100\n|-ability|p1a: Articuno|Pressure\n|move|p2a: Wugtrio|Liquidation|p1a: Articuno\n|-damage|p1a: Articuno|49/100\n|\n|upkeep\n|turn|17\n|inactive|Time left: 300 sec this turn | 300 sec total\n|\n|t:|1783565970\n|move|p2a: Wugtrio|Liquidation|p1a: Articuno\n|-damage|p1a: Articuno|4/100\n|move|p1a: Articuno|Roost|p1a: Articuno\n|-heal|p1a: Articuno|54/100\n|\n|-sideend|p2: p0y223830ee|move: Aurora Veil\n|upkeep\n|turn|18\n|inactive|Time left: 300 sec this turn | 300 sec total\n|\n|t:|1783565972\n|move|p2a: Wugtrio|Liquidation|p1a: Articuno\n|-damage|p1a: Articuno|8/100\n|move|p1a: Articuno|Freeze-Dry|p2a: Wugtrio\n|-supereffective|p2a: Wugtrio\n|-damage|p2a: Wugtrio|0 fnt\n|faint|p2a: Wugtrio\n|\n|upkeep\n|inactive|Time left: 300 sec this turn | 300 sec total | 5 sec grace\n|\n|t:|1783565973\n|switch|p2a: Chansey|Chansey, L85, F|564/564\n|turn|19\n|inactive|Time left: 300 sec this turn | 300 sec total\n|\n|t:|1783565974\n|move|p1a: Articuno|Roost|p1a: Articuno\n|-heal|p1a: Articuno|58/100\n|move|p2a: Chansey|Thunder Wave|p1a: Articuno\n|-status|p1a: Articuno|par\n|\n|upkeep\n|turn|20\n|inactive|Time left: 300 sec this turn | 300 sec total\n|\n|t:|1783565975\n|move|p2a: Chansey|Seismic Toss|p1a: Articuno\n|-damage|p1a: Articuno|29/100 par\n|move|p1a: Articuno|Roost|p1a: Articuno\n|-heal|p1a: Articuno|79/100 par\n|\n|upkeep\n|turn|21\n|inactive|Time left: 300 sec this turn | 300 sec total\n|\n|t:|1783565975\n|switch|p1a: Hitmontop|Hitmontop, L88, M|61/100\n|move|p2a: Chansey|Thunder Wave|p1a: Hitmontop\n|-status|p1a: Hitmontop|par\n|\n|-heal|p1a: Hitmontop|67/100 par|[from] item: Leftovers\n|upkeep\n|turn|22\n|inactive|Time left: 300 sec this turn | 300 sec total\n|\n|t:|1783565976\n|move|p2a: Chansey|Seismic Toss|p1a: Hitmontop\n|-damage|p1a: Hitmontop|30/100 par\n|cant|p1a: Hitmontop|par\n|\n|-heal|p1a: Hitmontop|36/100 par|[from] item: Leftovers\n|upkeep\n|turn|23\n|inactive|Time left: 300 sec this turn | 300 sec total\n|\n|t:|1783565977\n|move|p2a: Chansey|Seismic Toss|p1a: Hitmontop\n|-damage|p1a: Hitmontop|0 fnt\n|faint|p1a: Hitmontop\n|\n|upkeep\n|\n|t:|1783565978\n|switch|p1a: Ogerpon|Ogerpon-Cornerstone, L76, F|100/100\n|turn|24\n|inactive|Time left: 300 sec this turn | 300 sec total\n|\n|t:|1783565979\n|move|p1a: Ogerpon|Power Whip|p2a: Chansey\n|-damage|p2a: Chansey|206/564\n|move|p2a: Chansey|Thunder Wave|p1a: Ogerpon\n|-status|p1a: Ogerpon|par\n|\n|upkeep\n|turn|25\n|inactive|Time left: 300 sec this turn | 300 sec total\n|\n|t:|1783565980\n|move|p2a: Chansey|Soft-Boiled|p2a: Chansey\n|-heal|p2a: Chansey|488/564\n|cant|p1a: Ogerpon|par\n|\n|upkeep\n|turn|26\n|inactive|Time left: 300 sec this turn | 300 sec total\n|\n|t:|1783565981\n|move|p2a: Chansey|Seismic Toss|p1a: Ogerpon\n|-damage|p1a: Ogerpon|66/100 par\n|move|p1a: Ogerpon|Ivy Cudgel|p2a: Chansey|[anim] Ivy Cudgel Rock\n|-damage|p2a: Chansey|205/564\n|\n|upkeep\n|turn|27\n|inactive|Time left: 300 sec this turn | 300 sec total\n|\n|t:|1783565982\n|move|p2a: Chansey|Seismic Toss|p1a: Ogerpon\n|-damage|p1a: Ogerpon|32/100 par\n|move|p1a: Ogerpon|Ivy Cudgel|p2a: Chansey|[anim] Ivy Cudgel Rock\n|-damage|p2a: Chansey|0 fnt\n|faint|p2a: Chansey\n|\n|upkeep\n|inactive|Time left: 300 sec this turn | 300 sec total | 5 sec grace\n|\n|t:|1783565983\n|switch|p2a: Sunflora|Sunflora, F|63/312\n|turn|28\n|inactive|Time left: 300 sec this turn | 300 sec total\n|\n|t:|1783565984\n|move|p2a: Sunflora|Earth Power|p1a: Ogerpon\n|-damage|p1a: Ogerpon|0 fnt\n|faint|p1a: Ogerpon\n|\n|upkeep\n|\n|t:|1783565985\n|switch|p1a: Articuno|Articuno, L86, tera:Steel|79/100 par\n|-ability|p1a: Articuno|Pressure\n|turn|29\n|inactive|Time left: 300 sec this turn | 300 sec total\n|\n|t:|1783565986\n|move|p2a: Sunflora|Earth Power|p1a: Articuno\n|-supereffective|p1a: Articuno\n|-damage|p1a: Articuno|5/100 par\n|move|p1a: Articuno|Freeze-Dry|p2a: Sunflora\n|-supereffective|p2a: Sunflora\n|-damage|p2a: Sunflora|0 fnt\n|faint|p2a: Sunflora\n|\n|upkeep\n|inactive|Time left: 300 sec this turn | 300 sec total | 5 sec grace\n|\n|t:|1783565987\n|switch|p2a: Ditto|Ditto, L87|225/225\n|-transform|p2a: Ditto|p1a: Articuno|[from] ability: Imposter\n|-ability|p2a: Ditto|Pressure\n|turn|30\n|inactive|Time left: 300 sec this turn | 300 sec total\n|\n|t:|1783565988\n|-terastallize|p2a: Ditto|Steel\n|move|p2a: Ditto|Freeze-Dry|p1a: Articuno\n|-resisted|p1a: Articuno\n|-damage|p1a: Articuno|0 fnt\n|faint|p1a: Articuno\n|\n|win|p0y223830ee", "uploadtime": 1783565988, "views": 0, "rating": 0, "private": 0, "password": null, "_winner": "p0y223830ee", "_our_name": "p0y223830ee"}