{"id": "battle-gen9randombattle-2158", "formatid": "gen9randombattle", "format": "[Gen 9] Random Battle", "players": ["p0x21583eb6", "p0y2158879c"], "log": "|init|battle\n|title|p0x21583eb6 vs. p0y2158879c\n|j|\u2606p0x21583eb6\n|j|\u2606p0y2158879c\n|t:|1783564966\n|gametype|singles\n|player|p1|p0x21583eb6|169|\n|player|p2|p0y2158879c|170|\n|gen|9\n|tier|[Gen 9] Random Battle\n|rule|Species Clause: Limit one of each Pok\u00e9mon\n|rule|HP Percentage Mod: HP is shown in percentages\n|rule|Sleep Clause Mod: Limit one foe put to sleep\n|rule|Illusion Level Mod: Illusion disguises the Pok\u00e9mon's true level\n|\n|t:|1783564966\n|teamsize|p1|6\n|teamsize|p2|6\n|start\n|switch|p1a: Iron Valiant|Iron Valiant, L78|100/100\n|switch|p2a: Scrafty|Scrafty, L83, F|244/244\n|-ability|p2a: Scrafty|Intimidate|boost\n|-unboost|p1a: Iron Valiant|atk|1\n|turn|1\n|inactive|Battle timer is ON: inactive players will automatically lose when time's up. (requested by p0x21583eb6)\n|inactive|Time left: 300 sec this turn | 300 sec total | 60 sec grace\n|inactive|p0y2158879c also wants the timer to be on.\n|\n|t:|1783564967\n|switch|p2a: Stantler|Stantler, L92, M|284/284\n|-ability|p2a: Stantler|Intimidate|boost\n|-unboost|p1a: Iron Valiant|atk|1\n|move|p1a: Iron Valiant|Moonblast|p2a: Stantler\n|-damage|p2a: Stantler|189/284\n|-damage|p1a: Iron Valiant|91/100|[from] item: Life Orb\n|\n|upkeep\n|turn|2\n|inactive|Time left: 300 sec this turn | 300 sec total\n|\n|t:|1783564969\n|move|p1a: Iron Valiant|Moonblast|p2a: Stantler\n|-damage|p2a: Stantler|80/284\n|-unboost|p2a: Stantler|spa|1\n|-damage|p1a: Iron Valiant|81/100|[from] item: Life Orb\n|move|p2a: Stantler|Body Slam|p1a: Iron Valiant\n|-damage|p1a: Iron Valiant|37/100\n|\n|upkeep\n|turn|3\n|inactive|Time left: 300 sec this turn | 300 sec total\n|\n|t:|1783564970\n|move|p1a: Iron Valiant|Moonblast|p2a: Stantler\n|-damage|p2a: Stantler|0 fnt\n|faint|p2a: Stantler\n|-damage|p1a: Iron Valiant|27/100|[from] item: Life Orb\n|\n|upkeep\n|inactive|Time left: 300 sec this turn | 300 sec total | 5 sec grace\n|\n|t:|1783564971\n|switch|p2a: Lilligant|Lilligant, L86, F|261/261\n|turn|4\n|inactive|Time left: 300 sec this turn | 300 sec total\n|\n|t:|1783564972\n|move|p1a: Iron Valiant|Moonblast|p2a: Lilligant\n|-damage|p2a: Lilligant|104/261\n|-damage|p1a: Iron Valiant|17/100|[from] item: Life Orb\n|move|p2a: Lilligant|Quiver Dance|p2a: Lilligant\n|-boost|p2a: Lilligant|spa|1\n|-boost|p2a: Lilligant|spd|1\n|-boost|p2a: Lilligant|spe|1\n|\n|upkeep\n|turn|5\n|inactive|Time left: 300 sec this turn | 300 sec total\n|\n|t:|1783564973\n|-end|p1a: Iron Valiant|Quark Drive|[silent]\n|switch|p1a: Forretress|Forretress, L84, M|100/100\n|move|p2a: Lilligant|Giga Drain|p1a: Forretress\n|-resisted|p1a: Forretress\n|-damage|p1a: Forretress|78/100\n|-heal|p2a: Lilligant|134/261|[from] drain|[of] p1a: Forretress\n|-damage|p2a: Lilligant|108/261|[from] item: Life Orb\n|\n|-heal|p1a: Forretress|84/100|[from] item: Leftovers\n|upkeep\n|turn|6\n|inactive|Time left: 300 sec this turn | 300 sec total\n|\n|t:|1783564975\n|move|p2a: Lilligant|Quiver Dance|p2a: Lilligant\n|-boost|p2a: Lilligant|spa|1\n|-boost|p2a: Lilligant|spd|1\n|-boost|p2a: Lilligant|spe|1\n|move|p1a: Forretress|Iron Head|p2a: Lilligant\n|-damage|p2a: Lilligant|15/261\n|\n|-heal|p1a: Forretress|90/100|[from] item: Leftovers\n|upkeep\n|turn|7\n|inactive|Time left: 300 sec this turn | 300 sec total\n|\n|t:|1783564976\n|move|p2a: Lilligant|Sleep Powder|p1a: Forretress\n|-status|p1a: Forretress|slp|[from] move: Sleep Powder\n|cant|p1a: Forretress|slp\n|\n|-heal|p1a: Forretress|96/100 slp|[from] item: Leftovers\n|upkeep\n|turn|8\n|inactive|Time left: 300 sec this turn | 300 sec total\n|\n|t:|1783564977\n|move|p2a: Lilligant|Giga Drain|p1a: Forretress\n|-resisted|p1a: Forretress\n|-damage|p1a: Forretress|66/100 slp\n|-heal|p2a: Lilligant|55/261|[from] drain|[of] p1a: Forretress\n|-damage|p2a: Lilligant|29/261|[from] item: Life Orb\n|-curestatus|p1a: Forretress|slp|[msg]\n|move|p1a: Forretress|Iron Head|p2a: Lilligant\n|-damage|p2a: Lilligant|0 fnt\n|faint|p2a: Lilligant\n|\n|-heal|p1a: Forretress|72/100|[from] item: Leftovers\n|upkeep\n|inactive|Time left: 300 sec this turn | 300 sec total | 5 sec grace\n|\n|t:|1783564978\n|switch|p2a: Cloyster|Cloyster, L80, F|211/211\n|turn|9\n|inactive|Time left: 300 sec this turn | 300 sec total\n|\n|t:|1783564979\n|move|p2a: Cloyster|Shell Smash|p2a: Cloyster\n|-unboost|p2a: Cloyster|def|1\n|-unboost|p2a: Cloyster|spd|1\n|-boost|p2a: Cloyster|atk|2\n|-boost|p2a: Cloyster|spa|2\n|-boost|p2a: Cloyster|spe|2\n|-enditem|p2a: Cloyster|White Herb\n|-clearnegativeboost|p2a: Cloyster|[silent]\n|move|p1a: Forretress|Rapid Spin|p2a: Cloyster\n|-damage|p2a: Cloyster|193/211\n|-boost|p1a: Forretress|spe|1\n|\n|-heal|p1a: Forretress|78/100|[from] item: Leftovers\n|upkeep\n|turn|10\n|inactive|Time left: 300 sec this turn | 300 sec total\n|\n|t:|1783564980\n|move|p2a: Cloyster|Hydro Pump|p1a: Forretress\n|-damage|p1a: Forretress|0 fnt\n|faint|p1a: Forretress\n|\n|upkeep\n|\n|t:|1783564981\n|switch|p1a: Iron Valiant|Iron Valiant, L78|17/100\n|turn|11\n|inactive|Time left: 300 sec this turn | 300 sec total\n|\n|t:|1783564982\n|move|p2a: Cloyster|Icicle Spear|p1a: Iron Valiant\n|-damage|p1a: Iron Valiant|0 fnt\n|faint|p1a: Iron Valiant\n|-end|p1a: Iron Valiant|Quark Drive|[silent]\n|-hitcount|p1: Iron Valiant|1\n|\n|upkeep\n|\n|t:|1783564983\n|switch|p1a: Vigoroth|Vigoroth, L85, M|100/100\n|turn|12\n|inactive|Time left: 300 sec this turn | 300 sec total\n|\n|t:|1783564984\n|move|p2a: Cloyster|Icicle Spear|p1a: Vigoroth\n|-damage|p1a: Vigoroth|88/100\n|-damage|p1a: Vigoroth|75/100\n|-damage|p1a: Vigoroth|63/100\n|-damage|p1a: Vigoroth|48/100\n|-damage|p1a: Vigoroth|36/100\n|-hitcount|p1a: Vigoroth|5\n|move|p1a: Vigoroth|Body Slam|p2a: Cloyster\n|-damage|p2a: Cloyster|145/211\n|-status|p2a: Cloyster|par\n|\n|upkeep\n|turn|13\n|inactive|Time left: 300 sec this turn | 300 sec total\n|\n|t:|1783564985\n|move|p1a: Vigoroth|Slack Off|p1a: Vigoroth\n|-heal|p1a: Vigoroth|86/100\n|move|p2a: Cloyster|Shell Smash|p2a: Cloyster\n|-unboost|p2a: Cloyster|def|1\n|-unboost|p2a: Cloyster|spd|1\n|-boost|p2a: Cloyster|atk|2\n|-boost|p2a: Cloyster|spa|2\n|-boost|p2a: Cloyster|spe|2\n|\n|upkeep\n|turn|14\n|inactive|Time left: 300 sec this turn | 300 sec total\n|\n|t:|1783564986\n|cant|p2a: Cloyster|par\n|move|p1a: Vigoroth|Body Slam|p2a: Cloyster\n|-damage|p2a: Cloyster|76/211 par\n|\n|upkeep\n|turn|15\n|inactive|Time left: 300 sec this turn | 300 sec total\n|\n|t:|1783564987\n|-terastallize|p1a: Vigoroth|Ground\n|move|p2a: Cloyster|Icicle Spear|p1a: Vigoroth\n|-supereffective|p1a: Vigoroth\n|-damage|p1a: Vigoroth|51/100\n|-supereffective|p1a: Vigoroth\n|-damage|p1a: Vigoroth|15/100\n|-supereffective|p1a: Vigoroth\n|-damage|p1a: Vigoroth|0 fnt\n|faint|p1a: Vigoroth\n|-hitcount|p1: Vigoroth|3\n|\n|upkeep\n|\n|t:|1783564988\n|switch|p1a: Talonflame|Talonflame, L83, M|100/100\n|turn|16\n|inactive|Time left: 300 sec this turn | 300 sec total\n|\n|t:|1783564989\n|move|p1a: Talonflame|Overheat|p2a: Cloyster\n|-damage|p2a: Cloyster|0 fnt\n|-unboost|p1a: Talonflame|spa|2\n|faint|p2a: Cloyster\n|\n|upkeep\n|inactive|Time left: 300 sec this turn | 300 sec total | 5 sec grace\n|\n|t:|1783564990\n|switch|p2a: Scrafty|Scrafty, L83, F|244/244\n|-ability|p2a: Scrafty|Intimidate|boost\n|-unboost|p1a: Talonflame|atk|1\n|turn|17\n|inactive|Time left: 300 sec this turn | 300 sec total\n|\n|t:|1783564991\n|switch|p1a: Kleavor|Kleavor, L78, M|100/100\n|move|p2a: Scrafty|Dragon Dance|p2a: Scrafty\n|-boost|p2a: Scrafty|atk|1\n|-boost|p2a: Scrafty|spe|1\n|\n|upkeep\n|turn|18\n|inactive|Time left: 300 sec this turn | 300 sec total\n|\n|t:|1783564992\n|move|p2a: Scrafty|Knock Off|p1a: Kleavor\n|-damage|p1a: Kleavor|34/100\n|-enditem|p1a: Kleavor|Heavy-Duty Boots|[from] move: Knock Off|[of] p2a: Scrafty\n|move|p1a: Kleavor|Swords Dance|p1a: Kleavor\n|-boost|p1a: Kleavor|atk|2\n|\n|upkeep\n|turn|19\n|inactive|Time left: 300 sec this turn | 300 sec total\n|\n|t:|1783564993\n|switch|p1a: Talonflame|Talonflame, L83, M|100/100\n|move|p2a: Scrafty|Knock Off|p1a: Talonflame\n|-damage|p1a: Talonflame|37/100\n|-enditem|p1a: Talonflame|Heavy-Duty Boots|[from] move: Knock Off|[of] p2a: Scrafty\n|\n|upkeep\n|turn|20\n|inactive|Time left: 300 sec this turn | 300 sec total\n|\n|t:|1783564994\n|move|p1a: Talonflame|Roost|p1a: Talonflame\n|-heal|p1a: Talonflame|87/100\n|-singleturn|p1a: Talonflame|move: Roost\n|move|p2a: Scrafty|Dragon Dance|p2a: Scrafty\n|-boost|p2a: Scrafty|atk|1\n|-boost|p2a: Scrafty|spe|1\n|\n|upkeep\n|turn|21\n|inactive|Time left: 300 sec this turn | 300 sec total\n|\n|t:|1783564995\n|move|p2a: Scrafty|Dragon Dance|p2a: Scrafty\n|-boost|p2a: Scrafty|atk|1\n|-boost|p2a: Scrafty|spe|1\n|move|p1a: Talonflame|Roost|p1a: Talonflame\n|-heal|p1a: Talonflame|100/100\n|-singleturn|p1a: Talonflame|move: Roost\n|\n|upkeep\n|turn|22\n|inactive|Time left: 300 sec this turn | 300 sec total\n|\n|t:|1783564996\n|move|p2a: Scrafty|Knock Off|p1a: Talonflame\n|-damage|p1a: Talonflame|25/100\n|move|p1a: Talonflame|Roost|p1a: Talonflame\n|-heal|p1a: Talonflame|76/100\n|-singleturn|p1a: Talonflame|move: Roost\n|\n|upkeep\n|turn|23\n|inactive|Time left: 300 sec this turn | 300 sec total\n|\n|t:|1783564997\n|-terastallize|p2a: Scrafty|Poison\n|move|p2a: Scrafty|Poison Jab|p1a: Talonflame\n|-damage|p1a: Talonflame|0 fnt\n|faint|p1a: Talonflame\n|\n|upkeep\n|\n|t:|1783564998\n|switch|p1a: Hitmonlee|Hitmonlee, L85, M|100/100\n|turn|24\n|inactive|Time left: 300 sec this turn | 300 sec total\n|\n|t:|1783564999\n|switch|p1a: Kleavor|Kleavor, L78, M|34/100\n|move|p2a: Scrafty|Poison Jab|p1a: Kleavor\n|-resisted|p1a: Kleavor\n|-damage|p1a: Kleavor|0 fnt\n|faint|p1a: Kleavor\n|\n|upkeep\n|\n|t:|1783565000\n|switch|p1a: Hitmonlee|Hitmonlee, L85, M|100/100\n|turn|25\n|inactive|Time left: 300 sec this turn | 300 sec total\n|\n|t:|1783565001\n|move|p2a: Scrafty|Drain Punch|p1a: Hitmonlee\n|-damage|p1a: Hitmonlee|0 fnt\n|faint|p1a: Hitmonlee\n|\n|win|p0y2158879c", "uploadtime": 1783565001, "views": 0, "rating": 0, "private": 0, "password": null, "_winner": "p0y2158879c", "_our_name": "p0y2158879c"}