{"id": "battle-gen9randombattle-2405", "formatid": "gen9randombattle", "format": "[Gen 9] Random Battle", "players": ["p0x24050538", "p0y24058d5f"], "log": "|init|battle\n|title|p0x24050538 vs. p0y24058d5f\n|j|\u2606p0x24050538\n|j|\u2606p0y24058d5f\n|t:|1783566892\n|gametype|singles\n|player|p1|p0x24050538|169|\n|player|p2|p0y24058d5f|266|\n|gen|9\n|tier|[Gen 9] Random Battle\n|rule|Species Clause: Limit one of each Pok\u00e9mon\n|rule|HP Percentage Mod: HP is shown in percentages\n|rule|Sleep Clause Mod: Limit one foe put to sleep\n|rule|Illusion Level Mod: Illusion disguises the Pok\u00e9mon's true level\n|\n|t:|1783566892\n|teamsize|p1|6\n|teamsize|p2|6\n|start\n|switch|p1a: Swampert|Swampert, L83, F|302/302\n|switch|p2a: Dragalge|Dragalge, L88, M|100/100\n|turn|1\n|inactive|Battle timer is ON: inactive players will automatically lose when time's up. (requested by p0y24058d5f)\n|inactive|Time left: 300 sec this turn | 300 sec total | 60 sec grace\n|inactive|p0x24050538 also wants the timer to be on.\n|\n|t:|1783566893\n|move|p1a: Swampert|Earthquake|p2a: Dragalge\n|-supereffective|p2a: Dragalge\n|-damage|p2a: Dragalge|14/100\n|move|p2a: Dragalge|Draco Meteor|p1a: Swampert\n|-damage|p1a: Swampert|84/302\n|-unboost|p2a: Dragalge|spa|2\n|\n|upkeep\n|turn|2\n|inactive|Time left: 300 sec this turn | 300 sec total\n|\n|t:|1783566895\n|switch|p2a: Granbull|Granbull, L88, M|100/100\n|-ability|p2a: Granbull|Intimidate|boost\n|-unboost|p1a: Swampert|atk|1\n|move|p1a: Swampert|Flip Turn|p2a: Granbull\n|-damage|p2a: Granbull|76/100\n|inactive|Time left: 300 sec this turn | 300 sec total | 5 sec grace\n|\n|t:|1783566896\n|switch|p1a: Dunsparce|Dunsparce, L86, M|312/312|[from] Flip Turn\n|\n|-heal|p2a: Granbull|82/100|[from] item: Leftovers\n|upkeep\n|turn|3\n|inactive|Time left: 300 sec this turn | 300 sec total\n|\n|t:|1783566897\n|move|p2a: Granbull|Play Rough|p1a: Dunsparce\n|-damage|p1a: Dunsparce|222/312\n|move|p1a: Dunsparce|Body Slam|p2a: Granbull\n|-damage|p2a: Granbull|55/100\n|-status|p2a: Granbull|par\n|\n|-heal|p2a: Granbull|61/100 par|[from] item: Leftovers\n|upkeep\n|turn|4\n|inactive|Time left: 300 sec this turn | 300 sec total\n|\n|t:|1783566898\n|move|p1a: Dunsparce|Coil|p1a: Dunsparce\n|-boost|p1a: Dunsparce|atk|1\n|-boost|p1a: Dunsparce|def|1\n|-boost|p1a: Dunsparce|accuracy|1\n|move|p2a: Granbull|Earthquake|p1a: Dunsparce\n|-damage|p1a: Dunsparce|176/312\n|\n|-heal|p2a: Granbull|67/100 par|[from] item: Leftovers\n|upkeep\n|turn|5\n|inactive|Time left: 300 sec this turn | 300 sec total\n|\n|t:|1783566899\n|move|p1a: Dunsparce|Body Slam|p2a: Granbull\n|-damage|p2a: Granbull|24/100 par\n|move|p2a: Granbull|Roar|p1a: Dunsparce\n|drag|p1a: Swampert|Swampert, L83, F|84/302\n|\n|-heal|p2a: Granbull|30/100 par|[from] item: Leftovers\n|upkeep\n|turn|6\n|inactive|Time left: 300 sec this turn | 300 sec total\n|\n|t:|1783566900\n|move|p1a: Swampert|Flip Turn|p2a: Granbull\n|-damage|p2a: Granbull|0 fnt\n|faint|p2a: Granbull\n|inactive|Time left: 300 sec this turn | 300 sec total | 5 sec grace\n|\n|t:|1783566901\n|switch|p1a: Bruxish|Bruxish, L85, M|254/254|[from] Flip Turn\n|\n|upkeep\n|\n|t:|1783566902\n|switch|p2a: Donphan|Donphan, L84, F|100/100\n|turn|7\n|inactive|Time left: 300 sec this turn | 300 sec total\n|\n|t:|1783566903\n|move|p1a: Bruxish|Swords Dance|p1a: Bruxish\n|-boost|p1a: Bruxish|atk|2\n|move|p2a: Donphan|Knock Off|p1a: Bruxish\n|-supereffective|p1a: Bruxish\n|-damage|p1a: Bruxish|76/254\n|-enditem|p1a: Bruxish|Life Orb|[from] move: Knock Off|[of] p2a: Donphan\n|\n|upkeep\n|turn|8\n|inactive|Time left: 300 sec this turn | 300 sec total\n|\n|t:|1783566904\n|move|p1a: Bruxish|Psychic Fangs|p2a: Donphan\n|-damage|p2a: Donphan|21/100\n|move|p2a: Donphan|Earthquake|p1a: Bruxish\n|-damage|p1a: Bruxish|0 fnt\n|faint|p1a: Bruxish\n|\n|-heal|p2a: Donphan|28/100|[from] item: Leftovers\n|upkeep\n|inactive|Time left: 300 sec this turn | 300 sec total | 5 sec grace\n|\n|t:|1783566905\n|switch|p1a: Weavile|Weavile, L79, M|239/239\n|turn|9\n|inactive|Time left: 300 sec this turn | 300 sec total\n|\n|t:|1783566906\n|switch|p2a: Cobalion|Cobalion, L80|100/100\n|move|p1a: Weavile|Knock Off|p2a: Cobalion\n|-resisted|p2a: Cobalion\n|-damage|p2a: Cobalion|77/100\n|-ability|p2a: Cobalion|Justified|boost\n|-boost|p2a: Cobalion|atk|1\n|-enditem|p2a: Cobalion|Leftovers|[from] move: Knock Off|[of] p1a: Weavile\n|\n|upkeep\n|turn|10\n|inactive|Time left: 300 sec this turn | 300 sec total\n|\n|t:|1783566907\n|switch|p1a: Garchomp|Garchomp, L74, M|282/282\n|move|p2a: Cobalion|Body Press|p1a: Garchomp\n|-damage|p1a: Garchomp|186/282\n|-damage|p2a: Cobalion|64/100|[from] ability: Rough Skin|[of] p1a: Garchomp\n|-damage|p2a: Cobalion|48/100|[from] item: Rocky Helmet|[of] p1a: Garchomp\n|\n|upkeep\n|turn|11\n|inactive|Time left: 300 sec this turn | 300 sec total\n|\n|t:|1783566908\n|move|p2a: Cobalion|Iron Head|p1a: Garchomp\n|-damage|p1a: Garchomp|72/282\n|-damage|p2a: Cobalion|36/100|[from] ability: Rough Skin|[of] p1a: Garchomp\n|-damage|p2a: Cobalion|19/100|[from] item: Rocky Helmet|[of] p1a: Garchomp\n|move|p1a: Garchomp|Earthquake|p2a: Cobalion\n|-supereffective|p2a: Cobalion\n|-damage|p2a: Cobalion|0 fnt\n|faint|p2a: Cobalion\n|\n|upkeep\n|\n|t:|1783566909\n|switch|p2a: Veluza|Veluza, L85, F|100/100\n|turn|12\n|inactive|Time left: 300 sec this turn | 300 sec total\n|\n|t:|1783566910\n|move|p2a: Veluza|Aqua Cutter|p1a: Garchomp\n|-damage|p1a: Garchomp|0 fnt\n|faint|p1a: Garchomp\n|\n|upkeep\n|inactive|Time left: 300 sec this turn | 300 sec total | 5 sec grace\n|\n|t:|1783566911\n|switch|p1a: Weavile|Weavile, L79, M|239/239\n|turn|13\n|inactive|Time left: 300 sec this turn | 300 sec total\n|\n|t:|1783566912\n|-terastallize|p2a: Veluza|Water\n|move|p2a: Veluza|Aqua Cutter|p1a: Weavile\n|-damage|p1a: Weavile|43/239\n|move|p1a: Weavile|Knock Off|p2a: Veluza\n|-damage|p2a: Veluza|41/100\n|-enditem|p2a: Veluza|Choice Scarf|[from] move: Knock Off|[of] p1a: Weavile\n|\n|upkeep\n|turn|14\n|inactive|Time left: 300 sec this turn | 300 sec total\n|\n|t:|1783566913\n|move|p1a: Weavile|Knock Off|p2a: Veluza\n|-damage|p2a: Veluza|0 fnt\n|faint|p2a: Veluza\n|\n|upkeep\n|\n|t:|1783566914\n|switch|p2a: Kingdra|Kingdra, L84, F|100/100\n|turn|15\n|inactive|Time left: 300 sec this turn | 300 sec total\n|\n|t:|1783566915\n|move|p1a: Weavile|Knock Off|p2a: Kingdra\n|-damage|p2a: Kingdra|43/100\n|-enditem|p2a: Kingdra|Lum Berry|[from] move: Knock Off|[of] p1a: Weavile\n|move|p2a: Kingdra|Dragon Dance|p2a: Kingdra\n|-boost|p2a: Kingdra|atk|1\n|-boost|p2a: Kingdra|spe|1\n|\n|upkeep\n|turn|16\n|inactive|Time left: 300 sec this turn | 300 sec total\n|\n|t:|1783566916\n|move|p2a: Kingdra|Outrage|p1a: Weavile\n|-damage|p1a: Weavile|0 fnt\n|faint|p1a: Weavile\n|\n|upkeep\n|inactive|Time left: 300 sec this turn | 300 sec total | 5 sec grace\n|\n|t:|1783566917\n|switch|p1a: Regidrago|Regidrago, L77|435/435\n|turn|17\n|inactive|Time left: 300 sec this turn | 300 sec total\n|\n|t:|1783566918\n|-terastallize|p1a: Regidrago|Steel\n|move|p2a: Kingdra|Outrage|p1a: Regidrago|[from] lockedmove\n|-resisted|p1a: Regidrago\n|-damage|p1a: Regidrago|295/435\n|-start|p2a: Kingdra|confusion|[fatigue]\n|move|p1a: Regidrago|Dragon Claw|p2a: Kingdra\n|-supereffective|p2a: Kingdra\n|-damage|p2a: Kingdra|0 fnt\n|faint|p2a: Kingdra\n|-damage|p1a: Regidrago|252/435|[from] item: Life Orb\n|\n|upkeep\n|\n|t:|1783566919\n|switch|p2a: Donphan|Donphan, L84, F|28/100\n|turn|18\n|inactive|Time left: 300 sec this turn | 300 sec total\n|\n|t:|1783566920\n|move|p1a: Regidrago|Dragon Claw|p2a: Donphan\n|-damage|p2a: Donphan|0 fnt\n|faint|p2a: Donphan\n|-damage|p1a: Regidrago|209/435|[from] item: Life Orb\n|\n|upkeep\n|\n|t:|1783566921\n|switch|p2a: Dragalge|Dragalge, L88, M|14/100\n|turn|19\n|inactive|Time left: 300 sec this turn | 300 sec total\n|\n|t:|1783566922\n|move|p1a: Regidrago|Tera Blast|p2a: Dragalge|[anim] Tera Blast Steel\n|-damage|p2a: Dragalge|0 fnt\n|faint|p2a: Dragalge\n|-damage|p1a: Regidrago|166/435|[from] item: Life Orb\n|\n|win|p0x24050538", "uploadtime": 1783566922, "views": 0, "rating": 0, "private": 0, "password": null, "_winner": "p0x24050538", "_our_name": "p0x24050538"}