{"id": "battle-gen9randombattle-163", "formatid": "gen9randombattle", "format": "[Gen 9] Random Battle", "players": ["p0x1635a53", "p0y1634bbc"], "log": "|init|battle\n|title|p0x1635a53 vs. p0y1634bbc\n|j|\u2606p0x1635a53\n|j|\u2606p0y1634bbc\n|t:|1783541463\n|gametype|singles\n|player|p1|p0x1635a53|2|\n|player|p2|p0y1634bbc|1|\n|gen|9\n|tier|[Gen 9] Random Battle\n|rule|Species Clause: Limit one of each Pok\u00e9mon\n|rule|HP Percentage Mod: HP is shown in percentages\n|rule|Sleep Clause Mod: Limit one foe put to sleep\n|rule|Illusion Level Mod: Illusion disguises the Pok\u00e9mon's true level\n|\n|t:|1783541463\n|teamsize|p1|6\n|teamsize|p2|6\n|start\n|switch|p1a: Chimecho|Chimecho, L93, M|100/100\n|switch|p2a: Bastiodon|Bastiodon, L89, M|252/252\n|turn|1\n|inactive|Battle timer is ON: inactive players will automatically lose when time's up. (requested by p0y1634bbc)\n|\n|t:|1783541464\n|move|p1a: Chimecho|Calm Mind|p1a: Chimecho\n|-boost|p1a: Chimecho|spa|1\n|-boost|p1a: Chimecho|spd|1\n|move|p2a: Bastiodon|Iron Defense|p2a: Bastiodon\n|-boost|p2a: Bastiodon|def|2\n|\n|upkeep\n|turn|2\n|inactive|Time left: 300 sec this turn | 300 sec total\n|inactive|p0x1635a53 also wants the timer to be on.\n|\n|t:|1783541465\n|move|p1a: Chimecho|Calm Mind|p1a: Chimecho\n|-boost|p1a: Chimecho|spa|1\n|-boost|p1a: Chimecho|spd|1\n|move|p2a: Bastiodon|Body Press|p1a: Chimecho\n|-resisted|p1a: Chimecho\n|-damage|p1a: Chimecho|68/100\n|\n|-heal|p1a: Chimecho|74/100|[from] item: Leftovers\n|upkeep\n|turn|3\n|inactive|Time left: 300 sec this turn | 300 sec total\n|\n|t:|1783541466\n|move|p1a: Chimecho|Calm Mind|p1a: Chimecho\n|-boost|p1a: Chimecho|spa|1\n|-boost|p1a: Chimecho|spd|1\n|move|p2a: Bastiodon|Body Press|p1a: Chimecho\n|-resisted|p1a: Chimecho\n|-damage|p1a: Chimecho|40/100\n|\n|-heal|p1a: Chimecho|46/100|[from] item: Leftovers\n|upkeep\n|turn|4\n|inactive|Time left: 300 sec this turn | 300 sec total\n|\n|t:|1783541467\n|move|p1a: Chimecho|Recover|p1a: Chimecho\n|-heal|p1a: Chimecho|96/100\n|move|p2a: Bastiodon|Body Press|p1a: Chimecho\n|-resisted|p1a: Chimecho\n|-damage|p1a: Chimecho|62/100\n|\n|-heal|p1a: Chimecho|68/100|[from] item: Leftovers\n|upkeep\n|turn|5\n|inactive|Time left: 300 sec this turn | 300 sec total\n|\n|t:|1783541468\n|move|p1a: Chimecho|Dazzling Gleam|p2a: Bastiodon\n|-resisted|p2a: Bastiodon\n|-damage|p2a: Bastiodon|192/252\n|move|p2a: Bastiodon|Body Press|p1a: Chimecho\n|-resisted|p1a: Chimecho\n|-damage|p1a: Chimecho|37/100\n|\n|-heal|p1a: Chimecho|43/100|[from] item: Leftovers\n|upkeep\n|turn|6\n|inactive|Time left: 300 sec this turn | 300 sec total\n|\n|t:|1783541469\n|move|p1a: Chimecho|Recover|p1a: Chimecho\n|-heal|p1a: Chimecho|93/100\n|move|p2a: Bastiodon|Foul Play|p1a: Chimecho\n|-supereffective|p1a: Chimecho\n|-damage|p1a: Chimecho|72/100\n|\n|-heal|p1a: Chimecho|78/100|[from] item: Leftovers\n|upkeep\n|turn|7\n|inactive|Time left: 300 sec this turn | 300 sec total\n|\n|t:|1783541470\n|move|p1a: Chimecho|Calm Mind|p1a: Chimecho\n|-boost|p1a: Chimecho|spa|1\n|-boost|p1a: Chimecho|spd|1\n|move|p2a: Bastiodon|Body Press|p1a: Chimecho\n|-resisted|p1a: Chimecho\n|-damage|p1a: Chimecho|48/100\n|\n|-heal|p1a: Chimecho|54/100|[from] item: Leftovers\n|upkeep\n|turn|8\n|inactive|Time left: 300 sec this turn | 300 sec total\n|\n|t:|1783541471\n|move|p1a: Chimecho|Recover|p1a: Chimecho\n|-heal|p1a: Chimecho|100/100\n|move|p2a: Bastiodon|Body Press|p1a: Chimecho\n|-resisted|p1a: Chimecho\n|-damage|p1a: Chimecho|69/100\n|\n|-heal|p1a: Chimecho|75/100|[from] item: Leftovers\n|upkeep\n|turn|9\n|inactive|Time left: 300 sec this turn | 300 sec total\n|\n|t:|1783541472\n|move|p1a: Chimecho|Dazzling Gleam|p2a: Bastiodon\n|-resisted|p2a: Bastiodon\n|-damage|p2a: Bastiodon|129/252\n|move|p2a: Bastiodon|Body Press|p1a: Chimecho\n|-resisted|p1a: Chimecho\n|-damage|p1a: Chimecho|43/100\n|\n|-heal|p1a: Chimecho|49/100|[from] item: Leftovers\n|upkeep\n|turn|10\n|inactive|Time left: 300 sec this turn | 300 sec total\n|\n|t:|1783541473\n|move|p1a: Chimecho|Recover|p1a: Chimecho\n|-heal|p1a: Chimecho|99/100\n|move|p2a: Bastiodon|Rest|p2a: Bastiodon\n|-status|p2a: Bastiodon|slp|[from] move: Rest\n|-heal|p2a: Bastiodon|252/252 slp|[silent]\n|-enditem|p2a: Bastiodon|Chesto Berry|[eat]\n|-curestatus|p2a: Bastiodon|slp|[msg]\n|\n|-heal|p1a: Chimecho|100/100|[from] item: Leftovers\n|upkeep\n|turn|11\n|inactive|Time left: 300 sec this turn | 300 sec total\n|\n|t:|1783541474\n|move|p1a: Chimecho|Dazzling Gleam|p2a: Bastiodon\n|-resisted|p2a: Bastiodon\n|-damage|p2a: Bastiodon|183/252\n|move|p2a: Bastiodon|Body Press|p1a: Chimecho\n|-resisted|p1a: Chimecho\n|-damage|p1a: Chimecho|67/100\n|\n|-heal|p1a: Chimecho|73/100|[from] item: Leftovers\n|upkeep\n|turn|12\n|inactive|Time left: 300 sec this turn | 300 sec total\n|\n|t:|1783541475\n|move|p1a: Chimecho|Dazzling Gleam|p2a: Bastiodon\n|-resisted|p2a: Bastiodon\n|-damage|p2a: Bastiodon|116/252\n|move|p2a: Bastiodon|Foul Play|p1a: Chimecho\n|-supereffective|p1a: Chimecho\n|-damage|p1a: Chimecho|53/100\n|\n|-heal|p1a: Chimecho|59/100|[from] item: Leftovers\n|upkeep\n|turn|13\n|inactive|Time left: 300 sec this turn | 300 sec total\n|\n|t:|1783541476\n|move|p1a: Chimecho|Dazzling Gleam|p2a: Bastiodon\n|-resisted|p2a: Bastiodon\n|-damage|p2a: Bastiodon|49/252\n|move|p2a: Bastiodon|Body Press|p1a: Chimecho\n|-resisted|p1a: Chimecho\n|-crit|p1a: Chimecho\n|-damage|p1a: Chimecho|13/100\n|\n|-heal|p1a: Chimecho|19/100|[from] item: Leftovers\n|upkeep\n|turn|14\n|inactive|Time left: 300 sec this turn | 300 sec total\n|\n|t:|1783541478\n|switch|p2a: Skuntank|Skuntank, L84, F|310/310\n|move|p1a: Chimecho|Recover|p1a: Chimecho\n|-heal|p1a: Chimecho|69/100\n|\n|-heal|p1a: Chimecho|75/100|[from] item: Leftovers\n|upkeep\n|turn|15\n|inactive|Time left: 300 sec this turn | 300 sec total\n|\n|t:|1783541479\n|-terastallize|p1a: Chimecho|Electric\n|move|p2a: Skuntank|Knock Off|p1a: Chimecho\n|-damage|p1a: Chimecho|32/100\n|-enditem|p1a: Chimecho|Leftovers|[from] move: Knock Off|[of] p2a: Skuntank\n|-damage|p2a: Skuntank|279/310|[from] item: Life Orb\n|move|p1a: Chimecho|Dazzling Gleam|p2a: Skuntank\n|-damage|p2a: Skuntank|0 fnt\n|faint|p2a: Skuntank\n|\n|upkeep\n|inactive|Time left: 300 sec this turn | 300 sec total | 5 sec grace\n|\n|t:|1783541480\n|switch|p2a: Slither Wing|Slither Wing, L81|270/270\n|turn|16\n|inactive|Time left: 300 sec this turn | 300 sec total\n|\n|t:|1783541481\n|move|p2a: Slither Wing|U-turn|p1a: Chimecho\n|-damage|p1a: Chimecho|0 fnt\n|faint|p1a: Chimecho\n|-damage|p2a: Slither Wing|243/270|[from] item: Life Orb\n|inactive|Time left: 300 sec this turn | 300 sec total | 5 sec grace\n|\n|t:|1783541482\n|-end|p2a: Slither Wing|Protosynthesis|[silent]\n|switch|p2a: Gardevoir|Gardevoir, L83, F|249/249|[from] U-turn\n|\n|upkeep\n|\n|t:|1783541483\n|switch|p1a: Magnezone|Magnezone, L85|100/100\n|-ability|p2a: Gardevoir|Analytic|Trace|[from] ability: Trace|[of] p1a: Magnezone\n|turn|17\n|inactive|Time left: 300 sec this turn | 300 sec total\n|\n|t:|1783541484\n|move|p2a: Gardevoir|Focus Blast|p1a: Magnezone\n|-supereffective|p1a: Magnezone\n|-damage|p1a: Magnezone|49/100\n|move|p1a: Magnezone|Flash Cannon|p2a: Gardevoir\n|-supereffective|p2a: Gardevoir\n|-damage|p2a: Gardevoir|27/249\n|\n|upkeep\n|turn|18\n|inactive|Time left: 300 sec this turn | 300 sec total\n|\n|t:|1783541486\n|move|p2a: Gardevoir|Focus Blast|p1a: Magnezone\n|-supereffective|p1a: Magnezone\n|-damage|p1a: Magnezone|0 fnt\n|faint|p1a: Magnezone\n|\n|upkeep\n|\n|t:|1783541487\n|switch|p1a: Minior|Minior-Orange, L79|100/100\n|-formechange|p1a: Minior|Minior-Meteor||[from] ability: Shields Down\n|turn|19\n|inactive|Time left: 300 sec this turn | 300 sec total\n|\n|t:|1783541488\n|move|p2a: Gardevoir|Focus Blast|p1a: Minior|[miss]\n|-miss|p2a: Gardevoir|p1a: Minior\n|move|p1a: Minior|Shell Smash|p1a: Minior\n|-unboost|p1a: Minior|def|1\n|-unboost|p1a: Minior|spd|1\n|-boost|p1a: Minior|atk|2\n|-boost|p1a: Minior|spa|2\n|-boost|p1a: Minior|spe|2\n|-enditem|p1a: Minior|White Herb\n|-clearnegativeboost|p1a: Minior|[silent]\n|\n|upkeep\n|turn|20\n|inactive|Time left: 300 sec this turn | 300 sec total\n|\n|t:|1783541489\n|move|p1a: Minior|Earthquake|p2a: Gardevoir\n|-damage|p2a: Gardevoir|0 fnt\n|faint|p2a: Gardevoir\n|\n|upkeep\n|inactive|Time left: 300 sec this turn | 300 sec total | 5 sec grace\n|\n|t:|1783541490\n|switch|p2a: Slither Wing|Slither Wing, L81|243/270\n|turn|21\n|inactive|Time left: 300 sec this turn | 300 sec total\n|\n|t:|1783541491\n|-terastallize|p2a: Slither Wing|Electric\n|move|p1a: Minior|Acrobatics|p2a: Slither Wing\n|-resisted|p2a: Slither Wing\n|-damage|p2a: Slither Wing|157/270\n|move|p2a: Slither Wing|Wild Charge|p1a: Minior\n|-supereffective|p1a: Minior\n|-damage|p1a: Minior|0 fnt\n|faint|p1a: Minior\n|-damage|p2a: Slither Wing|101/270|[from] Recoil\n|-damage|p2a: Slither Wing|74/270|[from] item: Life Orb\n|\n|upkeep\n|\n|t:|1783541492\n|switch|p1a: Rayquaza|Rayquaza, L72|100/100\n|-ability|p1a: Rayquaza|Air Lock\n|turn|22\n|inactive|Time left: 300 sec this turn | 300 sec total\n|\n|t:|1783541493\n|-end|p2a: Slither Wing|Protosynthesis|[silent]\n|switch|p2a: Glalie|Glalie, L96, F|309/309\n|move|p1a: Rayquaza|Earthquake|p2a: Glalie\n|-damage|p2a: Glalie|234/309\n|\n|upkeep\n|turn|23\n|inactive|Time left: 300 sec this turn | 300 sec total\n|\n|t:|1783541494\n|switch|p1a: Florges|Florges-Blue, L85, F|100/100\n|move|p2a: Glalie|Freeze-Dry|p1a: Florges\n|-damage|p1a: Florges|81/100\n|\n|-heal|p1a: Florges|87/100|[from] item: Leftovers\n|upkeep\n|turn|24\n|inactive|Time left: 300 sec this turn | 300 sec total\n|\n|t:|1783541495\n|move|p2a: Glalie|Freeze-Dry|p1a: Florges\n|-damage|p1a: Florges|66/100\n|move|p1a: Florges|Moonblast|p2a: Glalie\n|-damage|p2a: Glalie|116/309\n|\n|-heal|p1a: Florges|72/100|[from] item: Leftovers\n|upkeep\n|turn|25\n|inactive|Time left: 300 sec this turn | 300 sec total\n|\n|t:|1783541496\n|move|p2a: Glalie|Freeze-Dry|p1a: Florges\n|-crit|p1a: Florges\n|-damage|p1a: Florges|44/100\n|move|p1a: Florges|Moonblast|p2a: Glalie\n|-damage|p2a: Glalie|0 fnt\n|faint|p2a: Glalie\n|\n|-heal|p1a: Florges|50/100|[from] item: Leftovers\n|upkeep\n|inactive|Time left: 300 sec this turn | 300 sec total | 5 sec grace\n|\n|t:|1783541497\n|switch|p2a: Slither Wing|Slither Wing, L81, tera:Electric|74/270\n|turn|26\n|inactive|Time left: 300 sec this turn | 300 sec total\n|\n|t:|1783541498\n|move|p2a: Slither Wing|Wild Charge|p1a: Florges\n|-damage|p1a: Florges|0 fnt\n|faint|p1a: Florges\n|-damage|p2a: Slither Wing|40/270|[from] Recoil\n|-damage|p2a: Slither Wing|13/270|[from] item: Life Orb\n|\n|upkeep\n|\n|t:|1783541499\n|switch|p1a: Rayquaza|Rayquaza, L72|100/100\n|-ability|p1a: Rayquaza|Air Lock\n|turn|27\n|inactive|Time left: 300 sec this turn | 300 sec total\n|\n|t:|1783541500\n|move|p1a: Rayquaza|Earthquake|p2a: Slither Wing\n|-supereffective|p2a: Slither Wing\n|-damage|p2a: Slither Wing|0 fnt\n|faint|p2a: Slither Wing\n|-end|p2a: Slither Wing|Protosynthesis|[silent]\n|\n|upkeep\n|inactive|Time left: 300 sec this turn | 300 sec total | 5 sec grace\n|\n|t:|1783541501\n|switch|p2a: Cyclizar|Cyclizar, L84, F|255/255\n|turn|28\n|inactive|Time left: 300 sec this turn | 300 sec total\n|\n|t:|1783541502\n|move|p2a: Cyclizar|Draco Meteor|p1a: Rayquaza|[miss]\n|-miss|p2a: Cyclizar|p1a: Rayquaza\n|move|p1a: Rayquaza|Scale Shot|p2a: Cyclizar\n|-supereffective|p2a: Cyclizar\n|-damage|p2a: Cyclizar|181/255\n|-supereffective|p2a: Cyclizar\n|-damage|p2a: Cyclizar|113/255\n|-supereffective|p2a: Cyclizar\n|-damage|p2a: Cyclizar|41/255\n|-supereffective|p2a: Cyclizar\n|-damage|p2a: Cyclizar|0 fnt\n|faint|p2a: Cyclizar\n|-hitcount|p2: Cyclizar|4\n|-unboost|p1a: Rayquaza|def|1\n|-boost|p1a: Rayquaza|spe|1\n|\n|upkeep\n|inactive|Time left: 300 sec this turn | 300 sec total | 5 sec grace\n|\n|t:|1783541502\n|switch|p2a: Bastiodon|Bastiodon, L89, M|49/252\n|turn|29\n|inactive|Time left: 300 sec this turn | 300 sec total\n|\n|t:|1783541503\n|move|p1a: Rayquaza|Earthquake|p2a: Bastiodon\n|-supereffective|p2a: Bastiodon\n|-damage|p2a: Bastiodon|0 fnt\n|faint|p2a: Bastiodon\n|\n|win|p0x1635a53", "uploadtime": 1783541503, "views": 0, "rating": 0, "private": 0, "password": null, "_winner": "p0x1635a53", "_our_name": "p0y1634bbc"}