{"id": "battle-gen9randombattle-139", "formatid": "gen9randombattle", "format": "[Gen 9] Random Battle", "players": ["p0x139bf20", "p0y139d501"], "log": "|init|battle\n|title|p0x139bf20 vs. p0y139d501\n|j|\u2606p0x139bf20\n|j|\u2606p0y139d501\n|t:|1783534866\n|gametype|singles\n|player|p1|p0x139bf20|169|\n|player|p2|p0y139d501|102|\n|gen|9\n|tier|[Gen 9] Random Battle\n|rule|Species Clause: Limit one of each Pok\u00e9mon\n|rule|HP Percentage Mod: HP is shown in percentages\n|rule|Sleep Clause Mod: Limit one foe put to sleep\n|rule|Illusion Level Mod: Illusion disguises the Pok\u00e9mon's true level\n|\n|t:|1783534866\n|teamsize|p1|6\n|teamsize|p2|6\n|start\n|switch|p1a: Rillaboom|Rillaboom, L79, F|100/100\n|switch|p2a: Chien-Pao|Chien-Pao, L72|234/234\n|-ability|p2a: Chien-Pao|Sword of Ruin\n|-fieldstart|move: Grassy Terrain|[from] ability: Grassy Surge|[of] p1a: Rillaboom\n|turn|1\n|inactive|Battle timer is ON: inactive players will automatically lose when time's up. (requested by p0x139bf20)\n|inactive|Time left: 300 sec this turn | 300 sec total | 60 sec grace\n|inactive|p0y139d501 also wants the timer to be on.\n|\n|t:|1783534868\n|move|p2a: Chien-Pao|Icicle Crash|p1a: Rillaboom\n|-supereffective|p1a: Rillaboom\n|-damage|p1a: Rillaboom|0 fnt\n|faint|p1a: Rillaboom\n|\n|upkeep\n|\n|t:|1783534869\n|switch|p1a: Mimikyu|Mimikyu, L79, M|100/100\n|turn|2\n|inactive|Time left: 300 sec this turn | 300 sec total\n|\n|t:|1783534870\n|switch|p2a: Gouging Fire|Gouging Fire, L74|277/277\n|move|p1a: Mimikyu|Swords Dance|p1a: Mimikyu\n|-boost|p1a: Mimikyu|atk|2\n|\n|upkeep\n|turn|3\n|inactive|Time left: 300 sec this turn | 300 sec total\n|\n|t:|1783534871\n|move|p1a: Mimikyu|Play Rough|p2a: Gouging Fire\n|-damage|p2a: Gouging Fire|78/277\n|-damage|p1a: Mimikyu|91/100|[from] item: Life Orb\n|move|p2a: Gouging Fire|Dragon Dance|p2a: Gouging Fire\n|-boost|p2a: Gouging Fire|atk|1\n|-boost|p2a: Gouging Fire|spe|1\n|\n|-heal|p2a: Gouging Fire|95/277|[from] Grassy Terrain\n|-heal|p1a: Mimikyu|97/100|[from] Grassy Terrain\n|upkeep\n|turn|4\n|inactive|Time left: 300 sec this turn | 300 sec total\n|\n|t:|1783534872\n|switch|p1a: Glimmora|Glimmora, L75, F|100/100\n|-item|p1a: Glimmora|Air Balloon\n|move|p2a: Gouging Fire|Heat Crash|p1a: Glimmora\n|-resisted|p1a: Glimmora\n|-damage|p1a: Glimmora|65/100\n|-activate|p1a: Glimmora|ability: Toxic Debris\n|-sidestart|p2: p0y139d501|move: Toxic Spikes\n|-enditem|p1a: Glimmora|Air Balloon\n|\n|-heal|p2a: Gouging Fire|112/277|[from] Grassy Terrain\n|-heal|p1a: Glimmora|71/100|[from] Grassy Terrain\n|upkeep\n|turn|5\n|inactive|Time left: 300 sec this turn | 300 sec total\n|\n|t:|1783534873\n|move|p2a: Gouging Fire|Outrage|p1a: Glimmora\n|-damage|p1a: Glimmora|0 fnt\n|-activate|p1a: Glimmora|ability: Toxic Debris\n|-sidestart|p2: p0y139d501|move: Toxic Spikes\n|faint|p1a: Glimmora\n|\n|-heal|p2a: Gouging Fire|129/277|[from] Grassy Terrain\n|-fieldend|move: Grassy Terrain\n|upkeep\n|\n|t:|1783534873\n|switch|p1a: Mimikyu|Mimikyu, L79, M|97/100\n|turn|6\n|inactive|Time left: 300 sec this turn | 300 sec total\n|\n|t:|1783534874\n|move|p2a: Gouging Fire|Outrage|p1a: Mimikyu|[from] lockedmove\n|-immune|p1a: Mimikyu\n|-start|p2a: Gouging Fire|confusion|[fatigue]\n|move|p1a: Mimikyu|Swords Dance|p1a: Mimikyu\n|-boost|p1a: Mimikyu|atk|2\n|\n|upkeep\n|turn|7\n|inactive|Time left: 300 sec this turn | 300 sec total\n|\n|t:|1783534875\n|-activate|p2a: Gouging Fire|confusion\n|-damage|p2a: Gouging Fire|95/277|[from] confusion\n|move|p1a: Mimikyu|Drain Punch|p2a: Gouging Fire\n|-crit|p2a: Gouging Fire\n|-damage|p2a: Gouging Fire|0 fnt\n|-heal|p1a: Mimikyu|100/100|[from] drain|[of] p2a: Gouging Fire\n|faint|p2a: Gouging Fire\n|-end|p2a: Gouging Fire|Protosynthesis|[silent]\n|-damage|p1a: Mimikyu|91/100|[from] item: Life Orb\n|\n|upkeep\n|inactive|Time left: 300 sec this turn | 300 sec total | 5 sec grace\n|\n|t:|1783534876\n|switch|p2a: Umbreon|Umbreon, L84, F|297/297\n|-status|p2a: Umbreon|tox\n|turn|8\n|inactive|Time left: 300 sec this turn | 300 sec total\n|\n|t:|1783534877\n|-terastallize|p2a: Umbreon|Poison\n|move|p1a: Mimikyu|Play Rough|p2a: Umbreon\n|-resisted|p2a: Umbreon\n|-damage|p2a: Umbreon|218/297 tox\n|-damage|p1a: Mimikyu|81/100|[from] item: Life Orb\n|move|p2a: Umbreon|Toxic|p1a: Mimikyu\n|-status|p1a: Mimikyu|tox\n|\n|-heal|p2a: Umbreon|236/297 tox|[from] item: Leftovers\n|-damage|p1a: Mimikyu|75/100 tox|[from] psn\n|-damage|p2a: Umbreon|218/297 tox|[from] psn\n|upkeep\n|turn|9\n|inactive|Time left: 300 sec this turn | 300 sec total\n|\n|t:|1783534878\n|move|p1a: Mimikyu|Swords Dance|p1a: Mimikyu\n|-boost|p1a: Mimikyu|atk|2\n|move|p2a: Umbreon|Wish|p2a: Umbreon\n|\n|-heal|p2a: Umbreon|236/297 tox|[from] item: Leftovers\n|-damage|p1a: Mimikyu|63/100 tox|[from] psn\n|-damage|p2a: Umbreon|200/297 tox|[from] psn\n|upkeep\n|turn|10\n|inactive|Time left: 300 sec this turn | 300 sec total\n|\n|t:|1783534879\n|move|p1a: Mimikyu|Drain Punch|p2a: Umbreon\n|-resisted|p2a: Umbreon\n|-damage|p2a: Umbreon|132/297 tox\n|-heal|p1a: Mimikyu|79/100 tox|[from] drain|[of] p2a: Umbreon\n|-damage|p1a: Mimikyu|69/100 tox|[from] item: Life Orb\n|move|p2a: Umbreon|Foul Play|p1a: Mimikyu\n|-activate|p1a: Mimikyu|ability: Disguise\n|-damage|p1a: Mimikyu|69/100 tox\n|detailschange|p1a: Mimikyu|Mimikyu-Busted, L79, M\n|-damage|p1a: Mimikyu|57/100 tox|[from] pokemon: Mimikyu-Busted\n|\n|-heal|p2a: Umbreon|280/297 tox|[from] move: Wish|[wisher] Umbreon\n|-heal|p2a: Umbreon|297/297 tox|[from] item: Leftovers\n|-damage|p1a: Mimikyu|38/100 tox|[from] psn\n|-damage|p2a: Umbreon|243/297 tox|[from] psn\n|upkeep\n|turn|11\n|inactive|Time left: 300 sec this turn | 300 sec total\n|\n|t:|1783534880\n|move|p1a: Mimikyu|Play Rough|p2a: Umbreon\n|-resisted|p2a: Umbreon\n|-damage|p2a: Umbreon|104/297 tox\n|-unboost|p2a: Umbreon|atk|1\n|-damage|p1a: Mimikyu|29/100 tox|[from] item: Life Orb\n|move|p2a: Umbreon|Foul Play|p1a: Mimikyu\n|-damage|p1a: Mimikyu|0 fnt\n|faint|p1a: Mimikyu\n|\n|-heal|p2a: Umbreon|122/297 tox|[from] item: Leftovers\n|-damage|p2a: Umbreon|50/297 tox|[from] psn\n|upkeep\n|\n|t:|1783534881\n|switch|p1a: Minior|Minior-Indigo, L79|100/100\n|-formechange|p1a: Minior|Minior-Meteor||[from] ability: Shields Down\n|turn|12\n|inactive|Time left: 300 sec this turn | 300 sec total\n|\n|t:|1783534882\n|move|p2a: Umbreon|Foul Play|p1a: Minior\n|-damage|p1a: Minior|72/100\n|move|p1a: Minior|Shell Smash|p1a: Minior\n|-unboost|p1a: Minior|def|1\n|-unboost|p1a: Minior|spd|1\n|-boost|p1a: Minior|atk|2\n|-boost|p1a: Minior|spa|2\n|-boost|p1a: Minior|spe|2\n|-enditem|p1a: Minior|White Herb\n|-clearnegativeboost|p1a: Minior|[silent]\n|\n|-heal|p2a: Umbreon|68/297 tox|[from] item: Leftovers\n|-damage|p2a: Umbreon|0 fnt|[from] psn\n|faint|p2a: Umbreon\n|upkeep\n|inactive|Time left: 300 sec this turn | 300 sec total | 5 sec grace\n|\n|t:|1783534883\n|switch|p2a: Dachsbun|Dachsbun, L92, F|254/254\n|-status|p2a: Dachsbun|tox\n|turn|13\n|inactive|Time left: 300 sec this turn | 300 sec total\n|\n|t:|1783534884\n|move|p1a: Minior|Acrobatics|p2a: Dachsbun\n|-damage|p2a: Dachsbun|154/254 tox\n|move|p2a: Dachsbun|Play Rough|p1a: Minior\n|-damage|p1a: Minior|26/100\n|\n|-heal|p2a: Dachsbun|169/254 tox|[from] item: Leftovers\n|-damage|p2a: Dachsbun|154/254 tox|[from] psn\n|-formechange|p1a: Minior|Minior-Indigo||[from] ability: Shields Down\n|upkeep\n|turn|14\n|inactive|Time left: 300 sec this turn | 300 sec total\n|\n|t:|1783534885\n|move|p1a: Minior|Acrobatics|p2a: Dachsbun\n|-damage|p2a: Dachsbun|4/254 tox\n|move|p2a: Dachsbun|Body Press|p1a: Minior\n|-damage|p1a: Minior|0 fnt\n|faint|p1a: Minior\n|\n|-heal|p2a: Dachsbun|19/254 tox|[from] item: Leftovers\n|-damage|p2a: Dachsbun|0 fnt|[from] psn\n|faint|p2a: Dachsbun\n|upkeep\n|inactive|Time left: 300 sec this turn | 300 sec total | 5 sec grace\n|\n|t:|1783534886\n|switch|p1a: Tentacruel|Tentacruel, L84, M|100/100\n|switch|p2a: Chien-Pao|Chien-Pao, L72|234/234\n|-status|p2a: Chien-Pao|tox\n|-ability|p2a: Chien-Pao|Sword of Ruin\n|turn|15\n|inactive|Time left: 300 sec this turn | 300 sec total\n|\n|t:|1783534887\n|move|p2a: Chien-Pao|Crunch|p1a: Tentacruel\n|-damage|p1a: Tentacruel|31/100\n|move|p1a: Tentacruel|Sludge Bomb|p2a: Chien-Pao\n|-damage|p2a: Chien-Pao|123/234 tox\n|\n|-damage|p2a: Chien-Pao|109/234 tox|[from] psn\n|upkeep\n|turn|16\n|inactive|Time left: 300 sec this turn | 300 sec total\n|\n|t:|1783534888\n|move|p2a: Chien-Pao|Crunch|p1a: Tentacruel\n|-damage|p1a: Tentacruel|0 fnt\n|faint|p1a: Tentacruel\n|\n|-damage|p2a: Chien-Pao|81/234 tox|[from] psn\n|upkeep\n|\n|t:|1783534889\n|switch|p1a: Blissey|Blissey, L85, F|100/100\n|turn|17\n|inactive|Time left: 300 sec this turn | 300 sec total\n|\n|t:|1783534890\n|move|p2a: Chien-Pao|Crunch|p1a: Blissey\n|-damage|p1a: Blissey|28/100\n|move|p1a: Blissey|Soft-Boiled|p1a: Blissey\n|-heal|p1a: Blissey|78/100\n|\n|-heal|p1a: Blissey|84/100|[from] item: Leftovers\n|-damage|p2a: Chien-Pao|39/234 tox|[from] psn\n|upkeep\n|turn|18\n|inactive|Time left: 300 sec this turn | 300 sec total\n|\n|t:|1783534891\n|move|p2a: Chien-Pao|Crunch|p1a: Blissey\n|-damage|p1a: Blissey|3/100\n|-unboost|p1a: Blissey|def|1\n|move|p1a: Blissey|Soft-Boiled|p1a: Blissey\n|-heal|p1a: Blissey|53/100\n|\n|-heal|p1a: Blissey|59/100|[from] item: Leftovers\n|-damage|p2a: Chien-Pao|0 fnt|[from] psn\n|faint|p2a: Chien-Pao\n|upkeep\n|inactive|Time left: 300 sec this turn | 300 sec total | 5 sec grace\n|\n|t:|1783534892\n|switch|p2a: Galvantula|Galvantula, L82, F|249/249\n|turn|19\n|inactive|Time left: 300 sec this turn | 300 sec total\n|\n|t:|1783534894\n|move|p2a: Galvantula|Sticky Web|p1a: Blissey\n|-sidestart|p1: p0x139bf20|move: Sticky Web\n|move|p1a: Blissey|Soft-Boiled|p1a: Blissey\n|-heal|p1a: Blissey|100/100\n|\n|upkeep\n|turn|20\n|inactive|Time left: 300 sec this turn | 300 sec total\n|\n|t:|1783534895\n|move|p2a: Galvantula|Thunder|p1a: Blissey\n|-damage|p1a: Blissey|87/100\n|move|p1a: Blissey|Seismic Toss|p2a: Galvantula\n|-damage|p2a: Galvantula|164/249\n|\n|-heal|p1a: Blissey|94/100|[from] item: Leftovers\n|upkeep\n|turn|21\n|inactive|Time left: 300 sec this turn | 300 sec total\n|\n|t:|1783534896\n|move|p2a: Galvantula|Thunder|p1a: Blissey\n|-damage|p1a: Blissey|79/100\n|-status|p1a: Blissey|par\n|move|p1a: Blissey|Seismic Toss|p2a: Galvantula\n|-damage|p2a: Galvantula|79/249\n|\n|-heal|p1a: Blissey|85/100 par|[from] item: Leftovers\n|upkeep\n|turn|22\n|inactive|Time left: 300 sec this turn | 300 sec total\n|\n|t:|1783534897\n|move|p2a: Galvantula|Volt Switch|p1a: Blissey\n|-damage|p1a: Blissey|77/100 par\n|inactive|Time left: 300 sec this turn | 300 sec total | 5 sec grace\n|\n|t:|1783534898\n|switch|p2a: Gothitelle|Gothitelle, L90, F|272/272|[from] Volt Switch\n|-status|p2a: Gothitelle|tox\n|move|p1a: Blissey|Seismic Toss|p2a: Gothitelle\n|-damage|p2a: Gothitelle|187/272 tox\n|\n|-heal|p1a: Blissey|83/100 par|[from] item: Leftovers\n|-damage|p2a: Gothitelle|170/272 tox|[from] psn\n|upkeep\n|turn|23\n|inactive|Time left: 300 sec this turn | 300 sec total\n|\n|t:|1783534899\n|move|p2a: Gothitelle|Dark Pulse|p1a: Blissey\n|-damage|p1a: Blissey|74/100 par\n|cant|p1a: Blissey|par\n|\n|-heal|p1a: Blissey|80/100 par|[from] item: Leftovers\n|-damage|p2a: Gothitelle|136/272 tox|[from] psn\n|upkeep\n|turn|24\n|inactive|Time left: 300 sec this turn | 300 sec total\n|\n|t:|1783534900\n|move|p2a: Gothitelle|Dark Pulse|p1a: Blissey\n|-damage|p1a: Blissey|72/100 par\n|move|p1a: Blissey|Seismic Toss|p2a: Gothitelle\n|-damage|p2a: Gothitelle|51/272 tox\n|\n|-heal|p1a: Blissey|78/100 par|[from] item: Leftovers\n|-damage|p2a: Gothitelle|0 fnt|[from] psn\n|faint|p2a: Gothitelle\n|upkeep\n|inactive|Time left: 300 sec this turn | 300 sec total | 5 sec grace\n|\n|t:|1783534901\n|switch|p2a: Galvantula|Galvantula, L82, F|79/249\n|turn|25\n|inactive|Time left: 300 sec this turn | 300 sec total\n|\n|t:|1783534902\n|-terastallize|p1a: Blissey|Poison\n|move|p2a: Galvantula|Sticky Web||[still]\n|-fail|p2a: Galvantula\n|cant|p1a: Blissey|par\n|\n|-heal|p1a: Blissey|84/100 par|[from] item: Leftovers\n|upkeep\n|turn|26\n|inactive|Time left: 300 sec this turn | 300 sec total\n|\n|t:|1783534903\n|move|p2a: Galvantula|Bug Buzz|p1a: Blissey\n|-resisted|p1a: Blissey\n|-damage|p1a: Blissey|78/100 par\n|move|p1a: Blissey|Seismic Toss|p2a: Galvantula\n|-damage|p2a: Galvantula|0 fnt\n|faint|p2a: Galvantula\n|\n|win|p0x139bf20", "uploadtime": 1783534903, "views": 0, "rating": 0, "private": 0, "password": null, "_winner": "p0x139bf20", "_our_name": "p0y139d501"}