{"id": "battle-gen9randombattle-157", "formatid": "gen9randombattle", "format": "[Gen 9] Random Battle", "players": ["p0x157c79b", "p0y15760a1"], "log": "|init|battle\n|title|p0x157c79b vs. p0y15760a1\n|j|\u2606p0x157c79b\n|j|\u2606p0y15760a1\n|t:|1783541377\n|gametype|singles\n|player|p1|p0x157c79b|170|\n|player|p2|p0y15760a1|101|\n|gen|9\n|tier|[Gen 9] Random Battle\n|rule|Species Clause: Limit one of each Pok\u00e9mon\n|rule|HP Percentage Mod: HP is shown in percentages\n|rule|Sleep Clause Mod: Limit one foe put to sleep\n|rule|Illusion Level Mod: Illusion disguises the Pok\u00e9mon's true level\n|\n|t:|1783541377\n|teamsize|p1|6\n|teamsize|p2|6\n|start\n|switch|p1a: Pachirisu|Pachirisu, L96, M|100/100\n|switch|p2a: Reshiram|Reshiram, L76|277/277\n|-ability|p2a: Reshiram|Turboblaze\n|turn|1\n|inactive|Battle timer is ON: inactive players will automatically lose when time's up. (requested by p0y15760a1)\n|inactive|p0x157c79b also wants the timer to be on.\n|\n|t:|1783541379\n|move|p1a: Pachirisu|U-turn|p2a: Reshiram\n|-resisted|p2a: Reshiram\n|-damage|p2a: Reshiram|258/277\n|\n|t:|1783541379\n|switch|p1a: Scrafty|Scrafty, L83, M|100/100|[from] U-turn\n|-ability|p1a: Scrafty|Intimidate|boost\n|-unboost|p2a: Reshiram|atk|1\n|move|p2a: Reshiram|Outrage|p1a: Scrafty\n|-damage|p1a: Scrafty|72/100\n|\n|-heal|p1a: Scrafty|78/100|[from] item: Leftovers\n|upkeep\n|turn|2\n|inactive|Time left: 300 sec this turn | 300 sec total\n|\n|t:|1783541381\n|move|p2a: Reshiram|Outrage|p1a: Scrafty|[from] lockedmove\n|-damage|p1a: Scrafty|50/100\n|move|p1a: Scrafty|Dragon Dance|p1a: Scrafty\n|-boost|p1a: Scrafty|atk|1\n|-boost|p1a: Scrafty|spe|1\n|\n|-heal|p1a: Scrafty|57/100|[from] item: Leftovers\n|upkeep\n|turn|3\n|inactive|Time left: 300 sec this turn | 300 sec total\n|\n|t:|1783541382\n|move|p1a: Scrafty|Drain Punch|p2a: Reshiram\n|-damage|p2a: Reshiram|153/277\n|-heal|p1a: Scrafty|78/100|[from] drain|[of] p2a: Reshiram\n|move|p2a: Reshiram|Outrage|p1a: Scrafty|[from] lockedmove\n|-damage|p1a: Scrafty|48/100\n|-start|p2a: Reshiram|confusion|[fatigue]\n|\n|-heal|p1a: Scrafty|54/100|[from] item: Leftovers\n|upkeep\n|turn|4\n|inactive|Time left: 300 sec this turn | 300 sec total\n|\n|t:|1783541383\n|switch|p2a: Primarina|Primarina, L83, M|268/268\n|move|p1a: Scrafty|Knock Off|p2a: Primarina\n|-resisted|p2a: Primarina\n|-damage|p2a: Primarina|181/268\n|-enditem|p2a: Primarina|Leftovers|[from] move: Knock Off|[of] p1a: Scrafty\n|\n|-heal|p1a: Scrafty|60/100|[from] item: Leftovers\n|upkeep\n|turn|5\n|inactive|Time left: 300 sec this turn | 300 sec total\n|\n|t:|1783541384\n|move|p1a: Scrafty|Poison Jab|p2a: Primarina\n|-supereffective|p2a: Primarina\n|-damage|p2a: Primarina|0 fnt\n|faint|p2a: Primarina\n|\n|-heal|p1a: Scrafty|66/100|[from] item: Leftovers\n|upkeep\n|inactive|Time left: 300 sec this turn | 300 sec total | 5 sec grace\n|\n|t:|1783541385\n|switch|p2a: Pikachu|Pikachu-World, L93, F|216/216\n|turn|6\n|inactive|Time left: 300 sec this turn | 300 sec total\n|\n|t:|1783541386\n|switch|p1a: Iron Treads|Iron Treads, L77|100/100\n|move|p2a: Pikachu|Volt Tackle|p1a: Iron Treads\n|-immune|p1a: Iron Treads\n|\n|upkeep\n|turn|7\n|inactive|Time left: 300 sec this turn | 300 sec total\n|\n|t:|1783541387\n|-terastallize|p2a: Pikachu|Water\n|move|p2a: Pikachu|Surf|p1a: Iron Treads\n|-supereffective|p1a: Iron Treads\n|-damage|p1a: Iron Treads|12/100\n|move|p1a: Iron Treads|Earthquake|p2a: Pikachu\n|-damage|p2a: Pikachu|68/216\n|\n|upkeep\n|turn|8\n|inactive|Time left: 300 sec this turn | 300 sec total\n|\n|t:|1783541388\n|-end|p1a: Iron Treads|Quark Drive|[silent]\n|switch|p1a: Manaphy|Manaphy, L78|100/100\n|move|p2a: Pikachu|Surf|p1a: Manaphy\n|-resisted|p1a: Manaphy\n|-damage|p1a: Manaphy|77/100\n|\n|-heal|p1a: Manaphy|83/100|[from] item: Leftovers\n|upkeep\n|turn|9\n|inactive|Time left: 300 sec this turn | 300 sec total\n|\n|t:|1783541389\n|switch|p1a: Ting-Lu|Ting-Lu, L78|100/100\n|-ability|p1a: Ting-Lu|Vessel of Ruin\n|move|p2a: Pikachu|Volt Tackle|p1a: Ting-Lu\n|-immune|p1a: Ting-Lu\n|\n|upkeep\n|turn|10\n|inactive|Time left: 300 sec this turn | 300 sec total\n|\n|t:|1783541390\n|move|p2a: Pikachu|Surf|p1a: Ting-Lu\n|-supereffective|p1a: Ting-Lu\n|-damage|p1a: Ting-Lu|29/100\n|move|p1a: Ting-Lu|Earthquake|p2a: Pikachu\n|-damage|p2a: Pikachu|0 fnt\n|faint|p2a: Pikachu\n|\n|-heal|p1a: Ting-Lu|35/100|[from] item: Leftovers\n|upkeep\n|inactive|Time left: 300 sec this turn | 300 sec total | 5 sec grace\n|\n|t:|1783541391\n|switch|p2a: Honchkrow|Honchkrow, L86, M|312/312\n|turn|11\n|inactive|Time left: 300 sec this turn | 300 sec total\n|\n|t:|1783541392\n|switch|p1a: Pachirisu|Pachirisu, L96, M|100/100\n|move|p2a: Honchkrow|Brave Bird|p1a: Pachirisu\n|-resisted|p1a: Pachirisu\n|-damage|p1a: Pachirisu|69/100\n|-damage|p2a: Honchkrow|284/312|[from] Recoil\n|\n|upkeep\n|turn|12\n|inactive|Time left: 300 sec this turn | 300 sec total\n|\n|t:|1783541393\n|move|p1a: Pachirisu|Discharge|p2a: Honchkrow\n|-supereffective|p2a: Honchkrow\n|-crit|p2a: Honchkrow\n|-damage|p2a: Honchkrow|26/312\n|move|p2a: Honchkrow|Brave Bird|p1a: Pachirisu\n|-resisted|p1a: Pachirisu\n|-damage|p1a: Pachirisu|39/100\n|-damage|p2a: Honchkrow|0 fnt|[from] Recoil\n|faint|p2a: Honchkrow\n|\n|upkeep\n|inactive|Time left: 300 sec this turn | 300 sec total | 5 sec grace\n|\n|t:|1783541393\n|switch|p2a: Reshiram|Reshiram, L76|153/277\n|-ability|p2a: Reshiram|Turboblaze\n|turn|13\n|inactive|Time left: 300 sec this turn | 300 sec total\n|\n|t:|1783541394\n|move|p1a: Pachirisu|U-turn|p2a: Reshiram\n|-resisted|p2a: Reshiram\n|-damage|p2a: Reshiram|135/277\n|\n|t:|1783541395\n|switch|p1a: Scrafty|Scrafty, L83, M|66/100|[from] U-turn\n|-ability|p1a: Scrafty|Intimidate|boost\n|-unboost|p2a: Reshiram|atk|1\n|move|p2a: Reshiram|Dragon Dance|p2a: Reshiram\n|-boost|p2a: Reshiram|atk|1\n|-boost|p2a: Reshiram|spe|1\n|\n|-heal|p1a: Scrafty|72/100|[from] item: Leftovers\n|upkeep\n|turn|14\n|inactive|Time left: 300 sec this turn | 300 sec total\n|\n|t:|1783541396\n|move|p2a: Reshiram|Outrage|p1a: Scrafty\n|-damage|p1a: Scrafty|29/100\n|move|p1a: Scrafty|Drain Punch|p2a: Reshiram\n|-damage|p2a: Reshiram|68/277\n|-heal|p1a: Scrafty|43/100|[from] drain|[of] p2a: Reshiram\n|\n|-heal|p1a: Scrafty|49/100|[from] item: Leftovers\n|upkeep\n|turn|15\n|inactive|Time left: 300 sec this turn | 300 sec total\n|\n|t:|1783541397\n|move|p2a: Reshiram|Outrage|p1a: Scrafty|[from] lockedmove\n|-damage|p1a: Scrafty|10/100\n|-start|p2a: Reshiram|confusion|[fatigue]\n|move|p1a: Scrafty|Drain Punch|p2a: Reshiram\n|-damage|p2a: Reshiram|0 fnt\n|-heal|p1a: Scrafty|24/100|[from] drain|[of] p2a: Reshiram\n|faint|p2a: Reshiram\n|\n|-heal|p1a: Scrafty|30/100|[from] item: Leftovers\n|upkeep\n|inactive|Time left: 300 sec this turn | 300 sec total | 5 sec grace\n|\n|t:|1783541398\n|switch|p2a: Feraligatr|Feraligatr, L79, F|264/264\n|turn|16\n|inactive|Time left: 300 sec this turn | 300 sec total\n|\n|t:|1783541399\n|switch|p1a: Manaphy|Manaphy, L78|83/100\n|move|p2a: Feraligatr|Dragon Dance|p2a: Feraligatr\n|-boost|p2a: Feraligatr|atk|1\n|-boost|p2a: Feraligatr|spe|1\n|\n|-heal|p1a: Manaphy|89/100|[from] item: Leftovers\n|upkeep\n|turn|17\n|inactive|Time left: 300 sec this turn | 300 sec total\n|\n|t:|1783541400\n|move|p2a: Feraligatr|Trailblaze|p1a: Manaphy\n|-supereffective|p1a: Manaphy\n|-damage|p1a: Manaphy|35/100\n|move|p1a: Manaphy|Energy Ball|p2a: Feraligatr\n|-supereffective|p2a: Feraligatr\n|-damage|p2a: Feraligatr|136/264\n|\n|-heal|p1a: Manaphy|41/100|[from] item: Leftovers\n|upkeep\n|turn|18\n|inactive|Time left: 300 sec this turn | 300 sec total\n|\n|t:|1783541401\n|move|p2a: Feraligatr|Trailblaze|p1a: Manaphy\n|-supereffective|p1a: Manaphy\n|-damage|p1a: Manaphy|0 fnt\n|faint|p1a: Manaphy\n|\n|upkeep\n|\n|t:|1783541402\n|switch|p1a: Dragonite|Dragonite, L74, M|100/100\n|turn|19\n|inactive|Time left: 300 sec this turn | 300 sec total\n|\n|t:|1783541403\n|-terastallize|p1a: Dragonite|Flying\n|move|p2a: Feraligatr|Ice Punch|p1a: Dragonite\n|-supereffective|p1a: Dragonite\n|-damage|p1a: Dragonite|48/100\n|move|p1a: Dragonite|Tera Blast|p2a: Feraligatr|[anim] Tera Blast Flying\n|-damage|p2a: Feraligatr|32/264\n|\n|upkeep\n|turn|20\n|inactive|Time left: 300 sec this turn | 300 sec total\n|\n|t:|1783541404\n|switch|p1a: Iron Treads|Iron Treads, L77|12/100\n|move|p2a: Feraligatr|Liquidation|p1a: Iron Treads\n|-supereffective|p1a: Iron Treads\n|-damage|p1a: Iron Treads|0 fnt\n|faint|p1a: Iron Treads\n|-end|p1a: Iron Treads|Quark Drive|[silent]\n|\n|upkeep\n|\n|t:|1783541405\n|switch|p1a: Scrafty|Scrafty, L83, M|30/100\n|-ability|p1a: Scrafty|Intimidate|boost\n|-unboost|p2a: Feraligatr|atk|1\n|turn|21\n|inactive|Time left: 300 sec this turn | 300 sec total\n|\n|t:|1783541406\n|move|p2a: Feraligatr|Liquidation|p1a: Scrafty\n|-damage|p1a: Scrafty|0 fnt\n|faint|p1a: Scrafty\n|\n|upkeep\n|\n|t:|1783541407\n|switch|p1a: Ting-Lu|Ting-Lu, L78|35/100\n|-ability|p1a: Ting-Lu|Vessel of Ruin\n|turn|22\n|inactive|Time left: 300 sec this turn | 300 sec total\n|\n|t:|1783541408\n|switch|p1a: Pachirisu|Pachirisu, L96, M|39/100\n|move|p2a: Feraligatr|Liquidation|p1a: Pachirisu\n|-damage|p1a: Pachirisu|0 fnt\n|faint|p1a: Pachirisu\n|\n|upkeep\n|\n|t:|1783541409\n|switch|p1a: Dragonite|Dragonite, L74, M, tera:Flying|48/100\n|turn|23\n|inactive|Time left: 300 sec this turn | 300 sec total\n|\n|t:|1783541409\n|move|p2a: Feraligatr|Liquidation|p1a: Dragonite\n|-damage|p1a: Dragonite|0 fnt\n|faint|p1a: Dragonite\n|\n|upkeep\n|\n|t:|1783541410\n|switch|p1a: Ting-Lu|Ting-Lu, L78|35/100\n|-ability|p1a: Ting-Lu|Vessel of Ruin\n|turn|24\n|inactive|Time left: 300 sec this turn | 300 sec total\n|\n|t:|1783541411\n|move|p2a: Feraligatr|Liquidation|p1a: Ting-Lu\n|-supereffective|p1a: Ting-Lu\n|-damage|p1a: Ting-Lu|0 fnt\n|faint|p1a: Ting-Lu\n|\n|win|p0y15760a1", "uploadtime": 1783541411, "views": 0, "rating": 0, "private": 0, "password": null, "_winner": "p0y15760a1", "_our_name": "p0y15760a1"}