{"id": "battle-gen9randombattle-2252", "formatid": "gen9randombattle", "format": "[Gen 9] Random Battle", "players": ["p0x225219db", "p0y2252644a"], "log": "|init|battle\n|title|p0x225219db vs. p0y2252644a\n|j|\u2606p0x225219db\n|j|\u2606p0y2252644a\n|t:|1783565159\n|gametype|singles\n|player|p1|p0x225219db|265|\n|player|p2|p0y2252644a|170|\n|gen|9\n|tier|[Gen 9] Random Battle\n|rule|Species Clause: Limit one of each Pok\u00e9mon\n|rule|HP Percentage Mod: HP is shown in percentages\n|rule|Sleep Clause Mod: Limit one foe put to sleep\n|rule|Illusion Level Mod: Illusion disguises the Pok\u00e9mon's true level\n|\n|t:|1783565159\n|teamsize|p1|6\n|teamsize|p2|6\n|start\n|switch|p1a: Sandy Shocks|Sandy Shocks, L80|267/267\n|switch|p2a: Espeon|Espeon, L84, F|100/100\n|turn|1\n|inactive|Battle timer is ON: inactive players will automatically lose when time's up. (requested by p0x225219db)\n|inactive|p0y2252644a also wants the timer to be on.\n|\n|t:|1783565161\n|move|p2a: Espeon|Psyshock|p1a: Sandy Shocks\n|-damage|p1a: Sandy Shocks|98/267\n|move|p1a: Sandy Shocks|Volt Switch|p2a: Espeon\n|-crit|p2a: Espeon\n|-damage|p2a: Espeon|49/100\n|inactive|Time left: 300 sec this turn | 300 sec total | 65 sec grace\n|\n|t:|1783565162\n|-end|p1a: Sandy Shocks|Protosynthesis|[silent]\n|switch|p1a: Chi-Yu|Chi-Yu, L77|211/211|[from] Volt Switch\n|-ability|p1a: Chi-Yu|Beads of Ruin\n|\n|upkeep\n|turn|2\n|inactive|Time left: 300 sec this turn | 300 sec total\n|\n|t:|1783565163\n|switch|p2a: Gyarados|Gyarados, L79, M|100/100\n|move|p1a: Chi-Yu|Fire Blast|p2a: Gyarados\n|-resisted|p2a: Gyarados\n|-damage|p2a: Gyarados|73/100\n|\n|upkeep\n|turn|3\n|inactive|Time left: 300 sec this turn | 300 sec total\n|\n|t:|1783565164\n|-terastallize|p1a: Chi-Yu|Dark\n|move|p1a: Chi-Yu|Dark Pulse|p2a: Gyarados\n|-damage|p2a: Gyarados|13/100\n|move|p2a: Gyarados|Waterfall|p1a: Chi-Yu\n|-crit|p1a: Chi-Yu\n|-damage|p1a: Chi-Yu|39/211\n|\n|upkeep\n|turn|4\n|inactive|Time left: 300 sec this turn | 300 sec total\n|\n|t:|1783565166\n|move|p1a: Chi-Yu|Dark Pulse|p2a: Gyarados\n|-damage|p2a: Gyarados|0 fnt\n|faint|p2a: Gyarados\n|\n|upkeep\n|\n|t:|1783565166\n|switch|p2a: Espeon|Espeon, L84, F|49/100\n|turn|5\n|inactive|Time left: 300 sec this turn | 300 sec total\n|\n|t:|1783565167\n|move|p2a: Espeon|Shadow Ball|p1a: Chi-Yu\n|-resisted|p1a: Chi-Yu\n|-damage|p1a: Chi-Yu|0 fnt\n|faint|p1a: Chi-Yu\n|\n|upkeep\n|inactive|Time left: 300 sec this turn | 300 sec total | 5 sec grace\n|\n|t:|1783565168\n|switch|p1a: Hydrapple|Hydrapple, L83, M|312/312\n|turn|6\n|inactive|Time left: 300 sec this turn | 300 sec total\n|\n|t:|1783565170\n|switch|p2a: Mesprit|Mesprit, L85|100/100\n|move|p1a: Hydrapple|Fickle Beam|p2a: Mesprit\n|-damage|p2a: Mesprit|71/100\n|\n|upkeep\n|turn|7\n|inactive|Time left: 300 sec this turn | 300 sec total\n|\n|t:|1783565171\n|move|p2a: Mesprit|Ice Beam|p1a: Hydrapple\n|-supereffective|p1a: Hydrapple\n|-damage|p1a: Hydrapple|0 fnt\n|faint|p1a: Hydrapple\n|-damage|p2a: Mesprit|61/100|[from] item: Life Orb\n|\n|upkeep\n|inactive|Time left: 300 sec this turn | 300 sec total | 5 sec grace\n|\n|t:|1783565172\n|switch|p1a: Maushold|Maushold-Four, L76|238/238\n|turn|8\n|inactive|Time left: 300 sec this turn | 300 sec total\n|\n|t:|1783565173\n|switch|p2a: Sawsbuck|Sawsbuck-Winter, L88, M|100/100\n|move|p1a: Maushold|Population Bomb|p2a: Sawsbuck\n|-damage|p2a: Sawsbuck|91/100\n|-damage|p2a: Sawsbuck|83/100\n|-damage|p2a: Sawsbuck|74/100\n|-damage|p2a: Sawsbuck|65/100\n|-damage|p2a: Sawsbuck|55/100\n|-damage|p2a: Sawsbuck|47/100\n|-damage|p2a: Sawsbuck|38/100\n|-damage|p2a: Sawsbuck|29/100\n|-damage|p2a: Sawsbuck|20/100\n|-damage|p2a: Sawsbuck|10/100\n|-hitcount|p2a: Sawsbuck|10\n|\n|upkeep\n|turn|9\n|inactive|Time left: 300 sec this turn | 300 sec total\n|\n|t:|1783565174\n|switch|p1a: Squawkabilly|Squawkabilly-Yellow, L89, F|291/291\n|move|p2a: Sawsbuck|Double-Edge|p1a: Squawkabilly\n|-damage|p1a: Squawkabilly|28/291\n|-damage|p2a: Sawsbuck|0 fnt|[from] Recoil\n|faint|p2a: Sawsbuck\n|\n|upkeep\n|\n|t:|1783565175\n|switch|p2a: Dragonite|Dragonite, L74, M|100/100\n|turn|10\n|inactive|Time left: 300 sec this turn | 300 sec total\n|\n|t:|1783565176\n|move|p1a: Squawkabilly|Parting Shot|p2a: Dragonite\n|-unboost|p2a: Dragonite|atk|1\n|-unboost|p2a: Dragonite|spa|1\n|inactive|Time left: 300 sec this turn | 300 sec total | 5 sec grace\n|\n|t:|1783565177\n|switch|p1a: Klawf|Klawf, L90, M|272/272|[from] Parting Shot\n|move|p2a: Dragonite|Dragon Dance|p2a: Dragonite\n|-boost|p2a: Dragonite|atk|1\n|-boost|p2a: Dragonite|spe|1\n|\n|upkeep\n|turn|11\n|inactive|Time left: 300 sec this turn | 300 sec total\n|\n|t:|1783565178\n|move|p2a: Dragonite|Outrage|p1a: Klawf\n|-damage|p1a: Klawf|175/272\n|move|p1a: Klawf|Stone Edge|p2a: Dragonite\n|-supereffective|p2a: Dragonite\n|-crit|p2a: Dragonite\n|-damage|p2a: Dragonite|8/100\n|-damage|p1a: Klawf|148/272|[from] item: Life Orb\n|\n|upkeep\n|turn|12\n|inactive|Time left: 300 sec this turn | 300 sec total\n|\n|t:|1783565179\n|move|p2a: Dragonite|Outrage|p1a: Klawf|[from] lockedmove\n|-damage|p1a: Klawf|55/272\n|move|p1a: Klawf|Stone Edge|p2a: Dragonite\n|-supereffective|p2a: Dragonite\n|-damage|p2a: Dragonite|0 fnt\n|faint|p2a: Dragonite\n|-damage|p1a: Klawf|28/272|[from] item: Life Orb\n|\n|upkeep\n|\n|t:|1783565180\n|switch|p2a: Espeon|Espeon, L84, F|49/100\n|turn|13\n|inactive|Time left: 300 sec this turn | 300 sec total\n|\n|t:|1783565181\n|switch|p1a: Squawkabilly|Squawkabilly-Yellow, L89, F|28/291\n|move|p2a: Espeon|Psyshock|p1a: Squawkabilly\n|-damage|p1a: Squawkabilly|0 fnt\n|faint|p1a: Squawkabilly\n|\n|upkeep\n|inactive|Time left: 300 sec this turn | 300 sec total | 5 sec grace\n|\n|t:|1783565182\n|switch|p1a: Maushold|Maushold-Four, L76|238/238\n|turn|14\n|inactive|Time left: 300 sec this turn | 300 sec total\n|\n|t:|1783565183\n|move|p2a: Espeon|Psyshock|p1a: Maushold\n|-damage|p1a: Maushold|31/238\n|move|p1a: Maushold|Population Bomb|p2a: Espeon\n|-damage|p2a: Espeon|38/100\n|-damage|p2a: Espeon|26/100\n|-damage|p2a: Espeon|14/100\n|-damage|p2a: Espeon|2/100\n|-damage|p2a: Espeon|0 fnt\n|faint|p2a: Espeon\n|-hitcount|p2: Espeon|5\n|\n|upkeep\n|\n|t:|1783565184\n|switch|p2a: Victreebel|Victreebel, L90, M|100/100\n|turn|15\n|inactive|Time left: 300 sec this turn | 300 sec total\n|\n|t:|1783565185\n|move|p2a: Victreebel|Sucker Punch|p1a: Maushold\n|-damage|p1a: Maushold|0 fnt\n|faint|p1a: Maushold\n|-damage|p2a: Victreebel|90/100|[from] item: Life Orb\n|\n|upkeep\n|inactive|Time left: 300 sec this turn | 300 sec total | 5 sec grace\n|\n|t:|1783565186\n|switch|p1a: Klawf|Klawf, L90, M|118/272\n|turn|16\n|inactive|Time left: 300 sec this turn | 300 sec total\n|\n|t:|1783565187\n|move|p1a: Klawf|Stone Edge|p2a: Victreebel\n|-crit|p2a: Victreebel\n|-damage|p2a: Victreebel|0 fnt\n|faint|p2a: Victreebel\n|-damage|p1a: Klawf|91/272|[from] item: Life Orb\n|\n|upkeep\n|\n|t:|1783565187\n|switch|p2a: Mesprit|Mesprit, L85|61/100\n|turn|17\n|inactive|Time left: 300 sec this turn | 300 sec total\n|\n|t:|1783565188\n|-terastallize|p2a: Mesprit|Electric\n|move|p1a: Klawf|Crabhammer|p2a: Mesprit\n|-damage|p2a: Mesprit|28/100\n|-damage|p1a: Klawf|64/272|[from] item: Life Orb\n|move|p2a: Mesprit|Psychic|p1a: Klawf\n|-damage|p1a: Klawf|0 fnt\n|faint|p1a: Klawf\n|-damage|p2a: Mesprit|18/100|[from] item: Life Orb\n|\n|upkeep\n|inactive|Time left: 300 sec this turn | 300 sec total | 5 sec grace\n|\n|t:|1783565189\n|switch|p1a: Sandy Shocks|Sandy Shocks, L80|98/267\n|turn|18\n|inactive|Time left: 300 sec this turn | 300 sec total\n|\n|t:|1783565190\n|move|p1a: Sandy Shocks|Volt Switch|p2a: Mesprit\n|-resisted|p2a: Mesprit\n|-damage|p2a: Mesprit|5/100\n|move|p2a: Mesprit|Nasty Plot|p2a: Mesprit\n|-boost|p2a: Mesprit|spa|2\n|\n|upkeep\n|turn|19\n|inactive|Time left: 300 sec this turn | 300 sec total\n|\n|t:|1783565191\n|move|p1a: Sandy Shocks|Volt Switch|p2a: Mesprit\n|-resisted|p2a: Mesprit\n|-damage|p2a: Mesprit|0 fnt\n|faint|p2a: Mesprit\n|\n|win|p0x225219db", "uploadtime": 1783565191, "views": 0, "rating": 0, "private": 0, "password": null, "_winner": "p0x225219db", "_our_name": "p0x225219db"}