{"id": "battle-gen9randombattle-1225", "formatid": "gen9randombattle", "format": "[Gen 9] Random Battle", "players": ["p0x1225735e", "p0y12255dc3"], "log": "|init|battle\n|title|p0x1225735e vs. p0y12255dc3\n|j|\u2606p0x1225735e\n|j|\u2606p0y12255dc3\n|t:|1783553298\n|gametype|singles\n|player|p1|p0x1225735e|101|\n|player|p2|p0y12255dc3|1|\n|gen|9\n|tier|[Gen 9] Random Battle\n|rule|Species Clause: Limit one of each Pok\u00e9mon\n|rule|HP Percentage Mod: HP is shown in percentages\n|rule|Sleep Clause Mod: Limit one foe put to sleep\n|rule|Illusion Level Mod: Illusion disguises the Pok\u00e9mon's true level\n|\n|t:|1783553298\n|teamsize|p1|6\n|teamsize|p2|6\n|start\n|switch|p1a: Falinks|Falinks, L84|246/246\n|switch|p2a: Masquerain|Masquerain, L87, M|100/100\n|-ability|p2a: Masquerain|Intimidate|boost\n|-unboost|p1a: Falinks|atk|1\n|-ability|p1a: Falinks|Defiant|boost\n|-boost|p1a: Falinks|atk|2\n|turn|1\n|inactive|Battle timer is ON: inactive players will automatically lose when time's up. (requested by p0y12255dc3)\n|\n|t:|1783553300\n|-terastallize|p1a: Falinks|Steel\n|move|p2a: Masquerain|Sticky Web|p1a: Falinks\n|-sidestart|p1: p0x1225735e|move: Sticky Web\n|move|p1a: Falinks|No Retreat|p1a: Falinks\n|-boost|p1a: Falinks|atk|1\n|-boost|p1a: Falinks|def|1\n|-boost|p1a: Falinks|spa|1\n|-boost|p1a: Falinks|spd|1\n|-boost|p1a: Falinks|spe|1\n|-start|p1a: Falinks|move: No Retreat\n|\n|upkeep\n|turn|2\n|inactive|Time left: 300 sec this turn | 300 sec total | 60 sec grace\n|inactive|p0x1225735e also wants the timer to be on.\n|\n|t:|1783553301\n|switch|p2a: Dondozo|Dondozo, L78, M|100/100\n|move|p1a: Falinks|Iron Head|p2a: Dondozo\n|-resisted|p2a: Dondozo\n|-damage|p2a: Dondozo|87/100\n|-damage|p1a: Falinks|222/246|[from] item: Life Orb\n|\n|-heal|p2a: Dondozo|93/100|[from] item: Leftovers\n|upkeep\n|turn|3\n|inactive|Time left: 300 sec this turn | 300 sec total\n|\n|t:|1783553303\n|move|p1a: Falinks|Knock Off|p2a: Dondozo\n|-damage|p2a: Dondozo|71/100\n|-enditem|p2a: Dondozo|Leftovers|[from] move: Knock Off|[of] p1a: Falinks\n|-damage|p1a: Falinks|198/246|[from] item: Life Orb\n|move|p2a: Dondozo|Wave Crash|p1a: Falinks\n|-damage|p1a: Falinks|90/246\n|-damage|p2a: Dondozo|61/100|[from] Recoil\n|\n|upkeep\n|turn|4\n|inactive|Time left: 300 sec this turn | 300 sec total\n|\n|t:|1783553304\n|move|p1a: Falinks|Iron Head|p2a: Dondozo\n|-resisted|p2a: Dondozo\n|-damage|p2a: Dondozo|47/100\n|-damage|p1a: Falinks|66/246|[from] item: Life Orb\n|move|p2a: Dondozo|Wave Crash|p1a: Falinks\n|-damage|p1a: Falinks|0 fnt\n|faint|p1a: Falinks\n|-damage|p2a: Dondozo|41/100|[from] Recoil\n|\n|upkeep\n|inactive|Time left: 300 sec this turn | 300 sec total | 5 sec grace\n|\n|t:|1783553305\n|switch|p1a: Swanna|Swanna, L89, F|278/278\n|turn|5\n|inactive|Time left: 300 sec this turn | 300 sec total\n|\n|t:|1783553306\n|move|p1a: Swanna|Defog|p2a: Dondozo\n|-unboost|p2a: Dondozo|evasion|1\n|-sideend|p1: p0x1225735e|Sticky Web|[from] move: Defog|[of] p1a: Swanna\n|move|p2a: Dondozo|Rest|p2a: Dondozo\n|-status|p2a: Dondozo|slp|[from] move: Rest\n|-heal|p2a: Dondozo|100/100 slp|[silent]\n|\n|upkeep\n|turn|6\n|inactive|Time left: 300 sec this turn | 300 sec total\n|\n|t:|1783553307\n|switch|p2a: Toxtricity|Toxtricity, L82, F|100/100\n|move|p1a: Swanna|Hydro Pump|p2a: Toxtricity|[miss]\n|-miss|p1a: Swanna|p2a: Toxtricity\n|\n|upkeep\n|turn|7\n|inactive|Time left: 300 sec this turn | 300 sec total\n|\n|t:|1783553308\n|switch|p1a: Hydreigon|Hydreigon, L79, M|275/275\n|move|p2a: Toxtricity|Boomburst|p1a: Hydreigon\n|-crit|p1a: Hydreigon\n|-damage|p1a: Hydreigon|0 fnt\n|faint|p1a: Hydreigon\n|\n|upkeep\n|inactive|Time left: 300 sec this turn | 300 sec total | 5 sec grace\n|\n|t:|1783553309\n|switch|p1a: Lycanroc|Lycanroc-Dusk, L81, M|254/254\n|turn|8\n|inactive|Time left: 300 sec this turn | 300 sec total\n|\n|t:|1783553309\n|switch|p2a: Piloswine|Piloswine, L85, M|100/100\n|move|p1a: Lycanroc|Stone Edge|p2a: Piloswine\n|-damage|p2a: Piloswine|68/100\n|-damage|p1a: Lycanroc|229/254|[from] item: Life Orb\n|\n|upkeep\n|turn|9\n|inactive|Time left: 300 sec this turn | 300 sec total\n|\n|t:|1783553310\n|move|p1a: Lycanroc|Close Combat|p2a: Piloswine\n|-supereffective|p2a: Piloswine\n|-damage|p2a: Piloswine|3/100\n|-unboost|p1a: Lycanroc|def|1\n|-unboost|p1a: Lycanroc|spd|1\n|-damage|p1a: Lycanroc|204/254|[from] item: Life Orb\n|move|p2a: Piloswine|Earthquake|p1a: Lycanroc\n|-supereffective|p1a: Lycanroc\n|-damage|p1a: Lycanroc|0 fnt\n|faint|p1a: Lycanroc\n|\n|upkeep\n|inactive|Time left: 300 sec this turn | 300 sec total | 5 sec grace\n|\n|t:|1783553311\n|switch|p1a: Iron Bundle|Iron Bundle, L78|215/215\n|turn|10\n|inactive|Time left: 300 sec this turn | 300 sec total\n|\n|t:|1783553312\n|move|p2a: Piloswine|Ice Shard|p1a: Iron Bundle\n|-resisted|p1a: Iron Bundle\n|-damage|p1a: Iron Bundle|205/215\n|move|p1a: Iron Bundle|Ice Beam|p2a: Piloswine\n|-damage|p2a: Piloswine|0 fnt\n|faint|p2a: Piloswine\n|\n|upkeep\n|\n|t:|1783553313\n|switch|p2a: Toxtricity|Toxtricity, L82, F|100/100\n|turn|11\n|inactive|Time left: 300 sec this turn | 300 sec total\n|\n|t:|1783553314\n|move|p1a: Iron Bundle|Ice Beam|p2a: Toxtricity\n|-damage|p2a: Toxtricity|29/100\n|-status|p2a: Toxtricity|frz\n|-curestatus|p2a: Toxtricity|frz|[msg]\n|move|p2a: Toxtricity|Boomburst|p1a: Iron Bundle\n|-damage|p1a: Iron Bundle|0 fnt\n|faint|p1a: Iron Bundle\n|-end|p1a: Iron Bundle|Quark Drive|[silent]\n|\n|upkeep\n|inactive|Time left: 300 sec this turn | 300 sec total | 5 sec grace\n|\n|t:|1783553315\n|switch|p1a: Hypno|Hypno, L95, F|315/315\n|turn|12\n|inactive|Time left: 300 sec this turn | 300 sec total\n|\n|t:|1783553316\n|switch|p2a: Masquerain|Masquerain, L87, M|100/100\n|-ability|p2a: Masquerain|Intimidate|boost\n|-unboost|p1a: Hypno|atk|1\n|move|p1a: Hypno|Psychic Noise|p2a: Masquerain\n|-damage|p2a: Masquerain|68/100\n|-start|p2a: Masquerain|move: Heal Block\n|\n|upkeep\n|turn|13\n|inactive|Time left: 300 sec this turn | 300 sec total\n|\n|t:|1783553317\n|move|p2a: Masquerain|U-turn|p1a: Hypno\n|-supereffective|p1a: Hypno\n|-crit|p1a: Hypno\n|-damage|p1a: Hypno|141/315\n|\n|t:|1783553318\n|switch|p2a: Dondozo|Dondozo, L78, M|100/100 slp|[from] U-turn\n|move|p1a: Hypno|Psychic Noise|p2a: Dondozo\n|-damage|p2a: Dondozo|69/100 slp\n|-start|p2a: Dondozo|move: Heal Block\n|\n|-heal|p1a: Hypno|160/315|[from] item: Leftovers\n|upkeep\n|turn|14\n|inactive|Time left: 300 sec this turn | 300 sec total\n|\n|t:|1783553319\n|move|p1a: Hypno|Psychic Noise|p2a: Dondozo\n|-damage|p2a: Dondozo|37/100 slp\n|cant|p2a: Dondozo|slp\n|move|p2a: Dondozo|Sleep Talk|p2a: Dondozo\n|move|p2a: Dondozo|Curse|p2a: Dondozo|[from] move: Sleep Talk\n|-unboost|p2a: Dondozo|spe|1\n|-boost|p2a: Dondozo|atk|1\n|-boost|p2a: Dondozo|def|1\n|\n|-heal|p1a: Hypno|179/315|[from] item: Leftovers\n|-end|p2a: Dondozo|move: Heal Block\n|upkeep\n|turn|15\n|inactive|Time left: 300 sec this turn | 300 sec total\n|\n|t:|1783553320\n|move|p1a: Hypno|Psychic Noise|p2a: Dondozo\n|-damage|p2a: Dondozo|8/100 slp\n|-start|p2a: Dondozo|move: Heal Block\n|cant|p2a: Dondozo|slp\n|move|p2a: Dondozo|Sleep Talk|p2a: Dondozo\n|move|p2a: Dondozo|Wave Crash|p1a: Hypno|[from] move: Sleep Talk\n|-damage|p1a: Hypno|0 fnt\n|faint|p1a: Hypno\n|-damage|p2a: Dondozo|0 fnt|[from] Recoil\n|faint|p2a: Dondozo\n|\n|upkeep\n|inactive|Time left: 300 sec this turn | 300 sec total | 5 sec grace\n|\n|t:|1783553321\n|switch|p1a: Swanna|Swanna, L89, F|278/278\n|switch|p2a: Victreebel|Victreebel, L90, F|100/100\n|turn|16\n|inactive|Time left: 300 sec this turn | 300 sec total\n|\n|t:|1783553322\n|-terastallize|p2a: Victreebel|Dark\n|move|p1a: Swanna|Hydro Pump|p2a: Victreebel\n|-damage|p2a: Victreebel|59/100\n|move|p2a: Victreebel|Power Whip|p1a: Swanna|[miss]\n|-miss|p2a: Victreebel|p1a: Swanna\n|\n|upkeep\n|turn|17\n|inactive|Time left: 300 sec this turn | 300 sec total\n|\n|t:|1783553323\n|move|p1a: Swanna|Hydro Pump|p2a: Victreebel|[miss]\n|-miss|p1a: Swanna|p2a: Victreebel\n|move|p2a: Victreebel|Power Whip|p1a: Swanna\n|-damage|p1a: Swanna|47/278\n|-damage|p2a: Victreebel|49/100|[from] item: Life Orb\n|\n|upkeep\n|turn|18\n|inactive|Time left: 300 sec this turn | 300 sec total\n|\n|t:|1783553324\n|move|p1a: Swanna|Roost|p1a: Swanna\n|-heal|p1a: Swanna|186/278\n|-singleturn|p1a: Swanna|move: Roost\n|move|p2a: Victreebel|Power Whip|p1a: Swanna\n|-supereffective|p1a: Swanna\n|-damage|p1a: Swanna|0 fnt\n|faint|p1a: Swanna\n|-damage|p2a: Victreebel|39/100|[from] item: Life Orb\n|\n|win|p0y12255dc3", "uploadtime": 1783553324, "views": 0, "rating": 0, "private": 0, "password": null, "_winner": "p0y12255dc3", "_our_name": "p0x1225735e"}