{"id": "battle-gen9randombattle-642", "formatid": "gen9randombattle", "format": "[Gen 9] Random Battle", "players": ["p0x642bf18", "p0y6427ffd"], "log": "|init|battle\n|title|p0x642bf18 vs. p0y6427ffd\n|j|\u2606p0x642bf18\n|j|\u2606p0y6427ffd\n|t:|1783546541\n|gametype|singles\n|player|p1|p0x642bf18|170|\n|player|p2|p0y6427ffd|169|\n|gen|9\n|tier|[Gen 9] Random Battle\n|rule|Species Clause: Limit one of each Pok\u00e9mon\n|rule|HP Percentage Mod: HP is shown in percentages\n|rule|Sleep Clause Mod: Limit one foe put to sleep\n|rule|Illusion Level Mod: Illusion disguises the Pok\u00e9mon's true level\n|\n|t:|1783546541\n|teamsize|p1|6\n|teamsize|p2|6\n|start\n|switch|p1a: Shaymin|Shaymin-Sky, L73|266/266\n|switch|p2a: Venomoth|Venomoth, L84, M|100/100\n|turn|1\n|inactive|Battle timer is ON: inactive players will automatically lose when time's up. (requested by p0x642bf18)\n|\n|t:|1783546543\n|move|p1a: Shaymin|Air Slash|p2a: Venomoth\n|-supereffective|p2a: Venomoth\n|-damage|p2a: Venomoth|34/100\n|move|p2a: Venomoth|Sludge Wave|p1a: Shaymin\n|-supereffective|p1a: Shaymin\n|-damage|p1a: Shaymin|12/266\n|\n|-heal|p1a: Shaymin|28/266|[from] item: Leftovers\n|upkeep\n|turn|2\n|inactive|Time left: 300 sec this turn | 300 sec total\n|inactive|p0y6427ffd also wants the timer to be on.\n|\n|t:|1783546544\n|switch|p2a: Ursaluna|Ursaluna, L79, F|100/100\n|move|p1a: Shaymin|Air Slash|p2a: Ursaluna\n|-crit|p2a: Ursaluna\n|-damage|p2a: Ursaluna|64/100\n|\n|-heal|p1a: Shaymin|44/266|[from] item: Leftovers\n|-status|p2a: Ursaluna|brn|[from] item: Flame Orb\n|upkeep\n|turn|3\n|inactive|Time left: 300 sec this turn | 300 sec total\n|\n|t:|1783546545\n|switch|p2a: Lugia|Lugia, L73|100/100\n|move|p1a: Shaymin|Seed Flare|p2a: Lugia\n|-resisted|p2a: Lugia\n|-damage|p2a: Lugia|94/100\n|-unboost|p2a: Lugia|spd|2\n|\n|-heal|p1a: Shaymin|60/266|[from] item: Leftovers\n|upkeep\n|turn|4\n|inactive|Time left: 300 sec this turn | 300 sec total\n|\n|t:|1783546546\n|move|p1a: Shaymin|Air Slash|p2a: Lugia\n|-damage|p2a: Lugia|55/100\n|move|p2a: Lugia|Aeroblast|p1a: Shaymin\n|-supereffective|p1a: Shaymin\n|-damage|p1a: Shaymin|0 fnt\n|faint|p1a: Shaymin\n|\n|upkeep\n|inactive|Time left: 300 sec this turn | 300 sec total | 5 sec grace\n|\n|t:|1783546548\n|switch|p1a: Indeedee|Indeedee, L84, M|238/238\n|-fieldstart|move: Psychic Terrain|[from] ability: Psychic Surge|[of] p1a: Indeedee\n|turn|5\n|inactive|Time left: 300 sec this turn | 300 sec total\n|\n|t:|1783546549\n|switch|p2a: Chansey|Chansey, L85, F|100/100\n|move|p1a: Indeedee|Expanding Force|p2a: Chansey\n|-damage|p2a: Chansey|82/100\n|\n|upkeep\n|turn|6\n|inactive|Time left: 300 sec this turn | 300 sec total\n|\n|t:|1783546550\n|move|p1a: Indeedee|Expanding Force|p2a: Chansey\n|-damage|p2a: Chansey|65/100\n|move|p2a: Chansey|Seismic Toss|p1a: Indeedee\n|-damage|p1a: Indeedee|153/238\n|\n|upkeep\n|turn|7\n|inactive|Time left: 300 sec this turn | 300 sec total\n|\n|t:|1783546551\n|move|p1a: Indeedee|Expanding Force|p2a: Chansey\n|-damage|p2a: Chansey|46/100\n|move|p2a: Chansey|Seismic Toss|p1a: Indeedee\n|-damage|p1a: Indeedee|68/238\n|\n|upkeep\n|turn|8\n|inactive|Time left: 300 sec this turn | 300 sec total\n|\n|t:|1783546552\n|move|p1a: Indeedee|Expanding Force|p2a: Chansey\n|-crit|p2a: Chansey\n|-damage|p2a: Chansey|20/100\n|move|p2a: Chansey|Soft-Boiled|p2a: Chansey\n|-heal|p2a: Chansey|70/100\n|\n|upkeep\n|turn|9\n|inactive|Time left: 300 sec this turn | 300 sec total\n|\n|t:|1783546553\n|switch|p1a: Clefable|Clefable, L83, M|293/293\n|move|p2a: Chansey|Seismic Toss|p1a: Clefable\n|-damage|p1a: Clefable|208/293\n|\n|-fieldend|move: Psychic Terrain\n|upkeep\n|turn|10\n|inactive|Time left: 300 sec this turn | 300 sec total\n|\n|t:|1783546555\n|move|p1a: Clefable|Calm Mind|p1a: Clefable\n|-boost|p1a: Clefable|spa|1\n|-boost|p1a: Clefable|spd|1\n|move|p2a: Chansey|Seismic Toss|p1a: Clefable\n|-damage|p1a: Clefable|123/293\n|\n|upkeep\n|turn|11\n|inactive|Time left: 300 sec this turn | 300 sec total\n|\n|t:|1783546556\n|move|p1a: Clefable|Moonlight|p1a: Clefable\n|-heal|p1a: Clefable|269/293\n|move|p2a: Chansey|Soft-Boiled|p2a: Chansey\n|-heal|p2a: Chansey|100/100\n|\n|upkeep\n|turn|12\n|inactive|Time left: 300 sec this turn | 300 sec total\n|\n|t:|1783546557\n|move|p1a: Clefable|Calm Mind|p1a: Clefable\n|-boost|p1a: Clefable|spa|1\n|-boost|p1a: Clefable|spd|1\n|move|p2a: Chansey|Thunder Wave|p1a: Clefable\n|-status|p1a: Clefable|par\n|\n|upkeep\n|turn|13\n|inactive|Time left: 300 sec this turn | 300 sec total\n|\n|t:|1783546558\n|move|p2a: Chansey|Seismic Toss|p1a: Clefable\n|-damage|p1a: Clefable|184/293 par\n|move|p1a: Clefable|Moonblast|p2a: Chansey\n|-damage|p2a: Chansey|77/100\n|\n|upkeep\n|turn|14\n|inactive|Time left: 300 sec this turn | 300 sec total\n|\n|t:|1783546560\n|move|p2a: Chansey|Soft-Boiled|p2a: Chansey\n|-heal|p2a: Chansey|100/100\n|move|p1a: Clefable|Moonblast|p2a: Chansey\n|-damage|p2a: Chansey|74/100\n|\n|upkeep\n|turn|15\n|inactive|Time left: 300 sec this turn | 300 sec total\n|\n|t:|1783546561\n|move|p2a: Chansey|Seismic Toss|p1a: Clefable\n|-damage|p1a: Clefable|99/293 par\n|cant|p1a: Clefable|par\n|\n|upkeep\n|turn|16\n|inactive|Time left: 300 sec this turn | 300 sec total\n|\n|t:|1783546562\n|move|p2a: Chansey|Seismic Toss|p1a: Clefable\n|-damage|p1a: Clefable|14/293 par\n|move|p1a: Clefable|Moonlight|p1a: Clefable\n|-heal|p1a: Clefable|160/293 par\n|\n|upkeep\n|turn|17\n|inactive|Time left: 300 sec this turn | 300 sec total\n|\n|t:|1783546563\n|move|p2a: Chansey|Seismic Toss|p1a: Clefable\n|-damage|p1a: Clefable|75/293 par\n|cant|p1a: Clefable|par\n|\n|upkeep\n|turn|18\n|inactive|Time left: 300 sec this turn | 300 sec total\n|\n|t:|1783546564\n|move|p2a: Chansey|Seismic Toss|p1a: Clefable\n|-damage|p1a: Clefable|0 fnt\n|faint|p1a: Clefable\n|\n|upkeep\n|inactive|Time left: 300 sec this turn | 300 sec total | 5 sec grace\n|\n|t:|1783546565\n|switch|p1a: Miraidon|Miraidon, L65|238/238\n|-fieldstart|move: Electric Terrain|[from] ability: Hadron Engine|[of] p1a: Miraidon\n|turn|19\n|inactive|Time left: 300 sec this turn | 300 sec total\n|\n|t:|1783546566\n|move|p1a: Miraidon|Calm Mind|p1a: Miraidon\n|-boost|p1a: Miraidon|spa|1\n|-boost|p1a: Miraidon|spd|1\n|move|p2a: Chansey|Seismic Toss|p1a: Miraidon\n|-damage|p1a: Miraidon|153/238\n|\n|upkeep\n|turn|20\n|inactive|Time left: 300 sec this turn | 300 sec total\n|\n|t:|1783546567\n|move|p1a: Miraidon|Electro Drift|p2a: Chansey\n|-damage|p2a: Chansey|46/100\n|-damage|p1a: Miraidon|130/238|[from] item: Life Orb\n|move|p2a: Chansey|Seismic Toss|p1a: Miraidon\n|-damage|p1a: Miraidon|45/238\n|\n|upkeep\n|turn|21\n|inactive|Time left: 300 sec this turn | 300 sec total\n|\n|t:|1783546568\n|move|p1a: Miraidon|Electro Drift|p2a: Chansey\n|-damage|p2a: Chansey|14/100\n|-damage|p1a: Miraidon|22/238|[from] item: Life Orb\n|move|p2a: Chansey|Soft-Boiled|p2a: Chansey\n|-heal|p2a: Chansey|64/100\n|\n|upkeep\n|turn|22\n|inactive|Time left: 300 sec this turn | 300 sec total\n|\n|t:|1783546569\n|switch|p1a: Pachirisu|Pachirisu, L96, M|271/271\n|move|p2a: Chansey|Soft-Boiled|p2a: Chansey\n|-heal|p2a: Chansey|100/100\n|\n|upkeep\n|turn|23\n|inactive|Time left: 300 sec this turn | 300 sec total\n|\n|t:|1783546569\n|move|p1a: Pachirisu|Super Fang|p2a: Chansey\n|-damage|p2a: Chansey|50/100\n|move|p2a: Chansey|Seismic Toss|p1a: Pachirisu\n|-damage|p1a: Pachirisu|186/271\n|\n|-fieldend|move: Electric Terrain\n|upkeep\n|turn|24\n|inactive|Time left: 300 sec this turn | 300 sec total\n|\n|t:|1783546570\n|move|p1a: Pachirisu|Super Fang|p2a: Chansey\n|-damage|p2a: Chansey|25/100\n|move|p2a: Chansey|Soft-Boiled|p2a: Chansey\n|-heal|p2a: Chansey|75/100\n|\n|upkeep\n|turn|25\n|inactive|Time left: 300 sec this turn | 300 sec total\n|\n|t:|1783546571\n|move|p1a: Pachirisu|Super Fang|p2a: Chansey\n|-damage|p2a: Chansey|38/100\n|move|p2a: Chansey|Soft-Boiled|p2a: Chansey\n|-heal|p2a: Chansey|88/100\n|\n|upkeep\n|turn|26\n|inactive|Time left: 300 sec this turn | 300 sec total\n|\n|t:|1783546572\n|move|p1a: Pachirisu|Super Fang|p2a: Chansey\n|-damage|p2a: Chansey|44/100\n|move|p2a: Chansey|Seismic Toss|p1a: Pachirisu\n|-damage|p1a: Pachirisu|101/271\n|\n|upkeep\n|turn|27\n|inactive|Time left: 300 sec this turn | 300 sec total\n|\n|t:|1783546573\n|move|p1a: Pachirisu|Discharge|p2a: Chansey\n|-damage|p2a: Chansey|37/100\n|move|p2a: Chansey|Soft-Boiled|p2a: Chansey\n|-heal|p2a: Chansey|87/100\n|\n|upkeep\n|turn|28\n|inactive|Time left: 300 sec this turn | 300 sec total\n|\n|t:|1783546574\n|move|p1a: Pachirisu|Super Fang|p2a: Chansey\n|-damage|p2a: Chansey|44/100\n|move|p2a: Chansey|Seismic Toss|p1a: Pachirisu\n|-damage|p1a: Pachirisu|16/271\n|\n|upkeep\n|turn|29\n|inactive|Time left: 300 sec this turn | 300 sec total\n|\n|t:|1783546575\n|move|p1a: Pachirisu|Super Fang|p2a: Chansey\n|-damage|p2a: Chansey|22/100\n|move|p2a: Chansey|Seismic Toss|p1a: Pachirisu\n|-damage|p1a: Pachirisu|0 fnt\n|faint|p1a: Pachirisu\n|\n|upkeep\n|inactive|Time left: 300 sec this turn | 300 sec total | 5 sec grace\n|\n|t:|1783546576\n|switch|p1a: Indeedee|Indeedee, L84, M|68/238\n|-fieldstart|move: Psychic Terrain|[from] ability: Psychic Surge|[of] p1a: Indeedee\n|turn|30\n|inactive|Time left: 300 sec this turn | 300 sec total\n|\n|t:|1783546577\n|-terastallize|p1a: Indeedee|Psychic\n|move|p1a: Indeedee|Expanding Force|p2a: Chansey\n|-damage|p2a: Chansey|0 fnt\n|faint|p2a: Chansey\n|\n|upkeep\n|\n|t:|1783546578\n|switch|p2a: Lugia|Lugia, L73|55/100\n|turn|31\n|inactive|Time left: 300 sec this turn | 300 sec total\n|\n|t:|1783546579\n|move|p1a: Indeedee|Expanding Force|p2a: Lugia\n|-resisted|p2a: Lugia\n|-damage|p2a: Lugia|24/100\n|move|p2a: Lugia|Recover|p2a: Lugia\n|-heal|p2a: Lugia|74/100\n|\n|upkeep\n|turn|32\n|inactive|Time left: 300 sec this turn | 300 sec total\n|\n|t:|1783546580\n|move|p1a: Indeedee|Expanding Force|p2a: Lugia\n|-resisted|p2a: Lugia\n|-damage|p2a: Lugia|41/100\n|move|p2a: Lugia|Recover|p2a: Lugia\n|-heal|p2a: Lugia|91/100\n|\n|upkeep\n|turn|33\n|inactive|Time left: 300 sec this turn | 300 sec total\n|\n|t:|1783546581\n|move|p1a: Indeedee|Expanding Force|p2a: Lugia\n|-resisted|p2a: Lugia\n|-damage|p2a: Lugia|59/100\n|move|p2a: Lugia|Calm Mind|p2a: Lugia\n|-boost|p2a: Lugia|spa|1\n|-boost|p2a: Lugia|spd|1\n|\n|upkeep\n|turn|34\n|inactive|Time left: 300 sec this turn | 300 sec total\n|\n|t:|1783546582\n|move|p1a: Indeedee|Expanding Force|p2a: Lugia\n|-resisted|p2a: Lugia\n|-damage|p2a: Lugia|37/100\n|move|p2a: Lugia|Recover|p2a: Lugia\n|-heal|p2a: Lugia|87/100\n|\n|-fieldend|move: Psychic Terrain\n|upkeep\n|turn|35\n|inactive|Time left: 300 sec this turn | 300 sec total\n|\n|t:|1783546583\n|move|p1a: Indeedee|Expanding Force|p2a: Lugia\n|-resisted|p2a: Lugia\n|-damage|p2a: Lugia|76/100\n|move|p2a: Lugia|Calm Mind|p2a: Lugia\n|-boost|p2a: Lugia|spa|1\n|-boost|p2a: Lugia|spd|1\n|\n|upkeep\n|turn|36\n|inactive|Time left: 300 sec this turn | 300 sec total\n|\n|t:|1783546584\n|move|p1a: Indeedee|Expanding Force|p2a: Lugia\n|-resisted|p2a: Lugia\n|-damage|p2a: Lugia|67/100\n|move|p2a: Lugia|Recover|p2a: Lugia\n|-heal|p2a: Lugia|100/100\n|\n|upkeep\n|turn|37\n|inactive|Time left: 300 sec this turn | 300 sec total\n|\n|t:|1783546586\n|switch|p1a: Meowstic|Meowstic, L89, M|277/277\n|move|p2a: Lugia|Aeroblast|p1a: Meowstic\n|-damage|p1a: Meowstic|126/277\n|\n|-heal|p1a: Meowstic|143/277|[from] item: Leftovers\n|upkeep\n|turn|38\n|inactive|Time left: 300 sec this turn | 300 sec total\n|\n|t:|1783546587\n|move|p1a: Meowstic|Yawn|p2a: Lugia\n|-start|p2a: Lugia|move: Yawn|[of] p1a: Meowstic\n|move|p2a: Lugia|Aeroblast|p1a: Meowstic\n|-damage|p1a: Meowstic|0 fnt\n|faint|p1a: Meowstic\n|\n|upkeep\n|inactive|Time left: 300 sec this turn | 300 sec total | 5 sec grace\n|\n|t:|1783546588\n|switch|p1a: Miraidon|Miraidon, L65|22/238\n|-fieldstart|move: Electric Terrain|[from] ability: Hadron Engine|[of] p1a: Miraidon\n|turn|39\n|inactive|Time left: 300 sec this turn | 300 sec total\n|\n|t:|1783546589\n|move|p1a: Miraidon|Calm Mind|p1a: Miraidon\n|-boost|p1a: Miraidon|spa|1\n|-boost|p1a: Miraidon|spd|1\n|move|p2a: Lugia|Earth Power|p1a: Miraidon\n|-supereffective|p1a: Miraidon\n|-damage|p1a: Miraidon|0 fnt\n|faint|p1a: Miraidon\n|\n|-end|p2a: Lugia|move: Yawn|[silent]\n|-status|p2a: Lugia|slp\n|upkeep\n|inactive|Time left: 300 sec this turn | 300 sec total | 5 sec grace\n|\n|t:|1783546590\n|switch|p1a: Indeedee|Indeedee, L84, M, tera:Psychic|68/238\n|-fieldstart|move: Psychic Terrain|[from] ability: Psychic Surge|[of] p1a: Indeedee\n|turn|40\n|inactive|Time left: 300 sec this turn | 300 sec total\n|\n|t:|1783546591\n|switch|p2a: Venomoth|Venomoth, L84, M|34/100\n|move|p1a: Indeedee|Hyper Voice|p2a: Venomoth\n|-damage|p2a: Venomoth|0 fnt\n|faint|p2a: Venomoth\n|\n|upkeep\n|\n|t:|1783546592\n|switch|p2a: Sandy Shocks|Sandy Shocks, L80|100/100\n|turn|41\n|inactive|Time left: 300 sec this turn | 300 sec total\n|\n|t:|1783546593\n|move|p1a: Indeedee|Hyper Voice|p2a: Sandy Shocks\n|-damage|p2a: Sandy Shocks|57/100\n|move|p2a: Sandy Shocks|Thunderbolt|p1a: Indeedee\n|-damage|p1a: Indeedee|0 fnt\n|faint|p1a: Indeedee\n|\n|win|p0y6427ffd", "uploadtime": 1783546593, "views": 0, "rating": 0, "private": 0, "password": null, "_winner": "p0y6427ffd", "_our_name": "p0x642bf18"}