{"id": "battle-gen9randombattle-1693", "formatid": "gen9randombattle", "format": "[Gen 9] Random Battle", "players": ["p0x1693e91e", "p0y1693e1a9"], "log": "|init|battle\n|title|p0x1693e91e vs. p0y1693e1a9\n|j|\u2606p0x1693e91e\n|j|\u2606p0y1693e1a9\n|t:|1783559613\n|gametype|singles\n|player|p1|p0x1693e91e|170|\n|player|p2|p0y1693e1a9|169|\n|gen|9\n|tier|[Gen 9] Random Battle\n|rule|Species Clause: Limit one of each Pok\u00e9mon\n|rule|HP Percentage Mod: HP is shown in percentages\n|rule|Sleep Clause Mod: Limit one foe put to sleep\n|rule|Illusion Level Mod: Illusion disguises the Pok\u00e9mon's true level\n|\n|t:|1783559613\n|teamsize|p1|6\n|teamsize|p2|6\n|start\n|switch|p1a: Kommo-o|Kommo-o, L77, F|242/242\n|switch|p2a: Electivire|Electivire, L84, F|100/100\n|turn|1\n|inactive|Battle timer is ON: inactive players will automatically lose when time's up. (requested by p0y1693e1a9)\n|inactive|Time left: 300 sec this turn | 300 sec total | 60 sec grace\n|inactive|p0x1693e91e also wants the timer to be on.\n|\n|t:|1783559614\n|move|p2a: Electivire|Earthquake|p1a: Kommo-o\n|-damage|p1a: Kommo-o|146/242\n|-damage|p2a: Electivire|91/100|[from] item: Life Orb\n|move|p1a: Kommo-o|Scale Shot|p2a: Electivire\n|-damage|p2a: Electivire|79/100\n|-damage|p2a: Electivire|67/100\n|-damage|p2a: Electivire|56/100\n|-damage|p2a: Electivire|44/100\n|-hitcount|p2a: Electivire|4\n|-unboost|p1a: Kommo-o|def|1\n|-boost|p1a: Kommo-o|spe|1\n|\n|upkeep\n|turn|2\n|inactive|Time left: 300 sec this turn | 300 sec total\n|\n|t:|1783559616\n|switch|p2a: Misdreavus|Misdreavus, L90, M|100/100\n|move|p1a: Kommo-o|Scale Shot|p2a: Misdreavus\n|-damage|p2a: Misdreavus|92/100\n|-crit|p2a: Misdreavus\n|-damage|p2a: Misdreavus|80/100\n|-damage|p2a: Misdreavus|71/100\n|-damage|p2a: Misdreavus|63/100\n|-damage|p2a: Misdreavus|55/100\n|-hitcount|p2a: Misdreavus|5\n|-unboost|p1a: Kommo-o|def|1\n|-boost|p1a: Kommo-o|spe|1\n|\n|upkeep\n|turn|3\n|inactive|Time left: 300 sec this turn | 300 sec total\n|\n|t:|1783559617\n|switch|p1a: Dudunsparce|Dudunsparce-Three-Segment, L83, F|343/343\n|move|p2a: Misdreavus|Draining Kiss|p1a: Dudunsparce\n|-damage|p1a: Dudunsparce|297/343\n|-heal|p2a: Misdreavus|69/100|[from] drain|[of] p1a: Dudunsparce\n|\n|-heal|p1a: Dudunsparce|318/343|[from] item: Leftovers\n|upkeep\n|turn|4\n|inactive|Time left: 300 sec this turn | 300 sec total\n|\n|t:|1783559618\n|move|p2a: Misdreavus|Will-O-Wisp|p1a: Dudunsparce\n|-status|p1a: Dudunsparce|brn\n|move|p1a: Dudunsparce|Calm Mind|p1a: Dudunsparce\n|-boost|p1a: Dudunsparce|spa|1\n|-boost|p1a: Dudunsparce|spd|1\n|\n|-heal|p1a: Dudunsparce|339/343 brn|[from] item: Leftovers\n|-damage|p1a: Dudunsparce|318/343 brn|[from] brn\n|upkeep\n|turn|5\n|inactive|Time left: 300 sec this turn | 300 sec total\n|\n|t:|1783559619\n|move|p2a: Misdreavus|Calm Mind|p2a: Misdreavus\n|-boost|p2a: Misdreavus|spa|1\n|-boost|p2a: Misdreavus|spd|1\n|move|p1a: Dudunsparce|Calm Mind|p1a: Dudunsparce\n|-boost|p1a: Dudunsparce|spa|1\n|-boost|p1a: Dudunsparce|spd|1\n|\n|-heal|p1a: Dudunsparce|339/343 brn|[from] item: Leftovers\n|-damage|p1a: Dudunsparce|318/343 brn|[from] brn\n|upkeep\n|turn|6\n|inactive|Time left: 300 sec this turn | 300 sec total\n|\n|t:|1783559620\n|move|p2a: Misdreavus|Calm Mind|p2a: Misdreavus\n|-boost|p2a: Misdreavus|spa|1\n|-boost|p2a: Misdreavus|spd|1\n|move|p1a: Dudunsparce|Calm Mind|p1a: Dudunsparce\n|-boost|p1a: Dudunsparce|spa|1\n|-boost|p1a: Dudunsparce|spd|1\n|\n|-heal|p1a: Dudunsparce|339/343 brn|[from] item: Leftovers\n|-damage|p1a: Dudunsparce|318/343 brn|[from] brn\n|upkeep\n|turn|7\n|inactive|Time left: 300 sec this turn | 300 sec total\n|\n|t:|1783559621\n|move|p2a: Misdreavus|Calm Mind|p2a: Misdreavus\n|-boost|p2a: Misdreavus|spa|1\n|-boost|p2a: Misdreavus|spd|1\n|move|p1a: Dudunsparce|Calm Mind|p1a: Dudunsparce\n|-boost|p1a: Dudunsparce|spa|1\n|-boost|p1a: Dudunsparce|spd|1\n|\n|-heal|p1a: Dudunsparce|339/343 brn|[from] item: Leftovers\n|-damage|p1a: Dudunsparce|318/343 brn|[from] brn\n|upkeep\n|turn|8\n|inactive|Time left: 300 sec this turn | 300 sec total\n|\n|t:|1783559621\n|move|p2a: Misdreavus|Calm Mind|p2a: Misdreavus\n|-boost|p2a: Misdreavus|spa|1\n|-boost|p2a: Misdreavus|spd|1\n|move|p1a: Dudunsparce|Calm Mind|p1a: Dudunsparce\n|-boost|p1a: Dudunsparce|spa|1\n|-boost|p1a: Dudunsparce|spd|1\n|\n|-heal|p1a: Dudunsparce|339/343 brn|[from] item: Leftovers\n|-damage|p1a: Dudunsparce|318/343 brn|[from] brn\n|upkeep\n|turn|9\n|inactive|Time left: 300 sec this turn | 300 sec total\n|\n|t:|1783559622\n|move|p2a: Misdreavus|Draining Kiss|p1a: Dudunsparce\n|-damage|p1a: Dudunsparce|284/343 brn\n|-heal|p2a: Misdreavus|79/100|[from] drain|[of] p1a: Dudunsparce\n|move|p1a: Dudunsparce|Roost|p1a: Dudunsparce\n|-heal|p1a: Dudunsparce|343/343 brn\n|-singleturn|p1a: Dudunsparce|move: Roost\n|\n|-damage|p1a: Dudunsparce|322/343 brn|[from] brn\n|upkeep\n|turn|10\n|inactive|Time left: 300 sec this turn | 300 sec total\n|\n|t:|1783559623\n|move|p2a: Misdreavus|Draining Kiss|p1a: Dudunsparce\n|-damage|p1a: Dudunsparce|285/343 brn\n|-heal|p2a: Misdreavus|90/100|[from] drain|[of] p1a: Dudunsparce\n|move|p1a: Dudunsparce|Boomburst|p2a: Misdreavus\n|-immune|p2a: Misdreavus\n|\n|-heal|p1a: Dudunsparce|306/343 brn|[from] item: Leftovers\n|-damage|p1a: Dudunsparce|285/343 brn|[from] brn\n|upkeep\n|turn|11\n|inactive|Time left: 300 sec this turn | 300 sec total\n|\n|t:|1783559624\n|move|p2a: Misdreavus|Draining Kiss|p1a: Dudunsparce\n|-damage|p1a: Dudunsparce|245/343 brn\n|-heal|p2a: Misdreavus|100/100|[from] drain|[of] p1a: Dudunsparce\n|move|p1a: Dudunsparce|Roost|p1a: Dudunsparce\n|-heal|p1a: Dudunsparce|343/343 brn\n|-singleturn|p1a: Dudunsparce|move: Roost\n|\n|-damage|p1a: Dudunsparce|322/343 brn|[from] brn\n|upkeep\n|turn|12\n|inactive|Time left: 300 sec this turn | 300 sec total\n|\n|t:|1783559625\n|move|p2a: Misdreavus|Calm Mind|p2a: Misdreavus\n|-boost|p2a: Misdreavus|spa|1\n|-boost|p2a: Misdreavus|spd|1\n|move|p1a: Dudunsparce|Roost|p1a: Dudunsparce\n|-heal|p1a: Dudunsparce|343/343 brn\n|-singleturn|p1a: Dudunsparce|move: Roost\n|\n|-damage|p1a: Dudunsparce|322/343 brn|[from] brn\n|upkeep\n|turn|13\n|inactive|Time left: 300 sec this turn | 300 sec total\n|\n|t:|1783559626\n|move|p2a: Misdreavus|Draining Kiss|p1a: Dudunsparce\n|-damage|p1a: Dudunsparce|282/343 brn\n|move|p1a: Dudunsparce|Roost|p1a: Dudunsparce\n|-heal|p1a: Dudunsparce|343/343 brn\n|-singleturn|p1a: Dudunsparce|move: Roost\n|\n|-damage|p1a: Dudunsparce|322/343 brn|[from] brn\n|upkeep\n|turn|14\n|inactive|Time left: 300 sec this turn | 300 sec total\n|\n|t:|1783559627\n|move|p2a: Misdreavus|Calm Mind|p2a: Misdreavus\n|-boost|p2a: Misdreavus|spa|1\n|-boost|p2a: Misdreavus|spd|1\n|move|p1a: Dudunsparce|Roost|p1a: Dudunsparce\n|-heal|p1a: Dudunsparce|343/343 brn\n|-singleturn|p1a: Dudunsparce|move: Roost\n|\n|-damage|p1a: Dudunsparce|322/343 brn|[from] brn\n|upkeep\n|turn|15\n|inactive|Time left: 300 sec this turn | 300 sec total\n|\n|t:|1783559628\n|move|p2a: Misdreavus|Draining Kiss|p1a: Dudunsparce\n|-damage|p1a: Dudunsparce|272/343 brn\n|move|p1a: Dudunsparce|Boomburst|p2a: Misdreavus\n|-immune|p2a: Misdreavus\n|\n|-heal|p1a: Dudunsparce|293/343 brn|[from] item: Leftovers\n|-damage|p1a: Dudunsparce|272/343 brn|[from] brn\n|upkeep\n|turn|16\n|inactive|Time left: 300 sec this turn | 300 sec total\n|\n|t:|1783559629\n|move|p2a: Misdreavus|Draining Kiss|p1a: Dudunsparce\n|-damage|p1a: Dudunsparce|221/343 brn\n|move|p1a: Dudunsparce|Roost|p1a: Dudunsparce\n|-heal|p1a: Dudunsparce|343/343 brn\n|-singleturn|p1a: Dudunsparce|move: Roost\n|\n|-damage|p1a: Dudunsparce|322/343 brn|[from] brn\n|upkeep\n|turn|17\n|inactive|Time left: 300 sec this turn | 300 sec total\n|\n|t:|1783559630\n|move|p2a: Misdreavus|Draining Kiss|p1a: Dudunsparce\n|-damage|p1a: Dudunsparce|272/343 brn\n|move|p1a: Dudunsparce|Earth Power|p2a: Misdreavus\n|-immune|p2a: Misdreavus|[from] ability: Levitate\n|\n|-heal|p1a: Dudunsparce|293/343 brn|[from] item: Leftovers\n|-damage|p1a: Dudunsparce|272/343 brn|[from] brn\n|upkeep\n|turn|18\n|inactive|Time left: 300 sec this turn | 300 sec total\n|\n|t:|1783559631\n|move|p2a: Misdreavus|Draining Kiss|p1a: Dudunsparce\n|-damage|p1a: Dudunsparce|227/343 brn\n|move|p1a: Dudunsparce|Roost|p1a: Dudunsparce\n|-heal|p1a: Dudunsparce|343/343 brn\n|-singleturn|p1a: Dudunsparce|move: Roost\n|\n|-damage|p1a: Dudunsparce|322/343 brn|[from] brn\n|upkeep\n|turn|19\n|inactive|Time left: 300 sec this turn | 300 sec total\n|\n|t:|1783559631\n|move|p2a: Misdreavus|Draining Kiss|p1a: Dudunsparce\n|-damage|p1a: Dudunsparce|273/343 brn\n|move|p1a: Dudunsparce|Boomburst|p2a: Misdreavus\n|-immune|p2a: Misdreavus\n|\n|-heal|p1a: Dudunsparce|294/343 brn|[from] item: Leftovers\n|-damage|p1a: Dudunsparce|273/343 brn|[from] brn\n|upkeep\n|turn|20\n|inactive|Time left: 300 sec this turn | 300 sec total\n|\n|t:|1783559633\n|move|p2a: Misdreavus|Draining Kiss|p1a: Dudunsparce\n|-damage|p1a: Dudunsparce|222/343 brn\n|move|p1a: Dudunsparce|Boomburst|p2a: Misdreavus\n|-immune|p2a: Misdreavus\n|\n|-heal|p1a: Dudunsparce|243/343 brn|[from] item: Leftovers\n|-damage|p1a: Dudunsparce|222/343 brn|[from] brn\n|upkeep\n|turn|21\n|inactive|Time left: 300 sec this turn | 300 sec total\n|\n|t:|1783559634\n|move|p2a: Misdreavus|Draining Kiss|p1a: Dudunsparce\n|-damage|p1a: Dudunsparce|174/343 brn\n|move|p1a: Dudunsparce|Roost|p1a: Dudunsparce\n|-heal|p1a: Dudunsparce|343/343 brn\n|-singleturn|p1a: Dudunsparce|move: Roost\n|\n|-damage|p1a: Dudunsparce|322/343 brn|[from] brn\n|upkeep\n|turn|22\n|inactive|Time left: 300 sec this turn | 300 sec total\n|\n|t:|1783559635\n|move|p2a: Misdreavus|Draining Kiss|p1a: Dudunsparce\n|-damage|p1a: Dudunsparce|277/343 brn\n|move|p1a: Dudunsparce|Boomburst|p2a: Misdreavus\n|-immune|p2a: Misdreavus\n|\n|-heal|p1a: Dudunsparce|298/343 brn|[from] item: Leftovers\n|-damage|p1a: Dudunsparce|277/343 brn|[from] brn\n|upkeep\n|turn|23\n|inactive|Time left: 300 sec this turn | 300 sec total\n|\n|t:|1783559635\n|move|p2a: Misdreavus|Draining Kiss|p1a: Dudunsparce\n|-damage|p1a: Dudunsparce|227/343 brn\n|move|p1a: Dudunsparce|Calm Mind|p1a: Dudunsparce\n|-boost|p1a: Dudunsparce|spa|1\n|-boost|p1a: Dudunsparce|spd|1\n|\n|-heal|p1a: Dudunsparce|248/343 brn|[from] item: Leftovers\n|-damage|p1a: Dudunsparce|227/343 brn|[from] brn\n|upkeep\n|turn|24\n|inactive|Time left: 300 sec this turn | 300 sec total\n|\n|t:|1783559636\n|move|p2a: Misdreavus|Draining Kiss|p1a: Dudunsparce\n|-damage|p1a: Dudunsparce|187/343 brn\n|move|p1a: Dudunsparce|Boomburst|p2a: Misdreavus\n|-immune|p2a: Misdreavus\n|\n|-heal|p1a: Dudunsparce|208/343 brn|[from] item: Leftovers\n|-damage|p1a: Dudunsparce|187/343 brn|[from] brn\n|upkeep\n|turn|25\n|inactive|Time left: 300 sec this turn | 300 sec total\n|\n|t:|1783559637\n|move|p2a: Misdreavus|Draining Kiss|p1a: Dudunsparce\n|-damage|p1a: Dudunsparce|146/343 brn\n|move|p1a: Dudunsparce|Boomburst|p2a: Misdreavus\n|-immune|p2a: Misdreavus\n|\n|-heal|p1a: Dudunsparce|167/343 brn|[from] item: Leftovers\n|-damage|p1a: Dudunsparce|146/343 brn|[from] brn\n|upkeep\n|turn|26\n|inactive|Time left: 300 sec this turn | 300 sec total\n|\n|t:|1783559638\n|move|p2a: Misdreavus|Shadow Ball|p1a: Dudunsparce\n|-immune|p1a: Dudunsparce\n|move|p1a: Dudunsparce|Earth Power|p2a: Misdreavus\n|-immune|p2a: Misdreavus|[from] ability: Levitate\n|\n|-heal|p1a: Dudunsparce|167/343 brn|[from] item: Leftovers\n|-damage|p1a: Dudunsparce|146/343 brn|[from] brn\n|upkeep\n|turn|27\n|inactive|Time left: 300 sec this turn | 300 sec total\n|\n|t:|1783559639\n|move|p2a: Misdreavus|Shadow Ball|p1a: Dudunsparce\n|-immune|p1a: Dudunsparce\n|move|p1a: Dudunsparce|Boomburst|p2a: Misdreavus\n|-immune|p2a: Misdreavus\n|\n|-heal|p1a: Dudunsparce|167/343 brn|[from] item: Leftovers\n|-damage|p1a: Dudunsparce|146/343 brn|[from] brn\n|upkeep\n|turn|28\n|inactive|Time left: 300 sec this turn | 300 sec total\n|\n|t:|1783559641\n|move|p2a: Misdreavus|Shadow Ball|p1a: Dudunsparce\n|-immune|p1a: Dudunsparce\n|move|p1a: Dudunsparce|Boomburst|p2a: Misdreavus\n|-immune|p2a: Misdreavus\n|\n|-heal|p1a: Dudunsparce|167/343 brn|[from] item: Leftovers\n|-damage|p1a: Dudunsparce|146/343 brn|[from] brn\n|upkeep\n|turn|29\n|inactive|Time left: 300 sec this turn | 300 sec total\n|\n|t:|1783559642\n|move|p2a: Misdreavus|Shadow Ball|p1a: Dudunsparce\n|-immune|p1a: Dudunsparce\n|move|p1a: Dudunsparce|Boomburst|p2a: Misdreavus\n|-immune|p2a: Misdreavus\n|\n|-heal|p1a: Dudunsparce|167/343 brn|[from] item: Leftovers\n|-damage|p1a: Dudunsparce|146/343 brn|[from] brn\n|upkeep\n|turn|30\n|inactive|Time left: 300 sec this turn | 300 sec total\n|\n|t:|1783559643\n|move|p2a: Misdreavus|Shadow Ball|p1a: Dudunsparce\n|-immune|p1a: Dudunsparce\n|move|p1a: Dudunsparce|Boomburst|p2a: Misdreavus\n|-immune|p2a: Misdreavus\n|\n|-heal|p1a: Dudunsparce|167/343 brn|[from] item: Leftovers\n|-damage|p1a: Dudunsparce|146/343 brn|[from] brn\n|upkeep\n|turn|31\n|inactive|Time left: 300 sec this turn | 300 sec total\n|\n|t:|1783559644\n|move|p2a: Misdreavus|Shadow Ball|p1a: Dudunsparce\n|-immune|p1a: Dudunsparce\n|move|p1a: Dudunsparce|Boomburst|p2a: Misdreavus\n|-immune|p2a: Misdreavus\n|\n|-heal|p1a: Dudunsparce|167/343 brn|[from] item: Leftovers\n|-damage|p1a: Dudunsparce|146/343 brn|[from] brn\n|upkeep\n|turn|32\n|inactive|Time left: 300 sec this turn | 300 sec total\n|\n|t:|1783559645\n|move|p2a: Misdreavus|Will-O-Wisp|p1a: Dudunsparce\n|-fail|p1a: Dudunsparce|brn\n|move|p1a: Dudunsparce|Earth Power|p2a: Misdreavus\n|-immune|p2a: Misdreavus|[from] ability: Levitate\n|\n|-heal|p1a: Dudunsparce|167/343 brn|[from] item: Leftovers\n|-damage|p1a: Dudunsparce|146/343 brn|[from] brn\n|upkeep\n|turn|33\n|inactive|Time left: 300 sec this turn | 300 sec total\n|\n|t:|1783559646\n|move|p2a: Misdreavus|Shadow Ball|p1a: Dudunsparce\n|-immune|p1a: Dudunsparce\n|move|p1a: Dudunsparce|Earth Power|p2a: Misdreavus\n|-immune|p2a: Misdreavus|[from] ability: Levitate\n|\n|-heal|p1a: Dudunsparce|167/343 brn|[from] item: Leftovers\n|-damage|p1a: Dudunsparce|146/343 brn|[from] brn\n|upkeep\n|turn|34\n|inactive|Time left: 300 sec this turn | 300 sec total\n|\n|t:|1783559647\n|move|p2a: Misdreavus|Shadow Ball|p1a: Dudunsparce\n|-immune|p1a: Dudunsparce\n|move|p1a: Dudunsparce|Earth Power|p2a: Misdreavus\n|-immune|p2a: Misdreavus|[from] ability: Levitate\n|\n|-heal|p1a: Dudunsparce|167/343 brn|[from] item: Leftovers\n|-damage|p1a: Dudunsparce|146/343 brn|[from] brn\n|upkeep\n|turn|35\n|inactive|Time left: 300 sec this turn | 300 sec total\n|\n|t:|1783559648\n|move|p2a: Misdreavus|Shadow Ball|p1a: Dudunsparce\n|-immune|p1a: Dudunsparce\n|move|p1a: Dudunsparce|Boomburst|p2a: Misdreavus\n|-immune|p2a: Misdreavus\n|\n|-heal|p1a: Dudunsparce|167/343 brn|[from] item: Leftovers\n|-damage|p1a: Dudunsparce|146/343 brn|[from] brn\n|upkeep\n|turn|36\n|inactive|Time left: 300 sec this turn | 300 sec total\n|\n|t:|1783559649\n|move|p2a: Misdreavus|Shadow Ball|p1a: Dudunsparce\n|-immune|p1a: Dudunsparce\n|move|p1a: Dudunsparce|Boomburst|p2a: Misdreavus\n|-immune|p2a: Misdreavus\n|\n|-heal|p1a: Dudunsparce|167/343 brn|[from] item: Leftovers\n|-damage|p1a: Dudunsparce|146/343 brn|[from] brn\n|upkeep\n|turn|37\n|inactive|Time left: 300 sec this turn | 300 sec total\n|\n|t:|1783559650\n|move|p2a: Misdreavus|Shadow Ball|p1a: Dudunsparce\n|-immune|p1a: Dudunsparce\n|move|p1a: Dudunsparce|Calm Mind|p1a: Dudunsparce\n|-boost|p1a: Dudunsparce|spa|0\n|-boost|p1a: Dudunsparce|spd|0\n|\n|-heal|p1a: Dudunsparce|167/343 brn|[from] item: Leftovers\n|-damage|p1a: Dudunsparce|146/343 brn|[from] brn\n|upkeep\n|turn|38\n|inactive|Time left: 300 sec this turn | 300 sec total\n|\n|t:|1783559651\n|move|p2a: Misdreavus|Shadow Ball|p1a: Dudunsparce\n|-immune|p1a: Dudunsparce\n|move|p1a: Dudunsparce|Calm Mind|p1a: Dudunsparce\n|-boost|p1a: Dudunsparce|spa|0\n|-boost|p1a: Dudunsparce|spd|0\n|\n|-heal|p1a: Dudunsparce|167/343 brn|[from] item: Leftovers\n|-damage|p1a: Dudunsparce|146/343 brn|[from] brn\n|upkeep\n|turn|39\n|inactive|Time left: 300 sec this turn | 300 sec total\n|\n|t:|1783559652\n|move|p2a: Misdreavus|Shadow Ball|p1a: Dudunsparce\n|-immune|p1a: Dudunsparce\n|move|p1a: Dudunsparce|Boomburst|p2a: Misdreavus\n|-immune|p2a: Misdreavus\n|\n|-heal|p1a: Dudunsparce|167/343 brn|[from] item: Leftovers\n|-damage|p1a: Dudunsparce|146/343 brn|[from] brn\n|upkeep\n|turn|40\n|inactive|Time left: 300 sec this turn | 300 sec total\n|\n|t:|1783559653\n|move|p2a: Misdreavus|Shadow Ball|p1a: Dudunsparce\n|-immune|p1a: Dudunsparce\n|move|p1a: Dudunsparce|Earth Power|p2a: Misdreavus\n|-immune|p2a: Misdreavus|[from] ability: Levitate\n|\n|-heal|p1a: Dudunsparce|167/343 brn|[from] item: Leftovers\n|-damage|p1a: Dudunsparce|146/343 brn|[from] brn\n|upkeep\n|turn|41\n|inactive|Time left: 300 sec this turn | 300 sec total\n|\n|t:|1783559654\n|move|p2a: Misdreavus|Will-O-Wisp|p1a: Dudunsparce\n|-fail|p1a: Dudunsparce|brn\n|move|p1a: Dudunsparce|Earth Power|p2a: Misdreavus\n|-immune|p2a: Misdreavus|[from] ability: Levitate\n|\n|-heal|p1a: Dudunsparce|167/343 brn|[from] item: Leftovers\n|-damage|p1a: Dudunsparce|146/343 brn|[from] brn\n|upkeep\n|turn|42\n|inactive|Time left: 300 sec this turn | 300 sec total\n|\n|t:|1783559655\n|move|p2a: Misdreavus|Shadow Ball|p1a: Dudunsparce\n|-immune|p1a: Dudunsparce\n|move|p1a: Dudunsparce|Calm Mind|p1a: Dudunsparce\n|-boost|p1a: Dudunsparce|spa|0\n|-boost|p1a: Dudunsparce|spd|0\n|\n|-heal|p1a: Dudunsparce|167/343 brn|[from] item: Leftovers\n|-damage|p1a: Dudunsparce|146/343 brn|[from] brn\n|upkeep\n|turn|43\n|inactive|Time left: 300 sec this turn | 300 sec total\n|\n|t:|1783559656\n|move|p2a: Misdreavus|Will-O-Wisp|p1a: Dudunsparce\n|-fail|p1a: Dudunsparce|brn\n|move|p1a: Dudunsparce|Calm Mind|p1a: Dudunsparce\n|-boost|p1a: Dudunsparce|spa|0\n|-boost|p1a: Dudunsparce|spd|0\n|\n|-heal|p1a: Dudunsparce|167/343 brn|[from] item: Leftovers\n|-damage|p1a: Dudunsparce|146/343 brn|[from] brn\n|upkeep\n|turn|44\n|inactive|Time left: 300 sec this turn | 300 sec total\n|\n|t:|1783559656\n|move|p2a: Misdreavus|Shadow Ball|p1a: Dudunsparce\n|-immune|p1a: Dudunsparce\n|move|p1a: Dudunsparce|Earth Power|p2a: Misdreavus\n|-immune|p2a: Misdreavus|[from] ability: Levitate\n|\n|-heal|p1a: Dudunsparce|167/343 brn|[from] item: Leftovers\n|-damage|p1a: Dudunsparce|146/343 brn|[from] brn\n|upkeep\n|turn|45\n|inactive|Time left: 300 sec this turn | 300 sec total\n|\n|t:|1783559657\n|move|p2a: Misdreavus|Shadow Ball|p1a: Dudunsparce\n|-immune|p1a: Dudunsparce\n|move|p1a: Dudunsparce|Earth Power|p2a: Misdreavus\n|-immune|p2a: Misdreavus|[from] ability: Levitate\n|\n|-heal|p1a: Dudunsparce|167/343 brn|[from] item: Leftovers\n|-damage|p1a: Dudunsparce|146/343 brn|[from] brn\n|upkeep\n|turn|46\n|inactive|Time left: 300 sec this turn | 300 sec total\n|\n|t:|1783559658\n|move|p2a: Misdreavus|Shadow Ball|p1a: Dudunsparce\n|-immune|p1a: Dudunsparce\n|move|p1a: Dudunsparce|Calm Mind|p1a: Dudunsparce\n|-boost|p1a: Dudunsparce|spa|0\n|-boost|p1a: Dudunsparce|spd|0\n|\n|-heal|p1a: Dudunsparce|167/343 brn|[from] item: Leftovers\n|-damage|p1a: Dudunsparce|146/343 brn|[from] brn\n|upkeep\n|turn|47\n|inactive|Time left: 300 sec this turn | 300 sec total\n|\n|t:|1783559659\n|move|p2a: Misdreavus|Shadow Ball|p1a: Dudunsparce\n|-immune|p1a: Dudunsparce\n|move|p1a: Dudunsparce|Calm Mind|p1a: Dudunsparce\n|-boost|p1a: Dudunsparce|spa|0\n|-boost|p1a: Dudunsparce|spd|0\n|\n|-heal|p1a: Dudunsparce|167/343 brn|[from] item: Leftovers\n|-damage|p1a: Dudunsparce|146/343 brn|[from] brn\n|upkeep\n|turn|48\n|inactive|Time left: 300 sec this turn | 300 sec total\n|\n|t:|1783559660\n|move|p2a: Misdreavus|Will-O-Wisp|p1a: Dudunsparce\n|-fail|p1a: Dudunsparce|brn\n|move|p1a: Dudunsparce|Earth Power|p2a: Misdreavus\n|-immune|p2a: Misdreavus|[from] ability: Levitate\n|\n|-heal|p1a: Dudunsparce|167/343 brn|[from] item: Leftovers\n|-damage|p1a: Dudunsparce|146/343 brn|[from] brn\n|upkeep\n|turn|49\n|inactive|Time left: 300 sec this turn | 300 sec total\n|\n|t:|1783559661\n|move|p2a: Misdreavus|Shadow Ball|p1a: Dudunsparce\n|-immune|p1a: Dudunsparce\n|move|p1a: Dudunsparce|Calm Mind|p1a: Dudunsparce\n|-boost|p1a: Dudunsparce|spa|0\n|-boost|p1a: Dudunsparce|spd|0\n|\n|-heal|p1a: Dudunsparce|167/343 brn|[from] item: Leftovers\n|-damage|p1a: Dudunsparce|146/343 brn|[from] brn\n|upkeep\n|turn|50\n|inactive|Time left: 300 sec this turn | 300 sec total\n|\n|t:|1783559662\n|move|p2a: Misdreavus|Will-O-Wisp|p1a: Dudunsparce|[miss]\n|-miss|p2a: Misdreavus|p1a: Dudunsparce\n|move|p1a: Dudunsparce|Earth Power|p2a: Misdreavus\n|-immune|p2a: Misdreavus|[from] ability: Levitate\n|\n|-heal|p1a: Dudunsparce|167/343 brn|[from] item: Leftovers\n|-damage|p1a: Dudunsparce|146/343 brn|[from] brn\n|upkeep\n|turn|51\n|inactive|Time left: 300 sec this turn | 300 sec total\n|\n|t:|1783559663\n|move|p2a: Misdreavus|Shadow Ball|p1a: Dudunsparce\n|-immune|p1a: Dudunsparce\n|move|p1a: Dudunsparce|Calm Mind|p1a: Dudunsparce\n|-boost|p1a: Dudunsparce|spa|0\n|-boost|p1a: Dudunsparce|spd|0\n|\n|-heal|p1a: Dudunsparce|167/343 brn|[from] item: Leftovers\n|-damage|p1a: Dudunsparce|146/343 brn|[from] brn\n|upkeep\n|turn|52\n|inactive|Time left: 300 sec this turn | 300 sec total\n|\n|t:|1783559664\n|move|p2a: Misdreavus|Shadow Ball|p1a: Dudunsparce\n|-immune|p1a: Dudunsparce\n|move|p1a: Dudunsparce|Earth Power|p2a: Misdreavus\n|-immune|p2a: Misdreavus|[from] ability: Levitate\n|\n|-heal|p1a: Dudunsparce|167/343 brn|[from] item: Leftovers\n|-damage|p1a: Dudunsparce|146/343 brn|[from] brn\n|upkeep\n|turn|53\n|inactive|Time left: 300 sec this turn | 300 sec total\n|\n|t:|1783559665\n|move|p2a: Misdreavus|Will-O-Wisp|p1a: Dudunsparce\n|-fail|p1a: Dudunsparce|brn\n|move|p1a: Dudunsparce|Earth Power|p2a: Misdreavus\n|-immune|p2a: Misdreavus|[from] ability: Levitate\n|\n|-heal|p1a: Dudunsparce|167/343 brn|[from] item: Leftovers\n|-damage|p1a: Dudunsparce|146/343 brn|[from] brn\n|upkeep\n|turn|54\n|inactive|Time left: 300 sec this turn | 300 sec total\n|\n|t:|1783559666\n|move|p2a: Misdreavus|Calm Mind|p2a: Misdreavus\n|-boost|p2a: Misdreavus|spa|0\n|-boost|p2a: Misdreavus|spd|0\n|move|p1a: Dudunsparce|Calm Mind|p1a: Dudunsparce\n|-boost|p1a: Dudunsparce|spa|0\n|-boost|p1a: Dudunsparce|spd|0\n|\n|-heal|p1a: Dudunsparce|167/343 brn|[from] item: Leftovers\n|-damage|p1a: Dudunsparce|146/343 brn|[from] brn\n|upkeep\n|turn|55\n|inactive|Time left: 300 sec this turn | 300 sec total\n|\n|t:|1783559667\n|move|p2a: Misdreavus|Will-O-Wisp|p1a: Dudunsparce\n|-fail|p1a: Dudunsparce|brn\n|move|p1a: Dudunsparce|Calm Mind|p1a: Dudunsparce\n|-boost|p1a: Dudunsparce|spa|0\n|-boost|p1a: Dudunsparce|spd|0\n|\n|-heal|p1a: Dudunsparce|167/343 brn|[from] item: Leftovers\n|-damage|p1a: Dudunsparce|146/343 brn|[from] brn\n|upkeep\n|turn|56\n|inactive|Time left: 300 sec this turn | 300 sec total\n|\n|t:|1783559668\n|move|p2a: Misdreavus|Will-O-Wisp|p1a: Dudunsparce\n|-fail|p1a: Dudunsparce|brn\n|move|p1a: Dudunsparce|Calm Mind|p1a: Dudunsparce\n|-boost|p1a: Dudunsparce|spa|0\n|-boost|p1a: Dudunsparce|spd|0\n|\n|-heal|p1a: Dudunsparce|167/343 brn|[from] item: Leftovers\n|-damage|p1a: Dudunsparce|146/343 brn|[from] brn\n|upkeep\n|turn|57\n|inactive|Time left: 300 sec this turn | 300 sec total\n|\n|t:|1783559669\n|move|p2a: Misdreavus|Will-O-Wisp|p1a: Dudunsparce\n|-fail|p1a: Dudunsparce|brn\n|move|p1a: Dudunsparce|Calm Mind|p1a: Dudunsparce\n|-boost|p1a: Dudunsparce|spa|0\n|-boost|p1a: Dudunsparce|spd|0\n|\n|-heal|p1a: Dudunsparce|167/343 brn|[from] item: Leftovers\n|-damage|p1a: Dudunsparce|146/343 brn|[from] brn\n|upkeep\n|turn|58\n|inactive|Time left: 300 sec this turn | 300 sec total\n|\n|t:|1783559670\n|move|p2a: Misdreavus|Will-O-Wisp|p1a: Dudunsparce\n|-fail|p1a: Dudunsparce|brn\n|move|p1a: Dudunsparce|Earth Power|p2a: Misdreavus\n|-immune|p2a: Misdreavus|[from] ability: Levitate\n|\n|-heal|p1a: Dudunsparce|167/343 brn|[from] item: Leftovers\n|-damage|p1a: Dudunsparce|146/343 brn|[from] brn\n|upkeep\n|turn|59\n|inactive|Time left: 300 sec this turn | 300 sec total\n|\n|t:|1783559671\n|move|p2a: Misdreavus|Calm Mind|p2a: Misdreavus\n|-boost|p2a: Misdreavus|spa|0\n|-boost|p2a: Misdreavus|spd|0\n|move|p1a: Dudunsparce|Earth Power|p2a: Misdreavus\n|-immune|p2a: Misdreavus|[from] ability: Levitate\n|\n|-heal|p1a: Dudunsparce|167/343 brn|[from] item: Leftovers\n|-damage|p1a: Dudunsparce|146/343 brn|[from] brn\n|upkeep\n|turn|60\n|inactive|Time left: 300 sec this turn | 300 sec total\n|\n|t:|1783559671\n|move|p2a: Misdreavus|Shadow Ball|p1a: Dudunsparce\n|-immune|p1a: Dudunsparce\n|move|p1a: Dudunsparce|Calm Mind|p1a: Dudunsparce\n|-boost|p1a: Dudunsparce|spa|0\n|-boost|p1a: Dudunsparce|spd|0\n|\n|-heal|p1a: Dudunsparce|167/343 brn|[from] item: Leftovers\n|-damage|p1a: Dudunsparce|146/343 brn|[from] brn\n|upkeep\n|turn|61\n|inactive|Time left: 300 sec this turn | 300 sec total\n|\n|t:|1783559672\n|move|p2a: Misdreavus|Calm Mind|p2a: Misdreavus\n|-boost|p2a: Misdreavus|spa|0\n|-boost|p2a: Misdreavus|spd|0\n|move|p1a: Dudunsparce|Calm Mind|p1a: Dudunsparce\n|-boost|p1a: Dudunsparce|spa|0\n|-boost|p1a: Dudunsparce|spd|0\n|\n|-heal|p1a: Dudunsparce|167/343 brn|[from] item: Leftovers\n|-damage|p1a: Dudunsparce|146/343 brn|[from] brn\n|upkeep\n|turn|62\n|inactive|Time left: 300 sec this turn | 300 sec total\n|\n|t:|1783559673\n|move|p2a: Misdreavus|Will-O-Wisp|p1a: Dudunsparce\n|-fail|p1a: Dudunsparce|brn\n|move|p1a: Dudunsparce|Calm Mind|p1a: Dudunsparce\n|-boost|p1a: Dudunsparce|spa|0\n|-boost|p1a: Dudunsparce|spd|0\n|\n|-heal|p1a: Dudunsparce|167/343 brn|[from] item: Leftovers\n|-damage|p1a: Dudunsparce|146/343 brn|[from] brn\n|upkeep\n|turn|63\n|inactive|Time left: 300 sec this turn | 300 sec total\n|\n|t:|1783559674\n|move|p2a: Misdreavus|Will-O-Wisp|p1a: Dudunsparce\n|-fail|p1a: Dudunsparce|brn\n|move|p1a: Dudunsparce|Calm Mind|p1a: Dudunsparce\n|-boost|p1a: Dudunsparce|spa|0\n|-boost|p1a: Dudunsparce|spd|0\n|\n|-heal|p1a: Dudunsparce|167/343 brn|[from] item: Leftovers\n|-damage|p1a: Dudunsparce|146/343 brn|[from] brn\n|upkeep\n|turn|64\n|inactive|Time left: 300 sec this turn | 300 sec total\n|\n|t:|1783559675\n|move|p2a: Misdreavus|Will-O-Wisp|p1a: Dudunsparce\n|-fail|p1a: Dudunsparce|brn\n|move|p1a: Dudunsparce|Calm Mind|p1a: Dudunsparce\n|-boost|p1a: Dudunsparce|spa|0\n|-boost|p1a: Dudunsparce|spd|0\n|\n|-heal|p1a: Dudunsparce|167/343 brn|[from] item: Leftovers\n|-damage|p1a: Dudunsparce|146/343 brn|[from] brn\n|upkeep\n|turn|65\n|inactive|Time left: 300 sec this turn | 300 sec total\n|\n|t:|1783559676\n|move|p2a: Misdreavus|Will-O-Wisp|p1a: Dudunsparce\n|-fail|p1a: Dudunsparce|brn\n|move|p1a: Dudunsparce|Calm Mind|p1a: Dudunsparce\n|-boost|p1a: Dudunsparce|spa|0\n|-boost|p1a: Dudunsparce|spd|0\n|\n|-heal|p1a: Dudunsparce|167/343 brn|[from] item: Leftovers\n|-damage|p1a: Dudunsparce|146/343 brn|[from] brn\n|upkeep\n|turn|66\n|inactive|Time left: 300 sec this turn | 300 sec total\n|\n|t:|1783559677\n|move|p2a: Misdreavus|Will-O-Wisp|p1a: Dudunsparce\n|-fail|p1a: Dudunsparce|brn\n|move|p1a: Dudunsparce|Calm Mind|p1a: Dudunsparce\n|-boost|p1a: Dudunsparce|spa|0\n|-boost|p1a: Dudunsparce|spd|0\n|\n|-heal|p1a: Dudunsparce|167/343 brn|[from] item: Leftovers\n|-damage|p1a: Dudunsparce|146/343 brn|[from] brn\n|upkeep\n|turn|67\n|inactive|Time left: 300 sec this turn | 300 sec total\n|\n|t:|1783559677\n|move|p2a: Misdreavus|Calm Mind|p2a: Misdreavus\n|-boost|p2a: Misdreavus|spa|0\n|-boost|p2a: Misdreavus|spd|0\n|move|p1a: Dudunsparce|Calm Mind|p1a: Dudunsparce\n|-boost|p1a: Dudunsparce|spa|0\n|-boost|p1a: Dudunsparce|spd|0\n|\n|-heal|p1a: Dudunsparce|167/343 brn|[from] item: Leftovers\n|-damage|p1a: Dudunsparce|146/343 brn|[from] brn\n|upkeep\n|turn|68\n|inactive|Time left: 300 sec this turn | 300 sec total\n|\n|t:|1783559679\n|move|p2a: Misdreavus|Will-O-Wisp|p1a: Dudunsparce|[miss]\n|-miss|p2a: Misdreavus|p1a: Dudunsparce\n|move|p1a: Dudunsparce|Calm Mind|p1a: Dudunsparce\n|-boost|p1a: Dudunsparce|spa|0\n|-boost|p1a: Dudunsparce|spd|0\n|\n|-heal|p1a: Dudunsparce|167/343 brn|[from] item: Leftovers\n|-damage|p1a: Dudunsparce|146/343 brn|[from] brn\n|upkeep\n|turn|69\n|inactive|Time left: 300 sec this turn | 300 sec total\n|\n|t:|1783559680\n|move|p2a: Misdreavus|Will-O-Wisp|p1a: Dudunsparce\n|-fail|p1a: Dudunsparce|brn\n|move|p1a: Dudunsparce|Calm Mind|p1a: Dudunsparce\n|-boost|p1a: Dudunsparce|spa|0\n|-boost|p1a: Dudunsparce|spd|0\n|\n|-heal|p1a: Dudunsparce|167/343 brn|[from] item: Leftovers\n|-damage|p1a: Dudunsparce|146/343 brn|[from] brn\n|upkeep\n|turn|70\n|inactive|Time left: 300 sec this turn | 300 sec total\n|\n|t:|1783559681\n|move|p2a: Misdreavus|Will-O-Wisp|p1a: Dudunsparce\n|-fail|p1a: Dudunsparce|brn\n|move|p1a: Dudunsparce|Calm Mind|p1a: Dudunsparce\n|-boost|p1a: Dudunsparce|spa|0\n|-boost|p1a: Dudunsparce|spd|0\n|\n|-heal|p1a: Dudunsparce|167/343 brn|[from] item: Leftovers\n|-damage|p1a: Dudunsparce|146/343 brn|[from] brn\n|upkeep\n|turn|71\n|inactive|Time left: 300 sec this turn | 300 sec total\n|\n|t:|1783559682\n|move|p2a: Misdreavus|Calm Mind|p2a: Misdreavus\n|-boost|p2a: Misdreavus|spa|0\n|-boost|p2a: Misdreavus|spd|0\n|move|p1a: Dudunsparce|Calm Mind|p1a: Dudunsparce\n|-boost|p1a: Dudunsparce|spa|0\n|-boost|p1a: Dudunsparce|spd|0\n|\n|-heal|p1a: Dudunsparce|167/343 brn|[from] item: Leftovers\n|-damage|p1a: Dudunsparce|146/343 brn|[from] brn\n|upkeep\n|turn|72\n|inactive|Time left: 300 sec this turn | 300 sec total\n|\n|t:|1783559683\n|move|p2a: Misdreavus|Will-O-Wisp|p1a: Dudunsparce|[miss]\n|-miss|p2a: Misdreavus|p1a: Dudunsparce\n|move|p1a: Dudunsparce|Calm Mind|p1a: Dudunsparce\n|-boost|p1a: Dudunsparce|spa|0\n|-boost|p1a: Dudunsparce|spd|0\n|\n|-heal|p1a: Dudunsparce|167/343 brn|[from] item: Leftovers\n|-damage|p1a: Dudunsparce|146/343 brn|[from] brn\n|upkeep\n|turn|73\n|inactive|Time left: 300 sec this turn | 300 sec total\n|\n|t:|1783559684\n|move|p2a: Misdreavus|Will-O-Wisp|p1a: Dudunsparce|[miss]\n|-miss|p2a: Misdreavus|p1a: Dudunsparce\n|move|p1a: Dudunsparce|Earth Power|p2a: Misdreavus\n|-immune|p2a: Misdreavus|[from] ability: Levitate\n|\n|-heal|p1a: Dudunsparce|167/343 brn|[from] item: Leftovers\n|-damage|p1a: Dudunsparce|146/343 brn|[from] brn\n|upkeep\n|turn|74\n|inactive|Time left: 300 sec this turn | 300 sec total\n|\n|t:|1783559685\n|move|p2a: Misdreavus|Will-O-Wisp|p1a: Dudunsparce\n|-fail|p1a: Dudunsparce|brn\n|move|p1a: Dudunsparce|Calm Mind|p1a: Dudunsparce\n|-boost|p1a: Dudunsparce|spa|0\n|-boost|p1a: Dudunsparce|spd|0\n|\n|-heal|p1a: Dudunsparce|167/343 brn|[from] item: Leftovers\n|-damage|p1a: Dudunsparce|146/343 brn|[from] brn\n|upkeep\n|turn|75\n|inactive|Time left: 300 sec this turn | 300 sec total\n|\n|t:|1783559686\n|move|p2a: Misdreavus|Will-O-Wisp|p1a: Dudunsparce\n|-fail|p1a: Dudunsparce|brn\n|move|p1a: Dudunsparce|Boomburst|p2a: Misdreavus\n|-immune|p2a: Misdreavus\n|\n|-heal|p1a: Dudunsparce|167/343 brn|[from] item: Leftovers\n|-damage|p1a: Dudunsparce|146/343 brn|[from] brn\n|upkeep\n|turn|76\n|inactive|Time left: 300 sec this turn | 300 sec total\n|\n|t:|1783559687\n|move|p2a: Misdreavus|Shadow Ball|p1a: Dudunsparce\n|-immune|p1a: Dudunsparce\n|-activate|p1a: Dudunsparce|move: Struggle\n|move|p1a: Dudunsparce|Struggle|p2a: Misdreavus\n|-damage|p2a: Misdreavus|96/100\n|-damage|p1a: Dudunsparce|60/343 brn|[from] recoil\n|\n|-heal|p1a: Dudunsparce|81/343 brn|[from] item: Leftovers\n|-damage|p1a: Dudunsparce|60/343 brn|[from] brn\n|upkeep\n|turn|77\n|inactive|Time left: 300 sec this turn | 300 sec total\n|\n|t:|1783559688\n|move|p2a: Misdreavus|Calm Mind|p2a: Misdreavus\n|-boost|p2a: Misdreavus|spa|0\n|-boost|p2a: Misdreavus|spd|0\n|-activate|p1a: Dudunsparce|move: Struggle\n|move|p1a: Dudunsparce|Struggle|p2a: Misdreavus\n|-damage|p2a: Misdreavus|92/100\n|-damage|p1a: Dudunsparce|0 fnt|[from] recoil\n|faint|p1a: Dudunsparce\n|\n|upkeep\n|inactive|Time left: 300 sec this turn | 300 sec total | 5 sec grace\n|\n|t:|1783559689\n|switch|p1a: Altaria|Altaria, L89, M|278/278\n|turn|78\n|inactive|Time left: 300 sec this turn | 300 sec total\n|\n|t:|1783559690\n|move|p2a: Misdreavus|Calm Mind|p2a: Misdreavus\n|-boost|p2a: Misdreavus|spa|0\n|-boost|p2a: Misdreavus|spd|0\n|move|p1a: Altaria|Brave Bird|p2a: Misdreavus\n|-damage|p2a: Misdreavus|58/100\n|-damage|p1a: Altaria|249/278|[from] Recoil\n|\n|upkeep\n|turn|79\n|inactive|Time left: 300 sec this turn | 300 sec total\n|\n|t:|1783559691\n|move|p2a: Misdreavus|Will-O-Wisp|p1a: Altaria\n|-status|p1a: Altaria|brn\n|move|p1a: Altaria|Brave Bird|p2a: Misdreavus\n|-damage|p2a: Misdreavus|39/100\n|-damage|p1a: Altaria|234/278 brn|[from] Recoil\n|\n|-damage|p1a: Altaria|217/278 brn|[from] brn\n|upkeep\n|turn|80\n|inactive|Time left: 300 sec this turn | 300 sec total\n|\n|t:|1783559692\n|-curestatus|p1a: Altaria|brn|[from] ability: Natural Cure|[silent]\n|switch|p1a: Kommo-o|Kommo-o, L77, F|146/242\n|move|p2a: Misdreavus|Calm Mind|p2a: Misdreavus\n|-boost|p2a: Misdreavus|spa|0\n|-boost|p2a: Misdreavus|spd|0\n|\n|upkeep\n|turn|81\n|inactive|Time left: 300 sec this turn | 300 sec total\n|\n|t:|1783559693\n|move|p2a: Misdreavus|Calm Mind|p2a: Misdreavus\n|-boost|p2a: Misdreavus|spa|0\n|-boost|p2a: Misdreavus|spd|0\n|move|p1a: Kommo-o|Scale Shot|p2a: Misdreavus\n|-damage|p2a: Misdreavus|31/100\n|-damage|p2a: Misdreavus|23/100\n|-damage|p2a: Misdreavus|15/100\n|-damage|p2a: Misdreavus|5/100\n|-damage|p2a: Misdreavus|0 fnt\n|faint|p2a: Misdreavus\n|-hitcount|p2: Misdreavus|5\n|-unboost|p1a: Kommo-o|def|1\n|-boost|p1a: Kommo-o|spe|1\n|\n|upkeep\n|\n|t:|1783559694\n|switch|p2a: Basculin|Basculin-Blue-Striped, L86, M|100/100\n|turn|82\n|inactive|Time left: 300 sec this turn | 300 sec total\n|\n|t:|1783559695\n|move|p1a: Kommo-o|Scale Shot|p2a: Basculin\n|-damage|p2a: Basculin|89/100\n|-damage|p2a: Basculin|77/100\n|-damage|p2a: Basculin|65/100\n|-damage|p2a: Basculin|54/100\n|-damage|p2a: Basculin|42/100\n|-hitcount|p2a: Basculin|5\n|-unboost|p1a: Kommo-o|def|1\n|-boost|p1a: Kommo-o|spe|1\n|move|p2a: Basculin|Wave Crash|p1a: Kommo-o\n|-resisted|p1a: Kommo-o\n|-damage|p1a: Kommo-o|0 fnt\n|faint|p1a: Kommo-o\n|-damage|p2a: Basculin|24/100|[from] Recoil\n|\n|upkeep\n|inactive|Time left: 300 sec this turn | 300 sec total | 5 sec grace\n|\n|t:|1783559696\n|switch|p1a: Pikachu|Pikachu-Original, L93, F|216/216\n|turn|83\n|inactive|Time left: 300 sec this turn | 300 sec total\n|\n|t:|1783559697\n|switch|p2a: Sceptile|Sceptile, L87, F|100/100\n|move|p1a: Pikachu|Surf|p2a: Sceptile\n|-resisted|p2a: Sceptile\n|-damage|p2a: Sceptile|83/100\n|\n|upkeep\n|turn|84\n|inactive|Time left: 300 sec this turn | 300 sec total\n|\n|t:|1783559698\n|switch|p1a: Iron Hands|Iron Hands, L79|373/373\n|move|p2a: Sceptile|Swords Dance|p2a: Sceptile\n|-boost|p2a: Sceptile|atk|2\n|\n|upkeep\n|turn|85\n|inactive|Time left: 300 sec this turn | 300 sec total\n|\n|t:|1783559699\n|move|p2a: Sceptile|Leaf Blade|p1a: Iron Hands\n|-damage|p1a: Iron Hands|143/373\n|-damage|p2a: Sceptile|73/100|[from] item: Life Orb\n|move|p1a: Iron Hands|Ice Punch|p2a: Sceptile\n|-supereffective|p2a: Sceptile\n|-damage|p2a: Sceptile|10/100\n|\n|-heal|p1a: Iron Hands|166/373|[from] item: Leftovers\n|upkeep\n|turn|86\n|inactive|Time left: 300 sec this turn | 300 sec total\n|\n|t:|1783559700\n|-end|p1a: Iron Hands|Quark Drive|[silent]\n|switch|p1a: Altaria|Altaria, L89, M|217/278\n|move|p2a: Sceptile|Leaf Blade|p1a: Altaria\n|-resisted|p1a: Altaria\n|-crit|p1a: Altaria\n|-damage|p1a: Altaria|100/278\n|-damage|p2a: Sceptile|0 fnt|[from] item: Life Orb\n|faint|p2a: Sceptile\n|\n|upkeep\n|\n|t:|1783559701\n|switch|p2a: Basculin|Basculin-Blue-Striped, L86, M|24/100\n|turn|87\n|inactive|Time left: 300 sec this turn | 300 sec total\n|\n|t:|1783559702\n|switch|p1a: Beartic|Beartic, L91, M|321/321\n|move|p2a: Basculin|Wave Crash|p1a: Beartic\n|-damage|p1a: Beartic|61/321\n|-damage|p2a: Basculin|0 fnt|[from] Recoil\n|faint|p2a: Basculin\n|\n|upkeep\n|\n|t:|1783559703\n|switch|p2a: Klawf|Klawf, L90, F|100/100\n|turn|88\n|inactive|Time left: 300 sec this turn | 300 sec total\n|\n|t:|1783559704\n|move|p1a: Beartic|Aqua Jet|p2a: Klawf\n|-supereffective|p2a: Klawf\n|-damage|p2a: Klawf|78/100\n|move|p2a: Klawf|High Horsepower|p1a: Beartic\n|-damage|p1a: Beartic|0 fnt\n|faint|p1a: Beartic\n|\n|upkeep\n|inactive|Time left: 300 sec this turn | 300 sec total | 5 sec grace\n|\n|t:|1783559705\n|switch|p1a: Pikachu|Pikachu-Original, L93, F|216/216\n|turn|89\n|inactive|Time left: 300 sec this turn | 300 sec total\n|\n|t:|1783559706\n|switch|p2a: Virizion|Virizion, L82|100/100\n|move|p1a: Pikachu|Surf|p2a: Virizion\n|-resisted|p2a: Virizion\n|-damage|p2a: Virizion|86/100\n|\n|upkeep\n|turn|90\n|inactive|Time left: 300 sec this turn | 300 sec total\n|\n|t:|1783559707\n|switch|p1a: Altaria|Altaria, L89, M|100/278\n|move|p2a: Virizion|Swords Dance|p2a: Virizion\n|-boost|p2a: Virizion|atk|2\n|\n|upkeep\n|turn|91\n|inactive|Time left: 300 sec this turn | 300 sec total\n|\n|t:|1783559708\n|move|p2a: Virizion|Close Combat|p1a: Altaria\n|-resisted|p1a: Altaria\n|-damage|p1a: Altaria|0 fnt\n|-unboost|p2a: Virizion|def|1\n|-unboost|p2a: Virizion|spd|1\n|faint|p1a: Altaria\n|-damage|p2a: Virizion|76/100|[from] item: Life Orb\n|\n|upkeep\n|inactive|Time left: 300 sec this turn | 300 sec total | 5 sec grace\n|\n|t:|1783559709\n|switch|p1a: Pikachu|Pikachu-Original, L93, F|216/216\n|turn|92\n|inactive|Time left: 300 sec this turn | 300 sec total\n|\n|t:|1783559710\n|move|p1a: Pikachu|Fake Out|p2a: Virizion\n|-damage|p2a: Virizion|46/100\n|cant|p2a: Virizion|flinch\n|\n|upkeep\n|turn|93\n|inactive|Time left: 300 sec this turn | 300 sec total\n|\n|t:|1783559711\n|switch|p1a: Iron Hands|Iron Hands, L79|166/373\n|move|p2a: Virizion|Leaf Blade|p1a: Iron Hands\n|-damage|p1a: Iron Hands|0 fnt\n|faint|p1a: Iron Hands\n|-end|p1a: Iron Hands|Quark Drive|[silent]\n|-damage|p2a: Virizion|37/100|[from] item: Life Orb\n|\n|upkeep\n|inactive|Time left: 300 sec this turn | 300 sec total | 5 sec grace\n|\n|t:|1783559711\n|switch|p1a: Pikachu|Pikachu-Original, L93, F|216/216\n|turn|94\n|inactive|Time left: 300 sec this turn | 300 sec total\n|\n|t:|1783559712\n|-terastallize|p2a: Virizion|Rock\n|move|p1a: Pikachu|Fake Out|p2a: Virizion\n|-resisted|p2a: Virizion\n|-damage|p2a: Virizion|22/100\n|cant|p2a: Virizion|flinch\n|\n|upkeep\n|turn|95\n|inactive|Time left: 300 sec this turn | 300 sec total\n|\n|t:|1783559713\n|-terastallize|p1a: Pikachu|Water\n|move|p2a: Virizion|Close Combat|p1a: Pikachu\n|-damage|p1a: Pikachu|0 fnt\n|-unboost|p2a: Virizion|def|1\n|-unboost|p2a: Virizion|spd|1\n|faint|p1a: Pikachu\n|-damage|p2a: Virizion|13/100|[from] item: Life Orb\n|\n|win|p0y1693e1a9", "uploadtime": 1783559713, "views": 0, "rating": 0, "private": 0, "password": null, "_winner": "p0y1693e1a9", "_our_name": "p0x1693e91e"}