{"id": "battle-gen9randombattle-2088", "formatid": "gen9randombattle", "format": "[Gen 9] Random Battle", "players": ["p0x2088433c", "p0y208863cc"], "log": "|init|battle\n|title|p0x2088433c vs. p0y208863cc\n|j|\u2606p0x2088433c\n|j|\u2606p0y208863cc\n|t:|1783564189\n|gametype|singles\n|player|p1|p0x2088433c|1|\n|player|p2|p0y208863cc|169|\n|gen|9\n|tier|[Gen 9] Random Battle\n|rule|Species Clause: Limit one of each Pok\u00e9mon\n|rule|HP Percentage Mod: HP is shown in percentages\n|rule|Sleep Clause Mod: Limit one foe put to sleep\n|rule|Illusion Level Mod: Illusion disguises the Pok\u00e9mon's true level\n|\n|t:|1783564189\n|teamsize|p1|6\n|teamsize|p2|6\n|start\n|switch|p1a: Umbreon|Umbreon, L84, M|297/297\n|switch|p2a: Sawsbuck|Sawsbuck-Winter, L88, F|100/100\n|turn|1\n|inactive|Battle timer is ON: inactive players will automatically lose when time's up. (requested by p0x2088433c)\n|inactive|p0y208863cc also wants the timer to be on.\n|\n|t:|1783564191\n|move|p2a: Sawsbuck|Swords Dance|p2a: Sawsbuck\n|-boost|p2a: Sawsbuck|atk|2\n|move|p1a: Umbreon|Foul Play|p2a: Sawsbuck\n|-damage|p2a: Sawsbuck|13/100\n|\n|upkeep\n|turn|2\n|inactive|Time left: 300 sec this turn | 300 sec total\n|\n|t:|1783564192\n|move|p2a: Sawsbuck|Double-Edge|p1a: Umbreon\n|-damage|p1a: Umbreon|0 fnt\n|faint|p1a: Umbreon\n|-damage|p2a: Sawsbuck|0 fnt|[from] Recoil\n|faint|p2a: Sawsbuck\n|\n|upkeep\n|inactive|Time left: 300 sec this turn | 300 sec total | 5 sec grace\n|\n|t:|1783564193\n|switch|p2a: Medicham|Medicham, L86, M|100/100\n|switch|p1a: Mamoswine|Mamoswine, L81, F|311/311\n|turn|3\n|inactive|Time left: 300 sec this turn | 300 sec total\n|\n|t:|1783564194\n|switch|p1a: Brambleghast|Brambleghast, L88, F|240/240\n|move|p2a: Medicham|Close Combat|p1a: Brambleghast\n|-immune|p1a: Brambleghast\n|\n|upkeep\n|turn|4\n|inactive|Time left: 300 sec this turn | 300 sec total\n|\n|t:|1783564195\n|switch|p2a: Heracross|Heracross, L80, F|100/100\n|move|p1a: Brambleghast|Poltergeist|p2a: Heracross|[miss]\n|-miss|p1a: Brambleghast|p2a: Heracross\n|\n|upkeep\n|turn|5\n|inactive|Time left: 300 sec this turn | 300 sec total\n|\n|t:|1783564196\n|move|p2a: Heracross|Megahorn|p1a: Brambleghast\n|-damage|p1a: Brambleghast|69/240\n|move|p1a: Brambleghast|Poltergeist|p2a: Heracross\n|-activate|p2a: Heracross|move: Poltergeist|Choice Scarf\n|-damage|p2a: Heracross|28/100\n|\n|upkeep\n|turn|6\n|inactive|Time left: 300 sec this turn | 300 sec total\n|\n|t:|1783564197\n|switch|p1a: Hawlucha|Hawlucha, L80, F|256/256\n|move|p2a: Heracross|Megahorn|p1a: Hawlucha\n|-resisted|p1a: Hawlucha\n|-damage|p1a: Hawlucha|213/256\n|\n|upkeep\n|turn|7\n|inactive|Time left: 300 sec this turn | 300 sec total\n|\n|t:|1783564198\n|move|p2a: Heracross|Megahorn|p1a: Hawlucha\n|-resisted|p1a: Hawlucha\n|-damage|p1a: Hawlucha|171/256\n|move|p1a: Hawlucha|Swords Dance|p1a: Hawlucha\n|-boost|p1a: Hawlucha|atk|2\n|\n|upkeep\n|turn|8\n|inactive|Time left: 300 sec this turn | 300 sec total\n|\n|t:|1783564199\n|switch|p2a: Noivern|Noivern, L82, F|100/100\n|move|p1a: Hawlucha|Close Combat|p2a: Noivern\n|-resisted|p2a: Noivern\n|-damage|p2a: Noivern|53/100\n|-unboost|p1a: Hawlucha|def|1\n|-unboost|p1a: Hawlucha|spd|1\n|-enditem|p1a: Hawlucha|White Herb\n|-clearnegativeboost|p1a: Hawlucha|[silent]\n|\n|upkeep\n|turn|9\n|inactive|Time left: 300 sec this turn | 300 sec total\n|\n|t:|1783564200\n|move|p1a: Hawlucha|Brave Bird|p2a: Noivern\n|-damage|p2a: Noivern|0 fnt\n|faint|p2a: Noivern\n|-damage|p1a: Hawlucha|123/256|[from] Recoil\n|\n|upkeep\n|\n|t:|1783564201\n|switch|p2a: Vaporeon|Vaporeon, L86, F|100/100\n|turn|10\n|inactive|Time left: 300 sec this turn | 300 sec total\n|\n|t:|1783564202\n|-terastallize|p1a: Hawlucha|Flying\n|move|p1a: Hawlucha|Brave Bird|p2a: Vaporeon\n|-damage|p2a: Vaporeon|1/100\n|-damage|p1a: Hawlucha|4/256|[from] Recoil\n|move|p2a: Vaporeon|Ice Beam|p1a: Hawlucha\n|-supereffective|p1a: Hawlucha\n|-damage|p1a: Hawlucha|0 fnt\n|faint|p1a: Hawlucha\n|\n|-heal|p2a: Vaporeon|7/100|[from] item: Leftovers\n|upkeep\n|inactive|Time left: 300 sec this turn | 300 sec total | 5 sec grace\n|\n|t:|1783564203\n|switch|p1a: Brambleghast|Brambleghast, L88, F|69/240\n|turn|11\n|inactive|Time left: 300 sec this turn | 300 sec total\n|\n|t:|1783564204\n|move|p1a: Brambleghast|Rapid Spin|p2a: Vaporeon\n|-damage|p2a: Vaporeon|0 fnt\n|-boost|p1a: Brambleghast|spe|1\n|faint|p2a: Vaporeon\n|\n|upkeep\n|\n|t:|1783564205\n|switch|p2a: Medicham|Medicham, L86, M|100/100\n|turn|12\n|inactive|Time left: 300 sec this turn | 300 sec total\n|\n|t:|1783564206\n|move|p2a: Medicham|Bullet Punch|p1a: Brambleghast\n|-damage|p1a: Brambleghast|2/240\n|move|p1a: Brambleghast|Poltergeist|p2a: Medicham\n|-activate|p2a: Medicham|move: Poltergeist|Choice Band\n|-supereffective|p2a: Medicham\n|-damage|p2a: Medicham|0 fnt\n|faint|p2a: Medicham\n|\n|upkeep\n|\n|t:|1783564207\n|switch|p2a: Heracross|Heracross, L80, F|28/100\n|turn|13\n|inactive|Time left: 300 sec this turn | 300 sec total\n|\n|t:|1783564208\n|move|p1a: Brambleghast|Strength Sap|p2a: Heracross\n|-unboost|p2a: Heracross|atk|1\n|-heal|p1a: Brambleghast|240/240\n|move|p2a: Heracross|Megahorn|p1a: Brambleghast\n|-damage|p1a: Brambleghast|129/240\n|\n|upkeep\n|turn|14\n|inactive|Time left: 300 sec this turn | 300 sec total\n|\n|t:|1783564209\n|move|p1a: Brambleghast|Poltergeist|p2a: Heracross|[miss]\n|-miss|p1a: Brambleghast|p2a: Heracross\n|move|p2a: Heracross|Megahorn|p1a: Brambleghast\n|-damage|p1a: Brambleghast|29/240\n|\n|upkeep\n|turn|15\n|inactive|Time left: 300 sec this turn | 300 sec total\n|\n|t:|1783564210\n|move|p1a: Brambleghast|Poltergeist|p2a: Heracross|[miss]\n|-miss|p1a: Brambleghast|p2a: Heracross\n|move|p2a: Heracross|Megahorn|p1a: Brambleghast\n|-damage|p1a: Brambleghast|0 fnt\n|faint|p1a: Brambleghast\n|-ability|p2a: Heracross|Moxie|boost\n|-boost|p2a: Heracross|atk|1\n|\n|upkeep\n|inactive|Time left: 300 sec this turn | 300 sec total | 5 sec grace\n|\n|t:|1783564211\n|switch|p1a: Mamoswine|Mamoswine, L81, F|311/311\n|turn|16\n|inactive|Time left: 300 sec this turn | 300 sec total\n|\n|t:|1783564211\n|switch|p2a: Samurott|Samurott, L88, M|100/100\n|move|p1a: Mamoswine|Earthquake|p2a: Samurott\n|-damage|p2a: Samurott|46/100\n|\n|upkeep\n|turn|17\n|inactive|Time left: 300 sec this turn | 300 sec total\n|\n|t:|1783564212\n|-terastallize|p2a: Samurott|Water\n|move|p1a: Mamoswine|Earthquake|p2a: Samurott\n|-damage|p2a: Samurott|0 fnt\n|faint|p2a: Samurott\n|\n|upkeep\n|\n|t:|1783564213\n|switch|p2a: Heracross|Heracross, L80, F|28/100\n|turn|18\n|inactive|Time left: 300 sec this turn | 300 sec total\n|\n|t:|1783564214\n|move|p2a: Heracross|Close Combat|p1a: Mamoswine\n|-supereffective|p1a: Mamoswine\n|-damage|p1a: Mamoswine|5/311\n|-unboost|p2a: Heracross|def|1\n|-unboost|p2a: Heracross|spd|1\n|move|p1a: Mamoswine|Earthquake|p2a: Heracross\n|-resisted|p2a: Heracross\n|-damage|p2a: Heracross|0 fnt\n|faint|p2a: Heracross\n|\n|win|p0x2088433c", "uploadtime": 1783564214, "views": 0, "rating": 0, "private": 0, "password": null, "_winner": "p0x2088433c", "_our_name": "p0x2088433c"}