{"id": "battle-gen9randombattle-2674", "formatid": "gen9randombattle", "format": "[Gen 9] Random Battle", "players": ["p0x267467da", "p0y26748362"], "log": "|init|battle\n|title|p0x267467da vs. p0y26748362\n|j|\u2606p0x267467da\n|j|\u2606p0y26748362\n|t:|1783569846\n|gametype|singles\n|player|p1|p0x267467da|169|\n|player|p2|p0y26748362|102|\n|gen|9\n|tier|[Gen 9] Random Battle\n|rule|Species Clause: Limit one of each Pok\u00e9mon\n|rule|HP Percentage Mod: HP is shown in percentages\n|rule|Sleep Clause Mod: Limit one foe put to sleep\n|rule|Illusion Level Mod: Illusion disguises the Pok\u00e9mon's true level\n|\n|t:|1783569846\n|teamsize|p1|6\n|teamsize|p2|6\n|start\n|switch|p1a: Kingdra|Kingdra, L84, F|263/263\n|switch|p2a: Inteleon|Inteleon, L81, M|100/100\n|turn|1\n|inactive|Battle timer is ON: inactive players will automatically lose when time's up. (requested by p0x267467da)\n|inactive|p0y26748362 also wants the timer to be on.\n|\n|t:|1783569848\n|move|p2a: Inteleon|Hydro Pump|p1a: Kingdra\n|-resisted|p1a: Kingdra\n|-damage|p1a: Kingdra|216/263\n|move|p1a: Kingdra|Outrage|p2a: Inteleon\n|-damage|p2a: Inteleon|31/100\n|\n|upkeep\n|turn|2\n|inactive|Time left: 300 sec this turn | 300 sec total\n|\n|t:|1783569849\n|switch|p2a: Clefable|Clefable, L83, F|100/100\n|move|p1a: Kingdra|Outrage|p2a: Clefable|[from] lockedmove\n|-immune|p2a: Clefable\n|\n|upkeep\n|turn|3\n|inactive|Time left: 300 sec this turn | 300 sec total\n|\n|t:|1783569850\n|move|p1a: Kingdra|Wave Crash|p2a: Clefable\n|-crit|p2a: Clefable\n|-damage|p2a: Clefable|0 fnt\n|faint|p2a: Clefable\n|-damage|p1a: Kingdra|119/263|[from] Recoil\n|\n|upkeep\n|\n|t:|1783569851\n|switch|p2a: Iron Valiant|Iron Valiant, L78|100/100\n|turn|4\n|inactive|Time left: 300 sec this turn | 300 sec total\n|\n|t:|1783569852\n|move|p2a: Iron Valiant|Moonblast|p1a: Kingdra\n|-supereffective|p1a: Kingdra\n|-damage|p1a: Kingdra|0 fnt\n|faint|p1a: Kingdra\n|-damage|p2a: Iron Valiant|91/100|[from] item: Life Orb\n|\n|upkeep\n|inactive|Time left: 300 sec this turn | 300 sec total | 5 sec grace\n|\n|t:|1783569853\n|switch|p1a: Espeon|Espeon, L84, M|246/246\n|turn|5\n|inactive|Time left: 300 sec this turn | 300 sec total\n|\n|t:|1783569854\n|-end|p2a: Iron Valiant|Quark Drive|[silent]\n|switch|p2a: Oinkologne|Oinkologne, L92, M|100/100\n|move|p1a: Espeon|Psychic|p2a: Oinkologne\n|-damage|p2a: Oinkologne|55/100\n|-damage|p1a: Espeon|222/246|[from] item: Life Orb\n|\n|-heal|p2a: Oinkologne|61/100|[from] item: Leftovers\n|upkeep\n|turn|6\n|inactive|Time left: 300 sec this turn | 300 sec total\n|\n|t:|1783569855\n|move|p1a: Espeon|Psychic|p2a: Oinkologne\n|-crit|p2a: Oinkologne\n|-damage|p2a: Oinkologne|0 fnt\n|faint|p2a: Oinkologne\n|-damage|p1a: Espeon|198/246|[from] item: Life Orb\n|\n|upkeep\n|\n|t:|1783569856\n|switch|p2a: Inteleon|Inteleon, L81, M|31/100\n|turn|7\n|inactive|Time left: 300 sec this turn | 300 sec total\n|\n|t:|1783569857\n|switch|p1a: Vaporeon|Vaporeon, L86, M|364/364\n|move|p2a: Inteleon|Scald|p1a: Vaporeon\n|-immune|p1a: Vaporeon|[from] ability: Water Absorb\n|\n|upkeep\n|turn|8\n|inactive|Time left: 300 sec this turn | 300 sec total\n|\n|t:|1783569858\n|move|p2a: Inteleon|Scald|p1a: Vaporeon\n|-immune|p1a: Vaporeon|[from] ability: Water Absorb\n|move|p1a: Vaporeon|Scald|p2a: Inteleon\n|-resisted|p2a: Inteleon\n|-damage|p2a: Inteleon|3/100\n|\n|upkeep\n|turn|9\n|inactive|Time left: 300 sec this turn | 300 sec total\n|\n|t:|1783569859\n|move|p2a: Inteleon|Scald|p1a: Vaporeon\n|-immune|p1a: Vaporeon|[from] ability: Water Absorb\n|move|p1a: Vaporeon|Scald|p2a: Inteleon\n|-resisted|p2a: Inteleon\n|-damage|p2a: Inteleon|0 fnt\n|faint|p2a: Inteleon\n|\n|upkeep\n|\n|t:|1783569860\n|switch|p2a: Empoleon|Empoleon, L84, F|100/100\n|turn|10\n|inactive|Time left: 300 sec this turn | 300 sec total\n|\n|t:|1783569861\n|move|p1a: Vaporeon|Calm Mind|p1a: Vaporeon\n|-boost|p1a: Vaporeon|spa|1\n|-boost|p1a: Vaporeon|spd|1\n|move|p2a: Empoleon|Surf|p1a: Vaporeon\n|-immune|p1a: Vaporeon|[from] ability: Water Absorb\n|\n|upkeep\n|turn|11\n|inactive|Time left: 300 sec this turn | 300 sec total\n|\n|t:|1783569862\n|move|p1a: Vaporeon|Calm Mind|p1a: Vaporeon\n|-boost|p1a: Vaporeon|spa|1\n|-boost|p1a: Vaporeon|spd|1\n|move|p2a: Empoleon|Yawn|p1a: Vaporeon\n|-start|p1a: Vaporeon|move: Yawn|[of] p2a: Empoleon\n|\n|upkeep\n|turn|12\n|inactive|Time left: 300 sec this turn | 300 sec total\n|\n|t:|1783569862\n|move|p1a: Vaporeon|Scald|p2a: Empoleon\n|-resisted|p2a: Empoleon\n|-damage|p2a: Empoleon|68/100\n|move|p2a: Empoleon|Roost|p2a: Empoleon\n|-heal|p2a: Empoleon|100/100\n|-singleturn|p2a: Empoleon|move: Roost\n|\n|-end|p1a: Vaporeon|move: Yawn|[silent]\n|-status|p1a: Vaporeon|slp\n|upkeep\n|turn|13\n|inactive|Time left: 300 sec this turn | 300 sec total\n|\n|t:|1783569864\n|switch|p2a: Iron Valiant|Iron Valiant, L78|91/100\n|cant|p1a: Vaporeon|slp\n|\n|upkeep\n|turn|14\n|inactive|Time left: 300 sec this turn | 300 sec total\n|\n|t:|1783569865\n|move|p2a: Iron Valiant|Calm Mind|p2a: Iron Valiant\n|-boost|p2a: Iron Valiant|spa|1\n|-boost|p2a: Iron Valiant|spd|1\n|cant|p1a: Vaporeon|slp\n|\n|upkeep\n|turn|15\n|inactive|Time left: 300 sec this turn | 300 sec total\n|\n|t:|1783569866\n|move|p2a: Iron Valiant|Calm Mind|p2a: Iron Valiant\n|-boost|p2a: Iron Valiant|spa|1\n|-boost|p2a: Iron Valiant|spd|1\n|-curestatus|p1a: Vaporeon|slp|[msg]\n|move|p1a: Vaporeon|Scald|p2a: Iron Valiant\n|-damage|p2a: Iron Valiant|33/100\n|\n|upkeep\n|turn|16\n|inactive|Time left: 300 sec this turn | 300 sec total\n|\n|t:|1783569867\n|-terastallize|p2a: Iron Valiant|Fighting\n|move|p2a: Iron Valiant|Close Combat|p1a: Vaporeon\n|-damage|p1a: Vaporeon|31/364\n|-unboost|p2a: Iron Valiant|def|1\n|-unboost|p2a: Iron Valiant|spd|1\n|-damage|p2a: Iron Valiant|23/100|[from] item: Life Orb\n|move|p1a: Vaporeon|Scald|p2a: Iron Valiant\n|-damage|p2a: Iron Valiant|0 fnt\n|faint|p2a: Iron Valiant\n|-end|p2a: Iron Valiant|Quark Drive|[silent]\n|\n|-heal|p1a: Vaporeon|53/364|[from] item: Leftovers\n|upkeep\n|\n|t:|1783569868\n|switch|p2a: Empoleon|Empoleon, L84, F|100/100\n|turn|17\n|inactive|Time left: 300 sec this turn | 300 sec total\n|\n|t:|1783569869\n|move|p1a: Vaporeon|Scald|p2a: Empoleon\n|-resisted|p2a: Empoleon\n|-damage|p2a: Empoleon|70/100\n|move|p2a: Empoleon|Yawn|p1a: Vaporeon\n|-start|p1a: Vaporeon|move: Yawn|[of] p2a: Empoleon\n|\n|-heal|p1a: Vaporeon|75/364|[from] item: Leftovers\n|-heal|p2a: Empoleon|76/100|[from] item: Leftovers\n|upkeep\n|turn|18\n|inactive|Time left: 300 sec this turn | 300 sec total\n|\n|t:|1783569870\n|move|p1a: Vaporeon|Wish|p1a: Vaporeon\n|move|p2a: Empoleon|Roost|p2a: Empoleon\n|-heal|p2a: Empoleon|100/100\n|-singleturn|p2a: Empoleon|move: Roost\n|\n|-heal|p1a: Vaporeon|97/364|[from] item: Leftovers\n|-end|p1a: Vaporeon|move: Yawn|[silent]\n|-status|p1a: Vaporeon|slp\n|upkeep\n|turn|19\n|inactive|Time left: 300 sec this turn | 300 sec total\n|\n|t:|1783569871\n|switch|p2a: Sableye|Sableye, L88, M|100/100\n|cant|p1a: Vaporeon|slp\n|\n|-heal|p1a: Vaporeon|279/364 slp|[from] move: Wish|[wisher] Vaporeon\n|-heal|p1a: Vaporeon|301/364 slp|[from] item: Leftovers\n|upkeep\n|turn|20\n|inactive|Time left: 300 sec this turn | 300 sec total\n|\n|t:|1783569871\n|cant|p1a: Vaporeon|slp\n|move|p2a: Sableye|Encore|p1a: Vaporeon\n|-start|p1a: Vaporeon|Encore\n|\n|-heal|p1a: Vaporeon|323/364 slp|[from] item: Leftovers\n|upkeep\n|turn|21\n|inactive|Time left: 300 sec this turn | 300 sec total\n|\n|t:|1783569872\n|-curestatus|p1a: Vaporeon|slp|[msg]\n|move|p1a: Vaporeon|Wish|p1a: Vaporeon\n|move|p2a: Sableye|Knock Off|p1a: Vaporeon\n|-damage|p1a: Vaporeon|214/364\n|-enditem|p1a: Vaporeon|Leftovers|[from] move: Knock Off|[of] p2a: Sableye\n|\n|upkeep\n|turn|22\n|inactive|Time left: 300 sec this turn | 300 sec total\n|\n|t:|1783569873\n|switch|p2a: Empoleon|Empoleon, L84, F|100/100\n|move|p1a: Vaporeon|Wish||[still]\n|-fail|p1a: Vaporeon\n|\n|-heal|p1a: Vaporeon|364/364|[from] move: Wish|[wisher] Vaporeon\n|upkeep\n|turn|23\n|inactive|Time left: 300 sec this turn | 300 sec total\n|\n|t:|1783569874\n|switch|p1a: Espeon|Espeon, L84, M|198/246\n|move|p2a: Empoleon|Yawn|p1a: Espeon\n|move|p1a: Espeon|Yawn|p2a: Empoleon|[from] ability: Magic Bounce\n|-start|p2a: Empoleon|move: Yawn|[of] p1a: Espeon\n|\n|upkeep\n|turn|24\n|inactive|Time left: 300 sec this turn | 300 sec total\n|\n|t:|1783569876\n|move|p1a: Espeon|Calm Mind|p1a: Espeon\n|-boost|p1a: Espeon|spa|1\n|-boost|p1a: Espeon|spd|1\n|move|p2a: Empoleon|Surf|p1a: Espeon\n|-damage|p1a: Espeon|125/246\n|\n|-end|p2a: Empoleon|move: Yawn|[silent]\n|-status|p2a: Empoleon|slp\n|upkeep\n|turn|25\n|inactive|Time left: 300 sec this turn | 300 sec total\n|\n|t:|1783569877\n|move|p1a: Espeon|Calm Mind|p1a: Espeon\n|-boost|p1a: Espeon|spa|1\n|-boost|p1a: Espeon|spd|1\n|cant|p2a: Empoleon|slp\n|\n|upkeep\n|turn|26\n|inactive|Time left: 300 sec this turn | 300 sec total\n|\n|t:|1783569878\n|move|p1a: Espeon|Morning Sun|p1a: Espeon\n|-heal|p1a: Espeon|246/246\n|-curestatus|p2a: Empoleon|slp|[msg]\n|move|p2a: Empoleon|Surf|p1a: Espeon\n|-damage|p1a: Espeon|192/246\n|\n|upkeep\n|turn|27\n|inactive|Time left: 300 sec this turn | 300 sec total\n|\n|t:|1783569879\n|move|p1a: Espeon|Calm Mind|p1a: Espeon\n|-boost|p1a: Espeon|spa|1\n|-boost|p1a: Espeon|spd|1\n|move|p2a: Empoleon|Ice Beam|p1a: Espeon\n|-damage|p1a: Espeon|164/246\n|\n|upkeep\n|turn|28\n|inactive|Time left: 300 sec this turn | 300 sec total\n|\n|t:|1783569880\n|move|p1a: Espeon|Psychic|p2a: Empoleon\n|-resisted|p2a: Empoleon\n|-damage|p2a: Empoleon|37/100\n|-damage|p1a: Espeon|140/246|[from] item: Life Orb\n|move|p2a: Empoleon|Roost|p2a: Empoleon\n|-heal|p2a: Empoleon|87/100\n|-singleturn|p2a: Empoleon|move: Roost\n|\n|-heal|p2a: Empoleon|93/100|[from] item: Leftovers\n|upkeep\n|turn|29\n|inactive|Time left: 300 sec this turn | 300 sec total\n|\n|t:|1783569881\n|move|p1a: Espeon|Calm Mind|p1a: Espeon\n|-boost|p1a: Espeon|spa|1\n|-boost|p1a: Espeon|spd|1\n|move|p2a: Empoleon|Roost|p2a: Empoleon\n|-heal|p2a: Empoleon|100/100\n|-singleturn|p2a: Empoleon|move: Roost\n|\n|upkeep\n|turn|30\n|inactive|Time left: 300 sec this turn | 300 sec total\n|\n|t:|1783569882\n|move|p1a: Espeon|Morning Sun|p1a: Espeon\n|-heal|p1a: Espeon|246/246\n|move|p2a: Empoleon|Roost||[still]\n|-fail|p2a: Empoleon|heal\n|\n|upkeep\n|turn|31\n|inactive|Time left: 300 sec this turn | 300 sec total\n|\n|t:|1783569883\n|move|p1a: Espeon|Psychic|p2a: Empoleon\n|-resisted|p2a: Empoleon\n|-damage|p2a: Empoleon|26/100\n|-damage|p1a: Espeon|222/246|[from] item: Life Orb\n|move|p2a: Empoleon|Roost|p2a: Empoleon\n|-heal|p2a: Empoleon|76/100\n|-singleturn|p2a: Empoleon|move: Roost\n|\n|-heal|p2a: Empoleon|82/100|[from] item: Leftovers\n|upkeep\n|turn|32\n|inactive|Time left: 300 sec this turn | 300 sec total\n|\n|t:|1783569884\n|move|p1a: Espeon|Psychic|p2a: Empoleon\n|-resisted|p2a: Empoleon\n|-damage|p2a: Empoleon|6/100\n|-damage|p1a: Espeon|198/246|[from] item: Life Orb\n|move|p2a: Empoleon|Roost|p2a: Empoleon\n|-heal|p2a: Empoleon|56/100\n|-singleturn|p2a: Empoleon|move: Roost\n|\n|-heal|p2a: Empoleon|62/100|[from] item: Leftovers\n|upkeep\n|turn|33\n|inactive|Time left: 300 sec this turn | 300 sec total\n|\n|t:|1783569885\n|switch|p2a: Sableye|Sableye, L88, M|100/100\n|-terastallize|p1a: Espeon|Fairy\n|move|p1a: Espeon|Alluring Voice|p2a: Sableye\n|-supereffective|p2a: Sableye\n|-damage|p2a: Sableye|0 fnt\n|faint|p2a: Sableye\n|-damage|p1a: Espeon|174/246|[from] item: Life Orb\n|\n|upkeep\n|\n|t:|1783569886\n|switch|p2a: Empoleon|Empoleon, L84, F|62/100\n|turn|34\n|inactive|Time left: 300 sec this turn | 300 sec total\n|\n|t:|1783569887\n|move|p1a: Espeon|Psychic|p2a: Empoleon\n|-resisted|p2a: Empoleon\n|-damage|p2a: Empoleon|0 fnt\n|faint|p2a: Empoleon\n|-damage|p1a: Espeon|150/246|[from] item: Life Orb\n|\n|win|p0x267467da", "uploadtime": 1783569887, "views": 0, "rating": 0, "private": 0, "password": null, "_winner": "p0x267467da", "_our_name": "p0x267467da"}