{"id": "battle-gen9randombattle-542", "formatid": "gen9randombattle", "format": "[Gen 9] Random Battle", "players": ["p0x54225f9", "p0y5423ada"], "log": "|init|battle\n|title|p0x54225f9 vs. p0y5423ada\n|j|\u2606p0x54225f9\n|j|\u2606p0y5423ada\n|t:|1783546075\n|gametype|singles\n|player|p1|p0x54225f9|170|\n|player|p2|p0y5423ada|265|\n|gen|9\n|tier|[Gen 9] Random Battle\n|rule|Species Clause: Limit one of each Pok\u00e9mon\n|rule|HP Percentage Mod: HP is shown in percentages\n|rule|Sleep Clause Mod: Limit one foe put to sleep\n|rule|Illusion Level Mod: Illusion disguises the Pok\u00e9mon's true level\n|\n|t:|1783546075\n|teamsize|p1|6\n|teamsize|p2|6\n|start\n|switch|p1a: Diancie|Diancie, L82|216/216\n|switch|p2a: Brambleghast|Brambleghast, L88, M|100/100\n|turn|1\n|inactive|Battle timer is ON: inactive players will automatically lose when time's up. (requested by p0x54225f9)\n|\n|t:|1783546077\n|move|p2a: Brambleghast|Power Whip|p1a: Diancie|[miss]\n|-miss|p2a: Brambleghast|p1a: Diancie\n|move|p1a: Diancie|Diamond Storm|p2a: Brambleghast\n|-damage|p2a: Brambleghast|52/100\n|-boost|p1a: Diancie|def|2\n|\n|-heal|p2a: Brambleghast|58/100|[from] item: Leftovers\n|upkeep\n|turn|2\n|inactive|Time left: 300 sec this turn | 300 sec total\n|inactive|p0y5423ada also wants the timer to be on.\n|\n|t:|1783546078\n|move|p2a: Brambleghast|Leech Seed|p1a: Diancie\n|-start|p1a: Diancie|move: Leech Seed\n|move|p1a: Diancie|Diamond Storm|p2a: Brambleghast\n|-damage|p2a: Brambleghast|14/100\n|-boost|p1a: Diancie|def|2\n|\n|-heal|p2a: Brambleghast|20/100|[from] item: Leftovers\n|-damage|p1a: Diancie|189/216|[from] Leech Seed|[of] p2a: Brambleghast\n|-heal|p2a: Brambleghast|31/100|[silent]\n|upkeep\n|turn|3\n|inactive|Time left: 300 sec this turn | 300 sec total\n|\n|t:|1783546079\n|move|p2a: Brambleghast|Substitute|p2a: Brambleghast\n|-start|p2a: Brambleghast|Substitute\n|-damage|p2a: Brambleghast|6/100\n|move|p1a: Diancie|Diamond Storm|p2a: Brambleghast\n|-end|p2a: Brambleghast|Substitute\n|\n|-heal|p2a: Brambleghast|13/100|[from] item: Leftovers\n|-heal|p1a: Diancie|202/216|[from] item: Leftovers\n|-damage|p1a: Diancie|175/216|[from] Leech Seed|[of] p2a: Brambleghast\n|-heal|p2a: Brambleghast|24/100|[silent]\n|upkeep\n|turn|4\n|inactive|Time left: 300 sec this turn | 300 sec total\n|\n|t:|1783546080\n|move|p2a: Brambleghast|Power Whip|p1a: Diancie\n|-supereffective|p1a: Diancie\n|-damage|p1a: Diancie|103/216\n|move|p1a: Diancie|Diamond Storm|p2a: Brambleghast\n|-damage|p2a: Brambleghast|0 fnt\n|faint|p2a: Brambleghast\n|\n|-heal|p1a: Diancie|116/216|[from] item: Leftovers\n|upkeep\n|\n|t:|1783546081\n|switch|p2a: Suicune|Suicune, L82|100/100\n|-ability|p2a: Suicune|Pressure\n|turn|5\n|inactive|Time left: 300 sec this turn | 300 sec total\n|\n|t:|1783546082\n|-terastallize|p1a: Diancie|Fighting\n|move|p2a: Suicune|Scald|p1a: Diancie\n|-damage|p1a: Diancie|62/216\n|-status|p1a: Diancie|brn\n|move|p1a: Diancie|Body Press|p2a: Suicune\n|-damage|p2a: Suicune|53/100\n|\n|-heal|p2a: Suicune|59/100|[from] item: Leftovers\n|-heal|p1a: Diancie|75/216 brn|[from] item: Leftovers\n|-damage|p1a: Diancie|48/216 brn|[from] Leech Seed|[of] p2a: Suicune\n|-heal|p2a: Suicune|68/100|[silent]\n|-damage|p1a: Diancie|35/216 brn|[from] brn\n|upkeep\n|turn|6\n|inactive|Time left: 300 sec this turn | 300 sec total\n|\n|t:|1783546083\n|move|p2a: Suicune|Scald|p1a: Diancie\n|-damage|p1a: Diancie|0 fnt\n|faint|p1a: Diancie\n|\n|-heal|p2a: Suicune|74/100|[from] item: Leftovers\n|upkeep\n|inactive|Time left: 300 sec this turn | 300 sec total | 5 sec grace\n|\n|t:|1783546084\n|switch|p1a: Sinistcha|Sinistcha, L83|254/254\n|turn|7\n|inactive|Time left: 300 sec this turn | 300 sec total\n|\n|t:|1783546085\n|move|p2a: Suicune|Calm Mind|p2a: Suicune\n|-boost|p2a: Suicune|spa|1\n|-boost|p2a: Suicune|spd|1\n|move|p1a: Sinistcha|Matcha Gotcha|p2a: Suicune\n|-supereffective|p2a: Suicune\n|-damage|p2a: Suicune|36/100\n|\n|-heal|p2a: Suicune|42/100|[from] item: Leftovers\n|upkeep\n|turn|8\n|inactive|Time left: 300 sec this turn | 300 sec total\n|\n|t:|1783546086\n|move|p2a: Suicune|Calm Mind|p2a: Suicune\n|-boost|p2a: Suicune|spa|1\n|-boost|p2a: Suicune|spd|1\n|move|p1a: Sinistcha|Calm Mind|p1a: Sinistcha\n|-boost|p1a: Sinistcha|spa|1\n|-boost|p1a: Sinistcha|spd|1\n|\n|-heal|p2a: Suicune|48/100|[from] item: Leftovers\n|upkeep\n|turn|9\n|inactive|Time left: 300 sec this turn | 300 sec total\n|\n|t:|1783546087\n|move|p2a: Suicune|Protect|p2a: Suicune\n|-singleturn|p2a: Suicune|Protect\n|move|p1a: Sinistcha|Matcha Gotcha|p2a: Suicune\n|-activate|p2a: Suicune|move: Protect\n|\n|-heal|p2a: Suicune|54/100|[from] item: Leftovers\n|upkeep\n|turn|10\n|inactive|Time left: 300 sec this turn | 300 sec total\n|\n|t:|1783546088\n|move|p2a: Suicune|Calm Mind|p2a: Suicune\n|-boost|p2a: Suicune|spa|1\n|-boost|p2a: Suicune|spd|1\n|move|p1a: Sinistcha|Matcha Gotcha|p2a: Suicune|[miss]\n|-miss|p1a: Sinistcha|p2a: Suicune\n|\n|-heal|p2a: Suicune|60/100|[from] item: Leftovers\n|upkeep\n|turn|11\n|inactive|Time left: 300 sec this turn | 300 sec total\n|\n|t:|1783546089\n|move|p2a: Suicune|Substitute|p2a: Suicune\n|-start|p2a: Suicune|Substitute\n|-damage|p2a: Suicune|35/100\n|move|p1a: Sinistcha|Calm Mind|p1a: Sinistcha\n|-boost|p1a: Sinistcha|spa|1\n|-boost|p1a: Sinistcha|spd|1\n|\n|-heal|p2a: Suicune|41/100|[from] item: Leftovers\n|upkeep\n|turn|12\n|inactive|Time left: 300 sec this turn | 300 sec total\n|\n|t:|1783546090\n|move|p2a: Suicune|Protect|p2a: Suicune\n|-singleturn|p2a: Suicune|Protect\n|move|p1a: Sinistcha|Matcha Gotcha|p2a: Suicune\n|-activate|p2a: Suicune|move: Protect\n|\n|-heal|p2a: Suicune|47/100|[from] item: Leftovers\n|upkeep\n|turn|13\n|inactive|Time left: 300 sec this turn | 300 sec total\n|\n|t:|1783546090\n|move|p2a: Suicune|Calm Mind|p2a: Suicune\n|-boost|p2a: Suicune|spa|1\n|-boost|p2a: Suicune|spd|1\n|move|p1a: Sinistcha|Matcha Gotcha|p2a: Suicune\n|-supereffective|p2a: Suicune\n|-end|p2a: Suicune|Substitute\n|\n|-heal|p2a: Suicune|54/100|[from] item: Leftovers\n|upkeep\n|turn|14\n|inactive|Time left: 300 sec this turn | 300 sec total\n|\n|t:|1783546091\n|move|p2a: Suicune|Substitute|p2a: Suicune\n|-start|p2a: Suicune|Substitute\n|-damage|p2a: Suicune|29/100\n|move|p1a: Sinistcha|Matcha Gotcha|p2a: Suicune\n|-supereffective|p2a: Suicune\n|-end|p2a: Suicune|Substitute\n|\n|-heal|p2a: Suicune|35/100|[from] item: Leftovers\n|upkeep\n|turn|15\n|inactive|Time left: 300 sec this turn | 300 sec total\n|\n|t:|1783546092\n|move|p2a: Suicune|Protect|p2a: Suicune\n|-singleturn|p2a: Suicune|Protect\n|move|p1a: Sinistcha|Matcha Gotcha|p2a: Suicune\n|-activate|p2a: Suicune|move: Protect\n|\n|-heal|p2a: Suicune|41/100|[from] item: Leftovers\n|upkeep\n|turn|16\n|inactive|Time left: 300 sec this turn | 300 sec total\n|\n|t:|1783546093\n|move|p2a: Suicune|Substitute|p2a: Suicune\n|-start|p2a: Suicune|Substitute\n|-damage|p2a: Suicune|16/100\n|move|p1a: Sinistcha|Matcha Gotcha|p2a: Suicune|[miss]\n|-miss|p1a: Sinistcha|p2a: Suicune\n|\n|-heal|p2a: Suicune|22/100|[from] item: Leftovers\n|upkeep\n|turn|17\n|inactive|Time left: 300 sec this turn | 300 sec total\n|\n|t:|1783546094\n|move|p2a: Suicune|Protect|p2a: Suicune\n|-singleturn|p2a: Suicune|Protect\n|move|p1a: Sinistcha|Matcha Gotcha|p2a: Suicune\n|-activate|p2a: Suicune|move: Protect\n|\n|-heal|p2a: Suicune|28/100|[from] item: Leftovers\n|upkeep\n|turn|18\n|inactive|Time left: 300 sec this turn | 300 sec total\n|\n|t:|1783546095\n|move|p2a: Suicune|Calm Mind|p2a: Suicune\n|-boost|p2a: Suicune|spa|1\n|-boost|p2a: Suicune|spd|1\n|move|p1a: Sinistcha|Matcha Gotcha|p2a: Suicune\n|-supereffective|p2a: Suicune\n|-end|p2a: Suicune|Substitute\n|\n|-heal|p2a: Suicune|34/100|[from] item: Leftovers\n|upkeep\n|turn|19\n|inactive|Time left: 300 sec this turn | 300 sec total\n|\n|t:|1783546096\n|move|p2a: Suicune|Protect|p2a: Suicune\n|-singleturn|p2a: Suicune|Protect\n|move|p1a: Sinistcha|Matcha Gotcha|p2a: Suicune\n|-activate|p2a: Suicune|move: Protect\n|\n|-heal|p2a: Suicune|40/100|[from] item: Leftovers\n|upkeep\n|turn|20\n|inactive|Time left: 300 sec this turn | 300 sec total\n|\n|t:|1783546097\n|move|p2a: Suicune|Substitute|p2a: Suicune\n|-start|p2a: Suicune|Substitute\n|-damage|p2a: Suicune|15/100\n|move|p1a: Sinistcha|Matcha Gotcha|p2a: Suicune|[miss]\n|-miss|p1a: Sinistcha|p2a: Suicune\n|\n|-heal|p2a: Suicune|21/100|[from] item: Leftovers\n|upkeep\n|turn|21\n|inactive|Time left: 300 sec this turn | 300 sec total\n|\n|t:|1783546098\n|move|p2a: Suicune|Scald|p1a: Sinistcha\n|-resisted|p1a: Sinistcha\n|-damage|p1a: Sinistcha|188/254\n|-status|p1a: Sinistcha|brn\n|move|p1a: Sinistcha|Calm Mind|p1a: Sinistcha\n|-boost|p1a: Sinistcha|spa|1\n|-boost|p1a: Sinistcha|spd|1\n|\n|-heal|p2a: Suicune|27/100|[from] item: Leftovers\n|-heal|p1a: Sinistcha|203/254 brn|[from] item: Leftovers\n|-damage|p1a: Sinistcha|196/254 brn|[from] brn\n|upkeep\n|turn|22\n|inactive|Time left: 300 sec this turn | 300 sec total\n|\n|t:|1783546099\n|move|p2a: Suicune|Scald|p1a: Sinistcha\n|-resisted|p1a: Sinistcha\n|-damage|p1a: Sinistcha|142/254 brn\n|move|p1a: Sinistcha|Strength Sap||[still]\n|-fail|p1a: Sinistcha\n|\n|-heal|p2a: Suicune|33/100|[from] item: Leftovers\n|-heal|p1a: Sinistcha|157/254 brn|[from] item: Leftovers\n|-damage|p1a: Sinistcha|150/254 brn|[from] brn\n|upkeep\n|turn|23\n|inactive|Time left: 300 sec this turn | 300 sec total\n|\n|t:|1783546100\n|move|p2a: Suicune|Protect|p2a: Suicune\n|-singleturn|p2a: Suicune|Protect\n|move|p1a: Sinistcha|Strength Sap|p2a: Suicune\n|-activate|p2a: Suicune|move: Protect\n|\n|-heal|p2a: Suicune|39/100|[from] item: Leftovers\n|-heal|p1a: Sinistcha|165/254 brn|[from] item: Leftovers\n|-damage|p1a: Sinistcha|158/254 brn|[from] brn\n|upkeep\n|turn|24\n|inactive|Time left: 300 sec this turn | 300 sec total\n|\n|t:|1783546101\n|move|p2a: Suicune|Scald|p1a: Sinistcha\n|-resisted|p1a: Sinistcha\n|-damage|p1a: Sinistcha|104/254 brn\n|move|p1a: Sinistcha|Strength Sap||[still]\n|-fail|p1a: Sinistcha\n|\n|-heal|p2a: Suicune|45/100|[from] item: Leftovers\n|-heal|p1a: Sinistcha|119/254 brn|[from] item: Leftovers\n|-damage|p1a: Sinistcha|112/254 brn|[from] brn\n|upkeep\n|turn|25\n|inactive|Time left: 300 sec this turn | 300 sec total\n|\n|t:|1783546101\n|move|p2a: Suicune|Scald|p1a: Sinistcha\n|-resisted|p1a: Sinistcha\n|-damage|p1a: Sinistcha|58/254 brn\n|move|p1a: Sinistcha|Strength Sap||[still]\n|-fail|p1a: Sinistcha\n|\n|-heal|p2a: Suicune|52/100|[from] item: Leftovers\n|-heal|p1a: Sinistcha|73/254 brn|[from] item: Leftovers\n|-damage|p1a: Sinistcha|66/254 brn|[from] brn\n|upkeep\n|turn|26\n|inactive|Time left: 300 sec this turn | 300 sec total\n|\n|t:|1783546102\n|move|p2a: Suicune|Protect|p2a: Suicune\n|-singleturn|p2a: Suicune|Protect\n|move|p1a: Sinistcha|Strength Sap|p2a: Suicune\n|-activate|p2a: Suicune|move: Protect\n|\n|-heal|p2a: Suicune|58/100|[from] item: Leftovers\n|-heal|p1a: Sinistcha|81/254 brn|[from] item: Leftovers\n|-damage|p1a: Sinistcha|74/254 brn|[from] brn\n|upkeep\n|turn|27\n|inactive|Time left: 300 sec this turn | 300 sec total\n|\n|t:|1783546103\n|move|p2a: Suicune|Scald|p1a: Sinistcha\n|-resisted|p1a: Sinistcha\n|-damage|p1a: Sinistcha|20/254 brn\n|move|p1a: Sinistcha|Strength Sap||[still]\n|-fail|p1a: Sinistcha\n|\n|-heal|p2a: Suicune|64/100|[from] item: Leftovers\n|-heal|p1a: Sinistcha|35/254 brn|[from] item: Leftovers\n|-damage|p1a: Sinistcha|28/254 brn|[from] brn\n|upkeep\n|turn|28\n|inactive|Time left: 300 sec this turn | 300 sec total\n|\n|t:|1783546104\n|switch|p1a: Dipplin|Dipplin, L88, M|284/284\n|move|p2a: Suicune|Scald|p1a: Dipplin\n|-resisted|p1a: Dipplin\n|-damage|p1a: Dipplin|239/284\n|-status|p1a: Dipplin|brn\n|\n|-heal|p2a: Suicune|70/100|[from] item: Leftovers\n|-damage|p1a: Dipplin|222/284 brn|[from] brn\n|upkeep\n|turn|29\n|inactive|Time left: 300 sec this turn | 300 sec total\n|\n|t:|1783546105\n|move|p2a: Suicune|Scald|p1a: Dipplin\n|-resisted|p1a: Dipplin\n|-damage|p1a: Dipplin|181/284 brn\n|move|p1a: Dipplin|Recover|p1a: Dipplin\n|-heal|p1a: Dipplin|284/284 brn\n|\n|-heal|p2a: Suicune|76/100|[from] item: Leftovers\n|-damage|p1a: Dipplin|267/284 brn|[from] brn\n|upkeep\n|turn|30\n|inactive|Time left: 300 sec this turn | 300 sec total\n|\n|t:|1783546106\n|move|p2a: Suicune|Scald|p1a: Dipplin\n|-resisted|p1a: Dipplin\n|-damage|p1a: Dipplin|226/284 brn\n|move|p1a: Dipplin|Giga Drain|p2a: Suicune\n|-supereffective|p2a: Suicune\n|-activate|p2a: Suicune|move: Substitute|[damage]\n|-heal|p1a: Dipplin|248/284 brn|[from] drain|[of] p2a: Suicune\n|\n|-heal|p2a: Suicune|82/100|[from] item: Leftovers\n|-damage|p1a: Dipplin|231/284 brn|[from] brn\n|upkeep\n|turn|31\n|inactive|Time left: 300 sec this turn | 300 sec total\n|\n|t:|1783546107\n|move|p2a: Suicune|Scald|p1a: Dipplin\n|-resisted|p1a: Dipplin\n|-damage|p1a: Dipplin|189/284 brn\n|move|p1a: Dipplin|Recover|p1a: Dipplin\n|-heal|p1a: Dipplin|284/284 brn\n|\n|-heal|p2a: Suicune|88/100|[from] item: Leftovers\n|-damage|p1a: Dipplin|267/284 brn|[from] brn\n|upkeep\n|turn|32\n|inactive|Time left: 300 sec this turn | 300 sec total\n|\n|t:|1783546108\n|move|p2a: Suicune|Scald|p1a: Dipplin\n|-resisted|p1a: Dipplin\n|-damage|p1a: Dipplin|221/284 brn\n|move|p1a: Dipplin|Giga Drain|p2a: Suicune\n|-supereffective|p2a: Suicune\n|-end|p2a: Suicune|Substitute\n|-heal|p1a: Dipplin|236/284 brn|[from] drain|[of] p2a: Suicune\n|\n|-heal|p2a: Suicune|94/100|[from] item: Leftovers\n|-damage|p1a: Dipplin|219/284 brn|[from] brn\n|upkeep\n|turn|33\n|inactive|Time left: 300 sec this turn | 300 sec total\n|\n|t:|1783546108\n|move|p2a: Suicune|Substitute|p2a: Suicune\n|-start|p2a: Suicune|Substitute\n|-damage|p2a: Suicune|69/100\n|move|p1a: Dipplin|Recover|p1a: Dipplin\n|-heal|p1a: Dipplin|284/284 brn\n|\n|-heal|p2a: Suicune|75/100|[from] item: Leftovers\n|-damage|p1a: Dipplin|267/284 brn|[from] brn\n|upkeep\n|turn|34\n|inactive|Time left: 300 sec this turn | 300 sec total\n|\n|t:|1783546110\n|move|p2a: Suicune|Scald|p1a: Dipplin\n|-resisted|p1a: Dipplin\n|-damage|p1a: Dipplin|222/284 brn\n|move|p1a: Dipplin|Recover|p1a: Dipplin\n|-heal|p1a: Dipplin|284/284 brn\n|\n|-heal|p2a: Suicune|81/100|[from] item: Leftovers\n|-damage|p1a: Dipplin|267/284 brn|[from] brn\n|upkeep\n|turn|35\n|inactive|Time left: 300 sec this turn | 300 sec total\n|\n|t:|1783546111\n|move|p2a: Suicune|Scald|p1a: Dipplin\n|-resisted|p1a: Dipplin\n|-damage|p1a: Dipplin|225/284 brn\n|move|p1a: Dipplin|Giga Drain|p2a: Suicune\n|-supereffective|p2a: Suicune\n|-activate|p2a: Suicune|move: Substitute|[damage]\n|-heal|p1a: Dipplin|247/284 brn|[from] drain|[of] p2a: Suicune\n|\n|-heal|p2a: Suicune|87/100|[from] item: Leftovers\n|-damage|p1a: Dipplin|230/284 brn|[from] brn\n|upkeep\n|turn|36\n|inactive|Time left: 300 sec this turn | 300 sec total\n|\n|t:|1783546112\n|move|p2a: Suicune|Scald|p1a: Dipplin\n|-resisted|p1a: Dipplin\n|-damage|p1a: Dipplin|189/284 brn\n|move|p1a: Dipplin|Recover|p1a: Dipplin\n|-heal|p1a: Dipplin|284/284 brn\n|\n|-heal|p2a: Suicune|93/100|[from] item: Leftovers\n|-damage|p1a: Dipplin|267/284 brn|[from] brn\n|upkeep\n|turn|37\n|inactive|Time left: 300 sec this turn | 300 sec total\n|\n|t:|1783546113\n|move|p2a: Suicune|Scald|p1a: Dipplin\n|-resisted|p1a: Dipplin\n|-damage|p1a: Dipplin|219/284 brn\n|move|p1a: Dipplin|Giga Drain|p2a: Suicune\n|-supereffective|p2a: Suicune\n|-end|p2a: Suicune|Substitute\n|-heal|p1a: Dipplin|234/284 brn|[from] drain|[of] p2a: Suicune\n|\n|-heal|p2a: Suicune|99/100|[from] item: Leftovers\n|-damage|p1a: Dipplin|217/284 brn|[from] brn\n|upkeep\n|turn|38\n|inactive|Time left: 300 sec this turn | 300 sec total\n|\n|t:|1783546114\n|move|p2a: Suicune|Substitute|p2a: Suicune\n|-start|p2a: Suicune|Substitute\n|-damage|p2a: Suicune|74/100\n|move|p1a: Dipplin|Recover|p1a: Dipplin\n|-heal|p1a: Dipplin|284/284 brn\n|\n|-heal|p2a: Suicune|80/100|[from] item: Leftovers\n|-damage|p1a: Dipplin|267/284 brn|[from] brn\n|upkeep\n|turn|39\n|inactive|Time left: 300 sec this turn | 300 sec total\n|\n|t:|1783546115\n|move|p2a: Suicune|Scald|p1a: Dipplin\n|-resisted|p1a: Dipplin\n|-damage|p1a: Dipplin|226/284 brn\n|move|p1a: Dipplin|Giga Drain|p2a: Suicune\n|-supereffective|p2a: Suicune\n|-activate|p2a: Suicune|move: Substitute|[damage]\n|-heal|p1a: Dipplin|247/284 brn|[from] drain|[of] p2a: Suicune\n|\n|-heal|p2a: Suicune|86/100|[from] item: Leftovers\n|-damage|p1a: Dipplin|230/284 brn|[from] brn\n|upkeep\n|turn|40\n|inactive|Time left: 300 sec this turn | 300 sec total\n|\n|t:|1783546116\n|move|p2a: Suicune|Scald|p1a: Dipplin\n|-resisted|p1a: Dipplin\n|-damage|p1a: Dipplin|182/284 brn\n|move|p1a: Dipplin|Recover|p1a: Dipplin\n|-heal|p1a: Dipplin|284/284 brn\n|\n|-heal|p2a: Suicune|92/100|[from] item: Leftovers\n|-damage|p1a: Dipplin|267/284 brn|[from] brn\n|upkeep\n|turn|41\n|inactive|Time left: 300 sec this turn | 300 sec total\n|\n|t:|1783546117\n|move|p2a: Suicune|Scald|p1a: Dipplin\n|-resisted|p1a: Dipplin\n|-damage|p1a: Dipplin|224/284 brn\n|move|p1a: Dipplin|Giga Drain|p2a: Suicune\n|-supereffective|p2a: Suicune\n|-crit|p2a: Suicune\n|-end|p2a: Suicune|Substitute\n|-heal|p1a: Dipplin|240/284 brn|[from] drain|[of] p2a: Suicune\n|\n|-heal|p2a: Suicune|98/100|[from] item: Leftovers\n|-damage|p1a: Dipplin|223/284 brn|[from] brn\n|upkeep\n|turn|42\n|inactive|Time left: 300 sec this turn | 300 sec total\n|\n|t:|1783546118\n|move|p2a: Suicune|Substitute|p2a: Suicune\n|-start|p2a: Suicune|Substitute\n|-damage|p2a: Suicune|74/100\n|move|p1a: Dipplin|Recover|p1a: Dipplin\n|-heal|p1a: Dipplin|284/284 brn\n|\n|-heal|p2a: Suicune|80/100|[from] item: Leftovers\n|-damage|p1a: Dipplin|267/284 brn|[from] brn\n|upkeep\n|turn|43\n|inactive|Time left: 300 sec this turn | 300 sec total\n|\n|t:|1783546119\n|move|p2a: Suicune|Scald|p1a: Dipplin\n|-resisted|p1a: Dipplin\n|-damage|p1a: Dipplin|220/284 brn\n|move|p1a: Dipplin|Giga Drain|p2a: Suicune\n|-supereffective|p2a: Suicune\n|-activate|p2a: Suicune|move: Substitute|[damage]\n|-heal|p1a: Dipplin|244/284 brn|[from] drain|[of] p2a: Suicune\n|\n|-heal|p2a: Suicune|86/100|[from] item: Leftovers\n|-damage|p1a: Dipplin|227/284 brn|[from] brn\n|upkeep\n|turn|44\n|inactive|Time left: 300 sec this turn | 300 sec total\n|\n|t:|1783546120\n|move|p2a: Suicune|Scald|p1a: Dipplin\n|-resisted|p1a: Dipplin\n|-damage|p1a: Dipplin|184/284 brn\n|move|p1a: Dipplin|Giga Drain|p2a: Suicune\n|-supereffective|p2a: Suicune\n|-end|p2a: Suicune|Substitute\n|-heal|p1a: Dipplin|197/284 brn|[from] drain|[of] p2a: Suicune\n|\n|-heal|p2a: Suicune|92/100|[from] item: Leftovers\n|-damage|p1a: Dipplin|180/284 brn|[from] brn\n|upkeep\n|turn|45\n|inactive|Time left: 300 sec this turn | 300 sec total\n|\n|t:|1783546121\n|move|p1a: Dipplin|Sucker Punch||[still]\n|-fail|p1a: Dipplin\n|move|p2a: Suicune|Substitute|p2a: Suicune\n|-start|p2a: Suicune|Substitute\n|-damage|p2a: Suicune|67/100\n|\n|-heal|p2a: Suicune|73/100|[from] item: Leftovers\n|-damage|p1a: Dipplin|163/284 brn|[from] brn\n|upkeep\n|turn|46\n|inactive|Time left: 300 sec this turn | 300 sec total\n|\n|t:|1783546122\n|move|p1a: Dipplin|Sucker Punch|p2a: Suicune\n|-activate|p2a: Suicune|move: Substitute|[damage]\n|move|p2a: Suicune|Scald|p1a: Dipplin\n|-resisted|p1a: Dipplin\n|-damage|p1a: Dipplin|120/284 brn\n|\n|-heal|p2a: Suicune|79/100|[from] item: Leftovers\n|-damage|p1a: Dipplin|103/284 brn|[from] brn\n|upkeep\n|turn|47\n|inactive|Time left: 300 sec this turn | 300 sec total\n|\n|t:|1783546123\n|move|p2a: Suicune|Scald|p1a: Dipplin\n|-resisted|p1a: Dipplin\n|-damage|p1a: Dipplin|60/284 brn\n|move|p1a: Dipplin|Dragon Pulse|p2a: Suicune\n|-activate|p2a: Suicune|move: Substitute|[damage]\n|\n|-heal|p2a: Suicune|85/100|[from] item: Leftovers\n|-damage|p1a: Dipplin|43/284 brn|[from] brn\n|upkeep\n|turn|48\n|inactive|Time left: 300 sec this turn | 300 sec total\n|\n|t:|1783546124\n|switch|p1a: Sinistcha|Sinistcha, L83|28/254 brn\n|move|p2a: Suicune|Scald|p1a: Sinistcha\n|-resisted|p1a: Sinistcha\n|-damage|p1a: Sinistcha|0 fnt\n|faint|p1a: Sinistcha\n|\n|-heal|p2a: Suicune|91/100|[from] item: Leftovers\n|upkeep\n|inactive|Time left: 300 sec this turn | 300 sec total | 5 sec grace\n|\n|t:|1783546125\n|switch|p1a: Beartic|Beartic, L91, M|321/321\n|turn|49\n|inactive|Time left: 300 sec this turn | 300 sec total\n|\n|t:|1783546126\n|move|p2a: Suicune|Protect|p2a: Suicune\n|-singleturn|p2a: Suicune|Protect\n|move|p1a: Beartic|Close Combat|p2a: Suicune\n|-activate|p2a: Suicune|move: Protect\n|\n|-heal|p2a: Suicune|97/100|[from] item: Leftovers\n|upkeep\n|turn|50\n|inactive|Time left: 300 sec this turn | 300 sec total\n|\n|t:|1783546127\n|move|p2a: Suicune|Calm Mind|p2a: Suicune\n|-boost|p2a: Suicune|spa|1\n|-boost|p2a: Suicune|spd|1\n|move|p1a: Beartic|Close Combat|p2a: Suicune\n|-end|p2a: Suicune|Substitute\n|-unboost|p1a: Beartic|def|1\n|-unboost|p1a: Beartic|spd|1\n|\n|-heal|p2a: Suicune|100/100|[from] item: Leftovers\n|upkeep\n|turn|51\n|inactive|Time left: 300 sec this turn | 300 sec total\n|\n|t:|1783546128\n|move|p2a: Suicune|Protect|p2a: Suicune\n|-singleturn|p2a: Suicune|Protect\n|move|p1a: Beartic|Close Combat|p2a: Suicune\n|-activate|p2a: Suicune|move: Protect\n|\n|upkeep\n|turn|52\n|inactive|Time left: 300 sec this turn | 300 sec total\n|\n|t:|1783546128\n|move|p2a: Suicune|Substitute|p2a: Suicune\n|-start|p2a: Suicune|Substitute\n|-damage|p2a: Suicune|76/100\n|move|p1a: Beartic|Close Combat|p2a: Suicune\n|-end|p2a: Suicune|Substitute\n|-unboost|p1a: Beartic|def|1\n|-unboost|p1a: Beartic|spd|1\n|\n|-heal|p2a: Suicune|82/100|[from] item: Leftovers\n|upkeep\n|turn|53\n|inactive|Time left: 300 sec this turn | 300 sec total\n|\n|t:|1783546129\n|move|p2a: Suicune|Calm Mind|p2a: Suicune\n|-boost|p2a: Suicune|spa|0\n|-boost|p2a: Suicune|spd|0\n|-activate|p1a: Beartic|move: Struggle\n|move|p1a: Beartic|Struggle|p2a: Suicune\n|-damage|p2a: Suicune|61/100\n|-damage|p1a: Beartic|241/321|[from] recoil\n|\n|-heal|p2a: Suicune|67/100|[from] item: Leftovers\n|upkeep\n|turn|54\n|inactive|Time left: 300 sec this turn | 300 sec total\n|\n|t:|1783546131\n|move|p2a: Suicune|Substitute|p2a: Suicune\n|-start|p2a: Suicune|Substitute\n|-damage|p2a: Suicune|42/100\n|-activate|p1a: Beartic|move: Struggle\n|move|p1a: Beartic|Struggle|p2a: Suicune\n|-crit|p2a: Suicune\n|-end|p2a: Suicune|Substitute\n|-damage|p1a: Beartic|161/321|[from] recoil\n|\n|-heal|p2a: Suicune|48/100|[from] item: Leftovers\n|upkeep\n|turn|55\n|inactive|Time left: 300 sec this turn | 300 sec total\n|\n|t:|1783546131\n|move|p2a: Suicune|Protect|p2a: Suicune\n|-singleturn|p2a: Suicune|Protect\n|-activate|p1a: Beartic|move: Struggle\n|move|p1a: Beartic|Struggle|p2a: Suicune\n|-activate|p2a: Suicune|move: Protect\n|\n|-heal|p2a: Suicune|55/100|[from] item: Leftovers\n|upkeep\n|turn|56\n|inactive|Time left: 300 sec this turn | 300 sec total\n|\n|t:|1783546132\n|move|p2a: Suicune|Substitute|p2a: Suicune\n|-start|p2a: Suicune|Substitute\n|-damage|p2a: Suicune|30/100\n|-activate|p1a: Beartic|move: Struggle\n|move|p1a: Beartic|Struggle|p2a: Suicune\n|-activate|p2a: Suicune|move: Substitute|[damage]\n|-damage|p1a: Beartic|81/321|[from] recoil\n|\n|-heal|p2a: Suicune|36/100|[from] item: Leftovers\n|upkeep\n|turn|57\n|inactive|Time left: 300 sec this turn | 300 sec total\n|\n|t:|1783546133\n|move|p2a: Suicune|Calm Mind|p2a: Suicune\n|-boost|p2a: Suicune|spa|0\n|-boost|p2a: Suicune|spd|0\n|-activate|p1a: Beartic|move: Struggle\n|move|p1a: Beartic|Struggle|p2a: Suicune\n|-end|p2a: Suicune|Substitute\n|-damage|p1a: Beartic|1/321|[from] recoil\n|\n|-heal|p2a: Suicune|42/100|[from] item: Leftovers\n|upkeep\n|turn|58\n|inactive|Time left: 300 sec this turn | 300 sec total\n|\n|t:|1783546134\n|move|p2a: Suicune|Protect|p2a: Suicune\n|-singleturn|p2a: Suicune|Protect\n|-activate|p1a: Beartic|move: Struggle\n|move|p1a: Beartic|Struggle|p2a: Suicune\n|-activate|p2a: Suicune|move: Protect\n|\n|-heal|p2a: Suicune|48/100|[from] item: Leftovers\n|upkeep\n|turn|59\n|inactive|Time left: 300 sec this turn | 300 sec total\n|\n|t:|1783546135\n|move|p2a: Suicune|Substitute|p2a: Suicune\n|-start|p2a: Suicune|Substitute\n|-damage|p2a: Suicune|23/100\n|-activate|p1a: Beartic|move: Struggle\n|move|p1a: Beartic|Struggle|p2a: Suicune\n|-activate|p2a: Suicune|move: Substitute|[damage]\n|-damage|p1a: Beartic|0 fnt|[from] recoil\n|faint|p1a: Beartic\n|\n|-heal|p2a: Suicune|29/100|[from] item: Leftovers\n|upkeep\n|inactive|Time left: 300 sec this turn | 300 sec total | 5 sec grace\n|\n|t:|1783546136\n|switch|p1a: Cetitan|Cetitan, L82, F|412/412\n|turn|60\n|inactive|Time left: 300 sec this turn | 300 sec total\n|\n|t:|1783546137\n|move|p2a: Suicune|Protect|p2a: Suicune\n|-singleturn|p2a: Suicune|Protect\n|move|p1a: Cetitan|Belly Drum|p1a: Cetitan\n|-damage|p1a: Cetitan|206/412\n|-setboost|p1a: Cetitan|atk|6|[from] move: Belly Drum\n|-enditem|p1a: Cetitan|Sitrus Berry|[eat]\n|-heal|p1a: Cetitan|309/412|[from] item: Sitrus Berry\n|\n|-heal|p2a: Suicune|35/100|[from] item: Leftovers\n|upkeep\n|turn|61\n|inactive|Time left: 300 sec this turn | 300 sec total\n|\n|t:|1783546138\n|move|p2a: Suicune|Protect|p2a: Suicune\n|-singleturn|p2a: Suicune|Protect\n|move|p1a: Cetitan|Ice Spinner|p2a: Suicune\n|-activate|p2a: Suicune|move: Protect\n|\n|-heal|p2a: Suicune|41/100|[from] item: Leftovers\n|upkeep\n|turn|62\n|inactive|Time left: 300 sec this turn | 300 sec total\n|\n|t:|1783546139\n|move|p2a: Suicune|Protect||[still]\n|-fail|p2a: Suicune\n|move|p1a: Cetitan|Ice Spinner|p2a: Suicune\n|-resisted|p2a: Suicune\n|-end|p2a: Suicune|Substitute\n|\n|-heal|p2a: Suicune|47/100|[from] item: Leftovers\n|upkeep\n|turn|63\n|inactive|Time left: 300 sec this turn | 300 sec total\n|\n|t:|1783546140\n|move|p2a: Suicune|Substitute|p2a: Suicune\n|-start|p2a: Suicune|Substitute\n|-damage|p2a: Suicune|22/100\n|move|p1a: Cetitan|Earthquake|p2a: Suicune\n|-end|p2a: Suicune|Substitute\n|\n|-heal|p2a: Suicune|28/100|[from] item: Leftovers\n|upkeep\n|turn|64\n|inactive|Time left: 300 sec this turn | 300 sec total\n|\n|t:|1783546141\n|move|p2a: Suicune|Protect|p2a: Suicune\n|-singleturn|p2a: Suicune|Protect\n|move|p1a: Cetitan|Ice Spinner|p2a: Suicune\n|-activate|p2a: Suicune|move: Protect\n|\n|-heal|p2a: Suicune|34/100|[from] item: Leftovers\n|upkeep\n|turn|65\n|inactive|Time left: 300 sec this turn | 300 sec total\n|\n|t:|1783546141\n|move|p2a: Suicune|Protect||[still]\n|-fail|p2a: Suicune\n|move|p1a: Cetitan|Earthquake|p2a: Suicune\n|-damage|p2a: Suicune|0 fnt\n|faint|p2a: Suicune\n|\n|upkeep\n|\n|t:|1783546142\n|switch|p2a: Probopass|Probopass, L91, F|100/100\n|turn|66\n|inactive|Time left: 300 sec this turn | 300 sec total\n|\n|t:|1783546143\n|-terastallize|p2a: Probopass|Fighting\n|move|p1a: Cetitan|Earthquake|p2a: Probopass\n|-damage|p2a: Probopass|26/100\n|move|p2a: Probopass|Body Press|p1a: Cetitan\n|-supereffective|p1a: Cetitan\n|-damage|p1a: Cetitan|0 fnt\n|faint|p1a: Cetitan\n|\n|-heal|p2a: Probopass|32/100|[from] item: Leftovers\n|upkeep\n|inactive|Time left: 300 sec this turn | 300 sec total | 5 sec grace\n|\n|t:|1783546144\n|switch|p1a: Drifblim|Drifblim, L86, M|396/396\n|turn|67\n|inactive|Time left: 300 sec this turn | 300 sec total\n|\n|t:|1783546145\n|switch|p2a: Ting-Lu|Ting-Lu, L78|100/100\n|-ability|p2a: Ting-Lu|Vessel of Ruin\n|move|p1a: Drifblim|Air Slash|p2a: Ting-Lu\n|-damage|p2a: Ting-Lu|81/100\n|\n|-heal|p2a: Ting-Lu|87/100|[from] item: Leftovers\n|upkeep\n|turn|68\n|inactive|Time left: 300 sec this turn | 300 sec total\n|\n|t:|1783546146\n|move|p1a: Drifblim|Calm Mind|p1a: Drifblim\n|-boost|p1a: Drifblim|spa|1\n|-boost|p1a: Drifblim|spd|1\n|move|p2a: Ting-Lu|Payback|p1a: Drifblim\n|-supereffective|p1a: Drifblim\n|-damage|p1a: Drifblim|102/396\n|-enditem|p1a: Drifblim|Sitrus Berry|[eat]\n|-heal|p1a: Drifblim|201/396|[from] item: Sitrus Berry\n|\n|-heal|p2a: Ting-Lu|93/100|[from] item: Leftovers\n|upkeep\n|turn|69\n|inactive|Time left: 300 sec this turn | 300 sec total\n|\n|t:|1783546147\n|move|p1a: Drifblim|Strength Sap|p2a: Ting-Lu\n|-unboost|p2a: Ting-Lu|atk|1\n|-heal|p1a: Drifblim|396/396\n|move|p2a: Ting-Lu|Payback|p1a: Drifblim\n|-supereffective|p1a: Drifblim\n|-damage|p1a: Drifblim|174/396\n|\n|-heal|p2a: Ting-Lu|99/100|[from] item: Leftovers\n|upkeep\n|turn|70\n|inactive|Time left: 300 sec this turn | 300 sec total\n|\n|t:|1783546148\n|move|p1a: Drifblim|Strength Sap|p2a: Ting-Lu\n|-unboost|p2a: Ting-Lu|atk|1\n|-heal|p1a: Drifblim|318/396\n|move|p2a: Ting-Lu|Payback|p1a: Drifblim\n|-supereffective|p1a: Drifblim\n|-damage|p1a: Drifblim|168/396\n|\n|-heal|p2a: Ting-Lu|100/100|[from] item: Leftovers\n|upkeep\n|turn|71\n|inactive|Time left: 300 sec this turn | 300 sec total\n|\n|t:|1783546149\n|move|p1a: Drifblim|Strength Sap|p2a: Ting-Lu\n|-unboost|p2a: Ting-Lu|atk|1\n|-heal|p1a: Drifblim|276/396\n|move|p2a: Ting-Lu|Payback|p1a: Drifblim\n|-supereffective|p1a: Drifblim\n|-damage|p1a: Drifblim|156/396\n|\n|upkeep\n|turn|72\n|inactive|Time left: 300 sec this turn | 300 sec total\n|\n|t:|1783546150\n|move|p1a: Drifblim|Strength Sap|p2a: Ting-Lu\n|-unboost|p2a: Ting-Lu|atk|1\n|-heal|p1a: Drifblim|242/396\n|move|p2a: Ting-Lu|Payback|p1a: Drifblim\n|-supereffective|p1a: Drifblim\n|-damage|p1a: Drifblim|134/396\n|\n|upkeep\n|turn|73\n|inactive|Time left: 300 sec this turn | 300 sec total\n|\n|t:|1783546151\n|move|p1a: Drifblim|Strength Sap|p2a: Ting-Lu\n|-unboost|p2a: Ting-Lu|atk|1\n|-heal|p1a: Drifblim|206/396\n|move|p2a: Ting-Lu|Payback|p1a: Drifblim\n|-supereffective|p1a: Drifblim\n|-damage|p1a: Drifblim|108/396\n|\n|upkeep\n|turn|74\n|inactive|Time left: 300 sec this turn | 300 sec total\n|\n|t:|1783546152\n|move|p1a: Drifblim|Strength Sap|p2a: Ting-Lu\n|-unboost|p2a: Ting-Lu|atk|1\n|-heal|p1a: Drifblim|170/396\n|move|p2a: Ting-Lu|Payback|p1a: Drifblim\n|-supereffective|p1a: Drifblim\n|-damage|p1a: Drifblim|96/396\n|\n|upkeep\n|turn|75\n|inactive|Time left: 300 sec this turn | 300 sec total\n|\n|t:|1783546153\n|move|p1a: Drifblim|Air Slash|p2a: Ting-Lu\n|-damage|p2a: Ting-Lu|71/100\n|move|p2a: Ting-Lu|Payback|p1a: Drifblim\n|-supereffective|p1a: Drifblim\n|-damage|p1a: Drifblim|16/396\n|\n|-heal|p2a: Ting-Lu|77/100|[from] item: Leftovers\n|upkeep\n|turn|76\n|inactive|Time left: 300 sec this turn | 300 sec total\n|\n|t:|1783546154\n|switch|p1a: Dipplin|Dipplin, L88, M|43/284 brn\n|move|p2a: Ting-Lu|Payback|p1a: Dipplin\n|-damage|p1a: Dipplin|36/284 brn\n|\n|-heal|p2a: Ting-Lu|83/100|[from] item: Leftovers\n|-damage|p1a: Dipplin|19/284 brn|[from] brn\n|upkeep\n|turn|77\n|inactive|Time left: 300 sec this turn | 300 sec total\n|\n|t:|1783546155\n|move|p1a: Dipplin|Dragon Pulse|p2a: Ting-Lu\n|-damage|p2a: Ting-Lu|61/100\n|move|p2a: Ting-Lu|Stealth Rock|p1a: Dipplin\n|-sidestart|p1: p0x54225f9|move: Stealth Rock\n|\n|-heal|p2a: Ting-Lu|67/100|[from] item: Leftovers\n|-damage|p1a: Dipplin|2/284 brn|[from] brn\n|upkeep\n|turn|78\n|inactive|Time left: 300 sec this turn | 300 sec total\n|\n|t:|1783546156\n|switch|p2a: Corviknight|Corviknight, L80, M|100/100\n|move|p1a: Dipplin|Dragon Pulse|p2a: Corviknight\n|-resisted|p2a: Corviknight\n|-damage|p2a: Corviknight|81/100\n|\n|-heal|p2a: Corviknight|87/100|[from] item: Leftovers\n|-damage|p1a: Dipplin|0 fnt|[from] brn\n|faint|p1a: Dipplin\n|upkeep\n|inactive|Time left: 300 sec this turn | 300 sec total | 5 sec grace\n|\n|t:|1783546157\n|switch|p1a: Drifblim|Drifblim, L86, M|16/396\n|-damage|p1a: Drifblim|0 fnt|[from] Stealth Rock\n|faint|p1a: Drifblim\n|\n|win|p0y5423ada", "uploadtime": 1783546157, "views": 0, "rating": 0, "private": 0, "password": null, "_winner": "p0y5423ada", "_our_name": "p0x54225f9"}