{"id": "battle-gen9randombattle-1462", "formatid": "gen9randombattle", "format": "[Gen 9] Random Battle", "players": ["p0x1462f24f", "p0y1462cd1b"], "log": "|init|battle\n|title|p0x1462f24f vs. p0y1462cd1b\n|j|\u2606p0x1462f24f\n|j|\u2606p0y1462cd1b\n|t:|1783557015\n|gametype|singles\n|player|p1|p0x1462f24f|1|\n|player|p2|p0y1462cd1b|102|\n|gen|9\n|tier|[Gen 9] Random Battle\n|rule|Species Clause: Limit one of each Pok\u00e9mon\n|rule|HP Percentage Mod: HP is shown in percentages\n|rule|Sleep Clause Mod: Limit one foe put to sleep\n|rule|Illusion Level Mod: Illusion disguises the Pok\u00e9mon's true level\n|\n|t:|1783557015\n|teamsize|p1|6\n|teamsize|p2|6\n|start\n|switch|p1a: Magearna|Magearna, L77|100/100\n|switch|p2a: Spidops|Spidops, L96, F|271/271\n|turn|1\n|inactive|Battle timer is ON: inactive players will automatically lose when time's up. (requested by p0x1462f24f)\n|inactive|Time left: 300 sec this turn | 300 sec total | 60 sec grace\n|inactive|p0y1462cd1b also wants the timer to be on.\n|\n|t:|1783557017\n|switch|p1a: Hatterene|Hatterene, L85, F|100/100\n|move|p2a: Spidops|Sticky Web|p1a: Hatterene\n|move|p1a: Hatterene|Sticky Web|p2a: Spidops|[from] ability: Magic Bounce\n|-sidestart|p2: p0y1462cd1b|move: Sticky Web\n|\n|upkeep\n|turn|2\n|inactive|Time left: 300 sec this turn | 300 sec total\n|\n|t:|1783557018\n|move|p2a: Spidops|Knock Off|p1a: Hatterene\n|-damage|p1a: Hatterene|67/100\n|-enditem|p1a: Hatterene|Assault Vest|[from] move: Knock Off|[of] p2a: Spidops\n|move|p1a: Hatterene|Psychic|p2a: Spidops\n|-damage|p2a: Spidops|162/271\n|\n|upkeep\n|turn|3\n|inactive|Time left: 300 sec this turn | 300 sec total\n|\n|t:|1783557019\n|switch|p2a: Pyroar|Pyroar, L88, M|295/295\n|-ability|p2a: Pyroar|Unnerve\n|move|p1a: Hatterene|Draining Kiss|p2a: Pyroar\n|-resisted|p2a: Pyroar\n|-damage|p2a: Pyroar|256/295\n|-heal|p1a: Hatterene|80/100|[from] drain|[of] p2a: Pyroar\n|\n|upkeep\n|turn|4\n|inactive|Time left: 300 sec this turn | 300 sec total\n|\n|t:|1783557020\n|move|p2a: Pyroar|Fire Blast|p1a: Hatterene\n|-damage|p1a: Hatterene|24/100\n|move|p1a: Hatterene|Psychic|p2a: Pyroar\n|-damage|p2a: Pyroar|111/295\n|\n|upkeep\n|turn|5\n|inactive|Time left: 300 sec this turn | 300 sec total\n|\n|t:|1783557021\n|switch|p1a: Golem|Golem-Alola, L93, F|100/100\n|move|p2a: Pyroar|Hyper Voice|p1a: Golem\n|-resisted|p1a: Golem\n|-crit|p1a: Golem\n|-damage|p1a: Golem|67/100\n|\n|upkeep\n|turn|6\n|inactive|Time left: 300 sec this turn | 300 sec total\n|\n|t:|1783557022\n|move|p2a: Pyroar|Will-O-Wisp|p1a: Golem\n|-status|p1a: Golem|brn\n|move|p1a: Golem|Double-Edge|p2a: Pyroar\n|-damage|p2a: Pyroar|0 fnt\n|faint|p2a: Pyroar\n|-damage|p1a: Golem|54/100 brn|[from] Recoil\n|-damage|p1a: Golem|44/100 brn|[from] item: Life Orb\n|\n|-damage|p1a: Golem|38/100 brn|[from] brn\n|upkeep\n|inactive|Time left: 300 sec this turn | 300 sec total | 5 sec grace\n|\n|t:|1783557023\n|switch|p2a: Spidops|Spidops, L96, F|162/271\n|turn|7\n|inactive|Time left: 300 sec this turn | 300 sec total\n|\n|t:|1783557024\n|move|p1a: Golem|Stone Edge|p2a: Spidops\n|-supereffective|p2a: Spidops\n|-crit|p2a: Spidops\n|-damage|p2a: Spidops|0 fnt\n|faint|p2a: Spidops\n|-damage|p1a: Golem|28/100 brn|[from] item: Life Orb\n|\n|-damage|p1a: Golem|22/100 brn|[from] brn\n|upkeep\n|inactive|Time left: 300 sec this turn | 300 sec total | 5 sec grace\n|\n|t:|1783557025\n|switch|p2a: Florges|Florges-Blue, L85, F|271/271\n|-activate|p2a: Florges|move: Sticky Web\n|-unboost|p2a: Florges|spe|1\n|turn|8\n|inactive|Time left: 300 sec this turn | 300 sec total\n|\n|t:|1783557026\n|move|p1a: Golem|Stone Edge|p2a: Florges\n|-damage|p2a: Florges|145/271\n|-damage|p1a: Golem|12/100 brn|[from] item: Life Orb\n|move|p2a: Florges|Calm Mind|p2a: Florges\n|-boost|p2a: Florges|spa|1\n|-boost|p2a: Florges|spd|1\n|\n|-heal|p2a: Florges|161/271|[from] item: Leftovers\n|-damage|p1a: Golem|6/100 brn|[from] brn\n|upkeep\n|turn|9\n|inactive|Time left: 300 sec this turn | 300 sec total\n|\n|t:|1783557027\n|-terastallize|p2a: Florges|Ground\n|move|p1a: Golem|Double-Edge|p2a: Florges\n|-immune|p2a: Florges\n|move|p2a: Florges|Synthesis|p2a: Florges\n|-heal|p2a: Florges|271/271\n|\n|-damage|p1a: Golem|0 fnt|[from] brn\n|faint|p1a: Golem\n|upkeep\n|\n|t:|1783557028\n|switch|p1a: Banette|Banette, L93, M|100/100\n|turn|10\n|inactive|Time left: 300 sec this turn | 300 sec total\n|\n|t:|1783557029\n|move|p1a: Banette|Poltergeist|p2a: Florges\n|-activate|p2a: Florges|move: Poltergeist|Leftovers\n|-damage|p2a: Florges|21/271\n|-damage|p1a: Banette|90/100|[from] item: Life Orb\n|move|p2a: Florges|Tera Blast|p1a: Banette|[anim] Tera Blast Ground\n|-damage|p1a: Banette|33/100\n|-start|p2a: Florges|Disable|Tera Blast|[from] ability: Cursed Body|[of] p1a: Banette\n|\n|-heal|p2a: Florges|37/271|[from] item: Leftovers\n|upkeep\n|turn|11\n|inactive|Time left: 300 sec this turn | 300 sec total\n|\n|t:|1783557030\n|move|p1a: Banette|Shadow Sneak|p2a: Florges\n|-damage|p2a: Florges|0 fnt\n|faint|p2a: Florges\n|-damage|p1a: Banette|23/100|[from] item: Life Orb\n|\n|upkeep\n|inactive|Time left: 300 sec this turn | 300 sec total | 5 sec grace\n|\n|t:|1783557031\n|switch|p2a: Tornadus|Tornadus, L82, M|263/263\n|turn|12\n|inactive|Time left: 300 sec this turn | 300 sec total\n|\n|t:|1783557032\n|switch|p1a: Raichu|Raichu-Alola, L87, F|100/100\n|move|p2a: Tornadus|Heat Wave|p1a: Raichu|[miss]\n|-miss|p2a: Tornadus|p1a: Raichu\n|\n|upkeep\n|turn|13\n|inactive|Time left: 300 sec this turn | 300 sec total\n|\n|t:|1783557033\n|switch|p2a: Alcremie|Alcremie-Rainbow-Swirl, L90, F|263/263\n|-activate|p2a: Alcremie|move: Sticky Web\n|-unboost|p2a: Alcremie|spe|1\n|move|p1a: Raichu|Thunderbolt|p2a: Alcremie\n|-damage|p2a: Alcremie|161/263\n|\n|-heal|p2a: Alcremie|177/263|[from] item: Leftovers\n|upkeep\n|turn|14\n|inactive|Time left: 300 sec this turn | 300 sec total\n|\n|t:|1783557035\n|move|p1a: Raichu|Thunderbolt|p2a: Alcremie\n|-damage|p2a: Alcremie|74/263\n|move|p2a: Alcremie|Recover|p2a: Alcremie\n|-heal|p2a: Alcremie|206/263\n|\n|-heal|p2a: Alcremie|222/263|[from] item: Leftovers\n|upkeep\n|turn|15\n|inactive|Time left: 300 sec this turn | 300 sec total\n|\n|t:|1783557036\n|move|p1a: Raichu|Thunderbolt|p2a: Alcremie\n|-damage|p2a: Alcremie|110/263\n|-status|p2a: Alcremie|par\n|move|p2a: Alcremie|Calm Mind|p2a: Alcremie\n|-boost|p2a: Alcremie|spa|1\n|-boost|p2a: Alcremie|spd|1\n|\n|-heal|p2a: Alcremie|126/263 par|[from] item: Leftovers\n|upkeep\n|turn|16\n|inactive|Time left: 300 sec this turn | 300 sec total\n|\n|t:|1783557037\n|move|p1a: Raichu|Thunderbolt|p2a: Alcremie\n|-damage|p2a: Alcremie|50/263 par\n|move|p2a: Alcremie|Recover|p2a: Alcremie\n|-heal|p2a: Alcremie|182/263 par\n|\n|-heal|p2a: Alcremie|198/263 par|[from] item: Leftovers\n|upkeep\n|turn|17\n|inactive|Time left: 300 sec this turn | 300 sec total\n|\n|t:|1783557038\n|move|p1a: Raichu|Thunderbolt|p2a: Alcremie\n|-damage|p2a: Alcremie|126/263 par\n|cant|p2a: Alcremie|par\n|\n|-heal|p2a: Alcremie|142/263 par|[from] item: Leftovers\n|upkeep\n|turn|18\n|inactive|Time left: 300 sec this turn | 300 sec total\n|\n|t:|1783557039\n|move|p1a: Raichu|Thunderbolt|p2a: Alcremie\n|-damage|p2a: Alcremie|70/263 par\n|cant|p2a: Alcremie|par\n|\n|-heal|p2a: Alcremie|86/263 par|[from] item: Leftovers\n|upkeep\n|turn|19\n|inactive|Time left: 300 sec this turn | 300 sec total\n|\n|t:|1783557040\n|move|p1a: Raichu|Thunderbolt|p2a: Alcremie\n|-damage|p2a: Alcremie|16/263 par\n|move|p2a: Alcremie|Recover|p2a: Alcremie\n|-heal|p2a: Alcremie|148/263 par\n|\n|-heal|p2a: Alcremie|164/263 par|[from] item: Leftovers\n|upkeep\n|turn|20\n|inactive|Time left: 300 sec this turn | 300 sec total\n|\n|t:|1783557041\n|move|p1a: Raichu|Thunderbolt|p2a: Alcremie\n|-damage|p2a: Alcremie|91/263 par\n|move|p2a: Alcremie|Alluring Voice|p1a: Raichu\n|-damage|p1a: Raichu|37/100\n|\n|-heal|p2a: Alcremie|107/263 par|[from] item: Leftovers\n|upkeep\n|turn|21\n|inactive|Time left: 300 sec this turn | 300 sec total\n|\n|t:|1783557042\n|move|p1a: Raichu|Thunderbolt|p2a: Alcremie\n|-damage|p2a: Alcremie|32/263 par\n|move|p2a: Alcremie|Alluring Voice|p1a: Raichu\n|-damage|p1a: Raichu|0 fnt\n|faint|p1a: Raichu\n|\n|-heal|p2a: Alcremie|48/263 par|[from] item: Leftovers\n|upkeep\n|\n|t:|1783557043\n|switch|p1a: Banette|Banette, L93, M|23/100\n|turn|22\n|inactive|Time left: 300 sec this turn | 300 sec total\n|\n|t:|1783557044\n|move|p1a: Banette|Poltergeist|p2a: Alcremie\n|-activate|p2a: Alcremie|move: Poltergeist|Leftovers\n|-damage|p2a: Alcremie|0 fnt\n|faint|p2a: Alcremie\n|-damage|p1a: Banette|13/100|[from] item: Life Orb\n|\n|upkeep\n|inactive|Time left: 300 sec this turn | 300 sec total | 5 sec grace\n|\n|t:|1783557045\n|switch|p2a: Tornadus|Tornadus, L82, M|263/263\n|turn|23\n|inactive|Time left: 300 sec this turn | 300 sec total\n|\n|t:|1783557046\n|move|p1a: Banette|Shadow Sneak|p2a: Tornadus\n|-damage|p2a: Tornadus|169/263\n|-damage|p1a: Banette|3/100|[from] item: Life Orb\n|move|p2a: Tornadus|Heat Wave|p1a: Banette\n|-damage|p1a: Banette|0 fnt\n|faint|p1a: Banette\n|\n|upkeep\n|\n|t:|1783557047\n|switch|p1a: Walking Wake|Walking Wake, L79|100/100\n|turn|24\n|inactive|Time left: 300 sec this turn | 300 sec total\n|\n|t:|1783557048\n|switch|p2a: Basculegion|Basculegion, L80, M|323/323\n|-activate|p2a: Basculegion|move: Sticky Web\n|-unboost|p2a: Basculegion|spe|1\n|move|p1a: Walking Wake|Draco Meteor|p2a: Basculegion\n|-damage|p2a: Basculegion|170/323\n|-unboost|p1a: Walking Wake|spa|2\n|-damage|p1a: Walking Wake|91/100|[from] item: Life Orb\n|\n|upkeep\n|turn|25\n|inactive|Time left: 300 sec this turn | 300 sec total\n|\n|t:|1783557049\n|-end|p1a: Walking Wake|Protosynthesis|[silent]\n|switch|p1a: Magearna|Magearna, L77|100/100\n|move|p2a: Basculegion|Shadow Ball|p1a: Magearna\n|-damage|p1a: Magearna|68/100\n|-unboost|p1a: Magearna|spd|1\n|\n|-heal|p1a: Magearna|74/100|[from] item: Leftovers\n|upkeep\n|turn|26\n|inactive|Time left: 300 sec this turn | 300 sec total\n|\n|t:|1783557050\n|switch|p1a: Walking Wake|Walking Wake, L79|91/100\n|move|p2a: Basculegion|Wave Crash|p1a: Walking Wake\n|-resisted|p1a: Walking Wake\n|-damage|p1a: Walking Wake|76/100\n|-damage|p2a: Basculegion|156/323|[from] Recoil\n|\n|upkeep\n|turn|27\n|inactive|Time left: 300 sec this turn | 300 sec total\n|\n|t:|1783557051\n|move|p1a: Walking Wake|Flamethrower|p2a: Basculegion\n|-resisted|p2a: Basculegion\n|-damage|p2a: Basculegion|120/323\n|-damage|p1a: Walking Wake|66/100|[from] item: Life Orb\n|move|p2a: Basculegion|Shadow Ball|p1a: Walking Wake\n|-damage|p1a: Walking Wake|31/100\n|\n|upkeep\n|turn|28\n|inactive|Time left: 300 sec this turn | 300 sec total\n|\n|t:|1783557052\n|move|p1a: Walking Wake|Draco Meteor|p2a: Basculegion\n|-damage|p2a: Basculegion|0 fnt\n|-unboost|p1a: Walking Wake|spa|2\n|faint|p2a: Basculegion\n|-damage|p1a: Walking Wake|21/100|[from] item: Life Orb\n|\n|upkeep\n|inactive|Time left: 300 sec this turn | 300 sec total | 5 sec grace\n|\n|t:|1783557054\n|switch|p2a: Tornadus|Tornadus, L82, M|169/263\n|turn|29\n|inactive|Time left: 300 sec this turn | 300 sec total\n|\n|t:|1783557055\n|move|p2a: Tornadus|Heat Wave|p1a: Walking Wake\n|-resisted|p1a: Walking Wake\n|-damage|p1a: Walking Wake|11/100\n|move|p1a: Walking Wake|Draco Meteor|p2a: Tornadus\n|-damage|p2a: Tornadus|62/263\n|-unboost|p1a: Walking Wake|spa|2\n|-damage|p1a: Walking Wake|1/100|[from] item: Life Orb\n|\n|upkeep\n|turn|30\n|inactive|Time left: 300 sec this turn | 300 sec total\n|\n|t:|1783557056\n|move|p2a: Tornadus|Heat Wave|p1a: Walking Wake\n|-resisted|p1a: Walking Wake\n|-damage|p1a: Walking Wake|0 fnt\n|faint|p1a: Walking Wake\n|-end|p1a: Walking Wake|Protosynthesis|[silent]\n|\n|upkeep\n|\n|t:|1783557057\n|switch|p1a: Magearna|Magearna, L77|74/100\n|turn|31\n|inactive|Time left: 300 sec this turn | 300 sec total\n|\n|t:|1783557058\n|-terastallize|p1a: Magearna|Fighting\n|move|p2a: Tornadus|Heat Wave|p1a: Magearna\n|-damage|p1a: Magearna|35/100\n|move|p1a: Magearna|Flash Cannon|p2a: Tornadus\n|-damage|p2a: Tornadus|0 fnt\n|faint|p2a: Tornadus\n|\n|win|p0x1462f24f", "uploadtime": 1783557058, "views": 0, "rating": 0, "private": 0, "password": null, "_winner": "p0x1462f24f", "_our_name": "p0y1462cd1b"}