{"id": "battle-gen9randombattle-2676", "formatid": "gen9randombattle", "format": "[Gen 9] Random Battle", "players": ["p0x267668a0", "p0y26761e36"], "log": "|init|battle\n|title|p0x267668a0 vs. p0y26761e36\n|j|\u2606p0x267668a0\n|j|\u2606p0y26761e36\n|t:|1783569862\n|gametype|singles\n|player|p1|p0x267668a0|2|\n|player|p2|p0y26761e36|266|\n|gen|9\n|tier|[Gen 9] Random Battle\n|rule|Species Clause: Limit one of each Pok\u00e9mon\n|rule|HP Percentage Mod: HP is shown in percentages\n|rule|Sleep Clause Mod: Limit one foe put to sleep\n|rule|Illusion Level Mod: Illusion disguises the Pok\u00e9mon's true level\n|\n|t:|1783569862\n|teamsize|p1|6\n|teamsize|p2|6\n|start\n|switch|p1a: Scyther|Scyther, L82, M|249/249\n|switch|p2a: Latias|Latias, L79, F|100/100\n|turn|1\n|inactive|Battle timer is ON: inactive players will automatically lose when time's up. (requested by p0y26761e36)\n|inactive|Time left: 300 sec this turn | 300 sec total | 60 sec grace\n|inactive|p0x267668a0 also wants the timer to be on.\n|\n|t:|1783569863\n|move|p2a: Latias|Psyshock|p1a: Scyther\n|-damage|p1a: Scyther|180/249\n|move|p1a: Scyther|Swords Dance|p1a: Scyther\n|-boost|p1a: Scyther|atk|2\n|\n|upkeep\n|turn|2\n|inactive|Time left: 300 sec this turn | 300 sec total\n|\n|t:|1783569864\n|-terastallize|p2a: Latias|Steel\n|move|p2a: Latias|Draco Meteor|p1a: Scyther\n|-damage|p1a: Scyther|62/249\n|-unboost|p2a: Latias|spa|2\n|move|p1a: Scyther|Dual Wingbeat|p2a: Latias|[miss]\n|-miss|p1a: Scyther|p2a: Latias\n|\n|upkeep\n|turn|3\n|inactive|Time left: 300 sec this turn | 300 sec total\n|\n|t:|1783569865\n|move|p2a: Latias|Draco Meteor|p1a: Scyther\n|-damage|p1a: Scyther|7/249\n|-unboost|p2a: Latias|spa|2\n|move|p1a: Scyther|Close Combat|p2a: Latias\n|-supereffective|p2a: Latias\n|-damage|p2a: Latias|0 fnt\n|-unboost|p1a: Scyther|def|1\n|-unboost|p1a: Scyther|spd|1\n|faint|p2a: Latias\n|\n|upkeep\n|\n|t:|1783569866\n|switch|p2a: Raichu|Raichu, L88, F|100/100\n|turn|4\n|inactive|Time left: 300 sec this turn | 300 sec total\n|\n|t:|1783569867\n|switch|p1a: Golurk|Golurk, L87|297/297\n|move|p2a: Raichu|Thunderbolt|p1a: Golurk\n|-immune|p1a: Golurk\n|\n|upkeep\n|turn|5\n|inactive|Time left: 300 sec this turn | 300 sec total\n|\n|t:|1783569869\n|switch|p2a: Gogoat|Gogoat, L88, M|100/100\n|move|p1a: Golurk|Earthquake|p2a: Gogoat\n|-resisted|p2a: Gogoat\n|-damage|p2a: Gogoat|68/100\n|\n|-heal|p2a: Gogoat|74/100|[from] item: Leftovers\n|upkeep\n|turn|6\n|inactive|Time left: 300 sec this turn | 300 sec total\n|\n|t:|1783569870\n|switch|p1a: Scyther|Scyther, L82, M|7/249\n|move|p2a: Gogoat|Horn Leech|p1a: Scyther\n|-resisted|p1a: Scyther\n|-damage|p1a: Scyther|0 fnt\n|-heal|p2a: Gogoat|75/100|[from] drain|[of] p1a: Scyther\n|faint|p1a: Scyther\n|\n|-heal|p2a: Gogoat|81/100|[from] item: Leftovers\n|upkeep\n|inactive|Time left: 300 sec this turn | 300 sec total | 5 sec grace\n|\n|t:|1783569871\n|switch|p1a: Slowking|Slowking-Galar, L85, F|300/300\n|turn|7\n|inactive|Time left: 300 sec this turn | 300 sec total\n|\n|t:|1783569872\n|move|p2a: Gogoat|Earthquake|p1a: Slowking\n|-supereffective|p1a: Slowking\n|-damage|p1a: Slowking|122/300\n|move|p1a: Slowking|Sludge Bomb|p2a: Gogoat\n|-supereffective|p2a: Gogoat\n|-damage|p2a: Gogoat|22/100\n|\n|-heal|p2a: Gogoat|29/100|[from] item: Leftovers\n|-heal|p1a: Slowking|140/300|[from] item: Leftovers\n|upkeep\n|turn|8\n|inactive|Time left: 300 sec this turn | 300 sec total\n|\n|t:|1783569873\n|-terastallize|p1a: Slowking|Fairy\n|move|p2a: Gogoat|Earthquake|p1a: Slowking\n|-damage|p1a: Slowking|62/300\n|move|p1a: Slowking|Sludge Bomb|p2a: Gogoat\n|-supereffective|p2a: Gogoat\n|-damage|p2a: Gogoat|0 fnt\n|faint|p2a: Gogoat\n|\n|-heal|p1a: Slowking|80/300|[from] item: Leftovers\n|upkeep\n|\n|t:|1783569874\n|switch|p2a: Passimian|Passimian, L83, M|100/100\n|turn|9\n|inactive|Time left: 300 sec this turn | 300 sec total\n|\n|t:|1783569875\n|switch|p1a: Golurk|Golurk, L87|297/297\n|move|p2a: Passimian|Close Combat|p1a: Golurk\n|-immune|p1a: Golurk\n|\n|upkeep\n|turn|10\n|inactive|Time left: 300 sec this turn | 300 sec total\n|\n|t:|1783569876\n|move|p2a: Passimian|Close Combat|p1a: Golurk\n|-immune|p1a: Golurk\n|move|p1a: Golurk|Poltergeist|p2a: Passimian\n|-activate|p2a: Passimian|move: Poltergeist|Choice Band\n|-damage|p2a: Passimian|23/100\n|\n|upkeep\n|turn|11\n|inactive|Time left: 300 sec this turn | 300 sec total\n|\n|t:|1783569877\n|move|p2a: Passimian|Close Combat|p1a: Golurk\n|-immune|p1a: Golurk\n|move|p1a: Golurk|Poltergeist|p2a: Passimian\n|-activate|p2a: Passimian|move: Poltergeist|Choice Band\n|-damage|p2a: Passimian|0 fnt\n|faint|p2a: Passimian\n|\n|upkeep\n|\n|t:|1783569878\n|switch|p2a: Zekrom|Zekrom, L71|100/100\n|-ability|p2a: Zekrom|Teravolt\n|turn|12\n|inactive|Time left: 300 sec this turn | 300 sec total\n|\n|t:|1783569879\n|move|p2a: Zekrom|Outrage|p1a: Golurk\n|-damage|p1a: Golurk|158/297\n|move|p1a: Golurk|Poltergeist|p2a: Zekrom\n|-activate|p2a: Zekrom|move: Poltergeist|Leftovers\n|-damage|p2a: Zekrom|14/100\n|\n|-heal|p2a: Zekrom|21/100|[from] item: Leftovers\n|upkeep\n|turn|13\n|inactive|Time left: 300 sec this turn | 300 sec total\n|\n|t:|1783569880\n|switch|p1a: Slowking|Slowking-Galar, L85, F, tera:Fairy|180/300\n|move|p2a: Zekrom|Outrage|p1a: Slowking|[from] lockedmove\n|-immune|p1a: Slowking\n|-start|p2a: Zekrom|confusion|[fatigue]\n|\n|-heal|p2a: Zekrom|27/100|[from] item: Leftovers\n|-heal|p1a: Slowking|198/300|[from] item: Leftovers\n|upkeep\n|turn|14\n|inactive|Time left: 300 sec this turn | 300 sec total\n|\n|t:|1783569881\n|-activate|p2a: Zekrom|confusion\n|move|p2a: Zekrom|Bolt Strike|p1a: Slowking\n|-damage|p1a: Slowking|42/300\n|-status|p1a: Slowking|par\n|move|p1a: Slowking|Psyshock|p2a: Zekrom\n|-damage|p2a: Zekrom|0 fnt\n|faint|p2a: Zekrom\n|\n|-heal|p1a: Slowking|60/300 par|[from] item: Leftovers\n|upkeep\n|\n|t:|1783569882\n|switch|p2a: Raichu|Raichu, L88, F|100/100\n|turn|15\n|inactive|Time left: 300 sec this turn | 300 sec total\n|\n|t:|1783569883\n|switch|p1a: Clodsire|Clodsire, L81, F|343/343\n|move|p2a: Raichu|Nasty Plot|p2a: Raichu\n|-boost|p2a: Raichu|spa|2\n|\n|upkeep\n|turn|16\n|inactive|Time left: 300 sec this turn | 300 sec total\n|\n|t:|1783569884\n|switch|p2a: Mesprit|Mesprit, L85|100/100\n|move|p1a: Clodsire|Earthquake|p2a: Mesprit\n|-immune|p2a: Mesprit|[from] ability: Levitate\n|\n|upkeep\n|turn|17\n|inactive|Time left: 300 sec this turn | 300 sec total\n|\n|t:|1783569885\n|switch|p1a: Slowking|Slowking-Galar, L85, F, tera:Fairy|160/300 par\n|move|p2a: Mesprit|Psychic Noise|p1a: Slowking\n|-damage|p1a: Slowking|88/300 par\n|-start|p1a: Slowking|move: Heal Block\n|\n|upkeep\n|turn|18\n|inactive|Time left: 300 sec this turn | 300 sec total\n|\n|t:|1783569886\n|move|p2a: Mesprit|Psychic Noise|p1a: Slowking\n|-damage|p1a: Slowking|9/300 par\n|cant|p1a: Slowking|par\n|\n|-end|p1a: Slowking|move: Heal Block\n|upkeep\n|turn|19\n|inactive|Time left: 300 sec this turn | 300 sec total\n|\n|t:|1783569888\n|move|p2a: Mesprit|Psychic Noise|p1a: Slowking\n|-damage|p1a: Slowking|0 fnt\n|faint|p1a: Slowking\n|\n|upkeep\n|inactive|Time left: 300 sec this turn | 300 sec total | 5 sec grace\n|\n|t:|1783569889\n|switch|p1a: Clefable|Clefable, L83, M|293/293\n|turn|20\n|inactive|Time left: 300 sec this turn | 300 sec total\n|\n|t:|1783569889\n|move|p2a: Mesprit|Psychic Noise|p1a: Clefable\n|-damage|p1a: Clefable|211/293\n|-start|p1a: Clefable|move: Heal Block\n|move|p1a: Clefable|Moonblast|p2a: Mesprit\n|-damage|p2a: Mesprit|60/100\n|\n|-heal|p2a: Mesprit|67/100|[from] item: Leftovers\n|upkeep\n|turn|21\n|inactive|Time left: 300 sec this turn | 300 sec total\n|\n|t:|1783569890\n|move|p2a: Mesprit|Psychic Noise|p1a: Clefable\n|-damage|p1a: Clefable|130/293\n|move|p1a: Clefable|Moonblast|p2a: Mesprit\n|-damage|p2a: Mesprit|24/100\n|\n|-heal|p2a: Mesprit|30/100|[from] item: Leftovers\n|-end|p1a: Clefable|move: Heal Block\n|upkeep\n|turn|22\n|inactive|Time left: 300 sec this turn | 300 sec total\n|\n|t:|1783569891\n|move|p2a: Mesprit|Psychic Noise|p1a: Clefable\n|-damage|p1a: Clefable|40/293\n|-start|p1a: Clefable|move: Heal Block\n|move|p1a: Clefable|Moonblast|p2a: Mesprit\n|-damage|p2a: Mesprit|0 fnt\n|faint|p2a: Mesprit\n|\n|upkeep\n|\n|t:|1783569892\n|switch|p2a: Raichu|Raichu, L88, F|100/100\n|turn|23\n|inactive|Time left: 300 sec this turn | 300 sec total\n|\n|t:|1783569893\n|switch|p1a: Clodsire|Clodsire, L81, F|343/343\n|move|p2a: Raichu|Thunderbolt|p1a: Clodsire\n|-immune|p1a: Clodsire\n|\n|upkeep\n|turn|24\n|inactive|Time left: 300 sec this turn | 300 sec total\n|\n|t:|1783569894\n|move|p2a: Raichu|Nasty Plot|p2a: Raichu\n|-boost|p2a: Raichu|spa|2\n|move|p1a: Clodsire|Earthquake|p2a: Raichu\n|-supereffective|p2a: Raichu\n|-damage|p2a: Raichu|7/100\n|\n|upkeep\n|turn|25\n|inactive|Time left: 300 sec this turn | 300 sec total\n|\n|t:|1783569895\n|move|p2a: Raichu|Nasty Plot|p2a: Raichu\n|-boost|p2a: Raichu|spa|2\n|move|p1a: Clodsire|Toxic|p2a: Raichu\n|-status|p2a: Raichu|tox\n|\n|-damage|p2a: Raichu|0 fnt|[from] psn\n|faint|p2a: Raichu\n|\n|win|p0x267668a0", "uploadtime": 1783569895, "views": 0, "rating": 0, "private": 0, "password": null, "_winner": "p0x267668a0", "_our_name": "p0x267668a0"}