{"id": "battle-gen9randombattle-845", "formatid": "gen9randombattle", "format": "[Gen 9] Random Battle", "players": ["p0x845a2c8", "p0y8451fc8"], "log": "|init|battle\n|title|p0x845a2c8 vs. p0y8451fc8\n|j|\u2606p0x845a2c8\n|j|\u2606p0y8451fc8\n|t:|1783548950\n|gametype|singles\n|player|p1|p0x845a2c8|2|\n|player|p2|p0y8451fc8|1|\n|gen|9\n|tier|[Gen 9] Random Battle\n|rule|Species Clause: Limit one of each Pok\u00e9mon\n|rule|HP Percentage Mod: HP is shown in percentages\n|rule|Sleep Clause Mod: Limit one foe put to sleep\n|rule|Illusion Level Mod: Illusion disguises the Pok\u00e9mon's true level\n|\n|t:|1783548950\n|teamsize|p1|6\n|teamsize|p2|6\n|start\n|switch|p1a: Trevenant|Trevenant, L89, F|296/296\n|switch|p2a: Kyurem|Kyurem-Black, L71|100/100\n|-ability|p2a: Kyurem|Teravolt\n|turn|1\n|inactive|Battle timer is ON: inactive players will automatically lose when time's up. (requested by p0y8451fc8)\n|inactive|Time left: 300 sec this turn | 300 sec total | 60 sec grace\n|inactive|p0x845a2c8 also wants the timer to be on.\n|\n|t:|1783548951\n|move|p2a: Kyurem|Icicle Spear|p1a: Trevenant\n|-supereffective|p1a: Trevenant\n|-damage|p1a: Trevenant|236/296\n|-supereffective|p1a: Trevenant\n|-damage|p1a: Trevenant|176/296\n|-supereffective|p1a: Trevenant\n|-damage|p1a: Trevenant|110/296\n|-enditem|p1a: Trevenant|Sitrus Berry|[eat]\n|-heal|p1a: Trevenant|184/296|[from] item: Sitrus Berry\n|-supereffective|p1a: Trevenant\n|-damage|p1a: Trevenant|124/296\n|-hitcount|p1a: Trevenant|4\n|move|p1a: Trevenant|Drain Punch|p2a: Kyurem\n|-supereffective|p2a: Kyurem\n|-damage|p2a: Kyurem|52/100\n|-heal|p1a: Trevenant|196/296|[from] drain|[of] p2a: Kyurem\n|\n|upkeep\n|turn|2\n|inactive|Time left: 300 sec this turn | 300 sec total\n|\n|t:|1783548952\n|move|p2a: Kyurem|Icicle Spear|p1a: Trevenant\n|-supereffective|p1a: Trevenant\n|-damage|p1a: Trevenant|128/296\n|-supereffective|p1a: Trevenant\n|-damage|p1a: Trevenant|60/296\n|-supereffective|p1a: Trevenant\n|-damage|p1a: Trevenant|0 fnt\n|faint|p1a: Trevenant\n|-hitcount|p1: Trevenant|3\n|\n|upkeep\n|inactive|Time left: 300 sec this turn | 300 sec total | 5 sec grace\n|\n|t:|1783548953\n|switch|p1a: Mewtwo|Mewtwo, L72|272/272\n|-ability|p1a: Mewtwo|Unnerve\n|turn|3\n|inactive|Time left: 300 sec this turn | 300 sec total\n|\n|t:|1783548954\n|move|p1a: Mewtwo|Psystrike|p2a: Kyurem\n|-damage|p2a: Kyurem|0 fnt\n|faint|p2a: Kyurem\n|-damage|p1a: Mewtwo|245/272|[from] item: Life Orb\n|\n|upkeep\n|\n|t:|1783548955\n|switch|p2a: Arboliva|Arboliva, L91, F|100/100\n|turn|4\n|inactive|Time left: 300 sec this turn | 300 sec total\n|\n|t:|1783548956\n|move|p1a: Mewtwo|Nasty Plot|p1a: Mewtwo\n|-boost|p1a: Mewtwo|spa|2\n|move|p2a: Arboliva|Energy Ball|p1a: Mewtwo\n|-damage|p1a: Mewtwo|98/272\n|\n|upkeep\n|turn|5\n|inactive|Time left: 300 sec this turn | 300 sec total\n|\n|t:|1783548957\n|move|p1a: Mewtwo|Fire Blast|p2a: Arboliva\n|-supereffective|p2a: Arboliva\n|-damage|p2a: Arboliva|0 fnt\n|-fieldstart|move: Grassy Terrain|[from] ability: Seed Sower|[of] p2a: Arboliva\n|faint|p2a: Arboliva\n|-damage|p1a: Mewtwo|71/272|[from] item: Life Orb\n|\n|-heal|p1a: Mewtwo|88/272|[from] Grassy Terrain\n|upkeep\n|\n|t:|1783548958\n|switch|p2a: Skeledirge|Skeledirge, L79, M|100/100\n|turn|6\n|inactive|Time left: 300 sec this turn | 300 sec total\n|\n|t:|1783548959\n|switch|p1a: Delphox|Delphox, L84, F|263/263\n|move|p2a: Skeledirge|Torch Song|p1a: Delphox\n|-resisted|p1a: Delphox\n|-damage|p1a: Delphox|228/263\n|-boost|p2a: Skeledirge|spa|1\n|\n|-heal|p1a: Delphox|244/263|[from] Grassy Terrain\n|upkeep\n|turn|7\n|inactive|Time left: 300 sec this turn | 300 sec total\n|\n|t:|1783548961\n|switch|p1a: Chansey|Chansey, L85, F|564/564\n|move|p2a: Skeledirge|Torch Song|p1a: Chansey\n|-damage|p1a: Chansey|491/564\n|-boost|p2a: Skeledirge|spa|1\n|\n|-heal|p1a: Chansey|526/564|[from] Grassy Terrain\n|upkeep\n|turn|8\n|inactive|Time left: 300 sec this turn | 300 sec total\n|\n|t:|1783548962\n|move|p2a: Skeledirge|Flame Charge|p1a: Chansey\n|-damage|p1a: Chansey|441/564\n|-boost|p2a: Skeledirge|spe|1\n|move|p1a: Chansey|Stealth Rock|p2a: Skeledirge\n|-sidestart|p2: p0y8451fc8|move: Stealth Rock\n|\n|-heal|p1a: Chansey|476/564|[from] Grassy Terrain\n|upkeep\n|turn|9\n|inactive|Time left: 300 sec this turn | 300 sec total\n|\n|t:|1783548963\n|move|p2a: Skeledirge|Torch Song|p1a: Chansey\n|-damage|p1a: Chansey|379/564\n|-boost|p2a: Skeledirge|spa|1\n|move|p1a: Chansey|Thunder Wave|p2a: Skeledirge\n|-status|p2a: Skeledirge|par\n|\n|-heal|p1a: Chansey|414/564|[from] Grassy Terrain\n|-fieldend|move: Grassy Terrain\n|upkeep\n|turn|10\n|inactive|Time left: 300 sec this turn | 300 sec total\n|\n|t:|1783548964\n|move|p1a: Chansey|Soft-Boiled|p1a: Chansey\n|-heal|p1a: Chansey|564/564\n|move|p2a: Skeledirge|Torch Song|p1a: Chansey\n|-damage|p1a: Chansey|449/564\n|-boost|p2a: Skeledirge|spa|1\n|\n|upkeep\n|turn|11\n|inactive|Time left: 300 sec this turn | 300 sec total\n|\n|t:|1783548965\n|move|p1a: Chansey|Soft-Boiled|p1a: Chansey\n|-heal|p1a: Chansey|564/564\n|move|p2a: Skeledirge|Torch Song|p1a: Chansey\n|-damage|p1a: Chansey|428/564\n|-boost|p2a: Skeledirge|spa|1\n|\n|upkeep\n|turn|12\n|inactive|Time left: 300 sec this turn | 300 sec total\n|\n|t:|1783548966\n|move|p1a: Chansey|Soft-Boiled|p1a: Chansey\n|-heal|p1a: Chansey|564/564\n|move|p2a: Skeledirge|Torch Song|p1a: Chansey\n|-damage|p1a: Chansey|390/564\n|-boost|p2a: Skeledirge|spa|1\n|\n|upkeep\n|turn|13\n|inactive|Time left: 300 sec this turn | 300 sec total\n|\n|t:|1783548967\n|move|p1a: Chansey|Soft-Boiled|p1a: Chansey\n|-heal|p1a: Chansey|564/564\n|cant|p2a: Skeledirge|par\n|\n|upkeep\n|turn|14\n|inactive|Time left: 300 sec this turn | 300 sec total\n|\n|t:|1783548968\n|move|p1a: Chansey|Soft-Boiled||[still]\n|-fail|p1a: Chansey|heal\n|move|p2a: Skeledirge|Torch Song|p1a: Chansey\n|-damage|p1a: Chansey|378/564\n|\n|upkeep\n|turn|15\n|inactive|Time left: 300 sec this turn | 300 sec total\n|\n|t:|1783548969\n|move|p1a: Chansey|Soft-Boiled|p1a: Chansey\n|-heal|p1a: Chansey|564/564\n|cant|p2a: Skeledirge|par\n|\n|upkeep\n|turn|16\n|inactive|Time left: 300 sec this turn | 300 sec total\n|\n|t:|1783548970\n|move|p1a: Chansey|Stealth Rock||[still]\n|-fail|p1a: Chansey\n|move|p2a: Skeledirge|Torch Song|p1a: Chansey\n|-damage|p1a: Chansey|378/564\n|\n|upkeep\n|turn|17\n|inactive|Time left: 300 sec this turn | 300 sec total\n|\n|t:|1783548971\n|move|p1a: Chansey|Soft-Boiled|p1a: Chansey\n|-heal|p1a: Chansey|564/564\n|move|p2a: Skeledirge|Torch Song|p1a: Chansey\n|-damage|p1a: Chansey|389/564\n|\n|upkeep\n|turn|18\n|inactive|Time left: 300 sec this turn | 300 sec total\n|\n|t:|1783548972\n|move|p1a: Chansey|Soft-Boiled|p1a: Chansey\n|-heal|p1a: Chansey|564/564\n|move|p2a: Skeledirge|Torch Song|p1a: Chansey\n|-damage|p1a: Chansey|365/564\n|\n|upkeep\n|turn|19\n|inactive|Time left: 300 sec this turn | 300 sec total\n|\n|t:|1783548973\n|move|p1a: Chansey|Thunder Wave|p2a: Skeledirge\n|-fail|p2a: Skeledirge|par\n|move|p2a: Skeledirge|Torch Song|p1a: Chansey\n|-damage|p1a: Chansey|172/564\n|\n|upkeep\n|turn|20\n|inactive|Time left: 300 sec this turn | 300 sec total\n|\n|t:|1783548974\n|move|p1a: Chansey|Seismic Toss|p2a: Skeledirge\n|-immune|p2a: Skeledirge\n|move|p2a: Skeledirge|Torch Song|p1a: Chansey\n|-damage|p1a: Chansey|0 fnt\n|faint|p1a: Chansey\n|\n|upkeep\n|inactive|Time left: 300 sec this turn | 300 sec total | 5 sec grace\n|\n|t:|1783548975\n|switch|p1a: Mewtwo|Mewtwo, L72|88/272\n|-ability|p1a: Mewtwo|Unnerve\n|turn|21\n|inactive|Time left: 300 sec this turn | 300 sec total\n|\n|t:|1783548976\n|move|p1a: Mewtwo|Psystrike|p2a: Skeledirge\n|-damage|p2a: Skeledirge|54/100 par\n|-damage|p1a: Mewtwo|61/272|[from] item: Life Orb\n|move|p2a: Skeledirge|Torch Song|p1a: Mewtwo\n|-damage|p1a: Mewtwo|0 fnt\n|faint|p1a: Mewtwo\n|\n|upkeep\n|inactive|Time left: 300 sec this turn | 300 sec total | 5 sec grace\n|\n|t:|1783548977\n|switch|p1a: Delphox|Delphox, L84, F|244/263\n|turn|22\n|inactive|Time left: 300 sec this turn | 300 sec total\n|\n|t:|1783548978\n|move|p1a: Delphox|Psyshock|p2a: Skeledirge\n|-damage|p2a: Skeledirge|24/100 par\n|move|p2a: Skeledirge|Slack Off|p2a: Skeledirge\n|-heal|p2a: Skeledirge|74/100 par\n|\n|upkeep\n|turn|23\n|inactive|Time left: 300 sec this turn | 300 sec total\n|\n|t:|1783548979\n|move|p1a: Delphox|Psyshock|p2a: Skeledirge\n|-damage|p2a: Skeledirge|42/100 par\n|move|p2a: Skeledirge|Shadow Ball|p1a: Delphox\n|-supereffective|p1a: Delphox\n|-damage|p1a: Delphox|0 fnt\n|faint|p1a: Delphox\n|\n|upkeep\n|inactive|Time left: 300 sec this turn | 300 sec total | 5 sec grace\n|\n|t:|1783548980\n|switch|p1a: Jumpluff|Jumpluff, L87, M|271/271\n|turn|24\n|inactive|Time left: 300 sec this turn | 300 sec total\n|\n|t:|1783548981\n|move|p1a: Jumpluff|Acrobatics|p2a: Skeledirge\n|-damage|p2a: Skeledirge|13/100 par\n|move|p2a: Skeledirge|Slack Off|p2a: Skeledirge\n|-heal|p2a: Skeledirge|63/100 par\n|\n|upkeep\n|turn|25\n|inactive|Time left: 300 sec this turn | 300 sec total\n|\n|t:|1783548983\n|move|p1a: Jumpluff|Acrobatics|p2a: Skeledirge\n|-crit|p2a: Skeledirge\n|-damage|p2a: Skeledirge|19/100 par\n|move|p2a: Skeledirge|Torch Song|p1a: Jumpluff\n|-supereffective|p1a: Jumpluff\n|-damage|p1a: Jumpluff|0 fnt\n|faint|p1a: Jumpluff\n|\n|upkeep\n|inactive|Time left: 300 sec this turn | 300 sec total | 5 sec grace\n|\n|t:|1783548984\n|switch|p1a: Illumise|Illumise, L91, F|266/266\n|turn|26\n|inactive|Time left: 300 sec this turn | 300 sec total\n|\n|t:|1783548985\n|-terastallize|p1a: Illumise|Steel\n|move|p1a: Illumise|Bug Buzz|p2a: Skeledirge\n|-resisted|p2a: Skeledirge\n|-damage|p2a: Skeledirge|11/100 par\n|move|p2a: Skeledirge|Shadow Ball|p1a: Illumise\n|-damage|p1a: Illumise|0 fnt\n|faint|p1a: Illumise\n|\n|win|p0y8451fc8", "uploadtime": 1783548985, "views": 0, "rating": 0, "private": 0, "password": null, "_winner": "p0y8451fc8", "_our_name": "p0x845a2c8"}