{"id": "battle-gen9randombattle-1920", "formatid": "gen9randombattle", "format": "[Gen 9] Random Battle", "players": ["p0x1920913d", "p0y19204afd"], "log": "|init|battle\n|title|p0x1920913d vs. p0y19204afd\n|j|\u2606p0x1920913d\n|j|\u2606p0y19204afd\n|t:|1783562210\n|gametype|singles\n|player|p1|p0x1920913d|169|\n|player|p2|p0y19204afd|266|\n|gen|9\n|tier|[Gen 9] Random Battle\n|rule|Species Clause: Limit one of each Pok\u00e9mon\n|rule|HP Percentage Mod: HP is shown in percentages\n|rule|Sleep Clause Mod: Limit one foe put to sleep\n|rule|Illusion Level Mod: Illusion disguises the Pok\u00e9mon's true level\n|\n|t:|1783562210\n|teamsize|p1|6\n|teamsize|p2|6\n|start\n|switch|p1a: Hitmontop|Hitmontop, L88, M|100/100\n|switch|p2a: Blissey|Blissey, L85, F|572/572\n|turn|1\n|inactive|Battle timer is ON: inactive players will automatically lose when time's up. (requested by p0y19204afd)\n|inactive|p0x1920913d also wants the timer to be on.\n|\n|t:|1783562211\n|switch|p2a: Necrozma|Necrozma-Dusk-Mane, L69|248/248\n|move|p1a: Hitmontop|Triple Axel|p2a: Necrozma\n|-resisted|p2a: Necrozma\n|-damage|p2a: Necrozma|238/248\n|-resisted|p2a: Necrozma\n|-damage|p2a: Necrozma|218/248\n|-resisted|p2a: Necrozma\n|-damage|p2a: Necrozma|186/248\n|-hitcount|p2a: Necrozma|3\n|\n|upkeep\n|turn|2\n|inactive|Time left: 300 sec this turn | 300 sec total\n|\n|t:|1783562212\n|move|p1a: Hitmontop|Bulk Up|p1a: Hitmontop\n|-boost|p1a: Hitmontop|atk|1\n|-boost|p1a: Hitmontop|def|1\n|move|p2a: Necrozma|Photon Geyser|p1a: Hitmontop\n|-supereffective|p1a: Hitmontop\n|-crit|p1a: Hitmontop\n|-damage|p1a: Hitmontop|0 fnt\n|faint|p1a: Hitmontop\n|\n|upkeep\n|\n|t:|1783562213\n|switch|p1a: Granbull|Granbull, L88, F|100/100\n|-ability|p1a: Granbull|Intimidate|boost\n|-unboost|p2a: Necrozma|atk|1\n|turn|3\n|inactive|Time left: 300 sec this turn | 300 sec total\n|\n|t:|1783562214\n|move|p2a: Necrozma|Dragon Dance|p2a: Necrozma\n|-boost|p2a: Necrozma|atk|1\n|-boost|p2a: Necrozma|spe|1\n|move|p1a: Granbull|Play Rough|p2a: Necrozma|[miss]\n|-miss|p1a: Granbull|p2a: Necrozma\n|\n|upkeep\n|turn|4\n|inactive|Time left: 300 sec this turn | 300 sec total\n|\n|t:|1783562215\n|-terastallize|p1a: Granbull|Ground\n|move|p2a: Necrozma|Sunsteel Strike|p1a: Granbull\n|-damage|p1a: Granbull|60/100\n|move|p1a: Granbull|Earthquake|p2a: Necrozma\n|-supereffective|p2a: Necrozma\n|-damage|p2a: Necrozma|14/248\n|-enditem|p2a: Necrozma|Weakness Policy\n|-boost|p2a: Necrozma|atk|2|[from] item: Weakness Policy\n|-boost|p2a: Necrozma|spa|2|[from] item: Weakness Policy\n|\n|-heal|p1a: Granbull|66/100|[from] item: Leftovers\n|upkeep\n|turn|5\n|inactive|Time left: 300 sec this turn | 300 sec total\n|\n|t:|1783562216\n|move|p2a: Necrozma|Photon Geyser|p1a: Granbull\n|-damage|p1a: Granbull|0 fnt\n|faint|p1a: Granbull\n|\n|upkeep\n|\n|t:|1783562216\n|switch|p1a: Dodrio|Dodrio, L85, F|100/100\n|turn|6\n|inactive|Time left: 300 sec this turn | 300 sec total\n|\n|t:|1783562217\n|move|p1a: Dodrio|Double-Edge|p2a: Necrozma\n|-resisted|p2a: Necrozma\n|-damage|p2a: Necrozma|0 fnt\n|faint|p2a: Necrozma\n|-damage|p1a: Dodrio|98/100|[from] Recoil\n|\n|upkeep\n|inactive|Time left: 300 sec this turn | 300 sec total | 5 sec grace\n|\n|t:|1783562218\n|switch|p2a: Falinks|Falinks, L84|246/246\n|turn|7\n|inactive|Time left: 300 sec this turn | 300 sec total\n|\n|t:|1783562219\n|-terastallize|p2a: Falinks|Dark\n|move|p1a: Dodrio|Brave Bird|p2a: Falinks\n|-damage|p2a: Falinks|116/246\n|-damage|p1a: Dodrio|81/100|[from] Recoil\n|move|p2a: Falinks|No Retreat|p2a: Falinks\n|-boost|p2a: Falinks|atk|1\n|-boost|p2a: Falinks|def|1\n|-boost|p2a: Falinks|spa|1\n|-boost|p2a: Falinks|spd|1\n|-boost|p2a: Falinks|spe|1\n|-start|p2a: Falinks|move: No Retreat\n|\n|upkeep\n|turn|8\n|inactive|Time left: 300 sec this turn | 300 sec total\n|\n|t:|1783562220\n|move|p2a: Falinks|Knock Off|p1a: Dodrio\n|-damage|p1a: Dodrio|0 fnt\n|-enditem|p1a: Dodrio|Heavy-Duty Boots|[from] move: Knock Off|[of] p2a: Falinks\n|faint|p1a: Dodrio\n|-damage|p2a: Falinks|92/246|[from] item: Life Orb\n|\n|upkeep\n|\n|t:|1783562221\n|switch|p1a: Lucario|Lucario, L84, M|100/100\n|turn|9\n|inactive|Time left: 300 sec this turn | 300 sec total\n|\n|t:|1783562222\n|move|p1a: Lucario|Vacuum Wave|p2a: Falinks\n|-supereffective|p2a: Falinks\n|-crit|p2a: Falinks\n|-damage|p2a: Falinks|0 fnt\n|faint|p2a: Falinks\n|-damage|p1a: Lucario|91/100|[from] item: Life Orb\n|\n|upkeep\n|inactive|Time left: 300 sec this turn | 300 sec total | 5 sec grace\n|\n|t:|1783562223\n|switch|p2a: Venomoth|Venomoth, L84, M|255/255\n|turn|10\n|inactive|Time left: 300 sec this turn | 300 sec total\n|\n|t:|1783562224\n|move|p2a: Venomoth|Quiver Dance|p2a: Venomoth\n|-boost|p2a: Venomoth|spa|1\n|-boost|p2a: Venomoth|spd|1\n|-boost|p2a: Venomoth|spe|1\n|move|p1a: Lucario|Nasty Plot|p1a: Lucario\n|-boost|p1a: Lucario|spa|2\n|\n|upkeep\n|turn|11\n|inactive|Time left: 300 sec this turn | 300 sec total\n|\n|t:|1783562225\n|move|p2a: Venomoth|Sleep Powder|p1a: Lucario|[miss]\n|-miss|p2a: Venomoth|p1a: Lucario\n|move|p1a: Lucario|Flash Cannon|p2a: Venomoth\n|-damage|p2a: Venomoth|59/255\n|-unboost|p2a: Venomoth|spd|1\n|-damage|p1a: Lucario|81/100|[from] item: Life Orb\n|\n|upkeep\n|turn|12\n|inactive|Time left: 300 sec this turn | 300 sec total\n|\n|t:|1783562226\n|move|p2a: Venomoth|Sleep Powder|p1a: Lucario|[miss]\n|-miss|p2a: Venomoth|p1a: Lucario\n|move|p1a: Lucario|Aura Sphere|p2a: Venomoth\n|-resisted|p2a: Venomoth\n|-damage|p2a: Venomoth|0 fnt\n|faint|p2a: Venomoth\n|-damage|p1a: Lucario|71/100|[from] item: Life Orb\n|\n|upkeep\n|inactive|Time left: 300 sec this turn | 300 sec total | 5 sec grace\n|\n|t:|1783562227\n|switch|p2a: Blissey|Blissey, L85, F|572/572\n|turn|13\n|inactive|Time left: 300 sec this turn | 300 sec total\n|\n|t:|1783562228\n|move|p1a: Lucario|Aura Sphere|p2a: Blissey\n|-supereffective|p2a: Blissey\n|-damage|p2a: Blissey|213/572\n|-damage|p1a: Lucario|61/100|[from] item: Life Orb\n|move|p2a: Blissey|Seismic Toss|p1a: Lucario\n|-damage|p1a: Lucario|28/100\n|\n|-heal|p2a: Blissey|248/572|[from] item: Leftovers\n|upkeep\n|turn|14\n|inactive|Time left: 300 sec this turn | 300 sec total\n|\n|t:|1783562229\n|move|p1a: Lucario|Aura Sphere|p2a: Blissey\n|-supereffective|p2a: Blissey\n|-damage|p2a: Blissey|0 fnt\n|faint|p2a: Blissey\n|-damage|p1a: Lucario|18/100|[from] item: Life Orb\n|\n|upkeep\n|inactive|Time left: 300 sec this turn | 300 sec total | 5 sec grace\n|\n|t:|1783562230\n|switch|p2a: Leafeon|Leafeon, L88, M|258/258\n|turn|15\n|inactive|Time left: 300 sec this turn | 300 sec total\n|\n|t:|1783562231\n|move|p1a: Lucario|Vacuum Wave|p2a: Leafeon\n|-damage|p2a: Leafeon|122/258\n|-damage|p1a: Lucario|8/100|[from] item: Life Orb\n|move|p2a: Leafeon|Leaf Blade|p1a: Lucario\n|-resisted|p1a: Lucario\n|-damage|p1a: Lucario|0 fnt\n|faint|p1a: Lucario\n|-damage|p2a: Leafeon|97/258|[from] item: Life Orb\n|\n|upkeep\n|\n|t:|1783562231\n|switch|p1a: Qwilfish|Qwilfish, L86, M|100/100\n|-ability|p1a: Qwilfish|Intimidate|boost\n|-unboost|p2a: Leafeon|atk|1\n|turn|16\n|inactive|Time left: 300 sec this turn | 300 sec total\n|\n|t:|1783562232\n|move|p2a: Leafeon|Synthesis|p2a: Leafeon\n|-heal|p2a: Leafeon|226/258\n|move|p1a: Qwilfish|Gunk Shot|p2a: Leafeon\n|-supereffective|p2a: Leafeon\n|-damage|p2a: Leafeon|44/258\n|\n|upkeep\n|turn|17\n|inactive|Time left: 300 sec this turn | 300 sec total\n|\n|t:|1783562233\n|move|p2a: Leafeon|Knock Off|p1a: Qwilfish\n|-damage|p1a: Qwilfish|72/100\n|-enditem|p1a: Qwilfish|Leftovers|[from] move: Knock Off|[of] p2a: Leafeon\n|-damage|p2a: Leafeon|19/258|[from] item: Life Orb\n|move|p1a: Qwilfish|Gunk Shot|p2a: Leafeon|[miss]\n|-miss|p1a: Qwilfish|p2a: Leafeon\n|\n|upkeep\n|turn|18\n|inactive|Time left: 300 sec this turn | 300 sec total\n|\n|t:|1783562235\n|move|p2a: Leafeon|Synthesis|p2a: Leafeon\n|-heal|p2a: Leafeon|148/258\n|move|p1a: Qwilfish|Gunk Shot|p2a: Leafeon\n|-supereffective|p2a: Leafeon\n|-damage|p2a: Leafeon|0 fnt\n|faint|p2a: Leafeon\n|\n|upkeep\n|inactive|Time left: 300 sec this turn | 300 sec total | 5 sec grace\n|\n|t:|1783562236\n|switch|p2a: Smeargle|Smeargle, L95, M|258/258\n|turn|19\n|inactive|Time left: 300 sec this turn | 300 sec total\n|\n|t:|1783562236\n|move|p2a: Smeargle|Spore|p1a: Qwilfish\n|-status|p1a: Qwilfish|slp|[from] move: Spore\n|cant|p1a: Qwilfish|slp\n|\n|upkeep\n|turn|20\n|inactive|Time left: 300 sec this turn | 300 sec total\n|\n|t:|1783562237\n|switch|p1a: Oinkologne|Oinkologne-F, L92, F|100/100\n|move|p2a: Smeargle|Sticky Web|p1a: Oinkologne\n|-sidestart|p1: p0x1920913d|move: Sticky Web\n|\n|upkeep\n|turn|21\n|inactive|Time left: 300 sec this turn | 300 sec total\n|\n|t:|1783562238\n|move|p2a: Smeargle|Spore|p1a: Oinkologne\n|-message|Sleep Clause Mod activated.\n|-hint|Sleep Clause Mod prevents players from putting more than one of their opponent's Pok\u00e9mon to sleep at a time\n|move|p1a: Oinkologne|Body Slam|p2a: Smeargle\n|-damage|p2a: Smeargle|98/258\n|\n|upkeep\n|turn|22\n|inactive|Time left: 300 sec this turn | 300 sec total\n|\n|t:|1783562239\n|move|p2a: Smeargle|Sticky Web||[still]\n|-fail|p2a: Smeargle\n|move|p1a: Oinkologne|Body Slam|p2a: Smeargle\n|-damage|p2a: Smeargle|0 fnt\n|faint|p2a: Smeargle\n|\n|win|p0x1920913d", "uploadtime": 1783562239, "views": 0, "rating": 0, "private": 0, "password": null, "_winner": "p0x1920913d", "_our_name": "p0y19204afd"}