{"id": "battle-gen9randombattle-676", "formatid": "gen9randombattle", "format": "[Gen 9] Random Battle", "players": ["p0x6764724", "p0y676701c"], "log": "|init|battle\n|title|p0x6764724 vs. p0y676701c\n|j|\u2606p0x6764724\n|j|\u2606p0y676701c\n|t:|1783546964\n|gametype|singles\n|player|p1|p0x6764724|2|\n|player|p2|p0y676701c|169|\n|gen|9\n|tier|[Gen 9] Random Battle\n|rule|Species Clause: Limit one of each Pok\u00e9mon\n|rule|HP Percentage Mod: HP is shown in percentages\n|rule|Sleep Clause Mod: Limit one foe put to sleep\n|rule|Illusion Level Mod: Illusion disguises the Pok\u00e9mon's true level\n|\n|t:|1783546964\n|teamsize|p1|6\n|teamsize|p2|6\n|start\n|switch|p1a: Granbull|Granbull, L88, M|302/302\n|switch|p2a: Scream Tail|Scream Tail, L84|100/100\n|-ability|p1a: Granbull|Intimidate|boost\n|-unboost|p2a: Scream Tail|atk|1\n|turn|1\n|inactive|Battle timer is ON: inactive players will automatically lose when time's up. (requested by p0y676701c)\n|inactive|Time left: 300 sec this turn | 300 sec total | 60 sec grace\n|inactive|p0x6764724 also wants the timer to be on.\n|\n|t:|1783546966\n|-end|p2a: Scream Tail|Protosynthesis|[silent]\n|switch|p2a: Krookodile|Krookodile, L79, F|100/100\n|-ability|p2a: Krookodile|Intimidate|boost\n|-unboost|p1a: Granbull|atk|1\n|switch|p1a: Gumshoos|Gumshoos, L95, M|321/321\n|\n|upkeep\n|turn|2\n|inactive|Time left: 300 sec this turn | 300 sec total\n|\n|t:|1783546967\n|move|p2a: Krookodile|Knock Off|p1a: Gumshoos\n|-damage|p1a: Gumshoos|172/321\n|-enditem|p1a: Gumshoos|Choice Band|[from] move: Knock Off|[of] p2a: Krookodile\n|-damage|p2a: Krookodile|90/100|[from] item: Life Orb\n|move|p1a: Gumshoos|Double-Edge|p2a: Krookodile\n|-damage|p2a: Krookodile|19/100\n|-damage|p1a: Gumshoos|106/321|[from] Recoil\n|\n|upkeep\n|turn|3\n|inactive|Time left: 300 sec this turn | 300 sec total\n|\n|t:|1783546968\n|move|p2a: Krookodile|Earthquake|p1a: Gumshoos\n|-damage|p1a: Gumshoos|0 fnt\n|faint|p1a: Gumshoos\n|-damage|p2a: Krookodile|9/100|[from] item: Life Orb\n|\n|upkeep\n|inactive|Time left: 300 sec this turn | 300 sec total | 5 sec grace\n|\n|t:|1783546969\n|switch|p1a: Zangoose|Zangoose, L85, F|263/263\n|turn|4\n|inactive|Time left: 300 sec this turn | 300 sec total\n|\n|t:|1783546970\n|switch|p2a: Ogerpon|Ogerpon-Hearthflame, L74, F|100/100\n|-ability|p2a: Ogerpon|Mold Breaker\n|move|p1a: Zangoose|Knock Off|p2a: Ogerpon\n|-damage|p2a: Ogerpon|72/100\n|\n|-status|p1a: Zangoose|tox|[from] item: Toxic Orb\n|upkeep\n|turn|5\n|inactive|Time left: 300 sec this turn | 300 sec total\n|\n|t:|1783546972\n|switch|p2a: Krookodile|Krookodile, L79, F|9/100\n|-ability|p2a: Krookodile|Intimidate|boost\n|-unboost|p1a: Zangoose|atk|1\n|move|p1a: Zangoose|Facade|p2a: Krookodile\n|-damage|p2a: Krookodile|0 fnt\n|faint|p2a: Krookodile\n|\n|-damage|p1a: Zangoose|247/263 tox|[from] psn\n|upkeep\n|\n|t:|1783546973\n|switch|p2a: Mewtwo|Mewtwo, L72|100/100\n|-ability|p2a: Mewtwo|Unnerve\n|turn|6\n|inactive|Time left: 300 sec this turn | 300 sec total\n|\n|t:|1783546974\n|-terastallize|p1a: Zangoose|Normal\n|move|p2a: Mewtwo|Psystrike|p1a: Zangoose\n|-damage|p1a: Zangoose|48/263 tox\n|-damage|p2a: Mewtwo|91/100|[from] item: Life Orb\n|move|p1a: Zangoose|Facade|p2a: Mewtwo\n|-damage|p2a: Mewtwo|1/100\n|\n|-damage|p1a: Zangoose|16/263 tox|[from] psn\n|upkeep\n|turn|7\n|inactive|Time left: 300 sec this turn | 300 sec total\n|\n|t:|1783546976\n|move|p2a: Mewtwo|Psystrike|p1a: Zangoose\n|-damage|p1a: Zangoose|0 fnt\n|faint|p1a: Zangoose\n|-damage|p2a: Mewtwo|0 fnt|[from] item: Life Orb\n|faint|p2a: Mewtwo\n|\n|upkeep\n|inactive|Time left: 300 sec this turn | 300 sec total | 5 sec grace\n|\n|t:|1783546977\n|switch|p2a: Ogerpon|Ogerpon-Hearthflame, L74, F|72/100\n|switch|p1a: Oricorio|Oricorio-Pa'u, L87, M|272/272\n|-ability|p2a: Ogerpon|Mold Breaker\n|turn|8\n|inactive|Time left: 300 sec this turn | 300 sec total\n|\n|t:|1783546978\n|-terastallize|p2a: Ogerpon|Fire\n|detailschange|p2a: Ogerpon|Ogerpon-Hearthflame-Tera, L74, F, tera:Fire\n|-ability|p2a: Ogerpon|Embody Aspect (Hearthflame)|boost\n|-boost|p2a: Ogerpon|atk|1\n|move|p1a: Oricorio|Hurricane|p2a: Ogerpon\n|-damage|p2a: Ogerpon|21/100\n|move|p2a: Ogerpon|Ivy Cudgel|p1a: Oricorio|[anim] Ivy Cudgel Fire\n|-damage|p1a: Oricorio|14/272\n|\n|upkeep\n|turn|9\n|inactive|Time left: 300 sec this turn | 300 sec total\n|\n|t:|1783546979\n|move|p1a: Oricorio|Revelation Dance|p2a: Ogerpon\n|-damage|p2a: Ogerpon|0 fnt\n|faint|p2a: Ogerpon\n|detailschange|p2: Ogerpon|Ogerpon-Hearthflame, L74, F|[silent]\n|\n|upkeep\n|\n|t:|1783546980\n|switch|p2a: Kilowattrel|Kilowattrel, L83, M|100/100\n|turn|10\n|inactive|Time left: 300 sec this turn | 300 sec total\n|\n|t:|1783546981\n|move|p2a: Kilowattrel|U-turn|p1a: Oricorio\n|-damage|p1a: Oricorio|0 fnt\n|faint|p1a: Oricorio\n|\n|t:|1783546982\n|switch|p2a: Zangoose|Zangoose, L85, F|100/100|[from] U-turn\n|\n|-status|p2a: Zangoose|tox|[from] item: Toxic Orb\n|upkeep\n|inactive|Time left: 300 sec this turn | 300 sec total | 10 sec grace\n|\n|t:|1783546983\n|switch|p1a: Granbull|Granbull, L88, M|302/302\n|-ability|p1a: Granbull|Intimidate|boost\n|-unboost|p2a: Zangoose|atk|1\n|turn|11\n|inactive|Time left: 300 sec this turn | 300 sec total\n|\n|t:|1783546984\n|move|p2a: Zangoose|Facade|p1a: Granbull\n|-damage|p1a: Granbull|113/302\n|move|p1a: Granbull|Play Rough|p2a: Zangoose\n|-damage|p2a: Zangoose|34/100 tox\n|\n|-heal|p1a: Granbull|131/302|[from] item: Leftovers\n|-damage|p2a: Zangoose|28/100 tox|[from] psn\n|upkeep\n|turn|12\n|inactive|Time left: 300 sec this turn | 300 sec total\n|\n|t:|1783546985\n|move|p2a: Zangoose|Facade|p1a: Granbull\n|-damage|p1a: Granbull|0 fnt\n|faint|p1a: Granbull\n|\n|-damage|p2a: Zangoose|16/100 tox|[from] psn\n|upkeep\n|inactive|Time left: 300 sec this turn | 300 sec total | 5 sec grace\n|\n|t:|1783546986\n|switch|p1a: Bellossom|Bellossom, L84, M|263/263\n|turn|13\n|inactive|Time left: 300 sec this turn | 300 sec total\n|\n|t:|1783546987\n|move|p2a: Zangoose|Facade|p1a: Bellossom\n|-damage|p1a: Bellossom|101/263\n|move|p1a: Bellossom|Quiver Dance|p1a: Bellossom\n|-boost|p1a: Bellossom|spa|1\n|-boost|p1a: Bellossom|spd|1\n|-boost|p1a: Bellossom|spe|1\n|\n|-heal|p1a: Bellossom|117/263|[from] item: Leftovers\n|-damage|p2a: Zangoose|0 fnt|[from] psn\n|faint|p2a: Zangoose\n|upkeep\n|\n|t:|1783546988\n|switch|p2a: Kilowattrel|Kilowattrel, L83, M|100/100\n|turn|14\n|inactive|Time left: 300 sec this turn | 300 sec total\n|\n|t:|1783546989\n|move|p2a: Kilowattrel|Hurricane|p1a: Bellossom|[miss]\n|-miss|p2a: Kilowattrel|p1a: Bellossom\n|move|p1a: Bellossom|Quiver Dance|p1a: Bellossom\n|-boost|p1a: Bellossom|spa|1\n|-boost|p1a: Bellossom|spd|1\n|-boost|p1a: Bellossom|spe|1\n|\n|-heal|p1a: Bellossom|133/263|[from] item: Leftovers\n|upkeep\n|turn|15\n|inactive|Time left: 300 sec this turn | 300 sec total\n|\n|t:|1783546990\n|move|p1a: Bellossom|Strength Sap|p2a: Kilowattrel\n|-unboost|p2a: Kilowattrel|atk|1\n|-heal|p1a: Bellossom|263/263\n|move|p2a: Kilowattrel|Hurricane|p1a: Bellossom|[miss]\n|-miss|p2a: Kilowattrel|p1a: Bellossom\n|\n|upkeep\n|turn|16\n|inactive|Time left: 300 sec this turn | 300 sec total\n|\n|t:|1783546990\n|switch|p2a: Scream Tail|Scream Tail, L84|100/100\n|move|p1a: Bellossom|Quiver Dance|p1a: Bellossom\n|-boost|p1a: Bellossom|spa|1\n|-boost|p1a: Bellossom|spd|1\n|-boost|p1a: Bellossom|spe|1\n|\n|upkeep\n|turn|17\n|inactive|Time left: 300 sec this turn | 300 sec total\n|\n|t:|1783546991\n|move|p1a: Bellossom|Quiver Dance|p1a: Bellossom\n|-boost|p1a: Bellossom|spa|1\n|-boost|p1a: Bellossom|spd|1\n|-boost|p1a: Bellossom|spe|1\n|move|p2a: Scream Tail|Encore|p1a: Bellossom\n|-start|p1a: Bellossom|Encore\n|\n|upkeep\n|turn|18\n|inactive|Time left: 300 sec this turn | 300 sec total\n|\n|t:|1783546992\n|move|p1a: Bellossom|Quiver Dance|p1a: Bellossom\n|-boost|p1a: Bellossom|spa|1\n|-boost|p1a: Bellossom|spd|1\n|-boost|p1a: Bellossom|spe|1\n|move|p2a: Scream Tail|Play Rough|p1a: Bellossom\n|-damage|p1a: Bellossom|191/263\n|-unboost|p1a: Bellossom|atk|1\n|\n|-heal|p1a: Bellossom|207/263|[from] item: Leftovers\n|upkeep\n|turn|19\n|inactive|Time left: 300 sec this turn | 300 sec total\n|\n|t:|1783546993\n|move|p1a: Bellossom|Quiver Dance|p1a: Bellossom\n|-boost|p1a: Bellossom|spa|1\n|-boost|p1a: Bellossom|spd|1\n|-boost|p1a: Bellossom|spe|1\n|move|p2a: Scream Tail|Play Rough|p1a: Bellossom\n|-damage|p1a: Bellossom|143/263\n|-unboost|p1a: Bellossom|atk|1\n|\n|-heal|p1a: Bellossom|159/263|[from] item: Leftovers\n|upkeep\n|turn|20\n|inactive|Time left: 300 sec this turn | 300 sec total\n|\n|t:|1783546993\n|move|p1a: Bellossom|Quiver Dance|p1a: Bellossom\n|-boost|p1a: Bellossom|spa|0\n|-boost|p1a: Bellossom|spd|0\n|-boost|p1a: Bellossom|spe|0\n|move|p2a: Scream Tail|Encore||[still]\n|-fail|p2a: Scream Tail\n|\n|-heal|p1a: Bellossom|175/263|[from] item: Leftovers\n|-end|p1a: Bellossom|Encore\n|upkeep\n|turn|21\n|inactive|Time left: 300 sec this turn | 300 sec total\n|\n|t:|1783546994\n|move|p2a: Scream Tail|Protect|p2a: Scream Tail\n|-singleturn|p2a: Scream Tail|Protect\n|move|p1a: Bellossom|Giga Drain|p2a: Scream Tail\n|-activate|p2a: Scream Tail|move: Protect\n|\n|-heal|p1a: Bellossom|191/263|[from] item: Leftovers\n|upkeep\n|turn|22\n|inactive|Time left: 300 sec this turn | 300 sec total\n|\n|t:|1783546995\n|move|p1a: Bellossom|Giga Drain|p2a: Scream Tail\n|-damage|p2a: Scream Tail|27/100\n|-heal|p1a: Bellossom|263/263|[from] drain|[of] p2a: Scream Tail\n|move|p2a: Scream Tail|Wish|p2a: Scream Tail\n|\n|-heal|p2a: Scream Tail|34/100|[from] item: Leftovers\n|upkeep\n|turn|23\n|inactive|Time left: 300 sec this turn | 300 sec total\n|\n|t:|1783546995\n|move|p2a: Scream Tail|Protect|p2a: Scream Tail\n|-singleturn|p2a: Scream Tail|Protect\n|move|p1a: Bellossom|Tera Blast|p2a: Scream Tail\n|-activate|p2a: Scream Tail|move: Protect\n|\n|-heal|p2a: Scream Tail|84/100|[from] move: Wish|[wisher] Scream Tail\n|-heal|p2a: Scream Tail|90/100|[from] item: Leftovers\n|upkeep\n|turn|24\n|inactive|Time left: 300 sec this turn | 300 sec total\n|\n|t:|1783546996\n|move|p1a: Bellossom|Giga Drain|p2a: Scream Tail\n|-damage|p2a: Scream Tail|22/100\n|move|p2a: Scream Tail|Wish|p2a: Scream Tail\n|\n|-heal|p2a: Scream Tail|28/100|[from] item: Leftovers\n|upkeep\n|turn|25\n|inactive|Time left: 300 sec this turn | 300 sec total\n|\n|t:|1783546997\n|move|p2a: Scream Tail|Protect|p2a: Scream Tail\n|-singleturn|p2a: Scream Tail|Protect\n|move|p1a: Bellossom|Tera Blast|p2a: Scream Tail\n|-activate|p2a: Scream Tail|move: Protect\n|\n|-heal|p2a: Scream Tail|78/100|[from] move: Wish|[wisher] Scream Tail\n|-heal|p2a: Scream Tail|84/100|[from] item: Leftovers\n|upkeep\n|turn|26\n|inactive|Time left: 300 sec this turn | 300 sec total\n|\n|t:|1783546998\n|move|p2a: Scream Tail|Protect||[still]\n|-fail|p2a: Scream Tail\n|move|p1a: Bellossom|Giga Drain|p2a: Scream Tail\n|-damage|p2a: Scream Tail|16/100\n|\n|-heal|p2a: Scream Tail|22/100|[from] item: Leftovers\n|upkeep\n|turn|27\n|inactive|Time left: 300 sec this turn | 300 sec total\n|\n|t:|1783546998\n|move|p2a: Scream Tail|Protect|p2a: Scream Tail\n|-singleturn|p2a: Scream Tail|Protect\n|move|p1a: Bellossom|Tera Blast|p2a: Scream Tail\n|-activate|p2a: Scream Tail|move: Protect\n|\n|-heal|p2a: Scream Tail|28/100|[from] item: Leftovers\n|upkeep\n|turn|28\n|inactive|Time left: 300 sec this turn | 300 sec total\n|\n|t:|1783546999\n|move|p2a: Scream Tail|Protect|p2a: Scream Tail\n|-singleturn|p2a: Scream Tail|Protect\n|move|p1a: Bellossom|Tera Blast|p2a: Scream Tail\n|-activate|p2a: Scream Tail|move: Protect\n|\n|-heal|p2a: Scream Tail|34/100|[from] item: Leftovers\n|upkeep\n|turn|29\n|inactive|Time left: 300 sec this turn | 300 sec total\n|\n|t:|1783547000\n|move|p2a: Scream Tail|Protect|p2a: Scream Tail\n|-singleturn|p2a: Scream Tail|Protect\n|move|p1a: Bellossom|Tera Blast|p2a: Scream Tail\n|-activate|p2a: Scream Tail|move: Protect\n|\n|-heal|p2a: Scream Tail|40/100|[from] item: Leftovers\n|upkeep\n|turn|30\n|inactive|Time left: 300 sec this turn | 300 sec total\n|\n|t:|1783547001\n|move|p1a: Bellossom|Tera Blast|p2a: Scream Tail\n|-damage|p2a: Scream Tail|0 fnt\n|faint|p2a: Scream Tail\n|-end|p2a: Scream Tail|Protosynthesis|[silent]\n|\n|upkeep\n|\n|t:|1783547001\n|switch|p2a: Kilowattrel|Kilowattrel, L83, M|100/100\n|turn|31\n|inactive|Time left: 300 sec this turn | 300 sec total\n|\n|t:|1783547002\n|move|p1a: Bellossom|Tera Blast|p2a: Kilowattrel\n|-damage|p2a: Kilowattrel|0 fnt\n|faint|p2a: Kilowattrel\n|\n|win|p0x6764724", "uploadtime": 1783547002, "views": 0, "rating": 0, "private": 0, "password": null, "_winner": "p0x6764724", "_our_name": "p0x6764724"}