{"id": "battle-gen9randombattle-2013", "formatid": "gen9randombattle", "format": "[Gen 9] Random Battle", "players": ["p0x2013b729", "p0y2013ae69"], "log": "|init|battle\n|title|p0x2013b729 vs. p0y2013ae69\n|j|\u2606p0x2013b729\n|j|\u2606p0y2013ae69\n|t:|1783563312\n|gametype|singles\n|player|p1|p0x2013b729|169|\n|player|p2|p0y2013ae69|169|\n|gen|9\n|tier|[Gen 9] Random Battle\n|rule|Species Clause: Limit one of each Pok\u00e9mon\n|rule|HP Percentage Mod: HP is shown in percentages\n|rule|Sleep Clause Mod: Limit one foe put to sleep\n|rule|Illusion Level Mod: Illusion disguises the Pok\u00e9mon's true level\n|\n|t:|1783563312\n|teamsize|p1|6\n|teamsize|p2|6\n|start\n|switch|p1a: Overqwil|Overqwil, L82, F|274/274\n|switch|p2a: Blaziken|Blaziken, L76, F|100/100\n|-ability|p1a: Overqwil|Intimidate|boost\n|-unboost|p2a: Blaziken|atk|1\n|turn|1\n|inactive|Battle timer is ON: inactive players will automatically lose when time's up. (requested by p0x2013b729)\n|inactive|p0y2013ae69 also wants the timer to be on.\n|\n|t:|1783563314\n|move|p1a: Overqwil|Gunk Shot|p2a: Blaziken\n|-damage|p2a: Blaziken|23/100\n|move|p2a: Blaziken|Swords Dance|p2a: Blaziken\n|-boost|p2a: Blaziken|atk|2\n|\n|-ability|p2a: Blaziken|Speed Boost|boost\n|-boost|p2a: Blaziken|spe|1\n|upkeep\n|turn|2\n|inactive|Time left: 300 sec this turn | 300 sec total\n|\n|t:|1783563315\n|switch|p1a: Skarmory|Skarmory, L80, F|235/235\n|-terastallize|p2a: Blaziken|Fighting\n|move|p2a: Blaziken|Close Combat|p1a: Skarmory\n|-ability|p1a: Skarmory|Sturdy\n|-damage|p1a: Skarmory|1/235\n|-unboost|p2a: Blaziken|def|1\n|-unboost|p2a: Blaziken|spd|1\n|-damage|p2a: Blaziken|6/100|[from] item: Rocky Helmet|[of] p1a: Skarmory\n|-damage|p2a: Blaziken|0 fnt|[from] item: Life Orb\n|faint|p2a: Blaziken\n|\n|upkeep\n|\n|t:|1783563316\n|switch|p2a: Spidops|Spidops, L96, M|100/100\n|turn|3\n|inactive|Time left: 300 sec this turn | 300 sec total\n|\n|t:|1783563317\n|move|p1a: Skarmory|Roost|p1a: Skarmory\n|-heal|p1a: Skarmory|119/235\n|-singleturn|p1a: Skarmory|move: Roost\n|move|p2a: Spidops|Sticky Web|p1a: Skarmory\n|-sidestart|p1: p0x2013b729|move: Sticky Web\n|\n|upkeep\n|turn|4\n|inactive|Time left: 300 sec this turn | 300 sec total\n|\n|t:|1783563318\n|switch|p2a: Noctowl|Noctowl, L95, M|100/100\n|move|p1a: Skarmory|Roost|p1a: Skarmory\n|-heal|p1a: Skarmory|235/235\n|-singleturn|p1a: Skarmory|move: Roost\n|\n|upkeep\n|turn|5\n|inactive|Time left: 300 sec this turn | 300 sec total\n|\n|t:|1783563319\n|move|p2a: Noctowl|Nasty Plot|p2a: Noctowl\n|-boost|p2a: Noctowl|spa|2\n|move|p1a: Skarmory|Stealth Rock|p2a: Noctowl\n|-sidestart|p2: p0y2013ae69|move: Stealth Rock\n|\n|upkeep\n|turn|6\n|inactive|Time left: 300 sec this turn | 300 sec total\n|\n|t:|1783563320\n|move|p2a: Noctowl|Hyper Voice|p1a: Skarmory\n|-resisted|p1a: Skarmory\n|-ability|p1a: Skarmory|Sturdy\n|-damage|p1a: Skarmory|1/235\n|move|p1a: Skarmory|Roost|p1a: Skarmory\n|-heal|p1a: Skarmory|119/235\n|-singleturn|p1a: Skarmory|move: Roost\n|\n|upkeep\n|turn|7\n|inactive|Time left: 300 sec this turn | 300 sec total\n|\n|t:|1783563321\n|move|p2a: Noctowl|Hyper Voice|p1a: Skarmory\n|-resisted|p1a: Skarmory\n|-damage|p1a: Skarmory|0 fnt\n|faint|p1a: Skarmory\n|\n|upkeep\n|inactive|Time left: 300 sec this turn | 300 sec total | 5 sec grace\n|\n|t:|1783563322\n|switch|p1a: Oranguru|Oranguru, L92, M|315/315\n|-activate|p1a: Oranguru|move: Sticky Web\n|-unboost|p1a: Oranguru|spe|1\n|turn|8\n|inactive|Time left: 300 sec this turn | 300 sec total\n|\n|t:|1783563323\n|move|p2a: Noctowl|Hyper Voice|p1a: Oranguru\n|-damage|p1a: Oranguru|129/315\n|move|p1a: Oranguru|Thunderbolt|p2a: Noctowl\n|-supereffective|p2a: Noctowl\n|-damage|p2a: Noctowl|50/100\n|\n|upkeep\n|turn|9\n|inactive|Time left: 300 sec this turn | 300 sec total\n|\n|t:|1783563325\n|move|p2a: Noctowl|Hyper Voice|p1a: Oranguru\n|-damage|p1a: Oranguru|0 fnt\n|faint|p1a: Oranguru\n|\n|upkeep\n|inactive|Time left: 300 sec this turn | 300 sec total | 5 sec grace\n|\n|t:|1783563326\n|switch|p1a: Chien-Pao|Chien-Pao, L72|234/234\n|-activate|p1a: Chien-Pao|move: Sticky Web\n|-unboost|p1a: Chien-Pao|spe|1\n|-ability|p1a: Chien-Pao|Sword of Ruin\n|turn|10\n|inactive|Time left: 300 sec this turn | 300 sec total\n|\n|t:|1783563327\n|switch|p2a: Spidops|Spidops, L96, M|100/100\n|move|p1a: Chien-Pao|Ice Shard|p2a: Spidops\n|-damage|p2a: Spidops|75/100\n|\n|upkeep\n|turn|11\n|inactive|Time left: 300 sec this turn | 300 sec total\n|\n|t:|1783563328\n|move|p1a: Chien-Pao|Ice Shard|p2a: Spidops\n|-damage|p2a: Spidops|52/100\n|move|p2a: Spidops|U-turn|p1a: Chien-Pao\n|-supereffective|p1a: Chien-Pao\n|-crit|p1a: Chien-Pao\n|-damage|p1a: Chien-Pao|0 fnt\n|faint|p1a: Chien-Pao\n|\n|t:|1783563329\n|switch|p2a: Cyclizar|Cyclizar, L84, M|100/100|[from] U-turn\n|\n|upkeep\n|inactive|Time left: 300 sec this turn | 300 sec total | 10 sec grace\n|\n|t:|1783563330\n|switch|p1a: Overqwil|Overqwil, L82, F|274/274\n|-activate|p1a: Overqwil|move: Sticky Web\n|-unboost|p1a: Overqwil|spe|1\n|-ability|p1a: Overqwil|Intimidate|boost\n|-unboost|p2a: Cyclizar|atk|1\n|turn|12\n|inactive|Time left: 300 sec this turn | 300 sec total\n|\n|t:|1783563331\n|move|p2a: Cyclizar|Shed Tail|p2a: Cyclizar\n|-start|p2a: Cyclizar|Substitute|[from] move: Shed Tail\n|-damage|p2a: Cyclizar|50/100\n|\n|t:|1783563332\n|switch|p2a: Noctowl|Noctowl, L95, M|50/100|[from] Shed Tail\n|move|p1a: Overqwil|Swords Dance|p1a: Overqwil\n|-boost|p1a: Overqwil|atk|2\n|\n|upkeep\n|turn|13\n|inactive|Time left: 300 sec this turn | 300 sec total\n|\n|t:|1783563333\n|move|p2a: Noctowl|Hyper Voice|p1a: Overqwil\n|-damage|p1a: Overqwil|136/274\n|move|p1a: Overqwil|Scale Shot|p2a: Noctowl\n|-activate|p2a: Noctowl|move: Substitute|[damage]\n|-end|p2a: Noctowl|Substitute\n|-damage|p2a: Noctowl|35/100\n|-damage|p2a: Noctowl|20/100\n|-crit|p2a: Noctowl\n|-damage|p2a: Noctowl|0 fnt\n|faint|p2a: Noctowl\n|-hitcount|p2: Noctowl|5\n|-unboost|p1a: Overqwil|def|1\n|-boost|p1a: Overqwil|spe|1\n|\n|upkeep\n|\n|t:|1783563334\n|switch|p2a: Haxorus|Haxorus, L77, M|100/100\n|-damage|p2a: Haxorus|88/100|[from] Stealth Rock\n|-ability|p2a: Haxorus|Mold Breaker\n|turn|14\n|inactive|Time left: 300 sec this turn | 300 sec total\n|\n|t:|1783563335\n|move|p2a: Haxorus|Scale Shot|p1a: Overqwil\n|-damage|p1a: Overqwil|90/274\n|-damage|p1a: Overqwil|48/274\n|-damage|p1a: Overqwil|0 fnt\n|faint|p1a: Overqwil\n|-hitcount|p1: Overqwil|3\n|-unboost|p2a: Haxorus|def|1\n|-boost|p2a: Haxorus|spe|1\n|\n|upkeep\n|inactive|Time left: 300 sec this turn | 300 sec total | 5 sec grace\n|\n|t:|1783563335\n|switch|p1a: Eternatus|Eternatus, L69|308/308\n|-activate|p1a: Eternatus|move: Sticky Web\n|-unboost|p1a: Eternatus|spe|1\n|-ability|p1a: Eternatus|Pressure\n|turn|15\n|inactive|Time left: 300 sec this turn | 300 sec total\n|\n|t:|1783563337\n|move|p2a: Haxorus|Scale Shot|p1a: Eternatus\n|-supereffective|p1a: Eternatus\n|-damage|p1a: Eternatus|240/308\n|-supereffective|p1a: Eternatus\n|-damage|p1a: Eternatus|168/308\n|-supereffective|p1a: Eternatus\n|-damage|p1a: Eternatus|100/308\n|-supereffective|p1a: Eternatus\n|-damage|p1a: Eternatus|32/308\n|-supereffective|p1a: Eternatus\n|-damage|p1a: Eternatus|0 fnt\n|faint|p1a: Eternatus\n|-hitcount|p1: Eternatus|5\n|-unboost|p2a: Haxorus|def|1\n|-boost|p2a: Haxorus|spe|1\n|\n|upkeep\n|inactive|Time left: 300 sec this turn | 300 sec total | 5 sec grace\n|\n|t:|1783563337\n|switch|p1a: Gastrodon|Gastrodon, L86, M|331/331\n|-activate|p1a: Gastrodon|move: Sticky Web\n|-unboost|p1a: Gastrodon|spe|1\n|turn|16\n|inactive|Time left: 300 sec this turn | 300 sec total\n|\n|t:|1783563339\n|move|p2a: Haxorus|Swords Dance|p2a: Haxorus\n|-boost|p2a: Haxorus|atk|2\n|move|p1a: Gastrodon|Earthquake|p2a: Haxorus\n|-damage|p2a: Haxorus|0 fnt\n|faint|p2a: Haxorus\n|\n|upkeep\n|\n|t:|1783563340\n|switch|p2a: Cyclizar|Cyclizar, L84, M|84/100\n|turn|17\n|inactive|Time left: 300 sec this turn | 300 sec total\n|\n|t:|1783563341\n|switch|p2a: Spidops|Spidops, L96, M|52/100\n|move|p1a: Gastrodon|Earthquake|p2a: Spidops\n|-resisted|p2a: Spidops\n|-damage|p2a: Spidops|36/100\n|\n|upkeep\n|turn|18\n|inactive|Time left: 300 sec this turn | 300 sec total\n|\n|t:|1783563342\n|move|p2a: Spidops|Toxic Spikes|p1a: Gastrodon\n|-sidestart|p1: p0x2013b729|move: Toxic Spikes\n|move|p1a: Gastrodon|Earthquake|p2a: Spidops\n|-resisted|p2a: Spidops\n|-damage|p2a: Spidops|19/100\n|\n|upkeep\n|turn|19\n|inactive|Time left: 300 sec this turn | 300 sec total\n|\n|t:|1783563343\n|switch|p2a: Cyclizar|Cyclizar, L84, M|100/100\n|move|p1a: Gastrodon|Surf|p2a: Cyclizar\n|-resisted|p2a: Cyclizar\n|-damage|p2a: Cyclizar|78/100\n|\n|upkeep\n|turn|20\n|inactive|Time left: 300 sec this turn | 300 sec total\n|\n|t:|1783563344\n|move|p2a: Cyclizar|Knock Off|p1a: Gastrodon\n|-damage|p1a: Gastrodon|257/331\n|-enditem|p1a: Gastrodon|Leftovers|[from] move: Knock Off|[of] p2a: Cyclizar\n|move|p1a: Gastrodon|Earthquake|p2a: Cyclizar\n|-damage|p2a: Cyclizar|30/100\n|\n|upkeep\n|turn|21\n|inactive|Time left: 300 sec this turn | 300 sec total\n|\n|t:|1783563345\n|move|p2a: Cyclizar|Draco Meteor|p1a: Gastrodon|[miss]\n|-miss|p2a: Cyclizar|p1a: Gastrodon\n|move|p1a: Gastrodon|Sludge Bomb|p2a: Cyclizar\n|-damage|p2a: Cyclizar|0 fnt\n|faint|p2a: Cyclizar\n|\n|upkeep\n|\n|t:|1783563346\n|switch|p2a: Spidops|Spidops, L96, M|19/100\n|turn|22\n|inactive|Time left: 300 sec this turn | 300 sec total\n|\n|t:|1783563346\n|-terastallize|p1a: Gastrodon|Poison\n|move|p2a: Spidops|Sticky Web||[still]\n|-fail|p2a: Spidops\n|move|p1a: Gastrodon|Sludge Bomb|p2a: Spidops\n|-damage|p2a: Spidops|0 fnt\n|faint|p2a: Spidops\n|\n|upkeep\n|\n|t:|1783563347\n|switch|p2a: Regieleki|Regieleki, L79|100/100\n|-damage|p2a: Regieleki|88/100|[from] Stealth Rock\n|turn|23\n|inactive|Time left: 300 sec this turn | 300 sec total\n|\n|t:|1783563348\n|move|p2a: Regieleki|Thunderbolt|p1a: Gastrodon\n|-damage|p1a: Gastrodon|113/331\n|move|p1a: Gastrodon|Earthquake|p2a: Regieleki\n|-supereffective|p2a: Regieleki\n|-damage|p2a: Regieleki|0 fnt\n|faint|p2a: Regieleki\n|\n|win|p0x2013b729", "uploadtime": 1783563348, "views": 0, "rating": 0, "private": 0, "password": null, "_winner": "p0x2013b729", "_our_name": "p0x2013b729"}