{"id": "battle-gen9randombattle-2565", "formatid": "gen9randombattle", "format": "[Gen 9] Random Battle", "players": ["p0x25652361", "p0y2565876d"], "log": "|init|battle\n|title|p0x25652361 vs. p0y2565876d\n|j|\u2606p0x25652361\n|j|\u2606p0y2565876d\n|t:|1783568701\n|gametype|singles\n|player|p1|p0x25652361|266|\n|player|p2|p0y2565876d|265|\n|gen|9\n|tier|[Gen 9] Random Battle\n|rule|Species Clause: Limit one of each Pok\u00e9mon\n|rule|HP Percentage Mod: HP is shown in percentages\n|rule|Sleep Clause Mod: Limit one foe put to sleep\n|rule|Illusion Level Mod: Illusion disguises the Pok\u00e9mon's true level\n|\n|t:|1783568701\n|teamsize|p1|6\n|teamsize|p2|6\n|start\n|switch|p1a: Mew|Mew, L82|100/100\n|switch|p2a: Dondozo|Dondozo, L78, F|362/362\n|turn|1\n|inactive|Battle timer is ON: inactive players will automatically lose when time's up. (requested by p0y2565876d)\n|\n|t:|1783568703\n|move|p1a: Mew|Stealth Rock|p2a: Dondozo\n|-sidestart|p2: p0y2565876d|move: Stealth Rock\n|move|p2a: Dondozo|Wave Crash|p1a: Mew\n|-damage|p1a: Mew|65/100\n|-damage|p2a: Dondozo|327/362|[from] Recoil\n|\n|-heal|p1a: Mew|71/100|[from] item: Leftovers\n|-heal|p2a: Dondozo|349/362|[from] item: Leftovers\n|upkeep\n|turn|2\n|inactive|Time left: 300 sec this turn | 300 sec total\n|inactive|p0x25652361 also wants the timer to be on.\n|\n|t:|1783568704\n|move|p1a: Mew|Toxic Spikes|p2a: Dondozo\n|-sidestart|p2: p0y2565876d|move: Toxic Spikes\n|move|p2a: Dondozo|Wave Crash|p1a: Mew\n|-damage|p1a: Mew|35/100\n|-damage|p2a: Dondozo|313/362|[from] Recoil\n|\n|-heal|p1a: Mew|41/100|[from] item: Leftovers\n|-heal|p2a: Dondozo|335/362|[from] item: Leftovers\n|upkeep\n|turn|3\n|inactive|Time left: 300 sec this turn | 300 sec total\n|\n|t:|1783568706\n|switch|p2a: Araquanid|Araquanid, L82, F|246/246\n|move|p1a: Mew|Toxic Spikes|p2a: Araquanid\n|-sidestart|p2: p0y2565876d|move: Toxic Spikes\n|\n|-heal|p1a: Mew|47/100|[from] item: Leftovers\n|upkeep\n|turn|4\n|inactive|Time left: 300 sec this turn | 300 sec total\n|\n|t:|1783568707\n|move|p1a: Mew|Knock Off|p2a: Araquanid\n|-damage|p2a: Araquanid|182/246\n|-enditem|p2a: Araquanid|Heavy-Duty Boots|[from] move: Knock Off|[of] p1a: Mew\n|move|p2a: Araquanid|Sticky Web|p1a: Mew\n|-sidestart|p1: p0x25652361|move: Sticky Web\n|\n|-heal|p1a: Mew|53/100|[from] item: Leftovers\n|upkeep\n|turn|5\n|inactive|Time left: 300 sec this turn | 300 sec total\n|\n|t:|1783568708\n|move|p1a: Mew|Psychic Noise|p2a: Araquanid\n|-damage|p2a: Araquanid|128/246\n|-start|p2a: Araquanid|move: Heal Block\n|cant|p2a: Araquanid|move: Heal Block|Leech Life\n|\n|-heal|p1a: Mew|59/100|[from] item: Leftovers\n|upkeep\n|turn|6\n|inactive|Time left: 300 sec this turn | 300 sec total\n|\n|t:|1783568710\n|move|p1a: Mew|Knock Off|p2a: Araquanid\n|-damage|p2a: Araquanid|86/246\n|move|p2a: Araquanid|Liquidation|p1a: Mew\n|-damage|p1a: Mew|17/100\n|\n|-heal|p1a: Mew|23/100|[from] item: Leftovers\n|-end|p2a: Araquanid|move: Heal Block\n|upkeep\n|turn|7\n|inactive|Time left: 300 sec this turn | 300 sec total\n|\n|t:|1783568712\n|switch|p2a: Coalossal|Coalossal, L89, F|341/341\n|move|p1a: Mew|Psychic Noise|p2a: Coalossal\n|-damage|p2a: Coalossal|274/341\n|-start|p2a: Coalossal|move: Heal Block\n|\n|-heal|p1a: Mew|29/100|[from] item: Leftovers\n|upkeep\n|turn|8\n|inactive|Time left: 300 sec this turn | 300 sec total\n|\n|t:|1783568713\n|move|p1a: Mew|Psychic Noise|p2a: Coalossal\n|-damage|p2a: Coalossal|205/341\n|move|p2a: Coalossal|Rapid Spin|p1a: Mew\n|-damage|p1a: Mew|19/100\n|-boost|p2a: Coalossal|spe|1\n|-sideend|p2: p0y2565876d|Toxic Spikes|[from] move: Rapid Spin|[of] p2a: Coalossal\n|-sideend|p2: p0y2565876d|Stealth Rock|[from] move: Rapid Spin|[of] p2a: Coalossal\n|\n|-heal|p1a: Mew|25/100|[from] item: Leftovers\n|-end|p2a: Coalossal|move: Heal Block\n|upkeep\n|turn|9\n|inactive|Time left: 300 sec this turn | 300 sec total\n|\n|t:|1783568715\n|move|p1a: Mew|Stealth Rock|p2a: Coalossal\n|-sidestart|p2: p0y2565876d|move: Stealth Rock\n|move|p2a: Coalossal|Stone Edge|p1a: Mew\n|-damage|p1a: Mew|0 fnt\n|faint|p1a: Mew\n|\n|upkeep\n|\n|t:|1783568715\n|switch|p1a: Torterra|Torterra, L78, M|100/100\n|-activate|p1a: Torterra|move: Sticky Web\n|-unboost|p1a: Torterra|spe|1\n|turn|10\n|inactive|Time left: 300 sec this turn | 300 sec total\n|\n|t:|1783568717\n|move|p2a: Coalossal|Overheat|p1a: Torterra\n|-supereffective|p1a: Torterra\n|-damage|p1a: Torterra|0 fnt\n|-unboost|p2a: Coalossal|spa|2\n|faint|p1a: Torterra\n|\n|upkeep\n|\n|t:|1783568718\n|switch|p1a: Meganium|Meganium, L90, M|100/100\n|-activate|p1a: Meganium|move: Sticky Web\n|-unboost|p1a: Meganium|spe|1\n|turn|11\n|inactive|Time left: 300 sec this turn | 300 sec total\n|\n|t:|1783568719\n|move|p2a: Coalossal|Rapid Spin|p1a: Meganium\n|-damage|p1a: Meganium|91/100\n|-boost|p2a: Coalossal|spe|1\n|-sideend|p2: p0y2565876d|Stealth Rock|[from] move: Rapid Spin|[of] p2a: Coalossal\n|move|p1a: Meganium|Swords Dance|p1a: Meganium\n|-boost|p1a: Meganium|atk|2\n|\n|-heal|p1a: Meganium|97/100|[from] item: Leftovers\n|upkeep\n|turn|12\n|inactive|Time left: 300 sec this turn | 300 sec total\n|\n|t:|1783568720\n|switch|p2a: Shiftry|Shiftry, L89, M|305/305\n|move|p1a: Meganium|Earthquake|p2a: Shiftry\n|-resisted|p2a: Shiftry\n|-damage|p2a: Shiftry|221/305\n|\n|-heal|p1a: Meganium|100/100|[from] item: Leftovers\n|upkeep\n|turn|13\n|inactive|Time left: 300 sec this turn | 300 sec total\n|\n|t:|1783568721\n|move|p2a: Shiftry|Knock Off|p1a: Meganium\n|-damage|p1a: Meganium|57/100\n|-enditem|p1a: Meganium|Leftovers|[from] move: Knock Off|[of] p2a: Shiftry\n|-damage|p2a: Shiftry|191/305|[from] item: Life Orb\n|move|p1a: Meganium|Earthquake|p2a: Shiftry\n|-resisted|p2a: Shiftry\n|-damage|p2a: Shiftry|106/305\n|\n|upkeep\n|turn|14\n|inactive|Time left: 300 sec this turn | 300 sec total\n|\n|t:|1783568722\n|move|p2a: Shiftry|Low Kick|p1a: Meganium\n|-damage|p1a: Meganium|28/100\n|-damage|p2a: Shiftry|76/305|[from] item: Life Orb\n|move|p1a: Meganium|Knock Off|p2a: Shiftry\n|-resisted|p2a: Shiftry\n|-damage|p2a: Shiftry|0 fnt\n|-enditem|p2a: Shiftry|Life Orb|[from] move: Knock Off|[of] p1a: Meganium\n|faint|p2a: Shiftry\n|\n|upkeep\n|inactive|Time left: 300 sec this turn | 300 sec total | 5 sec grace\n|\n|t:|1783568723\n|switch|p2a: Falinks|Falinks, L84|246/246\n|turn|15\n|inactive|Time left: 300 sec this turn | 300 sec total\n|\n|t:|1783568724\n|move|p2a: Falinks|No Retreat|p2a: Falinks\n|-boost|p2a: Falinks|atk|1\n|-boost|p2a: Falinks|def|1\n|-boost|p2a: Falinks|spa|1\n|-boost|p2a: Falinks|spd|1\n|-boost|p2a: Falinks|spe|1\n|-start|p2a: Falinks|move: No Retreat\n|move|p1a: Meganium|Petal Blizzard|p2a: Falinks\n|-damage|p2a: Falinks|57/246\n|\n|upkeep\n|turn|16\n|inactive|Time left: 300 sec this turn | 300 sec total\n|\n|t:|1783568725\n|move|p2a: Falinks|Close Combat|p1a: Meganium\n|-damage|p1a: Meganium|0 fnt\n|-unboost|p2a: Falinks|def|1\n|-unboost|p2a: Falinks|spd|1\n|faint|p1a: Meganium\n|-damage|p2a: Falinks|33/246|[from] item: Life Orb\n|\n|upkeep\n|\n|t:|1783568726\n|switch|p1a: Hitmonlee|Hitmonlee, L85, M|100/100\n|-activate|p1a: Hitmonlee|move: Sticky Web\n|-unboost|p1a: Hitmonlee|spe|1\n|turn|17\n|inactive|Time left: 300 sec this turn | 300 sec total\n|\n|t:|1783568727\n|move|p1a: Hitmonlee|Mach Punch|p2a: Falinks\n|-damage|p2a: Falinks|0 fnt\n|faint|p2a: Falinks\n|\n|upkeep\n|inactive|Time left: 300 sec this turn | 300 sec total | 5 sec grace\n|\n|t:|1783568728\n|switch|p2a: Araquanid|Araquanid, L82, F|86/246\n|turn|18\n|inactive|Time left: 300 sec this turn | 300 sec total\n|\n|t:|1783568729\n|switch|p1a: Bombirdier|Bombirdier, L85, F|100/100\n|move|p2a: Araquanid|Liquidation|p1a: Bombirdier\n|-damage|p1a: Bombirdier|52/100\n|\n|upkeep\n|turn|19\n|inactive|Time left: 300 sec this turn | 300 sec total\n|\n|t:|1783568730\n|move|p1a: Bombirdier|Brave Bird|p2a: Araquanid\n|-supereffective|p2a: Araquanid\n|-damage|p2a: Araquanid|0 fnt\n|faint|p2a: Araquanid\n|-damage|p1a: Bombirdier|41/100|[from] Recoil\n|\n|upkeep\n|inactive|Time left: 300 sec this turn | 300 sec total | 5 sec grace\n|\n|t:|1783568731\n|switch|p2a: Coalossal|Coalossal, L89, F|205/341\n|turn|20\n|inactive|Time left: 300 sec this turn | 300 sec total\n|\n|t:|1783568732\n|move|p1a: Bombirdier|Roost|p1a: Bombirdier\n|-heal|p1a: Bombirdier|91/100\n|-singleturn|p1a: Bombirdier|move: Roost\n|move|p2a: Coalossal|Rapid Spin|p1a: Bombirdier\n|-damage|p1a: Bombirdier|76/100\n|-boost|p2a: Coalossal|spe|1\n|\n|upkeep\n|turn|21\n|inactive|Time left: 300 sec this turn | 300 sec total\n|\n|t:|1783568733\n|-terastallize|p1a: Bombirdier|Rock\n|move|p1a: Bombirdier|Stone Edge|p2a: Coalossal\n|-supereffective|p2a: Coalossal\n|-damage|p2a: Coalossal|0 fnt\n|faint|p2a: Coalossal\n|\n|upkeep\n|inactive|Time left: 300 sec this turn | 300 sec total | 5 sec grace\n|\n|t:|1783568734\n|switch|p2a: Deoxys|Deoxys, L74|196/196\n|-ability|p2a: Deoxys|Pressure\n|turn|22\n|inactive|Time left: 300 sec this turn | 300 sec total\n|\n|t:|1783568735\n|switch|p1a: Regirock|Regirock, L83|100/100\n|-activate|p1a: Regirock|move: Sticky Web\n|-fail|p1a: Regirock|unboost|[from] ability: Clear Body|[of] p1a: Regirock\n|move|p2a: Deoxys|Superpower|p1a: Regirock\n|-supereffective|p1a: Regirock\n|-damage|p1a: Regirock|51/100\n|-unboost|p2a: Deoxys|atk|1\n|-unboost|p2a: Deoxys|def|1\n|-damage|p2a: Deoxys|177/196|[from] item: Life Orb\n|\n|-heal|p1a: Regirock|57/100|[from] item: Leftovers\n|upkeep\n|turn|23\n|inactive|Time left: 300 sec this turn | 300 sec total\n|\n|t:|1783568736\n|move|p2a: Deoxys|Psycho Boost|p1a: Regirock|[miss]\n|-miss|p2a: Deoxys|p1a: Regirock\n|move|p1a: Regirock|Body Press|p2a: Deoxys\n|-resisted|p2a: Deoxys\n|-damage|p2a: Deoxys|53/196\n|\n|-heal|p1a: Regirock|63/100|[from] item: Leftovers\n|upkeep\n|turn|24\n|inactive|Time left: 300 sec this turn | 300 sec total\n|\n|t:|1783568738\n|move|p2a: Deoxys|Psycho Boost|p1a: Regirock\n|-damage|p1a: Regirock|0 fnt\n|-unboost|p2a: Deoxys|spa|2\n|faint|p1a: Regirock\n|-damage|p2a: Deoxys|34/196|[from] item: Life Orb\n|\n|upkeep\n|\n|t:|1783568739\n|switch|p1a: Hitmonlee|Hitmonlee, L85, M|100/100\n|-activate|p1a: Hitmonlee|move: Sticky Web\n|-unboost|p1a: Hitmonlee|spe|1\n|turn|25\n|inactive|Time left: 300 sec this turn | 300 sec total\n|\n|t:|1783568740\n|move|p2a: Deoxys|Knock Off|p1a: Hitmonlee\n|-resisted|p1a: Hitmonlee\n|-damage|p1a: Hitmonlee|80/100\n|-enditem|p1a: Hitmonlee|Choice Band|[from] move: Knock Off|[of] p2a: Deoxys\n|-damage|p2a: Deoxys|15/196|[from] item: Life Orb\n|move|p1a: Hitmonlee|High Jump Kick|p2a: Deoxys\n|-resisted|p2a: Deoxys\n|-damage|p2a: Deoxys|0 fnt\n|faint|p2a: Deoxys\n|\n|upkeep\n|inactive|Time left: 300 sec this turn | 300 sec total | 5 sec grace\n|\n|t:|1783568741\n|switch|p2a: Dondozo|Dondozo, L78, F|335/362\n|turn|26\n|inactive|Time left: 300 sec this turn | 300 sec total\n|\n|t:|1783568742\n|move|p1a: Hitmonlee|High Jump Kick|p2a: Dondozo\n|-damage|p2a: Dondozo|157/362\n|move|p2a: Dondozo|Curse|p2a: Dondozo\n|-unboost|p2a: Dondozo|spe|1\n|-boost|p2a: Dondozo|atk|1\n|-boost|p2a: Dondozo|def|1\n|\n|-heal|p2a: Dondozo|179/362|[from] item: Leftovers\n|upkeep\n|turn|27\n|inactive|Time left: 300 sec this turn | 300 sec total\n|\n|t:|1783568743\n|move|p1a: Hitmonlee|Knock Off|p2a: Dondozo\n|-damage|p2a: Dondozo|128/362\n|-enditem|p2a: Dondozo|Leftovers|[from] move: Knock Off|[of] p1a: Hitmonlee\n|move|p2a: Dondozo|Rest|p2a: Dondozo\n|-status|p2a: Dondozo|slp|[from] move: Rest\n|-heal|p2a: Dondozo|362/362 slp|[silent]\n|\n|upkeep\n|turn|28\n|inactive|Time left: 300 sec this turn | 300 sec total\n|\n|t:|1783568744\n|move|p1a: Hitmonlee|High Jump Kick|p2a: Dondozo\n|-damage|p2a: Dondozo|253/362 slp\n|cant|p2a: Dondozo|slp\n|move|p2a: Dondozo|Sleep Talk|p2a: Dondozo\n|move|p2a: Dondozo|Curse|p2a: Dondozo|[from] move: Sleep Talk\n|-unboost|p2a: Dondozo|spe|1\n|-boost|p2a: Dondozo|atk|1\n|-boost|p2a: Dondozo|def|1\n|\n|upkeep\n|turn|29\n|inactive|Time left: 300 sec this turn | 300 sec total\n|\n|t:|1783568745\n|move|p1a: Hitmonlee|High Jump Kick|p2a: Dondozo\n|-damage|p2a: Dondozo|162/362 slp\n|cant|p2a: Dondozo|slp\n|move|p2a: Dondozo|Sleep Talk|p2a: Dondozo\n|move|p2a: Dondozo|Curse|p2a: Dondozo|[from] move: Sleep Talk\n|-unboost|p2a: Dondozo|spe|1\n|-boost|p2a: Dondozo|atk|1\n|-boost|p2a: Dondozo|def|1\n|\n|upkeep\n|turn|30\n|inactive|Time left: 300 sec this turn | 300 sec total\n|\n|t:|1783568746\n|move|p1a: Hitmonlee|High Jump Kick|p2a: Dondozo\n|-damage|p2a: Dondozo|86/362 slp\n|-curestatus|p2a: Dondozo|slp|[msg]\n|move|p2a: Dondozo|Rest|p2a: Dondozo\n|-status|p2a: Dondozo|slp|[from] move: Rest\n|-heal|p2a: Dondozo|362/362 slp|[silent]\n|\n|upkeep\n|turn|31\n|inactive|Time left: 300 sec this turn | 300 sec total\n|\n|t:|1783568747\n|move|p1a: Hitmonlee|Stone Edge|p2a: Dondozo\n|-damage|p2a: Dondozo|331/362 slp\n|cant|p2a: Dondozo|slp\n|move|p2a: Dondozo|Sleep Talk|p2a: Dondozo\n|move|p2a: Dondozo|Wave Crash|p1a: Hitmonlee|[from] move: Sleep Talk\n|-crit|p1a: Hitmonlee\n|-damage|p1a: Hitmonlee|0 fnt\n|faint|p1a: Hitmonlee\n|-damage|p2a: Dondozo|272/362 slp|[from] Recoil\n|\n|upkeep\n|\n|t:|1783568747\n|switch|p1a: Bombirdier|Bombirdier, L85, F, tera:Rock|76/100\n|turn|32\n|inactive|Time left: 300 sec this turn | 300 sec total\n|\n|t:|1783568748\n|-terastallize|p2a: Dondozo|Dragon\n|move|p1a: Bombirdier|Stone Edge|p2a: Dondozo\n|-damage|p2a: Dondozo|212/362 slp\n|cant|p2a: Dondozo|slp\n|move|p2a: Dondozo|Sleep Talk|p2a: Dondozo\n|move|p2a: Dondozo|Curse|p2a: Dondozo|[from] move: Sleep Talk\n|-unboost|p2a: Dondozo|spe|1\n|-boost|p2a: Dondozo|atk|1\n|-boost|p2a: Dondozo|def|1\n|\n|upkeep\n|turn|33\n|inactive|Time left: 300 sec this turn | 300 sec total\n|\n|t:|1783568749\n|move|p1a: Bombirdier|Stone Edge|p2a: Dondozo\n|-damage|p2a: Dondozo|161/362 slp\n|-curestatus|p2a: Dondozo|slp|[msg]\n|move|p2a: Dondozo|Wave Crash|p1a: Bombirdier\n|-supereffective|p1a: Bombirdier\n|-damage|p1a: Bombirdier|0 fnt\n|faint|p1a: Bombirdier\n|-damage|p2a: Dondozo|97/362|[from] Recoil\n|\n|win|p0y2565876d", "uploadtime": 1783568749, "views": 0, "rating": 0, "private": 0, "password": null, "_winner": "p0y2565876d", "_our_name": "p0y2565876d"}