{"id": "battle-gen9randombattle-178", "formatid": "gen9randombattle", "format": "[Gen 9] Random Battle", "players": ["p0x1781f35", "p0y1785794"], "log": "|init|battle\n|title|p0x1781f35 vs. p0y1785794\n|j|\u2606p0x1781f35\n|j|\u2606p0y1785794\n|t:|1783535301\n|gametype|singles\n|player|p1|p0x1781f35|2|\n|player|p2|p0y1785794|170|\n|gen|9\n|tier|[Gen 9] Random Battle\n|rule|Species Clause: Limit one of each Pok\u00e9mon\n|rule|HP Percentage Mod: HP is shown in percentages\n|rule|Sleep Clause Mod: Limit one foe put to sleep\n|rule|Illusion Level Mod: Illusion disguises the Pok\u00e9mon's true level\n|\n|t:|1783535301\n|teamsize|p1|6\n|teamsize|p2|6\n|start\n|switch|p1a: Scovillain|Scovillain, L91, F|100/100\n|switch|p2a: Quagsire|Quagsire, L84, M|297/297\n|turn|1\n|inactive|Battle timer is ON: inactive players will automatically lose when time's up. (requested by p0y1785794)\n|inactive|p0x1781f35 also wants the timer to be on.\n|\n|t:|1783535302\n|switch|p2a: Altaria|Altaria, L89, F|278/278\n|move|p1a: Scovillain|Energy Ball|p2a: Altaria\n|-resisted|p2a: Altaria\n|-damage|p2a: Altaria|252/278\n|\n|upkeep\n|turn|2\n|inactive|Time left: 300 sec this turn | 300 sec total\n|\n|t:|1783535303\n|switch|p1a: Granbull|Granbull, L88, M|100/100\n|-ability|p1a: Granbull|Intimidate|boost\n|-unboost|p2a: Altaria|atk|1\n|move|p2a: Altaria|Dragon Dance|p2a: Altaria\n|-boost|p2a: Altaria|atk|1\n|-boost|p2a: Altaria|spe|1\n|\n|upkeep\n|turn|3\n|inactive|Time left: 300 sec this turn | 300 sec total\n|\n|t:|1783535305\n|move|p2a: Altaria|Dragon Dance|p2a: Altaria\n|-boost|p2a: Altaria|atk|1\n|-boost|p2a: Altaria|spe|1\n|move|p1a: Granbull|Play Rough|p2a: Altaria\n|-supereffective|p2a: Altaria\n|-damage|p2a: Altaria|28/278\n|\n|upkeep\n|turn|4\n|inactive|Time left: 300 sec this turn | 300 sec total\n|\n|t:|1783535306\n|move|p2a: Altaria|Roost|p2a: Altaria\n|-heal|p2a: Altaria|167/278\n|-singleturn|p2a: Altaria|move: Roost\n|move|p1a: Granbull|Play Rough|p2a: Altaria\n|-supereffective|p2a: Altaria\n|-damage|p2a: Altaria|0 fnt\n|faint|p2a: Altaria\n|\n|upkeep\n|inactive|Time left: 300 sec this turn | 300 sec total | 5 sec grace\n|\n|t:|1783535307\n|switch|p2a: Sawsbuck|Sawsbuck-Summer, L88, M|284/284\n|turn|5\n|inactive|Time left: 300 sec this turn | 300 sec total\n|\n|t:|1783535308\n|move|p2a: Sawsbuck|Swords Dance|p2a: Sawsbuck\n|-boost|p2a: Sawsbuck|atk|2\n|move|p1a: Granbull|Play Rough|p2a: Sawsbuck\n|-damage|p2a: Sawsbuck|145/284\n|\n|upkeep\n|turn|6\n|inactive|Time left: 300 sec this turn | 300 sec total\n|\n|t:|1783535309\n|switch|p1a: Bronzong|Bronzong, L88|100/100\n|move|p2a: Sawsbuck|Horn Leech|p1a: Bronzong\n|-resisted|p1a: Bronzong\n|-damage|p1a: Bronzong|68/100\n|-heal|p2a: Sawsbuck|187/284|[from] drain|[of] p1a: Bronzong\n|-damage|p2a: Sawsbuck|159/284|[from] item: Life Orb\n|\n|upkeep\n|turn|7\n|inactive|Time left: 300 sec this turn | 300 sec total\n|\n|t:|1783535311\n|move|p2a: Sawsbuck|Horn Leech|p1a: Bronzong\n|-resisted|p1a: Bronzong\n|-damage|p1a: Bronzong|37/100\n|-heal|p2a: Sawsbuck|200/284|[from] drain|[of] p1a: Bronzong\n|-damage|p2a: Sawsbuck|172/284|[from] item: Life Orb\n|move|p1a: Bronzong|Body Press|p2a: Sawsbuck\n|-supereffective|p2a: Sawsbuck\n|-damage|p2a: Sawsbuck|24/284\n|\n|upkeep\n|turn|8\n|inactive|Time left: 300 sec this turn | 300 sec total\n|\n|t:|1783535312\n|move|p2a: Sawsbuck|Double-Edge|p1a: Bronzong\n|-resisted|p1a: Bronzong\n|-damage|p1a: Bronzong|0 fnt\n|faint|p1a: Bronzong\n|-damage|p2a: Sawsbuck|0 fnt|[from] Recoil\n|faint|p2a: Sawsbuck\n|\n|upkeep\n|inactive|Time left: 300 sec this turn | 300 sec total | 5 sec grace\n|\n|t:|1783535313\n|switch|p2a: Conkeldurr|Conkeldurr, L80, F|299/299\n|switch|p1a: Scovillain|Scovillain, L91, F|100/100\n|turn|9\n|inactive|Time left: 300 sec this turn | 300 sec total\n|\n|t:|1783535314\n|move|p1a: Scovillain|Energy Ball|p2a: Conkeldurr\n|-damage|p2a: Conkeldurr|146/299\n|move|p2a: Conkeldurr|Close Combat|p1a: Scovillain\n|-damage|p1a: Scovillain|37/100\n|-unboost|p2a: Conkeldurr|def|1\n|-unboost|p2a: Conkeldurr|spd|1\n|\n|-status|p2a: Conkeldurr|brn|[from] item: Flame Orb\n|upkeep\n|turn|10\n|inactive|Time left: 300 sec this turn | 300 sec total\n|\n|t:|1783535315\n|switch|p2a: Misdreavus|Misdreavus, L90, F|254/254\n|move|p1a: Scovillain|Fire Blast|p2a: Misdreavus\n|-damage|p2a: Misdreavus|158/254\n|\n|upkeep\n|turn|11\n|inactive|Time left: 300 sec this turn | 300 sec total\n|\n|t:|1783535316\n|switch|p1a: Komala|Komala, L87, M|100/100\n|-ability|p1a: Komala|Comatose\n|move|p2a: Misdreavus|Shadow Ball|p1a: Komala\n|-immune|p1a: Komala\n|\n|upkeep\n|turn|12\n|inactive|Time left: 300 sec this turn | 300 sec total\n|\n|t:|1783535317\n|move|p2a: Misdreavus|Calm Mind|p2a: Misdreavus\n|-boost|p2a: Misdreavus|spa|1\n|-boost|p2a: Misdreavus|spd|1\n|move|p1a: Komala|Knock Off|p2a: Misdreavus\n|-supereffective|p2a: Misdreavus\n|-damage|p2a: Misdreavus|14/254\n|-enditem|p2a: Misdreavus|Eviolite|[from] move: Knock Off|[of] p1a: Komala\n|\n|upkeep\n|turn|13\n|inactive|Time left: 300 sec this turn | 300 sec total\n|\n|t:|1783535318\n|move|p2a: Misdreavus|Draining Kiss|p1a: Komala\n|-damage|p1a: Komala|87/100\n|-heal|p2a: Misdreavus|40/254|[from] drain|[of] p1a: Komala\n|move|p1a: Komala|Knock Off|p2a: Misdreavus\n|-supereffective|p2a: Misdreavus\n|-damage|p2a: Misdreavus|0 fnt\n|faint|p2a: Misdreavus\n|\n|upkeep\n|inactive|Time left: 300 sec this turn | 300 sec total | 5 sec grace\n|\n|t:|1783535319\n|switch|p2a: Electivire|Electivire, L84, M|263/263\n|turn|14\n|inactive|Time left: 300 sec this turn | 300 sec total\n|\n|t:|1783535320\n|switch|p1a: Granbull|Granbull, L88, M|100/100\n|-ability|p1a: Granbull|Intimidate|boost\n|-unboost|p2a: Electivire|atk|1\n|move|p2a: Electivire|Supercell Slam|p1a: Granbull\n|-damage|p1a: Granbull|63/100\n|-damage|p2a: Electivire|237/263|[from] item: Life Orb\n|\n|-heal|p1a: Granbull|69/100|[from] item: Leftovers\n|upkeep\n|turn|15\n|inactive|Time left: 300 sec this turn | 300 sec total\n|\n|t:|1783535321\n|move|p2a: Electivire|Volt Switch|p1a: Granbull\n|-damage|p1a: Granbull|31/100\n|-damage|p2a: Electivire|211/263|[from] item: Life Orb\n|inactive|Time left: 300 sec this turn | 300 sec total | 5 sec grace\n|\n|t:|1783535322\n|switch|p2a: Quagsire|Quagsire, L84, M|297/297|[from] Volt Switch\n|move|p1a: Granbull|Play Rough|p2a: Quagsire\n|-damage|p2a: Quagsire|171/297\n|\n|-heal|p1a: Granbull|37/100|[from] item: Leftovers\n|-heal|p2a: Quagsire|189/297|[from] item: Leftovers\n|upkeep\n|turn|16\n|inactive|Time left: 300 sec this turn | 300 sec total\n|\n|t:|1783535323\n|move|p1a: Granbull|Play Rough|p2a: Quagsire\n|-damage|p2a: Quagsire|50/297\n|move|p2a: Quagsire|Earthquake|p1a: Granbull\n|-damage|p1a: Granbull|4/100\n|\n|-heal|p1a: Granbull|10/100|[from] item: Leftovers\n|-heal|p2a: Quagsire|68/297|[from] item: Leftovers\n|upkeep\n|turn|17\n|inactive|Time left: 300 sec this turn | 300 sec total\n|\n|t:|1783535324\n|move|p1a: Granbull|Earthquake|p2a: Quagsire\n|-damage|p2a: Quagsire|0 fnt\n|faint|p2a: Quagsire\n|\n|-heal|p1a: Granbull|16/100|[from] item: Leftovers\n|upkeep\n|inactive|Time left: 300 sec this turn | 300 sec total | 5 sec grace\n|\n|t:|1783535325\n|switch|p2a: Electivire|Electivire, L84, M|211/263\n|turn|18\n|inactive|Time left: 300 sec this turn | 300 sec total\n|\n|t:|1783535326\n|switch|p1a: Morpeko|Morpeko, L88, M|100/100\n|move|p2a: Electivire|Knock Off|p1a: Morpeko\n|-resisted|p1a: Morpeko\n|-damage|p1a: Morpeko|71/100\n|-enditem|p1a: Morpeko|Leftovers|[from] move: Knock Off|[of] p2a: Electivire\n|-damage|p2a: Electivire|185/263|[from] item: Life Orb\n|\n|-formechange|p1a: Morpeko|Morpeko-Hangry||[from] ability: Hunger Switch\n|upkeep\n|turn|19\n|inactive|Time left: 300 sec this turn | 300 sec total\n|\n|t:|1783535327\n|-terastallize|p2a: Electivire|Dark\n|move|p1a: Morpeko|Aura Wheel|p2a: Electivire\n|-resisted|p2a: Electivire\n|-damage|p2a: Electivire|108/263\n|-boost|p1a: Morpeko|spe|1\n|move|p2a: Electivire|Ice Punch|p1a: Morpeko\n|-damage|p1a: Morpeko|29/100\n|-damage|p2a: Electivire|82/263|[from] item: Life Orb\n|\n|-formechange|p1a: Morpeko|Morpeko||[from] ability: Hunger Switch\n|upkeep\n|turn|20\n|inactive|Time left: 300 sec this turn | 300 sec total\n|\n|t:|1783535329\n|move|p1a: Morpeko|Rapid Spin|p2a: Electivire\n|-damage|p2a: Electivire|35/263\n|-boost|p1a: Morpeko|spe|1\n|move|p2a: Electivire|Ice Punch|p1a: Morpeko\n|-damage|p1a: Morpeko|0 fnt\n|faint|p1a: Morpeko\n|-damage|p2a: Electivire|9/263|[from] item: Life Orb\n|\n|upkeep\n|\n|t:|1783535330\n|switch|p1a: Pincurchin|Pincurchin, M|100/100\n|-fieldstart|move: Electric Terrain|[from] ability: Electric Surge|[of] p1a: Pincurchin\n|turn|21\n|inactive|Time left: 300 sec this turn | 300 sec total\n|\n|t:|1783535331\n|move|p2a: Electivire|Knock Off|p1a: Pincurchin\n|-damage|p1a: Pincurchin|52/100\n|-enditem|p1a: Pincurchin|Leftovers|[from] move: Knock Off|[of] p2a: Electivire\n|-damage|p2a: Electivire|0 fnt|[from] item: Life Orb\n|faint|p2a: Electivire\n|move|p1a: Pincurchin|Curse|p1a: Pincurchin\n|-unboost|p1a: Pincurchin|spe|1\n|-boost|p1a: Pincurchin|atk|1\n|-boost|p1a: Pincurchin|def|1\n|\n|upkeep\n|inactive|Time left: 300 sec this turn | 300 sec total | 5 sec grace\n|\n|t:|1783535331\n|switch|p2a: Conkeldurr|Conkeldurr, L80, F|146/299 brn\n|turn|22\n|inactive|Time left: 300 sec this turn | 300 sec total\n|\n|t:|1783535332\n|-terastallize|p1a: Pincurchin|Grass\n|move|p2a: Conkeldurr|Facade|p1a: Pincurchin\n|-crit|p1a: Pincurchin\n|-damage|p1a: Pincurchin|0 fnt\n|faint|p1a: Pincurchin\n|\n|-damage|p2a: Conkeldurr|128/299 brn|[from] brn\n|upkeep\n|\n|t:|1783535333\n|switch|p1a: Komala|Komala, L87, M|87/100\n|-ability|p1a: Komala|Comatose\n|turn|23\n|inactive|Time left: 300 sec this turn | 300 sec total\n|\n|t:|1783535334\n|move|p2a: Conkeldurr|Mach Punch|p1a: Komala\n|-supereffective|p1a: Komala\n|-damage|p1a: Komala|6/100\n|move|p1a: Komala|Body Slam|p2a: Conkeldurr\n|-damage|p2a: Conkeldurr|22/299 brn\n|\n|-damage|p2a: Conkeldurr|4/299 brn|[from] brn\n|upkeep\n|turn|24\n|inactive|Time left: 300 sec this turn | 300 sec total\n|\n|t:|1783535335\n|move|p1a: Komala|Body Slam|p2a: Conkeldurr\n|-damage|p2a: Conkeldurr|0 fnt\n|faint|p2a: Conkeldurr\n|\n|win|p0x1781f35", "uploadtime": 1783535335, "views": 0, "rating": 0, "private": 0, "password": null, "_winner": "p0x1781f35", "_our_name": "p0y1785794"}