{"id": "battle-gen9randombattle-1709", "formatid": "gen9randombattle", "format": "[Gen 9] Random Battle", "players": ["p0x1709e540", "p0y1709187d"], "log": "|init|battle\n|title|p0x1709e540 vs. p0y1709187d\n|j|\u2606p0x1709e540\n|j|\u2606p0y1709187d\n|t:|1783558993\n|gametype|singles\n|player|p1|p0x1709e540|265|\n|player|p2|p0y1709187d|101|\n|gen|9\n|tier|[Gen 9] Random Battle\n|rule|Species Clause: Limit one of each Pok\u00e9mon\n|rule|HP Percentage Mod: HP is shown in percentages\n|rule|Sleep Clause Mod: Limit one foe put to sleep\n|rule|Illusion Level Mod: Illusion disguises the Pok\u00e9mon's true level\n|\n|t:|1783558993\n|teamsize|p1|6\n|teamsize|p2|6\n|start\n|switch|p1a: Iron Bundle|Iron Bundle, L78|215/215\n|switch|p2a: Banette|Banette, L93, M|100/100\n|turn|1\n|inactive|Battle timer is ON: inactive players will automatically lose when time's up. (requested by p0x1709e540)\n|inactive|p0y1709187d also wants the timer to be on.\n|\n|t:|1783558995\n|move|p1a: Iron Bundle|Ice Beam|p2a: Banette\n|-damage|p2a: Banette|60/100\n|move|p2a: Banette|Poltergeist|p1a: Iron Bundle\n|-activate|p1a: Iron Bundle|move: Poltergeist|Heavy-Duty Boots\n|-damage|p1a: Iron Bundle|20/215\n|-damage|p2a: Banette|50/100|[from] item: Life Orb\n|\n|upkeep\n|turn|2\n|inactive|Time left: 300 sec this turn | 300 sec total\n|\n|t:|1783558996\n|move|p2a: Banette|Shadow Sneak|p1a: Iron Bundle\n|-crit|p1a: Iron Bundle\n|-damage|p1a: Iron Bundle|0 fnt\n|faint|p1a: Iron Bundle\n|-end|p1a: Iron Bundle|Quark Drive|[silent]\n|-damage|p2a: Banette|40/100|[from] item: Life Orb\n|\n|upkeep\n|inactive|Time left: 300 sec this turn | 300 sec total | 5 sec grace\n|\n|t:|1783558997\n|switch|p1a: Minior|Minior-Orange, L79|224/224\n|-formechange|p1a: Minior|Minior-Meteor||[from] ability: Shields Down\n|turn|3\n|inactive|Time left: 300 sec this turn | 300 sec total\n|\n|t:|1783558999\n|-terastallize|p2a: Banette|Ghost\n|move|p2a: Banette|Poltergeist|p1a: Minior\n|-activate|p1a: Minior|move: Poltergeist|White Herb\n|-damage|p1a: Minior|0 fnt\n|faint|p1a: Minior\n|-damage|p2a: Banette|30/100|[from] item: Life Orb\n|\n|upkeep\n|inactive|Time left: 300 sec this turn | 300 sec total | 5 sec grace\n|\n|t:|1783559000\n|switch|p1a: Slaking|Slaking, L84, M|389/389\n|turn|4\n|inactive|Time left: 300 sec this turn | 300 sec total\n|\n|t:|1783559001\n|move|p1a: Slaking|Earthquake|p2a: Banette\n|-damage|p2a: Banette|0 fnt\n|faint|p2a: Banette\n|\n|upkeep\n|\n|t:|1783559002\n|switch|p2a: Medicham|Medicham, L86, M|100/100\n|turn|5\n|inactive|Time left: 300 sec this turn | 300 sec total\n|\n|t:|1783559003\n|switch|p1a: Grimmsnarl|Grimmsnarl, L83, M|293/293\n|move|p2a: Medicham|Close Combat|p1a: Grimmsnarl\n|-damage|p1a: Grimmsnarl|0 fnt\n|-unboost|p2a: Medicham|def|1\n|-unboost|p2a: Medicham|spd|1\n|faint|p1a: Grimmsnarl\n|\n|upkeep\n|inactive|Time left: 300 sec this turn | 300 sec total | 5 sec grace\n|\n|t:|1783559004\n|switch|p1a: Slaking|Slaking, L84, M|389/389\n|turn|6\n|inactive|Time left: 300 sec this turn | 300 sec total\n|\n|t:|1783559005\n|move|p1a: Slaking|Giga Impact|p2a: Medicham\n|-damage|p2a: Medicham|0 fnt\n|-mustrecharge|p1a: Slaking\n|faint|p2a: Medicham\n|\n|upkeep\n|\n|t:|1783559006\n|switch|p2a: Charizard|Charizard, L85, M|100/100\n|turn|7\n|inactive|Time left: 300 sec this turn | 300 sec total\n|\n|t:|1783559007\n|move|p2a: Charizard|Will-O-Wisp|p1a: Slaking\n|-status|p1a: Slaking|brn\n|cant|p1a: Slaking|recharge\n|\n|-damage|p1a: Slaking|365/389 brn|[from] brn\n|upkeep\n|turn|8\n|inactive|Time left: 300 sec this turn | 300 sec total\n|\n|t:|1783559008\n|move|p2a: Charizard|Flamethrower|p1a: Slaking\n|-damage|p1a: Slaking|239/389 brn\n|move|p1a: Slaking|Giga Impact|p2a: Charizard\n|-damage|p2a: Charizard|29/100\n|-mustrecharge|p1a: Slaking\n|\n|-damage|p1a: Slaking|215/389 brn|[from] brn\n|upkeep\n|turn|9\n|inactive|Time left: 300 sec this turn | 300 sec total\n|\n|t:|1783559009\n|move|p2a: Charizard|Flamethrower|p1a: Slaking\n|-damage|p1a: Slaking|4/389 brn\n|cant|p1a: Slaking|recharge\n|\n|-damage|p1a: Slaking|0 fnt|[from] brn\n|faint|p1a: Slaking\n|upkeep\n|inactive|Time left: 300 sec this turn | 300 sec total | 5 sec grace\n|\n|t:|1783559010\n|switch|p1a: Deoxys|Deoxys-Attack, L72|191/191\n|-ability|p1a: Deoxys|Pressure\n|turn|10\n|inactive|Time left: 300 sec this turn | 300 sec total\n|\n|t:|1783559011\n|switch|p2a: Hatterene|Hatterene, L85, F|100/100\n|move|p1a: Deoxys|Knock Off|p2a: Hatterene\n|-damage|p2a: Hatterene|54/100\n|-enditem|p2a: Hatterene|Leftovers|[from] move: Knock Off|[of] p1a: Deoxys\n|-damage|p1a: Deoxys|172/191|[from] item: Life Orb\n|\n|upkeep\n|turn|11\n|inactive|Time left: 300 sec this turn | 300 sec total\n|\n|t:|1783559012\n|-terastallize|p1a: Deoxys|Psychic\n|move|p1a: Deoxys|Psycho Boost|p2a: Hatterene|[miss]\n|-miss|p1a: Deoxys|p2a: Hatterene\n|move|p2a: Hatterene|Draining Kiss|p1a: Deoxys\n|-damage|p1a: Deoxys|0 fnt\n|-heal|p2a: Hatterene|100/100|[from] drain|[of] p1a: Deoxys\n|faint|p1a: Deoxys\n|\n|upkeep\n|inactive|Time left: 300 sec this turn | 300 sec total | 5 sec grace\n|\n|t:|1783559013\n|switch|p1a: Porygon-Z|Porygon-Z, L83|277/277\n|turn|12\n|inactive|Time left: 300 sec this turn | 300 sec total\n|\n|t:|1783559014\n|move|p1a: Porygon-Z|Shadow Ball|p2a: Hatterene\n|-supereffective|p2a: Hatterene\n|-damage|p2a: Hatterene|29/100\n|-damage|p1a: Porygon-Z|250/277|[from] item: Life Orb\n|move|p2a: Hatterene|Psyshock|p1a: Porygon-Z\n|-damage|p1a: Porygon-Z|115/277\n|\n|upkeep\n|turn|13\n|inactive|Time left: 300 sec this turn | 300 sec total\n|\n|t:|1783559015\n|move|p1a: Porygon-Z|Tera Blast|p2a: Hatterene\n|-damage|p2a: Hatterene|0 fnt\n|faint|p2a: Hatterene\n|-damage|p1a: Porygon-Z|88/277|[from] item: Life Orb\n|\n|upkeep\n|\n|t:|1783559016\n|switch|p2a: Sylveon|Sylveon, L85, M|100/100\n|turn|14\n|inactive|Time left: 300 sec this turn | 300 sec total\n|\n|t:|1783559017\n|move|p1a: Porygon-Z|Nasty Plot|p1a: Porygon-Z\n|-boost|p1a: Porygon-Z|spa|2\n|move|p2a: Sylveon|Hyper Voice|p1a: Porygon-Z\n|-damage|p1a: Porygon-Z|0 fnt\n|faint|p1a: Porygon-Z\n|\n|win|p0y1709187d", "uploadtime": 1783559017, "views": 0, "rating": 0, "private": 0, "password": null, "_winner": "p0y1709187d", "_our_name": "p0x1709e540"}