{"id": "battle-gen9randombattle-2920", "formatid": "gen9randombattle", "format": "[Gen 9] Random Battle", "players": ["p0x2920fea2", "p0y2920ec81"], "log": "|init|battle\n|title|p0x2920fea2 vs. p0y2920ec81\n|j|\u2606p0x2920fea2\n|j|\u2606p0y2920ec81\n|t:|1783572655\n|gametype|singles\n|player|p1|p0x2920fea2|266|\n|player|p2|p0y2920ec81|2|\n|gen|9\n|tier|[Gen 9] Random Battle\n|rule|Species Clause: Limit one of each Pok\u00e9mon\n|rule|HP Percentage Mod: HP is shown in percentages\n|rule|Sleep Clause Mod: Limit one foe put to sleep\n|rule|Illusion Level Mod: Illusion disguises the Pok\u00e9mon's true level\n|\n|t:|1783572655\n|teamsize|p1|6\n|teamsize|p2|6\n|start\n|switch|p1a: Sneasler|Sneasler, L74, M|100/100\n|switch|p2a: Clodsire|Clodsire, L81, F|343/343\n|turn|1\n|inactive|Battle timer is ON: inactive players will automatically lose when time's up. (requested by p0x2920fea2)\n|inactive|Time left: 300 sec this turn | 300 sec total | 60 sec grace\n|inactive|p0y2920ec81 also wants the timer to be on.\n|\n|t:|1783572656\n|switch|p1a: Cetitan|Cetitan, L82, M|100/100\n|move|p2a: Clodsire|Earthquake|p1a: Cetitan\n|-damage|p1a: Cetitan|75/100\n|\n|upkeep\n|turn|2\n|inactive|Time left: 300 sec this turn | 300 sec total\n|\n|t:|1783572658\n|switch|p2a: Bronzong|Bronzong, L88|261/261\n|move|p1a: Cetitan|Icicle Crash|p2a: Bronzong\n|-resisted|p2a: Bronzong\n|-damage|p2a: Bronzong|199/261\n|\n|-heal|p2a: Bronzong|215/261|[from] item: Leftovers\n|upkeep\n|turn|3\n|inactive|Time left: 300 sec this turn | 300 sec total\n|\n|t:|1783572659\n|switch|p1a: Alomomola|Alomomola, L87, M|100/100\n|move|p2a: Bronzong|Stealth Rock|p1a: Alomomola\n|-sidestart|p1: p0x2920fea2|move: Stealth Rock\n|\n|-heal|p2a: Bronzong|231/261|[from] item: Leftovers\n|upkeep\n|turn|4\n|inactive|Time left: 300 sec this turn | 300 sec total\n|\n|t:|1783572660\n|move|p1a: Alomomola|Scald|p2a: Bronzong\n|-damage|p2a: Bronzong|192/261\n|move|p2a: Bronzong|Psychic Noise|p1a: Alomomola\n|-damage|p1a: Alomomola|75/100\n|-start|p1a: Alomomola|move: Heal Block\n|\n|-heal|p2a: Bronzong|208/261|[from] item: Leftovers\n|upkeep\n|turn|5\n|inactive|Time left: 300 sec this turn | 300 sec total\n|\n|t:|1783572661\n|move|p1a: Alomomola|Scald|p2a: Bronzong\n|-damage|p2a: Bronzong|172/261\n|move|p2a: Bronzong|Hypnosis|p1a: Alomomola\n|-status|p1a: Alomomola|slp|[from] move: Hypnosis\n|\n|-heal|p2a: Bronzong|188/261|[from] item: Leftovers\n|-end|p1a: Alomomola|move: Heal Block\n|upkeep\n|turn|6\n|inactive|Time left: 300 sec this turn | 300 sec total\n|\n|t:|1783572662\n|switch|p1a: Tyranitar|Tyranitar, L78, M|100/100\n|-damage|p1a: Tyranitar|88/100|[from] Stealth Rock\n|-weather|Sandstorm|[from] ability: Sand Stream|[of] p1a: Tyranitar\n|move|p2a: Bronzong|Psychic Noise|p1a: Tyranitar\n|-immune|p1a: Tyranitar\n|\n|-weather|Sandstorm|[upkeep]\n|-heal|p2a: Bronzong|204/261|[from] item: Leftovers\n|upkeep\n|turn|7\n|inactive|Time left: 300 sec this turn | 300 sec total\n|\n|t:|1783572663\n|switch|p2a: Koraidon|Koraidon, L64|235/235\n|-weather|SunnyDay|[from] ability: Orichalcum Pulse|[of] p2a: Koraidon\n|-activate|p2a: Koraidon|Orichalcum Pulse|[source]\n|move|p1a: Tyranitar|Knock Off|p2a: Koraidon\n|-resisted|p2a: Koraidon\n|-damage|p2a: Koraidon|179/235\n|-enditem|p2a: Koraidon|Loaded Dice|[from] move: Knock Off|[of] p1a: Tyranitar\n|\n|-weather|SunnyDay|[upkeep]\n|upkeep\n|turn|8\n|inactive|Time left: 300 sec this turn | 300 sec total\n|\n|t:|1783572665\n|move|p2a: Koraidon|Collision Course|p1a: Tyranitar\n|-supereffective|p1a: Tyranitar\n|-damage|p1a: Tyranitar|0 fnt\n|faint|p1a: Tyranitar\n|\n|-weather|SunnyDay|[upkeep]\n|upkeep\n|\n|t:|1783572666\n|switch|p1a: Hitmontop|Hitmontop, L88, M|100/100\n|-damage|p1a: Hitmontop|94/100|[from] Stealth Rock\n|-ability|p1a: Hitmontop|Intimidate|boost\n|-unboost|p2a: Koraidon|atk|1\n|turn|9\n|inactive|Time left: 300 sec this turn | 300 sec total\n|\n|t:|1783572667\n|switch|p2a: Houndstone|Houndstone, L86, F|264/264\n|move|p1a: Hitmontop|Rapid Spin|p2a: Houndstone\n|-immune|p2a: Houndstone\n|\n|-weather|SunnyDay|[upkeep]\n|upkeep\n|turn|10\n|inactive|Time left: 300 sec this turn | 300 sec total\n|\n|t:|1783572668\n|move|p1a: Hitmontop|Stone Edge|p2a: Houndstone|[miss]\n|-miss|p1a: Hitmontop|p2a: Houndstone\n|move|p2a: Houndstone|Poltergeist|p1a: Hitmontop\n|-activate|p1a: Hitmontop|move: Poltergeist|Assault Vest\n|-damage|p1a: Hitmontop|49/100\n|\n|-weather|SunnyDay|[upkeep]\n|upkeep\n|turn|11\n|inactive|Time left: 300 sec this turn | 300 sec total\n|\n|t:|1783572669\n|switch|p1a: Alomomola|Alomomola, L87, M|100/100 slp\n|-damage|p1a: Alomomola|88/100 slp|[from] Stealth Rock\n|move|p2a: Houndstone|Poltergeist|p1a: Alomomola\n|-activate|p1a: Alomomola|move: Poltergeist|Leftovers\n|-damage|p1a: Alomomola|57/100 slp\n|\n|-weather|none\n|-heal|p1a: Alomomola|63/100 slp|[from] item: Leftovers\n|upkeep\n|turn|12\n|inactive|Time left: 300 sec this turn | 300 sec total\n|\n|t:|1783572670\n|switch|p1a: Hitmontop|Hitmontop, L88, M|49/100\n|-damage|p1a: Hitmontop|43/100|[from] Stealth Rock\n|-ability|p1a: Hitmontop|Intimidate|boost\n|-unboost|p2a: Houndstone|atk|1\n|move|p2a: Houndstone|Poltergeist|p1a: Hitmontop\n|-activate|p1a: Hitmontop|move: Poltergeist|Assault Vest\n|-damage|p1a: Hitmontop|11/100\n|\n|upkeep\n|turn|13\n|inactive|Time left: 300 sec this turn | 300 sec total\n|\n|t:|1783572671\n|move|p1a: Hitmontop|Earthquake|p2a: Houndstone\n|-damage|p2a: Houndstone|193/264\n|move|p2a: Houndstone|Body Press|p1a: Hitmontop\n|-damage|p1a: Hitmontop|0 fnt\n|faint|p1a: Hitmontop\n|\n|upkeep\n|\n|t:|1783572672\n|switch|p1a: Sneasler|Sneasler, L74, M|100/100\n|-damage|p1a: Sneasler|94/100|[from] Stealth Rock\n|turn|14\n|inactive|Time left: 300 sec this turn | 300 sec total\n|\n|t:|1783572673\n|move|p1a: Sneasler|Swords Dance|p1a: Sneasler\n|-boost|p1a: Sneasler|atk|2\n|move|p2a: Houndstone|Poltergeist|p1a: Sneasler\n|-activate|p1a: Sneasler|move: Poltergeist|White Herb\n|-damage|p1a: Sneasler|43/100\n|\n|upkeep\n|turn|15\n|inactive|Time left: 300 sec this turn | 300 sec total\n|\n|t:|1783572674\n|move|p1a: Sneasler|Dire Claw|p2a: Houndstone\n|-resisted|p2a: Houndstone\n|-damage|p2a: Houndstone|154/264\n|move|p2a: Houndstone|Poltergeist|p1a: Sneasler\n|-activate|p1a: Sneasler|move: Poltergeist|White Herb\n|-damage|p1a: Sneasler|0 fnt\n|faint|p1a: Sneasler\n|\n|upkeep\n|\n|t:|1783572675\n|switch|p1a: Alomomola|Alomomola, L87, M|96/100 slp\n|-damage|p1a: Alomomola|84/100 slp|[from] Stealth Rock\n|turn|16\n|inactive|Time left: 300 sec this turn | 300 sec total\n|\n|t:|1783572676\n|switch|p2a: Koraidon|Koraidon, L64|179/235\n|-weather|SunnyDay|[from] ability: Orichalcum Pulse|[of] p2a: Koraidon\n|-activate|p2a: Koraidon|Orichalcum Pulse|[source]\n|cant|p1a: Alomomola|slp\n|\n|-weather|SunnyDay|[upkeep]\n|-heal|p1a: Alomomola|90/100 slp|[from] item: Leftovers\n|upkeep\n|turn|17\n|inactive|Time left: 300 sec this turn | 300 sec total\n|\n|t:|1783572677\n|move|p2a: Koraidon|Swords Dance|p2a: Koraidon\n|-boost|p2a: Koraidon|atk|2\n|cant|p1a: Alomomola|slp\n|\n|-weather|SunnyDay|[upkeep]\n|-heal|p1a: Alomomola|96/100 slp|[from] item: Leftovers\n|upkeep\n|turn|18\n|inactive|Time left: 300 sec this turn | 300 sec total\n|\n|t:|1783572678\n|cant|p1a: Alomomola|slp\n|move|p2a: Koraidon|Collision Course|p1a: Alomomola\n|-damage|p1a: Alomomola|39/100 slp\n|\n|-weather|SunnyDay|[upkeep]\n|-heal|p1a: Alomomola|45/100 slp|[from] item: Leftovers\n|upkeep\n|turn|19\n|inactive|Time left: 300 sec this turn | 300 sec total\n|\n|t:|1783572679\n|-curestatus|p1a: Alomomola|slp|[msg]\n|move|p1a: Alomomola|Protect|p1a: Alomomola\n|-singleturn|p1a: Alomomola|Protect\n|move|p2a: Koraidon|Collision Course|p1a: Alomomola\n|-activate|p1a: Alomomola|move: Protect\n|\n|-weather|SunnyDay|[upkeep]\n|-heal|p1a: Alomomola|51/100|[from] item: Leftovers\n|upkeep\n|turn|20\n|inactive|Time left: 300 sec this turn | 300 sec total\n|\n|t:|1783572680\n|move|p2a: Koraidon|Collision Course|p1a: Alomomola\n|-damage|p1a: Alomomola|0 fnt\n|faint|p1a: Alomomola\n|\n|-weather|none\n|upkeep\n|\n|t:|1783572681\n|switch|p1a: Pachirisu|Pachirisu, L96, F|100/100\n|-damage|p1a: Pachirisu|88/100|[from] Stealth Rock\n|turn|21\n|inactive|Time left: 300 sec this turn | 300 sec total\n|\n|t:|1783572682\n|move|p1a: Pachirisu|Nuzzle|p2a: Koraidon\n|-resisted|p2a: Koraidon\n|-damage|p2a: Koraidon|170/235\n|-status|p2a: Koraidon|par\n|move|p2a: Koraidon|Scale Shot|p1a: Pachirisu\n|-damage|p1a: Pachirisu|74/100\n|-damage|p1a: Pachirisu|58/100\n|-damage|p1a: Pachirisu|42/100\n|-hitcount|p1a: Pachirisu|3\n|-unboost|p2a: Koraidon|def|1\n|-boost|p2a: Koraidon|spe|1\n|\n|upkeep\n|turn|22\n|inactive|Time left: 300 sec this turn | 300 sec total\n|\n|t:|1783572683\n|move|p1a: Pachirisu|Super Fang|p2a: Koraidon\n|-damage|p2a: Koraidon|85/235 par\n|move|p2a: Koraidon|Scale Shot|p1a: Pachirisu\n|-damage|p1a: Pachirisu|26/100\n|-damage|p1a: Pachirisu|9/100\n|-hitcount|p1a: Pachirisu|2\n|-unboost|p2a: Koraidon|def|1\n|-boost|p2a: Koraidon|spe|1\n|\n|upkeep\n|turn|23\n|inactive|Time left: 300 sec this turn | 300 sec total\n|\n|t:|1783572684\n|move|p1a: Pachirisu|Super Fang|p2a: Koraidon\n|-damage|p2a: Koraidon|43/235 par\n|move|p2a: Koraidon|Flare Blitz|p1a: Pachirisu\n|-damage|p1a: Pachirisu|0 fnt\n|faint|p1a: Pachirisu\n|-damage|p2a: Koraidon|36/235 par|[from] Recoil\n|\n|upkeep\n|\n|t:|1783572685\n|switch|p1a: Cetitan|Cetitan, L82, M|75/100\n|-damage|p1a: Cetitan|50/100|[from] Stealth Rock\n|turn|24\n|inactive|Time left: 300 sec this turn | 300 sec total\n|\n|t:|1783572686\n|move|p1a: Cetitan|Ice Shard|p2a: Koraidon\n|-supereffective|p2a: Koraidon\n|-damage|p2a: Koraidon|0 fnt\n|faint|p2a: Koraidon\n|-damage|p1a: Cetitan|40/100|[from] item: Life Orb\n|\n|upkeep\n|inactive|Time left: 300 sec this turn | 300 sec total | 5 sec grace\n|\n|t:|1783572687\n|switch|p2a: Bronzong|Bronzong, L88|204/261\n|turn|25\n|inactive|Time left: 300 sec this turn | 300 sec total\n|\n|t:|1783572688\n|-terastallize|p1a: Cetitan|Water\n|move|p1a: Cetitan|Earthquake|p2a: Bronzong\n|-immune|p2a: Bronzong|[from] ability: Levitate\n|move|p2a: Bronzong|Psychic Noise|p1a: Cetitan\n|-damage|p1a: Cetitan|13/100\n|-start|p1a: Cetitan|move: Heal Block\n|\n|-heal|p2a: Bronzong|220/261|[from] item: Leftovers\n|upkeep\n|turn|26\n|inactive|Time left: 300 sec this turn | 300 sec total\n|\n|t:|1783572689\n|-terastallize|p2a: Bronzong|Electric\n|move|p1a: Cetitan|Liquidation|p2a: Bronzong\n|-damage|p2a: Bronzong|106/261\n|move|p2a: Bronzong|Iron Head|p1a: Cetitan\n|-resisted|p1a: Cetitan\n|-damage|p1a: Cetitan|0 fnt\n|faint|p1a: Cetitan\n|\n|win|p0y2920ec81", "uploadtime": 1783572689, "views": 0, "rating": 0, "private": 0, "password": null, "_winner": "p0y2920ec81", "_our_name": "p0y2920ec81"}