{"id": "battle-gen9randombattle-2347", "formatid": "gen9randombattle", "format": "[Gen 9] Random Battle", "players": ["p0x2347a8ff", "p0y2347ff60"], "log": "|init|battle\n|title|p0x2347a8ff vs. p0y2347ff60\n|j|\u2606p0x2347a8ff\n|j|\u2606p0y2347ff60\n|t:|1783566212\n|gametype|singles\n|player|p1|p0x2347a8ff|266|\n|player|p2|p0y2347ff60|266|\n|gen|9\n|tier|[Gen 9] Random Battle\n|rule|Species Clause: Limit one of each Pok\u00e9mon\n|rule|HP Percentage Mod: HP is shown in percentages\n|rule|Sleep Clause Mod: Limit one foe put to sleep\n|rule|Illusion Level Mod: Illusion disguises the Pok\u00e9mon's true level\n|\n|t:|1783566212\n|teamsize|p1|6\n|teamsize|p2|6\n|start\n|switch|p1a: Mimikyu|Mimikyu, L79, M|100/100\n|switch|p2a: Florges|Florges-Orange, L85, F|271/271\n|turn|1\n|inactive|Battle timer is ON: inactive players will automatically lose when time's up. (requested by p0x2347a8ff)\n|inactive|Time left: 300 sec this turn | 300 sec total | 60 sec grace\n|inactive|p0y2347ff60 also wants the timer to be on.\n|\n|t:|1783566213\n|move|p1a: Mimikyu|Swords Dance|p1a: Mimikyu\n|-boost|p1a: Mimikyu|atk|2\n|move|p2a: Florges|Moonblast|p1a: Mimikyu\n|-activate|p1a: Mimikyu|ability: Disguise\n|-damage|p1a: Mimikyu|100/100\n|detailschange|p1a: Mimikyu|Mimikyu-Busted, L79, M\n|-damage|p1a: Mimikyu|88/100|[from] pokemon: Mimikyu-Busted\n|\n|upkeep\n|turn|2\n|inactive|Time left: 300 sec this turn | 300 sec total\n|\n|t:|1783566214\n|move|p1a: Mimikyu|Shadow Claw|p2a: Florges\n|-damage|p2a: Florges|76/271\n|-damage|p1a: Mimikyu|78/100|[from] item: Life Orb\n|move|p2a: Florges|Moonblast|p1a: Mimikyu\n|-damage|p1a: Mimikyu|26/100\n|-unboost|p1a: Mimikyu|spa|1\n|\n|-heal|p2a: Florges|92/271|[from] item: Leftovers\n|upkeep\n|turn|3\n|inactive|Time left: 300 sec this turn | 300 sec total\n|\n|t:|1783566215\n|switch|p2a: Klawf|Klawf, L90, F|272/272\n|move|p1a: Mimikyu|Play Rough|p2a: Klawf\n|-damage|p2a: Klawf|107/272\n|-unboost|p2a: Klawf|atk|1\n|-damage|p1a: Mimikyu|17/100|[from] item: Life Orb\n|\n|upkeep\n|turn|4\n|inactive|Time left: 300 sec this turn | 300 sec total\n|\n|t:|1783566217\n|switch|p2a: Comfey|Comfey, L85, F|225/225\n|move|p1a: Mimikyu|Play Rough|p2a: Comfey\n|-damage|p2a: Comfey|11/225\n|-damage|p1a: Mimikyu|7/100|[from] item: Life Orb\n|\n|-heal|p2a: Comfey|25/225|[from] item: Leftovers\n|upkeep\n|turn|5\n|inactive|Time left: 300 sec this turn | 300 sec total\n|\n|t:|1783566218\n|switch|p1a: Espathra|Espathra, L80, M|100/100\n|move|p2a: Comfey|Draining Kiss|p1a: Espathra\n|-damage|p1a: Espathra|77/100\n|-heal|p2a: Comfey|75/225|[from] drain|[of] p1a: Espathra\n|\n|-heal|p2a: Comfey|89/225|[from] item: Leftovers\n|upkeep\n|turn|6\n|inactive|Time left: 300 sec this turn | 300 sec total\n|\n|t:|1783566219\n|move|p2a: Comfey|Draining Kiss|p1a: Espathra\n|-crit|p1a: Espathra\n|-damage|p1a: Espathra|39/100\n|-heal|p2a: Comfey|170/225|[from] drain|[of] p1a: Espathra\n|move|p1a: Espathra|Lumina Crash|p2a: Comfey\n|-damage|p2a: Comfey|77/225\n|-unboost|p2a: Comfey|spd|2\n|\n|-heal|p2a: Comfey|91/225|[from] item: Leftovers\n|-ability|p1a: Espathra|Speed Boost|boost\n|-boost|p1a: Espathra|spe|1\n|upkeep\n|turn|7\n|inactive|Time left: 300 sec this turn | 300 sec total\n|\n|t:|1783566220\n|move|p2a: Comfey|Draining Kiss|p1a: Espathra\n|-damage|p1a: Espathra|13/100\n|-heal|p2a: Comfey|145/225|[from] drain|[of] p1a: Espathra\n|move|p1a: Espathra|Lumina Crash|p2a: Comfey\n|-damage|p2a: Comfey|0 fnt\n|faint|p2a: Comfey\n|\n|-ability|p1a: Espathra|Speed Boost|boost\n|-boost|p1a: Espathra|spe|1\n|upkeep\n|inactive|Time left: 300 sec this turn | 300 sec total | 5 sec grace\n|\n|t:|1783566221\n|switch|p2a: Florges|Florges-Orange, L85, F|92/271\n|turn|8\n|inactive|Time left: 300 sec this turn | 300 sec total\n|\n|t:|1783566222\n|move|p1a: Espathra|Lumina Crash|p2a: Florges\n|-damage|p2a: Florges|13/271\n|-unboost|p2a: Florges|spd|2\n|move|p2a: Florges|Moonblast|p1a: Espathra\n|-damage|p1a: Espathra|0 fnt\n|faint|p1a: Espathra\n|\n|-heal|p2a: Florges|29/271|[from] item: Leftovers\n|upkeep\n|\n|t:|1783566222\n|switch|p1a: Masquerain|Masquerain, L87, M|100/100\n|-ability|p1a: Masquerain|Intimidate|boost\n|-unboost|p2a: Florges|atk|1\n|turn|9\n|inactive|Time left: 300 sec this turn | 300 sec total\n|\n|t:|1783566223\n|switch|p2a: Blissey|Blissey, L85, F|572/572\n|move|p1a: Masquerain|Sticky Web|p2a: Blissey\n|-sidestart|p2: p0y2347ff60|move: Sticky Web\n|\n|upkeep\n|turn|10\n|inactive|Time left: 300 sec this turn | 300 sec total\n|\n|t:|1783566224\n|move|p1a: Masquerain|U-turn|p2a: Blissey\n|-damage|p2a: Blissey|409/572\n|\n|t:|1783566225\n|switch|p1a: Rhyperior|Rhyperior, L82, F|100/100|[from] U-turn\n|move|p2a: Blissey|Seismic Toss|p1a: Rhyperior\n|-damage|p1a: Rhyperior|74/100\n|\n|-heal|p2a: Blissey|444/572|[from] item: Leftovers\n|upkeep\n|turn|11\n|inactive|Time left: 300 sec this turn | 300 sec total\n|\n|t:|1783566226\n|switch|p2a: Florges|Florges-Orange, L85, F|29/271\n|-activate|p2a: Florges|move: Sticky Web\n|-unboost|p2a: Florges|spe|1\n|move|p1a: Rhyperior|Earthquake|p2a: Florges\n|-damage|p2a: Florges|0 fnt\n|faint|p2a: Florges\n|\n|upkeep\n|inactive|Time left: 300 sec this turn | 300 sec total | 5 sec grace\n|\n|t:|1783566227\n|switch|p2a: Shaymin|Shaymin-Sky, L73|266/266\n|turn|12\n|inactive|Time left: 300 sec this turn | 300 sec total\n|\n|t:|1783566228\n|-terastallize|p1a: Rhyperior|Steel\n|move|p2a: Shaymin|Seed Flare|p1a: Rhyperior\n|-resisted|p1a: Rhyperior\n|-damage|p1a: Rhyperior|50/100\n|-unboost|p1a: Rhyperior|spd|2\n|move|p1a: Rhyperior|Stone Edge|p2a: Shaymin\n|-supereffective|p2a: Shaymin\n|-damage|p2a: Shaymin|0 fnt\n|faint|p2a: Shaymin\n|\n|upkeep\n|inactive|Time left: 300 sec this turn | 300 sec total | 5 sec grace\n|\n|t:|1783566229\n|switch|p2a: Feraligatr|Feraligatr, L79, M|264/264\n|-activate|p2a: Feraligatr|move: Sticky Web\n|-unboost|p2a: Feraligatr|spe|1\n|turn|13\n|inactive|Time left: 300 sec this turn | 300 sec total\n|\n|t:|1783566230\n|move|p1a: Rhyperior|Earthquake|p2a: Feraligatr\n|-damage|p2a: Feraligatr|141/264\n|move|p2a: Feraligatr|Dragon Dance|p2a: Feraligatr\n|-boost|p2a: Feraligatr|atk|1\n|-boost|p2a: Feraligatr|spe|1\n|\n|upkeep\n|turn|14\n|inactive|Time left: 300 sec this turn | 300 sec total\n|\n|t:|1783566231\n|move|p2a: Feraligatr|Liquidation|p1a: Rhyperior\n|-damage|p1a: Rhyperior|1/100\n|move|p1a: Rhyperior|Earthquake|p2a: Feraligatr\n|-damage|p2a: Feraligatr|8/264\n|\n|upkeep\n|turn|15\n|inactive|Time left: 300 sec this turn | 300 sec total\n|\n|t:|1783566233\n|move|p2a: Feraligatr|Liquidation|p1a: Rhyperior\n|-damage|p1a: Rhyperior|0 fnt\n|faint|p1a: Rhyperior\n|\n|upkeep\n|\n|t:|1783566234\n|switch|p1a: Keldeo|Keldeo-Resolute, L79|100/100\n|turn|16\n|inactive|Time left: 300 sec this turn | 300 sec total\n|\n|t:|1783566235\n|move|p1a: Keldeo|Secret Sword|p2a: Feraligatr\n|-damage|p2a: Feraligatr|0 fnt\n|faint|p2a: Feraligatr\n|\n|upkeep\n|inactive|Time left: 300 sec this turn | 300 sec total | 5 sec grace\n|\n|t:|1783566236\n|switch|p2a: Blissey|Blissey, L85, F|444/572\n|-activate|p2a: Blissey|move: Sticky Web\n|-unboost|p2a: Blissey|spe|1\n|turn|17\n|inactive|Time left: 300 sec this turn | 300 sec total\n|\n|t:|1783566237\n|-terastallize|p2a: Blissey|Ghost\n|move|p1a: Keldeo|Secret Sword|p2a: Blissey\n|-immune|p2a: Blissey\n|move|p2a: Blissey|Thunder Wave|p1a: Keldeo\n|-status|p1a: Keldeo|par\n|\n|-heal|p2a: Blissey|479/572|[from] item: Leftovers\n|upkeep\n|turn|18\n|inactive|Time left: 300 sec this turn | 300 sec total\n|\n|t:|1783566238\n|move|p1a: Keldeo|Calm Mind|p1a: Keldeo\n|-boost|p1a: Keldeo|spa|1\n|-boost|p1a: Keldeo|spd|1\n|move|p2a: Blissey|Seismic Toss|p1a: Keldeo\n|-damage|p1a: Keldeo|69/100 par\n|\n|-heal|p1a: Keldeo|76/100 par|[from] item: Leftovers\n|-heal|p2a: Blissey|514/572|[from] item: Leftovers\n|upkeep\n|turn|19\n|inactive|Time left: 300 sec this turn | 300 sec total\n|\n|t:|1783566239\n|cant|p1a: Keldeo|par\n|move|p2a: Blissey|Seismic Toss|p1a: Keldeo\n|-damage|p1a: Keldeo|44/100 par\n|\n|-heal|p1a: Keldeo|51/100 par|[from] item: Leftovers\n|-heal|p2a: Blissey|549/572|[from] item: Leftovers\n|upkeep\n|turn|20\n|inactive|Time left: 300 sec this turn | 300 sec total\n|\n|t:|1783566240\n|move|p1a: Keldeo|Calm Mind|p1a: Keldeo\n|-boost|p1a: Keldeo|spa|1\n|-boost|p1a: Keldeo|spd|1\n|move|p2a: Blissey|Seismic Toss|p1a: Keldeo\n|-damage|p1a: Keldeo|20/100 par\n|\n|-heal|p1a: Keldeo|26/100 par|[from] item: Leftovers\n|-heal|p2a: Blissey|572/572|[from] item: Leftovers\n|upkeep\n|turn|21\n|inactive|Time left: 300 sec this turn | 300 sec total\n|\n|t:|1783566241\n|cant|p1a: Keldeo|par\n|move|p2a: Blissey|Seismic Toss|p1a: Keldeo\n|-damage|p1a: Keldeo|0 fnt\n|faint|p1a: Keldeo\n|\n|upkeep\n|\n|t:|1783566242\n|switch|p1a: Cobalion|Cobalion, L80|100/100\n|turn|22\n|inactive|Time left: 300 sec this turn | 300 sec total\n|\n|t:|1783566243\n|move|p1a: Cobalion|Iron Head|p2a: Blissey\n|-damage|p2a: Blissey|341/572\n|move|p2a: Blissey|Thunder Wave|p1a: Cobalion\n|-status|p1a: Cobalion|par\n|\n|-heal|p2a: Blissey|376/572|[from] item: Leftovers\n|upkeep\n|turn|23\n|inactive|Time left: 300 sec this turn | 300 sec total\n|\n|t:|1783566244\n|cant|p1a: Cobalion|par\n|move|p2a: Blissey|Soft-Boiled|p2a: Blissey\n|-heal|p2a: Blissey|572/572\n|\n|upkeep\n|turn|24\n|inactive|Time left: 300 sec this turn | 300 sec total\n|\n|t:|1783566245\n|move|p1a: Cobalion|Iron Head|p2a: Blissey\n|-damage|p2a: Blissey|355/572\n|move|p2a: Blissey|Seismic Toss|p1a: Cobalion\n|-damage|p1a: Cobalion|70/100 par\n|\n|-heal|p1a: Cobalion|76/100 par|[from] item: Leftovers\n|-heal|p2a: Blissey|390/572|[from] item: Leftovers\n|upkeep\n|turn|25\n|inactive|Time left: 300 sec this turn | 300 sec total\n|\n|t:|1783566246\n|move|p1a: Cobalion|Iron Head|p2a: Blissey\n|-damage|p2a: Blissey|182/572\n|move|p2a: Blissey|Soft-Boiled|p2a: Blissey\n|-heal|p2a: Blissey|468/572\n|\n|-heal|p1a: Cobalion|82/100 par|[from] item: Leftovers\n|-heal|p2a: Blissey|503/572|[from] item: Leftovers\n|upkeep\n|turn|26\n|inactive|Time left: 300 sec this turn | 300 sec total\n|\n|t:|1783566247\n|move|p1a: Cobalion|Iron Head|p2a: Blissey\n|-damage|p2a: Blissey|281/572\n|move|p2a: Blissey|Seismic Toss|p1a: Cobalion\n|-damage|p1a: Cobalion|51/100 par\n|\n|-heal|p1a: Cobalion|58/100 par|[from] item: Leftovers\n|-heal|p2a: Blissey|316/572|[from] item: Leftovers\n|upkeep\n|turn|27\n|inactive|Time left: 300 sec this turn | 300 sec total\n|\n|t:|1783566248\n|move|p1a: Cobalion|Iron Head|p2a: Blissey\n|-damage|p2a: Blissey|79/572\n|move|p2a: Blissey|Soft-Boiled|p2a: Blissey\n|-heal|p2a: Blissey|365/572\n|\n|-heal|p1a: Cobalion|64/100 par|[from] item: Leftovers\n|-heal|p2a: Blissey|400/572|[from] item: Leftovers\n|upkeep\n|turn|28\n|inactive|Time left: 300 sec this turn | 300 sec total\n|\n|t:|1783566249\n|move|p1a: Cobalion|Iron Head|p2a: Blissey\n|-damage|p2a: Blissey|163/572\n|move|p2a: Blissey|Seismic Toss|p1a: Cobalion\n|-damage|p1a: Cobalion|33/100 par\n|\n|-heal|p1a: Cobalion|39/100 par|[from] item: Leftovers\n|-heal|p2a: Blissey|198/572|[from] item: Leftovers\n|upkeep\n|turn|29\n|inactive|Time left: 300 sec this turn | 300 sec total\n|\n|t:|1783566250\n|switch|p2a: Klawf|Klawf, L90, F|197/272\n|-activate|p2a: Klawf|move: Sticky Web\n|-unboost|p2a: Klawf|spe|1\n|move|p1a: Cobalion|Iron Head|p2a: Klawf\n|-supereffective|p2a: Klawf\n|-damage|p2a: Klawf|81/272\n|\n|-heal|p1a: Cobalion|45/100 par|[from] item: Leftovers\n|upkeep\n|turn|30\n|inactive|Time left: 300 sec this turn | 300 sec total\n|\n|t:|1783566251\n|switch|p1a: Masquerain|Masquerain, L87, M|100/100\n|-ability|p1a: Masquerain|Intimidate|boost\n|-unboost|p2a: Klawf|atk|1\n|move|p2a: Klawf|Crabhammer|p1a: Masquerain\n|-damage|p1a: Masquerain|69/100\n|-damage|p2a: Klawf|54/272|[from] item: Life Orb\n|\n|upkeep\n|turn|31\n|inactive|Time left: 300 sec this turn | 300 sec total\n|\n|t:|1783566252\n|switch|p2a: Blissey|Blissey, L85, F, tera:Ghost|198/572\n|-activate|p2a: Blissey|move: Sticky Web\n|-unboost|p2a: Blissey|spe|1\n|move|p1a: Masquerain|U-turn|p2a: Blissey\n|-resisted|p2a: Blissey\n|-damage|p2a: Blissey|121/572\n|\n|t:|1783566253\n|switch|p1a: Cobalion|Cobalion, L80|45/100 par|[from] U-turn\n|\n|-heal|p1a: Cobalion|51/100 par|[from] item: Leftovers\n|-heal|p2a: Blissey|156/572|[from] item: Leftovers\n|upkeep\n|turn|32\n|inactive|Time left: 300 sec this turn | 300 sec total\n|\n|t:|1783566254\n|switch|p2a: Klawf|Klawf, L90, F|144/272\n|-activate|p2a: Klawf|move: Sticky Web\n|-unboost|p2a: Klawf|spe|1\n|move|p1a: Cobalion|Iron Head|p2a: Klawf\n|-supereffective|p2a: Klawf\n|-damage|p2a: Klawf|18/272\n|\n|-heal|p1a: Cobalion|58/100 par|[from] item: Leftovers\n|upkeep\n|turn|33\n|inactive|Time left: 300 sec this turn | 300 sec total\n|\n|t:|1783566255\n|move|p2a: Klawf|Stealth Rock|p1a: Cobalion\n|-sidestart|p1: p0x2347a8ff|move: Stealth Rock\n|move|p1a: Cobalion|Iron Head|p2a: Klawf\n|-supereffective|p2a: Klawf\n|-damage|p2a: Klawf|0 fnt\n|faint|p2a: Klawf\n|\n|-heal|p1a: Cobalion|64/100 par|[from] item: Leftovers\n|upkeep\n|inactive|Time left: 300 sec this turn | 300 sec total | 5 sec grace\n|\n|t:|1783566256\n|switch|p2a: Blissey|Blissey, L85, F, tera:Ghost|156/572\n|-activate|p2a: Blissey|move: Sticky Web\n|-unboost|p2a: Blissey|spe|1\n|turn|34\n|inactive|Time left: 300 sec this turn | 300 sec total\n|\n|t:|1783566257\n|move|p1a: Cobalion|Iron Head|p2a: Blissey\n|-damage|p2a: Blissey|0 fnt\n|faint|p2a: Blissey\n|\n|win|p0x2347a8ff", "uploadtime": 1783566257, "views": 0, "rating": 0, "private": 0, "password": null, "_winner": "p0x2347a8ff", "_our_name": "p0y2347ff60"}