{"id": "battle-gen9randombattle-790", "formatid": "gen9randombattle", "format": "[Gen 9] Random Battle", "players": ["p0x7904d1e", "p0y790b48b"], "log": "|init|battle\n|title|p0x7904d1e vs. p0y790b48b\n|j|\u2606p0x7904d1e\n|j|\u2606p0y790b48b\n|t:|1783549021\n|gametype|singles\n|player|p1|p0x7904d1e|101|\n|player|p2|p0y790b48b|266|\n|gen|9\n|tier|[Gen 9] Random Battle\n|rule|Species Clause: Limit one of each Pok\u00e9mon\n|rule|HP Percentage Mod: HP is shown in percentages\n|rule|Sleep Clause Mod: Limit one foe put to sleep\n|rule|Illusion Level Mod: Illusion disguises the Pok\u00e9mon's true level\n|\n|t:|1783549021\n|teamsize|p1|6\n|teamsize|p2|6\n|start\n|switch|p1a: Veluza|Veluza, L85, F|100/100\n|switch|p2a: Iron Crown|Iron Crown, L78|268/268\n|turn|1\n|inactive|Battle timer is ON: inactive players will automatically lose when time's up. (requested by p0y790b48b)\n|inactive|p0x7904d1e also wants the timer to be on.\n|\n|t:|1783549023\n|move|p1a: Veluza|Aqua Cutter|p2a: Iron Crown\n|-damage|p2a: Iron Crown|159/268\n|move|p2a: Iron Crown|Calm Mind|p2a: Iron Crown\n|-boost|p2a: Iron Crown|spa|1\n|-boost|p2a: Iron Crown|spd|1\n|\n|-heal|p2a: Iron Crown|175/268|[from] item: Leftovers\n|upkeep\n|turn|2\n|inactive|Time left: 300 sec this turn | 300 sec total\n|\n|t:|1783549024\n|move|p1a: Veluza|Aqua Cutter|p2a: Iron Crown\n|-damage|p2a: Iron Crown|52/268\n|move|p2a: Iron Crown|Focus Blast|p1a: Veluza\n|-resisted|p1a: Veluza\n|-damage|p1a: Veluza|74/100\n|\n|-heal|p2a: Iron Crown|68/268|[from] item: Leftovers\n|upkeep\n|turn|3\n|inactive|Time left: 300 sec this turn | 300 sec total\n|\n|t:|1783549025\n|-end|p2a: Iron Crown|Quark Drive|[silent]\n|switch|p2a: Gyarados|Gyarados, L79, M|280/280\n|-ability|p2a: Gyarados|Intimidate|boost\n|-unboost|p1a: Veluza|atk|1\n|move|p1a: Veluza|Aqua Cutter|p2a: Gyarados\n|-resisted|p2a: Gyarados\n|-crit|p2a: Gyarados\n|-damage|p2a: Gyarados|170/280\n|\n|upkeep\n|turn|4\n|inactive|Time left: 300 sec this turn | 300 sec total\n|\n|t:|1783549027\n|move|p1a: Veluza|Aqua Cutter|p2a: Gyarados\n|-resisted|p2a: Gyarados\n|-damage|p2a: Gyarados|128/280\n|move|p2a: Gyarados|Dragon Dance|p2a: Gyarados\n|-boost|p2a: Gyarados|atk|1\n|-boost|p2a: Gyarados|spe|1\n|\n|upkeep\n|turn|5\n|inactive|Time left: 300 sec this turn | 300 sec total\n|\n|t:|1783549028\n|move|p2a: Gyarados|Waterfall|p1a: Veluza\n|-resisted|p1a: Veluza\n|-damage|p1a: Veluza|49/100\n|move|p1a: Veluza|Aqua Cutter|p2a: Gyarados\n|-resisted|p2a: Gyarados\n|-damage|p2a: Gyarados|81/280\n|\n|upkeep\n|turn|6\n|inactive|Time left: 300 sec this turn | 300 sec total\n|\n|t:|1783549029\n|move|p2a: Gyarados|Earthquake|p1a: Veluza\n|-crit|p1a: Veluza\n|-damage|p1a: Veluza|0 fnt\n|faint|p1a: Veluza\n|\n|upkeep\n|\n|t:|1783549030\n|switch|p1a: Hatterene|Hatterene, L85, F|100/100\n|turn|7\n|inactive|Time left: 300 sec this turn | 300 sec total\n|\n|t:|1783549031\n|move|p2a: Gyarados|Waterfall|p1a: Hatterene\n|-damage|p1a: Hatterene|50/100\n|move|p1a: Hatterene|Psyshock|p2a: Gyarados\n|-damage|p2a: Gyarados|0 fnt\n|faint|p2a: Gyarados\n|\n|-heal|p1a: Hatterene|56/100|[from] item: Leftovers\n|upkeep\n|inactive|Time left: 300 sec this turn | 300 sec total | 5 sec grace\n|\n|t:|1783549032\n|switch|p2a: Scovillain|Scovillain, L91, F|266/266\n|turn|8\n|inactive|Time left: 300 sec this turn | 300 sec total\n|\n|t:|1783549034\n|move|p2a: Scovillain|Flamethrower|p1a: Hatterene\n|-damage|p1a: Hatterene|0 fnt\n|faint|p1a: Hatterene\n|\n|upkeep\n|\n|t:|1783549035\n|switch|p1a: Skeledirge|Skeledirge, L79, M|100/100\n|turn|9\n|inactive|Time left: 300 sec this turn | 300 sec total\n|\n|t:|1783549036\n|move|p2a: Scovillain|Flamethrower|p1a: Skeledirge\n|-resisted|p1a: Skeledirge\n|-damage|p1a: Skeledirge|67/100\n|move|p1a: Skeledirge|Torch Song|p2a: Scovillain\n|-damage|p2a: Scovillain|170/266\n|-boost|p1a: Skeledirge|spa|1\n|\n|upkeep\n|turn|10\n|inactive|Time left: 300 sec this turn | 300 sec total\n|\n|t:|1783549037\n|move|p2a: Scovillain|Flamethrower|p1a: Skeledirge\n|-resisted|p1a: Skeledirge\n|-damage|p1a: Skeledirge|30/100\n|move|p1a: Skeledirge|Flame Charge|p2a: Scovillain\n|-damage|p2a: Scovillain|122/266\n|-boost|p1a: Skeledirge|spe|1\n|\n|upkeep\n|turn|11\n|inactive|Time left: 300 sec this turn | 300 sec total\n|\n|t:|1783549038\n|switch|p2a: Mamoswine|Mamoswine, L81, M|311/311\n|move|p1a: Skeledirge|Torch Song|p2a: Mamoswine\n|-supereffective|p2a: Mamoswine\n|-damage|p2a: Mamoswine|125/311\n|-boost|p1a: Skeledirge|spa|1\n|\n|upkeep\n|turn|12\n|inactive|Time left: 300 sec this turn | 300 sec total\n|\n|t:|1783549039\n|move|p2a: Mamoswine|Ice Shard|p1a: Skeledirge\n|-resisted|p1a: Skeledirge\n|-damage|p1a: Skeledirge|18/100\n|move|p1a: Skeledirge|Shadow Ball|p2a: Mamoswine\n|-damage|p2a: Mamoswine|0 fnt\n|faint|p2a: Mamoswine\n|\n|upkeep\n|inactive|Time left: 300 sec this turn | 300 sec total | 5 sec grace\n|\n|t:|1783549040\n|switch|p2a: Baxcalibur|Baxcalibur, L75, F|295/295\n|turn|13\n|inactive|Time left: 300 sec this turn | 300 sec total\n|\n|t:|1783549041\n|-terastallize|p1a: Skeledirge|Fairy\n|move|p1a: Skeledirge|Slack Off|p1a: Skeledirge\n|-heal|p1a: Skeledirge|68/100\n|move|p2a: Baxcalibur|Scale Shot|p1a: Skeledirge\n|-immune|p1a: Skeledirge\n|\n|upkeep\n|turn|14\n|inactive|Time left: 300 sec this turn | 300 sec total\n|\n|t:|1783549042\n|move|p1a: Skeledirge|Torch Song|p2a: Baxcalibur\n|-damage|p2a: Baxcalibur|121/295\n|-boost|p1a: Skeledirge|spa|1\n|-ability|p2a: Baxcalibur|Thermal Exchange|boost\n|-boost|p2a: Baxcalibur|atk|1\n|move|p2a: Baxcalibur|Icicle Spear|p1a: Skeledirge\n|-damage|p1a: Skeledirge|58/100\n|-damage|p1a: Skeledirge|49/100\n|-damage|p1a: Skeledirge|39/100\n|-damage|p1a: Skeledirge|30/100\n|-damage|p1a: Skeledirge|19/100\n|-hitcount|p1a: Skeledirge|5\n|\n|upkeep\n|turn|15\n|inactive|Time left: 300 sec this turn | 300 sec total\n|\n|t:|1783549043\n|switch|p2a: Iron Crown|Iron Crown, L78|68/268\n|move|p1a: Skeledirge|Shadow Ball|p2a: Iron Crown\n|-supereffective|p2a: Iron Crown\n|-damage|p2a: Iron Crown|0 fnt\n|faint|p2a: Iron Crown\n|-end|p2a: Iron Crown|Quark Drive|[silent]\n|\n|upkeep\n|inactive|Time left: 300 sec this turn | 300 sec total | 5 sec grace\n|\n|t:|1783549044\n|switch|p2a: Latios|Latios, L78, M|253/253\n|turn|16\n|inactive|Time left: 300 sec this turn | 300 sec total\n|\n|t:|1783549045\n|-terastallize|p2a: Latios|Steel\n|move|p1a: Skeledirge|Shadow Ball|p2a: Latios\n|-damage|p2a: Latios|61/253\n|-unboost|p2a: Latios|spd|1\n|move|p2a: Latios|Psyshock|p1a: Skeledirge\n|-damage|p1a: Skeledirge|0 fnt\n|faint|p1a: Skeledirge\n|\n|upkeep\n|\n|t:|1783549046\n|switch|p1a: Lumineon|Lumineon, L93, M|100/100\n|turn|17\n|inactive|Time left: 300 sec this turn | 300 sec total\n|\n|t:|1783549047\n|move|p1a: Lumineon|Hydro Pump|p2a: Latios\n|-damage|p2a: Latios|0 fnt\n|faint|p2a: Latios\n|\n|upkeep\n|inactive|Time left: 300 sec this turn | 300 sec total | 5 sec grace\n|\n|t:|1783549048\n|switch|p2a: Baxcalibur|Baxcalibur, L75, F|121/295\n|turn|18\n|inactive|Time left: 300 sec this turn | 300 sec total\n|\n|t:|1783549049\n|move|p1a: Lumineon|Ice Beam|p2a: Baxcalibur\n|-damage|p2a: Baxcalibur|57/295\n|move|p2a: Baxcalibur|Scale Shot|p1a: Lumineon\n|-damage|p1a: Lumineon|89/100\n|-damage|p1a: Lumineon|78/100\n|-damage|p1a: Lumineon|66/100\n|-damage|p1a: Lumineon|56/100\n|-damage|p1a: Lumineon|46/100\n|-hitcount|p1a: Lumineon|5\n|-unboost|p2a: Baxcalibur|def|1\n|-boost|p2a: Baxcalibur|spe|1\n|\n|upkeep\n|turn|19\n|inactive|Time left: 300 sec this turn | 300 sec total\n|\n|t:|1783549050\n|switch|p2a: Scovillain|Scovillain, L91, F|122/266\n|move|p1a: Lumineon|U-turn|p2a: Scovillain\n|-damage|p2a: Scovillain|70/266\n|\n|t:|1783549051\n|switch|p1a: Torkoal|Torkoal, L88, F|100/100|[from] U-turn\n|-weather|SunnyDay|[from] ability: Drought|[of] p1a: Torkoal\n|\n|-weather|SunnyDay|[upkeep]\n|upkeep\n|turn|20\n|inactive|Time left: 300 sec this turn | 300 sec total\n|\n|t:|1783549052\n|move|p2a: Scovillain|Overheat|p1a: Torkoal\n|-resisted|p1a: Torkoal\n|-damage|p1a: Torkoal|18/100\n|-unboost|p2a: Scovillain|spa|2\n|move|p1a: Torkoal|Lava Plume|p2a: Scovillain\n|-damage|p2a: Scovillain|0 fnt\n|faint|p2a: Scovillain\n|\n|-weather|SunnyDay|[upkeep]\n|upkeep\n|inactive|Time left: 300 sec this turn | 300 sec total | 5 sec grace\n|\n|t:|1783549053\n|switch|p2a: Baxcalibur|Baxcalibur, L75, F|57/295\n|turn|21\n|inactive|Time left: 300 sec this turn | 300 sec total\n|\n|t:|1783549054\n|move|p2a: Baxcalibur|Earthquake|p1a: Torkoal\n|-supereffective|p1a: Torkoal\n|-damage|p1a: Torkoal|0 fnt\n|faint|p1a: Torkoal\n|\n|-weather|SunnyDay|[upkeep]\n|upkeep\n|\n|t:|1783549055\n|switch|p1a: Lumineon|Lumineon, L93, M|46/100\n|turn|22\n|inactive|Time left: 300 sec this turn | 300 sec total\n|\n|t:|1783549055\n|move|p1a: Lumineon|Ice Beam|p2a: Baxcalibur\n|-damage|p2a: Baxcalibur|0 fnt\n|faint|p2a: Baxcalibur\n|\n|win|p0x7904d1e", "uploadtime": 1783549055, "views": 0, "rating": 0, "private": 0, "password": null, "_winner": "p0x7904d1e", "_our_name": "p0y790b48b"}