{"id": "battle-gen9randombattle-151", "formatid": "gen9randombattle", "format": "[Gen 9] Random Battle", "players": ["p0x151cf02", "p0y151d165"], "log": "|init|battle\n|title|p0x151cf02 vs. p0y151d165\n|j|\u2606p0x151cf02\n|j|\u2606p0y151d165\n|t:|1783540909\n|gametype|singles\n|player|p1|p0x151cf02|102|\n|player|p2|p0y151d165|2|\n|gen|9\n|tier|[Gen 9] Random Battle\n|rule|Species Clause: Limit one of each Pok\u00e9mon\n|rule|HP Percentage Mod: HP is shown in percentages\n|rule|Sleep Clause Mod: Limit one foe put to sleep\n|rule|Illusion Level Mod: Illusion disguises the Pok\u00e9mon's true level\n|\n|t:|1783540909\n|teamsize|p1|6\n|teamsize|p2|6\n|start\n|switch|p1a: Skuntank|Skuntank, L84, M|310/310\n|switch|p2a: Furret|Furret, L94, M|100/100\n|-item|p1a: Skuntank|Focus Sash|[from] ability: Frisk|[of] p2a: Furret\n|turn|1\n|inactive|Battle timer is ON: inactive players will automatically lose when time's up. (requested by p0y151d165)\n|inactive|Time left: 300 sec this turn | 300 sec total | 60 sec grace\n|inactive|p0x151cf02 also wants the timer to be on.\n|\n|t:|1783540910\n|move|p2a: Furret|Double-Edge|p1a: Skuntank\n|-damage|p1a: Skuntank|87/310\n|-damage|p2a: Furret|77/100|[from] Recoil\n|move|p1a: Skuntank|Knock Off|p2a: Furret\n|-damage|p2a: Furret|43/100\n|-enditem|p2a: Furret|Choice Band|[from] move: Knock Off|[of] p1a: Skuntank\n|\n|upkeep\n|turn|2\n|inactive|Time left: 300 sec this turn | 300 sec total\n|\n|t:|1783540912\n|switch|p1a: Golurk|Golurk, L87|297/297\n|move|p2a: Furret|Double-Edge|p1a: Golurk\n|-immune|p1a: Golurk\n|\n|upkeep\n|turn|3\n|inactive|Time left: 300 sec this turn | 300 sec total\n|\n|t:|1783540913\n|move|p2a: Furret|Knock Off|p1a: Golurk\n|-supereffective|p1a: Golurk\n|-damage|p1a: Golurk|139/297\n|-enditem|p1a: Golurk|Choice Band|[from] move: Knock Off|[of] p2a: Furret\n|move|p1a: Golurk|Earthquake|p2a: Furret\n|-damage|p2a: Furret|0 fnt\n|faint|p2a: Furret\n|\n|upkeep\n|\n|t:|1783540914\n|switch|p2a: Metagross|Metagross, L79|100/100\n|turn|4\n|inactive|Time left: 300 sec this turn | 300 sec total\n|\n|t:|1783540915\n|move|p2a: Metagross|Knock Off|p1a: Golurk\n|-supereffective|p1a: Golurk\n|-damage|p1a: Golurk|0 fnt\n|faint|p1a: Golurk\n|\n|upkeep\n|inactive|Time left: 300 sec this turn | 300 sec total | 5 sec grace\n|\n|t:|1783540916\n|switch|p1a: Mismagius|Mismagius, L86, M|243/243\n|turn|5\n|inactive|Time left: 300 sec this turn | 300 sec total\n|\n|t:|1783540917\n|move|p1a: Mismagius|Shadow Ball|p2a: Metagross\n|-supereffective|p2a: Metagross\n|-damage|p2a: Metagross|0 fnt\n|faint|p2a: Metagross\n|\n|upkeep\n|\n|t:|1783540918\n|switch|p2a: Greedent|Greedent, L86, F|100/100\n|turn|6\n|inactive|Time left: 300 sec this turn | 300 sec total\n|\n|t:|1783540919\n|move|p1a: Mismagius|Shadow Ball|p2a: Greedent\n|-immune|p2a: Greedent\n|move|p2a: Greedent|Knock Off|p1a: Mismagius\n|-supereffective|p1a: Mismagius\n|-damage|p1a: Mismagius|63/243\n|-enditem|p1a: Mismagius|Choice Specs|[from] move: Knock Off|[of] p2a: Greedent\n|\n|upkeep\n|turn|7\n|inactive|Time left: 300 sec this turn | 300 sec total\n|\n|t:|1783540920\n|move|p1a: Mismagius|Dazzling Gleam|p2a: Greedent\n|-damage|p2a: Greedent|80/100\n|move|p2a: Greedent|Knock Off|p1a: Mismagius\n|-supereffective|p1a: Mismagius\n|-damage|p1a: Mismagius|0 fnt\n|faint|p1a: Mismagius\n|\n|upkeep\n|inactive|Time left: 300 sec this turn | 300 sec total | 5 sec grace\n|\n|t:|1783540921\n|switch|p1a: Enamorus|Enamorus, L79, F|247/247\n|turn|8\n|inactive|Time left: 300 sec this turn | 300 sec total\n|\n|t:|1783540923\n|move|p1a: Enamorus|Superpower|p2a: Greedent\n|-supereffective|p2a: Greedent\n|-damage|p2a: Greedent|36/100\n|-boost|p1a: Enamorus|atk|1\n|-boost|p1a: Enamorus|def|1\n|-enditem|p2a: Greedent|Sitrus Berry|[eat]\n|-heal|p2a: Greedent|60/100|[from] item: Sitrus Berry\n|-heal|p2a: Greedent|94/100|[from] ability: Cheek Pouch\n|move|p2a: Greedent|Swords Dance|p2a: Greedent\n|-boost|p2a: Greedent|atk|2\n|\n|upkeep\n|turn|9\n|inactive|Time left: 300 sec this turn | 300 sec total\n|\n|t:|1783540924\n|-terastallize|p1a: Enamorus|Fighting\n|-terastallize|p2a: Greedent|Ghost\n|move|p1a: Enamorus|Superpower|p2a: Greedent\n|-immune|p2a: Greedent\n|move|p2a: Greedent|Body Slam|p1a: Enamorus\n|-crit|p1a: Enamorus\n|-damage|p1a: Enamorus|0 fnt\n|faint|p1a: Enamorus\n|\n|upkeep\n|inactive|Time left: 300 sec this turn | 300 sec total | 5 sec grace\n|\n|t:|1783540925\n|switch|p1a: Skuntank|Skuntank, L84, M|87/310\n|turn|10\n|inactive|Time left: 300 sec this turn | 300 sec total\n|\n|t:|1783540926\n|move|p1a: Skuntank|Knock Off|p2a: Greedent\n|-supereffective|p2a: Greedent\n|-damage|p2a: Greedent|55/100\n|move|p2a: Greedent|Earthquake|p1a: Skuntank\n|-supereffective|p1a: Skuntank\n|-damage|p1a: Skuntank|0 fnt\n|faint|p1a: Skuntank\n|\n|upkeep\n|inactive|Time left: 300 sec this turn | 300 sec total | 5 sec grace\n|\n|t:|1783540927\n|switch|p1a: Ogerpon|Ogerpon, L80, F|259/259\n|turn|11\n|inactive|Time left: 300 sec this turn | 300 sec total\n|\n|t:|1783540928\n|move|p1a: Ogerpon|Swords Dance|p1a: Ogerpon\n|-boost|p1a: Ogerpon|atk|2\n|move|p2a: Greedent|Body Slam|p1a: Ogerpon\n|-damage|p1a: Ogerpon|69/259\n|\n|upkeep\n|turn|12\n|inactive|Time left: 300 sec this turn | 300 sec total\n|\n|t:|1783540929\n|move|p1a: Ogerpon|Ivy Cudgel|p2a: Greedent\n|-damage|p2a: Greedent|0 fnt\n|faint|p2a: Greedent\n|-damage|p1a: Ogerpon|44/259|[from] item: Life Orb\n|\n|upkeep\n|\n|t:|1783540930\n|switch|p2a: Sceptile|Sceptile, L87, F|100/100\n|turn|13\n|inactive|Time left: 300 sec this turn | 300 sec total\n|\n|t:|1783540931\n|switch|p1a: Farigiraf|Farigiraf, L90, F|362/362\n|move|p2a: Sceptile|Earthquake|p1a: Farigiraf\n|-damage|p1a: Farigiraf|271/362\n|-damage|p2a: Sceptile|91/100|[from] item: Life Orb\n|\n|-heal|p1a: Farigiraf|293/362|[from] item: Leftovers\n|upkeep\n|turn|14\n|inactive|Time left: 300 sec this turn | 300 sec total\n|\n|t:|1783540932\n|switch|p2a: Granbull|Granbull, L88, F|100/100\n|-ability|p2a: Granbull|Intimidate|boost\n|-unboost|p1a: Farigiraf|atk|1\n|move|p1a: Farigiraf|Body Slam|p2a: Granbull\n|-damage|p2a: Granbull|79/100\n|\n|-heal|p1a: Farigiraf|315/362|[from] item: Leftovers\n|-heal|p2a: Granbull|85/100|[from] item: Leftovers\n|upkeep\n|turn|15\n|inactive|Time left: 300 sec this turn | 300 sec total\n|\n|t:|1783540933\n|move|p1a: Farigiraf|Psychic Noise|p2a: Granbull\n|-damage|p2a: Granbull|41/100\n|-start|p2a: Granbull|move: Heal Block\n|move|p2a: Granbull|Play Rough|p1a: Farigiraf\n|-damage|p1a: Farigiraf|168/362\n|\n|-heal|p1a: Farigiraf|190/362|[from] item: Leftovers\n|upkeep\n|turn|16\n|inactive|Time left: 300 sec this turn | 300 sec total\n|\n|t:|1783540934\n|switch|p2a: Iron Leaves|Iron Leaves, L80|100/100\n|move|p1a: Farigiraf|Psychic Noise|p2a: Iron Leaves\n|-resisted|p2a: Iron Leaves\n|-damage|p2a: Iron Leaves|85/100\n|-start|p2a: Iron Leaves|move: Heal Block\n|\n|-heal|p1a: Farigiraf|212/362|[from] item: Leftovers\n|upkeep\n|turn|17\n|inactive|Time left: 300 sec this turn | 300 sec total\n|\n|t:|1783540935\n|move|p2a: Iron Leaves|Swords Dance|p2a: Iron Leaves\n|-boost|p2a: Iron Leaves|atk|2\n|move|p1a: Farigiraf|Body Slam|p2a: Iron Leaves\n|-damage|p2a: Iron Leaves|58/100\n|\n|-heal|p1a: Farigiraf|234/362|[from] item: Leftovers\n|-end|p2a: Iron Leaves|move: Heal Block\n|upkeep\n|turn|18\n|inactive|Time left: 300 sec this turn | 300 sec total\n|\n|t:|1783540936\n|move|p1a: Farigiraf|Protect|p1a: Farigiraf\n|-singleturn|p1a: Farigiraf|Protect\n|move|p2a: Iron Leaves|Close Combat|p1a: Farigiraf\n|-activate|p1a: Farigiraf|move: Protect\n|\n|-heal|p1a: Farigiraf|256/362|[from] item: Leftovers\n|upkeep\n|turn|19\n|inactive|Time left: 300 sec this turn | 300 sec total\n|\n|t:|1783540937\n|move|p1a: Farigiraf|Protect||[still]\n|-fail|p1a: Farigiraf\n|move|p2a: Iron Leaves|Close Combat|p1a: Farigiraf\n|-damage|p1a: Farigiraf|0 fnt\n|-unboost|p2a: Iron Leaves|def|1\n|-unboost|p2a: Iron Leaves|spd|1\n|faint|p1a: Farigiraf\n|-damage|p2a: Iron Leaves|48/100|[from] item: Life Orb\n|\n|upkeep\n|inactive|Time left: 300 sec this turn | 300 sec total | 5 sec grace\n|\n|t:|1783540938\n|switch|p1a: Ogerpon|Ogerpon, L80, F|44/259\n|turn|20\n|inactive|Time left: 300 sec this turn | 300 sec total\n|\n|t:|1783540938\n|move|p1a: Ogerpon|Swords Dance|p1a: Ogerpon\n|-boost|p1a: Ogerpon|atk|2\n|move|p2a: Iron Leaves|Psyblade|p1a: Ogerpon\n|-damage|p1a: Ogerpon|0 fnt\n|faint|p1a: Ogerpon\n|-damage|p2a: Iron Leaves|39/100|[from] item: Life Orb\n|\n|win|p0y151d165", "uploadtime": 1783540938, "views": 0, "rating": 0, "private": 0, "password": null, "_winner": "p0y151d165", "_our_name": "p0x151cf02"}