{"id": "battle-gen9randombattle-1894", "formatid": "gen9randombattle", "format": "[Gen 9] Random Battle", "players": ["p0x189458fb", "p0y1894dcf7"], "log": "|init|battle\n|title|p0x189458fb vs. p0y1894dcf7\n|j|\u2606p0x189458fb\n|j|\u2606p0y1894dcf7\n|t:|1783561151\n|gametype|singles\n|player|p1|p0x189458fb|1|\n|player|p2|p0y1894dcf7|1|\n|gen|9\n|tier|[Gen 9] Random Battle\n|rule|Species Clause: Limit one of each Pok\u00e9mon\n|rule|HP Percentage Mod: HP is shown in percentages\n|rule|Sleep Clause Mod: Limit one foe put to sleep\n|rule|Illusion Level Mod: Illusion disguises the Pok\u00e9mon's true level\n|\n|t:|1783561151\n|teamsize|p1|6\n|teamsize|p2|6\n|start\n|switch|p1a: Moltres|Moltres, L81|100/100\n|switch|p2a: Sableye|Sableye, L88, M|231/231\n|turn|1\n|inactive|Battle timer is ON: inactive players will automatically lose when time's up. (requested by p0x189458fb)\n|inactive|Time left: 300 sec this turn | 300 sec total | 60 sec grace\n|inactive|p0y1894dcf7 also wants the timer to be on.\n|\n|t:|1783561153\n|switch|p2a: Vigoroth|Vigoroth, L85, F|275/275\n|move|p1a: Moltres|Fire Blast|p2a: Vigoroth|[miss]\n|-miss|p1a: Moltres|p2a: Vigoroth\n|\n|upkeep\n|turn|2\n|inactive|Time left: 300 sec this turn | 300 sec total\n|\n|t:|1783561154\n|move|p2a: Vigoroth|Bulk Up|p2a: Vigoroth\n|-boost|p2a: Vigoroth|atk|1\n|-boost|p2a: Vigoroth|def|1\n|move|p1a: Moltres|Fire Blast|p2a: Vigoroth\n|-damage|p2a: Vigoroth|151/275\n|\n|upkeep\n|turn|3\n|inactive|Time left: 300 sec this turn | 300 sec total\n|\n|t:|1783561155\n|move|p2a: Vigoroth|Body Slam|p1a: Moltres\n|-damage|p1a: Moltres|54/100\n|-status|p2a: Vigoroth|brn|[from] ability: Flame Body|[of] p1a: Moltres\n|move|p1a: Moltres|Fire Blast|p2a: Vigoroth|[miss]\n|-miss|p1a: Moltres|p2a: Vigoroth\n|\n|-damage|p2a: Vigoroth|134/275 brn|[from] brn\n|upkeep\n|turn|4\n|inactive|Time left: 300 sec this turn | 300 sec total\n|\n|t:|1783561156\n|move|p2a: Vigoroth|Slack Off|p2a: Vigoroth\n|-heal|p2a: Vigoroth|272/275 brn\n|move|p1a: Moltres|Fire Blast|p2a: Vigoroth\n|-damage|p2a: Vigoroth|148/275 brn\n|\n|-damage|p2a: Vigoroth|131/275 brn|[from] brn\n|upkeep\n|turn|5\n|inactive|Time left: 300 sec this turn | 300 sec total\n|\n|t:|1783561157\n|move|p2a: Vigoroth|Slack Off|p2a: Vigoroth\n|-heal|p2a: Vigoroth|269/275 brn\n|move|p1a: Moltres|Fire Blast|p2a: Vigoroth\n|-damage|p2a: Vigoroth|155/275 brn\n|\n|-damage|p2a: Vigoroth|138/275 brn|[from] brn\n|upkeep\n|turn|6\n|inactive|Time left: 300 sec this turn | 300 sec total\n|\n|t:|1783561158\n|move|p2a: Vigoroth|Slack Off|p2a: Vigoroth\n|-heal|p2a: Vigoroth|275/275 brn\n|move|p1a: Moltres|Fire Blast|p2a: Vigoroth\n|-damage|p2a: Vigoroth|157/275 brn\n|\n|-damage|p2a: Vigoroth|140/275 brn|[from] brn\n|upkeep\n|turn|7\n|inactive|Time left: 300 sec this turn | 300 sec total\n|\n|t:|1783561159\n|move|p2a: Vigoroth|Slack Off|p2a: Vigoroth\n|-heal|p2a: Vigoroth|275/275 brn\n|move|p1a: Moltres|Fire Blast|p2a: Vigoroth\n|-damage|p2a: Vigoroth|143/275 brn\n|\n|-damage|p2a: Vigoroth|126/275 brn|[from] brn\n|upkeep\n|turn|8\n|inactive|Time left: 300 sec this turn | 300 sec total\n|\n|t:|1783561160\n|move|p2a: Vigoroth|Slack Off|p2a: Vigoroth\n|-heal|p2a: Vigoroth|264/275 brn\n|move|p1a: Moltres|Roost|p1a: Moltres\n|-heal|p1a: Moltres|100/100\n|-singleturn|p1a: Moltres|move: Roost\n|\n|-damage|p2a: Vigoroth|247/275 brn|[from] brn\n|upkeep\n|turn|9\n|inactive|Time left: 300 sec this turn | 300 sec total\n|\n|t:|1783561161\n|move|p2a: Vigoroth|Bulk Up|p2a: Vigoroth\n|-boost|p2a: Vigoroth|atk|1\n|-boost|p2a: Vigoroth|def|1\n|move|p1a: Moltres|Fire Blast|p2a: Vigoroth|[miss]\n|-miss|p1a: Moltres|p2a: Vigoroth\n|\n|-damage|p2a: Vigoroth|230/275 brn|[from] brn\n|upkeep\n|turn|10\n|inactive|Time left: 300 sec this turn | 300 sec total\n|\n|t:|1783561162\n|switch|p1a: Clefable|Clefable, L83, F|100/100\n|move|p2a: Vigoroth|Knock Off|p1a: Clefable\n|-resisted|p1a: Clefable\n|-damage|p1a: Clefable|94/100\n|-enditem|p1a: Clefable|Leftovers|[from] move: Knock Off|[of] p2a: Vigoroth\n|\n|-damage|p2a: Vigoroth|213/275 brn|[from] brn\n|upkeep\n|turn|11\n|inactive|Time left: 300 sec this turn | 300 sec total\n|\n|t:|1783561163\n|move|p2a: Vigoroth|Body Slam|p1a: Clefable\n|-damage|p1a: Clefable|77/100\n|move|p1a: Clefable|Moonblast|p2a: Vigoroth\n|-damage|p2a: Vigoroth|129/275 brn\n|\n|-damage|p2a: Vigoroth|112/275 brn|[from] brn\n|upkeep\n|turn|12\n|inactive|Time left: 300 sec this turn | 300 sec total\n|\n|t:|1783561164\n|move|p2a: Vigoroth|Slack Off|p2a: Vigoroth\n|-heal|p2a: Vigoroth|250/275 brn\n|move|p1a: Clefable|Moonblast|p2a: Vigoroth\n|-damage|p2a: Vigoroth|154/275 brn\n|-unboost|p2a: Vigoroth|spa|1\n|\n|-damage|p2a: Vigoroth|137/275 brn|[from] brn\n|upkeep\n|turn|13\n|inactive|Time left: 300 sec this turn | 300 sec total\n|\n|t:|1783561164\n|move|p2a: Vigoroth|Slack Off|p2a: Vigoroth\n|-heal|p2a: Vigoroth|275/275 brn\n|move|p1a: Clefable|Calm Mind|p1a: Clefable\n|-boost|p1a: Clefable|spa|1\n|-boost|p1a: Clefable|spd|1\n|\n|-damage|p2a: Vigoroth|258/275 brn|[from] brn\n|upkeep\n|turn|14\n|inactive|Time left: 300 sec this turn | 300 sec total\n|\n|t:|1783561165\n|move|p2a: Vigoroth|Body Slam|p1a: Clefable\n|-damage|p1a: Clefable|61/100\n|-status|p1a: Clefable|par\n|cant|p1a: Clefable|par\n|\n|-damage|p2a: Vigoroth|241/275 brn|[from] brn\n|upkeep\n|turn|15\n|inactive|Time left: 300 sec this turn | 300 sec total\n|\n|t:|1783561166\n|move|p2a: Vigoroth|Bulk Up|p2a: Vigoroth\n|-boost|p2a: Vigoroth|atk|1\n|-boost|p2a: Vigoroth|def|1\n|move|p1a: Clefable|Moonblast|p2a: Vigoroth\n|-crit|p2a: Vigoroth\n|-damage|p2a: Vigoroth|40/275 brn\n|\n|-damage|p2a: Vigoroth|23/275 brn|[from] brn\n|upkeep\n|turn|16\n|inactive|Time left: 300 sec this turn | 300 sec total\n|\n|t:|1783561167\n|move|p2a: Vigoroth|Slack Off|p2a: Vigoroth\n|-heal|p2a: Vigoroth|161/275 brn\n|move|p1a: Clefable|Moonblast|p2a: Vigoroth\n|-damage|p2a: Vigoroth|20/275 brn\n|\n|-damage|p2a: Vigoroth|3/275 brn|[from] brn\n|upkeep\n|turn|17\n|inactive|Time left: 300 sec this turn | 300 sec total\n|\n|t:|1783561169\n|switch|p2a: Rillaboom|Rillaboom, L79, M|288/288\n|-fieldstart|move: Grassy Terrain|[from] ability: Grassy Surge|[of] p2a: Rillaboom\n|move|p1a: Clefable|Moonblast|p2a: Rillaboom\n|-damage|p2a: Rillaboom|93/288\n|\n|-heal|p2a: Rillaboom|111/288|[from] Grassy Terrain\n|-heal|p1a: Clefable|67/100 par|[from] Grassy Terrain\n|upkeep\n|turn|18\n|inactive|Time left: 300 sec this turn | 300 sec total\n|\n|t:|1783561170\n|move|p2a: Rillaboom|Wood Hammer|p1a: Clefable\n|-damage|p1a: Clefable|0 fnt\n|faint|p1a: Clefable\n|-damage|p2a: Rillaboom|47/288|[from] Recoil\n|-damage|p2a: Rillaboom|19/288|[from] item: Life Orb\n|\n|-heal|p2a: Rillaboom|37/288|[from] Grassy Terrain\n|upkeep\n|\n|t:|1783561171\n|switch|p1a: Zamazenta|Zamazenta-Crowned, L68|100/100\n|-ability|p1a: Zamazenta|Dauntless Shield|boost\n|-boost|p1a: Zamazenta|def|1\n|turn|19\n|inactive|Time left: 300 sec this turn | 300 sec total\n|\n|t:|1783561172\n|switch|p2a: Sableye|Sableye, L88, M|231/231\n|move|p1a: Zamazenta|Heavy Slam|p2a: Sableye\n|-damage|p2a: Sableye|120/231\n|\n|-heal|p2a: Sableye|134/231|[from] Grassy Terrain\n|-heal|p2a: Sableye|148/231|[from] item: Leftovers\n|upkeep\n|turn|20\n|inactive|Time left: 300 sec this turn | 300 sec total\n|\n|t:|1783561173\n|move|p2a: Sableye|Will-O-Wisp|p1a: Zamazenta\n|-status|p1a: Zamazenta|brn\n|move|p1a: Zamazenta|Heavy Slam|p2a: Sableye\n|-damage|p2a: Sableye|89/231\n|\n|-heal|p2a: Sableye|103/231|[from] Grassy Terrain\n|-heal|p2a: Sableye|117/231|[from] item: Leftovers\n|-damage|p1a: Zamazenta|95/100 brn|[from] brn\n|upkeep\n|turn|21\n|inactive|Time left: 300 sec this turn | 300 sec total\n|\n|t:|1783561174\n|move|p2a: Sableye|Recover|p2a: Sableye\n|-heal|p2a: Sableye|231/231\n|move|p1a: Zamazenta|Iron Defense|p1a: Zamazenta\n|-boost|p1a: Zamazenta|def|2\n|\n|-heal|p1a: Zamazenta|100/100 brn|[from] Grassy Terrain\n|-damage|p1a: Zamazenta|95/100 brn|[from] brn\n|-fieldend|move: Grassy Terrain\n|upkeep\n|turn|22\n|inactive|Time left: 300 sec this turn | 300 sec total\n|\n|t:|1783561175\n|move|p2a: Sableye|Encore|p1a: Zamazenta\n|-start|p1a: Zamazenta|Encore\n|move|p1a: Zamazenta|Iron Defense|p1a: Zamazenta\n|-boost|p1a: Zamazenta|def|2\n|\n|-damage|p1a: Zamazenta|89/100 brn|[from] brn\n|upkeep\n|turn|23\n|inactive|Time left: 300 sec this turn | 300 sec total\n|\n|t:|1783561176\n|switch|p1a: Moltres|Moltres, L81|100/100\n|move|p2a: Sableye|Knock Off|p1a: Moltres\n|-damage|p1a: Moltres|65/100\n|-enditem|p1a: Moltres|Heavy-Duty Boots|[from] move: Knock Off|[of] p2a: Sableye\n|\n|upkeep\n|turn|24\n|inactive|Time left: 300 sec this turn | 300 sec total\n|\n|t:|1783561177\n|switch|p2a: Kilowattrel|Kilowattrel, L83, F|252/252\n|move|p1a: Moltres|Scorching Sands|p2a: Kilowattrel\n|-immune|p2a: Kilowattrel\n|\n|upkeep\n|turn|25\n|inactive|Time left: 300 sec this turn | 300 sec total\n|\n|t:|1783561178\n|switch|p1a: Lycanroc|Lycanroc-Midnight, L89, M|100/100\n|move|p2a: Kilowattrel|Thunderbolt|p1a: Lycanroc\n|-damage|p1a: Lycanroc|67/100\n|-status|p1a: Lycanroc|par\n|\n|upkeep\n|turn|26\n|inactive|Time left: 300 sec this turn | 300 sec total\n|\n|t:|1783561179\n|move|p2a: Kilowattrel|Hurricane|p1a: Lycanroc\n|-resisted|p1a: Lycanroc\n|-damage|p1a: Lycanroc|46/100 par\n|move|p1a: Lycanroc|Stone Edge|p2a: Kilowattrel\n|-supereffective|p2a: Kilowattrel\n|-damage|p2a: Kilowattrel|0 fnt\n|faint|p2a: Kilowattrel\n|-damage|p1a: Lycanroc|37/100 par|[from] item: Life Orb\n|\n|upkeep\n|inactive|Time left: 300 sec this turn | 300 sec total | 5 sec grace\n|\n|t:|1783561180\n|switch|p2a: Smeargle|Smeargle, L95, M|258/258\n|turn|27\n|inactive|Time left: 300 sec this turn | 300 sec total\n|\n|t:|1783561182\n|move|p2a: Smeargle|Sticky Web|p1a: Lycanroc\n|-sidestart|p1: p0x189458fb|move: Sticky Web\n|move|p1a: Lycanroc|Stone Edge|p2a: Smeargle\n|-enditem|p2a: Smeargle|Focus Sash\n|-damage|p2a: Smeargle|1/258\n|-damage|p1a: Lycanroc|27/100 par|[from] item: Life Orb\n|\n|upkeep\n|turn|28\n|inactive|Time left: 300 sec this turn | 300 sec total\n|\n|t:|1783561183\n|move|p2a: Smeargle|Ceaseless Edge|p1a: Lycanroc\n|-damage|p1a: Lycanroc|19/100 par\n|-sidestart|p1: p0x189458fb|Spikes\n|cant|p1a: Lycanroc|par\n|\n|upkeep\n|turn|29\n|inactive|Time left: 300 sec this turn | 300 sec total\n|\n|t:|1783561184\n|move|p2a: Smeargle|Ceaseless Edge|p1a: Lycanroc\n|-damage|p1a: Lycanroc|10/100 par\n|-sidestart|p1: p0x189458fb|Spikes\n|move|p1a: Lycanroc|Stone Edge|p2a: Smeargle\n|-damage|p2a: Smeargle|0 fnt\n|faint|p2a: Smeargle\n|-damage|p1a: Lycanroc|0 fnt|[from] item: Life Orb\n|faint|p1a: Lycanroc\n|\n|upkeep\n|inactive|Time left: 300 sec this turn | 300 sec total | 5 sec grace\n|\n|t:|1783561185\n|switch|p1a: Moltres|Moltres, L81|65/100\n|switch|p2a: Rillaboom|Rillaboom, L79, M|37/288\n|-fieldstart|move: Grassy Terrain|[from] ability: Grassy Surge|[of] p2a: Rillaboom\n|turn|30\n|inactive|Time left: 300 sec this turn | 300 sec total\n|\n|t:|1783561186\n|switch|p2a: Sableye|Sableye, L88, M|231/231\n|move|p1a: Moltres|Brave Bird|p2a: Sableye\n|-damage|p2a: Sableye|105/231\n|-damage|p1a: Moltres|49/100|[from] Recoil\n|\n|-heal|p2a: Sableye|119/231|[from] Grassy Terrain\n|-heal|p2a: Sableye|133/231|[from] item: Leftovers\n|upkeep\n|turn|31\n|inactive|Time left: 300 sec this turn | 300 sec total\n|\n|t:|1783561187\n|move|p2a: Sableye|Recover|p2a: Sableye\n|-heal|p2a: Sableye|231/231\n|move|p1a: Moltres|Scorching Sands|p2a: Sableye\n|-damage|p2a: Sableye|160/231\n|-status|p2a: Sableye|brn\n|\n|-heal|p2a: Sableye|174/231 brn|[from] Grassy Terrain\n|-heal|p2a: Sableye|188/231 brn|[from] item: Leftovers\n|-damage|p2a: Sableye|174/231 brn|[from] brn\n|upkeep\n|turn|32\n|inactive|Time left: 300 sec this turn | 300 sec total\n|\n|t:|1783561188\n|move|p2a: Sableye|Encore|p1a: Moltres\n|-start|p1a: Moltres|Encore\n|move|p1a: Moltres|Scorching Sands|p2a: Sableye\n|-damage|p2a: Sableye|110/231 brn\n|\n|-heal|p2a: Sableye|124/231 brn|[from] Grassy Terrain\n|-heal|p2a: Sableye|138/231 brn|[from] item: Leftovers\n|-damage|p2a: Sableye|124/231 brn|[from] brn\n|upkeep\n|turn|33\n|inactive|Time left: 300 sec this turn | 300 sec total\n|\n|t:|1783561189\n|move|p2a: Sableye|Recover|p2a: Sableye\n|-heal|p2a: Sableye|231/231 brn\n|move|p1a: Moltres|Scorching Sands|p2a: Sableye\n|-damage|p2a: Sableye|166/231 brn\n|\n|-heal|p2a: Sableye|180/231 brn|[from] Grassy Terrain\n|-heal|p2a: Sableye|194/231 brn|[from] item: Leftovers\n|-damage|p2a: Sableye|180/231 brn|[from] brn\n|upkeep\n|turn|34\n|inactive|Time left: 300 sec this turn | 300 sec total\n|\n|t:|1783561190\n|switch|p2a: Scyther|Scyther, L82, M|249/249\n|move|p1a: Moltres|Scorching Sands|p2a: Scyther\n|-immune|p2a: Scyther\n|\n|-end|p1a: Moltres|Encore\n|-fieldend|move: Grassy Terrain\n|upkeep\n|turn|35\n|inactive|Time left: 300 sec this turn | 300 sec total\n|\n|t:|1783561191\n|move|p2a: Scyther|Dual Wingbeat|p1a: Moltres\n|-damage|p1a: Moltres|24/100\n|-damage|p1a: Moltres|0 fnt\n|faint|p1a: Moltres\n|-hitcount|p1: Moltres|2\n|\n|upkeep\n|\n|t:|1783561192\n|switch|p1a: Hawlucha|Hawlucha, L80, M|100/100\n|turn|36\n|inactive|Time left: 300 sec this turn | 300 sec total\n|\n|t:|1783561193\n|move|p1a: Hawlucha|Brave Bird|p2a: Scyther\n|-supereffective|p2a: Scyther\n|-damage|p2a: Scyther|0 fnt\n|faint|p2a: Scyther\n|-damage|p1a: Hawlucha|68/100|[from] Recoil\n|\n|upkeep\n|inactive|Time left: 300 sec this turn | 300 sec total | 5 sec grace\n|\n|t:|1783561194\n|switch|p2a: Sableye|Sableye, L88, M|180/231 brn\n|turn|37\n|inactive|Time left: 300 sec this turn | 300 sec total\n|\n|t:|1783561195\n|move|p2a: Sableye|Will-O-Wisp|p1a: Hawlucha\n|-status|p1a: Hawlucha|brn\n|move|p1a: Hawlucha|Swords Dance|p1a: Hawlucha\n|-boost|p1a: Hawlucha|atk|2\n|\n|-heal|p2a: Sableye|194/231 brn|[from] item: Leftovers\n|-damage|p1a: Hawlucha|62/100 brn|[from] brn\n|-damage|p2a: Sableye|180/231 brn|[from] brn\n|upkeep\n|turn|38\n|inactive|Time left: 300 sec this turn | 300 sec total\n|\n|t:|1783561196\n|move|p2a: Sableye|Encore|p1a: Hawlucha\n|-start|p1a: Hawlucha|Encore\n|move|p1a: Hawlucha|Swords Dance|p1a: Hawlucha\n|-boost|p1a: Hawlucha|atk|2\n|\n|-heal|p2a: Sableye|194/231 brn|[from] item: Leftovers\n|-damage|p1a: Hawlucha|56/100 brn|[from] brn\n|-damage|p2a: Sableye|180/231 brn|[from] brn\n|upkeep\n|turn|39\n|inactive|Time left: 300 sec this turn | 300 sec total\n|\n|t:|1783561197\n|switch|p2a: Rillaboom|Rillaboom, L79, M|37/288\n|-fieldstart|move: Grassy Terrain|[from] ability: Grassy Surge|[of] p2a: Rillaboom\n|move|p1a: Hawlucha|Swords Dance|p1a: Hawlucha\n|-boost|p1a: Hawlucha|atk|2\n|\n|-heal|p2a: Rillaboom|55/288|[from] Grassy Terrain\n|-damage|p1a: Hawlucha|50/100 brn|[from] brn\n|upkeep\n|turn|40\n|inactive|Time left: 300 sec this turn | 300 sec total\n|\n|t:|1783561198\n|switch|p1a: Sinistcha|Sinistcha-Masterpiece, L83|100/100\n|-activate|p1a: Sinistcha|move: Sticky Web\n|-unboost|p1a: Sinistcha|spe|1\n|-damage|p1a: Sinistcha|84/100|[from] Spikes\n|move|p2a: Rillaboom|Swords Dance|p2a: Rillaboom\n|-boost|p2a: Rillaboom|atk|2\n|\n|-heal|p2a: Rillaboom|73/288|[from] Grassy Terrain\n|-heal|p1a: Sinistcha|90/100|[from] Grassy Terrain\n|-heal|p1a: Sinistcha|96/100|[from] item: Leftovers\n|upkeep\n|turn|41\n|inactive|Time left: 300 sec this turn | 300 sec total\n|\n|t:|1783561199\n|move|p2a: Rillaboom|Knock Off|p1a: Sinistcha\n|-supereffective|p1a: Sinistcha\n|-damage|p1a: Sinistcha|0 fnt\n|-enditem|p1a: Sinistcha|Leftovers|[from] move: Knock Off|[of] p2a: Rillaboom\n|faint|p1a: Sinistcha\n|-damage|p2a: Rillaboom|45/288|[from] item: Life Orb\n|\n|-heal|p2a: Rillaboom|63/288|[from] Grassy Terrain\n|upkeep\n|\n|t:|1783561200\n|switch|p1a: Zamazenta|Zamazenta-Crowned, L68|89/100 brn\n|-activate|p1a: Zamazenta|move: Sticky Web\n|-unboost|p1a: Zamazenta|spe|1\n|-damage|p1a: Zamazenta|72/100 brn|[from] Spikes\n|turn|42\n|inactive|Time left: 300 sec this turn | 300 sec total\n|\n|t:|1783561201\n|switch|p2a: Sableye|Sableye, L88, M|180/231 brn\n|move|p1a: Zamazenta|Heavy Slam|p2a: Sableye\n|-damage|p2a: Sableye|124/231 brn\n|\n|-heal|p1a: Zamazenta|78/100 brn|[from] Grassy Terrain\n|-heal|p2a: Sableye|138/231 brn|[from] Grassy Terrain\n|-heal|p2a: Sableye|152/231 brn|[from] item: Leftovers\n|-damage|p1a: Zamazenta|72/100 brn|[from] brn\n|-damage|p2a: Sableye|138/231 brn|[from] brn\n|upkeep\n|turn|43\n|inactive|Time left: 300 sec this turn | 300 sec total\n|\n|t:|1783561202\n|switch|p1a: Hawlucha|Hawlucha, L80, M|50/100 brn\n|move|p2a: Sableye|Recover|p2a: Sableye\n|-heal|p2a: Sableye|231/231 brn\n|\n|-damage|p1a: Hawlucha|43/100 brn|[from] brn\n|-damage|p2a: Sableye|217/231 brn|[from] brn\n|-fieldend|move: Grassy Terrain\n|upkeep\n|turn|44\n|inactive|Time left: 300 sec this turn | 300 sec total\n|\n|t:|1783561203\n|move|p1a: Hawlucha|Swords Dance|p1a: Hawlucha\n|-boost|p1a: Hawlucha|atk|2\n|move|p2a: Sableye|Knock Off|p1a: Hawlucha\n|-resisted|p1a: Hawlucha\n|-damage|p1a: Hawlucha|33/100 brn\n|-enditem|p1a: Hawlucha|White Herb|[from] move: Knock Off|[of] p2a: Sableye\n|\n|-heal|p2a: Sableye|231/231 brn|[from] item: Leftovers\n|-damage|p1a: Hawlucha|26/100 brn|[from] brn\n|-damage|p2a: Sableye|217/231 brn|[from] brn\n|upkeep\n|turn|45\n|inactive|Time left: 300 sec this turn | 300 sec total\n|\n|t:|1783561204\n|move|p1a: Hawlucha|Acrobatics|p2a: Sableye\n|-crit|p2a: Sableye\n|-damage|p2a: Sableye|61/231 brn\n|move|p2a: Sableye|Knock Off|p1a: Hawlucha\n|-resisted|p1a: Hawlucha\n|-damage|p1a: Hawlucha|19/100 brn\n|\n|-heal|p2a: Sableye|75/231 brn|[from] item: Leftovers\n|-damage|p1a: Hawlucha|13/100 brn|[from] brn\n|-damage|p2a: Sableye|61/231 brn|[from] brn\n|upkeep\n|turn|46\n|inactive|Time left: 300 sec this turn | 300 sec total\n|\n|t:|1783561205\n|move|p2a: Sableye|Recover|p2a: Sableye\n|-heal|p2a: Sableye|177/231 brn\n|move|p1a: Hawlucha|Acrobatics|p2a: Sableye\n|-damage|p2a: Sableye|75/231 brn\n|\n|-heal|p2a: Sableye|89/231 brn|[from] item: Leftovers\n|-damage|p1a: Hawlucha|6/100 brn|[from] brn\n|-damage|p2a: Sableye|75/231 brn|[from] brn\n|upkeep\n|turn|47\n|inactive|Time left: 300 sec this turn | 300 sec total\n|\n|t:|1783561205\n|move|p2a: Sableye|Recover|p2a: Sableye\n|-heal|p2a: Sableye|191/231 brn\n|move|p1a: Hawlucha|Brave Bird|p2a: Sableye\n|-damage|p2a: Sableye|71/231 brn\n|-damage|p1a: Hawlucha|0 fnt|[from] Recoil\n|faint|p1a: Hawlucha\n|\n|-heal|p2a: Sableye|85/231 brn|[from] item: Leftovers\n|-damage|p2a: Sableye|71/231 brn|[from] brn\n|upkeep\n|\n|t:|1783561206\n|switch|p1a: Zamazenta|Zamazenta-Crowned, L68|72/100 brn\n|-activate|p1a: Zamazenta|move: Sticky Web\n|-unboost|p1a: Zamazenta|spe|1\n|-damage|p1a: Zamazenta|56/100 brn|[from] Spikes\n|turn|48\n|inactive|Time left: 300 sec this turn | 300 sec total\n|\n|t:|1783561207\n|move|p2a: Sableye|Recover|p2a: Sableye\n|-heal|p2a: Sableye|187/231 brn\n|move|p1a: Zamazenta|Iron Defense|p1a: Zamazenta\n|-boost|p1a: Zamazenta|def|2\n|\n|-heal|p2a: Sableye|201/231 brn|[from] item: Leftovers\n|-damage|p1a: Zamazenta|50/100 brn|[from] brn\n|-damage|p2a: Sableye|187/231 brn|[from] brn\n|upkeep\n|turn|49\n|inactive|Time left: 300 sec this turn | 300 sec total\n|\n|t:|1783561208\n|move|p2a: Sableye|Recover|p2a: Sableye\n|-heal|p2a: Sableye|231/231 brn\n|move|p1a: Zamazenta|Heavy Slam|p2a: Sableye\n|-damage|p2a: Sableye|175/231 brn\n|\n|-heal|p2a: Sableye|189/231 brn|[from] item: Leftovers\n|-damage|p1a: Zamazenta|44/100 brn|[from] brn\n|-damage|p2a: Sableye|175/231 brn|[from] brn\n|upkeep\n|turn|50\n|inactive|Time left: 300 sec this turn | 300 sec total\n|\n|t:|1783561208\n|move|p1a: Zamazenta|Heavy Slam|p2a: Sableye\n|-damage|p2a: Sableye|125/231 brn\n|move|p2a: Sableye|Knock Off|p1a: Zamazenta\n|-resisted|p1a: Zamazenta\n|-damage|p1a: Zamazenta|41/100 brn\n|\n|-heal|p2a: Sableye|139/231 brn|[from] item: Leftovers\n|-damage|p1a: Zamazenta|35/100 brn|[from] brn\n|-damage|p2a: Sableye|125/231 brn|[from] brn\n|upkeep\n|turn|51\n|inactive|Time left: 300 sec this turn | 300 sec total\n|\n|t:|1783561209\n|move|p1a: Zamazenta|Iron Defense|p1a: Zamazenta\n|-boost|p1a: Zamazenta|def|2\n|move|p2a: Sableye|Knock Off|p1a: Zamazenta\n|-resisted|p1a: Zamazenta\n|-damage|p1a: Zamazenta|34/100 brn\n|\n|-heal|p2a: Sableye|139/231 brn|[from] item: Leftovers\n|-damage|p1a: Zamazenta|28/100 brn|[from] brn\n|-damage|p2a: Sableye|125/231 brn|[from] brn\n|upkeep\n|turn|52\n|inactive|Time left: 300 sec this turn | 300 sec total\n|\n|t:|1783561210\n|move|p2a: Sableye|Encore|p1a: Zamazenta\n|-start|p1a: Zamazenta|Encore\n|move|p1a: Zamazenta|Iron Defense|p1a: Zamazenta\n|-boost|p1a: Zamazenta|def|2\n|\n|-heal|p2a: Sableye|139/231 brn|[from] item: Leftovers\n|-damage|p1a: Zamazenta|22/100 brn|[from] brn\n|-damage|p2a: Sableye|125/231 brn|[from] brn\n|upkeep\n|turn|53\n|inactive|Time left: 300 sec this turn | 300 sec total\n|\n|t:|1783561211\n|switch|p2a: Vigoroth|Vigoroth, L85, F|3/275 brn\n|move|p1a: Zamazenta|Iron Defense|p1a: Zamazenta\n|-boost|p1a: Zamazenta|def|0\n|\n|-damage|p2a: Vigoroth|0 fnt|[from] brn\n|faint|p2a: Vigoroth\n|-damage|p1a: Zamazenta|16/100 brn|[from] brn\n|upkeep\n|inactive|Time left: 300 sec this turn | 300 sec total | 5 sec grace\n|\n|t:|1783561212\n|switch|p2a: Rillaboom|Rillaboom, L79, M|63/288\n|-fieldstart|move: Grassy Terrain|[from] ability: Grassy Surge|[of] p2a: Rillaboom\n|turn|54\n|inactive|Time left: 300 sec this turn | 300 sec total\n|\n|t:|1783561212\n|-terastallize|p2a: Rillaboom|Grass\n|move|p2a: Rillaboom|Wood Hammer|p1a: Zamazenta\n|-resisted|p1a: Zamazenta\n|-damage|p1a: Zamazenta|3/100 brn\n|-damage|p2a: Rillaboom|53/288|[from] Recoil\n|-damage|p2a: Rillaboom|25/288|[from] item: Life Orb\n|move|p1a: Zamazenta|Iron Defense|p1a: Zamazenta\n|-boost|p1a: Zamazenta|def|0\n|\n|-heal|p2a: Rillaboom|43/288|[from] Grassy Terrain\n|-heal|p1a: Zamazenta|9/100 brn|[from] Grassy Terrain\n|-damage|p1a: Zamazenta|3/100 brn|[from] brn\n|-end|p1a: Zamazenta|Encore\n|upkeep\n|turn|55\n|inactive|Time left: 300 sec this turn | 300 sec total\n|\n|t:|1783561213\n|move|p2a: Rillaboom|Grassy Glide|p1a: Zamazenta\n|-resisted|p1a: Zamazenta\n|-damage|p1a: Zamazenta|0 fnt\n|faint|p1a: Zamazenta\n|-damage|p2a: Rillaboom|15/288|[from] item: Life Orb\n|\n|win|p0y1894dcf7", "uploadtime": 1783561213, "views": 0, "rating": 0, "private": 0, "password": null, "_winner": "p0y1894dcf7", "_our_name": "p0y1894dcf7"}