{"id": "battle-gen9randombattle-2818", "formatid": "gen9randombattle", "format": "[Gen 9] Random Battle", "players": ["p0x2818b4fa", "p0y2818389a"], "log": "|init|battle\n|title|p0x2818b4fa vs. p0y2818389a\n|j|\u2606p0x2818b4fa\n|j|\u2606p0y2818389a\n|t:|1783572473\n|gametype|singles\n|player|p1|p0x2818b4fa|169|\n|player|p2|p0y2818389a|169|\n|gen|9\n|tier|[Gen 9] Random Battle\n|rule|Species Clause: Limit one of each Pok\u00e9mon\n|rule|HP Percentage Mod: HP is shown in percentages\n|rule|Sleep Clause Mod: Limit one foe put to sleep\n|rule|Illusion Level Mod: Illusion disguises the Pok\u00e9mon's true level\n|\n|t:|1783572473\n|teamsize|p1|6\n|teamsize|p2|6\n|start\n|switch|p1a: Honchkrow|Honchkrow, L86, M|312/312\n|switch|p2a: Espeon|Espeon, L84, F|100/100\n|turn|1\n|inactive|Battle timer is ON: inactive players will automatically lose when time's up. (requested by p0y2818389a)\n|inactive|Time left: 300 sec this turn | 300 sec total | 60 sec grace\n|inactive|p0x2818b4fa also wants the timer to be on.\n|\n|t:|1783572474\n|-terastallize|p2a: Espeon|Fairy\n|move|p2a: Espeon|Alluring Voice|p1a: Honchkrow\n|-supereffective|p1a: Honchkrow\n|-damage|p1a: Honchkrow|0 fnt\n|faint|p1a: Honchkrow\n|-damage|p2a: Espeon|91/100|[from] item: Life Orb\n|\n|upkeep\n|inactive|Time left: 300 sec this turn | 300 sec total | 65 sec grace\n|\n|t:|1783572475\n|switch|p1a: Slaking|Slaking, L84, M|389/389\n|turn|2\n|inactive|Time left: 300 sec this turn | 300 sec total\n|\n|t:|1783572476\n|switch|p2a: Conkeldurr|Conkeldurr, L80, M|100/100\n|move|p1a: Slaking|Giga Impact|p2a: Conkeldurr\n|-damage|p2a: Conkeldurr|0 fnt\n|-mustrecharge|p1a: Slaking\n|faint|p2a: Conkeldurr\n|\n|upkeep\n|\n|t:|1783572477\n|switch|p2a: Swampert|Swampert, L83, M|100/100\n|turn|3\n|inactive|Time left: 300 sec this turn | 300 sec total\n|\n|t:|1783572478\n|cant|p1a: Slaking|recharge\n|move|p2a: Swampert|Roar|p1a: Slaking\n|drag|p1a: Dunsparce|Dunsparce, L86, F|312/312\n|\n|upkeep\n|turn|4\n|inactive|Time left: 300 sec this turn | 300 sec total\n|\n|t:|1783572479\n|move|p2a: Swampert|Knock Off|p1a: Dunsparce\n|-damage|p1a: Dunsparce|249/312\n|-enditem|p1a: Dunsparce|Eviolite|[from] move: Knock Off|[of] p2a: Swampert\n|move|p1a: Dunsparce|Coil|p1a: Dunsparce\n|-boost|p1a: Dunsparce|atk|1\n|-boost|p1a: Dunsparce|def|1\n|-boost|p1a: Dunsparce|accuracy|1\n|\n|upkeep\n|turn|5\n|inactive|Time left: 300 sec this turn | 300 sec total\n|\n|t:|1783572480\n|move|p2a: Swampert|Ice Beam|p1a: Dunsparce\n|-damage|p1a: Dunsparce|183/312\n|move|p1a: Dunsparce|Body Slam|p2a: Swampert\n|-damage|p2a: Swampert|65/100\n|-status|p2a: Swampert|par\n|\n|-heal|p2a: Swampert|71/100 par|[from] item: Leftovers\n|upkeep\n|turn|6\n|inactive|Time left: 300 sec this turn | 300 sec total\n|\n|t:|1783572481\n|move|p1a: Dunsparce|Roost|p1a: Dunsparce\n|-heal|p1a: Dunsparce|312/312\n|-singleturn|p1a: Dunsparce|move: Roost\n|move|p2a: Swampert|Roar|p1a: Dunsparce\n|drag|p1a: Raging Bolt|Raging Bolt, L78|323/323\n|-enditem|p1a: Raging Bolt|Booster Energy\n|-activate|p1a: Raging Bolt|ability: Protosynthesis|[fromitem]\n|-start|p1a: Raging Bolt|protosynthesisspa\n|\n|-heal|p2a: Swampert|77/100 par|[from] item: Leftovers\n|upkeep\n|turn|7\n|inactive|Time left: 300 sec this turn | 300 sec total\n|\n|t:|1783572482\n|-end|p1a: Raging Bolt|Protosynthesis|[silent]\n|switch|p1a: Slaking|Slaking, L84, M|389/389\n|move|p2a: Swampert|Earthquake|p1a: Slaking\n|-damage|p1a: Slaking|281/389\n|\n|-heal|p2a: Swampert|83/100 par|[from] item: Leftovers\n|upkeep\n|turn|8\n|inactive|Time left: 300 sec this turn | 300 sec total\n|\n|t:|1783572483\n|move|p1a: Slaking|Giga Impact|p2a: Swampert\n|-damage|p2a: Swampert|0 fnt\n|-mustrecharge|p1a: Slaking\n|faint|p2a: Swampert\n|\n|upkeep\n|\n|t:|1783572484\n|switch|p2a: Espeon|Espeon, L84, F, tera:Fairy|91/100\n|turn|9\n|inactive|Time left: 300 sec this turn | 300 sec total\n|\n|t:|1783572485\n|move|p2a: Espeon|Alluring Voice|p1a: Slaking\n|-damage|p1a: Slaking|93/389\n|-damage|p2a: Espeon|81/100|[from] item: Life Orb\n|cant|p1a: Slaking|recharge\n|\n|upkeep\n|turn|10\n|inactive|Time left: 300 sec this turn | 300 sec total\n|\n|t:|1783572486\n|switch|p1a: Jolteon|Jolteon, L84, M|246/246\n|move|p2a: Espeon|Alluring Voice|p1a: Jolteon\n|-damage|p1a: Jolteon|110/246\n|-damage|p2a: Espeon|71/100|[from] item: Life Orb\n|\n|upkeep\n|turn|11\n|inactive|Time left: 300 sec this turn | 300 sec total\n|\n|t:|1783572487\n|-terastallize|p1a: Jolteon|Electric\n|move|p1a: Jolteon|Thunderbolt|p2a: Espeon\n|-damage|p2a: Espeon|0 fnt\n|faint|p2a: Espeon\n|\n|upkeep\n|\n|t:|1783572488\n|switch|p2a: Delphox|Delphox, L84, F|100/100\n|turn|12\n|inactive|Time left: 300 sec this turn | 300 sec total\n|\n|t:|1783572489\n|move|p1a: Jolteon|Thunderbolt|p2a: Delphox\n|-damage|p2a: Delphox|24/100\n|move|p2a: Delphox|Psyshock|p1a: Jolteon\n|-damage|p1a: Jolteon|0 fnt\n|faint|p1a: Jolteon\n|\n|upkeep\n|inactive|Time left: 300 sec this turn | 300 sec total | 5 sec grace\n|\n|t:|1783572490\n|switch|p1a: Raging Bolt|Raging Bolt, L78|323/323\n|turn|13\n|inactive|Time left: 300 sec this turn | 300 sec total\n|\n|t:|1783572491\n|move|p2a: Delphox|Psyshock|p1a: Raging Bolt\n|-damage|p1a: Raging Bolt|221/323\n|move|p1a: Raging Bolt|Dragon Pulse|p2a: Delphox\n|-damage|p2a: Delphox|0 fnt\n|faint|p2a: Delphox\n|\n|upkeep\n|\n|t:|1783572492\n|switch|p2a: Weavile|Weavile, L79, F|100/100\n|turn|14\n|inactive|Time left: 300 sec this turn | 300 sec total\n|\n|t:|1783572493\n|move|p1a: Raging Bolt|Thunderclap||[still]\n|-fail|p1a: Raging Bolt\n|move|p2a: Weavile|Swords Dance|p2a: Weavile\n|-boost|p2a: Weavile|atk|2\n|\n|upkeep\n|turn|15\n|inactive|Time left: 300 sec this turn | 300 sec total\n|\n|t:|1783572494\n|move|p2a: Weavile|Triple Axel|p1a: Raging Bolt\n|-supereffective|p1a: Raging Bolt\n|-damage|p1a: Raging Bolt|131/323\n|-supereffective|p1a: Raging Bolt\n|-damage|p1a: Raging Bolt|0 fnt\n|faint|p1a: Raging Bolt\n|-end|p1a: Raging Bolt|Protosynthesis|[silent]\n|-hitcount|p1: Raging Bolt|2\n|\n|upkeep\n|inactive|Time left: 300 sec this turn | 300 sec total | 5 sec grace\n|\n|t:|1783572494\n|switch|p1a: Dunsparce|Dunsparce, L86, F|312/312\n|turn|16\n|inactive|Time left: 300 sec this turn | 300 sec total\n|\n|t:|1783572495\n|move|p2a: Weavile|Triple Axel|p1a: Dunsparce\n|-damage|p1a: Dunsparce|258/312\n|-damage|p1a: Dunsparce|164/312\n|-damage|p1a: Dunsparce|8/312\n|-hitcount|p1a: Dunsparce|3\n|move|p1a: Dunsparce|Body Slam|p2a: Weavile\n|-damage|p2a: Weavile|63/100\n|-status|p2a: Weavile|par\n|\n|upkeep\n|turn|17\n|inactive|Time left: 300 sec this turn | 300 sec total\n|\n|t:|1783572496\n|move|p1a: Dunsparce|Body Slam|p2a: Weavile\n|-damage|p2a: Weavile|24/100 par\n|cant|p2a: Weavile|par\n|\n|upkeep\n|turn|18\n|inactive|Time left: 300 sec this turn | 300 sec total\n|\n|t:|1783572497\n|move|p1a: Dunsparce|Body Slam|p2a: Weavile\n|-damage|p2a: Weavile|0 fnt\n|faint|p2a: Weavile\n|\n|upkeep\n|\n|t:|1783572498\n|switch|p2a: Houndoom|Houndoom, L87, F|100/100\n|turn|19\n|inactive|Time left: 300 sec this turn | 300 sec total\n|\n|t:|1783572499\n|move|p2a: Houndoom|Nasty Plot|p2a: Houndoom\n|-boost|p2a: Houndoom|spa|2\n|move|p1a: Dunsparce|Earthquake|p2a: Houndoom\n|-supereffective|p2a: Houndoom\n|-damage|p2a: Houndoom|42/100\n|\n|upkeep\n|turn|20\n|inactive|Time left: 300 sec this turn | 300 sec total\n|\n|t:|1783572500\n|move|p2a: Houndoom|Dark Pulse|p1a: Dunsparce\n|-damage|p1a: Dunsparce|0 fnt\n|faint|p1a: Dunsparce\n|\n|upkeep\n|inactive|Time left: 300 sec this turn | 300 sec total | 5 sec grace\n|\n|t:|1783572501\n|switch|p1a: Slaking|Slaking, L84, M|93/389\n|turn|21\n|inactive|Time left: 300 sec this turn | 300 sec total\n|\n|t:|1783572501\n|move|p1a: Slaking|Earthquake|p2a: Houndoom\n|-supereffective|p2a: Houndoom\n|-damage|p2a: Houndoom|0 fnt\n|faint|p2a: Houndoom\n|\n|win|p0x2818b4fa", "uploadtime": 1783572501, "views": 0, "rating": 0, "private": 0, "password": null, "_winner": "p0x2818b4fa", "_our_name": "p0x2818b4fa"}