{"id": "battle-gen9randombattle-2014", "formatid": "gen9randombattle", "format": "[Gen 9] Random Battle", "players": ["p0x201488b3", "p0y20142885"], "log": "|init|battle\n|title|p0x201488b3 vs. p0y20142885\n|j|\u2606p0x201488b3\n|j|\u2606p0y20142885\n|t:|1783562583\n|gametype|singles\n|player|p1|p0x201488b3|169|\n|player|p2|p0y20142885|101|\n|gen|9\n|tier|[Gen 9] Random Battle\n|rule|Species Clause: Limit one of each Pok\u00e9mon\n|rule|HP Percentage Mod: HP is shown in percentages\n|rule|Sleep Clause Mod: Limit one foe put to sleep\n|rule|Illusion Level Mod: Illusion disguises the Pok\u00e9mon's true level\n|\n|t:|1783562583\n|teamsize|p1|6\n|teamsize|p2|6\n|start\n|switch|p1a: Cramorant|Cramorant, L86, F|261/261\n|switch|p2a: Archaludon|Archaludon, L78, F|100/100\n|turn|1\n|inactive|Battle timer is ON: inactive players will automatically lose when time's up. (requested by p0x201488b3)\n|inactive|p0y20142885 also wants the timer to be on.\n|\n|t:|1783562584\n|move|p1a: Cramorant|Surf|p2a: Archaludon\n|-formechange|p1a: Cramorant|Cramorant-Gulping|\n|-resisted|p2a: Archaludon\n|-damage|p2a: Archaludon|79/100\n|-ability|p2a: Archaludon|Stamina|boost\n|-boost|p2a: Archaludon|def|1\n|move|p2a: Archaludon|Swords Dance|p2a: Archaludon\n|-boost|p2a: Archaludon|atk|2\n|\n|upkeep\n|turn|2\n|inactive|Time left: 300 sec this turn | 300 sec total\n|\n|t:|1783562585\n|move|p1a: Cramorant|Surf|p2a: Archaludon\n|-resisted|p2a: Archaludon\n|-damage|p2a: Archaludon|57/100\n|-ability|p2a: Archaludon|Stamina|boost\n|-boost|p2a: Archaludon|def|1\n|move|p2a: Archaludon|Outrage|p1a: Cramorant\n|-damage|p1a: Cramorant|0 fnt\n|-damage|p2a: Archaludon|32/100|[from] ability: Gulp Missile|[of] p1a: Cramorant\n|-unboost|p2a: Archaludon|def|1\n|-formechange|p1a: Cramorant|Cramorant|\n|faint|p1a: Cramorant\n|\n|upkeep\n|inactive|Time left: 300 sec this turn | 300 sec total | 5 sec grace\n|\n|t:|1783562586\n|switch|p1a: Reshiram|Reshiram, L76|277/277\n|-ability|p1a: Reshiram|Turboblaze\n|turn|3\n|inactive|Time left: 300 sec this turn | 300 sec total\n|\n|t:|1783562586\n|move|p1a: Reshiram|Earth Power|p2a: Archaludon\n|-supereffective|p2a: Archaludon\n|-damage|p2a: Archaludon|0 fnt\n|faint|p2a: Archaludon\n|\n|upkeep\n|\n|t:|1783562587\n|switch|p2a: Gurdurr|Gurdurr, L85, F|100/100\n|turn|4\n|inactive|Time left: 300 sec this turn | 300 sec total\n|\n|t:|1783562588\n|move|p1a: Reshiram|Blue Flare|p2a: Gurdurr\n|-damage|p2a: Gurdurr|43/100\n|move|p2a: Gurdurr|Drain Punch|p1a: Reshiram\n|-damage|p1a: Reshiram|184/277\n|-heal|p2a: Gurdurr|60/100|[from] drain|[of] p1a: Reshiram\n|\n|upkeep\n|turn|5\n|inactive|Time left: 300 sec this turn | 300 sec total\n|\n|t:|1783562589\n|move|p1a: Reshiram|Blue Flare|p2a: Gurdurr\n|-damage|p2a: Gurdurr|7/100\n|move|p2a: Gurdurr|Drain Punch|p1a: Reshiram\n|-damage|p1a: Reshiram|100/277\n|-heal|p2a: Gurdurr|22/100|[from] drain|[of] p1a: Reshiram\n|\n|upkeep\n|turn|6\n|inactive|Time left: 300 sec this turn | 300 sec total\n|\n|t:|1783562590\n|move|p2a: Gurdurr|Mach Punch|p1a: Reshiram\n|-damage|p1a: Reshiram|57/277\n|move|p1a: Reshiram|Blue Flare|p2a: Gurdurr\n|-damage|p2a: Gurdurr|0 fnt\n|faint|p2a: Gurdurr\n|\n|upkeep\n|\n|t:|1783562591\n|switch|p2a: Zacian|Zacian, L69|100/100\n|-ability|p2a: Zacian|Intrepid Sword|boost\n|-boost|p2a: Zacian|atk|1\n|turn|7\n|inactive|Time left: 300 sec this turn | 300 sec total\n|\n|t:|1783562592\n|move|p2a: Zacian|Psychic Fangs|p1a: Reshiram\n|-damage|p1a: Reshiram|0 fnt\n|faint|p1a: Reshiram\n|-damage|p2a: Zacian|91/100|[from] item: Life Orb\n|\n|upkeep\n|inactive|Time left: 300 sec this turn | 300 sec total | 5 sec grace\n|\n|t:|1783562593\n|switch|p1a: Rabsca|Rabsca, L91, F|284/284\n|turn|8\n|inactive|Time left: 300 sec this turn | 300 sec total\n|\n|t:|1783562594\n|move|p2a: Zacian|Play Rough|p1a: Rabsca\n|-damage|p1a: Rabsca|150/284\n|-unboost|p1a: Rabsca|atk|1\n|-damage|p2a: Zacian|81/100|[from] item: Life Orb\n|move|p1a: Rabsca|Psychic|p2a: Zacian\n|-damage|p2a: Zacian|25/100\n|\n|upkeep\n|turn|9\n|inactive|Time left: 300 sec this turn | 300 sec total\n|\n|t:|1783562595\n|switch|p1a: Espathra|Espathra, L80, M|283/283\n|move|p2a: Zacian|Play Rough|p1a: Espathra\n|-damage|p1a: Espathra|71/283\n|-damage|p2a: Zacian|15/100|[from] item: Life Orb\n|\n|-heal|p1a: Espathra|88/283|[from] item: Leftovers\n|upkeep\n|turn|10\n|inactive|Time left: 300 sec this turn | 300 sec total\n|\n|t:|1783562596\n|move|p2a: Zacian|Play Rough|p1a: Espathra\n|-damage|p1a: Espathra|0 fnt\n|faint|p1a: Espathra\n|-damage|p2a: Zacian|5/100|[from] item: Life Orb\n|\n|upkeep\n|inactive|Time left: 300 sec this turn | 300 sec total | 5 sec grace\n|\n|t:|1783562597\n|switch|p1a: Lanturn|Lanturn, L89, M|367/367\n|turn|11\n|inactive|Time left: 300 sec this turn | 300 sec total\n|\n|t:|1783562598\n|move|p2a: Zacian|Play Rough|p1a: Lanturn\n|-damage|p1a: Lanturn|192/367\n|-damage|p2a: Zacian|0 fnt|[from] item: Life Orb\n|faint|p2a: Zacian\n|move|p1a: Lanturn|Ice Beam|p2: Zacian|[notarget]\n|-fail|p1a: Lanturn\n|\n|-heal|p1a: Lanturn|214/367|[from] item: Leftovers\n|upkeep\n|\n|t:|1783562599\n|switch|p2a: Bastiodon|Bastiodon, L89, F|100/100\n|turn|12\n|inactive|Time left: 300 sec this turn | 300 sec total\n|\n|t:|1783562599\n|move|p1a: Lanturn|Scald|p2a: Bastiodon\n|-supereffective|p2a: Bastiodon\n|-damage|p2a: Bastiodon|55/100\n|move|p2a: Bastiodon|Iron Defense|p2a: Bastiodon\n|-boost|p2a: Bastiodon|def|2\n|\n|-heal|p1a: Lanturn|236/367|[from] item: Leftovers\n|upkeep\n|turn|13\n|inactive|Time left: 300 sec this turn | 300 sec total\n|\n|t:|1783562600\n|move|p1a: Lanturn|Scald|p2a: Bastiodon\n|-supereffective|p2a: Bastiodon\n|-damage|p2a: Bastiodon|15/100\n|move|p2a: Bastiodon|Rest|p2a: Bastiodon\n|-status|p2a: Bastiodon|slp|[from] move: Rest\n|-heal|p2a: Bastiodon|100/100 slp|[silent]\n|-enditem|p2a: Bastiodon|Chesto Berry|[eat]\n|-curestatus|p2a: Bastiodon|slp|[msg]\n|\n|-heal|p1a: Lanturn|258/367|[from] item: Leftovers\n|upkeep\n|turn|14\n|inactive|Time left: 300 sec this turn | 300 sec total\n|\n|t:|1783562601\n|switch|p1a: Rabsca|Rabsca, L91, F|150/284\n|move|p2a: Bastiodon|Body Press|p1a: Rabsca\n|-resisted|p1a: Rabsca\n|-damage|p1a: Rabsca|100/284\n|\n|upkeep\n|turn|15\n|inactive|Time left: 300 sec this turn | 300 sec total\n|\n|t:|1783562602\n|move|p1a: Rabsca|Earth Power|p2a: Bastiodon\n|-supereffective|p2a: Bastiodon\n|-damage|p2a: Bastiodon|8/100\n|move|p2a: Bastiodon|Body Press|p1a: Rabsca\n|-resisted|p1a: Rabsca\n|-damage|p1a: Rabsca|55/284\n|\n|upkeep\n|turn|16\n|inactive|Time left: 300 sec this turn | 300 sec total\n|\n|t:|1783562603\n|move|p1a: Rabsca|Earth Power|p2a: Bastiodon\n|-supereffective|p2a: Bastiodon\n|-damage|p2a: Bastiodon|0 fnt\n|faint|p2a: Bastiodon\n|\n|upkeep\n|\n|t:|1783562604\n|switch|p2a: Lumineon|Lumineon, L93, F|100/100\n|turn|17\n|inactive|Time left: 300 sec this turn | 300 sec total\n|\n|t:|1783562605\n|switch|p1a: Lanturn|Lanturn, L89, M|258/367\n|move|p2a: Lumineon|Hydro Pump|p1a: Lanturn\n|-resisted|p1a: Lanturn\n|-damage|p1a: Lanturn|198/367\n|\n|-heal|p1a: Lanturn|220/367|[from] item: Leftovers\n|upkeep\n|turn|18\n|inactive|Time left: 300 sec this turn | 300 sec total\n|\n|t:|1783562606\n|move|p2a: Lumineon|U-turn|p1a: Lanturn\n|-damage|p1a: Lanturn|162/367\n|\n|t:|1783562606\n|switch|p2a: Pachirisu|Pachirisu, L96, F|100/100|[from] U-turn\n|move|p1a: Lanturn|Thunderbolt|p2a: Pachirisu\n|-immune|p2a: Pachirisu|[from] ability: Volt Absorb\n|\n|-heal|p1a: Lanturn|184/367|[from] item: Leftovers\n|upkeep\n|turn|19\n|inactive|Time left: 300 sec this turn | 300 sec total\n|\n|t:|1783562607\n|move|p2a: Pachirisu|Super Fang|p1a: Lanturn\n|-damage|p1a: Lanturn|92/367\n|move|p1a: Lanturn|Thunderbolt|p2a: Pachirisu\n|-immune|p2a: Pachirisu|[from] ability: Volt Absorb\n|\n|-heal|p1a: Lanturn|114/367|[from] item: Leftovers\n|upkeep\n|turn|20\n|inactive|Time left: 300 sec this turn | 300 sec total\n|\n|t:|1783562608\n|move|p2a: Pachirisu|U-turn|p1a: Lanturn\n|-damage|p1a: Lanturn|66/367\n|\n|t:|1783562609\n|switch|p2a: Lumineon|Lumineon, L93, F|100/100|[from] U-turn\n|move|p1a: Lanturn|Thunderbolt|p2a: Lumineon\n|-supereffective|p2a: Lumineon\n|-damage|p2a: Lumineon|42/100\n|\n|-heal|p1a: Lanturn|88/367|[from] item: Leftovers\n|upkeep\n|turn|21\n|inactive|Time left: 300 sec this turn | 300 sec total\n|\n|t:|1783562610\n|move|p2a: Lumineon|U-turn|p1a: Lanturn\n|-damage|p1a: Lanturn|25/367\n|\n|t:|1783562611\n|switch|p2a: Pachirisu|Pachirisu, L96, F|100/100|[from] U-turn\n|move|p1a: Lanturn|Thunderbolt|p2a: Pachirisu\n|-immune|p2a: Pachirisu|[from] ability: Volt Absorb\n|\n|-heal|p1a: Lanturn|47/367|[from] item: Leftovers\n|upkeep\n|turn|22\n|inactive|Time left: 300 sec this turn | 300 sec total\n|\n|t:|1783562612\n|-terastallize|p1a: Lanturn|Flying\n|move|p2a: Pachirisu|Super Fang|p1a: Lanturn\n|-damage|p1a: Lanturn|24/367\n|move|p1a: Lanturn|Thunderbolt|p2a: Pachirisu\n|-immune|p2a: Pachirisu|[from] ability: Volt Absorb\n|\n|-heal|p1a: Lanturn|46/367|[from] item: Leftovers\n|upkeep\n|turn|23\n|inactive|Time left: 300 sec this turn | 300 sec total\n|\n|t:|1783562613\n|move|p2a: Pachirisu|Super Fang|p1a: Lanturn\n|-damage|p1a: Lanturn|23/367\n|move|p1a: Lanturn|Thunderbolt|p2a: Pachirisu\n|-immune|p2a: Pachirisu|[from] ability: Volt Absorb\n|\n|-heal|p1a: Lanturn|45/367|[from] item: Leftovers\n|upkeep\n|turn|24\n|inactive|Time left: 300 sec this turn | 300 sec total\n|\n|t:|1783562614\n|move|p2a: Pachirisu|Super Fang|p1a: Lanturn\n|-damage|p1a: Lanturn|23/367\n|move|p1a: Lanturn|Thunderbolt|p2a: Pachirisu\n|-immune|p2a: Pachirisu|[from] ability: Volt Absorb\n|\n|-heal|p1a: Lanturn|45/367|[from] item: Leftovers\n|upkeep\n|turn|25\n|inactive|Time left: 300 sec this turn | 300 sec total\n|\n|t:|1783562615\n|move|p2a: Pachirisu|Super Fang|p1a: Lanturn\n|-damage|p1a: Lanturn|23/367\n|move|p1a: Lanturn|Thunderbolt|p2a: Pachirisu\n|-immune|p2a: Pachirisu|[from] ability: Volt Absorb\n|\n|-heal|p1a: Lanturn|45/367|[from] item: Leftovers\n|upkeep\n|turn|26\n|inactive|Time left: 300 sec this turn | 300 sec total\n|\n|t:|1783562616\n|move|p2a: Pachirisu|Super Fang|p1a: Lanturn\n|-damage|p1a: Lanturn|23/367\n|move|p1a: Lanturn|Thunderbolt|p2a: Pachirisu\n|-immune|p2a: Pachirisu|[from] ability: Volt Absorb\n|\n|-heal|p1a: Lanturn|45/367|[from] item: Leftovers\n|upkeep\n|turn|27\n|inactive|Time left: 300 sec this turn | 300 sec total\n|\n|t:|1783562617\n|move|p2a: Pachirisu|Super Fang|p1a: Lanturn\n|-damage|p1a: Lanturn|23/367\n|move|p1a: Lanturn|Thunderbolt|p2a: Pachirisu\n|-immune|p2a: Pachirisu|[from] ability: Volt Absorb\n|\n|-heal|p1a: Lanturn|45/367|[from] item: Leftovers\n|upkeep\n|turn|28\n|inactive|Time left: 300 sec this turn | 300 sec total\n|\n|t:|1783562618\n|move|p2a: Pachirisu|Super Fang|p1a: Lanturn\n|-damage|p1a: Lanturn|23/367\n|move|p1a: Lanturn|Thunderbolt|p2a: Pachirisu\n|-immune|p2a: Pachirisu|[from] ability: Volt Absorb\n|\n|-heal|p1a: Lanturn|45/367|[from] item: Leftovers\n|upkeep\n|turn|29\n|inactive|Time left: 300 sec this turn | 300 sec total\n|\n|t:|1783562619\n|move|p2a: Pachirisu|Super Fang|p1a: Lanturn\n|-damage|p1a: Lanturn|23/367\n|move|p1a: Lanturn|Thunderbolt|p2a: Pachirisu\n|-immune|p2a: Pachirisu|[from] ability: Volt Absorb\n|\n|-heal|p1a: Lanturn|45/367|[from] item: Leftovers\n|upkeep\n|turn|30\n|inactive|Time left: 300 sec this turn | 300 sec total\n|\n|t:|1783562620\n|move|p2a: Pachirisu|Super Fang|p1a: Lanturn\n|-damage|p1a: Lanturn|23/367\n|move|p1a: Lanturn|Thunderbolt|p2a: Pachirisu\n|-immune|p2a: Pachirisu|[from] ability: Volt Absorb\n|\n|-heal|p1a: Lanturn|45/367|[from] item: Leftovers\n|upkeep\n|turn|31\n|inactive|Time left: 300 sec this turn | 300 sec total\n|\n|t:|1783562621\n|move|p2a: Pachirisu|Super Fang|p1a: Lanturn\n|-damage|p1a: Lanturn|23/367\n|move|p1a: Lanturn|Thunderbolt|p2a: Pachirisu\n|-immune|p2a: Pachirisu|[from] ability: Volt Absorb\n|\n|-heal|p1a: Lanturn|45/367|[from] item: Leftovers\n|upkeep\n|turn|32\n|inactive|Time left: 300 sec this turn | 300 sec total\n|\n|t:|1783562622\n|move|p2a: Pachirisu|Super Fang|p1a: Lanturn\n|-damage|p1a: Lanturn|23/367\n|move|p1a: Lanturn|Thunderbolt|p2a: Pachirisu\n|-immune|p2a: Pachirisu|[from] ability: Volt Absorb\n|\n|-heal|p1a: Lanturn|45/367|[from] item: Leftovers\n|upkeep\n|turn|33\n|inactive|Time left: 300 sec this turn | 300 sec total\n|\n|t:|1783562623\n|move|p2a: Pachirisu|Super Fang|p1a: Lanturn\n|-damage|p1a: Lanturn|23/367\n|move|p1a: Lanturn|Thunderbolt|p2a: Pachirisu\n|-immune|p2a: Pachirisu|[from] ability: Volt Absorb\n|\n|-heal|p1a: Lanturn|45/367|[from] item: Leftovers\n|upkeep\n|turn|34\n|inactive|Time left: 300 sec this turn | 300 sec total\n|\n|t:|1783562624\n|move|p2a: Pachirisu|Super Fang|p1a: Lanturn\n|-damage|p1a: Lanturn|23/367\n|move|p1a: Lanturn|Thunderbolt|p2a: Pachirisu\n|-immune|p2a: Pachirisu|[from] ability: Volt Absorb\n|\n|-heal|p1a: Lanturn|45/367|[from] item: Leftovers\n|upkeep\n|turn|35\n|inactive|Time left: 300 sec this turn | 300 sec total\n|\n|t:|1783562625\n|move|p2a: Pachirisu|Super Fang|p1a: Lanturn\n|-damage|p1a: Lanturn|23/367\n|move|p1a: Lanturn|Thunderbolt|p2a: Pachirisu\n|-immune|p2a: Pachirisu|[from] ability: Volt Absorb\n|\n|-heal|p1a: Lanturn|45/367|[from] item: Leftovers\n|upkeep\n|turn|36\n|inactive|Time left: 300 sec this turn | 300 sec total\n|\n|t:|1783562626\n|move|p2a: Pachirisu|Super Fang|p1a: Lanturn\n|-damage|p1a: Lanturn|23/367\n|move|p1a: Lanturn|Thunderbolt|p2a: Pachirisu\n|-immune|p2a: Pachirisu|[from] ability: Volt Absorb\n|\n|-heal|p1a: Lanturn|45/367|[from] item: Leftovers\n|upkeep\n|turn|37\n|inactive|Time left: 300 sec this turn | 300 sec total\n|\n|t:|1783562627\n|move|p2a: Pachirisu|Thunderbolt|p1a: Lanturn\n|-heal|p1a: Lanturn|136/367|[from] ability: Volt Absorb|[of] p2a: Pachirisu\n|move|p1a: Lanturn|Thunderbolt|p2a: Pachirisu\n|-immune|p2a: Pachirisu|[from] ability: Volt Absorb\n|\n|-heal|p1a: Lanturn|158/367|[from] item: Leftovers\n|upkeep\n|turn|38\n|inactive|Time left: 300 sec this turn | 300 sec total\n|\n|t:|1783562628\n|move|p2a: Pachirisu|Thunderbolt|p1a: Lanturn\n|-heal|p1a: Lanturn|249/367|[from] ability: Volt Absorb|[of] p2a: Pachirisu\n|move|p1a: Lanturn|Thunderbolt|p2a: Pachirisu\n|-immune|p2a: Pachirisu|[from] ability: Volt Absorb\n|\n|-heal|p1a: Lanturn|271/367|[from] item: Leftovers\n|upkeep\n|turn|39\n|inactive|Time left: 300 sec this turn | 300 sec total\n|\n|t:|1783562629\n|move|p2a: Pachirisu|Nuzzle|p1a: Lanturn\n|-heal|p1a: Lanturn|362/367|[from] ability: Volt Absorb|[of] p2a: Pachirisu\n|move|p1a: Lanturn|Thunderbolt|p2a: Pachirisu\n|-immune|p2a: Pachirisu|[from] ability: Volt Absorb\n|\n|-heal|p1a: Lanturn|367/367|[from] item: Leftovers\n|upkeep\n|turn|40\n|inactive|Time left: 300 sec this turn | 300 sec total\n|\n|t:|1783562630\n|move|p2a: Pachirisu|Nuzzle|p1a: Lanturn\n|-immune|p1a: Lanturn|[from] ability: Volt Absorb\n|move|p1a: Lanturn|Thunderbolt|p2a: Pachirisu\n|-immune|p2a: Pachirisu|[from] ability: Volt Absorb\n|\n|upkeep\n|turn|41\n|inactive|Time left: 300 sec this turn | 300 sec total\n|\n|t:|1783562630\n|move|p2a: Pachirisu|Nuzzle|p1a: Lanturn\n|-immune|p1a: Lanturn|[from] ability: Volt Absorb\n|move|p1a: Lanturn|Thunderbolt|p2a: Pachirisu\n|-immune|p2a: Pachirisu|[from] ability: Volt Absorb\n|\n|upkeep\n|turn|42\n|inactive|Time left: 300 sec this turn | 300 sec total\n|\n|t:|1783562631\n|switch|p2a: Lumineon|Lumineon, L93, F|42/100\n|move|p1a: Lanturn|Ice Beam|p2a: Lumineon\n|-resisted|p2a: Lumineon\n|-damage|p2a: Lumineon|33/100\n|\n|upkeep\n|turn|43\n|inactive|Time left: 300 sec this turn | 300 sec total\n|\n|t:|1783562632\n|switch|p1a: Vigoroth|Vigoroth, L85, F|275/275\n|move|p2a: Lumineon|Ice Beam|p1a: Vigoroth\n|-damage|p1a: Vigoroth|218/275\n|\n|upkeep\n|turn|44\n|inactive|Time left: 300 sec this turn | 300 sec total\n|\n|t:|1783562633\n|move|p2a: Lumineon|Hydro Pump|p1a: Vigoroth\n|-damage|p1a: Vigoroth|116/275\n|move|p1a: Vigoroth|Body Slam|p2a: Lumineon\n|-damage|p2a: Lumineon|1/100\n|\n|upkeep\n|turn|45\n|inactive|Time left: 300 sec this turn | 300 sec total\n|\n|t:|1783562634\n|move|p2a: Lumineon|Hydro Pump|p1a: Vigoroth\n|-damage|p1a: Vigoroth|13/275\n|move|p1a: Vigoroth|Slack Off|p1a: Vigoroth\n|-heal|p1a: Vigoroth|151/275\n|\n|upkeep\n|turn|46\n|inactive|Time left: 300 sec this turn | 300 sec total\n|\n|t:|1783562635\n|move|p2a: Lumineon|Hydro Pump|p1a: Vigoroth\n|-damage|p1a: Vigoroth|57/275\n|move|p1a: Vigoroth|Slack Off|p1a: Vigoroth\n|-heal|p1a: Vigoroth|195/275\n|\n|upkeep\n|turn|47\n|inactive|Time left: 300 sec this turn | 300 sec total\n|\n|t:|1783562636\n|move|p2a: Lumineon|Encore|p1a: Vigoroth\n|-start|p1a: Vigoroth|Encore\n|move|p1a: Vigoroth|Slack Off|p1a: Vigoroth\n|-heal|p1a: Vigoroth|275/275\n|\n|upkeep\n|turn|48\n|inactive|Time left: 300 sec this turn | 300 sec total\n|\n|t:|1783562637\n|switch|p1a: Lanturn|Lanturn, L89, M, tera:Flying|367/367\n|move|p2a: Lumineon|Ice Beam|p1a: Lanturn\n|-supereffective|p1a: Lanturn\n|-damage|p1a: Lanturn|233/367\n|\n|-heal|p1a: Lanturn|255/367|[from] item: Leftovers\n|upkeep\n|turn|49\n|inactive|Time left: 300 sec this turn | 300 sec total\n|\n|t:|1783562638\n|switch|p2a: Pachirisu|Pachirisu, L96, F|100/100\n|move|p1a: Lanturn|Ice Beam|p2a: Pachirisu\n|-damage|p2a: Pachirisu|87/100\n|\n|-heal|p1a: Lanturn|277/367|[from] item: Leftovers\n|upkeep\n|turn|50\n|inactive|Time left: 300 sec this turn | 300 sec total\n|\n|t:|1783562639\n|move|p2a: Pachirisu|Nuzzle|p1a: Lanturn\n|-heal|p1a: Lanturn|367/367|[from] ability: Volt Absorb|[of] p2a: Pachirisu\n|move|p1a: Lanturn|Ice Beam|p2a: Pachirisu\n|-damage|p2a: Pachirisu|73/100\n|\n|upkeep\n|turn|51\n|inactive|Time left: 300 sec this turn | 300 sec total\n|\n|t:|1783562639\n|move|p2a: Pachirisu|Thunderbolt|p1a: Lanturn\n|-immune|p1a: Lanturn|[from] ability: Volt Absorb\n|move|p1a: Lanturn|Ice Beam|p2a: Pachirisu\n|-damage|p2a: Pachirisu|60/100\n|\n|upkeep\n|turn|52\n|inactive|Time left: 300 sec this turn | 300 sec total\n|\n|t:|1783562640\n|move|p2a: Pachirisu|Nuzzle|p1a: Lanturn\n|-immune|p1a: Lanturn|[from] ability: Volt Absorb\n|move|p1a: Lanturn|Ice Beam|p2a: Pachirisu\n|-crit|p2a: Pachirisu\n|-damage|p2a: Pachirisu|42/100\n|\n|upkeep\n|turn|53\n|inactive|Time left: 300 sec this turn | 300 sec total\n|\n|t:|1783562641\n|move|p2a: Pachirisu|Nuzzle|p1a: Lanturn\n|-immune|p1a: Lanturn|[from] ability: Volt Absorb\n|move|p1a: Lanturn|Ice Beam|p2a: Pachirisu\n|-damage|p2a: Pachirisu|29/100\n|\n|upkeep\n|turn|54\n|inactive|Time left: 300 sec this turn | 300 sec total\n|\n|t:|1783562642\n|move|p2a: Pachirisu|Nuzzle|p1a: Lanturn\n|-immune|p1a: Lanturn|[from] ability: Volt Absorb\n|move|p1a: Lanturn|Ice Beam|p2a: Pachirisu\n|-damage|p2a: Pachirisu|16/100\n|\n|upkeep\n|turn|55\n|inactive|Time left: 300 sec this turn | 300 sec total\n|\n|t:|1783562643\n|move|p2a: Pachirisu|Thunderbolt|p1a: Lanturn\n|-immune|p1a: Lanturn|[from] ability: Volt Absorb\n|move|p1a: Lanturn|Ice Beam|p2a: Pachirisu\n|-damage|p2a: Pachirisu|3/100\n|\n|upkeep\n|turn|56\n|inactive|Time left: 300 sec this turn | 300 sec total\n|\n|t:|1783562644\n|move|p2a: Pachirisu|Nuzzle|p1a: Lanturn\n|-immune|p1a: Lanturn|[from] ability: Volt Absorb\n|move|p1a: Lanturn|Ice Beam|p2a: Pachirisu\n|-damage|p2a: Pachirisu|0 fnt\n|faint|p2a: Pachirisu\n|\n|upkeep\n|\n|t:|1783562645\n|switch|p2a: Lumineon|Lumineon, L93, F|1/100\n|turn|57\n|inactive|Time left: 300 sec this turn | 300 sec total\n|\n|t:|1783562646\n|-terastallize|p2a: Lumineon|Dragon\n|move|p2a: Lumineon|Ice Beam|p1a: Lanturn\n|-supereffective|p1a: Lanturn\n|-damage|p1a: Lanturn|237/367\n|move|p1a: Lanturn|Ice Beam|p2a: Lumineon\n|-supereffective|p2a: Lumineon\n|-damage|p2a: Lumineon|0 fnt\n|faint|p2a: Lumineon\n|\n|win|p0x201488b3", "uploadtime": 1783562646, "views": 0, "rating": 0, "private": 0, "password": null, "_winner": "p0x201488b3", "_our_name": "p0x201488b3"}