{"id": "battle-gen9randombattle-2897", "formatid": "gen9randombattle", "format": "[Gen 9] Random Battle", "players": ["p0x28973977", "p0y289726f1"], "log": "|init|battle\n|title|p0x28973977 vs. p0y289726f1\n|j|\u2606p0x28973977\n|j|\u2606p0y289726f1\n|t:|1783572386\n|gametype|singles\n|player|p1|p0x28973977|102|\n|player|p2|p0y289726f1|102|\n|gen|9\n|tier|[Gen 9] Random Battle\n|rule|Species Clause: Limit one of each Pok\u00e9mon\n|rule|HP Percentage Mod: HP is shown in percentages\n|rule|Sleep Clause Mod: Limit one foe put to sleep\n|rule|Illusion Level Mod: Illusion disguises the Pok\u00e9mon's true level\n|\n|t:|1783572386\n|teamsize|p1|6\n|teamsize|p2|6\n|start\n|switch|p1a: Pincurchin|Pincurchin, F|100/100\n|switch|p2a: Amoonguss|Amoonguss, L82, M|321/321\n|-fieldstart|move: Electric Terrain|[from] ability: Electric Surge|[of] p1a: Pincurchin\n|turn|1\n|inactive|Battle timer is ON: inactive players will automatically lose when time's up. (requested by p0x28973977)\n|inactive|Time left: 300 sec this turn | 300 sec total | 60 sec grace\n|inactive|p0y289726f1 also wants the timer to be on.\n|\n|t:|1783572388\n|move|p2a: Amoonguss|Toxic|p1a: Pincurchin\n|-status|p1a: Pincurchin|tox\n|move|p1a: Pincurchin|Zing Zap|p2a: Amoonguss\n|-resisted|p2a: Amoonguss\n|-damage|p2a: Amoonguss|228/321\n|\n|-heal|p2a: Amoonguss|248/321|[from] item: Leftovers\n|-damage|p1a: Pincurchin|94/100 tox|[from] psn\n|upkeep\n|turn|2\n|inactive|Time left: 300 sec this turn | 300 sec total\n|\n|t:|1783572389\n|switch|p1a: Slaking|Slaking, L84, F|100/100\n|move|p2a: Amoonguss|Sludge Bomb|p1a: Slaking\n|-damage|p1a: Slaking|77/100\n|\n|-heal|p2a: Amoonguss|268/321|[from] item: Leftovers\n|upkeep\n|turn|3\n|inactive|Time left: 300 sec this turn | 300 sec total\n|\n|t:|1783572390\n|switch|p2a: Bronzong|Bronzong, L88|261/261\n|move|p1a: Slaking|Giga Impact|p2a: Bronzong|[miss]\n|-miss|p1a: Slaking|p2a: Bronzong\n|\n|upkeep\n|turn|4\n|inactive|Time left: 300 sec this turn | 300 sec total\n|\n|t:|1783572391\n|cant|p1a: Slaking|ability: Truant\n|move|p2a: Bronzong|Stealth Rock|p1a: Slaking\n|-sidestart|p1: p0x28973977|move: Stealth Rock\n|\n|upkeep\n|turn|5\n|inactive|Time left: 300 sec this turn | 300 sec total\n|\n|t:|1783572392\n|move|p1a: Slaking|Giga Impact|p2a: Bronzong\n|-resisted|p2a: Bronzong\n|-damage|p2a: Bronzong|134/261\n|-mustrecharge|p1a: Slaking\n|move|p2a: Bronzong|Psychic|p1a: Slaking\n|-damage|p1a: Slaking|47/100\n|\n|-heal|p2a: Bronzong|150/261|[from] item: Leftovers\n|-fieldend|move: Electric Terrain\n|upkeep\n|turn|6\n|inactive|Time left: 300 sec this turn | 300 sec total\n|\n|t:|1783572393\n|cant|p1a: Slaking|recharge\n|move|p2a: Bronzong|Hypnosis|p1a: Slaking\n|-status|p1a: Slaking|slp|[from] move: Hypnosis\n|\n|-heal|p2a: Bronzong|166/261|[from] item: Leftovers\n|upkeep\n|turn|7\n|inactive|Time left: 300 sec this turn | 300 sec total\n|\n|t:|1783572395\n|cant|p1a: Slaking|slp\n|move|p2a: Bronzong|Earthquake|p1a: Slaking\n|-damage|p1a: Slaking|29/100 slp\n|\n|-heal|p2a: Bronzong|182/261|[from] item: Leftovers\n|upkeep\n|turn|8\n|inactive|Time left: 300 sec this turn | 300 sec total\n|\n|t:|1783572396\n|-curestatus|p1a: Slaking|slp|[msg]\n|move|p1a: Slaking|Giga Impact|p2a: Bronzong\n|-resisted|p2a: Bronzong\n|-damage|p2a: Bronzong|41/261\n|-mustrecharge|p1a: Slaking\n|move|p2a: Bronzong|Psychic|p1a: Slaking\n|-damage|p1a: Slaking|0 fnt\n|faint|p1a: Slaking\n|\n|-heal|p2a: Bronzong|57/261|[from] item: Leftovers\n|upkeep\n|\n|t:|1783572397\n|switch|p1a: Zamazenta|Zamazenta, L71|100/100\n|-damage|p1a: Zamazenta|94/100|[from] Stealth Rock\n|-ability|p1a: Zamazenta|Dauntless Shield|boost\n|-boost|p1a: Zamazenta|def|1\n|turn|9\n|inactive|Time left: 300 sec this turn | 300 sec total\n|\n|t:|1783572398\n|switch|p2a: Masquerain|Masquerain, L87, M|264/264\n|-ability|p2a: Masquerain|Intimidate|boost\n|-unboost|p1a: Zamazenta|atk|1\n|move|p1a: Zamazenta|Body Press|p2a: Masquerain\n|-resisted|p2a: Masquerain\n|-damage|p2a: Masquerain|234/264\n|\n|-heal|p1a: Zamazenta|100/100|[from] item: Leftovers\n|upkeep\n|turn|10\n|inactive|Time left: 300 sec this turn | 300 sec total\n|\n|t:|1783572399\n|move|p1a: Zamazenta|Stone Edge|p2a: Masquerain\n|-supereffective|p2a: Masquerain\n|-damage|p2a: Masquerain|46/264\n|move|p2a: Masquerain|Sticky Web|p1a: Zamazenta\n|-sidestart|p1: p0x28973977|move: Sticky Web\n|\n|upkeep\n|turn|11\n|inactive|Time left: 300 sec this turn | 300 sec total\n|\n|t:|1783572400\n|switch|p1a: Weezing|Weezing-Galar, L86, M|100/100\n|-damage|p1a: Weezing|88/100|[from] Stealth Rock\n|move|p2a: Masquerain|Hurricane|p1a: Weezing\n|-damage|p1a: Weezing|32/100\n|-start|p1a: Weezing|confusion\n|\n|-heal|p1a: Weezing|38/100|[from] item: Leftovers\n|upkeep\n|turn|12\n|inactive|Time left: 300 sec this turn | 300 sec total\n|\n|t:|1783572402\n|move|p2a: Masquerain|Hurricane|p1a: Weezing|[miss]\n|-miss|p2a: Masquerain|p1a: Weezing\n|-activate|p1a: Weezing|confusion\n|move|p1a: Weezing|Defog|p2a: Masquerain\n|-unboost|p2a: Masquerain|evasion|1\n|-sideend|p1: p0x28973977|Stealth Rock|[from] move: Defog|[of] p1a: Weezing\n|-sideend|p1: p0x28973977|Sticky Web|[from] move: Defog|[of] p1a: Weezing\n|\n|-heal|p1a: Weezing|44/100|[from] item: Leftovers\n|upkeep\n|turn|13\n|inactive|Time left: 300 sec this turn | 300 sec total\n|\n|t:|1783572403\n|switch|p1a: Pincurchin|Pincurchin, F|100/100\n|move|p2a: Masquerain|Sticky Web|p1a: Pincurchin\n|-sidestart|p1: p0x28973977|move: Sticky Web\n|\n|upkeep\n|turn|14\n|inactive|Time left: 300 sec this turn | 300 sec total\n|\n|t:|1783572404\n|switch|p2a: Amoonguss|Amoonguss, L82, M|321/321\n|move|p1a: Pincurchin|Hyper Voice|p2a: Amoonguss\n|-damage|p2a: Amoonguss|179/321\n|-damage|p1a: Pincurchin|91/100|[from] item: Life Orb\n|\n|-heal|p2a: Amoonguss|199/321|[from] item: Leftovers\n|upkeep\n|turn|15\n|inactive|Time left: 300 sec this turn | 300 sec total\n|\n|t:|1783572405\n|switch|p2a: Masquerain|Masquerain, L87, M|46/264\n|-ability|p2a: Masquerain|Intimidate|boost\n|-unboost|p1a: Pincurchin|atk|1\n|move|p1a: Pincurchin|Nasty Plot|p1a: Pincurchin\n|-boost|p1a: Pincurchin|spa|2\n|\n|upkeep\n|turn|16\n|inactive|Time left: 300 sec this turn | 300 sec total\n|\n|t:|1783572406\n|move|p1a: Pincurchin|Bitter Malice|p2a: Masquerain\n|-damage|p2a: Masquerain|0 fnt\n|faint|p2a: Masquerain\n|-damage|p1a: Pincurchin|81/100|[from] item: Life Orb\n|\n|upkeep\n|inactive|Time left: 300 sec this turn | 300 sec total | 5 sec grace\n|\n|t:|1783572407\n|switch|p2a: Florges|Florges-Blue, L85, F|271/271\n|turn|17\n|inactive|Time left: 300 sec this turn | 300 sec total\n|\n|t:|1783572408\n|move|p1a: Pincurchin|Bitter Malice|p2a: Florges\n|-damage|p2a: Florges|122/271\n|-unboost|p2a: Florges|atk|1\n|-damage|p1a: Pincurchin|72/100|[from] item: Life Orb\n|move|p2a: Florges|Moonblast|p1a: Pincurchin\n|-damage|p1a: Pincurchin|0 fnt\n|replace|p1a: Zoroark|Zoroark-Hisui, L80, F\n|-end|p1a: Zoroark|Illusion\n|-hint|Illusion Level Mod is active, so this Pok\u00e9mon's true level was hidden.\n|faint|p1a: Zoroark\n|\n|-heal|p2a: Florges|138/271|[from] item: Leftovers\n|upkeep\n|\n|t:|1783572409\n|switch|p1a: Weezing|Weezing-Galar, L86, M|44/100\n|turn|18\n|inactive|Time left: 300 sec this turn | 300 sec total\n|\n|t:|1783572410\n|move|p2a: Florges|Wish|p2a: Florges\n|move|p1a: Weezing|Defog|p2a: Florges\n|-unboost|p2a: Florges|evasion|1\n|-sideend|p1: p0x28973977|Sticky Web|[from] move: Defog|[of] p1a: Weezing\n|\n|-heal|p2a: Florges|154/271|[from] item: Leftovers\n|-heal|p1a: Weezing|50/100|[from] item: Leftovers\n|upkeep\n|turn|19\n|inactive|Time left: 300 sec this turn | 300 sec total\n|\n|t:|1783572411\n|switch|p2a: Bronzong|Bronzong, L88|57/261\n|move|p1a: Weezing|Gunk Shot|p2a: Bronzong\n|-immune|p2a: Bronzong\n|\n|-heal|p2a: Bronzong|192/261|[from] move: Wish|[wisher] Florges\n|-heal|p1a: Weezing|56/100|[from] item: Leftovers\n|-heal|p2a: Bronzong|208/261|[from] item: Leftovers\n|upkeep\n|turn|20\n|inactive|Time left: 300 sec this turn | 300 sec total\n|\n|t:|1783572412\n|move|p1a: Weezing|Strange Steam|p2a: Bronzong\n|-resisted|p2a: Bronzong\n|-damage|p2a: Bronzong|173/261\n|move|p2a: Bronzong|Psychic|p1a: Weezing\n|-supereffective|p1a: Weezing\n|-damage|p1a: Weezing|0 fnt\n|faint|p1a: Weezing\n|\n|-heal|p2a: Bronzong|189/261|[from] item: Leftovers\n|upkeep\n|\n|t:|1783572413\n|switch|p1a: Pincurchin|Pincurchin, F|94/100 tox\n|-fieldstart|move: Electric Terrain|[from] ability: Electric Surge|[of] p1a: Pincurchin\n|turn|21\n|inactive|Time left: 300 sec this turn | 300 sec total\n|\n|t:|1783572414\n|switch|p2a: Amoonguss|Amoonguss, L82, M|306/321\n|move|p1a: Pincurchin|Zing Zap|p2a: Amoonguss\n|-resisted|p2a: Amoonguss\n|-damage|p2a: Amoonguss|202/321\n|\n|-heal|p2a: Amoonguss|222/321|[from] item: Leftovers\n|-heal|p1a: Pincurchin|100/100 tox|[from] item: Leftovers\n|-damage|p1a: Pincurchin|94/100 tox|[from] psn\n|upkeep\n|turn|22\n|inactive|Time left: 300 sec this turn | 300 sec total\n|\n|t:|1783572415\n|move|p2a: Amoonguss|Toxic|p1a: Pincurchin\n|-fail|p1a: Pincurchin|tox\n|move|p1a: Pincurchin|Zing Zap|p2a: Amoonguss\n|-resisted|p2a: Amoonguss\n|-damage|p2a: Amoonguss|123/321\n|\n|-heal|p2a: Amoonguss|143/321|[from] item: Leftovers\n|-heal|p1a: Pincurchin|100/100 tox|[from] item: Leftovers\n|-damage|p1a: Pincurchin|88/100 tox|[from] psn\n|upkeep\n|turn|23\n|inactive|Time left: 300 sec this turn | 300 sec total\n|\n|t:|1783572416\n|move|p2a: Amoonguss|Toxic|p1a: Pincurchin\n|-fail|p1a: Pincurchin|tox\n|move|p1a: Pincurchin|Zing Zap|p2a: Amoonguss\n|-resisted|p2a: Amoonguss\n|-damage|p2a: Amoonguss|42/321\n|\n|-heal|p2a: Amoonguss|62/321|[from] item: Leftovers\n|-heal|p1a: Pincurchin|94/100 tox|[from] item: Leftovers\n|-damage|p1a: Pincurchin|76/100 tox|[from] psn\n|upkeep\n|turn|24\n|inactive|Time left: 300 sec this turn | 300 sec total\n|\n|t:|1783572417\n|move|p2a: Amoonguss|Toxic|p1a: Pincurchin\n|-fail|p1a: Pincurchin|tox\n|move|p1a: Pincurchin|Zing Zap|p2a: Amoonguss\n|-resisted|p2a: Amoonguss\n|-damage|p2a: Amoonguss|0 fnt\n|faint|p2a: Amoonguss\n|\n|-heal|p1a: Pincurchin|82/100 tox|[from] item: Leftovers\n|-damage|p1a: Pincurchin|57/100 tox|[from] psn\n|upkeep\n|inactive|Time left: 300 sec this turn | 300 sec total | 5 sec grace\n|\n|t:|1783572417\n|switch|p2a: Maushold|Maushold-Four, L76|238/238\n|turn|25\n|inactive|Time left: 300 sec this turn | 300 sec total\n|\n|t:|1783572418\n|move|p2a: Maushold|Population Bomb|p1a: Pincurchin\n|-damage|p1a: Pincurchin|50/100 tox\n|-damage|p1a: Pincurchin|43/100 tox\n|-damage|p1a: Pincurchin|35/100 tox\n|-damage|p1a: Pincurchin|28/100 tox\n|-damage|p1a: Pincurchin|19/100 tox\n|-damage|p1a: Pincurchin|12/100 tox\n|-damage|p1a: Pincurchin|5/100 tox\n|-crit|p1a: Pincurchin\n|-damage|p1a: Pincurchin|0 fnt\n|faint|p1a: Pincurchin\n|-hitcount|p1: Pincurchin|8\n|\n|-fieldend|move: Electric Terrain\n|upkeep\n|\n|t:|1783572419\n|switch|p1a: Arceus|Arceus-Steel, L70|100/100\n|turn|26\n|inactive|Time left: 300 sec this turn | 300 sec total\n|\n|t:|1783572420\n|switch|p2a: Kyogre|Kyogre, L71|259/259\n|-weather|RainDance|[from] ability: Drizzle|[of] p2a: Kyogre\n|move|p1a: Arceus|Will-O-Wisp|p2a: Kyogre\n|-status|p2a: Kyogre|brn\n|\n|-weather|RainDance|[upkeep]\n|-damage|p2a: Kyogre|243/259 brn|[from] brn\n|upkeep\n|turn|27\n|inactive|Time left: 300 sec this turn | 300 sec total\n|\n|t:|1783572420\n|move|p1a: Arceus|Earthquake|p2a: Kyogre\n|-damage|p2a: Kyogre|169/259 brn\n|move|p2a: Kyogre|Calm Mind|p2a: Kyogre\n|-boost|p2a: Kyogre|spa|1\n|-boost|p2a: Kyogre|spd|1\n|\n|-weather|RainDance|[upkeep]\n|-heal|p2a: Kyogre|185/259 brn|[from] item: Leftovers\n|-damage|p2a: Kyogre|169/259 brn|[from] brn\n|upkeep\n|turn|28\n|inactive|Time left: 300 sec this turn | 300 sec total\n|\n|t:|1783572421\n|move|p1a: Arceus|Earthquake|p2a: Kyogre\n|-damage|p2a: Kyogre|100/259 brn\n|move|p2a: Kyogre|Origin Pulse|p1a: Arceus\n|-damage|p1a: Arceus|14/100\n|\n|-weather|RainDance|[upkeep]\n|-heal|p2a: Kyogre|116/259 brn|[from] item: Leftovers\n|-damage|p2a: Kyogre|100/259 brn|[from] brn\n|upkeep\n|turn|29\n|inactive|Time left: 300 sec this turn | 300 sec total\n|\n|t:|1783572422\n|switch|p2a: Bronzong|Bronzong, L88|189/261\n|move|p1a: Arceus|Earthquake|p2a: Bronzong\n|-immune|p2a: Bronzong|[from] ability: Levitate\n|\n|-weather|RainDance|[upkeep]\n|-heal|p2a: Bronzong|205/261|[from] item: Leftovers\n|upkeep\n|turn|30\n|inactive|Time left: 300 sec this turn | 300 sec total\n|\n|t:|1783572423\n|move|p1a: Arceus|Recover|p1a: Arceus\n|-heal|p1a: Arceus|64/100\n|move|p2a: Bronzong|Earthquake|p1a: Arceus\n|-supereffective|p1a: Arceus\n|-damage|p1a: Arceus|12/100\n|\n|-weather|none\n|-heal|p2a: Bronzong|221/261|[from] item: Leftovers\n|upkeep\n|turn|31\n|inactive|Time left: 300 sec this turn | 300 sec total\n|\n|t:|1783572424\n|move|p1a: Arceus|Recover|p1a: Arceus\n|-heal|p1a: Arceus|62/100\n|move|p2a: Bronzong|Earthquake|p1a: Arceus\n|-supereffective|p1a: Arceus\n|-damage|p1a: Arceus|16/100\n|\n|-heal|p2a: Bronzong|237/261|[from] item: Leftovers\n|upkeep\n|turn|32\n|inactive|Time left: 300 sec this turn | 300 sec total\n|\n|t:|1783572425\n|move|p1a: Arceus|Recover|p1a: Arceus\n|-heal|p1a: Arceus|66/100\n|move|p2a: Bronzong|Earthquake|p1a: Arceus\n|-supereffective|p1a: Arceus\n|-damage|p1a: Arceus|15/100\n|\n|-heal|p2a: Bronzong|253/261|[from] item: Leftovers\n|upkeep\n|turn|33\n|inactive|Time left: 300 sec this turn | 300 sec total\n|\n|t:|1783572425\n|move|p1a: Arceus|Recover|p1a: Arceus\n|-heal|p1a: Arceus|65/100\n|move|p2a: Bronzong|Earthquake|p1a: Arceus\n|-supereffective|p1a: Arceus\n|-crit|p1a: Arceus\n|-damage|p1a: Arceus|0 fnt\n|faint|p1a: Arceus\n|\n|-heal|p2a: Bronzong|261/261|[from] item: Leftovers\n|upkeep\n|\n|t:|1783572426\n|switch|p1a: Zamazenta|Zamazenta, L71|100/100\n|turn|34\n|inactive|Time left: 300 sec this turn | 300 sec total\n|\n|t:|1783572427\n|move|p1a: Zamazenta|Iron Defense|p1a: Zamazenta\n|-boost|p1a: Zamazenta|def|2\n|move|p2a: Bronzong|Psychic|p1a: Zamazenta\n|-supereffective|p1a: Zamazenta\n|-damage|p1a: Zamazenta|32/100\n|\n|-heal|p1a: Zamazenta|38/100|[from] item: Leftovers\n|upkeep\n|turn|35\n|inactive|Time left: 300 sec this turn | 300 sec total\n|\n|t:|1783572428\n|-terastallize|p1a: Zamazenta|Fighting\n|-terastallize|p2a: Bronzong|Water\n|move|p1a: Zamazenta|Iron Defense|p1a: Zamazenta\n|-boost|p1a: Zamazenta|def|2\n|move|p2a: Bronzong|Psychic|p1a: Zamazenta\n|-supereffective|p1a: Zamazenta\n|-damage|p1a: Zamazenta|0 fnt\n|faint|p1a: Zamazenta\n|\n|win|p0y289726f1", "uploadtime": 1783572428, "views": 0, "rating": 0, "private": 0, "password": null, "_winner": "p0y289726f1", "_our_name": "p0y289726f1"}