{"id": "battle-gen9randombattle-914", "formatid": "gen9randombattle", "format": "[Gen 9] Random Battle", "players": ["p0x9148807", "p0y914e00e"], "log": "|init|battle\n|title|p0x9148807 vs. p0y914e00e\n|j|\u2606p0x9148807\n|j|\u2606p0y914e00e\n|t:|1783549747\n|gametype|singles\n|player|p1|p0x9148807|266|\n|player|p2|p0y914e00e|2|\n|gen|9\n|tier|[Gen 9] Random Battle\n|rule|Species Clause: Limit one of each Pok\u00e9mon\n|rule|HP Percentage Mod: HP is shown in percentages\n|rule|Sleep Clause Mod: Limit one foe put to sleep\n|rule|Illusion Level Mod: Illusion disguises the Pok\u00e9mon's true level\n|\n|t:|1783549747\n|teamsize|p1|6\n|teamsize|p2|6\n|start\n|switch|p1a: Samurott|Samurott, L88, M|310/310\n|switch|p2a: Scizor|Scizor, L79, M|100/100\n|turn|1\n|inactive|Battle timer is ON: inactive players will automatically lose when time's up. (requested by p0y914e00e)\n|inactive|Time left: 300 sec this turn | 300 sec total | 60 sec grace\n|inactive|p0x9148807 also wants the timer to be on.\n|\n|t:|1783549749\n|move|p1a: Samurott|Hydro Pump|p2a: Scizor\n|-damage|p2a: Scizor|34/100\n|move|p2a: Scizor|Knock Off|p1a: Samurott\n|-damage|p1a: Samurott|229/310\n|-enditem|p1a: Samurott|Assault Vest|[from] move: Knock Off|[of] p2a: Scizor\n|\n|-heal|p2a: Scizor|40/100|[from] item: Leftovers\n|upkeep\n|turn|2\n|inactive|Time left: 300 sec this turn | 300 sec total\n|\n|t:|1783549751\n|move|p1a: Samurott|Hydro Pump|p2a: Scizor\n|-damage|p2a: Scizor|0 fnt\n|faint|p2a: Scizor\n|\n|upkeep\n|\n|t:|1783549752\n|switch|p2a: Virizion|Virizion, L82|100/100\n|turn|3\n|inactive|Time left: 300 sec this turn | 300 sec total\n|\n|t:|1783549753\n|switch|p1a: Ursaluna|Ursaluna, L79, M|335/335\n|move|p2a: Virizion|Swords Dance|p2a: Virizion\n|-boost|p2a: Virizion|atk|2\n|\n|-status|p1a: Ursaluna|brn|[from] item: Flame Orb\n|upkeep\n|turn|4\n|inactive|Time left: 300 sec this turn | 300 sec total\n|\n|t:|1783549754\n|switch|p1a: Samurott|Samurott, L88, M|229/310\n|move|p2a: Virizion|Close Combat|p1a: Samurott\n|-damage|p1a: Samurott|0 fnt\n|-unboost|p2a: Virizion|def|1\n|-unboost|p2a: Virizion|spd|1\n|faint|p1a: Samurott\n|-damage|p2a: Virizion|91/100|[from] item: Life Orb\n|\n|upkeep\n|inactive|Time left: 300 sec this turn | 300 sec total | 5 sec grace\n|\n|t:|1783549755\n|switch|p1a: Copperajah|Copperajah, L86, F|350/350\n|turn|5\n|inactive|Time left: 300 sec this turn | 300 sec total\n|\n|t:|1783549756\n|-terastallize|p1a: Copperajah|Flying\n|move|p2a: Virizion|Close Combat|p1a: Copperajah\n|-resisted|p1a: Copperajah\n|-damage|p1a: Copperajah|180/350\n|-unboost|p2a: Virizion|def|1\n|-unboost|p2a: Virizion|spd|1\n|-damage|p2a: Virizion|81/100|[from] item: Life Orb\n|move|p1a: Copperajah|Heavy Slam|p2a: Virizion\n|-damage|p2a: Virizion|0 fnt\n|faint|p2a: Virizion\n|\n|upkeep\n|\n|t:|1783549757\n|switch|p2a: Inteleon|Inteleon, L81, M|100/100\n|turn|6\n|inactive|Time left: 300 sec this turn | 300 sec total\n|\n|t:|1783549758\n|switch|p1a: Palkia|Palkia, L75|259/259\n|-ability|p1a: Palkia|Pressure\n|move|p2a: Inteleon|Hydro Pump|p1a: Palkia\n|-resisted|p1a: Palkia\n|-damage|p1a: Palkia|216/259\n|\n|upkeep\n|turn|7\n|inactive|Time left: 300 sec this turn | 300 sec total\n|\n|t:|1783549759\n|move|p2a: Inteleon|Hydro Pump|p1a: Palkia\n|-resisted|p1a: Palkia\n|-damage|p1a: Palkia|174/259\n|move|p1a: Palkia|Spacial Rend|p2a: Inteleon\n|-damage|p2a: Inteleon|19/100\n|\n|upkeep\n|turn|8\n|inactive|Time left: 300 sec this turn | 300 sec total\n|\n|t:|1783549760\n|move|p2a: Inteleon|Hydro Pump|p1a: Palkia|[miss]\n|-miss|p2a: Inteleon|p1a: Palkia\n|move|p1a: Palkia|Spacial Rend|p2a: Inteleon\n|-damage|p2a: Inteleon|0 fnt\n|faint|p2a: Inteleon\n|\n|upkeep\n|\n|t:|1783549761\n|switch|p2a: Sneasler|Sneasler, L74, M|100/100\n|turn|9\n|inactive|Time left: 300 sec this turn | 300 sec total\n|\n|t:|1783549762\n|move|p2a: Sneasler|Swords Dance|p2a: Sneasler\n|-boost|p2a: Sneasler|atk|2\n|move|p1a: Palkia|Spacial Rend|p2a: Sneasler\n|-damage|p2a: Sneasler|23/100\n|\n|upkeep\n|turn|10\n|inactive|Time left: 300 sec this turn | 300 sec total\n|\n|t:|1783549763\n|move|p2a: Sneasler|Close Combat|p1a: Palkia\n|-damage|p1a: Palkia|0 fnt\n|-unboost|p2a: Sneasler|def|1\n|-unboost|p2a: Sneasler|spd|1\n|faint|p1a: Palkia\n|-enditem|p2a: Sneasler|White Herb\n|-clearnegativeboost|p2a: Sneasler|[silent]\n|\n|upkeep\n|inactive|Time left: 300 sec this turn | 300 sec total | 5 sec grace\n|\n|t:|1783549764\n|switch|p1a: Magearna|Magearna, L77|250/250\n|turn|11\n|inactive|Time left: 300 sec this turn | 300 sec total\n|\n|t:|1783549765\n|move|p2a: Sneasler|Close Combat|p1a: Magearna\n|-damage|p1a: Magearna|19/250\n|-unboost|p2a: Sneasler|def|1\n|-unboost|p2a: Sneasler|spd|1\n|move|p1a: Magearna|Tera Blast|p2a: Sneasler\n|-damage|p2a: Sneasler|0 fnt\n|faint|p2a: Sneasler\n|-ability|p1a: Magearna|Soul-Heart|boost\n|-boost|p1a: Magearna|spa|1\n|\n|upkeep\n|\n|t:|1783549766\n|switch|p2a: Gothitelle|Gothitelle, L90, F|100/100\n|turn|12\n|inactive|Time left: 300 sec this turn | 300 sec total\n|\n|t:|1783549767\n|move|p2a: Gothitelle|Calm Mind|p2a: Gothitelle\n|-boost|p2a: Gothitelle|spa|1\n|-boost|p2a: Gothitelle|spd|1\n|move|p1a: Magearna|Fleur Cannon|p2a: Gothitelle\n|-damage|p2a: Gothitelle|56/100\n|-unboost|p1a: Magearna|spa|2\n|\n|-heal|p2a: Gothitelle|63/100|[from] item: Leftovers\n|upkeep\n|turn|13\n|inactive|Time left: 300 sec this turn | 300 sec total\n|\n|t:|1783549768\n|move|p2a: Gothitelle|Calm Mind|p2a: Gothitelle\n|-boost|p2a: Gothitelle|spa|1\n|-boost|p2a: Gothitelle|spd|1\n|move|p1a: Magearna|Shift Gear|p1a: Magearna\n|-boost|p1a: Magearna|spe|2\n|-boost|p1a: Magearna|atk|1\n|\n|-heal|p2a: Gothitelle|69/100|[from] item: Leftovers\n|upkeep\n|turn|14\n|inactive|Time left: 300 sec this turn | 300 sec total\n|\n|t:|1783549769\n|move|p1a: Magearna|Iron Head|p2a: Gothitelle\n|-damage|p2a: Gothitelle|35/100\n|move|p2a: Gothitelle|Calm Mind|p2a: Gothitelle\n|-boost|p2a: Gothitelle|spa|1\n|-boost|p2a: Gothitelle|spd|1\n|\n|-heal|p2a: Gothitelle|41/100|[from] item: Leftovers\n|upkeep\n|turn|15\n|inactive|Time left: 300 sec this turn | 300 sec total\n|\n|t:|1783549770\n|-terastallize|p2a: Gothitelle|Electric\n|move|p1a: Magearna|Iron Head|p2a: Gothitelle\n|-resisted|p2a: Gothitelle\n|-damage|p2a: Gothitelle|23/100\n|move|p2a: Gothitelle|Calm Mind|p2a: Gothitelle\n|-boost|p2a: Gothitelle|spa|1\n|-boost|p2a: Gothitelle|spd|1\n|\n|-heal|p2a: Gothitelle|29/100|[from] item: Leftovers\n|upkeep\n|turn|16\n|inactive|Time left: 300 sec this turn | 300 sec total\n|\n|t:|1783549772\n|move|p1a: Magearna|Iron Head|p2a: Gothitelle\n|-resisted|p2a: Gothitelle\n|-damage|p2a: Gothitelle|12/100\n|move|p2a: Gothitelle|Thunderbolt|p1a: Magearna\n|-damage|p1a: Magearna|0 fnt\n|faint|p1a: Magearna\n|\n|-heal|p2a: Gothitelle|18/100|[from] item: Leftovers\n|upkeep\n|inactive|Time left: 300 sec this turn | 300 sec total | 5 sec grace\n|\n|t:|1783549773\n|switch|p1a: Flygon|Flygon, L82, F|265/265\n|turn|17\n|inactive|Time left: 300 sec this turn | 300 sec total\n|\n|t:|1783549774\n|move|p1a: Flygon|Earthquake|p2a: Gothitelle\n|-supereffective|p2a: Gothitelle\n|-damage|p2a: Gothitelle|0 fnt\n|faint|p2a: Gothitelle\n|\n|upkeep\n|\n|t:|1783549775\n|switch|p2a: Wyrdeer|Wyrdeer, L87, M|100/100\n|-ability|p2a: Wyrdeer|Intimidate|boost\n|-unboost|p1a: Flygon|atk|1\n|turn|18\n|inactive|Time left: 300 sec this turn | 300 sec total\n|\n|t:|1783549776\n|switch|p1a: Ursaluna|Ursaluna, L79, M|335/335 brn\n|move|p2a: Wyrdeer|Psychic Noise|p1a: Ursaluna\n|-damage|p1a: Ursaluna|233/335 brn\n|-start|p1a: Ursaluna|move: Heal Block\n|\n|-damage|p1a: Ursaluna|213/335 brn|[from] brn\n|upkeep\n|turn|19\n|inactive|Time left: 300 sec this turn | 300 sec total\n|\n|t:|1783549777\n|move|p2a: Wyrdeer|Psychic Noise|p1a: Ursaluna\n|-damage|p1a: Ursaluna|117/335 brn\n|move|p1a: Ursaluna|Facade|p2a: Wyrdeer\n|-damage|p2a: Wyrdeer|13/100\n|\n|-heal|p2a: Wyrdeer|20/100|[from] item: Leftovers\n|-damage|p1a: Ursaluna|97/335 brn|[from] brn\n|-end|p1a: Ursaluna|move: Heal Block\n|upkeep\n|turn|20\n|inactive|Time left: 300 sec this turn | 300 sec total\n|\n|t:|1783549778\n|move|p2a: Wyrdeer|Body Slam|p1a: Ursaluna\n|-damage|p1a: Ursaluna|0 fnt\n|faint|p1a: Ursaluna\n|\n|-heal|p2a: Wyrdeer|26/100|[from] item: Leftovers\n|upkeep\n|inactive|Time left: 300 sec this turn | 300 sec total | 5 sec grace\n|\n|t:|1783549779\n|switch|p1a: Flygon|Flygon, L82, F|265/265\n|turn|21\n|inactive|Time left: 300 sec this turn | 300 sec total\n|\n|t:|1783549779\n|move|p1a: Flygon|Outrage|p2a: Wyrdeer\n|-damage|p2a: Wyrdeer|0 fnt\n|faint|p2a: Wyrdeer\n|\n|win|p0x9148807", "uploadtime": 1783549779, "views": 0, "rating": 0, "private": 0, "password": null, "_winner": "p0x9148807", "_our_name": "p0x9148807"}