{"id": "battle-gen9randombattle-2330", "formatid": "gen9randombattle", "format": "[Gen 9] Random Battle", "players": ["p0x233053f4", "p0y2330d5e9"], "log": "|init|battle\n|title|p0x233053f4 vs. p0y2330d5e9\n|j|\u2606p0x233053f4\n|j|\u2606p0y2330d5e9\n|t:|1783567032\n|gametype|singles\n|player|p1|p0x233053f4|1|\n|player|p2|p0y2330d5e9|265|\n|gen|9\n|tier|[Gen 9] Random Battle\n|rule|Species Clause: Limit one of each Pok\u00e9mon\n|rule|HP Percentage Mod: HP is shown in percentages\n|rule|Sleep Clause Mod: Limit one foe put to sleep\n|rule|Illusion Level Mod: Illusion disguises the Pok\u00e9mon's true level\n|\n|t:|1783567032\n|teamsize|p1|6\n|teamsize|p2|6\n|start\n|switch|p1a: Abomasnow|Abomasnow, L84, M|287/287\n|switch|p2a: Moltres|Moltres-Galar, L79|100/100\n|-weather|Snowscape|[from] ability: Snow Warning|[of] p1a: Abomasnow\n|turn|1\n|inactive|Battle timer is ON: inactive players will automatically lose when time's up. (requested by p0x233053f4)\n|inactive|p0y2330d5e9 also wants the timer to be on.\n|\n|t:|1783567034\n|move|p2a: Moltres|Hurricane|p1a: Abomasnow\n|-supereffective|p1a: Abomasnow\n|-damage|p1a: Abomasnow|75/287\n|move|p1a: Abomasnow|Aurora Veil|p1a: Abomasnow\n|-sidestart|p1: p0x233053f4|move: Aurora Veil\n|\n|-weather|Snowscape|[upkeep]\n|upkeep\n|turn|2\n|inactive|Time left: 300 sec this turn | 300 sec total\n|\n|t:|1783567035\n|switch|p1a: Kyogre|Kyogre, L71|259/259\n|-weather|RainDance|[from] ability: Drizzle|[of] p1a: Kyogre\n|move|p2a: Moltres|Hurricane|p1a: Kyogre\n|-damage|p1a: Kyogre|214/259\n|\n|-weather|RainDance|[upkeep]\n|-heal|p1a: Kyogre|230/259|[from] item: Leftovers\n|upkeep\n|turn|3\n|inactive|Time left: 300 sec this turn | 300 sec total\n|\n|t:|1783567036\n|move|p2a: Moltres|Nasty Plot|p2a: Moltres\n|-boost|p2a: Moltres|spa|2\n|move|p1a: Kyogre|Calm Mind|p1a: Kyogre\n|-boost|p1a: Kyogre|spa|1\n|-boost|p1a: Kyogre|spd|1\n|\n|-weather|RainDance|[upkeep]\n|-heal|p1a: Kyogre|246/259|[from] item: Leftovers\n|upkeep\n|turn|4\n|inactive|Time left: 300 sec this turn | 300 sec total\n|\n|t:|1783567037\n|move|p2a: Moltres|Fiery Wrath|p1a: Kyogre\n|-damage|p1a: Kyogre|201/259\n|cant|p1a: Kyogre|flinch\n|\n|-weather|RainDance|[upkeep]\n|-heal|p1a: Kyogre|217/259|[from] item: Leftovers\n|upkeep\n|turn|5\n|inactive|Time left: 300 sec this turn | 300 sec total\n|\n|t:|1783567038\n|move|p2a: Moltres|Hurricane|p1a: Kyogre\n|-damage|p1a: Kyogre|158/259\n|-start|p1a: Kyogre|confusion\n|-activate|p1a: Kyogre|confusion\n|-damage|p1a: Kyogre|138/259|[from] confusion\n|\n|-weather|RainDance|[upkeep]\n|-heal|p1a: Kyogre|154/259|[from] item: Leftovers\n|upkeep\n|turn|6\n|inactive|Time left: 300 sec this turn | 300 sec total\n|\n|t:|1783567039\n|move|p2a: Moltres|Fiery Wrath|p1a: Kyogre\n|-damage|p1a: Kyogre|109/259\n|-activate|p1a: Kyogre|confusion\n|-damage|p1a: Kyogre|91/259|[from] confusion\n|\n|-weather|none\n|-heal|p1a: Kyogre|107/259|[from] item: Leftovers\n|upkeep\n|turn|7\n|inactive|Time left: 300 sec this turn | 300 sec total\n|\n|t:|1783567040\n|move|p2a: Moltres|Fiery Wrath|p1a: Kyogre\n|-damage|p1a: Kyogre|57/259\n|-activate|p1a: Kyogre|confusion\n|-damage|p1a: Kyogre|37/259|[from] confusion\n|\n|-heal|p1a: Kyogre|53/259|[from] item: Leftovers\n|upkeep\n|turn|8\n|inactive|Time left: 300 sec this turn | 300 sec total\n|\n|t:|1783567042\n|move|p2a: Moltres|Fiery Wrath|p1a: Kyogre\n|-damage|p1a: Kyogre|7/259\n|-end|p1a: Kyogre|confusion\n|move|p1a: Kyogre|Origin Pulse|p2a: Moltres\n|-damage|p2a: Moltres|46/100\n|-ability|p2a: Moltres|Berserk|boost\n|-boost|p2a: Moltres|spa|1\n|\n|-heal|p1a: Kyogre|23/259|[from] item: Leftovers\n|-sideend|p1: p0x233053f4|move: Aurora Veil\n|upkeep\n|turn|9\n|inactive|Time left: 300 sec this turn | 300 sec total\n|\n|t:|1783567043\n|move|p2a: Moltres|Fiery Wrath|p1a: Kyogre\n|-damage|p1a: Kyogre|0 fnt\n|faint|p1a: Kyogre\n|\n|upkeep\n|inactive|Time left: 300 sec this turn | 300 sec total | 5 sec grace\n|\n|t:|1783567044\n|switch|p1a: Abomasnow|Abomasnow, L84, M|75/287\n|-weather|Snowscape|[from] ability: Snow Warning|[of] p1a: Abomasnow\n|turn|10\n|inactive|Time left: 300 sec this turn | 300 sec total\n|\n|t:|1783567045\n|move|p1a: Abomasnow|Ice Shard|p2a: Moltres\n|-supereffective|p2a: Moltres\n|-damage|p2a: Moltres|14/100\n|move|p2a: Moltres|Fiery Wrath|p1a: Abomasnow\n|-damage|p1a: Abomasnow|0 fnt\n|faint|p1a: Abomasnow\n|\n|-weather|Snowscape|[upkeep]\n|upkeep\n|inactive|Time left: 300 sec this turn | 300 sec total | 5 sec grace\n|\n|t:|1783567046\n|switch|p1a: Eternatus|Eternatus, L69|308/308\n|-ability|p1a: Eternatus|Pressure\n|turn|11\n|inactive|Time left: 300 sec this turn | 300 sec total\n|\n|t:|1783567047\n|move|p1a: Eternatus|Flamethrower|p2a: Moltres\n|-damage|p2a: Moltres|0 fnt\n|faint|p2a: Moltres\n|\n|-weather|Snowscape|[upkeep]\n|upkeep\n|\n|t:|1783567048\n|switch|p2a: Donphan|Donphan, L84, F|100/100\n|turn|12\n|inactive|Time left: 300 sec this turn | 300 sec total\n|\n|t:|1783567050\n|move|p1a: Eternatus|Toxic|p2a: Donphan\n|-status|p2a: Donphan|tox\n|move|p2a: Donphan|Earthquake|p1a: Eternatus\n|-supereffective|p1a: Eternatus\n|-damage|p1a: Eternatus|44/308\n|\n|-weather|Snowscape|[upkeep]\n|-heal|p1a: Eternatus|63/308|[from] item: Leftovers\n|-damage|p2a: Donphan|94/100 tox|[from] psn\n|upkeep\n|turn|13\n|inactive|Time left: 300 sec this turn | 300 sec total\n|\n|t:|1783567051\n|move|p1a: Eternatus|Recover|p1a: Eternatus\n|-heal|p1a: Eternatus|217/308\n|move|p2a: Donphan|Earthquake|p1a: Eternatus\n|-supereffective|p1a: Eternatus\n|-damage|p1a: Eternatus|0 fnt\n|faint|p1a: Eternatus\n|\n|-weather|Snowscape|[upkeep]\n|-heal|p2a: Donphan|100/100 tox|[from] item: Leftovers\n|-damage|p2a: Donphan|88/100 tox|[from] psn\n|upkeep\n|inactive|Time left: 300 sec this turn | 300 sec total | 5 sec grace\n|\n|t:|1783567052\n|switch|p1a: Mew|Mew, L82|298/298\n|turn|14\n|inactive|Time left: 300 sec this turn | 300 sec total\n|\n|t:|1783567053\n|move|p1a: Mew|Nasty Plot|p1a: Mew\n|-boost|p1a: Mew|spa|2\n|move|p2a: Donphan|Knock Off|p1a: Mew\n|-supereffective|p1a: Mew\n|-damage|p1a: Mew|142/298\n|-enditem|p1a: Mew|Life Orb|[from] move: Knock Off|[of] p2a: Donphan\n|\n|-weather|none\n|-heal|p2a: Donphan|94/100 tox|[from] item: Leftovers\n|-damage|p2a: Donphan|75/100 tox|[from] psn\n|upkeep\n|turn|15\n|inactive|Time left: 300 sec this turn | 300 sec total\n|\n|t:|1783567054\n|switch|p2a: Scream Tail|Scream Tail, L84|100/100\n|move|p1a: Mew|Dark Pulse|p2a: Scream Tail\n|-damage|p2a: Scream Tail|74/100\n|\n|-heal|p2a: Scream Tail|80/100|[from] item: Leftovers\n|upkeep\n|turn|16\n|inactive|Time left: 300 sec this turn | 300 sec total\n|\n|t:|1783567056\n|move|p2a: Scream Tail|Play Rough|p1a: Mew|[miss]\n|-miss|p2a: Scream Tail|p1a: Mew\n|move|p1a: Mew|Nasty Plot|p1a: Mew\n|-boost|p1a: Mew|spa|2\n|\n|-heal|p2a: Scream Tail|87/100|[from] item: Leftovers\n|upkeep\n|turn|17\n|inactive|Time left: 300 sec this turn | 300 sec total\n|\n|t:|1783567057\n|move|p2a: Scream Tail|Encore|p1a: Mew\n|-start|p1a: Mew|Encore\n|move|p1a: Mew|Nasty Plot|p1a: Mew\n|-boost|p1a: Mew|spa|2\n|\n|-heal|p2a: Scream Tail|93/100|[from] item: Leftovers\n|upkeep\n|turn|18\n|inactive|Time left: 300 sec this turn | 300 sec total\n|\n|t:|1783567058\n|move|p2a: Scream Tail|Play Rough|p1a: Mew\n|-damage|p1a: Mew|75/298\n|move|p1a: Mew|Nasty Plot|p1a: Mew\n|-boost|p1a: Mew|spa|0\n|\n|-heal|p2a: Scream Tail|99/100|[from] item: Leftovers\n|upkeep\n|turn|19\n|inactive|Time left: 300 sec this turn | 300 sec total\n|\n|t:|1783567059\n|-end|p2a: Scream Tail|Protosynthesis|[silent]\n|switch|p2a: Electrode|Electrode, L92|100/100\n|move|p1a: Mew|Nasty Plot|p1a: Mew\n|-boost|p1a: Mew|spa|0\n|\n|-end|p1a: Mew|Encore\n|upkeep\n|turn|20\n|inactive|Time left: 300 sec this turn | 300 sec total\n|\n|t:|1783567060\n|switch|p1a: Dusknoir|Dusknoir, L89, M|225/225\n|-item|p2a: Electrode|Life Orb|[from] ability: Frisk|[of] p1a: Dusknoir\n|move|p2a: Electrode|Thunderbolt|p1a: Dusknoir\n|-damage|p1a: Dusknoir|131/225\n|-damage|p2a: Electrode|90/100|[from] item: Life Orb\n|\n|-heal|p1a: Dusknoir|145/225|[from] item: Leftovers\n|upkeep\n|turn|21\n|inactive|Time left: 300 sec this turn | 300 sec total\n|\n|t:|1783567061\n|move|p2a: Electrode|Thunderbolt|p1a: Dusknoir\n|-damage|p1a: Dusknoir|55/225\n|-damage|p2a: Electrode|80/100|[from] item: Life Orb\n|move|p1a: Dusknoir|Poltergeist|p2a: Electrode\n|-activate|p2a: Electrode|move: Poltergeist|Life Orb\n|-damage|p2a: Electrode|24/100\n|\n|-heal|p1a: Dusknoir|69/225|[from] item: Leftovers\n|upkeep\n|turn|22\n|inactive|Time left: 300 sec this turn | 300 sec total\n|\n|t:|1783567062\n|move|p1a: Dusknoir|Shadow Sneak|p2a: Electrode\n|-damage|p2a: Electrode|5/100\n|move|p2a: Electrode|Thunderbolt|p1a: Dusknoir\n|-damage|p1a: Dusknoir|0 fnt\n|faint|p1a: Dusknoir\n|-damage|p2a: Electrode|0 fnt|[from] item: Life Orb\n|faint|p2a: Electrode\n|\n|upkeep\n|inactive|Time left: 300 sec this turn | 300 sec total | 5 sec grace\n|\n|t:|1783567064\n|switch|p2a: Regice|Regice, L88|100/100\n|switch|p1a: Weezing|Weezing, L88, F|258/258\n|turn|23\n|inactive|Time left: 300 sec this turn | 300 sec total\n|\n|t:|1783567065\n|move|p1a: Weezing|Toxic Spikes|p2a: Regice\n|-sidestart|p2: p0y2330d5e9|move: Toxic Spikes\n|move|p2a: Regice|Ice Beam|p1a: Weezing\n|-damage|p1a: Weezing|146/258\n|\n|-heal|p1a: Weezing|162/258|[from] item: Leftovers\n|upkeep\n|turn|24\n|inactive|Time left: 300 sec this turn | 300 sec total\n|\n|t:|1783567066\n|move|p1a: Weezing|Pain Split|p2a: Regice\n|-sethp|p2a: Regice|79/100|[from] move: Pain Split|[silent]\n|-sethp|p1a: Weezing|223/258|[from] move: Pain Split\n|move|p2a: Regice|Ice Beam|p1a: Weezing\n|-damage|p1a: Weezing|103/258\n|\n|-heal|p1a: Weezing|119/258|[from] item: Leftovers\n|upkeep\n|turn|25\n|inactive|Time left: 300 sec this turn | 300 sec total\n|\n|t:|1783567067\n|move|p1a: Weezing|Pain Split|p2a: Regice\n|-sethp|p2a: Regice|61/100|[from] move: Pain Split|[silent]\n|-sethp|p1a: Weezing|171/258|[from] move: Pain Split\n|move|p2a: Regice|Ice Beam|p1a: Weezing\n|-damage|p1a: Weezing|39/258\n|\n|-heal|p1a: Weezing|55/258|[from] item: Leftovers\n|upkeep\n|turn|26\n|inactive|Time left: 300 sec this turn | 300 sec total\n|\n|t:|1783567068\n|-terastallize|p2a: Regice|Electric\n|move|p1a: Weezing|Pain Split|p2a: Regice\n|-sethp|p2a: Regice|40/100|[from] move: Pain Split|[silent]\n|-sethp|p1a: Weezing|113/258|[from] move: Pain Split\n|move|p2a: Regice|Thunderbolt|p1a: Weezing\n|-damage|p1a: Weezing|0 fnt\n|faint|p1a: Weezing\n|\n|upkeep\n|inactive|Time left: 300 sec this turn | 300 sec total | 5 sec grace\n|\n|t:|1783567069\n|switch|p1a: Mew|Mew, L82|75/298\n|turn|27\n|inactive|Time left: 300 sec this turn | 300 sec total\n|\n|t:|1783567070\n|move|p1a: Mew|Dark Pulse|p2a: Regice\n|-damage|p2a: Regice|30/100\n|cant|p2a: Regice|flinch\n|\n|upkeep\n|turn|28\n|inactive|Time left: 300 sec this turn | 300 sec total\n|\n|t:|1783567072\n|move|p1a: Mew|Dark Pulse|p2a: Regice\n|-damage|p2a: Regice|20/100\n|move|p2a: Regice|Ice Beam|p1a: Mew\n|-damage|p1a: Mew|0 fnt\n|faint|p1a: Mew\n|\n|win|p0y2330d5e9", "uploadtime": 1783567072, "views": 0, "rating": 0, "private": 0, "password": null, "_winner": "p0y2330d5e9", "_our_name": "p0x233053f4"}