{"id": "battle-gen9randombattle-1755", "formatid": "gen9randombattle", "format": "[Gen 9] Random Battle", "players": ["p0x17550b31", "p0y1755171a"], "log": "|init|battle\n|title|p0x17550b31 vs. p0y1755171a\n|j|\u2606p0x17550b31\n|j|\u2606p0y1755171a\n|t:|1783559582\n|gametype|singles\n|player|p1|p0x17550b31|102|\n|player|p2|p0y1755171a|265|\n|gen|9\n|tier|[Gen 9] Random Battle\n|rule|Species Clause: Limit one of each Pok\u00e9mon\n|rule|HP Percentage Mod: HP is shown in percentages\n|rule|Sleep Clause Mod: Limit one foe put to sleep\n|rule|Illusion Level Mod: Illusion disguises the Pok\u00e9mon's true level\n|\n|t:|1783559582\n|teamsize|p1|6\n|teamsize|p2|6\n|start\n|switch|p1a: Luxray|Luxray, L88, M|100/100\n|switch|p2a: Gliscor|Gliscor, L76, F|239/239\n|-ability|p1a: Luxray|Intimidate|boost\n|-unboost|p2a: Gliscor|atk|1\n|turn|1\n|inactive|Battle timer is ON: inactive players will automatically lose when time's up. (requested by p0y1755171a)\n|inactive|p0x17550b31 also wants the timer to be on.\n|\n|t:|1783559584\n|move|p2a: Gliscor|Toxic Spikes|p1a: Luxray\n|-sidestart|p1: p0x17550b31|move: Toxic Spikes\n|move|p1a: Luxray|Ice Fang|p2a: Gliscor\n|-supereffective|p2a: Gliscor\n|-damage|p2a: Gliscor|27/239\n|\n|-status|p2a: Gliscor|tox|[from] item: Toxic Orb\n|upkeep\n|turn|2\n|inactive|Time left: 300 sec this turn | 300 sec total\n|\n|t:|1783559585\n|switch|p2a: Archaludon|Archaludon, L78, F|268/268\n|move|p1a: Luxray|Play Rough|p2a: Archaludon\n|-damage|p2a: Archaludon|196/268\n|-ability|p2a: Archaludon|Stamina|boost\n|-boost|p2a: Archaludon|def|1\n|\n|-heal|p2a: Archaludon|212/268|[from] item: Leftovers\n|upkeep\n|turn|3\n|inactive|Time left: 300 sec this turn | 300 sec total\n|\n|t:|1783559586\n|move|p2a: Archaludon|Stealth Rock|p1a: Luxray\n|-sidestart|p1: p0x17550b31|move: Stealth Rock\n|move|p1a: Luxray|Wild Charge|p2a: Archaludon\n|-resisted|p2a: Archaludon\n|-damage|p2a: Archaludon|180/268\n|-ability|p2a: Archaludon|Stamina|boost\n|-boost|p2a: Archaludon|def|1\n|-damage|p1a: Luxray|98/100|[from] Recoil\n|\n|-heal|p2a: Archaludon|196/268|[from] item: Leftovers\n|upkeep\n|turn|4\n|inactive|Time left: 300 sec this turn | 300 sec total\n|\n|t:|1783559587\n|move|p2a: Archaludon|Body Press|p1a: Luxray\n|-damage|p1a: Luxray|53/100\n|move|p1a: Luxray|Volt Switch|p2a: Archaludon\n|-resisted|p2a: Archaludon\n|-damage|p2a: Archaludon|141/268\n|-ability|p2a: Archaludon|Stamina|boost\n|-boost|p2a: Archaludon|def|1\n|\n|t:|1783559588\n|switch|p1a: Giratina|Giratina, L75|100/100|[from] Volt Switch\n|-status|p1a: Giratina|psn\n|-damage|p1a: Giratina|88/100 psn|[from] Stealth Rock\n|-ability|p1a: Giratina|Pressure\n|\n|-heal|p1a: Giratina|94/100 psn|[from] item: Leftovers\n|-heal|p2a: Archaludon|157/268|[from] item: Leftovers\n|-damage|p1a: Giratina|82/100 psn|[from] psn\n|upkeep\n|turn|5\n|inactive|Time left: 300 sec this turn | 300 sec total\n|\n|t:|1783559589\n|move|p1a: Giratina|Defog|p2a: Archaludon\n|-unboost|p2a: Archaludon|evasion|1\n|-sideend|p1: p0x17550b31|Toxic Spikes|[from] move: Defog|[of] p1a: Giratina\n|-sideend|p1: p0x17550b31|Stealth Rock|[from] move: Defog|[of] p1a: Giratina\n|move|p2a: Archaludon|Flash Cannon|p1a: Giratina\n|-damage|p1a: Giratina|59/100 psn\n|\n|-heal|p1a: Giratina|65/100 psn|[from] item: Leftovers\n|-heal|p2a: Archaludon|173/268|[from] item: Leftovers\n|-damage|p1a: Giratina|52/100 psn|[from] psn\n|upkeep\n|turn|6\n|inactive|Time left: 300 sec this turn | 300 sec total\n|\n|t:|1783559590\n|move|p1a: Giratina|Shadow Ball|p2a: Archaludon\n|-damage|p2a: Archaludon|73/268\n|-ability|p2a: Archaludon|Stamina|boost\n|-boost|p2a: Archaludon|def|1\n|move|p2a: Archaludon|Stealth Rock|p1a: Giratina\n|-sidestart|p1: p0x17550b31|move: Stealth Rock\n|\n|-heal|p1a: Giratina|58/100 psn|[from] item: Leftovers\n|-heal|p2a: Archaludon|89/268|[from] item: Leftovers\n|-damage|p1a: Giratina|46/100 psn|[from] psn\n|upkeep\n|turn|7\n|inactive|Time left: 300 sec this turn | 300 sec total\n|\n|t:|1783559591\n|move|p1a: Giratina|Shadow Ball|p2a: Archaludon\n|-damage|p2a: Archaludon|0 fnt\n|faint|p2a: Archaludon\n|\n|-heal|p1a: Giratina|52/100 psn|[from] item: Leftovers\n|-damage|p1a: Giratina|40/100 psn|[from] psn\n|upkeep\n|inactive|Time left: 300 sec this turn | 300 sec total | 5 sec grace\n|\n|t:|1783559592\n|switch|p2a: Skuntank|Skuntank, L84, F|310/310\n|turn|8\n|inactive|Time left: 300 sec this turn | 300 sec total\n|\n|t:|1783559593\n|switch|p1a: Lucario|Lucario, L84, F|100/100\n|-damage|p1a: Lucario|98/100|[from] Stealth Rock\n|move|p2a: Skuntank|Knock Off|p1a: Lucario\n|-resisted|p1a: Lucario\n|-damage|p1a: Lucario|67/100\n|-ability|p1a: Lucario|Justified|boost\n|-boost|p1a: Lucario|atk|1\n|-enditem|p1a: Lucario|Life Orb|[from] move: Knock Off|[of] p2a: Skuntank\n|-damage|p2a: Skuntank|279/310|[from] item: Life Orb\n|\n|upkeep\n|turn|9\n|inactive|Time left: 300 sec this turn | 300 sec total\n|\n|t:|1783559594\n|switch|p2a: Cramorant|Cramorant, L86, F|261/261\n|move|p1a: Lucario|Close Combat|p2a: Cramorant\n|-resisted|p2a: Cramorant\n|-damage|p2a: Cramorant|131/261\n|-unboost|p1a: Lucario|def|1\n|-unboost|p1a: Lucario|spd|1\n|\n|upkeep\n|turn|10\n|inactive|Time left: 300 sec this turn | 300 sec total\n|\n|t:|1783559595\n|move|p1a: Lucario|Close Combat|p2a: Cramorant\n|-resisted|p2a: Cramorant\n|-damage|p2a: Cramorant|0 fnt\n|-unboost|p1a: Lucario|def|1\n|-unboost|p1a: Lucario|spd|1\n|faint|p2a: Cramorant\n|\n|upkeep\n|inactive|Time left: 300 sec this turn | 300 sec total | 5 sec grace\n|\n|t:|1783559595\n|switch|p2a: Sceptile|Sceptile, L87, M|264/264\n|turn|11\n|inactive|Time left: 300 sec this turn | 300 sec total\n|\n|t:|1783559596\n|move|p2a: Sceptile|Focus Blast|p1a: Lucario\n|-supereffective|p1a: Lucario\n|-damage|p1a: Lucario|0 fnt\n|faint|p1a: Lucario\n|-damage|p2a: Sceptile|238/264|[from] item: Life Orb\n|\n|upkeep\n|\n|t:|1783559597\n|switch|p1a: Dusknoir|Dusknoir, L89, M|100/100\n|-damage|p1a: Dusknoir|88/100|[from] Stealth Rock\n|-item|p2a: Sceptile|Life Orb|[from] ability: Frisk|[of] p1a: Dusknoir\n|turn|12\n|inactive|Time left: 300 sec this turn | 300 sec total\n|\n|t:|1783559598\n|switch|p2a: Gliscor|Gliscor, L76, F|27/239 tox\n|move|p1a: Dusknoir|Poltergeist|p2a: Gliscor\n|-activate|p2a: Gliscor|move: Poltergeist|Toxic Orb\n|-damage|p2a: Gliscor|0 fnt\n|faint|p2a: Gliscor\n|\n|-heal|p1a: Dusknoir|94/100|[from] item: Leftovers\n|upkeep\n|inactive|Time left: 300 sec this turn | 300 sec total | 5 sec grace\n|\n|t:|1783559599\n|switch|p2a: Skuntank|Skuntank, L84, F|279/310\n|turn|13\n|inactive|Time left: 300 sec this turn | 300 sec total\n|\n|t:|1783559600\n|move|p2a: Skuntank|Knock Off|p1a: Dusknoir\n|-supereffective|p1a: Dusknoir\n|-damage|p1a: Dusknoir|13/100\n|-enditem|p1a: Dusknoir|Leftovers|[from] move: Knock Off|[of] p2a: Skuntank\n|-damage|p2a: Skuntank|248/310|[from] item: Life Orb\n|move|p1a: Dusknoir|Earthquake|p2a: Skuntank\n|-supereffective|p2a: Skuntank\n|-damage|p2a: Skuntank|64/310\n|\n|upkeep\n|turn|14\n|inactive|Time left: 300 sec this turn | 300 sec total\n|\n|t:|1783559601\n|move|p1a: Dusknoir|Shadow Sneak|p2a: Skuntank\n|-resisted|p2a: Skuntank\n|-damage|p2a: Skuntank|34/310\n|move|p2a: Skuntank|Knock Off|p1a: Dusknoir\n|-supereffective|p1a: Dusknoir\n|-damage|p1a: Dusknoir|0 fnt\n|faint|p1a: Dusknoir\n|-damage|p2a: Skuntank|3/310|[from] item: Life Orb\n|\n|upkeep\n|\n|t:|1783559602\n|switch|p1a: Giratina|Giratina, L75|40/100 psn\n|-damage|p1a: Giratina|27/100 psn|[from] Stealth Rock\n|-ability|p1a: Giratina|Pressure\n|turn|15\n|inactive|Time left: 300 sec this turn | 300 sec total\n|\n|t:|1783559603\n|move|p2a: Skuntank|Knock Off|p1a: Giratina\n|-supereffective|p1a: Giratina\n|-damage|p1a: Giratina|0 fnt\n|-enditem|p1a: Giratina|Leftovers|[from] move: Knock Off|[of] p2a: Skuntank\n|faint|p1a: Giratina\n|-damage|p2a: Skuntank|0 fnt|[from] item: Life Orb\n|faint|p2a: Skuntank\n|\n|upkeep\n|inactive|Time left: 300 sec this turn | 300 sec total | 5 sec grace\n|\n|t:|1783559604\n|switch|p2a: Tatsugiri|Tatsugiri, L87, F|260/260\n|switch|p1a: Wyrdeer|Wyrdeer, L87, F|100/100\n|-damage|p1a: Wyrdeer|88/100|[from] Stealth Rock\n|-ability|p1a: Wyrdeer|Intimidate|boost\n|-unboost|p2a: Tatsugiri|atk|1\n|turn|16\n|inactive|Time left: 300 sec this turn | 300 sec total\n|\n|t:|1783559604\n|move|p2a: Tatsugiri|Nasty Plot|p2a: Tatsugiri\n|-boost|p2a: Tatsugiri|spa|2\n|move|p1a: Wyrdeer|Megahorn|p2a: Tatsugiri\n|-damage|p2a: Tatsugiri|147/260\n|\n|-heal|p1a: Wyrdeer|94/100|[from] item: Leftovers\n|upkeep\n|turn|17\n|inactive|Time left: 300 sec this turn | 300 sec total\n|\n|t:|1783559605\n|switch|p1a: Luxray|Luxray, L88, M|53/100\n|-damage|p1a: Luxray|41/100|[from] Stealth Rock\n|-ability|p1a: Luxray|Intimidate|boost\n|-unboost|p2a: Tatsugiri|atk|1\n|move|p2a: Tatsugiri|Hydro Pump|p1a: Luxray|[miss]\n|-miss|p2a: Tatsugiri|p1a: Luxray\n|\n|upkeep\n|turn|18\n|inactive|Time left: 300 sec this turn | 300 sec total\n|\n|t:|1783559606\n|move|p2a: Tatsugiri|Hydro Pump|p1a: Luxray\n|-damage|p1a: Luxray|0 fnt\n|faint|p1a: Luxray\n|\n|upkeep\n|\n|t:|1783559608\n|switch|p1a: Raichu|Raichu, L88, F|100/100\n|-damage|p1a: Raichu|88/100|[from] Stealth Rock\n|turn|19\n|inactive|Time left: 300 sec this turn | 300 sec total\n|\n|t:|1783559609\n|-terastallize|p1a: Raichu|Grass\n|move|p1a: Raichu|Thunderbolt|p2a: Tatsugiri\n|-damage|p2a: Tatsugiri|33/260\n|-damage|p1a: Raichu|78/100|[from] item: Life Orb\n|move|p2a: Tatsugiri|Hydro Pump|p1a: Raichu\n|-resisted|p1a: Raichu\n|-damage|p1a: Raichu|17/100\n|\n|upkeep\n|turn|20\n|inactive|Time left: 300 sec this turn | 300 sec total\n|\n|t:|1783559611\n|move|p1a: Raichu|Thunderbolt|p2a: Tatsugiri\n|-damage|p2a: Tatsugiri|0 fnt\n|faint|p2a: Tatsugiri\n|-damage|p1a: Raichu|7/100|[from] item: Life Orb\n|\n|upkeep\n|inactive|Time left: 300 sec this turn | 300 sec total | 5 sec grace\n|\n|t:|1783559612\n|switch|p2a: Sceptile|Sceptile, L87, M|238/264\n|turn|21\n|inactive|Time left: 300 sec this turn | 300 sec total\n|\n|t:|1783559613\n|-terastallize|p2a: Sceptile|Grass\n|move|p2a: Sceptile|Rock Slide|p1a: Raichu\n|-damage|p1a: Raichu|0 fnt\n|faint|p1a: Raichu\n|-damage|p2a: Sceptile|212/264|[from] item: Life Orb\n|\n|upkeep\n|\n|t:|1783559614\n|switch|p1a: Wyrdeer|Wyrdeer, L87, F|94/100\n|-damage|p1a: Wyrdeer|82/100|[from] Stealth Rock\n|-ability|p1a: Wyrdeer|Intimidate|boost\n|-unboost|p2a: Sceptile|atk|1\n|turn|22\n|inactive|Time left: 300 sec this turn | 300 sec total\n|\n|t:|1783559615\n|move|p2a: Sceptile|Leaf Storm|p1a: Wyrdeer\n|-damage|p1a: Wyrdeer|0 fnt\n|-unboost|p2a: Sceptile|spa|2\n|faint|p1a: Wyrdeer\n|-damage|p2a: Sceptile|186/264|[from] item: Life Orb\n|\n|win|p0y1755171a", "uploadtime": 1783559615, "views": 0, "rating": 0, "private": 0, "password": null, "_winner": "p0y1755171a", "_our_name": "p0y1755171a"}