{"id": "battle-gen9randombattle-2422", "formatid": "gen9randombattle", "format": "[Gen 9] Random Battle", "players": ["p0x2422e75e", "p0y2422b5b1"], "log": "|init|battle\n|title|p0x2422e75e vs. p0y2422b5b1\n|j|\u2606p0x2422e75e\n|j|\u2606p0y2422b5b1\n|t:|1783568103\n|gametype|singles\n|player|p1|p0x2422e75e|2|\n|player|p2|p0y2422b5b1|1|\n|gen|9\n|tier|[Gen 9] Random Battle\n|rule|Species Clause: Limit one of each Pok\u00e9mon\n|rule|HP Percentage Mod: HP is shown in percentages\n|rule|Sleep Clause Mod: Limit one foe put to sleep\n|rule|Illusion Level Mod: Illusion disguises the Pok\u00e9mon's true level\n|\n|t:|1783568103\n|teamsize|p1|6\n|teamsize|p2|6\n|start\n|switch|p1a: Piloswine|Piloswine, L85, M|309/309\n|switch|p2a: Rayquaza|Rayquaza, L72|100/100\n|-ability|p2a: Rayquaza|Air Lock\n|turn|1\n|inactive|Battle timer is ON: inactive players will automatically lose when time's up. (requested by p0y2422b5b1)\n|inactive|Time left: 300 sec this turn | 300 sec total | 60 sec grace\n|inactive|p0x2422e75e also wants the timer to be on.\n|\n|t:|1783568104\n|move|p2a: Rayquaza|Dragon Ascent|p1a: Piloswine\n|-damage|p1a: Piloswine|168/309\n|-unboost|p2a: Rayquaza|def|1\n|-unboost|p2a: Rayquaza|spd|1\n|move|p1a: Piloswine|Icicle Crash|p2a: Rayquaza\n|-supereffective|p2a: Rayquaza\n|-damage|p2a: Rayquaza|0 fnt\n|faint|p2a: Rayquaza\n|\n|upkeep\n|\n|t:|1783568105\n|switch|p2a: Manaphy|Manaphy, L78|100/100\n|turn|2\n|inactive|Time left: 300 sec this turn | 300 sec total\n|\n|t:|1783568107\n|switch|p1a: Girafarig|Girafarig, L89, M|269/269\n|move|p2a: Manaphy|Tail Glow|p2a: Manaphy\n|-boost|p2a: Manaphy|spa|3\n|\n|upkeep\n|turn|3\n|inactive|Time left: 300 sec this turn | 300 sec total\n|\n|t:|1783568108\n|move|p1a: Girafarig|Thunderbolt|p2a: Manaphy\n|-supereffective|p2a: Manaphy\n|-crit|p2a: Manaphy\n|-damage|p2a: Manaphy|27/100\n|move|p2a: Manaphy|Hydro Pump|p1a: Girafarig\n|-damage|p1a: Girafarig|82/269\n|\n|-heal|p2a: Manaphy|33/100|[from] item: Leftovers\n|upkeep\n|turn|4\n|inactive|Time left: 300 sec this turn | 300 sec total\n|\n|t:|1783568109\n|move|p1a: Girafarig|Thunderbolt|p2a: Manaphy\n|-supereffective|p2a: Manaphy\n|-damage|p2a: Manaphy|0 fnt\n|faint|p2a: Manaphy\n|\n|upkeep\n|\n|t:|1783568110\n|switch|p2a: Sandaconda|Sandaconda, L84, F|100/100\n|turn|5\n|inactive|Time left: 300 sec this turn | 300 sec total\n|\n|t:|1783568110\n|move|p1a: Girafarig|Hyper Voice|p2a: Sandaconda\n|-damage|p2a: Sandaconda|55/100\n|move|p2a: Sandaconda|Coil|p2a: Sandaconda\n|-boost|p2a: Sandaconda|atk|1\n|-boost|p2a: Sandaconda|def|1\n|-boost|p2a: Sandaconda|accuracy|1\n|\n|-heal|p2a: Sandaconda|61/100|[from] item: Leftovers\n|upkeep\n|turn|6\n|inactive|Time left: 300 sec this turn | 300 sec total\n|\n|t:|1783568111\n|-terastallize|p1a: Girafarig|Normal\n|move|p1a: Girafarig|Hyper Voice|p2a: Sandaconda\n|-damage|p2a: Sandaconda|0 fnt\n|faint|p2a: Sandaconda\n|\n|upkeep\n|\n|t:|1783568112\n|switch|p2a: Lugia|Lugia, L73|100/100\n|turn|7\n|inactive|Time left: 300 sec this turn | 300 sec total\n|\n|t:|1783568113\n|switch|p1a: Florges|Florges-White, L85, F|271/271\n|move|p2a: Lugia|Calm Mind|p2a: Lugia\n|-boost|p2a: Lugia|spa|1\n|-boost|p2a: Lugia|spd|1\n|\n|upkeep\n|turn|8\n|inactive|Time left: 300 sec this turn | 300 sec total\n|\n|t:|1783568113\n|move|p2a: Lugia|Calm Mind|p2a: Lugia\n|-boost|p2a: Lugia|spa|1\n|-boost|p2a: Lugia|spd|1\n|move|p1a: Florges|Calm Mind|p1a: Florges\n|-boost|p1a: Florges|spa|1\n|-boost|p1a: Florges|spd|1\n|\n|upkeep\n|turn|9\n|inactive|Time left: 300 sec this turn | 300 sec total\n|\n|t:|1783568114\n|move|p2a: Lugia|Calm Mind|p2a: Lugia\n|-boost|p2a: Lugia|spa|1\n|-boost|p2a: Lugia|spd|1\n|move|p1a: Florges|Calm Mind|p1a: Florges\n|-boost|p1a: Florges|spa|1\n|-boost|p1a: Florges|spd|1\n|\n|upkeep\n|turn|10\n|inactive|Time left: 300 sec this turn | 300 sec total\n|\n|t:|1783568115\n|move|p2a: Lugia|Calm Mind|p2a: Lugia\n|-boost|p2a: Lugia|spa|1\n|-boost|p2a: Lugia|spd|1\n|move|p1a: Florges|Calm Mind|p1a: Florges\n|-boost|p1a: Florges|spa|1\n|-boost|p1a: Florges|spd|1\n|\n|upkeep\n|turn|11\n|inactive|Time left: 300 sec this turn | 300 sec total\n|\n|t:|1783568115\n|move|p2a: Lugia|Calm Mind|p2a: Lugia\n|-boost|p2a: Lugia|spa|1\n|-boost|p2a: Lugia|spd|1\n|move|p1a: Florges|Calm Mind|p1a: Florges\n|-boost|p1a: Florges|spa|1\n|-boost|p1a: Florges|spd|1\n|\n|upkeep\n|turn|12\n|inactive|Time left: 300 sec this turn | 300 sec total\n|\n|t:|1783568116\n|move|p2a: Lugia|Aeroblast|p1a: Florges\n|-damage|p1a: Florges|217/271\n|move|p1a: Florges|Moonblast|p2a: Lugia\n|-damage|p2a: Lugia|87/100\n|\n|-heal|p1a: Florges|233/271|[from] item: Leftovers\n|upkeep\n|turn|13\n|inactive|Time left: 300 sec this turn | 300 sec total\n|\n|t:|1783568117\n|move|p2a: Lugia|Aeroblast|p1a: Florges\n|-damage|p1a: Florges|175/271\n|move|p1a: Florges|Moonblast|p2a: Lugia\n|-damage|p2a: Lugia|61/100\n|-unboost|p2a: Lugia|spa|1\n|\n|-heal|p1a: Florges|191/271|[from] item: Leftovers\n|upkeep\n|turn|14\n|inactive|Time left: 300 sec this turn | 300 sec total\n|\n|t:|1783568118\n|move|p2a: Lugia|Recover|p2a: Lugia\n|-heal|p2a: Lugia|100/100\n|move|p1a: Florges|Moonblast|p2a: Lugia\n|-damage|p2a: Lugia|86/100\n|\n|-heal|p1a: Florges|207/271|[from] item: Leftovers\n|upkeep\n|turn|15\n|inactive|Time left: 300 sec this turn | 300 sec total\n|\n|t:|1783568119\n|move|p2a: Lugia|Aeroblast|p1a: Florges\n|-damage|p1a: Florges|158/271\n|move|p1a: Florges|Moonblast|p2a: Lugia\n|-damage|p2a: Lugia|59/100\n|\n|-heal|p1a: Florges|174/271|[from] item: Leftovers\n|upkeep\n|turn|16\n|inactive|Time left: 300 sec this turn | 300 sec total\n|\n|t:|1783568120\n|move|p2a: Lugia|Recover|p2a: Lugia\n|-heal|p2a: Lugia|100/100\n|move|p1a: Florges|Moonblast|p2a: Lugia\n|-damage|p2a: Lugia|86/100\n|-unboost|p2a: Lugia|spa|1\n|\n|-heal|p1a: Florges|190/271|[from] item: Leftovers\n|upkeep\n|turn|17\n|inactive|Time left: 300 sec this turn | 300 sec total\n|\n|t:|1783568121\n|move|p2a: Lugia|Calm Mind|p2a: Lugia\n|-boost|p2a: Lugia|spa|1\n|-boost|p2a: Lugia|spd|1\n|move|p1a: Florges|Moonblast|p2a: Lugia\n|-damage|p2a: Lugia|62/100\n|\n|-heal|p1a: Florges|206/271|[from] item: Leftovers\n|upkeep\n|turn|18\n|inactive|Time left: 300 sec this turn | 300 sec total\n|\n|t:|1783568122\n|move|p2a: Lugia|Recover|p2a: Lugia\n|-heal|p2a: Lugia|100/100\n|move|p1a: Florges|Moonblast|p2a: Lugia\n|-damage|p2a: Lugia|90/100\n|-unboost|p2a: Lugia|spa|1\n|\n|-heal|p1a: Florges|222/271|[from] item: Leftovers\n|upkeep\n|turn|19\n|inactive|Time left: 300 sec this turn | 300 sec total\n|\n|t:|1783568123\n|move|p2a: Lugia|Aeroblast|p1a: Florges\n|-damage|p1a: Florges|182/271\n|move|p1a: Florges|Moonblast|p2a: Lugia\n|-damage|p2a: Lugia|68/100\n|\n|-heal|p1a: Florges|198/271|[from] item: Leftovers\n|upkeep\n|turn|20\n|inactive|Time left: 300 sec this turn | 300 sec total\n|\n|t:|1783568125\n|move|p2a: Lugia|Recover|p2a: Lugia\n|-heal|p2a: Lugia|100/100\n|move|p1a: Florges|Moonblast|p2a: Lugia\n|-damage|p2a: Lugia|88/100\n|\n|-heal|p1a: Florges|214/271|[from] item: Leftovers\n|upkeep\n|turn|21\n|inactive|Time left: 300 sec this turn | 300 sec total\n|\n|t:|1783568126\n|move|p2a: Lugia|Aeroblast|p1a: Florges\n|-damage|p1a: Florges|177/271\n|move|p1a: Florges|Moonblast|p2a: Lugia\n|-damage|p2a: Lugia|65/100\n|-unboost|p2a: Lugia|spa|1\n|\n|-heal|p1a: Florges|193/271|[from] item: Leftovers\n|upkeep\n|turn|22\n|inactive|Time left: 300 sec this turn | 300 sec total\n|\n|t:|1783568127\n|move|p2a: Lugia|Recover|p2a: Lugia\n|-heal|p2a: Lugia|100/100\n|move|p1a: Florges|Moonblast|p2a: Lugia\n|-damage|p2a: Lugia|89/100\n|\n|-heal|p1a: Florges|209/271|[from] item: Leftovers\n|upkeep\n|turn|23\n|inactive|Time left: 300 sec this turn | 300 sec total\n|\n|t:|1783568128\n|move|p2a: Lugia|Calm Mind|p2a: Lugia\n|-boost|p2a: Lugia|spa|1\n|-boost|p2a: Lugia|spd|0\n|move|p1a: Florges|Moonblast|p2a: Lugia\n|-damage|p2a: Lugia|66/100\n|\n|-heal|p1a: Florges|225/271|[from] item: Leftovers\n|upkeep\n|turn|24\n|inactive|Time left: 300 sec this turn | 300 sec total\n|\n|t:|1783568129\n|move|p2a: Lugia|Recover|p2a: Lugia\n|-heal|p2a: Lugia|100/100\n|move|p1a: Florges|Moonblast|p2a: Lugia\n|-damage|p2a: Lugia|88/100\n|\n|-heal|p1a: Florges|241/271|[from] item: Leftovers\n|upkeep\n|turn|25\n|inactive|Time left: 300 sec this turn | 300 sec total\n|\n|t:|1783568130\n|move|p2a: Lugia|Recover|p2a: Lugia\n|-heal|p2a: Lugia|100/100\n|move|p1a: Florges|Moonblast|p2a: Lugia\n|-damage|p2a: Lugia|89/100\n|\n|-heal|p1a: Florges|257/271|[from] item: Leftovers\n|upkeep\n|turn|26\n|inactive|Time left: 300 sec this turn | 300 sec total\n|\n|t:|1783568131\n|move|p2a: Lugia|Recover|p2a: Lugia\n|-heal|p2a: Lugia|100/100\n|move|p1a: Florges|Moonblast|p2a: Lugia\n|-damage|p2a: Lugia|89/100\n|\n|-heal|p1a: Florges|271/271|[from] item: Leftovers\n|upkeep\n|turn|27\n|inactive|Time left: 300 sec this turn | 300 sec total\n|\n|t:|1783568132\n|move|p2a: Lugia|Aeroblast|p1a: Florges\n|-damage|p1a: Florges|228/271\n|move|p1a: Florges|Moonblast|p2a: Lugia\n|-damage|p2a: Lugia|65/100\n|\n|-heal|p1a: Florges|244/271|[from] item: Leftovers\n|upkeep\n|turn|28\n|inactive|Time left: 300 sec this turn | 300 sec total\n|\n|t:|1783568133\n|move|p2a: Lugia|Earth Power|p1a: Florges\n|-damage|p1a: Florges|217/271\n|move|p1a: Florges|Moonblast|p2a: Lugia\n|-damage|p2a: Lugia|40/100\n|\n|-heal|p1a: Florges|233/271|[from] item: Leftovers\n|upkeep\n|turn|29\n|inactive|Time left: 300 sec this turn | 300 sec total\n|\n|t:|1783568134\n|move|p2a: Lugia|Aeroblast|p1a: Florges\n|-damage|p1a: Florges|194/271\n|move|p1a: Florges|Moonblast|p2a: Lugia\n|-damage|p2a: Lugia|15/100\n|\n|-heal|p1a: Florges|210/271|[from] item: Leftovers\n|upkeep\n|turn|30\n|inactive|Time left: 300 sec this turn | 300 sec total\n|\n|t:|1783568135\n|switch|p2a: Tinkaton|Tinkaton, L82, F|100/100\n|-ability|p2a: Tinkaton|Mold Breaker\n|move|p1a: Florges|Moonblast|p2a: Tinkaton\n|-resisted|p2a: Tinkaton\n|-damage|p2a: Tinkaton|42/100\n|\n|-heal|p2a: Tinkaton|49/100|[from] item: Leftovers\n|-heal|p1a: Florges|226/271|[from] item: Leftovers\n|upkeep\n|turn|31\n|inactive|Time left: 300 sec this turn | 300 sec total\n|\n|t:|1783568137\n|move|p1a: Florges|Protect|p1a: Florges\n|-singleturn|p1a: Florges|Protect\n|move|p2a: Tinkaton|Gigaton Hammer|p1a: Florges\n|-activate|p1a: Florges|move: Protect\n|\n|-heal|p2a: Tinkaton|55/100|[from] item: Leftovers\n|-heal|p1a: Florges|242/271|[from] item: Leftovers\n|upkeep\n|turn|32\n|inactive|Time left: 300 sec this turn | 300 sec total\n|\n|t:|1783568138\n|move|p2a: Tinkaton|Encore|p1a: Florges\n|-start|p1a: Florges|Encore\n|move|p1a: Florges|Protect||[still]\n|-fail|p1a: Florges\n|\n|-heal|p2a: Tinkaton|61/100|[from] item: Leftovers\n|-heal|p1a: Florges|258/271|[from] item: Leftovers\n|upkeep\n|turn|33\n|inactive|Time left: 300 sec this turn | 300 sec total\n|\n|t:|1783568138\n|move|p1a: Florges|Protect|p1a: Florges\n|-singleturn|p1a: Florges|Protect\n|move|p2a: Tinkaton|Knock Off|p1a: Florges\n|-activate|p1a: Florges|move: Protect\n|\n|-heal|p2a: Tinkaton|67/100|[from] item: Leftovers\n|-heal|p1a: Florges|271/271|[from] item: Leftovers\n|upkeep\n|turn|34\n|inactive|Time left: 300 sec this turn | 300 sec total\n|\n|t:|1783568140\n|switch|p1a: Palossand|Palossand, L89, F|296/296\n|move|p2a: Tinkaton|Gigaton Hammer|p1a: Palossand\n|-damage|p1a: Palossand|191/296\n|\n|-heal|p2a: Tinkaton|73/100|[from] item: Leftovers\n|-heal|p1a: Palossand|209/296|[from] item: Leftovers\n|upkeep\n|turn|35\n|inactive|Time left: 300 sec this turn | 300 sec total\n|\n|t:|1783568141\n|move|p2a: Tinkaton|Knock Off|p1a: Palossand\n|-supereffective|p1a: Palossand\n|-damage|p1a: Palossand|131/296\n|-enditem|p1a: Palossand|Leftovers|[from] move: Knock Off|[of] p2a: Tinkaton\n|move|p1a: Palossand|Earth Power|p2a: Tinkaton\n|-supereffective|p2a: Tinkaton\n|-damage|p2a: Tinkaton|7/100\n|-unboost|p2a: Tinkaton|spd|1\n|\n|-heal|p2a: Tinkaton|13/100|[from] item: Leftovers\n|upkeep\n|turn|36\n|inactive|Time left: 300 sec this turn | 300 sec total\n|\n|t:|1783568142\n|move|p2a: Tinkaton|Gigaton Hammer|p1a: Palossand\n|-damage|p1a: Palossand|29/296\n|move|p1a: Palossand|Shore Up|p1a: Palossand\n|-heal|p1a: Palossand|177/296\n|\n|-heal|p2a: Tinkaton|19/100|[from] item: Leftovers\n|upkeep\n|turn|37\n|inactive|Time left: 300 sec this turn | 300 sec total\n|\n|t:|1783568143\n|move|p2a: Tinkaton|Knock Off|p1a: Palossand\n|-supereffective|p1a: Palossand\n|-damage|p1a: Palossand|115/296\n|move|p1a: Palossand|Earth Power|p2a: Tinkaton\n|-supereffective|p2a: Tinkaton\n|-damage|p2a: Tinkaton|0 fnt\n|faint|p2a: Tinkaton\n|\n|upkeep\n|\n|t:|1783568144\n|switch|p2a: Uxie|Uxie, L83|100/100\n|turn|38\n|inactive|Time left: 300 sec this turn | 300 sec total\n|\n|t:|1783568145\n|move|p2a: Uxie|Stealth Rock|p1a: Palossand\n|-sidestart|p1: p0x2422e75e|move: Stealth Rock\n|move|p1a: Palossand|Shadow Ball|p2a: Uxie\n|-supereffective|p2a: Uxie\n|-damage|p2a: Uxie|44/100\n|\n|-heal|p2a: Uxie|50/100|[from] item: Leftovers\n|upkeep\n|turn|39\n|inactive|Time left: 300 sec this turn | 300 sec total\n|\n|t:|1783568146\n|move|p2a: Uxie|Psychic Noise|p1a: Palossand\n|-damage|p1a: Palossand|51/296\n|-start|p1a: Palossand|move: Heal Block\n|move|p1a: Palossand|Shadow Ball|p2a: Uxie\n|-supereffective|p2a: Uxie\n|-damage|p2a: Uxie|0 fnt\n|faint|p2a: Uxie\n|\n|upkeep\n|\n|t:|1783568147\n|switch|p2a: Lugia|Lugia, L73|15/100\n|turn|40\n|inactive|Time left: 300 sec this turn | 300 sec total\n|\n|t:|1783568148\n|-terastallize|p2a: Lugia|Ground\n|move|p2a: Lugia|Earth Power|p1a: Palossand\n|-damage|p1a: Palossand|0 fnt\n|faint|p1a: Palossand\n|\n|upkeep\n|inactive|Time left: 300 sec this turn | 300 sec total | 5 sec grace\n|\n|t:|1783568148\n|switch|p1a: Kyogre|Kyogre, L71|259/259\n|-damage|p1a: Kyogre|227/259|[from] Stealth Rock\n|-weather|RainDance|[from] ability: Drizzle|[of] p1a: Kyogre\n|turn|41\n|inactive|Time left: 300 sec this turn | 300 sec total\n|\n|t:|1783568149\n|move|p1a: Kyogre|Water Spout|p2a: Lugia\n|-supereffective|p2a: Lugia\n|-damage|p2a: Lugia|0 fnt\n|faint|p2a: Lugia\n|\n|win|p0x2422e75e", "uploadtime": 1783568149, "views": 0, "rating": 0, "private": 0, "password": null, "_winner": "p0x2422e75e", "_our_name": "p0x2422e75e"}