{"id": "battle-gen9randombattle-1699", "formatid": "gen9randombattle", "format": "[Gen 9] Random Battle", "players": ["p0x1699893e", "p0y1699f539"], "log": "|init|battle\n|title|p0x1699893e vs. p0y1699f539\n|j|\u2606p0x1699893e\n|j|\u2606p0y1699f539\n|t:|1783558891\n|gametype|singles\n|player|p1|p0x1699893e|102|\n|player|p2|p0y1699f539|265|\n|gen|9\n|tier|[Gen 9] Random Battle\n|rule|Species Clause: Limit one of each Pok\u00e9mon\n|rule|HP Percentage Mod: HP is shown in percentages\n|rule|Sleep Clause Mod: Limit one foe put to sleep\n|rule|Illusion Level Mod: Illusion disguises the Pok\u00e9mon's true level\n|\n|t:|1783558891\n|teamsize|p1|6\n|teamsize|p2|6\n|start\n|switch|p1a: Bombirdier|Bombirdier, L85, M|100/100\n|switch|p2a: Articuno|Articuno, L86|295/295\n|-ability|p2a: Articuno|Pressure\n|turn|1\n|inactive|Battle timer is ON: inactive players will automatically lose when time's up. (requested by p0x1699893e)\n|inactive|Time left: 300 sec this turn | 300 sec total | 60 sec grace\n|\n|t:|1783558893\n|move|p2a: Articuno|Freeze-Dry|p1a: Bombirdier\n|-supereffective|p1a: Bombirdier\n|-damage|p1a: Bombirdier|44/100\n|move|p1a: Bombirdier|Knock Off|p2a: Articuno\n|-damage|p2a: Articuno|199/295\n|-enditem|p2a: Articuno|Heavy-Duty Boots|[from] move: Knock Off|[of] p1a: Bombirdier\n|\n|upkeep\n|turn|2\n|inactive|Time left: 300 sec this turn | 300 sec total\n|inactive|p0y1699f539 also wants the timer to be on.\n|\n|t:|1783558894\n|-terastallize|p1a: Bombirdier|Steel\n|move|p2a: Articuno|Freeze-Dry|p1a: Bombirdier\n|-resisted|p1a: Bombirdier\n|-damage|p1a: Bombirdier|29/100\n|move|p1a: Bombirdier|Roost|p1a: Bombirdier\n|-heal|p1a: Bombirdier|79/100\n|\n|upkeep\n|turn|3\n|inactive|Time left: 300 sec this turn | 300 sec total\n|\n|t:|1783558895\n|move|p2a: Articuno|Freeze-Dry|p1a: Bombirdier\n|-resisted|p1a: Bombirdier\n|-damage|p1a: Bombirdier|63/100\n|move|p1a: Bombirdier|Brave Bird|p2a: Articuno\n|-damage|p2a: Articuno|73/295\n|-damage|p1a: Bombirdier|46/100|[from] Recoil\n|\n|upkeep\n|turn|4\n|inactive|Time left: 300 sec this turn | 300 sec total\n|\n|t:|1783558896\n|move|p2a: Articuno|Roost|p2a: Articuno\n|-heal|p2a: Articuno|221/295\n|-singleturn|p2a: Articuno|move: Roost\n|move|p1a: Bombirdier|Roost|p1a: Bombirdier\n|-heal|p1a: Bombirdier|96/100\n|\n|upkeep\n|turn|5\n|inactive|Time left: 300 sec this turn | 300 sec total\n|\n|t:|1783558897\n|move|p2a: Articuno|Freeze-Dry|p1a: Bombirdier\n|-resisted|p1a: Bombirdier\n|-crit|p1a: Bombirdier\n|-damage|p1a: Bombirdier|73/100\n|move|p1a: Bombirdier|Brave Bird|p2a: Articuno\n|-damage|p2a: Articuno|101/295\n|-damage|p1a: Bombirdier|58/100|[from] Recoil\n|\n|upkeep\n|turn|6\n|inactive|Time left: 300 sec this turn | 300 sec total\n|\n|t:|1783558898\n|move|p2a: Articuno|Roost|p2a: Articuno\n|-heal|p2a: Articuno|249/295\n|-singleturn|p2a: Articuno|move: Roost\n|move|p1a: Bombirdier|Knock Off|p2a: Articuno\n|-damage|p2a: Articuno|188/295\n|\n|upkeep\n|turn|7\n|inactive|Time left: 300 sec this turn | 300 sec total\n|\n|t:|1783558899\n|move|p2a: Articuno|Roost|p2a: Articuno\n|-heal|p2a: Articuno|295/295\n|-singleturn|p2a: Articuno|move: Roost\n|move|p1a: Bombirdier|Roost|p1a: Bombirdier\n|-heal|p1a: Bombirdier|100/100\n|\n|upkeep\n|turn|8\n|inactive|Time left: 300 sec this turn | 300 sec total\n|\n|t:|1783558900\n|move|p2a: Articuno|Brave Bird|p1a: Bombirdier\n|-resisted|p1a: Bombirdier\n|-damage|p1a: Bombirdier|75/100\n|-damage|p2a: Articuno|274/295|[from] Recoil\n|move|p1a: Bombirdier|Knock Off|p2a: Articuno\n|-damage|p2a: Articuno|207/295\n|\n|upkeep\n|turn|9\n|inactive|Time left: 300 sec this turn | 300 sec total\n|\n|t:|1783558901\n|move|p2a: Articuno|Roost|p2a: Articuno\n|-heal|p2a: Articuno|295/295\n|-singleturn|p2a: Articuno|move: Roost\n|move|p1a: Bombirdier|Knock Off|p2a: Articuno\n|-damage|p2a: Articuno|232/295\n|\n|upkeep\n|turn|10\n|inactive|Time left: 300 sec this turn | 300 sec total\n|\n|t:|1783558902\n|move|p2a: Articuno|Roost|p2a: Articuno\n|-heal|p2a: Articuno|295/295\n|-singleturn|p2a: Articuno|move: Roost\n|move|p1a: Bombirdier|Knock Off|p2a: Articuno\n|-crit|p2a: Articuno\n|-damage|p2a: Articuno|195/295\n|\n|upkeep\n|turn|11\n|inactive|Time left: 300 sec this turn | 300 sec total\n|\n|t:|1783558903\n|move|p2a: Articuno|Roost|p2a: Articuno\n|-heal|p2a: Articuno|295/295\n|-singleturn|p2a: Articuno|move: Roost\n|move|p1a: Bombirdier|Brave Bird|p2a: Articuno\n|-damage|p2a: Articuno|171/295\n|-damage|p1a: Bombirdier|59/100|[from] Recoil\n|\n|upkeep\n|turn|12\n|inactive|Time left: 300 sec this turn | 300 sec total\n|\n|t:|1783558903\n|move|p2a: Articuno|Roost|p2a: Articuno\n|-heal|p2a: Articuno|295/295\n|-singleturn|p2a: Articuno|move: Roost\n|move|p1a: Bombirdier|Roost|p1a: Bombirdier\n|-heal|p1a: Bombirdier|100/100\n|\n|upkeep\n|turn|13\n|inactive|Time left: 300 sec this turn | 300 sec total\n|\n|t:|1783558904\n|move|p2a: Articuno|Brave Bird|p1a: Bombirdier\n|-resisted|p1a: Bombirdier\n|-damage|p1a: Bombirdier|78/100\n|-damage|p2a: Articuno|276/295|[from] Recoil\n|move|p1a: Bombirdier|Knock Off|p2a: Articuno\n|-damage|p2a: Articuno|207/295\n|\n|upkeep\n|turn|14\n|inactive|Time left: 300 sec this turn | 300 sec total\n|\n|t:|1783558905\n|move|p2a: Articuno|Brave Bird|p1a: Bombirdier\n|-resisted|p1a: Bombirdier\n|-damage|p1a: Bombirdier|54/100\n|-damage|p2a: Articuno|187/295|[from] Recoil\n|move|p1a: Bombirdier|Knock Off|p2a: Articuno\n|-damage|p2a: Articuno|120/295\n|\n|upkeep\n|turn|15\n|inactive|Time left: 300 sec this turn | 300 sec total\n|\n|t:|1783558906\n|move|p2a: Articuno|Roost|p2a: Articuno\n|-heal|p2a: Articuno|268/295\n|-singleturn|p2a: Articuno|move: Roost\n|move|p1a: Bombirdier|Roost|p1a: Bombirdier\n|-heal|p1a: Bombirdier|100/100\n|\n|upkeep\n|turn|16\n|inactive|Time left: 300 sec this turn | 300 sec total\n|\n|t:|1783558907\n|move|p2a: Articuno|Freeze-Dry|p1a: Bombirdier\n|-resisted|p1a: Bombirdier\n|-damage|p1a: Bombirdier|85/100\n|move|p1a: Bombirdier|Knock Off|p2a: Articuno\n|-damage|p2a: Articuno|201/295\n|\n|upkeep\n|turn|17\n|inactive|Time left: 300 sec this turn | 300 sec total\n|\n|t:|1783558907\n|move|p2a: Articuno|Freeze-Dry|p1a: Bombirdier\n|-resisted|p1a: Bombirdier\n|-damage|p1a: Bombirdier|68/100\n|move|p1a: Bombirdier|Brave Bird|p2a: Articuno\n|-damage|p2a: Articuno|69/295\n|-damage|p1a: Bombirdier|51/100|[from] Recoil\n|\n|upkeep\n|turn|18\n|inactive|Time left: 300 sec this turn | 300 sec total\n|\n|t:|1783558908\n|move|p2a: Articuno|Freeze-Dry|p1a: Bombirdier\n|-resisted|p1a: Bombirdier\n|-damage|p1a: Bombirdier|37/100\n|move|p1a: Bombirdier|Roost|p1a: Bombirdier\n|-heal|p1a: Bombirdier|87/100\n|\n|upkeep\n|turn|19\n|inactive|Time left: 300 sec this turn | 300 sec total\n|\n|t:|1783558909\n|move|p2a: Articuno|Freeze-Dry|p1a: Bombirdier\n|-resisted|p1a: Bombirdier\n|-damage|p1a: Bombirdier|71/100\n|move|p1a: Bombirdier|Knock Off|p2a: Articuno\n|-damage|p2a: Articuno|6/295\n|\n|upkeep\n|turn|20\n|inactive|Time left: 300 sec this turn | 300 sec total\n|\n|t:|1783558910\n|move|p2a: Articuno|Brave Bird|p1a: Bombirdier\n|-resisted|p1a: Bombirdier\n|-damage|p1a: Bombirdier|45/100\n|-damage|p2a: Articuno|0 fnt|[from] Recoil\n|faint|p2a: Articuno\n|move|p1a: Bombirdier|Roost|p1a: Bombirdier\n|-heal|p1a: Bombirdier|95/100\n|\n|upkeep\n|inactive|Time left: 300 sec this turn | 300 sec total | 5 sec grace\n|\n|t:|1783558910\n|switch|p2a: Iron Treads|Iron Treads, L77|265/265\n|turn|21\n|inactive|Time left: 300 sec this turn | 300 sec total\n|\n|t:|1783558911\n|move|p2a: Iron Treads|Earthquake|p1a: Bombirdier\n|-supereffective|p1a: Bombirdier\n|-damage|p1a: Bombirdier|20/100\n|move|p1a: Bombirdier|Knock Off|p2a: Iron Treads\n|-damage|p2a: Iron Treads|174/265\n|-enditem|p2a: Iron Treads|Leftovers|[from] move: Knock Off|[of] p1a: Bombirdier\n|\n|upkeep\n|turn|22\n|inactive|Time left: 300 sec this turn | 300 sec total\n|\n|t:|1783558912\n|switch|p1a: Chimecho|Chimecho, L93, F|100/100\n|move|p2a: Iron Treads|Stealth Rock|p1a: Chimecho\n|-sidestart|p1: p0x1699893e|move: Stealth Rock\n|\n|upkeep\n|turn|23\n|inactive|Time left: 300 sec this turn | 300 sec total\n|\n|t:|1783558913\n|move|p2a: Iron Treads|Iron Head|p1a: Chimecho\n|-damage|p1a: Chimecho|72/100\n|cant|p1a: Chimecho|flinch\n|\n|-heal|p1a: Chimecho|78/100|[from] item: Leftovers\n|upkeep\n|turn|24\n|inactive|Time left: 300 sec this turn | 300 sec total\n|\n|t:|1783558915\n|move|p2a: Iron Treads|Rapid Spin|p1a: Chimecho\n|-damage|p1a: Chimecho|68/100\n|-boost|p2a: Iron Treads|spe|1\n|move|p1a: Chimecho|Psychic Noise|p2a: Iron Treads\n|-resisted|p2a: Iron Treads\n|-damage|p2a: Iron Treads|111/265\n|-start|p2a: Iron Treads|move: Heal Block\n|\n|-heal|p1a: Chimecho|74/100|[from] item: Leftovers\n|upkeep\n|turn|25\n|inactive|Time left: 300 sec this turn | 300 sec total\n|\n|t:|1783558916\n|move|p2a: Iron Treads|Iron Head|p1a: Chimecho\n|-damage|p1a: Chimecho|48/100\n|cant|p1a: Chimecho|flinch\n|\n|-heal|p1a: Chimecho|54/100|[from] item: Leftovers\n|-end|p2a: Iron Treads|move: Heal Block\n|upkeep\n|turn|26\n|inactive|Time left: 300 sec this turn | 300 sec total\n|\n|t:|1783558917\n|move|p2a: Iron Treads|Iron Head|p1a: Chimecho\n|-damage|p1a: Chimecho|25/100\n|move|p1a: Chimecho|Recover|p1a: Chimecho\n|-heal|p1a: Chimecho|75/100\n|\n|-heal|p1a: Chimecho|81/100|[from] item: Leftovers\n|upkeep\n|turn|27\n|inactive|Time left: 300 sec this turn | 300 sec total\n|\n|t:|1783558919\n|move|p2a: Iron Treads|Iron Head|p1a: Chimecho\n|-damage|p1a: Chimecho|55/100\n|move|p1a: Chimecho|Psychic Noise|p2a: Iron Treads\n|-resisted|p2a: Iron Treads\n|-damage|p2a: Iron Treads|47/265\n|-start|p2a: Iron Treads|move: Heal Block\n|\n|-heal|p1a: Chimecho|61/100|[from] item: Leftovers\n|upkeep\n|turn|28\n|inactive|Time left: 300 sec this turn | 300 sec total\n|\n|t:|1783558920\n|move|p2a: Iron Treads|Iron Head|p1a: Chimecho\n|-damage|p1a: Chimecho|36/100\n|cant|p1a: Chimecho|flinch\n|\n|-heal|p1a: Chimecho|43/100|[from] item: Leftovers\n|-end|p2a: Iron Treads|move: Heal Block\n|upkeep\n|turn|29\n|inactive|Time left: 300 sec this turn | 300 sec total\n|\n|t:|1783558922\n|move|p2a: Iron Treads|Iron Head|p1a: Chimecho\n|-damage|p1a: Chimecho|15/100\n|move|p1a: Chimecho|Recover|p1a: Chimecho\n|-heal|p1a: Chimecho|65/100\n|\n|-heal|p1a: Chimecho|72/100|[from] item: Leftovers\n|upkeep\n|turn|30\n|inactive|Time left: 300 sec this turn | 300 sec total\n|\n|t:|1783558923\n|move|p2a: Iron Treads|Iron Head|p1a: Chimecho\n|-damage|p1a: Chimecho|46/100\n|move|p1a: Chimecho|Psychic Noise|p2a: Iron Treads\n|-resisted|p2a: Iron Treads\n|-damage|p2a: Iron Treads|0 fnt\n|faint|p2a: Iron Treads\n|-end|p2a: Iron Treads|Quark Drive|[silent]\n|\n|-heal|p1a: Chimecho|52/100|[from] item: Leftovers\n|upkeep\n|inactive|Time left: 300 sec this turn | 300 sec total | 5 sec grace\n|\n|t:|1783558924\n|switch|p2a: Pikachu|Pikachu, L93, M|216/216\n|turn|31\n|inactive|Time left: 300 sec this turn | 300 sec total\n|\n|t:|1783558926\n|move|p2a: Pikachu|Knock Off|p1a: Chimecho\n|-supereffective|p1a: Chimecho\n|-damage|p1a: Chimecho|0 fnt\n|-enditem|p1a: Chimecho|Leftovers|[from] move: Knock Off|[of] p2a: Pikachu\n|faint|p1a: Chimecho\n|\n|upkeep\n|\n|t:|1783558927\n|switch|p1a: Urshifu|Urshifu-Rapid-Strike, L75, F|100/100\n|-damage|p1a: Urshifu|94/100|[from] Stealth Rock\n|turn|32\n|inactive|Time left: 300 sec this turn | 300 sec total\n|\n|t:|1783558928\n|move|p1a: Urshifu|Close Combat|p2a: Pikachu\n|-damage|p2a: Pikachu|15/216\n|-unboost|p1a: Urshifu|def|1\n|-unboost|p1a: Urshifu|spd|1\n|move|p2a: Pikachu|Volt Tackle|p1a: Urshifu\n|-supereffective|p1a: Urshifu\n|-damage|p1a: Urshifu|0 fnt\n|faint|p1a: Urshifu\n|-damage|p2a: Pikachu|0 fnt|[from] Recoil\n|faint|p2a: Pikachu\n|\n|upkeep\n|inactive|Time left: 300 sec this turn | 300 sec total | 5 sec grace\n|\n|t:|1783558929\n|switch|p2a: Misdreavus|Misdreavus, L90, M|254/254\n|switch|p1a: Reuniclus|Reuniclus, L88, M|100/100\n|turn|33\n|inactive|Time left: 300 sec this turn | 300 sec total\n|\n|t:|1783558930\n|move|p2a: Misdreavus|Calm Mind|p2a: Misdreavus\n|-boost|p2a: Misdreavus|spa|1\n|-boost|p2a: Misdreavus|spd|1\n|move|p1a: Reuniclus|Calm Mind|p1a: Reuniclus\n|-boost|p1a: Reuniclus|spa|1\n|-boost|p1a: Reuniclus|spd|1\n|\n|upkeep\n|turn|34\n|inactive|Time left: 300 sec this turn | 300 sec total\n|\n|t:|1783558931\n|move|p2a: Misdreavus|Shadow Ball|p1a: Reuniclus\n|-supereffective|p1a: Reuniclus\n|-damage|p1a: Reuniclus|52/100\n|move|p1a: Reuniclus|Calm Mind|p1a: Reuniclus\n|-boost|p1a: Reuniclus|spa|1\n|-boost|p1a: Reuniclus|spd|1\n|\n|upkeep\n|turn|35\n|inactive|Time left: 300 sec this turn | 300 sec total\n|\n|t:|1783558932\n|move|p2a: Misdreavus|Shadow Ball|p1a: Reuniclus\n|-supereffective|p1a: Reuniclus\n|-damage|p1a: Reuniclus|16/100\n|move|p1a: Reuniclus|Recover|p1a: Reuniclus\n|-heal|p1a: Reuniclus|66/100\n|\n|upkeep\n|turn|36\n|inactive|Time left: 300 sec this turn | 300 sec total\n|\n|t:|1783558934\n|move|p2a: Misdreavus|Shadow Ball|p1a: Reuniclus\n|-supereffective|p1a: Reuniclus\n|-damage|p1a: Reuniclus|25/100\n|move|p1a: Reuniclus|Recover|p1a: Reuniclus\n|-heal|p1a: Reuniclus|75/100\n|\n|upkeep\n|turn|37\n|inactive|Time left: 300 sec this turn | 300 sec total\n|\n|t:|1783558935\n|move|p2a: Misdreavus|Shadow Ball|p1a: Reuniclus\n|-supereffective|p1a: Reuniclus\n|-damage|p1a: Reuniclus|37/100\n|move|p1a: Reuniclus|Recover|p1a: Reuniclus\n|-heal|p1a: Reuniclus|87/100\n|\n|upkeep\n|turn|38\n|inactive|Time left: 300 sec this turn | 300 sec total\n|\n|t:|1783558936\n|move|p2a: Misdreavus|Calm Mind|p2a: Misdreavus\n|-boost|p2a: Misdreavus|spa|1\n|-boost|p2a: Misdreavus|spd|1\n|move|p1a: Reuniclus|Psychic|p2a: Misdreavus\n|-damage|p2a: Misdreavus|153/254\n|\n|upkeep\n|turn|39\n|inactive|Time left: 300 sec this turn | 300 sec total\n|\n|t:|1783558937\n|move|p2a: Misdreavus|Shadow Ball|p1a: Reuniclus\n|-supereffective|p1a: Reuniclus\n|-damage|p1a: Reuniclus|38/100\n|-unboost|p1a: Reuniclus|spd|1\n|move|p1a: Reuniclus|Recover|p1a: Reuniclus\n|-heal|p1a: Reuniclus|89/100\n|\n|upkeep\n|turn|40\n|inactive|Time left: 300 sec this turn | 300 sec total\n|\n|t:|1783558938\n|move|p2a: Misdreavus|Shadow Ball|p1a: Reuniclus\n|-supereffective|p1a: Reuniclus\n|-damage|p1a: Reuniclus|19/100\n|move|p1a: Reuniclus|Psychic|p2a: Misdreavus\n|-damage|p2a: Misdreavus|52/254\n|\n|upkeep\n|turn|41\n|inactive|Time left: 300 sec this turn | 300 sec total\n|\n|t:|1783558939\n|move|p2a: Misdreavus|Shadow Ball|p1a: Reuniclus\n|-supereffective|p1a: Reuniclus\n|-damage|p1a: Reuniclus|0 fnt\n|faint|p1a: Reuniclus\n|\n|upkeep\n|\n|t:|1783558940\n|switch|p1a: Bombirdier|Bombirdier, L85, M, tera:Steel|20/100\n|turn|42\n|inactive|Time left: 300 sec this turn | 300 sec total\n|\n|t:|1783558941\n|-terastallize|p2a: Misdreavus|Fairy\n|move|p1a: Bombirdier|Sucker Punch|p2a: Misdreavus\n|-resisted|p2a: Misdreavus\n|-damage|p2a: Misdreavus|21/254\n|move|p2a: Misdreavus|Draining Kiss|p1a: Bombirdier\n|-resisted|p1a: Bombirdier\n|-damage|p1a: Bombirdier|0 fnt\n|-heal|p2a: Misdreavus|59/254|[from] drain|[of] p1a: Bombirdier\n|faint|p1a: Bombirdier\n|\n|upkeep\n|\n|t:|1783558942\n|switch|p1a: Houndoom|Houndoom, L87, F|100/100\n|turn|43\n|inactive|Time left: 300 sec this turn | 300 sec total\n|\n|t:|1783558943\n|move|p1a: Houndoom|Dark Pulse|p2a: Misdreavus\n|-resisted|p2a: Misdreavus\n|-damage|p2a: Misdreavus|43/254\n|cant|p2a: Misdreavus|flinch\n|\n|upkeep\n|turn|44\n|inactive|Time left: 300 sec this turn | 300 sec total\n|\n|t:|1783558944\n|move|p1a: Houndoom|Sludge Bomb|p2a: Misdreavus\n|-supereffective|p2a: Misdreavus\n|-damage|p2a: Misdreavus|0 fnt\n|faint|p2a: Misdreavus\n|\n|upkeep\n|inactive|Time left: 300 sec this turn | 300 sec total | 5 sec grace\n|\n|t:|1783558945\n|switch|p2a: Regigigas|Regigigas, L84|322/322\n|-start|p2a: Regigigas|ability: Slow Start\n|turn|45\n|inactive|Time left: 300 sec this turn | 300 sec total\n|\n|t:|1783558946\n|move|p1a: Houndoom|Nasty Plot|p1a: Houndoom\n|-boost|p1a: Houndoom|spa|2\n|move|p2a: Regigigas|Body Slam|p1a: Houndoom\n|-damage|p1a: Houndoom|66/100\n|\n|upkeep\n|turn|46\n|inactive|Time left: 300 sec this turn | 300 sec total\n|\n|t:|1783558947\n|move|p1a: Houndoom|Fire Blast|p2a: Regigigas\n|-damage|p2a: Regigigas|97/322\n|move|p2a: Regigigas|Body Slam|p1a: Houndoom\n|-damage|p1a: Houndoom|32/100\n|\n|-heal|p2a: Regigigas|117/322|[from] item: Leftovers\n|upkeep\n|turn|47\n|inactive|Time left: 300 sec this turn | 300 sec total\n|\n|t:|1783558948\n|move|p1a: Houndoom|Dark Pulse|p2a: Regigigas\n|-damage|p2a: Regigigas|0 fnt\n|faint|p2a: Regigigas\n|-end|p2a: Regigigas|Slow Start|[silent]\n|\n|upkeep\n|inactive|Time left: 300 sec this turn | 300 sec total | 5 sec grace\n|\n|t:|1783558949\n|switch|p2a: Kilowattrel|Kilowattrel, L83, F|252/252\n|turn|48\n|inactive|Time left: 300 sec this turn | 300 sec total\n|\n|t:|1783558949\n|move|p2a: Kilowattrel|Discharge|p1a: Houndoom\n|-damage|p1a: Houndoom|0 fnt\n|faint|p1a: Houndoom\n|\n|upkeep\n|\n|t:|1783558950\n|switch|p1a: Dragapult|Dragapult, L77, F|100/100\n|turn|49\n|inactive|Time left: 300 sec this turn | 300 sec total\n|\n|t:|1783558951\n|move|p1a: Dragapult|Dragon Darts|p2a: Kilowattrel\n|-damage|p2a: Kilowattrel|185/252\n|-anim|p1a: Dragapult|Dragon Darts|p2a: Kilowattrel\n|-damage|p2a: Kilowattrel|116/252\n|move|p2a: Kilowattrel|Roost|p2a: Kilowattrel\n|-heal|p2a: Kilowattrel|242/252\n|-singleturn|p2a: Kilowattrel|move: Roost\n|\n|upkeep\n|turn|50\n|inactive|Time left: 300 sec this turn | 300 sec total\n|\n|t:|1783558952\n|move|p1a: Dragapult|Dragon Darts|p2a: Kilowattrel\n|-damage|p2a: Kilowattrel|167/252\n|-anim|p1a: Dragapult|Dragon Darts|p2a: Kilowattrel\n|-damage|p2a: Kilowattrel|98/252\n|move|p2a: Kilowattrel|Roost|p2a: Kilowattrel\n|-heal|p2a: Kilowattrel|224/252\n|-singleturn|p2a: Kilowattrel|move: Roost\n|\n|upkeep\n|turn|51\n|inactive|Time left: 300 sec this turn | 300 sec total\n|\n|t:|1783558953\n|move|p1a: Dragapult|Dragon Darts|p2a: Kilowattrel\n|-damage|p2a: Kilowattrel|152/252\n|-anim|p1a: Dragapult|Dragon Darts|p2a: Kilowattrel\n|-damage|p2a: Kilowattrel|76/252\n|move|p2a: Kilowattrel|Roost|p2a: Kilowattrel\n|-heal|p2a: Kilowattrel|202/252\n|-singleturn|p2a: Kilowattrel|move: Roost\n|\n|upkeep\n|turn|52\n|inactive|Time left: 300 sec this turn | 300 sec total\n|\n|t:|1783558954\n|move|p1a: Dragapult|Dragon Darts|p2a: Kilowattrel\n|-crit|p2a: Kilowattrel\n|-damage|p2a: Kilowattrel|99/252\n|-anim|p1a: Dragapult|Dragon Darts|p2a: Kilowattrel\n|-damage|p2a: Kilowattrel|32/252\n|move|p2a: Kilowattrel|Roost|p2a: Kilowattrel\n|-heal|p2a: Kilowattrel|158/252\n|-singleturn|p2a: Kilowattrel|move: Roost\n|\n|upkeep\n|turn|53\n|inactive|Time left: 300 sec this turn | 300 sec total\n|\n|t:|1783558955\n|move|p1a: Dragapult|Dragon Darts|p2a: Kilowattrel\n|-crit|p2a: Kilowattrel\n|-damage|p2a: Kilowattrel|62/252\n|-anim|p1a: Dragapult|Dragon Darts|p2a: Kilowattrel\n|-damage|p2a: Kilowattrel|0 fnt\n|faint|p2a: Kilowattrel\n|\n|win|p0x1699893e", "uploadtime": 1783558955, "views": 0, "rating": 0, "private": 0, "password": null, "_winner": "p0x1699893e", "_our_name": "p0y1699f539"}