{"id": "battle-gen9randombattle-713", "formatid": "gen9randombattle", "format": "[Gen 9] Random Battle", "players": ["p0x713dd95", "p0y7136e65"], "log": "|init|battle\n|title|p0x713dd95 vs. p0y7136e65\n|j|\u2606p0x713dd95\n|j|\u2606p0y7136e65\n|t:|1783548096\n|gametype|singles\n|player|p1|p0x713dd95|169|\n|player|p2|p0y7136e65|265|\n|gen|9\n|tier|[Gen 9] Random Battle\n|rule|Species Clause: Limit one of each Pok\u00e9mon\n|rule|HP Percentage Mod: HP is shown in percentages\n|rule|Sleep Clause Mod: Limit one foe put to sleep\n|rule|Illusion Level Mod: Illusion disguises the Pok\u00e9mon's true level\n|\n|t:|1783548096\n|teamsize|p1|6\n|teamsize|p2|6\n|start\n|switch|p1a: Jumpluff|Jumpluff, L87, M|100/100\n|switch|p2a: Urshifu|Urshifu-Rapid-Strike, L75, M|274/274\n|turn|1\n|inactive|Battle timer is ON: inactive players will automatically lose when time's up. (requested by p0x713dd95)\n|inactive|Time left: 300 sec this turn | 300 sec total | 60 sec grace\n|\n|t:|1783548097\n|move|p1a: Jumpluff|Acrobatics|p2a: Urshifu\n|-supereffective|p2a: Urshifu\n|-damage|p2a: Urshifu|118/274\n|move|p2a: Urshifu|Ice Spinner|p1a: Jumpluff\n|-supereffective|p1a: Jumpluff\n|-damage|p1a: Jumpluff|0 fnt\n|faint|p1a: Jumpluff\n|-damage|p2a: Urshifu|91/274|[from] item: Life Orb\n|\n|upkeep\n|inactive|p0y7136e65 also wants the timer to be on.\n|\n|t:|1783548098\n|switch|p1a: Miraidon|Miraidon, L65|100/100\n|-fieldstart|move: Electric Terrain|[from] ability: Hadron Engine|[of] p1a: Miraidon\n|turn|2\n|inactive|Time left: 300 sec this turn | 300 sec total\n|\n|t:|1783548100\n|switch|p2a: Scovillain|Scovillain, L91, M|266/266\n|move|p1a: Miraidon|Electro Drift|p2a: Scovillain\n|-resisted|p2a: Scovillain\n|-damage|p2a: Scovillain|139/266\n|\n|upkeep\n|turn|3\n|inactive|Time left: 300 sec this turn | 300 sec total\n|\n|t:|1783548101\n|move|p2a: Scovillain|Flamethrower|p1a: Miraidon\n|-resisted|p1a: Miraidon\n|-damage|p1a: Miraidon|74/100\n|move|p1a: Miraidon|Electro Drift|p2a: Scovillain\n|-resisted|p2a: Scovillain\n|-damage|p2a: Scovillain|1/266\n|\n|upkeep\n|turn|4\n|inactive|Time left: 300 sec this turn | 300 sec total\n|\n|t:|1783548102\n|move|p2a: Scovillain|Flamethrower|p1a: Miraidon\n|-resisted|p1a: Miraidon\n|-damage|p1a: Miraidon|46/100\n|move|p1a: Miraidon|Electro Drift|p2a: Scovillain\n|-resisted|p2a: Scovillain\n|-damage|p2a: Scovillain|0 fnt\n|faint|p2a: Scovillain\n|\n|upkeep\n|inactive|Time left: 300 sec this turn | 300 sec total | 5 sec grace\n|\n|t:|1783548103\n|switch|p2a: Meowscarada|Meowscarada, L78, F|247/247\n|turn|5\n|inactive|Time left: 300 sec this turn | 300 sec total\n|\n|t:|1783548104\n|switch|p1a: Dunsparce|Dunsparce, L86, F|100/100\n|move|p2a: Meowscarada|Knock Off|p1a: Dunsparce\n|-start|p2a: Meowscarada|typechange|Dark|[from] ability: Protean\n|-damage|p1a: Dunsparce|71/100\n|-enditem|p1a: Dunsparce|Eviolite|[from] move: Knock Off|[of] p2a: Meowscarada\n|-damage|p2a: Meowscarada|223/247|[from] item: Life Orb\n|\n|upkeep\n|turn|6\n|inactive|Time left: 300 sec this turn | 300 sec total\n|\n|t:|1783548105\n|switch|p2a: Espathra|Espathra, L80, F|283/283\n|move|p1a: Dunsparce|Body Slam|p2a: Espathra\n|-damage|p2a: Espathra|183/283\n|\n|-fieldend|move: Electric Terrain\n|upkeep\n|turn|7\n|inactive|Time left: 300 sec this turn | 300 sec total\n|\n|t:|1783548106\n|move|p2a: Espathra|Lumina Crash|p1a: Dunsparce\n|-damage|p1a: Dunsparce|24/100\n|-unboost|p1a: Dunsparce|spd|2\n|move|p1a: Dunsparce|Body Slam|p2a: Espathra\n|-damage|p2a: Espathra|72/283\n|\n|-ability|p2a: Espathra|Speed Boost|boost\n|-boost|p2a: Espathra|spe|1\n|upkeep\n|turn|8\n|inactive|Time left: 300 sec this turn | 300 sec total\n|\n|t:|1783548107\n|switch|p1a: Mandibuzz|Mandibuzz, L85, F|100/100\n|move|p2a: Espathra|Lumina Crash|p1a: Mandibuzz\n|-immune|p1a: Mandibuzz\n|\n|-ability|p2a: Espathra|Speed Boost|boost\n|-boost|p2a: Espathra|spe|1\n|upkeep\n|turn|9\n|inactive|Time left: 300 sec this turn | 300 sec total\n|\n|t:|1783548108\n|switch|p2a: Cobalion|Cobalion, L80|277/277\n|move|p1a: Mandibuzz|Foul Play|p2a: Cobalion\n|-resisted|p2a: Cobalion\n|-damage|p2a: Cobalion|239/277\n|-ability|p2a: Cobalion|Justified|boost\n|-boost|p2a: Cobalion|atk|1\n|\n|upkeep\n|turn|10\n|inactive|Time left: 300 sec this turn | 300 sec total\n|\n|t:|1783548109\n|switch|p1a: Iron Crown|Iron Crown, L78|100/100\n|move|p2a: Cobalion|Swords Dance|p2a: Cobalion\n|-boost|p2a: Cobalion|atk|2\n|\n|upkeep\n|turn|11\n|inactive|Time left: 300 sec this turn | 300 sec total\n|\n|t:|1783548110\n|-end|p1a: Iron Crown|Quark Drive|[silent]\n|switch|p1a: Dunsparce|Dunsparce, L86, F|24/100\n|move|p2a: Cobalion|Close Combat|p1a: Dunsparce\n|-supereffective|p1a: Dunsparce\n|-damage|p1a: Dunsparce|0 fnt\n|-unboost|p2a: Cobalion|def|1\n|-unboost|p2a: Cobalion|spd|1\n|faint|p1a: Dunsparce\n|-damage|p2a: Cobalion|212/277|[from] item: Life Orb\n|\n|upkeep\n|\n|t:|1783548112\n|switch|p1a: Duraludon|Duraludon, L82, F|100/100\n|turn|12\n|inactive|Time left: 300 sec this turn | 300 sec total\n|\n|t:|1783548113\n|-terastallize|p1a: Duraludon|Fighting\n|move|p2a: Cobalion|Close Combat|p1a: Duraludon\n|-damage|p1a: Duraludon|20/100\n|-unboost|p2a: Cobalion|def|1\n|-unboost|p2a: Cobalion|spd|1\n|-damage|p2a: Cobalion|185/277|[from] item: Life Orb\n|move|p1a: Duraludon|Body Press|p2a: Cobalion\n|-supereffective|p2a: Cobalion\n|-damage|p2a: Cobalion|0 fnt\n|faint|p2a: Cobalion\n|\n|upkeep\n|inactive|Time left: 300 sec this turn | 300 sec total | 5 sec grace\n|\n|t:|1783548114\n|switch|p2a: Espathra|Espathra, L80, F|72/283\n|turn|13\n|inactive|Time left: 300 sec this turn | 300 sec total\n|\n|t:|1783548115\n|switch|p1a: Mandibuzz|Mandibuzz, L85, F|100/100\n|move|p2a: Espathra|Shadow Ball|p1a: Mandibuzz\n|-resisted|p1a: Mandibuzz\n|-damage|p1a: Mandibuzz|89/100\n|\n|-ability|p2a: Espathra|Speed Boost|boost\n|-boost|p2a: Espathra|spe|1\n|upkeep\n|turn|14\n|inactive|Time left: 300 sec this turn | 300 sec total\n|\n|t:|1783548116\n|switch|p2a: Urshifu|Urshifu-Rapid-Strike, L75, M|91/274\n|move|p1a: Mandibuzz|Foul Play|p2a: Urshifu\n|-resisted|p2a: Urshifu\n|-damage|p2a: Urshifu|33/274\n|\n|upkeep\n|turn|15\n|inactive|Time left: 300 sec this turn | 300 sec total\n|\n|t:|1783548117\n|move|p2a: Urshifu|Close Combat|p1a: Mandibuzz\n|-damage|p1a: Mandibuzz|45/100\n|-unboost|p2a: Urshifu|def|1\n|-unboost|p2a: Urshifu|spd|1\n|-damage|p2a: Urshifu|6/274|[from] item: Life Orb\n|move|p1a: Mandibuzz|Foul Play|p2a: Urshifu\n|-resisted|p2a: Urshifu\n|-damage|p2a: Urshifu|0 fnt\n|faint|p2a: Urshifu\n|\n|upkeep\n|inactive|Time left: 300 sec this turn | 300 sec total | 5 sec grace\n|\n|t:|1783548118\n|switch|p2a: Espathra|Espathra, L80, F|72/283\n|turn|16\n|inactive|Time left: 300 sec this turn | 300 sec total\n|\n|t:|1783548119\n|switch|p1a: Iron Crown|Iron Crown, L78|100/100\n|move|p2a: Espathra|Dazzling Gleam|p1a: Iron Crown\n|-resisted|p1a: Iron Crown\n|-damage|p1a: Iron Crown|87/100\n|\n|-heal|p1a: Iron Crown|93/100|[from] item: Leftovers\n|-ability|p2a: Espathra|Speed Boost|boost\n|-boost|p2a: Espathra|spe|1\n|upkeep\n|turn|17\n|inactive|Time left: 300 sec this turn | 300 sec total\n|\n|t:|1783548120\n|move|p2a: Espathra|Dazzling Gleam|p1a: Iron Crown\n|-resisted|p1a: Iron Crown\n|-damage|p1a: Iron Crown|78/100\n|move|p1a: Iron Crown|Tachyon Cutter|p2a: Espathra\n|-damage|p2a: Espathra|0 fnt\n|faint|p2a: Espathra\n|-hitcount|p2: Espathra|1\n|\n|-heal|p1a: Iron Crown|84/100|[from] item: Leftovers\n|upkeep\n|inactive|Time left: 300 sec this turn | 300 sec total | 5 sec grace\n|\n|t:|1783548121\n|switch|p2a: Meowscarada|Meowscarada, L78, F|223/247\n|turn|18\n|inactive|Time left: 300 sec this turn | 300 sec total\n|\n|t:|1783548122\n|-end|p1a: Iron Crown|Quark Drive|[silent]\n|switch|p1a: Mandibuzz|Mandibuzz, L85, F|45/100\n|move|p2a: Meowscarada|Knock Off|p1a: Mandibuzz\n|-start|p2a: Meowscarada|typechange|Dark|[from] ability: Protean\n|-resisted|p1a: Mandibuzz\n|-damage|p1a: Mandibuzz|27/100\n|-enditem|p1a: Mandibuzz|Heavy-Duty Boots|[from] move: Knock Off|[of] p2a: Meowscarada\n|-damage|p2a: Meowscarada|199/247|[from] item: Life Orb\n|\n|upkeep\n|turn|19\n|inactive|Time left: 300 sec this turn | 300 sec total\n|\n|t:|1783548123\n|move|p2a: Meowscarada|Triple Axel|p1a: Mandibuzz|[miss]\n|-miss|p2a: Meowscarada|p1a: Mandibuzz\n|move|p1a: Mandibuzz|Roost|p1a: Mandibuzz\n|-heal|p1a: Mandibuzz|77/100\n|-singleturn|p1a: Mandibuzz|move: Roost\n|\n|upkeep\n|turn|20\n|inactive|Time left: 300 sec this turn | 300 sec total\n|\n|t:|1783548124\n|move|p2a: Meowscarada|Triple Axel|p1a: Mandibuzz\n|-supereffective|p1a: Mandibuzz\n|-damage|p1a: Mandibuzz|68/100\n|-supereffective|p1a: Mandibuzz\n|-damage|p1a: Mandibuzz|47/100\n|-hitcount|p1a: Mandibuzz|2\n|-damage|p2a: Meowscarada|175/247|[from] item: Life Orb\n|move|p1a: Mandibuzz|Toxic|p2a: Meowscarada\n|-status|p2a: Meowscarada|tox\n|\n|-damage|p2a: Meowscarada|160/247 tox|[from] psn\n|upkeep\n|turn|21\n|inactive|Time left: 300 sec this turn | 300 sec total\n|\n|t:|1783548125\n|switch|p1a: Iron Crown|Iron Crown, L78|84/100\n|move|p2a: Meowscarada|Triple Axel|p1a: Iron Crown\n|-resisted|p1a: Iron Crown\n|-damage|p1a: Iron Crown|80/100\n|-resisted|p1a: Iron Crown\n|-damage|p1a: Iron Crown|74/100\n|-resisted|p1a: Iron Crown\n|-damage|p1a: Iron Crown|65/100\n|-hitcount|p1a: Iron Crown|3\n|-damage|p2a: Meowscarada|136/247 tox|[from] item: Life Orb\n|\n|-heal|p1a: Iron Crown|71/100|[from] item: Leftovers\n|-damage|p2a: Meowscarada|106/247 tox|[from] psn\n|upkeep\n|turn|22\n|inactive|Time left: 300 sec this turn | 300 sec total\n|\n|t:|1783548126\n|-end|p1a: Iron Crown|Quark Drive|[silent]\n|switch|p1a: Mandibuzz|Mandibuzz, L85, F|47/100\n|move|p2a: Meowscarada|Knock Off|p1a: Mandibuzz\n|-resisted|p1a: Mandibuzz\n|-damage|p1a: Mandibuzz|35/100\n|-damage|p2a: Meowscarada|82/247 tox|[from] item: Life Orb\n|\n|-damage|p2a: Meowscarada|37/247 tox|[from] psn\n|upkeep\n|turn|23\n|inactive|Time left: 300 sec this turn | 300 sec total\n|\n|t:|1783548127\n|move|p2a: Meowscarada|Triple Axel|p1a: Mandibuzz\n|-supereffective|p1a: Mandibuzz\n|-damage|p1a: Mandibuzz|26/100\n|-supereffective|p1a: Mandibuzz\n|-damage|p1a: Mandibuzz|7/100\n|-supereffective|p1a: Mandibuzz\n|-damage|p1a: Mandibuzz|0 fnt\n|faint|p1a: Mandibuzz\n|-hitcount|p1: Mandibuzz|3\n|-damage|p2a: Meowscarada|13/247 tox|[from] item: Life Orb\n|\n|-damage|p2a: Meowscarada|0 fnt|[from] psn\n|faint|p2a: Meowscarada\n|upkeep\n|inactive|Time left: 300 sec this turn | 300 sec total | 5 sec grace\n|\n|t:|1783548129\n|switch|p2a: Terapagos|Terapagos, L77, M|265/265\n|switch|p1a: Miraidon|Miraidon, L65|46/100\n|-activate|p2a: Terapagos|ability: Tera Shift\n|detailschange|p2a: Terapagos|Terapagos-Terastal, L77, M\n|-heal|p2a: Terapagos|273/273|[silent]\n|-fieldstart|move: Electric Terrain|[from] ability: Hadron Engine|[of] p1a: Miraidon\n|turn|24\n|inactive|Time left: 300 sec this turn | 300 sec total\n|\n|t:|1783548130\n|move|p1a: Miraidon|Electro Drift|p2a: Terapagos\n|-activate|p2a: Terapagos|ability: Tera Shell\n|-activate|p2a: Terapagos|ability: Tera Shell\n|-resisted|p2a: Terapagos\n|-damage|p2a: Terapagos|171/273\n|move|p2a: Terapagos|Rapid Spin|p1a: Miraidon\n|-damage|p1a: Miraidon|26/100\n|-boost|p2a: Terapagos|spe|1\n|\n|upkeep\n|turn|25\n|inactive|Time left: 300 sec this turn | 300 sec total\n|\n|t:|1783548131\n|move|p2a: Terapagos|Tera Starstorm|p1a: Miraidon\n|-damage|p1a: Miraidon|0 fnt\n|faint|p1a: Miraidon\n|\n|upkeep\n|\n|t:|1783548132\n|switch|p1a: Iron Crown|Iron Crown, L78|71/100\n|-activate|p1a: Iron Crown|ability: Quark Drive\n|-start|p1a: Iron Crown|quarkdrivespa\n|turn|26\n|inactive|Time left: 300 sec this turn | 300 sec total\n|\n|t:|1783548133\n|-terastallize|p2a: Terapagos|Stellar\n|detailschange|p2a: Terapagos|Terapagos-Stellar, L77, M, tera:Stellar\n|-heal|p2a: Terapagos|271/373|[silent]\n|-ability|p2a: Terapagos|Teraform Zero\n|-fieldend|move: Electric Terrain\n|-end|p1a: Iron Crown|Quark Drive\n|move|p2a: Terapagos|Dark Pulse|p1a: Iron Crown\n|-supereffective|p1a: Iron Crown\n|-damage|p1a: Iron Crown|24/100\n|cant|p1a: Iron Crown|flinch\n|\n|-heal|p1a: Iron Crown|30/100|[from] item: Leftovers\n|upkeep\n|turn|27\n|inactive|Time left: 300 sec this turn | 300 sec total\n|\n|t:|1783548134\n|-end|p1a: Iron Crown|Quark Drive|[silent]\n|switch|p1a: Duraludon|Duraludon, L82, F, tera:Fighting|20/100\n|move|p2a: Terapagos|Dark Pulse|p1a: Duraludon\n|-resisted|p1a: Duraludon\n|-damage|p1a: Duraludon|6/100\n|\n|upkeep\n|turn|28\n|inactive|Time left: 300 sec this turn | 300 sec total\n|\n|t:|1783548135\n|move|p2a: Terapagos|Dark Pulse|p1a: Duraludon\n|-resisted|p1a: Duraludon\n|-damage|p1a: Duraludon|0 fnt\n|faint|p1a: Duraludon\n|\n|upkeep\n|\n|t:|1783548135\n|switch|p1a: Iron Crown|Iron Crown, L78|30/100\n|turn|29\n|inactive|Time left: 300 sec this turn | 300 sec total\n|\n|t:|1783548136\n|move|p2a: Terapagos|Dark Pulse|p1a: Iron Crown\n|-supereffective|p1a: Iron Crown\n|-damage|p1a: Iron Crown|0 fnt\n|faint|p1a: Iron Crown\n|-end|p1a: Iron Crown|Quark Drive|[silent]\n|\n|win|p0y7136e65", "uploadtime": 1783548136, "views": 0, "rating": 0, "private": 0, "password": null, "_winner": "p0y7136e65", "_our_name": "p0y7136e65"}