{"id": "battle-gen9randombattle-152", "formatid": "gen9randombattle", "format": "[Gen 9] Random Battle", "players": ["p0x1528d53", "p0y152de19"], "log": "|init|battle\n|title|p0x1528d53 vs. p0y152de19\n|j|\u2606p0x1528d53\n|j|\u2606p0y152de19\n|t:|1783535019\n|gametype|singles\n|player|p1|p0x1528d53|2|\n|player|p2|p0y152de19|266|\n|gen|9\n|tier|[Gen 9] Random Battle\n|rule|Species Clause: Limit one of each Pok\u00e9mon\n|rule|HP Percentage Mod: HP is shown in percentages\n|rule|Sleep Clause Mod: Limit one foe put to sleep\n|rule|Illusion Level Mod: Illusion disguises the Pok\u00e9mon's true level\n|\n|t:|1783535019\n|teamsize|p1|6\n|teamsize|p2|6\n|start\n|switch|p1a: Enamorus|Enamorus-Therian, L83, F|259/259\n|switch|p2a: Terrakion|Terrakion, L79|100/100\n|turn|1\n|inactive|Battle timer is ON: inactive players will automatically lose when time's up. (requested by p0y152de19)\n|inactive|Time left: 300 sec this turn | 300 sec total | 60 sec grace\n|inactive|p0x1528d53 also wants the timer to be on.\n|\n|t:|1783535020\n|move|p2a: Terrakion|Stone Edge|p1a: Enamorus\n|-supereffective|p1a: Enamorus\n|-crit|p1a: Enamorus\n|-damage|p1a: Enamorus|0 fnt\n|faint|p1a: Enamorus\n|-damage|p2a: Terrakion|91/100|[from] item: Life Orb\n|\n|upkeep\n|inactive|Time left: 300 sec this turn | 300 sec total | 65 sec grace\n|\n|t:|1783535021\n|switch|p1a: Wugtrio|Wugtrio, L91, M|212/212\n|turn|2\n|inactive|Time left: 300 sec this turn | 300 sec total\n|\n|t:|1783535022\n|-terastallize|p2a: Terrakion|Fighting\n|move|p1a: Wugtrio|Liquidation|p2a: Terrakion\n|-damage|p2a: Terrakion|34/100\n|move|p2a: Terrakion|Close Combat|p1a: Wugtrio\n|-damage|p1a: Wugtrio|0 fnt\n|-unboost|p2a: Terrakion|def|1\n|-unboost|p2a: Terrakion|spd|1\n|-ability|p1a: Wugtrio|Gooey\n|-unboost|p2a: Terrakion|spe|1\n|faint|p1a: Wugtrio\n|-damage|p2a: Terrakion|24/100|[from] item: Life Orb\n|\n|upkeep\n|inactive|Time left: 300 sec this turn | 300 sec total | 5 sec grace\n|\n|t:|1783535023\n|switch|p1a: Magnezone|Magnezone, L85|258/258\n|turn|3\n|inactive|Time left: 300 sec this turn | 300 sec total\n|\n|t:|1783535024\n|move|p1a: Magnezone|Flash Cannon|p2a: Terrakion\n|-damage|p2a: Terrakion|0 fnt\n|faint|p2a: Terrakion\n|\n|upkeep\n|\n|t:|1783535025\n|switch|p2a: Masquerain|Masquerain, L87, F|100/100\n|-ability|p2a: Masquerain|Intimidate|boost\n|-unboost|p1a: Magnezone|atk|1\n|turn|4\n|inactive|Time left: 300 sec this turn | 300 sec total\n|\n|t:|1783535026\n|move|p1a: Magnezone|Flash Cannon|p2a: Masquerain\n|-damage|p2a: Masquerain|60/100\n|move|p2a: Masquerain|Sticky Web|p1a: Magnezone\n|-sidestart|p1: p0x1528d53|move: Sticky Web\n|\n|upkeep\n|turn|5\n|inactive|Time left: 300 sec this turn | 300 sec total\n|\n|t:|1783535027\n|switch|p1a: Tatsugiri|Tatsugiri, L87, M|260/260\n|switch|p2a: Basculin|Basculin, L86, M|100/100\n|\n|upkeep\n|turn|6\n|inactive|Time left: 300 sec this turn | 300 sec total\n|\n|t:|1783535028\n|move|p2a: Basculin|Double-Edge|p1a: Tatsugiri\n|-damage|p1a: Tatsugiri|91/260\n|-damage|p2a: Basculin|79/100|[from] Recoil\n|move|p1a: Tatsugiri|Rapid Spin|p2a: Basculin\n|-crit|p2a: Basculin\n|-damage|p2a: Basculin|62/100\n|-boost|p1a: Tatsugiri|spe|1\n|-sideend|p1: p0x1528d53|Sticky Web|[from] move: Rapid Spin|[of] p1a: Tatsugiri\n|\n|upkeep\n|turn|7\n|inactive|Time left: 300 sec this turn | 300 sec total\n|\n|t:|1783535029\n|move|p1a: Tatsugiri|Draco Meteor|p2a: Basculin\n|-damage|p2a: Basculin|0 fnt\n|-unboost|p1a: Tatsugiri|spa|2\n|faint|p2a: Basculin\n|\n|upkeep\n|\n|t:|1783535030\n|switch|p2a: Iron Jugulis|Iron Jugulis, L77|100/100\n|turn|8\n|inactive|Time left: 300 sec this turn | 300 sec total\n|\n|t:|1783535031\n|move|p1a: Tatsugiri|Draco Meteor|p2a: Iron Jugulis\n|-damage|p2a: Iron Jugulis|65/100\n|-unboost|p1a: Tatsugiri|spa|2\n|move|p2a: Iron Jugulis|Dark Pulse|p1a: Tatsugiri\n|-damage|p1a: Tatsugiri|0 fnt\n|faint|p1a: Tatsugiri\n|\n|upkeep\n|inactive|Time left: 300 sec this turn | 300 sec total | 5 sec grace\n|\n|t:|1783535032\n|switch|p1a: Magnezone|Magnezone, L85|258/258\n|turn|9\n|inactive|Time left: 300 sec this turn | 300 sec total\n|\n|t:|1783535033\n|move|p1a: Magnezone|Thunderbolt|p2a: Iron Jugulis\n|-supereffective|p2a: Iron Jugulis\n|-damage|p2a: Iron Jugulis|0 fnt\n|faint|p2a: Iron Jugulis\n|-end|p2a: Iron Jugulis|Quark Drive|[silent]\n|\n|upkeep\n|\n|t:|1783535034\n|switch|p2a: Haxorus|Haxorus, L77, F|100/100\n|-ability|p2a: Haxorus|Mold Breaker\n|turn|10\n|inactive|Time left: 300 sec this turn | 300 sec total\n|\n|t:|1783535035\n|move|p1a: Magnezone|Thunderbolt|p2a: Haxorus\n|-resisted|p2a: Haxorus\n|-damage|p2a: Haxorus|68/100\n|-status|p2a: Haxorus|par\n|cant|p2a: Haxorus|par\n|\n|upkeep\n|turn|11\n|inactive|Time left: 300 sec this turn | 300 sec total\n|\n|t:|1783535036\n|move|p1a: Magnezone|Thunderbolt|p2a: Haxorus\n|-resisted|p2a: Haxorus\n|-damage|p2a: Haxorus|33/100 par\n|move|p2a: Haxorus|Swords Dance|p2a: Haxorus\n|-boost|p2a: Haxorus|atk|2\n|\n|upkeep\n|turn|12\n|inactive|Time left: 300 sec this turn | 300 sec total\n|\n|t:|1783535037\n|-terastallize|p1a: Magnezone|Electric\n|move|p1a: Magnezone|Thunderbolt|p2a: Haxorus\n|-resisted|p2a: Haxorus\n|-damage|p2a: Haxorus|0 fnt\n|faint|p2a: Haxorus\n|\n|upkeep\n|\n|t:|1783535038\n|switch|p2a: Comfey|Comfey, L85, M|100/100\n|turn|13\n|inactive|Time left: 300 sec this turn | 300 sec total\n|\n|t:|1783535039\n|move|p1a: Magnezone|Thunderbolt|p2a: Comfey\n|-damage|p2a: Comfey|35/100\n|move|p2a: Comfey|Calm Mind|p2a: Comfey\n|-boost|p2a: Comfey|spa|1\n|-boost|p2a: Comfey|spd|1\n|\n|-heal|p2a: Comfey|41/100|[from] item: Leftovers\n|upkeep\n|turn|14\n|inactive|Time left: 300 sec this turn | 300 sec total\n|\n|t:|1783535040\n|move|p2a: Comfey|Giga Drain|p1a: Magnezone\n|-damage|p1a: Magnezone|188/258\n|-heal|p2a: Comfey|56/100|[from] drain|[of] p1a: Magnezone\n|move|p1a: Magnezone|Thunderbolt|p2a: Comfey\n|-damage|p2a: Comfey|18/100\n|\n|-heal|p2a: Comfey|24/100|[from] item: Leftovers\n|upkeep\n|turn|15\n|inactive|Time left: 300 sec this turn | 300 sec total\n|\n|t:|1783535041\n|move|p2a: Comfey|Draining Kiss|p1a: Magnezone\n|-damage|p1a: Magnezone|118/258\n|-heal|p2a: Comfey|48/100|[from] drain|[of] p1a: Magnezone\n|move|p1a: Magnezone|Thunderbolt|p2a: Comfey\n|-damage|p2a: Comfey|8/100\n|\n|-heal|p2a: Comfey|14/100|[from] item: Leftovers\n|upkeep\n|turn|16\n|inactive|Time left: 300 sec this turn | 300 sec total\n|\n|t:|1783535042\n|move|p2a: Comfey|Draining Kiss|p1a: Magnezone\n|-damage|p1a: Magnezone|40/258\n|-heal|p2a: Comfey|40/100|[from] drain|[of] p1a: Magnezone\n|move|p1a: Magnezone|Thunderbolt|p2a: Comfey\n|-crit|p2a: Comfey\n|-damage|p2a: Comfey|0 fnt\n|faint|p2a: Comfey\n|\n|upkeep\n|\n|t:|1783535043\n|switch|p2a: Masquerain|Masquerain, L87, F|60/100\n|-ability|p2a: Masquerain|Intimidate|boost\n|-unboost|p1a: Magnezone|atk|1\n|turn|17\n|inactive|Time left: 300 sec this turn | 300 sec total\n|\n|t:|1783535044\n|move|p1a: Magnezone|Thunderbolt|p2a: Masquerain\n|-supereffective|p2a: Masquerain\n|-crit|p2a: Masquerain\n|-damage|p2a: Masquerain|0 fnt\n|faint|p2a: Masquerain\n|\n|win|p0x1528d53", "uploadtime": 1783535044, "views": 0, "rating": 0, "private": 0, "password": null, "_winner": "p0x1528d53", "_our_name": "p0x1528d53"}