{"id": "battle-gen9randombattle-2853", "formatid": "gen9randombattle", "format": "[Gen 9] Random Battle", "players": ["p0x2853a8a5", "p0y28534ce6"], "log": "|init|battle\n|title|p0x2853a8a5 vs. p0y28534ce6\n|j|\u2606p0x2853a8a5\n|j|\u2606p0y28534ce6\n|t:|1783571930\n|gametype|singles\n|player|p1|p0x2853a8a5|265|\n|player|p2|p0y28534ce6|265|\n|gen|9\n|tier|[Gen 9] Random Battle\n|rule|Species Clause: Limit one of each Pok\u00e9mon\n|rule|HP Percentage Mod: HP is shown in percentages\n|rule|Sleep Clause Mod: Limit one foe put to sleep\n|rule|Illusion Level Mod: Illusion disguises the Pok\u00e9mon's true level\n|\n|t:|1783571930\n|teamsize|p1|6\n|teamsize|p2|6\n|start\n|switch|p1a: Tentacruel|Tentacruel, L84, F|100/100\n|switch|p2a: Swalot|Swalot, L90, M|326/326\n|turn|1\n|inactive|Battle timer is ON: inactive players will automatically lose when time's up. (requested by p0x2853a8a5)\n|inactive|Time left: 300 sec this turn | 300 sec total | 60 sec grace\n|inactive|p0y28534ce6 also wants the timer to be on.\n|\n|t:|1783571932\n|switch|p1a: Ho-Oh|Ho-Oh, L71|100/100\n|move|p2a: Swalot|Knock Off|p1a: Ho-Oh\n|-damage|p1a: Ho-Oh|75/100\n|-enditem|p1a: Ho-Oh|Heavy-Duty Boots|[from] move: Knock Off|[of] p2a: Swalot\n|\n|upkeep\n|turn|2\n|inactive|Time left: 300 sec this turn | 300 sec total\n|\n|t:|1783571933\n|switch|p2a: Mightyena|Mightyena, L96, F|290/290\n|-ability|p2a: Mightyena|Intimidate|boost\n|-unboost|p1a: Ho-Oh|atk|1\n|move|p1a: Ho-Oh|Sacred Fire|p2a: Mightyena\n|-damage|p2a: Mightyena|227/290\n|\n|upkeep\n|turn|3\n|inactive|Time left: 300 sec this turn | 300 sec total\n|\n|t:|1783571935\n|switch|p1a: Groudon|Groudon, L72|100/100\n|-weather|SunnyDay|[from] ability: Drought|[of] p1a: Groudon\n|move|p2a: Mightyena|Crunch|p1a: Groudon\n|-damage|p1a: Groudon|51/100\n|\n|-weather|SunnyDay|[upkeep]\n|-heal|p1a: Groudon|57/100|[from] item: Leftovers\n|upkeep\n|turn|4\n|inactive|Time left: 300 sec this turn | 300 sec total\n|\n|t:|1783571936\n|move|p2a: Mightyena|Crunch|p1a: Groudon\n|-damage|p1a: Groudon|7/100\n|move|p1a: Groudon|Precipice Blades|p2a: Mightyena\n|-damage|p2a: Mightyena|98/290\n|\n|-weather|SunnyDay|[upkeep]\n|-heal|p1a: Groudon|13/100|[from] item: Leftovers\n|upkeep\n|turn|5\n|inactive|Time left: 300 sec this turn | 300 sec total\n|\n|t:|1783571937\n|move|p2a: Mightyena|Crunch|p1a: Groudon\n|-damage|p1a: Groudon|0 fnt\n|faint|p1a: Groudon\n|\n|-weather|SunnyDay|[upkeep]\n|upkeep\n|\n|t:|1783571938\n|switch|p1a: Mabosstiff|Mabosstiff, L86, M|100/100\n|turn|6\n|inactive|Time left: 300 sec this turn | 300 sec total\n|\n|t:|1783571939\n|move|p1a: Mabosstiff|Play Rough|p2a: Mightyena\n|-supereffective|p2a: Mightyena\n|-damage|p2a: Mightyena|0 fnt\n|faint|p2a: Mightyena\n|\n|-weather|SunnyDay|[upkeep]\n|upkeep\n|inactive|Time left: 300 sec this turn | 300 sec total | 5 sec grace\n|\n|t:|1783571940\n|switch|p2a: Bellossom|Bellossom, L84, F|263/263\n|turn|7\n|inactive|Time left: 300 sec this turn | 300 sec total\n|\n|t:|1783571941\n|switch|p1a: Squawkabilly|Squawkabilly-White, L89, M|100/100\n|move|p2a: Bellossom|Quiver Dance|p2a: Bellossom\n|-boost|p2a: Bellossom|spa|1\n|-boost|p2a: Bellossom|spd|1\n|-boost|p2a: Bellossom|spe|1\n|\n|-weather|none\n|upkeep\n|turn|8\n|inactive|Time left: 300 sec this turn | 300 sec total\n|\n|t:|1783571942\n|-terastallize|p2a: Bellossom|Fairy\n|move|p1a: Squawkabilly|Parting Shot|p2a: Bellossom\n|-unboost|p2a: Bellossom|atk|1\n|-unboost|p2a: Bellossom|spa|1\n|\n|t:|1783571943\n|switch|p1a: Tentacruel|Tentacruel, L84, F|100/100|[from] Parting Shot\n|move|p2a: Bellossom|Quiver Dance|p2a: Bellossom\n|-boost|p2a: Bellossom|spa|1\n|-boost|p2a: Bellossom|spd|1\n|-boost|p2a: Bellossom|spe|1\n|\n|upkeep\n|turn|9\n|inactive|Time left: 300 sec this turn | 300 sec total\n|\n|t:|1783571943\n|move|p2a: Bellossom|Quiver Dance|p2a: Bellossom\n|-boost|p2a: Bellossom|spa|1\n|-boost|p2a: Bellossom|spd|1\n|-boost|p2a: Bellossom|spe|1\n|move|p1a: Tentacruel|Sludge Bomb|p2a: Bellossom\n|-supereffective|p2a: Bellossom\n|-damage|p2a: Bellossom|201/263\n|\n|-heal|p2a: Bellossom|217/263|[from] item: Leftovers\n|upkeep\n|turn|10\n|inactive|Time left: 300 sec this turn | 300 sec total\n|\n|t:|1783571944\n|move|p2a: Bellossom|Quiver Dance|p2a: Bellossom\n|-boost|p2a: Bellossom|spa|1\n|-boost|p2a: Bellossom|spd|1\n|-boost|p2a: Bellossom|spe|1\n|move|p1a: Tentacruel|Sludge Bomb|p2a: Bellossom\n|-supereffective|p2a: Bellossom\n|-damage|p2a: Bellossom|167/263\n|\n|-heal|p2a: Bellossom|183/263|[from] item: Leftovers\n|upkeep\n|turn|11\n|inactive|Time left: 300 sec this turn | 300 sec total\n|\n|t:|1783571945\n|move|p2a: Bellossom|Moonblast|p1a: Tentacruel\n|-resisted|p1a: Tentacruel\n|-crit|p1a: Tentacruel\n|-damage|p1a: Tentacruel|64/100\n|-unboost|p1a: Tentacruel|spa|1\n|move|p1a: Tentacruel|Sludge Bomb|p2a: Bellossom\n|-supereffective|p2a: Bellossom\n|-damage|p2a: Bellossom|151/263\n|-status|p2a: Bellossom|psn\n|\n|-heal|p2a: Bellossom|167/263 psn|[from] item: Leftovers\n|-damage|p2a: Bellossom|135/263 psn|[from] psn\n|upkeep\n|turn|12\n|inactive|Time left: 300 sec this turn | 300 sec total\n|\n|t:|1783571945\n|move|p2a: Bellossom|Moonblast|p1a: Tentacruel\n|-resisted|p1a: Tentacruel\n|-damage|p1a: Tentacruel|41/100\n|move|p1a: Tentacruel|Knock Off|p2a: Bellossom\n|-resisted|p2a: Bellossom\n|-damage|p2a: Bellossom|108/263 psn\n|-enditem|p2a: Bellossom|Leftovers|[from] move: Knock Off|[of] p1a: Tentacruel\n|\n|-damage|p2a: Bellossom|76/263 psn|[from] psn\n|upkeep\n|turn|13\n|inactive|Time left: 300 sec this turn | 300 sec total\n|\n|t:|1783571946\n|move|p2a: Bellossom|Moonblast|p1a: Tentacruel\n|-resisted|p1a: Tentacruel\n|-damage|p1a: Tentacruel|17/100\n|move|p1a: Tentacruel|Knock Off|p2a: Bellossom\n|-resisted|p2a: Bellossom\n|-damage|p2a: Bellossom|60/263 psn\n|\n|-damage|p2a: Bellossom|28/263 psn|[from] psn\n|upkeep\n|turn|14\n|inactive|Time left: 300 sec this turn | 300 sec total\n|\n|t:|1783571947\n|move|p2a: Bellossom|Giga Drain|p1a: Tentacruel\n|-damage|p1a: Tentacruel|0 fnt\n|-damage|p2a: Bellossom|5/263 psn|[from] ability: Liquid Ooze|[of] p1a: Tentacruel\n|faint|p1a: Tentacruel\n|\n|-damage|p2a: Bellossom|0 fnt|[from] psn\n|faint|p2a: Bellossom\n|upkeep\n|inactive|Time left: 300 sec this turn | 300 sec total | 5 sec grace\n|\n|t:|1783571947\n|switch|p1a: Squawkabilly|Squawkabilly-White, L89, M|100/100\n|switch|p2a: Swalot|Swalot, L90, M|326/326\n|turn|15\n|inactive|Time left: 300 sec this turn | 300 sec total\n|\n|t:|1783571948\n|move|p1a: Squawkabilly|Parting Shot|p2a: Swalot\n|-unboost|p2a: Swalot|atk|1\n|-unboost|p2a: Swalot|spa|1\n|\n|t:|1783571949\n|switch|p1a: Ho-Oh|Ho-Oh, L71|100/100|[from] Parting Shot\n|move|p2a: Swalot|Sludge Bomb|p1a: Ho-Oh\n|-damage|p1a: Ho-Oh|83/100\n|-status|p1a: Ho-Oh|psn\n|\n|-damage|p1a: Ho-Oh|70/100 psn|[from] psn\n|upkeep\n|turn|16\n|inactive|Time left: 300 sec this turn | 300 sec total\n|\n|t:|1783571950\n|switch|p2a: Medicham|Medicham, L86, M|243/243\n|move|p1a: Ho-Oh|Sacred Fire|p2a: Medicham\n|-damage|p2a: Medicham|141/243\n|\n|-damage|p1a: Ho-Oh|58/100 psn|[from] psn\n|upkeep\n|turn|17\n|inactive|Time left: 300 sec this turn | 300 sec total\n|\n|t:|1783571951\n|move|p2a: Medicham|Close Combat|p1a: Ho-Oh\n|-resisted|p1a: Ho-Oh\n|-damage|p1a: Ho-Oh|17/100 psn\n|-unboost|p2a: Medicham|def|1\n|-unboost|p2a: Medicham|spd|1\n|move|p1a: Ho-Oh|Brave Bird|p2a: Medicham\n|-supereffective|p2a: Medicham\n|-damage|p2a: Medicham|0 fnt\n|faint|p2a: Medicham\n|-damage|p1a: Ho-Oh|0 fnt|[from] Recoil\n|faint|p1a: Ho-Oh\n|\n|upkeep\n|inactive|Time left: 300 sec this turn | 300 sec total | 5 sec grace\n|\n|t:|1783571952\n|switch|p2a: Swalot|Swalot, L90, M|326/326\n|switch|p1a: Squawkabilly|Squawkabilly-White, L89, M|100/100\n|turn|18\n|inactive|Time left: 300 sec this turn | 300 sec total\n|\n|t:|1783571953\n|move|p1a: Squawkabilly|Parting Shot|p2a: Swalot\n|-unboost|p2a: Swalot|atk|1\n|-unboost|p2a: Swalot|spa|1\n|\n|t:|1783571954\n|switch|p1a: Mabosstiff|Mabosstiff, L86, M|100/100|[from] Parting Shot\n|move|p2a: Swalot|Sludge Bomb|p1a: Mabosstiff\n|-damage|p1a: Mabosstiff|77/100\n|\n|upkeep\n|turn|19\n|inactive|Time left: 300 sec this turn | 300 sec total\n|\n|t:|1783571955\n|move|p1a: Mabosstiff|Crunch|p2a: Swalot\n|-damage|p2a: Swalot|229/326\n|-unboost|p2a: Swalot|def|1\n|move|p2a: Swalot|Sludge Bomb|p1a: Mabosstiff\n|-damage|p1a: Mabosstiff|51/100\n|\n|-heal|p2a: Swalot|249/326|[from] item: Leftovers\n|upkeep\n|turn|20\n|inactive|Time left: 300 sec this turn | 300 sec total\n|\n|t:|1783571956\n|move|p1a: Mabosstiff|Crunch|p2a: Swalot\n|-damage|p2a: Swalot|104/326\n|-unboost|p2a: Swalot|def|1\n|move|p2a: Swalot|Thunder Wave|p1a: Mabosstiff\n|-status|p1a: Mabosstiff|par\n|\n|-heal|p2a: Swalot|124/326|[from] item: Leftovers\n|upkeep\n|turn|21\n|inactive|Time left: 300 sec this turn | 300 sec total\n|\n|t:|1783571957\n|move|p2a: Swalot|Sludge Bomb|p1a: Mabosstiff\n|-damage|p1a: Mabosstiff|28/100 par\n|move|p1a: Mabosstiff|Crunch|p2a: Swalot\n|-damage|p2a: Swalot|0 fnt\n|faint|p2a: Swalot\n|\n|upkeep\n|inactive|Time left: 300 sec this turn | 300 sec total | 5 sec grace\n|\n|t:|1783571958\n|switch|p2a: Zebstrika|Zebstrika, L87, F|272/272\n|turn|22\n|inactive|Time left: 300 sec this turn | 300 sec total\n|\n|t:|1783571959\n|move|p2a: Zebstrika|High Horsepower|p1a: Mabosstiff\n|-crit|p1a: Mabosstiff\n|-damage|p1a: Mabosstiff|0 fnt\n|faint|p1a: Mabosstiff\n|-damage|p2a: Zebstrika|245/272|[from] item: Life Orb\n|\n|upkeep\n|\n|t:|1783571960\n|switch|p1a: Zebstrika|Zebstrika, L87, M|100/100\n|turn|23\n|inactive|Time left: 300 sec this turn | 300 sec total\n|\n|t:|1783571961\n|-terastallize|p1a: Zebstrika|Ground\n|move|p2a: Zebstrika|Overheat|p1a: Zebstrika\n|-damage|p1a: Zebstrika|50/100\n|-unboost|p2a: Zebstrika|spa|2\n|-damage|p2a: Zebstrika|218/272|[from] item: Life Orb\n|move|p1a: Zebstrika|High Horsepower|p2a: Zebstrika\n|-supereffective|p2a: Zebstrika\n|-damage|p2a: Zebstrika|0 fnt\n|faint|p2a: Zebstrika\n|-damage|p1a: Zebstrika|41/100|[from] item: Life Orb\n|\n|upkeep\n|inactive|Time left: 300 sec this turn | 300 sec total | 5 sec grace\n|\n|t:|1783571962\n|switch|p2a: Calyrex|Calyrex-Shadow, L64|235/235\n|-ability|p2a: Calyrex|As One\n|-ability|p2a: Calyrex|Unnerve\n|turn|24\n|inactive|Time left: 300 sec this turn | 300 sec total\n|\n|t:|1783571963\n|move|p1a: Zebstrika|Volt Switch|p2a: Calyrex\n|-damage|p2a: Calyrex|132/235\n|-damage|p1a: Zebstrika|31/100|[from] item: Life Orb\n|\n|t:|1783571964\n|switch|p1a: Squawkabilly|Squawkabilly-White, L89, M|100/100|[from] Volt Switch\n|move|p2a: Calyrex|Astral Barrage|p1a: Squawkabilly\n|-immune|p1a: Squawkabilly\n|\n|upkeep\n|turn|25\n|inactive|Time left: 300 sec this turn | 300 sec total\n|\n|t:|1783571965\n|move|p2a: Calyrex|Psyshock|p1a: Squawkabilly\n|-damage|p1a: Squawkabilly|54/100\n|-damage|p2a: Calyrex|109/235|[from] item: Life Orb\n|move|p1a: Squawkabilly|Brave Bird|p2a: Calyrex\n|-damage|p2a: Calyrex|0 fnt\n|faint|p2a: Calyrex\n|-damage|p1a: Squawkabilly|42/100|[from] Recoil\n|\n|win|p0x2853a8a5", "uploadtime": 1783571965, "views": 0, "rating": 0, "private": 0, "password": null, "_winner": "p0x2853a8a5", "_our_name": "p0y28534ce6"}