{"id": "battle-gen9randombattle-1956", "formatid": "gen9randombattle", "format": "[Gen 9] Random Battle", "players": ["p0x19560cd7", "p0y19564c0d"], "log": "|init|battle\n|title|p0x19560cd7 vs. p0y19564c0d\n|j|\u2606p0x19560cd7\n|j|\u2606p0y19564c0d\n|t:|1783562616\n|gametype|singles\n|player|p1|p0x19560cd7|169|\n|player|p2|p0y19564c0d|169|\n|gen|9\n|tier|[Gen 9] Random Battle\n|rule|Species Clause: Limit one of each Pok\u00e9mon\n|rule|HP Percentage Mod: HP is shown in percentages\n|rule|Sleep Clause Mod: Limit one foe put to sleep\n|rule|Illusion Level Mod: Illusion disguises the Pok\u00e9mon's true level\n|\n|t:|1783562616\n|teamsize|p1|6\n|teamsize|p2|6\n|start\n|switch|p1a: Cyclizar|Cyclizar, L84, M|255/255\n|switch|p2a: Reshiram|Reshiram, L76|100/100\n|-ability|p2a: Reshiram|Turboblaze\n|turn|1\n|inactive|Battle timer is ON: inactive players will automatically lose when time's up. (requested by p0y19564c0d)\n|inactive|Time left: 300 sec this turn | 300 sec total | 60 sec grace\n|inactive|p0x19560cd7 also wants the timer to be on.\n|\n|t:|1783562618\n|move|p1a: Cyclizar|Shed Tail|p1a: Cyclizar\n|-start|p1a: Cyclizar|Substitute|[from] move: Shed Tail\n|-damage|p1a: Cyclizar|127/255\n|inactive|Time left: 300 sec this turn | 300 sec total | 65 sec grace\n|\n|t:|1783562620\n|switch|p1a: Overqwil|Overqwil, L82, M|274/274|[from] Shed Tail\n|-ability|p1a: Overqwil|Intimidate|boost\n|-unboost|p2a: Reshiram|atk|1\n|move|p2a: Reshiram|Outrage|p1a: Overqwil\n|-end|p1a: Overqwil|Substitute\n|\n|upkeep\n|turn|2\n|inactive|Time left: 300 sec this turn | 300 sec total\n|\n|t:|1783562621\n|move|p1a: Overqwil|Crunch|p2a: Reshiram\n|-damage|p2a: Reshiram|46/100\n|move|p2a: Reshiram|Outrage|p1a: Overqwil|[from] lockedmove\n|-damage|p1a: Overqwil|201/274\n|\n|upkeep\n|turn|3\n|inactive|Time left: 300 sec this turn | 300 sec total\n|\n|t:|1783562622\n|move|p1a: Overqwil|Crunch|p2a: Reshiram\n|-damage|p2a: Reshiram|0 fnt\n|faint|p2a: Reshiram\n|\n|upkeep\n|\n|t:|1783562623\n|switch|p2a: Clawitzer|Clawitzer, L87, F|100/100\n|turn|4\n|inactive|Time left: 300 sec this turn | 300 sec total\n|\n|t:|1783562624\n|move|p1a: Overqwil|Crunch|p2a: Clawitzer\n|-damage|p2a: Clawitzer|52/100\n|move|p2a: Clawitzer|Dragon Pulse|p1a: Overqwil\n|-damage|p1a: Overqwil|0 fnt\n|faint|p1a: Overqwil\n|\n|upkeep\n|inactive|Time left: 300 sec this turn | 300 sec total | 5 sec grace\n|\n|t:|1783562625\n|switch|p1a: Kyurem|Kyurem-Black, L71|295/295\n|-ability|p1a: Kyurem|Teravolt\n|turn|5\n|inactive|Time left: 300 sec this turn | 300 sec total\n|\n|t:|1783562627\n|move|p1a: Kyurem|Fusion Bolt|p2a: Clawitzer\n|-supereffective|p2a: Clawitzer\n|-damage|p2a: Clawitzer|0 fnt\n|faint|p2a: Clawitzer\n|\n|upkeep\n|\n|t:|1783562628\n|switch|p2a: Gouging Fire|Gouging Fire, L74|100/100\n|turn|6\n|inactive|Time left: 300 sec this turn | 300 sec total\n|\n|t:|1783562629\n|move|p2a: Gouging Fire|Outrage|p1a: Kyurem\n|-supereffective|p1a: Kyurem\n|-damage|p1a: Kyurem|53/295\n|move|p1a: Kyurem|Scale Shot|p2a: Gouging Fire\n|-supereffective|p2a: Gouging Fire\n|-damage|p2a: Gouging Fire|78/100\n|-supereffective|p2a: Gouging Fire\n|-damage|p2a: Gouging Fire|56/100\n|-supereffective|p2a: Gouging Fire\n|-damage|p2a: Gouging Fire|37/100\n|-supereffective|p2a: Gouging Fire\n|-damage|p2a: Gouging Fire|15/100\n|-hitcount|p2a: Gouging Fire|4\n|-unboost|p1a: Kyurem|def|1\n|-boost|p1a: Kyurem|spe|1\n|\n|upkeep\n|turn|7\n|inactive|Time left: 300 sec this turn | 300 sec total\n|\n|t:|1783562630\n|move|p1a: Kyurem|Icicle Spear|p2a: Gouging Fire\n|-damage|p2a: Gouging Fire|6/100\n|-damage|p2a: Gouging Fire|0 fnt\n|faint|p2a: Gouging Fire\n|-end|p2a: Gouging Fire|Protosynthesis|[silent]\n|-hitcount|p2: Gouging Fire|2\n|\n|upkeep\n|\n|t:|1783562631\n|switch|p2a: Donphan|Donphan, L84, F|100/100\n|turn|8\n|inactive|Time left: 300 sec this turn | 300 sec total\n|\n|t:|1783562632\n|move|p1a: Kyurem|Icicle Spear|p2a: Donphan\n|-supereffective|p2a: Donphan\n|-damage|p2a: Donphan|83/100\n|-supereffective|p2a: Donphan\n|-damage|p2a: Donphan|66/100\n|-supereffective|p2a: Donphan\n|-damage|p2a: Donphan|51/100\n|-supereffective|p2a: Donphan\n|-damage|p2a: Donphan|34/100\n|-supereffective|p2a: Donphan\n|-damage|p2a: Donphan|17/100\n|-hitcount|p2a: Donphan|5\n|move|p2a: Donphan|Rapid Spin|p1a: Kyurem\n|-damage|p1a: Kyurem|0 fnt\n|-boost|p2a: Donphan|spe|1\n|faint|p1a: Kyurem\n|\n|upkeep\n|inactive|Time left: 300 sec this turn | 300 sec total | 5 sec grace\n|\n|t:|1783562633\n|switch|p1a: Meowscarada|Meowscarada, L78, M|247/247\n|turn|9\n|inactive|Time left: 300 sec this turn | 300 sec total\n|\n|t:|1783562634\n|switch|p2a: Enamorus|Enamorus, L79, F|100/100\n|move|p1a: Meowscarada|Flower Trick|p2a: Enamorus\n|-start|p1a: Meowscarada|typechange|Grass|[from] ability: Protean\n|-resisted|p2a: Enamorus\n|-crit|p2a: Enamorus\n|-damage|p2a: Enamorus|66/100\n|-damage|p1a: Meowscarada|223/247|[from] item: Life Orb\n|\n|upkeep\n|turn|10\n|inactive|Time left: 300 sec this turn | 300 sec total\n|\n|t:|1783562635\n|switch|p2a: Meowstic|Meowstic, L89, M|100/100\n|move|p1a: Meowscarada|Triple Axel|p2a: Meowstic\n|-damage|p2a: Meowstic|94/100\n|-hitcount|p2a: Meowstic|1\n|-damage|p1a: Meowscarada|199/247|[from] item: Life Orb\n|\n|-heal|p2a: Meowstic|99/100|[from] item: Leftovers\n|upkeep\n|turn|11\n|inactive|Time left: 300 sec this turn | 300 sec total\n|\n|t:|1783562636\n|move|p1a: Meowscarada|Knock Off|p2a: Meowstic\n|-supereffective|p2a: Meowstic\n|-damage|p2a: Meowstic|28/100\n|-enditem|p2a: Meowstic|Leftovers|[from] move: Knock Off|[of] p1a: Meowscarada\n|-damage|p1a: Meowscarada|175/247|[from] item: Life Orb\n|move|p2a: Meowstic|Psychic Noise|p1a: Meowscarada\n|-damage|p1a: Meowscarada|82/247\n|-start|p1a: Meowscarada|move: Heal Block\n|\n|upkeep\n|turn|12\n|inactive|Time left: 300 sec this turn | 300 sec total\n|\n|t:|1783562637\n|move|p2a: Meowstic|Thunder Wave|p1a: Meowscarada\n|-status|p1a: Meowscarada|par\n|move|p1a: Meowscarada|Flower Trick|p2a: Meowstic\n|-crit|p2a: Meowstic\n|-damage|p2a: Meowstic|0 fnt\n|faint|p2a: Meowstic\n|-damage|p1a: Meowscarada|58/247 par|[from] item: Life Orb\n|\n|-end|p1a: Meowscarada|move: Heal Block\n|upkeep\n|\n|t:|1783562639\n|switch|p2a: Donphan|Donphan, L84, F|17/100\n|turn|13\n|inactive|Time left: 300 sec this turn | 300 sec total\n|\n|t:|1783562639\n|switch|p1a: Scream Tail|Scream Tail, L84|330/330\n|move|p2a: Donphan|Earthquake|p1a: Scream Tail\n|-damage|p1a: Scream Tail|221/330\n|\n|-heal|p1a: Scream Tail|241/330|[from] item: Leftovers\n|upkeep\n|turn|14\n|inactive|Time left: 300 sec this turn | 300 sec total\n|\n|t:|1783562640\n|move|p1a: Scream Tail|Dazzling Gleam|p2a: Donphan\n|-damage|p2a: Donphan|0 fnt\n|faint|p2a: Donphan\n|\n|-heal|p1a: Scream Tail|261/330|[from] item: Leftovers\n|upkeep\n|\n|t:|1783562641\n|switch|p2a: Enamorus|Enamorus, L79, F|66/100\n|turn|15\n|inactive|Time left: 300 sec this turn | 300 sec total\n|\n|t:|1783562642\n|move|p1a: Scream Tail|Dazzling Gleam|p2a: Enamorus\n|-damage|p2a: Enamorus|35/100\n|move|p2a: Enamorus|Calm Mind|p2a: Enamorus\n|-boost|p2a: Enamorus|spa|1\n|-boost|p2a: Enamorus|spd|1\n|\n|-heal|p1a: Scream Tail|281/330|[from] item: Leftovers\n|upkeep\n|turn|16\n|inactive|Time left: 300 sec this turn | 300 sec total\n|\n|t:|1783562643\n|move|p1a: Scream Tail|Dazzling Gleam|p2a: Enamorus\n|-damage|p2a: Enamorus|13/100\n|move|p2a: Enamorus|Mystical Fire|p1a: Scream Tail\n|-damage|p1a: Scream Tail|202/330\n|-unboost|p1a: Scream Tail|spa|1\n|\n|-heal|p1a: Scream Tail|222/330|[from] item: Leftovers\n|upkeep\n|turn|17\n|inactive|Time left: 300 sec this turn | 300 sec total\n|\n|t:|1783562644\n|-terastallize|p1a: Scream Tail|Steel\n|-terastallize|p2a: Enamorus|Ground\n|move|p1a: Scream Tail|Dazzling Gleam|p2a: Enamorus\n|-damage|p2a: Enamorus|0 fnt\n|faint|p2a: Enamorus\n|\n|win|p0x19560cd7", "uploadtime": 1783562644, "views": 0, "rating": 0, "private": 0, "password": null, "_winner": "p0x19560cd7", "_our_name": "p0x19560cd7"}