{"id": "battle-gen9randombattle-3", "formatid": "gen9randombattle", "format": "[Gen 9] Random Battle", "players": ["p0x004a0e9", "p0y004c139"], "log": "|init|battle\n|title|p0x004a0e9 vs. p0y004c139\n|j|\u2606p0x004a0e9\n|j|\u2606p0y004c139\n|t:|1783533862\n|gametype|singles\n|player|p1|p0x004a0e9|169|\n|player|p2|p0y004c139|266|\n|gen|9\n|tier|[Gen 9] Random Battle\n|rule|Species Clause: Limit one of each Pok\u00e9mon\n|rule|HP Percentage Mod: HP is shown in percentages\n|rule|Sleep Clause Mod: Limit one foe put to sleep\n|rule|Illusion Level Mod: Illusion disguises the Pok\u00e9mon's true level\n|\n|t:|1783533862\n|teamsize|p1|6\n|teamsize|p2|6\n|start\n|switch|p1a: Infernape|Infernape, L82, M|259/259\n|switch|p2a: Barraskewda|Barraskewda, L81, M|100/100\n|turn|1\n|inactive|Battle timer is ON: inactive players will automatically lose when time's up. (requested by p0x004a0e9)\n|inactive|p0y004c139 also wants the timer to be on.\n|\n|t:|1783533864\n|switch|p1a: Brambleghast|Brambleghast, L88, M|240/240\n|move|p2a: Barraskewda|Waterfall|p1a: Brambleghast\n|-resisted|p1a: Brambleghast\n|-damage|p1a: Brambleghast|156/240\n|\n|-heal|p1a: Brambleghast|171/240|[from] item: Leftovers\n|upkeep\n|turn|2\n|inactive|Time left: 300 sec this turn | 300 sec total\n|\n|t:|1783533865\n|move|p2a: Barraskewda|Waterfall|p1a: Brambleghast\n|-resisted|p1a: Brambleghast\n|-damage|p1a: Brambleghast|96/240\n|move|p1a: Brambleghast|Power Whip|p2a: Barraskewda\n|-supereffective|p2a: Barraskewda\n|-damage|p2a: Barraskewda|0 fnt\n|faint|p2a: Barraskewda\n|\n|-heal|p1a: Brambleghast|111/240|[from] item: Leftovers\n|upkeep\n|\n|t:|1783533866\n|switch|p2a: Cinderace|Cinderace, L77, F|100/100\n|turn|3\n|inactive|Time left: 300 sec this turn | 300 sec total\n|\n|t:|1783533867\n|switch|p1a: Dialga|Dialga-Origin, L73|266/266\n|-ability|p1a: Dialga|Pressure\n|move|p2a: Cinderace|Gunk Shot|p1a: Dialga\n|-start|p2a: Cinderace|typechange|Poison|[from] ability: Libero\n|-immune|p1a: Dialga\n|\n|upkeep\n|turn|4\n|inactive|Time left: 300 sec this turn | 300 sec total\n|\n|t:|1783533869\n|switch|p2a: Clodsire|Clodsire, L81, F|100/100\n|move|p1a: Dialga|Stealth Rock|p2a: Clodsire\n|-sidestart|p2: p0y004c139|move: Stealth Rock\n|\n|upkeep\n|turn|5\n|inactive|Time left: 300 sec this turn | 300 sec total\n|\n|t:|1783533870\n|switch|p1a: Brambleghast|Brambleghast, L88, M|111/240\n|move|p2a: Clodsire|Earthquake|p1a: Brambleghast\n|-resisted|p1a: Brambleghast\n|-damage|p1a: Brambleghast|66/240\n|\n|-heal|p1a: Brambleghast|81/240|[from] item: Leftovers\n|upkeep\n|turn|6\n|inactive|Time left: 300 sec this turn | 300 sec total\n|\n|t:|1783533871\n|move|p1a: Brambleghast|Poltergeist|p2a: Clodsire\n|-activate|p2a: Clodsire|move: Poltergeist|Leftovers\n|-crit|p2a: Clodsire\n|-damage|p2a: Clodsire|18/100\n|move|p2a: Clodsire|Gunk Shot|p1a: Brambleghast\n|-damage|p1a: Brambleghast|0 fnt\n|faint|p1a: Brambleghast\n|\n|-heal|p2a: Clodsire|24/100|[from] item: Leftovers\n|upkeep\n|inactive|Time left: 300 sec this turn | 300 sec total | 5 sec grace\n|\n|t:|1783533872\n|switch|p1a: Leavanny|Leavanny, L86, M|269/269\n|turn|7\n|inactive|Time left: 300 sec this turn | 300 sec total\n|\n|t:|1783533873\n|move|p1a: Leavanny|Knock Off|p2a: Clodsire\n|-damage|p2a: Clodsire|0 fnt\n|-enditem|p2a: Clodsire|Leftovers|[from] move: Knock Off|[of] p1a: Leavanny\n|faint|p2a: Clodsire\n|\n|upkeep\n|\n|t:|1783533874\n|switch|p2a: Cinderace|Cinderace, L77, F|100/100\n|-damage|p2a: Cinderace|76/100|[from] Stealth Rock\n|turn|8\n|inactive|Time left: 300 sec this turn | 300 sec total\n|\n|t:|1783533875\n|move|p2a: Cinderace|Pyro Ball|p1a: Leavanny\n|-supereffective|p1a: Leavanny\n|-damage|p1a: Leavanny|0 fnt\n|faint|p1a: Leavanny\n|\n|upkeep\n|inactive|Time left: 300 sec this turn | 300 sec total | 5 sec grace\n|\n|t:|1783533876\n|switch|p1a: Infernape|Infernape, L82, M|259/259\n|turn|9\n|inactive|Time left: 300 sec this turn | 300 sec total\n|\n|t:|1783533877\n|move|p2a: Cinderace|Pyro Ball|p1a: Infernape\n|-resisted|p1a: Infernape\n|-damage|p1a: Infernape|159/259\n|move|p1a: Infernape|Close Combat|p2a: Cinderace\n|-damage|p2a: Cinderace|0 fnt\n|-unboost|p1a: Infernape|def|1\n|-unboost|p1a: Infernape|spd|1\n|faint|p2a: Cinderace\n|-damage|p1a: Infernape|134/259|[from] item: Life Orb\n|\n|upkeep\n|\n|t:|1783533879\n|switch|p2a: Sunflora|Sunflora, F|100/100\n|-damage|p2a: Sunflora|88/100|[from] Stealth Rock\n|turn|10\n|inactive|Time left: 300 sec this turn | 300 sec total\n|\n|t:|1783533880\n|move|p1a: Infernape|Overheat|p2a: Sunflora\n|-supereffective|p2a: Sunflora\n|-damage|p2a: Sunflora|0 fnt\n|-unboost|p1a: Infernape|spa|2\n|faint|p2a: Sunflora\n|-damage|p1a: Infernape|109/259|[from] item: Life Orb\n|\n|upkeep\n|\n|t:|1783533881\n|switch|p2a: Pawmot|Pawmot, L80, M|100/100\n|-damage|p2a: Pawmot|94/100|[from] Stealth Rock\n|turn|11\n|inactive|Time left: 300 sec this turn | 300 sec total\n|\n|t:|1783533882\n|move|p1a: Infernape|Close Combat|p2a: Pawmot\n|-damage|p2a: Pawmot|16/100\n|-unboost|p1a: Infernape|def|1\n|-unboost|p1a: Infernape|spd|1\n|-damage|p1a: Infernape|84/259|[from] item: Life Orb\n|move|p2a: Pawmot|Close Combat|p1a: Infernape\n|-damage|p1a: Infernape|0 fnt\n|-unboost|p2a: Pawmot|def|1\n|-unboost|p2a: Pawmot|spd|1\n|faint|p1a: Infernape\n|-damage|p2a: Pawmot|6/100|[from] item: Life Orb\n|\n|upkeep\n|inactive|Time left: 300 sec this turn | 300 sec total | 5 sec grace\n|\n|t:|1783533883\n|switch|p1a: Probopass|Probopass, L91, M|257/257\n|turn|12\n|inactive|Time left: 300 sec this turn | 300 sec total\n|\n|t:|1783533884\n|-terastallize|p1a: Probopass|Fighting\n|move|p2a: Pawmot|Double Shock|p1a: Probopass\n|-damage|p1a: Probopass|139/257\n|-start|p2a: Pawmot|typechange|???/Fighting|[from] move: Double Shock\n|-damage|p2a: Pawmot|0 fnt|[from] item: Life Orb\n|faint|p2a: Pawmot\n|move|p1a: Probopass|Iron Defense|p1a: Probopass\n|-boost|p1a: Probopass|def|2\n|\n|upkeep\n|\n|t:|1783533885\n|switch|p2a: Ursaring|Ursaring, L84, F|100/100\n|-damage|p2a: Ursaring|88/100|[from] Stealth Rock\n|turn|13\n|inactive|Time left: 300 sec this turn | 300 sec total\n|\n|t:|1783533885\n|move|p2a: Ursaring|Swords Dance|p2a: Ursaring\n|-boost|p2a: Ursaring|atk|2\n|move|p1a: Probopass|Body Press|p2a: Ursaring\n|-supereffective|p2a: Ursaring\n|-damage|p2a: Ursaring|0 fnt\n|faint|p2a: Ursaring\n|\n|win|p0x004a0e9", "uploadtime": 1783533885, "views": 0, "rating": 0, "private": 0, "password": null, "_winner": "p0x004a0e9", "_our_name": "p0x004a0e9"}