{"id": "battle-gen9randombattle-66", "formatid": "gen9randombattle", "format": "[Gen 9] Random Battle", "players": ["p0x0665884", "p0y066a160"], "log": "|init|battle\n|title|p0x0665884 vs. p0y066a160\n|j|\u2606p0x0665884\n|j|\u2606p0y066a160\n|t:|1783540223\n|gametype|singles\n|player|p1|p0x0665884|101|\n|player|p2|p0y066a160|101|\n|gen|9\n|tier|[Gen 9] Random Battle\n|rule|Species Clause: Limit one of each Pok\u00e9mon\n|rule|HP Percentage Mod: HP is shown in percentages\n|rule|Sleep Clause Mod: Limit one foe put to sleep\n|rule|Illusion Level Mod: Illusion disguises the Pok\u00e9mon's true level\n|\n|t:|1783540223\n|teamsize|p1|6\n|teamsize|p2|6\n|start\n|switch|p1a: Oricorio|Oricorio, L84, F|100/100\n|switch|p2a: Bellibolt|Bellibolt, L84, M|320/320\n|turn|1\n|inactive|Battle timer is ON: inactive players will automatically lose when time's up. (requested by p0x0665884)\n|inactive|Time left: 300 sec this turn | 300 sec total | 60 sec grace\n|inactive|p0y066a160 also wants the timer to be on.\n|\n|t:|1783540225\n|move|p1a: Oricorio|Quiver Dance|p1a: Oricorio\n|-boost|p1a: Oricorio|spa|1\n|-boost|p1a: Oricorio|spd|1\n|-boost|p1a: Oricorio|spe|1\n|move|p2a: Bellibolt|Thunderbolt|p1a: Oricorio\n|-supereffective|p1a: Oricorio\n|-damage|p1a: Oricorio|43/100\n|\n|upkeep\n|turn|2\n|inactive|Time left: 300 sec this turn | 300 sec total\n|\n|t:|1783540226\n|move|p1a: Oricorio|Roost|p1a: Oricorio\n|-heal|p1a: Oricorio|94/100\n|-singleturn|p1a: Oricorio|move: Roost\n|move|p2a: Bellibolt|Thunderbolt|p1a: Oricorio\n|-damage|p1a: Oricorio|62/100\n|\n|upkeep\n|turn|3\n|inactive|Time left: 300 sec this turn | 300 sec total\n|\n|t:|1783540228\n|move|p1a: Oricorio|Quiver Dance|p1a: Oricorio\n|-boost|p1a: Oricorio|spa|1\n|-boost|p1a: Oricorio|spd|1\n|-boost|p1a: Oricorio|spe|1\n|move|p2a: Bellibolt|Volt Switch|p1a: Oricorio\n|-supereffective|p1a: Oricorio\n|-damage|p1a: Oricorio|30/100\n|inactive|Time left: 300 sec this turn | 300 sec total | 5 sec grace\n|\n|t:|1783540229\n|switch|p2a: Arcanine|Arcanine, L84, F|288/288|[from] Volt Switch\n|-ability|p2a: Arcanine|Intimidate|boost\n|-unboost|p1a: Oricorio|atk|1\n|\n|upkeep\n|turn|4\n|inactive|Time left: 300 sec this turn | 300 sec total\n|\n|t:|1783540230\n|-terastallize|p2a: Arcanine|Normal\n|move|p2a: Arcanine|Extreme Speed|p1a: Oricorio\n|-damage|p1a: Oricorio|0 fnt\n|faint|p1a: Oricorio\n|\n|upkeep\n|\n|t:|1783540231\n|switch|p1a: Koraidon|Koraidon, L64|100/100\n|-weather|SunnyDay|[from] ability: Orichalcum Pulse|[of] p1a: Koraidon\n|-activate|p1a: Koraidon|Orichalcum Pulse|[source]\n|turn|5\n|inactive|Time left: 300 sec this turn | 300 sec total\n|\n|t:|1783540232\n|move|p1a: Koraidon|Collision Course|p2a: Arcanine\n|-supereffective|p2a: Arcanine\n|-damage|p2a: Arcanine|0 fnt\n|faint|p2a: Arcanine\n|\n|-weather|SunnyDay|[upkeep]\n|upkeep\n|inactive|Time left: 300 sec this turn | 300 sec total | 5 sec grace\n|\n|t:|1783540233\n|switch|p2a: Groudon|Groudon, L72|263/263\n|turn|6\n|inactive|Time left: 300 sec this turn | 300 sec total\n|\n|t:|1783540234\n|move|p1a: Koraidon|Swords Dance|p1a: Koraidon\n|-boost|p1a: Koraidon|atk|2\n|move|p2a: Groudon|Precipice Blades|p1a: Koraidon\n|-damage|p1a: Koraidon|38/100\n|\n|-weather|SunnyDay|[upkeep]\n|upkeep\n|turn|7\n|inactive|Time left: 300 sec this turn | 300 sec total\n|\n|t:|1783540235\n|-terastallize|p1a: Koraidon|Fire\n|move|p1a: Koraidon|Flare Blitz|p2a: Groudon\n|-damage|p2a: Groudon|0 fnt\n|faint|p2a: Groudon\n|-damage|p1a: Koraidon|1/100|[from] Recoil\n|\n|-weather|SunnyDay|[upkeep]\n|upkeep\n|inactive|Time left: 300 sec this turn | 300 sec total | 5 sec grace\n|\n|t:|1783540236\n|switch|p2a: Virizion|Virizion, L82|283/283\n|turn|8\n|inactive|Time left: 300 sec this turn | 300 sec total\n|\n|t:|1783540237\n|move|p2a: Virizion|Leaf Blade|p1a: Koraidon\n|-resisted|p1a: Koraidon\n|-damage|p1a: Koraidon|0 fnt\n|faint|p1a: Koraidon\n|-damage|p2a: Virizion|255/283|[from] item: Life Orb\n|\n|-weather|SunnyDay|[upkeep]\n|upkeep\n|\n|t:|1783540238\n|switch|p1a: Copperajah|Copperajah, L86, F|100/100\n|turn|9\n|inactive|Time left: 300 sec this turn | 300 sec total\n|\n|t:|1783540238\n|move|p2a: Virizion|Close Combat|p1a: Copperajah\n|-supereffective|p1a: Copperajah\n|-damage|p1a: Copperajah|1/100\n|-unboost|p2a: Virizion|def|1\n|-unboost|p2a: Virizion|spd|1\n|-damage|p2a: Virizion|227/283|[from] item: Life Orb\n|move|p1a: Copperajah|Heat Crash|p2a: Virizion\n|-supereffective|p2a: Virizion\n|-damage|p2a: Virizion|0 fnt\n|faint|p2a: Virizion\n|\n|-weather|none\n|upkeep\n|inactive|Time left: 300 sec this turn | 300 sec total | 5 sec grace\n|\n|t:|1783540239\n|switch|p2a: Oricorio|Oricorio, L84, M|263/263\n|turn|10\n|inactive|Time left: 300 sec this turn | 300 sec total\n|\n|t:|1783540240\n|move|p2a: Oricorio|Quiver Dance|p2a: Oricorio\n|-boost|p2a: Oricorio|spa|1\n|-boost|p2a: Oricorio|spd|1\n|-boost|p2a: Oricorio|spe|1\n|move|p1a: Copperajah|Heat Crash|p2a: Oricorio\n|-resisted|p2a: Oricorio\n|-damage|p2a: Oricorio|164/263\n|\n|upkeep\n|turn|11\n|inactive|Time left: 300 sec this turn | 300 sec total\n|\n|t:|1783540241\n|move|p2a: Oricorio|Quiver Dance|p2a: Oricorio\n|-boost|p2a: Oricorio|spa|1\n|-boost|p2a: Oricorio|spd|1\n|-boost|p2a: Oricorio|spe|1\n|move|p1a: Copperajah|Heat Crash|p2a: Oricorio\n|-resisted|p2a: Oricorio\n|-damage|p2a: Oricorio|72/263\n|\n|upkeep\n|turn|12\n|inactive|Time left: 300 sec this turn | 300 sec total\n|\n|t:|1783540242\n|move|p2a: Oricorio|Roost|p2a: Oricorio\n|-heal|p2a: Oricorio|204/263\n|-singleturn|p2a: Oricorio|move: Roost\n|move|p1a: Copperajah|Heat Crash|p2a: Oricorio\n|-resisted|p2a: Oricorio\n|-damage|p2a: Oricorio|114/263\n|\n|upkeep\n|turn|13\n|inactive|Time left: 300 sec this turn | 300 sec total\n|\n|t:|1783540243\n|move|p2a: Oricorio|Roost|p2a: Oricorio\n|-heal|p2a: Oricorio|246/263\n|-singleturn|p2a: Oricorio|move: Roost\n|move|p1a: Copperajah|Heat Crash|p2a: Oricorio\n|-resisted|p2a: Oricorio\n|-damage|p2a: Oricorio|154/263\n|\n|upkeep\n|turn|14\n|inactive|Time left: 300 sec this turn | 300 sec total\n|\n|t:|1783540244\n|move|p2a: Oricorio|Revelation Dance|p1a: Copperajah\n|-supereffective|p1a: Copperajah\n|-damage|p1a: Copperajah|0 fnt\n|faint|p1a: Copperajah\n|\n|upkeep\n|\n|t:|1783540245\n|switch|p1a: Palafin|Palafin, L77, F|100/100\n|turn|15\n|inactive|Time left: 300 sec this turn | 300 sec total\n|\n|t:|1783540246\n|move|p1a: Palafin|Jet Punch|p2a: Oricorio\n|-supereffective|p2a: Oricorio\n|-damage|p2a: Oricorio|58/263\n|move|p2a: Oricorio|Hurricane|p1a: Palafin|[miss]\n|-miss|p2a: Oricorio|p1a: Palafin\n|\n|upkeep\n|turn|16\n|inactive|Time left: 300 sec this turn | 300 sec total\n|\n|t:|1783540247\n|switch|p2a: Decidueye|Decidueye, L88, F|281/281\n|move|p1a: Palafin|Jet Punch|p2a: Decidueye\n|-resisted|p2a: Decidueye\n|-damage|p2a: Decidueye|257/281\n|\n|upkeep\n|turn|17\n|inactive|Time left: 300 sec this turn | 300 sec total\n|\n|t:|1783540248\n|move|p1a: Palafin|Ice Punch|p2a: Decidueye\n|-supereffective|p2a: Decidueye\n|-damage|p2a: Decidueye|179/281\n|move|p2a: Decidueye|Spirit Shackle|p1a: Palafin\n|-damage|p1a: Palafin|43/100\n|-activate|p1a: Palafin|trapped\n|-damage|p2a: Decidueye|151/281|[from] item: Life Orb\n|\n|-heal|p1a: Palafin|49/100|[from] item: Leftovers\n|upkeep\n|turn|18\n|inactive|Time left: 300 sec this turn | 300 sec total\n|\n|t:|1783540249\n|move|p1a: Palafin|Ice Punch|p2a: Decidueye\n|-supereffective|p2a: Decidueye\n|-damage|p2a: Decidueye|71/281\n|-status|p2a: Decidueye|frz\n|-curestatus|p2a: Decidueye|frz|[msg]\n|move|p2a: Decidueye|Spirit Shackle|p1a: Palafin\n|-damage|p1a: Palafin|0 fnt\n|faint|p1a: Palafin\n|-damage|p2a: Decidueye|43/281|[from] item: Life Orb\n|\n|upkeep\n|\n|t:|1783540250\n|switch|p1a: Hitmonchan|Hitmonchan, L87, M|100/100\n|turn|19\n|inactive|Time left: 300 sec this turn | 300 sec total\n|\n|t:|1783540251\n|switch|p2a: Bellibolt|Bellibolt, L84, M|320/320\n|move|p1a: Hitmonchan|Knock Off|p2a: Bellibolt\n|-damage|p2a: Bellibolt|251/320\n|-start|p2a: Bellibolt|Charge|Knock Off|[from] ability: Electromorphosis\n|-enditem|p2a: Bellibolt|Leftovers|[from] move: Knock Off|[of] p1a: Hitmonchan\n|\n|upkeep\n|turn|20\n|inactive|Time left: 300 sec this turn | 300 sec total\n|\n|t:|1783540252\n|switch|p1a: Palossand|Palossand, L89, F|100/100\n|move|p2a: Bellibolt|Thunderbolt|p1a: Palossand\n|-immune|p1a: Palossand\n|-end|p2a: Bellibolt|Charge|[silent]\n|\n|upkeep\n|turn|21\n|inactive|Time left: 300 sec this turn | 300 sec total\n|\n|t:|1783540254\n|switch|p2a: Oricorio|Oricorio, L84, M|58/263\n|move|p1a: Palossand|Earth Power|p2a: Oricorio\n|-immune|p2a: Oricorio\n|\n|upkeep\n|turn|22\n|inactive|Time left: 300 sec this turn | 300 sec total\n|\n|t:|1783540255\n|move|p2a: Oricorio|Roost|p2a: Oricorio\n|-heal|p2a: Oricorio|190/263\n|-singleturn|p2a: Oricorio|move: Roost\n|move|p1a: Palossand|Shadow Ball|p2a: Oricorio\n|-damage|p2a: Oricorio|72/263\n|\n|upkeep\n|turn|23\n|inactive|Time left: 300 sec this turn | 300 sec total\n|\n|t:|1783540256\n|move|p2a: Oricorio|Roost|p2a: Oricorio\n|-heal|p2a: Oricorio|204/263\n|-singleturn|p2a: Oricorio|move: Roost\n|move|p1a: Palossand|Shadow Ball|p2a: Oricorio\n|-damage|p2a: Oricorio|81/263\n|\n|upkeep\n|turn|24\n|inactive|Time left: 300 sec this turn | 300 sec total\n|\n|t:|1783540257\n|move|p2a: Oricorio|Quiver Dance|p2a: Oricorio\n|-boost|p2a: Oricorio|spa|1\n|-boost|p2a: Oricorio|spd|1\n|-boost|p2a: Oricorio|spe|1\n|move|p1a: Palossand|Shadow Ball|p2a: Oricorio\n|-damage|p2a: Oricorio|5/263\n|\n|upkeep\n|turn|25\n|inactive|Time left: 300 sec this turn | 300 sec total\n|\n|t:|1783540258\n|move|p2a: Oricorio|Revelation Dance|p1a: Palossand\n|-damage|p1a: Palossand|49/100\n|move|p1a: Palossand|Shadow Ball|p2a: Oricorio\n|-damage|p2a: Oricorio|0 fnt\n|faint|p2a: Oricorio\n|\n|-heal|p1a: Palossand|55/100|[from] item: Leftovers\n|upkeep\n|inactive|Time left: 300 sec this turn | 300 sec total | 5 sec grace\n|\n|t:|1783540259\n|switch|p2a: Decidueye|Decidueye, L88, F|43/281\n|turn|26\n|inactive|Time left: 300 sec this turn | 300 sec total\n|\n|t:|1783540260\n|move|p2a: Decidueye|Leaf Storm|p1a: Palossand\n|-supereffective|p1a: Palossand\n|-damage|p1a: Palossand|0 fnt\n|-unboost|p2a: Decidueye|spa|2\n|faint|p1a: Palossand\n|-damage|p2a: Decidueye|15/281|[from] item: Life Orb\n|\n|upkeep\n|\n|t:|1783540261\n|switch|p1a: Hitmonchan|Hitmonchan, L87, M|100/100\n|turn|27\n|inactive|Time left: 300 sec this turn | 300 sec total\n|\n|t:|1783540262\n|switch|p2a: Bellibolt|Bellibolt, L84, M|251/320\n|move|p1a: Hitmonchan|Knock Off|p2a: Bellibolt\n|-damage|p2a: Bellibolt|201/320\n|-start|p2a: Bellibolt|Charge|Knock Off|[from] ability: Electromorphosis\n|\n|upkeep\n|turn|28\n|inactive|Time left: 300 sec this turn | 300 sec total\n|\n|t:|1783540263\n|move|p1a: Hitmonchan|Drain Punch|p2a: Bellibolt\n|-damage|p2a: Bellibolt|95/320\n|-start|p2a: Bellibolt|Charge|Drain Punch|[from] ability: Electromorphosis\n|move|p2a: Bellibolt|Slack Off|p2a: Bellibolt\n|-heal|p2a: Bellibolt|255/320\n|\n|upkeep\n|turn|29\n|inactive|Time left: 300 sec this turn | 300 sec total\n|\n|t:|1783540264\n|move|p1a: Hitmonchan|Drain Punch|p2a: Bellibolt\n|-damage|p2a: Bellibolt|147/320\n|-start|p2a: Bellibolt|Charge|Drain Punch|[from] ability: Electromorphosis\n|move|p2a: Bellibolt|Thunderbolt|p1a: Hitmonchan\n|-damage|p1a: Hitmonchan|35/100\n|-end|p2a: Bellibolt|Charge|[silent]\n|\n|-heal|p1a: Hitmonchan|41/100|[from] item: Leftovers\n|upkeep\n|turn|30\n|inactive|Time left: 300 sec this turn | 300 sec total\n|\n|t:|1783540266\n|move|p1a: Hitmonchan|Drain Punch|p2a: Bellibolt\n|-damage|p2a: Bellibolt|48/320\n|-heal|p1a: Hitmonchan|63/100|[from] drain|[of] p2a: Bellibolt\n|-start|p2a: Bellibolt|Charge|Drain Punch|[from] ability: Electromorphosis\n|move|p2a: Bellibolt|Slack Off|p2a: Bellibolt\n|-heal|p2a: Bellibolt|208/320\n|\n|-heal|p1a: Hitmonchan|69/100|[from] item: Leftovers\n|upkeep\n|turn|31\n|inactive|Time left: 300 sec this turn | 300 sec total\n|\n|t:|1783540267\n|move|p1a: Hitmonchan|Drain Punch|p2a: Bellibolt\n|-damage|p2a: Bellibolt|100/320\n|-heal|p1a: Hitmonchan|93/100|[from] drain|[of] p2a: Bellibolt\n|-start|p2a: Bellibolt|Charge|Drain Punch|[from] ability: Electromorphosis\n|move|p2a: Bellibolt|Slack Off|p2a: Bellibolt\n|-heal|p2a: Bellibolt|260/320\n|\n|-heal|p1a: Hitmonchan|99/100|[from] item: Leftovers\n|upkeep\n|turn|32\n|inactive|Time left: 300 sec this turn | 300 sec total\n|\n|t:|1783540268\n|move|p1a: Hitmonchan|Drain Punch|p2a: Bellibolt\n|-damage|p2a: Bellibolt|158/320\n|-heal|p1a: Hitmonchan|100/100|[from] drain|[of] p2a: Bellibolt\n|-start|p2a: Bellibolt|Charge|Drain Punch|[from] ability: Electromorphosis\n|move|p2a: Bellibolt|Thunderbolt|p1a: Hitmonchan\n|-damage|p1a: Hitmonchan|35/100\n|-status|p1a: Hitmonchan|par\n|-end|p2a: Bellibolt|Charge|[silent]\n|\n|-heal|p1a: Hitmonchan|41/100 par|[from] item: Leftovers\n|upkeep\n|turn|33\n|inactive|Time left: 300 sec this turn | 300 sec total\n|\n|t:|1783540269\n|move|p2a: Bellibolt|Volt Switch|p1a: Hitmonchan\n|-damage|p1a: Hitmonchan|15/100 par\n|inactive|Time left: 300 sec this turn | 300 sec total | 5 sec grace\n|\n|t:|1783540270\n|switch|p2a: Decidueye|Decidueye, L88, F|15/281|[from] Volt Switch\n|move|p1a: Hitmonchan|Drain Punch|p2a: Decidueye\n|-immune|p2a: Decidueye\n|\n|-heal|p1a: Hitmonchan|21/100 par|[from] item: Leftovers\n|upkeep\n|turn|34\n|inactive|Time left: 300 sec this turn | 300 sec total\n|\n|t:|1783540271\n|move|p2a: Decidueye|Knock Off|p1a: Hitmonchan\n|-resisted|p1a: Hitmonchan\n|-damage|p1a: Hitmonchan|0 fnt\n|-enditem|p1a: Hitmonchan|Leftovers|[from] move: Knock Off|[of] p2a: Decidueye\n|faint|p1a: Hitmonchan\n|-damage|p2a: Decidueye|0 fnt|[from] item: Life Orb\n|faint|p2a: Decidueye\n|\n|win|p0y066a160", "uploadtime": 1783540271, "views": 0, "rating": 0, "private": 0, "password": null, "_winner": "p0y066a160", "_our_name": "p0y066a160"}