{"id": "battle-gen9randombattle-1827", "formatid": "gen9randombattle", "format": "[Gen 9] Random Battle", "players": ["p0x1827990f", "p0y1827f47f"], "log": "|init|battle\n|title|p0x1827990f vs. p0y1827f47f\n|j|\u2606p0x1827990f\n|j|\u2606p0y1827f47f\n|t:|1783561146\n|gametype|singles\n|player|p1|p0x1827990f|266|\n|player|p2|p0y1827f47f|265|\n|gen|9\n|tier|[Gen 9] Random Battle\n|rule|Species Clause: Limit one of each Pok\u00e9mon\n|rule|HP Percentage Mod: HP is shown in percentages\n|rule|Sleep Clause Mod: Limit one foe put to sleep\n|rule|Illusion Level Mod: Illusion disguises the Pok\u00e9mon's true level\n|\n|t:|1783561146\n|teamsize|p1|6\n|teamsize|p2|6\n|start\n|switch|p1a: Dialga|Dialga, L73|100/100\n|switch|p2a: Comfey|Comfey, L85, M|225/225\n|-ability|p1a: Dialga|Pressure\n|turn|1\n|inactive|Battle timer is ON: inactive players will automatically lose when time's up. (requested by p0y1827f47f)\n|inactive|p0x1827990f also wants the timer to be on.\n|\n|t:|1783561147\n|switch|p2a: Glastrier|Glastrier, L86|311/311\n|move|p1a: Dialga|Heavy Slam|p2a: Glastrier\n|-supereffective|p2a: Glastrier\n|-damage|p2a: Glastrier|257/311\n|\n|upkeep\n|turn|2\n|inactive|Time left: 300 sec this turn | 300 sec total\n|\n|t:|1783561148\n|switch|p1a: Armarouge|Armarouge, L80, F|100/100\n|move|p2a: Glastrier|Icicle Crash|p1a: Armarouge\n|-resisted|p1a: Armarouge\n|-damage|p1a: Armarouge|68/100\n|-ability|p1a: Armarouge|Weak Armor|boost\n|-unboost|p1a: Armarouge|def|1\n|-boost|p1a: Armarouge|spe|2\n|\n|upkeep\n|turn|3\n|inactive|Time left: 300 sec this turn | 300 sec total\n|\n|t:|1783561149\n|move|p1a: Armarouge|Armor Cannon|p2a: Glastrier\n|-supereffective|p2a: Glastrier\n|-damage|p2a: Glastrier|35/311\n|-unboost|p1a: Armarouge|def|1\n|-unboost|p1a: Armarouge|spd|1\n|move|p2a: Glastrier|Icicle Crash|p1a: Armarouge\n|-resisted|p1a: Armarouge\n|-damage|p1a: Armarouge|0 fnt\n|faint|p1a: Armarouge\n|-ability|p2a: Glastrier|Chilling Neigh|boost\n|-boost|p2a: Glastrier|atk|1\n|\n|upkeep\n|\n|t:|1783561150\n|switch|p1a: Sawsbuck|Sawsbuck-Winter, L88, F|100/100\n|turn|4\n|inactive|Time left: 300 sec this turn | 300 sec total\n|\n|t:|1783561152\n|move|p1a: Sawsbuck|Horn Leech|p2a: Glastrier\n|-damage|p2a: Glastrier|0 fnt\n|faint|p2a: Glastrier\n|-damage|p1a: Sawsbuck|91/100|[from] item: Life Orb\n|\n|upkeep\n|inactive|Time left: 300 sec this turn | 300 sec total | 5 sec grace\n|\n|t:|1783561152\n|switch|p2a: Hydreigon|Hydreigon, L79, M|275/275\n|turn|5\n|inactive|Time left: 300 sec this turn | 300 sec total\n|\n|t:|1783561154\n|move|p1a: Sawsbuck|Headbutt|p2a: Hydreigon\n|-damage|p2a: Hydreigon|162/275\n|-damage|p1a: Sawsbuck|81/100|[from] item: Life Orb\n|cant|p2a: Hydreigon|flinch\n|\n|upkeep\n|turn|6\n|inactive|Time left: 300 sec this turn | 300 sec total\n|\n|t:|1783561155\n|move|p1a: Sawsbuck|Headbutt|p2a: Hydreigon\n|-damage|p2a: Hydreigon|55/275\n|-damage|p1a: Sawsbuck|71/100|[from] item: Life Orb\n|cant|p2a: Hydreigon|flinch\n|\n|upkeep\n|turn|7\n|inactive|Time left: 300 sec this turn | 300 sec total\n|\n|t:|1783561156\n|switch|p2a: Vileplume|Vileplume, L85, F|266/266\n|move|p1a: Sawsbuck|Horn Leech|p2a: Vileplume\n|-resisted|p2a: Vileplume\n|-crit|p2a: Vileplume\n|-damage|p2a: Vileplume|223/266\n|-heal|p1a: Sawsbuck|79/100|[from] drain|[of] p2a: Vileplume\n|-damage|p1a: Sawsbuck|69/100|[from] item: Life Orb\n|\n|-heal|p2a: Vileplume|239/266|[from] item: Leftovers\n|upkeep\n|turn|8\n|inactive|Time left: 300 sec this turn | 300 sec total\n|\n|t:|1783561157\n|move|p1a: Sawsbuck|Headbutt|p2a: Vileplume\n|-damage|p2a: Vileplume|134/266\n|-damage|p1a: Sawsbuck|59/100|[from] item: Life Orb\n|cant|p2a: Vileplume|flinch\n|\n|-heal|p2a: Vileplume|150/266|[from] item: Leftovers\n|upkeep\n|turn|9\n|inactive|Time left: 300 sec this turn | 300 sec total\n|\n|t:|1783561158\n|move|p1a: Sawsbuck|Headbutt|p2a: Vileplume\n|-crit|p2a: Vileplume\n|-damage|p2a: Vileplume|0 fnt\n|faint|p2a: Vileplume\n|-damage|p1a: Sawsbuck|49/100|[from] item: Life Orb\n|\n|upkeep\n|inactive|Time left: 300 sec this turn | 300 sec total | 5 sec grace\n|\n|t:|1783561159\n|switch|p2a: Farigiraf|Farigiraf, L90, M|362/362\n|turn|10\n|inactive|Time left: 300 sec this turn | 300 sec total\n|\n|t:|1783561160\n|switch|p1a: Dialga|Dialga, L73|100/100\n|-ability|p1a: Dialga|Pressure\n|move|p2a: Farigiraf|Psychic Noise|p1a: Dialga\n|-resisted|p1a: Dialga\n|-damage|p1a: Dialga|79/100\n|-start|p1a: Dialga|move: Heal Block\n|\n|upkeep\n|turn|11\n|inactive|Time left: 300 sec this turn | 300 sec total\n|\n|t:|1783561161\n|move|p1a: Dialga|Stealth Rock|p2a: Farigiraf\n|-sidestart|p2: p0y1827f47f|move: Stealth Rock\n|move|p2a: Farigiraf|Body Slam|p1a: Dialga\n|-resisted|p1a: Dialga\n|-crit|p1a: Dialga\n|-damage|p1a: Dialga|54/100\n|\n|-end|p1a: Dialga|move: Heal Block\n|upkeep\n|turn|12\n|inactive|Time left: 300 sec this turn | 300 sec total\n|\n|t:|1783561162\n|move|p1a: Dialga|Thunder Wave|p2a: Farigiraf\n|-status|p2a: Farigiraf|par\n|cant|p2a: Farigiraf|par\n|\n|-heal|p1a: Dialga|60/100|[from] item: Leftovers\n|upkeep\n|turn|13\n|inactive|Time left: 300 sec this turn | 300 sec total\n|\n|t:|1783561163\n|move|p1a: Dialga|Heavy Slam|p2a: Farigiraf\n|-damage|p2a: Farigiraf|256/362 par\n|move|p2a: Farigiraf|Psychic Noise|p1a: Dialga\n|-resisted|p1a: Dialga\n|-damage|p1a: Dialga|39/100\n|-start|p1a: Dialga|move: Heal Block\n|\n|-heal|p2a: Farigiraf|278/362 par|[from] item: Leftovers\n|upkeep\n|turn|14\n|inactive|Time left: 300 sec this turn | 300 sec total\n|\n|t:|1783561164\n|move|p1a: Dialga|Heavy Slam|p2a: Farigiraf\n|-damage|p2a: Farigiraf|164/362 par\n|cant|p2a: Farigiraf|par\n|\n|-heal|p2a: Farigiraf|186/362 par|[from] item: Leftovers\n|-end|p1a: Dialga|move: Heal Block\n|upkeep\n|turn|15\n|inactive|Time left: 300 sec this turn | 300 sec total\n|\n|t:|1783561165\n|move|p1a: Dialga|Heavy Slam|p2a: Farigiraf\n|-damage|p2a: Farigiraf|75/362 par\n|move|p2a: Farigiraf|Body Slam|p1a: Dialga\n|-resisted|p1a: Dialga\n|-damage|p1a: Dialga|22/100\n|\n|-heal|p1a: Dialga|28/100|[from] item: Leftovers\n|-heal|p2a: Farigiraf|97/362 par|[from] item: Leftovers\n|upkeep\n|turn|16\n|inactive|Time left: 300 sec this turn | 300 sec total\n|\n|t:|1783561167\n|move|p1a: Dialga|Heavy Slam|p2a: Farigiraf\n|-damage|p2a: Farigiraf|0 fnt\n|faint|p2a: Farigiraf\n|\n|-heal|p1a: Dialga|34/100|[from] item: Leftovers\n|upkeep\n|inactive|Time left: 300 sec this turn | 300 sec total | 5 sec grace\n|\n|t:|1783561168\n|switch|p2a: Hydreigon|Hydreigon, L79, M|55/275\n|-damage|p2a: Hydreigon|21/275|[from] Stealth Rock\n|turn|17\n|inactive|Time left: 300 sec this turn | 300 sec total\n|\n|t:|1783561169\n|switch|p1a: Grimmsnarl|Grimmsnarl, L83, M|100/100\n|move|p2a: Hydreigon|Dark Pulse|p1a: Grimmsnarl\n|-resisted|p1a: Grimmsnarl\n|-damage|p1a: Grimmsnarl|86/100\n|\n|-heal|p1a: Grimmsnarl|92/100|[from] item: Leftovers\n|upkeep\n|turn|18\n|inactive|Time left: 300 sec this turn | 300 sec total\n|\n|t:|1783561170\n|move|p2a: Hydreigon|Dark Pulse|p1a: Grimmsnarl\n|-resisted|p1a: Grimmsnarl\n|-damage|p1a: Grimmsnarl|80/100\n|move|p1a: Grimmsnarl|Spirit Break|p2a: Hydreigon\n|-supereffective|p2a: Hydreigon\n|-damage|p2a: Hydreigon|0 fnt\n|faint|p2a: Hydreigon\n|\n|-heal|p1a: Grimmsnarl|86/100|[from] item: Leftovers\n|upkeep\n|inactive|Time left: 300 sec this turn | 300 sec total | 5 sec grace\n|\n|t:|1783561171\n|switch|p2a: Comfey|Comfey, L85, M|225/225\n|-damage|p2a: Comfey|197/225|[from] Stealth Rock\n|turn|19\n|inactive|Time left: 300 sec this turn | 300 sec total\n|\n|t:|1783561171\n|move|p2a: Comfey|Calm Mind|p2a: Comfey\n|-boost|p2a: Comfey|spa|1\n|-boost|p2a: Comfey|spd|1\n|move|p1a: Grimmsnarl|Spirit Break|p2a: Comfey\n|-damage|p2a: Comfey|110/225\n|-unboost|p2a: Comfey|spa|1\n|\n|-heal|p2a: Comfey|124/225|[from] item: Leftovers\n|-heal|p1a: Grimmsnarl|92/100|[from] item: Leftovers\n|upkeep\n|turn|20\n|inactive|Time left: 300 sec this turn | 300 sec total\n|\n|t:|1783561172\n|move|p2a: Comfey|Draining Kiss|p1a: Grimmsnarl\n|-supereffective|p1a: Grimmsnarl\n|-crit|p1a: Grimmsnarl\n|-damage|p1a: Grimmsnarl|32/100\n|-heal|p2a: Comfey|225/225|[from] drain|[of] p1a: Grimmsnarl\n|move|p1a: Grimmsnarl|Spirit Break|p2a: Comfey\n|-damage|p2a: Comfey|135/225\n|-unboost|p2a: Comfey|spa|1\n|\n|-heal|p2a: Comfey|149/225|[from] item: Leftovers\n|-heal|p1a: Grimmsnarl|38/100|[from] item: Leftovers\n|upkeep\n|turn|21\n|inactive|Time left: 300 sec this turn | 300 sec total\n|\n|t:|1783561173\n|move|p2a: Comfey|Draining Kiss|p1a: Grimmsnarl\n|-supereffective|p1a: Grimmsnarl\n|-damage|p1a: Grimmsnarl|14/100\n|-heal|p2a: Comfey|203/225|[from] drain|[of] p1a: Grimmsnarl\n|move|p1a: Grimmsnarl|Spirit Break|p2a: Comfey\n|-damage|p2a: Comfey|113/225\n|-unboost|p2a: Comfey|spa|1\n|\n|-heal|p2a: Comfey|127/225|[from] item: Leftovers\n|-heal|p1a: Grimmsnarl|20/100|[from] item: Leftovers\n|upkeep\n|turn|22\n|inactive|Time left: 300 sec this turn | 300 sec total\n|\n|t:|1783561174\n|switch|p1a: Sawsbuck|Sawsbuck-Winter, L88, F|49/100\n|move|p2a: Comfey|Draining Kiss|p1a: Sawsbuck\n|-damage|p1a: Sawsbuck|40/100\n|-heal|p2a: Comfey|147/225|[from] drain|[of] p1a: Sawsbuck\n|\n|-heal|p2a: Comfey|161/225|[from] item: Leftovers\n|upkeep\n|turn|23\n|inactive|Time left: 300 sec this turn | 300 sec total\n|\n|t:|1783561175\n|move|p2a: Comfey|Tera Blast|p1a: Sawsbuck\n|-damage|p1a: Sawsbuck|29/100\n|move|p1a: Sawsbuck|Swords Dance|p1a: Sawsbuck\n|-boost|p1a: Sawsbuck|atk|2\n|\n|-heal|p2a: Comfey|175/225|[from] item: Leftovers\n|upkeep\n|turn|24\n|inactive|Time left: 300 sec this turn | 300 sec total\n|\n|t:|1783561176\n|move|p2a: Comfey|Tera Blast|p1a: Sawsbuck\n|-damage|p1a: Sawsbuck|18/100\n|move|p1a: Sawsbuck|Horn Leech|p2a: Comfey\n|-damage|p2a: Comfey|0 fnt\n|-heal|p1a: Sawsbuck|49/100|[from] drain|[of] p2a: Comfey\n|faint|p2a: Comfey\n|-damage|p1a: Sawsbuck|39/100|[from] item: Life Orb\n|\n|upkeep\n|inactive|Time left: 300 sec this turn | 300 sec total | 5 sec grace\n|\n|t:|1783561177\n|switch|p2a: Dewgong|Dewgong, L94, F|322/322\n|turn|25\n|inactive|Time left: 300 sec this turn | 300 sec total\n|\n|t:|1783561178\n|-terastallize|p1a: Sawsbuck|Normal\n|-terastallize|p2a: Dewgong|Dragon\n|move|p1a: Sawsbuck|Headbutt|p2a: Dewgong\n|-damage|p2a: Dewgong|26/322\n|-damage|p1a: Sawsbuck|29/100|[from] item: Life Orb\n|cant|p2a: Dewgong|flinch\n|\n|upkeep\n|turn|26\n|inactive|Time left: 300 sec this turn | 300 sec total\n|\n|t:|1783561179\n|move|p1a: Sawsbuck|Horn Leech|p2a: Dewgong\n|-resisted|p2a: Dewgong\n|-damage|p2a: Dewgong|0 fnt\n|-heal|p1a: Sawsbuck|34/100|[from] drain|[of] p2a: Dewgong\n|faint|p2a: Dewgong\n|-damage|p1a: Sawsbuck|24/100|[from] item: Life Orb\n|\n|win|p0x1827990f", "uploadtime": 1783561179, "views": 0, "rating": 0, "private": 0, "password": null, "_winner": "p0x1827990f", "_our_name": "p0y1827f47f"}