{"id": "battle-gen9randombattle-42", "formatid": "gen9randombattle", "format": "[Gen 9] Random Battle", "players": ["p0x0424310", "p0y0423cd7"], "log": "|init|battle\n|title|p0x0424310 vs. p0y0423cd7\n|j|\u2606p0x0424310\n|j|\u2606p0y0423cd7\n|t:|1783539661\n|gametype|singles\n|player|p1|p0x0424310|2|\n|player|p2|p0y0423cd7|101|\n|gen|9\n|tier|[Gen 9] Random Battle\n|rule|Species Clause: Limit one of each Pok\u00e9mon\n|rule|HP Percentage Mod: HP is shown in percentages\n|rule|Sleep Clause Mod: Limit one foe put to sleep\n|rule|Illusion Level Mod: Illusion disguises the Pok\u00e9mon's true level\n|\n|t:|1783539661\n|teamsize|p1|6\n|teamsize|p2|6\n|start\n|switch|p1a: Donphan|Donphan, L84, F|288/288\n|switch|p2a: Swalot|Swalot, L90, M|100/100\n|turn|1\n|inactive|Battle timer is ON: inactive players will automatically lose when time's up. (requested by p0x0424310)\n|inactive|p0y0423cd7 also wants the timer to be on.\n|\n|t:|1783539662\n|move|p2a: Swalot|Ice Beam|p1a: Donphan\n|-supereffective|p1a: Donphan\n|-damage|p1a: Donphan|184/288\n|move|p1a: Donphan|Earthquake|p2a: Swalot\n|-supereffective|p2a: Swalot\n|-damage|p2a: Swalot|31/100\n|\n|upkeep\n|turn|2\n|inactive|Time left: 300 sec this turn | 300 sec total\n|\n|t:|1783539663\n|move|p2a: Swalot|Ice Beam|p1a: Donphan\n|-supereffective|p1a: Donphan\n|-damage|p1a: Donphan|78/288\n|move|p1a: Donphan|Earthquake|p2a: Swalot\n|-supereffective|p2a: Swalot\n|-damage|p2a: Swalot|0 fnt\n|faint|p2a: Swalot\n|\n|upkeep\n|\n|t:|1783539664\n|switch|p2a: Basculin|Basculin-Blue-Striped, L86, F|100/100\n|turn|3\n|inactive|Time left: 300 sec this turn | 300 sec total\n|\n|t:|1783539665\n|switch|p1a: Slaking|Slaking, L84, F|389/389\n|move|p2a: Basculin|Wave Crash|p1a: Slaking\n|-damage|p1a: Slaking|163/389\n|-damage|p2a: Basculin|72/100|[from] Recoil\n|\n|upkeep\n|turn|4\n|inactive|Time left: 300 sec this turn | 300 sec total\n|\n|t:|1783539666\n|move|p2a: Basculin|Wave Crash|p1a: Slaking\n|-damage|p1a: Slaking|0 fnt\n|faint|p1a: Slaking\n|-damage|p2a: Basculin|51/100|[from] Recoil\n|\n|upkeep\n|inactive|Time left: 300 sec this turn | 300 sec total | 5 sec grace\n|\n|t:|1783539667\n|switch|p1a: Gardevoir|Gardevoir, L83, M|249/249\n|-ability|p1a: Gardevoir|Adaptability|Trace|[from] ability: Trace|[of] p2a: Basculin\n|turn|5\n|inactive|Time left: 300 sec this turn | 300 sec total\n|\n|t:|1783539668\n|move|p1a: Gardevoir|Moonblast|p2a: Basculin\n|-damage|p2a: Basculin|0 fnt\n|faint|p2a: Basculin\n|\n|upkeep\n|\n|t:|1783539669\n|switch|p2a: Seviper|Seviper, L93, M|100/100\n|turn|6\n|inactive|Time left: 300 sec this turn | 300 sec total\n|\n|t:|1783539670\n|move|p1a: Gardevoir|Moonblast|p2a: Seviper\n|-resisted|p2a: Seviper\n|-damage|p2a: Seviper|67/100\n|move|p2a: Seviper|Swords Dance|p2a: Seviper\n|-boost|p2a: Seviper|atk|2\n|\n|-heal|p2a: Seviper|73/100|[from] item: Leftovers\n|upkeep\n|turn|7\n|inactive|Time left: 300 sec this turn | 300 sec total\n|\n|t:|1783539671\n|switch|p1a: Skarmory|Skarmory, L80, M|235/235\n|move|p2a: Seviper|Gunk Shot|p1a: Skarmory\n|-immune|p1a: Skarmory\n|\n|-heal|p2a: Seviper|79/100|[from] item: Leftovers\n|upkeep\n|turn|8\n|inactive|Time left: 300 sec this turn | 300 sec total\n|\n|t:|1783539672\n|move|p2a: Seviper|Trailblaze|p1a: Skarmory\n|-resisted|p1a: Skarmory\n|-damage|p1a: Skarmory|219/235\n|-boost|p2a: Seviper|spe|1\n|-damage|p2a: Seviper|62/100|[from] item: Rocky Helmet|[of] p1a: Skarmory\n|move|p1a: Skarmory|Brave Bird|p2a: Seviper\n|-damage|p2a: Seviper|21/100\n|-damage|p1a: Skarmory|180/235|[from] Recoil\n|\n|-heal|p2a: Seviper|27/100|[from] item: Leftovers\n|upkeep\n|turn|9\n|inactive|Time left: 300 sec this turn | 300 sec total\n|\n|t:|1783539673\n|switch|p2a: Gothitelle|Gothitelle, L90, F|100/100\n|move|p1a: Skarmory|Brave Bird|p2a: Gothitelle\n|-damage|p2a: Gothitelle|66/100\n|-damage|p1a: Skarmory|149/235|[from] Recoil\n|\n|-heal|p2a: Gothitelle|72/100|[from] item: Leftovers\n|upkeep\n|turn|10\n|inactive|Time left: 300 sec this turn | 300 sec total\n|\n|t:|1783539674\n|move|p2a: Gothitelle|Thunderbolt|p1a: Skarmory\n|-supereffective|p1a: Skarmory\n|-damage|p1a: Skarmory|0 fnt\n|faint|p1a: Skarmory\n|\n|-heal|p2a: Gothitelle|78/100|[from] item: Leftovers\n|upkeep\n|inactive|Time left: 300 sec this turn | 300 sec total | 5 sec grace\n|\n|t:|1783539676\n|switch|p1a: Gardevoir|Gardevoir, L83, M|249/249\n|-ability|p1a: Gardevoir|Shadow Tag|Trace|[from] ability: Trace|[of] p2a: Gothitelle\n|turn|11\n|inactive|Time left: 300 sec this turn | 300 sec total\n|\n|t:|1783539677\n|move|p1a: Gardevoir|Moonblast|p2a: Gothitelle\n|-damage|p2a: Gothitelle|44/100\n|move|p2a: Gothitelle|Calm Mind|p2a: Gothitelle\n|-boost|p2a: Gothitelle|spa|1\n|-boost|p2a: Gothitelle|spd|1\n|\n|-heal|p2a: Gothitelle|50/100|[from] item: Leftovers\n|upkeep\n|turn|12\n|inactive|Time left: 300 sec this turn | 300 sec total\n|\n|t:|1783539678\n|move|p1a: Gardevoir|Moonblast|p2a: Gothitelle\n|-damage|p2a: Gothitelle|25/100\n|-unboost|p2a: Gothitelle|spa|1\n|move|p2a: Gothitelle|Thunderbolt|p1a: Gardevoir\n|-damage|p1a: Gardevoir|189/249\n|\n|-heal|p2a: Gothitelle|32/100|[from] item: Leftovers\n|upkeep\n|turn|13\n|inactive|Time left: 300 sec this turn | 300 sec total\n|\n|t:|1783539679\n|move|p1a: Gardevoir|Moonblast|p2a: Gothitelle\n|-damage|p2a: Gothitelle|6/100\n|move|p2a: Gothitelle|Thunderbolt|p1a: Gardevoir\n|-damage|p1a: Gardevoir|130/249\n|\n|-heal|p2a: Gothitelle|13/100|[from] item: Leftovers\n|upkeep\n|turn|14\n|inactive|Time left: 300 sec this turn | 300 sec total\n|\n|t:|1783539681\n|move|p1a: Gardevoir|Moonblast|p2a: Gothitelle\n|-damage|p2a: Gothitelle|0 fnt\n|faint|p2a: Gothitelle\n|\n|upkeep\n|\n|t:|1783539682\n|switch|p2a: Dragonite|Dragonite, L74, M|100/100\n|turn|15\n|inactive|Time left: 300 sec this turn | 300 sec total\n|\n|t:|1783539683\n|-terastallize|p2a: Dragonite|Steel\n|move|p1a: Gardevoir|Moonblast|p2a: Dragonite\n|-resisted|p2a: Dragonite\n|-damage|p2a: Dragonite|89/100\n|move|p2a: Dragonite|Dragon Dance|p2a: Dragonite\n|-boost|p2a: Dragonite|atk|1\n|-boost|p2a: Dragonite|spe|1\n|\n|upkeep\n|turn|16\n|inactive|Time left: 300 sec this turn | 300 sec total\n|\n|t:|1783539684\n|move|p1a: Gardevoir|Moonblast|p2a: Dragonite\n|-resisted|p2a: Dragonite\n|-damage|p2a: Dragonite|66/100\n|move|p2a: Dragonite|Dragon Dance|p2a: Dragonite\n|-boost|p2a: Dragonite|atk|1\n|-boost|p2a: Dragonite|spe|1\n|\n|upkeep\n|turn|17\n|inactive|Time left: 300 sec this turn | 300 sec total\n|\n|t:|1783539685\n|switch|p1a: Mimikyu|Mimikyu, L79, F|216/216\n|move|p2a: Dragonite|Earthquake|p1a: Mimikyu\n|-activate|p1a: Mimikyu|ability: Disguise\n|-damage|p1a: Mimikyu|216/216\n|detailschange|p1a: Mimikyu|Mimikyu-Busted, L79, F\n|-damage|p1a: Mimikyu|189/216|[from] pokemon: Mimikyu-Busted\n|\n|upkeep\n|turn|18\n|inactive|Time left: 300 sec this turn | 300 sec total\n|\n|t:|1783539687\n|move|p2a: Dragonite|Iron Head|p1a: Mimikyu\n|-supereffective|p1a: Mimikyu\n|-damage|p1a: Mimikyu|0 fnt\n|faint|p1a: Mimikyu\n|\n|upkeep\n|inactive|Time left: 300 sec this turn | 300 sec total | 5 sec grace\n|\n|t:|1783539688\n|switch|p1a: Probopass|Probopass, L91, M|257/257\n|turn|19\n|inactive|Time left: 300 sec this turn | 300 sec total\n|\n|t:|1783539689\n|-terastallize|p1a: Probopass|Fighting\n|move|p2a: Dragonite|Iron Head|p1a: Probopass\n|-damage|p1a: Probopass|142/257\n|move|p1a: Probopass|Body Press|p2a: Dragonite\n|-supereffective|p2a: Dragonite\n|-damage|p2a: Dragonite|0 fnt\n|faint|p2a: Dragonite\n|\n|upkeep\n|\n|t:|1783539690\n|switch|p2a: Dondozo|Dondozo, L78, M|100/100\n|turn|20\n|inactive|Time left: 300 sec this turn | 300 sec total\n|\n|t:|1783539691\n|move|p1a: Probopass|Body Press|p2a: Dondozo\n|-damage|p2a: Dondozo|69/100\n|move|p2a: Dondozo|Curse|p2a: Dondozo\n|-unboost|p2a: Dondozo|spe|1\n|-boost|p2a: Dondozo|atk|1\n|-boost|p2a: Dondozo|def|1\n|\n|-heal|p2a: Dondozo|75/100|[from] item: Leftovers\n|upkeep\n|turn|21\n|inactive|Time left: 300 sec this turn | 300 sec total\n|\n|t:|1783539692\n|move|p1a: Probopass|Body Press|p2a: Dondozo\n|-damage|p2a: Dondozo|52/100\n|move|p2a: Dondozo|Wave Crash|p1a: Probopass\n|-damage|p1a: Probopass|43/257\n|-damage|p2a: Dondozo|42/100|[from] Recoil\n|\n|-heal|p2a: Dondozo|49/100|[from] item: Leftovers\n|upkeep\n|turn|22\n|inactive|Time left: 300 sec this turn | 300 sec total\n|\n|t:|1783539693\n|move|p1a: Probopass|Rest|p1a: Probopass\n|-status|p1a: Probopass|slp|[from] move: Rest\n|-heal|p1a: Probopass|257/257 slp|[silent]\n|-enditem|p1a: Probopass|Chesto Berry|[eat]\n|-curestatus|p1a: Probopass|slp|[msg]\n|move|p2a: Dondozo|Rest|p2a: Dondozo\n|-status|p2a: Dondozo|slp|[from] move: Rest\n|-heal|p2a: Dondozo|100/100 slp|[silent]\n|\n|upkeep\n|turn|23\n|inactive|Time left: 300 sec this turn | 300 sec total\n|\n|t:|1783539694\n|move|p1a: Probopass|Flash Cannon|p2a: Dondozo\n|-resisted|p2a: Dondozo\n|-damage|p2a: Dondozo|86/100 slp\n|cant|p2a: Dondozo|slp\n|move|p2a: Dondozo|Sleep Talk|p2a: Dondozo\n|move|p2a: Dondozo|Wave Crash|p1a: Probopass|[from] move: Sleep Talk\n|-damage|p1a: Probopass|160/257\n|-damage|p2a: Dondozo|78/100 slp|[from] Recoil\n|\n|-heal|p2a: Dondozo|84/100 slp|[from] item: Leftovers\n|upkeep\n|turn|24\n|inactive|Time left: 300 sec this turn | 300 sec total\n|\n|t:|1783539695\n|move|p1a: Probopass|Flash Cannon|p2a: Dondozo\n|-resisted|p2a: Dondozo\n|-crit|p2a: Dondozo\n|-damage|p2a: Dondozo|61/100 slp\n|cant|p2a: Dondozo|slp\n|move|p2a: Dondozo|Sleep Talk|p2a: Dondozo\n|move|p2a: Dondozo|Rest||[from] move: Sleep Talk|[still]\n|-fail|p2a: Dondozo\n|\n|-heal|p2a: Dondozo|67/100 slp|[from] item: Leftovers\n|upkeep\n|turn|25\n|inactive|Time left: 300 sec this turn | 300 sec total\n|\n|t:|1783539696\n|move|p1a: Probopass|Body Press|p2a: Dondozo\n|-damage|p2a: Dondozo|47/100 slp\n|-curestatus|p2a: Dondozo|slp|[msg]\n|move|p2a: Dondozo|Wave Crash|p1a: Probopass\n|-damage|p1a: Probopass|61/257\n|-damage|p2a: Dondozo|38/100|[from] Recoil\n|\n|-heal|p2a: Dondozo|44/100|[from] item: Leftovers\n|upkeep\n|turn|26\n|inactive|Time left: 300 sec this turn | 300 sec total\n|\n|t:|1783539697\n|move|p1a: Probopass|Body Press|p2a: Dondozo\n|-damage|p2a: Dondozo|22/100\n|move|p2a: Dondozo|Curse|p2a: Dondozo\n|-unboost|p2a: Dondozo|spe|1\n|-boost|p2a: Dondozo|atk|1\n|-boost|p2a: Dondozo|def|1\n|\n|-heal|p2a: Dondozo|28/100|[from] item: Leftovers\n|upkeep\n|turn|27\n|inactive|Time left: 300 sec this turn | 300 sec total\n|\n|t:|1783539698\n|move|p1a: Probopass|Body Press|p2a: Dondozo\n|-damage|p2a: Dondozo|12/100\n|move|p2a: Dondozo|Rest|p2a: Dondozo\n|-status|p2a: Dondozo|slp|[from] move: Rest\n|-heal|p2a: Dondozo|100/100 slp|[silent]\n|\n|upkeep\n|turn|28\n|inactive|Time left: 300 sec this turn | 300 sec total\n|\n|t:|1783539699\n|move|p1a: Probopass|Rest|p1a: Probopass\n|-status|p1a: Probopass|slp|[from] move: Rest\n|-heal|p1a: Probopass|257/257 slp|[silent]\n|cant|p2a: Dondozo|slp\n|move|p2a: Dondozo|Sleep Talk|p2a: Dondozo\n|move|p2a: Dondozo|Rest||[from] move: Sleep Talk|[still]\n|-fail|p2a: Dondozo\n|\n|upkeep\n|turn|29\n|inactive|Time left: 300 sec this turn | 300 sec total\n|\n|t:|1783539700\n|cant|p1a: Probopass|slp\n|cant|p2a: Dondozo|slp\n|move|p2a: Dondozo|Sleep Talk|p2a: Dondozo\n|move|p2a: Dondozo|Curse|p2a: Dondozo|[from] move: Sleep Talk\n|-unboost|p2a: Dondozo|spe|1\n|-boost|p2a: Dondozo|atk|1\n|-boost|p2a: Dondozo|def|1\n|\n|upkeep\n|turn|30\n|inactive|Time left: 300 sec this turn | 300 sec total\n|\n|t:|1783539701\n|cant|p1a: Probopass|slp\n|-curestatus|p2a: Dondozo|slp|[msg]\n|move|p2a: Dondozo|Wave Crash|p1a: Probopass\n|-damage|p1a: Probopass|71/257 slp\n|-damage|p2a: Dondozo|84/100|[from] Recoil\n|\n|-heal|p2a: Dondozo|90/100|[from] item: Leftovers\n|upkeep\n|turn|31\n|inactive|Time left: 300 sec this turn | 300 sec total\n|\n|t:|1783539702\n|-curestatus|p1a: Probopass|slp|[msg]\n|move|p1a: Probopass|Rest|p1a: Probopass\n|-status|p1a: Probopass|slp|[from] move: Rest\n|-heal|p1a: Probopass|257/257 slp|[silent]\n|move|p2a: Dondozo|Wave Crash|p1a: Probopass\n|-damage|p1a: Probopass|92/257 slp\n|-damage|p2a: Dondozo|75/100|[from] Recoil\n|\n|-heal|p2a: Dondozo|81/100|[from] item: Leftovers\n|upkeep\n|turn|32\n|inactive|Time left: 300 sec this turn | 300 sec total\n|\n|t:|1783539703\n|cant|p1a: Probopass|slp\n|move|p2a: Dondozo|Wave Crash|p1a: Probopass\n|-damage|p1a: Probopass|0 fnt\n|faint|p1a: Probopass\n|-damage|p2a: Dondozo|73/100|[from] Recoil\n|\n|-heal|p2a: Dondozo|79/100|[from] item: Leftovers\n|upkeep\n|inactive|Time left: 300 sec this turn | 300 sec total | 5 sec grace\n|\n|t:|1783539704\n|switch|p1a: Gardevoir|Gardevoir, L83, M|130/249\n|-ability|p1a: Gardevoir|Unaware|Trace|[from] ability: Trace|[of] p2a: Dondozo\n|turn|33\n|inactive|Time left: 300 sec this turn | 300 sec total\n|\n|t:|1783539705\n|move|p1a: Gardevoir|Moonblast|p2a: Dondozo\n|-damage|p2a: Dondozo|31/100\n|move|p2a: Dondozo|Wave Crash|p1a: Gardevoir\n|-damage|p1a: Gardevoir|0 fnt\n|faint|p1a: Gardevoir\n|-damage|p2a: Dondozo|19/100|[from] Recoil\n|\n|-heal|p2a: Dondozo|25/100|[from] item: Leftovers\n|upkeep\n|inactive|Time left: 300 sec this turn | 300 sec total | 5 sec grace\n|\n|t:|1783539705\n|switch|p1a: Donphan|Donphan, L84, F|78/288\n|turn|34\n|inactive|Time left: 300 sec this turn | 300 sec total\n|\n|t:|1783539706\n|move|p1a: Donphan|Earthquake|p2a: Dondozo\n|-crit|p2a: Dondozo\n|-damage|p2a: Dondozo|0 fnt\n|faint|p2a: Dondozo\n|\n|upkeep\n|\n|t:|1783539707\n|switch|p2a: Seviper|Seviper, L93, M|27/100\n|turn|35\n|inactive|Time left: 300 sec this turn | 300 sec total\n|\n|t:|1783539707\n|move|p2a: Seviper|Trailblaze|p1a: Donphan\n|-supereffective|p1a: Donphan\n|-damage|p1a: Donphan|8/288\n|-boost|p2a: Seviper|spe|1\n|move|p1a: Donphan|Earthquake|p2a: Seviper\n|-supereffective|p2a: Seviper\n|-damage|p2a: Seviper|0 fnt\n|faint|p2a: Seviper\n|\n|win|p0x0424310", "uploadtime": 1783539707, "views": 0, "rating": 0, "private": 0, "password": null, "_winner": "p0x0424310", "_our_name": "p0x0424310"}