{"id": "battle-gen9randombattle-247", "formatid": "gen9randombattle", "format": "[Gen 9] Random Battle", "players": ["p0x2479dac", "p0y24742de"], "log": "|init|battle\n|title|p0x2479dac vs. p0y24742de\n|j|\u2606p0x2479dac\n|j|\u2606p0y24742de\n|t:|1783542444\n|gametype|singles\n|player|p1|p0x2479dac|102|\n|player|p2|p0y24742de|1|\n|gen|9\n|tier|[Gen 9] Random Battle\n|rule|Species Clause: Limit one of each Pok\u00e9mon\n|rule|HP Percentage Mod: HP is shown in percentages\n|rule|Sleep Clause Mod: Limit one foe put to sleep\n|rule|Illusion Level Mod: Illusion disguises the Pok\u00e9mon's true level\n|\n|t:|1783542444\n|teamsize|p1|6\n|teamsize|p2|6\n|start\n|switch|p1a: Slaking|Slaking, L84, M|389/389\n|switch|p2a: Victreebel|Victreebel, L90, F|100/100\n|turn|1\n|inactive|Battle timer is ON: inactive players will automatically lose when time's up. (requested by p0x2479dac)\n|inactive|p0y24742de also wants the timer to be on.\n|\n|t:|1783542446\n|switch|p2a: Porygon2|Porygon2, L81|100/100\n|-ability|p2a: Porygon2|Download|boost\n|-boost|p2a: Porygon2|spa|1\n|move|p1a: Slaking|Giga Impact|p2a: Porygon2\n|-damage|p2a: Porygon2|38/100\n|-mustrecharge|p1a: Slaking\n|\n|upkeep\n|turn|2\n|inactive|Time left: 300 sec this turn | 300 sec total\n|\n|t:|1783542447\n|cant|p1a: Slaking|recharge\n|move|p2a: Porygon2|Recover|p2a: Porygon2\n|-heal|p2a: Porygon2|88/100\n|\n|upkeep\n|turn|3\n|inactive|Time left: 300 sec this turn | 300 sec total\n|\n|t:|1783542448\n|move|p1a: Slaking|Giga Impact|p2a: Porygon2\n|-damage|p2a: Porygon2|30/100\n|-mustrecharge|p1a: Slaking\n|move|p2a: Porygon2|Tera Blast|p1a: Slaking\n|-damage|p1a: Slaking|245/389\n|\n|upkeep\n|turn|4\n|inactive|Time left: 300 sec this turn | 300 sec total\n|\n|t:|1783542449\n|-terastallize|p2a: Porygon2|Fighting\n|cant|p1a: Slaking|recharge\n|move|p2a: Porygon2|Tera Blast|p1a: Slaking|[anim] Tera Blast Fighting\n|-supereffective|p1a: Slaking\n|-damage|p1a: Slaking|0 fnt\n|faint|p1a: Slaking\n|\n|upkeep\n|inactive|Time left: 300 sec this turn | 300 sec total | 5 sec grace\n|\n|t:|1783542450\n|switch|p1a: Iron Leaves|Iron Leaves, L80|275/275\n|turn|5\n|inactive|Time left: 300 sec this turn | 300 sec total\n|\n|t:|1783542451\n|switch|p2a: Sandslash|Sandslash, L89, F|100/100\n|move|p1a: Iron Leaves|Psyblade|p2a: Sandslash\n|-damage|p2a: Sandslash|57/100\n|\n|-heal|p2a: Sandslash|63/100|[from] item: Leftovers\n|upkeep\n|turn|6\n|inactive|Time left: 300 sec this turn | 300 sec total\n|\n|t:|1783542452\n|move|p1a: Iron Leaves|Psyblade|p2a: Sandslash\n|-damage|p2a: Sandslash|18/100\n|move|p2a: Sandslash|Knock Off|p1a: Iron Leaves\n|-supereffective|p1a: Iron Leaves\n|-damage|p1a: Iron Leaves|105/275\n|-enditem|p1a: Iron Leaves|Choice Band|[from] move: Knock Off|[of] p2a: Sandslash\n|\n|-heal|p2a: Sandslash|24/100|[from] item: Leftovers\n|upkeep\n|turn|7\n|inactive|Time left: 300 sec this turn | 300 sec total\n|\n|t:|1783542453\n|switch|p2a: Alcremie|Alcremie-Salted-Cream, L90, F|100/100\n|move|p1a: Iron Leaves|Psyblade|p2a: Alcremie\n|-damage|p2a: Alcremie|64/100\n|\n|-heal|p2a: Alcremie|70/100|[from] item: Leftovers\n|upkeep\n|turn|8\n|inactive|Time left: 300 sec this turn | 300 sec total\n|\n|t:|1783542453\n|move|p1a: Iron Leaves|Psyblade|p2a: Alcremie\n|-damage|p2a: Alcremie|28/100\n|move|p2a: Alcremie|Recover|p2a: Alcremie\n|-heal|p2a: Alcremie|78/100\n|\n|-heal|p2a: Alcremie|84/100|[from] item: Leftovers\n|upkeep\n|turn|9\n|inactive|Time left: 300 sec this turn | 300 sec total\n|\n|t:|1783542454\n|move|p1a: Iron Leaves|Leaf Blade|p2a: Alcremie\n|-damage|p2a: Alcremie|39/100\n|move|p2a: Alcremie|Alluring Voice|p1a: Iron Leaves\n|-damage|p1a: Iron Leaves|8/275\n|\n|-heal|p2a: Alcremie|45/100|[from] item: Leftovers\n|upkeep\n|turn|10\n|inactive|Time left: 300 sec this turn | 300 sec total\n|\n|t:|1783542455\n|move|p1a: Iron Leaves|Leaf Blade|p2a: Alcremie\n|-damage|p2a: Alcremie|0 fnt\n|faint|p2a: Alcremie\n|\n|upkeep\n|\n|t:|1783542456\n|switch|p2a: Victreebel|Victreebel, L90, F|100/100\n|turn|11\n|inactive|Time left: 300 sec this turn | 300 sec total\n|\n|t:|1783542457\n|move|p2a: Victreebel|Sucker Punch|p1a: Iron Leaves\n|-supereffective|p1a: Iron Leaves\n|-damage|p1a: Iron Leaves|0 fnt\n|faint|p1a: Iron Leaves\n|-end|p1a: Iron Leaves|Quark Drive|[silent]\n|-damage|p2a: Victreebel|90/100|[from] item: Life Orb\n|\n|upkeep\n|inactive|Time left: 300 sec this turn | 300 sec total | 5 sec grace\n|\n|t:|1783542458\n|switch|p1a: Magnezone|Magnezone, L85|258/258\n|turn|12\n|inactive|Time left: 300 sec this turn | 300 sec total\n|\n|t:|1783542459\n|move|p2a: Victreebel|Swords Dance|p2a: Victreebel\n|-boost|p2a: Victreebel|atk|2\n|move|p1a: Magnezone|Flash Cannon|p2a: Victreebel\n|-damage|p2a: Victreebel|45/100\n|\n|upkeep\n|turn|13\n|inactive|Time left: 300 sec this turn | 300 sec total\n|\n|t:|1783542460\n|move|p2a: Victreebel|Power Whip|p1a: Magnezone\n|-resisted|p1a: Magnezone\n|-damage|p1a: Magnezone|90/258\n|-damage|p2a: Victreebel|35/100|[from] item: Life Orb\n|move|p1a: Magnezone|Flash Cannon|p2a: Victreebel\n|-damage|p2a: Victreebel|0 fnt\n|faint|p2a: Victreebel\n|\n|-heal|p1a: Magnezone|106/258|[from] item: Leftovers\n|upkeep\n|\n|t:|1783542461\n|switch|p2a: Sandslash|Sandslash, L89, F|24/100\n|turn|14\n|inactive|Time left: 300 sec this turn | 300 sec total\n|\n|t:|1783542462\n|switch|p1a: Cloyster|Cloyster, L80, F|211/211\n|move|p2a: Sandslash|Earthquake|p1a: Cloyster\n|-crit|p1a: Cloyster\n|-damage|p1a: Cloyster|96/211\n|\n|-heal|p2a: Sandslash|30/100|[from] item: Leftovers\n|upkeep\n|turn|15\n|inactive|Time left: 300 sec this turn | 300 sec total\n|\n|t:|1783542463\n|switch|p2a: Weezing|Weezing-Galar, L86, M|100/100\n|move|p1a: Cloyster|Shell Smash|p1a: Cloyster\n|-unboost|p1a: Cloyster|def|1\n|-unboost|p1a: Cloyster|spd|1\n|-boost|p1a: Cloyster|atk|2\n|-boost|p1a: Cloyster|spa|2\n|-boost|p1a: Cloyster|spe|2\n|-enditem|p1a: Cloyster|White Herb\n|-clearnegativeboost|p1a: Cloyster|[silent]\n|\n|upkeep\n|turn|16\n|inactive|Time left: 300 sec this turn | 300 sec total\n|\n|t:|1783542464\n|move|p1a: Cloyster|Icicle Spear|p2a: Weezing\n|-damage|p2a: Weezing|86/100\n|-damage|p2a: Weezing|71/100\n|-damage|p2a: Weezing|56/100\n|-damage|p2a: Weezing|42/100\n|-damage|p2a: Weezing|27/100\n|-hitcount|p2a: Weezing|5\n|move|p2a: Weezing|Strange Steam|p1a: Cloyster\n|-damage|p1a: Cloyster|0 fnt\n|faint|p1a: Cloyster\n|\n|-heal|p2a: Weezing|33/100|[from] item: Leftovers\n|upkeep\n|inactive|Time left: 300 sec this turn | 300 sec total | 5 sec grace\n|\n|t:|1783542465\n|switch|p1a: Magnezone|Magnezone, L85|106/258\n|turn|17\n|inactive|Time left: 300 sec this turn | 300 sec total\n|\n|t:|1783542466\n|move|p2a: Weezing|Fire Blast|p1a: Magnezone\n|-supereffective|p1a: Magnezone\n|-damage|p1a: Magnezone|0 fnt\n|faint|p1a: Magnezone\n|\n|-heal|p2a: Weezing|39/100|[from] item: Leftovers\n|upkeep\n|inactive|Time left: 300 sec this turn | 300 sec total | 5 sec grace\n|\n|t:|1783542467\n|switch|p1a: Mimikyu|Mimikyu, L79, F|216/216\n|turn|18\n|inactive|Time left: 300 sec this turn | 300 sec total\n|\n|t:|1783542468\n|move|p1a: Mimikyu|Swords Dance|p1a: Mimikyu\n|-boost|p1a: Mimikyu|atk|2\n|move|p2a: Weezing|Gunk Shot|p1a: Mimikyu\n|-activate|p1a: Mimikyu|ability: Disguise\n|-damage|p1a: Mimikyu|216/216\n|-status|p1a: Mimikyu|psn\n|detailschange|p1a: Mimikyu|Mimikyu-Busted, L79, F\n|-damage|p1a: Mimikyu|189/216 psn|[from] pokemon: Mimikyu-Busted\n|\n|-heal|p2a: Weezing|45/100|[from] item: Leftovers\n|-damage|p1a: Mimikyu|162/216 psn|[from] psn\n|upkeep\n|turn|19\n|inactive|Time left: 300 sec this turn | 300 sec total\n|\n|t:|1783542469\n|move|p1a: Mimikyu|Play Rough|p2a: Weezing\n|-resisted|p2a: Weezing\n|-damage|p2a: Weezing|13/100\n|-damage|p1a: Mimikyu|141/216 psn|[from] item: Life Orb\n|move|p2a: Weezing|Gunk Shot|p1a: Mimikyu\n|-damage|p1a: Mimikyu|6/216 psn\n|\n|-heal|p2a: Weezing|19/100|[from] item: Leftovers\n|-damage|p1a: Mimikyu|0 fnt|[from] psn\n|faint|p1a: Mimikyu\n|upkeep\n|inactive|Time left: 300 sec this turn | 300 sec total | 5 sec grace\n|\n|t:|1783542470\n|switch|p1a: Whiscash|Whiscash, L88, F|337/337\n|turn|20\n|inactive|Time left: 300 sec this turn | 300 sec total\n|\n|t:|1783542471\n|move|p1a: Whiscash|Ice Beam|p2a: Weezing\n|-damage|p2a: Weezing|0 fnt\n|faint|p2a: Weezing\n|\n|upkeep\n|\n|t:|1783542472\n|switch|p2a: Porygon2|Porygon2, L81, tera:Fighting|30/100\n|-ability|p2a: Porygon2|Download|boost\n|-boost|p2a: Porygon2|spa|1\n|turn|21\n|inactive|Time left: 300 sec this turn | 300 sec total\n|\n|t:|1783542473\n|move|p1a: Whiscash|Earthquake|p2a: Porygon2\n|-damage|p2a: Porygon2|4/100\n|move|p2a: Porygon2|Recover|p2a: Porygon2\n|-heal|p2a: Porygon2|54/100\n|\n|upkeep\n|turn|22\n|inactive|Time left: 300 sec this turn | 300 sec total\n|\n|t:|1783542474\n|move|p1a: Whiscash|Earthquake|p2a: Porygon2\n|-damage|p2a: Porygon2|30/100\n|move|p2a: Porygon2|Recover|p2a: Porygon2\n|-heal|p2a: Porygon2|80/100\n|\n|upkeep\n|turn|23\n|inactive|Time left: 300 sec this turn | 300 sec total\n|\n|t:|1783542475\n|move|p1a: Whiscash|Earthquake|p2a: Porygon2\n|-damage|p2a: Porygon2|55/100\n|move|p2a: Porygon2|Tera Blast|p1a: Whiscash|[anim] Tera Blast Fighting\n|-damage|p1a: Whiscash|187/337\n|\n|-heal|p1a: Whiscash|208/337|[from] item: Leftovers\n|upkeep\n|turn|24\n|inactive|Time left: 300 sec this turn | 300 sec total\n|\n|t:|1783542476\n|move|p1a: Whiscash|Ice Beam|p2a: Porygon2\n|-damage|p2a: Porygon2|40/100\n|move|p2a: Porygon2|Tera Blast|p1a: Whiscash|[anim] Tera Blast Fighting\n|-damage|p1a: Whiscash|61/337\n|\n|-heal|p1a: Whiscash|82/337|[from] item: Leftovers\n|upkeep\n|turn|25\n|inactive|Time left: 300 sec this turn | 300 sec total\n|\n|t:|1783542477\n|-terastallize|p1a: Whiscash|Steel\n|move|p1a: Whiscash|Ice Beam|p2a: Porygon2\n|-damage|p2a: Porygon2|25/100\n|move|p2a: Porygon2|Shadow Ball|p1a: Whiscash\n|-damage|p1a: Whiscash|0 fnt\n|faint|p1a: Whiscash\n|\n|win|p0y24742de", "uploadtime": 1783542477, "views": 0, "rating": 0, "private": 0, "password": null, "_winner": "p0y24742de", "_our_name": "p0x2479dac"}