{"id": "battle-gen9randombattle-1308", "formatid": "gen9randombattle", "format": "[Gen 9] Random Battle", "players": ["p0x13089b1b", "p0y13085e44"], "log": "|init|battle\n|title|p0x13089b1b vs. p0y13085e44\n|j|\u2606p0x13089b1b\n|j|\u2606p0y13085e44\n|t:|1783554306\n|gametype|singles\n|player|p1|p0x13089b1b|101|\n|player|p2|p0y13085e44|265|\n|gen|9\n|tier|[Gen 9] Random Battle\n|rule|Species Clause: Limit one of each Pok\u00e9mon\n|rule|HP Percentage Mod: HP is shown in percentages\n|rule|Sleep Clause Mod: Limit one foe put to sleep\n|rule|Illusion Level Mod: Illusion disguises the Pok\u00e9mon's true level\n|\n|t:|1783554306\n|teamsize|p1|6\n|teamsize|p2|6\n|start\n|switch|p1a: Tsareena|Tsareena, L87, F|100/100\n|switch|p2a: Revavroom|Revavroom, L79, F|256/256\n|turn|1\n|inactive|Battle timer is ON: inactive players will automatically lose when time's up. (requested by p0y13085e44)\n|inactive|p0x13089b1b also wants the timer to be on.\n|\n|t:|1783554308\n|move|p2a: Revavroom|Shift Gear|p2a: Revavroom\n|-boost|p2a: Revavroom|spe|2\n|-boost|p2a: Revavroom|atk|1\n|move|p1a: Tsareena|Knock Off|p2a: Revavroom\n|-damage|p2a: Revavroom|167/256\n|-enditem|p2a: Revavroom|Life Orb|[from] move: Knock Off|[of] p1a: Tsareena\n|\n|upkeep\n|turn|2\n|inactive|Time left: 300 sec this turn | 300 sec total\n|\n|t:|1783554309\n|switch|p1a: Braviary|Braviary-Hisui, L85, M|100/100\n|move|p2a: Revavroom|Gunk Shot|p1a: Braviary|[miss]\n|-miss|p2a: Revavroom|p1a: Braviary\n|\n|upkeep\n|turn|3\n|inactive|Time left: 300 sec this turn | 300 sec total\n|\n|t:|1783554310\n|move|p2a: Revavroom|Gunk Shot|p1a: Braviary\n|-damage|p1a: Braviary|31/100\n|move|p1a: Braviary|Psychic|p2a: Revavroom\n|-damage|p2a: Revavroom|0 fnt\n|faint|p2a: Revavroom\n|\n|upkeep\n|inactive|Time left: 300 sec this turn | 300 sec total | 5 sec grace\n|\n|t:|1783554311\n|switch|p2a: Ribombee|Ribombee, L83, F|235/235\n|turn|4\n|inactive|Time left: 300 sec this turn | 300 sec total\n|\n|t:|1783554312\n|switch|p1a: Revavroom|Revavroom, L79, M|100/100\n|move|p2a: Ribombee|Sticky Web|p1a: Revavroom\n|-sidestart|p1: p0x13089b1b|move: Sticky Web\n|\n|upkeep\n|turn|5\n|inactive|Time left: 300 sec this turn | 300 sec total\n|\n|t:|1783554312\n|switch|p2a: Sandslash|Sandslash-Alola, L88, F|275/275\n|move|p1a: Revavroom|Shift Gear|p1a: Revavroom\n|-boost|p1a: Revavroom|spe|2\n|-boost|p1a: Revavroom|atk|1\n|\n|upkeep\n|turn|6\n|inactive|Time left: 300 sec this turn | 300 sec total\n|\n|t:|1783554313\n|-terastallize|p2a: Sandslash|Ground\n|move|p1a: Revavroom|Iron Head|p2a: Sandslash\n|-damage|p2a: Sandslash|141/275\n|-damage|p1a: Revavroom|91/100|[from] item: Life Orb\n|move|p2a: Sandslash|Earthquake|p1a: Revavroom\n|-supereffective|p1a: Revavroom\n|-damage|p1a: Revavroom|0 fnt\n|faint|p1a: Revavroom\n|\n|-heal|p2a: Sandslash|158/275|[from] item: Leftovers\n|upkeep\n|\n|t:|1783554314\n|switch|p1a: Tsareena|Tsareena, L87, F|100/100\n|-activate|p1a: Tsareena|move: Sticky Web\n|-unboost|p1a: Tsareena|spe|1\n|turn|7\n|inactive|Time left: 300 sec this turn | 300 sec total\n|\n|t:|1783554315\n|move|p2a: Sandslash|Triple Axel|p1a: Tsareena\n|-supereffective|p1a: Tsareena\n|-damage|p1a: Tsareena|83/100\n|-supereffective|p1a: Tsareena\n|-damage|p1a: Tsareena|49/100\n|-supereffective|p1a: Tsareena\n|-damage|p1a: Tsareena|2/100\n|-hitcount|p1a: Tsareena|3\n|move|p1a: Tsareena|Triple Axel|p2a: Sandslash\n|-supereffective|p2a: Sandslash\n|-damage|p2a: Sandslash|130/275\n|-supereffective|p2a: Sandslash\n|-crit|p2a: Sandslash\n|-damage|p2a: Sandslash|54/275\n|-supereffective|p2a: Sandslash\n|-damage|p2a: Sandslash|0 fnt\n|faint|p2a: Sandslash\n|-hitcount|p2: Sandslash|3\n|\n|upkeep\n|inactive|Time left: 300 sec this turn | 300 sec total | 5 sec grace\n|\n|t:|1783554316\n|switch|p2a: Lanturn|Lanturn, L89, F|367/367\n|turn|8\n|inactive|Time left: 300 sec this turn | 300 sec total\n|\n|t:|1783554317\n|move|p2a: Lanturn|Scald|p1a: Tsareena\n|-resisted|p1a: Tsareena\n|-damage|p1a: Tsareena|0 fnt\n|faint|p1a: Tsareena\n|\n|upkeep\n|\n|t:|1783554318\n|switch|p1a: Raikou|Raikou, L81|100/100\n|-ability|p1a: Raikou|Pressure\n|turn|9\n|inactive|Time left: 300 sec this turn | 300 sec total\n|\n|t:|1783554319\n|move|p1a: Raikou|Calm Mind|p1a: Raikou\n|-boost|p1a: Raikou|spa|1\n|-boost|p1a: Raikou|spd|1\n|move|p2a: Lanturn|Scald|p1a: Raikou\n|-damage|p1a: Raikou|84/100\n|\n|upkeep\n|turn|10\n|inactive|Time left: 300 sec this turn | 300 sec total\n|\n|t:|1783554319\n|move|p1a: Raikou|Calm Mind|p1a: Raikou\n|-boost|p1a: Raikou|spa|1\n|-boost|p1a: Raikou|spd|1\n|move|p2a: Lanturn|Volt Switch|p1a: Raikou\n|-resisted|p1a: Raikou\n|-damage|p1a: Raikou|79/100\n|inactive|Time left: 300 sec this turn | 300 sec total | 5 sec grace\n|\n|t:|1783554320\n|switch|p2a: Tauros|Tauros-Paldea-Combat, L82, M|257/257|[from] Volt Switch\n|-ability|p2a: Tauros|Intimidate|boost\n|-unboost|p1a: Raikou|atk|1\n|\n|upkeep\n|turn|11\n|inactive|Time left: 300 sec this turn | 300 sec total\n|\n|t:|1783554321\n|move|p1a: Raikou|Thunderbolt|p2a: Tauros\n|-damage|p2a: Tauros|26/257\n|move|p2a: Tauros|Close Combat|p1a: Raikou\n|-damage|p1a: Raikou|0 fnt\n|-unboost|p2a: Tauros|def|1\n|-unboost|p2a: Tauros|spd|1\n|faint|p1a: Raikou\n|\n|upkeep\n|\n|t:|1783554323\n|switch|p1a: Vespiquen|Vespiquen, L99, F|100/100\n|-ability|p1a: Vespiquen|Pressure\n|turn|12\n|inactive|Time left: 300 sec this turn | 300 sec total\n|\n|t:|1783554324\n|switch|p2a: Lanturn|Lanturn, L89, F|367/367\n|move|p1a: Vespiquen|Air Slash|p2a: Lanturn\n|-resisted|p2a: Lanturn\n|-damage|p2a: Lanturn|320/367\n|\n|upkeep\n|turn|13\n|inactive|Time left: 300 sec this turn | 300 sec total\n|\n|t:|1783554325\n|move|p2a: Lanturn|Thunderbolt|p1a: Vespiquen\n|-supereffective|p1a: Vespiquen\n|-damage|p1a: Vespiquen|52/100\n|move|p1a: Vespiquen|U-turn|p2a: Lanturn\n|-damage|p2a: Lanturn|211/367\n|\n|t:|1783554326\n|switch|p1a: Raichu|Raichu, L88, M|100/100|[from] U-turn\n|-activate|p1a: Raichu|move: Sticky Web\n|-unboost|p1a: Raichu|spe|1\n|\n|upkeep\n|turn|14\n|inactive|Time left: 300 sec this turn | 300 sec total\n|\n|t:|1783554327\n|move|p2a: Lanturn|Scald|p1a: Raichu\n|-damage|p1a: Raichu|70/100\n|move|p1a: Raichu|Grass Knot|p2a: Lanturn\n|-supereffective|p2a: Lanturn\n|-damage|p2a: Lanturn|117/367\n|\n|upkeep\n|turn|15\n|inactive|Time left: 300 sec this turn | 300 sec total\n|\n|t:|1783554329\n|move|p2a: Lanturn|Scald|p1a: Raichu\n|-damage|p1a: Raichu|38/100\n|move|p1a: Raichu|Grass Knot|p2a: Lanturn\n|-supereffective|p2a: Lanturn\n|-damage|p2a: Lanturn|15/367\n|\n|upkeep\n|turn|16\n|inactive|Time left: 300 sec this turn | 300 sec total\n|\n|t:|1783554331\n|move|p2a: Lanturn|Scald|p1a: Raichu\n|-damage|p1a: Raichu|5/100\n|move|p1a: Raichu|Grass Knot|p2a: Lanturn\n|-supereffective|p2a: Lanturn\n|-damage|p2a: Lanturn|0 fnt\n|faint|p2a: Lanturn\n|\n|upkeep\n|inactive|Time left: 300 sec this turn | 300 sec total | 5 sec grace\n|\n|t:|1783554333\n|switch|p2a: Tauros|Tauros-Paldea-Combat, L82, M|26/257\n|-ability|p2a: Tauros|Intimidate|boost\n|-unboost|p1a: Raichu|atk|1\n|turn|17\n|inactive|Time left: 300 sec this turn | 300 sec total\n|\n|t:|1783554334\n|move|p2a: Tauros|Stone Edge|p1a: Raichu|[miss]\n|-miss|p2a: Tauros|p1a: Raichu\n|move|p1a: Raichu|Grass Knot|p2a: Tauros\n|-damage|p2a: Tauros|0 fnt\n|faint|p2a: Tauros\n|\n|upkeep\n|inactive|Time left: 300 sec this turn | 300 sec total | 5 sec grace\n|\n|t:|1783554335\n|switch|p2a: Hypno|Hypno, L95, M|315/315\n|turn|18\n|inactive|Time left: 300 sec this turn | 300 sec total\n|\n|t:|1783554336\n|move|p2a: Hypno|Knock Off|p1a: Raichu\n|-damage|p1a: Raichu|0 fnt\n|-enditem|p1a: Raichu|Choice Specs|[from] move: Knock Off|[of] p2a: Hypno\n|faint|p1a: Raichu\n|\n|upkeep\n|\n|t:|1783554337\n|switch|p1a: Vespiquen|Vespiquen, L99, F|52/100\n|-ability|p1a: Vespiquen|Pressure\n|turn|19\n|inactive|Time left: 300 sec this turn | 300 sec total\n|\n|t:|1783554338\n|move|p2a: Hypno|Knock Off|p1a: Vespiquen\n|-damage|p1a: Vespiquen|33/100\n|-enditem|p1a: Vespiquen|Heavy-Duty Boots|[from] move: Knock Off|[of] p2a: Hypno\n|move|p1a: Vespiquen|U-turn|p2a: Hypno\n|-supereffective|p2a: Hypno\n|-damage|p2a: Hypno|123/315\n|\n|t:|1783554340\n|switch|p1a: Braviary|Braviary-Hisui, L85, M|31/100|[from] U-turn\n|\n|-heal|p2a: Hypno|142/315|[from] item: Leftovers\n|upkeep\n|turn|20\n|inactive|Time left: 300 sec this turn | 300 sec total\n|\n|t:|1783554341\n|move|p2a: Hypno|Knock Off|p1a: Braviary\n|-supereffective|p1a: Braviary\n|-damage|p1a: Braviary|0 fnt\n|-enditem|p1a: Braviary|Life Orb|[from] move: Knock Off|[of] p2a: Hypno\n|faint|p1a: Braviary\n|\n|-heal|p2a: Hypno|161/315|[from] item: Leftovers\n|upkeep\n|\n|t:|1783554342\n|switch|p1a: Vespiquen|Vespiquen, L99, F|33/100\n|-ability|p1a: Vespiquen|Pressure\n|turn|21\n|inactive|Time left: 300 sec this turn | 300 sec total\n|\n|t:|1783554343\n|-terastallize|p1a: Vespiquen|Steel\n|move|p2a: Hypno|Psychic Noise|p1a: Vespiquen\n|-resisted|p1a: Vespiquen\n|-damage|p1a: Vespiquen|22/100\n|-start|p1a: Vespiquen|move: Heal Block\n|move|p1a: Vespiquen|Air Slash|p2a: Hypno\n|-damage|p2a: Hypno|97/315\n|\n|-heal|p2a: Hypno|116/315|[from] item: Leftovers\n|upkeep\n|turn|22\n|inactive|Time left: 300 sec this turn | 300 sec total\n|\n|t:|1783554344\n|move|p2a: Hypno|Knock Off|p1a: Vespiquen\n|-damage|p1a: Vespiquen|9/100\n|move|p1a: Vespiquen|U-turn|p2a: Hypno\n|-supereffective|p2a: Hypno\n|-damage|p2a: Hypno|0 fnt\n|faint|p2a: Hypno\n|\n|-end|p1a: Vespiquen|move: Heal Block\n|upkeep\n|inactive|Time left: 300 sec this turn | 300 sec total | 5 sec grace\n|\n|t:|1783554345\n|switch|p2a: Ribombee|Ribombee, L83, F|235/235\n|turn|23\n|inactive|Time left: 300 sec this turn | 300 sec total\n|\n|t:|1783554345\n|move|p2a: Ribombee|Moonblast|p1a: Vespiquen\n|-resisted|p1a: Vespiquen\n|-damage|p1a: Vespiquen|0 fnt\n|faint|p1a: Vespiquen\n|\n|win|p0y13085e44", "uploadtime": 1783554346, "views": 0, "rating": 0, "private": 0, "password": null, "_winner": "p0y13085e44", "_our_name": "p0y13085e44"}