{"id": "battle-gen9randombattle-2658", "formatid": "gen9randombattle", "format": "[Gen 9] Random Battle", "players": ["p0x26589f4a", "p0y26582776"], "log": "|init|battle\n|title|p0x26589f4a vs. p0y26582776\n|j|\u2606p0x26589f4a\n|j|\u2606p0y26582776\n|t:|1783570684\n|gametype|singles\n|player|p1|p0x26589f4a|169|\n|player|p2|p0y26582776|2|\n|gen|9\n|tier|[Gen 9] Random Battle\n|rule|Species Clause: Limit one of each Pok\u00e9mon\n|rule|HP Percentage Mod: HP is shown in percentages\n|rule|Sleep Clause Mod: Limit one foe put to sleep\n|rule|Illusion Level Mod: Illusion disguises the Pok\u00e9mon's true level\n|\n|t:|1783570684\n|teamsize|p1|6\n|teamsize|p2|6\n|start\n|switch|p1a: Zangoose|Zangoose, L85, M|263/263\n|switch|p2a: Sudowoodo|Sudowoodo, L94, F|100/100\n|turn|1\n|inactive|Battle timer is ON: inactive players will automatically lose when time's up. (requested by p0x26589f4a)\n|inactive|p0y26582776 also wants the timer to be on.\n|\n|t:|1783570685\n|move|p1a: Zangoose|Knock Off|p2a: Sudowoodo\n|-damage|p2a: Sudowoodo|81/100\n|-enditem|p2a: Sudowoodo|Choice Band|[from] move: Knock Off|[of] p1a: Zangoose\n|move|p2a: Sudowoodo|Head Smash|p1a: Zangoose\n|-damage|p1a: Zangoose|10/263\n|\n|-status|p1a: Zangoose|tox|[from] item: Toxic Orb\n|upkeep\n|turn|2\n|inactive|Time left: 300 sec this turn | 300 sec total\n|\n|t:|1783570686\n|move|p2a: Sudowoodo|Sucker Punch|p1a: Zangoose\n|-damage|p1a: Zangoose|0 fnt\n|faint|p1a: Zangoose\n|\n|upkeep\n|inactive|Time left: 300 sec this turn | 300 sec total | 5 sec grace\n|\n|t:|1783570687\n|switch|p1a: Hitmonchan|Hitmonchan, L87, M|229/229\n|turn|3\n|inactive|Time left: 300 sec this turn | 300 sec total\n|\n|t:|1783570688\n|move|p1a: Hitmonchan|Bulk Up|p1a: Hitmonchan\n|-boost|p1a: Hitmonchan|atk|1\n|-boost|p1a: Hitmonchan|def|1\n|move|p2a: Sudowoodo|Earthquake|p1a: Hitmonchan\n|-damage|p1a: Hitmonchan|160/229\n|\n|-heal|p1a: Hitmonchan|174/229|[from] item: Leftovers\n|upkeep\n|turn|4\n|inactive|Time left: 300 sec this turn | 300 sec total\n|\n|t:|1783570689\n|switch|p2a: Groudon|Groudon, L72|100/100\n|-weather|SunnyDay|[from] ability: Drought|[of] p2a: Groudon\n|move|p1a: Hitmonchan|Drain Punch|p2a: Groudon\n|-damage|p2a: Groudon|55/100\n|-heal|p1a: Hitmonchan|229/229|[from] drain|[of] p2a: Groudon\n|\n|-weather|SunnyDay|[upkeep]\n|-heal|p2a: Groudon|61/100|[from] item: Leftovers\n|upkeep\n|turn|5\n|inactive|Time left: 300 sec this turn | 300 sec total\n|\n|t:|1783570690\n|move|p1a: Hitmonchan|Drain Punch|p2a: Groudon\n|-damage|p2a: Groudon|15/100\n|move|p2a: Groudon|Thunder Wave|p1a: Hitmonchan\n|-status|p1a: Hitmonchan|par\n|\n|-weather|SunnyDay|[upkeep]\n|-heal|p2a: Groudon|21/100|[from] item: Leftovers\n|upkeep\n|turn|6\n|inactive|Time left: 300 sec this turn | 300 sec total\n|\n|t:|1783570691\n|move|p2a: Groudon|Heat Crash|p1a: Hitmonchan\n|-damage|p1a: Hitmonchan|142/229 par\n|move|p1a: Hitmonchan|Drain Punch|p2a: Groudon\n|-crit|p2a: Groudon\n|-damage|p2a: Groudon|0 fnt\n|-heal|p1a: Hitmonchan|169/229 par|[from] drain|[of] p2a: Groudon\n|faint|p2a: Groudon\n|\n|-weather|SunnyDay|[upkeep]\n|-heal|p1a: Hitmonchan|183/229 par|[from] item: Leftovers\n|upkeep\n|\n|t:|1783570692\n|switch|p2a: Blaziken|Blaziken, L76, M|100/100\n|turn|7\n|inactive|Time left: 300 sec this turn | 300 sec total\n|\n|t:|1783570693\n|move|p2a: Blaziken|Swords Dance|p2a: Blaziken\n|-boost|p2a: Blaziken|atk|2\n|move|p1a: Hitmonchan|Drain Punch|p2a: Blaziken\n|-damage|p2a: Blaziken|13/100\n|-heal|p1a: Hitmonchan|229/229 par|[from] drain|[of] p2a: Blaziken\n|\n|-weather|SunnyDay|[upkeep]\n|-ability|p2a: Blaziken|Speed Boost|boost\n|-boost|p2a: Blaziken|spe|1\n|upkeep\n|turn|8\n|inactive|Time left: 300 sec this turn | 300 sec total\n|\n|t:|1783570694\n|switch|p1a: Scream Tail|Scream Tail, L84|330/330\n|-activate|p1a: Scream Tail|ability: Protosynthesis\n|-start|p1a: Scream Tail|protosynthesisspd\n|move|p2a: Blaziken|Close Combat|p1a: Scream Tail\n|-resisted|p1a: Scream Tail\n|-damage|p1a: Scream Tail|257/330\n|-unboost|p2a: Blaziken|def|1\n|-unboost|p2a: Blaziken|spd|1\n|-damage|p2a: Blaziken|3/100|[from] item: Life Orb\n|\n|-weather|none\n|-end|p1a: Scream Tail|Protosynthesis\n|-heal|p1a: Scream Tail|277/330|[from] item: Leftovers\n|-ability|p2a: Blaziken|Speed Boost|boost\n|-boost|p2a: Blaziken|spe|1\n|upkeep\n|turn|9\n|inactive|Time left: 300 sec this turn | 300 sec total\n|\n|t:|1783570695\n|move|p1a: Scream Tail|Protect|p1a: Scream Tail\n|-singleturn|p1a: Scream Tail|Protect\n|move|p2a: Blaziken|Flare Blitz|p1a: Scream Tail\n|-activate|p1a: Scream Tail|move: Protect\n|\n|-heal|p1a: Scream Tail|297/330|[from] item: Leftovers\n|-ability|p2a: Blaziken|Speed Boost|boost\n|-boost|p2a: Blaziken|spe|1\n|upkeep\n|turn|10\n|inactive|Time left: 300 sec this turn | 300 sec total\n|\n|t:|1783570695\n|move|p2a: Blaziken|Flare Blitz|p1a: Scream Tail\n|-damage|p1a: Scream Tail|0 fnt\n|faint|p1a: Scream Tail\n|-end|p1a: Scream Tail|Protosynthesis|[silent]\n|-damage|p2a: Blaziken|0 fnt|[from] Recoil\n|faint|p2a: Blaziken\n|\n|upkeep\n|inactive|Time left: 300 sec this turn | 300 sec total | 5 sec grace\n|\n|t:|1783570696\n|switch|p1a: Vikavolt|Vikavolt, L83, F|263/263\n|switch|p2a: Beartic|Beartic, L91, F|100/100\n|turn|11\n|inactive|Time left: 300 sec this turn | 300 sec total\n|\n|t:|1783570697\n|move|p2a: Beartic|Swords Dance|p2a: Beartic\n|-boost|p2a: Beartic|atk|2\n|move|p1a: Vikavolt|Sticky Web|p2a: Beartic\n|-sidestart|p2: p0y26582776|move: Sticky Web\n|\n|upkeep\n|turn|12\n|inactive|Time left: 300 sec this turn | 300 sec total\n|\n|t:|1783570698\n|switch|p1a: Froslass|Froslass, L87, F|263/263\n|move|p2a: Beartic|Icicle Crash|p1a: Froslass\n|-resisted|p1a: Froslass\n|-damage|p1a: Froslass|102/263\n|\n|upkeep\n|turn|13\n|inactive|Time left: 300 sec this turn | 300 sec total\n|\n|t:|1783570699\n|move|p1a: Froslass|Will-O-Wisp|p2a: Beartic\n|-status|p2a: Beartic|brn\n|move|p2a: Beartic|Earthquake|p1a: Froslass\n|-damage|p1a: Froslass|0 fnt\n|faint|p1a: Froslass\n|\n|-damage|p2a: Beartic|94/100 brn|[from] brn\n|upkeep\n|inactive|Time left: 300 sec this turn | 300 sec total | 5 sec grace\n|\n|t:|1783570700\n|switch|p1a: Vikavolt|Vikavolt, L83, F|263/263\n|turn|14\n|inactive|Time left: 300 sec this turn | 300 sec total\n|\n|t:|1783570700\n|move|p2a: Beartic|Icicle Crash|p1a: Vikavolt\n|-damage|p1a: Vikavolt|122/263\n|cant|p1a: Vikavolt|flinch\n|\n|-damage|p2a: Beartic|88/100 brn|[from] brn\n|upkeep\n|turn|15\n|inactive|Time left: 300 sec this turn | 300 sec total\n|\n|t:|1783570701\n|move|p2a: Beartic|Icicle Crash|p1a: Vikavolt\n|-damage|p1a: Vikavolt|0 fnt\n|faint|p1a: Vikavolt\n|\n|-damage|p2a: Beartic|82/100 brn|[from] brn\n|upkeep\n|inactive|Time left: 300 sec this turn | 300 sec total | 5 sec grace\n|\n|t:|1783570702\n|switch|p1a: Dodrio|Dodrio, L85, F|241/241\n|turn|16\n|inactive|Time left: 300 sec this turn | 300 sec total\n|\n|t:|1783570703\n|-terastallize|p1a: Dodrio|Normal\n|move|p1a: Dodrio|Double-Edge|p2a: Beartic\n|-damage|p2a: Beartic|0 fnt\n|faint|p2a: Beartic\n|-damage|p1a: Dodrio|155/241|[from] Recoil\n|\n|upkeep\n|\n|t:|1783570704\n|switch|p2a: Furret|Furret, L94, M|100/100\n|-activate|p2a: Furret|move: Sticky Web\n|-unboost|p2a: Furret|spe|1\n|-item|p1a: Dodrio|Choice Band|[from] ability: Frisk|[of] p2a: Furret\n|turn|17\n|inactive|Time left: 300 sec this turn | 300 sec total\n|\n|t:|1783570705\n|-terastallize|p2a: Furret|Ghost\n|move|p1a: Dodrio|Double-Edge|p2a: Furret\n|-immune|p2a: Furret\n|move|p2a: Furret|Double-Edge|p1a: Dodrio\n|-damage|p1a: Dodrio|0 fnt\n|faint|p1a: Dodrio\n|-damage|p2a: Furret|84/100|[from] Recoil\n|\n|upkeep\n|inactive|Time left: 300 sec this turn | 300 sec total | 5 sec grace\n|\n|t:|1783570706\n|switch|p1a: Hitmonchan|Hitmonchan, L87, M|229/229 par\n|turn|18\n|inactive|Time left: 300 sec this turn | 300 sec total\n|\n|t:|1783570707\n|move|p2a: Furret|Double-Edge|p1a: Hitmonchan\n|-damage|p1a: Hitmonchan|18/229 par\n|-damage|p2a: Furret|62/100|[from] Recoil\n|move|p1a: Hitmonchan|Knock Off|p2a: Furret\n|-supereffective|p2a: Furret\n|-damage|p2a: Furret|3/100\n|-enditem|p2a: Furret|Choice Band|[from] move: Knock Off|[of] p1a: Hitmonchan\n|\n|-heal|p1a: Hitmonchan|32/229 par|[from] item: Leftovers\n|upkeep\n|turn|19\n|inactive|Time left: 300 sec this turn | 300 sec total\n|\n|t:|1783570708\n|move|p2a: Furret|Double-Edge|p1a: Hitmonchan\n|-damage|p1a: Hitmonchan|0 fnt\n|faint|p1a: Hitmonchan\n|-damage|p2a: Furret|0 fnt|[from] Recoil\n|faint|p2a: Furret\n|\n|win|p0y26582776", "uploadtime": 1783570708, "views": 0, "rating": 0, "private": 0, "password": null, "_winner": "p0y26582776", "_our_name": "p0x26589f4a"}