{"id": "battle-gen9randombattle-1767", "formatid": "gen9randombattle", "format": "[Gen 9] Random Battle", "players": ["p0x17670eb3", "p0y17671296"], "log": "|init|battle\n|title|p0x17670eb3 vs. p0y17671296\n|j|\u2606p0x17670eb3\n|j|\u2606p0y17671296\n|t:|1783559717\n|gametype|singles\n|player|p1|p0x17670eb3|265|\n|player|p2|p0y17671296|169|\n|gen|9\n|tier|[Gen 9] Random Battle\n|rule|Species Clause: Limit one of each Pok\u00e9mon\n|rule|HP Percentage Mod: HP is shown in percentages\n|rule|Sleep Clause Mod: Limit one foe put to sleep\n|rule|Illusion Level Mod: Illusion disguises the Pok\u00e9mon's true level\n|\n|t:|1783559717\n|teamsize|p1|6\n|teamsize|p2|6\n|start\n|switch|p1a: Iron Valiant|Iron Valiant, L78|100/100\n|switch|p2a: Empoleon|Empoleon, L84, M|278/278\n|turn|1\n|inactive|Battle timer is ON: inactive players will automatically lose when time's up. (requested by p0x17670eb3)\n|inactive|Time left: 300 sec this turn | 300 sec total | 60 sec grace\n|inactive|p0y17671296 also wants the timer to be on.\n|\n|t:|1783559719\n|move|p1a: Iron Valiant|Close Combat|p2a: Empoleon\n|-supereffective|p2a: Empoleon\n|-damage|p2a: Empoleon|0 fnt\n|-unboost|p1a: Iron Valiant|def|1\n|-unboost|p1a: Iron Valiant|spd|1\n|faint|p2a: Empoleon\n|-damage|p1a: Iron Valiant|91/100|[from] item: Life Orb\n|\n|upkeep\n|inactive|Time left: 300 sec this turn | 300 sec total | 65 sec grace\n|\n|t:|1783559720\n|switch|p2a: Flutter Mane|Flutter Mane, L74|203/203\n|turn|2\n|inactive|Time left: 300 sec this turn | 300 sec total\n|\n|t:|1783559721\n|-end|p1a: Iron Valiant|Quark Drive|[silent]\n|switch|p1a: Clodsire|Clodsire, L81, F|100/100\n|move|p2a: Flutter Mane|Moonblast|p1a: Clodsire\n|-resisted|p1a: Clodsire\n|-damage|p1a: Clodsire|80/100\n|\n|-heal|p1a: Clodsire|86/100|[from] item: Leftovers\n|upkeep\n|turn|3\n|inactive|Time left: 300 sec this turn | 300 sec total\n|\n|t:|1783559722\n|move|p2a: Flutter Mane|Moonblast|p1a: Clodsire\n|-resisted|p1a: Clodsire\n|-damage|p1a: Clodsire|64/100\n|move|p1a: Clodsire|Gunk Shot|p2a: Flutter Mane\n|-damage|p2a: Flutter Mane|61/203\n|\n|-heal|p1a: Clodsire|70/100|[from] item: Leftovers\n|upkeep\n|turn|4\n|inactive|Time left: 300 sec this turn | 300 sec total\n|\n|t:|1783559724\n|move|p2a: Flutter Mane|Moonblast|p1a: Clodsire\n|-resisted|p1a: Clodsire\n|-damage|p1a: Clodsire|51/100\n|move|p1a: Clodsire|Earthquake|p2a: Flutter Mane\n|-damage|p2a: Flutter Mane|0 fnt\n|faint|p2a: Flutter Mane\n|-end|p2a: Flutter Mane|Protosynthesis|[silent]\n|\n|-heal|p1a: Clodsire|57/100|[from] item: Leftovers\n|upkeep\n|inactive|Time left: 300 sec this turn | 300 sec total | 5 sec grace\n|\n|t:|1783559725\n|switch|p2a: Wugtrio|Wugtrio, L91, F|212/212\n|turn|5\n|inactive|Time left: 300 sec this turn | 300 sec total\n|\n|t:|1783559726\n|switch|p1a: Archaludon|Archaludon, L78, M|100/100\n|move|p2a: Wugtrio|Liquidation|p1a: Archaludon\n|-resisted|p1a: Archaludon\n|-damage|p1a: Archaludon|77/100\n|-ability|p1a: Archaludon|Stamina|boost\n|-boost|p1a: Archaludon|def|1\n|\n|-heal|p1a: Archaludon|83/100|[from] item: Leftovers\n|upkeep\n|turn|6\n|inactive|Time left: 300 sec this turn | 300 sec total\n|\n|t:|1783559728\n|move|p2a: Wugtrio|Liquidation|p1a: Archaludon\n|-resisted|p1a: Archaludon\n|-damage|p1a: Archaludon|67/100\n|-ability|p1a: Archaludon|Stamina|boost\n|-boost|p1a: Archaludon|def|1\n|move|p1a: Archaludon|Body Press|p2a: Wugtrio\n|-crit|p2a: Wugtrio\n|-damage|p2a: Wugtrio|0 fnt\n|-ability|p2a: Wugtrio|Gooey\n|-unboost|p1a: Archaludon|spe|1\n|faint|p2a: Wugtrio\n|\n|-heal|p1a: Archaludon|73/100|[from] item: Leftovers\n|upkeep\n|inactive|Time left: 300 sec this turn | 300 sec total | 5 sec grace\n|\n|t:|1783559729\n|switch|p2a: Okidogi|Okidogi, L77, M|262/262\n|turn|7\n|inactive|Time left: 300 sec this turn | 300 sec total\n|\n|t:|1783559730\n|move|p2a: Okidogi|Bulk Up|p2a: Okidogi\n|-boost|p2a: Okidogi|atk|1\n|-boost|p2a: Okidogi|def|1\n|move|p1a: Archaludon|Flash Cannon|p2a: Okidogi\n|-crit|p2a: Okidogi\n|-damage|p2a: Okidogi|99/262\n|\n|-heal|p2a: Okidogi|115/262|[from] item: Leftovers\n|-heal|p1a: Archaludon|79/100|[from] item: Leftovers\n|upkeep\n|turn|8\n|inactive|Time left: 300 sec this turn | 300 sec total\n|\n|t:|1783559731\n|move|p2a: Okidogi|Drain Punch|p1a: Archaludon\n|-supereffective|p1a: Archaludon\n|-damage|p1a: Archaludon|43/100\n|-heal|p2a: Okidogi|164/262|[from] drain|[of] p1a: Archaludon\n|-ability|p1a: Archaludon|Stamina|boost\n|-boost|p1a: Archaludon|def|1\n|move|p1a: Archaludon|Draco Meteor|p2a: Okidogi\n|-damage|p2a: Okidogi|5/262\n|-unboost|p1a: Archaludon|spa|2\n|\n|-heal|p2a: Okidogi|21/262|[from] item: Leftovers\n|-heal|p1a: Archaludon|49/100|[from] item: Leftovers\n|upkeep\n|turn|9\n|inactive|Time left: 300 sec this turn | 300 sec total\n|\n|t:|1783559732\n|move|p2a: Okidogi|Drain Punch|p1a: Archaludon\n|-supereffective|p1a: Archaludon\n|-damage|p1a: Archaludon|15/100\n|-heal|p2a: Okidogi|66/262|[from] drain|[of] p1a: Archaludon\n|-ability|p1a: Archaludon|Stamina|boost\n|-boost|p1a: Archaludon|def|1\n|move|p1a: Archaludon|Draco Meteor|p2a: Okidogi\n|-damage|p2a: Okidogi|0 fnt\n|-unboost|p1a: Archaludon|spa|2\n|faint|p2a: Okidogi\n|\n|-heal|p1a: Archaludon|21/100|[from] item: Leftovers\n|upkeep\n|inactive|Time left: 300 sec this turn | 300 sec total | 5 sec grace\n|\n|t:|1783559733\n|switch|p2a: Flygon|Flygon, L82, M|265/265\n|turn|10\n|inactive|Time left: 300 sec this turn | 300 sec total\n|\n|t:|1783559734\n|-terastallize|p1a: Archaludon|Fighting\n|move|p2a: Flygon|Earthquake|p1a: Archaludon\n|-damage|p1a: Archaludon|12/100\n|-ability|p1a: Archaludon|Stamina|boost\n|-boost|p1a: Archaludon|def|1\n|move|p1a: Archaludon|Body Press|p2a: Flygon\n|-crit|p2a: Flygon\n|-damage|p2a: Flygon|0 fnt\n|faint|p2a: Flygon\n|\n|-heal|p1a: Archaludon|18/100|[from] item: Leftovers\n|upkeep\n|inactive|Time left: 300 sec this turn | 300 sec total | 5 sec grace\n|\n|t:|1783559735\n|switch|p2a: Hitmonchan|Hitmonchan, L87, M|229/229\n|turn|11\n|inactive|Time left: 300 sec this turn | 300 sec total\n|\n|t:|1783559736\n|move|p2a: Hitmonchan|Ice Punch|p1a: Archaludon\n|-damage|p1a: Archaludon|10/100\n|-ability|p1a: Archaludon|Stamina|boost\n|-boost|p1a: Archaludon|def|1\n|-damage|p2a: Hitmonchan|207/229|[from] item: Life Orb\n|move|p1a: Archaludon|Body Press|p2a: Hitmonchan\n|-damage|p2a: Hitmonchan|0 fnt\n|faint|p2a: Hitmonchan\n|\n|win|p0x17670eb3", "uploadtime": 1783559736, "views": 0, "rating": 0, "private": 0, "password": null, "_winner": "p0x17670eb3", "_our_name": "p0y17671296"}