{"id": "battle-gen9randombattle-2779", "formatid": "gen9randombattle", "format": "[Gen 9] Random Battle", "players": ["p0x27793539", "p0y2779d623"], "log": "|init|battle\n|title|p0x27793539 vs. p0y2779d623\n|j|\u2606p0x27793539\n|j|\u2606p0y2779d623\n|t:|1783571006\n|gametype|singles\n|player|p1|p0x27793539|265|\n|player|p2|p0y2779d623|2|\n|gen|9\n|tier|[Gen 9] Random Battle\n|rule|Species Clause: Limit one of each Pok\u00e9mon\n|rule|HP Percentage Mod: HP is shown in percentages\n|rule|Sleep Clause Mod: Limit one foe put to sleep\n|rule|Illusion Level Mod: Illusion disguises the Pok\u00e9mon's true level\n|\n|t:|1783571006\n|teamsize|p1|6\n|teamsize|p2|6\n|start\n|switch|p1a: Dugtrio|Dugtrio-Alola, L84, F|100/100\n|switch|p2a: Hoopa|Hoopa, L85|275/275\n|turn|1\n|inactive|Battle timer is ON: inactive players will automatically lose when time's up. (requested by p0x27793539)\n|inactive|Time left: 300 sec this turn | 300 sec total | 60 sec grace\n|inactive|p0y2779d623 also wants the timer to be on.\n|\n|t:|1783571008\n|move|p1a: Dugtrio|Sucker Punch|p2a: Hoopa\n|-supereffective|p2a: Hoopa\n|-damage|p2a: Hoopa|0 fnt\n|faint|p2a: Hoopa\n|-damage|p1a: Dugtrio|91/100|[from] item: Life Orb\n|\n|upkeep\n|inactive|Time left: 300 sec this turn | 300 sec total | 65 sec grace\n|\n|t:|1783571009\n|switch|p2a: Probopass|Probopass, L91, F|257/257\n|turn|2\n|inactive|Time left: 300 sec this turn | 300 sec total\n|\n|t:|1783571010\n|-terastallize|p2a: Probopass|Fighting\n|move|p1a: Dugtrio|Earthquake|p2a: Probopass\n|-damage|p2a: Probopass|170/257\n|-damage|p1a: Dugtrio|81/100|[from] item: Life Orb\n|move|p2a: Probopass|Body Press|p1a: Dugtrio\n|-supereffective|p1a: Dugtrio\n|-damage|p1a: Dugtrio|0 fnt\n|-ability|p1a: Dugtrio|Tangling Hair\n|-unboost|p2a: Probopass|spe|1\n|faint|p1a: Dugtrio\n|\n|upkeep\n|\n|t:|1783571011\n|switch|p1a: Abomasnow|Abomasnow, L84, F|100/100\n|-weather|Snowscape|[from] ability: Snow Warning|[of] p1a: Abomasnow\n|turn|3\n|inactive|Time left: 300 sec this turn | 300 sec total\n|\n|t:|1783571012\n|move|p1a: Abomasnow|Aurora Veil|p1a: Abomasnow\n|-sidestart|p1: p0x27793539|move: Aurora Veil\n|move|p2a: Probopass|Body Press|p1a: Abomasnow\n|-supereffective|p1a: Abomasnow\n|-damage|p1a: Abomasnow|63/100\n|\n|-weather|Snowscape|[upkeep]\n|upkeep\n|turn|4\n|inactive|Time left: 300 sec this turn | 300 sec total\n|\n|t:|1783571013\n|switch|p1a: Galvantula|Galvantula, L82, F|100/100\n|move|p2a: Probopass|Iron Defense|p2a: Probopass\n|-boost|p2a: Probopass|def|2\n|\n|-weather|Snowscape|[upkeep]\n|upkeep\n|turn|5\n|inactive|Time left: 300 sec this turn | 300 sec total\n|\n|t:|1783571014\n|move|p1a: Galvantula|Sticky Web|p2a: Probopass\n|-sidestart|p2: p0y2779d623|move: Sticky Web\n|move|p2a: Probopass|Body Press|p1a: Galvantula\n|-resisted|p1a: Galvantula\n|-damage|p1a: Galvantula|64/100\n|\n|-weather|Snowscape|[upkeep]\n|upkeep\n|turn|6\n|inactive|Time left: 300 sec this turn | 300 sec total\n|\n|t:|1783571015\n|move|p1a: Galvantula|Thunder|p2a: Probopass\n|-damage|p2a: Probopass|107/257\n|-status|p2a: Probopass|par\n|move|p2a: Probopass|Body Press|p1a: Galvantula\n|-resisted|p1a: Galvantula\n|-damage|p1a: Galvantula|25/100\n|\n|-weather|Snowscape|[upkeep]\n|upkeep\n|turn|7\n|inactive|Time left: 300 sec this turn | 300 sec total\n|\n|t:|1783571016\n|move|p1a: Galvantula|Volt Switch|p2a: Probopass\n|-damage|p2a: Probopass|67/257 par\n|\n|t:|1783571017\n|switch|p1a: Azelf|Azelf, L82|100/100|[from] Volt Switch\n|move|p2a: Probopass|Rest|p2a: Probopass\n|-status|p2a: Probopass|slp|[from] move: Rest\n|-heal|p2a: Probopass|257/257 slp|[silent]\n|-enditem|p2a: Probopass|Chesto Berry|[eat]\n|-curestatus|p2a: Probopass|slp|[msg]\n|\n|-weather|none\n|upkeep\n|turn|8\n|inactive|Time left: 300 sec this turn | 300 sec total\n|\n|t:|1783571018\n|move|p1a: Azelf|Psyshock|p2a: Probopass\n|-supereffective|p2a: Probopass\n|-damage|p2a: Probopass|165/257\n|move|p2a: Probopass|Body Press|p1a: Azelf\n|-resisted|p1a: Azelf\n|-damage|p1a: Azelf|67/100\n|\n|upkeep\n|turn|9\n|inactive|Time left: 300 sec this turn | 300 sec total\n|\n|t:|1783571019\n|move|p1a: Azelf|Psyshock|p2a: Probopass\n|-supereffective|p2a: Probopass\n|-damage|p2a: Probopass|67/257\n|move|p2a: Probopass|Body Press|p1a: Azelf\n|-resisted|p1a: Azelf\n|-damage|p1a: Azelf|37/100\n|\n|upkeep\n|turn|10\n|inactive|Time left: 300 sec this turn | 300 sec total\n|\n|t:|1783571021\n|move|p1a: Azelf|Psyshock|p2a: Probopass\n|-supereffective|p2a: Probopass\n|-damage|p2a: Probopass|0 fnt\n|faint|p2a: Probopass\n|\n|-sideend|p1: p0x27793539|move: Aurora Veil\n|upkeep\n|inactive|Time left: 300 sec this turn | 300 sec total | 5 sec grace\n|\n|t:|1783571022\n|switch|p2a: Houndoom|Houndoom, L87, F|272/272\n|turn|11\n|inactive|Time left: 300 sec this turn | 300 sec total\n|\n|t:|1783571023\n|switch|p1a: Goodra|Goodra, L85, M|100/100\n|move|p2a: Houndoom|Sludge Bomb|p1a: Goodra\n|-damage|p1a: Goodra|89/100\n|\n|upkeep\n|turn|12\n|inactive|Time left: 300 sec this turn | 300 sec total\n|\n|t:|1783571024\n|move|p2a: Houndoom|Dark Pulse|p1a: Goodra\n|-damage|p1a: Goodra|74/100\n|move|p1a: Goodra|Dragon Tail|p2a: Houndoom\n|-damage|p2a: Houndoom|170/272\n|drag|p2a: Comfey|Comfey, L85, M|225/225\n|-activate|p2a: Comfey|move: Sticky Web\n|-unboost|p2a: Comfey|spe|1\n|\n|upkeep\n|turn|13\n|inactive|Time left: 300 sec this turn | 300 sec total\n|\n|t:|1783571026\n|move|p1a: Goodra|Sludge Bomb|p2a: Comfey\n|-supereffective|p2a: Comfey\n|-damage|p2a: Comfey|105/225\n|-status|p2a: Comfey|psn\n|move|p2a: Comfey|Calm Mind|p2a: Comfey\n|-boost|p2a: Comfey|spa|1\n|-boost|p2a: Comfey|spd|1\n|\n|-heal|p2a: Comfey|119/225 psn|[from] item: Leftovers\n|-damage|p2a: Comfey|91/225 psn|[from] psn\n|upkeep\n|turn|14\n|inactive|Time left: 300 sec this turn | 300 sec total\n|\n|t:|1783571027\n|move|p2a: Comfey|Draining Kiss|p1a: Goodra\n|-supereffective|p1a: Goodra\n|-damage|p1a: Goodra|53/100\n|-heal|p2a: Comfey|138/225 psn|[from] drain|[of] p1a: Goodra\n|move|p1a: Goodra|Sludge Bomb|p2a: Comfey\n|-supereffective|p2a: Comfey\n|-damage|p2a: Comfey|52/225 psn\n|\n|-heal|p2a: Comfey|66/225 psn|[from] item: Leftovers\n|-damage|p2a: Comfey|38/225 psn|[from] psn\n|upkeep\n|turn|15\n|inactive|Time left: 300 sec this turn | 300 sec total\n|\n|t:|1783571028\n|move|p2a: Comfey|Draining Kiss|p1a: Goodra\n|-supereffective|p1a: Goodra\n|-damage|p1a: Goodra|32/100\n|-heal|p2a: Comfey|85/225 psn|[from] drain|[of] p1a: Goodra\n|move|p1a: Goodra|Sludge Bomb|p2a: Comfey\n|-supereffective|p2a: Comfey\n|-damage|p2a: Comfey|7/225 psn\n|\n|-heal|p2a: Comfey|21/225 psn|[from] item: Leftovers\n|-damage|p2a: Comfey|0 fnt|[from] psn\n|faint|p2a: Comfey\n|upkeep\n|inactive|Time left: 300 sec this turn | 300 sec total | 5 sec grace\n|\n|t:|1783571029\n|switch|p2a: Florges|Florges, L85, F|271/271\n|-activate|p2a: Florges|move: Sticky Web\n|-unboost|p2a: Florges|spe|1\n|turn|16\n|inactive|Time left: 300 sec this turn | 300 sec total\n|\n|t:|1783571030\n|switch|p1a: Abomasnow|Abomasnow, L84, F|63/100\n|-weather|Snowscape|[from] ability: Snow Warning|[of] p1a: Abomasnow\n|move|p2a: Florges|Calm Mind|p2a: Florges\n|-boost|p2a: Florges|spa|1\n|-boost|p2a: Florges|spd|1\n|\n|-weather|Snowscape|[upkeep]\n|upkeep\n|turn|17\n|inactive|Time left: 300 sec this turn | 300 sec total\n|\n|t:|1783571031\n|move|p1a: Abomasnow|Aurora Veil|p1a: Abomasnow\n|-sidestart|p1: p0x27793539|move: Aurora Veil\n|move|p2a: Florges|Moonblast|p1a: Abomasnow\n|-damage|p1a: Abomasnow|30/100\n|\n|-weather|Snowscape|[upkeep]\n|upkeep\n|turn|18\n|inactive|Time left: 300 sec this turn | 300 sec total\n|\n|t:|1783571032\n|move|p1a: Abomasnow|Wood Hammer|p2a: Florges\n|-damage|p2a: Florges|129/271\n|-damage|p1a: Abomasnow|14/100|[from] Recoil\n|move|p2a: Florges|Moonblast|p1a: Abomasnow\n|-damage|p1a: Abomasnow|0 fnt\n|faint|p1a: Abomasnow\n|\n|-weather|Snowscape|[upkeep]\n|-heal|p2a: Florges|145/271|[from] item: Leftovers\n|upkeep\n|\n|t:|1783571033\n|switch|p1a: Azelf|Azelf, L82|37/100\n|turn|19\n|inactive|Time left: 300 sec this turn | 300 sec total\n|\n|t:|1783571034\n|move|p1a: Azelf|Psyshock|p2a: Florges\n|-damage|p2a: Florges|0 fnt\n|faint|p2a: Florges\n|\n|-weather|Snowscape|[upkeep]\n|upkeep\n|inactive|Time left: 300 sec this turn | 300 sec total | 5 sec grace\n|\n|t:|1783571035\n|switch|p2a: Houndoom|Houndoom, L87, F|170/272\n|turn|20\n|inactive|Time left: 300 sec this turn | 300 sec total\n|\n|t:|1783571036\n|switch|p1a: Palossand|Palossand, L89, F|100/100\n|move|p2a: Houndoom|Sludge Bomb|p1a: Palossand\n|-resisted|p1a: Palossand\n|-damage|p1a: Palossand|97/100\n|-status|p1a: Palossand|psn\n|\n|-weather|none\n|-heal|p1a: Palossand|100/100 psn|[from] item: Leftovers\n|-damage|p1a: Palossand|88/100 psn|[from] psn\n|upkeep\n|turn|21\n|inactive|Time left: 300 sec this turn | 300 sec total\n|\n|t:|1783571037\n|-terastallize|p1a: Palossand|Poison\n|move|p2a: Houndoom|Dark Pulse|p1a: Palossand\n|-damage|p1a: Palossand|69/100 psn\n|move|p1a: Palossand|Earth Power|p2a: Houndoom\n|-supereffective|p2a: Houndoom\n|-damage|p2a: Houndoom|0 fnt\n|faint|p2a: Houndoom\n|\n|-heal|p1a: Palossand|75/100 psn|[from] item: Leftovers\n|-damage|p1a: Palossand|62/100 psn|[from] psn\n|upkeep\n|inactive|Time left: 300 sec this turn | 300 sec total | 5 sec grace\n|\n|t:|1783571038\n|switch|p2a: Meloetta|Meloetta, L82|298/298\n|-activate|p2a: Meloetta|move: Sticky Web\n|-unboost|p2a: Meloetta|spe|1\n|turn|22\n|inactive|Time left: 300 sec this turn | 300 sec total\n|\n|t:|1783571039\n|move|p2a: Meloetta|Relic Song|p1a: Palossand\n|-damage|p1a: Palossand|41/100 psn\n|-formechange|p2a: Meloetta|Meloetta-Pirouette|[msg]\n|-damage|p2a: Meloetta|269/298|[from] item: Life Orb\n|move|p1a: Palossand|Earth Power|p2a: Meloetta\n|-crit|p2a: Meloetta\n|-damage|p2a: Meloetta|83/298\n|\n|-heal|p1a: Palossand|47/100 psn|[from] item: Leftovers\n|-damage|p1a: Palossand|35/100 psn|[from] psn\n|upkeep\n|turn|23\n|inactive|Time left: 300 sec this turn | 300 sec total\n|\n|t:|1783571040\n|move|p2a: Meloetta|Relic Song|p1a: Palossand\n|-damage|p1a: Palossand|20/100 psn\n|-formechange|p2a: Meloetta|Meloetta|[msg]\n|-damage|p2a: Meloetta|54/298|[from] item: Life Orb\n|move|p1a: Palossand|Earth Power|p2a: Meloetta\n|-damage|p2a: Meloetta|0 fnt\n|faint|p2a: Meloetta\n|\n|win|p0x27793539", "uploadtime": 1783571040, "views": 0, "rating": 0, "private": 0, "password": null, "_winner": "p0x27793539", "_our_name": "p0y2779d623"}