{"id": "battle-gen9randombattle-1452", "formatid": "gen9randombattle", "format": "[Gen 9] Random Battle", "players": ["p0x14520aca", "p0y1452bdb1"], "log": "|init|battle\n|title|p0x14520aca vs. p0y1452bdb1\n|j|\u2606p0x14520aca\n|j|\u2606p0y1452bdb1\n|t:|1783556906\n|gametype|singles\n|player|p1|p0x14520aca|169|\n|player|p2|p0y1452bdb1|2|\n|gen|9\n|tier|[Gen 9] Random Battle\n|rule|Species Clause: Limit one of each Pok\u00e9mon\n|rule|HP Percentage Mod: HP is shown in percentages\n|rule|Sleep Clause Mod: Limit one foe put to sleep\n|rule|Illusion Level Mod: Illusion disguises the Pok\u00e9mon's true level\n|\n|t:|1783556906\n|teamsize|p1|6\n|teamsize|p2|6\n|start\n|switch|p1a: Indeedee|Indeedee-F, L90, F|272/272\n|switch|p2a: Dewgong|Dewgong, L94, M|100/100\n|-fieldstart|move: Psychic Terrain|[from] ability: Psychic Surge|[of] p1a: Indeedee\n|turn|1\n|inactive|Battle timer is ON: inactive players will automatically lose when time's up. (requested by p0x14520aca)\n|inactive|p0y1452bdb1 also wants the timer to be on.\n|\n|t:|1783556907\n|move|p1a: Indeedee|Calm Mind|p1a: Indeedee\n|-boost|p1a: Indeedee|spa|1\n|-boost|p1a: Indeedee|spd|1\n|move|p2a: Dewgong|Knock Off|p1a: Indeedee\n|-supereffective|p1a: Indeedee\n|-crit|p1a: Indeedee\n|-damage|p1a: Indeedee|30/272\n|-enditem|p1a: Indeedee|Life Orb|[from] move: Knock Off|[of] p2a: Dewgong\n|\n|upkeep\n|turn|2\n|inactive|Time left: 300 sec this turn | 300 sec total\n|\n|t:|1783556909\n|move|p1a: Indeedee|Psychic|p2a: Dewgong\n|-damage|p2a: Dewgong|42/100\n|move|p2a: Dewgong|Knock Off|p1a: Indeedee\n|-supereffective|p1a: Indeedee\n|-damage|p1a: Indeedee|0 fnt\n|faint|p1a: Indeedee\n|\n|upkeep\n|inactive|Time left: 300 sec this turn | 300 sec total | 5 sec grace\n|\n|t:|1783556910\n|switch|p1a: Smeargle|Smeargle, L95, F|258/258\n|turn|3\n|inactive|Time left: 300 sec this turn | 300 sec total\n|\n|t:|1783556911\n|move|p1a: Smeargle|Sticky Web|p2a: Dewgong\n|-sidestart|p2: p0y1452bdb1|move: Sticky Web\n|move|p2a: Dewgong|Triple Axel|p1a: Smeargle\n|-damage|p1a: Smeargle|222/258\n|-damage|p1a: Smeargle|149/258\n|-damage|p1a: Smeargle|46/258\n|-hitcount|p1a: Smeargle|3\n|\n|upkeep\n|turn|4\n|inactive|Time left: 300 sec this turn | 300 sec total\n|\n|t:|1783556912\n|move|p1a: Smeargle|Spore|p2a: Dewgong\n|-status|p2a: Dewgong|slp|[from] move: Spore\n|cant|p2a: Dewgong|slp\n|\n|upkeep\n|turn|5\n|inactive|Time left: 300 sec this turn | 300 sec total\n|\n|t:|1783556913\n|move|p1a: Smeargle|Ceaseless Edge|p2a: Dewgong\n|-damage|p2a: Dewgong|34/100 slp\n|-sidestart|p2: p0y1452bdb1|Spikes\n|cant|p2a: Dewgong|slp\n|\n|-fieldend|move: Psychic Terrain\n|upkeep\n|turn|6\n|inactive|Time left: 300 sec this turn | 300 sec total\n|\n|t:|1783556914\n|move|p1a: Smeargle|Ceaseless Edge|p2a: Dewgong\n|-damage|p2a: Dewgong|28/100 slp\n|-sidestart|p2: p0y1452bdb1|Spikes\n|-curestatus|p2a: Dewgong|slp|[msg]\n|move|p2a: Dewgong|Knock Off|p1a: Smeargle\n|-damage|p1a: Smeargle|0 fnt\n|-enditem|p1a: Smeargle|Focus Sash|[from] move: Knock Off|[of] p2a: Dewgong\n|faint|p1a: Smeargle\n|\n|upkeep\n|inactive|Time left: 300 sec this turn | 300 sec total | 5 sec grace\n|\n|t:|1783556915\n|switch|p1a: Polteageist|Polteageist, L78|222/222\n|turn|7\n|inactive|Time left: 300 sec this turn | 300 sec total\n|\n|t:|1783556916\n|move|p2a: Dewgong|Knock Off|p1a: Polteageist\n|-supereffective|p1a: Polteageist\n|-damage|p1a: Polteageist|40/222\n|-enditem|p1a: Polteageist|White Herb|[from] move: Knock Off|[of] p2a: Dewgong\n|move|p1a: Polteageist|Shell Smash|p1a: Polteageist\n|-unboost|p1a: Polteageist|def|1\n|-unboost|p1a: Polteageist|spd|1\n|-boost|p1a: Polteageist|atk|2\n|-boost|p1a: Polteageist|spa|2\n|-boost|p1a: Polteageist|spe|2\n|\n|upkeep\n|turn|8\n|inactive|Time left: 300 sec this turn | 300 sec total\n|\n|t:|1783556918\n|move|p1a: Polteageist|Stored Power|p2a: Dewgong\n|-damage|p2a: Dewgong|0 fnt\n|faint|p2a: Dewgong\n|\n|upkeep\n|\n|t:|1783556919\n|switch|p2a: Skeledirge|Skeledirge, L79, M|100/100\n|turn|9\n|inactive|Time left: 300 sec this turn | 300 sec total\n|\n|t:|1783556919\n|move|p1a: Polteageist|Shadow Ball|p2a: Skeledirge\n|-supereffective|p2a: Skeledirge\n|-damage|p2a: Skeledirge|25/100\n|move|p2a: Skeledirge|Torch Song|p1a: Polteageist\n|-damage|p1a: Polteageist|0 fnt\n|-boost|p2a: Skeledirge|spa|1\n|faint|p1a: Polteageist\n|\n|upkeep\n|inactive|Time left: 300 sec this turn | 300 sec total | 5 sec grace\n|\n|t:|1783556920\n|switch|p1a: Baxcalibur|Baxcalibur, L75, M|295/295\n|turn|10\n|inactive|Time left: 300 sec this turn | 300 sec total\n|\n|t:|1783556921\n|switch|p2a: Talonflame|Talonflame, L83, F|100/100\n|move|p1a: Baxcalibur|Earthquake|p2a: Talonflame\n|-immune|p2a: Talonflame\n|\n|upkeep\n|turn|11\n|inactive|Time left: 300 sec this turn | 300 sec total\n|\n|t:|1783556922\n|move|p2a: Talonflame|Defog|p1a: Baxcalibur\n|-unboost|p1a: Baxcalibur|evasion|1\n|-sideend|p2: p0y1452bdb1|Spikes|[from] move: Defog|[of] p2a: Talonflame\n|-sideend|p2: p0y1452bdb1|Sticky Web|[from] move: Defog|[of] p2a: Talonflame\n|move|p1a: Baxcalibur|Earthquake|p2a: Talonflame\n|-immune|p2a: Talonflame\n|\n|upkeep\n|turn|12\n|inactive|Time left: 300 sec this turn | 300 sec total\n|\n|t:|1783556923\n|switch|p2a: Perrserker|Perrserker, L89, M|100/100\n|move|p1a: Baxcalibur|Earthquake|p2a: Perrserker\n|-supereffective|p2a: Perrserker\n|-damage|p2a: Perrserker|25/100\n|\n|upkeep\n|turn|13\n|inactive|Time left: 300 sec this turn | 300 sec total\n|\n|t:|1783556924\n|switch|p2a: Leafeon|Leafeon, L88, M|100/100\n|move|p1a: Baxcalibur|Earthquake|p2a: Leafeon\n|-resisted|p2a: Leafeon\n|-damage|p2a: Leafeon|85/100\n|\n|upkeep\n|turn|14\n|inactive|Time left: 300 sec this turn | 300 sec total\n|\n|t:|1783556925\n|move|p2a: Leafeon|Swords Dance|p2a: Leafeon\n|-boost|p2a: Leafeon|atk|2\n|move|p1a: Baxcalibur|Earthquake|p2a: Leafeon\n|-resisted|p2a: Leafeon\n|-damage|p2a: Leafeon|69/100\n|\n|upkeep\n|turn|15\n|inactive|Time left: 300 sec this turn | 300 sec total\n|\n|t:|1783556926\n|-terastallize|p2a: Leafeon|Dark\n|move|p2a: Leafeon|Knock Off|p1a: Baxcalibur\n|-damage|p1a: Baxcalibur|0 fnt\n|-enditem|p1a: Baxcalibur|Choice Band|[from] move: Knock Off|[of] p2a: Leafeon\n|faint|p1a: Baxcalibur\n|-damage|p2a: Leafeon|59/100|[from] item: Life Orb\n|\n|upkeep\n|inactive|Time left: 300 sec this turn | 300 sec total | 5 sec grace\n|\n|t:|1783556927\n|switch|p1a: Rhydon|Rhydon, L85, M|317/317\n|turn|16\n|inactive|Time left: 300 sec this turn | 300 sec total\n|\n|t:|1783556928\n|-terastallize|p1a: Rhydon|Dragon\n|move|p2a: Leafeon|Leaf Blade|p1a: Rhydon\n|-resisted|p1a: Rhydon\n|-damage|p1a: Rhydon|235/317\n|-damage|p2a: Leafeon|50/100|[from] item: Life Orb\n|move|p1a: Rhydon|Megahorn|p2a: Leafeon\n|-supereffective|p2a: Leafeon\n|-damage|p2a: Leafeon|0 fnt\n|faint|p2a: Leafeon\n|\n|upkeep\n|\n|t:|1783556929\n|switch|p2a: Quagsire|Quagsire, L84, F|100/100\n|turn|17\n|inactive|Time left: 300 sec this turn | 300 sec total\n|\n|t:|1783556930\n|move|p1a: Rhydon|Earthquake|p2a: Quagsire\n|-damage|p2a: Quagsire|55/100\n|move|p2a: Quagsire|Toxic|p1a: Rhydon\n|-status|p1a: Rhydon|tox\n|\n|-heal|p2a: Quagsire|61/100|[from] item: Leftovers\n|-damage|p1a: Rhydon|216/317 tox|[from] psn\n|upkeep\n|turn|18\n|inactive|Time left: 300 sec this turn | 300 sec total\n|\n|t:|1783556931\n|move|p1a: Rhydon|Earthquake|p2a: Quagsire\n|-damage|p2a: Quagsire|11/100\n|move|p2a: Quagsire|Recover|p2a: Quagsire\n|-heal|p2a: Quagsire|61/100\n|\n|-heal|p2a: Quagsire|68/100|[from] item: Leftovers\n|-damage|p1a: Rhydon|178/317 tox|[from] psn\n|upkeep\n|turn|19\n|inactive|Time left: 300 sec this turn | 300 sec total\n|\n|t:|1783556932\n|switch|p1a: Toedscruel|Toedscruel, L87, F|281/281\n|move|p2a: Quagsire|Recover|p2a: Quagsire\n|-heal|p2a: Quagsire|100/100\n|\n|upkeep\n|turn|20\n|inactive|Time left: 300 sec this turn | 300 sec total\n|\n|t:|1783556933\n|switch|p2a: Talonflame|Talonflame, L83, F|100/100\n|move|p1a: Toedscruel|Giga Drain|p2a: Talonflame\n|-resisted|p2a: Talonflame\n|-damage|p2a: Talonflame|92/100\n|\n|upkeep\n|turn|21\n|inactive|Time left: 300 sec this turn | 300 sec total\n|\n|t:|1783556934\n|switch|p1a: Rhydon|Rhydon, L85, M, tera:Dragon|178/317 tox\n|move|p2a: Talonflame|Brave Bird|p1a: Rhydon\n|-damage|p1a: Rhydon|124/317 tox\n|-damage|p2a: Talonflame|85/100|[from] Recoil\n|\n|-damage|p1a: Rhydon|105/317 tox|[from] psn\n|upkeep\n|turn|22\n|inactive|Time left: 300 sec this turn | 300 sec total\n|\n|t:|1783556935\n|switch|p2a: Quagsire|Quagsire, L84, F|100/100\n|move|p1a: Rhydon|Stone Edge|p2a: Quagsire|[miss]\n|-miss|p1a: Rhydon|p2a: Quagsire\n|\n|-damage|p1a: Rhydon|67/317 tox|[from] psn\n|upkeep\n|turn|23\n|inactive|Time left: 300 sec this turn | 300 sec total\n|\n|t:|1783556936\n|move|p1a: Rhydon|Earthquake|p2a: Quagsire\n|-damage|p2a: Quagsire|54/100\n|move|p2a: Quagsire|Toxic|p1a: Rhydon\n|-fail|p1a: Rhydon|tox\n|\n|-heal|p2a: Quagsire|60/100|[from] item: Leftovers\n|-damage|p1a: Rhydon|10/317 tox|[from] psn\n|upkeep\n|turn|24\n|inactive|Time left: 300 sec this turn | 300 sec total\n|\n|t:|1783556937\n|move|p1a: Rhydon|Stone Edge|p2a: Quagsire\n|-resisted|p2a: Quagsire\n|-damage|p2a: Quagsire|38/100\n|move|p2a: Quagsire|Recover|p2a: Quagsire\n|-heal|p2a: Quagsire|88/100\n|\n|-heal|p2a: Quagsire|94/100|[from] item: Leftovers\n|-damage|p1a: Rhydon|0 fnt|[from] psn\n|faint|p1a: Rhydon\n|upkeep\n|inactive|Time left: 300 sec this turn | 300 sec total | 5 sec grace\n|\n|t:|1783556938\n|switch|p1a: Toedscruel|Toedscruel, L87, F|281/281\n|turn|25\n|inactive|Time left: 300 sec this turn | 300 sec total\n|\n|t:|1783556939\n|switch|p2a: Talonflame|Talonflame, L83, F|85/100\n|move|p1a: Toedscruel|Giga Drain|p2a: Talonflame\n|-resisted|p2a: Talonflame\n|-damage|p2a: Talonflame|77/100\n|\n|upkeep\n|turn|26\n|inactive|Time left: 300 sec this turn | 300 sec total\n|\n|t:|1783556940\n|move|p2a: Talonflame|Brave Bird|p1a: Toedscruel\n|-supereffective|p1a: Toedscruel\n|-damage|p1a: Toedscruel|5/281\n|-damage|p2a: Talonflame|42/100|[from] Recoil\n|move|p1a: Toedscruel|Rapid Spin|p2a: Talonflame\n|-damage|p2a: Talonflame|30/100\n|-boost|p1a: Toedscruel|spe|1\n|\n|-heal|p1a: Toedscruel|22/281|[from] item: Leftovers\n|upkeep\n|turn|27\n|inactive|Time left: 300 sec this turn | 300 sec total\n|\n|t:|1783556941\n|move|p1a: Toedscruel|Earth Power|p2a: Talonflame\n|-immune|p2a: Talonflame\n|move|p2a: Talonflame|Brave Bird|p1a: Toedscruel\n|-supereffective|p1a: Toedscruel\n|-damage|p1a: Toedscruel|0 fnt\n|faint|p1a: Toedscruel\n|-damage|p2a: Talonflame|27/100|[from] Recoil\n|\n|win|p0y1452bdb1", "uploadtime": 1783556941, "views": 0, "rating": 0, "private": 0, "password": null, "_winner": "p0y1452bdb1", "_our_name": "p0x14520aca"}