{"id": "battle-gen9randombattle-728", "formatid": "gen9randombattle", "format": "[Gen 9] Random Battle", "players": ["p0x728c4fc", "p0y7285cee"], "log": "|init|battle\n|title|p0x728c4fc vs. p0y7285cee\n|j|\u2606p0x728c4fc\n|j|\u2606p0y7285cee\n|t:|1783547571\n|gametype|singles\n|player|p1|p0x728c4fc|265|\n|player|p2|p0y7285cee|102|\n|gen|9\n|tier|[Gen 9] Random Battle\n|rule|Species Clause: Limit one of each Pok\u00e9mon\n|rule|HP Percentage Mod: HP is shown in percentages\n|rule|Sleep Clause Mod: Limit one foe put to sleep\n|rule|Illusion Level Mod: Illusion disguises the Pok\u00e9mon's true level\n|\n|t:|1783547571\n|teamsize|p1|6\n|teamsize|p2|6\n|start\n|switch|p1a: Mandibuzz|Mandibuzz, L85, F|100/100\n|switch|p2a: Dudunsparce|Dudunsparce-Three-Segment, L83, M|343/343\n|turn|1\n|inactive|Battle timer is ON: inactive players will automatically lose when time's up. (requested by p0y7285cee)\n|\n|t:|1783547572\n|switch|p1a: Samurott|Samurott-Hisui, L77, F|100/100\n|move|p2a: Dudunsparce|Boomburst|p1a: Samurott\n|-damage|p1a: Samurott|28/100\n|\n|upkeep\n|turn|2\n|inactive|Time left: 300 sec this turn | 300 sec total\n|inactive|p0x728c4fc also wants the timer to be on.\n|\n|t:|1783547574\n|move|p1a: Samurott|Sacred Sword|p2a: Dudunsparce\n|-supereffective|p2a: Dudunsparce\n|-damage|p2a: Dudunsparce|59/343\n|move|p2a: Dudunsparce|Boomburst|p1a: Samurott\n|-damage|p1a: Samurott|0 fnt\n|faint|p1a: Samurott\n|\n|-heal|p2a: Dudunsparce|80/343|[from] item: Leftovers\n|upkeep\n|\n|t:|1783547575\n|switch|p1a: Emboar|Emboar, L84, F|100/100\n|turn|3\n|inactive|Time left: 300 sec this turn | 300 sec total\n|\n|t:|1783547576\n|move|p1a: Emboar|Flare Blitz|p2a: Dudunsparce\n|-damage|p2a: Dudunsparce|0 fnt\n|faint|p2a: Dudunsparce\n|-damage|p1a: Emboar|92/100|[from] Recoil\n|\n|upkeep\n|inactive|Time left: 300 sec this turn | 300 sec total | 5 sec grace\n|\n|t:|1783547577\n|switch|p2a: Mamoswine|Mamoswine, L81, F|311/311\n|turn|4\n|inactive|Time left: 300 sec this turn | 300 sec total\n|\n|t:|1783547579\n|switch|p1a: Mandibuzz|Mandibuzz, L85, F|100/100\n|move|p2a: Mamoswine|Earthquake|p1a: Mandibuzz\n|-immune|p1a: Mandibuzz\n|\n|upkeep\n|turn|5\n|inactive|Time left: 300 sec this turn | 300 sec total\n|\n|t:|1783547580\n|switch|p2a: Coalossal|Coalossal, L89, M|341/341\n|move|p1a: Mandibuzz|Foul Play|p2a: Coalossal\n|-damage|p2a: Coalossal|272/341\n|\n|upkeep\n|turn|6\n|inactive|Time left: 300 sec this turn | 300 sec total\n|\n|t:|1783547581\n|move|p1a: Mandibuzz|Foul Play|p2a: Coalossal\n|-damage|p2a: Coalossal|205/341\n|move|p2a: Coalossal|Stone Edge|p1a: Mandibuzz\n|-supereffective|p1a: Mandibuzz\n|-damage|p1a: Mandibuzz|51/100\n|\n|upkeep\n|turn|7\n|inactive|Time left: 300 sec this turn | 300 sec total\n|\n|t:|1783547583\n|move|p1a: Mandibuzz|Roost|p1a: Mandibuzz\n|-heal|p1a: Mandibuzz|100/100\n|-singleturn|p1a: Mandibuzz|move: Roost\n|move|p2a: Coalossal|Rapid Spin|p1a: Mandibuzz\n|-damage|p1a: Mandibuzz|91/100\n|-boost|p2a: Coalossal|spe|1\n|\n|upkeep\n|turn|8\n|inactive|Time left: 300 sec this turn | 300 sec total\n|\n|t:|1783547584\n|switch|p1a: Emboar|Emboar, L84, F|92/100\n|move|p2a: Coalossal|Flamethrower|p1a: Emboar\n|-resisted|p1a: Emboar\n|-damage|p1a: Emboar|74/100\n|\n|upkeep\n|turn|9\n|inactive|Time left: 300 sec this turn | 300 sec total\n|\n|t:|1783547585\n|-terastallize|p2a: Coalossal|Water\n|move|p1a: Emboar|Close Combat|p2a: Coalossal\n|-damage|p2a: Coalossal|34/341\n|-unboost|p1a: Emboar|def|1\n|-unboost|p1a: Emboar|spd|1\n|move|p2a: Coalossal|Stone Edge|p1a: Emboar\n|-damage|p1a: Emboar|16/100\n|\n|upkeep\n|turn|10\n|inactive|Time left: 300 sec this turn | 300 sec total\n|\n|t:|1783547587\n|move|p1a: Emboar|Close Combat|p2a: Coalossal\n|-crit|p2a: Coalossal\n|-damage|p2a: Coalossal|0 fnt\n|-unboost|p1a: Emboar|def|1\n|-unboost|p1a: Emboar|spd|1\n|faint|p2a: Coalossal\n|\n|upkeep\n|inactive|Time left: 300 sec this turn | 300 sec total | 5 sec grace\n|\n|t:|1783547588\n|switch|p2a: Haxorus|Haxorus, L77, F|244/244\n|-ability|p2a: Haxorus|Mold Breaker\n|turn|11\n|inactive|Time left: 300 sec this turn | 300 sec total\n|\n|t:|1783547589\n|switch|p1a: Mandibuzz|Mandibuzz, L85, F|91/100\n|move|p2a: Haxorus|Outrage|p1a: Mandibuzz\n|-damage|p1a: Mandibuzz|53/100\n|\n|upkeep\n|turn|12\n|inactive|Time left: 300 sec this turn | 300 sec total\n|\n|t:|1783547590\n|-terastallize|p1a: Mandibuzz|Steel\n|move|p2a: Haxorus|Outrage|p1a: Mandibuzz|[from] lockedmove\n|-resisted|p1a: Mandibuzz\n|-damage|p1a: Mandibuzz|34/100\n|-start|p2a: Haxorus|confusion|[fatigue]\n|-enditem|p2a: Haxorus|Lum Berry|[eat]\n|-end|p2a: Haxorus|confusion\n|move|p1a: Mandibuzz|Foul Play|p2a: Haxorus\n|-damage|p2a: Haxorus|94/244\n|\n|upkeep\n|turn|13\n|inactive|Time left: 300 sec this turn | 300 sec total\n|\n|t:|1783547591\n|move|p2a: Haxorus|Close Combat|p1a: Mandibuzz\n|-supereffective|p1a: Mandibuzz\n|-damage|p1a: Mandibuzz|0 fnt\n|-unboost|p2a: Haxorus|def|1\n|-unboost|p2a: Haxorus|spd|1\n|faint|p1a: Mandibuzz\n|\n|upkeep\n|\n|t:|1783547592\n|switch|p1a: Barraskewda|Barraskewda, L81, M|100/100\n|turn|14\n|inactive|Time left: 300 sec this turn | 300 sec total\n|\n|t:|1783547594\n|switch|p2a: Iron Leaves|Iron Leaves, L80|275/275\n|move|p1a: Barraskewda|Waterfall|p2a: Iron Leaves\n|-resisted|p2a: Iron Leaves\n|-damage|p2a: Iron Leaves|196/275\n|\n|upkeep\n|turn|15\n|inactive|Time left: 300 sec this turn | 300 sec total\n|\n|t:|1783547595\n|switch|p1a: Emboar|Emboar, L84, F|16/100\n|move|p2a: Iron Leaves|Leaf Blade|p1a: Emboar\n|-resisted|p1a: Emboar\n|-damage|p1a: Emboar|0 fnt\n|faint|p1a: Emboar\n|-damage|p2a: Iron Leaves|169/275|[from] item: Life Orb\n|\n|upkeep\n|\n|t:|1783547596\n|switch|p1a: Barraskewda|Barraskewda, L81, M|100/100\n|turn|16\n|inactive|Time left: 300 sec this turn | 300 sec total\n|\n|t:|1783547597\n|move|p1a: Barraskewda|Throat Chop|p2a: Iron Leaves\n|-supereffective|p2a: Iron Leaves\n|-damage|p2a: Iron Leaves|0 fnt\n|faint|p2a: Iron Leaves\n|-end|p2a: Iron Leaves|Quark Drive|[silent]\n|\n|upkeep\n|inactive|Time left: 300 sec this turn | 300 sec total | 5 sec grace\n|\n|t:|1783547598\n|switch|p2a: Mamoswine|Mamoswine, L81, F|311/311\n|turn|17\n|inactive|Time left: 300 sec this turn | 300 sec total\n|\n|t:|1783547599\n|switch|p1a: Iron Thorns|Iron Thorns, L83|100/100\n|-enditem|p1a: Iron Thorns|Booster Energy\n|-activate|p1a: Iron Thorns|ability: Quark Drive|[fromitem]\n|-start|p1a: Iron Thorns|quarkdriveatk\n|move|p2a: Mamoswine|Earthquake|p1a: Iron Thorns\n|-supereffective|p1a: Iron Thorns\n|-damage|p1a: Iron Thorns|0 fnt\n|faint|p1a: Iron Thorns\n|-end|p1a: Iron Thorns|Quark Drive|[silent]\n|\n|upkeep\n|\n|t:|1783547600\n|switch|p1a: Barraskewda|Barraskewda, L81, M|100/100\n|turn|18\n|inactive|Time left: 300 sec this turn | 300 sec total\n|\n|t:|1783547601\n|switch|p2a: Haxorus|Haxorus, L77, F|94/244\n|-ability|p2a: Haxorus|Mold Breaker\n|move|p1a: Barraskewda|Waterfall|p2a: Haxorus\n|-resisted|p2a: Haxorus\n|-damage|p2a: Haxorus|16/244\n|\n|upkeep\n|turn|19\n|inactive|Time left: 300 sec this turn | 300 sec total\n|\n|t:|1783547602\n|move|p1a: Barraskewda|Waterfall|p2a: Haxorus\n|-resisted|p2a: Haxorus\n|-damage|p2a: Haxorus|0 fnt\n|faint|p2a: Haxorus\n|\n|upkeep\n|inactive|Time left: 300 sec this turn | 300 sec total | 5 sec grace\n|\n|t:|1783547603\n|switch|p2a: Clawitzer|Clawitzer, L87, M|265/265\n|turn|20\n|inactive|Time left: 300 sec this turn | 300 sec total\n|\n|t:|1783547604\n|move|p1a: Barraskewda|Waterfall|p2a: Clawitzer\n|-resisted|p2a: Clawitzer\n|-damage|p2a: Clawitzer|198/265\n|move|p2a: Clawitzer|Water Pulse|p1a: Barraskewda\n|-resisted|p1a: Barraskewda\n|-damage|p1a: Barraskewda|64/100\n|-start|p1a: Barraskewda|confusion\n|\n|upkeep\n|turn|21\n|inactive|Time left: 300 sec this turn | 300 sec total\n|\n|t:|1783547605\n|switch|p1a: Oinkologne|Oinkologne-F, L92, F|100/100\n|move|p2a: Clawitzer|Water Pulse|p1a: Oinkologne\n|-damage|p1a: Oinkologne|70/100\n|-start|p1a: Oinkologne|confusion\n|\n|-heal|p1a: Oinkologne|76/100|[from] item: Leftovers\n|upkeep\n|turn|22\n|inactive|Time left: 300 sec this turn | 300 sec total\n|\n|t:|1783547606\n|-activate|p1a: Oinkologne|confusion\n|move|p1a: Oinkologne|Body Slam|p2a: Clawitzer\n|-damage|p2a: Clawitzer|105/265\n|move|p2a: Clawitzer|Aura Sphere|p1a: Oinkologne\n|-supereffective|p1a: Oinkologne\n|-damage|p1a: Oinkologne|24/100\n|\n|-heal|p1a: Oinkologne|30/100|[from] item: Leftovers\n|upkeep\n|turn|23\n|inactive|Time left: 300 sec this turn | 300 sec total\n|\n|t:|1783547607\n|switch|p2a: Mamoswine|Mamoswine, L81, F|311/311\n|-activate|p1a: Oinkologne|confusion\n|move|p1a: Oinkologne|Body Slam|p2a: Mamoswine\n|-damage|p2a: Mamoswine|203/311\n|-status|p2a: Mamoswine|par\n|\n|-heal|p1a: Oinkologne|36/100|[from] item: Leftovers\n|upkeep\n|turn|24\n|inactive|Time left: 300 sec this turn | 300 sec total\n|\n|t:|1783547608\n|switch|p2a: Clawitzer|Clawitzer, L87, M|105/265\n|-activate|p1a: Oinkologne|confusion\n|-damage|p1a: Oinkologne|27/100|[from] confusion\n|\n|-heal|p1a: Oinkologne|33/100|[from] item: Leftovers\n|upkeep\n|turn|25\n|inactive|Time left: 300 sec this turn | 300 sec total\n|\n|t:|1783547609\n|-end|p1a: Oinkologne|confusion\n|move|p1a: Oinkologne|Body Slam|p2a: Clawitzer\n|-damage|p2a: Clawitzer|0 fnt\n|faint|p2a: Clawitzer\n|\n|-heal|p1a: Oinkologne|39/100|[from] item: Leftovers\n|upkeep\n|inactive|Time left: 300 sec this turn | 300 sec total | 5 sec grace\n|\n|t:|1783547610\n|switch|p2a: Mamoswine|Mamoswine, L81, F|203/311 par\n|turn|26\n|inactive|Time left: 300 sec this turn | 300 sec total\n|\n|t:|1783547611\n|move|p1a: Oinkologne|Body Slam|p2a: Mamoswine\n|-damage|p2a: Mamoswine|80/311 par\n|cant|p2a: Mamoswine|par\n|\n|-heal|p1a: Oinkologne|45/100|[from] item: Leftovers\n|upkeep\n|turn|27\n|inactive|Time left: 300 sec this turn | 300 sec total\n|\n|t:|1783547612\n|move|p1a: Oinkologne|Body Slam|p2a: Mamoswine\n|-damage|p2a: Mamoswine|0 fnt\n|faint|p2a: Mamoswine\n|\n|win|p0x728c4fc", "uploadtime": 1783547612, "views": 0, "rating": 0, "private": 0, "password": null, "_winner": "p0x728c4fc", "_our_name": "p0y7285cee"}