{"id": "battle-gen9randombattle-2255", "formatid": "gen9randombattle", "format": "[Gen 9] Random Battle", "players": ["p0x225513d6", "p0y22556242"], "log": "|init|battle\n|title|p0x225513d6 vs. p0y22556242\n|j|\u2606p0x225513d6\n|j|\u2606p0y22556242\n|t:|1783565196\n|gametype|singles\n|player|p1|p0x225513d6|265|\n|player|p2|p0y22556242|170|\n|gen|9\n|tier|[Gen 9] Random Battle\n|rule|Species Clause: Limit one of each Pok\u00e9mon\n|rule|HP Percentage Mod: HP is shown in percentages\n|rule|Sleep Clause Mod: Limit one foe put to sleep\n|rule|Illusion Level Mod: Illusion disguises the Pok\u00e9mon's true level\n|\n|t:|1783565196\n|teamsize|p1|6\n|teamsize|p2|6\n|start\n|switch|p1a: Eelektross|Eelektross, L87, M|290/290\n|switch|p2a: Wugtrio|Wugtrio, L91, M|100/100\n|turn|1\n|inactive|Battle timer is ON: inactive players will automatically lose when time's up. (requested by p0y22556242)\n|inactive|Time left: 300 sec this turn | 300 sec total | 60 sec grace\n|inactive|p0x225513d6 also wants the timer to be on.\n|\n|t:|1783565198\n|move|p2a: Wugtrio|Liquidation|p1a: Eelektross\n|-damage|p1a: Eelektross|113/290\n|move|p1a: Eelektross|Supercell Slam|p2a: Wugtrio\n|-supereffective|p2a: Wugtrio\n|-damage|p2a: Wugtrio|0 fnt\n|-ability|p2a: Wugtrio|Gooey\n|-unboost|p1a: Eelektross|spe|1\n|faint|p2a: Wugtrio\n|\n|-heal|p1a: Eelektross|131/290|[from] item: Leftovers\n|upkeep\n|\n|t:|1783565199\n|switch|p2a: Spidops|Spidops, L96, M|100/100\n|turn|2\n|inactive|Time left: 300 sec this turn | 300 sec total\n|\n|t:|1783565200\n|move|p2a: Spidops|Sticky Web|p1a: Eelektross\n|-sidestart|p1: p0x225513d6|move: Sticky Web\n|move|p1a: Eelektross|Coil|p1a: Eelektross\n|-boost|p1a: Eelektross|atk|1\n|-boost|p1a: Eelektross|def|1\n|-boost|p1a: Eelektross|accuracy|1\n|\n|-heal|p1a: Eelektross|149/290|[from] item: Leftovers\n|upkeep\n|turn|3\n|inactive|Time left: 300 sec this turn | 300 sec total\n|\n|t:|1783565201\n|move|p2a: Spidops|U-turn|p1a: Eelektross\n|-damage|p1a: Eelektross|92/290\n|\n|t:|1783565202\n|switch|p2a: Alcremie|Alcremie-Salted-Cream, L90, F|100/100|[from] U-turn\n|move|p1a: Eelektross|Supercell Slam|p2a: Alcremie\n|-damage|p2a: Alcremie|18/100\n|\n|-heal|p2a: Alcremie|24/100|[from] item: Leftovers\n|-heal|p1a: Eelektross|110/290|[from] item: Leftovers\n|upkeep\n|turn|4\n|inactive|Time left: 300 sec this turn | 300 sec total\n|\n|t:|1783565203\n|move|p2a: Alcremie|Alluring Voice|p1a: Eelektross\n|-damage|p1a: Eelektross|0 fnt\n|faint|p1a: Eelektross\n|\n|-heal|p2a: Alcremie|31/100|[from] item: Leftovers\n|upkeep\n|inactive|Time left: 300 sec this turn | 300 sec total | 5 sec grace\n|\n|t:|1783565204\n|switch|p1a: Barraskewda|Barraskewda, L81, M|231/231\n|-activate|p1a: Barraskewda|move: Sticky Web\n|-unboost|p1a: Barraskewda|spe|1\n|turn|5\n|inactive|Time left: 300 sec this turn | 300 sec total\n|\n|t:|1783565205\n|switch|p2a: Appletun|Appletun, L92, F|100/100\n|move|p1a: Barraskewda|Flip Turn|p2a: Appletun\n|-resisted|p2a: Appletun\n|-damage|p2a: Appletun|93/100\n|inactive|Time left: 300 sec this turn | 300 sec total | 5 sec grace\n|\n|t:|1783565206\n|switch|p1a: Porygon-Z|Porygon-Z, L83|277/277|[from] Flip Turn\n|-activate|p1a: Porygon-Z|move: Sticky Web\n|-unboost|p1a: Porygon-Z|spe|1\n|-ability|p1a: Porygon-Z|Download|boost\n|-boost|p1a: Porygon-Z|spa|1\n|\n|-heal|p2a: Appletun|99/100|[from] item: Leftovers\n|upkeep\n|turn|6\n|inactive|Time left: 300 sec this turn | 300 sec total\n|\n|t:|1783565207\n|move|p1a: Porygon-Z|Ice Beam|p2a: Appletun\n|-supereffective|p2a: Appletun\n|-damage|p2a: Appletun|2/100\n|move|p2a: Appletun|Apple Acid|p1a: Porygon-Z\n|-damage|p1a: Porygon-Z|154/277\n|-unboost|p1a: Porygon-Z|spd|1\n|\n|-heal|p2a: Appletun|8/100|[from] item: Leftovers\n|upkeep\n|turn|7\n|inactive|Time left: 300 sec this turn | 300 sec total\n|\n|t:|1783565209\n|move|p1a: Porygon-Z|Ice Beam|p2a: Appletun\n|-supereffective|p2a: Appletun\n|-damage|p2a: Appletun|0 fnt\n|faint|p2a: Appletun\n|\n|upkeep\n|\n|t:|1783565209\n|switch|p2a: Iron Thorns|Iron Thorns, L83|100/100\n|-enditem|p2a: Iron Thorns|Booster Energy\n|-activate|p2a: Iron Thorns|ability: Quark Drive|[fromitem]\n|-start|p2a: Iron Thorns|quarkdriveatk\n|turn|8\n|inactive|Time left: 300 sec this turn | 300 sec total\n|\n|t:|1783565210\n|switch|p1a: Archaludon|Archaludon, L78, M|268/268\n|-activate|p1a: Archaludon|move: Sticky Web\n|-unboost|p1a: Archaludon|spe|1\n|move|p2a: Iron Thorns|Stone Edge|p1a: Archaludon\n|-resisted|p1a: Archaludon\n|-damage|p1a: Archaludon|196/268\n|-ability|p1a: Archaludon|Stamina|boost\n|-boost|p1a: Archaludon|def|1\n|\n|upkeep\n|turn|9\n|inactive|Time left: 300 sec this turn | 300 sec total\n|\n|t:|1783565211\n|move|p2a: Iron Thorns|Dragon Dance|p2a: Iron Thorns\n|-boost|p2a: Iron Thorns|atk|1\n|-boost|p2a: Iron Thorns|spe|1\n|move|p1a: Archaludon|Swords Dance|p1a: Archaludon\n|-boost|p1a: Archaludon|atk|2\n|\n|upkeep\n|turn|10\n|inactive|Time left: 300 sec this turn | 300 sec total\n|\n|t:|1783565212\n|-end|p2a: Iron Thorns|Quark Drive|[silent]\n|switch|p2a: Alcremie|Alcremie-Salted-Cream, L90, F|31/100\n|move|p1a: Archaludon|Earthquake|p2a: Alcremie\n|-damage|p2a: Alcremie|0 fnt\n|faint|p2a: Alcremie\n|\n|upkeep\n|\n|t:|1783565213\n|switch|p2a: Iron Thorns|Iron Thorns, L83|100/100\n|turn|11\n|inactive|Time left: 300 sec this turn | 300 sec total\n|\n|t:|1783565214\n|move|p2a: Iron Thorns|Dragon Dance|p2a: Iron Thorns\n|-boost|p2a: Iron Thorns|atk|1\n|-boost|p2a: Iron Thorns|spe|1\n|move|p1a: Archaludon|Outrage|p2a: Iron Thorns\n|-damage|p2a: Iron Thorns|30/100\n|\n|upkeep\n|turn|12\n|inactive|Time left: 300 sec this turn | 300 sec total\n|\n|t:|1783565215\n|move|p2a: Iron Thorns|Wild Charge|p1a: Archaludon\n|-resisted|p1a: Archaludon\n|-damage|p1a: Archaludon|151/268\n|-ability|p1a: Archaludon|Stamina|boost\n|-boost|p1a: Archaludon|def|1\n|-damage|p2a: Iron Thorns|26/100|[from] Recoil\n|move|p1a: Archaludon|Outrage|p2a: Iron Thorns|[from] lockedmove\n|-damage|p2a: Iron Thorns|0 fnt\n|faint|p2a: Iron Thorns\n|-end|p2a: Iron Thorns|Quark Drive|[silent]\n|-start|p1a: Archaludon|confusion|[fatigue]\n|-enditem|p1a: Archaludon|Lum Berry|[eat]\n|-end|p1a: Archaludon|confusion\n|\n|upkeep\n|\n|t:|1783565217\n|switch|p2a: Spidops|Spidops, L96, M|100/100\n|turn|13\n|inactive|Time left: 300 sec this turn | 300 sec total\n|\n|t:|1783565218\n|move|p2a: Spidops|Toxic Spikes|p1a: Archaludon\n|-sidestart|p1: p0x225513d6|move: Toxic Spikes\n|move|p1a: Archaludon|Outrage|p2a: Spidops\n|-damage|p2a: Spidops|25/100\n|\n|upkeep\n|turn|14\n|inactive|Time left: 300 sec this turn | 300 sec total\n|\n|t:|1783565218\n|-terastallize|p2a: Spidops|Ghost\n|move|p2a: Spidops|Toxic Spikes|p1a: Archaludon\n|-sidestart|p1: p0x225513d6|move: Toxic Spikes\n|move|p1a: Archaludon|Outrage|p2a: Spidops|[from] lockedmove\n|-damage|p2a: Spidops|0 fnt\n|faint|p2a: Spidops\n|\n|upkeep\n|\n|t:|1783565219\n|switch|p2a: Leafeon|Leafeon, L88, M|100/100\n|turn|15\n|inactive|Time left: 300 sec this turn | 300 sec total\n|\n|t:|1783565220\n|move|p2a: Leafeon|Swords Dance|p2a: Leafeon\n|-boost|p2a: Leafeon|atk|2\n|move|p1a: Archaludon|Outrage|p2a: Leafeon|[from] lockedmove\n|-damage|p2a: Leafeon|32/100\n|-start|p1a: Archaludon|confusion|[fatigue]\n|\n|upkeep\n|turn|16\n|inactive|Time left: 300 sec this turn | 300 sec total\n|\n|t:|1783565221\n|move|p2a: Leafeon|Swords Dance|p2a: Leafeon\n|-boost|p2a: Leafeon|atk|2\n|-activate|p1a: Archaludon|confusion\n|-damage|p1a: Archaludon|129/268|[from] confusion\n|\n|upkeep\n|turn|17\n|inactive|Time left: 300 sec this turn | 300 sec total\n|\n|t:|1783565222\n|move|p2a: Leafeon|Swords Dance|p2a: Leafeon\n|-boost|p2a: Leafeon|atk|2\n|-activate|p1a: Archaludon|confusion\n|-damage|p1a: Archaludon|107/268|[from] confusion\n|\n|upkeep\n|turn|18\n|inactive|Time left: 300 sec this turn | 300 sec total\n|\n|t:|1783565224\n|move|p2a: Leafeon|Knock Off|p1a: Archaludon\n|-crit|p1a: Archaludon\n|-damage|p1a: Archaludon|0 fnt\n|faint|p1a: Archaludon\n|-damage|p2a: Leafeon|22/100|[from] item: Life Orb\n|\n|upkeep\n|inactive|Time left: 300 sec this turn | 300 sec total | 5 sec grace\n|\n|t:|1783565224\n|switch|p1a: Crawdaunt|Crawdaunt, L84, M|243/243\n|-activate|p1a: Crawdaunt|move: Sticky Web\n|-unboost|p1a: Crawdaunt|spe|1\n|-status|p1a: Crawdaunt|tox\n|turn|19\n|inactive|Time left: 300 sec this turn | 300 sec total\n|\n|t:|1783565225\n|-terastallize|p1a: Crawdaunt|Water\n|move|p1a: Crawdaunt|Aqua Jet|p2a: Leafeon\n|-resisted|p2a: Leafeon\n|-damage|p2a: Leafeon|8/100\n|-damage|p1a: Crawdaunt|219/243 tox|[from] item: Life Orb\n|move|p2a: Leafeon|Leaf Blade|p1a: Crawdaunt\n|-supereffective|p1a: Crawdaunt\n|-damage|p1a: Crawdaunt|0 fnt\n|faint|p1a: Crawdaunt\n|-damage|p2a: Leafeon|0 fnt|[from] item: Life Orb\n|faint|p2a: Leafeon\n|\n|win|p0x225513d6", "uploadtime": 1783565225, "views": 0, "rating": 0, "private": 0, "password": null, "_winner": "p0x225513d6", "_our_name": "p0x225513d6"}