{"id": "battle-gen9randombattle-1741", "formatid": "gen9randombattle", "format": "[Gen 9] Random Battle", "players": ["p0x17410919", "p0y174148d9"], "log": "|init|battle\n|title|p0x17410919 vs. p0y174148d9\n|j|\u2606p0x17410919\n|j|\u2606p0y174148d9\n|t:|1783560116\n|gametype|singles\n|player|p1|p0x17410919|1|\n|player|p2|p0y174148d9|265|\n|gen|9\n|tier|[Gen 9] Random Battle\n|rule|Species Clause: Limit one of each Pok\u00e9mon\n|rule|HP Percentage Mod: HP is shown in percentages\n|rule|Sleep Clause Mod: Limit one foe put to sleep\n|rule|Illusion Level Mod: Illusion disguises the Pok\u00e9mon's true level\n|\n|t:|1783560116\n|teamsize|p1|6\n|teamsize|p2|6\n|start\n|switch|p1a: Breloom|Breloom, L83, F|235/235\n|switch|p2a: Girafarig|Girafarig, L89, M|100/100\n|turn|1\n|inactive|Battle timer is ON: inactive players will automatically lose when time's up. (requested by p0y174148d9)\n|inactive|Time left: 300 sec this turn | 300 sec total | 60 sec grace\n|\n|t:|1783560117\n|switch|p1a: Ho-Oh|Ho-Oh, L71|268/268\n|move|p2a: Girafarig|Dazzling Gleam|p1a: Ho-Oh\n|-resisted|p1a: Ho-Oh\n|-damage|p1a: Ho-Oh|245/268\n|\n|upkeep\n|turn|2\n|inactive|Time left: 300 sec this turn | 300 sec total\n|inactive|p0x17410919 also wants the timer to be on.\n|\n|t:|1783560118\n|move|p2a: Girafarig|Nasty Plot|p2a: Girafarig\n|-boost|p2a: Girafarig|spa|2\n|move|p1a: Ho-Oh|Sacred Fire|p2a: Girafarig\n|-damage|p2a: Girafarig|73/100\n|\n|upkeep\n|turn|3\n|inactive|Time left: 300 sec this turn | 300 sec total\n|\n|t:|1783560119\n|move|p2a: Girafarig|Psyshock|p1a: Ho-Oh\n|-damage|p1a: Ho-Oh|26/268\n|move|p1a: Ho-Oh|Sacred Fire|p2a: Girafarig\n|-damage|p2a: Girafarig|45/100\n|-status|p2a: Girafarig|brn\n|\n|-damage|p2a: Girafarig|39/100 brn|[from] brn\n|upkeep\n|turn|4\n|inactive|Time left: 300 sec this turn | 300 sec total\n|\n|t:|1783560120\n|switch|p1a: Indeedee|Indeedee-F, L90, F|272/272\n|-fieldstart|move: Psychic Terrain|[from] ability: Psychic Surge|[of] p1a: Indeedee\n|move|p2a: Girafarig|Psyshock|p1a: Indeedee\n|-resisted|p1a: Indeedee\n|-damage|p1a: Indeedee|134/272\n|\n|-damage|p2a: Girafarig|33/100 brn|[from] brn\n|upkeep\n|turn|5\n|inactive|Time left: 300 sec this turn | 300 sec total\n|\n|t:|1783560121\n|move|p1a: Indeedee|Hyper Voice|p2a: Girafarig\n|-damage|p2a: Girafarig|0 fnt\n|faint|p2a: Girafarig\n|-damage|p1a: Indeedee|107/272|[from] item: Life Orb\n|\n|upkeep\n|\n|t:|1783560122\n|switch|p2a: Zekrom|Zekrom, L71|100/100\n|-ability|p2a: Zekrom|Teravolt\n|turn|6\n|inactive|Time left: 300 sec this turn | 300 sec total\n|\n|t:|1783560123\n|move|p1a: Indeedee|Hyper Voice|p2a: Zekrom\n|-damage|p2a: Zekrom|46/100\n|-damage|p1a: Indeedee|80/272|[from] item: Life Orb\n|move|p2a: Zekrom|Dragon Dance|p2a: Zekrom\n|-boost|p2a: Zekrom|atk|1\n|-boost|p2a: Zekrom|spe|1\n|\n|-heal|p2a: Zekrom|52/100|[from] item: Leftovers\n|upkeep\n|turn|7\n|inactive|Time left: 300 sec this turn | 300 sec total\n|\n|t:|1783560125\n|move|p2a: Zekrom|Outrage|p1a: Indeedee\n|-damage|p1a: Indeedee|0 fnt\n|faint|p1a: Indeedee\n|\n|-heal|p2a: Zekrom|58/100|[from] item: Leftovers\n|upkeep\n|inactive|Time left: 300 sec this turn | 300 sec total | 5 sec grace\n|\n|t:|1783560126\n|switch|p1a: Gardevoir|Gardevoir, L83, F|249/249\n|-ability|p1a: Gardevoir|Teravolt|Trace|[from] ability: Trace|[of] p2a: Zekrom\n|-ability|p1a: Gardevoir|Teravolt\n|turn|8\n|inactive|Time left: 300 sec this turn | 300 sec total\n|\n|t:|1783560126\n|move|p1a: Gardevoir|Moonblast|p2a: Zekrom\n|-supereffective|p2a: Zekrom\n|-crit|p2a: Zekrom\n|-damage|p2a: Zekrom|0 fnt\n|faint|p2a: Zekrom\n|\n|-fieldend|move: Psychic Terrain\n|upkeep\n|\n|t:|1783560128\n|switch|p2a: Arceus|Arceus-Fire, L72|100/100\n|turn|9\n|inactive|Time left: 300 sec this turn | 300 sec total\n|\n|t:|1783560129\n|move|p1a: Gardevoir|Moonblast|p2a: Arceus\n|-resisted|p2a: Arceus\n|-damage|p2a: Arceus|82/100\n|move|p2a: Arceus|Swords Dance|p2a: Arceus\n|-boost|p2a: Arceus|atk|2\n|\n|upkeep\n|turn|10\n|inactive|Time left: 300 sec this turn | 300 sec total\n|\n|t:|1783560130\n|switch|p1a: Stonjourner|Stonjourner, L91, F|330/330\n|move|p2a: Arceus|Flare Blitz|p1a: Stonjourner\n|-resisted|p1a: Stonjourner\n|-damage|p1a: Stonjourner|244/330\n|-damage|p2a: Arceus|72/100|[from] Recoil\n|\n|upkeep\n|turn|11\n|inactive|Time left: 300 sec this turn | 300 sec total\n|\n|t:|1783560131\n|move|p2a: Arceus|Earthquake|p1a: Stonjourner\n|-supereffective|p1a: Stonjourner\n|-damage|p1a: Stonjourner|84/330\n|move|p1a: Stonjourner|Earthquake|p2a: Arceus\n|-supereffective|p2a: Arceus\n|-damage|p2a: Arceus|0 fnt\n|faint|p2a: Arceus\n|-damage|p1a: Stonjourner|51/330|[from] item: Life Orb\n|\n|upkeep\n|\n|t:|1783560132\n|switch|p2a: Espathra|Espathra, L80, F|100/100\n|turn|12\n|inactive|Time left: 300 sec this turn | 300 sec total\n|\n|t:|1783560133\n|switch|p1a: Gardevoir|Gardevoir, L83, F|249/249\n|-ability|p1a: Gardevoir|Speed Boost|Trace|[from] ability: Trace|[of] p2a: Espathra\n|move|p2a: Espathra|Dazzling Gleam|p1a: Gardevoir\n|-damage|p1a: Gardevoir|202/249\n|\n|-ability|p2a: Espathra|Speed Boost|boost\n|-boost|p2a: Espathra|spe|1\n|upkeep\n|turn|13\n|inactive|Time left: 300 sec this turn | 300 sec total\n|\n|t:|1783560134\n|move|p2a: Espathra|Calm Mind|p2a: Espathra\n|-boost|p2a: Espathra|spa|1\n|-boost|p2a: Espathra|spd|1\n|move|p1a: Gardevoir|Moonblast|p2a: Espathra\n|-damage|p2a: Espathra|61/100\n|-unboost|p2a: Espathra|spa|1\n|\n|-heal|p2a: Espathra|67/100|[from] item: Leftovers\n|-ability|p2a: Espathra|Speed Boost|boost\n|-boost|p2a: Espathra|spe|1\n|-ability|p1a: Gardevoir|Speed Boost|boost\n|-boost|p1a: Gardevoir|spe|1\n|upkeep\n|turn|14\n|inactive|Time left: 300 sec this turn | 300 sec total\n|\n|t:|1783560135\n|move|p2a: Espathra|Calm Mind|p2a: Espathra\n|-boost|p2a: Espathra|spa|1\n|-boost|p2a: Espathra|spd|1\n|move|p1a: Gardevoir|Moonblast|p2a: Espathra\n|-damage|p2a: Espathra|36/100\n|-unboost|p2a: Espathra|spa|1\n|\n|-heal|p2a: Espathra|42/100|[from] item: Leftovers\n|-ability|p2a: Espathra|Speed Boost|boost\n|-boost|p2a: Espathra|spe|1\n|-ability|p1a: Gardevoir|Speed Boost|boost\n|-boost|p1a: Gardevoir|spe|1\n|upkeep\n|turn|15\n|inactive|Time left: 300 sec this turn | 300 sec total\n|\n|t:|1783560136\n|move|p1a: Gardevoir|Moonblast|p2a: Espathra\n|-damage|p2a: Espathra|12/100\n|move|p2a: Espathra|Roost|p2a: Espathra\n|-heal|p2a: Espathra|62/100\n|-singleturn|p2a: Espathra|move: Roost\n|\n|-heal|p2a: Espathra|68/100|[from] item: Leftovers\n|-ability|p1a: Gardevoir|Speed Boost|boost\n|-boost|p1a: Gardevoir|spe|1\n|-ability|p2a: Espathra|Speed Boost|boost\n|-boost|p2a: Espathra|spe|1\n|upkeep\n|turn|16\n|inactive|Time left: 300 sec this turn | 300 sec total\n|\n|t:|1783560137\n|move|p1a: Gardevoir|Moonblast|p2a: Espathra\n|-damage|p2a: Espathra|39/100\n|move|p2a: Espathra|Roost|p2a: Espathra\n|-heal|p2a: Espathra|90/100\n|-singleturn|p2a: Espathra|move: Roost\n|\n|-heal|p2a: Espathra|96/100|[from] item: Leftovers\n|-ability|p1a: Gardevoir|Speed Boost|boost\n|-boost|p1a: Gardevoir|spe|1\n|-ability|p2a: Espathra|Speed Boost|boost\n|-boost|p2a: Espathra|spe|1\n|upkeep\n|turn|17\n|inactive|Time left: 300 sec this turn | 300 sec total\n|\n|t:|1783560138\n|move|p1a: Gardevoir|Moonblast|p2a: Espathra\n|-damage|p2a: Espathra|68/100\n|move|p2a: Espathra|Calm Mind|p2a: Espathra\n|-boost|p2a: Espathra|spa|1\n|-boost|p2a: Espathra|spd|1\n|\n|-heal|p2a: Espathra|74/100|[from] item: Leftovers\n|-ability|p1a: Gardevoir|Speed Boost|boost\n|-boost|p1a: Gardevoir|spe|1\n|-ability|p2a: Espathra|Speed Boost|boost\n|-boost|p2a: Espathra|spe|1\n|upkeep\n|turn|18\n|inactive|Time left: 300 sec this turn | 300 sec total\n|\n|t:|1783560139\n|move|p1a: Gardevoir|Moonblast|p2a: Espathra\n|-damage|p2a: Espathra|50/100\n|move|p2a: Espathra|Stored Power|p1a: Gardevoir\n|-resisted|p1a: Gardevoir\n|-damage|p1a: Gardevoir|55/249\n|\n|-heal|p2a: Espathra|56/100|[from] item: Leftovers\n|-ability|p1a: Gardevoir|Speed Boost|boost\n|-boost|p1a: Gardevoir|spe|1\n|upkeep\n|turn|19\n|inactive|Time left: 300 sec this turn | 300 sec total\n|\n|t:|1783560141\n|move|p1a: Gardevoir|Moonblast|p2a: Espathra\n|-damage|p2a: Espathra|33/100\n|move|p2a: Espathra|Roost|p2a: Espathra\n|-heal|p2a: Espathra|84/100\n|-singleturn|p2a: Espathra|move: Roost\n|\n|-heal|p2a: Espathra|90/100|[from] item: Leftovers\n|upkeep\n|turn|20\n|inactive|Time left: 300 sec this turn | 300 sec total\n|\n|t:|1783560142\n|move|p1a: Gardevoir|Moonblast|p2a: Espathra\n|-damage|p2a: Espathra|66/100\n|move|p2a: Espathra|Stored Power|p1a: Gardevoir\n|-resisted|p1a: Gardevoir\n|-damage|p1a: Gardevoir|0 fnt\n|faint|p1a: Gardevoir\n|\n|-heal|p2a: Espathra|72/100|[from] item: Leftovers\n|upkeep\n|inactive|Time left: 300 sec this turn | 300 sec total | 5 sec grace\n|\n|t:|1783560143\n|switch|p1a: Ho-Oh|Ho-Oh, L71|115/268\n|turn|21\n|inactive|Time left: 300 sec this turn | 300 sec total\n|\n|t:|1783560144\n|switch|p1a: Stonjourner|Stonjourner, L91, F|51/330\n|move|p2a: Espathra|Stored Power|p1a: Stonjourner\n|-damage|p1a: Stonjourner|0 fnt\n|faint|p1a: Stonjourner\n|\n|-heal|p2a: Espathra|78/100|[from] item: Leftovers\n|upkeep\n|inactive|Time left: 300 sec this turn | 300 sec total | 5 sec grace\n|\n|t:|1783560145\n|switch|p1a: Hydrapple|Hydrapple, L83, F|312/312\n|turn|22\n|inactive|Time left: 300 sec this turn | 300 sec total\n|\n|t:|1783560146\n|-terastallize|p1a: Hydrapple|Steel\n|move|p2a: Espathra|Stored Power|p1a: Hydrapple\n|-resisted|p1a: Hydrapple\n|-damage|p1a: Hydrapple|144/312\n|move|p1a: Hydrapple|Leaf Storm|p2a: Espathra\n|-damage|p2a: Espathra|29/100\n|-unboost|p1a: Hydrapple|spa|2\n|\n|-heal|p2a: Espathra|35/100|[from] item: Leftovers\n|upkeep\n|turn|23\n|inactive|Time left: 300 sec this turn | 300 sec total\n|\n|t:|1783560147\n|switch|p1a: Ho-Oh|Ho-Oh, L71|204/268\n|move|p2a: Espathra|Stored Power|p1a: Ho-Oh\n|-damage|p1a: Ho-Oh|0 fnt\n|faint|p1a: Ho-Oh\n|\n|-heal|p2a: Espathra|41/100|[from] item: Leftovers\n|upkeep\n|inactive|Time left: 300 sec this turn | 300 sec total | 5 sec grace\n|\n|t:|1783560147\n|switch|p1a: Hydrapple|Hydrapple, L83, F, tera:Steel|248/312\n|turn|24\n|inactive|Time left: 300 sec this turn | 300 sec total\n|\n|t:|1783560148\n|-terastallize|p2a: Espathra|Fairy\n|move|p2a: Espathra|Calm Mind|p2a: Espathra\n|-boost|p2a: Espathra|spa|1\n|-boost|p2a: Espathra|spd|1\n|move|p1a: Hydrapple|Leaf Storm|p2a: Espathra\n|-damage|p2a: Espathra|0 fnt\n|-unboost|p1a: Hydrapple|spa|2\n|faint|p2a: Espathra\n|\n|upkeep\n|\n|t:|1783560149\n|switch|p2a: Kyurem|Kyurem-Black, L71|100/100\n|-ability|p2a: Kyurem|Teravolt\n|turn|25\n|inactive|Time left: 300 sec this turn | 300 sec total\n|\n|t:|1783560150\n|switch|p1a: Breloom|Breloom, L83, F|235/235\n|move|p2a: Kyurem|Dragon Dance|p2a: Kyurem\n|-boost|p2a: Kyurem|atk|1\n|-boost|p2a: Kyurem|spe|1\n|\n|upkeep\n|turn|26\n|inactive|Time left: 300 sec this turn | 300 sec total\n|\n|t:|1783560151\n|switch|p1a: Hydrapple|Hydrapple, L83, F, tera:Steel|312/312\n|move|p2a: Kyurem|Icicle Spear|p1a: Hydrapple\n|-resisted|p1a: Hydrapple\n|-damage|p1a: Hydrapple|292/312\n|-resisted|p1a: Hydrapple\n|-damage|p1a: Hydrapple|274/312\n|-resisted|p1a: Hydrapple\n|-damage|p1a: Hydrapple|253/312\n|-resisted|p1a: Hydrapple\n|-damage|p1a: Hydrapple|235/312\n|-resisted|p1a: Hydrapple\n|-damage|p1a: Hydrapple|217/312\n|-hitcount|p1a: Hydrapple|5\n|\n|upkeep\n|turn|27\n|inactive|Time left: 300 sec this turn | 300 sec total\n|\n|t:|1783560152\n|move|p2a: Kyurem|Icicle Spear|p1a: Hydrapple\n|-resisted|p1a: Hydrapple\n|-damage|p1a: Hydrapple|196/312\n|-resisted|p1a: Hydrapple\n|-damage|p1a: Hydrapple|176/312\n|-resisted|p1a: Hydrapple\n|-damage|p1a: Hydrapple|155/312\n|-resisted|p1a: Hydrapple\n|-damage|p1a: Hydrapple|135/312\n|-resisted|p1a: Hydrapple\n|-damage|p1a: Hydrapple|114/312\n|-hitcount|p1a: Hydrapple|5\n|move|p1a: Hydrapple|Fickle Beam|p2a: Kyurem|[anim] Fickle Beam All Out\n|-activate|p1a: Hydrapple|move: Fickle Beam\n|-supereffective|p2a: Kyurem\n|-crit|p2a: Kyurem\n|-damage|p2a: Kyurem|0 fnt\n|faint|p2a: Kyurem\n|\n|upkeep\n|\n|t:|1783560153\n|switch|p2a: Maushold|Maushold, L76|100/100\n|turn|28\n|inactive|Time left: 300 sec this turn | 300 sec total\n|\n|t:|1783560154\n|switch|p1a: Breloom|Breloom, L83, F|235/235\n|move|p2a: Maushold|Tidy Up|p2a: Maushold\n|-boost|p2a: Maushold|atk|1\n|-boost|p2a: Maushold|spe|1\n|\n|upkeep\n|turn|29\n|inactive|Time left: 300 sec this turn | 300 sec total\n|\n|t:|1783560155\n|move|p1a: Breloom|Mach Punch|p2a: Maushold\n|-supereffective|p2a: Maushold\n|-damage|p2a: Maushold|0 fnt\n|faint|p2a: Maushold\n|-damage|p1a: Breloom|212/235|[from] item: Life Orb\n|\n|win|p0x17410919", "uploadtime": 1783560155, "views": 0, "rating": 0, "private": 0, "password": null, "_winner": "p0x17410919", "_our_name": "p0x17410919"}