{"id": "battle-gen9randombattle-1274", "formatid": "gen9randombattle", "format": "[Gen 9] Random Battle", "players": ["p0x12744ffc", "p0y1274cf6c"], "log": "|init|battle\n|title|p0x12744ffc vs. p0y1274cf6c\n|j|\u2606p0x12744ffc\n|j|\u2606p0y1274cf6c\n|t:|1783554796\n|gametype|singles\n|player|p1|p0x12744ffc|102|\n|player|p2|p0y1274cf6c|169|\n|gen|9\n|tier|[Gen 9] Random Battle\n|rule|Species Clause: Limit one of each Pok\u00e9mon\n|rule|HP Percentage Mod: HP is shown in percentages\n|rule|Sleep Clause Mod: Limit one foe put to sleep\n|rule|Illusion Level Mod: Illusion disguises the Pok\u00e9mon's true level\n|\n|t:|1783554796\n|teamsize|p1|6\n|teamsize|p2|6\n|start\n|switch|p1a: Garchomp|Garchomp, L74, F|100/100\n|switch|p2a: Raikou|Raikou, L81|278/278\n|-ability|p2a: Raikou|Pressure\n|turn|1\n|inactive|Battle timer is ON: inactive players will automatically lose when time's up. (requested by p0x12744ffc)\n|inactive|Time left: 300 sec this turn | 300 sec total | 60 sec grace\n|\n|t:|1783554797\n|switch|p2a: Mudsdale|Mudsdale, L83, M|302/302\n|move|p1a: Garchomp|Swords Dance|p1a: Garchomp\n|-boost|p1a: Garchomp|atk|2\n|\n|upkeep\n|turn|2\n|inactive|Time left: 300 sec this turn | 300 sec total\n|inactive|p0y1274cf6c also wants the timer to be on.\n|\n|t:|1783554798\n|move|p1a: Garchomp|Earthquake|p2a: Mudsdale\n|-damage|p2a: Mudsdale|100/302\n|-ability|p2a: Mudsdale|Stamina|boost\n|-boost|p2a: Mudsdale|def|1\n|move|p2a: Mudsdale|Earthquake|p1a: Garchomp\n|-damage|p1a: Garchomp|54/100\n|\n|-heal|p2a: Mudsdale|118/302|[from] item: Leftovers\n|upkeep\n|turn|3\n|inactive|Time left: 300 sec this turn | 300 sec total\n|\n|t:|1783554799\n|switch|p2a: Clefable|Clefable, L83, M|293/293\n|move|p1a: Garchomp|Earthquake|p2a: Clefable\n|-damage|p2a: Clefable|164/293\n|\n|-heal|p2a: Clefable|182/293|[from] item: Leftovers\n|upkeep\n|turn|4\n|inactive|Time left: 300 sec this turn | 300 sec total\n|\n|t:|1783554799\n|move|p1a: Garchomp|Earthquake|p2a: Clefable\n|-damage|p2a: Clefable|62/293\n|move|p2a: Clefable|Moonblast|p1a: Garchomp\n|-supereffective|p1a: Garchomp\n|-damage|p1a: Garchomp|0 fnt\n|faint|p1a: Garchomp\n|\n|-heal|p2a: Clefable|80/293|[from] item: Leftovers\n|upkeep\n|\n|t:|1783554800\n|switch|p1a: Grimmsnarl|Grimmsnarl, L83, M|100/100\n|turn|5\n|inactive|Time left: 300 sec this turn | 300 sec total\n|\n|t:|1783554801\n|move|p2a: Clefable|Moonlight|p2a: Clefable\n|-heal|p2a: Clefable|226/293\n|move|p1a: Grimmsnarl|Spirit Break|p2a: Clefable\n|-damage|p2a: Clefable|126/293\n|-unboost|p2a: Clefable|spa|1\n|\n|-heal|p2a: Clefable|144/293|[from] item: Leftovers\n|upkeep\n|turn|6\n|inactive|Time left: 300 sec this turn | 300 sec total\n|\n|t:|1783554802\n|move|p1a: Grimmsnarl|Light Screen|p1a: Grimmsnarl\n|-sidestart|p1: p0x12744ffc|move: Light Screen\n|move|p2a: Clefable|Moonlight|p2a: Clefable\n|-heal|p2a: Clefable|290/293\n|\n|-heal|p2a: Clefable|293/293|[from] item: Leftovers\n|upkeep\n|turn|7\n|inactive|Time left: 300 sec this turn | 300 sec total\n|\n|t:|1783554803\n|switch|p2a: Mudsdale|Mudsdale, L83, M|118/302\n|move|p1a: Grimmsnarl|Reflect|p1a: Grimmsnarl\n|-sidestart|p1: p0x12744ffc|Reflect\n|\n|-heal|p2a: Mudsdale|136/302|[from] item: Leftovers\n|upkeep\n|turn|8\n|inactive|Time left: 300 sec this turn | 300 sec total\n|\n|t:|1783554804\n|move|p1a: Grimmsnarl|Parting Shot|p2a: Mudsdale\n|-unboost|p2a: Mudsdale|atk|1\n|-unboost|p2a: Mudsdale|spa|1\n|\n|t:|1783554805\n|switch|p1a: Urshifu|Urshifu-Rapid-Strike, L75, M|100/100|[from] Parting Shot\n|move|p2a: Mudsdale|Stealth Rock|p1a: Urshifu\n|-sidestart|p1: p0x12744ffc|move: Stealth Rock\n|\n|-heal|p2a: Mudsdale|154/302|[from] item: Leftovers\n|upkeep\n|turn|9\n|inactive|Time left: 300 sec this turn | 300 sec total\n|\n|t:|1783554806\n|switch|p2a: Raikou|Raikou, L81|278/278\n|-ability|p2a: Raikou|Pressure\n|move|p1a: Urshifu|Swords Dance|p1a: Urshifu\n|-boost|p1a: Urshifu|atk|2\n|\n|upkeep\n|turn|10\n|inactive|Time left: 300 sec this turn | 300 sec total\n|\n|t:|1783554807\n|move|p2a: Raikou|Volt Switch|p1a: Urshifu\n|-supereffective|p1a: Urshifu\n|-damage|p1a: Urshifu|56/100\n|inactive|Time left: 300 sec this turn | 300 sec total | 5 sec grace\n|\n|t:|1783554808\n|switch|p2a: Iron Leaves|Iron Leaves, L80|275/275|[from] Volt Switch\n|move|p1a: Urshifu|Surging Strikes|p2a: Iron Leaves\n|-resisted|p2a: Iron Leaves\n|-crit|p2a: Iron Leaves\n|-damage|p2a: Iron Leaves|214/275\n|-resisted|p2a: Iron Leaves\n|-crit|p2a: Iron Leaves\n|-damage|p2a: Iron Leaves|156/275\n|-resisted|p2a: Iron Leaves\n|-crit|p2a: Iron Leaves\n|-damage|p2a: Iron Leaves|98/275\n|-hitcount|p2a: Iron Leaves|3\n|-damage|p1a: Urshifu|46/100|[from] item: Life Orb\n|\n|upkeep\n|turn|11\n|inactive|Time left: 300 sec this turn | 300 sec total\n|\n|t:|1783554810\n|move|p2a: Iron Leaves|Leaf Blade|p1a: Urshifu\n|-supereffective|p1a: Urshifu\n|-crit|p1a: Urshifu\n|-damage|p1a: Urshifu|0 fnt\n|faint|p1a: Urshifu\n|-damage|p2a: Iron Leaves|71/275|[from] item: Life Orb\n|\n|upkeep\n|\n|t:|1783554811\n|switch|p1a: Volcanion|Volcanion, L79|100/100\n|turn|12\n|inactive|Time left: 300 sec this turn | 300 sec total\n|\n|t:|1783554812\n|-end|p2a: Iron Leaves|Quark Drive|[silent]\n|switch|p2a: Clefable|Clefable, L83, M|293/293\n|move|p1a: Volcanion|Steam Eruption|p2a: Clefable\n|-damage|p2a: Clefable|161/293\n|\n|-heal|p2a: Clefable|179/293|[from] item: Leftovers\n|upkeep\n|turn|13\n|inactive|Time left: 300 sec this turn | 300 sec total\n|\n|t:|1783554813\n|move|p1a: Volcanion|Steam Eruption|p2a: Clefable\n|-damage|p2a: Clefable|58/293\n|move|p2a: Clefable|Moonlight|p2a: Clefable\n|-heal|p2a: Clefable|204/293\n|\n|-heal|p2a: Clefable|222/293|[from] item: Leftovers\n|-sideend|p1: p0x12744ffc|move: Light Screen\n|upkeep\n|turn|14\n|inactive|Time left: 300 sec this turn | 300 sec total\n|\n|t:|1783554814\n|move|p1a: Volcanion|Steam Eruption|p2a: Clefable\n|-damage|p2a: Clefable|90/293\n|move|p2a: Clefable|Moonlight|p2a: Clefable\n|-heal|p2a: Clefable|236/293\n|\n|-heal|p2a: Clefable|254/293|[from] item: Leftovers\n|-sideend|p1: p0x12744ffc|Reflect\n|upkeep\n|turn|15\n|inactive|Time left: 300 sec this turn | 300 sec total\n|\n|t:|1783554815\n|move|p1a: Volcanion|Steam Eruption|p2a: Clefable\n|-damage|p2a: Clefable|121/293\n|move|p2a: Clefable|Moonlight|p2a: Clefable\n|-heal|p2a: Clefable|267/293\n|\n|-heal|p2a: Clefable|285/293|[from] item: Leftovers\n|upkeep\n|turn|16\n|inactive|Time left: 300 sec this turn | 300 sec total\n|\n|t:|1783554816\n|move|p1a: Volcanion|Steam Eruption|p2a: Clefable\n|-damage|p2a: Clefable|167/293\n|move|p2a: Clefable|Calm Mind|p2a: Clefable\n|-boost|p2a: Clefable|spa|1\n|-boost|p2a: Clefable|spd|1\n|\n|-heal|p2a: Clefable|185/293|[from] item: Leftovers\n|upkeep\n|turn|17\n|inactive|Time left: 300 sec this turn | 300 sec total\n|\n|t:|1783554817\n|move|p1a: Volcanion|Haze|p1a: Volcanion\n|-clearallboost\n|move|p2a: Clefable|Moonlight|p2a: Clefable\n|-heal|p2a: Clefable|293/293\n|\n|upkeep\n|turn|18\n|inactive|Time left: 300 sec this turn | 300 sec total\n|\n|t:|1783554818\n|move|p1a: Volcanion|Steam Eruption|p2a: Clefable\n|-damage|p2a: Clefable|154/293\n|-status|p2a: Clefable|brn\n|move|p2a: Clefable|Calm Mind|p2a: Clefable\n|-boost|p2a: Clefable|spa|1\n|-boost|p2a: Clefable|spd|1\n|\n|-heal|p2a: Clefable|172/293 brn|[from] item: Leftovers\n|-damage|p2a: Clefable|154/293 brn|[from] brn\n|upkeep\n|turn|19\n|inactive|Time left: 300 sec this turn | 300 sec total\n|\n|t:|1783554820\n|move|p1a: Volcanion|Steam Eruption|p2a: Clefable\n|-damage|p2a: Clefable|63/293 brn\n|move|p2a: Clefable|Moonlight|p2a: Clefable\n|-heal|p2a: Clefable|209/293 brn\n|\n|-heal|p2a: Clefable|227/293 brn|[from] item: Leftovers\n|-damage|p2a: Clefable|209/293 brn|[from] brn\n|upkeep\n|turn|20\n|inactive|Time left: 300 sec this turn | 300 sec total\n|\n|t:|1783554821\n|move|p1a: Volcanion|Steam Eruption|p2a: Clefable\n|-damage|p2a: Clefable|124/293 brn\n|move|p2a: Clefable|Moonblast|p1a: Volcanion\n|-resisted|p1a: Volcanion\n|-damage|p1a: Volcanion|74/100\n|-unboost|p1a: Volcanion|spa|1\n|\n|-heal|p2a: Clefable|142/293 brn|[from] item: Leftovers\n|-damage|p2a: Clefable|124/293 brn|[from] brn\n|upkeep\n|turn|21\n|inactive|Time left: 300 sec this turn | 300 sec total\n|\n|t:|1783554822\n|move|p1a: Volcanion|Haze|p1a: Volcanion\n|-clearallboost\n|move|p2a: Clefable|Moonlight|p2a: Clefable\n|-heal|p2a: Clefable|270/293 brn\n|\n|-heal|p2a: Clefable|288/293 brn|[from] item: Leftovers\n|-damage|p2a: Clefable|270/293 brn|[from] brn\n|upkeep\n|turn|22\n|inactive|Time left: 300 sec this turn | 300 sec total\n|\n|t:|1783554823\n|move|p1a: Volcanion|Flamethrower|p2a: Clefable\n|-damage|p2a: Clefable|171/293 brn\n|move|p2a: Clefable|Calm Mind|p2a: Clefable\n|-boost|p2a: Clefable|spa|1\n|-boost|p2a: Clefable|spd|1\n|\n|-heal|p2a: Clefable|189/293 brn|[from] item: Leftovers\n|-damage|p2a: Clefable|171/293 brn|[from] brn\n|upkeep\n|turn|23\n|inactive|Time left: 300 sec this turn | 300 sec total\n|\n|t:|1783554824\n|move|p1a: Volcanion|Flamethrower|p2a: Clefable\n|-damage|p2a: Clefable|95/293 brn\n|move|p2a: Clefable|Moonblast|p1a: Volcanion\n|-resisted|p1a: Volcanion\n|-damage|p1a: Volcanion|44/100\n|\n|-heal|p2a: Clefable|113/293 brn|[from] item: Leftovers\n|-damage|p2a: Clefable|95/293 brn|[from] brn\n|upkeep\n|turn|24\n|inactive|Time left: 300 sec this turn | 300 sec total\n|\n|t:|1783554825\n|move|p1a: Volcanion|Flamethrower|p2a: Clefable\n|-damage|p2a: Clefable|29/293 brn\n|move|p2a: Clefable|Moonblast|p1a: Volcanion\n|-resisted|p1a: Volcanion\n|-damage|p1a: Volcanion|15/100\n|\n|-heal|p2a: Clefable|47/293 brn|[from] item: Leftovers\n|-damage|p2a: Clefable|29/293 brn|[from] brn\n|upkeep\n|turn|25\n|inactive|Time left: 300 sec this turn | 300 sec total\n|\n|t:|1783554827\n|switch|p2a: Raikou|Raikou, L81|278/278\n|-ability|p2a: Raikou|Pressure\n|move|p1a: Volcanion|Flamethrower|p2a: Raikou\n|-damage|p2a: Raikou|172/278\n|\n|upkeep\n|turn|26\n|inactive|Time left: 300 sec this turn | 300 sec total\n|\n|t:|1783554828\n|switch|p1a: Grimmsnarl|Grimmsnarl, L83, M|100/100\n|-damage|p1a: Grimmsnarl|88/100|[from] Stealth Rock\n|move|p2a: Raikou|Volt Switch|p1a: Grimmsnarl\n|-damage|p1a: Grimmsnarl|59/100\n|inactive|Time left: 300 sec this turn | 300 sec total | 5 sec grace\n|\n|t:|1783554829\n|switch|p2a: Mudsdale|Mudsdale, L83, M|154/302|[from] Volt Switch\n|\n|-heal|p2a: Mudsdale|172/302|[from] item: Leftovers\n|upkeep\n|turn|27\n|inactive|Time left: 300 sec this turn | 300 sec total\n|\n|t:|1783554830\n|move|p1a: Grimmsnarl|Reflect|p1a: Grimmsnarl\n|-sidestart|p1: p0x12744ffc|Reflect\n|move|p2a: Mudsdale|Heavy Slam|p1a: Grimmsnarl\n|-supereffective|p1a: Grimmsnarl\n|-damage|p1a: Grimmsnarl|15/100\n|\n|-heal|p2a: Mudsdale|190/302|[from] item: Leftovers\n|upkeep\n|turn|28\n|inactive|Time left: 300 sec this turn | 300 sec total\n|\n|t:|1783554831\n|move|p1a: Grimmsnarl|Light Screen|p1a: Grimmsnarl\n|-sidestart|p1: p0x12744ffc|move: Light Screen\n|move|p2a: Mudsdale|Earthquake|p1a: Grimmsnarl\n|-damage|p1a: Grimmsnarl|0 fnt\n|faint|p1a: Grimmsnarl\n|\n|-heal|p2a: Mudsdale|208/302|[from] item: Leftovers\n|upkeep\n|\n|t:|1783554832\n|switch|p1a: Probopass|Probopass, L91, M|100/100\n|-damage|p1a: Probopass|94/100|[from] Stealth Rock\n|turn|29\n|inactive|Time left: 300 sec this turn | 300 sec total\n|\n|t:|1783554834\n|move|p1a: Probopass|Iron Defense|p1a: Probopass\n|-boost|p1a: Probopass|def|2\n|move|p2a: Mudsdale|Earthquake|p1a: Probopass\n|-supereffective|p1a: Probopass\n|-damage|p1a: Probopass|64/100\n|\n|-heal|p1a: Probopass|70/100|[from] item: Leftovers\n|-heal|p2a: Mudsdale|226/302|[from] item: Leftovers\n|upkeep\n|turn|30\n|inactive|Time left: 300 sec this turn | 300 sec total\n|\n|t:|1783554835\n|switch|p2a: Clefable|Clefable, L83, M|29/293 brn\n|-terastallize|p1a: Probopass|Fighting\n|move|p1a: Probopass|Body Press|p2a: Clefable\n|-resisted|p2a: Clefable\n|-damage|p2a: Clefable|0 fnt\n|faint|p2a: Clefable\n|\n|-heal|p1a: Probopass|76/100|[from] item: Leftovers\n|upkeep\n|inactive|Time left: 300 sec this turn | 300 sec total | 5 sec grace\n|\n|t:|1783554836\n|switch|p2a: Iron Leaves|Iron Leaves, L80|71/275\n|turn|31\n|inactive|Time left: 300 sec this turn | 300 sec total\n|\n|t:|1783554837\n|move|p2a: Iron Leaves|Psyblade|p1a: Probopass\n|-supereffective|p1a: Probopass\n|-damage|p1a: Probopass|62/100\n|-damage|p2a: Iron Leaves|44/275|[from] item: Life Orb\n|move|p1a: Probopass|Body Press|p2a: Iron Leaves\n|-resisted|p2a: Iron Leaves\n|-damage|p2a: Iron Leaves|0 fnt\n|faint|p2a: Iron Leaves\n|-end|p2a: Iron Leaves|Quark Drive|[silent]\n|\n|-heal|p1a: Probopass|69/100|[from] item: Leftovers\n|upkeep\n|inactive|Time left: 300 sec this turn | 300 sec total | 5 sec grace\n|\n|t:|1783554838\n|switch|p2a: Arboliva|Arboliva, L91, M|288/288\n|turn|32\n|inactive|Time left: 300 sec this turn | 300 sec total\n|\n|t:|1783554839\n|-terastallize|p2a: Arboliva|Water\n|move|p2a: Arboliva|Protect|p2a: Arboliva\n|-singleturn|p2a: Arboliva|Protect\n|move|p1a: Probopass|Body Press|p2a: Arboliva\n|-activate|p2a: Arboliva|move: Protect\n|\n|-heal|p1a: Probopass|75/100|[from] item: Leftovers\n|upkeep\n|turn|33\n|inactive|Time left: 300 sec this turn | 300 sec total\n|\n|t:|1783554840\n|move|p1a: Probopass|Body Press|p2a: Arboliva\n|-damage|p2a: Arboliva|36/288\n|-enditem|p2a: Arboliva|Sitrus Berry|[eat]\n|-heal|p2a: Arboliva|108/288|[from] item: Sitrus Berry\n|move|p2a: Arboliva|Substitute|p2a: Arboliva\n|-start|p2a: Arboliva|Substitute\n|-damage|p2a: Arboliva|36/288\n|\n|-heal|p1a: Probopass|81/100|[from] item: Leftovers\n|-item|p2a: Arboliva|Sitrus Berry|[from] ability: Harvest\n|upkeep\n|-enditem|p2a: Arboliva|Sitrus Berry|[eat]\n|-heal|p2a: Arboliva|108/288|[from] item: Sitrus Berry\n|turn|34\n|inactive|Time left: 300 sec this turn | 300 sec total\n|\n|t:|1783554841\n|move|p1a: Probopass|Body Press|p2a: Arboliva\n|-end|p2a: Arboliva|Substitute\n|move|p2a: Arboliva|Leech Seed|p1a: Probopass\n|-start|p1a: Probopass|move: Leech Seed\n|\n|-heal|p1a: Probopass|87/100|[from] item: Leftovers\n|-damage|p1a: Probopass|75/100|[from] Leech Seed|[of] p2a: Arboliva\n|-heal|p2a: Arboliva|140/288|[silent]\n|-sideend|p1: p0x12744ffc|Reflect\n|-item|p2a: Arboliva|Sitrus Berry|[from] ability: Harvest\n|upkeep\n|-enditem|p2a: Arboliva|Sitrus Berry|[eat]\n|-heal|p2a: Arboliva|212/288|[from] item: Sitrus Berry\n|turn|35\n|inactive|Time left: 300 sec this turn | 300 sec total\n|\n|t:|1783554841\n|move|p2a: Arboliva|Protect|p2a: Arboliva\n|-singleturn|p2a: Arboliva|Protect\n|move|p1a: Probopass|Body Press|p2a: Arboliva\n|-activate|p2a: Arboliva|move: Protect\n|\n|-heal|p1a: Probopass|81/100|[from] item: Leftovers\n|-damage|p1a: Probopass|69/100|[from] Leech Seed|[of] p2a: Arboliva\n|-heal|p2a: Arboliva|244/288|[silent]\n|-sideend|p1: p0x12744ffc|move: Light Screen\n|-item|p2a: Arboliva|Sitrus Berry|[from] ability: Harvest\n|upkeep\n|turn|36\n|inactive|Time left: 300 sec this turn | 300 sec total\n|\n|t:|1783554842\n|move|p2a: Arboliva|Protect||[still]\n|-fail|p2a: Arboliva\n|move|p1a: Probopass|Body Press|p2a: Arboliva\n|-damage|p2a: Arboliva|0 fnt\n|faint|p2a: Arboliva\n|\n|-heal|p1a: Probopass|75/100|[from] item: Leftovers\n|upkeep\n|inactive|Time left: 300 sec this turn | 300 sec total | 5 sec grace\n|\n|t:|1783554843\n|switch|p2a: Raikou|Raikou, L81|172/278\n|-ability|p2a: Raikou|Pressure\n|turn|37\n|inactive|Time left: 300 sec this turn | 300 sec total\n|\n|t:|1783554844\n|move|p2a: Raikou|Scald|p1a: Probopass\n|-damage|p1a: Probopass|61/100\n|move|p1a: Probopass|Body Press|p2a: Raikou\n|-damage|p2a: Raikou|0 fnt\n|faint|p2a: Raikou\n|\n|-heal|p1a: Probopass|67/100|[from] item: Leftovers\n|upkeep\n|inactive|Time left: 300 sec this turn | 300 sec total | 5 sec grace\n|\n|t:|1783554845\n|switch|p2a: Zamazenta|Zamazenta-Crowned, L68|238/238\n|-ability|p2a: Zamazenta|Dauntless Shield|boost\n|-boost|p2a: Zamazenta|def|1\n|turn|38\n|inactive|Time left: 300 sec this turn | 300 sec total\n|\n|t:|1783554846\n|move|p2a: Zamazenta|Iron Defense|p2a: Zamazenta\n|-boost|p2a: Zamazenta|def|2\n|move|p1a: Probopass|Body Press|p2a: Zamazenta\n|-supereffective|p2a: Zamazenta\n|-damage|p2a: Zamazenta|68/238\n|\n|-heal|p1a: Probopass|74/100|[from] item: Leftovers\n|-damage|p1a: Probopass|61/100|[from] Leech Seed|[of] p2a: Zamazenta\n|-heal|p2a: Zamazenta|100/238|[silent]\n|upkeep\n|turn|39\n|inactive|Time left: 300 sec this turn | 300 sec total\n|\n|t:|1783554847\n|move|p2a: Zamazenta|Stone Edge|p1a: Probopass\n|-resisted|p1a: Probopass\n|-damage|p1a: Probopass|58/100\n|move|p1a: Probopass|Body Press|p2a: Zamazenta\n|-supereffective|p2a: Zamazenta\n|-damage|p2a: Zamazenta|0 fnt\n|faint|p2a: Zamazenta\n|\n|-heal|p1a: Probopass|64/100|[from] item: Leftovers\n|upkeep\n|inactive|Time left: 300 sec this turn | 300 sec total | 5 sec grace\n|\n|t:|1783554848\n|switch|p2a: Mudsdale|Mudsdale, L83, M|226/302\n|turn|40\n|inactive|Time left: 300 sec this turn | 300 sec total\n|\n|t:|1783554849\n|move|p1a: Probopass|Body Press|p2a: Mudsdale\n|-damage|p2a: Mudsdale|0 fnt\n|faint|p2a: Mudsdale\n|\n|win|p0x12744ffc", "uploadtime": 1783554849, "views": 0, "rating": 0, "private": 0, "password": null, "_winner": "p0x12744ffc", "_our_name": "p0y1274cf6c"}