{"id": "battle-gen9randombattle-1794", "formatid": "gen9randombattle", "format": "[Gen 9] Random Battle", "players": ["p0x1794b442", "p0y1794a80d"], "log": "|init|battle\n|title|p0x1794b442 vs. p0y1794a80d\n|j|\u2606p0x1794b442\n|j|\u2606p0y1794a80d\n|t:|1783560787\n|gametype|singles\n|player|p1|p0x1794b442|266|\n|player|p2|p0y1794a80d|170|\n|gen|9\n|tier|[Gen 9] Random Battle\n|rule|Species Clause: Limit one of each Pok\u00e9mon\n|rule|HP Percentage Mod: HP is shown in percentages\n|rule|Sleep Clause Mod: Limit one foe put to sleep\n|rule|Illusion Level Mod: Illusion disguises the Pok\u00e9mon's true level\n|\n|t:|1783560787\n|teamsize|p1|6\n|teamsize|p2|6\n|start\n|switch|p1a: Brute Bonnet|Brute Bonnet, L80|309/309\n|switch|p2a: Cinccino|Cinccino, L83, F|100/100\n|turn|1\n|inactive|Battle timer is ON: inactive players will automatically lose when time's up. (requested by p0y1794a80d)\n|inactive|Time left: 300 sec this turn | 300 sec total | 60 sec grace\n|inactive|p0x1794b442 also wants the timer to be on.\n|\n|t:|1783560789\n|move|p2a: Cinccino|U-turn|p1a: Brute Bonnet\n|-supereffective|p1a: Brute Bonnet\n|-damage|p1a: Brute Bonnet|121/309\n|\n|t:|1783560790\n|switch|p2a: Regirock|Regirock, L83|100/100|[from] U-turn\n|move|p1a: Brute Bonnet|Crunch|p2a: Regirock\n|-damage|p2a: Regirock|81/100\n|\n|-heal|p1a: Brute Bonnet|140/309|[from] item: Leftovers\n|upkeep\n|turn|2\n|inactive|Time left: 300 sec this turn | 300 sec total\n|\n|t:|1783560791\n|-end|p1a: Brute Bonnet|Protosynthesis|[silent]\n|switch|p1a: Pelipper|Pelipper, L86, M|243/243\n|-weather|RainDance|[from] ability: Drizzle|[of] p1a: Pelipper\n|move|p2a: Regirock|Body Press|p1a: Pelipper\n|-resisted|p1a: Pelipper\n|-damage|p1a: Pelipper|196/243\n|\n|-weather|RainDance|[upkeep]\n|upkeep\n|turn|3\n|inactive|Time left: 300 sec this turn | 300 sec total\n|\n|t:|1783560793\n|switch|p2a: Dewgong|Dewgong, L94, M|100/100\n|move|p1a: Pelipper|Hydro Pump|p2a: Dewgong\n|-resisted|p2a: Dewgong\n|-damage|p2a: Dewgong|75/100\n|\n|-weather|RainDance|[upkeep]\n|upkeep\n|turn|4\n|inactive|Time left: 300 sec this turn | 300 sec total\n|\n|t:|1783560794\n|move|p2a: Dewgong|Ice Beam|p1a: Pelipper\n|-damage|p1a: Pelipper|93/243\n|move|p1a: Pelipper|Hurricane|p2a: Dewgong\n|-damage|p2a: Dewgong|41/100\n|\n|-weather|RainDance|[upkeep]\n|upkeep\n|turn|5\n|inactive|Time left: 300 sec this turn | 300 sec total\n|\n|t:|1783560795\n|switch|p1a: Inteleon|Inteleon, L81, M|246/246\n|move|p2a: Dewgong|Ice Beam|p1a: Inteleon\n|-resisted|p1a: Inteleon\n|-damage|p1a: Inteleon|187/246\n|\n|-weather|RainDance|[upkeep]\n|upkeep\n|turn|6\n|inactive|Time left: 300 sec this turn | 300 sec total\n|\n|t:|1783560797\n|move|p1a: Inteleon|Scald|p2a: Dewgong\n|-resisted|p2a: Dewgong\n|-damage|p2a: Dewgong|11/100\n|move|p2a: Dewgong|Knock Off|p1a: Inteleon\n|-damage|p1a: Inteleon|95/246\n|-enditem|p1a: Inteleon|Choice Specs|[from] move: Knock Off|[of] p2a: Dewgong\n|\n|-weather|none\n|upkeep\n|turn|7\n|inactive|Time left: 300 sec this turn | 300 sec total\n|\n|t:|1783560798\n|switch|p2a: Conkeldurr|Conkeldurr, L80, F|100/100\n|move|p1a: Inteleon|Hydro Pump|p2a: Conkeldurr\n|-damage|p2a: Conkeldurr|42/100\n|\n|-status|p2a: Conkeldurr|brn|[from] item: Flame Orb\n|upkeep\n|turn|8\n|inactive|Time left: 300 sec this turn | 300 sec total\n|\n|t:|1783560799\n|move|p2a: Conkeldurr|Mach Punch|p1a: Inteleon\n|-damage|p1a: Inteleon|0 fnt\n|faint|p1a: Inteleon\n|\n|-damage|p2a: Conkeldurr|36/100 brn|[from] brn\n|upkeep\n|inactive|Time left: 300 sec this turn | 300 sec total | 5 sec grace\n|\n|t:|1783560800\n|switch|p1a: Oranguru|Oranguru, L92, F|315/315\n|turn|9\n|inactive|Time left: 300 sec this turn | 300 sec total\n|\n|t:|1783560801\n|switch|p2a: Vikavolt|Vikavolt, L83, F|100/100\n|move|p1a: Oranguru|Psyshock|p2a: Vikavolt\n|-damage|p2a: Vikavolt|49/100\n|\n|upkeep\n|turn|10\n|inactive|Time left: 300 sec this turn | 300 sec total\n|\n|t:|1783560802\n|switch|p2a: Overqwil|Overqwil, L82, F|100/100\n|-ability|p2a: Overqwil|Intimidate|boost\n|-fail|p1a: Oranguru|unboost|Attack|[from] ability: Inner Focus|[of] p1a: Oranguru\n|move|p1a: Oranguru|Psyshock|p2a: Overqwil\n|-immune|p2a: Overqwil\n|\n|upkeep\n|turn|11\n|inactive|Time left: 300 sec this turn | 300 sec total\n|\n|t:|1783560803\n|switch|p1a: Beartic|Beartic, L91, F|321/321\n|move|p2a: Overqwil|Gunk Shot|p1a: Beartic|[miss]\n|-miss|p2a: Overqwil|p1a: Beartic\n|\n|upkeep\n|turn|12\n|inactive|Time left: 300 sec this turn | 300 sec total\n|\n|t:|1783560804\n|move|p2a: Overqwil|Gunk Shot|p1a: Beartic\n|-crit|p1a: Beartic\n|-damage|p1a: Beartic|6/321\n|move|p1a: Beartic|Earthquake|p2a: Overqwil\n|-supereffective|p2a: Overqwil\n|-damage|p2a: Overqwil|21/100\n|\n|upkeep\n|turn|13\n|inactive|Time left: 300 sec this turn | 300 sec total\n|\n|t:|1783560805\n|move|p2a: Overqwil|Gunk Shot|p1a: Beartic\n|-damage|p1a: Beartic|0 fnt\n|faint|p1a: Beartic\n|\n|upkeep\n|inactive|Time left: 300 sec this turn | 300 sec total | 5 sec grace\n|\n|t:|1783560806\n|switch|p1a: Oranguru|Oranguru, L92, F|315/315\n|turn|14\n|inactive|Time left: 300 sec this turn | 300 sec total\n|\n|t:|1783560807\n|move|p2a: Overqwil|Gunk Shot|p1a: Oranguru|[miss]\n|-miss|p2a: Overqwil|p1a: Oranguru\n|move|p1a: Oranguru|Hyper Voice|p2a: Overqwil\n|-damage|p2a: Overqwil|0 fnt\n|faint|p2a: Overqwil\n|\n|upkeep\n|\n|t:|1783560808\n|switch|p2a: Dewgong|Dewgong, L94, M|11/100\n|turn|15\n|inactive|Time left: 300 sec this turn | 300 sec total\n|\n|t:|1783560809\n|move|p2a: Dewgong|Knock Off|p1a: Oranguru\n|-supereffective|p1a: Oranguru\n|-damage|p1a: Oranguru|195/315\n|-enditem|p1a: Oranguru|Choice Specs|[from] move: Knock Off|[of] p2a: Dewgong\n|move|p1a: Oranguru|Hyper Voice|p2a: Dewgong\n|-damage|p2a: Dewgong|0 fnt\n|faint|p2a: Dewgong\n|\n|upkeep\n|\n|t:|1783560809\n|switch|p2a: Regirock|Regirock, L83|81/100\n|turn|16\n|inactive|Time left: 300 sec this turn | 300 sec total\n|\n|t:|1783560810\n|move|p1a: Oranguru|Focus Blast|p2a: Regirock\n|-supereffective|p2a: Regirock\n|-damage|p2a: Regirock|14/100\n|move|p2a: Regirock|Stone Edge|p1a: Oranguru\n|-damage|p1a: Oranguru|99/315\n|\n|upkeep\n|turn|17\n|inactive|Time left: 300 sec this turn | 300 sec total\n|\n|t:|1783560811\n|move|p1a: Oranguru|Psyshock|p2a: Regirock\n|-damage|p2a: Regirock|0 fnt\n|faint|p2a: Regirock\n|\n|upkeep\n|\n|t:|1783560812\n|switch|p2a: Cinccino|Cinccino, L83, F|100/100\n|turn|18\n|inactive|Time left: 300 sec this turn | 300 sec total\n|\n|t:|1783560812\n|move|p2a: Cinccino|Triple Axel|p1a: Oranguru\n|-damage|p1a: Oranguru|79/315\n|-damage|p1a: Oranguru|36/315\n|-damage|p1a: Oranguru|0 fnt\n|faint|p1a: Oranguru\n|-hitcount|p1: Oranguru|3\n|\n|upkeep\n|inactive|Time left: 300 sec this turn | 300 sec total | 5 sec grace\n|\n|t:|1783560813\n|switch|p1a: Flapple|Flapple, L88, M|266/266\n|turn|19\n|inactive|Time left: 300 sec this turn | 300 sec total\n|\n|t:|1783560814\n|-terastallize|p2a: Cinccino|Ice\n|-terastallize|p1a: Flapple|Fire\n|move|p2a: Cinccino|Triple Axel|p1a: Flapple|[miss]\n|-miss|p2a: Cinccino|p1a: Flapple\n|move|p1a: Flapple|Outrage|p2a: Cinccino\n|-damage|p2a: Cinccino|0 fnt\n|faint|p2a: Cinccino\n|\n|upkeep\n|\n|t:|1783560814\n|switch|p2a: Conkeldurr|Conkeldurr, L80, F|36/100 brn\n|turn|20\n|inactive|Time left: 300 sec this turn | 300 sec total\n|\n|t:|1783560815\n|move|p1a: Flapple|Outrage|p2a: Conkeldurr|[from] lockedmove\n|-damage|p2a: Conkeldurr|0 fnt\n|faint|p2a: Conkeldurr\n|\n|upkeep\n|\n|t:|1783560816\n|switch|p2a: Vikavolt|Vikavolt, L83, F|49/100\n|turn|21\n|inactive|Time left: 300 sec this turn | 300 sec total\n|\n|t:|1783560817\n|move|p1a: Flapple|Outrage|p2a: Vikavolt|[from] lockedmove|[miss]\n|-miss|p1a: Flapple|p2a: Vikavolt\n|-start|p1a: Flapple|confusion|[fatigue]\n|move|p2a: Vikavolt|Bug Buzz|p1a: Flapple\n|-resisted|p1a: Flapple\n|-damage|p1a: Flapple|188/266\n|\n|upkeep\n|turn|22\n|inactive|Time left: 300 sec this turn | 300 sec total\n|\n|t:|1783560818\n|switch|p1a: Pelipper|Pelipper, L86, M|93/243\n|-weather|RainDance|[from] ability: Drizzle|[of] p1a: Pelipper\n|move|p2a: Vikavolt|Discharge|p1a: Pelipper\n|-supereffective|p1a: Pelipper\n|-damage|p1a: Pelipper|0 fnt\n|faint|p1a: Pelipper\n|\n|-weather|RainDance|[upkeep]\n|upkeep\n|inactive|Time left: 300 sec this turn | 300 sec total | 5 sec grace\n|\n|t:|1783560819\n|switch|p1a: Flapple|Flapple, L88, M, tera:Fire|188/266\n|turn|23\n|inactive|Time left: 300 sec this turn | 300 sec total\n|\n|t:|1783560820\n|move|p1a: Flapple|Outrage|p2a: Vikavolt\n|-damage|p2a: Vikavolt|0 fnt\n|faint|p2a: Vikavolt\n|\n|win|p0x1794b442", "uploadtime": 1783560820, "views": 0, "rating": 0, "private": 0, "password": null, "_winner": "p0x1794b442", "_our_name": "p0x1794b442"}