{"id": "battle-gen9randombattle-777", "formatid": "gen9randombattle", "format": "[Gen 9] Random Battle", "players": ["p0x7772b2f", "p0y77723be"], "log": "|init|battle\n|title|p0x7772b2f vs. p0y77723be\n|j|\u2606p0x7772b2f\n|j|\u2606p0y77723be\n|t:|1783548877\n|gametype|singles\n|player|p1|p0x7772b2f|266|\n|player|p2|p0y77723be|102|\n|gen|9\n|tier|[Gen 9] Random Battle\n|rule|Species Clause: Limit one of each Pok\u00e9mon\n|rule|HP Percentage Mod: HP is shown in percentages\n|rule|Sleep Clause Mod: Limit one foe put to sleep\n|rule|Illusion Level Mod: Illusion disguises the Pok\u00e9mon's true level\n|\n|t:|1783548877\n|teamsize|p1|6\n|teamsize|p2|6\n|start\n|switch|p1a: Slaking|Slaking, L84, F|100/100\n|switch|p2a: Malamar|Malamar, L82, F|275/275\n|turn|1\n|inactive|Battle timer is ON: inactive players will automatically lose when time's up. (requested by p0x7772b2f)\n|inactive|Time left: 300 sec this turn | 300 sec total | 60 sec grace\n|inactive|p0y77723be also wants the timer to be on.\n|\n|t:|1783548879\n|switch|p2a: Qwilfish|Qwilfish-Hisui, L83, F|244/244\n|-ability|p2a: Qwilfish|Intimidate|boost\n|-unboost|p1a: Slaking|atk|1\n|move|p1a: Slaking|Giga Impact|p2a: Qwilfish\n|-crit|p2a: Qwilfish\n|-damage|p2a: Qwilfish|0 fnt\n|-mustrecharge|p1a: Slaking\n|faint|p2a: Qwilfish\n|\n|upkeep\n|inactive|Time left: 300 sec this turn | 300 sec total | 65 sec grace\n|\n|t:|1783548880\n|switch|p2a: Malamar|Malamar, L82, F|275/275\n|turn|2\n|inactive|Time left: 300 sec this turn | 300 sec total\n|\n|t:|1783548881\n|cant|p1a: Slaking|recharge\n|move|p2a: Malamar|Superpower|p1a: Slaking\n|-supereffective|p1a: Slaking\n|-damage|p1a: Slaking|63/100\n|-boost|p2a: Malamar|atk|1\n|-boost|p2a: Malamar|def|1\n|\n|upkeep\n|turn|3\n|inactive|Time left: 300 sec this turn | 300 sec total\n|\n|t:|1783548882\n|move|p1a: Slaking|Giga Impact|p2a: Malamar\n|-damage|p2a: Malamar|115/275\n|-mustrecharge|p1a: Slaking\n|move|p2a: Malamar|Superpower|p1a: Slaking\n|-supereffective|p1a: Slaking\n|-damage|p1a: Slaking|6/100\n|-boost|p2a: Malamar|atk|1\n|-boost|p2a: Malamar|def|1\n|\n|upkeep\n|turn|4\n|inactive|Time left: 300 sec this turn | 300 sec total\n|\n|t:|1783548883\n|cant|p1a: Slaking|recharge\n|move|p2a: Malamar|Rest|p2a: Malamar\n|-status|p2a: Malamar|slp|[from] move: Rest\n|-heal|p2a: Malamar|275/275 slp|[silent]\n|-enditem|p2a: Malamar|Chesto Berry|[eat]\n|-curestatus|p2a: Malamar|slp|[msg]\n|\n|upkeep\n|turn|5\n|inactive|Time left: 300 sec this turn | 300 sec total\n|\n|t:|1783548884\n|move|p1a: Slaking|Giga Impact|p2a: Malamar\n|-damage|p2a: Malamar|148/275\n|-mustrecharge|p1a: Slaking\n|move|p2a: Malamar|Superpower|p1a: Slaking\n|-supereffective|p1a: Slaking\n|-damage|p1a: Slaking|0 fnt\n|-boost|p2a: Malamar|atk|1\n|-boost|p2a: Malamar|def|1\n|faint|p1a: Slaking\n|\n|upkeep\n|\n|t:|1783548885\n|switch|p1a: Grumpig|Grumpig, L92, M|100/100\n|turn|6\n|inactive|Time left: 300 sec this turn | 300 sec total\n|\n|t:|1783548887\n|-terastallize|p1a: Grumpig|Fighting\n|move|p1a: Grumpig|Focus Blast|p2a: Malamar\n|-damage|p2a: Malamar|0 fnt\n|faint|p2a: Malamar\n|\n|upkeep\n|inactive|Time left: 300 sec this turn | 300 sec total | 5 sec grace\n|\n|t:|1783548888\n|switch|p2a: Medicham|Medicham, L86, M|243/243\n|turn|7\n|inactive|Time left: 300 sec this turn | 300 sec total\n|\n|t:|1783548889\n|move|p1a: Grumpig|Psyshock|p2a: Medicham\n|-damage|p2a: Medicham|141/243\n|move|p2a: Medicham|Close Combat|p1a: Grumpig\n|-damage|p1a: Grumpig|0 fnt\n|-unboost|p2a: Medicham|def|1\n|-unboost|p2a: Medicham|spd|1\n|faint|p1a: Grumpig\n|\n|upkeep\n|\n|t:|1783548890\n|switch|p1a: Rotom|Rotom-Wash, L82|100/100\n|turn|8\n|inactive|Time left: 300 sec this turn | 300 sec total\n|\n|t:|1783548891\n|move|p1a: Rotom|Thunderbolt|p2a: Medicham\n|-damage|p2a: Medicham|0 fnt\n|faint|p2a: Medicham\n|\n|upkeep\n|inactive|Time left: 300 sec this turn | 300 sec total | 5 sec grace\n|\n|t:|1783548892\n|switch|p2a: Ribombee|Ribombee, L83, F|235/235\n|turn|9\n|inactive|Time left: 300 sec this turn | 300 sec total\n|\n|t:|1783548893\n|move|p2a: Ribombee|Quiver Dance|p2a: Ribombee\n|-boost|p2a: Ribombee|spa|1\n|-boost|p2a: Ribombee|spd|1\n|-boost|p2a: Ribombee|spe|1\n|move|p1a: Rotom|Nasty Plot|p1a: Rotom\n|-boost|p1a: Rotom|spa|2\n|\n|upkeep\n|turn|10\n|inactive|Time left: 300 sec this turn | 300 sec total\n|\n|t:|1783548894\n|move|p2a: Ribombee|Moonblast|p1a: Rotom\n|-damage|p1a: Rotom|37/100\n|move|p1a: Rotom|Hydro Pump|p2a: Ribombee\n|-damage|p2a: Ribombee|60/235\n|\n|-heal|p1a: Rotom|43/100|[from] item: Leftovers\n|upkeep\n|turn|11\n|inactive|Time left: 300 sec this turn | 300 sec total\n|\n|t:|1783548896\n|switch|p1a: Vileplume|Vileplume, L85, F|100/100\n|move|p2a: Ribombee|Moonblast|p1a: Vileplume\n|-resisted|p1a: Vileplume\n|-crit|p1a: Vileplume\n|-damage|p1a: Vileplume|58/100\n|-unboost|p1a: Vileplume|spa|1\n|\n|-heal|p1a: Vileplume|64/100|[from] item: Leftovers\n|upkeep\n|turn|12\n|inactive|Time left: 300 sec this turn | 300 sec total\n|\n|t:|1783548897\n|move|p2a: Ribombee|Bug Buzz|p1a: Vileplume\n|-damage|p1a: Vileplume|13/100\n|move|p1a: Vileplume|Strength Sap|p2a: Ribombee\n|-unboost|p2a: Ribombee|atk|1\n|-heal|p1a: Vileplume|49/100\n|\n|-heal|p1a: Vileplume|55/100|[from] item: Leftovers\n|upkeep\n|turn|13\n|inactive|Time left: 300 sec this turn | 300 sec total\n|\n|t:|1783548898\n|move|p2a: Ribombee|Bug Buzz|p1a: Vileplume\n|-damage|p1a: Vileplume|7/100\n|move|p1a: Vileplume|Sludge Bomb|p2a: Ribombee\n|-supereffective|p2a: Ribombee\n|-damage|p2a: Ribombee|0 fnt\n|faint|p2a: Ribombee\n|\n|-heal|p1a: Vileplume|13/100|[from] item: Leftovers\n|upkeep\n|inactive|Time left: 300 sec this turn | 300 sec total | 5 sec grace\n|\n|t:|1783548898\n|switch|p2a: Pikachu|Pikachu-Alola, L93, F|216/216\n|turn|14\n|inactive|Time left: 300 sec this turn | 300 sec total\n|\n|t:|1783548899\n|switch|p1a: Ting-Lu|Ting-Lu, L78|100/100\n|-ability|p1a: Ting-Lu|Vessel of Ruin\n|move|p2a: Pikachu|Surf|p1a: Ting-Lu\n|-supereffective|p1a: Ting-Lu\n|-damage|p1a: Ting-Lu|52/100\n|\n|-heal|p1a: Ting-Lu|58/100|[from] item: Leftovers\n|upkeep\n|turn|15\n|inactive|Time left: 300 sec this turn | 300 sec total\n|\n|t:|1783548900\n|switch|p1a: Vileplume|Vileplume, L85, F|13/100\n|-terastallize|p2a: Pikachu|Water\n|move|p2a: Pikachu|Surf|p1a: Vileplume\n|-resisted|p1a: Vileplume\n|-damage|p1a: Vileplume|0 fnt\n|faint|p1a: Vileplume\n|\n|upkeep\n|\n|t:|1783548901\n|switch|p1a: Bronzong|Bronzong, L88|100/100\n|turn|16\n|inactive|Time left: 300 sec this turn | 300 sec total\n|\n|t:|1783548902\n|move|p2a: Pikachu|Volt Tackle|p1a: Bronzong\n|-damage|p1a: Bronzong|41/100\n|-damage|p2a: Pikachu|165/216|[from] Recoil\n|move|p1a: Bronzong|Rest|p1a: Bronzong\n|-status|p1a: Bronzong|slp|[from] move: Rest\n|-heal|p1a: Bronzong|100/100 slp|[silent]\n|-enditem|p1a: Bronzong|Chesto Berry|[eat]\n|-curestatus|p1a: Bronzong|slp|[msg]\n|\n|upkeep\n|turn|17\n|inactive|Time left: 300 sec this turn | 300 sec total\n|\n|t:|1783548903\n|move|p2a: Pikachu|Surf|p1a: Bronzong\n|-damage|p1a: Bronzong|59/100\n|move|p1a: Bronzong|Body Press|p2a: Pikachu\n|-damage|p2a: Pikachu|50/216\n|\n|upkeep\n|turn|18\n|inactive|Time left: 300 sec this turn | 300 sec total\n|\n|t:|1783548904\n|move|p2a: Pikachu|Volt Tackle|p1a: Bronzong\n|-damage|p1a: Bronzong|0 fnt\n|faint|p1a: Bronzong\n|-damage|p2a: Pikachu|0 fnt|[from] Recoil\n|faint|p2a: Pikachu\n|\n|upkeep\n|inactive|Time left: 300 sec this turn | 300 sec total | 5 sec grace\n|\n|t:|1783548904\n|switch|p2a: Clefable|Clefable, L83, M|293/293\n|switch|p1a: Rotom|Rotom-Wash, L82|43/100\n|turn|19\n|inactive|Time left: 300 sec this turn | 300 sec total\n|\n|t:|1783548905\n|switch|p1a: Ting-Lu|Ting-Lu, L78|58/100\n|-ability|p1a: Ting-Lu|Vessel of Ruin\n|move|p2a: Clefable|Moonblast|p1a: Ting-Lu\n|-supereffective|p1a: Ting-Lu\n|-damage|p1a: Ting-Lu|12/100\n|-unboost|p1a: Ting-Lu|spa|1\n|\n|-heal|p1a: Ting-Lu|18/100|[from] item: Leftovers\n|upkeep\n|turn|20\n|inactive|Time left: 300 sec this turn | 300 sec total\n|\n|t:|1783548906\n|move|p2a: Clefable|Moonblast|p1a: Ting-Lu\n|-supereffective|p1a: Ting-Lu\n|-damage|p1a: Ting-Lu|0 fnt\n|faint|p1a: Ting-Lu\n|\n|upkeep\n|\n|t:|1783548907\n|switch|p1a: Rotom|Rotom-Wash, L82|43/100\n|turn|21\n|inactive|Time left: 300 sec this turn | 300 sec total\n|\n|t:|1783548908\n|move|p1a: Rotom|Thunderbolt|p2a: Clefable\n|-damage|p2a: Clefable|203/293\n|move|p2a: Clefable|Moonblast|p1a: Rotom\n|-damage|p1a: Rotom|6/100\n|-unboost|p1a: Rotom|spa|1\n|\n|-heal|p1a: Rotom|12/100|[from] item: Leftovers\n|-heal|p2a: Clefable|221/293|[from] item: Leftovers\n|upkeep\n|turn|22\n|inactive|Time left: 300 sec this turn | 300 sec total\n|\n|t:|1783548910\n|move|p1a: Rotom|Thunderbolt|p2a: Clefable\n|-damage|p2a: Clefable|130/293\n|-status|p2a: Clefable|par\n|move|p2a: Clefable|Knock Off|p1a: Rotom\n|-damage|p1a: Rotom|0 fnt\n|-enditem|p1a: Rotom|Leftovers|[from] move: Knock Off|[of] p2a: Clefable\n|faint|p1a: Rotom\n|\n|win|p0y77723be", "uploadtime": 1783548910, "views": 0, "rating": 0, "private": 0, "password": null, "_winner": "p0y77723be", "_our_name": "p0y77723be"}