{"id": "battle-gen9randombattle-2185", "formatid": "gen9randombattle", "format": "[Gen 9] Random Battle", "players": ["p0x2185ea03", "p0y21853156"], "log": "|init|battle\n|title|p0x2185ea03 vs. p0y21853156\n|j|\u2606p0x2185ea03\n|j|\u2606p0y21853156\n|t:|1783564434\n|gametype|singles\n|player|p1|p0x2185ea03|169|\n|player|p2|p0y21853156|265|\n|gen|9\n|tier|[Gen 9] Random Battle\n|rule|Species Clause: Limit one of each Pok\u00e9mon\n|rule|HP Percentage Mod: HP is shown in percentages\n|rule|Sleep Clause Mod: Limit one foe put to sleep\n|rule|Illusion Level Mod: Illusion disguises the Pok\u00e9mon's true level\n|\n|t:|1783564434\n|teamsize|p1|6\n|teamsize|p2|6\n|start\n|switch|p1a: Gastrodon|Gastrodon, L86, M|331/331\n|switch|p2a: Gengar|Gengar, L81, F|100/100\n|turn|1\n|inactive|Battle timer is ON: inactive players will automatically lose when time's up. (requested by p0y21853156)\n|inactive|Time left: 300 sec this turn | 300 sec total | 60 sec grace\n|inactive|p0x2185ea03 also wants the timer to be on.\n|\n|t:|1783564435\n|switch|p2a: Brambleghast|Brambleghast, L88, F|100/100\n|move|p1a: Gastrodon|Earthquake|p2a: Brambleghast\n|-resisted|p2a: Brambleghast\n|-damage|p2a: Brambleghast|78/100\n|\n|-heal|p2a: Brambleghast|85/100|[from] item: Leftovers\n|upkeep\n|turn|2\n|inactive|Time left: 300 sec this turn | 300 sec total\n|\n|t:|1783564436\n|switch|p1a: Girafarig|Girafarig, L89, F|269/269\n|move|p2a: Brambleghast|Power Whip|p1a: Girafarig\n|-ability|p1a: Girafarig|Sap Sipper|boost\n|-boost|p1a: Girafarig|atk|1\n|\n|-heal|p2a: Brambleghast|91/100|[from] item: Leftovers\n|upkeep\n|turn|3\n|inactive|Time left: 300 sec this turn | 300 sec total\n|\n|t:|1783564437\n|move|p2a: Brambleghast|Spikes|p1a: Girafarig\n|-sidestart|p1: p0x2185ea03|Spikes\n|move|p1a: Girafarig|Nasty Plot|p1a: Girafarig\n|-boost|p1a: Girafarig|spa|2\n|\n|-heal|p2a: Brambleghast|97/100|[from] item: Leftovers\n|upkeep\n|turn|4\n|inactive|Time left: 300 sec this turn | 300 sec total\n|\n|t:|1783564438\n|switch|p2a: Kingambit|Kingambit, L74, F|100/100\n|move|p1a: Girafarig|Psyshock|p2a: Kingambit\n|-immune|p2a: Kingambit\n|\n|upkeep\n|turn|5\n|inactive|Time left: 300 sec this turn | 300 sec total\n|\n|t:|1783564439\n|-terastallize|p1a: Girafarig|Electric\n|move|p1a: Girafarig|Thunderbolt|p2a: Kingambit\n|-damage|p2a: Kingambit|10/100\n|move|p2a: Kingambit|Kowtow Cleave|p1a: Girafarig\n|-damage|p1a: Girafarig|196/269\n|\n|-heal|p2a: Kingambit|16/100|[from] item: Leftovers\n|upkeep\n|turn|6\n|inactive|Time left: 300 sec this turn | 300 sec total\n|\n|t:|1783564440\n|move|p2a: Kingambit|Sucker Punch|p1a: Girafarig\n|-damage|p1a: Girafarig|133/269\n|move|p1a: Girafarig|Thunderbolt|p2a: Kingambit\n|-damage|p2a: Kingambit|0 fnt\n|faint|p2a: Kingambit\n|-end|p2a: Kingambit|fallenundefined|[silent]\n|\n|upkeep\n|\n|t:|1783564441\n|switch|p2a: Gengar|Gengar, L81, F|100/100\n|turn|7\n|inactive|Time left: 300 sec this turn | 300 sec total\n|\n|t:|1783564442\n|-terastallize|p2a: Gengar|Ghost\n|move|p2a: Gengar|Shadow Ball|p1a: Girafarig\n|-damage|p1a: Girafarig|0 fnt\n|faint|p1a: Girafarig\n|-damage|p2a: Gengar|90/100|[from] item: Life Orb\n|\n|upkeep\n|inactive|Time left: 300 sec this turn | 300 sec total | 5 sec grace\n|\n|t:|1783564443\n|switch|p1a: Ariados|Ariados, L95, M|287/287\n|turn|8\n|inactive|Time left: 300 sec this turn | 300 sec total\n|\n|t:|1783564444\n|move|p2a: Gengar|Shadow Ball|p1a: Ariados\n|-damage|p1a: Ariados|105/287\n|-damage|p2a: Gengar|80/100|[from] item: Life Orb\n|move|p1a: Ariados|Sticky Web|p2a: Gengar\n|-sidestart|p2: p0y21853156|move: Sticky Web\n|\n|upkeep\n|turn|9\n|inactive|Time left: 300 sec this turn | 300 sec total\n|\n|t:|1783564446\n|switch|p1a: Toedscruel|Toedscruel, L87, M|281/281\n|-damage|p1a: Toedscruel|246/281|[from] Spikes\n|move|p2a: Gengar|Shadow Ball|p1a: Toedscruel\n|-damage|p1a: Toedscruel|113/281\n|-unboost|p1a: Toedscruel|spd|1\n|-damage|p2a: Gengar|70/100|[from] item: Life Orb\n|\n|-heal|p1a: Toedscruel|130/281|[from] item: Leftovers\n|upkeep\n|turn|10\n|inactive|Time left: 300 sec this turn | 300 sec total\n|\n|t:|1783564447\n|switch|p1a: Gastrodon|Gastrodon, L86, M|331/331\n|-damage|p1a: Gastrodon|290/331|[from] Spikes\n|move|p2a: Gengar|Shadow Ball|p1a: Gastrodon\n|-damage|p1a: Gastrodon|111/331\n|-damage|p2a: Gengar|60/100|[from] item: Life Orb\n|\n|-heal|p1a: Gastrodon|131/331|[from] item: Leftovers\n|upkeep\n|turn|11\n|inactive|Time left: 300 sec this turn | 300 sec total\n|\n|t:|1783564448\n|move|p2a: Gengar|Shadow Ball|p1a: Gastrodon\n|-damage|p1a: Gastrodon|0 fnt\n|faint|p1a: Gastrodon\n|-damage|p2a: Gengar|50/100|[from] item: Life Orb\n|\n|upkeep\n|inactive|Time left: 300 sec this turn | 300 sec total | 5 sec grace\n|\n|t:|1783564449\n|switch|p1a: Toedscruel|Toedscruel, L87, M|130/281\n|-damage|p1a: Toedscruel|95/281|[from] Spikes\n|turn|12\n|inactive|Time left: 300 sec this turn | 300 sec total\n|\n|t:|1783564450\n|move|p2a: Gengar|Sludge Wave|p1a: Toedscruel\n|-damage|p1a: Toedscruel|0 fnt\n|faint|p1a: Toedscruel\n|-damage|p2a: Gengar|40/100|[from] item: Life Orb\n|\n|upkeep\n|inactive|Time left: 300 sec this turn | 300 sec total | 5 sec grace\n|\n|t:|1783564451\n|switch|p1a: Urshifu|Urshifu, L74, M|270/270\n|-damage|p1a: Urshifu|237/270|[from] Spikes\n|turn|13\n|inactive|Time left: 300 sec this turn | 300 sec total\n|\n|t:|1783564452\n|move|p2a: Gengar|Will-O-Wisp|p1a: Urshifu|[miss]\n|-miss|p2a: Gengar|p1a: Urshifu\n|move|p1a: Urshifu|Wicked Blow|p2a: Gengar\n|-supereffective|p2a: Gengar\n|-crit|p2a: Gengar\n|-damage|p2a: Gengar|0 fnt\n|-start|p1a: Urshifu|Disable|Wicked Blow|[from] ability: Cursed Body|[of] p2a: Gengar\n|faint|p2a: Gengar\n|-damage|p1a: Urshifu|210/270|[from] item: Life Orb\n|\n|upkeep\n|\n|t:|1783564453\n|switch|p2a: Zapdos|Zapdos-Galar, L77|100/100\n|turn|14\n|inactive|Time left: 300 sec this turn | 300 sec total\n|\n|t:|1783564454\n|switch|p1a: Solgaleo|Solgaleo, L74|325/325\n|-damage|p1a: Solgaleo|285/325|[from] Spikes\n|move|p2a: Zapdos|Brave Bird|p1a: Solgaleo\n|-resisted|p1a: Solgaleo\n|-damage|p1a: Solgaleo|225/325\n|-damage|p2a: Zapdos|84/100|[from] item: Rocky Helmet|[of] p1a: Solgaleo\n|-damage|p2a: Zapdos|76/100|[from] Recoil\n|\n|upkeep\n|turn|15\n|inactive|Time left: 300 sec this turn | 300 sec total\n|\n|t:|1783564455\n|switch|p2a: Suicune|Suicune, L82|100/100\n|-activate|p2a: Suicune|move: Sticky Web\n|-unboost|p2a: Suicune|spe|1\n|-ability|p2a: Suicune|Pressure\n|move|p1a: Solgaleo|Knock Off|p2a: Suicune\n|-damage|p2a: Suicune|80/100\n|-enditem|p2a: Suicune|Leftovers|[from] move: Knock Off|[of] p1a: Solgaleo\n|\n|upkeep\n|turn|16\n|inactive|Time left: 300 sec this turn | 300 sec total\n|\n|t:|1783564456\n|move|p1a: Solgaleo|Morning Sun|p1a: Solgaleo\n|-heal|p1a: Solgaleo|325/325\n|move|p2a: Suicune|Scald|p1a: Solgaleo\n|-damage|p1a: Solgaleo|238/325\n|\n|upkeep\n|turn|17\n|inactive|Time left: 300 sec this turn | 300 sec total\n|\n|t:|1783564457\n|move|p1a: Solgaleo|Morning Sun|p1a: Solgaleo\n|-heal|p1a: Solgaleo|325/325\n|move|p2a: Suicune|Scald|p1a: Solgaleo\n|-damage|p1a: Solgaleo|240/325\n|\n|upkeep\n|turn|18\n|inactive|Time left: 300 sec this turn | 300 sec total\n|\n|t:|1783564458\n|move|p1a: Solgaleo|Knock Off|p2a: Suicune\n|-damage|p2a: Suicune|67/100\n|move|p2a: Suicune|Calm Mind|p2a: Suicune\n|-boost|p2a: Suicune|spa|1\n|-boost|p2a: Suicune|spd|1\n|\n|upkeep\n|turn|19\n|inactive|Time left: 300 sec this turn | 300 sec total\n|\n|t:|1783564459\n|move|p2a: Suicune|Scald|p1a: Solgaleo\n|-damage|p1a: Solgaleo|123/325\n|-status|p1a: Solgaleo|brn\n|move|p1a: Solgaleo|Roar|p2a: Suicune\n|drag|p2a: Zapdos|Zapdos-Galar, L77|76/100\n|\n|-damage|p1a: Solgaleo|103/325 brn|[from] brn\n|upkeep\n|turn|20\n|inactive|Time left: 300 sec this turn | 300 sec total\n|\n|t:|1783564460\n|move|p2a: Zapdos|Knock Off|p1a: Solgaleo\n|-supereffective|p1a: Solgaleo\n|-damage|p1a: Solgaleo|0 fnt\n|-damage|p2a: Zapdos|60/100|[from] item: Rocky Helmet|[of] p1a: Solgaleo\n|-enditem|p1a: Solgaleo|Rocky Helmet|[from] move: Knock Off|[of] p2a: Zapdos\n|faint|p1a: Solgaleo\n|\n|upkeep\n|inactive|Time left: 300 sec this turn | 300 sec total | 5 sec grace\n|\n|t:|1783564461\n|switch|p1a: Urshifu|Urshifu, L74, M|210/270\n|-damage|p1a: Urshifu|177/270|[from] Spikes\n|turn|21\n|inactive|Time left: 300 sec this turn | 300 sec total\n|\n|t:|1783564462\n|switch|p2a: Hitmonlee|Hitmonlee, L85, M|100/100\n|-activate|p2a: Hitmonlee|move: Sticky Web\n|-unboost|p2a: Hitmonlee|spe|1\n|move|p1a: Urshifu|Swords Dance|p1a: Urshifu\n|-boost|p1a: Urshifu|atk|2\n|\n|upkeep\n|turn|22\n|inactive|Time left: 300 sec this turn | 300 sec total\n|\n|t:|1783564463\n|switch|p1a: Ariados|Ariados, L95, M|105/287\n|move|p2a: Hitmonlee|Mach Punch|p1a: Ariados\n|-resisted|p1a: Ariados\n|-damage|p1a: Ariados|86/287\n|\n|upkeep\n|turn|23\n|inactive|Time left: 300 sec this turn | 300 sec total\n|\n|t:|1783564464\n|switch|p2a: Zapdos|Zapdos-Galar, L77|60/100\n|move|p1a: Ariados|Poison Jab|p2a: Zapdos\n|-damage|p2a: Zapdos|17/100\n|-status|p2a: Zapdos|psn\n|\n|-damage|p2a: Zapdos|4/100 psn|[from] psn\n|upkeep\n|turn|24\n|inactive|Time left: 300 sec this turn | 300 sec total\n|\n|t:|1783564465\n|move|p2a: Zapdos|Brave Bird|p1a: Ariados\n|-supereffective|p1a: Ariados\n|-damage|p1a: Ariados|0 fnt\n|faint|p1a: Ariados\n|-damage|p2a: Zapdos|0 fnt|[from] Recoil\n|faint|p2a: Zapdos\n|\n|upkeep\n|inactive|Time left: 300 sec this turn | 300 sec total | 5 sec grace\n|\n|t:|1783564465\n|switch|p2a: Hitmonlee|Hitmonlee, L85, M|100/100\n|switch|p1a: Urshifu|Urshifu, L74, M|177/270\n|-activate|p2a: Hitmonlee|move: Sticky Web\n|-unboost|p2a: Hitmonlee|spe|1\n|-damage|p1a: Urshifu|144/270|[from] Spikes\n|turn|25\n|inactive|Time left: 300 sec this turn | 300 sec total\n|\n|t:|1783564466\n|move|p2a: Hitmonlee|Mach Punch|p1a: Urshifu\n|-supereffective|p1a: Urshifu\n|-damage|p1a: Urshifu|0 fnt\n|faint|p1a: Urshifu\n|\n|win|p0y21853156", "uploadtime": 1783564466, "views": 0, "rating": 0, "private": 0, "password": null, "_winner": "p0y21853156", "_our_name": "p0x2185ea03"}