{"id": "battle-gen9randombattle-2013", "formatid": "gen9randombattle", "format": "[Gen 9] Random Battle", "players": ["p0x2013bfba", "p0y20134088"], "log": "|init|battle\n|title|p0x2013bfba vs. p0y20134088\n|j|\u2606p0x2013bfba\n|j|\u2606p0y20134088\n|t:|1783562560\n|gametype|singles\n|player|p1|p0x2013bfba|266|\n|player|p2|p0y20134088|2|\n|gen|9\n|tier|[Gen 9] Random Battle\n|rule|Species Clause: Limit one of each Pok\u00e9mon\n|rule|HP Percentage Mod: HP is shown in percentages\n|rule|Sleep Clause Mod: Limit one foe put to sleep\n|rule|Illusion Level Mod: Illusion disguises the Pok\u00e9mon's true level\n|\n|t:|1783562560\n|teamsize|p1|6\n|teamsize|p2|6\n|start\n|switch|p1a: Hippowdon|Hippowdon, L82, F|100/100\n|switch|p2a: Scizor|Scizor, L79, F|240/240\n|-weather|Sandstorm|[from] ability: Sand Stream|[of] p1a: Hippowdon\n|turn|1\n|inactive|Battle timer is ON: inactive players will automatically lose when time's up. (requested by p0y20134088)\n|inactive|p0x2013bfba also wants the timer to be on.\n|\n|t:|1783562562\n|move|p2a: Scizor|U-turn|p1a: Hippowdon\n|-damage|p1a: Hippowdon|77/100\n|inactive|Time left: 300 sec this turn | 300 sec total | 65 sec grace\n|\n|t:|1783562563\n|switch|p2a: Dipplin|Dipplin, L88, F|284/284|[from] U-turn\n|move|p1a: Hippowdon|Earthquake|p2a: Dipplin\n|-resisted|p2a: Dipplin\n|-damage|p2a: Dipplin|254/284\n|\n|-weather|Sandstorm|[upkeep]\n|-damage|p2a: Dipplin|237/284|[from] Sandstorm\n|-heal|p1a: Hippowdon|83/100|[from] item: Leftovers\n|upkeep\n|turn|2\n|inactive|Time left: 300 sec this turn | 300 sec total\n|\n|t:|1783562564\n|move|p1a: Hippowdon|Stealth Rock|p2a: Dipplin\n|-sidestart|p2: p0y20134088|move: Stealth Rock\n|move|p2a: Dipplin|Giga Drain|p1a: Hippowdon\n|-supereffective|p1a: Hippowdon\n|-damage|p1a: Hippowdon|15/100\n|-heal|p2a: Dipplin|284/284|[from] drain|[of] p1a: Hippowdon\n|\n|-weather|Sandstorm|[upkeep]\n|-damage|p2a: Dipplin|267/284|[from] Sandstorm\n|-heal|p1a: Hippowdon|21/100|[from] item: Leftovers\n|upkeep\n|turn|3\n|inactive|Time left: 300 sec this turn | 300 sec total\n|\n|t:|1783562565\n|move|p1a: Hippowdon|Slack Off|p1a: Hippowdon\n|-heal|p1a: Hippowdon|71/100\n|move|p2a: Dipplin|Giga Drain|p1a: Hippowdon\n|-supereffective|p1a: Hippowdon\n|-damage|p1a: Hippowdon|6/100\n|-heal|p2a: Dipplin|284/284|[from] drain|[of] p1a: Hippowdon\n|\n|-weather|Sandstorm|[upkeep]\n|-damage|p2a: Dipplin|267/284|[from] Sandstorm\n|-heal|p1a: Hippowdon|12/100|[from] item: Leftovers\n|upkeep\n|turn|4\n|inactive|Time left: 300 sec this turn | 300 sec total\n|\n|t:|1783562566\n|move|p1a: Hippowdon|Slack Off|p1a: Hippowdon\n|-heal|p1a: Hippowdon|62/100\n|move|p2a: Dipplin|Giga Drain|p1a: Hippowdon\n|-supereffective|p1a: Hippowdon\n|-damage|p1a: Hippowdon|0 fnt\n|-heal|p2a: Dipplin|284/284|[from] drain|[of] p1a: Hippowdon\n|faint|p1a: Hippowdon\n|\n|-weather|Sandstorm|[upkeep]\n|-damage|p2a: Dipplin|267/284|[from] Sandstorm\n|upkeep\n|\n|t:|1783562567\n|switch|p1a: Okidogi|Okidogi, L77, M|100/100\n|turn|5\n|inactive|Time left: 300 sec this turn | 300 sec total\n|\n|t:|1783562569\n|move|p1a: Okidogi|Drain Punch|p2a: Dipplin\n|-damage|p2a: Dipplin|219/284\n|move|p2a: Dipplin|Dragon Pulse|p1a: Okidogi\n|-damage|p1a: Okidogi|75/100\n|\n|-weather|none\n|upkeep\n|turn|6\n|inactive|Time left: 300 sec this turn | 300 sec total\n|\n|t:|1783562570\n|move|p1a: Okidogi|Drain Punch|p2a: Dipplin\n|-damage|p2a: Dipplin|173/284\n|-heal|p1a: Okidogi|84/100|[from] drain|[of] p2a: Dipplin\n|move|p2a: Dipplin|Recover|p2a: Dipplin\n|-heal|p2a: Dipplin|284/284\n|\n|upkeep\n|turn|7\n|inactive|Time left: 300 sec this turn | 300 sec total\n|\n|t:|1783562571\n|move|p1a: Okidogi|Drain Punch|p2a: Dipplin\n|-damage|p2a: Dipplin|241/284\n|-heal|p1a: Okidogi|92/100|[from] drain|[of] p2a: Dipplin\n|-status|p2a: Dipplin|tox|[from] ability: Toxic Chain|[of] p1a: Okidogi\n|move|p2a: Dipplin|Dragon Pulse|p1a: Okidogi\n|-damage|p1a: Okidogi|63/100\n|\n|-damage|p2a: Dipplin|224/284 tox|[from] psn\n|upkeep\n|turn|8\n|inactive|Time left: 300 sec this turn | 300 sec total\n|\n|t:|1783562572\n|move|p1a: Okidogi|Gunk Shot|p2a: Dipplin|[miss]\n|-miss|p1a: Okidogi|p2a: Dipplin\n|move|p2a: Dipplin|Dragon Pulse|p1a: Okidogi\n|-damage|p1a: Okidogi|36/100\n|\n|-damage|p2a: Dipplin|190/284 tox|[from] psn\n|upkeep\n|turn|9\n|inactive|Time left: 300 sec this turn | 300 sec total\n|\n|t:|1783562573\n|move|p1a: Okidogi|Drain Punch|p2a: Dipplin\n|-damage|p2a: Dipplin|147/284 tox\n|-heal|p1a: Okidogi|45/100|[from] drain|[of] p2a: Dipplin\n|move|p2a: Dipplin|Dragon Pulse|p1a: Okidogi\n|-damage|p1a: Okidogi|17/100\n|\n|-damage|p2a: Dipplin|96/284 tox|[from] psn\n|upkeep\n|turn|10\n|inactive|Time left: 300 sec this turn | 300 sec total\n|\n|t:|1783562574\n|move|p1a: Okidogi|Gunk Shot|p2a: Dipplin\n|-supereffective|p2a: Dipplin\n|-damage|p2a: Dipplin|0 fnt\n|faint|p2a: Dipplin\n|\n|upkeep\n|inactive|Time left: 300 sec this turn | 300 sec total | 5 sec grace\n|\n|t:|1783562575\n|switch|p2a: Haxorus|Haxorus, L77, M|244/244\n|-damage|p2a: Haxorus|214/244|[from] Stealth Rock\n|-ability|p2a: Haxorus|Mold Breaker\n|turn|11\n|inactive|Time left: 300 sec this turn | 300 sec total\n|\n|t:|1783562576\n|move|p2a: Haxorus|Outrage|p1a: Okidogi\n|-damage|p1a: Okidogi|0 fnt\n|faint|p1a: Okidogi\n|\n|upkeep\n|\n|t:|1783562577\n|switch|p1a: Hydreigon|Hydreigon, L79, M|100/100\n|turn|12\n|inactive|Time left: 300 sec this turn | 300 sec total\n|\n|t:|1783562578\n|-terastallize|p1a: Hydreigon|Steel\n|move|p1a: Hydreigon|Nasty Plot|p1a: Hydreigon\n|-boost|p1a: Hydreigon|spa|2\n|move|p2a: Haxorus|Outrage|p1a: Hydreigon|[from] lockedmove\n|-resisted|p1a: Hydreigon\n|-damage|p1a: Hydreigon|72/100\n|\n|upkeep\n|turn|13\n|inactive|Time left: 300 sec this turn | 300 sec total\n|\n|t:|1783562578\n|move|p1a: Hydreigon|Dark Pulse|p2a: Haxorus\n|-damage|p2a: Haxorus|0 fnt\n|faint|p2a: Haxorus\n|-damage|p1a: Hydreigon|63/100|[from] item: Life Orb\n|\n|upkeep\n|inactive|Time left: 300 sec this turn | 300 sec total | 5 sec grace\n|\n|t:|1783562579\n|switch|p2a: Arcanine|Arcanine, L84, F|288/288\n|-ability|p2a: Arcanine|Intimidate|boost\n|-unboost|p1a: Hydreigon|atk|1\n|turn|14\n|inactive|Time left: 300 sec this turn | 300 sec total\n|\n|t:|1783562580\n|switch|p1a: Persian|Persian, L92, M|100/100\n|move|p2a: Arcanine|Flare Blitz|p1a: Persian\n|-damage|p1a: Persian|34/100\n|-damage|p2a: Arcanine|229/288|[from] Recoil\n|\n|upkeep\n|turn|15\n|inactive|Time left: 300 sec this turn | 300 sec total\n|\n|t:|1783562581\n|move|p1a: Persian|Double-Edge|p2a: Arcanine\n|-damage|p2a: Arcanine|49/288\n|-damage|p1a: Persian|12/100|[from] Recoil\n|move|p2a: Arcanine|Flare Blitz|p1a: Persian\n|-damage|p1a: Persian|0 fnt\n|faint|p1a: Persian\n|-damage|p2a: Arcanine|39/288|[from] Recoil\n|\n|upkeep\n|\n|t:|1783562582\n|switch|p1a: Scyther|Scyther, L82, M|100/100\n|turn|16\n|inactive|Time left: 300 sec this turn | 300 sec total\n|\n|t:|1783562583\n|switch|p2a: Pecharunt|Pecharunt, L77|262/262\n|-damage|p2a: Pecharunt|230/262|[from] Stealth Rock\n|move|p1a: Scyther|Dual Wingbeat|p2a: Pecharunt\n|-crit|p2a: Pecharunt\n|-damage|p2a: Pecharunt|157/262\n|-damage|p1a: Scyther|84/100|[from] item: Rocky Helmet|[of] p2a: Pecharunt\n|-damage|p2a: Pecharunt|115/262\n|-damage|p1a: Scyther|68/100|[from] item: Rocky Helmet|[of] p2a: Pecharunt\n|-hitcount|p2a: Pecharunt|2\n|\n|upkeep\n|turn|17\n|inactive|Time left: 300 sec this turn | 300 sec total\n|\n|t:|1783562584\n|switch|p1a: Hydreigon|Hydreigon, L79, M, tera:Steel|63/100\n|move|p2a: Pecharunt|Parting Shot|p1a: Hydreigon\n|-unboost|p1a: Hydreigon|atk|1\n|-unboost|p1a: Hydreigon|spa|1\n|inactive|Time left: 300 sec this turn | 300 sec total | 5 sec grace\n|\n|t:|1783562584\n|switch|p2a: Arcanine|Arcanine, L84, F|39/288|[from] Parting Shot\n|-ability|p2a: Arcanine|Intimidate|boost\n|-unboost|p1a: Hydreigon|atk|1\n|\n|upkeep\n|turn|18\n|inactive|Time left: 300 sec this turn | 300 sec total\n|\n|t:|1783562585\n|switch|p1a: Scyther|Scyther, L82, M|68/100\n|move|p2a: Arcanine|Morning Sun|p2a: Arcanine\n|-heal|p2a: Arcanine|183/288\n|\n|upkeep\n|turn|19\n|inactive|Time left: 300 sec this turn | 300 sec total\n|\n|t:|1783562586\n|move|p1a: Scyther|Dual Wingbeat|p2a: Arcanine\n|-damage|p2a: Arcanine|107/288\n|-damage|p2a: Arcanine|38/288\n|-hitcount|p2a: Arcanine|2\n|move|p2a: Arcanine|Will-O-Wisp|p1a: Scyther\n|-status|p1a: Scyther|brn\n|\n|-damage|p1a: Scyther|62/100 brn|[from] brn\n|upkeep\n|turn|20\n|inactive|Time left: 300 sec this turn | 300 sec total\n|\n|t:|1783562587\n|switch|p2a: Donphan|Donphan, L84, F|288/288\n|-damage|p2a: Donphan|270/288|[from] Stealth Rock\n|move|p1a: Scyther|Dual Wingbeat|p2a: Donphan\n|-damage|p2a: Donphan|244/288\n|-damage|p2a: Donphan|217/288\n|-hitcount|p2a: Donphan|2\n|\n|-heal|p2a: Donphan|235/288|[from] item: Leftovers\n|-damage|p1a: Scyther|56/100 brn|[from] brn\n|upkeep\n|turn|21\n|inactive|Time left: 300 sec this turn | 300 sec total\n|\n|t:|1783562588\n|switch|p1a: Hydreigon|Hydreigon, L79, M, tera:Steel|63/100\n|move|p2a: Donphan|Knock Off|p1a: Hydreigon\n|-damage|p1a: Hydreigon|33/100\n|-enditem|p1a: Hydreigon|Life Orb|[from] move: Knock Off|[of] p2a: Donphan\n|\n|-heal|p2a: Donphan|253/288|[from] item: Leftovers\n|upkeep\n|turn|22\n|inactive|Time left: 300 sec this turn | 300 sec total\n|\n|t:|1783562589\n|move|p1a: Hydreigon|Dark Pulse|p2a: Donphan\n|-damage|p2a: Donphan|132/288\n|move|p2a: Donphan|Knock Off|p1a: Hydreigon\n|-crit|p1a: Hydreigon\n|-damage|p1a: Hydreigon|2/100\n|\n|-heal|p2a: Donphan|150/288|[from] item: Leftovers\n|upkeep\n|turn|23\n|inactive|Time left: 300 sec this turn | 300 sec total\n|\n|t:|1783562590\n|move|p1a: Hydreigon|Draco Meteor|p2a: Donphan\n|-damage|p2a: Donphan|0 fnt\n|-unboost|p1a: Hydreigon|spa|2\n|faint|p2a: Donphan\n|\n|upkeep\n|inactive|Time left: 300 sec this turn | 300 sec total | 5 sec grace\n|\n|t:|1783562591\n|switch|p2a: Arcanine|Arcanine, L84, F|38/288\n|-ability|p2a: Arcanine|Intimidate|boost\n|-unboost|p1a: Hydreigon|atk|1\n|turn|24\n|inactive|Time left: 300 sec this turn | 300 sec total\n|\n|t:|1783562592\n|move|p2a: Arcanine|Morning Sun|p2a: Arcanine\n|-heal|p2a: Arcanine|182/288\n|move|p1a: Hydreigon|Dark Pulse|p2a: Arcanine\n|-damage|p2a: Arcanine|128/288\n|\n|upkeep\n|turn|25\n|inactive|Time left: 300 sec this turn | 300 sec total\n|\n|t:|1783562593\n|move|p2a: Arcanine|Morning Sun|p2a: Arcanine\n|-heal|p2a: Arcanine|272/288\n|move|p1a: Hydreigon|Draco Meteor|p2a: Arcanine\n|-damage|p2a: Arcanine|190/288\n|-unboost|p1a: Hydreigon|spa|2\n|\n|upkeep\n|turn|26\n|inactive|Time left: 300 sec this turn | 300 sec total\n|\n|t:|1783562594\n|switch|p1a: Scyther|Scyther, L82, M|56/100 brn\n|move|p2a: Arcanine|Flare Blitz|p1a: Scyther\n|-supereffective|p1a: Scyther\n|-damage|p1a: Scyther|0 fnt\n|faint|p1a: Scyther\n|-damage|p2a: Arcanine|145/288|[from] Recoil\n|\n|upkeep\n|\n|t:|1783562594\n|switch|p1a: Hydreigon|Hydreigon, L79, M, tera:Steel|2/100\n|turn|27\n|inactive|Time left: 300 sec this turn | 300 sec total\n|\n|t:|1783562595\n|move|p2a: Arcanine|Flare Blitz|p1a: Hydreigon\n|-supereffective|p1a: Hydreigon\n|-damage|p1a: Hydreigon|0 fnt\n|faint|p1a: Hydreigon\n|-damage|p2a: Arcanine|144/288|[from] Recoil\n|\n|upkeep\n|\n|t:|1783562596\n|switch|p1a: Slither Wing|Slither Wing, L81|100/100\n|turn|28\n|inactive|Time left: 300 sec this turn | 300 sec total\n|\n|t:|1783562597\n|move|p2a: Arcanine|Flare Blitz|p1a: Slither Wing\n|-supereffective|p1a: Slither Wing\n|-damage|p1a: Slither Wing|0 fnt\n|faint|p1a: Slither Wing\n|-end|p1a: Slither Wing|Protosynthesis|[silent]\n|-damage|p2a: Arcanine|55/288|[from] Recoil\n|\n|win|p0y20134088", "uploadtime": 1783562597, "views": 0, "rating": 0, "private": 0, "password": null, "_winner": "p0y20134088", "_our_name": "p0y20134088"}