{"id": "battle-gen9randombattle-495", "formatid": "gen9randombattle", "format": "[Gen 9] Random Battle", "players": ["p0x495a372", "p0y495184a"], "log": "|init|battle\n|title|p0x495a372 vs. p0y495184a\n|j|\u2606p0x495a372\n|j|\u2606p0y495184a\n|t:|1783545531\n|gametype|singles\n|player|p1|p0x495a372|2|\n|player|p2|p0y495184a|266|\n|gen|9\n|tier|[Gen 9] Random Battle\n|rule|Species Clause: Limit one of each Pok\u00e9mon\n|rule|HP Percentage Mod: HP is shown in percentages\n|rule|Sleep Clause Mod: Limit one foe put to sleep\n|rule|Illusion Level Mod: Illusion disguises the Pok\u00e9mon's true level\n|\n|t:|1783545531\n|teamsize|p1|6\n|teamsize|p2|6\n|start\n|switch|p1a: Excadrill|Excadrill, L79, M|303/303\n|switch|p2a: Palafin|Palafin, L77, F|100/100\n|-ability|p1a: Excadrill|Mold Breaker\n|turn|1\n|inactive|Battle timer is ON: inactive players will automatically lose when time's up. (requested by p0y495184a)\n|inactive|Time left: 300 sec this turn | 300 sec total | 60 sec grace\n|inactive|p0x495a372 also wants the timer to be on.\n|\n|t:|1783545533\n|move|p2a: Palafin|Wave Crash|p1a: Excadrill\n|-supereffective|p1a: Excadrill\n|-damage|p1a: Excadrill|0 fnt\n|faint|p1a: Excadrill\n|-damage|p2a: Palafin|65/100|[from] Recoil\n|\n|upkeep\n|inactive|Time left: 300 sec this turn | 300 sec total | 65 sec grace\n|\n|t:|1783545534\n|switch|p1a: Yanmega|Yanmega, L82, F|275/275\n|turn|2\n|inactive|Time left: 300 sec this turn | 300 sec total\n|\n|t:|1783545535\n|detailschange|p2a: Palafin|Palafin-Hero, L77, F\n|switch|p2a: Ursaring|Ursaring, L84, F|100/100\n|move|p1a: Yanmega|Bug Buzz|p2a: Ursaring\n|-damage|p2a: Ursaring|57/100\n|\n|upkeep\n|turn|3\n|inactive|Time left: 300 sec this turn | 300 sec total\n|\n|t:|1783545536\n|move|p1a: Yanmega|Bug Buzz|p2a: Ursaring\n|-damage|p2a: Ursaring|13/100\n|move|p2a: Ursaring|Body Slam|p1a: Yanmega\n|-damage|p1a: Yanmega|166/275\n|\n|upkeep\n|turn|4\n|inactive|Time left: 300 sec this turn | 300 sec total\n|\n|t:|1783545537\n|switch|p2a: Minun|Minun, L95, M|100/100\n|move|p1a: Yanmega|Bug Buzz|p2a: Minun\n|-damage|p2a: Minun|50/100\n|\n|upkeep\n|turn|5\n|inactive|Time left: 300 sec this turn | 300 sec total\n|\n|t:|1783545538\n|switch|p1a: Chansey|Chansey, L85, F|564/564\n|move|p2a: Minun|Thunderbolt|p1a: Chansey\n|-damage|p1a: Chansey|494/564\n|-damage|p2a: Minun|40/100|[from] item: Life Orb\n|\n|upkeep\n|turn|6\n|inactive|Time left: 300 sec this turn | 300 sec total\n|\n|t:|1783545538\n|switch|p2a: Palafin|Palafin-Hero, L77, F|65/100\n|-activate|p2a: Palafin|ability: Zero to Hero\n|move|p1a: Chansey|Seismic Toss|p2a: Palafin\n|-damage|p2a: Palafin|35/100\n|\n|upkeep\n|turn|7\n|inactive|Time left: 300 sec this turn | 300 sec total\n|\n|t:|1783545539\n|switch|p1a: Dusknoir|Dusknoir, L89, M|225/225\n|-item|p2a: Palafin|Choice Band|[from] ability: Frisk|[of] p1a: Dusknoir\n|move|p2a: Palafin|Wave Crash|p1a: Dusknoir\n|-damage|p1a: Dusknoir|53/225\n|-damage|p2a: Palafin|14/100|[from] Recoil\n|\n|upkeep\n|turn|8\n|inactive|Time left: 300 sec this turn | 300 sec total\n|\n|t:|1783545540\n|move|p1a: Dusknoir|Shadow Sneak|p2a: Palafin\n|-damage|p2a: Palafin|0 fnt\n|faint|p2a: Palafin\n|-damage|p1a: Dusknoir|31/225|[from] item: Life Orb\n|\n|upkeep\n|\n|t:|1783545540\n|switch|p2a: Dodrio|Dodrio, L85, F|100/100\n|turn|9\n|inactive|Time left: 300 sec this turn | 300 sec total\n|\n|t:|1783545541\n|switch|p1a: Chansey|Chansey, L85, F|494/564\n|move|p2a: Dodrio|Brave Bird|p1a: Chansey\n|-damage|p1a: Chansey|181/564\n|-damage|p2a: Dodrio|58/100|[from] Recoil\n|\n|upkeep\n|turn|10\n|inactive|Time left: 300 sec this turn | 300 sec total\n|\n|t:|1783545542\n|move|p2a: Dodrio|Brave Bird|p1a: Chansey\n|-damage|p1a: Chansey|0 fnt\n|faint|p1a: Chansey\n|-damage|p2a: Dodrio|33/100|[from] Recoil\n|\n|upkeep\n|inactive|Time left: 300 sec this turn | 300 sec total | 5 sec grace\n|\n|t:|1783545543\n|switch|p1a: Ditto|Ditto, L87|225/225\n|-transform|p1a: Ditto|p2a: Dodrio|[from] ability: Imposter\n|turn|11\n|inactive|Time left: 300 sec this turn | 300 sec total\n|\n|t:|1783545544\n|move|p1a: Ditto|Brave Bird|p2a: Dodrio\n|-damage|p2a: Dodrio|0 fnt\n|faint|p2a: Dodrio\n|-damage|p1a: Ditto|199/225|[from] Recoil\n|\n|upkeep\n|\n|t:|1783545545\n|switch|p2a: Regieleki|Regieleki, L79|100/100\n|turn|12\n|inactive|Time left: 300 sec this turn | 300 sec total\n|\n|t:|1783545546\n|switch|p1a: Gallade|Gallade, L80, M|240/240\n|move|p2a: Regieleki|Thunderbolt|p1a: Gallade\n|-damage|p1a: Gallade|131/240\n|\n|upkeep\n|turn|13\n|inactive|Time left: 300 sec this turn | 300 sec total\n|\n|t:|1783545546\n|-terastallize|p2a: Regieleki|Electric\n|move|p2a: Regieleki|Thunderbolt|p1a: Gallade\n|-damage|p1a: Gallade|0 fnt\n|faint|p1a: Gallade\n|\n|upkeep\n|inactive|Time left: 300 sec this turn | 300 sec total | 5 sec grace\n|\n|t:|1783545547\n|switch|p1a: Dusknoir|Dusknoir, L89, M|31/225\n|-item|p2a: Regieleki|Magnet|[from] ability: Frisk|[of] p1a: Dusknoir\n|turn|14\n|inactive|Time left: 300 sec this turn | 300 sec total\n|\n|t:|1783545548\n|move|p1a: Dusknoir|Shadow Sneak|p2a: Regieleki\n|-damage|p2a: Regieleki|65/100\n|-damage|p1a: Dusknoir|9/225|[from] item: Life Orb\n|move|p2a: Regieleki|Thunderbolt|p1a: Dusknoir\n|-damage|p1a: Dusknoir|0 fnt\n|faint|p1a: Dusknoir\n|\n|upkeep\n|inactive|Time left: 300 sec this turn | 300 sec total | 5 sec grace\n|\n|t:|1783545549\n|switch|p1a: Ditto|Ditto, L87|199/225\n|-transform|p1a: Ditto|p2a: Regieleki|[from] ability: Imposter\n|turn|15\n|inactive|Time left: 300 sec this turn | 300 sec total\n|\n|t:|1783545550\n|move|p1a: Ditto|Thunderbolt|p2a: Regieleki\n|-resisted|p2a: Regieleki\n|-damage|p2a: Regieleki|27/100\n|move|p2a: Regieleki|Thunderbolt|p1a: Ditto\n|-resisted|p1a: Ditto\n|-damage|p1a: Ditto|62/225\n|\n|upkeep\n|turn|16\n|inactive|Time left: 300 sec this turn | 300 sec total\n|\n|t:|1783545551\n|switch|p1a: Yanmega|Yanmega, L82, F|166/275\n|switch|p2a: Minun|Minun, L95, M|40/100\n|\n|upkeep\n|turn|17\n|inactive|Time left: 300 sec this turn | 300 sec total\n|\n|t:|1783545552\n|switch|p1a: Ditto|Ditto, L87|62/225\n|-transform|p1a: Ditto|p2a: Minun|[from] ability: Imposter\n|move|p2a: Minun|Thunderbolt|p1a: Ditto\n|-heal|p1a: Ditto|118/225|[from] ability: Volt Absorb|[of] p2a: Minun\n|\n|upkeep\n|turn|18\n|inactive|Time left: 300 sec this turn | 300 sec total\n|\n|t:|1783545553\n|move|p1a: Ditto|Nasty Plot|p1a: Ditto\n|-boost|p1a: Ditto|spa|2\n|move|p2a: Minun|Nasty Plot|p2a: Minun\n|-boost|p2a: Minun|spa|2\n|\n|upkeep\n|turn|19\n|inactive|Time left: 300 sec this turn | 300 sec total\n|\n|t:|1783545555\n|switch|p1a: Yanmega|Yanmega, L82, F|166/275\n|move|p2a: Minun|Alluring Voice|p1a: Yanmega\n|-damage|p1a: Yanmega|0 fnt\n|faint|p1a: Yanmega\n|-damage|p2a: Minun|30/100|[from] item: Life Orb\n|\n|upkeep\n|inactive|Time left: 300 sec this turn | 300 sec total | 5 sec grace\n|\n|t:|1783545555\n|switch|p1a: Ditto|Ditto, L87|118/225\n|-transform|p1a: Ditto|p2a: Minun|[from] ability: Imposter\n|turn|20\n|inactive|Time left: 300 sec this turn | 300 sec total\n|\n|t:|1783545556\n|move|p1a: Ditto|Encore|p2a: Minun\n|-start|p2a: Minun|Encore\n|move|p2a: Minun|Alluring Voice|p1a: Ditto\n|-damage|p1a: Ditto|0 fnt\n|faint|p1a: Ditto\n|-damage|p2a: Minun|21/100|[from] item: Life Orb\n|\n|win|p0y495184a", "uploadtime": 1783545556, "views": 0, "rating": 0, "private": 0, "password": null, "_winner": "p0y495184a", "_our_name": "p0x495a372"}