{"id": "battle-gen9randombattle-973", "formatid": "gen9randombattle", "format": "[Gen 9] Random Battle", "players": ["p0x9735a6a", "p0y973b315"], "log": "|init|battle\n|title|p0x9735a6a vs. p0y973b315\n|j|\u2606p0x9735a6a\n|j|\u2606p0y973b315\n|t:|1783550410\n|gametype|singles\n|player|p1|p0x9735a6a|1|\n|player|p2|p0y973b315|1|\n|gen|9\n|tier|[Gen 9] Random Battle\n|rule|Species Clause: Limit one of each Pok\u00e9mon\n|rule|HP Percentage Mod: HP is shown in percentages\n|rule|Sleep Clause Mod: Limit one foe put to sleep\n|rule|Illusion Level Mod: Illusion disguises the Pok\u00e9mon's true level\n|\n|t:|1783550410\n|teamsize|p1|6\n|teamsize|p2|6\n|start\n|switch|p1a: Blaziken|Blaziken, L76, M|100/100\n|switch|p2a: Iron Jugulis|Iron Jugulis, L77|271/271\n|turn|1\n|inactive|Battle timer is ON: inactive players will automatically lose when time's up. (requested by p0y973b315)\n|\n|t:|1783550412\n|move|p2a: Iron Jugulis|Hurricane|p1a: Blaziken\n|-supereffective|p1a: Blaziken\n|-damage|p1a: Blaziken|0 fnt\n|faint|p1a: Blaziken\n|\n|upkeep\n|inactive|p0x9735a6a also wants the timer to be on.\n|\n|t:|1783550413\n|switch|p1a: Morpeko|Morpeko, L88, M|100/100\n|turn|2\n|inactive|Time left: 300 sec this turn | 300 sec total\n|\n|t:|1783550414\n|-terastallize|p2a: Iron Jugulis|Ground\n|move|p1a: Morpeko|Aura Wheel|p2a: Iron Jugulis\n|-immune|p2a: Iron Jugulis\n|move|p2a: Iron Jugulis|Earth Power|p1a: Morpeko\n|-supereffective|p1a: Morpeko\n|-damage|p1a: Morpeko|3/100\n|\n|-formechange|p1a: Morpeko|Morpeko-Hangry||[from] ability: Hunger Switch\n|upkeep\n|turn|3\n|inactive|Time left: 300 sec this turn | 300 sec total\n|\n|t:|1783550415\n|move|p1a: Morpeko|Aura Wheel|p2a: Iron Jugulis\n|-damage|p2a: Iron Jugulis|120/271\n|-boost|p1a: Morpeko|spe|1\n|move|p2a: Iron Jugulis|Meteor Beam||[still]\n|-prepare|p2a: Iron Jugulis|Meteor Beam\n|-boost|p2a: Iron Jugulis|spa|1\n|-enditem|p2a: Iron Jugulis|Power Herb\n|-anim|p2a: Iron Jugulis|Meteor Beam|p1a: Morpeko|[miss]\n|-miss|p2a: Iron Jugulis|p1a: Morpeko\n|\n|-formechange|p1a: Morpeko|Morpeko||[from] ability: Hunger Switch\n|upkeep\n|turn|4\n|inactive|Time left: 300 sec this turn | 300 sec total\n|\n|t:|1783550416\n|move|p1a: Morpeko|Protect|p1a: Morpeko\n|-singleturn|p1a: Morpeko|Protect\n|move|p2a: Iron Jugulis|Earth Power|p1a: Morpeko\n|-activate|p1a: Morpeko|move: Protect\n|\n|-formechange|p1a: Morpeko|Morpeko-Hangry||[from] ability: Hunger Switch\n|upkeep\n|turn|5\n|inactive|Time left: 300 sec this turn | 300 sec total\n|\n|t:|1783550417\n|-end|p2a: Iron Jugulis|Quark Drive|[silent]\n|switch|p2a: Zangoose|Zangoose, L85, F|263/263\n|move|p1a: Morpeko|Aura Wheel|p2a: Zangoose\n|-damage|p2a: Zangoose|91/263\n|-boost|p1a: Morpeko|spe|1\n|\n|-status|p2a: Zangoose|tox|[from] item: Toxic Orb\n|-formechange|p1a: Morpeko|Morpeko||[from] ability: Hunger Switch\n|upkeep\n|turn|6\n|inactive|Time left: 300 sec this turn | 300 sec total\n|\n|t:|1783550418\n|move|p2a: Zangoose|Quick Attack|p1a: Morpeko\n|-damage|p1a: Morpeko|0 fnt\n|faint|p1a: Morpeko\n|\n|-damage|p2a: Zangoose|75/263 tox|[from] psn\n|upkeep\n|\n|t:|1783550419\n|switch|p1a: Barraskewda|Barraskewda, L81, M|100/100\n|turn|7\n|inactive|Time left: 300 sec this turn | 300 sec total\n|\n|t:|1783550421\n|switch|p2a: Chimecho|Chimecho, L93, F|290/290\n|move|p1a: Barraskewda|Waterfall|p2a: Chimecho\n|-damage|p2a: Chimecho|151/290\n|\n|-heal|p2a: Chimecho|169/290|[from] item: Leftovers\n|upkeep\n|turn|8\n|inactive|Time left: 300 sec this turn | 300 sec total\n|\n|t:|1783550422\n|switch|p2a: Clawitzer|Clawitzer, L87, F|265/265\n|move|p1a: Barraskewda|Waterfall|p2a: Clawitzer\n|-resisted|p2a: Clawitzer\n|-damage|p2a: Clawitzer|200/265\n|\n|upkeep\n|turn|9\n|inactive|Time left: 300 sec this turn | 300 sec total\n|\n|t:|1783550423\n|move|p1a: Barraskewda|Waterfall|p2a: Clawitzer\n|-resisted|p2a: Clawitzer\n|-damage|p2a: Clawitzer|128/265\n|cant|p2a: Clawitzer|flinch\n|\n|upkeep\n|turn|10\n|inactive|Time left: 300 sec this turn | 300 sec total\n|\n|t:|1783550424\n|move|p1a: Barraskewda|Waterfall|p2a: Clawitzer\n|-resisted|p2a: Clawitzer\n|-damage|p2a: Clawitzer|61/265\n|move|p2a: Clawitzer|Dragon Pulse|p1a: Barraskewda\n|-damage|p1a: Barraskewda|0 fnt\n|faint|p1a: Barraskewda\n|\n|upkeep\n|\n|t:|1783550425\n|switch|p1a: Charizard|Charizard, L85, M|100/100\n|turn|11\n|inactive|Time left: 300 sec this turn | 300 sec total\n|\n|t:|1783550426\n|switch|p2a: Basculin|Basculin, L86, M|261/261\n|move|p1a: Charizard|Dragon Dance|p1a: Charizard\n|-boost|p1a: Charizard|atk|1\n|-boost|p1a: Charizard|spe|1\n|\n|upkeep\n|turn|12\n|inactive|Time left: 300 sec this turn | 300 sec total\n|\n|t:|1783550427\n|switch|p1a: Dipplin|Dipplin, L88, M|100/100\n|move|p2a: Basculin|Flip Turn|p1a: Dipplin\n|-resisted|p1a: Dipplin\n|-damage|p1a: Dipplin|95/100\n|inactive|Time left: 300 sec this turn | 300 sec total | 5 sec grace\n|\n|t:|1783550428\n|switch|p2a: Chimecho|Chimecho, L93, F|169/290|[from] Flip Turn\n|\n|-heal|p2a: Chimecho|187/290|[from] item: Leftovers\n|upkeep\n|turn|13\n|inactive|Time left: 300 sec this turn | 300 sec total\n|\n|t:|1783550429\n|move|p2a: Chimecho|Calm Mind|p2a: Chimecho\n|-boost|p2a: Chimecho|spa|1\n|-boost|p2a: Chimecho|spd|1\n|move|p1a: Dipplin|Dragon Tail|p2a: Chimecho\n|-damage|p2a: Chimecho|129/290\n|drag|p2a: Iron Jugulis|Iron Jugulis, L77, tera:Ground|120/271\n|\n|upkeep\n|turn|14\n|inactive|Time left: 300 sec this turn | 300 sec total\n|\n|t:|1783550430\n|move|p2a: Iron Jugulis|Hurricane|p1a: Dipplin\n|-supereffective|p1a: Dipplin\n|-damage|p1a: Dipplin|39/100\n|move|p1a: Dipplin|Giga Drain|p2a: Iron Jugulis\n|-supereffective|p2a: Iron Jugulis\n|-damage|p2a: Iron Jugulis|0 fnt\n|-heal|p1a: Dipplin|60/100|[from] drain|[of] p2a: Iron Jugulis\n|faint|p2a: Iron Jugulis\n|-end|p2a: Iron Jugulis|Quark Drive|[silent]\n|\n|upkeep\n|inactive|Time left: 300 sec this turn | 300 sec total | 5 sec grace\n|\n|t:|1783550431\n|switch|p2a: Clawitzer|Clawitzer, L87, F|61/265\n|turn|15\n|inactive|Time left: 300 sec this turn | 300 sec total\n|\n|t:|1783550432\n|move|p2a: Clawitzer|Dragon Pulse|p1a: Dipplin\n|-supereffective|p1a: Dipplin\n|-damage|p1a: Dipplin|0 fnt\n|faint|p1a: Dipplin\n|\n|upkeep\n|\n|t:|1783550433\n|switch|p1a: Vigoroth|Vigoroth, L85, F|100/100\n|turn|16\n|inactive|Time left: 300 sec this turn | 300 sec total\n|\n|t:|1783550434\n|move|p1a: Vigoroth|Body Slam|p2a: Clawitzer\n|-damage|p2a: Clawitzer|0 fnt\n|faint|p2a: Clawitzer\n|\n|upkeep\n|inactive|Time left: 300 sec this turn | 300 sec total | 5 sec grace\n|\n|t:|1783550435\n|switch|p2a: Basculin|Basculin, L86, M|261/261\n|turn|17\n|inactive|Time left: 300 sec this turn | 300 sec total\n|\n|t:|1783550436\n|move|p2a: Basculin|Wave Crash|p1a: Vigoroth\n|-damage|p1a: Vigoroth|33/100\n|-damage|p2a: Basculin|200/261|[from] Recoil\n|move|p1a: Vigoroth|Body Slam|p2a: Basculin\n|-damage|p2a: Basculin|109/261\n|-status|p2a: Basculin|par\n|\n|upkeep\n|turn|18\n|inactive|Time left: 300 sec this turn | 300 sec total\n|\n|t:|1783550437\n|move|p1a: Vigoroth|Slack Off|p1a: Vigoroth\n|-heal|p1a: Vigoroth|83/100\n|cant|p2a: Basculin|par\n|\n|upkeep\n|turn|19\n|inactive|Time left: 300 sec this turn | 300 sec total\n|\n|t:|1783550438\n|move|p1a: Vigoroth|Bulk Up|p1a: Vigoroth\n|-boost|p1a: Vigoroth|atk|1\n|-boost|p1a: Vigoroth|def|1\n|move|p2a: Basculin|Wave Crash|p1a: Vigoroth\n|-damage|p1a: Vigoroth|38/100\n|-damage|p2a: Basculin|68/261 par|[from] Recoil\n|\n|upkeep\n|turn|20\n|inactive|Time left: 300 sec this turn | 300 sec total\n|\n|t:|1783550439\n|move|p1a: Vigoroth|Bulk Up|p1a: Vigoroth\n|-boost|p1a: Vigoroth|atk|1\n|-boost|p1a: Vigoroth|def|1\n|cant|p2a: Basculin|par\n|\n|upkeep\n|turn|21\n|inactive|Time left: 300 sec this turn | 300 sec total\n|\n|t:|1783550441\n|move|p1a: Vigoroth|Body Slam|p2a: Basculin\n|-damage|p2a: Basculin|0 fnt\n|faint|p2a: Basculin\n|\n|upkeep\n|inactive|Time left: 300 sec this turn | 300 sec total | 5 sec grace\n|\n|t:|1783550441\n|switch|p2a: Volbeat|Volbeat, L90, M|263/263\n|turn|22\n|inactive|Time left: 300 sec this turn | 300 sec total\n|\n|t:|1783550442\n|move|p2a: Volbeat|Lunge|p1a: Vigoroth\n|-damage|p1a: Vigoroth|27/100\n|-unboost|p1a: Vigoroth|atk|1\n|move|p1a: Vigoroth|Body Slam|p2a: Volbeat\n|-damage|p2a: Volbeat|136/263\n|\n|upkeep\n|turn|23\n|inactive|Time left: 300 sec this turn | 300 sec total\n|\n|t:|1783550444\n|move|p2a: Volbeat|Lunge|p1a: Vigoroth\n|-damage|p1a: Vigoroth|17/100\n|-unboost|p1a: Vigoroth|atk|1\n|move|p1a: Vigoroth|Body Slam|p2a: Volbeat\n|-damage|p2a: Volbeat|46/263\n|\n|upkeep\n|turn|24\n|inactive|Time left: 300 sec this turn | 300 sec total\n|\n|t:|1783550445\n|move|p2a: Volbeat|Lunge|p1a: Vigoroth\n|-damage|p1a: Vigoroth|6/100\n|-unboost|p1a: Vigoroth|atk|1\n|move|p1a: Vigoroth|Slack Off|p1a: Vigoroth\n|-heal|p1a: Vigoroth|56/100\n|\n|upkeep\n|turn|25\n|inactive|Time left: 300 sec this turn | 300 sec total\n|\n|t:|1783550446\n|move|p2a: Volbeat|Roost|p2a: Volbeat\n|-heal|p2a: Volbeat|178/263\n|-singleturn|p2a: Volbeat|move: Roost\n|move|p1a: Vigoroth|Bulk Up|p1a: Vigoroth\n|-boost|p1a: Vigoroth|atk|1\n|-boost|p1a: Vigoroth|def|1\n|\n|upkeep\n|turn|26\n|inactive|Time left: 300 sec this turn | 300 sec total\n|\n|t:|1783550447\n|move|p2a: Volbeat|Lunge|p1a: Vigoroth\n|-damage|p1a: Vigoroth|47/100\n|-unboost|p1a: Vigoroth|atk|1\n|move|p1a: Vigoroth|Bulk Up|p1a: Vigoroth\n|-boost|p1a: Vigoroth|atk|1\n|-boost|p1a: Vigoroth|def|1\n|\n|upkeep\n|turn|27\n|inactive|Time left: 300 sec this turn | 300 sec total\n|\n|t:|1783550448\n|move|p2a: Volbeat|Lunge|p1a: Vigoroth\n|-damage|p1a: Vigoroth|40/100\n|-unboost|p1a: Vigoroth|atk|1\n|move|p1a: Vigoroth|Body Slam|p2a: Volbeat\n|-damage|p2a: Volbeat|120/263\n|-status|p2a: Volbeat|par\n|\n|upkeep\n|turn|28\n|inactive|Time left: 300 sec this turn | 300 sec total\n|\n|t:|1783550449\n|move|p2a: Volbeat|Roost|p2a: Volbeat\n|-heal|p2a: Volbeat|252/263 par\n|-singleturn|p2a: Volbeat|move: Roost\n|move|p1a: Vigoroth|Bulk Up|p1a: Vigoroth\n|-boost|p1a: Vigoroth|atk|1\n|-boost|p1a: Vigoroth|def|1\n|\n|upkeep\n|turn|29\n|inactive|Time left: 300 sec this turn | 300 sec total\n|\n|t:|1783550450\n|move|p1a: Vigoroth|Body Slam|p2a: Volbeat\n|-damage|p2a: Volbeat|167/263 par\n|move|p2a: Volbeat|Lunge|p1a: Vigoroth\n|-damage|p1a: Vigoroth|34/100\n|-unboost|p1a: Vigoroth|atk|1\n|\n|upkeep\n|turn|30\n|inactive|Time left: 300 sec this turn | 300 sec total\n|\n|t:|1783550451\n|switch|p2a: Chimecho|Chimecho, L93, F|129/290\n|move|p1a: Vigoroth|Slack Off|p1a: Vigoroth\n|-heal|p1a: Vigoroth|84/100\n|\n|-heal|p2a: Chimecho|147/290|[from] item: Leftovers\n|upkeep\n|turn|31\n|inactive|Time left: 300 sec this turn | 300 sec total\n|\n|t:|1783550452\n|move|p1a: Vigoroth|Bulk Up|p1a: Vigoroth\n|-boost|p1a: Vigoroth|atk|1\n|-boost|p1a: Vigoroth|def|1\n|move|p2a: Chimecho|Recover|p2a: Chimecho\n|-heal|p2a: Chimecho|290/290\n|\n|upkeep\n|turn|32\n|inactive|Time left: 300 sec this turn | 300 sec total\n|\n|t:|1783550453\n|move|p1a: Vigoroth|Bulk Up|p1a: Vigoroth\n|-boost|p1a: Vigoroth|atk|1\n|-boost|p1a: Vigoroth|def|0\n|move|p2a: Chimecho|Calm Mind|p2a: Chimecho\n|-boost|p2a: Chimecho|spa|1\n|-boost|p2a: Chimecho|spd|1\n|\n|upkeep\n|turn|33\n|inactive|Time left: 300 sec this turn | 300 sec total\n|\n|t:|1783550454\n|move|p1a: Vigoroth|Bulk Up|p1a: Vigoroth\n|-boost|p1a: Vigoroth|atk|1\n|-boost|p1a: Vigoroth|def|0\n|move|p2a: Chimecho|Dazzling Gleam|p1a: Vigoroth\n|-damage|p1a: Vigoroth|48/100\n|\n|upkeep\n|turn|34\n|inactive|Time left: 300 sec this turn | 300 sec total\n|\n|t:|1783550455\n|move|p1a: Vigoroth|Slack Off|p1a: Vigoroth\n|-heal|p1a: Vigoroth|99/100\n|move|p2a: Chimecho|Recover||[still]\n|-fail|p2a: Chimecho|heal\n|\n|upkeep\n|turn|35\n|inactive|Time left: 300 sec this turn | 300 sec total\n|\n|t:|1783550456\n|move|p1a: Vigoroth|Body Slam|p2a: Chimecho\n|-damage|p2a: Chimecho|119/290\n|-status|p2a: Chimecho|par\n|move|p2a: Chimecho|Recover|p2a: Chimecho\n|-heal|p2a: Chimecho|264/290 par\n|\n|-heal|p2a: Chimecho|282/290 par|[from] item: Leftovers\n|upkeep\n|turn|36\n|inactive|Time left: 300 sec this turn | 300 sec total\n|\n|t:|1783550457\n|move|p1a: Vigoroth|Body Slam|p2a: Chimecho\n|-damage|p2a: Chimecho|128/290 par\n|cant|p2a: Chimecho|par\n|\n|-heal|p2a: Chimecho|146/290 par|[from] item: Leftovers\n|upkeep\n|turn|37\n|inactive|Time left: 300 sec this turn | 300 sec total\n|\n|t:|1783550458\n|switch|p2a: Volbeat|Volbeat, L90, M|167/263 par\n|move|p1a: Vigoroth|Body Slam|p2a: Volbeat\n|-damage|p2a: Volbeat|2/263 par\n|\n|upkeep\n|turn|38\n|inactive|Time left: 300 sec this turn | 300 sec total\n|\n|t:|1783550459\n|move|p2a: Volbeat|Thunder Wave|p1a: Vigoroth\n|-status|p1a: Vigoroth|par\n|move|p1a: Vigoroth|Body Slam|p2a: Volbeat\n|-damage|p2a: Volbeat|0 fnt\n|faint|p2a: Volbeat\n|\n|upkeep\n|inactive|Time left: 300 sec this turn | 300 sec total | 5 sec grace\n|\n|t:|1783550460\n|switch|p2a: Zangoose|Zangoose, L85, F|75/263 tox\n|turn|39\n|inactive|Time left: 300 sec this turn | 300 sec total\n|\n|t:|1783550460\n|move|p2a: Zangoose|Knock Off|p1a: Vigoroth\n|-damage|p1a: Vigoroth|90/100 par\n|-enditem|p1a: Vigoroth|Eviolite|[from] move: Knock Off|[of] p2a: Zangoose\n|move|p1a: Vigoroth|Body Slam|p2a: Zangoose\n|-crit|p2a: Zangoose\n|-damage|p2a: Zangoose|0 fnt\n|faint|p2a: Zangoose\n|\n|upkeep\n|inactive|Time left: 300 sec this turn | 300 sec total | 5 sec grace\n|\n|t:|1783550461\n|switch|p2a: Chimecho|Chimecho, L93, F|146/290 par\n|turn|40\n|inactive|Time left: 300 sec this turn | 300 sec total\n|\n|t:|1783550462\n|cant|p1a: Vigoroth|par\n|move|p2a: Chimecho|Recover|p2a: Chimecho\n|-heal|p2a: Chimecho|290/290 par\n|\n|upkeep\n|turn|41\n|inactive|Time left: 300 sec this turn | 300 sec total\n|\n|t:|1783550463\n|cant|p1a: Vigoroth|par\n|move|p2a: Chimecho|Recover||[still]\n|-fail|p2a: Chimecho|heal\n|\n|upkeep\n|turn|42\n|inactive|Time left: 300 sec this turn | 300 sec total\n|\n|t:|1783550464\n|move|p1a: Vigoroth|Body Slam|p2a: Chimecho\n|-damage|p2a: Chimecho|143/290 par\n|move|p2a: Chimecho|Recover|p2a: Chimecho\n|-heal|p2a: Chimecho|288/290 par\n|\n|-heal|p2a: Chimecho|290/290 par|[from] item: Leftovers\n|upkeep\n|turn|43\n|inactive|Time left: 300 sec this turn | 300 sec total\n|\n|t:|1783550465\n|move|p1a: Vigoroth|Body Slam|p2a: Chimecho\n|-damage|p2a: Chimecho|127/290 par\n|move|p2a: Chimecho|Recover|p2a: Chimecho\n|-heal|p2a: Chimecho|272/290 par\n|\n|-heal|p2a: Chimecho|290/290 par|[from] item: Leftovers\n|upkeep\n|turn|44\n|inactive|Time left: 300 sec this turn | 300 sec total\n|\n|t:|1783550466\n|move|p1a: Vigoroth|Body Slam|p2a: Chimecho\n|-damage|p2a: Chimecho|127/290 par\n|move|p2a: Chimecho|Recover|p2a: Chimecho\n|-heal|p2a: Chimecho|272/290 par\n|\n|-heal|p2a: Chimecho|290/290 par|[from] item: Leftovers\n|upkeep\n|turn|45\n|inactive|Time left: 300 sec this turn | 300 sec total\n|\n|t:|1783550467\n|cant|p1a: Vigoroth|par\n|move|p2a: Chimecho|Dazzling Gleam|p1a: Vigoroth\n|-damage|p1a: Vigoroth|56/100 par\n|\n|upkeep\n|turn|46\n|inactive|Time left: 300 sec this turn | 300 sec total\n|\n|t:|1783550468\n|move|p1a: Vigoroth|Body Slam|p2a: Chimecho\n|-damage|p2a: Chimecho|136/290 par\n|move|p2a: Chimecho|Calm Mind|p2a: Chimecho\n|-boost|p2a: Chimecho|spa|1\n|-boost|p2a: Chimecho|spd|1\n|\n|-heal|p2a: Chimecho|154/290 par|[from] item: Leftovers\n|upkeep\n|turn|47\n|inactive|Time left: 300 sec this turn | 300 sec total\n|\n|t:|1783550469\n|-terastallize|p1a: Vigoroth|Ground\n|move|p1a: Vigoroth|Body Slam|p2a: Chimecho\n|-damage|p2a: Chimecho|0 fnt\n|faint|p2a: Chimecho\n|\n|win|p0x9735a6a", "uploadtime": 1783550469, "views": 0, "rating": 0, "private": 0, "password": null, "_winner": "p0x9735a6a", "_our_name": "p0y973b315"}