{"id": "battle-gen9randombattle-526", "formatid": "gen9randombattle", "format": "[Gen 9] Random Battle", "players": ["p0x526d979", "p0y526a87e"], "log": "|init|battle\n|title|p0x526d979 vs. p0y526a87e\n|j|\u2606p0x526d979\n|j|\u2606p0y526a87e\n|t:|1783545157\n|gametype|singles\n|player|p1|p0x526d979|265|\n|player|p2|p0y526a87e|102|\n|gen|9\n|tier|[Gen 9] Random Battle\n|rule|Species Clause: Limit one of each Pok\u00e9mon\n|rule|HP Percentage Mod: HP is shown in percentages\n|rule|Sleep Clause Mod: Limit one foe put to sleep\n|rule|Illusion Level Mod: Illusion disguises the Pok\u00e9mon's true level\n|\n|t:|1783545157\n|teamsize|p1|6\n|teamsize|p2|6\n|start\n|switch|p1a: Toedscruel|Toedscruel, L87, M|100/100\n|switch|p2a: Iron Leaves|Iron Leaves, L80|275/275\n|turn|1\n|inactive|Battle timer is ON: inactive players will automatically lose when time's up. (requested by p0y526a87e)\n|inactive|p0x526d979 also wants the timer to be on.\n|\n|t:|1783545159\n|switch|p1a: Skeledirge|Skeledirge, L79, F|100/100\n|move|p2a: Iron Leaves|Leaf Blade|p1a: Skeledirge\n|-resisted|p1a: Skeledirge\n|-damage|p1a: Skeledirge|75/100\n|\n|upkeep\n|turn|2\n|inactive|Time left: 300 sec this turn | 300 sec total\n|\n|t:|1783545160\n|move|p2a: Iron Leaves|Leaf Blade|p1a: Skeledirge\n|-resisted|p1a: Skeledirge\n|-damage|p1a: Skeledirge|47/100\n|move|p1a: Skeledirge|Torch Song|p2a: Iron Leaves\n|-supereffective|p2a: Iron Leaves\n|-damage|p2a: Iron Leaves|119/275\n|-boost|p1a: Skeledirge|spa|1\n|\n|upkeep\n|turn|3\n|inactive|Time left: 300 sec this turn | 300 sec total\n|\n|t:|1783545161\n|move|p2a: Iron Leaves|Leaf Blade|p1a: Skeledirge\n|-resisted|p1a: Skeledirge\n|-damage|p1a: Skeledirge|20/100\n|move|p1a: Skeledirge|Slack Off|p1a: Skeledirge\n|-heal|p1a: Skeledirge|70/100\n|\n|upkeep\n|turn|4\n|inactive|Time left: 300 sec this turn | 300 sec total\n|\n|t:|1783545163\n|-end|p2a: Iron Leaves|Quark Drive|[silent]\n|switch|p2a: Carbink|Carbink, L90|236/236\n|move|p1a: Skeledirge|Torch Song|p2a: Carbink\n|-resisted|p2a: Carbink\n|-damage|p2a: Carbink|198/236\n|-boost|p1a: Skeledirge|spa|1\n|\n|-heal|p2a: Carbink|212/236|[from] item: Leftovers\n|upkeep\n|turn|5\n|inactive|Time left: 300 sec this turn | 300 sec total\n|\n|t:|1783545163\n|move|p1a: Skeledirge|Shadow Ball|p2a: Carbink\n|-damage|p2a: Carbink|104/236\n|move|p2a: Carbink|Rock Polish|p2a: Carbink\n|-boost|p2a: Carbink|spe|2\n|\n|-heal|p2a: Carbink|118/236|[from] item: Leftovers\n|upkeep\n|turn|6\n|inactive|Time left: 300 sec this turn | 300 sec total\n|\n|t:|1783545164\n|move|p2a: Carbink|Moonblast|p1a: Skeledirge\n|-resisted|p1a: Skeledirge\n|-damage|p1a: Skeledirge|54/100\n|move|p1a: Skeledirge|Torch Song|p2a: Carbink\n|-resisted|p2a: Carbink\n|-damage|p2a: Carbink|70/236\n|-boost|p1a: Skeledirge|spa|1\n|\n|-heal|p2a: Carbink|84/236|[from] item: Leftovers\n|upkeep\n|turn|7\n|inactive|Time left: 300 sec this turn | 300 sec total\n|\n|t:|1783545165\n|move|p2a: Carbink|Moonblast|p1a: Skeledirge\n|-resisted|p1a: Skeledirge\n|-damage|p1a: Skeledirge|38/100\n|-unboost|p1a: Skeledirge|spa|1\n|move|p1a: Skeledirge|Shadow Ball|p2a: Carbink\n|-damage|p2a: Carbink|0 fnt\n|faint|p2a: Carbink\n|\n|upkeep\n|inactive|Time left: 300 sec this turn | 300 sec total | 5 sec grace\n|\n|t:|1783545166\n|switch|p2a: Bruxish|Bruxish, L85, F|254/254\n|turn|8\n|inactive|Time left: 300 sec this turn | 300 sec total\n|\n|t:|1783545167\n|switch|p1a: Krookodile|Krookodile, L79, F|100/100\n|-ability|p1a: Krookodile|Intimidate|boost\n|-unboost|p2a: Bruxish|atk|1\n|move|p2a: Bruxish|Psychic Fangs|p1a: Krookodile\n|-immune|p1a: Krookodile\n|\n|upkeep\n|turn|9\n|inactive|Time left: 300 sec this turn | 300 sec total\n|\n|t:|1783545168\n|switch|p2a: Iron Leaves|Iron Leaves, L80|119/275\n|move|p1a: Krookodile|Knock Off|p2a: Iron Leaves\n|-supereffective|p2a: Iron Leaves\n|-damage|p2a: Iron Leaves|0 fnt\n|-enditem|p2a: Iron Leaves|Choice Band|[from] move: Knock Off|[of] p1a: Krookodile\n|faint|p2a: Iron Leaves\n|-end|p2a: Iron Leaves|Quark Drive|[silent]\n|\n|upkeep\n|inactive|Time left: 300 sec this turn | 300 sec total | 5 sec grace\n|\n|t:|1783545169\n|switch|p2a: Bruxish|Bruxish, L85, F|254/254\n|turn|10\n|inactive|Time left: 300 sec this turn | 300 sec total\n|\n|t:|1783545170\n|move|p2a: Bruxish|Wave Crash|p1a: Krookodile\n|-supereffective|p1a: Krookodile\n|-damage|p1a: Krookodile|0 fnt\n|faint|p1a: Krookodile\n|-damage|p2a: Bruxish|162/254|[from] Recoil\n|\n|upkeep\n|\n|t:|1783545171\n|switch|p1a: Toedscruel|Toedscruel, L87, M|100/100\n|turn|11\n|inactive|Time left: 300 sec this turn | 300 sec total\n|\n|t:|1783545172\n|move|p1a: Toedscruel|Earth Power|p2a: Bruxish\n|-damage|p2a: Bruxish|59/254\n|move|p2a: Bruxish|Wave Crash|p1a: Toedscruel\n|-damage|p1a: Toedscruel|9/100\n|-damage|p2a: Bruxish|0 fnt|[from] Recoil\n|faint|p2a: Bruxish\n|\n|-heal|p1a: Toedscruel|15/100|[from] item: Leftovers\n|upkeep\n|inactive|Time left: 300 sec this turn | 300 sec total | 5 sec grace\n|\n|t:|1783545173\n|switch|p2a: Dedenne|Dedenne, L88, F|261/261\n|turn|12\n|inactive|Time left: 300 sec this turn | 300 sec total\n|\n|t:|1783545174\n|switch|p1a: Rotom|Rotom-Fan, L86|100/100\n|move|p2a: Dedenne|Dazzling Gleam|p1a: Rotom\n|-damage|p1a: Rotom|70/100\n|\n|upkeep\n|turn|13\n|inactive|Time left: 300 sec this turn | 300 sec total\n|\n|t:|1783545175\n|move|p2a: Dedenne|Thunderbolt|p1a: Rotom\n|-damage|p1a: Rotom|38/100\n|move|p1a: Rotom|Nasty Plot|p1a: Rotom\n|-boost|p1a: Rotom|spa|2\n|\n|upkeep\n|turn|14\n|inactive|Time left: 300 sec this turn | 300 sec total\n|\n|t:|1783545176\n|move|p2a: Dedenne|Thunderbolt|p1a: Rotom\n|-damage|p1a: Rotom|4/100\n|move|p1a: Rotom|Air Slash|p2a: Dedenne\n|-resisted|p2a: Dedenne\n|-crit|p2a: Dedenne\n|-damage|p2a: Dedenne|96/261\n|-enditem|p2a: Dedenne|Sitrus Berry|[eat]\n|-heal|p2a: Dedenne|161/261|[from] item: Sitrus Berry\n|-heal|p2a: Dedenne|248/261|[from] ability: Cheek Pouch\n|\n|upkeep\n|turn|15\n|inactive|Time left: 300 sec this turn | 300 sec total\n|\n|t:|1783545177\n|switch|p1a: Zebstrika|Zebstrika, L87, M|100/100\n|move|p2a: Dedenne|Dazzling Gleam|p1a: Zebstrika\n|-damage|p1a: Zebstrika|62/100\n|\n|upkeep\n|turn|16\n|inactive|Time left: 300 sec this turn | 300 sec total\n|\n|t:|1783545178\n|switch|p2a: Cyclizar|Cyclizar, L84, M|255/255\n|move|p1a: Zebstrika|High Horsepower|p2a: Cyclizar\n|-damage|p2a: Cyclizar|139/255\n|-damage|p1a: Zebstrika|52/100|[from] item: Life Orb\n|\n|upkeep\n|turn|17\n|inactive|Time left: 300 sec this turn | 300 sec total\n|\n|t:|1783545179\n|-terastallize|p1a: Zebstrika|Ground\n|move|p1a: Zebstrika|High Horsepower|p2a: Cyclizar\n|-damage|p2a: Cyclizar|0 fnt\n|faint|p2a: Cyclizar\n|-damage|p1a: Zebstrika|42/100|[from] item: Life Orb\n|\n|upkeep\n|inactive|Time left: 300 sec this turn | 300 sec total | 5 sec grace\n|\n|t:|1783545180\n|switch|p2a: Dedenne|Dedenne, L88, F|248/261\n|turn|18\n|inactive|Time left: 300 sec this turn | 300 sec total\n|\n|t:|1783545181\n|-terastallize|p2a: Dedenne|Flying\n|move|p1a: Zebstrika|High Horsepower|p2a: Dedenne\n|-immune|p2a: Dedenne\n|move|p2a: Dedenne|Dazzling Gleam|p1a: Zebstrika\n|-damage|p1a: Zebstrika|8/100\n|\n|upkeep\n|turn|19\n|inactive|Time left: 300 sec this turn | 300 sec total\n|\n|t:|1783545182\n|switch|p2a: Infernape|Infernape, L82, M|259/259\n|move|p1a: Zebstrika|Supercell Slam|p2a: Infernape\n|-damage|p2a: Infernape|72/259\n|-damage|p1a: Zebstrika|0 fnt|[from] item: Life Orb\n|faint|p1a: Zebstrika\n|\n|upkeep\n|\n|t:|1783545183\n|switch|p1a: Indeedee|Indeedee-F, L90, F|100/100\n|-fieldstart|move: Psychic Terrain|[from] ability: Psychic Surge|[of] p1a: Indeedee\n|turn|20\n|inactive|Time left: 300 sec this turn | 300 sec total\n|\n|t:|1783545184\n|move|p1a: Indeedee|Psychic|p2a: Infernape\n|-supereffective|p2a: Infernape\n|-damage|p2a: Infernape|0 fnt\n|faint|p2a: Infernape\n|\n|upkeep\n|inactive|Time left: 300 sec this turn | 300 sec total | 5 sec grace\n|\n|t:|1783545185\n|switch|p2a: Dedenne|Dedenne, L88, F, tera:Flying|248/261\n|turn|21\n|inactive|Time left: 300 sec this turn | 300 sec total\n|\n|t:|1783545186\n|move|p1a: Indeedee|Psychic|p2a: Dedenne\n|-damage|p2a: Dedenne|83/261\n|-unboost|p2a: Dedenne|spd|1\n|move|p2a: Dedenne|Nuzzle|p1a: Indeedee\n|-damage|p1a: Indeedee|93/100\n|-status|p1a: Indeedee|par\n|\n|upkeep\n|turn|22\n|inactive|Time left: 300 sec this turn | 300 sec total\n|\n|t:|1783545187\n|move|p2a: Dedenne|Super Fang|p1a: Indeedee\n|-damage|p1a: Indeedee|47/100 par\n|move|p1a: Indeedee|Psychic|p2a: Dedenne\n|-damage|p2a: Dedenne|0 fnt\n|faint|p2a: Dedenne\n|\n|win|p0x526d979", "uploadtime": 1783545187, "views": 0, "rating": 0, "private": 0, "password": null, "_winner": "p0x526d979", "_our_name": "p0y526a87e"}