{"id": "battle-gen9randombattle-2089", "formatid": "gen9randombattle", "format": "[Gen 9] Random Battle", "players": ["p0x2089e03d", "p0y2089a035"], "log": "|init|battle\n|title|p0x2089e03d vs. p0y2089a035\n|j|\u2606p0x2089e03d\n|j|\u2606p0y2089a035\n|t:|1783563400\n|gametype|singles\n|player|p1|p0x2089e03d|101|\n|player|p2|p0y2089a035|101|\n|gen|9\n|tier|[Gen 9] Random Battle\n|rule|Species Clause: Limit one of each Pok\u00e9mon\n|rule|HP Percentage Mod: HP is shown in percentages\n|rule|Sleep Clause Mod: Limit one foe put to sleep\n|rule|Illusion Level Mod: Illusion disguises the Pok\u00e9mon's true level\n|\n|t:|1783563400\n|teamsize|p1|6\n|teamsize|p2|6\n|start\n|switch|p1a: Zapdos|Zapdos-Galar, L77|100/100\n|switch|p2a: Gallade|Gallade, L80, M|240/240\n|turn|1\n|inactive|Battle timer is ON: inactive players will automatically lose when time's up. (requested by p0y2089a035)\n|inactive|p0x2089e03d also wants the timer to be on.\n|\n|t:|1783563401\n|switch|p2a: Gumshoos|Gumshoos, L95, F|321/321\n|move|p1a: Zapdos|Brave Bird|p2a: Gumshoos\n|-damage|p2a: Gumshoos|93/321\n|-damage|p1a: Zapdos|72/100|[from] Recoil\n|\n|upkeep\n|turn|2\n|inactive|Time left: 300 sec this turn | 300 sec total\n|\n|t:|1783563402\n|move|p1a: Zapdos|Brave Bird|p2a: Gumshoos\n|-damage|p2a: Gumshoos|0 fnt\n|faint|p2a: Gumshoos\n|-damage|p1a: Zapdos|60/100|[from] Recoil\n|\n|upkeep\n|inactive|Time left: 300 sec this turn | 300 sec total | 5 sec grace\n|\n|t:|1783563403\n|switch|p2a: Crawdaunt|Crawdaunt, L84, M|243/243\n|turn|3\n|inactive|Time left: 300 sec this turn | 300 sec total\n|\n|t:|1783563404\n|move|p1a: Zapdos|Brave Bird|p2a: Crawdaunt\n|-damage|p2a: Crawdaunt|51/243\n|-damage|p1a: Zapdos|37/100|[from] Recoil\n|move|p2a: Crawdaunt|Dragon Dance|p2a: Crawdaunt\n|-boost|p2a: Crawdaunt|atk|1\n|-boost|p2a: Crawdaunt|spe|1\n|\n|upkeep\n|turn|4\n|inactive|Time left: 300 sec this turn | 300 sec total\n|\n|t:|1783563404\n|move|p2a: Crawdaunt|Knock Off|p1a: Zapdos\n|-resisted|p1a: Zapdos\n|-damage|p1a: Zapdos|0 fnt\n|-enditem|p1a: Zapdos|Choice Band|[from] move: Knock Off|[of] p2a: Crawdaunt\n|faint|p1a: Zapdos\n|-damage|p2a: Crawdaunt|27/243|[from] item: Life Orb\n|\n|upkeep\n|\n|t:|1783563405\n|switch|p1a: Tauros|Tauros, L82, M|100/100\n|turn|5\n|inactive|Time left: 300 sec this turn | 300 sec total\n|\n|t:|1783563406\n|move|p2a: Crawdaunt|Aqua Jet|p1a: Tauros\n|-damage|p1a: Tauros|47/100\n|-damage|p2a: Crawdaunt|3/243|[from] item: Life Orb\n|move|p1a: Tauros|Body Slam|p2a: Crawdaunt\n|-damage|p2a: Crawdaunt|0 fnt\n|faint|p2a: Crawdaunt\n|\n|upkeep\n|inactive|Time left: 300 sec this turn | 300 sec total | 5 sec grace\n|\n|t:|1783563406\n|switch|p2a: Bellossom|Bellossom, L84, F|263/263\n|turn|6\n|inactive|Time left: 300 sec this turn | 300 sec total\n|\n|t:|1783563407\n|switch|p1a: Brambleghast|Brambleghast, L88, F|100/100\n|move|p2a: Bellossom|Quiver Dance|p2a: Bellossom\n|-boost|p2a: Bellossom|spa|1\n|-boost|p2a: Bellossom|spd|1\n|-boost|p2a: Bellossom|spe|1\n|\n|upkeep\n|turn|7\n|inactive|Time left: 300 sec this turn | 300 sec total\n|\n|t:|1783563408\n|move|p1a: Brambleghast|Poltergeist|p2a: Bellossom\n|-activate|p2a: Bellossom|move: Poltergeist|Leftovers\n|-damage|p2a: Bellossom|118/263\n|move|p2a: Bellossom|Quiver Dance|p2a: Bellossom\n|-boost|p2a: Bellossom|spa|1\n|-boost|p2a: Bellossom|spd|1\n|-boost|p2a: Bellossom|spe|1\n|\n|-heal|p2a: Bellossom|134/263|[from] item: Leftovers\n|upkeep\n|turn|8\n|inactive|Time left: 300 sec this turn | 300 sec total\n|\n|t:|1783563409\n|move|p2a: Bellossom|Strength Sap|p1a: Brambleghast\n|-unboost|p1a: Brambleghast|atk|1\n|-heal|p2a: Bellossom|263/263\n|move|p1a: Brambleghast|Poltergeist|p2a: Bellossom\n|-activate|p2a: Bellossom|move: Poltergeist|Leftovers\n|-damage|p2a: Bellossom|179/263\n|\n|-heal|p2a: Bellossom|195/263|[from] item: Leftovers\n|upkeep\n|turn|9\n|inactive|Time left: 300 sec this turn | 300 sec total\n|\n|t:|1783563410\n|move|p2a: Bellossom|Giga Drain|p1a: Brambleghast\n|-resisted|p1a: Brambleghast\n|-damage|p1a: Brambleghast|68/100\n|-heal|p2a: Bellossom|234/263|[from] drain|[of] p1a: Brambleghast\n|move|p1a: Brambleghast|Strength Sap|p2a: Bellossom\n|-unboost|p2a: Bellossom|atk|1\n|-heal|p1a: Brambleghast|100/100\n|\n|-heal|p2a: Bellossom|250/263|[from] item: Leftovers\n|upkeep\n|turn|10\n|inactive|Time left: 300 sec this turn | 300 sec total\n|\n|t:|1783563410\n|move|p2a: Bellossom|Quiver Dance|p2a: Bellossom\n|-boost|p2a: Bellossom|spa|1\n|-boost|p2a: Bellossom|spd|1\n|-boost|p2a: Bellossom|spe|1\n|move|p1a: Brambleghast|Strength Sap|p2a: Bellossom\n|-unboost|p2a: Bellossom|atk|1\n|\n|-heal|p2a: Bellossom|263/263|[from] item: Leftovers\n|upkeep\n|turn|11\n|inactive|Time left: 300 sec this turn | 300 sec total\n|\n|t:|1783563411\n|move|p2a: Bellossom|Sludge Bomb|p1a: Brambleghast\n|-damage|p1a: Brambleghast|30/100\n|move|p1a: Brambleghast|Spikes|p2a: Bellossom\n|-sidestart|p2: p0y2089a035|Spikes\n|\n|-heal|p1a: Brambleghast|36/100|[from] item: Leftovers\n|upkeep\n|turn|12\n|inactive|Time left: 300 sec this turn | 300 sec total\n|\n|t:|1783563412\n|switch|p1a: Houndstone|Houndstone, L86, F|100/100\n|move|p2a: Bellossom|Giga Drain|p1a: Houndstone\n|-damage|p1a: Houndstone|56/100\n|\n|upkeep\n|turn|13\n|inactive|Time left: 300 sec this turn | 300 sec total\n|\n|t:|1783563413\n|move|p2a: Bellossom|Giga Drain|p1a: Houndstone\n|-damage|p1a: Houndstone|12/100\n|move|p1a: Houndstone|Poltergeist|p2a: Bellossom\n|-activate|p2a: Bellossom|move: Poltergeist|Leftovers\n|-damage|p2a: Bellossom|142/263\n|\n|-heal|p2a: Bellossom|158/263|[from] item: Leftovers\n|upkeep\n|turn|14\n|inactive|Time left: 300 sec this turn | 300 sec total\n|\n|t:|1783563414\n|move|p1a: Houndstone|Shadow Sneak|p2a: Bellossom\n|-damage|p2a: Bellossom|116/263\n|move|p2a: Bellossom|Giga Drain|p1a: Houndstone\n|-damage|p1a: Houndstone|0 fnt\n|-heal|p2a: Bellossom|131/263|[from] drain|[of] p1a: Houndstone\n|faint|p1a: Houndstone\n|\n|-heal|p2a: Bellossom|147/263|[from] item: Leftovers\n|upkeep\n|\n|t:|1783563415\n|switch|p1a: Quagsire|Quagsire, L84, M|100/100\n|turn|15\n|inactive|Time left: 300 sec this turn | 300 sec total\n|\n|t:|1783563416\n|-terastallize|p1a: Quagsire|Poison\n|move|p2a: Bellossom|Giga Drain|p1a: Quagsire\n|-resisted|p1a: Quagsire\n|-damage|p1a: Quagsire|84/100\n|-heal|p2a: Bellossom|171/263|[from] drain|[of] p1a: Quagsire\n|move|p1a: Quagsire|Toxic|p2a: Bellossom\n|-status|p2a: Bellossom|tox\n|\n|-heal|p2a: Bellossom|187/263 tox|[from] item: Leftovers\n|-heal|p1a: Quagsire|90/100|[from] item: Leftovers\n|-damage|p2a: Bellossom|171/263 tox|[from] psn\n|upkeep\n|turn|16\n|inactive|Time left: 300 sec this turn | 300 sec total\n|\n|t:|1783563417\n|move|p2a: Bellossom|Strength Sap|p1a: Quagsire\n|-unboost|p1a: Quagsire|atk|1\n|-heal|p2a: Bellossom|263/263 tox\n|move|p1a: Quagsire|Spikes|p2a: Bellossom\n|-sidestart|p2: p0y2089a035|Spikes\n|\n|-heal|p1a: Quagsire|96/100|[from] item: Leftovers\n|-damage|p2a: Bellossom|231/263 tox|[from] psn\n|upkeep\n|turn|17\n|inactive|Time left: 300 sec this turn | 300 sec total\n|\n|t:|1783563418\n|move|p2a: Bellossom|Quiver Dance|p2a: Bellossom\n|-boost|p2a: Bellossom|spa|1\n|-boost|p2a: Bellossom|spd|1\n|-boost|p2a: Bellossom|spe|1\n|move|p1a: Quagsire|Spikes|p2a: Bellossom\n|-sidestart|p2: p0y2089a035|Spikes\n|\n|-heal|p2a: Bellossom|247/263 tox|[from] item: Leftovers\n|-heal|p1a: Quagsire|100/100|[from] item: Leftovers\n|-damage|p2a: Bellossom|199/263 tox|[from] psn\n|upkeep\n|turn|18\n|inactive|Time left: 300 sec this turn | 300 sec total\n|\n|t:|1783563419\n|move|p2a: Bellossom|Strength Sap|p1a: Quagsire\n|-unboost|p1a: Quagsire|atk|1\n|-heal|p2a: Bellossom|263/263 tox\n|move|p1a: Quagsire|Earthquake|p2a: Bellossom\n|-resisted|p2a: Bellossom\n|-damage|p2a: Bellossom|242/263 tox\n|\n|-heal|p2a: Bellossom|258/263 tox|[from] item: Leftovers\n|-damage|p2a: Bellossom|194/263 tox|[from] psn\n|upkeep\n|turn|19\n|inactive|Time left: 300 sec this turn | 300 sec total\n|\n|t:|1783563420\n|move|p2a: Bellossom|Strength Sap|p1a: Quagsire\n|-unboost|p1a: Quagsire|atk|1\n|-heal|p2a: Bellossom|263/263 tox\n|move|p1a: Quagsire|Earthquake|p2a: Bellossom\n|-resisted|p2a: Bellossom\n|-damage|p2a: Bellossom|243/263 tox\n|\n|-heal|p2a: Bellossom|259/263 tox|[from] item: Leftovers\n|-damage|p2a: Bellossom|179/263 tox|[from] psn\n|upkeep\n|turn|20\n|inactive|Time left: 300 sec this turn | 300 sec total\n|\n|t:|1783563422\n|move|p2a: Bellossom|Giga Drain|p1a: Quagsire\n|-resisted|p1a: Quagsire\n|-damage|p1a: Quagsire|86/100\n|-heal|p2a: Bellossom|201/263 tox|[from] drain|[of] p1a: Quagsire\n|move|p1a: Quagsire|Earthquake|p2a: Bellossom\n|-resisted|p2a: Bellossom\n|-damage|p2a: Bellossom|182/263 tox\n|\n|-heal|p2a: Bellossom|198/263 tox|[from] item: Leftovers\n|-heal|p1a: Quagsire|92/100|[from] item: Leftovers\n|-damage|p2a: Bellossom|102/263 tox|[from] psn\n|upkeep\n|turn|21\n|inactive|Time left: 300 sec this turn | 300 sec total\n|\n|t:|1783563423\n|move|p2a: Bellossom|Giga Drain|p1a: Quagsire\n|-resisted|p1a: Quagsire\n|-damage|p1a: Quagsire|77/100\n|-heal|p2a: Bellossom|124/263 tox|[from] drain|[of] p1a: Quagsire\n|move|p1a: Quagsire|Earthquake|p2a: Bellossom\n|-resisted|p2a: Bellossom\n|-damage|p2a: Bellossom|106/263 tox\n|\n|-heal|p2a: Bellossom|122/263 tox|[from] item: Leftovers\n|-heal|p1a: Quagsire|83/100|[from] item: Leftovers\n|-damage|p2a: Bellossom|10/263 tox|[from] psn\n|upkeep\n|turn|22\n|inactive|Time left: 300 sec this turn | 300 sec total\n|\n|t:|1783563424\n|move|p2a: Bellossom|Strength Sap|p1a: Quagsire\n|-unboost|p1a: Quagsire|atk|1\n|-heal|p2a: Bellossom|86/263 tox\n|move|p1a: Quagsire|Toxic|p2a: Bellossom\n|-fail|p2a: Bellossom|tox\n|\n|-heal|p2a: Bellossom|102/263 tox|[from] item: Leftovers\n|-heal|p1a: Quagsire|89/100|[from] item: Leftovers\n|-damage|p2a: Bellossom|0 fnt|[from] psn\n|faint|p2a: Bellossom\n|upkeep\n|inactive|Time left: 300 sec this turn | 300 sec total | 5 sec grace\n|\n|t:|1783563425\n|switch|p2a: Chien-Pao|Chien-Pao, L72|234/234\n|-ability|p2a: Chien-Pao|Sword of Ruin\n|turn|23\n|inactive|Time left: 300 sec this turn | 300 sec total\n|\n|t:|1783563426\n|move|p2a: Chien-Pao|Swords Dance|p2a: Chien-Pao\n|-boost|p2a: Chien-Pao|atk|2\n|move|p1a: Quagsire|Toxic|p2a: Chien-Pao\n|-status|p2a: Chien-Pao|tox\n|\n|-heal|p1a: Quagsire|95/100|[from] item: Leftovers\n|-damage|p2a: Chien-Pao|220/234 tox|[from] psn\n|upkeep\n|turn|24\n|inactive|Time left: 300 sec this turn | 300 sec total\n|\n|t:|1783563426\n|switch|p1a: Brambleghast|Brambleghast, L88, F|36/100\n|move|p2a: Chien-Pao|Icicle Crash|p1a: Brambleghast|[miss]\n|-miss|p2a: Chien-Pao|p1a: Brambleghast\n|\n|-heal|p1a: Brambleghast|43/100|[from] item: Leftovers\n|-damage|p2a: Chien-Pao|192/234 tox|[from] psn\n|upkeep\n|turn|25\n|inactive|Time left: 300 sec this turn | 300 sec total\n|\n|t:|1783563428\n|switch|p1a: Quagsire|Quagsire, L84, M, tera:Poison|95/100\n|move|p2a: Chien-Pao|Icicle Crash|p1a: Quagsire\n|-damage|p1a: Quagsire|60/100\n|\n|-heal|p1a: Quagsire|66/100|[from] item: Leftovers\n|-damage|p2a: Chien-Pao|150/234 tox|[from] psn\n|upkeep\n|turn|26\n|inactive|Time left: 300 sec this turn | 300 sec total\n|\n|t:|1783563429\n|move|p2a: Chien-Pao|Icicle Crash|p1a: Quagsire\n|-damage|p1a: Quagsire|28/100\n|move|p1a: Quagsire|Earthquake|p2a: Chien-Pao\n|-damage|p2a: Chien-Pao|41/234 tox\n|\n|-heal|p1a: Quagsire|34/100|[from] item: Leftovers\n|-damage|p2a: Chien-Pao|0 fnt|[from] psn\n|faint|p2a: Chien-Pao\n|upkeep\n|inactive|Time left: 300 sec this turn | 300 sec total | 5 sec grace\n|\n|t:|1783563430\n|switch|p2a: Tropius|Tropius, L91, M|328/328\n|turn|27\n|inactive|Time left: 300 sec this turn | 300 sec total\n|\n|t:|1783563431\n|move|p2a: Tropius|Dragon Dance|p2a: Tropius\n|-boost|p2a: Tropius|atk|1\n|-boost|p2a: Tropius|spe|1\n|move|p1a: Quagsire|Recover|p1a: Quagsire\n|-heal|p1a: Quagsire|84/100\n|\n|-heal|p1a: Quagsire|90/100|[from] item: Leftovers\n|upkeep\n|turn|28\n|inactive|Time left: 300 sec this turn | 300 sec total\n|\n|t:|1783563432\n|move|p2a: Tropius|Dragon Dance|p2a: Tropius\n|-boost|p2a: Tropius|atk|1\n|-boost|p2a: Tropius|spe|1\n|move|p1a: Quagsire|Toxic|p2a: Tropius\n|-status|p2a: Tropius|tox\n|\n|-heal|p1a: Quagsire|96/100|[from] item: Leftovers\n|-damage|p2a: Tropius|308/328 tox|[from] psn\n|upkeep\n|turn|29\n|inactive|Time left: 300 sec this turn | 300 sec total\n|\n|t:|1783563433\n|move|p2a: Tropius|Dragon Dance|p2a: Tropius\n|-boost|p2a: Tropius|atk|1\n|-boost|p2a: Tropius|spe|1\n|move|p1a: Quagsire|Recover|p1a: Quagsire\n|-heal|p1a: Quagsire|100/100\n|\n|-damage|p2a: Tropius|268/328 tox|[from] psn\n|upkeep\n|turn|30\n|inactive|Time left: 300 sec this turn | 300 sec total\n|\n|t:|1783563434\n|move|p2a: Tropius|Dual Wingbeat|p1a: Quagsire\n|-damage|p1a: Quagsire|86/100\n|-damage|p1a: Quagsire|73/100\n|-hitcount|p1a: Quagsire|2\n|move|p1a: Quagsire|Recover|p1a: Quagsire\n|-heal|p1a: Quagsire|100/100\n|\n|-damage|p2a: Tropius|208/328 tox|[from] psn\n|upkeep\n|turn|31\n|inactive|Time left: 300 sec this turn | 300 sec total\n|\n|t:|1783563435\n|move|p2a: Tropius|Dual Wingbeat|p1a: Quagsire\n|-damage|p1a: Quagsire|86/100\n|-damage|p1a: Quagsire|72/100\n|-hitcount|p1a: Quagsire|2\n|move|p1a: Quagsire|Recover|p1a: Quagsire\n|-heal|p1a: Quagsire|100/100\n|\n|-damage|p2a: Tropius|128/328 tox|[from] psn\n|upkeep\n|-enditem|p2a: Tropius|Sitrus Berry|[eat]\n|-heal|p2a: Tropius|210/328 tox|[from] item: Sitrus Berry\n|turn|32\n|inactive|Time left: 300 sec this turn | 300 sec total\n|\n|t:|1783563436\n|move|p2a: Tropius|Leaf Blade|p1a: Quagsire\n|-resisted|p1a: Quagsire\n|-damage|p1a: Quagsire|86/100\n|move|p1a: Quagsire|Earthquake|p2a: Tropius\n|-immune|p2a: Tropius\n|\n|-heal|p1a: Quagsire|92/100|[from] item: Leftovers\n|-damage|p2a: Tropius|110/328 tox|[from] psn\n|upkeep\n|turn|33\n|inactive|Time left: 300 sec this turn | 300 sec total\n|\n|t:|1783563437\n|move|p2a: Tropius|Earthquake|p1a: Quagsire\n|-supereffective|p1a: Quagsire\n|-damage|p1a: Quagsire|49/100\n|move|p1a: Quagsire|Recover|p1a: Quagsire\n|-heal|p1a: Quagsire|99/100\n|\n|-heal|p1a: Quagsire|100/100|[from] item: Leftovers\n|-damage|p2a: Tropius|0 fnt|[from] psn\n|faint|p2a: Tropius\n|upkeep\n|inactive|Time left: 300 sec this turn | 300 sec total | 5 sec grace\n|\n|t:|1783563438\n|switch|p2a: Gallade|Gallade, L80, M|240/240\n|-damage|p2a: Gallade|180/240|[from] Spikes\n|turn|34\n|inactive|Time left: 300 sec this turn | 300 sec total\n|\n|t:|1783563438\n|move|p2a: Gallade|Agility|p2a: Gallade\n|-boost|p2a: Gallade|spe|2\n|move|p1a: Quagsire|Earthquake|p2a: Gallade\n|-damage|p2a: Gallade|53/240\n|\n|upkeep\n|turn|35\n|inactive|Time left: 300 sec this turn | 300 sec total\n|\n|t:|1783563439\n|move|p2a: Gallade|Psycho Cut|p1a: Quagsire\n|-supereffective|p1a: Quagsire\n|-damage|p1a: Quagsire|0 fnt\n|faint|p1a: Quagsire\n|-damage|p2a: Gallade|29/240|[from] item: Life Orb\n|\n|upkeep\n|\n|t:|1783563440\n|switch|p1a: Lanturn|Lanturn, L89, F|100/100\n|turn|36\n|inactive|Time left: 300 sec this turn | 300 sec total\n|\n|t:|1783563441\n|-terastallize|p2a: Gallade|Fighting\n|move|p2a: Gallade|Sacred Sword|p1a: Lanturn\n|-damage|p1a: Lanturn|0 fnt\n|faint|p1a: Lanturn\n|-damage|p2a: Gallade|5/240|[from] item: Life Orb\n|\n|upkeep\n|\n|t:|1783563442\n|switch|p1a: Brambleghast|Brambleghast, L88, F|43/100\n|turn|37\n|inactive|Time left: 300 sec this turn | 300 sec total\n|\n|t:|1783563443\n|move|p2a: Gallade|Agility|p2a: Gallade\n|-boost|p2a: Gallade|spe|2\n|move|p1a: Brambleghast|Poltergeist|p2a: Gallade\n|-activate|p2a: Gallade|move: Poltergeist|Life Orb\n|-damage|p2a: Gallade|0 fnt\n|faint|p2a: Gallade\n|\n|win|p0x2089e03d", "uploadtime": 1783563443, "views": 0, "rating": 0, "private": 0, "password": null, "_winner": "p0x2089e03d", "_our_name": "p0y2089a035"}