{"id": "battle-gen9randombattle-1479", "formatid": "gen9randombattle", "format": "[Gen 9] Random Battle", "players": ["p0x14790988", "p0y14795a34"], "log": "|init|battle\n|title|p0x14790988 vs. p0y14795a34\n|j|\u2606p0x14790988\n|j|\u2606p0y14795a34\n|t:|1783557211\n|gametype|singles\n|player|p1|p0x14790988|169|\n|player|p2|p0y14795a34|265|\n|gen|9\n|tier|[Gen 9] Random Battle\n|rule|Species Clause: Limit one of each Pok\u00e9mon\n|rule|HP Percentage Mod: HP is shown in percentages\n|rule|Sleep Clause Mod: Limit one foe put to sleep\n|rule|Illusion Level Mod: Illusion disguises the Pok\u00e9mon's true level\n|\n|t:|1783557211\n|teamsize|p1|6\n|teamsize|p2|6\n|start\n|switch|p1a: Dragapult|Dragapult, L77, M|262/262\n|switch|p2a: Roaring Moon|Roaring Moon, L72|100/100\n|turn|1\n|inactive|Battle timer is ON: inactive players will automatically lose when time's up. (requested by p0y14795a34)\n|inactive|Time left: 300 sec this turn | 300 sec total | 60 sec grace\n|inactive|p0x14790988 also wants the timer to be on.\n|\n|t:|1783557212\n|-terastallize|p2a: Roaring Moon|Ground\n|move|p1a: Dragapult|Dragon Darts|p2a: Roaring Moon\n|-damage|p2a: Roaring Moon|72/100\n|-anim|p1a: Dragapult|Dragon Darts|p2a: Roaring Moon\n|-damage|p2a: Roaring Moon|46/100\n|move|p2a: Roaring Moon|Outrage|p1a: Dragapult\n|-supereffective|p1a: Dragapult\n|-damage|p1a: Dragapult|0 fnt\n|faint|p1a: Dragapult\n|\n|upkeep\n|inactive|Time left: 300 sec this turn | 300 sec total | 65 sec grace\n|\n|t:|1783557213\n|switch|p1a: Moltres|Moltres, L81|278/278\n|turn|2\n|inactive|Time left: 300 sec this turn | 300 sec total\n|\n|t:|1783557214\n|move|p2a: Roaring Moon|Outrage|p1a: Moltres|[from] lockedmove\n|-damage|p1a: Moltres|158/278\n|-start|p2a: Roaring Moon|confusion|[fatigue]\n|-enditem|p2a: Roaring Moon|Lum Berry|[eat]\n|-end|p2a: Roaring Moon|confusion\n|move|p1a: Moltres|Fire Blast|p2a: Roaring Moon\n|-damage|p2a: Roaring Moon|0 fnt\n|faint|p2a: Roaring Moon\n|-end|p2a: Roaring Moon|Protosynthesis|[silent]\n|\n|upkeep\n|\n|t:|1783557215\n|switch|p2a: Galvantula|Galvantula, L82, F|100/100\n|turn|3\n|inactive|Time left: 300 sec this turn | 300 sec total\n|\n|t:|1783557216\n|-terastallize|p1a: Moltres|Steel\n|move|p2a: Galvantula|Sticky Web|p1a: Moltres\n|-sidestart|p1: p0x14790988|move: Sticky Web\n|move|p1a: Moltres|Fire Blast|p2a: Galvantula\n|-supereffective|p2a: Galvantula\n|-crit|p2a: Galvantula\n|-damage|p2a: Galvantula|0 fnt\n|faint|p2a: Galvantula\n|\n|upkeep\n|\n|t:|1783557217\n|switch|p2a: Flamigo|Flamigo, L82, F|100/100\n|turn|4\n|inactive|Time left: 300 sec this turn | 300 sec total\n|\n|t:|1783557218\n|switch|p1a: Oricorio|Oricorio-Pa'u, L87, M|272/272\n|move|p2a: Flamigo|Close Combat|p1a: Oricorio\n|-resisted|p1a: Oricorio\n|-damage|p1a: Oricorio|224/272\n|-unboost|p2a: Flamigo|def|1\n|-unboost|p2a: Flamigo|spd|1\n|-damage|p2a: Flamigo|91/100|[from] item: Life Orb\n|\n|upkeep\n|turn|5\n|inactive|Time left: 300 sec this turn | 300 sec total\n|\n|t:|1783557219\n|switch|p2a: Houndstone|Houndstone, L86, F|100/100\n|move|p1a: Oricorio|Revelation Dance|p2a: Houndstone\n|-damage|p2a: Houndstone|75/100\n|\n|upkeep\n|turn|6\n|inactive|Time left: 300 sec this turn | 300 sec total\n|\n|t:|1783557220\n|switch|p1a: Bellibolt|Bellibolt, L84, F|320/320\n|-activate|p1a: Bellibolt|move: Sticky Web\n|-unboost|p1a: Bellibolt|spe|1\n|move|p2a: Houndstone|Poltergeist|p1a: Bellibolt\n|-activate|p1a: Bellibolt|move: Poltergeist|Leftovers\n|-damage|p1a: Bellibolt|194/320\n|-start|p1a: Bellibolt|Charge|Poltergeist|[from] ability: Electromorphosis\n|\n|-heal|p1a: Bellibolt|214/320|[from] item: Leftovers\n|upkeep\n|turn|7\n|inactive|Time left: 300 sec this turn | 300 sec total\n|\n|t:|1783557221\n|move|p2a: Houndstone|Poltergeist|p1a: Bellibolt\n|-activate|p1a: Bellibolt|move: Poltergeist|Leftovers\n|-damage|p1a: Bellibolt|91/320\n|-start|p1a: Bellibolt|Charge|Poltergeist|[from] ability: Electromorphosis\n|move|p1a: Bellibolt|Thunderbolt|p2a: Houndstone\n|-damage|p2a: Houndstone|32/100\n|-status|p2a: Houndstone|par\n|-end|p1a: Bellibolt|Charge|[silent]\n|\n|-heal|p1a: Bellibolt|111/320|[from] item: Leftovers\n|upkeep\n|turn|8\n|inactive|Time left: 300 sec this turn | 300 sec total\n|\n|t:|1783557222\n|move|p2a: Houndstone|Poltergeist|p1a: Bellibolt\n|-activate|p1a: Bellibolt|move: Poltergeist|Leftovers\n|-damage|p1a: Bellibolt|0 fnt\n|faint|p1a: Bellibolt\n|\n|upkeep\n|inactive|Time left: 300 sec this turn | 300 sec total | 5 sec grace\n|\n|t:|1783557223\n|switch|p1a: Moltres|Moltres, L81, tera:Steel|158/278\n|turn|9\n|inactive|Time left: 300 sec this turn | 300 sec total\n|\n|t:|1783557224\n|move|p1a: Moltres|Fire Blast|p2a: Houndstone|[miss]\n|-miss|p1a: Moltres|p2a: Houndstone\n|move|p2a: Houndstone|Body Press|p1a: Moltres\n|-supereffective|p1a: Moltres\n|-damage|p1a: Moltres|30/278\n|\n|upkeep\n|turn|10\n|inactive|Time left: 300 sec this turn | 300 sec total\n|\n|t:|1783557225\n|move|p2a: Houndstone|Shadow Sneak|p1a: Moltres\n|-damage|p1a: Moltres|0 fnt\n|faint|p1a: Moltres\n|\n|upkeep\n|inactive|Time left: 300 sec this turn | 300 sec total | 5 sec grace\n|\n|t:|1783557226\n|switch|p1a: Electrode|Electrode, L92|260/260\n|turn|11\n|inactive|Time left: 300 sec this turn | 300 sec total\n|\n|t:|1783557227\n|move|p1a: Electrode|Thunderbolt|p2a: Houndstone\n|-damage|p2a: Houndstone|10/100 par\n|move|p2a: Houndstone|Poltergeist|p1a: Electrode\n|-activate|p1a: Electrode|move: Poltergeist|Heavy-Duty Boots\n|-damage|p1a: Electrode|128/260\n|\n|upkeep\n|turn|12\n|inactive|Time left: 300 sec this turn | 300 sec total\n|\n|t:|1783557229\n|move|p1a: Electrode|Thunderbolt|p2a: Houndstone\n|-damage|p2a: Houndstone|0 fnt\n|faint|p2a: Houndstone\n|\n|upkeep\n|\n|t:|1783557230\n|switch|p2a: Stantler|Stantler, L92, F|100/100\n|-ability|p2a: Stantler|Intimidate|boost\n|-unboost|p1a: Electrode|atk|1\n|turn|13\n|inactive|Time left: 300 sec this turn | 300 sec total\n|\n|t:|1783557231\n|move|p1a: Electrode|Thunderbolt|p2a: Stantler\n|-damage|p2a: Stantler|74/100\n|move|p2a: Stantler|Throat Chop|p1a: Electrode\n|-damage|p1a: Electrode|60/260\n|-start|p1a: Electrode|Throat Chop|[silent]\n|\n|upkeep\n|turn|14\n|inactive|Time left: 300 sec this turn | 300 sec total\n|\n|t:|1783557232\n|move|p1a: Electrode|Thunderbolt|p2a: Stantler\n|-damage|p2a: Stantler|49/100\n|-status|p2a: Stantler|par\n|move|p2a: Stantler|Earthquake|p1a: Electrode\n|-supereffective|p1a: Electrode\n|-damage|p1a: Electrode|0 fnt\n|faint|p1a: Electrode\n|\n|upkeep\n|inactive|Time left: 300 sec this turn | 300 sec total | 5 sec grace\n|\n|t:|1783557233\n|switch|p1a: Oricorio|Oricorio-Pa'u, L87, M|224/272\n|turn|15\n|inactive|Time left: 300 sec this turn | 300 sec total\n|\n|t:|1783557234\n|move|p1a: Oricorio|Quiver Dance|p1a: Oricorio\n|-boost|p1a: Oricorio|spa|1\n|-boost|p1a: Oricorio|spd|1\n|-boost|p1a: Oricorio|spe|1\n|move|p2a: Stantler|Throat Chop|p1a: Oricorio\n|-supereffective|p1a: Oricorio\n|-damage|p1a: Oricorio|68/272\n|-start|p1a: Oricorio|Throat Chop|[silent]\n|\n|upkeep\n|turn|16\n|inactive|Time left: 300 sec this turn | 300 sec total\n|\n|t:|1783557235\n|move|p1a: Oricorio|Revelation Dance|p2a: Stantler\n|-damage|p2a: Stantler|7/100 par\n|cant|p2a: Stantler|par\n|\n|-end|p1a: Oricorio|Throat Chop|[silent]\n|upkeep\n|turn|17\n|inactive|Time left: 300 sec this turn | 300 sec total\n|\n|t:|1783557236\n|move|p1a: Oricorio|Revelation Dance|p2a: Stantler\n|-damage|p2a: Stantler|0 fnt\n|faint|p2a: Stantler\n|\n|upkeep\n|\n|t:|1783557237\n|switch|p2a: Espathra|Espathra, L80, F|100/100\n|turn|18\n|inactive|Time left: 300 sec this turn | 300 sec total\n|\n|t:|1783557238\n|move|p1a: Oricorio|Hurricane|p2a: Espathra\n|-damage|p2a: Espathra|10/100\n|move|p2a: Espathra|Shadow Ball|p1a: Oricorio\n|-supereffective|p1a: Oricorio\n|-damage|p1a: Oricorio|0 fnt\n|faint|p1a: Oricorio\n|\n|-ability|p2a: Espathra|Speed Boost|boost\n|-boost|p2a: Espathra|spe|1\n|upkeep\n|inactive|Time left: 300 sec this turn | 300 sec total | 5 sec grace\n|\n|t:|1783557238\n|switch|p1a: Toedscruel|Toedscruel, L87, M|281/281\n|-activate|p1a: Toedscruel|move: Sticky Web\n|-unboost|p1a: Toedscruel|spe|1\n|turn|19\n|inactive|Time left: 300 sec this turn | 300 sec total\n|\n|t:|1783557239\n|switch|p2a: Flamigo|Flamigo, L82, F|91/100\n|move|p1a: Toedscruel|Toxic|p2a: Flamigo\n|-status|p2a: Flamigo|tox\n|\n|-damage|p2a: Flamigo|85/100 tox|[from] psn\n|upkeep\n|turn|20\n|inactive|Time left: 300 sec this turn | 300 sec total\n|\n|t:|1783557240\n|move|p2a: Flamigo|Brave Bird|p1a: Toedscruel\n|-supereffective|p1a: Toedscruel\n|-damage|p1a: Toedscruel|0 fnt\n|faint|p1a: Toedscruel\n|-damage|p2a: Flamigo|50/100 tox|[from] Recoil\n|-damage|p2a: Flamigo|41/100 tox|[from] item: Life Orb\n|\n|win|p0y14795a34", "uploadtime": 1783557240, "views": 0, "rating": 0, "private": 0, "password": null, "_winner": "p0y14795a34", "_our_name": "p0x14790988"}