{"id": "battle-gen9randombattle-1634", "formatid": "gen9randombattle", "format": "[Gen 9] Random Battle", "players": ["p0x1634fb7d", "p0y1634714d"], "log": "|init|battle\n|title|p0x1634fb7d vs. p0y1634714d\n|j|\u2606p0x1634fb7d\n|j|\u2606p0y1634714d\n|t:|1783558881\n|gametype|singles\n|player|p1|p0x1634fb7d|266|\n|player|p2|p0y1634714d|169|\n|gen|9\n|tier|[Gen 9] Random Battle\n|rule|Species Clause: Limit one of each Pok\u00e9mon\n|rule|HP Percentage Mod: HP is shown in percentages\n|rule|Sleep Clause Mod: Limit one foe put to sleep\n|rule|Illusion Level Mod: Illusion disguises the Pok\u00e9mon's true level\n|\n|t:|1783558881\n|teamsize|p1|6\n|teamsize|p2|6\n|start\n|switch|p1a: Palossand|Palossand, L89, F|296/296\n|switch|p2a: Plusle|Plusle, L95, M|100/100\n|turn|1\n|inactive|Battle timer is ON: inactive players will automatically lose when time's up. (requested by p0y1634714d)\n|inactive|Time left: 300 sec this turn | 300 sec total | 60 sec grace\n|inactive|p0x1634fb7d also wants the timer to be on.\n|\n|t:|1783558883\n|move|p2a: Plusle|Grass Knot|p1a: Palossand\n|-supereffective|p1a: Palossand\n|-damage|p1a: Palossand|46/296\n|-damage|p2a: Plusle|91/100|[from] item: Life Orb\n|move|p1a: Palossand|Earth Power|p2a: Plusle\n|-supereffective|p2a: Plusle\n|-damage|p2a: Plusle|5/100\n|\n|-heal|p1a: Palossand|64/296|[from] item: Leftovers\n|upkeep\n|turn|2\n|inactive|Time left: 300 sec this turn | 300 sec total\n|\n|t:|1783558884\n|move|p2a: Plusle|Alluring Voice|p1a: Palossand\n|-damage|p1a: Palossand|0 fnt\n|faint|p1a: Palossand\n|-damage|p2a: Plusle|0 fnt|[from] item: Life Orb\n|faint|p2a: Plusle\n|\n|upkeep\n|inactive|Time left: 300 sec this turn | 300 sec total | 5 sec grace\n|\n|t:|1783558885\n|switch|p2a: Glastrier|Glastrier, L86|100/100\n|switch|p1a: Sinistcha|Sinistcha, L83|254/254\n|turn|3\n|inactive|Time left: 300 sec this turn | 300 sec total\n|\n|t:|1783558886\n|move|p1a: Sinistcha|Strength Sap|p2a: Glastrier\n|-unboost|p2a: Glastrier|atk|1\n|move|p2a: Glastrier|Icicle Crash|p1a: Sinistcha\n|-supereffective|p1a: Sinistcha\n|-damage|p1a: Sinistcha|42/254\n|\n|-heal|p1a: Sinistcha|57/254|[from] item: Leftovers\n|upkeep\n|turn|4\n|inactive|Time left: 300 sec this turn | 300 sec total\n|\n|t:|1783558887\n|move|p1a: Sinistcha|Strength Sap|p2a: Glastrier\n|-unboost|p2a: Glastrier|atk|1\n|-heal|p1a: Sinistcha|254/254\n|move|p2a: Glastrier|Icicle Crash|p1a: Sinistcha\n|-supereffective|p1a: Sinistcha\n|-damage|p1a: Sinistcha|74/254\n|\n|-heal|p1a: Sinistcha|89/254|[from] item: Leftovers\n|upkeep\n|turn|5\n|inactive|Time left: 300 sec this turn | 300 sec total\n|\n|t:|1783558888\n|move|p1a: Sinistcha|Strength Sap|p2a: Glastrier\n|-unboost|p2a: Glastrier|atk|1\n|-heal|p1a: Sinistcha|238/254\n|move|p2a: Glastrier|Icicle Crash|p1a: Sinistcha\n|-supereffective|p1a: Sinistcha\n|-damage|p1a: Sinistcha|98/254\n|\n|-heal|p1a: Sinistcha|113/254|[from] item: Leftovers\n|upkeep\n|turn|6\n|inactive|Time left: 300 sec this turn | 300 sec total\n|\n|t:|1783558889\n|move|p1a: Sinistcha|Strength Sap|p2a: Glastrier\n|-unboost|p2a: Glastrier|atk|1\n|-heal|p1a: Sinistcha|232/254\n|move|p2a: Glastrier|Icicle Crash|p1a: Sinistcha\n|-supereffective|p1a: Sinistcha\n|-damage|p1a: Sinistcha|112/254\n|\n|-heal|p1a: Sinistcha|127/254|[from] item: Leftovers\n|upkeep\n|turn|7\n|inactive|Time left: 300 sec this turn | 300 sec total\n|\n|t:|1783558890\n|switch|p2a: Flapple|Flapple, L88, M|100/100\n|move|p1a: Sinistcha|Matcha Gotcha|p2a: Flapple|[miss]\n|-miss|p1a: Sinistcha|p2a: Flapple\n|\n|-heal|p1a: Sinistcha|142/254|[from] item: Leftovers\n|upkeep\n|turn|8\n|inactive|Time left: 300 sec this turn | 300 sec total\n|\n|t:|1783558891\n|-terastallize|p1a: Sinistcha|Steel\n|move|p2a: Flapple|Outrage|p1a: Sinistcha\n|-resisted|p1a: Sinistcha\n|-damage|p1a: Sinistcha|34/254\n|move|p1a: Sinistcha|Strength Sap|p2a: Flapple\n|-unboost|p2a: Flapple|atk|1\n|-heal|p1a: Sinistcha|254/254\n|\n|upkeep\n|turn|9\n|inactive|Time left: 300 sec this turn | 300 sec total\n|\n|t:|1783558892\n|move|p2a: Flapple|Outrage|p1a: Sinistcha|[from] lockedmove\n|-resisted|p1a: Sinistcha\n|-damage|p1a: Sinistcha|185/254\n|move|p1a: Sinistcha|Shadow Ball|p2a: Flapple\n|-damage|p2a: Flapple|55/100\n|\n|-heal|p1a: Sinistcha|200/254|[from] item: Leftovers\n|upkeep\n|turn|10\n|inactive|Time left: 300 sec this turn | 300 sec total\n|\n|t:|1783558893\n|move|p2a: Flapple|Outrage|p1a: Sinistcha|[from] lockedmove\n|-resisted|p1a: Sinistcha\n|-damage|p1a: Sinistcha|127/254\n|-start|p2a: Flapple|confusion|[fatigue]\n|-enditem|p2a: Flapple|Lum Berry|[eat]\n|-end|p2a: Flapple|confusion\n|move|p1a: Sinistcha|Shadow Ball|p2a: Flapple\n|-damage|p2a: Flapple|4/100\n|\n|-heal|p1a: Sinistcha|142/254|[from] item: Leftovers\n|upkeep\n|turn|11\n|inactive|Time left: 300 sec this turn | 300 sec total\n|\n|t:|1783558895\n|move|p2a: Flapple|Grav Apple|p1a: Sinistcha\n|-resisted|p1a: Sinistcha\n|-damage|p1a: Sinistcha|94/254\n|-unboost|p1a: Sinistcha|def|1\n|move|p1a: Sinistcha|Strength Sap|p2a: Flapple\n|-unboost|p2a: Flapple|atk|1\n|-heal|p1a: Sinistcha|254/254\n|\n|upkeep\n|turn|12\n|inactive|Time left: 300 sec this turn | 300 sec total\n|\n|t:|1783558896\n|switch|p2a: Glastrier|Glastrier, L86|100/100\n|move|p1a: Sinistcha|Calm Mind|p1a: Sinistcha\n|-boost|p1a: Sinistcha|spa|1\n|-boost|p1a: Sinistcha|spd|1\n|\n|upkeep\n|turn|13\n|inactive|Time left: 300 sec this turn | 300 sec total\n|\n|t:|1783558897\n|switch|p1a: Talonflame|Talonflame, L83, M|265/265\n|move|p2a: Glastrier|Close Combat|p1a: Talonflame\n|-resisted|p1a: Talonflame\n|-damage|p1a: Talonflame|148/265\n|-unboost|p2a: Glastrier|def|1\n|-unboost|p2a: Glastrier|spd|1\n|\n|upkeep\n|turn|14\n|inactive|Time left: 300 sec this turn | 300 sec total\n|\n|t:|1783558898\n|move|p1a: Talonflame|Roost|p1a: Talonflame\n|-heal|p1a: Talonflame|265/265\n|-singleturn|p1a: Talonflame|move: Roost\n|move|p2a: Glastrier|Close Combat|p1a: Talonflame\n|-damage|p1a: Talonflame|35/265\n|-unboost|p2a: Glastrier|def|1\n|-unboost|p2a: Glastrier|spd|1\n|-status|p2a: Glastrier|brn|[from] ability: Flame Body|[of] p1a: Talonflame\n|\n|-damage|p2a: Glastrier|94/100 brn|[from] brn\n|upkeep\n|turn|15\n|inactive|Time left: 300 sec this turn | 300 sec total\n|\n|t:|1783558899\n|move|p1a: Talonflame|Roost|p1a: Talonflame\n|-heal|p1a: Talonflame|168/265\n|-singleturn|p1a: Talonflame|move: Roost\n|move|p2a: Glastrier|Close Combat|p1a: Talonflame\n|-damage|p1a: Talonflame|53/265\n|-unboost|p2a: Glastrier|def|1\n|-unboost|p2a: Glastrier|spd|1\n|\n|-damage|p2a: Glastrier|88/100 brn|[from] brn\n|upkeep\n|turn|16\n|inactive|Time left: 300 sec this turn | 300 sec total\n|\n|t:|1783558900\n|move|p1a: Talonflame|Roost|p1a: Talonflame\n|-heal|p1a: Talonflame|186/265\n|-singleturn|p1a: Talonflame|move: Roost\n|move|p2a: Glastrier|Close Combat|p1a: Talonflame\n|-damage|p1a: Talonflame|83/265\n|-unboost|p2a: Glastrier|def|1\n|-unboost|p2a: Glastrier|spd|1\n|\n|-damage|p2a: Glastrier|82/100 brn|[from] brn\n|upkeep\n|turn|17\n|inactive|Time left: 300 sec this turn | 300 sec total\n|\n|t:|1783558901\n|move|p1a: Talonflame|Roost|p1a: Talonflame\n|-heal|p1a: Talonflame|216/265\n|-singleturn|p1a: Talonflame|move: Roost\n|move|p2a: Glastrier|Close Combat|p1a: Talonflame\n|-damage|p1a: Talonflame|104/265\n|-unboost|p2a: Glastrier|def|1\n|-unboost|p2a: Glastrier|spd|1\n|\n|-damage|p2a: Glastrier|76/100 brn|[from] brn\n|upkeep\n|turn|18\n|inactive|Time left: 300 sec this turn | 300 sec total\n|\n|t:|1783558902\n|move|p1a: Talonflame|Roost|p1a: Talonflame\n|-heal|p1a: Talonflame|237/265\n|-singleturn|p1a: Talonflame|move: Roost\n|move|p2a: Glastrier|Close Combat|p1a: Talonflame\n|-damage|p1a: Talonflame|136/265\n|-unboost|p2a: Glastrier|def|1\n|-unboost|p2a: Glastrier|spd|1\n|\n|-damage|p2a: Glastrier|70/100 brn|[from] brn\n|upkeep\n|turn|19\n|inactive|Time left: 300 sec this turn | 300 sec total\n|\n|t:|1783558903\n|move|p1a: Talonflame|Roost|p1a: Talonflame\n|-heal|p1a: Talonflame|265/265\n|-singleturn|p1a: Talonflame|move: Roost\n|move|p2a: Glastrier|Close Combat|p1a: Talonflame\n|-damage|p1a: Talonflame|148/265\n|\n|-damage|p2a: Glastrier|64/100 brn|[from] brn\n|upkeep\n|turn|20\n|inactive|Time left: 300 sec this turn | 300 sec total\n|\n|t:|1783558904\n|move|p1a: Talonflame|Roost|p1a: Talonflame\n|-heal|p1a: Talonflame|265/265\n|-singleturn|p1a: Talonflame|move: Roost\n|move|p2a: Glastrier|Close Combat|p1a: Talonflame\n|-damage|p1a: Talonflame|150/265\n|\n|-damage|p2a: Glastrier|58/100 brn|[from] brn\n|upkeep\n|turn|21\n|inactive|Time left: 300 sec this turn | 300 sec total\n|\n|t:|1783558904\n|switch|p2a: Sandy Shocks|Sandy Shocks, L80|100/100\n|move|p1a: Talonflame|Roost|p1a: Talonflame\n|-heal|p1a: Talonflame|265/265\n|-singleturn|p1a: Talonflame|move: Roost\n|\n|upkeep\n|turn|22\n|inactive|Time left: 300 sec this turn | 300 sec total\n|\n|t:|1783558905\n|switch|p1a: Stantler|Stantler, L92, M|284/284\n|-ability|p1a: Stantler|Intimidate|boost\n|-unboost|p2a: Sandy Shocks|atk|1\n|move|p2a: Sandy Shocks|Thunderbolt|p1a: Stantler\n|-damage|p1a: Stantler|206/284\n|\n|upkeep\n|turn|23\n|inactive|Time left: 300 sec this turn | 300 sec total\n|\n|t:|1783558906\n|move|p1a: Stantler|Calm Mind|p1a: Stantler\n|-boost|p1a: Stantler|spa|1\n|-boost|p1a: Stantler|spd|1\n|move|p2a: Sandy Shocks|Earth Power|p1a: Stantler\n|-damage|p1a: Stantler|151/284\n|\n|upkeep\n|turn|24\n|inactive|Time left: 300 sec this turn | 300 sec total\n|\n|t:|1783558907\n|move|p1a: Stantler|Earth Power|p2a: Sandy Shocks\n|-supereffective|p2a: Sandy Shocks\n|-damage|p2a: Sandy Shocks|25/100\n|move|p2a: Sandy Shocks|Volt Switch|p1a: Stantler\n|-damage|p1a: Stantler|111/284\n|\n|t:|1783558908\n|-end|p2a: Sandy Shocks|Protosynthesis|[silent]\n|switch|p2a: Zacian|Zacian-Crowned, L64|100/100|[from] Volt Switch\n|-ability|p2a: Zacian|Intrepid Sword|boost\n|-boost|p2a: Zacian|atk|1\n|\n|upkeep\n|turn|25\n|inactive|Time left: 300 sec this turn | 300 sec total\n|\n|t:|1783558909\n|move|p2a: Zacian|Play Rough|p1a: Stantler\n|-damage|p1a: Stantler|20/284\n|move|p1a: Stantler|Earth Power|p2a: Zacian\n|-supereffective|p2a: Zacian\n|-damage|p2a: Zacian|11/100\n|-unboost|p2a: Zacian|spd|1\n|\n|upkeep\n|turn|26\n|inactive|Time left: 300 sec this turn | 300 sec total\n|\n|t:|1783558910\n|switch|p1a: Arceus|Arceus-Fire, L72|291/291\n|move|p2a: Zacian|Close Combat|p1a: Arceus\n|-damage|p1a: Arceus|186/291\n|-unboost|p2a: Zacian|def|1\n|-unboost|p2a: Zacian|spd|1\n|\n|upkeep\n|turn|27\n|inactive|Time left: 300 sec this turn | 300 sec total\n|\n|t:|1783558911\n|switch|p2a: Feraligatr|Feraligatr, L79, M|100/100\n|move|p1a: Arceus|Recover|p1a: Arceus\n|-heal|p1a: Arceus|291/291\n|\n|upkeep\n|turn|28\n|inactive|Time left: 300 sec this turn | 300 sec total\n|\n|t:|1783558912\n|switch|p1a: Sinistcha|Sinistcha, L83, tera:Steel|254/254\n|move|p2a: Feraligatr|Dragon Dance|p2a: Feraligatr\n|-boost|p2a: Feraligatr|atk|1\n|-boost|p2a: Feraligatr|spe|1\n|\n|upkeep\n|turn|29\n|inactive|Time left: 300 sec this turn | 300 sec total\n|\n|t:|1783558913\n|-terastallize|p2a: Feraligatr|Water\n|move|p2a: Feraligatr|Liquidation|p1a: Sinistcha\n|-damage|p1a: Sinistcha|4/254\n|move|p1a: Sinistcha|Matcha Gotcha|p2a: Feraligatr\n|-supereffective|p2a: Feraligatr\n|-damage|p2a: Feraligatr|13/100\n|-heal|p1a: Sinistcha|119/254|[from] drain|[of] p2a: Feraligatr\n|\n|-heal|p1a: Sinistcha|134/254|[from] item: Leftovers\n|upkeep\n|turn|30\n|inactive|Time left: 300 sec this turn | 300 sec total\n|\n|t:|1783558914\n|switch|p1a: Stantler|Stantler, L92, M|20/284\n|-ability|p1a: Stantler|Intimidate|boost\n|-unboost|p2a: Feraligatr|atk|1\n|move|p2a: Feraligatr|Liquidation|p1a: Stantler\n|-damage|p1a: Stantler|0 fnt\n|faint|p1a: Stantler\n|\n|upkeep\n|inactive|Time left: 300 sec this turn | 300 sec total | 5 sec grace\n|\n|t:|1783558914\n|switch|p1a: Talonflame|Talonflame, L83, M|265/265\n|turn|31\n|inactive|Time left: 300 sec this turn | 300 sec total\n|\n|t:|1783558915\n|switch|p2a: Glastrier|Glastrier, L86|58/100 brn\n|move|p1a: Talonflame|U-turn|p2a: Glastrier\n|-damage|p2a: Glastrier|48/100 brn\n|inactive|Time left: 300 sec this turn | 300 sec total | 5 sec grace\n|\n|t:|1783558916\n|switch|p1a: Sinistcha|Sinistcha, L83, tera:Steel|134/254|[from] U-turn\n|\n|-heal|p1a: Sinistcha|149/254|[from] item: Leftovers\n|-damage|p2a: Glastrier|42/100 brn|[from] brn\n|upkeep\n|turn|32\n|inactive|Time left: 300 sec this turn | 300 sec total\n|\n|t:|1783558917\n|move|p1a: Sinistcha|Strength Sap|p2a: Glastrier\n|-unboost|p2a: Glastrier|atk|1\n|-heal|p1a: Sinistcha|254/254\n|move|p2a: Glastrier|High Horsepower|p1a: Sinistcha\n|-supereffective|p1a: Sinistcha\n|-damage|p1a: Sinistcha|176/254\n|\n|-heal|p1a: Sinistcha|191/254|[from] item: Leftovers\n|-damage|p2a: Glastrier|36/100 brn|[from] brn\n|upkeep\n|turn|33\n|inactive|Time left: 300 sec this turn | 300 sec total\n|\n|t:|1783558918\n|move|p1a: Sinistcha|Calm Mind|p1a: Sinistcha\n|-boost|p1a: Sinistcha|spa|1\n|-boost|p1a: Sinistcha|spd|1\n|move|p2a: Glastrier|High Horsepower|p1a: Sinistcha\n|-supereffective|p1a: Sinistcha\n|-damage|p1a: Sinistcha|105/254\n|\n|-heal|p1a: Sinistcha|120/254|[from] item: Leftovers\n|-damage|p2a: Glastrier|30/100 brn|[from] brn\n|upkeep\n|turn|34\n|inactive|Time left: 300 sec this turn | 300 sec total\n|\n|t:|1783558919\n|switch|p2a: Flapple|Flapple, L88, M|4/100\n|move|p1a: Sinistcha|Strength Sap|p2a: Flapple\n|-unboost|p2a: Flapple|atk|1\n|-heal|p1a: Sinistcha|254/254\n|\n|upkeep\n|turn|35\n|inactive|Time left: 300 sec this turn | 300 sec total\n|\n|t:|1783558920\n|move|p2a: Flapple|Grav Apple|p1a: Sinistcha\n|-resisted|p1a: Sinistcha\n|-damage|p1a: Sinistcha|206/254\n|-unboost|p1a: Sinistcha|def|1\n|move|p1a: Sinistcha|Calm Mind|p1a: Sinistcha\n|-boost|p1a: Sinistcha|spa|1\n|-boost|p1a: Sinistcha|spd|1\n|\n|-heal|p1a: Sinistcha|221/254|[from] item: Leftovers\n|upkeep\n|turn|36\n|inactive|Time left: 300 sec this turn | 300 sec total\n|\n|t:|1783558921\n|move|p2a: Flapple|Outrage|p1a: Sinistcha\n|-resisted|p1a: Sinistcha\n|-damage|p1a: Sinistcha|128/254\n|move|p1a: Sinistcha|Matcha Gotcha|p2a: Flapple\n|-resisted|p2a: Flapple\n|-crit|p2a: Flapple\n|-damage|p2a: Flapple|0 fnt\n|-heal|p1a: Sinistcha|133/254|[from] drain|[of] p2a: Flapple\n|faint|p2a: Flapple\n|\n|-heal|p1a: Sinistcha|148/254|[from] item: Leftovers\n|upkeep\n|\n|t:|1783558921\n|switch|p2a: Feraligatr|Feraligatr, L79, M, tera:Water|13/100\n|turn|37\n|inactive|Time left: 300 sec this turn | 300 sec total\n|\n|t:|1783558922\n|switch|p1a: Rabsca|Rabsca, L91, M|284/284\n|move|p2a: Feraligatr|Liquidation|p1a: Rabsca\n|-damage|p1a: Rabsca|105/284\n|\n|upkeep\n|turn|38\n|inactive|Time left: 300 sec this turn | 300 sec total\n|\n|t:|1783558923\n|move|p2a: Feraligatr|Liquidation|p1a: Rabsca\n|-damage|p1a: Rabsca|0 fnt\n|faint|p1a: Rabsca\n|\n|upkeep\n|inactive|Time left: 300 sec this turn | 300 sec total | 5 sec grace\n|\n|t:|1783558924\n|switch|p1a: Arceus|Arceus-Fire, L72|291/291\n|turn|39\n|inactive|Time left: 300 sec this turn | 300 sec total\n|\n|t:|1783558925\n|switch|p2a: Glastrier|Glastrier, L86|30/100 brn\n|move|p1a: Arceus|Judgment|p2a: Glastrier\n|-supereffective|p2a: Glastrier\n|-damage|p2a: Glastrier|0 fnt\n|faint|p2a: Glastrier\n|\n|upkeep\n|\n|t:|1783558926\n|switch|p2a: Zacian|Zacian-Crowned, L64|11/100\n|turn|40\n|inactive|Time left: 300 sec this turn | 300 sec total\n|\n|t:|1783558927\n|move|p2a: Zacian|Play Rough|p1a: Arceus|[miss]\n|-miss|p2a: Zacian|p1a: Arceus\n|move|p1a: Arceus|Earth Power|p2a: Zacian\n|-supereffective|p2a: Zacian\n|-damage|p2a: Zacian|0 fnt\n|faint|p2a: Zacian\n|\n|upkeep\n|\n|t:|1783558928\n|switch|p2a: Feraligatr|Feraligatr, L79, M, tera:Water|13/100\n|turn|41\n|inactive|Time left: 300 sec this turn | 300 sec total\n|\n|t:|1783558929\n|move|p1a: Arceus|Judgment|p2a: Feraligatr\n|-resisted|p2a: Feraligatr\n|-damage|p2a: Feraligatr|0 fnt\n|faint|p2a: Feraligatr\n|\n|upkeep\n|\n|t:|1783558930\n|switch|p2a: Sandy Shocks|Sandy Shocks, L80|25/100\n|turn|42\n|inactive|Time left: 300 sec this turn | 300 sec total\n|\n|t:|1783558931\n|move|p1a: Arceus|Earth Power|p2a: Sandy Shocks\n|-supereffective|p2a: Sandy Shocks\n|-damage|p2a: Sandy Shocks|0 fnt\n|faint|p2a: Sandy Shocks\n|-end|p2a: Sandy Shocks|Protosynthesis|[silent]\n|\n|win|p0x1634fb7d", "uploadtime": 1783558931, "views": 0, "rating": 0, "private": 0, "password": null, "_winner": "p0x1634fb7d", "_our_name": "p0x1634fb7d"}