{"id": "battle-gen9randombattle-2194", "formatid": "gen9randombattle", "format": "[Gen 9] Random Battle", "players": ["p0x21941b23", "p0y219459dd"], "log": "|init|battle\n|title|p0x21941b23 vs. p0y219459dd\n|j|\u2606p0x21941b23\n|j|\u2606p0y219459dd\n|t:|1783565413\n|gametype|singles\n|player|p1|p0x21941b23|266|\n|player|p2|p0y219459dd|101|\n|gen|9\n|tier|[Gen 9] Random Battle\n|rule|Species Clause: Limit one of each Pok\u00e9mon\n|rule|HP Percentage Mod: HP is shown in percentages\n|rule|Sleep Clause Mod: Limit one foe put to sleep\n|rule|Illusion Level Mod: Illusion disguises the Pok\u00e9mon's true level\n|\n|t:|1783565413\n|teamsize|p1|6\n|teamsize|p2|6\n|start\n|switch|p1a: Feraligatr|Feraligatr, L79, M|100/100\n|switch|p2a: Greninja|Greninja, L80, M|246/246\n|turn|1\n|inactive|Battle timer is ON: inactive players will automatically lose when time's up. (requested by p0x21941b23)\n|inactive|Time left: 300 sec this turn | 300 sec total | 60 sec grace\n|inactive|p0y219459dd also wants the timer to be on.\n|\n|t:|1783565415\n|move|p2a: Greninja|Dark Pulse|p1a: Feraligatr\n|-damage|p1a: Feraligatr|55/100\n|-damage|p2a: Greninja|222/246|[from] item: Life Orb\n|move|p1a: Feraligatr|Dragon Dance|p1a: Feraligatr\n|-boost|p1a: Feraligatr|atk|1\n|-boost|p1a: Feraligatr|spe|1\n|\n|upkeep\n|turn|2\n|inactive|Time left: 300 sec this turn | 300 sec total\n|\n|t:|1783565416\n|move|p1a: Feraligatr|Trailblaze|p2a: Greninja\n|-supereffective|p2a: Greninja\n|-damage|p2a: Greninja|0 fnt\n|faint|p2a: Greninja\n|\n|upkeep\n|inactive|Time left: 300 sec this turn | 300 sec total | 5 sec grace\n|\n|t:|1783565417\n|switch|p2a: Stantler|Stantler, L92, M|284/284\n|-ability|p2a: Stantler|Intimidate|boost\n|-unboost|p1a: Feraligatr|atk|1\n|turn|3\n|inactive|Time left: 300 sec this turn | 300 sec total\n|\n|t:|1783565418\n|move|p1a: Feraligatr|Dragon Dance|p1a: Feraligatr\n|-boost|p1a: Feraligatr|atk|1\n|-boost|p1a: Feraligatr|spe|1\n|move|p2a: Stantler|Body Slam|p1a: Feraligatr\n|-damage|p1a: Feraligatr|18/100\n|-status|p1a: Feraligatr|par\n|\n|upkeep\n|turn|4\n|inactive|Time left: 300 sec this turn | 300 sec total\n|\n|t:|1783565419\n|switch|p1a: Calyrex|Calyrex-Shadow, L64|100/100\n|-ability|p1a: Calyrex|As One\n|-ability|p1a: Calyrex|Unnerve\n|move|p2a: Stantler|Body Slam|p1a: Calyrex\n|-immune|p1a: Calyrex\n|\n|upkeep\n|turn|5\n|inactive|Time left: 300 sec this turn | 300 sec total\n|\n|t:|1783565420\n|move|p1a: Calyrex|Astral Barrage|p2a: Stantler\n|-immune|p2a: Stantler\n|move|p2a: Stantler|Throat Chop|p1a: Calyrex\n|-supereffective|p1a: Calyrex\n|-damage|p1a: Calyrex|0 fnt\n|faint|p1a: Calyrex\n|\n|upkeep\n|\n|t:|1783565421\n|switch|p1a: Stantler|Stantler, L92, F|100/100\n|-ability|p1a: Stantler|Intimidate|boost\n|-unboost|p2a: Stantler|atk|1\n|turn|6\n|inactive|Time left: 300 sec this turn | 300 sec total\n|\n|t:|1783565422\n|switch|p2a: Vikavolt|Vikavolt, L83, F|263/263\n|move|p1a: Stantler|Body Slam|p2a: Vikavolt\n|-damage|p2a: Vikavolt|149/263\n|\n|upkeep\n|turn|7\n|inactive|Time left: 300 sec this turn | 300 sec total\n|\n|t:|1783565423\n|move|p1a: Stantler|Body Slam|p2a: Vikavolt\n|-damage|p2a: Vikavolt|44/263\n|move|p2a: Vikavolt|Sticky Web|p1a: Stantler\n|-sidestart|p1: p0x21941b23|move: Sticky Web\n|\n|upkeep\n|turn|8\n|inactive|Time left: 300 sec this turn | 300 sec total\n|\n|t:|1783565425\n|switch|p2a: Lugia|Lugia, L73|275/275\n|move|p1a: Stantler|Body Slam|p2a: Lugia\n|-damage|p2a: Lugia|231/275\n|-status|p2a: Lugia|par\n|\n|upkeep\n|turn|9\n|inactive|Time left: 300 sec this turn | 300 sec total\n|\n|t:|1783565426\n|move|p1a: Stantler|Throat Chop|p2a: Lugia\n|-supereffective|p2a: Lugia\n|-damage|p2a: Lugia|119/275 par\n|-start|p2a: Lugia|Throat Chop|[silent]\n|move|p2a: Lugia|Calm Mind|p2a: Lugia\n|-boost|p2a: Lugia|spa|1\n|-boost|p2a: Lugia|spd|1\n|\n|upkeep\n|turn|10\n|inactive|Time left: 300 sec this turn | 300 sec total\n|\n|t:|1783565427\n|move|p1a: Stantler|Body Slam|p2a: Lugia\n|-damage|p2a: Lugia|32/275 par\n|move|p2a: Lugia|Recover|p2a: Lugia\n|-heal|p2a: Lugia|170/275 par\n|\n|-end|p2a: Lugia|Throat Chop|[silent]\n|upkeep\n|turn|11\n|inactive|Time left: 300 sec this turn | 300 sec total\n|\n|t:|1783565428\n|move|p1a: Stantler|Throat Chop|p2a: Lugia\n|-supereffective|p2a: Lugia\n|-damage|p2a: Lugia|60/275 par\n|-start|p2a: Lugia|Throat Chop|[silent]\n|move|p2a: Lugia|Recover|p2a: Lugia\n|-heal|p2a: Lugia|198/275 par\n|\n|upkeep\n|turn|12\n|inactive|Time left: 300 sec this turn | 300 sec total\n|\n|t:|1783565429\n|move|p1a: Stantler|Throat Chop|p2a: Lugia\n|-supereffective|p2a: Lugia\n|-damage|p2a: Lugia|86/275 par\n|cant|p2a: Lugia|par\n|\n|-end|p2a: Lugia|Throat Chop|[silent]\n|upkeep\n|turn|13\n|inactive|Time left: 300 sec this turn | 300 sec total\n|\n|t:|1783565430\n|-terastallize|p2a: Lugia|Steel\n|move|p1a: Stantler|Throat Chop|p2a: Lugia\n|-damage|p2a: Lugia|28/275 par\n|-start|p2a: Lugia|Throat Chop|[silent]\n|move|p2a: Lugia|Recover|p2a: Lugia\n|-heal|p2a: Lugia|166/275 par\n|\n|upkeep\n|turn|14\n|inactive|Time left: 300 sec this turn | 300 sec total\n|\n|t:|1783565431\n|move|p1a: Stantler|Earthquake|p2a: Lugia\n|-supereffective|p2a: Lugia\n|-damage|p2a: Lugia|18/275 par\n|move|p2a: Lugia|Recover|p2a: Lugia\n|-heal|p2a: Lugia|156/275 par\n|\n|-end|p2a: Lugia|Throat Chop|[silent]\n|upkeep\n|turn|15\n|inactive|Time left: 300 sec this turn | 300 sec total\n|\n|t:|1783565432\n|move|p1a: Stantler|Earthquake|p2a: Lugia\n|-supereffective|p2a: Lugia\n|-damage|p2a: Lugia|28/275 par\n|move|p2a: Lugia|Recover|p2a: Lugia\n|-heal|p2a: Lugia|166/275 par\n|\n|upkeep\n|turn|16\n|inactive|Time left: 300 sec this turn | 300 sec total\n|\n|t:|1783565433\n|move|p1a: Stantler|Earthquake|p2a: Lugia\n|-supereffective|p2a: Lugia\n|-damage|p2a: Lugia|28/275 par\n|move|p2a: Lugia|Recover|p2a: Lugia\n|-heal|p2a: Lugia|166/275 par\n|\n|upkeep\n|turn|17\n|inactive|Time left: 300 sec this turn | 300 sec total\n|\n|t:|1783565434\n|move|p1a: Stantler|Earthquake|p2a: Lugia\n|-supereffective|p2a: Lugia\n|-damage|p2a: Lugia|30/275 par\n|move|p2a: Lugia|Recover|p2a: Lugia\n|-heal|p2a: Lugia|168/275 par\n|\n|upkeep\n|turn|18\n|inactive|Time left: 300 sec this turn | 300 sec total\n|\n|t:|1783565435\n|move|p1a: Stantler|Earthquake|p2a: Lugia\n|-supereffective|p2a: Lugia\n|-damage|p2a: Lugia|30/275 par\n|cant|p2a: Lugia|par\n|\n|upkeep\n|turn|19\n|inactive|Time left: 300 sec this turn | 300 sec total\n|\n|t:|1783565436\n|switch|p2a: Stantler|Stantler, L92, M|284/284\n|-ability|p2a: Stantler|Intimidate|boost\n|-unboost|p1a: Stantler|atk|1\n|move|p1a: Stantler|Body Slam|p2a: Stantler\n|-damage|p2a: Stantler|230/284\n|\n|upkeep\n|turn|20\n|inactive|Time left: 300 sec this turn | 300 sec total\n|\n|t:|1783565437\n|switch|p1a: Feraligatr|Feraligatr, L79, M|18/100 par\n|-activate|p1a: Feraligatr|move: Sticky Web\n|-unboost|p1a: Feraligatr|spe|1\n|move|p2a: Stantler|Body Slam|p1a: Feraligatr\n|-damage|p1a: Feraligatr|0 fnt\n|faint|p1a: Feraligatr\n|\n|upkeep\n|\n|t:|1783565438\n|switch|p1a: Vespiquen|Vespiquen, L99, F|100/100\n|-ability|p1a: Vespiquen|Pressure\n|turn|21\n|inactive|Time left: 300 sec this turn | 300 sec total\n|\n|t:|1783565439\n|move|p2a: Stantler|Body Slam|p1a: Vespiquen\n|-damage|p1a: Vespiquen|71/100\n|move|p1a: Vespiquen|Hurricane|p2a: Stantler|[miss]\n|-miss|p1a: Vespiquen|p2a: Stantler\n|\n|upkeep\n|turn|22\n|inactive|Time left: 300 sec this turn | 300 sec total\n|\n|t:|1783565441\n|move|p2a: Stantler|Thunder Wave|p1a: Vespiquen\n|-status|p1a: Vespiquen|par\n|move|p1a: Vespiquen|Hurricane|p2a: Stantler\n|-damage|p2a: Stantler|125/284\n|-start|p2a: Stantler|confusion\n|\n|upkeep\n|turn|23\n|inactive|Time left: 300 sec this turn | 300 sec total\n|\n|t:|1783565442\n|switch|p2a: Lugia|Lugia, L73, tera:Steel|30/275 par\n|move|p1a: Vespiquen|Roost|p1a: Vespiquen\n|-heal|p1a: Vespiquen|100/100 par\n|-singleturn|p1a: Vespiquen|move: Roost\n|\n|upkeep\n|turn|24\n|inactive|Time left: 300 sec this turn | 300 sec total\n|\n|t:|1783565443\n|move|p2a: Lugia|Recover|p2a: Lugia\n|-heal|p2a: Lugia|168/275 par\n|cant|p1a: Vespiquen|par\n|\n|upkeep\n|turn|25\n|inactive|Time left: 300 sec this turn | 300 sec total\n|\n|t:|1783565444\n|move|p2a: Lugia|Calm Mind|p2a: Lugia\n|-boost|p2a: Lugia|spa|1\n|-boost|p2a: Lugia|spd|1\n|move|p1a: Vespiquen|Hurricane|p2a: Lugia\n|-resisted|p2a: Lugia\n|-damage|p2a: Lugia|135/275 par\n|\n|upkeep\n|turn|26\n|inactive|Time left: 300 sec this turn | 300 sec total\n|\n|t:|1783565445\n|switch|p1a: Stantler|Stantler, L92, F|100/100\n|-activate|p1a: Stantler|move: Sticky Web\n|-unboost|p1a: Stantler|spe|1\n|-ability|p1a: Stantler|Intimidate|boost\n|-unboost|p2a: Lugia|atk|1\n|move|p2a: Lugia|Aeroblast|p1a: Stantler\n|-damage|p1a: Stantler|71/100\n|\n|upkeep\n|turn|27\n|inactive|Time left: 300 sec this turn | 300 sec total\n|\n|t:|1783565446\n|move|p1a: Stantler|Earthquake|p2a: Lugia\n|-supereffective|p2a: Lugia\n|-damage|p2a: Lugia|0 fnt\n|faint|p2a: Lugia\n|\n|upkeep\n|inactive|Time left: 300 sec this turn | 300 sec total | 5 sec grace\n|\n|t:|1783565446\n|switch|p2a: Sandaconda|Sandaconda, L84, F|258/258\n|turn|28\n|inactive|Time left: 300 sec this turn | 300 sec total\n|\n|t:|1783565447\n|move|p2a: Sandaconda|Coil|p2a: Sandaconda\n|-boost|p2a: Sandaconda|atk|1\n|-boost|p2a: Sandaconda|def|1\n|-boost|p2a: Sandaconda|accuracy|1\n|move|p1a: Stantler|Body Slam|p2a: Sandaconda\n|-damage|p2a: Sandaconda|204/258\n|\n|upkeep\n|turn|29\n|inactive|Time left: 300 sec this turn | 300 sec total\n|\n|t:|1783565448\n|move|p2a: Sandaconda|Rock Blast|p1a: Stantler\n|-damage|p1a: Stantler|62/100\n|-damage|p1a: Stantler|54/100\n|-damage|p1a: Stantler|46/100\n|-damage|p1a: Stantler|37/100\n|-damage|p1a: Stantler|30/100\n|-hitcount|p1a: Stantler|5\n|move|p1a: Stantler|Body Slam|p2a: Sandaconda\n|-crit|p2a: Sandaconda\n|-damage|p2a: Sandaconda|84/258\n|\n|upkeep\n|turn|30\n|inactive|Time left: 300 sec this turn | 300 sec total\n|\n|t:|1783565449\n|move|p2a: Sandaconda|Earthquake|p1a: Stantler\n|-damage|p1a: Stantler|0 fnt\n|faint|p1a: Stantler\n|\n|upkeep\n|\n|t:|1783565450\n|switch|p1a: Delphox|Delphox, L84, F|100/100\n|-activate|p1a: Delphox|move: Sticky Web\n|-unboost|p1a: Delphox|spe|1\n|turn|31\n|inactive|Time left: 300 sec this turn | 300 sec total\n|\n|t:|1783565451\n|move|p1a: Delphox|Fire Blast|p2a: Sandaconda|[miss]\n|-miss|p1a: Delphox|p2a: Sandaconda\n|move|p2a: Sandaconda|Rock Blast|p1a: Delphox\n|-supereffective|p1a: Delphox\n|-crit|p1a: Delphox\n|-damage|p1a: Delphox|64/100\n|-supereffective|p1a: Delphox\n|-damage|p1a: Delphox|39/100\n|-supereffective|p1a: Delphox\n|-damage|p1a: Delphox|12/100\n|-supereffective|p1a: Delphox\n|-damage|p1a: Delphox|0 fnt\n|faint|p1a: Delphox\n|-hitcount|p1: Delphox|4\n|\n|upkeep\n|\n|t:|1783565452\n|switch|p1a: Vespiquen|Vespiquen, L99, F|100/100 par\n|-ability|p1a: Vespiquen|Pressure\n|turn|32\n|inactive|Time left: 300 sec this turn | 300 sec total\n|\n|t:|1783565453\n|-terastallize|p1a: Vespiquen|Steel\n|move|p2a: Sandaconda|Rock Blast|p1a: Vespiquen\n|-resisted|p1a: Vespiquen\n|-damage|p1a: Vespiquen|96/100 par\n|-resisted|p1a: Vespiquen\n|-damage|p1a: Vespiquen|93/100 par\n|-resisted|p1a: Vespiquen\n|-damage|p1a: Vespiquen|90/100 par\n|-resisted|p1a: Vespiquen\n|-damage|p1a: Vespiquen|86/100 par\n|-resisted|p1a: Vespiquen\n|-damage|p1a: Vespiquen|82/100 par\n|-hitcount|p1a: Vespiquen|5\n|move|p1a: Vespiquen|Hurricane|p2a: Sandaconda\n|-damage|p2a: Sandaconda|0 fnt\n|faint|p2a: Sandaconda\n|\n|upkeep\n|inactive|Time left: 300 sec this turn | 300 sec total | 5 sec grace\n|\n|t:|1783565454\n|switch|p2a: Stantler|Stantler, L92, M|125/284\n|-ability|p2a: Stantler|Intimidate|boost\n|-unboost|p1a: Vespiquen|atk|1\n|turn|33\n|inactive|Time left: 300 sec this turn | 300 sec total\n|\n|t:|1783565455\n|move|p2a: Stantler|Earthquake|p1a: Vespiquen\n|-supereffective|p1a: Vespiquen\n|-damage|p1a: Vespiquen|44/100 par\n|move|p1a: Vespiquen|Hurricane|p2a: Stantler\n|-damage|p2a: Stantler|14/284\n|\n|upkeep\n|turn|34\n|inactive|Time left: 300 sec this turn | 300 sec total\n|\n|t:|1783565456\n|move|p2a: Stantler|Earthquake|p1a: Vespiquen\n|-supereffective|p1a: Vespiquen\n|-damage|p1a: Vespiquen|0 fnt\n|faint|p1a: Vespiquen\n|\n|upkeep\n|\n|t:|1783565457\n|switch|p1a: Raging Bolt|Raging Bolt, L78|100/100\n|-activate|p1a: Raging Bolt|move: Sticky Web\n|-unboost|p1a: Raging Bolt|spe|1\n|turn|35\n|inactive|Time left: 300 sec this turn | 300 sec total\n|\n|t:|1783565458\n|move|p2a: Stantler|Earthquake|p1a: Raging Bolt\n|-supereffective|p1a: Raging Bolt\n|-crit|p1a: Raging Bolt\n|-damage|p1a: Raging Bolt|17/100\n|move|p1a: Raging Bolt|Calm Mind|p1a: Raging Bolt\n|-boost|p1a: Raging Bolt|spa|1\n|-boost|p1a: Raging Bolt|spd|1\n|\n|-heal|p1a: Raging Bolt|23/100|[from] item: Leftovers\n|upkeep\n|turn|36\n|inactive|Time left: 300 sec this turn | 300 sec total\n|\n|t:|1783565458\n|move|p1a: Raging Bolt|Thunderclap|p2a: Stantler\n|-damage|p2a: Stantler|0 fnt\n|faint|p2a: Stantler\n|\n|-heal|p1a: Raging Bolt|29/100|[from] item: Leftovers\n|upkeep\n|inactive|Time left: 300 sec this turn | 300 sec total | 5 sec grace\n|\n|t:|1783565459\n|switch|p2a: Shiftry|Shiftry, L89, M|305/305\n|turn|37\n|inactive|Time left: 300 sec this turn | 300 sec total\n|\n|t:|1783565460\n|move|p2a: Shiftry|Knock Off|p1a: Raging Bolt\n|-damage|p1a: Raging Bolt|0 fnt\n|-enditem|p1a: Raging Bolt|Leftovers|[from] move: Knock Off|[of] p2a: Shiftry\n|faint|p1a: Raging Bolt\n|-end|p1a: Raging Bolt|Protosynthesis|[silent]\n|-damage|p2a: Shiftry|275/305|[from] item: Life Orb\n|\n|win|p0y219459dd", "uploadtime": 1783565460, "views": 0, "rating": 0, "private": 0, "password": null, "_winner": "p0y219459dd", "_our_name": "p0y219459dd"}