{"id": "battle-gen9randombattle-2527", "formatid": "gen9randombattle", "format": "[Gen 9] Random Battle", "players": ["p0x25273dfb", "p0y2527b349"], "log": "|init|battle\n|title|p0x25273dfb vs. p0y2527b349\n|j|\u2606p0x25273dfb\n|j|\u2606p0y2527b349\n|t:|1783569248\n|gametype|singles\n|player|p1|p0x25273dfb|169|\n|player|p2|p0y2527b349|2|\n|gen|9\n|tier|[Gen 9] Random Battle\n|rule|Species Clause: Limit one of each Pok\u00e9mon\n|rule|HP Percentage Mod: HP is shown in percentages\n|rule|Sleep Clause Mod: Limit one foe put to sleep\n|rule|Illusion Level Mod: Illusion disguises the Pok\u00e9mon's true level\n|\n|t:|1783569248\n|teamsize|p1|6\n|teamsize|p2|6\n|start\n|switch|p1a: Pyroar|Pyroar, L88, F|100/100\n|switch|p2a: Kleavor|Kleavor, L78, F|237/237\n|-ability|p1a: Pyroar|Unnerve\n|turn|1\n|inactive|Battle timer is ON: inactive players will automatically lose when time's up. (requested by p0x25273dfb)\n|inactive|Time left: 300 sec this turn | 300 sec total | 60 sec grace\n|inactive|p0y2527b349 also wants the timer to be on.\n|\n|t:|1783569249\n|move|p2a: Kleavor|Stone Axe|p1a: Pyroar\n|-supereffective|p1a: Pyroar\n|-damage|p1a: Pyroar|9/100\n|-sidestart|p1: p0x25273dfb|move: Stealth Rock\n|move|p1a: Pyroar|Fire Blast|p2a: Kleavor\n|-damage|p2a: Kleavor|44/237\n|\n|upkeep\n|turn|2\n|inactive|Time left: 300 sec this turn | 300 sec total\n|\n|t:|1783569251\n|move|p2a: Kleavor|Stone Axe|p1a: Pyroar\n|-supereffective|p1a: Pyroar\n|-damage|p1a: Pyroar|0 fnt\n|faint|p1a: Pyroar\n|\n|upkeep\n|\n|t:|1783569252\n|switch|p1a: Haxorus|Haxorus, L77, F|100/100\n|-damage|p1a: Haxorus|88/100|[from] Stealth Rock\n|-ability|p1a: Haxorus|Mold Breaker\n|turn|3\n|inactive|Time left: 300 sec this turn | 300 sec total\n|\n|t:|1783569253\n|move|p2a: Kleavor|Stone Axe|p1a: Haxorus\n|-damage|p1a: Haxorus|40/100\n|move|p1a: Haxorus|Dragon Dance|p1a: Haxorus\n|-boost|p1a: Haxorus|atk|1\n|-boost|p1a: Haxorus|spe|1\n|\n|upkeep\n|turn|4\n|inactive|Time left: 300 sec this turn | 300 sec total\n|\n|t:|1783569254\n|switch|p2a: Stantler|Stantler, L92, F|284/284\n|-ability|p2a: Stantler|Intimidate|boost\n|-unboost|p1a: Haxorus|atk|1\n|move|p1a: Haxorus|Outrage|p2a: Stantler\n|-damage|p2a: Stantler|175/284\n|\n|upkeep\n|turn|5\n|inactive|Time left: 300 sec this turn | 300 sec total\n|\n|t:|1783569255\n|-terastallize|p2a: Stantler|Fairy\n|move|p1a: Haxorus|Outrage|p2a: Stantler|[from] lockedmove\n|-immune|p2a: Stantler\n|-start|p1a: Haxorus|confusion|[fatigue]\n|-enditem|p1a: Haxorus|Lum Berry|[eat]\n|-end|p1a: Haxorus|confusion\n|move|p2a: Stantler|Body Slam|p1a: Haxorus\n|-damage|p1a: Haxorus|0 fnt\n|faint|p1a: Haxorus\n|\n|upkeep\n|\n|t:|1783569256\n|switch|p1a: Skeledirge|Skeledirge, L79, F|100/100\n|turn|6\n|inactive|Time left: 300 sec this turn | 300 sec total\n|\n|t:|1783569257\n|move|p2a: Stantler|Earthquake|p1a: Skeledirge\n|-supereffective|p1a: Skeledirge\n|-damage|p1a: Skeledirge|45/100\n|move|p1a: Skeledirge|Torch Song|p2a: Stantler\n|-damage|p2a: Stantler|115/284\n|-boost|p1a: Skeledirge|spa|1\n|\n|upkeep\n|turn|7\n|inactive|Time left: 300 sec this turn | 300 sec total\n|\n|t:|1783569258\n|-terastallize|p1a: Skeledirge|Fairy\n|move|p2a: Stantler|Earthquake|p1a: Skeledirge\n|-damage|p1a: Skeledirge|18/100\n|move|p1a: Skeledirge|Slack Off|p1a: Skeledirge\n|-heal|p1a: Skeledirge|68/100\n|\n|upkeep\n|turn|8\n|inactive|Time left: 300 sec this turn | 300 sec total\n|\n|t:|1783569259\n|move|p2a: Stantler|Body Slam|p1a: Skeledirge\n|-damage|p1a: Skeledirge|36/100\n|move|p1a: Skeledirge|Slack Off|p1a: Skeledirge\n|-heal|p1a: Skeledirge|86/100\n|\n|upkeep\n|turn|9\n|inactive|Time left: 300 sec this turn | 300 sec total\n|\n|t:|1783569260\n|move|p2a: Stantler|Body Slam|p1a: Skeledirge\n|-crit|p1a: Skeledirge\n|-damage|p1a: Skeledirge|38/100\n|move|p1a: Skeledirge|Torch Song|p2a: Stantler\n|-damage|p2a: Stantler|13/284\n|-boost|p1a: Skeledirge|spa|1\n|\n|upkeep\n|turn|10\n|inactive|Time left: 300 sec this turn | 300 sec total\n|\n|t:|1783569261\n|move|p2a: Stantler|Body Slam|p1a: Skeledirge\n|-damage|p1a: Skeledirge|6/100\n|move|p1a: Skeledirge|Slack Off|p1a: Skeledirge\n|-heal|p1a: Skeledirge|56/100\n|\n|upkeep\n|turn|11\n|inactive|Time left: 300 sec this turn | 300 sec total\n|\n|t:|1783569262\n|move|p2a: Stantler|Body Slam|p1a: Skeledirge\n|-damage|p1a: Skeledirge|23/100\n|-status|p1a: Skeledirge|par\n|move|p1a: Skeledirge|Slack Off|p1a: Skeledirge\n|-heal|p1a: Skeledirge|73/100 par\n|\n|upkeep\n|turn|12\n|inactive|Time left: 300 sec this turn | 300 sec total\n|\n|t:|1783569263\n|move|p2a: Stantler|Body Slam|p1a: Skeledirge\n|-damage|p1a: Skeledirge|39/100 par\n|move|p1a: Skeledirge|Slack Off|p1a: Skeledirge\n|-heal|p1a: Skeledirge|89/100 par\n|\n|upkeep\n|turn|13\n|inactive|Time left: 300 sec this turn | 300 sec total\n|\n|t:|1783569264\n|move|p2a: Stantler|Body Slam|p1a: Skeledirge\n|-damage|p1a: Skeledirge|57/100 par\n|move|p1a: Skeledirge|Torch Song|p2a: Stantler\n|-damage|p2a: Stantler|0 fnt\n|-boost|p1a: Skeledirge|spa|1\n|faint|p2a: Stantler\n|\n|upkeep\n|inactive|Time left: 300 sec this turn | 300 sec total | 5 sec grace\n|\n|t:|1783569264\n|switch|p2a: Entei|Entei, L78|307/307\n|turn|14\n|inactive|Time left: 300 sec this turn | 300 sec total\n|\n|t:|1783569265\n|move|p2a: Entei|Flare Blitz|p1a: Skeledirge\n|-damage|p1a: Skeledirge|0 fnt\n|faint|p1a: Skeledirge\n|-damage|p2a: Entei|252/307|[from] Recoil\n|\n|upkeep\n|\n|t:|1783569266\n|switch|p1a: Seviper|Seviper, L93, F|100/100\n|-damage|p1a: Seviper|88/100|[from] Stealth Rock\n|turn|15\n|inactive|Time left: 300 sec this turn | 300 sec total\n|\n|t:|1783569267\n|move|p2a: Entei|Flare Blitz|p1a: Seviper\n|-damage|p1a: Seviper|3/100\n|-damage|p2a: Entei|171/307|[from] Recoil\n|move|p1a: Seviper|Earthquake|p2a: Entei\n|-supereffective|p2a: Entei\n|-damage|p2a: Entei|0 fnt\n|faint|p2a: Entei\n|-damage|p1a: Seviper|0 fnt|[from] item: Life Orb\n|faint|p1a: Seviper\n|\n|upkeep\n|inactive|Time left: 300 sec this turn | 300 sec total | 5 sec grace\n|\n|t:|1783569268\n|switch|p2a: Gallade|Gallade, L80, M|240/240\n|switch|p1a: Banette|Banette, L93, M|100/100\n|-damage|p1a: Banette|88/100|[from] Stealth Rock\n|turn|16\n|inactive|Time left: 300 sec this turn | 300 sec total\n|\n|t:|1783569269\n|move|p1a: Banette|Poltergeist|p2a: Gallade\n|-activate|p2a: Gallade|move: Poltergeist|Life Orb\n|-supereffective|p2a: Gallade\n|-damage|p2a: Gallade|0 fnt\n|faint|p2a: Gallade\n|-damage|p1a: Banette|78/100|[from] item: Life Orb\n|\n|upkeep\n|inactive|Time left: 300 sec this turn | 300 sec total | 5 sec grace\n|\n|t:|1783569270\n|switch|p2a: Jirachi|Jirachi, L80|291/291\n|turn|17\n|inactive|Time left: 300 sec this turn | 300 sec total\n|\n|t:|1783569270\n|move|p2a: Jirachi|Iron Head|p1a: Banette\n|-damage|p1a: Banette|45/100\n|-start|p2a: Jirachi|Disable|Iron Head|[from] ability: Cursed Body|[of] p1a: Banette\n|move|p1a: Banette|Poltergeist|p2a: Jirachi\n|-activate|p2a: Jirachi|move: Poltergeist|Leftovers\n|-supereffective|p2a: Jirachi\n|-damage|p2a: Jirachi|0 fnt\n|faint|p2a: Jirachi\n|-damage|p1a: Banette|35/100|[from] item: Life Orb\n|\n|upkeep\n|inactive|Time left: 300 sec this turn | 300 sec total | 5 sec grace\n|\n|t:|1783569271\n|switch|p2a: Haxorus|Haxorus, L77, M|244/244\n|-ability|p2a: Haxorus|Mold Breaker\n|turn|18\n|inactive|Time left: 300 sec this turn | 300 sec total\n|\n|t:|1783569272\n|switch|p1a: Smeargle|Smeargle, L95, F|100/100\n|-damage|p1a: Smeargle|88/100|[from] Stealth Rock\n|move|p2a: Haxorus|Scale Shot|p1a: Smeargle\n|-damage|p1a: Smeargle|66/100\n|-damage|p1a: Smeargle|45/100\n|-damage|p1a: Smeargle|26/100\n|-damage|p1a: Smeargle|6/100\n|-damage|p1a: Smeargle|0 fnt\n|faint|p1a: Smeargle\n|-hitcount|p1: Smeargle|5\n|-unboost|p2a: Haxorus|def|1\n|-boost|p2a: Haxorus|spe|1\n|\n|upkeep\n|\n|t:|1783569273\n|switch|p1a: Banette|Banette, L93, M|35/100\n|-damage|p1a: Banette|23/100|[from] Stealth Rock\n|turn|19\n|inactive|Time left: 300 sec this turn | 300 sec total\n|\n|t:|1783569274\n|move|p2a: Haxorus|Earthquake|p1a: Banette\n|-damage|p1a: Banette|0 fnt\n|faint|p1a: Banette\n|\n|win|p0y2527b349", "uploadtime": 1783569274, "views": 0, "rating": 0, "private": 0, "password": null, "_winner": "p0y2527b349", "_our_name": "p0y2527b349"}