{"id": "battle-gen9randombattle-83", "formatid": "gen9randombattle", "format": "[Gen 9] Random Battle", "players": ["p0x083c7f2", "p0y0839a84"], "log": "|init|battle\n|title|p0x083c7f2 vs. p0y0839a84\n|j|\u2606p0x083c7f2\n|j|\u2606p0y0839a84\n|t:|1783534748\n|gametype|singles\n|player|p1|p0x083c7f2|1|\n|player|p2|p0y0839a84|1|\n|gen|9\n|tier|[Gen 9] Random Battle\n|rule|Species Clause: Limit one of each Pok\u00e9mon\n|rule|HP Percentage Mod: HP is shown in percentages\n|rule|Sleep Clause Mod: Limit one foe put to sleep\n|rule|Illusion Level Mod: Illusion disguises the Pok\u00e9mon's true level\n|\n|t:|1783534748\n|teamsize|p1|6\n|teamsize|p2|6\n|start\n|switch|p1a: Sunflora|Sunflora, F|100/100\n|switch|p2a: Articuno|Articuno-Galar, L84|288/288\n|turn|1\n|inactive|Battle timer is ON: inactive players will automatically lose when time's up. (requested by p0x083c7f2)\n|inactive|Time left: 300 sec this turn | 300 sec total | 60 sec grace\n|inactive|p0y0839a84 also wants the timer to be on.\n|\n|t:|1783534749\n|move|p2a: Articuno|Freezing Glare|p1a: Sunflora\n|-damage|p1a: Sunflora|66/100\n|move|p1a: Sunflora|Dazzling Gleam|p2a: Articuno\n|-crit|p2a: Articuno\n|-damage|p2a: Articuno|115/288\n|\n|upkeep\n|turn|2\n|inactive|Time left: 300 sec this turn | 300 sec total\n|\n|t:|1783534750\n|move|p2a: Articuno|Recover|p2a: Articuno\n|-heal|p2a: Articuno|259/288\n|move|p1a: Sunflora|Dazzling Gleam|p2a: Articuno\n|-damage|p2a: Articuno|144/288\n|\n|upkeep\n|turn|3\n|inactive|Time left: 300 sec this turn | 300 sec total\n|\n|t:|1783534751\n|move|p2a: Articuno|Recover|p2a: Articuno\n|-heal|p2a: Articuno|288/288\n|move|p1a: Sunflora|Dazzling Gleam|p2a: Articuno\n|-damage|p2a: Articuno|178/288\n|\n|upkeep\n|turn|4\n|inactive|Time left: 300 sec this turn | 300 sec total\n|\n|t:|1783534752\n|move|p2a: Articuno|Hurricane|p1a: Sunflora|[miss]\n|-miss|p2a: Articuno|p1a: Sunflora\n|move|p1a: Sunflora|Dazzling Gleam|p2a: Articuno\n|-crit|p2a: Articuno\n|-damage|p2a: Articuno|14/288\n|\n|upkeep\n|turn|5\n|inactive|Time left: 300 sec this turn | 300 sec total\n|\n|t:|1783534753\n|move|p2a: Articuno|Hurricane|p1a: Sunflora\n|-supereffective|p1a: Sunflora\n|-damage|p1a: Sunflora|0 fnt\n|faint|p1a: Sunflora\n|\n|upkeep\n|\n|t:|1783534754\n|switch|p1a: Sawsbuck|Sawsbuck-Winter, L88, F|100/100\n|turn|6\n|inactive|Time left: 300 sec this turn | 300 sec total\n|\n|t:|1783534755\n|move|p1a: Sawsbuck|Double-Edge|p2a: Articuno\n|-damage|p2a: Articuno|0 fnt\n|faint|p2a: Articuno\n|-damage|p1a: Sawsbuck|99/100|[from] Recoil\n|-damage|p1a: Sawsbuck|89/100|[from] item: Life Orb\n|\n|upkeep\n|inactive|Time left: 300 sec this turn | 300 sec total | 5 sec grace\n|\n|t:|1783534756\n|switch|p2a: Zamazenta|Zamazenta, L71|248/248\n|-ability|p2a: Zamazenta|Dauntless Shield|boost\n|-boost|p2a: Zamazenta|def|1\n|turn|7\n|inactive|Time left: 300 sec this turn | 300 sec total\n|\n|t:|1783534756\n|switch|p1a: Palossand|Palossand, L89, M|100/100\n|move|p2a: Zamazenta|Close Combat|p1a: Palossand\n|-immune|p1a: Palossand\n|\n|upkeep\n|turn|8\n|inactive|Time left: 300 sec this turn | 300 sec total\n|\n|t:|1783534757\n|switch|p2a: Bisharp|Bisharp, L79, M|232/232\n|move|p1a: Palossand|Shadow Ball|p2a: Bisharp\n|-resisted|p2a: Bisharp\n|-damage|p2a: Bisharp|194/232\n|\n|upkeep\n|turn|9\n|inactive|Time left: 300 sec this turn | 300 sec total\n|\n|t:|1783534758\n|move|p2a: Bisharp|Stealth Rock|p1a: Palossand\n|-sidestart|p1: p0x083c7f2|move: Stealth Rock\n|move|p1a: Palossand|Earth Power|p2a: Bisharp\n|-supereffective|p2a: Bisharp\n|-damage|p2a: Bisharp|8/232\n|\n|upkeep\n|turn|10\n|inactive|Time left: 300 sec this turn | 300 sec total\n|\n|t:|1783534759\n|move|p2a: Bisharp|Throat Chop|p1a: Palossand\n|-supereffective|p1a: Palossand\n|-damage|p1a: Palossand|54/100\n|-start|p1a: Palossand|Throat Chop|[silent]\n|move|p1a: Palossand|Shadow Ball|p2a: Bisharp\n|-resisted|p2a: Bisharp\n|-damage|p2a: Bisharp|0 fnt\n|faint|p2a: Bisharp\n|\n|-heal|p1a: Palossand|60/100|[from] item: Leftovers\n|upkeep\n|inactive|Time left: 300 sec this turn | 300 sec total | 5 sec grace\n|\n|t:|1783534759\n|switch|p2a: Zamazenta|Zamazenta, L71|248/248\n|turn|11\n|inactive|Time left: 300 sec this turn | 300 sec total\n|\n|t:|1783534760\n|move|p2a: Zamazenta|Crunch|p1a: Palossand\n|-supereffective|p1a: Palossand\n|-damage|p1a: Palossand|22/100\n|move|p1a: Palossand|Shadow Ball|p2a: Zamazenta\n|-damage|p2a: Zamazenta|154/248\n|-unboost|p2a: Zamazenta|spd|1\n|\n|-heal|p1a: Palossand|28/100|[from] item: Leftovers\n|-end|p1a: Palossand|Throat Chop|[silent]\n|upkeep\n|turn|12\n|inactive|Time left: 300 sec this turn | 300 sec total\n|\n|t:|1783534761\n|-terastallize|p1a: Palossand|Poison\n|move|p2a: Zamazenta|Crunch|p1a: Palossand\n|-damage|p1a: Palossand|7/100\n|move|p1a: Palossand|Shore Up|p1a: Palossand\n|-heal|p1a: Palossand|57/100\n|\n|-heal|p1a: Palossand|63/100|[from] item: Leftovers\n|upkeep\n|turn|13\n|inactive|Time left: 300 sec this turn | 300 sec total\n|\n|t:|1783534762\n|switch|p2a: Delphox|Delphox, L84, F|263/263\n|move|p1a: Palossand|Sludge Bomb|p2a: Delphox\n|-damage|p2a: Delphox|161/263\n|\n|-heal|p1a: Palossand|69/100|[from] item: Leftovers\n|upkeep\n|turn|14\n|inactive|Time left: 300 sec this turn | 300 sec total\n|\n|t:|1783534763\n|-terastallize|p2a: Delphox|Fighting\n|move|p2a: Delphox|Nasty Plot|p2a: Delphox\n|-boost|p2a: Delphox|spa|2\n|move|p1a: Palossand|Earth Power|p2a: Delphox\n|-damage|p2a: Delphox|65/263\n|\n|-heal|p1a: Palossand|75/100|[from] item: Leftovers\n|upkeep\n|turn|15\n|inactive|Time left: 300 sec this turn | 300 sec total\n|\n|t:|1783534764\n|switch|p1a: Hatterene|Hatterene, L85, F|100/100\n|-damage|p1a: Hatterene|88/100|[from] Stealth Rock\n|move|p2a: Delphox|Psyshock|p1a: Hatterene\n|-resisted|p1a: Hatterene\n|-damage|p1a: Hatterene|53/100\n|\n|upkeep\n|turn|16\n|inactive|Time left: 300 sec this turn | 300 sec total\n|\n|t:|1783534765\n|move|p2a: Delphox|Fire Blast|p1a: Hatterene\n|-damage|p1a: Hatterene|0 fnt\n|faint|p1a: Hatterene\n|\n|upkeep\n|\n|t:|1783534766\n|switch|p1a: Gurdurr|Gurdurr, L85, M|100/100\n|-damage|p1a: Gurdurr|94/100|[from] Stealth Rock\n|turn|17\n|inactive|Time left: 300 sec this turn | 300 sec total\n|\n|t:|1783534767\n|move|p1a: Gurdurr|Mach Punch|p2a: Delphox\n|-damage|p2a: Delphox|10/263\n|move|p2a: Delphox|Fire Blast|p1a: Gurdurr\n|-damage|p1a: Gurdurr|0 fnt\n|faint|p1a: Gurdurr\n|\n|upkeep\n|\n|t:|1783534768\n|switch|p1a: Terapagos|Terapagos, L77, F|100/100\n|-activate|p1a: Terapagos|ability: Tera Shift\n|detailschange|p1a: Terapagos|Terapagos-Terastal, L77, F\n|-heal|p1a: Terapagos|100/100|[silent]\n|turn|18\n|inactive|Time left: 300 sec this turn | 300 sec total\n|\n|t:|1783534769\n|move|p2a: Delphox|Fire Blast|p1a: Terapagos\n|-activate|p1a: Terapagos|ability: Tera Shell\n|-resisted|p1a: Terapagos\n|-damage|p1a: Terapagos|29/100\n|move|p1a: Terapagos|Tera Starstorm|p2a: Delphox\n|-damage|p2a: Delphox|0 fnt\n|faint|p2a: Delphox\n|\n|upkeep\n|inactive|Time left: 300 sec this turn | 300 sec total | 5 sec grace\n|\n|t:|1783534770\n|switch|p2a: Archaludon|Archaludon, L78, M|268/268\n|turn|19\n|inactive|Time left: 300 sec this turn | 300 sec total\n|\n|t:|1783534771\n|switch|p1a: Palossand|Palossand, L89, M, tera:Poison|75/100\n|-damage|p1a: Palossand|63/100|[from] Stealth Rock\n|move|p2a: Archaludon|Swords Dance|p2a: Archaludon\n|-boost|p2a: Archaludon|atk|2\n|\n|-heal|p1a: Palossand|69/100|[from] item: Leftovers\n|upkeep\n|turn|20\n|inactive|Time left: 300 sec this turn | 300 sec total\n|\n|t:|1783534772\n|move|p2a: Archaludon|Earthquake|p1a: Palossand\n|-supereffective|p1a: Palossand\n|-damage|p1a: Palossand|3/100\n|move|p1a: Palossand|Earth Power|p2a: Archaludon\n|-supereffective|p2a: Archaludon\n|-damage|p2a: Archaludon|0 fnt\n|faint|p2a: Archaludon\n|\n|-heal|p1a: Palossand|9/100|[from] item: Leftovers\n|upkeep\n|inactive|Time left: 300 sec this turn | 300 sec total | 5 sec grace\n|\n|t:|1783534772\n|switch|p2a: Zamazenta|Zamazenta, L71|154/248\n|turn|21\n|inactive|Time left: 300 sec this turn | 300 sec total\n|\n|t:|1783534773\n|move|p2a: Zamazenta|Close Combat|p1a: Palossand\n|-resisted|p1a: Palossand\n|-damage|p1a: Palossand|0 fnt\n|-unboost|p2a: Zamazenta|def|1\n|-unboost|p2a: Zamazenta|spd|1\n|faint|p1a: Palossand\n|\n|upkeep\n|\n|t:|1783534774\n|switch|p1a: Terapagos|Terapagos-Terastal, L77, F|29/100\n|turn|22\n|inactive|Time left: 300 sec this turn | 300 sec total\n|\n|t:|1783534775\n|switch|p1a: Sawsbuck|Sawsbuck-Winter, L88, F|89/100\n|-damage|p1a: Sawsbuck|77/100|[from] Stealth Rock\n|move|p2a: Zamazenta|Close Combat|p1a: Sawsbuck\n|-supereffective|p1a: Sawsbuck\n|-damage|p1a: Sawsbuck|0 fnt\n|-unboost|p2a: Zamazenta|def|1\n|-unboost|p2a: Zamazenta|spd|1\n|faint|p1a: Sawsbuck\n|\n|upkeep\n|\n|t:|1783534776\n|switch|p1a: Terapagos|Terapagos-Terastal, L77, F|29/100\n|turn|23\n|inactive|Time left: 300 sec this turn | 300 sec total\n|\n|t:|1783534777\n|move|p2a: Zamazenta|Close Combat|p1a: Terapagos\n|-supereffective|p1a: Terapagos\n|-damage|p1a: Terapagos|0 fnt\n|-unboost|p2a: Zamazenta|def|1\n|-unboost|p2a: Zamazenta|spd|1\n|faint|p1a: Terapagos\n|\n|win|p0y0839a84", "uploadtime": 1783534777, "views": 0, "rating": 0, "private": 0, "password": null, "_winner": "p0y0839a84", "_our_name": "p0y0839a84"}