{"id": "battle-gen9randombattle-2020", "formatid": "gen9randombattle", "format": "[Gen 9] Random Battle", "players": ["p0x202072a8", "p0y2020b758"], "log": "|init|battle\n|title|p0x202072a8 vs. p0y2020b758\n|j|\u2606p0x202072a8\n|j|\u2606p0y2020b758\n|t:|1783562647\n|gametype|singles\n|player|p1|p0x202072a8|1|\n|player|p2|p0y2020b758|102|\n|gen|9\n|tier|[Gen 9] Random Battle\n|rule|Species Clause: Limit one of each Pok\u00e9mon\n|rule|HP Percentage Mod: HP is shown in percentages\n|rule|Sleep Clause Mod: Limit one foe put to sleep\n|rule|Illusion Level Mod: Illusion disguises the Pok\u00e9mon's true level\n|\n|t:|1783562647\n|teamsize|p1|6\n|teamsize|p2|6\n|start\n|switch|p1a: Medicham|Medicham, L86, F|243/243\n|switch|p2a: Lilligant|Lilligant-Hisui, L79, F|100/100\n|turn|1\n|inactive|Battle timer is ON: inactive players will automatically lose when time's up. (requested by p0x202072a8)\n|inactive|p0y2020b758 also wants the timer to be on.\n|\n|t:|1783562648\n|move|p1a: Medicham|Zen Headbutt|p2a: Lilligant\n|-supereffective|p2a: Lilligant\n|-damage|p2a: Lilligant|0 fnt\n|faint|p2a: Lilligant\n|\n|upkeep\n|\n|t:|1783562649\n|switch|p2a: Slaking|Slaking, L84, F|100/100\n|turn|2\n|inactive|Time left: 300 sec this turn | 300 sec total\n|\n|t:|1783562650\n|switch|p1a: Abomasnow|Abomasnow, L84, F|287/287\n|-weather|Snowscape|[from] ability: Snow Warning|[of] p1a: Abomasnow\n|move|p2a: Slaking|Giga Impact|p1a: Abomasnow\n|-damage|p1a: Abomasnow|28/287\n|-mustrecharge|p2a: Slaking\n|\n|-weather|Snowscape|[upkeep]\n|upkeep\n|turn|3\n|inactive|Time left: 300 sec this turn | 300 sec total\n|\n|t:|1783562651\n|cant|p2a: Slaking|recharge\n|move|p1a: Abomasnow|Aurora Veil|p1a: Abomasnow\n|-sidestart|p1: p0x202072a8|move: Aurora Veil\n|\n|-weather|Snowscape|[upkeep]\n|upkeep\n|turn|4\n|inactive|Time left: 300 sec this turn | 300 sec total\n|\n|t:|1783562652\n|move|p1a: Abomasnow|Ice Shard|p2a: Slaking\n|-damage|p2a: Slaking|92/100\n|move|p2a: Slaking|Giga Impact|p1a: Abomasnow\n|-damage|p1a: Abomasnow|0 fnt\n|-mustrecharge|p2a: Slaking\n|faint|p1a: Abomasnow\n|\n|-weather|Snowscape|[upkeep]\n|upkeep\n|inactive|Time left: 300 sec this turn | 300 sec total | 5 sec grace\n|\n|t:|1783562653\n|switch|p1a: Medicham|Medicham, L86, F|243/243\n|turn|5\n|inactive|Time left: 300 sec this turn | 300 sec total\n|\n|t:|1783562654\n|move|p1a: Medicham|Close Combat|p2a: Slaking\n|-supereffective|p2a: Slaking\n|-damage|p2a: Slaking|11/100\n|-unboost|p1a: Medicham|def|1\n|-unboost|p1a: Medicham|spd|1\n|cant|p2a: Slaking|recharge\n|\n|-weather|Snowscape|[upkeep]\n|upkeep\n|turn|6\n|inactive|Time left: 300 sec this turn | 300 sec total\n|\n|t:|1783562655\n|-terastallize|p2a: Slaking|Ghost\n|move|p1a: Medicham|Close Combat|p2a: Slaking\n|-immune|p2a: Slaking\n|move|p2a: Slaking|Giga Impact|p1a: Medicham\n|-damage|p1a: Medicham|0 fnt\n|-mustrecharge|p2a: Slaking\n|faint|p1a: Medicham\n|\n|-weather|none\n|upkeep\n|inactive|Time left: 300 sec this turn | 300 sec total | 5 sec grace\n|\n|t:|1783562655\n|switch|p1a: Basculin|Basculin-Blue-Striped, L86, F|261/261\n|turn|7\n|inactive|Time left: 300 sec this turn | 300 sec total\n|\n|t:|1783562657\n|move|p1a: Basculin|Flip Turn|p2a: Slaking\n|-damage|p2a: Slaking|0 fnt\n|faint|p2a: Slaking\n|inactive|Time left: 300 sec this turn | 300 sec total | 5 sec grace\n|\n|t:|1783562658\n|switch|p1a: Seviper|Seviper, L93, F|287/287|[from] Flip Turn\n|\n|upkeep\n|\n|t:|1783562659\n|switch|p2a: Indeedee|Indeedee-F, L90, F|100/100\n|-fieldstart|move: Psychic Terrain|[from] ability: Psychic Surge|[of] p2a: Indeedee\n|turn|8\n|inactive|Time left: 300 sec this turn | 300 sec total\n|\n|t:|1783562660\n|move|p2a: Indeedee|Psychic|p1a: Seviper\n|-supereffective|p1a: Seviper\n|-damage|p1a: Seviper|34/287\n|move|p1a: Seviper|Knock Off|p2a: Indeedee\n|-supereffective|p2a: Indeedee\n|-damage|p2a: Indeedee|0 fnt\n|-enditem|p2a: Indeedee|Choice Specs|[from] move: Knock Off|[of] p1a: Seviper\n|faint|p2a: Indeedee\n|-damage|p1a: Seviper|6/287|[from] item: Life Orb\n|\n|upkeep\n|\n|t:|1783562661\n|switch|p2a: Raikou|Raikou, L81|100/100\n|-ability|p2a: Raikou|Pressure\n|turn|9\n|inactive|Time left: 300 sec this turn | 300 sec total\n|\n|t:|1783562662\n|move|p2a: Raikou|Scald|p1a: Seviper\n|-damage|p1a: Seviper|0 fnt\n|faint|p1a: Seviper\n|\n|upkeep\n|inactive|Time left: 300 sec this turn | 300 sec total | 5 sec grace\n|\n|t:|1783562663\n|switch|p1a: Haxorus|Haxorus, L77, M|244/244\n|-ability|p1a: Haxorus|Mold Breaker\n|turn|10\n|inactive|Time left: 300 sec this turn | 300 sec total\n|\n|t:|1783562664\n|switch|p2a: Registeel|Registeel, L81|100/100\n|move|p1a: Haxorus|Swords Dance|p1a: Haxorus\n|-boost|p1a: Haxorus|atk|2\n|\n|-sideend|p1: p0x202072a8|move: Aurora Veil\n|upkeep\n|turn|11\n|inactive|Time left: 300 sec this turn | 300 sec total\n|\n|t:|1783562665\n|move|p1a: Haxorus|Earthquake|p2a: Registeel\n|-supereffective|p2a: Registeel\n|-damage|p2a: Registeel|23/100\n|move|p2a: Registeel|Iron Defense|p2a: Registeel\n|-boost|p2a: Registeel|def|2\n|\n|upkeep\n|turn|12\n|inactive|Time left: 300 sec this turn | 300 sec total\n|\n|t:|1783562666\n|move|p1a: Haxorus|Earthquake|p2a: Registeel\n|-supereffective|p2a: Registeel\n|-damage|p2a: Registeel|0 fnt\n|faint|p2a: Registeel\n|\n|-fieldend|move: Psychic Terrain\n|upkeep\n|\n|t:|1783562667\n|switch|p2a: Raikou|Raikou, L81|100/100\n|-ability|p2a: Raikou|Pressure\n|turn|13\n|inactive|Time left: 300 sec this turn | 300 sec total\n|\n|t:|1783562667\n|move|p2a: Raikou|Substitute|p2a: Raikou\n|-start|p2a: Raikou|Substitute\n|-damage|p2a: Raikou|76/100\n|move|p1a: Haxorus|Scale Shot|p2a: Raikou\n|-end|p2a: Raikou|Substitute\n|-damage|p2a: Raikou|52/100\n|-damage|p2a: Raikou|24/100\n|-damage|p2a: Raikou|0 fnt\n|faint|p2a: Raikou\n|-hitcount|p2: Raikou|4\n|-unboost|p1a: Haxorus|def|1\n|-boost|p1a: Haxorus|spe|1\n|\n|upkeep\n|\n|t:|1783562668\n|switch|p2a: Cacturne|Cacturne, L92, M|100/100\n|turn|14\n|inactive|Time left: 300 sec this turn | 300 sec total\n|\n|t:|1783562669\n|-terastallize|p1a: Haxorus|Steel\n|move|p2a: Cacturne|Sucker Punch|p1a: Haxorus\n|-damage|p1a: Haxorus|48/244\n|-damage|p2a: Cacturne|91/100|[from] item: Life Orb\n|move|p1a: Haxorus|Scale Shot|p2a: Cacturne\n|-damage|p2a: Cacturne|63/100\n|-damage|p2a: Cacturne|34/100\n|-damage|p2a: Cacturne|7/100\n|-damage|p2a: Cacturne|0 fnt\n|faint|p2a: Cacturne\n|-hitcount|p2: Cacturne|4\n|\n|win|p0x202072a8", "uploadtime": 1783562669, "views": 0, "rating": 0, "private": 0, "password": null, "_winner": "p0x202072a8", "_our_name": "p0x202072a8"}