{"id": "battle-gen9randombattle-2611", "formatid": "gen9randombattle", "format": "[Gen 9] Random Battle", "players": ["p0x26116f06", "p0y2611466a"], "log": "|init|battle\n|title|p0x26116f06 vs. p0y2611466a\n|j|\u2606p0x26116f06\n|j|\u2606p0y2611466a\n|t:|1783570149\n|gametype|singles\n|player|p1|p0x26116f06|2|\n|player|p2|p0y2611466a|265|\n|gen|9\n|tier|[Gen 9] Random Battle\n|rule|Species Clause: Limit one of each Pok\u00e9mon\n|rule|HP Percentage Mod: HP is shown in percentages\n|rule|Sleep Clause Mod: Limit one foe put to sleep\n|rule|Illusion Level Mod: Illusion disguises the Pok\u00e9mon's true level\n|\n|t:|1783570149\n|teamsize|p1|6\n|teamsize|p2|6\n|start\n|switch|p1a: Ho-Oh|Ho-Oh, L71|268/268\n|switch|p2a: Umbreon|Umbreon, L84, F|100/100\n|turn|1\n|inactive|Battle timer is ON: inactive players will automatically lose when time's up. (requested by p0y2611466a)\n|inactive|Time left: 300 sec this turn | 300 sec total | 60 sec grace\n|inactive|p0x26116f06 also wants the timer to be on.\n|\n|t:|1783570151\n|switch|p1a: Luxray|Luxray, L88, M|283/283\n|move|p2a: Umbreon|Foul Play|p1a: Luxray\n|-damage|p1a: Luxray|153/283\n|\n|-status|p1a: Luxray|brn|[from] item: Flame Orb\n|upkeep\n|turn|2\n|inactive|Time left: 300 sec this turn | 300 sec total\n|\n|t:|1783570152\n|switch|p1a: Medicham|Medicham, L86, F|243/243\n|move|p2a: Umbreon|Foul Play|p1a: Medicham\n|-damage|p1a: Medicham|164/243\n|\n|upkeep\n|turn|3\n|inactive|Time left: 300 sec this turn | 300 sec total\n|\n|t:|1783570153\n|move|p2a: Umbreon|Protect|p2a: Umbreon\n|-singleturn|p2a: Umbreon|Protect\n|move|p1a: Medicham|Close Combat|p2a: Umbreon\n|-activate|p2a: Umbreon|move: Protect\n|\n|upkeep\n|turn|4\n|inactive|Time left: 300 sec this turn | 300 sec total\n|\n|t:|1783570154\n|switch|p2a: Bruxish|Bruxish, L85, M|100/100\n|move|p1a: Medicham|Close Combat|p2a: Bruxish\n|-resisted|p2a: Bruxish\n|-damage|p2a: Bruxish|41/100\n|-unboost|p1a: Medicham|def|1\n|-unboost|p1a: Medicham|spd|1\n|\n|upkeep\n|turn|5\n|inactive|Time left: 300 sec this turn | 300 sec total\n|\n|t:|1783570156\n|switch|p1a: Samurott|Samurott, L88, F|310/310\n|move|p2a: Bruxish|Psychic Fangs|p1a: Samurott\n|-damage|p1a: Samurott|91/310\n|\n|upkeep\n|turn|6\n|inactive|Time left: 300 sec this turn | 300 sec total\n|\n|t:|1783570157\n|move|p2a: Bruxish|Psychic Fangs|p1a: Samurott\n|-damage|p1a: Samurott|0 fnt\n|faint|p1a: Samurott\n|\n|upkeep\n|inactive|Time left: 300 sec this turn | 300 sec total | 5 sec grace\n|\n|t:|1783570158\n|switch|p1a: Flygon|Flygon, L82, M|265/265\n|turn|7\n|inactive|Time left: 300 sec this turn | 300 sec total\n|\n|t:|1783570159\n|switch|p2a: Weezing|Weezing, L88, F|100/100\n|move|p1a: Flygon|Earthquake|p2a: Weezing\n|-immune|p2a: Weezing|[from] ability: Levitate\n|\n|upkeep\n|turn|8\n|inactive|Time left: 300 sec this turn | 300 sec total\n|\n|t:|1783570160\n|switch|p1a: Ho-Oh|Ho-Oh, L71|268/268\n|move|p2a: Weezing|Gunk Shot|p1a: Ho-Oh\n|-damage|p1a: Ho-Oh|126/268\n|\n|upkeep\n|turn|9\n|inactive|Time left: 300 sec this turn | 300 sec total\n|\n|t:|1783570161\n|move|p1a: Ho-Oh|Recover|p1a: Ho-Oh\n|-heal|p1a: Ho-Oh|260/268\n|move|p2a: Weezing|Gunk Shot|p1a: Ho-Oh\n|-damage|p1a: Ho-Oh|115/268\n|\n|upkeep\n|turn|10\n|inactive|Time left: 300 sec this turn | 300 sec total\n|\n|t:|1783570163\n|move|p1a: Ho-Oh|Sacred Fire|p2a: Weezing\n|-damage|p2a: Weezing|73/100\n|move|p2a: Weezing|Gunk Shot|p1a: Ho-Oh\n|-damage|p1a: Ho-Oh|0 fnt\n|faint|p1a: Ho-Oh\n|\n|-heal|p2a: Weezing|80/100|[from] item: Leftovers\n|upkeep\n|inactive|Time left: 300 sec this turn | 300 sec total | 5 sec grace\n|\n|t:|1783570164\n|switch|p1a: Medicham|Medicham, L86, F|164/243\n|turn|11\n|inactive|Time left: 300 sec this turn | 300 sec total\n|\n|t:|1783570165\n|move|p1a: Medicham|Zen Headbutt|p2a: Weezing\n|-supereffective|p2a: Weezing\n|-damage|p2a: Weezing|0 fnt\n|faint|p2a: Weezing\n|\n|upkeep\n|\n|t:|1783570166\n|switch|p2a: Bombirdier|Bombirdier, L85, F|100/100\n|turn|12\n|inactive|Time left: 300 sec this turn | 300 sec total\n|\n|t:|1783570167\n|switch|p1a: Muk|Muk, L86, F|321/321\n|move|p2a: Bombirdier|Knock Off|p1a: Muk\n|-damage|p1a: Muk|152/321\n|-enditem|p1a: Muk|Assault Vest|[from] move: Knock Off|[of] p2a: Bombirdier\n|\n|upkeep\n|turn|13\n|inactive|Time left: 300 sec this turn | 300 sec total\n|\n|t:|1783570168\n|move|p2a: Bombirdier|Knock Off|p1a: Muk\n|-damage|p1a: Muk|34/321\n|move|p1a: Muk|Drain Punch|p2a: Bombirdier\n|-crit|p2a: Bombirdier\n|-damage|p2a: Bombirdier|64/100\n|-heal|p1a: Muk|81/321|[from] drain|[of] p2a: Bombirdier\n|\n|upkeep\n|turn|14\n|inactive|Time left: 300 sec this turn | 300 sec total\n|\n|t:|1783570169\n|move|p2a: Bombirdier|Knock Off|p1a: Muk\n|-damage|p1a: Muk|0 fnt\n|faint|p1a: Muk\n|\n|upkeep\n|inactive|Time left: 300 sec this turn | 300 sec total | 5 sec grace\n|\n|t:|1783570170\n|switch|p1a: Flygon|Flygon, L82, M|265/265\n|turn|15\n|inactive|Time left: 300 sec this turn | 300 sec total\n|\n|t:|1783570170\n|move|p1a: Flygon|Outrage|p2a: Bombirdier\n|-damage|p2a: Bombirdier|20/100\n|move|p2a: Bombirdier|Knock Off|p1a: Flygon\n|-damage|p1a: Flygon|75/265\n|-enditem|p1a: Flygon|Choice Scarf|[from] move: Knock Off|[of] p2a: Bombirdier\n|\n|upkeep\n|turn|16\n|inactive|Time left: 300 sec this turn | 300 sec total\n|\n|t:|1783570171\n|move|p1a: Flygon|Outrage|p2a: Bombirdier|[from] lockedmove\n|-damage|p2a: Bombirdier|0 fnt\n|faint|p2a: Bombirdier\n|-start|p1a: Flygon|confusion|[fatigue]\n|\n|upkeep\n|\n|t:|1783570172\n|switch|p2a: Latios|Latios, L78, M|100/100\n|turn|17\n|inactive|Time left: 300 sec this turn | 300 sec total\n|\n|t:|1783570173\n|move|p2a: Latios|Luster Purge|p1a: Flygon\n|-damage|p1a: Flygon|0 fnt\n|faint|p1a: Flygon\n|\n|upkeep\n|inactive|Time left: 300 sec this turn | 300 sec total | 5 sec grace\n|\n|t:|1783570174\n|switch|p1a: Medicham|Medicham, L86, F|164/243\n|turn|18\n|inactive|Time left: 300 sec this turn | 300 sec total\n|\n|t:|1783570175\n|move|p2a: Latios|Luster Purge|p1a: Medicham\n|-damage|p1a: Medicham|0 fnt\n|faint|p1a: Medicham\n|\n|upkeep\n|inactive|Time left: 300 sec this turn | 300 sec total | 5 sec grace\n|\n|t:|1783570176\n|switch|p1a: Luxray|Luxray, L88, M|153/283 brn\n|turn|19\n|inactive|Time left: 300 sec this turn | 300 sec total\n|\n|t:|1783570176\n|-terastallize|p2a: Latios|Dragon\n|move|p2a: Latios|Luster Purge|p1a: Luxray\n|-damage|p1a: Luxray|0 fnt\n|faint|p1a: Luxray\n|\n|win|p0y2611466a", "uploadtime": 1783570176, "views": 0, "rating": 0, "private": 0, "password": null, "_winner": "p0y2611466a", "_our_name": "p0x26116f06"}