{"id": "battle-gen9randombattle-500", "formatid": "gen9randombattle", "format": "[Gen 9] Random Battle", "players": ["p0x500126d", "p0y5000ebf"], "log": "|init|battle\n|title|p0x500126d vs. p0y5000ebf\n|j|\u2606p0x500126d\n|j|\u2606p0y5000ebf\n|t:|1783545577\n|gametype|singles\n|player|p1|p0x500126d|170|\n|player|p2|p0y5000ebf|1|\n|gen|9\n|tier|[Gen 9] Random Battle\n|rule|Species Clause: Limit one of each Pok\u00e9mon\n|rule|HP Percentage Mod: HP is shown in percentages\n|rule|Sleep Clause Mod: Limit one foe put to sleep\n|rule|Illusion Level Mod: Illusion disguises the Pok\u00e9mon's true level\n|\n|t:|1783545577\n|teamsize|p1|6\n|teamsize|p2|6\n|start\n|switch|p1a: Revavroom|Revavroom, L79, M|100/100\n|switch|p2a: Slowbro|Slowbro, L85, M|300/300\n|turn|1\n|inactive|Battle timer is ON: inactive players will automatically lose when time's up. (requested by p0y5000ebf)\n|inactive|p0x500126d also wants the timer to be on.\n|\n|t:|1783545578\n|move|p1a: Revavroom|Shift Gear|p1a: Revavroom\n|-boost|p1a: Revavroom|spe|2\n|-boost|p1a: Revavroom|atk|1\n|move|p2a: Slowbro|Scald|p1a: Revavroom\n|-damage|p1a: Revavroom|54/100\n|\n|upkeep\n|turn|2\n|inactive|Time left: 300 sec this turn | 300 sec total\n|\n|t:|1783545580\n|move|p1a: Revavroom|Gunk Shot|p2a: Slowbro\n|-damage|p2a: Slowbro|84/300\n|-damage|p1a: Revavroom|44/100|[from] item: Life Orb\n|move|p2a: Slowbro|Scald|p1a: Revavroom\n|-damage|p1a: Revavroom|0 fnt\n|faint|p1a: Revavroom\n|\n|-heal|p2a: Slowbro|102/300|[from] item: Leftovers\n|upkeep\n|\n|t:|1783545581\n|switch|p1a: Meowscarada|Meowscarada, L78, M|100/100\n|turn|3\n|inactive|Time left: 300 sec this turn | 300 sec total\n|\n|t:|1783545582\n|switch|p2a: Honchkrow|Honchkrow, L86, F|312/312\n|move|p1a: Meowscarada|Knock Off|p2a: Honchkrow\n|-start|p1a: Meowscarada|typechange|Dark|[from] ability: Protean\n|-resisted|p2a: Honchkrow\n|-damage|p2a: Honchkrow|211/312\n|-enditem|p2a: Honchkrow|Heavy-Duty Boots|[from] move: Knock Off|[of] p1a: Meowscarada\n|\n|upkeep\n|turn|4\n|inactive|Time left: 300 sec this turn | 300 sec total\n|\n|t:|1783545583\n|move|p1a: Meowscarada|Knock Off|p2a: Honchkrow\n|-resisted|p2a: Honchkrow\n|-damage|p2a: Honchkrow|139/312\n|move|p2a: Honchkrow|Brave Bird|p1a: Meowscarada\n|-damage|p1a: Meowscarada|18/100\n|-damage|p2a: Honchkrow|72/312|[from] Recoil\n|\n|upkeep\n|turn|5\n|inactive|Time left: 300 sec this turn | 300 sec total\n|\n|t:|1783545584\n|switch|p1a: Garganacl|Garganacl, L80, M|100/100\n|move|p2a: Honchkrow|Lash Out|p1a: Garganacl\n|-damage|p1a: Garganacl|74/100\n|\n|-heal|p1a: Garganacl|80/100|[from] item: Leftovers\n|upkeep\n|turn|6\n|inactive|Time left: 300 sec this turn | 300 sec total\n|\n|t:|1783545585\n|switch|p2a: Slowbro|Slowbro, L85, M|202/300\n|move|p1a: Garganacl|Salt Cure|p2a: Slowbro\n|-damage|p2a: Slowbro|169/300\n|-start|p2a: Slowbro|Salt Cure\n|\n|-heal|p1a: Garganacl|86/100|[from] item: Leftovers\n|-heal|p2a: Slowbro|187/300|[from] item: Leftovers\n|-damage|p2a: Slowbro|112/300|[from] Salt Cure\n|upkeep\n|turn|7\n|inactive|Time left: 300 sec this turn | 300 sec total\n|\n|t:|1783545586\n|move|p1a: Garganacl|Salt Cure|p2a: Slowbro\n|-damage|p2a: Slowbro|78/300\n|move|p2a: Slowbro|Slack Off|p2a: Slowbro\n|-heal|p2a: Slowbro|228/300\n|\n|-heal|p1a: Garganacl|92/100|[from] item: Leftovers\n|-heal|p2a: Slowbro|246/300|[from] item: Leftovers\n|-damage|p2a: Slowbro|171/300|[from] Salt Cure\n|upkeep\n|turn|8\n|inactive|Time left: 300 sec this turn | 300 sec total\n|\n|t:|1783545587\n|switch|p2a: Camerupt|Camerupt, L91, F|275/275\n|move|p1a: Garganacl|Salt Cure|p2a: Camerupt\n|-damage|p2a: Camerupt|232/275\n|-start|p2a: Camerupt|Salt Cure\n|\n|-heal|p2a: Camerupt|249/275|[from] item: Leftovers\n|-heal|p1a: Garganacl|98/100|[from] item: Leftovers\n|-damage|p2a: Camerupt|215/275|[from] Salt Cure\n|upkeep\n|turn|9\n|inactive|Time left: 300 sec this turn | 300 sec total\n|\n|t:|1783545588\n|move|p2a: Camerupt|Earthquake|p1a: Garganacl\n|-supereffective|p1a: Garganacl\n|-damage|p1a: Garganacl|34/100\n|move|p1a: Garganacl|Salt Cure|p2a: Camerupt\n|-damage|p2a: Camerupt|169/275\n|\n|-heal|p2a: Camerupt|186/275|[from] item: Leftovers\n|-heal|p1a: Garganacl|40/100|[from] item: Leftovers\n|-damage|p2a: Camerupt|152/275|[from] Salt Cure\n|upkeep\n|turn|10\n|inactive|Time left: 300 sec this turn | 300 sec total\n|\n|t:|1783545590\n|move|p1a: Garganacl|Protect|p1a: Garganacl\n|-singleturn|p1a: Garganacl|Protect\n|move|p2a: Camerupt|Earthquake|p1a: Garganacl\n|-activate|p1a: Garganacl|move: Protect\n|\n|-heal|p2a: Camerupt|169/275|[from] item: Leftovers\n|-heal|p1a: Garganacl|46/100|[from] item: Leftovers\n|-damage|p2a: Camerupt|135/275|[from] Salt Cure\n|upkeep\n|turn|11\n|inactive|Time left: 300 sec this turn | 300 sec total\n|\n|t:|1783545591\n|move|p2a: Camerupt|Earthquake|p1a: Garganacl\n|-supereffective|p1a: Garganacl\n|-damage|p1a: Garganacl|0 fnt\n|faint|p1a: Garganacl\n|\n|-heal|p2a: Camerupt|152/275|[from] item: Leftovers\n|-damage|p2a: Camerupt|118/275|[from] Salt Cure\n|upkeep\n|\n|t:|1783545592\n|switch|p1a: Meowscarada|Meowscarada, L78, M|18/100\n|turn|12\n|inactive|Time left: 300 sec this turn | 300 sec total\n|\n|t:|1783545593\n|switch|p2a: Honchkrow|Honchkrow, L86, F|72/312\n|move|p1a: Meowscarada|Knock Off|p2a: Honchkrow\n|-start|p1a: Meowscarada|typechange|Dark|[from] ability: Protean\n|-resisted|p2a: Honchkrow\n|-damage|p2a: Honchkrow|4/312\n|\n|upkeep\n|turn|13\n|inactive|Time left: 300 sec this turn | 300 sec total\n|\n|t:|1783545594\n|move|p2a: Honchkrow|Sucker Punch|p1a: Meowscarada\n|-resisted|p1a: Meowscarada\n|-damage|p1a: Meowscarada|0 fnt\n|faint|p1a: Meowscarada\n|-ability|p2a: Honchkrow|Moxie|boost\n|-boost|p2a: Honchkrow|atk|1\n|\n|upkeep\n|\n|t:|1783545595\n|switch|p1a: Spectrier|Spectrier, L75|100/100\n|turn|14\n|inactive|Time left: 300 sec this turn | 300 sec total\n|\n|t:|1783545596\n|move|p2a: Honchkrow|Sucker Punch||[still]\n|-fail|p2a: Honchkrow\n|move|p1a: Spectrier|Substitute|p1a: Spectrier\n|-start|p1a: Spectrier|Substitute\n|-damage|p1a: Spectrier|76/100\n|\n|-heal|p1a: Spectrier|82/100|[from] item: Leftovers\n|upkeep\n|turn|15\n|inactive|Time left: 300 sec this turn | 300 sec total\n|\n|t:|1783545597\n|move|p2a: Honchkrow|Sucker Punch||[still]\n|-fail|p2a: Honchkrow\n|move|p1a: Spectrier|Nasty Plot|p1a: Spectrier\n|-boost|p1a: Spectrier|spa|2\n|\n|-heal|p1a: Spectrier|88/100|[from] item: Leftovers\n|upkeep\n|turn|16\n|inactive|Time left: 300 sec this turn | 300 sec total\n|\n|t:|1783545598\n|move|p2a: Honchkrow|Sucker Punch|p1a: Spectrier\n|-supereffective|p1a: Spectrier\n|-end|p1a: Spectrier|Substitute\n|move|p1a: Spectrier|Dark Pulse|p2a: Honchkrow\n|-resisted|p2a: Honchkrow\n|-crit|p2a: Honchkrow\n|-damage|p2a: Honchkrow|0 fnt\n|faint|p2a: Honchkrow\n|-ability|p1a: Spectrier|Grim Neigh|boost\n|-boost|p1a: Spectrier|spa|1\n|\n|-heal|p1a: Spectrier|94/100|[from] item: Leftovers\n|upkeep\n|inactive|Time left: 300 sec this turn | 300 sec total | 5 sec grace\n|\n|t:|1783545599\n|switch|p2a: Mew|Mew, L82|298/298\n|turn|17\n|inactive|Time left: 300 sec this turn | 300 sec total\n|\n|t:|1783545600\n|-terastallize|p2a: Mew|Fighting\n|move|p1a: Spectrier|Shadow Ball|p2a: Mew\n|-damage|p2a: Mew|78/298\n|move|p2a: Mew|Knock Off|p1a: Spectrier\n|-supereffective|p1a: Spectrier\n|-damage|p1a: Spectrier|0 fnt\n|-enditem|p1a: Spectrier|Leftovers|[from] move: Knock Off|[of] p2a: Mew\n|faint|p1a: Spectrier\n|-damage|p2a: Mew|49/298|[from] item: Life Orb\n|\n|upkeep\n|\n|t:|1783545602\n|switch|p1a: Appletun|Appletun, L92, M|100/100\n|turn|18\n|inactive|Time left: 300 sec this turn | 300 sec total\n|\n|t:|1783545603\n|move|p2a: Mew|Close Combat|p1a: Appletun\n|-damage|p1a: Appletun|56/100\n|-unboost|p2a: Mew|def|1\n|-unboost|p2a: Mew|spd|1\n|-damage|p2a: Mew|20/298|[from] item: Life Orb\n|move|p1a: Appletun|Apple Acid|p2a: Mew\n|-damage|p2a: Mew|0 fnt\n|faint|p2a: Mew\n|\n|-heal|p1a: Appletun|62/100|[from] item: Leftovers\n|upkeep\n|inactive|Time left: 300 sec this turn | 300 sec total | 5 sec grace\n|\n|t:|1783545604\n|switch|p2a: Pikachu|Pikachu-Partner, L93, F|216/216\n|turn|19\n|inactive|Time left: 300 sec this turn | 300 sec total\n|\n|t:|1783545605\n|move|p2a: Pikachu|Fake Out|p1a: Appletun\n|-damage|p1a: Appletun|49/100\n|cant|p1a: Appletun|flinch\n|\n|-heal|p1a: Appletun|55/100|[from] item: Leftovers\n|upkeep\n|turn|20\n|inactive|Time left: 300 sec this turn | 300 sec total\n|\n|t:|1783545605\n|switch|p2a: Camerupt|Camerupt, L91, F|118/275\n|move|p1a: Appletun|Apple Acid|p2a: Camerupt\n|-damage|p2a: Camerupt|18/275\n|-unboost|p2a: Camerupt|spd|1\n|\n|-heal|p2a: Camerupt|35/275|[from] item: Leftovers\n|-heal|p1a: Appletun|62/100|[from] item: Leftovers\n|upkeep\n|turn|21\n|inactive|Time left: 300 sec this turn | 300 sec total\n|\n|t:|1783545606\n|move|p2a: Camerupt|Stealth Rock|p1a: Appletun\n|-sidestart|p1: p0x500126d|move: Stealth Rock\n|move|p1a: Appletun|Apple Acid|p2a: Camerupt\n|-damage|p2a: Camerupt|0 fnt\n|faint|p2a: Camerupt\n|\n|-heal|p1a: Appletun|68/100|[from] item: Leftovers\n|upkeep\n|inactive|Time left: 300 sec this turn | 300 sec total | 5 sec grace\n|\n|t:|1783545607\n|switch|p2a: Slowbro|Slowbro, L85, M|271/300\n|turn|22\n|inactive|Time left: 300 sec this turn | 300 sec total\n|\n|t:|1783545608\n|move|p1a: Appletun|Apple Acid|p2a: Slowbro\n|-supereffective|p2a: Slowbro\n|-damage|p2a: Slowbro|47/300\n|-unboost|p2a: Slowbro|spd|1\n|move|p2a: Slowbro|Thunder Wave|p1a: Appletun|[miss]\n|-miss|p2a: Slowbro|p1a: Appletun\n|\n|-heal|p1a: Appletun|74/100|[from] item: Leftovers\n|-heal|p2a: Slowbro|65/300|[from] item: Leftovers\n|upkeep\n|turn|23\n|inactive|Time left: 300 sec this turn | 300 sec total\n|\n|t:|1783545609\n|switch|p2a: Pikachu|Pikachu-Partner, L93, F|216/216\n|move|p1a: Appletun|Apple Acid|p2a: Pikachu\n|-damage|p2a: Pikachu|71/216\n|-unboost|p2a: Pikachu|spd|1\n|\n|-heal|p1a: Appletun|80/100|[from] item: Leftovers\n|upkeep\n|turn|24\n|inactive|Time left: 300 sec this turn | 300 sec total\n|\n|t:|1783545610\n|move|p2a: Pikachu|Fake Out|p1a: Appletun\n|-damage|p1a: Appletun|68/100\n|cant|p1a: Appletun|flinch\n|\n|-heal|p1a: Appletun|74/100|[from] item: Leftovers\n|upkeep\n|turn|25\n|inactive|Time left: 300 sec this turn | 300 sec total\n|\n|t:|1783545610\n|move|p2a: Pikachu|Volt Switch|p1a: Appletun\n|-resisted|p1a: Appletun\n|-damage|p1a: Appletun|66/100\n|inactive|Time left: 300 sec this turn | 300 sec total | 5 sec grace\n|\n|t:|1783545611\n|switch|p2a: Regieleki|Regieleki, L79|256/256|[from] Volt Switch\n|move|p1a: Appletun|Apple Acid|p2a: Regieleki\n|-damage|p2a: Regieleki|108/256\n|-unboost|p2a: Regieleki|spd|1\n|\n|-heal|p1a: Appletun|72/100|[from] item: Leftovers\n|upkeep\n|turn|26\n|inactive|Time left: 300 sec this turn | 300 sec total\n|\n|t:|1783545612\n|move|p2a: Regieleki|Explosion|p1a: Appletun\n|-damage|p1a: Appletun|27/100\n|faint|p2a: Regieleki\n|move|p1a: Appletun|Apple Acid|p2: Regieleki|[notarget]\n|-fail|p1a: Appletun\n|\n|-heal|p1a: Appletun|33/100|[from] item: Leftovers\n|upkeep\n|inactive|Time left: 300 sec this turn | 300 sec total | 5 sec grace\n|\n|t:|1783545613\n|switch|p2a: Pikachu|Pikachu-Partner, L93, F|71/216\n|turn|27\n|inactive|Time left: 300 sec this turn | 300 sec total\n|\n|t:|1783545614\n|move|p2a: Pikachu|Fake Out|p1a: Appletun\n|-damage|p1a: Appletun|20/100\n|cant|p1a: Appletun|flinch\n|\n|-heal|p1a: Appletun|27/100|[from] item: Leftovers\n|upkeep\n|turn|28\n|inactive|Time left: 300 sec this turn | 300 sec total\n|\n|t:|1783545615\n|move|p2a: Pikachu|Volt Switch|p1a: Appletun\n|-resisted|p1a: Appletun\n|-damage|p1a: Appletun|19/100\n|inactive|Time left: 300 sec this turn | 300 sec total | 5 sec grace\n|\n|t:|1783545616\n|switch|p2a: Slowbro|Slowbro, L85, M|165/300|[from] Volt Switch\n|move|p1a: Appletun|Apple Acid|p2a: Slowbro\n|-supereffective|p2a: Slowbro\n|-crit|p2a: Slowbro\n|-damage|p2a: Slowbro|0 fnt\n|faint|p2a: Slowbro\n|\n|-heal|p1a: Appletun|25/100|[from] item: Leftovers\n|upkeep\n|inactive|Time left: 300 sec this turn | 300 sec total | 10 sec grace\n|\n|t:|1783545616\n|switch|p2a: Pikachu|Pikachu-Partner, L93, F|71/216\n|turn|29\n|inactive|Time left: 300 sec this turn | 300 sec total\n|\n|t:|1783545617\n|move|p2a: Pikachu|Fake Out|p1a: Appletun\n|-damage|p1a: Appletun|12/100\n|cant|p1a: Appletun|flinch\n|\n|-heal|p1a: Appletun|18/100|[from] item: Leftovers\n|upkeep\n|turn|30\n|inactive|Time left: 300 sec this turn | 300 sec total\n|\n|t:|1783545618\n|-terastallize|p1a: Appletun|Steel\n|move|p2a: Pikachu|Surf|p1a: Appletun\n|-damage|p1a: Appletun|0 fnt\n|faint|p1a: Appletun\n|\n|upkeep\n|\n|t:|1783545619\n|switch|p1a: Jirachi|Jirachi, L80|100/100\n|-damage|p1a: Jirachi|94/100|[from] Stealth Rock\n|turn|31\n|inactive|Time left: 300 sec this turn | 300 sec total\n|\n|t:|1783545620\n|move|p2a: Pikachu|Volt Tackle|p1a: Jirachi\n|-damage|p1a: Jirachi|30/100\n|-damage|p2a: Pikachu|10/216|[from] Recoil\n|move|p1a: Jirachi|Drain Punch|p2a: Pikachu\n|-damage|p2a: Pikachu|0 fnt\n|-heal|p1a: Jirachi|32/100|[from] drain|[of] p2a: Pikachu\n|faint|p2a: Pikachu\n|\n|win|p0x500126d", "uploadtime": 1783545620, "views": 0, "rating": 0, "private": 0, "password": null, "_winner": "p0x500126d", "_our_name": "p0y5000ebf"}