{"id": "battle-gen9randombattle-958", "formatid": "gen9randombattle", "format": "[Gen 9] Random Battle", "players": ["p0x958d44e", "p0y9588e10"], "log": "|init|battle\n|title|p0x958d44e vs. p0y9588e10\n|j|\u2606p0x958d44e\n|j|\u2606p0y9588e10\n|t:|1783550973\n|gametype|singles\n|player|p1|p0x958d44e|1|\n|player|p2|p0y9588e10|169|\n|gen|9\n|tier|[Gen 9] Random Battle\n|rule|Species Clause: Limit one of each Pok\u00e9mon\n|rule|HP Percentage Mod: HP is shown in percentages\n|rule|Sleep Clause Mod: Limit one foe put to sleep\n|rule|Illusion Level Mod: Illusion disguises the Pok\u00e9mon's true level\n|\n|t:|1783550973\n|teamsize|p1|6\n|teamsize|p2|6\n|start\n|switch|p1a: Urshifu|Urshifu-Rapid-Strike, L75, F|100/100\n|switch|p2a: Cyclizar|Cyclizar, L84, M|255/255\n|turn|1\n|inactive|Battle timer is ON: inactive players will automatically lose when time's up. (requested by p0y9588e10)\n|inactive|p0x958d44e also wants the timer to be on.\n|\n|t:|1783550974\n|move|p2a: Cyclizar|Shed Tail|p2a: Cyclizar\n|-start|p2a: Cyclizar|Substitute|[from] move: Shed Tail\n|-damage|p2a: Cyclizar|127/255\n|inactive|Time left: 300 sec this turn | 300 sec total | 65 sec grace\n|\n|t:|1783550976\n|switch|p2a: Avalugg|Avalugg, L88, F|310/310|[from] Shed Tail\n|move|p1a: Urshifu|Surging Strikes|p2a: Avalugg\n|-crit|p2a: Avalugg\n|-activate|p2a: Avalugg|move: Substitute|[damage]\n|-crit|p2a: Avalugg\n|-end|p2a: Avalugg|Substitute\n|-crit|p2a: Avalugg\n|-damage|p2a: Avalugg|279/310\n|-hitcount|p2a: Avalugg|3\n|\n|upkeep\n|turn|2\n|inactive|Time left: 300 sec this turn | 300 sec total\n|\n|t:|1783550977\n|move|p1a: Urshifu|Surging Strikes|p2a: Avalugg\n|-crit|p2a: Avalugg\n|-damage|p2a: Avalugg|248/310\n|-crit|p2a: Avalugg\n|-damage|p2a: Avalugg|214/310\n|-crit|p2a: Avalugg\n|-damage|p2a: Avalugg|181/310\n|-hitcount|p2a: Avalugg|3\n|move|p2a: Avalugg|Body Press|p1a: Urshifu\n|-damage|p1a: Urshifu|60/100\n|\n|upkeep\n|turn|3\n|inactive|Time left: 300 sec this turn | 300 sec total\n|\n|t:|1783550978\n|move|p1a: Urshifu|Surging Strikes|p2a: Avalugg\n|-crit|p2a: Avalugg\n|-damage|p2a: Avalugg|147/310\n|-crit|p2a: Avalugg\n|-damage|p2a: Avalugg|113/310\n|-crit|p2a: Avalugg\n|-damage|p2a: Avalugg|77/310\n|-hitcount|p2a: Avalugg|3\n|move|p2a: Avalugg|Recover|p2a: Avalugg\n|-heal|p2a: Avalugg|232/310\n|\n|upkeep\n|turn|4\n|inactive|Time left: 300 sec this turn | 300 sec total\n|\n|t:|1783550979\n|move|p1a: Urshifu|Surging Strikes|p2a: Avalugg\n|-crit|p2a: Avalugg\n|-damage|p2a: Avalugg|196/310\n|-crit|p2a: Avalugg\n|-damage|p2a: Avalugg|163/310\n|-crit|p2a: Avalugg\n|-damage|p2a: Avalugg|130/310\n|-hitcount|p2a: Avalugg|3\n|move|p2a: Avalugg|Recover|p2a: Avalugg\n|-heal|p2a: Avalugg|285/310\n|\n|upkeep\n|turn|5\n|inactive|Time left: 300 sec this turn | 300 sec total\n|\n|t:|1783550980\n|move|p1a: Urshifu|Surging Strikes|p2a: Avalugg\n|-crit|p2a: Avalugg\n|-damage|p2a: Avalugg|252/310\n|-crit|p2a: Avalugg\n|-damage|p2a: Avalugg|221/310\n|-crit|p2a: Avalugg\n|-damage|p2a: Avalugg|188/310\n|-hitcount|p2a: Avalugg|3\n|move|p2a: Avalugg|Avalanche|p1a: Urshifu\n|-resisted|p1a: Urshifu\n|-damage|p1a: Urshifu|33/100\n|\n|upkeep\n|turn|6\n|inactive|Time left: 300 sec this turn | 300 sec total\n|\n|t:|1783550981\n|move|p1a: Urshifu|Surging Strikes|p2a: Avalugg\n|-crit|p2a: Avalugg\n|-damage|p2a: Avalugg|157/310\n|-crit|p2a: Avalugg\n|-damage|p2a: Avalugg|124/310\n|-crit|p2a: Avalugg\n|-damage|p2a: Avalugg|90/310\n|-hitcount|p2a: Avalugg|3\n|move|p2a: Avalugg|Recover|p2a: Avalugg\n|-heal|p2a: Avalugg|245/310\n|\n|upkeep\n|turn|7\n|inactive|Time left: 300 sec this turn | 300 sec total\n|\n|t:|1783550982\n|move|p1a: Urshifu|Surging Strikes|p2a: Avalugg\n|-crit|p2a: Avalugg\n|-damage|p2a: Avalugg|214/310\n|-crit|p2a: Avalugg\n|-damage|p2a: Avalugg|181/310\n|-crit|p2a: Avalugg\n|-damage|p2a: Avalugg|147/310\n|-hitcount|p2a: Avalugg|3\n|move|p2a: Avalugg|Body Press|p1a: Urshifu\n|-damage|p1a: Urshifu|0 fnt\n|faint|p1a: Urshifu\n|\n|upkeep\n|\n|t:|1783550983\n|switch|p1a: Entei|Entei, L78|100/100\n|turn|8\n|inactive|Time left: 300 sec this turn | 300 sec total\n|\n|t:|1783550984\n|switch|p2a: Garganacl|Garganacl, L80, M|291/291\n|move|p1a: Entei|Sacred Fire|p2a: Garganacl\n|-resisted|p2a: Garganacl\n|-damage|p2a: Garganacl|232/291\n|\n|-heal|p2a: Garganacl|250/291|[from] item: Leftovers\n|upkeep\n|turn|9\n|inactive|Time left: 300 sec this turn | 300 sec total\n|\n|t:|1783550986\n|move|p1a: Entei|Sacred Fire|p2a: Garganacl|[miss]\n|-miss|p1a: Entei|p2a: Garganacl\n|move|p2a: Garganacl|Salt Cure|p1a: Entei\n|-supereffective|p1a: Entei\n|-damage|p1a: Entei|72/100\n|-start|p1a: Entei|Salt Cure\n|\n|-heal|p2a: Garganacl|268/291|[from] item: Leftovers\n|-damage|p1a: Entei|60/100|[from] Salt Cure\n|upkeep\n|turn|10\n|inactive|Time left: 300 sec this turn | 300 sec total\n|\n|t:|1783550987\n|switch|p1a: Ogerpon|Ogerpon, L80, F|100/100\n|move|p2a: Garganacl|Salt Cure|p1a: Ogerpon\n|-damage|p1a: Ogerpon|83/100\n|-start|p1a: Ogerpon|Salt Cure\n|\n|-heal|p2a: Garganacl|286/291|[from] item: Leftovers\n|-damage|p1a: Ogerpon|70/100|[from] Salt Cure\n|upkeep\n|turn|11\n|inactive|Time left: 300 sec this turn | 300 sec total\n|\n|t:|1783550988\n|switch|p2a: Charizard|Charizard, L85, M|271/271\n|move|p1a: Ogerpon|Swords Dance|p1a: Ogerpon\n|-boost|p1a: Ogerpon|atk|2\n|\n|-damage|p1a: Ogerpon|58/100|[from] Salt Cure\n|upkeep\n|turn|12\n|inactive|Time left: 300 sec this turn | 300 sec total\n|\n|t:|1783550989\n|move|p1a: Ogerpon|Knock Off|p2a: Charizard\n|-damage|p2a: Charizard|73/271\n|-enditem|p2a: Charizard|Heavy-Duty Boots|[from] move: Knock Off|[of] p1a: Ogerpon\n|-damage|p1a: Ogerpon|48/100|[from] item: Life Orb\n|move|p2a: Charizard|Flamethrower|p1a: Ogerpon\n|-supereffective|p1a: Ogerpon\n|-damage|p1a: Ogerpon|0 fnt\n|faint|p1a: Ogerpon\n|\n|upkeep\n|\n|t:|1783550990\n|switch|p1a: Entei|Entei, L78|60/100\n|turn|13\n|inactive|Time left: 300 sec this turn | 300 sec total\n|\n|t:|1783550991\n|switch|p2a: Garganacl|Garganacl, L80, M|286/291\n|move|p1a: Entei|Extreme Speed|p2a: Garganacl\n|-resisted|p2a: Garganacl\n|-damage|p2a: Garganacl|253/291\n|\n|-heal|p2a: Garganacl|271/291|[from] item: Leftovers\n|upkeep\n|turn|14\n|inactive|Time left: 300 sec this turn | 300 sec total\n|\n|t:|1783550992\n|switch|p1a: Bellibolt|Bellibolt, L84, M|100/100\n|move|p2a: Garganacl|Salt Cure|p1a: Bellibolt\n|-damage|p1a: Bellibolt|88/100\n|-start|p1a: Bellibolt|Salt Cure\n|-start|p1a: Bellibolt|Charge|Salt Cure|[from] ability: Electromorphosis\n|\n|-heal|p1a: Bellibolt|94/100|[from] item: Leftovers\n|-heal|p2a: Garganacl|289/291|[from] item: Leftovers\n|-damage|p1a: Bellibolt|82/100|[from] Salt Cure\n|upkeep\n|turn|15\n|inactive|Time left: 300 sec this turn | 300 sec total\n|\n|t:|1783550993\n|switch|p2a: Rillaboom|Rillaboom, L79, M|288/288\n|-fieldstart|move: Grassy Terrain|[from] ability: Grassy Surge|[of] p2a: Rillaboom\n|move|p1a: Bellibolt|Thunderbolt|p2a: Rillaboom\n|-resisted|p2a: Rillaboom\n|-damage|p2a: Rillaboom|168/288\n|-end|p1a: Bellibolt|Charge|[silent]\n|\n|-heal|p2a: Rillaboom|186/288|[from] Grassy Terrain\n|-heal|p1a: Bellibolt|88/100|[from] Grassy Terrain\n|-heal|p1a: Bellibolt|94/100|[from] item: Leftovers\n|-damage|p1a: Bellibolt|82/100|[from] Salt Cure\n|upkeep\n|turn|16\n|inactive|Time left: 300 sec this turn | 300 sec total\n|\n|t:|1783550994\n|switch|p1a: Scizor|Scizor, L79, F|100/100\n|move|p2a: Rillaboom|High Horsepower|p1a: Scizor\n|-damage|p1a: Scizor|60/100\n|-damage|p2a: Rillaboom|158/288|[from] item: Life Orb\n|\n|-heal|p2a: Rillaboom|176/288|[from] Grassy Terrain\n|-heal|p1a: Scizor|66/100|[from] Grassy Terrain\n|-heal|p1a: Scizor|73/100|[from] item: Leftovers\n|upkeep\n|turn|17\n|inactive|Time left: 300 sec this turn | 300 sec total\n|\n|t:|1783550995\n|switch|p2a: Charizard|Charizard, L85, M|73/271\n|move|p1a: Scizor|U-turn|p2a: Charizard\n|-resisted|p2a: Charizard\n|-damage|p2a: Charizard|50/271\n|\n|t:|1783550997\n|switch|p1a: Entei|Entei, L78|60/100|[from] U-turn\n|\n|-heal|p1a: Entei|66/100|[from] Grassy Terrain\n|upkeep\n|turn|18\n|inactive|Time left: 300 sec this turn | 300 sec total\n|\n|t:|1783550998\n|move|p1a: Entei|Extreme Speed|p2a: Charizard\n|-damage|p2a: Charizard|0 fnt\n|faint|p2a: Charizard\n|\n|-heal|p1a: Entei|72/100|[from] Grassy Terrain\n|upkeep\n|inactive|Time left: 300 sec this turn | 300 sec total | 5 sec grace\n|\n|t:|1783550999\n|switch|p2a: Avalugg|Avalugg, L88, F|147/310\n|turn|19\n|inactive|Time left: 300 sec this turn | 300 sec total\n|\n|t:|1783551000\n|switch|p1a: Bellibolt|Bellibolt, L84, M|82/100\n|move|p2a: Avalugg|Recover|p2a: Avalugg\n|-heal|p2a: Avalugg|302/310\n|\n|-heal|p1a: Bellibolt|88/100|[from] Grassy Terrain\n|-heal|p1a: Bellibolt|94/100|[from] item: Leftovers\n|-heal|p2a: Avalugg|310/310|[from] Grassy Terrain\n|-fieldend|move: Grassy Terrain\n|upkeep\n|turn|20\n|inactive|Time left: 300 sec this turn | 300 sec total\n|\n|t:|1783551001\n|switch|p2a: Rillaboom|Rillaboom, L79, M|176/288\n|-fieldstart|move: Grassy Terrain|[from] ability: Grassy Surge|[of] p2a: Rillaboom\n|move|p1a: Bellibolt|Thunderbolt|p2a: Rillaboom\n|-resisted|p2a: Rillaboom\n|-damage|p2a: Rillaboom|112/288\n|\n|-heal|p2a: Rillaboom|130/288|[from] Grassy Terrain\n|-heal|p1a: Bellibolt|100/100|[from] Grassy Terrain\n|upkeep\n|turn|21\n|inactive|Time left: 300 sec this turn | 300 sec total\n|\n|t:|1783551002\n|move|p2a: Rillaboom|High Horsepower|p1a: Bellibolt\n|-supereffective|p1a: Bellibolt\n|-damage|p1a: Bellibolt|40/100\n|-start|p1a: Bellibolt|Charge|High Horsepower|[from] ability: Electromorphosis\n|-damage|p2a: Rillaboom|102/288|[from] item: Life Orb\n|move|p1a: Bellibolt|Volt Switch|p2a: Rillaboom\n|-resisted|p2a: Rillaboom\n|-damage|p2a: Rillaboom|1/288\n|-end|p1a: Bellibolt|Charge|[silent]\n|\n|t:|1783551003\n|switch|p1a: Entei|Entei, L78|72/100|[from] Volt Switch\n|\n|-heal|p1a: Entei|79/100|[from] Grassy Terrain\n|-heal|p2a: Rillaboom|19/288|[from] Grassy Terrain\n|upkeep\n|turn|22\n|inactive|Time left: 300 sec this turn | 300 sec total\n|\n|t:|1783551004\n|switch|p2a: Garganacl|Garganacl, L80, M|289/291\n|move|p1a: Entei|Sacred Fire|p2a: Garganacl\n|-resisted|p2a: Garganacl\n|-damage|p2a: Garganacl|233/291\n|\n|-heal|p1a: Entei|85/100|[from] Grassy Terrain\n|-heal|p2a: Garganacl|251/291|[from] Grassy Terrain\n|-heal|p2a: Garganacl|269/291|[from] item: Leftovers\n|upkeep\n|turn|23\n|inactive|Time left: 300 sec this turn | 300 sec total\n|\n|t:|1783551005\n|switch|p1a: Bellibolt|Bellibolt, L84, M|40/100\n|move|p2a: Garganacl|Salt Cure|p1a: Bellibolt\n|-damage|p1a: Bellibolt|27/100\n|-start|p1a: Bellibolt|Salt Cure\n|-start|p1a: Bellibolt|Charge|Salt Cure|[from] ability: Electromorphosis\n|\n|-heal|p1a: Bellibolt|33/100|[from] Grassy Terrain\n|-heal|p1a: Bellibolt|40/100|[from] item: Leftovers\n|-heal|p2a: Garganacl|287/291|[from] Grassy Terrain\n|-heal|p2a: Garganacl|291/291|[from] item: Leftovers\n|-damage|p1a: Bellibolt|27/100|[from] Salt Cure\n|upkeep\n|turn|24\n|inactive|Time left: 300 sec this turn | 300 sec total\n|\n|t:|1783551006\n|move|p1a: Bellibolt|Thunderbolt|p2a: Garganacl\n|-damage|p2a: Garganacl|74/291\n|-end|p1a: Bellibolt|Charge|[silent]\n|move|p2a: Garganacl|Recover|p2a: Garganacl\n|-heal|p2a: Garganacl|220/291\n|\n|-heal|p1a: Bellibolt|33/100|[from] Grassy Terrain\n|-heal|p1a: Bellibolt|40/100|[from] item: Leftovers\n|-heal|p2a: Garganacl|238/291|[from] Grassy Terrain\n|-heal|p2a: Garganacl|256/291|[from] item: Leftovers\n|-damage|p1a: Bellibolt|27/100|[from] Salt Cure\n|-fieldend|move: Grassy Terrain\n|upkeep\n|turn|25\n|inactive|Time left: 300 sec this turn | 300 sec total\n|\n|t:|1783551007\n|move|p1a: Bellibolt|Slack Off|p1a: Bellibolt\n|-heal|p1a: Bellibolt|77/100\n|move|p2a: Garganacl|Iron Defense|p2a: Garganacl\n|-boost|p2a: Garganacl|def|2\n|\n|-heal|p1a: Bellibolt|83/100|[from] item: Leftovers\n|-heal|p2a: Garganacl|274/291|[from] item: Leftovers\n|-damage|p1a: Bellibolt|71/100|[from] Salt Cure\n|upkeep\n|turn|26\n|inactive|Time left: 300 sec this turn | 300 sec total\n|\n|t:|1783551008\n|move|p1a: Bellibolt|Muddy Water|p2a: Garganacl\n|-supereffective|p2a: Garganacl\n|-damage|p2a: Garganacl|138/291\n|move|p2a: Garganacl|Body Press|p1a: Bellibolt\n|-damage|p1a: Bellibolt|30/100\n|-start|p1a: Bellibolt|Charge|Body Press|[from] ability: Electromorphosis\n|\n|-heal|p1a: Bellibolt|36/100|[from] item: Leftovers\n|-heal|p2a: Garganacl|156/291|[from] item: Leftovers\n|-damage|p1a: Bellibolt|24/100|[from] Salt Cure\n|upkeep\n|turn|27\n|inactive|Time left: 300 sec this turn | 300 sec total\n|\n|t:|1783551009\n|switch|p2a: Rillaboom|Rillaboom, L79, M|19/288\n|-fieldstart|move: Grassy Terrain|[from] ability: Grassy Surge|[of] p2a: Rillaboom\n|move|p1a: Bellibolt|Thunderbolt|p2a: Rillaboom\n|-resisted|p2a: Rillaboom\n|-damage|p2a: Rillaboom|0 fnt\n|faint|p2a: Rillaboom\n|-end|p1a: Bellibolt|Charge|[silent]\n|\n|-heal|p1a: Bellibolt|30/100|[from] Grassy Terrain\n|-heal|p1a: Bellibolt|36/100|[from] item: Leftovers\n|-damage|p1a: Bellibolt|24/100|[from] Salt Cure\n|upkeep\n|inactive|Time left: 300 sec this turn | 300 sec total | 5 sec grace\n|\n|t:|1783551009\n|switch|p2a: Iron Valiant|Iron Valiant, L78|244/244\n|turn|28\n|inactive|Time left: 300 sec this turn | 300 sec total\n|\n|t:|1783551010\n|switch|p1a: Entei|Entei, L78|85/100\n|move|p2a: Iron Valiant|Knock Off|p1a: Entei\n|-damage|p1a: Entei|51/100\n|-enditem|p1a: Entei|Choice Band|[from] move: Knock Off|[of] p2a: Iron Valiant\n|-damage|p2a: Iron Valiant|220/244|[from] item: Life Orb\n|\n|-heal|p2a: Iron Valiant|235/244|[from] Grassy Terrain\n|-heal|p1a: Entei|57/100|[from] Grassy Terrain\n|upkeep\n|turn|29\n|inactive|Time left: 300 sec this turn | 300 sec total\n|\n|t:|1783551011\n|move|p1a: Entei|Extreme Speed|p2a: Iron Valiant\n|-damage|p2a: Iron Valiant|178/244\n|move|p2a: Iron Valiant|Close Combat|p1a: Entei\n|-damage|p1a: Entei|0 fnt\n|-unboost|p2a: Iron Valiant|def|1\n|-unboost|p2a: Iron Valiant|spd|1\n|faint|p1a: Entei\n|-damage|p2a: Iron Valiant|154/244|[from] item: Life Orb\n|\n|-heal|p2a: Iron Valiant|169/244|[from] Grassy Terrain\n|upkeep\n|\n|t:|1783551012\n|switch|p1a: Scizor|Scizor, L79, F|73/100\n|turn|30\n|inactive|Time left: 300 sec this turn | 300 sec total\n|\n|t:|1783551013\n|-terastallize|p2a: Iron Valiant|Fighting\n|move|p1a: Scizor|Bullet Punch|p2a: Iron Valiant\n|-damage|p2a: Iron Valiant|63/244\n|move|p2a: Iron Valiant|Close Combat|p1a: Scizor\n|-crit|p1a: Scizor\n|-damage|p1a: Scizor|0 fnt\n|-unboost|p2a: Iron Valiant|def|1\n|-unboost|p2a: Iron Valiant|spd|1\n|faint|p1a: Scizor\n|-damage|p2a: Iron Valiant|39/244|[from] item: Life Orb\n|\n|-heal|p2a: Iron Valiant|54/244|[from] Grassy Terrain\n|upkeep\n|\n|t:|1783551015\n|switch|p1a: Regigigas|Regigigas, L84|100/100\n|-start|p1a: Regigigas|ability: Slow Start\n|turn|31\n|inactive|Time left: 300 sec this turn | 300 sec total\n|\n|t:|1783551016\n|-terastallize|p1a: Regigigas|Ghost\n|move|p2a: Iron Valiant|Close Combat|p1a: Regigigas\n|-immune|p1a: Regigigas\n|move|p1a: Regigigas|Body Slam|p2a: Iron Valiant\n|-damage|p2a: Iron Valiant|0 fnt\n|faint|p2a: Iron Valiant\n|-end|p2a: Iron Valiant|Quark Drive|[silent]\n|\n|-fieldend|move: Grassy Terrain\n|upkeep\n|inactive|Time left: 300 sec this turn | 300 sec total | 5 sec grace\n|\n|t:|1783551017\n|switch|p2a: Avalugg|Avalugg, L88, F|310/310\n|turn|32\n|inactive|Time left: 300 sec this turn | 300 sec total\n|\n|t:|1783551018\n|move|p1a: Regigigas|Body Slam|p2a: Avalugg\n|-damage|p2a: Avalugg|273/310\n|move|p2a: Avalugg|Curse|p2a: Avalugg\n|-unboost|p2a: Avalugg|spe|1\n|-boost|p2a: Avalugg|atk|1\n|-boost|p2a: Avalugg|def|1\n|\n|upkeep\n|turn|33\n|inactive|Time left: 300 sec this turn | 300 sec total\n|\n|t:|1783551019\n|move|p1a: Regigigas|Body Slam|p2a: Avalugg\n|-crit|p2a: Avalugg\n|-damage|p2a: Avalugg|216/310\n|move|p2a: Avalugg|Avalanche|p1a: Regigigas\n|-damage|p1a: Regigigas|40/100\n|\n|-heal|p1a: Regigigas|46/100|[from] item: Leftovers\n|upkeep\n|turn|34\n|inactive|Time left: 300 sec this turn | 300 sec total\n|\n|t:|1783551020\n|move|p1a: Regigigas|Rest|p1a: Regigigas\n|-status|p1a: Regigigas|slp|[from] move: Rest\n|-heal|p1a: Regigigas|100/100 slp|[silent]\n|move|p2a: Avalugg|Avalanche|p1a: Regigigas\n|-damage|p1a: Regigigas|69/100 slp\n|\n|-heal|p1a: Regigigas|75/100 slp|[from] item: Leftovers\n|upkeep\n|turn|35\n|inactive|Time left: 300 sec this turn | 300 sec total\n|\n|t:|1783551022\n|cant|p1a: Regigigas|slp\n|move|p2a: Avalugg|Avalanche|p1a: Regigigas\n|-damage|p1a: Regigigas|45/100 slp\n|\n|-heal|p1a: Regigigas|51/100 slp|[from] item: Leftovers\n|-end|p1a: Regigigas|Slow Start\n|upkeep\n|turn|36\n|inactive|Time left: 300 sec this turn | 300 sec total\n|\n|t:|1783551023\n|cant|p1a: Regigigas|slp\n|move|p2a: Avalugg|Avalanche|p1a: Regigigas\n|-crit|p1a: Regigigas\n|-damage|p1a: Regigigas|3/100 slp\n|\n|-heal|p1a: Regigigas|9/100 slp|[from] item: Leftovers\n|upkeep\n|turn|37\n|inactive|Time left: 300 sec this turn | 300 sec total\n|\n|t:|1783551024\n|-curestatus|p1a: Regigigas|slp|[msg]\n|move|p1a: Regigigas|Rest|p1a: Regigigas\n|-status|p1a: Regigigas|slp|[from] move: Rest\n|-heal|p1a: Regigigas|100/100 slp|[silent]\n|move|p2a: Avalugg|Avalanche|p1a: Regigigas\n|-damage|p1a: Regigigas|70/100 slp\n|\n|-heal|p1a: Regigigas|76/100 slp|[from] item: Leftovers\n|upkeep\n|turn|38\n|inactive|Time left: 300 sec this turn | 300 sec total\n|\n|t:|1783551025\n|cant|p1a: Regigigas|slp\n|move|p2a: Avalugg|Avalanche|p1a: Regigigas\n|-damage|p1a: Regigigas|45/100 slp\n|\n|-heal|p1a: Regigigas|51/100 slp|[from] item: Leftovers\n|upkeep\n|turn|39\n|inactive|Time left: 300 sec this turn | 300 sec total\n|\n|t:|1783551026\n|cant|p1a: Regigigas|slp\n|move|p2a: Avalugg|Avalanche|p1a: Regigigas\n|-damage|p1a: Regigigas|18/100 slp\n|\n|-heal|p1a: Regigigas|24/100 slp|[from] item: Leftovers\n|upkeep\n|turn|40\n|inactive|Time left: 300 sec this turn | 300 sec total\n|\n|t:|1783551027\n|-curestatus|p1a: Regigigas|slp|[msg]\n|move|p1a: Regigigas|Rest|p1a: Regigigas\n|-status|p1a: Regigigas|slp|[from] move: Rest\n|-heal|p1a: Regigigas|100/100 slp|[silent]\n|move|p2a: Avalugg|Avalanche|p1a: Regigigas\n|-damage|p1a: Regigigas|70/100 slp\n|\n|-heal|p1a: Regigigas|77/100 slp|[from] item: Leftovers\n|upkeep\n|turn|41\n|inactive|Time left: 300 sec this turn | 300 sec total\n|\n|t:|1783551028\n|cant|p1a: Regigigas|slp\n|move|p2a: Avalugg|Avalanche|p1a: Regigigas\n|-damage|p1a: Regigigas|44/100 slp\n|\n|-heal|p1a: Regigigas|50/100 slp|[from] item: Leftovers\n|upkeep\n|turn|42\n|inactive|Time left: 300 sec this turn | 300 sec total\n|\n|t:|1783551029\n|cant|p1a: Regigigas|slp\n|move|p2a: Avalugg|Avalanche|p1a: Regigigas\n|-damage|p1a: Regigigas|19/100 slp\n|\n|-heal|p1a: Regigigas|26/100 slp|[from] item: Leftovers\n|upkeep\n|turn|43\n|inactive|Time left: 300 sec this turn | 300 sec total\n|\n|t:|1783551030\n|-curestatus|p1a: Regigigas|slp|[msg]\n|move|p1a: Regigigas|Rest|p1a: Regigigas\n|-status|p1a: Regigigas|slp|[from] move: Rest\n|-heal|p1a: Regigigas|100/100 slp|[silent]\n|move|p2a: Avalugg|Avalanche|p1a: Regigigas\n|-damage|p1a: Regigigas|69/100 slp\n|\n|-heal|p1a: Regigigas|75/100 slp|[from] item: Leftovers\n|upkeep\n|turn|44\n|inactive|Time left: 300 sec this turn | 300 sec total\n|\n|t:|1783551031\n|cant|p1a: Regigigas|slp\n|move|p2a: Avalugg|Avalanche|p1a: Regigigas\n|-damage|p1a: Regigigas|41/100 slp\n|\n|-heal|p1a: Regigigas|47/100 slp|[from] item: Leftovers\n|upkeep\n|turn|45\n|inactive|Time left: 300 sec this turn | 300 sec total\n|\n|t:|1783551032\n|cant|p1a: Regigigas|slp\n|move|p2a: Avalugg|Avalanche|p1a: Regigigas\n|-damage|p1a: Regigigas|15/100 slp\n|\n|-heal|p1a: Regigigas|22/100 slp|[from] item: Leftovers\n|upkeep\n|turn|46\n|inactive|Time left: 300 sec this turn | 300 sec total\n|\n|t:|1783551033\n|-curestatus|p1a: Regigigas|slp|[msg]\n|move|p1a: Regigigas|Rest|p1a: Regigigas\n|-status|p1a: Regigigas|slp|[from] move: Rest\n|-heal|p1a: Regigigas|100/100 slp|[silent]\n|move|p2a: Avalugg|Avalanche|p1a: Regigigas\n|-damage|p1a: Regigigas|70/100 slp\n|\n|-heal|p1a: Regigigas|76/100 slp|[from] item: Leftovers\n|upkeep\n|turn|47\n|inactive|Time left: 300 sec this turn | 300 sec total\n|\n|t:|1783551034\n|cant|p1a: Regigigas|slp\n|move|p1a: Regigigas|Sleep Talk|p1a: Regigigas\n|move|p1a: Regigigas|Rest||[from] move: Sleep Talk|[still]\n|-fail|p1a: Regigigas\n|move|p2a: Avalugg|Curse|p2a: Avalugg\n|-unboost|p2a: Avalugg|spe|1\n|-boost|p2a: Avalugg|atk|1\n|-boost|p2a: Avalugg|def|1\n|\n|-heal|p1a: Regigigas|82/100 slp|[from] item: Leftovers\n|upkeep\n|turn|48\n|inactive|Time left: 300 sec this turn | 300 sec total\n|\n|t:|1783551035\n|cant|p1a: Regigigas|slp\n|move|p2a: Avalugg|Curse|p2a: Avalugg\n|-unboost|p2a: Avalugg|spe|1\n|-boost|p2a: Avalugg|atk|1\n|-boost|p2a: Avalugg|def|1\n|\n|-heal|p1a: Regigigas|88/100 slp|[from] item: Leftovers\n|upkeep\n|turn|49\n|inactive|Time left: 300 sec this turn | 300 sec total\n|\n|t:|1783551037\n|-curestatus|p1a: Regigigas|slp|[msg]\n|move|p1a: Regigigas|Sleep Talk||[still]\n|-fail|p1a: Regigigas\n|move|p2a: Avalugg|Avalanche|p1a: Regigigas\n|-damage|p1a: Regigigas|37/100\n|\n|-heal|p1a: Regigigas|43/100|[from] item: Leftovers\n|upkeep\n|turn|50\n|inactive|Time left: 300 sec this turn | 300 sec total\n|\n|t:|1783551038\n|move|p1a: Regigigas|Body Slam|p2a: Avalugg\n|-damage|p2a: Avalugg|188/310\n|move|p2a: Avalugg|Recover|p2a: Avalugg\n|-heal|p2a: Avalugg|310/310\n|\n|-heal|p1a: Regigigas|49/100|[from] item: Leftovers\n|upkeep\n|turn|51\n|inactive|Time left: 300 sec this turn | 300 sec total\n|\n|t:|1783551039\n|move|p1a: Regigigas|Body Slam|p2a: Avalugg\n|-damage|p2a: Avalugg|279/310\n|move|p2a: Avalugg|Body Press|p1a: Regigigas\n|-immune|p1a: Regigigas\n|\n|-heal|p1a: Regigigas|55/100|[from] item: Leftovers\n|upkeep\n|turn|52\n|inactive|Time left: 300 sec this turn | 300 sec total\n|\n|t:|1783551040\n|move|p1a: Regigigas|Body Slam|p2a: Avalugg\n|-damage|p2a: Avalugg|251/310\n|move|p2a: Avalugg|Body Press|p1a: Regigigas\n|-immune|p1a: Regigigas\n|\n|-heal|p1a: Regigigas|62/100|[from] item: Leftovers\n|upkeep\n|turn|53\n|inactive|Time left: 300 sec this turn | 300 sec total\n|\n|t:|1783551041\n|move|p1a: Regigigas|Knock Off|p2a: Avalugg\n|-damage|p2a: Avalugg|229/310\n|-enditem|p2a: Avalugg|Heavy-Duty Boots|[from] move: Knock Off|[of] p1a: Regigigas\n|move|p2a: Avalugg|Recover|p2a: Avalugg\n|-heal|p2a: Avalugg|310/310\n|\n|-heal|p1a: Regigigas|68/100|[from] item: Leftovers\n|upkeep\n|turn|54\n|inactive|Time left: 300 sec this turn | 300 sec total\n|\n|t:|1783551042\n|move|p1a: Regigigas|Body Slam|p2a: Avalugg\n|-damage|p2a: Avalugg|282/310\n|-status|p2a: Avalugg|par\n|move|p2a: Avalugg|Body Press|p1a: Regigigas\n|-immune|p1a: Regigigas\n|\n|-heal|p1a: Regigigas|74/100|[from] item: Leftovers\n|upkeep\n|turn|55\n|inactive|Time left: 300 sec this turn | 300 sec total\n|\n|t:|1783551043\n|move|p1a: Regigigas|Knock Off|p2a: Avalugg\n|-damage|p2a: Avalugg|266/310 par\n|move|p2a: Avalugg|Body Press|p1a: Regigigas\n|-immune|p1a: Regigigas\n|\n|-heal|p1a: Regigigas|80/100|[from] item: Leftovers\n|upkeep\n|turn|56\n|inactive|Time left: 300 sec this turn | 300 sec total\n|\n|t:|1783551044\n|move|p1a: Regigigas|Knock Off|p2a: Avalugg\n|-damage|p2a: Avalugg|251/310 par\n|move|p2a: Avalugg|Recover|p2a: Avalugg\n|-heal|p2a: Avalugg|310/310 par\n|\n|-heal|p1a: Regigigas|87/100|[from] item: Leftovers\n|upkeep\n|turn|57\n|inactive|Time left: 300 sec this turn | 300 sec total\n|\n|t:|1783551045\n|move|p1a: Regigigas|Body Slam|p2a: Avalugg\n|-damage|p2a: Avalugg|282/310 par\n|move|p2a: Avalugg|Body Press|p1a: Regigigas\n|-immune|p1a: Regigigas\n|\n|-heal|p1a: Regigigas|93/100|[from] item: Leftovers\n|upkeep\n|turn|58\n|inactive|Time left: 300 sec this turn | 300 sec total\n|\n|t:|1783551046\n|move|p1a: Regigigas|Knock Off|p2a: Avalugg\n|-damage|p2a: Avalugg|266/310 par\n|move|p2a: Avalugg|Body Press|p1a: Regigigas\n|-immune|p1a: Regigigas\n|\n|-heal|p1a: Regigigas|99/100|[from] item: Leftovers\n|upkeep\n|turn|59\n|inactive|Time left: 300 sec this turn | 300 sec total\n|\n|t:|1783551047\n|move|p1a: Regigigas|Body Slam|p2a: Avalugg\n|-damage|p2a: Avalugg|235/310 par\n|cant|p2a: Avalugg|par\n|\n|-heal|p1a: Regigigas|100/100|[from] item: Leftovers\n|upkeep\n|turn|60\n|inactive|Time left: 300 sec this turn | 300 sec total\n|\n|t:|1783551048\n|move|p1a: Regigigas|Knock Off|p2a: Avalugg\n|-damage|p2a: Avalugg|219/310 par\n|move|p2a: Avalugg|Body Press|p1a: Regigigas\n|-immune|p1a: Regigigas\n|\n|upkeep\n|turn|61\n|inactive|Time left: 300 sec this turn | 300 sec total\n|\n|t:|1783551049\n|move|p1a: Regigigas|Body Slam|p2a: Avalugg\n|-damage|p2a: Avalugg|188/310 par\n|cant|p2a: Avalugg|par\n|\n|upkeep\n|turn|62\n|inactive|Time left: 300 sec this turn | 300 sec total\n|\n|t:|1783551050\n|move|p1a: Regigigas|Body Slam|p2a: Avalugg\n|-crit|p2a: Avalugg\n|-damage|p2a: Avalugg|88/310 par\n|move|p2a: Avalugg|Body Press|p1a: Regigigas\n|-immune|p1a: Regigigas\n|\n|upkeep\n|turn|63\n|inactive|Time left: 300 sec this turn | 300 sec total\n|\n|t:|1783551052\n|switch|p1a: Bellibolt|Bellibolt, L84, M|24/100\n|move|p2a: Avalugg|Recover|p2a: Avalugg\n|-heal|p2a: Avalugg|243/310 par\n|\n|-heal|p1a: Bellibolt|30/100|[from] item: Leftovers\n|upkeep\n|turn|64\n|inactive|Time left: 300 sec this turn | 300 sec total\n|\n|t:|1783551053\n|move|p1a: Bellibolt|Volt Switch|p2a: Avalugg\n|-damage|p2a: Avalugg|126/310 par\n|\n|t:|1783551054\n|switch|p1a: Regigigas|Regigigas, L84, tera:Ghost|100/100|[from] Volt Switch\n|-start|p1a: Regigigas|ability: Slow Start\n|cant|p2a: Avalugg|par\n|\n|upkeep\n|turn|65\n|inactive|Time left: 300 sec this turn | 300 sec total\n|\n|t:|1783551054\n|move|p1a: Regigigas|Body Slam|p2a: Avalugg\n|-damage|p2a: Avalugg|111/310 par\n|cant|p2a: Avalugg|par\n|\n|upkeep\n|turn|66\n|inactive|Time left: 300 sec this turn | 300 sec total\n|\n|t:|1783551055\n|move|p1a: Regigigas|Body Slam|p2a: Avalugg\n|-damage|p2a: Avalugg|96/310 par\n|move|p2a: Avalugg|Body Press|p1a: Regigigas\n|-immune|p1a: Regigigas\n|\n|upkeep\n|turn|67\n|inactive|Time left: 300 sec this turn | 300 sec total\n|\n|t:|1783551057\n|move|p1a: Regigigas|Knock Off|p2a: Avalugg\n|-damage|p2a: Avalugg|88/310 par\n|cant|p2a: Avalugg|par\n|\n|upkeep\n|turn|68\n|inactive|Time left: 300 sec this turn | 300 sec total\n|\n|t:|1783551058\n|move|p1a: Regigigas|Knock Off|p2a: Avalugg\n|-damage|p2a: Avalugg|81/310 par\n|cant|p2a: Avalugg|par\n|\n|upkeep\n|turn|69\n|inactive|Time left: 300 sec this turn | 300 sec total\n|\n|t:|1783551059\n|move|p1a: Regigigas|Body Slam|p2a: Avalugg\n|-damage|p2a: Avalugg|65/310 par\n|move|p2a: Avalugg|Body Press|p1a: Regigigas\n|-immune|p1a: Regigigas\n|\n|-end|p1a: Regigigas|Slow Start\n|upkeep\n|turn|70\n|inactive|Time left: 300 sec this turn | 300 sec total\n|\n|t:|1783551060\n|move|p1a: Regigigas|Body Slam|p2a: Avalugg\n|-damage|p2a: Avalugg|38/310 par\n|cant|p2a: Avalugg|par\n|\n|upkeep\n|turn|71\n|inactive|Time left: 300 sec this turn | 300 sec total\n|\n|t:|1783551061\n|move|p1a: Regigigas|Body Slam|p2a: Avalugg\n|-damage|p2a: Avalugg|10/310 par\n|move|p2a: Avalugg|Body Press|p1a: Regigigas\n|-immune|p1a: Regigigas\n|\n|upkeep\n|turn|72\n|inactive|Time left: 300 sec this turn | 300 sec total\n|\n|t:|1783551062\n|move|p1a: Regigigas|Knock Off|p2a: Avalugg\n|-damage|p2a: Avalugg|0 fnt\n|faint|p2a: Avalugg\n|\n|upkeep\n|inactive|Time left: 300 sec this turn | 300 sec total | 5 sec grace\n|\n|t:|1783551063\n|switch|p2a: Garganacl|Garganacl, L80, M|156/291\n|turn|73\n|inactive|Time left: 300 sec this turn | 300 sec total\n|\n|t:|1783551064\n|move|p1a: Regigigas|Knock Off|p2a: Garganacl\n|-damage|p2a: Garganacl|71/291\n|-enditem|p2a: Garganacl|Leftovers|[from] move: Knock Off|[of] p1a: Regigigas\n|move|p2a: Garganacl|Recover|p2a: Garganacl\n|-heal|p2a: Garganacl|217/291\n|\n|upkeep\n|turn|74\n|inactive|Time left: 300 sec this turn | 300 sec total\n|\n|t:|1783551065\n|switch|p1a: Bellibolt|Bellibolt, L84, M|30/100\n|move|p2a: Garganacl|Iron Defense|p2a: Garganacl\n|-boost|p2a: Garganacl|def|2\n|\n|-heal|p1a: Bellibolt|36/100|[from] item: Leftovers\n|upkeep\n|turn|75\n|inactive|Time left: 300 sec this turn | 300 sec total\n|\n|t:|1783551066\n|move|p1a: Bellibolt|Slack Off|p1a: Bellibolt\n|-heal|p1a: Bellibolt|86/100\n|move|p2a: Garganacl|Body Press|p1a: Bellibolt\n|-damage|p1a: Bellibolt|45/100\n|-start|p1a: Bellibolt|Charge|Body Press|[from] ability: Electromorphosis\n|\n|-heal|p1a: Bellibolt|51/100|[from] item: Leftovers\n|upkeep\n|turn|76\n|inactive|Time left: 300 sec this turn | 300 sec total\n|\n|t:|1783551067\n|move|p1a: Bellibolt|Thunderbolt|p2a: Garganacl\n|-damage|p2a: Garganacl|0 fnt\n|faint|p2a: Garganacl\n|-end|p1a: Bellibolt|Charge|[silent]\n|\n|-heal|p1a: Bellibolt|57/100|[from] item: Leftovers\n|upkeep\n|inactive|Time left: 300 sec this turn | 300 sec total | 5 sec grace\n|\n|t:|1783551067\n|switch|p2a: Cyclizar|Cyclizar, L84, M|212/255\n|turn|77\n|inactive|Time left: 300 sec this turn | 300 sec total\n|\n|t:|1783551068\n|move|p2a: Cyclizar|Rapid Spin|p1a: Bellibolt\n|-damage|p1a: Bellibolt|40/100\n|-boost|p2a: Cyclizar|spe|1\n|-start|p1a: Bellibolt|Charge|Rapid Spin|[from] ability: Electromorphosis\n|move|p1a: Bellibolt|Volt Switch|p2a: Cyclizar\n|-resisted|p2a: Cyclizar\n|-damage|p2a: Cyclizar|124/255\n|-end|p1a: Bellibolt|Charge|[silent]\n|\n|t:|1783551069\n|switch|p1a: Regigigas|Regigigas, L84, tera:Ghost|100/100|[from] Volt Switch\n|-start|p1a: Regigigas|ability: Slow Start\n|\n|upkeep\n|turn|78\n|inactive|Time left: 300 sec this turn | 300 sec total\n|\n|t:|1783551070\n|move|p2a: Cyclizar|Draco Meteor|p1a: Regigigas\n|-damage|p1a: Regigigas|69/100\n|-unboost|p2a: Cyclizar|spa|2\n|move|p1a: Regigigas|Body Slam|p2a: Cyclizar\n|-damage|p2a: Cyclizar|43/255\n|-status|p2a: Cyclizar|par\n|\n|-heal|p1a: Regigigas|75/100|[from] item: Leftovers\n|upkeep\n|turn|79\n|inactive|Time left: 300 sec this turn | 300 sec total\n|\n|t:|1783551071\n|move|p2a: Cyclizar|Draco Meteor|p1a: Regigigas\n|-damage|p1a: Regigigas|58/100\n|-unboost|p2a: Cyclizar|spa|2\n|move|p1a: Regigigas|Knock Off|p2a: Cyclizar\n|-damage|p2a: Cyclizar|0 fnt\n|-enditem|p2a: Cyclizar|Heavy-Duty Boots|[from] move: Knock Off|[of] p1a: Regigigas\n|faint|p2a: Cyclizar\n|\n|win|p0x958d44e", "uploadtime": 1783551071, "views": 0, "rating": 0, "private": 0, "password": null, "_winner": "p0x958d44e", "_our_name": "p0y9588e10"}