{"id": "battle-gen9randombattle-1298", "formatid": "gen9randombattle", "format": "[Gen 9] Random Battle", "players": ["p0x1298f103", "p0y129814f4"], "log": "|init|battle\n|title|p0x1298f103 vs. p0y129814f4\n|j|\u2606p0x1298f103\n|j|\u2606p0y129814f4\n|t:|1783554192\n|gametype|singles\n|player|p1|p0x1298f103|169|\n|player|p2|p0y129814f4|265|\n|gen|9\n|tier|[Gen 9] Random Battle\n|rule|Species Clause: Limit one of each Pok\u00e9mon\n|rule|HP Percentage Mod: HP is shown in percentages\n|rule|Sleep Clause Mod: Limit one foe put to sleep\n|rule|Illusion Level Mod: Illusion disguises the Pok\u00e9mon's true level\n|\n|t:|1783554192\n|teamsize|p1|6\n|teamsize|p2|6\n|start\n|switch|p1a: Ceruledge|Ceruledge, L78, F|100/100\n|switch|p2a: Oranguru|Oranguru, L92, F|315/315\n|turn|1\n|inactive|Battle timer is ON: inactive players will automatically lose when time's up. (requested by p0y129814f4)\n|inactive|p0x1298f103 also wants the timer to be on.\n|\n|t:|1783554194\n|move|p1a: Ceruledge|Swords Dance|p1a: Ceruledge\n|-boost|p1a: Ceruledge|atk|2\n|move|p2a: Oranguru|Nasty Plot|p2a: Oranguru\n|-boost|p2a: Oranguru|spa|2\n|\n|upkeep\n|turn|2\n|inactive|Time left: 300 sec this turn | 300 sec total\n|\n|t:|1783554195\n|move|p1a: Ceruledge|Bitter Blade|p2a: Oranguru\n|-damage|p2a: Oranguru|116/315\n|move|p2a: Oranguru|Psychic|p1a: Ceruledge\n|-damage|p1a: Ceruledge|16/100\n|\n|-heal|p2a: Oranguru|135/315|[from] item: Leftovers\n|upkeep\n|turn|3\n|inactive|Time left: 300 sec this turn | 300 sec total\n|\n|t:|1783554196\n|switch|p2a: Reshiram|Reshiram, L76|277/277\n|-ability|p2a: Reshiram|Turboblaze\n|move|p1a: Ceruledge|Bitter Blade|p2a: Reshiram\n|-resisted|p2a: Reshiram\n|-damage|p2a: Reshiram|230/277\n|-heal|p1a: Ceruledge|25/100|[from] drain|[of] p2a: Reshiram\n|\n|upkeep\n|turn|4\n|inactive|Time left: 300 sec this turn | 300 sec total\n|\n|t:|1783554198\n|move|p2a: Reshiram|Earth Power|p1a: Ceruledge\n|-supereffective|p1a: Ceruledge\n|-damage|p1a: Ceruledge|0 fnt\n|faint|p1a: Ceruledge\n|\n|upkeep\n|\n|t:|1783554199\n|switch|p1a: Volcarona|Volcarona, L77, M|100/100\n|turn|5\n|inactive|Time left: 300 sec this turn | 300 sec total\n|\n|t:|1783554200\n|move|p1a: Volcarona|Quiver Dance|p1a: Volcarona\n|-boost|p1a: Volcarona|spa|1\n|-boost|p1a: Volcarona|spd|1\n|-boost|p1a: Volcarona|spe|1\n|move|p2a: Reshiram|Blue Flare|p1a: Volcarona\n|-damage|p1a: Volcarona|58/100\n|\n|upkeep\n|turn|6\n|inactive|Time left: 300 sec this turn | 300 sec total\n|\n|t:|1783554201\n|move|p1a: Volcarona|Quiver Dance|p1a: Volcarona\n|-boost|p1a: Volcarona|spa|1\n|-boost|p1a: Volcarona|spd|1\n|-boost|p1a: Volcarona|spe|1\n|move|p2a: Reshiram|Blue Flare|p1a: Volcarona\n|-damage|p1a: Volcarona|29/100\n|\n|upkeep\n|turn|7\n|inactive|Time left: 300 sec this turn | 300 sec total\n|\n|t:|1783554202\n|move|p1a: Volcarona|Giga Drain|p2a: Reshiram\n|-resisted|p2a: Reshiram\n|-damage|p2a: Reshiram|206/277\n|-heal|p1a: Volcarona|34/100|[from] drain|[of] p2a: Reshiram\n|move|p2a: Reshiram|Blue Flare|p1a: Volcarona\n|-damage|p1a: Volcarona|6/100\n|\n|upkeep\n|turn|8\n|inactive|Time left: 300 sec this turn | 300 sec total\n|\n|t:|1783554204\n|move|p1a: Volcarona|Tera Blast|p2a: Reshiram\n|-damage|p2a: Reshiram|101/277\n|move|p2a: Reshiram|Earth Power|p1a: Volcarona\n|-damage|p1a: Volcarona|0 fnt\n|faint|p1a: Volcarona\n|\n|upkeep\n|\n|t:|1783554205\n|switch|p1a: Oricorio|Oricorio-Sensu, L85, M|100/100\n|turn|9\n|inactive|Time left: 300 sec this turn | 300 sec total\n|\n|t:|1783554206\n|move|p1a: Oricorio|Quiver Dance|p1a: Oricorio\n|-boost|p1a: Oricorio|spa|1\n|-boost|p1a: Oricorio|spd|1\n|-boost|p1a: Oricorio|spe|1\n|move|p2a: Reshiram|Blue Flare|p1a: Oricorio\n|-damage|p1a: Oricorio|49/100\n|\n|upkeep\n|turn|10\n|inactive|Time left: 300 sec this turn | 300 sec total\n|\n|t:|1783554207\n|move|p1a: Oricorio|Revelation Dance|p2a: Reshiram\n|-damage|p2a: Reshiram|0 fnt\n|faint|p2a: Reshiram\n|\n|upkeep\n|inactive|Time left: 300 sec this turn | 300 sec total | 5 sec grace\n|\n|t:|1783554208\n|switch|p2a: Oranguru|Oranguru, L92, F|135/315\n|turn|11\n|inactive|Time left: 300 sec this turn | 300 sec total\n|\n|t:|1783554209\n|move|p1a: Oricorio|Quiver Dance|p1a: Oricorio\n|-boost|p1a: Oricorio|spa|1\n|-boost|p1a: Oricorio|spd|1\n|-boost|p1a: Oricorio|spe|1\n|move|p2a: Oranguru|Psychic|p1a: Oricorio\n|-crit|p1a: Oricorio\n|-damage|p1a: Oricorio|0 fnt\n|faint|p1a: Oricorio\n|\n|-heal|p2a: Oranguru|154/315|[from] item: Leftovers\n|upkeep\n|\n|t:|1783554210\n|switch|p1a: Plusle|Plusle, L95, F|100/100\n|turn|12\n|inactive|Time left: 300 sec this turn | 300 sec total\n|\n|t:|1783554211\n|move|p1a: Plusle|Nasty Plot|p1a: Plusle\n|-boost|p1a: Plusle|spa|2\n|move|p2a: Oranguru|Psychic|p1a: Plusle\n|-damage|p1a: Plusle|58/100\n|\n|-heal|p2a: Oranguru|173/315|[from] item: Leftovers\n|upkeep\n|turn|13\n|inactive|Time left: 300 sec this turn | 300 sec total\n|\n|t:|1783554212\n|-terastallize|p2a: Oranguru|Electric\n|move|p1a: Plusle|Thunderbolt|p2a: Oranguru\n|-resisted|p2a: Oranguru\n|-damage|p2a: Oranguru|63/315\n|-damage|p1a: Plusle|48/100|[from] item: Life Orb\n|move|p2a: Oranguru|Psychic|p1a: Plusle\n|-damage|p1a: Plusle|8/100\n|\n|-heal|p2a: Oranguru|82/315|[from] item: Leftovers\n|upkeep\n|turn|14\n|inactive|Time left: 300 sec this turn | 300 sec total\n|\n|t:|1783554213\n|move|p1a: Plusle|Alluring Voice|p2a: Oranguru\n|-damage|p2a: Oranguru|0 fnt\n|faint|p2a: Oranguru\n|-damage|p1a: Plusle|0 fnt|[from] item: Life Orb\n|faint|p1a: Plusle\n|\n|upkeep\n|inactive|Time left: 300 sec this turn | 300 sec total | 5 sec grace\n|\n|t:|1783554214\n|switch|p1a: Okidogi|Okidogi, L77, M|100/100\n|switch|p2a: Gothitelle|Gothitelle, L90, F|272/272\n|turn|15\n|inactive|Time left: 300 sec this turn | 300 sec total\n|\n|t:|1783554216\n|-terastallize|p1a: Okidogi|Dark\n|move|p1a: Okidogi|Knock Off|p2a: Gothitelle\n|-supereffective|p2a: Gothitelle\n|-damage|p2a: Gothitelle|84/272\n|-enditem|p2a: Gothitelle|Leftovers|[from] move: Knock Off|[of] p1a: Okidogi\n|move|p2a: Gothitelle|Psychic Noise|p1a: Okidogi\n|-immune|p1a: Okidogi\n|\n|upkeep\n|turn|16\n|inactive|Time left: 300 sec this turn | 300 sec total\n|\n|t:|1783554217\n|move|p2a: Gothitelle|Focus Blast|p1a: Okidogi\n|-supereffective|p1a: Okidogi\n|-damage|p1a: Okidogi|24/100\n|-unboost|p1a: Okidogi|spd|1\n|move|p1a: Okidogi|Bulk Up|p1a: Okidogi\n|-boost|p1a: Okidogi|atk|1\n|-boost|p1a: Okidogi|def|1\n|\n|-heal|p1a: Okidogi|30/100|[from] item: Leftovers\n|upkeep\n|turn|17\n|inactive|Time left: 300 sec this turn | 300 sec total\n|\n|t:|1783554218\n|move|p2a: Gothitelle|Focus Blast|p1a: Okidogi|[miss]\n|-miss|p2a: Gothitelle|p1a: Okidogi\n|move|p1a: Okidogi|Gunk Shot|p2a: Gothitelle\n|-damage|p2a: Gothitelle|0 fnt\n|faint|p2a: Gothitelle\n|\n|-heal|p1a: Okidogi|36/100|[from] item: Leftovers\n|upkeep\n|inactive|Time left: 300 sec this turn | 300 sec total | 5 sec grace\n|\n|t:|1783554219\n|switch|p2a: Virizion|Virizion, L82|283/283\n|turn|18\n|inactive|Time left: 300 sec this turn | 300 sec total\n|\n|t:|1783554220\n|move|p2a: Virizion|Close Combat|p1a: Okidogi\n|-supereffective|p1a: Okidogi\n|-damage|p1a: Okidogi|0 fnt\n|-unboost|p2a: Virizion|def|1\n|-unboost|p2a: Virizion|spd|1\n|faint|p1a: Okidogi\n|-damage|p2a: Virizion|255/283|[from] item: Life Orb\n|\n|upkeep\n|\n|t:|1783554221\n|switch|p1a: Cacturne|Cacturne, L92, F|100/100\n|turn|19\n|inactive|Time left: 300 sec this turn | 300 sec total\n|\n|t:|1783554222\n|move|p1a: Cacturne|Sucker Punch|p2a: Virizion\n|-resisted|p2a: Virizion\n|-damage|p2a: Virizion|130/283\n|-ability|p2a: Virizion|Justified|boost\n|-boost|p2a: Virizion|atk|1\n|-damage|p1a: Cacturne|91/100|[from] item: Life Orb\n|move|p2a: Virizion|Close Combat|p1a: Cacturne\n|-supereffective|p1a: Cacturne\n|-damage|p1a: Cacturne|0 fnt\n|-unboost|p2a: Virizion|def|1\n|-unboost|p2a: Virizion|spd|1\n|faint|p1a: Cacturne\n|-damage|p2a: Virizion|102/283|[from] item: Life Orb\n|\n|win|p0y129814f4", "uploadtime": 1783554222, "views": 0, "rating": 0, "private": 0, "password": null, "_winner": "p0y129814f4", "_our_name": "p0y129814f4"}