{"id": "battle-gen9randombattle-653", "formatid": "gen9randombattle", "format": "[Gen 9] Random Battle", "players": ["p0x6533dc3", "p0y6531680"], "log": "|init|battle\n|title|p0x6533dc3 vs. p0y6531680\n|j|\u2606p0x6533dc3\n|j|\u2606p0y6531680\n|t:|1783546692\n|gametype|singles\n|player|p1|p0x6533dc3|169|\n|player|p2|p0y6531680|170|\n|gen|9\n|tier|[Gen 9] Random Battle\n|rule|Species Clause: Limit one of each Pok\u00e9mon\n|rule|HP Percentage Mod: HP is shown in percentages\n|rule|Sleep Clause Mod: Limit one foe put to sleep\n|rule|Illusion Level Mod: Illusion disguises the Pok\u00e9mon's true level\n|\n|t:|1783546692\n|teamsize|p1|6\n|teamsize|p2|6\n|start\n|switch|p1a: Mightyena|Mightyena, L96, F|100/100\n|switch|p2a: Flutter Mane|Flutter Mane, L74|203/203\n|-ability|p1a: Mightyena|Intimidate|boost\n|-unboost|p2a: Flutter Mane|atk|1\n|turn|1\n|inactive|Battle timer is ON: inactive players will automatically lose when time's up. (requested by p0y6531680)\n|inactive|p0x6533dc3 also wants the timer to be on.\n|\n|t:|1783546693\n|switch|p1a: Volcarona|Volcarona, L77, F|100/100\n|move|p2a: Flutter Mane|Moonblast|p1a: Volcarona\n|-resisted|p1a: Volcarona\n|-damage|p1a: Volcarona|71/100\n|\n|upkeep\n|turn|2\n|inactive|Time left: 300 sec this turn | 300 sec total\n|\n|t:|1783546694\n|move|p2a: Flutter Mane|Moonblast|p1a: Volcarona\n|-resisted|p1a: Volcarona\n|-damage|p1a: Volcarona|41/100\n|-unboost|p1a: Volcarona|spa|1\n|move|p1a: Volcarona|Quiver Dance|p1a: Volcarona\n|-boost|p1a: Volcarona|spa|1\n|-boost|p1a: Volcarona|spd|1\n|-boost|p1a: Volcarona|spe|1\n|\n|upkeep\n|turn|3\n|inactive|Time left: 300 sec this turn | 300 sec total\n|\n|t:|1783546695\n|-end|p2a: Flutter Mane|Protosynthesis|[silent]\n|switch|p2a: Reshiram|Reshiram, L76|277/277\n|-ability|p2a: Reshiram|Turboblaze\n|move|p1a: Volcarona|Fiery Dance|p2a: Reshiram\n|-resisted|p2a: Reshiram\n|-damage|p2a: Reshiram|257/277\n|-boost|p1a: Volcarona|spa|1\n|\n|upkeep\n|turn|4\n|inactive|Time left: 300 sec this turn | 300 sec total\n|\n|t:|1783546697\n|-terastallize|p1a: Volcarona|Ground\n|move|p1a: Volcarona|Tera Blast|p2a: Reshiram|[anim] Tera Blast Ground\n|-supereffective|p2a: Reshiram\n|-damage|p2a: Reshiram|11/277\n|move|p2a: Reshiram|Outrage|p1a: Volcarona\n|-damage|p1a: Volcarona|0 fnt\n|faint|p1a: Volcarona\n|\n|upkeep\n|\n|t:|1783546698\n|switch|p1a: Cresselia|Cresselia, L80, F|100/100\n|turn|5\n|inactive|Time left: 300 sec this turn | 300 sec total\n|\n|t:|1783546699\n|move|p1a: Cresselia|Moonblast|p2a: Reshiram\n|-damage|p2a: Reshiram|0 fnt\n|faint|p2a: Reshiram\n|\n|upkeep\n|inactive|Time left: 300 sec this turn | 300 sec total | 5 sec grace\n|\n|t:|1783546700\n|switch|p2a: Banette|Banette, L93, F|270/270\n|turn|6\n|inactive|Time left: 300 sec this turn | 300 sec total\n|\n|t:|1783546701\n|switch|p1a: Mightyena|Mightyena, L96, F|100/100\n|-ability|p1a: Mightyena|Intimidate|boost\n|-unboost|p2a: Banette|atk|1\n|move|p2a: Banette|Poltergeist|p1a: Mightyena\n|-activate|p1a: Mightyena|move: Poltergeist|Leftovers\n|-resisted|p1a: Mightyena\n|-damage|p1a: Mightyena|74/100\n|-damage|p2a: Banette|243/270|[from] item: Life Orb\n|\n|-heal|p1a: Mightyena|80/100|[from] item: Leftovers\n|upkeep\n|turn|7\n|inactive|Time left: 300 sec this turn | 300 sec total\n|\n|t:|1783546702\n|switch|p2a: Venomoth|Venomoth, L84, M|255/255\n|move|p1a: Mightyena|Crunch|p2a: Venomoth\n|-damage|p2a: Venomoth|125/255\n|\n|-heal|p1a: Mightyena|86/100|[from] item: Leftovers\n|upkeep\n|turn|8\n|inactive|Time left: 300 sec this turn | 300 sec total\n|\n|t:|1783546703\n|move|p2a: Venomoth|Sleep Powder|p1a: Mightyena\n|-status|p1a: Mightyena|slp|[from] move: Sleep Powder\n|cant|p1a: Mightyena|slp\n|\n|-heal|p1a: Mightyena|92/100 slp|[from] item: Leftovers\n|upkeep\n|turn|9\n|inactive|Time left: 300 sec this turn | 300 sec total\n|\n|t:|1783546704\n|switch|p1a: Mudsdale|Mudsdale, L83, M|100/100\n|move|p2a: Venomoth|Quiver Dance|p2a: Venomoth\n|-boost|p2a: Venomoth|spa|1\n|-boost|p2a: Venomoth|spd|1\n|-boost|p2a: Venomoth|spe|1\n|\n|upkeep\n|turn|10\n|inactive|Time left: 300 sec this turn | 300 sec total\n|\n|t:|1783546705\n|move|p2a: Venomoth|Sludge Wave|p1a: Mudsdale\n|-resisted|p1a: Mudsdale\n|-damage|p1a: Mudsdale|51/100\n|-ability|p1a: Mudsdale|Stamina|boost\n|-boost|p1a: Mudsdale|def|1\n|move|p1a: Mudsdale|Heavy Slam|p2a: Venomoth\n|-damage|p2a: Venomoth|1/255\n|\n|-heal|p1a: Mudsdale|57/100|[from] item: Leftovers\n|upkeep\n|turn|11\n|inactive|Time left: 300 sec this turn | 300 sec total\n|\n|t:|1783546706\n|-terastallize|p2a: Venomoth|Poison\n|move|p2a: Venomoth|Sludge Wave|p1a: Mudsdale\n|-resisted|p1a: Mudsdale\n|-damage|p1a: Mudsdale|0 fnt\n|faint|p1a: Mudsdale\n|\n|upkeep\n|\n|t:|1783546707\n|switch|p1a: Probopass|Probopass, L91, F|100/100\n|turn|12\n|inactive|Time left: 300 sec this turn | 300 sec total\n|\n|t:|1783546708\n|move|p2a: Venomoth|Bug Buzz|p1a: Probopass\n|-resisted|p1a: Probopass\n|-damage|p1a: Probopass|71/100\n|move|p1a: Probopass|Power Gem|p2a: Venomoth\n|-damage|p2a: Venomoth|0 fnt\n|faint|p2a: Venomoth\n|\n|upkeep\n|inactive|Time left: 300 sec this turn | 300 sec total | 5 sec grace\n|\n|t:|1783546709\n|switch|p2a: Feraligatr|Feraligatr, L79, M|264/264\n|turn|13\n|inactive|Time left: 300 sec this turn | 300 sec total\n|\n|t:|1783546710\n|switch|p1a: Mightyena|Mightyena, L96, F|92/100 slp\n|-ability|p1a: Mightyena|Intimidate|boost\n|-unboost|p2a: Feraligatr|atk|1\n|move|p2a: Feraligatr|Dragon Dance|p2a: Feraligatr\n|-boost|p2a: Feraligatr|atk|1\n|-boost|p2a: Feraligatr|spe|1\n|\n|-heal|p1a: Mightyena|98/100 slp|[from] item: Leftovers\n|upkeep\n|turn|14\n|inactive|Time left: 300 sec this turn | 300 sec total\n|\n|t:|1783546711\n|move|p2a: Feraligatr|Dragon Dance|p2a: Feraligatr\n|-boost|p2a: Feraligatr|atk|1\n|-boost|p2a: Feraligatr|spe|1\n|-curestatus|p1a: Mightyena|slp|[msg]\n|move|p1a: Mightyena|Crunch|p2a: Feraligatr\n|-damage|p2a: Feraligatr|165/264\n|-unboost|p2a: Feraligatr|def|1\n|\n|-heal|p1a: Mightyena|100/100|[from] item: Leftovers\n|upkeep\n|turn|15\n|inactive|Time left: 300 sec this turn | 300 sec total\n|\n|t:|1783546712\n|move|p2a: Feraligatr|Liquidation|p1a: Mightyena\n|-damage|p1a: Mightyena|27/100\n|move|p1a: Mightyena|Crunch|p2a: Feraligatr\n|-damage|p2a: Feraligatr|29/264\n|\n|-heal|p1a: Mightyena|33/100|[from] item: Leftovers\n|upkeep\n|turn|16\n|inactive|Time left: 300 sec this turn | 300 sec total\n|\n|t:|1783546714\n|move|p1a: Mightyena|Sucker Punch||[still]\n|-fail|p1a: Mightyena\n|move|p2a: Feraligatr|Dragon Dance|p2a: Feraligatr\n|-boost|p2a: Feraligatr|atk|1\n|-boost|p2a: Feraligatr|spe|1\n|\n|-heal|p1a: Mightyena|39/100|[from] item: Leftovers\n|upkeep\n|turn|17\n|inactive|Time left: 300 sec this turn | 300 sec total\n|\n|t:|1783546715\n|move|p1a: Mightyena|Sucker Punch||[still]\n|-fail|p1a: Mightyena\n|move|p2a: Feraligatr|Dragon Dance|p2a: Feraligatr\n|-boost|p2a: Feraligatr|atk|1\n|-boost|p2a: Feraligatr|spe|1\n|\n|-heal|p1a: Mightyena|45/100|[from] item: Leftovers\n|upkeep\n|turn|18\n|inactive|Time left: 300 sec this turn | 300 sec total\n|\n|t:|1783546716\n|move|p1a: Mightyena|Sucker Punch||[still]\n|-fail|p1a: Mightyena\n|move|p2a: Feraligatr|Dragon Dance|p2a: Feraligatr\n|-boost|p2a: Feraligatr|atk|1\n|-boost|p2a: Feraligatr|spe|1\n|\n|-heal|p1a: Mightyena|52/100|[from] item: Leftovers\n|upkeep\n|turn|19\n|inactive|Time left: 300 sec this turn | 300 sec total\n|\n|t:|1783546717\n|move|p1a: Mightyena|Sucker Punch||[still]\n|-fail|p1a: Mightyena\n|move|p2a: Feraligatr|Dragon Dance|p2a: Feraligatr\n|-boost|p2a: Feraligatr|atk|1\n|-boost|p2a: Feraligatr|spe|1\n|\n|-heal|p1a: Mightyena|58/100|[from] item: Leftovers\n|upkeep\n|turn|20\n|inactive|Time left: 300 sec this turn | 300 sec total\n|\n|t:|1783546718\n|move|p1a: Mightyena|Sucker Punch||[still]\n|-fail|p1a: Mightyena\n|move|p2a: Feraligatr|Dragon Dance|p2a: Feraligatr\n|-boost|p2a: Feraligatr|atk|1\n|-boost|p2a: Feraligatr|spe|0\n|\n|-heal|p1a: Mightyena|64/100|[from] item: Leftovers\n|upkeep\n|turn|21\n|inactive|Time left: 300 sec this turn | 300 sec total\n|\n|t:|1783546719\n|move|p1a: Mightyena|Sucker Punch||[still]\n|-fail|p1a: Mightyena\n|move|p2a: Feraligatr|Dragon Dance|p2a: Feraligatr\n|-boost|p2a: Feraligatr|atk|0\n|-boost|p2a: Feraligatr|spe|0\n|\n|-heal|p1a: Mightyena|70/100|[from] item: Leftovers\n|upkeep\n|turn|22\n|inactive|Time left: 300 sec this turn | 300 sec total\n|\n|t:|1783546720\n|move|p1a: Mightyena|Sucker Punch||[still]\n|-fail|p1a: Mightyena\n|move|p2a: Feraligatr|Dragon Dance|p2a: Feraligatr\n|-boost|p2a: Feraligatr|atk|0\n|-boost|p2a: Feraligatr|spe|0\n|\n|-heal|p1a: Mightyena|76/100|[from] item: Leftovers\n|upkeep\n|turn|23\n|inactive|Time left: 300 sec this turn | 300 sec total\n|\n|t:|1783546721\n|move|p1a: Mightyena|Sucker Punch||[still]\n|-fail|p1a: Mightyena\n|move|p2a: Feraligatr|Dragon Dance|p2a: Feraligatr\n|-boost|p2a: Feraligatr|atk|0\n|-boost|p2a: Feraligatr|spe|0\n|\n|-heal|p1a: Mightyena|83/100|[from] item: Leftovers\n|upkeep\n|turn|24\n|inactive|Time left: 300 sec this turn | 300 sec total\n|\n|t:|1783546723\n|switch|p1a: Koraidon|Koraidon, L64|100/100\n|-weather|SunnyDay|[from] ability: Orichalcum Pulse|[of] p1a: Koraidon\n|-activate|p1a: Koraidon|Orichalcum Pulse|[source]\n|move|p2a: Feraligatr|Liquidation|p1a: Koraidon\n|-resisted|p1a: Koraidon\n|-damage|p1a: Koraidon|39/100\n|\n|-weather|SunnyDay|[upkeep]\n|upkeep\n|turn|25\n|inactive|Time left: 300 sec this turn | 300 sec total\n|\n|t:|1783546724\n|move|p2a: Feraligatr|Liquidation|p1a: Koraidon\n|-resisted|p1a: Koraidon\n|-damage|p1a: Koraidon|0 fnt\n|faint|p1a: Koraidon\n|\n|-weather|SunnyDay|[upkeep]\n|upkeep\n|\n|t:|1783546725\n|switch|p1a: Cresselia|Cresselia, L80, F|100/100\n|turn|26\n|inactive|Time left: 300 sec this turn | 300 sec total\n|\n|t:|1783546726\n|move|p2a: Feraligatr|Ice Punch|p1a: Cresselia\n|-damage|p1a: Cresselia|16/100\n|move|p1a: Cresselia|Moonblast|p2a: Feraligatr\n|-damage|p2a: Feraligatr|0 fnt\n|faint|p2a: Feraligatr\n|\n|-weather|SunnyDay|[upkeep]\n|-heal|p1a: Cresselia|22/100|[from] item: Leftovers\n|upkeep\n|inactive|Time left: 300 sec this turn | 300 sec total | 5 sec grace\n|\n|t:|1783546727\n|switch|p2a: Flutter Mane|Flutter Mane, L74|203/203\n|-activate|p2a: Flutter Mane|ability: Protosynthesis\n|-start|p2a: Flutter Mane|protosynthesisspa\n|turn|27\n|inactive|Time left: 300 sec this turn | 300 sec total\n|\n|t:|1783546728\n|switch|p1a: Probopass|Probopass, L91, F|71/100\n|move|p2a: Flutter Mane|Mystical Fire|p1a: Probopass\n|-damage|p1a: Probopass|33/100\n|-unboost|p1a: Probopass|spa|1\n|\n|-weather|SunnyDay|[upkeep]\n|upkeep\n|turn|28\n|inactive|Time left: 300 sec this turn | 300 sec total\n|\n|t:|1783546729\n|switch|p1a: Cresselia|Cresselia, L80, F|22/100\n|move|p2a: Flutter Mane|Mystical Fire|p1a: Cresselia\n|-damage|p1a: Cresselia|0 fnt\n|faint|p1a: Cresselia\n|\n|-weather|none\n|-end|p2a: Flutter Mane|Protosynthesis\n|upkeep\n|\n|t:|1783546730\n|switch|p1a: Mightyena|Mightyena, L96, F|83/100\n|-ability|p1a: Mightyena|Intimidate|boost\n|-unboost|p2a: Flutter Mane|atk|1\n|turn|29\n|inactive|Time left: 300 sec this turn | 300 sec total\n|\n|t:|1783546731\n|-end|p2a: Flutter Mane|Protosynthesis|[silent]\n|switch|p2a: Klefki|Klefki, L84, F|233/233\n|move|p1a: Mightyena|Crunch|p2a: Klefki\n|-resisted|p2a: Klefki\n|-damage|p2a: Klefki|184/233\n|-unboost|p2a: Klefki|def|1\n|\n|-heal|p1a: Mightyena|89/100|[from] item: Leftovers\n|-heal|p2a: Klefki|198/233|[from] item: Leftovers\n|upkeep\n|turn|30\n|inactive|Time left: 300 sec this turn | 300 sec total\n|\n|t:|1783546732\n|switch|p1a: Probopass|Probopass, L91, F|33/100\n|move|p2a: Klefki|Dazzling Gleam|p1a: Probopass\n|-resisted|p1a: Probopass\n|-damage|p1a: Probopass|24/100\n|\n|-heal|p2a: Klefki|212/233|[from] item: Leftovers\n|upkeep\n|turn|31\n|inactive|Time left: 300 sec this turn | 300 sec total\n|\n|t:|1783546733\n|move|p2a: Klefki|Thunder Wave|p1a: Probopass\n|-status|p1a: Probopass|par\n|move|p1a: Probopass|Rest|p1a: Probopass\n|-status|p1a: Probopass|slp|[from] move: Rest\n|-heal|p1a: Probopass|100/100 slp|[silent]\n|-enditem|p1a: Probopass|Chesto Berry|[eat]\n|-curestatus|p1a: Probopass|slp|[msg]\n|\n|-heal|p2a: Klefki|226/233|[from] item: Leftovers\n|upkeep\n|turn|32\n|inactive|Time left: 300 sec this turn | 300 sec total\n|\n|t:|1783546734\n|move|p2a: Klefki|Thunder Wave|p1a: Probopass\n|-status|p1a: Probopass|par\n|cant|p1a: Probopass|par\n|\n|-heal|p2a: Klefki|233/233|[from] item: Leftovers\n|upkeep\n|turn|33\n|inactive|Time left: 300 sec this turn | 300 sec total\n|\n|t:|1783546734\n|move|p2a: Klefki|Spikes|p1a: Probopass\n|-sidestart|p1: p0x6533dc3|Spikes\n|cant|p1a: Probopass|par\n|\n|upkeep\n|turn|34\n|inactive|Time left: 300 sec this turn | 300 sec total\n|\n|t:|1783546735\n|move|p2a: Klefki|Foul Play|p1a: Probopass\n|-damage|p1a: Probopass|92/100 par\n|move|p1a: Probopass|Iron Defense|p1a: Probopass\n|-boost|p1a: Probopass|def|2\n|\n|upkeep\n|turn|35\n|inactive|Time left: 300 sec this turn | 300 sec total\n|\n|t:|1783546736\n|move|p2a: Klefki|Spikes|p1a: Probopass\n|-sidestart|p1: p0x6533dc3|Spikes\n|move|p1a: Probopass|Body Press|p2a: Klefki\n|-damage|p2a: Klefki|0 fnt\n|faint|p2a: Klefki\n|\n|upkeep\n|inactive|Time left: 300 sec this turn | 300 sec total | 5 sec grace\n|\n|t:|1783546737\n|switch|p2a: Flutter Mane|Flutter Mane, L74|203/203\n|turn|36\n|inactive|Time left: 300 sec this turn | 300 sec total\n|\n|t:|1783546738\n|move|p2a: Flutter Mane|Mystical Fire|p1a: Probopass\n|-damage|p1a: Probopass|74/100 par\n|-unboost|p1a: Probopass|spa|1\n|cant|p1a: Probopass|par\n|\n|upkeep\n|turn|37\n|inactive|Time left: 300 sec this turn | 300 sec total\n|\n|t:|1783546739\n|move|p2a: Flutter Mane|Mystical Fire|p1a: Probopass\n|-damage|p1a: Probopass|54/100 par\n|-unboost|p1a: Probopass|spa|1\n|move|p1a: Probopass|Rest|p1a: Probopass\n|-status|p1a: Probopass|slp|[from] move: Rest\n|-heal|p1a: Probopass|100/100 slp|[silent]\n|\n|upkeep\n|turn|38\n|inactive|Time left: 300 sec this turn | 300 sec total\n|\n|t:|1783546740\n|move|p2a: Flutter Mane|Mystical Fire|p1a: Probopass\n|-damage|p1a: Probopass|83/100 slp\n|-unboost|p1a: Probopass|spa|1\n|cant|p1a: Probopass|slp\n|\n|upkeep\n|turn|39\n|inactive|Time left: 300 sec this turn | 300 sec total\n|\n|t:|1783546741\n|move|p2a: Flutter Mane|Mystical Fire|p1a: Probopass\n|-damage|p1a: Probopass|62/100 slp\n|-unboost|p1a: Probopass|spa|1\n|cant|p1a: Probopass|slp\n|\n|upkeep\n|turn|40\n|inactive|Time left: 300 sec this turn | 300 sec total\n|\n|t:|1783546742\n|move|p2a: Flutter Mane|Mystical Fire|p1a: Probopass\n|-damage|p1a: Probopass|43/100 slp\n|-unboost|p1a: Probopass|spa|1\n|-curestatus|p1a: Probopass|slp|[msg]\n|move|p1a: Probopass|Power Gem|p2a: Flutter Mane\n|-damage|p2a: Flutter Mane|182/203\n|\n|upkeep\n|turn|41\n|inactive|Time left: 300 sec this turn | 300 sec total\n|\n|t:|1783546743\n|move|p2a: Flutter Mane|Mystical Fire|p1a: Probopass\n|-damage|p1a: Probopass|23/100\n|-unboost|p1a: Probopass|spa|1\n|move|p1a: Probopass|Rest|p1a: Probopass\n|-status|p1a: Probopass|slp|[from] move: Rest\n|-heal|p1a: Probopass|100/100 slp|[silent]\n|\n|upkeep\n|turn|42\n|inactive|Time left: 300 sec this turn | 300 sec total\n|\n|t:|1783546744\n|move|p2a: Flutter Mane|Mystical Fire|p1a: Probopass\n|-damage|p1a: Probopass|81/100 slp\n|cant|p1a: Probopass|slp\n|\n|upkeep\n|turn|43\n|inactive|Time left: 300 sec this turn | 300 sec total\n|\n|t:|1783546745\n|move|p2a: Flutter Mane|Mystical Fire|p1a: Probopass\n|-damage|p1a: Probopass|61/100 slp\n|cant|p1a: Probopass|slp\n|\n|upkeep\n|turn|44\n|inactive|Time left: 300 sec this turn | 300 sec total\n|\n|t:|1783546746\n|move|p2a: Flutter Mane|Mystical Fire|p1a: Probopass\n|-damage|p1a: Probopass|42/100 slp\n|-curestatus|p1a: Probopass|slp|[msg]\n|move|p1a: Probopass|Power Gem|p2a: Flutter Mane\n|-damage|p2a: Flutter Mane|164/203\n|\n|upkeep\n|turn|45\n|inactive|Time left: 300 sec this turn | 300 sec total\n|\n|t:|1783546747\n|move|p2a: Flutter Mane|Mystical Fire|p1a: Probopass\n|-damage|p1a: Probopass|24/100\n|move|p1a: Probopass|Rest|p1a: Probopass\n|-status|p1a: Probopass|slp|[from] move: Rest\n|-heal|p1a: Probopass|100/100 slp|[silent]\n|\n|upkeep\n|turn|46\n|inactive|Time left: 300 sec this turn | 300 sec total\n|\n|t:|1783546748\n|move|p2a: Flutter Mane|Mystical Fire|p1a: Probopass\n|-damage|p1a: Probopass|81/100 slp\n|cant|p1a: Probopass|slp\n|\n|upkeep\n|turn|47\n|inactive|Time left: 300 sec this turn | 300 sec total\n|\n|t:|1783546749\n|switch|p1a: Mightyena|Mightyena, L96, F|89/100\n|-damage|p1a: Mightyena|72/100|[from] Spikes\n|-ability|p1a: Mightyena|Intimidate|boost\n|-unboost|p2a: Flutter Mane|atk|1\n|move|p2a: Flutter Mane|Mystical Fire|p1a: Mightyena\n|-damage|p1a: Mightyena|39/100\n|-unboost|p1a: Mightyena|spa|1\n|\n|-heal|p1a: Mightyena|46/100|[from] item: Leftovers\n|upkeep\n|turn|48\n|inactive|Time left: 300 sec this turn | 300 sec total\n|\n|t:|1783546750\n|-end|p2a: Flutter Mane|Protosynthesis|[silent]\n|switch|p2a: Banette|Banette, L93, F|243/270\n|move|p1a: Mightyena|Crunch|p2a: Banette\n|-supereffective|p2a: Banette\n|-damage|p2a: Banette|21/270\n|\n|-heal|p1a: Mightyena|52/100|[from] item: Leftovers\n|upkeep\n|turn|49\n|inactive|Time left: 300 sec this turn | 300 sec total\n|\n|t:|1783546751\n|move|p2a: Banette|Shadow Sneak|p1a: Mightyena\n|-resisted|p1a: Mightyena\n|-damage|p1a: Mightyena|38/100\n|-damage|p2a: Banette|0 fnt|[from] item: Life Orb\n|faint|p2a: Banette\n|move|p1a: Mightyena|Crunch|p2: Banette|[notarget]\n|-fail|p1a: Mightyena\n|\n|-heal|p1a: Mightyena|45/100|[from] item: Leftovers\n|upkeep\n|inactive|Time left: 300 sec this turn | 300 sec total | 5 sec grace\n|\n|t:|1783546752\n|switch|p2a: Flutter Mane|Flutter Mane, L74|164/203\n|turn|50\n|inactive|Time left: 300 sec this turn | 300 sec total\n|\n|t:|1783546753\n|switch|p1a: Probopass|Probopass, L91, F|81/100 slp\n|-damage|p1a: Probopass|65/100 slp|[from] Spikes\n|move|p2a: Flutter Mane|Moonblast|p1a: Probopass\n|-resisted|p1a: Probopass\n|-damage|p1a: Probopass|48/100 slp\n|\n|upkeep\n|turn|51\n|inactive|Time left: 300 sec this turn | 300 sec total\n|\n|t:|1783546754\n|move|p2a: Flutter Mane|Moonblast|p1a: Probopass\n|-resisted|p1a: Probopass\n|-damage|p1a: Probopass|30/100 slp\n|cant|p1a: Probopass|slp\n|\n|upkeep\n|turn|52\n|inactive|Time left: 300 sec this turn | 300 sec total\n|\n|t:|1783546755\n|move|p2a: Flutter Mane|Moonblast|p1a: Probopass\n|-resisted|p1a: Probopass\n|-damage|p1a: Probopass|12/100 slp\n|-unboost|p1a: Probopass|spa|1\n|-curestatus|p1a: Probopass|slp|[msg]\n|move|p1a: Probopass|Rest|p1a: Probopass\n|-status|p1a: Probopass|slp|[from] move: Rest\n|-heal|p1a: Probopass|100/100 slp|[silent]\n|\n|upkeep\n|turn|53\n|inactive|Time left: 300 sec this turn | 300 sec total\n|\n|t:|1783546756\n|move|p2a: Flutter Mane|Moonblast|p1a: Probopass\n|-resisted|p1a: Probopass\n|-damage|p1a: Probopass|83/100 slp\n|cant|p1a: Probopass|slp\n|\n|upkeep\n|turn|54\n|inactive|Time left: 300 sec this turn | 300 sec total\n|\n|t:|1783546757\n|move|p2a: Flutter Mane|Moonblast|p1a: Probopass\n|-resisted|p1a: Probopass\n|-damage|p1a: Probopass|65/100 slp\n|-unboost|p1a: Probopass|spa|1\n|cant|p1a: Probopass|slp\n|\n|upkeep\n|turn|55\n|inactive|Time left: 300 sec this turn | 300 sec total\n|\n|t:|1783546759\n|move|p2a: Flutter Mane|Moonblast|p1a: Probopass\n|-resisted|p1a: Probopass\n|-damage|p1a: Probopass|46/100 slp\n|-curestatus|p1a: Probopass|slp|[msg]\n|move|p1a: Probopass|Rest|p1a: Probopass\n|-status|p1a: Probopass|slp|[from] move: Rest\n|-heal|p1a: Probopass|100/100 slp|[silent]\n|\n|upkeep\n|turn|56\n|inactive|Time left: 300 sec this turn | 300 sec total\n|\n|t:|1783546760\n|move|p2a: Flutter Mane|Moonblast|p1a: Probopass\n|-resisted|p1a: Probopass\n|-damage|p1a: Probopass|82/100 slp\n|cant|p1a: Probopass|slp\n|\n|upkeep\n|turn|57\n|inactive|Time left: 300 sec this turn | 300 sec total\n|\n|t:|1783546761\n|move|p2a: Flutter Mane|Moonblast|p1a: Probopass\n|-resisted|p1a: Probopass\n|-damage|p1a: Probopass|65/100 slp\n|-unboost|p1a: Probopass|spa|1\n|cant|p1a: Probopass|slp\n|\n|upkeep\n|turn|58\n|inactive|Time left: 300 sec this turn | 300 sec total\n|\n|t:|1783546762\n|move|p2a: Flutter Mane|Moonblast|p1a: Probopass\n|-resisted|p1a: Probopass\n|-damage|p1a: Probopass|47/100 slp\n|-curestatus|p1a: Probopass|slp|[msg]\n|move|p1a: Probopass|Rest|p1a: Probopass\n|-status|p1a: Probopass|slp|[from] move: Rest\n|-heal|p1a: Probopass|100/100 slp|[silent]\n|\n|upkeep\n|turn|59\n|inactive|Time left: 300 sec this turn | 300 sec total\n|\n|t:|1783546763\n|move|p2a: Flutter Mane|Moonblast|p1a: Probopass\n|-resisted|p1a: Probopass\n|-damage|p1a: Probopass|81/100 slp\n|cant|p1a: Probopass|slp\n|\n|upkeep\n|turn|60\n|inactive|Time left: 300 sec this turn | 300 sec total\n|\n|t:|1783546764\n|move|p2a: Flutter Mane|Moonblast|p1a: Probopass\n|-resisted|p1a: Probopass\n|-damage|p1a: Probopass|64/100 slp\n|-unboost|p1a: Probopass|spa|1\n|cant|p1a: Probopass|slp\n|\n|upkeep\n|turn|61\n|inactive|Time left: 300 sec this turn | 300 sec total\n|\n|t:|1783546765\n|switch|p1a: Mightyena|Mightyena, L96, F|45/100\n|-damage|p1a: Mightyena|28/100|[from] Spikes\n|-ability|p1a: Mightyena|Intimidate|boost\n|-unboost|p2a: Flutter Mane|atk|1\n|move|p2a: Flutter Mane|Moonblast|p1a: Mightyena\n|-supereffective|p1a: Mightyena\n|-damage|p1a: Mightyena|0 fnt\n|faint|p1a: Mightyena\n|\n|upkeep\n|\n|t:|1783546766\n|switch|p1a: Probopass|Probopass, L91, F|64/100 slp\n|-damage|p1a: Probopass|47/100 slp|[from] Spikes\n|turn|62\n|inactive|Time left: 300 sec this turn | 300 sec total\n|\n|t:|1783546767\n|move|p2a: Flutter Mane|Moonblast|p1a: Probopass\n|-resisted|p1a: Probopass\n|-damage|p1a: Probopass|29/100 slp\n|-unboost|p1a: Probopass|spa|1\n|-curestatus|p1a: Probopass|slp|[msg]\n|move|p1a: Probopass|Power Gem|p2a: Flutter Mane\n|-damage|p2a: Flutter Mane|118/203\n|\n|upkeep\n|turn|63\n|inactive|Time left: 300 sec this turn | 300 sec total\n|\n|t:|1783546768\n|move|p2a: Flutter Mane|Moonblast|p1a: Probopass\n|-resisted|p1a: Probopass\n|-damage|p1a: Probopass|12/100\n|move|p1a: Probopass|Rest|p1a: Probopass\n|-status|p1a: Probopass|slp|[from] move: Rest\n|-heal|p1a: Probopass|100/100 slp|[silent]\n|\n|upkeep\n|turn|64\n|inactive|Time left: 300 sec this turn | 300 sec total\n|\n|t:|1783546769\n|move|p2a: Flutter Mane|Moonblast|p1a: Probopass\n|-resisted|p1a: Probopass\n|-damage|p1a: Probopass|81/100 slp\n|cant|p1a: Probopass|slp\n|\n|upkeep\n|turn|65\n|inactive|Time left: 300 sec this turn | 300 sec total\n|\n|t:|1783546770\n|move|p2a: Flutter Mane|Moonblast|p1a: Probopass\n|-resisted|p1a: Probopass\n|-damage|p1a: Probopass|65/100 slp\n|cant|p1a: Probopass|slp\n|\n|upkeep\n|turn|66\n|inactive|Time left: 300 sec this turn | 300 sec total\n|\n|t:|1783546771\n|move|p2a: Flutter Mane|Moonblast|p1a: Probopass\n|-resisted|p1a: Probopass\n|-damage|p1a: Probopass|46/100 slp\n|-curestatus|p1a: Probopass|slp|[msg]\n|move|p1a: Probopass|Power Gem|p2a: Flutter Mane\n|-damage|p2a: Flutter Mane|75/203\n|\n|upkeep\n|turn|67\n|inactive|Time left: 300 sec this turn | 300 sec total\n|\n|t:|1783546772\n|move|p2a: Flutter Mane|Moonblast|p1a: Probopass\n|-resisted|p1a: Probopass\n|-damage|p1a: Probopass|30/100\n|move|p1a: Probopass|Power Gem|p2a: Flutter Mane\n|-crit|p2a: Flutter Mane\n|-damage|p2a: Flutter Mane|0 fnt\n|faint|p2a: Flutter Mane\n|-end|p2a: Flutter Mane|Protosynthesis|[silent]\n|\n|win|p0x6533dc3", "uploadtime": 1783546772, "views": 0, "rating": 0, "private": 0, "password": null, "_winner": "p0x6533dc3", "_our_name": "p0y6531680"}