{"id": "battle-gen9randombattle-63", "formatid": "gen9randombattle", "format": "[Gen 9] Random Battle", "players": ["p0x0631357", "p0y0639a6b"], "log": "|init|battle\n|title|p0x0631357 vs. p0y0639a6b\n|j|\u2606p0x0631357\n|j|\u2606p0y0639a6b\n|t:|1783533969\n|gametype|singles\n|player|p1|p0x0631357|2|\n|player|p2|p0y0639a6b|1|\n|gen|9\n|tier|[Gen 9] Random Battle\n|rule|Species Clause: Limit one of each Pok\u00e9mon\n|rule|HP Percentage Mod: HP is shown in percentages\n|rule|Sleep Clause Mod: Limit one foe put to sleep\n|rule|Illusion Level Mod: Illusion disguises the Pok\u00e9mon's true level\n|\n|t:|1783533969\n|teamsize|p1|6\n|teamsize|p2|6\n|start\n|switch|p1a: Perrserker|Perrserker, L89, M|269/269\n|switch|p2a: Regice|Regice, L88|100/100\n|turn|1\n|inactive|Battle timer is ON: inactive players will automatically lose when time's up. (requested by p0y0639a6b)\n|inactive|Time left: 300 sec this turn | 300 sec total | 60 sec grace\n|inactive|p0x0631357 also wants the timer to be on.\n|\n|t:|1783533971\n|switch|p2a: Mudsdale|Mudsdale, L83, F|100/100\n|move|p1a: Perrserker|Iron Head|p2a: Mudsdale\n|-damage|p2a: Mudsdale|41/100\n|-ability|p2a: Mudsdale|Stamina|boost\n|-boost|p2a: Mudsdale|def|1\n|\n|-heal|p2a: Mudsdale|47/100|[from] item: Leftovers\n|upkeep\n|turn|2\n|inactive|Time left: 300 sec this turn | 300 sec total\n|\n|t:|1783533972\n|move|p1a: Perrserker|Iron Head|p2a: Mudsdale\n|-damage|p2a: Mudsdale|3/100\n|-ability|p2a: Mudsdale|Stamina|boost\n|-boost|p2a: Mudsdale|def|1\n|cant|p2a: Mudsdale|flinch\n|\n|-heal|p2a: Mudsdale|9/100|[from] item: Leftovers\n|upkeep\n|turn|3\n|inactive|Time left: 300 sec this turn | 300 sec total\n|\n|t:|1783533973\n|switch|p2a: Scovillain|Scovillain, L91, F|100/100\n|move|p1a: Perrserker|Iron Head|p2a: Scovillain\n|-resisted|p2a: Scovillain\n|-damage|p2a: Scovillain|56/100\n|\n|-heal|p2a: Scovillain|62/100|[from] item: Leftovers\n|upkeep\n|turn|4\n|inactive|Time left: 300 sec this turn | 300 sec total\n|\n|t:|1783533975\n|switch|p1a: Clawitzer|Clawitzer, L87, M|265/265\n|move|p2a: Scovillain|Flamethrower|p1a: Clawitzer\n|-resisted|p1a: Clawitzer\n|-damage|p1a: Clawitzer|229/265\n|\n|-heal|p2a: Scovillain|68/100|[from] item: Leftovers\n|upkeep\n|turn|5\n|inactive|Time left: 300 sec this turn | 300 sec total\n|\n|t:|1783533975\n|move|p2a: Scovillain|Protect|p2a: Scovillain\n|-singleturn|p2a: Scovillain|Protect\n|move|p1a: Clawitzer|Aura Sphere|p2a: Scovillain\n|-activate|p2a: Scovillain|move: Protect\n|\n|-heal|p2a: Scovillain|74/100|[from] item: Leftovers\n|upkeep\n|turn|6\n|inactive|Time left: 300 sec this turn | 300 sec total\n|\n|t:|1783533976\n|switch|p2a: Slowking|Slowking-Galar, L85, F|100/100\n|move|p1a: Clawitzer|Water Pulse|p2a: Slowking\n|-damage|p2a: Slowking|65/100\n|\n|-heal|p2a: Slowking|71/100|[from] item: Leftovers\n|upkeep\n|turn|7\n|inactive|Time left: 300 sec this turn | 300 sec total\n|\n|t:|1783533977\n|move|p1a: Clawitzer|Water Pulse|p2a: Slowking\n|-damage|p2a: Slowking|37/100\n|-start|p2a: Slowking|confusion\n|-activate|p2a: Slowking|confusion\n|move|p2a: Slowking|Toxic Spikes|p1a: Clawitzer\n|-sidestart|p1: p0x0631357|move: Toxic Spikes\n|\n|-heal|p2a: Slowking|43/100|[from] item: Leftovers\n|upkeep\n|turn|8\n|inactive|Time left: 300 sec this turn | 300 sec total\n|\n|t:|1783533978\n|switch|p1a: Toxtricity|Toxtricity, L82, F|257/257\n|-sideend|p1: p0x0631357|move: Toxic Spikes|[of] p1a: Toxtricity\n|switch|p2a: Regice|Regice, L88|100/100\n|\n|upkeep\n|turn|9\n|inactive|Time left: 300 sec this turn | 300 sec total\n|\n|t:|1783533979\n|move|p1a: Toxtricity|Shift Gear|p1a: Toxtricity\n|-boost|p1a: Toxtricity|spe|2\n|-boost|p1a: Toxtricity|atk|1\n|move|p2a: Regice|Ice Beam|p1a: Toxtricity\n|-damage|p1a: Toxtricity|125/257\n|\n|upkeep\n|turn|10\n|inactive|Time left: 300 sec this turn | 300 sec total\n|\n|t:|1783533980\n|move|p1a: Toxtricity|Gunk Shot|p2a: Regice\n|-damage|p2a: Regice|47/100\n|move|p2a: Regice|Ice Beam|p1a: Toxtricity\n|-damage|p1a: Toxtricity|0 fnt\n|faint|p1a: Toxtricity\n|\n|upkeep\n|inactive|Time left: 300 sec this turn | 300 sec total | 5 sec grace\n|\n|t:|1783533980\n|switch|p1a: Perrserker|Perrserker, L89, M|269/269\n|turn|11\n|inactive|Time left: 300 sec this turn | 300 sec total\n|\n|t:|1783533981\n|switch|p2a: Skarmory|Skarmory, L80, F|100/100\n|move|p1a: Perrserker|Knock Off|p2a: Skarmory\n|-damage|p2a: Skarmory|52/100\n|-damage|p1a: Perrserker|225/269|[from] item: Rocky Helmet|[of] p2a: Skarmory\n|-enditem|p2a: Skarmory|Rocky Helmet|[from] move: Knock Off|[of] p1a: Perrserker\n|\n|upkeep\n|turn|12\n|inactive|Time left: 300 sec this turn | 300 sec total\n|\n|t:|1783533982\n|move|p2a: Skarmory|Roost|p2a: Skarmory\n|-heal|p2a: Skarmory|100/100\n|-singleturn|p2a: Skarmory|move: Roost\n|move|p1a: Perrserker|Knock Off|p2a: Skarmory\n|-damage|p2a: Skarmory|69/100\n|\n|upkeep\n|turn|13\n|inactive|Time left: 300 sec this turn | 300 sec total\n|\n|t:|1783533983\n|move|p2a: Skarmory|Spikes|p1a: Perrserker\n|-sidestart|p1: p0x0631357|Spikes\n|move|p1a: Perrserker|Knock Off|p2a: Skarmory\n|-damage|p2a: Skarmory|37/100\n|\n|upkeep\n|turn|14\n|inactive|Time left: 300 sec this turn | 300 sec total\n|\n|t:|1783533984\n|move|p2a: Skarmory|Roost|p2a: Skarmory\n|-heal|p2a: Skarmory|87/100\n|-singleturn|p2a: Skarmory|move: Roost\n|move|p1a: Perrserker|Knock Off|p2a: Skarmory\n|-damage|p2a: Skarmory|52/100\n|\n|upkeep\n|turn|15\n|inactive|Time left: 300 sec this turn | 300 sec total\n|\n|t:|1783533985\n|move|p2a: Skarmory|Roost|p2a: Skarmory\n|-heal|p2a: Skarmory|100/100\n|-singleturn|p2a: Skarmory|move: Roost\n|move|p1a: Perrserker|Knock Off|p2a: Skarmory\n|-damage|p2a: Skarmory|68/100\n|\n|upkeep\n|turn|16\n|inactive|Time left: 300 sec this turn | 300 sec total\n|\n|t:|1783533986\n|move|p2a: Skarmory|Roost|p2a: Skarmory\n|-heal|p2a: Skarmory|100/100\n|-singleturn|p2a: Skarmory|move: Roost\n|move|p1a: Perrserker|Knock Off|p2a: Skarmory\n|-damage|p2a: Skarmory|68/100\n|\n|upkeep\n|turn|17\n|inactive|Time left: 300 sec this turn | 300 sec total\n|\n|t:|1783533987\n|move|p2a: Skarmory|Roost|p2a: Skarmory\n|-heal|p2a: Skarmory|100/100\n|-singleturn|p2a: Skarmory|move: Roost\n|move|p1a: Perrserker|Knock Off|p2a: Skarmory\n|-damage|p2a: Skarmory|68/100\n|\n|upkeep\n|turn|18\n|inactive|Time left: 300 sec this turn | 300 sec total\n|\n|t:|1783533988\n|move|p2a: Skarmory|Roost|p2a: Skarmory\n|-heal|p2a: Skarmory|100/100\n|-singleturn|p2a: Skarmory|move: Roost\n|move|p1a: Perrserker|Knock Off|p2a: Skarmory\n|-damage|p2a: Skarmory|65/100\n|\n|upkeep\n|turn|19\n|inactive|Time left: 300 sec this turn | 300 sec total\n|\n|t:|1783533989\n|move|p2a: Skarmory|Spikes|p1a: Perrserker\n|-sidestart|p1: p0x0631357|Spikes\n|move|p1a: Perrserker|Knock Off|p2a: Skarmory\n|-damage|p2a: Skarmory|31/100\n|\n|upkeep\n|turn|20\n|inactive|Time left: 300 sec this turn | 300 sec total\n|\n|t:|1783533990\n|move|p2a: Skarmory|Roost|p2a: Skarmory\n|-heal|p2a: Skarmory|81/100\n|-singleturn|p2a: Skarmory|move: Roost\n|move|p1a: Perrserker|Knock Off|p2a: Skarmory\n|-damage|p2a: Skarmory|45/100\n|\n|upkeep\n|turn|21\n|inactive|Time left: 300 sec this turn | 300 sec total\n|\n|t:|1783533991\n|move|p2a: Skarmory|Roost|p2a: Skarmory\n|-heal|p2a: Skarmory|95/100\n|-singleturn|p2a: Skarmory|move: Roost\n|move|p1a: Perrserker|Knock Off|p2a: Skarmory\n|-damage|p2a: Skarmory|62/100\n|\n|upkeep\n|turn|22\n|inactive|Time left: 300 sec this turn | 300 sec total\n|\n|t:|1783533993\n|move|p2a: Skarmory|Spikes|p1a: Perrserker\n|-sidestart|p1: p0x0631357|Spikes\n|move|p1a: Perrserker|Knock Off|p2a: Skarmory\n|-damage|p2a: Skarmory|25/100\n|\n|upkeep\n|turn|23\n|inactive|Time left: 300 sec this turn | 300 sec total\n|\n|t:|1783533994\n|move|p2a: Skarmory|Brave Bird|p1a: Perrserker\n|-resisted|p1a: Perrserker\n|-damage|p1a: Perrserker|183/269\n|-damage|p2a: Skarmory|19/100|[from] Recoil\n|move|p1a: Perrserker|Knock Off|p2a: Skarmory\n|-crit|p2a: Skarmory\n|-damage|p2a: Skarmory|0 fnt\n|faint|p2a: Skarmory\n|\n|upkeep\n|\n|t:|1783533995\n|switch|p2a: Eiscue|Eiscue, L88, F|100/100\n|turn|24\n|inactive|Time left: 300 sec this turn | 300 sec total\n|\n|t:|1783533996\n|move|p1a: Perrserker|Knock Off|p2a: Eiscue\n|-activate|p2a: Eiscue|ability: Ice Face\n|-damage|p2a: Eiscue|100/100\n|-enditem|p2a: Eiscue|Sitrus Berry|[from] move: Knock Off|[of] p1a: Perrserker\n|detailschange|p2a: Eiscue|Eiscue-Noice, L88, F\n|move|p2a: Eiscue|Belly Drum|p2a: Eiscue\n|-damage|p2a: Eiscue|50/100\n|-setboost|p2a: Eiscue|atk|6|[from] move: Belly Drum\n|\n|upkeep\n|turn|25\n|inactive|Time left: 300 sec this turn | 300 sec total\n|\n|t:|1783533997\n|move|p2a: Eiscue|Liquidation|p1a: Perrserker\n|-damage|p1a: Perrserker|0 fnt\n|faint|p1a: Perrserker\n|\n|upkeep\n|inactive|Time left: 300 sec this turn | 300 sec total | 5 sec grace\n|\n|t:|1783533998\n|switch|p1a: Clawitzer|Clawitzer, L87, M|229/265\n|-damage|p1a: Clawitzer|163/265|[from] Spikes\n|turn|26\n|inactive|Time left: 300 sec this turn | 300 sec total\n|\n|t:|1783533999\n|-terastallize|p2a: Eiscue|Ground\n|move|p2a: Eiscue|Tera Blast|p1a: Clawitzer|[anim] Tera Blast Ground\n|-damage|p1a: Clawitzer|0 fnt\n|faint|p1a: Clawitzer\n|\n|upkeep\n|inactive|Time left: 300 sec this turn | 300 sec total | 5 sec grace\n|\n|t:|1783534000\n|switch|p1a: Urshifu|Urshifu, L74, M|270/270\n|-damage|p1a: Urshifu|203/270|[from] Spikes\n|turn|27\n|inactive|Time left: 300 sec this turn | 300 sec total\n|\n|t:|1783534002\n|move|p1a: Urshifu|Sucker Punch|p2a: Eiscue\n|-damage|p2a: Eiscue|3/100\n|move|p2a: Eiscue|Tera Blast|p1a: Urshifu|[anim] Tera Blast Ground\n|-damage|p1a: Urshifu|0 fnt\n|faint|p1a: Urshifu\n|\n|upkeep\n|inactive|Time left: 300 sec this turn | 300 sec total | 5 sec grace\n|\n|t:|1783534003\n|switch|p1a: Froslass|Froslass, L87, F|263/263\n|-damage|p1a: Froslass|198/263|[from] Spikes\n|turn|28\n|inactive|Time left: 300 sec this turn | 300 sec total\n|\n|t:|1783534004\n|-terastallize|p1a: Froslass|Ghost\n|move|p2a: Eiscue|Liquidation|p1a: Froslass\n|-damage|p1a: Froslass|0 fnt\n|-start|p2a: Eiscue|Disable|Liquidation|[from] ability: Cursed Body|[of] p1a: Froslass\n|faint|p1a: Froslass\n|\n|upkeep\n|inactive|Time left: 300 sec this turn | 300 sec total | 5 sec grace\n|\n|t:|1783534004\n|switch|p1a: Slowbro|Slowbro-Galar, L87, F|307/307\n|-damage|p1a: Slowbro|231/307|[from] Spikes\n|turn|29\n|inactive|Time left: 300 sec this turn | 300 sec total\n|\n|t:|1783534005\n|move|p2a: Eiscue|Ice Spinner|p1a: Slowbro\n|-damage|p1a: Slowbro|0 fnt\n|faint|p1a: Slowbro\n|\n|win|p0y0639a6b", "uploadtime": 1783534005, "views": 0, "rating": 0, "private": 0, "password": null, "_winner": "p0y0639a6b", "_our_name": "p0x0631357"}