{"id": "battle-gen9randombattle-179", "formatid": "gen9randombattle", "format": "[Gen 9] Random Battle", "players": ["p0x179d3c5", "p0y179607c"], "log": "|init|battle\n|title|p0x179d3c5 vs. p0y179607c\n|j|\u2606p0x179d3c5\n|j|\u2606p0y179607c\n|t:|1783535843\n|gametype|singles\n|player|p1|p0x179d3c5|102|\n|player|p2|p0y179607c|169|\n|gen|9\n|tier|[Gen 9] Random Battle\n|rule|Species Clause: Limit one of each Pok\u00e9mon\n|rule|HP Percentage Mod: HP is shown in percentages\n|rule|Sleep Clause Mod: Limit one foe put to sleep\n|rule|Illusion Level Mod: Illusion disguises the Pok\u00e9mon's true level\n|\n|t:|1783535843\n|teamsize|p1|6\n|teamsize|p2|6\n|start\n|switch|p1a: Wyrdeer|Wyrdeer, L87, F|100/100\n|switch|p2a: Miraidon|Miraidon, L65|238/238\n|-fieldstart|move: Electric Terrain|[from] ability: Hadron Engine|[of] p2a: Miraidon\n|-ability|p1a: Wyrdeer|Intimidate|boost\n|-unboost|p2a: Miraidon|atk|1\n|turn|1\n|inactive|Battle timer is ON: inactive players will automatically lose when time's up. (requested by p0y179607c)\n|inactive|p0x179d3c5 also wants the timer to be on.\n|\n|t:|1783535845\n|switch|p2a: Politoed|Politoed, L88, M|302/302\n|-weather|RainDance|[from] ability: Drizzle|[of] p2a: Politoed\n|move|p1a: Wyrdeer|Psychic Noise|p2a: Politoed\n|-damage|p2a: Politoed|226/302\n|-start|p2a: Politoed|move: Heal Block\n|\n|-weather|RainDance|[upkeep]\n|upkeep\n|turn|2\n|inactive|Time left: 300 sec this turn | 300 sec total\n|\n|t:|1783535846\n|switch|p1a: Golduck|Golduck, L90, M|100/100\n|-ability|p1a: Golduck|Cloud Nine\n|move|p2a: Politoed|Weather Ball|p1a: Golduck\n|-damage|p1a: Golduck|83/100\n|\n|-weather|RainDance|[upkeep]\n|-heal|p1a: Golduck|89/100|[from] item: Leftovers\n|-end|p2a: Politoed|move: Heal Block\n|upkeep\n|turn|3\n|inactive|Time left: 300 sec this turn | 300 sec total\n|\n|t:|1783535847\n|move|p1a: Golduck|Nasty Plot|p1a: Golduck\n|-boost|p1a: Golduck|spa|2\n|move|p2a: Politoed|Weather Ball|p1a: Golduck\n|-damage|p1a: Golduck|68/100\n|\n|-weather|RainDance|[upkeep]\n|-heal|p1a: Golduck|74/100|[from] item: Leftovers\n|upkeep\n|turn|4\n|inactive|Time left: 300 sec this turn | 300 sec total\n|\n|t:|1783535848\n|move|p1a: Golduck|Hydro Pump|p2a: Politoed\n|-resisted|p2a: Politoed\n|-damage|p2a: Politoed|112/302\n|move|p2a: Politoed|Weather Ball|p1a: Golduck\n|-damage|p1a: Golduck|56/100\n|\n|-weather|RainDance|[upkeep]\n|-heal|p1a: Golduck|63/100|[from] item: Leftovers\n|upkeep\n|turn|5\n|inactive|Time left: 300 sec this turn | 300 sec total\n|\n|t:|1783535849\n|move|p1a: Golduck|Hydro Pump|p2a: Politoed\n|-resisted|p2a: Politoed\n|-damage|p2a: Politoed|0 fnt\n|faint|p2a: Politoed\n|\n|-weather|none\n|-heal|p1a: Golduck|69/100|[from] item: Leftovers\n|-fieldend|move: Electric Terrain\n|upkeep\n|inactive|Time left: 300 sec this turn | 300 sec total | 5 sec grace\n|\n|t:|1783535850\n|switch|p2a: Miraidon|Miraidon, L65|238/238\n|-fieldstart|move: Electric Terrain|[from] ability: Hadron Engine|[of] p2a: Miraidon\n|turn|6\n|inactive|Time left: 300 sec this turn | 300 sec total\n|\n|t:|1783535851\n|switch|p1a: Tyranitar|Tyranitar, L78, M|100/100\n|-weather|Sandstorm|[from] ability: Sand Stream|[of] p1a: Tyranitar\n|move|p2a: Miraidon|Electro Drift|p1a: Tyranitar\n|-damage|p1a: Tyranitar|71/100\n|-damage|p2a: Miraidon|215/238|[from] item: Life Orb\n|\n|-weather|Sandstorm|[upkeep]\n|-damage|p2a: Miraidon|201/238|[from] Sandstorm\n|upkeep\n|turn|7\n|inactive|Time left: 300 sec this turn | 300 sec total\n|\n|t:|1783535852\n|move|p2a: Miraidon|Electro Drift|p1a: Tyranitar\n|-damage|p1a: Tyranitar|42/100\n|-damage|p2a: Miraidon|178/238|[from] item: Life Orb\n|move|p1a: Tyranitar|Knock Off|p2a: Miraidon\n|-damage|p2a: Miraidon|48/238\n|-enditem|p2a: Miraidon|Life Orb|[from] move: Knock Off|[of] p1a: Tyranitar\n|\n|-weather|Sandstorm|[upkeep]\n|-damage|p2a: Miraidon|34/238|[from] Sandstorm\n|upkeep\n|turn|8\n|inactive|Time left: 300 sec this turn | 300 sec total\n|\n|t:|1783535853\n|move|p2a: Miraidon|Electro Drift|p1a: Tyranitar\n|-damage|p1a: Tyranitar|19/100\n|move|p1a: Tyranitar|Knock Off|p2a: Miraidon\n|-damage|p2a: Miraidon|0 fnt\n|faint|p2a: Miraidon\n|\n|-weather|Sandstorm|[upkeep]\n|upkeep\n|inactive|Time left: 300 sec this turn | 300 sec total | 5 sec grace\n|\n|t:|1783535854\n|switch|p2a: Okidogi|Okidogi, L77, M|262/262\n|turn|9\n|inactive|Time left: 300 sec this turn | 300 sec total\n|\n|t:|1783535855\n|switch|p1a: Wyrdeer|Wyrdeer, L87, F|100/100\n|-ability|p1a: Wyrdeer|Intimidate|boost\n|-unboost|p2a: Okidogi|atk|1\n|move|p2a: Okidogi|Gunk Shot|p1a: Wyrdeer\n|-damage|p1a: Wyrdeer|67/100\n|-status|p1a: Wyrdeer|psn\n|\n|-weather|Sandstorm|[upkeep]\n|-damage|p2a: Okidogi|246/262|[from] Sandstorm\n|-damage|p1a: Wyrdeer|61/100 psn|[from] Sandstorm\n|-heal|p2a: Okidogi|262/262|[from] item: Leftovers\n|-heal|p1a: Wyrdeer|67/100 psn|[from] item: Leftovers\n|-damage|p1a: Wyrdeer|54/100 psn|[from] psn\n|upkeep\n|turn|10\n|inactive|Time left: 300 sec this turn | 300 sec total\n|\n|t:|1783535856\n|switch|p2a: Skuntank|Skuntank, L84, F|310/310\n|move|p1a: Wyrdeer|Psychic Noise|p2a: Skuntank\n|-immune|p2a: Skuntank\n|\n|-weather|none\n|-heal|p1a: Wyrdeer|61/100 psn|[from] item: Leftovers\n|-damage|p1a: Wyrdeer|48/100 psn|[from] psn\n|-fieldend|move: Electric Terrain\n|upkeep\n|turn|11\n|inactive|Time left: 300 sec this turn | 300 sec total\n|\n|t:|1783535857\n|-terastallize|p1a: Wyrdeer|Ground\n|move|p2a: Skuntank|Knock Off|p1a: Wyrdeer\n|-damage|p1a: Wyrdeer|13/100 psn\n|-enditem|p1a: Wyrdeer|Leftovers|[from] move: Knock Off|[of] p2a: Skuntank\n|move|p1a: Wyrdeer|Earthquake|p2a: Skuntank\n|-supereffective|p2a: Skuntank\n|-damage|p2a: Skuntank|34/310\n|\n|-heal|p2a: Skuntank|53/310|[from] item: Leftovers\n|-damage|p1a: Wyrdeer|0 fnt|[from] psn\n|faint|p1a: Wyrdeer\n|upkeep\n|\n|t:|1783535858\n|switch|p1a: Enamorus|Enamorus, L79, F|100/100\n|turn|12\n|inactive|Time left: 300 sec this turn | 300 sec total\n|\n|t:|1783535859\n|move|p1a: Enamorus|Mystical Fire|p2a: Skuntank\n|-damage|p2a: Skuntank|0 fnt\n|faint|p2a: Skuntank\n|\n|upkeep\n|inactive|Time left: 300 sec this turn | 300 sec total | 5 sec grace\n|\n|t:|1783535860\n|switch|p2a: Okidogi|Okidogi, L77, M|262/262\n|turn|13\n|inactive|Time left: 300 sec this turn | 300 sec total\n|\n|t:|1783535861\n|move|p1a: Enamorus|Earth Power|p2a: Okidogi\n|-supereffective|p2a: Okidogi\n|-damage|p2a: Okidogi|90/262\n|move|p2a: Okidogi|Gunk Shot|p1a: Enamorus\n|-supereffective|p1a: Enamorus\n|-damage|p1a: Enamorus|0 fnt\n|faint|p1a: Enamorus\n|\n|-heal|p2a: Okidogi|106/262|[from] item: Leftovers\n|upkeep\n|\n|t:|1783535862\n|switch|p1a: Gouging Fire|Gouging Fire, L74|100/100\n|turn|14\n|inactive|Time left: 300 sec this turn | 300 sec total\n|\n|t:|1783535863\n|move|p1a: Gouging Fire|Outrage|p2a: Okidogi\n|-damage|p2a: Okidogi|6/262\n|move|p2a: Okidogi|Gunk Shot|p1a: Gouging Fire\n|-damage|p1a: Gouging Fire|59/100\n|-status|p1a: Gouging Fire|psn\n|\n|-heal|p2a: Okidogi|22/262|[from] item: Leftovers\n|-damage|p1a: Gouging Fire|47/100 psn|[from] psn\n|upkeep\n|turn|15\n|inactive|Time left: 300 sec this turn | 300 sec total\n|\n|t:|1783535864\n|move|p1a: Gouging Fire|Outrage|p2a: Okidogi|[from] lockedmove\n|-damage|p2a: Okidogi|0 fnt\n|faint|p2a: Okidogi\n|\n|-damage|p1a: Gouging Fire|35/100 psn|[from] psn\n|upkeep\n|inactive|Time left: 300 sec this turn | 300 sec total | 5 sec grace\n|\n|t:|1783535865\n|switch|p2a: Walking Wake|Walking Wake, L79|286/286\n|turn|16\n|inactive|Time left: 300 sec this turn | 300 sec total\n|\n|t:|1783535866\n|move|p2a: Walking Wake|Hydro Steam|p1a: Gouging Fire\n|-damage|p1a: Gouging Fire|0 fnt\n|faint|p1a: Gouging Fire\n|-end|p1a: Gouging Fire|Protosynthesis|[silent]\n|-damage|p2a: Walking Wake|258/286|[from] item: Life Orb\n|\n|upkeep\n|\n|t:|1783535866\n|switch|p1a: Golduck|Golduck, L90, M|69/100\n|-ability|p1a: Golduck|Cloud Nine\n|turn|17\n|inactive|Time left: 300 sec this turn | 300 sec total\n|\n|t:|1783535867\n|move|p2a: Walking Wake|Draco Meteor|p1a: Golduck\n|-damage|p1a: Golduck|4/100\n|-unboost|p2a: Walking Wake|spa|2\n|-damage|p2a: Walking Wake|230/286|[from] item: Life Orb\n|move|p1a: Golduck|Grass Knot|p2a: Walking Wake\n|-damage|p2a: Walking Wake|120/286\n|\n|-heal|p1a: Golduck|10/100|[from] item: Leftovers\n|upkeep\n|turn|18\n|inactive|Time left: 300 sec this turn | 300 sec total\n|\n|t:|1783535869\n|-end|p2a: Walking Wake|Protosynthesis|[silent]\n|switch|p2a: Slither Wing|Slither Wing, L81|270/270\n|switch|p1a: Mew|Mew, L82|100/100\n|\n|upkeep\n|turn|19\n|inactive|Time left: 300 sec this turn | 300 sec total\n|\n|t:|1783535870\n|move|p2a: Slither Wing|First Impression|p1a: Mew\n|-supereffective|p1a: Mew\n|-damage|p1a: Mew|0 fnt\n|faint|p1a: Mew\n|-damage|p2a: Slither Wing|243/270|[from] item: Life Orb\n|\n|upkeep\n|\n|t:|1783535871\n|switch|p1a: Golduck|Golduck, L90, M|10/100\n|-ability|p1a: Golduck|Cloud Nine\n|turn|20\n|inactive|Time left: 300 sec this turn | 300 sec total\n|\n|t:|1783535871\n|move|p1a: Golduck|Encore|p2a: Slither Wing\n|-start|p2a: Slither Wing|Encore\n|move|p2a: Slither Wing|First Impression||[still]\n|-hint|First Impression only works on your first turn out.\n|-fail|p2a: Slither Wing\n|\n|-heal|p1a: Golduck|16/100|[from] item: Leftovers\n|upkeep\n|turn|21\n|inactive|Time left: 300 sec this turn | 300 sec total\n|\n|t:|1783535872\n|-end|p2a: Slither Wing|Protosynthesis|[silent]\n|switch|p2a: Walking Wake|Walking Wake, L79|120/286\n|move|p1a: Golduck|Hydro Pump|p2a: Walking Wake|[miss]\n|-miss|p1a: Golduck|p2a: Walking Wake\n|\n|-heal|p1a: Golduck|23/100|[from] item: Leftovers\n|upkeep\n|turn|22\n|inactive|Time left: 300 sec this turn | 300 sec total\n|\n|t:|1783535873\n|switch|p1a: Tyranitar|Tyranitar, L78, M|19/100\n|-weather|Sandstorm|[from] ability: Sand Stream|[of] p1a: Tyranitar\n|-terastallize|p2a: Walking Wake|Fire\n|move|p2a: Walking Wake|Draco Meteor|p1a: Tyranitar\n|-damage|p1a: Tyranitar|0 fnt\n|-unboost|p2a: Walking Wake|spa|2\n|faint|p1a: Tyranitar\n|-damage|p2a: Walking Wake|92/286|[from] item: Life Orb\n|\n|-weather|Sandstorm|[upkeep]\n|-damage|p2a: Walking Wake|75/286|[from] Sandstorm\n|upkeep\n|\n|t:|1783535874\n|switch|p1a: Golduck|Golduck, L90, M|23/100\n|-ability|p1a: Golduck|Cloud Nine\n|turn|23\n|inactive|Time left: 300 sec this turn | 300 sec total\n|\n|t:|1783535875\n|move|p2a: Walking Wake|Draco Meteor|p1a: Golduck\n|-damage|p1a: Golduck|0 fnt\n|-unboost|p2a: Walking Wake|spa|2\n|faint|p1a: Golduck\n|-damage|p2a: Walking Wake|47/286|[from] item: Life Orb\n|\n|win|p0y179607c", "uploadtime": 1783535875, "views": 0, "rating": 0, "private": 0, "password": null, "_winner": "p0y179607c", "_our_name": "p0y179607c"}