{"id": "battle-gen9randombattle-1064", "formatid": "gen9randombattle", "format": "[Gen 9] Random Battle", "players": ["p0x106481fd", "p0y106464dc"], "log": "|init|battle\n|title|p0x106481fd vs. p0y106464dc\n|j|\u2606p0x106481fd\n|j|\u2606p0y106464dc\n|t:|1783551527\n|gametype|singles\n|player|p1|p0x106481fd|266|\n|player|p2|p0y106464dc|265|\n|gen|9\n|tier|[Gen 9] Random Battle\n|rule|Species Clause: Limit one of each Pok\u00e9mon\n|rule|HP Percentage Mod: HP is shown in percentages\n|rule|Sleep Clause Mod: Limit one foe put to sleep\n|rule|Illusion Level Mod: Illusion disguises the Pok\u00e9mon's true level\n|\n|t:|1783551527\n|teamsize|p1|6\n|teamsize|p2|6\n|start\n|switch|p1a: Houndoom|Houndoom, L87, M|100/100\n|switch|p2a: Vileplume|Vileplume, L85, M|266/266\n|turn|1\n|inactive|Battle timer is ON: inactive players will automatically lose when time's up. (requested by p0x106481fd)\n|inactive|Time left: 300 sec this turn | 300 sec total | 60 sec grace\n|inactive|p0y106464dc also wants the timer to be on.\n|\n|t:|1783551528\n|move|p1a: Houndoom|Fire Blast|p2a: Vileplume\n|-supereffective|p2a: Vileplume\n|-damage|p2a: Vileplume|8/266\n|move|p2a: Vileplume|Strength Sap|p1a: Houndoom\n|-unboost|p1a: Houndoom|atk|1\n|-heal|p2a: Vileplume|169/266\n|\n|-heal|p2a: Vileplume|185/266|[from] item: Leftovers\n|upkeep\n|turn|2\n|inactive|Time left: 300 sec this turn | 300 sec total\n|\n|t:|1783551529\n|switch|p2a: Inteleon|Inteleon, L81, F|246/246\n|move|p1a: Houndoom|Fire Blast|p2a: Inteleon\n|-resisted|p2a: Inteleon\n|-damage|p2a: Inteleon|166/246\n|\n|upkeep\n|turn|3\n|inactive|Time left: 300 sec this turn | 300 sec total\n|\n|t:|1783551530\n|switch|p1a: Empoleon|Empoleon, L84, M|100/100\n|move|p2a: Inteleon|Scald|p1a: Empoleon\n|-resisted|p1a: Empoleon\n|-damage|p1a: Empoleon|77/100\n|\n|-heal|p1a: Empoleon|83/100|[from] item: Leftovers\n|upkeep\n|turn|4\n|inactive|Time left: 300 sec this turn | 300 sec total\n|\n|t:|1783551531\n|move|p2a: Inteleon|Scald|p1a: Empoleon\n|-resisted|p1a: Empoleon\n|-damage|p1a: Empoleon|58/100\n|-status|p1a: Empoleon|brn\n|move|p1a: Empoleon|Stealth Rock|p2a: Inteleon\n|-sidestart|p2: p0y106464dc|move: Stealth Rock\n|\n|-heal|p1a: Empoleon|64/100 brn|[from] item: Leftovers\n|-damage|p1a: Empoleon|58/100 brn|[from] brn\n|upkeep\n|turn|5\n|inactive|Time left: 300 sec this turn | 300 sec total\n|\n|t:|1783551533\n|move|p2a: Inteleon|Scald|p1a: Empoleon\n|-resisted|p1a: Empoleon\n|-damage|p1a: Empoleon|34/100 brn\n|move|p1a: Empoleon|Roost|p1a: Empoleon\n|-heal|p1a: Empoleon|84/100 brn\n|-singleturn|p1a: Empoleon|move: Roost\n|\n|-heal|p1a: Empoleon|90/100 brn|[from] item: Leftovers\n|-damage|p1a: Empoleon|84/100 brn|[from] brn\n|upkeep\n|turn|6\n|inactive|Time left: 300 sec this turn | 300 sec total\n|\n|t:|1783551534\n|move|p2a: Inteleon|Scald|p1a: Empoleon\n|-resisted|p1a: Empoleon\n|-damage|p1a: Empoleon|61/100 brn\n|move|p1a: Empoleon|Roost|p1a: Empoleon\n|-heal|p1a: Empoleon|100/100 brn\n|-singleturn|p1a: Empoleon|move: Roost\n|\n|-damage|p1a: Empoleon|94/100 brn|[from] brn\n|upkeep\n|turn|7\n|inactive|Time left: 300 sec this turn | 300 sec total\n|\n|t:|1783551535\n|move|p2a: Inteleon|Scald|p1a: Empoleon\n|-resisted|p1a: Empoleon\n|-damage|p1a: Empoleon|73/100 brn\n|move|p1a: Empoleon|Surf|p2a: Inteleon\n|-resisted|p2a: Inteleon\n|-damage|p2a: Inteleon|101/246\n|\n|-heal|p1a: Empoleon|79/100 brn|[from] item: Leftovers\n|-damage|p1a: Empoleon|73/100 brn|[from] brn\n|upkeep\n|turn|8\n|inactive|Time left: 300 sec this turn | 300 sec total\n|\n|t:|1783551536\n|move|p2a: Inteleon|Scald|p1a: Empoleon\n|-resisted|p1a: Empoleon\n|-damage|p1a: Empoleon|51/100 brn\n|move|p1a: Empoleon|Roost|p1a: Empoleon\n|-heal|p1a: Empoleon|100/100 brn\n|-singleturn|p1a: Empoleon|move: Roost\n|\n|-damage|p1a: Empoleon|94/100 brn|[from] brn\n|upkeep\n|turn|9\n|inactive|Time left: 300 sec this turn | 300 sec total\n|\n|t:|1783551537\n|move|p2a: Inteleon|Scald|p1a: Empoleon\n|-resisted|p1a: Empoleon\n|-damage|p1a: Empoleon|70/100 brn\n|move|p1a: Empoleon|Surf|p2a: Inteleon\n|-resisted|p2a: Inteleon\n|-damage|p2a: Inteleon|27/246\n|\n|-heal|p1a: Empoleon|76/100 brn|[from] item: Leftovers\n|-damage|p1a: Empoleon|70/100 brn|[from] brn\n|upkeep\n|turn|10\n|inactive|Time left: 300 sec this turn | 300 sec total\n|\n|t:|1783551538\n|move|p2a: Inteleon|Scald|p1a: Empoleon\n|-resisted|p1a: Empoleon\n|-damage|p1a: Empoleon|34/100 brn\n|move|p1a: Empoleon|Surf|p2a: Inteleon\n|-resisted|p2a: Inteleon\n|-damage|p2a: Inteleon|0 fnt\n|faint|p2a: Inteleon\n|\n|-heal|p1a: Empoleon|40/100 brn|[from] item: Leftovers\n|-damage|p1a: Empoleon|34/100 brn|[from] brn\n|upkeep\n|inactive|Time left: 300 sec this turn | 300 sec total | 5 sec grace\n|\n|t:|1783551539\n|switch|p2a: Copperajah|Copperajah, L86, M|350/350\n|-damage|p2a: Copperajah|329/350|[from] Stealth Rock\n|turn|11\n|inactive|Time left: 300 sec this turn | 300 sec total\n|\n|t:|1783551541\n|move|p1a: Empoleon|Roost|p1a: Empoleon\n|-heal|p1a: Empoleon|84/100 brn\n|-singleturn|p1a: Empoleon|move: Roost\n|move|p2a: Copperajah|Earthquake|p1a: Empoleon\n|-supereffective|p1a: Empoleon\n|-damage|p1a: Empoleon|0 fnt\n|faint|p1a: Empoleon\n|-damage|p2a: Copperajah|294/350|[from] item: Life Orb\n|\n|upkeep\n|\n|t:|1783551542\n|switch|p1a: Lucario|Lucario, L84, F|100/100\n|turn|12\n|inactive|Time left: 300 sec this turn | 300 sec total\n|\n|t:|1783551543\n|move|p1a: Lucario|Close Combat|p2a: Copperajah\n|-supereffective|p2a: Copperajah\n|-damage|p2a: Copperajah|0 fnt\n|-unboost|p1a: Lucario|def|1\n|-unboost|p1a: Lucario|spd|1\n|faint|p2a: Copperajah\n|\n|upkeep\n|inactive|Time left: 300 sec this turn | 300 sec total | 5 sec grace\n|\n|t:|1783551544\n|switch|p2a: Vileplume|Vileplume, L85, M|185/266\n|-damage|p2a: Vileplume|152/266|[from] Stealth Rock\n|turn|13\n|inactive|Time left: 300 sec this turn | 300 sec total\n|\n|t:|1783551545\n|move|p1a: Lucario|Close Combat|p2a: Vileplume\n|-resisted|p2a: Vileplume\n|-damage|p2a: Vileplume|48/266\n|-unboost|p1a: Lucario|def|1\n|-unboost|p1a: Lucario|spd|1\n|move|p2a: Vileplume|Giga Drain|p1a: Lucario\n|-resisted|p1a: Lucario\n|-damage|p1a: Lucario|55/100\n|-heal|p2a: Vileplume|106/266|[from] drain|[of] p1a: Lucario\n|\n|-heal|p2a: Vileplume|122/266|[from] item: Leftovers\n|upkeep\n|turn|14\n|inactive|Time left: 300 sec this turn | 300 sec total\n|\n|t:|1783551546\n|switch|p1a: Houndoom|Houndoom, L87, M|100/100\n|move|p2a: Vileplume|Strength Sap|p1a: Houndoom\n|-unboost|p1a: Houndoom|atk|1\n|-heal|p2a: Vileplume|266/266\n|\n|upkeep\n|turn|15\n|inactive|Time left: 300 sec this turn | 300 sec total\n|\n|t:|1783551547\n|move|p1a: Houndoom|Fire Blast|p2a: Vileplume\n|-supereffective|p2a: Vileplume\n|-damage|p2a: Vileplume|2/266\n|move|p2a: Vileplume|Sludge Bomb|p1a: Houndoom\n|-damage|p1a: Houndoom|63/100\n|-status|p1a: Houndoom|psn\n|\n|-heal|p2a: Vileplume|18/266|[from] item: Leftovers\n|-damage|p1a: Houndoom|50/100 psn|[from] psn\n|upkeep\n|turn|16\n|inactive|Time left: 300 sec this turn | 300 sec total\n|\n|t:|1783551549\n|move|p1a: Houndoom|Dark Pulse|p2a: Vileplume\n|-crit|p2a: Vileplume\n|-damage|p2a: Vileplume|0 fnt\n|faint|p2a: Vileplume\n|\n|-damage|p1a: Houndoom|38/100 psn|[from] psn\n|upkeep\n|inactive|Time left: 300 sec this turn | 300 sec total | 5 sec grace\n|\n|t:|1783551550\n|switch|p2a: Klawf|Klawf, L90, M|272/272\n|-damage|p2a: Klawf|238/272|[from] Stealth Rock\n|turn|17\n|inactive|Time left: 300 sec this turn | 300 sec total\n|\n|t:|1783551551\n|move|p1a: Houndoom|Dark Pulse|p2a: Klawf\n|-damage|p2a: Klawf|114/272\n|-ability|p2a: Klawf|Anger Shell|boost\n|-boost|p2a: Klawf|atk|1\n|-boost|p2a: Klawf|spa|1\n|-boost|p2a: Klawf|spe|1\n|-unboost|p2a: Klawf|def|1\n|-unboost|p2a: Klawf|spd|1\n|move|p2a: Klawf|High Horsepower|p1a: Houndoom\n|-supereffective|p1a: Houndoom\n|-damage|p1a: Houndoom|0 fnt\n|faint|p1a: Houndoom\n|\n|upkeep\n|\n|t:|1783551552\n|switch|p1a: Mienshao|Mienshao, L83, F|100/100\n|turn|18\n|inactive|Time left: 300 sec this turn | 300 sec total\n|\n|t:|1783551553\n|-terastallize|p2a: Klawf|Ground\n|move|p2a: Klawf|High Horsepower|p1a: Mienshao\n|-damage|p1a: Mienshao|7/100\n|move|p1a: Mienshao|Close Combat|p2a: Klawf\n|-damage|p2a: Klawf|0 fnt\n|-unboost|p1a: Mienshao|def|1\n|-unboost|p1a: Mienshao|spd|1\n|faint|p2a: Klawf\n|-damage|p1a: Mienshao|0 fnt|[from] item: Life Orb\n|faint|p1a: Mienshao\n|\n|upkeep\n|inactive|Time left: 300 sec this turn | 300 sec total | 5 sec grace\n|\n|t:|1783551555\n|switch|p1a: Lucario|Lucario, L84, F|55/100\n|switch|p2a: Uxie|Uxie, L83|260/260\n|-damage|p2a: Uxie|228/260|[from] Stealth Rock\n|turn|19\n|inactive|Time left: 300 sec this turn | 300 sec total\n|\n|t:|1783551556\n|move|p2a: Uxie|Psychic Noise|p1a: Lucario\n|-damage|p1a: Lucario|26/100\n|-start|p1a: Lucario|move: Heal Block\n|move|p1a: Lucario|Meteor Mash|p2a: Uxie|[miss]\n|-miss|p1a: Lucario|p2a: Uxie\n|\n|-heal|p2a: Uxie|244/260|[from] item: Leftovers\n|upkeep\n|turn|20\n|inactive|Time left: 300 sec this turn | 300 sec total\n|\n|t:|1783551557\n|switch|p1a: Cresselia|Cresselia, L80, F|100/100\n|move|p2a: Uxie|Psychic Noise|p1a: Cresselia\n|-resisted|p1a: Cresselia\n|-damage|p1a: Cresselia|93/100\n|-start|p1a: Cresselia|move: Heal Block\n|\n|-heal|p2a: Uxie|260/260|[from] item: Leftovers\n|upkeep\n|turn|21\n|inactive|Time left: 300 sec this turn | 300 sec total\n|\n|t:|1783551558\n|move|p2a: Uxie|Knock Off|p1a: Cresselia\n|-supereffective|p1a: Cresselia\n|-damage|p1a: Cresselia|65/100\n|-enditem|p1a: Cresselia|Leftovers|[from] move: Knock Off|[of] p2a: Uxie\n|move|p1a: Cresselia|Calm Mind|p1a: Cresselia\n|-boost|p1a: Cresselia|spa|1\n|-boost|p1a: Cresselia|spd|1\n|\n|-end|p1a: Cresselia|move: Heal Block\n|upkeep\n|turn|22\n|inactive|Time left: 300 sec this turn | 300 sec total\n|\n|t:|1783551560\n|move|p2a: Uxie|Yawn|p1a: Cresselia\n|-start|p1a: Cresselia|move: Yawn|[of] p2a: Uxie\n|move|p1a: Cresselia|Calm Mind|p1a: Cresselia\n|-boost|p1a: Cresselia|spa|1\n|-boost|p1a: Cresselia|spd|1\n|\n|upkeep\n|turn|23\n|inactive|Time left: 300 sec this turn | 300 sec total\n|\n|t:|1783551561\n|move|p2a: Uxie|Encore|p1a: Cresselia\n|-start|p1a: Cresselia|Encore\n|move|p1a: Cresselia|Calm Mind|p1a: Cresselia\n|-boost|p1a: Cresselia|spa|1\n|-boost|p1a: Cresselia|spd|1\n|\n|-end|p1a: Cresselia|move: Yawn|[silent]\n|-status|p1a: Cresselia|slp\n|upkeep\n|turn|24\n|inactive|Time left: 300 sec this turn | 300 sec total\n|\n|t:|1783551562\n|move|p2a: Uxie|Knock Off|p1a: Cresselia\n|-supereffective|p1a: Cresselia\n|-damage|p1a: Cresselia|43/100 slp\n|cant|p1a: Cresselia|slp\n|\n|upkeep\n|turn|25\n|inactive|Time left: 300 sec this turn | 300 sec total\n|\n|t:|1783551563\n|move|p2a: Uxie|Knock Off|p1a: Cresselia\n|-supereffective|p1a: Cresselia\n|-damage|p1a: Cresselia|21/100 slp\n|cant|p1a: Cresselia|slp\n|\n|-end|p1a: Cresselia|Encore\n|upkeep\n|turn|26\n|inactive|Time left: 300 sec this turn | 300 sec total\n|\n|t:|1783551564\n|-terastallize|p1a: Cresselia|Poison\n|move|p2a: Uxie|Encore|p1a: Cresselia\n|-start|p1a: Cresselia|Encore\n|-curestatus|p1a: Cresselia|slp|[msg]\n|move|p1a: Cresselia|Calm Mind|p1a: Cresselia\n|-boost|p1a: Cresselia|spa|1\n|-boost|p1a: Cresselia|spd|1\n|\n|upkeep\n|turn|27\n|inactive|Time left: 300 sec this turn | 300 sec total\n|\n|t:|1783551566\n|move|p2a: Uxie|Psychic Noise|p1a: Cresselia\n|-supereffective|p1a: Cresselia\n|-damage|p1a: Cresselia|9/100\n|-start|p1a: Cresselia|move: Heal Block\n|move|p1a: Cresselia|Calm Mind|p1a: Cresselia\n|-boost|p1a: Cresselia|spa|1\n|-boost|p1a: Cresselia|spd|1\n|\n|upkeep\n|turn|28\n|inactive|Time left: 300 sec this turn | 300 sec total\n|\n|t:|1783551567\n|switch|p1a: Meowstic|Meowstic, L89, M|100/100\n|move|p2a: Uxie|Psychic Noise|p1a: Meowstic\n|-resisted|p1a: Meowstic\n|-damage|p1a: Meowstic|88/100\n|-start|p1a: Meowstic|move: Heal Block\n|\n|upkeep\n|turn|29\n|inactive|Time left: 300 sec this turn | 300 sec total\n|\n|t:|1783551568\n|move|p1a: Meowstic|Thunder Wave|p2a: Uxie\n|-status|p2a: Uxie|par\n|cant|p2a: Uxie|par\n|\n|-end|p1a: Meowstic|move: Heal Block\n|upkeep\n|turn|30\n|inactive|Time left: 300 sec this turn | 300 sec total\n|\n|t:|1783551569\n|switch|p1a: Lucario|Lucario, L84, F|26/100\n|move|p2a: Uxie|Knock Off|p1a: Lucario\n|-resisted|p1a: Lucario\n|-crit|p1a: Lucario\n|-damage|p1a: Lucario|6/100\n|-ability|p1a: Lucario|Justified|boost\n|-boost|p1a: Lucario|atk|1\n|-enditem|p1a: Lucario|Choice Band|[from] move: Knock Off|[of] p2a: Uxie\n|\n|upkeep\n|turn|31\n|inactive|Time left: 300 sec this turn | 300 sec total\n|\n|t:|1783551570\n|move|p1a: Lucario|Meteor Mash|p2a: Uxie\n|-damage|p2a: Uxie|142/260 par\n|move|p2a: Uxie|Knock Off|p1a: Lucario\n|-resisted|p1a: Lucario\n|-crit|p1a: Lucario\n|-damage|p1a: Lucario|0 fnt\n|faint|p1a: Lucario\n|\n|-heal|p2a: Uxie|158/260 par|[from] item: Leftovers\n|upkeep\n|\n|t:|1783551571\n|switch|p1a: Cresselia|Cresselia, L80, F, tera:Poison|9/100\n|turn|32\n|inactive|Time left: 300 sec this turn | 300 sec total\n|\n|t:|1783551572\n|move|p1a: Cresselia|Moonlight|p1a: Cresselia\n|-heal|p1a: Cresselia|59/100\n|cant|p2a: Uxie|par\n|\n|-heal|p2a: Uxie|174/260 par|[from] item: Leftovers\n|upkeep\n|turn|33\n|inactive|Time left: 300 sec this turn | 300 sec total\n|\n|t:|1783551573\n|move|p1a: Cresselia|Calm Mind|p1a: Cresselia\n|-boost|p1a: Cresselia|spa|1\n|-boost|p1a: Cresselia|spd|1\n|move|p2a: Uxie|Psychic Noise|p1a: Cresselia\n|-supereffective|p1a: Cresselia\n|-damage|p1a: Cresselia|36/100\n|-start|p1a: Cresselia|move: Heal Block\n|\n|-heal|p2a: Uxie|190/260 par|[from] item: Leftovers\n|upkeep\n|turn|34\n|inactive|Time left: 300 sec this turn | 300 sec total\n|\n|t:|1783551574\n|move|p1a: Cresselia|Calm Mind|p1a: Cresselia\n|-boost|p1a: Cresselia|spa|1\n|-boost|p1a: Cresselia|spd|1\n|move|p2a: Uxie|Psychic Noise|p1a: Cresselia\n|-supereffective|p1a: Cresselia\n|-damage|p1a: Cresselia|21/100\n|\n|-heal|p2a: Uxie|206/260 par|[from] item: Leftovers\n|-end|p1a: Cresselia|move: Heal Block\n|upkeep\n|turn|35\n|inactive|Time left: 300 sec this turn | 300 sec total\n|\n|t:|1783551575\n|move|p1a: Cresselia|Moonlight|p1a: Cresselia\n|-heal|p1a: Cresselia|71/100\n|cant|p2a: Uxie|par\n|\n|-heal|p2a: Uxie|222/260 par|[from] item: Leftovers\n|upkeep\n|turn|36\n|inactive|Time left: 300 sec this turn | 300 sec total\n|\n|t:|1783551575\n|move|p1a: Cresselia|Thunderbolt|p2a: Uxie\n|-damage|p2a: Uxie|145/260 par\n|move|p2a: Uxie|Yawn|p1a: Cresselia\n|-start|p1a: Cresselia|move: Yawn|[of] p2a: Uxie\n|\n|-heal|p2a: Uxie|161/260 par|[from] item: Leftovers\n|upkeep\n|turn|37\n|inactive|Time left: 300 sec this turn | 300 sec total\n|\n|t:|1783551576\n|move|p1a: Cresselia|Thunderbolt|p2a: Uxie\n|-damage|p2a: Uxie|82/260 par\n|move|p2a: Uxie|Encore|p1a: Cresselia\n|-start|p1a: Cresselia|Encore\n|\n|-heal|p2a: Uxie|98/260 par|[from] item: Leftovers\n|-end|p1a: Cresselia|move: Yawn|[silent]\n|-status|p1a: Cresselia|slp\n|upkeep\n|turn|38\n|inactive|Time left: 300 sec this turn | 300 sec total\n|\n|t:|1783551577\n|cant|p1a: Cresselia|slp\n|move|p2a: Uxie|Psychic Noise|p1a: Cresselia\n|-supereffective|p1a: Cresselia\n|-damage|p1a: Cresselia|52/100 slp\n|-start|p1a: Cresselia|move: Heal Block\n|\n|-heal|p2a: Uxie|114/260 par|[from] item: Leftovers\n|upkeep\n|turn|39\n|inactive|Time left: 300 sec this turn | 300 sec total\n|\n|t:|1783551578\n|cant|p1a: Cresselia|slp\n|move|p2a: Uxie|Psychic Noise|p1a: Cresselia\n|-supereffective|p1a: Cresselia\n|-damage|p1a: Cresselia|35/100 slp\n|\n|-heal|p2a: Uxie|130/260 par|[from] item: Leftovers\n|-end|p1a: Cresselia|move: Heal Block\n|upkeep\n|turn|40\n|inactive|Time left: 300 sec this turn | 300 sec total\n|\n|t:|1783551579\n|cant|p1a: Cresselia|slp\n|cant|p2a: Uxie|par\n|\n|-heal|p2a: Uxie|146/260 par|[from] item: Leftovers\n|-end|p1a: Cresselia|Encore\n|upkeep\n|turn|41\n|inactive|Time left: 300 sec this turn | 300 sec total\n|\n|t:|1783551580\n|-curestatus|p1a: Cresselia|slp|[msg]\n|move|p1a: Cresselia|Moonlight|p1a: Cresselia\n|-heal|p1a: Cresselia|85/100\n|move|p2a: Uxie|Encore|p1a: Cresselia\n|-start|p1a: Cresselia|Encore\n|\n|-heal|p2a: Uxie|162/260 par|[from] item: Leftovers\n|upkeep\n|turn|42\n|inactive|Time left: 300 sec this turn | 300 sec total\n|\n|t:|1783551581\n|move|p1a: Cresselia|Moonlight|p1a: Cresselia\n|-heal|p1a: Cresselia|100/100\n|move|p2a: Uxie|Yawn|p1a: Cresselia\n|-start|p1a: Cresselia|move: Yawn|[of] p2a: Uxie\n|\n|-heal|p2a: Uxie|178/260 par|[from] item: Leftovers\n|upkeep\n|turn|43\n|inactive|Time left: 300 sec this turn | 300 sec total\n|\n|t:|1783551582\n|move|p1a: Cresselia|Moonlight|p1a: Cresselia\n|-fail|p1a: Cresselia|heal\n|move|p2a: Uxie|Psychic Noise|p1a: Cresselia\n|-supereffective|p1a: Cresselia\n|-damage|p1a: Cresselia|85/100\n|-start|p1a: Cresselia|move: Heal Block\n|\n|-heal|p2a: Uxie|194/260 par|[from] item: Leftovers\n|-end|p1a: Cresselia|move: Yawn|[silent]\n|-status|p1a: Cresselia|slp\n|upkeep\n|turn|44\n|inactive|Time left: 300 sec this turn | 300 sec total\n|\n|t:|1783551583\n|cant|p1a: Cresselia|slp\n|move|p2a: Uxie|Encore||[still]\n|-fail|p2a: Uxie\n|\n|-heal|p2a: Uxie|210/260 par|[from] item: Leftovers\n|-end|p1a: Cresselia|Encore\n|-end|p1a: Cresselia|move: Heal Block\n|upkeep\n|turn|45\n|inactive|Time left: 300 sec this turn | 300 sec total\n|\n|t:|1783551584\n|-curestatus|p1a: Cresselia|slp|[msg]\n|move|p1a: Cresselia|Thunderbolt|p2a: Uxie\n|-damage|p2a: Uxie|133/260 par\n|cant|p2a: Uxie|par\n|\n|-heal|p2a: Uxie|149/260 par|[from] item: Leftovers\n|upkeep\n|turn|46\n|inactive|Time left: 300 sec this turn | 300 sec total\n|\n|t:|1783551585\n|move|p1a: Cresselia|Thunderbolt|p2a: Uxie\n|-damage|p2a: Uxie|73/260 par\n|move|p2a: Uxie|Yawn|p1a: Cresselia\n|-start|p1a: Cresselia|move: Yawn|[of] p2a: Uxie\n|\n|-heal|p2a: Uxie|89/260 par|[from] item: Leftovers\n|upkeep\n|turn|47\n|inactive|Time left: 300 sec this turn | 300 sec total\n|\n|t:|1783551586\n|move|p1a: Cresselia|Thunderbolt|p2a: Uxie\n|-damage|p2a: Uxie|19/260 par\n|move|p2a: Uxie|Encore|p1a: Cresselia\n|-start|p1a: Cresselia|Encore\n|\n|-heal|p2a: Uxie|35/260 par|[from] item: Leftovers\n|-end|p1a: Cresselia|move: Yawn|[silent]\n|-status|p1a: Cresselia|slp\n|upkeep\n|turn|48\n|inactive|Time left: 300 sec this turn | 300 sec total\n|\n|t:|1783551587\n|cant|p1a: Cresselia|slp\n|move|p2a: Uxie|Psychic Noise|p1a: Cresselia\n|-supereffective|p1a: Cresselia\n|-damage|p1a: Cresselia|70/100 slp\n|-start|p1a: Cresselia|move: Heal Block\n|\n|-heal|p2a: Uxie|51/260 par|[from] item: Leftovers\n|upkeep\n|turn|49\n|inactive|Time left: 300 sec this turn | 300 sec total\n|\n|t:|1783551588\n|cant|p1a: Cresselia|slp\n|move|p2a: Uxie|Psychic Noise|p1a: Cresselia\n|-supereffective|p1a: Cresselia\n|-damage|p1a: Cresselia|54/100 slp\n|\n|-heal|p2a: Uxie|67/260 par|[from] item: Leftovers\n|-end|p1a: Cresselia|move: Heal Block\n|upkeep\n|turn|50\n|inactive|Time left: 300 sec this turn | 300 sec total\n|\n|t:|1783551589\n|cant|p1a: Cresselia|slp\n|cant|p2a: Uxie|par\n|\n|-heal|p2a: Uxie|83/260 par|[from] item: Leftovers\n|-end|p1a: Cresselia|Encore\n|upkeep\n|turn|51\n|inactive|Time left: 300 sec this turn | 300 sec total\n|\n|t:|1783551591\n|-curestatus|p1a: Cresselia|slp|[msg]\n|move|p1a: Cresselia|Thunderbolt|p2a: Uxie\n|-damage|p2a: Uxie|7/260 par\n|move|p2a: Uxie|Encore|p1a: Cresselia\n|-start|p1a: Cresselia|Encore\n|\n|-heal|p2a: Uxie|23/260 par|[from] item: Leftovers\n|upkeep\n|turn|52\n|inactive|Time left: 300 sec this turn | 300 sec total\n|\n|t:|1783551592\n|move|p1a: Cresselia|Thunderbolt|p2a: Uxie\n|-damage|p2a: Uxie|0 fnt\n|faint|p2a: Uxie\n|\n|upkeep\n|inactive|Time left: 300 sec this turn | 300 sec total | 5 sec grace\n|\n|t:|1783551593\n|switch|p2a: Bronzong|Bronzong, L88|261/261\n|-damage|p2a: Bronzong|245/261|[from] Stealth Rock\n|turn|53\n|inactive|Time left: 300 sec this turn | 300 sec total\n|\n|t:|1783551594\n|move|p1a: Cresselia|Thunderbolt|p2a: Bronzong\n|-damage|p2a: Bronzong|173/261\n|move|p2a: Bronzong|Psychic Noise|p1a: Cresselia\n|-supereffective|p1a: Cresselia\n|-damage|p1a: Cresselia|33/100\n|-start|p1a: Cresselia|move: Heal Block\n|\n|upkeep\n|turn|54\n|inactive|Time left: 300 sec this turn | 300 sec total\n|\n|t:|1783551595\n|move|p1a: Cresselia|Thunderbolt|p2a: Bronzong\n|-damage|p2a: Bronzong|92/261\n|move|p2a: Bronzong|Psychic Noise|p1a: Cresselia\n|-supereffective|p1a: Cresselia\n|-damage|p1a: Cresselia|14/100\n|\n|-end|p1a: Cresselia|Encore\n|-end|p1a: Cresselia|move: Heal Block\n|upkeep\n|turn|55\n|inactive|Time left: 300 sec this turn | 300 sec total\n|\n|t:|1783551596\n|move|p1a: Cresselia|Moonlight|p1a: Cresselia\n|-heal|p1a: Cresselia|64/100\n|move|p2a: Bronzong|Rest|p2a: Bronzong\n|-status|p2a: Bronzong|slp|[from] move: Rest\n|-heal|p2a: Bronzong|261/261 slp|[silent]\n|-enditem|p2a: Bronzong|Chesto Berry|[eat]\n|-curestatus|p2a: Bronzong|slp|[msg]\n|\n|upkeep\n|turn|56\n|inactive|Time left: 300 sec this turn | 300 sec total\n|\n|t:|1783551597\n|move|p1a: Cresselia|Moonlight|p1a: Cresselia\n|-heal|p1a: Cresselia|100/100\n|move|p2a: Bronzong|Psychic Noise|p1a: Cresselia\n|-supereffective|p1a: Cresselia\n|-damage|p1a: Cresselia|81/100\n|-start|p1a: Cresselia|move: Heal Block\n|\n|upkeep\n|turn|57\n|inactive|Time left: 300 sec this turn | 300 sec total\n|\n|t:|1783551598\n|move|p1a: Cresselia|Calm Mind|p1a: Cresselia\n|-boost|p1a: Cresselia|spa|1\n|-boost|p1a: Cresselia|spd|1\n|move|p2a: Bronzong|Iron Defense|p2a: Bronzong\n|-boost|p2a: Bronzong|def|2\n|\n|-end|p1a: Cresselia|move: Heal Block\n|upkeep\n|turn|58\n|inactive|Time left: 300 sec this turn | 300 sec total\n|\n|t:|1783551599\n|move|p1a: Cresselia|Thunderbolt|p2a: Bronzong\n|-damage|p2a: Bronzong|163/261\n|move|p2a: Bronzong|Psychic Noise|p1a: Cresselia\n|-supereffective|p1a: Cresselia\n|-damage|p1a: Cresselia|66/100\n|-start|p1a: Cresselia|move: Heal Block\n|\n|upkeep\n|turn|59\n|inactive|Time left: 300 sec this turn | 300 sec total\n|\n|t:|1783551601\n|move|p1a: Cresselia|Thunderbolt|p2a: Bronzong\n|-damage|p2a: Bronzong|69/261\n|move|p2a: Bronzong|Rest|p2a: Bronzong\n|-status|p2a: Bronzong|slp|[from] move: Rest\n|-heal|p2a: Bronzong|261/261 slp|[silent]\n|\n|-end|p1a: Cresselia|move: Heal Block\n|upkeep\n|turn|60\n|inactive|Time left: 300 sec this turn | 300 sec total\n|\n|t:|1783551602\n|move|p1a: Cresselia|Thunderbolt|p2a: Bronzong\n|-damage|p2a: Bronzong|170/261 slp\n|cant|p2a: Bronzong|slp\n|\n|upkeep\n|turn|61\n|inactive|Time left: 300 sec this turn | 300 sec total\n|\n|t:|1783551603\n|move|p1a: Cresselia|Thunderbolt|p2a: Bronzong\n|-damage|p2a: Bronzong|73/261 slp\n|cant|p2a: Bronzong|slp\n|\n|upkeep\n|turn|62\n|inactive|Time left: 300 sec this turn | 300 sec total\n|\n|t:|1783551604\n|move|p1a: Cresselia|Thunderbolt|p2a: Bronzong\n|-damage|p2a: Bronzong|0 fnt\n|faint|p2a: Bronzong\n|\n|win|p0x106481fd", "uploadtime": 1783551604, "views": 0, "rating": 0, "private": 0, "password": null, "_winner": "p0x106481fd", "_our_name": "p0y106464dc"}