{"id": "battle-gen9randombattle-621", "formatid": "gen9randombattle", "format": "[Gen 9] Random Battle", "players": ["p0x6216b16", "p0y621a499"], "log": "|init|battle\n|title|p0x6216b16 vs. p0y621a499\n|j|\u2606p0x6216b16\n|j|\u2606p0y621a499\n|t:|1783546305\n|gametype|singles\n|player|p1|p0x6216b16|101|\n|player|p2|p0y621a499|1|\n|gen|9\n|tier|[Gen 9] Random Battle\n|rule|Species Clause: Limit one of each Pok\u00e9mon\n|rule|HP Percentage Mod: HP is shown in percentages\n|rule|Sleep Clause Mod: Limit one foe put to sleep\n|rule|Illusion Level Mod: Illusion disguises the Pok\u00e9mon's true level\n|\n|t:|1783546305\n|teamsize|p1|6\n|teamsize|p2|6\n|start\n|switch|p1a: Mismagius|Mismagius, L86, F|243/243\n|switch|p2a: Cramorant|Cramorant, L86, M|100/100\n|turn|1\n|inactive|Battle timer is ON: inactive players will automatically lose when time's up. (requested by p0y621a499)\n|inactive|Time left: 300 sec this turn | 300 sec total | 60 sec grace\n|inactive|p0x6216b16 also wants the timer to be on.\n|\n|t:|1783546307\n|switch|p2a: Stantler|Stantler, L92, M|100/100\n|-ability|p2a: Stantler|Intimidate|boost\n|-unboost|p1a: Mismagius|atk|1\n|move|p1a: Mismagius|Thunderbolt|p2a: Stantler\n|-damage|p2a: Stantler|80/100\n|\n|upkeep\n|turn|2\n|inactive|Time left: 300 sec this turn | 300 sec total\n|\n|t:|1783546308\n|move|p1a: Mismagius|Thunderbolt|p2a: Stantler\n|-damage|p2a: Stantler|60/100\n|move|p2a: Stantler|Calm Mind|p2a: Stantler\n|-boost|p2a: Stantler|spa|1\n|-boost|p2a: Stantler|spd|1\n|\n|upkeep\n|turn|3\n|inactive|Time left: 300 sec this turn | 300 sec total\n|\n|t:|1783546309\n|move|p1a: Mismagius|Nasty Plot|p1a: Mismagius\n|-boost|p1a: Mismagius|spa|2\n|move|p2a: Stantler|Calm Mind|p2a: Stantler\n|-boost|p2a: Stantler|spa|1\n|-boost|p2a: Stantler|spd|1\n|\n|upkeep\n|turn|4\n|inactive|Time left: 300 sec this turn | 300 sec total\n|\n|t:|1783546310\n|move|p1a: Mismagius|Shadow Ball|p2a: Stantler\n|-immune|p2a: Stantler\n|move|p2a: Stantler|Shadow Ball|p1a: Mismagius\n|-supereffective|p1a: Mismagius\n|-damage|p1a: Mismagius|29/243\n|\n|-heal|p1a: Mismagius|44/243|[from] item: Leftovers\n|upkeep\n|turn|5\n|inactive|Time left: 300 sec this turn | 300 sec total\n|\n|t:|1783546311\n|move|p1a: Mismagius|Thunderbolt|p2a: Stantler\n|-damage|p2a: Stantler|41/100\n|move|p2a: Stantler|Shadow Ball|p1a: Mismagius\n|-supereffective|p1a: Mismagius\n|-damage|p1a: Mismagius|0 fnt\n|faint|p1a: Mismagius\n|\n|upkeep\n|inactive|Time left: 300 sec this turn | 300 sec total | 5 sec grace\n|\n|t:|1783546312\n|switch|p1a: Kleavor|Kleavor, L78, F|237/237\n|turn|6\n|inactive|Time left: 300 sec this turn | 300 sec total\n|\n|t:|1783546314\n|-terastallize|p2a: Stantler|Fairy\n|move|p1a: Kleavor|Stone Axe|p2a: Stantler|[miss]\n|-miss|p1a: Kleavor|p2a: Stantler\n|move|p2a: Stantler|Tera Blast|p1a: Kleavor|[anim] Tera Blast Fairy\n|-damage|p1a: Kleavor|18/237\n|\n|upkeep\n|turn|7\n|inactive|Time left: 300 sec this turn | 300 sec total\n|\n|t:|1783546315\n|move|p1a: Kleavor|Stone Axe|p2a: Stantler\n|-damage|p2a: Stantler|8/100\n|-sidestart|p2: p0y621a499|move: Stealth Rock\n|move|p2a: Stantler|Tera Blast|p1a: Kleavor|[anim] Tera Blast Fairy\n|-damage|p1a: Kleavor|0 fnt\n|faint|p1a: Kleavor\n|\n|upkeep\n|inactive|Time left: 300 sec this turn | 300 sec total | 5 sec grace\n|\n|t:|1783546316\n|switch|p1a: Gengar|Gengar, L81, F|230/230\n|turn|8\n|inactive|Time left: 300 sec this turn | 300 sec total\n|\n|t:|1783546317\n|move|p1a: Gengar|Sludge Wave|p2a: Stantler\n|-supereffective|p2a: Stantler\n|-damage|p2a: Stantler|0 fnt\n|faint|p2a: Stantler\n|-damage|p1a: Gengar|207/230|[from] item: Life Orb\n|\n|upkeep\n|\n|t:|1783546318\n|switch|p2a: Charizard|Charizard, L85, M|100/100\n|turn|9\n|inactive|Time left: 300 sec this turn | 300 sec total\n|\n|t:|1783546319\n|move|p1a: Gengar|Sludge Wave|p2a: Charizard\n|-damage|p2a: Charizard|37/100\n|-damage|p1a: Gengar|184/230|[from] item: Life Orb\n|move|p2a: Charizard|Flamethrower|p1a: Gengar\n|-damage|p1a: Gengar|57/230\n|\n|upkeep\n|turn|10\n|inactive|Time left: 300 sec this turn | 300 sec total\n|\n|t:|1783546321\n|switch|p2a: Sylveon|Sylveon, L85, M|100/100\n|-damage|p2a: Sylveon|88/100|[from] Stealth Rock\n|move|p1a: Gengar|Shadow Ball|p2a: Sylveon\n|-damage|p2a: Sylveon|59/100\n|-damage|p1a: Gengar|34/230|[from] item: Life Orb\n|\n|-heal|p2a: Sylveon|65/100|[from] item: Leftovers\n|upkeep\n|turn|11\n|inactive|Time left: 300 sec this turn | 300 sec total\n|\n|t:|1783546322\n|move|p2a: Sylveon|Protect|p2a: Sylveon\n|-singleturn|p2a: Sylveon|Protect\n|move|p1a: Gengar|Sludge Wave|p2a: Sylveon\n|-activate|p2a: Sylveon|move: Protect\n|\n|-heal|p2a: Sylveon|71/100|[from] item: Leftovers\n|upkeep\n|turn|12\n|inactive|Time left: 300 sec this turn | 300 sec total\n|\n|t:|1783546323\n|switch|p2a: Regirock|Regirock, L83|100/100\n|-damage|p2a: Regirock|88/100|[from] Stealth Rock\n|move|p1a: Gengar|Sludge Wave|p2a: Regirock\n|-resisted|p2a: Regirock\n|-damage|p2a: Regirock|62/100\n|-damage|p1a: Gengar|11/230|[from] item: Life Orb\n|\n|-heal|p2a: Regirock|68/100|[from] item: Leftovers\n|upkeep\n|turn|13\n|inactive|Time left: 300 sec this turn | 300 sec total\n|\n|t:|1783546324\n|move|p1a: Gengar|Will-O-Wisp|p2a: Regirock\n|-status|p2a: Regirock|brn\n|move|p2a: Regirock|Iron Defense|p2a: Regirock\n|-boost|p2a: Regirock|def|2\n|\n|-heal|p2a: Regirock|74/100 brn|[from] item: Leftovers\n|-damage|p2a: Regirock|68/100 brn|[from] brn\n|upkeep\n|turn|14\n|inactive|Time left: 300 sec this turn | 300 sec total\n|\n|t:|1783546325\n|move|p1a: Gengar|Focus Blast|p2a: Regirock\n|-supereffective|p2a: Regirock\n|-damage|p2a: Regirock|0 fnt\n|faint|p2a: Regirock\n|-damage|p1a: Gengar|0 fnt|[from] item: Life Orb\n|faint|p1a: Gengar\n|\n|upkeep\n|inactive|Time left: 300 sec this turn | 300 sec total | 5 sec grace\n|\n|t:|1783546326\n|switch|p1a: Sandy Shocks|Sandy Shocks, L80|267/267\n|switch|p2a: Cramorant|Cramorant, L86, M|100/100\n|turn|15\n|inactive|Time left: 300 sec this turn | 300 sec total\n|\n|t:|1783546327\n|switch|p2a: Sylveon|Sylveon, L85, M|71/100\n|-damage|p2a: Sylveon|59/100|[from] Stealth Rock\n|move|p1a: Sandy Shocks|Volt Switch|p2a: Sylveon\n|-damage|p2a: Sylveon|37/100\n|inactive|Time left: 300 sec this turn | 300 sec total | 5 sec grace\n|\n|t:|1783546329\n|-end|p1a: Sandy Shocks|Protosynthesis|[silent]\n|switch|p1a: Excadrill|Excadrill, L79, F|303/303|[from] Volt Switch\n|-ability|p1a: Excadrill|Mold Breaker\n|\n|-heal|p2a: Sylveon|43/100|[from] item: Leftovers\n|upkeep\n|turn|16\n|inactive|Time left: 300 sec this turn | 300 sec total\n|\n|t:|1783546330\n|move|p2a: Sylveon|Protect|p2a: Sylveon\n|-singleturn|p2a: Sylveon|Protect\n|move|p1a: Excadrill|Earthquake|p2a: Sylveon\n|-activate|p2a: Sylveon|move: Protect\n|\n|-heal|p2a: Sylveon|49/100|[from] item: Leftovers\n|upkeep\n|turn|17\n|inactive|Time left: 300 sec this turn | 300 sec total\n|\n|t:|1783546331\n|switch|p2a: Charizard|Charizard, L85, M|37/100\n|move|p1a: Excadrill|Iron Head|p2a: Charizard\n|-resisted|p2a: Charizard\n|-damage|p2a: Charizard|17/100\n|\n|upkeep\n|turn|18\n|inactive|Time left: 300 sec this turn | 300 sec total\n|\n|t:|1783546332\n|move|p2a: Charizard|Flamethrower|p1a: Excadrill\n|-supereffective|p1a: Excadrill\n|-damage|p1a: Excadrill|37/303\n|move|p1a: Excadrill|Rapid Spin|p2a: Charizard\n|-damage|p2a: Charizard|1/100\n|-boost|p1a: Excadrill|spe|1\n|\n|upkeep\n|turn|19\n|inactive|Time left: 300 sec this turn | 300 sec total\n|\n|t:|1783546333\n|switch|p2a: Cramorant|Cramorant, L86, M|100/100\n|move|p1a: Excadrill|Rapid Spin|p2a: Cramorant\n|-damage|p2a: Cramorant|79/100\n|-boost|p1a: Excadrill|spe|1\n|\n|upkeep\n|turn|20\n|inactive|Time left: 300 sec this turn | 300 sec total\n|\n|t:|1783546334\n|move|p1a: Excadrill|Rock Slide|p2a: Cramorant\n|-supereffective|p2a: Cramorant\n|-damage|p2a: Cramorant|20/100\n|move|p2a: Cramorant|Surf|p1a: Excadrill\n|-formechange|p2a: Cramorant|Cramorant-Gorging|\n|-supereffective|p1a: Excadrill\n|-damage|p1a: Excadrill|0 fnt\n|faint|p1a: Excadrill\n|\n|upkeep\n|inactive|Time left: 300 sec this turn | 300 sec total | 5 sec grace\n|\n|t:|1783546335\n|switch|p1a: Sandy Shocks|Sandy Shocks, L80|267/267\n|turn|21\n|inactive|Time left: 300 sec this turn | 300 sec total\n|\n|t:|1783546336\n|move|p1a: Sandy Shocks|Thunderbolt|p2a: Cramorant\n|-supereffective|p2a: Cramorant\n|-damage|p2a: Cramorant|0 fnt\n|-damage|p1a: Sandy Shocks|201/267|[from] ability: Gulp Missile|[of] p2a: Cramorant\n|-formechange|p2a: Cramorant|Cramorant|\n|faint|p2a: Cramorant\n|\n|upkeep\n|\n|t:|1783546337\n|switch|p2a: Charizard|Charizard, L85, M|1/100\n|turn|22\n|inactive|Time left: 300 sec this turn | 300 sec total\n|\n|t:|1783546338\n|move|p2a: Charizard|Flamethrower|p1a: Sandy Shocks\n|-damage|p1a: Sandy Shocks|15/267\n|move|p1a: Sandy Shocks|Thunderbolt|p2a: Charizard\n|-supereffective|p2a: Charizard\n|-damage|p2a: Charizard|0 fnt\n|faint|p2a: Charizard\n|\n|upkeep\n|\n|t:|1783546339\n|switch|p2a: Sylveon|Sylveon, L85, M|49/100\n|-damage|p2a: Sylveon|36/100|[from] Stealth Rock\n|turn|23\n|inactive|Time left: 300 sec this turn | 300 sec total\n|\n|t:|1783546340\n|move|p2a: Sylveon|Protect|p2a: Sylveon\n|-singleturn|p2a: Sylveon|Protect\n|move|p1a: Sandy Shocks|Thunderbolt|p2a: Sylveon\n|-activate|p2a: Sylveon|move: Protect\n|\n|-heal|p2a: Sylveon|42/100|[from] item: Leftovers\n|upkeep\n|turn|24\n|inactive|Time left: 300 sec this turn | 300 sec total\n|\n|t:|1783546341\n|move|p1a: Sandy Shocks|Earth Power|p2a: Sylveon\n|-damage|p2a: Sylveon|15/100\n|move|p2a: Sylveon|Calm Mind|p2a: Sylveon\n|-boost|p2a: Sylveon|spa|1\n|-boost|p2a: Sylveon|spd|1\n|\n|-heal|p2a: Sylveon|21/100|[from] item: Leftovers\n|upkeep\n|turn|25\n|inactive|Time left: 300 sec this turn | 300 sec total\n|\n|t:|1783546342\n|-terastallize|p1a: Sandy Shocks|Ground\n|move|p2a: Sylveon|Protect|p2a: Sylveon\n|-singleturn|p2a: Sylveon|Protect\n|move|p1a: Sandy Shocks|Earth Power|p2a: Sylveon\n|-activate|p2a: Sylveon|move: Protect\n|\n|-heal|p2a: Sylveon|27/100|[from] item: Leftovers\n|upkeep\n|turn|26\n|inactive|Time left: 300 sec this turn | 300 sec total\n|\n|t:|1783546343\n|move|p1a: Sandy Shocks|Earth Power|p2a: Sylveon\n|-damage|p2a: Sylveon|6/100\n|move|p2a: Sylveon|Wish|p2a: Sylveon\n|\n|-heal|p2a: Sylveon|12/100|[from] item: Leftovers\n|upkeep\n|turn|27\n|inactive|Time left: 300 sec this turn | 300 sec total\n|\n|t:|1783546344\n|move|p2a: Sylveon|Protect|p2a: Sylveon\n|-singleturn|p2a: Sylveon|Protect\n|move|p1a: Sandy Shocks|Spikes|p2a: Sylveon\n|-sidestart|p2: p0y621a499|Spikes\n|\n|-heal|p2a: Sylveon|62/100|[from] move: Wish|[wisher] Sylveon\n|-heal|p2a: Sylveon|68/100|[from] item: Leftovers\n|upkeep\n|turn|28\n|inactive|Time left: 300 sec this turn | 300 sec total\n|\n|t:|1783546345\n|move|p1a: Sandy Shocks|Thunderbolt|p2a: Sylveon\n|-damage|p2a: Sylveon|51/100\n|move|p2a: Sylveon|Hyper Voice|p1a: Sandy Shocks\n|-damage|p1a: Sandy Shocks|0 fnt\n|faint|p1a: Sandy Shocks\n|-end|p1a: Sandy Shocks|Protosynthesis|[silent]\n|\n|-heal|p2a: Sylveon|57/100|[from] item: Leftovers\n|upkeep\n|inactive|Time left: 300 sec this turn | 300 sec total | 5 sec grace\n|\n|t:|1783546345\n|switch|p1a: Exeggutor|Exeggutor, L89, F|312/312\n|turn|29\n|inactive|Time left: 300 sec this turn | 300 sec total\n|\n|t:|1783546346\n|move|p1a: Exeggutor|Protect|p1a: Exeggutor\n|-singleturn|p1a: Exeggutor|Protect\n|move|p2a: Sylveon|Hyper Voice|p1a: Exeggutor\n|-activate|p1a: Exeggutor|move: Protect\n|\n|-heal|p2a: Sylveon|63/100|[from] item: Leftovers\n|upkeep\n|turn|30\n|inactive|Time left: 300 sec this turn | 300 sec total\n|\n|t:|1783546347\n|move|p2a: Sylveon|Hyper Voice|p1a: Exeggutor\n|-crit|p1a: Exeggutor\n|-damage|p1a: Exeggutor|0 fnt\n|faint|p1a: Exeggutor\n|\n|win|p0y621a499", "uploadtime": 1783546347, "views": 0, "rating": 0, "private": 0, "password": null, "_winner": "p0y621a499", "_our_name": "p0x6216b16"}