{"id": "battle-gen9randombattle-2733", "formatid": "gen9randombattle", "format": "[Gen 9] Random Battle", "players": ["p0x27332210", "p0y273353e9"], "log": "|init|battle\n|title|p0x27332210 vs. p0y273353e9\n|j|\u2606p0x27332210\n|j|\u2606p0y273353e9\n|t:|1783571509\n|gametype|singles\n|player|p1|p0x27332210|101|\n|player|p2|p0y273353e9|1|\n|gen|9\n|tier|[Gen 9] Random Battle\n|rule|Species Clause: Limit one of each Pok\u00e9mon\n|rule|HP Percentage Mod: HP is shown in percentages\n|rule|Sleep Clause Mod: Limit one foe put to sleep\n|rule|Illusion Level Mod: Illusion disguises the Pok\u00e9mon's true level\n|\n|t:|1783571509\n|teamsize|p1|6\n|teamsize|p2|6\n|start\n|switch|p1a: Kingambit|Kingambit, L74, M|270/270\n|switch|p2a: Tyranitar|Tyranitar, L78, M|100/100\n|-weather|Sandstorm|[from] ability: Sand Stream|[of] p2a: Tyranitar\n|turn|1\n|inactive|Battle timer is ON: inactive players will automatically lose when time's up. (requested by p0x27332210)\n|inactive|p0y273353e9 also wants the timer to be on.\n|\n|t:|1783571511\n|move|p2a: Tyranitar|Earthquake|p1a: Kingambit\n|-supereffective|p1a: Kingambit\n|-crit|p1a: Kingambit\n|-damage|p1a: Kingambit|44/270\n|move|p1a: Kingambit|Swords Dance|p1a: Kingambit\n|-boost|p1a: Kingambit|atk|2\n|\n|-weather|Sandstorm|[upkeep]\n|-heal|p1a: Kingambit|60/270|[from] item: Leftovers\n|upkeep\n|turn|2\n|inactive|Time left: 300 sec this turn | 300 sec total\n|\n|t:|1783571512\n|move|p2a: Tyranitar|Earthquake|p1a: Kingambit\n|-supereffective|p1a: Kingambit\n|-damage|p1a: Kingambit|0 fnt\n|faint|p1a: Kingambit\n|-end|p1a: Kingambit|fallenundefined|[silent]\n|\n|-weather|Sandstorm|[upkeep]\n|upkeep\n|inactive|Time left: 300 sec this turn | 300 sec total | 5 sec grace\n|\n|t:|1783571513\n|switch|p1a: Rillaboom|Rillaboom, L79, F|288/288\n|-fieldstart|move: Grassy Terrain|[from] ability: Grassy Surge|[of] p1a: Rillaboom\n|turn|3\n|inactive|Time left: 300 sec this turn | 300 sec total\n|\n|t:|1783571514\n|switch|p2a: Forretress|Forretress, L84, M|100/100\n|move|p1a: Rillaboom|Wood Hammer|p2a: Forretress\n|-resisted|p2a: Forretress\n|-damage|p2a: Forretress|84/100\n|-damage|p1a: Rillaboom|274/288|[from] Recoil\n|\n|-weather|Sandstorm|[upkeep]\n|-damage|p1a: Rillaboom|256/288|[from] Sandstorm\n|-heal|p1a: Rillaboom|274/288|[from] Grassy Terrain\n|-heal|p2a: Forretress|90/100|[from] Grassy Terrain\n|-heal|p2a: Forretress|96/100|[from] item: Leftovers\n|upkeep\n|turn|4\n|inactive|Time left: 300 sec this turn | 300 sec total\n|\n|t:|1783571515\n|move|p1a: Rillaboom|Wood Hammer|p2a: Forretress\n|-resisted|p2a: Forretress\n|-damage|p2a: Forretress|80/100\n|-damage|p1a: Rillaboom|260/288|[from] Recoil\n|move|p2a: Forretress|Stealth Rock|p1a: Rillaboom\n|-sidestart|p1: p0x27332210|move: Stealth Rock\n|\n|-weather|Sandstorm|[upkeep]\n|-damage|p1a: Rillaboom|242/288|[from] Sandstorm\n|-heal|p1a: Rillaboom|260/288|[from] Grassy Terrain\n|-heal|p2a: Forretress|86/100|[from] Grassy Terrain\n|-heal|p2a: Forretress|92/100|[from] item: Leftovers\n|upkeep\n|turn|5\n|inactive|Time left: 300 sec this turn | 300 sec total\n|\n|t:|1783571516\n|move|p1a: Rillaboom|Wood Hammer|p2a: Forretress\n|-resisted|p2a: Forretress\n|-damage|p2a: Forretress|75/100\n|-damage|p1a: Rillaboom|245/288|[from] Recoil\n|move|p2a: Forretress|Body Press|p1a: Rillaboom\n|-damage|p1a: Rillaboom|164/288\n|\n|-weather|none\n|-heal|p1a: Rillaboom|182/288|[from] Grassy Terrain\n|-heal|p2a: Forretress|81/100|[from] Grassy Terrain\n|-heal|p2a: Forretress|87/100|[from] item: Leftovers\n|upkeep\n|turn|6\n|inactive|Time left: 300 sec this turn | 300 sec total\n|\n|t:|1783571517\n|move|p1a: Rillaboom|Wood Hammer|p2a: Forretress\n|-resisted|p2a: Forretress\n|-damage|p2a: Forretress|71/100\n|-damage|p1a: Rillaboom|168/288|[from] Recoil\n|move|p2a: Forretress|Iron Head|p1a: Rillaboom\n|-damage|p1a: Rillaboom|92/288\n|\n|-heal|p1a: Rillaboom|110/288|[from] Grassy Terrain\n|-heal|p2a: Forretress|77/100|[from] Grassy Terrain\n|-heal|p2a: Forretress|83/100|[from] item: Leftovers\n|upkeep\n|turn|7\n|inactive|Time left: 300 sec this turn | 300 sec total\n|\n|t:|1783571519\n|move|p1a: Rillaboom|Wood Hammer|p2a: Forretress\n|-resisted|p2a: Forretress\n|-damage|p2a: Forretress|65/100\n|-damage|p1a: Rillaboom|94/288|[from] Recoil\n|move|p2a: Forretress|Iron Head|p1a: Rillaboom\n|-damage|p1a: Rillaboom|12/288\n|\n|-heal|p1a: Rillaboom|30/288|[from] Grassy Terrain\n|-heal|p2a: Forretress|71/100|[from] Grassy Terrain\n|-heal|p2a: Forretress|77/100|[from] item: Leftovers\n|-fieldend|move: Grassy Terrain\n|upkeep\n|turn|8\n|inactive|Time left: 300 sec this turn | 300 sec total\n|\n|t:|1783571520\n|switch|p1a: Sandaconda|Sandaconda, L84, M|258/258\n|-damage|p1a: Sandaconda|242/258|[from] Stealth Rock\n|move|p2a: Forretress|Rapid Spin|p1a: Sandaconda\n|-damage|p1a: Sandaconda|219/258\n|-boost|p2a: Forretress|spe|1\n|\n|-heal|p2a: Forretress|83/100|[from] item: Leftovers\n|-heal|p1a: Sandaconda|235/258|[from] item: Leftovers\n|upkeep\n|turn|9\n|inactive|Time left: 300 sec this turn | 300 sec total\n|\n|t:|1783571521\n|move|p2a: Forretress|Iron Head|p1a: Sandaconda\n|-damage|p1a: Sandaconda|178/258\n|move|p1a: Sandaconda|Earthquake|p2a: Forretress\n|-damage|p2a: Forretress|54/100\n|\n|-heal|p2a: Forretress|61/100|[from] item: Leftovers\n|-heal|p1a: Sandaconda|194/258|[from] item: Leftovers\n|upkeep\n|turn|10\n|inactive|Time left: 300 sec this turn | 300 sec total\n|\n|t:|1783571522\n|move|p2a: Forretress|Iron Head|p1a: Sandaconda\n|-damage|p1a: Sandaconda|134/258\n|move|p1a: Sandaconda|Stealth Rock|p2a: Forretress\n|-sidestart|p2: p0y273353e9|move: Stealth Rock\n|\n|-heal|p2a: Forretress|67/100|[from] item: Leftovers\n|-heal|p1a: Sandaconda|150/258|[from] item: Leftovers\n|upkeep\n|turn|11\n|inactive|Time left: 300 sec this turn | 300 sec total\n|\n|t:|1783571523\n|move|p2a: Forretress|Rapid Spin|p1a: Sandaconda\n|-damage|p1a: Sandaconda|126/258\n|-boost|p2a: Forretress|spe|1\n|-sideend|p2: p0y273353e9|Stealth Rock|[from] move: Rapid Spin|[of] p2a: Forretress\n|move|p1a: Sandaconda|Earthquake|p2a: Forretress\n|-damage|p2a: Forretress|34/100\n|\n|-heal|p2a: Forretress|40/100|[from] item: Leftovers\n|-heal|p1a: Sandaconda|142/258|[from] item: Leftovers\n|upkeep\n|turn|12\n|inactive|Time left: 300 sec this turn | 300 sec total\n|\n|t:|1783571525\n|move|p2a: Forretress|Iron Head|p1a: Sandaconda\n|-damage|p1a: Sandaconda|81/258\n|move|p1a: Sandaconda|Earthquake|p2a: Forretress\n|-damage|p2a: Forretress|12/100\n|\n|-heal|p2a: Forretress|18/100|[from] item: Leftovers\n|-heal|p1a: Sandaconda|97/258|[from] item: Leftovers\n|upkeep\n|turn|13\n|inactive|Time left: 300 sec this turn | 300 sec total\n|\n|t:|1783571526\n|move|p2a: Forretress|Iron Head|p1a: Sandaconda\n|-damage|p1a: Sandaconda|36/258\n|move|p1a: Sandaconda|Earthquake|p2a: Forretress\n|-damage|p2a: Forretress|0 fnt\n|faint|p2a: Forretress\n|\n|-heal|p1a: Sandaconda|52/258|[from] item: Leftovers\n|upkeep\n|\n|t:|1783571527\n|switch|p2a: Samurott|Samurott, L88, F|100/100\n|turn|14\n|inactive|Time left: 300 sec this turn | 300 sec total\n|\n|t:|1783571528\n|switch|p1a: Luxray|Luxray, L88, F|284/284\n|-damage|p1a: Luxray|249/284|[from] Stealth Rock\n|-ability|p1a: Luxray|Intimidate|boost\n|-unboost|p2a: Samurott|atk|1\n|move|p2a: Samurott|Sacred Sword|p1a: Luxray\n|-damage|p1a: Luxray|184/284\n|-damage|p2a: Samurott|90/100|[from] item: Life Orb\n|\n|upkeep\n|turn|15\n|inactive|Time left: 300 sec this turn | 300 sec total\n|\n|t:|1783571529\n|switch|p2a: Golem|Golem, L87, M|100/100\n|move|p1a: Luxray|Volt Switch|p2a: Golem\n|-immune|p2a: Golem\n|\n|upkeep\n|turn|16\n|inactive|Time left: 300 sec this turn | 300 sec total\n|\n|t:|1783571530\n|switch|p1a: Rillaboom|Rillaboom, L79, F|30/288\n|-damage|p1a: Rillaboom|0 fnt|[from] Stealth Rock\n|faint|p1a: Rillaboom\n|move|p2a: Golem|Earthquake|p1: Rillaboom|[notarget]\n|-fail|p2a: Golem\n|\n|upkeep\n|inactive|Time left: 300 sec this turn | 300 sec total | 5 sec grace\n|\n|t:|1783571531\n|switch|p1a: Sandaconda|Sandaconda, L84, M|52/258\n|-damage|p1a: Sandaconda|36/258|[from] Stealth Rock\n|turn|17\n|inactive|Time left: 300 sec this turn | 300 sec total\n|\n|t:|1783571532\n|move|p1a: Sandaconda|Glare|p2a: Golem\n|-status|p2a: Golem|par\n|cant|p2a: Golem|par\n|\n|-heal|p1a: Sandaconda|52/258|[from] item: Leftovers\n|upkeep\n|turn|18\n|inactive|Time left: 300 sec this turn | 300 sec total\n|\n|t:|1783571532\n|move|p1a: Sandaconda|Stealth Rock|p2a: Golem\n|-sidestart|p2: p0y273353e9|move: Stealth Rock\n|cant|p2a: Golem|par\n|\n|-heal|p1a: Sandaconda|68/258|[from] item: Leftovers\n|upkeep\n|turn|19\n|inactive|Time left: 300 sec this turn | 300 sec total\n|\n|t:|1783571534\n|move|p1a: Sandaconda|Earthquake|p2a: Golem\n|-supereffective|p2a: Golem\n|-damage|p2a: Golem|38/100 par\n|-enditem|p2a: Golem|Weakness Policy\n|-boost|p2a: Golem|atk|2|[from] item: Weakness Policy\n|-boost|p2a: Golem|spa|2|[from] item: Weakness Policy\n|move|p2a: Golem|Earthquake|p1a: Sandaconda\n|-damage|p1a: Sandaconda|0 fnt\n|faint|p1a: Sandaconda\n|\n|upkeep\n|inactive|Time left: 300 sec this turn | 300 sec total | 5 sec grace\n|\n|t:|1783571535\n|switch|p1a: Zangoose|Zangoose, L85, M|263/263\n|-damage|p1a: Zangoose|231/263|[from] Stealth Rock\n|turn|20\n|inactive|Time left: 300 sec this turn | 300 sec total\n|\n|t:|1783571536\n|-terastallize|p2a: Golem|Grass\n|move|p1a: Zangoose|Close Combat|p2a: Golem\n|-damage|p2a: Golem|14/100 par\n|-unboost|p1a: Zangoose|def|1\n|-unboost|p1a: Zangoose|spd|1\n|move|p2a: Golem|Earthquake|p1a: Zangoose\n|-damage|p1a: Zangoose|0 fnt\n|faint|p1a: Zangoose\n|\n|upkeep\n|inactive|Time left: 300 sec this turn | 300 sec total | 5 sec grace\n|\n|t:|1783571537\n|switch|p1a: Luxray|Luxray, L88, F|184/284\n|-damage|p1a: Luxray|149/284|[from] Stealth Rock\n|-ability|p1a: Luxray|Intimidate|boost\n|-unboost|p2a: Golem|atk|1\n|turn|21\n|inactive|Time left: 300 sec this turn | 300 sec total\n|\n|t:|1783571538\n|switch|p2a: Electivire|Electivire, L84, F|100/100\n|-damage|p2a: Electivire|88/100|[from] Stealth Rock\n|move|p1a: Luxray|Play Rough|p2a: Electivire\n|-damage|p2a: Electivire|48/100\n|\n|upkeep\n|turn|22\n|inactive|Time left: 300 sec this turn | 300 sec total\n|\n|t:|1783571539\n|move|p2a: Electivire|Earthquake|p1a: Luxray\n|-supereffective|p1a: Luxray\n|-damage|p1a: Luxray|0 fnt\n|faint|p1a: Luxray\n|-damage|p2a: Electivire|38/100|[from] item: Life Orb\n|\n|upkeep\n|inactive|Time left: 300 sec this turn | 300 sec total | 5 sec grace\n|\n|t:|1783571540\n|switch|p1a: Iron Boulder|Iron Boulder, L77|265/265\n|-damage|p1a: Iron Boulder|232/265|[from] Stealth Rock\n|-enditem|p1a: Iron Boulder|Booster Energy\n|-activate|p1a: Iron Boulder|ability: Quark Drive|[fromitem]\n|-start|p1a: Iron Boulder|quarkdrivespe\n|turn|23\n|inactive|Time left: 300 sec this turn | 300 sec total\n|\n|t:|1783571541\n|-terastallize|p1a: Iron Boulder|Fighting\n|move|p1a: Iron Boulder|Swords Dance|p1a: Iron Boulder\n|-boost|p1a: Iron Boulder|atk|2\n|move|p2a: Electivire|Earthquake|p1a: Iron Boulder\n|-damage|p1a: Iron Boulder|111/265\n|-damage|p2a: Electivire|28/100|[from] item: Life Orb\n|\n|upkeep\n|turn|24\n|inactive|Time left: 300 sec this turn | 300 sec total\n|\n|t:|1783571542\n|move|p1a: Iron Boulder|Mighty Cleave|p2a: Electivire\n|-damage|p2a: Electivire|0 fnt\n|faint|p2a: Electivire\n|\n|upkeep\n|\n|t:|1783571543\n|switch|p2a: Samurott|Samurott, L88, F|90/100\n|-damage|p2a: Samurott|78/100|[from] Stealth Rock\n|turn|25\n|inactive|Time left: 300 sec this turn | 300 sec total\n|\n|t:|1783571544\n|move|p1a: Iron Boulder|Close Combat|p2a: Samurott\n|-damage|p2a: Samurott|0 fnt\n|-unboost|p1a: Iron Boulder|def|1\n|-unboost|p1a: Iron Boulder|spd|1\n|faint|p2a: Samurott\n|\n|upkeep\n|\n|t:|1783571545\n|switch|p2a: Golem|Golem, L87, M, tera:Grass|14/100 par\n|-damage|p2a: Golem|2/100 par|[from] Stealth Rock\n|turn|26\n|inactive|Time left: 300 sec this turn | 300 sec total\n|\n|t:|1783571546\n|switch|p2a: Tyranitar|Tyranitar, L78, M|100/100\n|-damage|p2a: Tyranitar|88/100|[from] Stealth Rock\n|-weather|Sandstorm|[from] ability: Sand Stream|[of] p2a: Tyranitar\n|move|p1a: Iron Boulder|Mighty Cleave|p2a: Tyranitar\n|-damage|p2a: Tyranitar|21/100\n|\n|-weather|Sandstorm|[upkeep]\n|-damage|p1a: Iron Boulder|95/265|[from] Sandstorm\n|upkeep\n|turn|27\n|inactive|Time left: 300 sec this turn | 300 sec total\n|\n|t:|1783571547\n|switch|p2a: Golem|Golem, L87, M, tera:Grass|2/100 par\n|-damage|p2a: Golem|0 fnt|[from] Stealth Rock\n|faint|p2a: Golem\n|move|p1a: Iron Boulder|Mighty Cleave|p2: Golem|[notarget]\n|-fail|p1a: Iron Boulder\n|\n|-weather|Sandstorm|[upkeep]\n|-damage|p1a: Iron Boulder|79/265|[from] Sandstorm\n|upkeep\n|\n|t:|1783571548\n|switch|p2a: Palkia|Palkia-Origin, L72|100/100\n|-damage|p2a: Palkia|88/100|[from] Stealth Rock\n|-ability|p2a: Palkia|Pressure\n|turn|28\n|inactive|Time left: 300 sec this turn | 300 sec total\n|\n|t:|1783571549\n|move|p1a: Iron Boulder|Close Combat|p2a: Palkia\n|-damage|p2a: Palkia|0 fnt\n|-unboost|p1a: Iron Boulder|def|1\n|-unboost|p1a: Iron Boulder|spd|1\n|faint|p2a: Palkia\n|\n|-weather|Sandstorm|[upkeep]\n|-damage|p1a: Iron Boulder|63/265|[from] Sandstorm\n|upkeep\n|\n|t:|1783571549\n|switch|p2a: Tyranitar|Tyranitar, L78, M|21/100\n|-damage|p2a: Tyranitar|8/100|[from] Stealth Rock\n|turn|29\n|inactive|Time left: 300 sec this turn | 300 sec total\n|\n|t:|1783571550\n|move|p1a: Iron Boulder|Mighty Cleave|p2a: Tyranitar\n|-damage|p2a: Tyranitar|0 fnt\n|faint|p2a: Tyranitar\n|\n|win|p0x27332210", "uploadtime": 1783571550, "views": 0, "rating": 0, "private": 0, "password": null, "_winner": "p0x27332210", "_our_name": "p0x27332210"}