{"id": "battle-gen9randombattle-2629", "formatid": "gen9randombattle", "format": "[Gen 9] Random Battle", "players": ["p0x2629b127", "p0y2629ab37"], "log": "|init|battle\n|title|p0x2629b127 vs. p0y2629ab37\n|j|\u2606p0x2629b127\n|j|\u2606p0y2629ab37\n|t:|1783569360\n|gametype|singles\n|player|p1|p0x2629b127|170|\n|player|p2|p0y2629ab37|266|\n|gen|9\n|tier|[Gen 9] Random Battle\n|rule|Species Clause: Limit one of each Pok\u00e9mon\n|rule|HP Percentage Mod: HP is shown in percentages\n|rule|Sleep Clause Mod: Limit one foe put to sleep\n|rule|Illusion Level Mod: Illusion disguises the Pok\u00e9mon's true level\n|\n|t:|1783569360\n|teamsize|p1|6\n|teamsize|p2|6\n|start\n|switch|p1a: Sableye|Sableye, L88, M|100/100\n|switch|p2a: Spiritomb|Spiritomb, L89, M|234/234\n|turn|1\n|inactive|Battle timer is ON: inactive players will automatically lose when time's up. (requested by p0y2629ab37)\n|inactive|p0x2629b127 also wants the timer to be on.\n|\n|t:|1783569361\n|move|p1a: Sableye|Knock Off|p2a: Spiritomb\n|-damage|p2a: Spiritomb|164/234\n|-enditem|p2a: Spiritomb|Leftovers|[from] move: Knock Off|[of] p1a: Sableye\n|move|p2a: Spiritomb|Poltergeist|p1a: Sableye\n|-activate|p1a: Sableye|move: Poltergeist|Leftovers\n|-damage|p1a: Sableye|42/100\n|\n|-heal|p1a: Sableye|48/100|[from] item: Leftovers\n|upkeep\n|turn|2\n|inactive|Time left: 300 sec this turn | 300 sec total\n|\n|t:|1783569363\n|switch|p1a: Ribombee|Ribombee, L83, M|100/100\n|move|p2a: Spiritomb|Poltergeist|p1a: Ribombee\n|-activate|p1a: Ribombee|move: Poltergeist|Heavy-Duty Boots\n|-damage|p1a: Ribombee|34/100\n|\n|upkeep\n|turn|3\n|inactive|Time left: 300 sec this turn | 300 sec total\n|\n|t:|1783569364\n|move|p1a: Ribombee|Sticky Web|p2a: Spiritomb\n|-sidestart|p2: p0y2629ab37|move: Sticky Web\n|move|p2a: Spiritomb|Poltergeist|p1a: Ribombee|[miss]\n|-miss|p2a: Spiritomb|p1a: Ribombee\n|\n|upkeep\n|turn|4\n|inactive|Time left: 300 sec this turn | 300 sec total\n|\n|t:|1783569364\n|move|p1a: Ribombee|Moonblast|p2a: Spiritomb\n|-supereffective|p2a: Spiritomb\n|-damage|p2a: Spiritomb|8/234\n|move|p2a: Spiritomb|Poltergeist|p1a: Ribombee\n|-activate|p1a: Ribombee|move: Poltergeist|Heavy-Duty Boots\n|-damage|p1a: Ribombee|0 fnt\n|faint|p1a: Ribombee\n|\n|upkeep\n|\n|t:|1783569365\n|switch|p1a: Lurantis|Lurantis, L87, M|100/100\n|turn|5\n|inactive|Time left: 300 sec this turn | 300 sec total\n|\n|t:|1783569367\n|move|p1a: Lurantis|Leaf Storm|p2a: Spiritomb\n|-damage|p2a: Spiritomb|0 fnt\n|-boost|p1a: Lurantis|spa|2\n|faint|p2a: Spiritomb\n|\n|upkeep\n|inactive|Time left: 300 sec this turn | 300 sec total | 5 sec grace\n|\n|t:|1783569367\n|switch|p2a: Avalugg|Avalugg, L88, F|310/310\n|turn|6\n|inactive|Time left: 300 sec this turn | 300 sec total\n|\n|t:|1783569369\n|move|p1a: Lurantis|Superpower|p2a: Avalugg\n|-supereffective|p2a: Avalugg\n|-damage|p2a: Avalugg|204/310\n|-boost|p1a: Lurantis|atk|1\n|-boost|p1a: Lurantis|def|1\n|move|p2a: Avalugg|Avalanche|p1a: Lurantis\n|-supereffective|p1a: Lurantis\n|-damage|p1a: Lurantis|28/100\n|\n|-heal|p1a: Lurantis|34/100|[from] item: Leftovers\n|upkeep\n|turn|7\n|inactive|Time left: 300 sec this turn | 300 sec total\n|\n|t:|1783569370\n|switch|p2a: Iron Jugulis|Iron Jugulis, L77|271/271\n|move|p1a: Lurantis|Leaf Storm|p2a: Iron Jugulis\n|-resisted|p2a: Iron Jugulis\n|-damage|p2a: Iron Jugulis|125/271\n|-boost|p1a: Lurantis|spa|2\n|\n|-heal|p1a: Lurantis|40/100|[from] item: Leftovers\n|upkeep\n|turn|8\n|inactive|Time left: 300 sec this turn | 300 sec total\n|\n|t:|1783569371\n|-terastallize|p1a: Lurantis|Fighting\n|move|p2a: Iron Jugulis|Hurricane|p1a: Lurantis|[miss]\n|-miss|p2a: Iron Jugulis|p1a: Lurantis\n|move|p1a: Lurantis|Superpower|p2a: Iron Jugulis\n|-damage|p2a: Iron Jugulis|0 fnt\n|-boost|p1a: Lurantis|atk|1\n|-boost|p1a: Lurantis|def|1\n|faint|p2a: Iron Jugulis\n|-end|p2a: Iron Jugulis|Quark Drive|[silent]\n|\n|-heal|p1a: Lurantis|46/100|[from] item: Leftovers\n|upkeep\n|inactive|Time left: 300 sec this turn | 300 sec total | 5 sec grace\n|\n|t:|1783569372\n|switch|p2a: Basculin|Basculin, L86, M|261/261\n|-activate|p2a: Basculin|move: Sticky Web\n|-unboost|p2a: Basculin|spe|1\n|turn|9\n|inactive|Time left: 300 sec this turn | 300 sec total\n|\n|t:|1783569373\n|switch|p1a: Lumineon|Lumineon, L93, F|100/100\n|-terastallize|p2a: Basculin|Water\n|move|p2a: Basculin|Wave Crash|p1a: Lumineon\n|-ability|p1a: Lumineon|Storm Drain|boost\n|-boost|p1a: Lumineon|spa|1\n|\n|upkeep\n|turn|10\n|inactive|Time left: 300 sec this turn | 300 sec total\n|\n|t:|1783569374\n|switch|p2a: Cryogonal|Cryogonal, L89|287/287\n|move|p1a: Lumineon|Hydro Pump|p2a: Cryogonal\n|-damage|p2a: Cryogonal|173/287\n|\n|upkeep\n|turn|11\n|inactive|Time left: 300 sec this turn | 300 sec total\n|\n|t:|1783569374\n|move|p2a: Cryogonal|Rapid Spin|p1a: Lumineon\n|-damage|p1a: Lumineon|90/100\n|-boost|p2a: Cryogonal|spe|1\n|-sideend|p2: p0y2629ab37|Sticky Web|[from] move: Rapid Spin|[of] p2a: Cryogonal\n|move|p1a: Lumineon|U-turn|p2a: Cryogonal\n|-damage|p2a: Cryogonal|107/287\n|\n|t:|1783569375\n|switch|p1a: Lurantis|Lurantis, L87, M, tera:Fighting|46/100|[from] U-turn\n|\n|-heal|p1a: Lurantis|52/100|[from] item: Leftovers\n|upkeep\n|turn|12\n|inactive|Time left: 300 sec this turn | 300 sec total\n|\n|t:|1783569376\n|move|p2a: Cryogonal|Ice Beam|p1a: Lurantis\n|-damage|p1a: Lurantis|14/100\n|move|p1a: Lurantis|Superpower|p2a: Cryogonal\n|-supereffective|p2a: Cryogonal\n|-damage|p2a: Cryogonal|0 fnt\n|-boost|p1a: Lurantis|atk|1\n|-boost|p1a: Lurantis|def|1\n|faint|p2a: Cryogonal\n|\n|-heal|p1a: Lurantis|20/100|[from] item: Leftovers\n|upkeep\n|inactive|Time left: 300 sec this turn | 300 sec total | 5 sec grace\n|\n|t:|1783569377\n|switch|p2a: Gallade|Gallade, L80, M|240/240\n|turn|13\n|inactive|Time left: 300 sec this turn | 300 sec total\n|\n|t:|1783569378\n|switch|p1a: Sableye|Sableye, L88, M|48/100\n|move|p2a: Gallade|Leaf Blade|p1a: Sableye\n|-damage|p1a: Sableye|0 fnt\n|faint|p1a: Sableye\n|\n|upkeep\n|\n|t:|1783569378\n|switch|p1a: Hitmonchan|Hitmonchan, L87, M|100/100\n|turn|14\n|inactive|Time left: 300 sec this turn | 300 sec total\n|\n|t:|1783569379\n|move|p1a: Hitmonchan|Knock Off|p2a: Gallade\n|-damage|p2a: Gallade|104/240\n|-enditem|p2a: Gallade|Choice Band|[from] move: Knock Off|[of] p1a: Hitmonchan\n|-damage|p1a: Hitmonchan|91/100|[from] item: Life Orb\n|move|p2a: Gallade|Leaf Blade|p1a: Hitmonchan\n|-damage|p1a: Hitmonchan|39/100\n|\n|upkeep\n|turn|15\n|inactive|Time left: 300 sec this turn | 300 sec total\n|\n|t:|1783569380\n|move|p1a: Hitmonchan|Ice Punch|p2a: Gallade\n|-damage|p2a: Gallade|0 fnt\n|faint|p2a: Gallade\n|-damage|p1a: Hitmonchan|30/100|[from] item: Life Orb\n|\n|upkeep\n|inactive|Time left: 300 sec this turn | 300 sec total | 5 sec grace\n|\n|t:|1783569381\n|switch|p2a: Basculin|Basculin, L86, M, tera:Water|261/261\n|turn|16\n|inactive|Time left: 300 sec this turn | 300 sec total\n|\n|t:|1783569382\n|switch|p1a: Lumineon|Lumineon, L93, F|90/100\n|move|p2a: Basculin|Double-Edge|p1a: Lumineon\n|-damage|p1a: Lumineon|47/100\n|-damage|p2a: Basculin|221/261|[from] Recoil\n|\n|upkeep\n|turn|17\n|inactive|Time left: 300 sec this turn | 300 sec total\n|\n|t:|1783569383\n|move|p1a: Lumineon|U-turn|p2a: Basculin\n|-damage|p2a: Basculin|162/261\n|\n|t:|1783569384\n|switch|p1a: Cetitan|Cetitan, L82, F|100/100|[from] U-turn\n|move|p2a: Basculin|Double-Edge|p1a: Cetitan\n|-damage|p1a: Cetitan|59/100\n|-damage|p2a: Basculin|105/261|[from] Recoil\n|\n|upkeep\n|turn|18\n|inactive|Time left: 300 sec this turn | 300 sec total\n|\n|t:|1783569385\n|move|p2a: Basculin|Double-Edge|p1a: Cetitan\n|-damage|p1a: Cetitan|21/100\n|-damage|p2a: Basculin|54/261|[from] Recoil\n|move|p1a: Cetitan|Superpower|p2a: Basculin\n|-damage|p2a: Basculin|0 fnt\n|-unboost|p1a: Cetitan|atk|1\n|-unboost|p1a: Cetitan|def|1\n|faint|p2a: Basculin\n|-damage|p1a: Cetitan|11/100|[from] item: Life Orb\n|\n|upkeep\n|inactive|Time left: 300 sec this turn | 300 sec total | 5 sec grace\n|\n|t:|1783569386\n|switch|p2a: Avalugg|Avalugg, L88, F|204/310\n|turn|19\n|inactive|Time left: 300 sec this turn | 300 sec total\n|\n|t:|1783569387\n|move|p1a: Cetitan|Superpower|p2a: Avalugg\n|-supereffective|p2a: Avalugg\n|-damage|p2a: Avalugg|118/310\n|-unboost|p1a: Cetitan|atk|1\n|-unboost|p1a: Cetitan|def|1\n|-damage|p1a: Cetitan|1/100|[from] item: Life Orb\n|move|p2a: Avalugg|Recover|p2a: Avalugg\n|-heal|p2a: Avalugg|273/310\n|\n|upkeep\n|turn|20\n|inactive|Time left: 300 sec this turn | 300 sec total\n|\n|t:|1783569388\n|move|p1a: Cetitan|Superpower|p2a: Avalugg\n|-supereffective|p2a: Avalugg\n|-damage|p2a: Avalugg|216/310\n|-unboost|p1a: Cetitan|atk|1\n|-unboost|p1a: Cetitan|def|1\n|-damage|p1a: Cetitan|0 fnt|[from] item: Life Orb\n|faint|p1a: Cetitan\n|move|p2a: Avalugg|Curse|p2a: Avalugg\n|-unboost|p2a: Avalugg|spe|1\n|-boost|p2a: Avalugg|atk|1\n|-boost|p2a: Avalugg|def|1\n|\n|upkeep\n|\n|t:|1783569389\n|switch|p1a: Lurantis|Lurantis, L87, M, tera:Fighting|20/100\n|turn|21\n|inactive|Time left: 300 sec this turn | 300 sec total\n|\n|t:|1783569390\n|move|p1a: Lurantis|Leaf Storm|p2a: Avalugg\n|-damage|p2a: Avalugg|36/310\n|-boost|p1a: Lurantis|spa|2\n|move|p2a: Avalugg|Recover|p2a: Avalugg\n|-heal|p2a: Avalugg|191/310\n|\n|-heal|p1a: Lurantis|26/100|[from] item: Leftovers\n|upkeep\n|turn|22\n|inactive|Time left: 300 sec this turn | 300 sec total\n|\n|t:|1783569391\n|move|p1a: Lurantis|Leaf Storm|p2a: Avalugg\n|-damage|p2a: Avalugg|0 fnt\n|-boost|p1a: Lurantis|spa|2\n|faint|p2a: Avalugg\n|\n|win|p0x2629b127", "uploadtime": 1783569391, "views": 0, "rating": 0, "private": 0, "password": null, "_winner": "p0x2629b127", "_our_name": "p0y2629ab37"}