{"id": "battle-gen9randombattle-814", "formatid": "gen9randombattle", "format": "[Gen 9] Random Battle", "players": ["p0x814c4e5", "p0y814d675"], "log": "|init|battle\n|title|p0x814c4e5 vs. p0y814d675\n|j|\u2606p0x814c4e5\n|j|\u2606p0y814d675\n|t:|1783548593\n|gametype|singles\n|player|p1|p0x814c4e5|265|\n|player|p2|p0y814d675|265|\n|gen|9\n|tier|[Gen 9] Random Battle\n|rule|Species Clause: Limit one of each Pok\u00e9mon\n|rule|HP Percentage Mod: HP is shown in percentages\n|rule|Sleep Clause Mod: Limit one foe put to sleep\n|rule|Illusion Level Mod: Illusion disguises the Pok\u00e9mon's true level\n|\n|t:|1783548593\n|teamsize|p1|6\n|teamsize|p2|6\n|start\n|switch|p1a: Glaceon|Glaceon, L94, M|275/275\n|switch|p2a: Annihilape|Annihilape, L76, F|100/100\n|turn|1\n|inactive|Battle timer is ON: inactive players will automatically lose when time's up. (requested by p0y814d675)\n|inactive|Time left: 300 sec this turn | 300 sec total | 60 sec grace\n|inactive|p0x814c4e5 also wants the timer to be on.\n|\n|t:|1783548594\n|switch|p2a: Luxray|Luxray, L88, F|100/100\n|move|p1a: Glaceon|Freeze-Dry|p2a: Luxray\n|-damage|p2a: Luxray|58/100\n|\n|-status|p2a: Luxray|brn|[from] item: Flame Orb\n|upkeep\n|turn|2\n|inactive|Time left: 300 sec this turn | 300 sec total\n|\n|t:|1783548595\n|switch|p2a: Annihilape|Annihilape, L76, F|100/100\n|move|p1a: Glaceon|Freeze-Dry|p2a: Annihilape\n|-damage|p2a: Annihilape|61/100\n|\n|upkeep\n|turn|3\n|inactive|Time left: 300 sec this turn | 300 sec total\n|\n|t:|1783548596\n|move|p2a: Annihilape|Drain Punch|p1a: Glaceon\n|-supereffective|p1a: Glaceon\n|-damage|p1a: Glaceon|159/275\n|-heal|p2a: Annihilape|81/100|[from] drain|[of] p1a: Glaceon\n|move|p1a: Glaceon|Freeze-Dry|p2a: Annihilape\n|-damage|p2a: Annihilape|38/100\n|\n|upkeep\n|turn|4\n|inactive|Time left: 300 sec this turn | 300 sec total\n|\n|t:|1783548598\n|move|p2a: Annihilape|Drain Punch|p1a: Glaceon\n|-supereffective|p1a: Glaceon\n|-crit|p1a: Glaceon\n|-damage|p1a: Glaceon|0 fnt\n|-heal|p2a: Annihilape|65/100|[from] drain|[of] p1a: Glaceon\n|faint|p1a: Glaceon\n|\n|upkeep\n|inactive|Time left: 300 sec this turn | 300 sec total | 5 sec grace\n|\n|t:|1783548599\n|switch|p1a: Kyogre|Kyogre, L71|259/259\n|-weather|RainDance|[from] ability: Drizzle|[of] p1a: Kyogre\n|turn|5\n|inactive|Time left: 300 sec this turn | 300 sec total\n|\n|t:|1783548600\n|switch|p2a: Trevenant|Trevenant, L89, F|100/100\n|move|p1a: Kyogre|Water Spout|p2a: Trevenant\n|-resisted|p2a: Trevenant\n|-damage|p2a: Trevenant|56/100\n|\n|-weather|RainDance|[upkeep]\n|upkeep\n|turn|6\n|inactive|Time left: 300 sec this turn | 300 sec total\n|\n|t:|1783548601\n|move|p1a: Kyogre|Water Spout|p2a: Trevenant\n|-resisted|p2a: Trevenant\n|-damage|p2a: Trevenant|12/100\n|move|p2a: Trevenant|Horn Leech|p1a: Kyogre\n|-supereffective|p1a: Kyogre\n|-damage|p1a: Kyogre|0 fnt\n|-heal|p2a: Trevenant|56/100|[from] drain|[of] p1a: Kyogre\n|faint|p1a: Kyogre\n|-damage|p2a: Trevenant|46/100|[from] item: Life Orb\n|\n|-weather|RainDance|[upkeep]\n|upkeep\n|inactive|Time left: 300 sec this turn | 300 sec total | 5 sec grace\n|\n|t:|1783548602\n|switch|p1a: Armarouge|Armarouge, L80, M|267/267\n|turn|7\n|inactive|Time left: 300 sec this turn | 300 sec total\n|\n|t:|1783548603\n|move|p1a: Armarouge|Meteor Beam||[still]\n|-prepare|p1a: Armarouge|Meteor Beam\n|-boost|p1a: Armarouge|spa|1\n|-enditem|p1a: Armarouge|Power Herb\n|-anim|p1a: Armarouge|Meteor Beam|p2a: Trevenant\n|-damage|p2a: Trevenant|0 fnt\n|faint|p2a: Trevenant\n|\n|-weather|RainDance|[upkeep]\n|upkeep\n|\n|t:|1783548604\n|switch|p2a: Salamence|Salamence, L77, M|100/100\n|-ability|p2a: Salamence|Intimidate|boost\n|-unboost|p1a: Armarouge|atk|1\n|turn|8\n|inactive|Time left: 300 sec this turn | 300 sec total\n|\n|t:|1783548605\n|move|p2a: Salamence|Outrage|p1a: Armarouge\n|-damage|p1a: Armarouge|141/267\n|-ability|p1a: Armarouge|Weak Armor|boost\n|-unboost|p1a: Armarouge|def|1\n|-boost|p1a: Armarouge|spe|2\n|move|p1a: Armarouge|Psyshock|p2a: Salamence\n|-damage|p2a: Salamence|43/100\n|\n|-weather|RainDance|[upkeep]\n|upkeep\n|turn|9\n|inactive|Time left: 300 sec this turn | 300 sec total\n|\n|t:|1783548607\n|move|p1a: Armarouge|Psyshock|p2a: Salamence\n|-damage|p2a: Salamence|0 fnt\n|faint|p2a: Salamence\n|\n|-weather|none\n|upkeep\n|\n|t:|1783548608\n|switch|p2a: Haxorus|Haxorus, L77, F|100/100\n|-ability|p2a: Haxorus|Mold Breaker\n|turn|10\n|inactive|Time left: 300 sec this turn | 300 sec total\n|\n|t:|1783548609\n|move|p1a: Armarouge|Armor Cannon|p2a: Haxorus\n|-resisted|p2a: Haxorus\n|-damage|p2a: Haxorus|43/100\n|-unboost|p1a: Armarouge|def|1\n|-unboost|p1a: Armarouge|spd|1\n|move|p2a: Haxorus|Scale Shot|p1a: Armarouge\n|-damage|p1a: Armarouge|77/267\n|-ability|p1a: Armarouge|Weak Armor|boost\n|-unboost|p1a: Armarouge|def|1\n|-boost|p1a: Armarouge|spe|2\n|-damage|p1a: Armarouge|0 fnt\n|faint|p1a: Armarouge\n|-hitcount|p1: Armarouge|2\n|-unboost|p2a: Haxorus|def|1\n|-boost|p2a: Haxorus|spe|1\n|\n|upkeep\n|inactive|Time left: 300 sec this turn | 300 sec total | 5 sec grace\n|\n|t:|1783548610\n|switch|p1a: Mimikyu|Mimikyu, L79, M|216/216\n|turn|11\n|inactive|Time left: 300 sec this turn | 300 sec total\n|\n|t:|1783548611\n|move|p2a: Haxorus|Iron Head|p1a: Mimikyu\n|-supereffective|p1a: Mimikyu\n|-damage|p1a: Mimikyu|70/216\n|cant|p1a: Mimikyu|flinch\n|\n|upkeep\n|turn|12\n|inactive|Time left: 300 sec this turn | 300 sec total\n|\n|t:|1783548612\n|move|p2a: Haxorus|Iron Head|p1a: Mimikyu\n|-supereffective|p1a: Mimikyu\n|-damage|p1a: Mimikyu|0 fnt\n|faint|p1a: Mimikyu\n|\n|upkeep\n|inactive|Time left: 300 sec this turn | 300 sec total | 5 sec grace\n|\n|t:|1783548613\n|switch|p1a: Eelektross|Eelektross, L87, M|290/290\n|turn|13\n|inactive|Time left: 300 sec this turn | 300 sec total\n|\n|t:|1783548614\n|move|p2a: Haxorus|Earthquake|p1a: Eelektross\n|-supereffective|p1a: Eelektross\n|-damage|p1a: Eelektross|106/290\n|move|p1a: Eelektross|Coil|p1a: Eelektross\n|-boost|p1a: Eelektross|atk|1\n|-boost|p1a: Eelektross|def|1\n|-boost|p1a: Eelektross|accuracy|1\n|\n|-heal|p1a: Eelektross|124/290|[from] item: Leftovers\n|upkeep\n|turn|14\n|inactive|Time left: 300 sec this turn | 300 sec total\n|\n|t:|1783548615\n|move|p2a: Haxorus|Earthquake|p1a: Eelektross\n|-supereffective|p1a: Eelektross\n|-damage|p1a: Eelektross|8/290\n|move|p1a: Eelektross|Drain Punch|p2a: Haxorus\n|-damage|p2a: Haxorus|0 fnt\n|-heal|p1a: Eelektross|60/290|[from] drain|[of] p2a: Haxorus\n|faint|p2a: Haxorus\n|\n|-heal|p1a: Eelektross|78/290|[from] item: Leftovers\n|upkeep\n|\n|t:|1783548616\n|switch|p2a: Luxray|Luxray, L88, F|58/100 brn\n|turn|15\n|inactive|Time left: 300 sec this turn | 300 sec total\n|\n|t:|1783548617\n|move|p2a: Luxray|Facade|p1a: Eelektross\n|-damage|p1a: Eelektross|0 fnt\n|faint|p1a: Eelektross\n|\n|-damage|p2a: Luxray|52/100 brn|[from] brn\n|upkeep\n|inactive|Time left: 300 sec this turn | 300 sec total | 5 sec grace\n|\n|t:|1783548618\n|switch|p1a: Toxtricity|Toxtricity, L82, M|257/257\n|turn|16\n|inactive|Time left: 300 sec this turn | 300 sec total\n|\n|t:|1783548619\n|-terastallize|p2a: Luxray|Normal\n|move|p1a: Toxtricity|Boomburst|p2a: Luxray\n|-damage|p2a: Luxray|0 fnt\n|faint|p2a: Luxray\n|\n|upkeep\n|\n|t:|1783548620\n|switch|p2a: Deoxys|Deoxys-Attack, L72|100/100\n|-ability|p2a: Deoxys|Pressure\n|turn|17\n|inactive|Time left: 300 sec this turn | 300 sec total\n|\n|t:|1783548620\n|move|p2a: Deoxys|Psycho Boost|p1a: Toxtricity\n|-supereffective|p1a: Toxtricity\n|-damage|p1a: Toxtricity|0 fnt\n|-unboost|p2a: Deoxys|spa|2\n|faint|p1a: Toxtricity\n|-damage|p2a: Deoxys|91/100|[from] item: Life Orb\n|\n|win|p0y814d675", "uploadtime": 1783548620, "views": 0, "rating": 0, "private": 0, "password": null, "_winner": "p0y814d675", "_our_name": "p0x814c4e5"}