{"id": "battle-gen9randombattle-377", "formatid": "gen9randombattle", "format": "[Gen 9] Random Battle", "players": ["p0x377a2f5", "p0y377243e"], "log": "|init|battle\n|title|p0x377a2f5 vs. p0y377243e\n|j|\u2606p0x377a2f5\n|j|\u2606p0y377243e\n|t:|1783544032\n|gametype|singles\n|player|p1|p0x377a2f5|102|\n|player|p2|p0y377243e|266|\n|gen|9\n|tier|[Gen 9] Random Battle\n|rule|Species Clause: Limit one of each Pok\u00e9mon\n|rule|HP Percentage Mod: HP is shown in percentages\n|rule|Sleep Clause Mod: Limit one foe put to sleep\n|rule|Illusion Level Mod: Illusion disguises the Pok\u00e9mon's true level\n|\n|t:|1783544032\n|teamsize|p1|6\n|teamsize|p2|6\n|start\n|switch|p1a: Latias|Latias, L79, F|256/256\n|switch|p2a: Crawdaunt|Crawdaunt, L84, M|100/100\n|turn|1\n|inactive|Battle timer is ON: inactive players will automatically lose when time's up. (requested by p0y377243e)\n|inactive|Time left: 300 sec this turn | 300 sec total | 60 sec grace\n|inactive|p0x377a2f5 also wants the timer to be on.\n|\n|t:|1783544033\n|move|p1a: Latias|Draco Meteor|p2a: Crawdaunt\n|-damage|p2a: Crawdaunt|4/100\n|-unboost|p1a: Latias|spa|2\n|move|p2a: Crawdaunt|Knock Off|p1a: Latias\n|-supereffective|p1a: Latias\n|-damage|p1a: Latias|0 fnt\n|-enditem|p1a: Latias|Soul Dew|[from] move: Knock Off|[of] p2a: Crawdaunt\n|faint|p1a: Latias\n|\n|upkeep\n|inactive|Time left: 300 sec this turn | 300 sec total | 65 sec grace\n|\n|t:|1783544035\n|switch|p1a: Mabosstiff|Mabosstiff, L86, M|278/278\n|turn|2\n|inactive|Time left: 300 sec this turn | 300 sec total\n|\n|t:|1783544036\n|move|p1a: Mabosstiff|Crunch|p2a: Crawdaunt\n|-resisted|p2a: Crawdaunt\n|-damage|p2a: Crawdaunt|0 fnt\n|faint|p2a: Crawdaunt\n|\n|upkeep\n|\n|t:|1783544037\n|switch|p2a: Kleavor|Kleavor, L78, F|100/100\n|turn|3\n|inactive|Time left: 300 sec this turn | 300 sec total\n|\n|t:|1783544038\n|move|p1a: Mabosstiff|Crunch|p2a: Kleavor\n|-damage|p2a: Kleavor|56/100\n|-unboost|p2a: Kleavor|def|1\n|move|p2a: Kleavor|Stone Axe|p1a: Mabosstiff\n|-damage|p1a: Mabosstiff|118/278\n|-sidestart|p1: p0x377a2f5|move: Stealth Rock\n|\n|upkeep\n|turn|4\n|inactive|Time left: 300 sec this turn | 300 sec total\n|\n|t:|1783544039\n|switch|p2a: Shiftry|Shiftry, L89, F|100/100\n|move|p1a: Mabosstiff|Crunch|p2a: Shiftry\n|-resisted|p2a: Shiftry\n|-damage|p2a: Shiftry|59/100\n|\n|upkeep\n|turn|5\n|inactive|Time left: 300 sec this turn | 300 sec total\n|\n|t:|1783544040\n|move|p1a: Mabosstiff|Crunch|p2a: Shiftry\n|-resisted|p2a: Shiftry\n|-damage|p2a: Shiftry|37/100\n|move|p2a: Shiftry|Leaf Storm|p1a: Mabosstiff|[miss]\n|-miss|p2a: Shiftry|p1a: Mabosstiff\n|\n|upkeep\n|turn|6\n|inactive|Time left: 300 sec this turn | 300 sec total\n|\n|t:|1783544041\n|move|p1a: Mabosstiff|Crunch|p2a: Shiftry\n|-resisted|p2a: Shiftry\n|-damage|p2a: Shiftry|14/100\n|move|p2a: Shiftry|Leaf Storm|p1a: Mabosstiff\n|-damage|p1a: Mabosstiff|0 fnt\n|-unboost|p2a: Shiftry|spa|2\n|faint|p1a: Mabosstiff\n|-damage|p2a: Shiftry|4/100|[from] item: Life Orb\n|\n|upkeep\n|inactive|Time left: 300 sec this turn | 300 sec total | 5 sec grace\n|\n|t:|1783544042\n|switch|p1a: Garchomp|Garchomp, L74, F|282/282\n|-damage|p1a: Garchomp|265/282|[from] Stealth Rock\n|turn|7\n|inactive|Time left: 300 sec this turn | 300 sec total\n|\n|t:|1783544044\n|move|p2a: Shiftry|Sucker Punch|p1a: Garchomp\n|-damage|p1a: Garchomp|143/282\n|-damage|p2a: Shiftry|0 fnt|[from] ability: Rough Skin|[of] p1a: Garchomp\n|faint|p2a: Shiftry\n|move|p1a: Garchomp|Outrage|p2: Shiftry|[notarget]\n|-fail|p1a: Garchomp\n|\n|upkeep\n|\n|t:|1783544044\n|switch|p2a: Toedscruel|Toedscruel, L87, M|100/100\n|turn|8\n|inactive|Time left: 300 sec this turn | 300 sec total\n|\n|t:|1783544045\n|move|p2a: Toedscruel|Giga Drain|p1a: Garchomp\n|-damage|p1a: Garchomp|64/282\n|move|p1a: Garchomp|Outrage|p2a: Toedscruel\n|-damage|p2a: Toedscruel|48/100\n|\n|upkeep\n|turn|9\n|inactive|Time left: 300 sec this turn | 300 sec total\n|\n|t:|1783544046\n|move|p2a: Toedscruel|Earth Power|p1a: Garchomp\n|-damage|p1a: Garchomp|0 fnt\n|faint|p1a: Garchomp\n|\n|upkeep\n|inactive|Time left: 300 sec this turn | 300 sec total | 5 sec grace\n|\n|t:|1783544047\n|switch|p1a: Dusknoir|Dusknoir, L89, F|225/225\n|-damage|p1a: Dusknoir|197/225|[from] Stealth Rock\n|-item|p2a: Toedscruel|Assault Vest|[from] ability: Frisk|[of] p1a: Dusknoir\n|turn|10\n|inactive|Time left: 300 sec this turn | 300 sec total\n|\n|t:|1783544048\n|move|p2a: Toedscruel|Knock Off|p1a: Dusknoir\n|-supereffective|p1a: Dusknoir\n|-damage|p1a: Dusknoir|123/225\n|-enditem|p1a: Dusknoir|Leftovers|[from] move: Knock Off|[of] p2a: Toedscruel\n|move|p1a: Dusknoir|Poltergeist|p2a: Toedscruel\n|-activate|p2a: Toedscruel|move: Poltergeist|Assault Vest\n|-damage|p2a: Toedscruel|0 fnt\n|faint|p2a: Toedscruel\n|\n|upkeep\n|\n|t:|1783544049\n|switch|p2a: Kleavor|Kleavor, L78, F|56/100\n|turn|11\n|inactive|Time left: 300 sec this turn | 300 sec total\n|\n|t:|1783544050\n|move|p2a: Kleavor|Stone Axe|p1a: Dusknoir\n|-damage|p1a: Dusknoir|0 fnt\n|faint|p1a: Dusknoir\n|\n|upkeep\n|inactive|Time left: 300 sec this turn | 300 sec total | 5 sec grace\n|\n|t:|1783544051\n|switch|p1a: Granbull|Granbull, L88, M|302/302\n|-damage|p1a: Granbull|265/302|[from] Stealth Rock\n|-ability|p1a: Granbull|Intimidate|boost\n|-unboost|p2a: Kleavor|atk|1\n|turn|12\n|inactive|Time left: 300 sec this turn | 300 sec total\n|\n|t:|1783544052\n|move|p2a: Kleavor|Stone Axe|p1a: Granbull\n|-damage|p1a: Granbull|130/302\n|move|p1a: Granbull|Play Rough|p2a: Kleavor\n|-damage|p2a: Kleavor|1/100\n|\n|-heal|p1a: Granbull|148/302|[from] item: Leftovers\n|upkeep\n|turn|13\n|inactive|Time left: 300 sec this turn | 300 sec total\n|\n|t:|1783544054\n|move|p2a: Kleavor|Stone Axe|p1a: Granbull\n|-damage|p1a: Granbull|22/302\n|move|p1a: Granbull|Play Rough|p2a: Kleavor\n|-damage|p2a: Kleavor|0 fnt\n|faint|p2a: Kleavor\n|\n|-heal|p1a: Granbull|40/302|[from] item: Leftovers\n|upkeep\n|\n|t:|1783544055\n|switch|p2a: Raikou|Raikou, L81|100/100\n|-ability|p2a: Raikou|Pressure\n|turn|14\n|inactive|Time left: 300 sec this turn | 300 sec total\n|\n|t:|1783544056\n|move|p2a: Raikou|Shadow Ball|p1a: Granbull\n|-damage|p1a: Granbull|0 fnt\n|faint|p1a: Granbull\n|\n|upkeep\n|inactive|Time left: 300 sec this turn | 300 sec total | 5 sec grace\n|\n|t:|1783544057\n|switch|p1a: Enamorus|Enamorus-Therian, L83, F|259/259\n|-damage|p1a: Enamorus|195/259|[from] Stealth Rock\n|turn|15\n|inactive|Time left: 300 sec this turn | 300 sec total\n|\n|t:|1783544058\n|-terastallize|p1a: Enamorus|Ground\n|move|p2a: Raikou|Calm Mind|p2a: Raikou\n|-boost|p2a: Raikou|spa|1\n|-boost|p2a: Raikou|spd|1\n|move|p1a: Enamorus|Earth Power|p2a: Raikou\n|-supereffective|p2a: Raikou\n|-damage|p2a: Raikou|44/100\n|\n|-heal|p2a: Raikou|50/100|[from] item: Leftovers\n|upkeep\n|turn|16\n|inactive|Time left: 300 sec this turn | 300 sec total\n|\n|t:|1783544059\n|-terastallize|p2a: Raikou|Electric\n|move|p2a: Raikou|Shadow Ball|p1a: Enamorus\n|-damage|p1a: Enamorus|118/259\n|move|p1a: Enamorus|Agility|p1a: Enamorus\n|-boost|p1a: Enamorus|spe|2\n|\n|-heal|p2a: Raikou|56/100|[from] item: Leftovers\n|upkeep\n|turn|17\n|inactive|Time left: 300 sec this turn | 300 sec total\n|\n|t:|1783544060\n|move|p1a: Enamorus|Moonblast|p2a: Raikou\n|-damage|p2a: Raikou|28/100\n|-unboost|p2a: Raikou|spa|1\n|move|p2a: Raikou|Scald|p1a: Enamorus\n|-supereffective|p1a: Enamorus\n|-damage|p1a: Enamorus|4/259\n|-status|p1a: Enamorus|brn\n|-enditem|p1a: Enamorus|Weakness Policy\n|-boost|p1a: Enamorus|atk|2|[from] item: Weakness Policy\n|-boost|p1a: Enamorus|spa|2|[from] item: Weakness Policy\n|\n|-heal|p2a: Raikou|34/100|[from] item: Leftovers\n|-damage|p1a: Enamorus|0 fnt|[from] brn\n|faint|p1a: Enamorus\n|\n|win|p0y377243e", "uploadtime": 1783544060, "views": 0, "rating": 0, "private": 0, "password": null, "_winner": "p0y377243e", "_our_name": "p0x377a2f5"}