{"id": "battle-gen9randombattle-2165", "formatid": "gen9randombattle", "format": "[Gen 9] Random Battle", "players": ["p0x21652e83", "p0y2165eea3"], "log": "|init|battle\n|title|p0x21652e83 vs. p0y2165eea3\n|j|\u2606p0x21652e83\n|j|\u2606p0y2165eea3\n|t:|1783564232\n|gametype|singles\n|player|p1|p0x21652e83|265|\n|player|p2|p0y2165eea3|2|\n|gen|9\n|tier|[Gen 9] Random Battle\n|rule|Species Clause: Limit one of each Pok\u00e9mon\n|rule|HP Percentage Mod: HP is shown in percentages\n|rule|Sleep Clause Mod: Limit one foe put to sleep\n|rule|Illusion Level Mod: Illusion disguises the Pok\u00e9mon's true level\n|\n|t:|1783564232\n|teamsize|p1|6\n|teamsize|p2|6\n|start\n|switch|p1a: Mandibuzz|Mandibuzz, L85, F|326/326\n|switch|p2a: Primarina|Primarina, L83, F|100/100\n|turn|1\n|inactive|Battle timer is ON: inactive players will automatically lose when time's up. (requested by p0x21652e83)\n|inactive|p0y2165eea3 also wants the timer to be on.\n|\n|t:|1783564233\n|switch|p1a: Lapras|Lapras, L87, M|367/367\n|move|p2a: Primarina|Moonblast|p1a: Lapras\n|-damage|p1a: Lapras|264/367\n|\n|upkeep\n|turn|2\n|inactive|Time left: 300 sec this turn | 300 sec total\n|\n|t:|1783564234\n|move|p1a: Lapras|Freeze-Dry|p2a: Primarina\n|-supereffective|p2a: Primarina\n|-damage|p2a: Primarina|38/100\n|move|p2a: Primarina|Calm Mind|p2a: Primarina\n|-boost|p2a: Primarina|spa|1\n|-boost|p2a: Primarina|spd|1\n|\n|-heal|p2a: Primarina|44/100|[from] item: Leftovers\n|upkeep\n|turn|3\n|inactive|Time left: 300 sec this turn | 300 sec total\n|\n|t:|1783564235\n|move|p1a: Lapras|Freeze-Dry|p2a: Primarina\n|-supereffective|p2a: Primarina\n|-damage|p2a: Primarina|1/100\n|move|p2a: Primarina|Draining Kiss|p1a: Lapras\n|-damage|p1a: Lapras|176/367\n|-heal|p2a: Primarina|26/100|[from] drain|[of] p1a: Lapras\n|\n|-heal|p2a: Primarina|32/100|[from] item: Leftovers\n|upkeep\n|turn|4\n|inactive|Time left: 300 sec this turn | 300 sec total\n|\n|t:|1783564236\n|move|p1a: Lapras|Freeze-Dry|p2a: Primarina\n|-supereffective|p2a: Primarina\n|-damage|p2a: Primarina|0 fnt\n|faint|p2a: Primarina\n|\n|upkeep\n|\n|t:|1783564236\n|switch|p2a: Iron Moth|Iron Moth, L78|100/100\n|turn|5\n|inactive|Time left: 300 sec this turn | 300 sec total\n|\n|t:|1783564237\n|move|p2a: Iron Moth|Fire Blast|p1a: Lapras\n|-damage|p1a: Lapras|0 fnt\n|faint|p1a: Lapras\n|\n|upkeep\n|inactive|Time left: 300 sec this turn | 300 sec total | 5 sec grace\n|\n|t:|1783564238\n|switch|p1a: Bruxish|Bruxish, L85, F|254/254\n|turn|6\n|inactive|Time left: 300 sec this turn | 300 sec total\n|\n|t:|1783564239\n|-end|p2a: Iron Moth|Quark Drive|[silent]\n|switch|p2a: Copperajah|Copperajah, L86, F|100/100\n|move|p1a: Bruxish|Psychic Fangs|p2a: Copperajah\n|-resisted|p2a: Copperajah\n|-damage|p2a: Copperajah|68/100\n|-damage|p1a: Bruxish|229/254|[from] item: Life Orb\n|\n|upkeep\n|turn|7\n|inactive|Time left: 300 sec this turn | 300 sec total\n|\n|t:|1783564241\n|move|p1a: Bruxish|Swords Dance|p1a: Bruxish\n|-boost|p1a: Bruxish|atk|2\n|move|p2a: Copperajah|Knock Off|p1a: Bruxish\n|-supereffective|p1a: Bruxish\n|-damage|p1a: Bruxish|0 fnt\n|-enditem|p1a: Bruxish|Life Orb|[from] move: Knock Off|[of] p2a: Copperajah\n|faint|p1a: Bruxish\n|\n|upkeep\n|inactive|Time left: 300 sec this turn | 300 sec total | 5 sec grace\n|\n|t:|1783564242\n|switch|p1a: Blaziken|Blaziken, L76, F|247/247\n|turn|8\n|inactive|Time left: 300 sec this turn | 300 sec total\n|\n|t:|1783564243\n|switch|p2a: Iron Moth|Iron Moth, L78|100/100\n|move|p1a: Blaziken|Swords Dance|p1a: Blaziken\n|-boost|p1a: Blaziken|atk|2\n|\n|-ability|p1a: Blaziken|Speed Boost|boost\n|-boost|p1a: Blaziken|spe|1\n|upkeep\n|turn|9\n|inactive|Time left: 300 sec this turn | 300 sec total\n|\n|t:|1783564244\n|move|p1a: Blaziken|Knock Off|p2a: Iron Moth\n|-damage|p2a: Iron Moth|0 fnt\n|-enditem|p2a: Iron Moth|Choice Specs|[from] move: Knock Off|[of] p1a: Blaziken\n|faint|p2a: Iron Moth\n|-end|p2a: Iron Moth|Quark Drive|[silent]\n|-damage|p1a: Blaziken|223/247|[from] item: Life Orb\n|\n|-ability|p1a: Blaziken|Speed Boost|boost\n|-boost|p1a: Blaziken|spe|1\n|upkeep\n|\n|t:|1783564245\n|switch|p2a: Giratina|Giratina, L75|100/100\n|-ability|p2a: Giratina|Pressure\n|turn|10\n|inactive|Time left: 300 sec this turn | 300 sec total\n|\n|t:|1783564245\n|-terastallize|p2a: Giratina|Fairy\n|move|p1a: Blaziken|Knock Off|p2a: Giratina\n|-resisted|p2a: Giratina\n|-damage|p2a: Giratina|77/100\n|-enditem|p2a: Giratina|Leftovers|[from] move: Knock Off|[of] p1a: Blaziken\n|-damage|p1a: Blaziken|199/247|[from] item: Life Orb\n|move|p2a: Giratina|Shadow Ball|p1a: Blaziken\n|-damage|p1a: Blaziken|102/247\n|\n|-ability|p1a: Blaziken|Speed Boost|boost\n|-boost|p1a: Blaziken|spe|1\n|upkeep\n|turn|11\n|inactive|Time left: 300 sec this turn | 300 sec total\n|\n|t:|1783564246\n|-terastallize|p1a: Blaziken|Dark\n|move|p1a: Blaziken|Swords Dance|p1a: Blaziken\n|-boost|p1a: Blaziken|atk|2\n|move|p2a: Giratina|Shadow Ball|p1a: Blaziken\n|-resisted|p1a: Blaziken\n|-damage|p1a: Blaziken|54/247\n|-unboost|p1a: Blaziken|spd|1\n|\n|-ability|p1a: Blaziken|Speed Boost|boost\n|-boost|p1a: Blaziken|spe|1\n|upkeep\n|turn|12\n|inactive|Time left: 300 sec this turn | 300 sec total\n|\n|t:|1783564247\n|move|p1a: Blaziken|Close Combat|p2a: Giratina\n|-resisted|p2a: Giratina\n|-damage|p2a: Giratina|22/100\n|-unboost|p1a: Blaziken|def|1\n|-unboost|p1a: Blaziken|spd|1\n|-damage|p1a: Blaziken|30/247|[from] item: Life Orb\n|move|p2a: Giratina|Shadow Ball|p1a: Blaziken\n|-resisted|p1a: Blaziken\n|-damage|p1a: Blaziken|0 fnt\n|faint|p1a: Blaziken\n|\n|upkeep\n|inactive|Time left: 300 sec this turn | 300 sec total | 5 sec grace\n|\n|t:|1783564248\n|switch|p1a: Tauros|Tauros-Paldea-Blaze, L81, M|252/252\n|turn|13\n|inactive|Time left: 300 sec this turn | 300 sec total\n|\n|t:|1783564249\n|switch|p2a: Lumineon|Lumineon, L93, F|100/100\n|move|p1a: Tauros|Raging Bull|p2a: Lumineon\n|-resisted|p2a: Lumineon\n|-damage|p2a: Lumineon|83/100\n|\n|upkeep\n|turn|14\n|inactive|Time left: 300 sec this turn | 300 sec total\n|\n|t:|1783564250\n|switch|p1a: Comfey|Comfey, L85, M|225/225\n|move|p2a: Lumineon|Hydro Pump|p1a: Comfey\n|-damage|p1a: Comfey|112/225\n|-damage|p2a: Lumineon|74/100|[from] item: Life Orb\n|\n|-heal|p1a: Comfey|126/225|[from] item: Leftovers\n|upkeep\n|turn|15\n|inactive|Time left: 300 sec this turn | 300 sec total\n|\n|t:|1783564251\n|switch|p2a: Copperajah|Copperajah, L86, F|68/100\n|move|p1a: Comfey|Giga Drain|p2a: Copperajah\n|-resisted|p2a: Copperajah\n|-damage|p2a: Copperajah|60/100\n|-heal|p1a: Comfey|141/225|[from] drain|[of] p2a: Copperajah\n|\n|-heal|p1a: Comfey|155/225|[from] item: Leftovers\n|upkeep\n|turn|16\n|inactive|Time left: 300 sec this turn | 300 sec total\n|\n|t:|1783564252\n|switch|p1a: Tauros|Tauros-Paldea-Blaze, L81, M|252/252\n|move|p2a: Copperajah|Heavy Slam|p1a: Tauros\n|-resisted|p1a: Tauros\n|-damage|p1a: Tauros|131/252\n|\n|upkeep\n|turn|17\n|inactive|Time left: 300 sec this turn | 300 sec total\n|\n|t:|1783564253\n|switch|p2a: Lumineon|Lumineon, L93, F|74/100\n|move|p1a: Tauros|Close Combat|p2a: Lumineon\n|-damage|p2a: Lumineon|26/100\n|-unboost|p1a: Tauros|def|1\n|-unboost|p1a: Tauros|spd|1\n|\n|upkeep\n|turn|18\n|inactive|Time left: 300 sec this turn | 300 sec total\n|\n|t:|1783564253\n|switch|p1a: Comfey|Comfey, L85, M|155/225\n|move|p2a: Lumineon|Hydro Pump|p1a: Comfey\n|-damage|p1a: Comfey|38/225\n|-damage|p2a: Lumineon|17/100|[from] item: Life Orb\n|\n|-heal|p1a: Comfey|52/225|[from] item: Leftovers\n|upkeep\n|turn|19\n|inactive|Time left: 300 sec this turn | 300 sec total\n|\n|t:|1783564254\n|switch|p2a: Copperajah|Copperajah, L86, F|60/100\n|move|p1a: Comfey|Giga Drain|p2a: Copperajah\n|-resisted|p2a: Copperajah\n|-damage|p2a: Copperajah|51/100\n|-heal|p1a: Comfey|67/225|[from] drain|[of] p2a: Copperajah\n|\n|-heal|p1a: Comfey|81/225|[from] item: Leftovers\n|upkeep\n|turn|20\n|inactive|Time left: 300 sec this turn | 300 sec total\n|\n|t:|1783564256\n|switch|p1a: Tauros|Tauros-Paldea-Blaze, L81, M|131/252\n|move|p2a: Copperajah|Stone Edge|p1a: Tauros\n|-damage|p1a: Tauros|10/252\n|-enditem|p1a: Tauros|Sitrus Berry|[eat]\n|-heal|p1a: Tauros|73/252|[from] item: Sitrus Berry\n|\n|upkeep\n|turn|21\n|inactive|Time left: 300 sec this turn | 300 sec total\n|\n|t:|1783564257\n|switch|p2a: Giratina|Giratina, L75, tera:Fairy|22/100\n|-ability|p2a: Giratina|Pressure\n|move|p1a: Tauros|Raging Bull|p2a: Giratina\n|-damage|p2a: Giratina|0 fnt\n|faint|p2a: Giratina\n|\n|-activate|p1a: Tauros|ability: Cud Chew\n|-enditem|p1a: Tauros|Sitrus Berry|[eat]\n|-heal|p1a: Tauros|136/252|[from] item: Sitrus Berry\n|upkeep\n|\n|t:|1783564258\n|switch|p2a: Lumineon|Lumineon, L93, F|17/100\n|turn|22\n|inactive|Time left: 300 sec this turn | 300 sec total\n|\n|t:|1783564259\n|switch|p1a: Mandibuzz|Mandibuzz, L85, F|326/326\n|move|p2a: Lumineon|Hydro Pump|p1a: Mandibuzz|[miss]\n|-miss|p2a: Lumineon|p1a: Mandibuzz\n|\n|upkeep\n|turn|23\n|inactive|Time left: 300 sec this turn | 300 sec total\n|\n|t:|1783564260\n|move|p2a: Lumineon|Alluring Voice|p1a: Mandibuzz\n|-supereffective|p1a: Mandibuzz\n|-damage|p1a: Mandibuzz|188/326\n|-damage|p2a: Lumineon|7/100|[from] item: Life Orb\n|move|p1a: Mandibuzz|Foul Play|p2a: Lumineon\n|-damage|p2a: Lumineon|0 fnt\n|faint|p2a: Lumineon\n|\n|upkeep\n|\n|t:|1783564261\n|switch|p2a: Copperajah|Copperajah, L86, F|51/100\n|turn|24\n|inactive|Time left: 300 sec this turn | 300 sec total\n|\n|t:|1783564262\n|switch|p1a: Tauros|Tauros-Paldea-Blaze, L81, M|136/252\n|move|p2a: Copperajah|Stone Edge|p1a: Tauros\n|-damage|p1a: Tauros|10/252\n|\n|upkeep\n|turn|25\n|inactive|Time left: 300 sec this turn | 300 sec total\n|\n|t:|1783564263\n|switch|p2a: Dialga|Dialga, L73|100/100\n|-ability|p2a: Dialga|Pressure\n|move|p1a: Tauros|Raging Bull|p2a: Dialga\n|-damage|p2a: Dialga|70/100\n|\n|upkeep\n|turn|26\n|inactive|Time left: 300 sec this turn | 300 sec total\n|\n|t:|1783564264\n|move|p1a: Tauros|Close Combat|p2a: Dialga\n|-supereffective|p2a: Dialga\n|-damage|p2a: Dialga|0 fnt\n|-unboost|p1a: Tauros|def|1\n|-unboost|p1a: Tauros|spd|1\n|faint|p2a: Dialga\n|\n|upkeep\n|\n|t:|1783564265\n|switch|p2a: Copperajah|Copperajah, L86, F|51/100\n|turn|27\n|inactive|Time left: 300 sec this turn | 300 sec total\n|\n|t:|1783564266\n|move|p1a: Tauros|Raging Bull|p2a: Copperajah\n|-supereffective|p2a: Copperajah\n|-damage|p2a: Copperajah|0 fnt\n|faint|p2a: Copperajah\n|\n|win|p0x21652e83", "uploadtime": 1783564266, "views": 0, "rating": 0, "private": 0, "password": null, "_winner": "p0x21652e83", "_our_name": "p0x21652e83"}