{"id": "battle-gen9randombattle-124", "formatid": "gen9randombattle", "format": "[Gen 9] Random Battle", "players": ["p0x124a225", "p0y1246d1f"], "log": "|init|battle\n|title|p0x124a225 vs. p0y1246d1f\n|j|\u2606p0x124a225\n|j|\u2606p0y1246d1f\n|t:|1783540596\n|gametype|singles\n|player|p1|p0x124a225|1|\n|player|p2|p0y1246d1f|169|\n|gen|9\n|tier|[Gen 9] Random Battle\n|rule|Species Clause: Limit one of each Pok\u00e9mon\n|rule|HP Percentage Mod: HP is shown in percentages\n|rule|Sleep Clause Mod: Limit one foe put to sleep\n|rule|Illusion Level Mod: Illusion disguises the Pok\u00e9mon's true level\n|\n|t:|1783540596\n|teamsize|p1|6\n|teamsize|p2|6\n|start\n|switch|p1a: Walking Wake|Walking Wake, L79|286/286\n|switch|p2a: Weezing|Weezing, L88, M|100/100\n|turn|1\n|inactive|Battle timer is ON: inactive players will automatically lose when time's up. (requested by p0y1246d1f)\n|inactive|Time left: 300 sec this turn | 300 sec total | 60 sec grace\n|inactive|p0x124a225 also wants the timer to be on.\n|\n|t:|1783540597\n|move|p1a: Walking Wake|Hydro Steam|p2a: Weezing\n|-damage|p2a: Weezing|50/100\n|-damage|p1a: Walking Wake|258/286|[from] item: Life Orb\n|move|p2a: Weezing|Sludge Bomb|p1a: Walking Wake\n|-damage|p1a: Walking Wake|161/286\n|\n|-heal|p2a: Weezing|56/100|[from] item: Leftovers\n|upkeep\n|turn|2\n|inactive|Time left: 300 sec this turn | 300 sec total\n|\n|t:|1783540599\n|move|p1a: Walking Wake|Hydro Steam|p2a: Weezing\n|-damage|p2a: Weezing|2/100\n|-damage|p1a: Walking Wake|133/286|[from] item: Life Orb\n|move|p2a: Weezing|Toxic Spikes|p1a: Walking Wake\n|-sidestart|p1: p0x124a225|move: Toxic Spikes\n|\n|-heal|p2a: Weezing|8/100|[from] item: Leftovers\n|upkeep\n|turn|3\n|inactive|Time left: 300 sec this turn | 300 sec total\n|\n|t:|1783540600\n|move|p1a: Walking Wake|Hydro Steam|p2a: Weezing\n|-damage|p2a: Weezing|0 fnt\n|faint|p2a: Weezing\n|-damage|p1a: Walking Wake|105/286|[from] item: Life Orb\n|\n|upkeep\n|\n|t:|1783540600\n|switch|p2a: Meowstic|Meowstic-F, L89, F|100/100\n|turn|4\n|inactive|Time left: 300 sec this turn | 300 sec total\n|\n|t:|1783540601\n|move|p2a: Meowstic|Nasty Plot|p2a: Meowstic\n|-boost|p2a: Meowstic|spa|2\n|move|p1a: Walking Wake|Draco Meteor|p2a: Meowstic\n|-crit|p2a: Meowstic\n|-damage|p2a: Meowstic|0 fnt\n|-unboost|p1a: Walking Wake|spa|2\n|faint|p2a: Meowstic\n|-damage|p1a: Walking Wake|77/286|[from] item: Life Orb\n|\n|upkeep\n|\n|t:|1783540602\n|switch|p2a: Archaludon|Archaludon, L78, F|100/100\n|turn|5\n|inactive|Time left: 300 sec this turn | 300 sec total\n|\n|t:|1783540604\n|move|p1a: Walking Wake|Draco Meteor|p2a: Archaludon\n|-damage|p2a: Archaludon|51/100\n|-unboost|p1a: Walking Wake|spa|2\n|-ability|p2a: Archaludon|Stamina|boost\n|-boost|p2a: Archaludon|def|1\n|-damage|p1a: Walking Wake|49/286|[from] item: Life Orb\n|move|p2a: Archaludon|Swords Dance|p2a: Archaludon\n|-boost|p2a: Archaludon|atk|2\n|\n|upkeep\n|turn|6\n|inactive|Time left: 300 sec this turn | 300 sec total\n|\n|t:|1783540605\n|move|p1a: Walking Wake|Draco Meteor|p2a: Archaludon\n|-damage|p2a: Archaludon|18/100\n|-unboost|p1a: Walking Wake|spa|2\n|-ability|p2a: Archaludon|Stamina|boost\n|-boost|p2a: Archaludon|def|1\n|-damage|p1a: Walking Wake|21/286|[from] item: Life Orb\n|move|p2a: Archaludon|Outrage|p1a: Walking Wake\n|-supereffective|p1a: Walking Wake\n|-damage|p1a: Walking Wake|0 fnt\n|faint|p1a: Walking Wake\n|-end|p1a: Walking Wake|Protosynthesis|[silent]\n|\n|upkeep\n|inactive|Time left: 300 sec this turn | 300 sec total | 5 sec grace\n|\n|t:|1783540606\n|switch|p1a: Iron Bundle|Iron Bundle, L78|215/215\n|-status|p1a: Iron Bundle|psn\n|turn|7\n|inactive|Time left: 300 sec this turn | 300 sec total\n|\n|t:|1783540607\n|move|p1a: Iron Bundle|Ice Beam|p2a: Archaludon\n|-damage|p2a: Archaludon|0 fnt\n|faint|p2a: Archaludon\n|\n|-damage|p1a: Iron Bundle|189/215 psn|[from] psn\n|upkeep\n|\n|t:|1783540608\n|switch|p2a: Crawdaunt|Crawdaunt, L84, M|100/100\n|turn|8\n|inactive|Time left: 300 sec this turn | 300 sec total\n|\n|t:|1783540609\n|move|p1a: Iron Bundle|Ice Beam|p2a: Crawdaunt\n|-resisted|p2a: Crawdaunt\n|-damage|p2a: Crawdaunt|60/100\n|move|p2a: Crawdaunt|Knock Off|p1a: Iron Bundle\n|-damage|p1a: Iron Bundle|0 fnt\n|-enditem|p1a: Iron Bundle|Choice Specs|[from] move: Knock Off|[of] p2a: Crawdaunt\n|faint|p1a: Iron Bundle\n|-end|p1a: Iron Bundle|Quark Drive|[silent]\n|\n|upkeep\n|inactive|Time left: 300 sec this turn | 300 sec total | 5 sec grace\n|\n|t:|1783540610\n|switch|p1a: Virizion|Virizion, L82|283/283\n|-status|p1a: Virizion|psn\n|turn|9\n|inactive|Time left: 300 sec this turn | 300 sec total\n|\n|t:|1783540611\n|switch|p2a: Braviary|Braviary-Hisui, L85, M|100/100\n|move|p1a: Virizion|Swords Dance|p1a: Virizion\n|-boost|p1a: Virizion|atk|2\n|\n|-damage|p1a: Virizion|248/283 psn|[from] psn\n|upkeep\n|turn|10\n|inactive|Time left: 300 sec this turn | 300 sec total\n|\n|t:|1783540612\n|-terastallize|p2a: Braviary|Psychic\n|move|p1a: Virizion|Stone Edge|p2a: Braviary\n|-damage|p2a: Braviary|46/100\n|-damage|p1a: Virizion|220/283 psn|[from] item: Life Orb\n|move|p2a: Braviary|Esper Wing|p1a: Virizion\n|-supereffective|p1a: Virizion\n|-damage|p1a: Virizion|0 fnt\n|-boost|p2a: Braviary|spe|1\n|faint|p1a: Virizion\n|\n|upkeep\n|inactive|Time left: 300 sec this turn | 300 sec total | 5 sec grace\n|\n|t:|1783540613\n|switch|p1a: Donphan|Donphan, L84, M|288/288\n|-status|p1a: Donphan|psn\n|turn|11\n|inactive|Time left: 300 sec this turn | 300 sec total\n|\n|t:|1783540614\n|move|p2a: Braviary|Esper Wing|p1a: Donphan\n|-damage|p1a: Donphan|130/288 psn\n|-boost|p2a: Braviary|spe|1\n|move|p1a: Donphan|Knock Off|p2a: Braviary\n|-supereffective|p2a: Braviary\n|-damage|p2a: Braviary|0 fnt\n|-enditem|p2a: Braviary|Choice Specs|[from] move: Knock Off|[of] p1a: Donphan\n|faint|p2a: Braviary\n|\n|-damage|p1a: Donphan|94/288 psn|[from] psn\n|upkeep\n|\n|t:|1783540615\n|switch|p2a: Crawdaunt|Crawdaunt, L84, M|60/100\n|turn|12\n|inactive|Time left: 300 sec this turn | 300 sec total\n|\n|t:|1783540616\n|move|p1a: Donphan|Ice Shard|p2a: Crawdaunt\n|-resisted|p2a: Crawdaunt\n|-damage|p2a: Crawdaunt|52/100\n|move|p2a: Crawdaunt|Crabhammer|p1a: Donphan\n|-supereffective|p1a: Donphan\n|-damage|p1a: Donphan|0 fnt\n|faint|p1a: Donphan\n|\n|upkeep\n|inactive|Time left: 300 sec this turn | 300 sec total | 5 sec grace\n|\n|t:|1783540617\n|switch|p1a: Perrserker|Perrserker, L89, F|269/269\n|turn|13\n|inactive|Time left: 300 sec this turn | 300 sec total\n|\n|t:|1783540618\n|move|p2a: Crawdaunt|Crabhammer|p1a: Perrserker\n|-damage|p1a: Perrserker|63/269\n|move|p1a: Perrserker|Close Combat|p2a: Crawdaunt\n|-supereffective|p2a: Crawdaunt\n|-damage|p2a: Crawdaunt|0 fnt\n|-unboost|p1a: Perrserker|def|1\n|-unboost|p1a: Perrserker|spd|1\n|faint|p2a: Crawdaunt\n|-damage|p1a: Perrserker|37/269|[from] item: Life Orb\n|\n|upkeep\n|\n|t:|1783540619\n|switch|p2a: Hitmonlee|Hitmonlee, L85, M|100/100\n|turn|14\n|inactive|Time left: 300 sec this turn | 300 sec total\n|\n|t:|1783540620\n|move|p2a: Hitmonlee|High Jump Kick|p1a: Perrserker\n|-supereffective|p1a: Perrserker\n|-damage|p1a: Perrserker|0 fnt\n|faint|p1a: Perrserker\n|\n|upkeep\n|inactive|Time left: 300 sec this turn | 300 sec total | 5 sec grace\n|\n|t:|1783540620\n|switch|p1a: Hypno|Hypno, L95, M|315/315\n|-status|p1a: Hypno|psn\n|turn|15\n|inactive|Time left: 300 sec this turn | 300 sec total\n|\n|t:|1783540621\n|move|p2a: Hitmonlee|High Jump Kick|p1a: Hypno\n|-resisted|p1a: Hypno\n|-damage|p1a: Hypno|156/315 psn\n|move|p1a: Hypno|Psychic Noise|p2a: Hitmonlee\n|-supereffective|p2a: Hitmonlee\n|-damage|p2a: Hitmonlee|39/100\n|-start|p2a: Hitmonlee|move: Heal Block\n|\n|-heal|p1a: Hypno|175/315 psn|[from] item: Leftovers\n|-damage|p1a: Hypno|136/315 psn|[from] psn\n|upkeep\n|turn|16\n|inactive|Time left: 300 sec this turn | 300 sec total\n|\n|t:|1783540622\n|move|p2a: Hitmonlee|High Jump Kick|p1a: Hypno\n|-resisted|p1a: Hypno\n|-damage|p1a: Hypno|0 fnt\n|faint|p1a: Hypno\n|\n|win|p0y1246d1f", "uploadtime": 1783540622, "views": 0, "rating": 0, "private": 0, "password": null, "_winner": "p0y1246d1f", "_our_name": "p0x124a225"}