{"id": "battle-gen9randombattle-724", "formatid": "gen9randombattle", "format": "[Gen 9] Random Battle", "players": ["p0x724863b", "p0y72423e5"], "log": "|init|battle\n|title|p0x724863b vs. p0y72423e5\n|j|\u2606p0x724863b\n|j|\u2606p0y72423e5\n|t:|1783547509\n|gametype|singles\n|player|p1|p0x724863b|169|\n|player|p2|p0y72423e5|2|\n|gen|9\n|tier|[Gen 9] Random Battle\n|rule|Species Clause: Limit one of each Pok\u00e9mon\n|rule|HP Percentage Mod: HP is shown in percentages\n|rule|Sleep Clause Mod: Limit one foe put to sleep\n|rule|Illusion Level Mod: Illusion disguises the Pok\u00e9mon's true level\n|\n|t:|1783547509\n|teamsize|p1|6\n|teamsize|p2|6\n|start\n|switch|p1a: Calyrex|Calyrex, L93|100/100\n|switch|p2a: Iron Valiant|Iron Valiant, L78|244/244\n|-ability|p1a: Calyrex|Unnerve\n|turn|1\n|inactive|Battle timer is ON: inactive players will automatically lose when time's up. (requested by p0y72423e5)\n|inactive|p0x724863b also wants the timer to be on.\n|\n|t:|1783547510\n|move|p2a: Iron Valiant|Moonblast|p1a: Calyrex\n|-damage|p1a: Calyrex|61/100\n|-unboost|p1a: Calyrex|spa|1\n|-damage|p2a: Iron Valiant|220/244|[from] item: Life Orb\n|move|p1a: Calyrex|Psychic|p2a: Iron Valiant\n|-supereffective|p2a: Iron Valiant\n|-damage|p2a: Iron Valiant|28/244\n|\n|-heal|p1a: Calyrex|67/100|[from] item: Leftovers\n|upkeep\n|turn|2\n|inactive|Time left: 300 sec this turn | 300 sec total\n|\n|t:|1783547511\n|move|p2a: Iron Valiant|Moonblast|p1a: Calyrex\n|-damage|p1a: Calyrex|31/100\n|-damage|p2a: Iron Valiant|4/244|[from] item: Life Orb\n|move|p1a: Calyrex|Body Press|p2a: Iron Valiant\n|-resisted|p2a: Iron Valiant\n|-damage|p2a: Iron Valiant|0 fnt\n|faint|p2a: Iron Valiant\n|-end|p2a: Iron Valiant|Quark Drive|[silent]\n|\n|-heal|p1a: Calyrex|37/100|[from] item: Leftovers\n|upkeep\n|inactive|Time left: 300 sec this turn | 300 sec total | 5 sec grace\n|\n|t:|1783547512\n|switch|p2a: Ogerpon|Ogerpon-Hearthflame, L74, F|239/239\n|-ability|p2a: Ogerpon|Mold Breaker\n|turn|3\n|inactive|Time left: 300 sec this turn | 300 sec total\n|\n|t:|1783547513\n|switch|p1a: Regirock|Regirock, L83|100/100\n|move|p2a: Ogerpon|Ivy Cudgel|p1a: Regirock|[anim] Ivy Cudgel Fire\n|-resisted|p1a: Regirock\n|-damage|p1a: Regirock|89/100\n|\n|upkeep\n|turn|4\n|inactive|Time left: 300 sec this turn | 300 sec total\n|\n|t:|1783547515\n|move|p2a: Ogerpon|Swords Dance|p2a: Ogerpon\n|-boost|p2a: Ogerpon|atk|2\n|move|p1a: Regirock|Stone Edge|p2a: Ogerpon\n|-supereffective|p2a: Ogerpon\n|-damage|p2a: Ogerpon|0 fnt\n|faint|p2a: Ogerpon\n|\n|upkeep\n|inactive|Time left: 300 sec this turn | 300 sec total | 5 sec grace\n|\n|t:|1783547516\n|switch|p2a: Torkoal|Torkoal, L88, F|266/266\n|-weather|SunnyDay|[from] ability: Drought|[of] p2a: Torkoal\n|turn|5\n|inactive|Time left: 300 sec this turn | 300 sec total\n|\n|t:|1783547517\n|move|p1a: Regirock|Stone Edge|p2a: Torkoal\n|-supereffective|p2a: Torkoal\n|-damage|p2a: Torkoal|132/266\n|move|p2a: Torkoal|Solar Beam||[still]\n|-prepare|p2a: Torkoal|Solar Beam\n|-anim|p2a: Torkoal|Solar Beam|p1a: Regirock\n|-supereffective|p1a: Regirock\n|-damage|p1a: Regirock|32/100\n|\n|-weather|SunnyDay|[upkeep]\n|upkeep\n|turn|6\n|inactive|Time left: 300 sec this turn | 300 sec total\n|\n|t:|1783547518\n|switch|p2a: Munkidori|Munkidori, L79, M|269/269\n|move|p1a: Regirock|Stone Edge|p2a: Munkidori\n|-damage|p2a: Munkidori|130/269\n|\n|-weather|SunnyDay|[upkeep]\n|upkeep\n|turn|7\n|inactive|Time left: 300 sec this turn | 300 sec total\n|\n|t:|1783547519\n|move|p2a: Munkidori|Psychic Noise|p1a: Regirock\n|-damage|p1a: Regirock|3/100\n|-start|p1a: Regirock|move: Heal Block\n|cant|p1a: Regirock|move: Heal Block|Rest\n|\n|-weather|SunnyDay|[upkeep]\n|upkeep\n|turn|8\n|inactive|Time left: 300 sec this turn | 300 sec total\n|\n|t:|1783547520\n|switch|p1a: Perrserker|Perrserker, L89, M|100/100\n|move|p2a: Munkidori|Sludge Wave|p1a: Perrserker\n|-immune|p1a: Perrserker\n|\n|-weather|SunnyDay|[upkeep]\n|upkeep\n|turn|9\n|inactive|Time left: 300 sec this turn | 300 sec total\n|\n|t:|1783547521\n|move|p2a: Munkidori|U-turn|p1a: Perrserker\n|-resisted|p1a: Perrserker\n|-damage|p1a: Perrserker|95/100\n|inactive|Time left: 300 sec this turn | 300 sec total | 5 sec grace\n|\n|t:|1783547522\n|switch|p2a: Altaria|Altaria, L89, M|278/278|[from] U-turn\n|move|p1a: Perrserker|Knock Off|p2a: Altaria\n|-damage|p2a: Altaria|127/278\n|-enditem|p2a: Altaria|Heavy-Duty Boots|[from] move: Knock Off|[of] p1a: Perrserker\n|\n|-weather|none\n|upkeep\n|turn|10\n|inactive|Time left: 300 sec this turn | 300 sec total\n|\n|t:|1783547524\n|move|p2a: Altaria|Roost|p2a: Altaria\n|-heal|p2a: Altaria|266/278\n|-singleturn|p2a: Altaria|move: Roost\n|move|p1a: Perrserker|Knock Off|p2a: Altaria\n|-damage|p2a: Altaria|158/278\n|\n|upkeep\n|turn|11\n|inactive|Time left: 300 sec this turn | 300 sec total\n|\n|t:|1783547525\n|move|p2a: Altaria|Roost|p2a: Altaria\n|-heal|p2a: Altaria|278/278\n|-singleturn|p2a: Altaria|move: Roost\n|move|p1a: Perrserker|Knock Off|p2a: Altaria\n|-damage|p2a: Altaria|175/278\n|\n|upkeep\n|turn|12\n|inactive|Time left: 300 sec this turn | 300 sec total\n|\n|t:|1783547526\n|move|p2a: Altaria|Roost|p2a: Altaria\n|-heal|p2a: Altaria|278/278\n|-singleturn|p2a: Altaria|move: Roost\n|move|p1a: Perrserker|Knock Off|p2a: Altaria\n|-damage|p2a: Altaria|179/278\n|\n|upkeep\n|turn|13\n|inactive|Time left: 300 sec this turn | 300 sec total\n|\n|t:|1783547527\n|move|p2a: Altaria|Dragon Dance|p2a: Altaria\n|-boost|p2a: Altaria|atk|1\n|-boost|p2a: Altaria|spe|1\n|move|p1a: Perrserker|Knock Off|p2a: Altaria\n|-damage|p2a: Altaria|79/278\n|\n|upkeep\n|turn|14\n|inactive|Time left: 300 sec this turn | 300 sec total\n|\n|t:|1783547528\n|move|p2a: Altaria|Roost|p2a: Altaria\n|-heal|p2a: Altaria|218/278\n|-singleturn|p2a: Altaria|move: Roost\n|move|p1a: Perrserker|Knock Off|p2a: Altaria\n|-damage|p2a: Altaria|112/278\n|\n|upkeep\n|turn|15\n|inactive|Time left: 300 sec this turn | 300 sec total\n|\n|t:|1783547529\n|move|p2a: Altaria|Roost|p2a: Altaria\n|-heal|p2a: Altaria|251/278\n|-singleturn|p2a: Altaria|move: Roost\n|move|p1a: Perrserker|Knock Off|p2a: Altaria\n|-crit|p2a: Altaria\n|-damage|p2a: Altaria|99/278\n|\n|upkeep\n|turn|16\n|inactive|Time left: 300 sec this turn | 300 sec total\n|\n|t:|1783547530\n|move|p2a: Altaria|Roost|p2a: Altaria\n|-heal|p2a: Altaria|238/278\n|-singleturn|p2a: Altaria|move: Roost\n|move|p1a: Perrserker|Knock Off|p2a: Altaria\n|-damage|p2a: Altaria|133/278\n|\n|upkeep\n|turn|17\n|inactive|Time left: 300 sec this turn | 300 sec total\n|\n|t:|1783547532\n|move|p2a: Altaria|Earthquake|p1a: Perrserker\n|-supereffective|p1a: Perrserker\n|-damage|p1a: Perrserker|31/100\n|move|p1a: Perrserker|Knock Off|p2a: Altaria\n|-damage|p2a: Altaria|30/278\n|\n|upkeep\n|turn|18\n|inactive|Time left: 300 sec this turn | 300 sec total\n|\n|t:|1783547533\n|move|p2a: Altaria|Roost|p2a: Altaria\n|-heal|p2a: Altaria|169/278\n|-singleturn|p2a: Altaria|move: Roost\n|move|p1a: Perrserker|Knock Off|p2a: Altaria\n|-damage|p2a: Altaria|60/278\n|\n|upkeep\n|turn|19\n|inactive|Time left: 300 sec this turn | 300 sec total\n|\n|t:|1783547534\n|move|p2a: Altaria|Earthquake|p1a: Perrserker\n|-supereffective|p1a: Perrserker\n|-damage|p1a: Perrserker|0 fnt\n|faint|p1a: Perrserker\n|\n|upkeep\n|\n|t:|1783547535\n|switch|p1a: Oinkologne|Oinkologne, L92, M|100/100\n|turn|20\n|inactive|Time left: 300 sec this turn | 300 sec total\n|\n|t:|1783547536\n|move|p2a: Altaria|Roost|p2a: Altaria\n|-heal|p2a: Altaria|199/278\n|-singleturn|p2a: Altaria|move: Roost\n|move|p1a: Oinkologne|Double-Edge|p2a: Altaria\n|-damage|p2a: Altaria|54/278\n|-damage|p1a: Oinkologne|87/100|[from] Recoil\n|\n|-heal|p1a: Oinkologne|93/100|[from] item: Leftovers\n|upkeep\n|turn|21\n|inactive|Time left: 300 sec this turn | 300 sec total\n|\n|t:|1783547537\n|move|p2a: Altaria|Earthquake|p1a: Oinkologne\n|-damage|p1a: Oinkologne|68/100\n|move|p1a: Oinkologne|Lash Out|p2a: Altaria\n|-damage|p2a: Altaria|0 fnt\n|faint|p2a: Altaria\n|\n|-heal|p1a: Oinkologne|74/100|[from] item: Leftovers\n|upkeep\n|inactive|Time left: 300 sec this turn | 300 sec total | 5 sec grace\n|\n|t:|1783547538\n|switch|p2a: Munkidori|Munkidori, L79, M|130/269\n|turn|22\n|inactive|Time left: 300 sec this turn | 300 sec total\n|\n|t:|1783547539\n|move|p2a: Munkidori|Fake Out|p1a: Oinkologne\n|-damage|p1a: Oinkologne|68/100\n|cant|p1a: Oinkologne|flinch\n|\n|-heal|p1a: Oinkologne|74/100|[from] item: Leftovers\n|upkeep\n|turn|23\n|inactive|Time left: 300 sec this turn | 300 sec total\n|\n|t:|1783547540\n|move|p2a: Munkidori|U-turn|p1a: Oinkologne\n|-damage|p1a: Oinkologne|64/100\n|inactive|Time left: 300 sec this turn | 300 sec total | 5 sec grace\n|\n|t:|1783547541\n|switch|p2a: Regigigas|Regigigas, L84|322/322|[from] U-turn\n|-start|p2a: Regigigas|ability: Slow Start\n|move|p1a: Oinkologne|High Horsepower|p2a: Regigigas\n|-damage|p2a: Regigigas|256/322\n|\n|-heal|p1a: Oinkologne|70/100|[from] item: Leftovers\n|-heal|p2a: Regigigas|276/322|[from] item: Leftovers\n|upkeep\n|turn|24\n|inactive|Time left: 300 sec this turn | 300 sec total\n|\n|t:|1783547543\n|move|p1a: Oinkologne|High Horsepower|p2a: Regigigas\n|-damage|p2a: Regigigas|207/322\n|move|p2a: Regigigas|Knock Off|p1a: Oinkologne\n|-crit|p1a: Oinkologne\n|-damage|p1a: Oinkologne|49/100\n|-enditem|p1a: Oinkologne|Leftovers|[from] move: Knock Off|[of] p2a: Regigigas\n|\n|-heal|p2a: Regigigas|227/322|[from] item: Leftovers\n|upkeep\n|turn|25\n|inactive|Time left: 300 sec this turn | 300 sec total\n|\n|t:|1783547544\n|move|p1a: Oinkologne|Curse|p1a: Oinkologne\n|-unboost|p1a: Oinkologne|spe|1\n|-boost|p1a: Oinkologne|atk|1\n|-boost|p1a: Oinkologne|def|1\n|move|p2a: Regigigas|Body Slam|p1a: Oinkologne\n|-damage|p1a: Oinkologne|37/100\n|\n|-heal|p2a: Regigigas|247/322|[from] item: Leftovers\n|upkeep\n|turn|26\n|inactive|Time left: 300 sec this turn | 300 sec total\n|\n|t:|1783547545\n|move|p1a: Oinkologne|High Horsepower|p2a: Regigigas\n|-damage|p2a: Regigigas|148/322\n|move|p2a: Regigigas|Body Slam|p1a: Oinkologne\n|-damage|p1a: Oinkologne|24/100\n|\n|-heal|p2a: Regigigas|168/322|[from] item: Leftovers\n|upkeep\n|turn|27\n|inactive|Time left: 300 sec this turn | 300 sec total\n|\n|t:|1783547546\n|move|p1a: Oinkologne|Double-Edge|p2a: Regigigas\n|-damage|p2a: Regigigas|0 fnt\n|faint|p2a: Regigigas\n|-end|p2a: Regigigas|Slow Start|[silent]\n|-damage|p1a: Oinkologne|9/100|[from] Recoil\n|\n|upkeep\n|inactive|Time left: 300 sec this turn | 300 sec total | 5 sec grace\n|\n|t:|1783547547\n|switch|p2a: Munkidori|Munkidori, L79, M|130/269\n|turn|28\n|inactive|Time left: 300 sec this turn | 300 sec total\n|\n|t:|1783547548\n|move|p2a: Munkidori|Sludge Wave|p1a: Oinkologne\n|-damage|p1a: Oinkologne|0 fnt\n|faint|p1a: Oinkologne\n|\n|upkeep\n|\n|t:|1783547549\n|switch|p1a: Rabsca|Rabsca, L91, M|100/100\n|turn|29\n|inactive|Time left: 300 sec this turn | 300 sec total\n|\n|t:|1783547550\n|move|p2a: Munkidori|Sludge Wave|p1a: Rabsca\n|-damage|p1a: Rabsca|65/100\n|move|p1a: Rabsca|Psychic|p2a: Munkidori\n|-damage|p2a: Munkidori|40/269\n|\n|upkeep\n|turn|30\n|inactive|Time left: 300 sec this turn | 300 sec total\n|\n|t:|1783547551\n|move|p2a: Munkidori|U-turn|p1a: Rabsca\n|-supereffective|p1a: Rabsca\n|-damage|p1a: Rabsca|39/100\n|inactive|Time left: 300 sec this turn | 300 sec total | 5 sec grace\n|\n|t:|1783547552\n|switch|p2a: Torkoal|Torkoal, L88, F|132/266|[from] U-turn\n|-weather|SunnyDay|[from] ability: Drought|[of] p2a: Torkoal\n|move|p1a: Rabsca|Bug Buzz|p2a: Torkoal\n|-resisted|p2a: Torkoal\n|-damage|p2a: Torkoal|64/266\n|\n|-weather|SunnyDay|[upkeep]\n|upkeep\n|turn|31\n|inactive|Time left: 300 sec this turn | 300 sec total\n|\n|t:|1783547553\n|move|p1a: Rabsca|Bug Buzz|p2a: Torkoal\n|-resisted|p2a: Torkoal\n|-damage|p2a: Torkoal|0 fnt\n|faint|p2a: Torkoal\n|\n|-weather|SunnyDay|[upkeep]\n|upkeep\n|inactive|Time left: 300 sec this turn | 300 sec total | 5 sec grace\n|\n|t:|1783547554\n|switch|p2a: Munkidori|Munkidori, L79, M|40/269\n|turn|32\n|inactive|Time left: 300 sec this turn | 300 sec total\n|\n|t:|1783547555\n|-terastallize|p2a: Munkidori|Dark\n|-terastallize|p1a: Rabsca|Steel\n|move|p2a: Munkidori|Fake Out|p1a: Rabsca\n|-resisted|p1a: Rabsca\n|-damage|p1a: Rabsca|36/100\n|cant|p1a: Rabsca|flinch\n|\n|-weather|SunnyDay|[upkeep]\n|upkeep\n|turn|33\n|inactive|Time left: 300 sec this turn | 300 sec total\n|\n|t:|1783547556\n|move|p2a: Munkidori|Sludge Wave|p1a: Rabsca\n|-immune|p1a: Rabsca\n|move|p1a: Rabsca|Bug Buzz|p2a: Munkidori\n|-supereffective|p2a: Munkidori\n|-damage|p2a: Munkidori|0 fnt\n|faint|p2a: Munkidori\n|\n|win|p0x724863b", "uploadtime": 1783547556, "views": 0, "rating": 0, "private": 0, "password": null, "_winner": "p0x724863b", "_our_name": "p0y72423e5"}