{"id": "battle-gen9randombattle-773", "formatid": "gen9randombattle", "format": "[Gen 9] Random Battle", "players": ["p0x77361e2", "p0y7731e78"], "log": "|init|battle\n|title|p0x77361e2 vs. p0y7731e78\n|j|\u2606p0x77361e2\n|j|\u2606p0y7731e78\n|t:|1783548093\n|gametype|singles\n|player|p1|p0x77361e2|170|\n|player|p2|p0y7731e78|266|\n|gen|9\n|tier|[Gen 9] Random Battle\n|rule|Species Clause: Limit one of each Pok\u00e9mon\n|rule|HP Percentage Mod: HP is shown in percentages\n|rule|Sleep Clause Mod: Limit one foe put to sleep\n|rule|Illusion Level Mod: Illusion disguises the Pok\u00e9mon's true level\n|\n|t:|1783548093\n|teamsize|p1|6\n|teamsize|p2|6\n|start\n|switch|p1a: Barraskewda|Barraskewda, L81, F|231/231\n|switch|p2a: Sableye|Sableye, L88, M|100/100\n|turn|1\n|inactive|Battle timer is ON: inactive players will automatically lose when time's up. (requested by p0x77361e2)\n|inactive|p0y7731e78 also wants the timer to be on.\n|\n|t:|1783548095\n|move|p1a: Barraskewda|Waterfall|p2a: Sableye\n|-damage|p2a: Sableye|33/100\n|move|p2a: Sableye|Knock Off|p1a: Barraskewda\n|-damage|p1a: Barraskewda|111/231\n|-enditem|p1a: Barraskewda|Choice Band|[from] move: Knock Off|[of] p2a: Sableye\n|\n|-heal|p2a: Sableye|39/100|[from] item: Leftovers\n|upkeep\n|turn|2\n|inactive|Time left: 300 sec this turn | 300 sec total\n|\n|t:|1783548096\n|move|p2a: Sableye|Recover|p2a: Sableye\n|-heal|p2a: Sableye|89/100\n|move|p1a: Barraskewda|Waterfall|p2a: Sableye\n|-damage|p2a: Sableye|47/100\n|\n|-heal|p2a: Sableye|53/100|[from] item: Leftovers\n|upkeep\n|turn|3\n|inactive|Time left: 300 sec this turn | 300 sec total\n|\n|t:|1783548097\n|move|p2a: Sableye|Recover|p2a: Sableye\n|-heal|p2a: Sableye|100/100\n|move|p1a: Barraskewda|Waterfall|p2a: Sableye\n|-damage|p2a: Sableye|52/100\n|\n|-heal|p2a: Sableye|58/100|[from] item: Leftovers\n|upkeep\n|turn|4\n|inactive|Time left: 300 sec this turn | 300 sec total\n|\n|t:|1783548098\n|move|p2a: Sableye|Recover|p2a: Sableye\n|-heal|p2a: Sableye|100/100\n|move|p1a: Barraskewda|Waterfall|p2a: Sableye\n|-damage|p2a: Sableye|56/100\n|\n|-heal|p2a: Sableye|62/100|[from] item: Leftovers\n|upkeep\n|turn|5\n|inactive|Time left: 300 sec this turn | 300 sec total\n|\n|t:|1783548099\n|move|p2a: Sableye|Recover|p2a: Sableye\n|-heal|p2a: Sableye|100/100\n|move|p1a: Barraskewda|Waterfall|p2a: Sableye\n|-damage|p2a: Sableye|56/100\n|\n|-heal|p2a: Sableye|62/100|[from] item: Leftovers\n|upkeep\n|turn|6\n|inactive|Time left: 300 sec this turn | 300 sec total\n|\n|t:|1783548100\n|move|p1a: Barraskewda|Waterfall|p2a: Sableye\n|-crit|p2a: Sableye\n|-damage|p2a: Sableye|0 fnt\n|faint|p2a: Sableye\n|\n|upkeep\n|\n|t:|1783548101\n|switch|p2a: Articuno|Articuno, L86|100/100\n|-ability|p2a: Articuno|Pressure\n|turn|7\n|inactive|Time left: 300 sec this turn | 300 sec total\n|\n|t:|1783548103\n|switch|p1a: Flareon|Flareon, L90, F|263/263\n|move|p2a: Articuno|Freeze-Dry|p1a: Flareon\n|-resisted|p1a: Flareon\n|-damage|p1a: Flareon|233/263\n|\n|-status|p1a: Flareon|tox|[from] item: Toxic Orb\n|upkeep\n|turn|8\n|inactive|Time left: 300 sec this turn | 300 sec total\n|\n|t:|1783548104\n|move|p2a: Articuno|Brave Bird|p1a: Flareon\n|-damage|p1a: Flareon|92/263 tox\n|-damage|p2a: Articuno|85/100|[from] Recoil\n|move|p1a: Flareon|Flare Blitz|p2a: Articuno\n|-supereffective|p2a: Articuno\n|-damage|p2a: Articuno|0 fnt\n|faint|p2a: Articuno\n|-damage|p1a: Flareon|10/263 tox|[from] Recoil\n|\n|-damage|p1a: Flareon|0 fnt|[from] psn\n|faint|p1a: Flareon\n|upkeep\n|inactive|Time left: 300 sec this turn | 300 sec total | 5 sec grace\n|\n|t:|1783548104\n|switch|p2a: Kyurem|Kyurem-White, L73|100/100\n|switch|p1a: Clefable|Clefable, L83, M|293/293\n|-ability|p2a: Kyurem|Turboblaze\n|turn|9\n|inactive|Time left: 300 sec this turn | 300 sec total\n|\n|t:|1783548106\n|move|p2a: Kyurem|Earth Power|p1a: Clefable\n|-damage|p1a: Clefable|177/293\n|-unboost|p1a: Clefable|spd|1\n|move|p1a: Clefable|Moonblast|p2a: Kyurem\n|-supereffective|p2a: Kyurem\n|-damage|p2a: Kyurem|20/100\n|-unboost|p2a: Kyurem|spa|1\n|\n|upkeep\n|turn|10\n|inactive|Time left: 300 sec this turn | 300 sec total\n|\n|t:|1783548107\n|switch|p2a: Flareon|Flareon, L90, M|100/100\n|move|p1a: Clefable|Moonblast|p2a: Flareon\n|-resisted|p2a: Flareon\n|-damage|p2a: Flareon|81/100\n|\n|-status|p2a: Flareon|tox|[from] item: Toxic Orb\n|upkeep\n|turn|11\n|inactive|Time left: 300 sec this turn | 300 sec total\n|\n|t:|1783548108\n|move|p2a: Flareon|Facade|p1a: Clefable\n|-damage|p1a: Clefable|0 fnt\n|faint|p1a: Clefable\n|\n|-damage|p2a: Flareon|75/100 tox|[from] psn\n|upkeep\n|inactive|Time left: 300 sec this turn | 300 sec total | 5 sec grace\n|\n|t:|1783548109\n|switch|p1a: Tauros|Tauros, L82, M|257/257\n|turn|12\n|inactive|Time left: 300 sec this turn | 300 sec total\n|\n|t:|1783548110\n|-terastallize|p1a: Tauros|Normal\n|move|p1a: Tauros|Body Slam|p2a: Flareon\n|-damage|p2a: Flareon|0 fnt\n|faint|p2a: Flareon\n|\n|upkeep\n|\n|t:|1783548111\n|switch|p2a: Dialga|Dialga, L73|100/100\n|-ability|p2a: Dialga|Pressure\n|turn|13\n|inactive|Time left: 300 sec this turn | 300 sec total\n|\n|t:|1783548112\n|move|p1a: Tauros|Earthquake|p2a: Dialga\n|-supereffective|p2a: Dialga\n|-damage|p2a: Dialga|38/100\n|-damage|p1a: Tauros|232/257|[from] item: Life Orb\n|move|p2a: Dialga|Heavy Slam|p1a: Tauros\n|-damage|p1a: Tauros|126/257\n|\n|-heal|p2a: Dialga|44/100|[from] item: Leftovers\n|upkeep\n|turn|14\n|inactive|Time left: 300 sec this turn | 300 sec total\n|\n|t:|1783548113\n|switch|p2a: Slither Wing|Slither Wing, L81|100/100\n|-enditem|p2a: Slither Wing|Booster Energy\n|-activate|p2a: Slither Wing|ability: Protosynthesis|[fromitem]\n|-start|p2a: Slither Wing|protosynthesisatk\n|move|p1a: Tauros|Earthquake|p2a: Slither Wing\n|-resisted|p2a: Slither Wing\n|-damage|p2a: Slither Wing|82/100\n|-damage|p1a: Tauros|101/257|[from] item: Life Orb\n|\n|upkeep\n|turn|15\n|inactive|Time left: 300 sec this turn | 300 sec total\n|\n|t:|1783548114\n|move|p1a: Tauros|Body Slam|p2a: Slither Wing\n|-damage|p2a: Slither Wing|3/100\n|move|p2a: Slither Wing|Close Combat|p1a: Tauros\n|-supereffective|p1a: Tauros\n|-damage|p1a: Tauros|0 fnt\n|-unboost|p2a: Slither Wing|def|1\n|-unboost|p2a: Slither Wing|spd|1\n|faint|p1a: Tauros\n|\n|upkeep\n|inactive|Time left: 300 sec this turn | 300 sec total | 5 sec grace\n|\n|t:|1783548115\n|switch|p1a: Milotic|Milotic, L83, F|293/293\n|turn|16\n|inactive|Time left: 300 sec this turn | 300 sec total\n|\n|t:|1783548116\n|move|p1a: Milotic|Ice Beam|p2a: Slither Wing\n|-damage|p2a: Slither Wing|0 fnt\n|faint|p2a: Slither Wing\n|-end|p2a: Slither Wing|Protosynthesis|[silent]\n|\n|upkeep\n|\n|t:|1783548117\n|switch|p2a: Dialga|Dialga, L73|44/100\n|-ability|p2a: Dialga|Pressure\n|turn|17\n|inactive|Time left: 300 sec this turn | 300 sec total\n|\n|t:|1783548118\n|move|p1a: Milotic|Ice Beam|p2a: Dialga\n|-damage|p2a: Dialga|19/100\n|move|p2a: Dialga|Thunder Wave|p1a: Milotic\n|-status|p1a: Milotic|par\n|\n|-heal|p2a: Dialga|25/100|[from] item: Leftovers\n|upkeep\n|turn|18\n|inactive|Time left: 300 sec this turn | 300 sec total\n|\n|t:|1783548119\n|move|p2a: Dialga|Stealth Rock|p1a: Milotic\n|-sidestart|p1: p0x77361e2|move: Stealth Rock\n|move|p1a: Milotic|Ice Beam|p2a: Dialga\n|-damage|p2a: Dialga|0 fnt\n|faint|p2a: Dialga\n|\n|upkeep\n|\n|t:|1783548120\n|switch|p2a: Kyurem|Kyurem-White, L73|20/100\n|-ability|p2a: Kyurem|Turboblaze\n|turn|19\n|inactive|Time left: 300 sec this turn | 300 sec total\n|\n|t:|1783548121\n|move|p2a: Kyurem|Draco Meteor|p1a: Milotic\n|-crit|p1a: Milotic\n|-damage|p1a: Milotic|1/293 par\n|-unboost|p2a: Kyurem|spa|2\n|cant|p1a: Milotic|par\n|\n|-heal|p1a: Milotic|19/293 par|[from] item: Leftovers\n|upkeep\n|turn|20\n|inactive|Time left: 300 sec this turn | 300 sec total\n|\n|t:|1783548122\n|move|p2a: Kyurem|Draco Meteor|p1a: Milotic\n|-damage|p1a: Milotic|0 fnt\n|-unboost|p2a: Kyurem|spa|2\n|faint|p1a: Milotic\n|\n|upkeep\n|inactive|Time left: 300 sec this turn | 300 sec total | 5 sec grace\n|\n|t:|1783548122\n|switch|p1a: Barraskewda|Barraskewda, L81, F|111/231\n|-damage|p1a: Barraskewda|83/231|[from] Stealth Rock\n|turn|21\n|inactive|Time left: 300 sec this turn | 300 sec total\n|\n|t:|1783548123\n|move|p1a: Barraskewda|Throat Chop|p2a: Kyurem\n|-damage|p2a: Kyurem|0 fnt\n|faint|p2a: Kyurem\n|\n|win|p0x77361e2", "uploadtime": 1783548123, "views": 0, "rating": 0, "private": 0, "password": null, "_winner": "p0x77361e2", "_our_name": "p0x77361e2"}