{"id": "battle-gen9randombattle-2068", "formatid": "gen9randombattle", "format": "[Gen 9] Random Battle", "players": ["p0x2068b083", "p0y206858b4"], "log": "|init|battle\n|title|p0x2068b083 vs. p0y206858b4\n|j|\u2606p0x2068b083\n|j|\u2606p0y206858b4\n|t:|1783563158\n|gametype|singles\n|player|p1|p0x2068b083|266|\n|player|p2|p0y206858b4|101|\n|gen|9\n|tier|[Gen 9] Random Battle\n|rule|Species Clause: Limit one of each Pok\u00e9mon\n|rule|HP Percentage Mod: HP is shown in percentages\n|rule|Sleep Clause Mod: Limit one foe put to sleep\n|rule|Illusion Level Mod: Illusion disguises the Pok\u00e9mon's true level\n|\n|t:|1783563158\n|teamsize|p1|6\n|teamsize|p2|6\n|start\n|switch|p1a: Gothitelle|Gothitelle, L90, F|272/272\n|switch|p2a: Flareon|Flareon, L90, F|100/100\n|turn|1\n|inactive|Battle timer is ON: inactive players will automatically lose when time's up. (requested by p0x2068b083)\n|inactive|p0y206858b4 also wants the timer to be on.\n|\n|t:|1783563159\n|move|p1a: Gothitelle|Focus Blast|p2a: Flareon|[miss]\n|-miss|p1a: Gothitelle|p2a: Flareon\n|move|p2a: Flareon|Trailblaze|p1a: Gothitelle\n|-damage|p1a: Gothitelle|225/272\n|-boost|p2a: Flareon|spe|1\n|\n|-status|p2a: Flareon|tox|[from] item: Toxic Orb\n|upkeep\n|turn|2\n|inactive|Time left: 300 sec this turn | 300 sec total\n|\n|t:|1783563160\n|switch|p1a: Greedent|Greedent, L86, M|347/347\n|move|p2a: Flareon|Flare Blitz|p1a: Greedent\n|-damage|p1a: Greedent|113/347\n|-enditem|p1a: Greedent|Sitrus Berry|[eat]\n|-heal|p1a: Greedent|199/347|[from] item: Sitrus Berry\n|-heal|p1a: Greedent|314/347|[from] ability: Cheek Pouch\n|-damage|p2a: Flareon|71/100 tox|[from] Recoil\n|\n|-damage|p2a: Flareon|65/100 tox|[from] psn\n|upkeep\n|turn|3\n|inactive|Time left: 300 sec this turn | 300 sec total\n|\n|t:|1783563162\n|move|p2a: Flareon|Flare Blitz|p1a: Greedent\n|-damage|p1a: Greedent|47/347\n|-damage|p2a: Flareon|32/100 tox|[from] Recoil\n|move|p1a: Greedent|Double-Edge|p2a: Flareon\n|-damage|p2a: Flareon|0 fnt\n|faint|p2a: Flareon\n|-damage|p1a: Greedent|20/347|[from] Recoil\n|\n|upkeep\n|\n|t:|1783563162\n|switch|p2a: Delphox|Delphox, L84, F|100/100\n|turn|4\n|inactive|Time left: 300 sec this turn | 300 sec total\n|\n|t:|1783563163\n|move|p2a: Delphox|Fire Blast|p1a: Greedent\n|-damage|p1a: Greedent|0 fnt\n|faint|p1a: Greedent\n|\n|upkeep\n|inactive|Time left: 300 sec this turn | 300 sec total | 5 sec grace\n|\n|t:|1783563164\n|switch|p1a: Palkia|Palkia, L75|259/259\n|-ability|p1a: Palkia|Pressure\n|turn|5\n|inactive|Time left: 300 sec this turn | 300 sec total\n|\n|t:|1783563165\n|move|p1a: Palkia|Hydro Pump|p2a: Delphox|[miss]\n|-miss|p1a: Palkia|p2a: Delphox\n|move|p2a: Delphox|Fire Blast|p1a: Palkia|[miss]\n|-miss|p2a: Delphox|p1a: Palkia\n|\n|upkeep\n|turn|6\n|inactive|Time left: 300 sec this turn | 300 sec total\n|\n|t:|1783563166\n|switch|p2a: Vileplume|Vileplume, L85, F|100/100\n|move|p1a: Palkia|Hydro Pump|p2a: Vileplume\n|-resisted|p2a: Vileplume\n|-damage|p2a: Vileplume|77/100\n|\n|-heal|p2a: Vileplume|83/100|[from] item: Leftovers\n|upkeep\n|turn|7\n|inactive|Time left: 300 sec this turn | 300 sec total\n|\n|t:|1783563167\n|move|p1a: Palkia|Hydro Pump|p2a: Vileplume\n|-resisted|p2a: Vileplume\n|-damage|p2a: Vileplume|60/100\n|move|p2a: Vileplume|Sludge Bomb|p1a: Palkia\n|-damage|p1a: Palkia|163/259\n|\n|-heal|p2a: Vileplume|66/100|[from] item: Leftovers\n|upkeep\n|turn|8\n|inactive|Time left: 300 sec this turn | 300 sec total\n|\n|t:|1783563168\n|move|p1a: Palkia|Hydro Pump|p2a: Vileplume\n|-resisted|p2a: Vileplume\n|-damage|p2a: Vileplume|42/100\n|move|p2a: Vileplume|Sludge Bomb|p1a: Palkia\n|-damage|p1a: Palkia|69/259\n|\n|-heal|p2a: Vileplume|48/100|[from] item: Leftovers\n|upkeep\n|turn|9\n|inactive|Time left: 300 sec this turn | 300 sec total\n|\n|t:|1783563169\n|move|p1a: Palkia|Hydro Pump|p2a: Vileplume\n|-resisted|p2a: Vileplume\n|-damage|p2a: Vileplume|22/100\n|move|p2a: Vileplume|Strength Sap|p1a: Palkia\n|-unboost|p1a: Palkia|atk|1\n|-heal|p2a: Vileplume|92/100\n|\n|-heal|p2a: Vileplume|98/100|[from] item: Leftovers\n|upkeep\n|turn|10\n|inactive|Time left: 300 sec this turn | 300 sec total\n|\n|t:|1783563170\n|move|p1a: Palkia|Hydro Pump|p2a: Vileplume\n|-resisted|p2a: Vileplume\n|-damage|p2a: Vileplume|74/100\n|move|p2a: Vileplume|Sludge Bomb|p1a: Palkia\n|-damage|p1a: Palkia|0 fnt\n|faint|p1a: Palkia\n|\n|-heal|p2a: Vileplume|80/100|[from] item: Leftovers\n|upkeep\n|inactive|Time left: 300 sec this turn | 300 sec total | 5 sec grace\n|\n|t:|1783563171\n|switch|p1a: Oricorio|Oricorio-Pom-Pom, L82, M|257/257\n|turn|11\n|inactive|Time left: 300 sec this turn | 300 sec total\n|\n|t:|1783563172\n|move|p1a: Oricorio|Quiver Dance|p1a: Oricorio\n|-boost|p1a: Oricorio|spa|1\n|-boost|p1a: Oricorio|spd|1\n|-boost|p1a: Oricorio|spe|1\n|move|p2a: Vileplume|Sludge Bomb|p1a: Oricorio\n|-damage|p1a: Oricorio|172/257\n|-status|p1a: Oricorio|psn\n|\n|-heal|p2a: Vileplume|86/100|[from] item: Leftovers\n|-damage|p1a: Oricorio|140/257 psn|[from] psn\n|upkeep\n|turn|12\n|inactive|Time left: 300 sec this turn | 300 sec total\n|\n|t:|1783563173\n|move|p1a: Oricorio|Hurricane|p2a: Vileplume\n|-supereffective|p2a: Vileplume\n|-damage|p2a: Vileplume|0 fnt\n|faint|p2a: Vileplume\n|\n|-damage|p1a: Oricorio|108/257 psn|[from] psn\n|upkeep\n|\n|t:|1783563174\n|switch|p2a: Delphox|Delphox, L84, F|100/100\n|turn|13\n|inactive|Time left: 300 sec this turn | 300 sec total\n|\n|t:|1783563175\n|move|p1a: Oricorio|Roost|p1a: Oricorio\n|-heal|p1a: Oricorio|237/257 psn\n|-singleturn|p1a: Oricorio|move: Roost\n|move|p2a: Delphox|Psyshock|p1a: Oricorio\n|-damage|p1a: Oricorio|53/257 psn\n|\n|-damage|p1a: Oricorio|21/257 psn|[from] psn\n|upkeep\n|turn|14\n|inactive|Time left: 300 sec this turn | 300 sec total\n|\n|t:|1783563176\n|move|p1a: Oricorio|Roost|p1a: Oricorio\n|-heal|p1a: Oricorio|150/257 psn\n|-singleturn|p1a: Oricorio|move: Roost\n|move|p2a: Delphox|Psyshock|p1a: Oricorio\n|-damage|p1a: Oricorio|0 fnt\n|faint|p1a: Oricorio\n|\n|upkeep\n|inactive|Time left: 300 sec this turn | 300 sec total | 5 sec grace\n|\n|t:|1783563177\n|switch|p1a: Zacian|Zacian, L69|241/241\n|-ability|p1a: Zacian|Intrepid Sword|boost\n|-boost|p1a: Zacian|atk|1\n|turn|15\n|inactive|Time left: 300 sec this turn | 300 sec total\n|\n|t:|1783563178\n|move|p1a: Zacian|Crunch|p2a: Delphox\n|-supereffective|p2a: Delphox\n|-damage|p2a: Delphox|12/100\n|move|p2a: Delphox|Psyshock|p1a: Zacian\n|-damage|p1a: Zacian|91/241\n|\n|upkeep\n|turn|16\n|inactive|Time left: 300 sec this turn | 300 sec total\n|\n|t:|1783563179\n|switch|p2a: Clefable|Clefable, L83, M|100/100\n|move|p1a: Zacian|Crunch|p2a: Clefable\n|-resisted|p2a: Clefable\n|-damage|p2a: Clefable|79/100\n|-unboost|p2a: Clefable|def|1\n|\n|upkeep\n|turn|17\n|inactive|Time left: 300 sec this turn | 300 sec total\n|\n|t:|1783563180\n|move|p1a: Zacian|Crunch|p2a: Clefable\n|-resisted|p2a: Clefable\n|-damage|p2a: Clefable|50/100\n|move|p2a: Clefable|Moonblast|p1a: Zacian\n|-damage|p1a: Zacian|0 fnt\n|faint|p1a: Zacian\n|\n|upkeep\n|inactive|Time left: 300 sec this turn | 300 sec total | 5 sec grace\n|\n|t:|1783563181\n|switch|p1a: Miraidon|Miraidon, L65|238/238\n|-fieldstart|move: Electric Terrain|[from] ability: Hadron Engine|[of] p1a: Miraidon\n|turn|18\n|inactive|Time left: 300 sec this turn | 300 sec total\n|\n|t:|1783563182\n|switch|p2a: Delphox|Delphox, L84, F|12/100\n|move|p1a: Miraidon|Electro Drift|p2a: Delphox\n|-damage|p2a: Delphox|0 fnt\n|faint|p2a: Delphox\n|-damage|p1a: Miraidon|215/238|[from] item: Life Orb\n|\n|upkeep\n|\n|t:|1783563183\n|switch|p2a: Seviper|Seviper, L93, M|100/100\n|turn|19\n|inactive|Time left: 300 sec this turn | 300 sec total\n|\n|t:|1783563184\n|-terastallize|p2a: Seviper|Ground\n|move|p1a: Miraidon|Draco Meteor|p2a: Seviper\n|-damage|p2a: Seviper|25/100\n|-unboost|p1a: Miraidon|spa|2\n|-damage|p1a: Miraidon|192/238|[from] item: Life Orb\n|move|p2a: Seviper|Trailblaze|p1a: Miraidon\n|-resisted|p1a: Miraidon\n|-damage|p1a: Miraidon|165/238\n|-boost|p2a: Seviper|spe|1\n|\n|-heal|p2a: Seviper|30/100|[from] item: Leftovers\n|upkeep\n|turn|20\n|inactive|Time left: 300 sec this turn | 300 sec total\n|\n|t:|1783563185\n|move|p2a: Seviper|Earthquake|p1a: Miraidon\n|-supereffective|p1a: Miraidon\n|-damage|p1a: Miraidon|0 fnt\n|faint|p1a: Miraidon\n|\n|-heal|p2a: Seviper|36/100|[from] item: Leftovers\n|upkeep\n|inactive|Time left: 300 sec this turn | 300 sec total | 5 sec grace\n|\n|t:|1783563185\n|switch|p1a: Gothitelle|Gothitelle, L90, F|225/272\n|turn|21\n|inactive|Time left: 300 sec this turn | 300 sec total\n|\n|t:|1783563186\n|move|p2a: Seviper|Gunk Shot|p1a: Gothitelle|[miss]\n|-miss|p2a: Seviper|p1a: Gothitelle\n|move|p1a: Gothitelle|Focus Blast|p2a: Seviper\n|-crit|p2a: Seviper\n|-damage|p2a: Seviper|0 fnt\n|faint|p2a: Seviper\n|\n|upkeep\n|\n|t:|1783563187\n|switch|p2a: Koraidon|Koraidon, L64|100/100\n|-weather|SunnyDay|[from] ability: Orichalcum Pulse|[of] p2a: Koraidon\n|-activate|p2a: Koraidon|Orichalcum Pulse|[source]\n|turn|22\n|inactive|Time left: 300 sec this turn | 300 sec total\n|\n|t:|1783563188\n|move|p1a: Gothitelle|Focus Blast|p2a: Koraidon\n|-damage|p2a: Koraidon|51/100\n|move|p2a: Koraidon|Scale Shot|p1a: Gothitelle\n|-damage|p1a: Gothitelle|201/272\n|-damage|p1a: Gothitelle|177/272\n|-damage|p1a: Gothitelle|150/272\n|-damage|p1a: Gothitelle|126/272\n|-hitcount|p1a: Gothitelle|4\n|-unboost|p2a: Koraidon|def|1\n|-boost|p2a: Koraidon|spe|1\n|\n|-weather|SunnyDay|[upkeep]\n|-fieldend|move: Electric Terrain\n|upkeep\n|turn|23\n|inactive|Time left: 300 sec this turn | 300 sec total\n|\n|t:|1783563189\n|move|p2a: Koraidon|Flare Blitz|p1a: Gothitelle\n|-damage|p1a: Gothitelle|16/272\n|-damage|p2a: Koraidon|36/100|[from] Recoil\n|move|p1a: Gothitelle|Focus Blast|p2a: Koraidon\n|-damage|p2a: Koraidon|0 fnt\n|faint|p2a: Koraidon\n|\n|-weather|SunnyDay|[upkeep]\n|upkeep\n|\n|t:|1783563190\n|switch|p2a: Clefable|Clefable, L83, M|50/100\n|turn|24\n|inactive|Time left: 300 sec this turn | 300 sec total\n|\n|t:|1783563191\n|move|p1a: Gothitelle|Focus Blast|p2a: Clefable\n|-resisted|p2a: Clefable\n|-damage|p2a: Clefable|34/100\n|-unboost|p2a: Clefable|spd|1\n|move|p2a: Clefable|Moonblast|p1a: Gothitelle\n|-damage|p1a: Gothitelle|0 fnt\n|faint|p1a: Gothitelle\n|\n|win|p0y206858b4", "uploadtime": 1783563191, "views": 0, "rating": 0, "private": 0, "password": null, "_winner": "p0y206858b4", "_our_name": "p0x2068b083"}