{"id": "battle-gen9randombattle-916", "formatid": "gen9randombattle", "format": "[Gen 9] Random Battle", "players": ["p0x916ca4d", "p0y9167375"], "log": "|init|battle\n|title|p0x916ca4d vs. p0y9167375\n|j|\u2606p0x916ca4d\n|j|\u2606p0y9167375\n|t:|1783550525\n|gametype|singles\n|player|p1|p0x916ca4d|265|\n|player|p2|p0y9167375|170|\n|gen|9\n|tier|[Gen 9] Random Battle\n|rule|Species Clause: Limit one of each Pok\u00e9mon\n|rule|HP Percentage Mod: HP is shown in percentages\n|rule|Sleep Clause Mod: Limit one foe put to sleep\n|rule|Illusion Level Mod: Illusion disguises the Pok\u00e9mon's true level\n|\n|t:|1783550525\n|teamsize|p1|6\n|teamsize|p2|6\n|start\n|switch|p1a: Latias|Latias, L79, F|256/256\n|switch|p2a: Hypno|Hypno, L95, M|100/100\n|turn|1\n|inactive|Battle timer is ON: inactive players will automatically lose when time's up. (requested by p0y9167375)\n|inactive|Time left: 300 sec this turn | 300 sec total | 60 sec grace\n|inactive|p0x916ca4d also wants the timer to be on.\n|\n|t:|1783550526\n|move|p1a: Latias|Calm Mind|p1a: Latias\n|-boost|p1a: Latias|spa|1\n|-boost|p1a: Latias|spd|1\n|move|p2a: Hypno|Toxic|p1a: Latias\n|-status|p1a: Latias|tox\n|\n|-damage|p1a: Latias|240/256 tox|[from] psn\n|upkeep\n|turn|2\n|inactive|Time left: 300 sec this turn | 300 sec total\n|\n|t:|1783550527\n|move|p1a: Latias|Calm Mind|p1a: Latias\n|-boost|p1a: Latias|spa|1\n|-boost|p1a: Latias|spd|1\n|move|p2a: Hypno|Psychic Noise|p1a: Latias\n|-resisted|p1a: Latias\n|-damage|p1a: Latias|223/256 tox\n|-start|p1a: Latias|move: Heal Block\n|\n|-damage|p1a: Latias|191/256 tox|[from] psn\n|upkeep\n|turn|3\n|inactive|Time left: 300 sec this turn | 300 sec total\n|\n|t:|1783550528\n|move|p2a: Hypno|Protect|p2a: Hypno\n|-singleturn|p2a: Hypno|Protect\n|move|p1a: Latias|Draco Meteor|p2a: Hypno\n|-activate|p2a: Hypno|move: Protect\n|\n|-damage|p1a: Latias|143/256 tox|[from] psn\n|-end|p1a: Latias|move: Heal Block\n|upkeep\n|turn|4\n|inactive|Time left: 300 sec this turn | 300 sec total\n|\n|t:|1783550529\n|move|p1a: Latias|Recover|p1a: Latias\n|-heal|p1a: Latias|256/256 tox\n|move|p2a: Hypno|Psychic Noise|p1a: Latias\n|-resisted|p1a: Latias\n|-damage|p1a: Latias|240/256 tox\n|-start|p1a: Latias|move: Heal Block\n|\n|-damage|p1a: Latias|176/256 tox|[from] psn\n|upkeep\n|turn|5\n|inactive|Time left: 300 sec this turn | 300 sec total\n|\n|t:|1783550530\n|switch|p1a: Polteageist|Polteageist, L78|222/222\n|move|p2a: Hypno|Focus Blast|p1a: Polteageist\n|-immune|p1a: Polteageist\n|\n|upkeep\n|turn|6\n|inactive|Time left: 300 sec this turn | 300 sec total\n|\n|t:|1783550532\n|switch|p2a: Rhydon|Rhydon, L85, M|100/100\n|move|p1a: Polteageist|Shell Smash|p1a: Polteageist\n|-unboost|p1a: Polteageist|def|1\n|-unboost|p1a: Polteageist|spd|1\n|-boost|p1a: Polteageist|atk|2\n|-boost|p1a: Polteageist|spa|2\n|-boost|p1a: Polteageist|spe|2\n|-enditem|p1a: Polteageist|White Herb\n|-clearnegativeboost|p1a: Polteageist|[silent]\n|\n|upkeep\n|turn|7\n|inactive|Time left: 300 sec this turn | 300 sec total\n|\n|t:|1783550533\n|-terastallize|p1a: Polteageist|Psychic\n|move|p1a: Polteageist|Stored Power|p2a: Rhydon\n|-damage|p2a: Rhydon|0 fnt\n|faint|p2a: Rhydon\n|\n|upkeep\n|\n|t:|1783550534\n|switch|p2a: Snorlax|Snorlax, L82, F|100/100\n|turn|8\n|inactive|Time left: 300 sec this turn | 300 sec total\n|\n|t:|1783550535\n|move|p1a: Polteageist|Stored Power|p2a: Snorlax\n|-damage|p2a: Snorlax|26/100\n|move|p2a: Snorlax|Body Slam|p1a: Polteageist\n|-damage|p1a: Polteageist|86/222\n|\n|upkeep\n|turn|9\n|inactive|Time left: 300 sec this turn | 300 sec total\n|\n|t:|1783550536\n|move|p1a: Polteageist|Strength Sap|p2a: Snorlax\n|-unboost|p2a: Snorlax|atk|1\n|-heal|p1a: Polteageist|222/222\n|move|p2a: Snorlax|Earthquake|p1a: Polteageist\n|-damage|p1a: Polteageist|154/222\n|\n|upkeep\n|turn|10\n|inactive|Time left: 300 sec this turn | 300 sec total\n|\n|t:|1783550537\n|switch|p2a: Hypno|Hypno, L95, M|100/100\n|move|p1a: Polteageist|Stored Power|p2a: Hypno\n|-resisted|p2a: Hypno\n|-damage|p2a: Hypno|66/100\n|\n|-heal|p2a: Hypno|72/100|[from] item: Leftovers\n|upkeep\n|turn|11\n|inactive|Time left: 300 sec this turn | 300 sec total\n|\n|t:|1783550538\n|move|p1a: Polteageist|Shadow Ball|p2a: Hypno\n|-supereffective|p2a: Hypno\n|-damage|p2a: Hypno|0 fnt\n|faint|p2a: Hypno\n|\n|upkeep\n|\n|t:|1783550539\n|switch|p2a: Tatsugiri|Tatsugiri, L87, F|100/100\n|turn|12\n|inactive|Time left: 300 sec this turn | 300 sec total\n|\n|t:|1783550540\n|-terastallize|p2a: Tatsugiri|Steel\n|move|p1a: Polteageist|Stored Power|p2a: Tatsugiri\n|-resisted|p2a: Tatsugiri\n|-damage|p2a: Tatsugiri|38/100\n|move|p2a: Tatsugiri|Draco Meteor|p1a: Polteageist|[miss]\n|-miss|p2a: Tatsugiri|p1a: Polteageist\n|\n|upkeep\n|turn|13\n|inactive|Time left: 300 sec this turn | 300 sec total\n|\n|t:|1783550542\n|switch|p2a: Snorlax|Snorlax, L82, F|26/100\n|move|p1a: Polteageist|Stored Power|p2a: Snorlax\n|-damage|p2a: Snorlax|0 fnt\n|faint|p2a: Snorlax\n|\n|upkeep\n|\n|t:|1783550543\n|switch|p2a: Tatsugiri|Tatsugiri, L87, F, tera:Steel|38/100\n|turn|14\n|inactive|Time left: 300 sec this turn | 300 sec total\n|\n|t:|1783550544\n|move|p1a: Polteageist|Shadow Ball|p2a: Tatsugiri\n|-damage|p2a: Tatsugiri|0 fnt\n|faint|p2a: Tatsugiri\n|\n|upkeep\n|\n|t:|1783550545\n|switch|p2a: Charizard|Charizard, L85, M|100/100\n|turn|15\n|inactive|Time left: 300 sec this turn | 300 sec total\n|\n|t:|1783550546\n|move|p1a: Polteageist|Stored Power|p2a: Charizard\n|-damage|p2a: Charizard|0 fnt\n|faint|p2a: Charizard\n|\n|upkeep\n|\n|t:|1783550546\n|switch|p2a: Eiscue|Eiscue, L88, M|100/100\n|turn|16\n|inactive|Time left: 300 sec this turn | 300 sec total\n|\n|t:|1783550547\n|move|p1a: Polteageist|Stored Power|p2a: Eiscue\n|-damage|p2a: Eiscue|0 fnt\n|faint|p2a: Eiscue\n|\n|win|p0x916ca4d", "uploadtime": 1783550547, "views": 0, "rating": 0, "private": 0, "password": null, "_winner": "p0x916ca4d", "_our_name": "p0x916ca4d"}