{"id": "battle-gen9randombattle-1164", "formatid": "gen9randombattle", "format": "[Gen 9] Random Battle", "players": ["p0x1164ebad", "p0y1164b6fc"], "log": "|init|battle\n|title|p0x1164ebad vs. p0y1164b6fc\n|j|\u2606p0x1164ebad\n|j|\u2606p0y1164b6fc\n|t:|1783552621\n|gametype|singles\n|player|p1|p0x1164ebad|170|\n|player|p2|p0y1164b6fc|169|\n|gen|9\n|tier|[Gen 9] Random Battle\n|rule|Species Clause: Limit one of each Pok\u00e9mon\n|rule|HP Percentage Mod: HP is shown in percentages\n|rule|Sleep Clause Mod: Limit one foe put to sleep\n|rule|Illusion Level Mod: Illusion disguises the Pok\u00e9mon's true level\n|\n|t:|1783552621\n|teamsize|p1|6\n|teamsize|p2|6\n|start\n|switch|p1a: Blastoise|Blastoise, L80, F|258/258\n|switch|p2a: Klefki|Klefki, L84, F|100/100\n|turn|1\n|inactive|Battle timer is ON: inactive players will automatically lose when time's up. (requested by p0x1164ebad)\n|inactive|p0y1164b6fc also wants the timer to be on.\n|\n|t:|1783552622\n|move|p2a: Klefki|Spikes|p1a: Blastoise\n|-sidestart|p1: p0x1164ebad|Spikes\n|move|p1a: Blastoise|Shell Smash|p1a: Blastoise\n|-unboost|p1a: Blastoise|def|1\n|-unboost|p1a: Blastoise|spd|1\n|-boost|p1a: Blastoise|atk|2\n|-boost|p1a: Blastoise|spa|2\n|-boost|p1a: Blastoise|spe|2\n|-enditem|p1a: Blastoise|White Herb\n|-clearnegativeboost|p1a: Blastoise|[silent]\n|\n|upkeep\n|turn|2\n|inactive|Time left: 300 sec this turn | 300 sec total\n|\n|t:|1783552623\n|switch|p2a: Archaludon|Archaludon, L78, M|100/100\n|move|p1a: Blastoise|Shell Smash|p1a: Blastoise\n|-unboost|p1a: Blastoise|def|1\n|-unboost|p1a: Blastoise|spd|1\n|-boost|p1a: Blastoise|atk|2\n|-boost|p1a: Blastoise|spa|2\n|-boost|p1a: Blastoise|spe|2\n|\n|upkeep\n|turn|3\n|inactive|Time left: 300 sec this turn | 300 sec total\n|\n|t:|1783552624\n|move|p1a: Blastoise|Earthquake|p2a: Archaludon\n|-supereffective|p2a: Archaludon\n|-damage|p2a: Archaludon|4/100\n|-ability|p2a: Archaludon|Stamina|boost\n|-boost|p2a: Archaludon|def|1\n|move|p2a: Archaludon|Dragon Tail|p1a: Blastoise\n|-damage|p1a: Blastoise|168/258\n|drag|p1a: Polteageist|Polteageist-Antique, L78|222/222\n|-damage|p1a: Polteageist|195/222|[from] Spikes\n|\n|upkeep\n|turn|4\n|inactive|Time left: 300 sec this turn | 300 sec total\n|\n|t:|1783552624\n|move|p1a: Polteageist|Strength Sap|p2a: Archaludon\n|-unboost|p2a: Archaludon|atk|1\n|-heal|p1a: Polteageist|222/222\n|move|p2a: Archaludon|Dragon Tail|p1a: Polteageist\n|-damage|p1a: Polteageist|171/222\n|-start|p2a: Archaludon|Disable|Dragon Tail|[from] ability: Cursed Body|[of] p1a: Polteageist\n|drag|p1a: Ceruledge|Ceruledge, L78, M|245/245\n|\n|upkeep\n|turn|5\n|inactive|Time left: 300 sec this turn | 300 sec total\n|\n|t:|1783552625\n|switch|p2a: Wyrdeer|Wyrdeer, L87, M|100/100\n|-ability|p2a: Wyrdeer|Intimidate|boost\n|-unboost|p1a: Ceruledge|atk|1\n|move|p1a: Ceruledge|Swords Dance|p1a: Ceruledge\n|-boost|p1a: Ceruledge|atk|2\n|\n|upkeep\n|turn|6\n|inactive|Time left: 300 sec this turn | 300 sec total\n|\n|t:|1783552626\n|move|p1a: Ceruledge|Bitter Blade|p2a: Wyrdeer\n|-damage|p2a: Wyrdeer|46/100\n|move|p2a: Wyrdeer|Psychic Noise|p1a: Ceruledge\n|-damage|p1a: Ceruledge|164/245\n|-start|p1a: Ceruledge|move: Heal Block\n|\n|-heal|p2a: Wyrdeer|53/100|[from] item: Leftovers\n|upkeep\n|turn|7\n|inactive|Time left: 300 sec this turn | 300 sec total\n|\n|t:|1783552627\n|-terastallize|p1a: Ceruledge|Fighting\n|move|p1a: Ceruledge|Close Combat|p2a: Wyrdeer\n|-damage|p2a: Wyrdeer|0 fnt\n|-unboost|p1a: Ceruledge|def|1\n|-unboost|p1a: Ceruledge|spd|1\n|faint|p2a: Wyrdeer\n|\n|-end|p1a: Ceruledge|move: Heal Block\n|upkeep\n|\n|t:|1783552628\n|switch|p2a: Kyogre|Kyogre, L71|100/100\n|-weather|RainDance|[from] ability: Drizzle|[of] p2a: Kyogre\n|turn|8\n|inactive|Time left: 300 sec this turn | 300 sec total\n|\n|t:|1783552628\n|move|p2a: Kyogre|Water Spout|p1a: Ceruledge\n|-damage|p1a: Ceruledge|0 fnt\n|faint|p1a: Ceruledge\n|\n|-weather|RainDance|[upkeep]\n|upkeep\n|inactive|Time left: 300 sec this turn | 300 sec total | 5 sec grace\n|\n|t:|1783552629\n|switch|p1a: Snorlax|Snorlax, L82, M|397/397\n|-damage|p1a: Snorlax|348/397|[from] Spikes\n|turn|9\n|inactive|Time left: 300 sec this turn | 300 sec total\n|\n|t:|1783552630\n|move|p2a: Kyogre|Water Spout|p1a: Snorlax\n|-damage|p1a: Snorlax|125/397\n|move|p1a: Snorlax|Body Slam|p2a: Kyogre\n|-damage|p2a: Kyogre|58/100\n|-status|p2a: Kyogre|par\n|\n|-weather|RainDance|[upkeep]\n|-heal|p1a: Snorlax|149/397|[from] item: Leftovers\n|upkeep\n|turn|10\n|inactive|Time left: 300 sec this turn | 300 sec total\n|\n|t:|1783552631\n|move|p2a: Kyogre|Water Spout|p1a: Snorlax\n|-crit|p1a: Snorlax\n|-damage|p1a: Snorlax|0 fnt\n|faint|p1a: Snorlax\n|\n|-weather|RainDance|[upkeep]\n|upkeep\n|inactive|Time left: 300 sec this turn | 300 sec total | 5 sec grace\n|\n|t:|1783552632\n|switch|p1a: Pikachu|Pikachu-Kalos, L93, F|216/216\n|-damage|p1a: Pikachu|189/216|[from] Spikes\n|turn|11\n|inactive|Time left: 300 sec this turn | 300 sec total\n|\n|t:|1783552633\n|move|p1a: Pikachu|Volt Tackle|p2a: Kyogre\n|-supereffective|p2a: Kyogre\n|-damage|p2a: Kyogre|0 fnt\n|faint|p2a: Kyogre\n|-damage|p1a: Pikachu|140/216|[from] Recoil\n|\n|-weather|RainDance|[upkeep]\n|upkeep\n|\n|t:|1783552634\n|switch|p2a: Shaymin|Shaymin-Sky, L73|100/100\n|turn|12\n|inactive|Time left: 300 sec this turn | 300 sec total\n|\n|t:|1783552635\n|move|p2a: Shaymin|Seed Flare|p1a: Pikachu\n|-damage|p1a: Pikachu|0 fnt\n|faint|p1a: Pikachu\n|\n|-weather|none\n|upkeep\n|inactive|Time left: 300 sec this turn | 300 sec total | 5 sec grace\n|\n|t:|1783552636\n|switch|p1a: Polteageist|Polteageist-Antique, L78|171/222\n|-damage|p1a: Polteageist|144/222|[from] Spikes\n|turn|13\n|inactive|Time left: 300 sec this turn | 300 sec total\n|\n|t:|1783552637\n|move|p2a: Shaymin|Air Slash|p1a: Polteageist\n|-damage|p1a: Polteageist|77/222\n|move|p1a: Polteageist|Shell Smash|p1a: Polteageist\n|-unboost|p1a: Polteageist|def|1\n|-unboost|p1a: Polteageist|spd|1\n|-boost|p1a: Polteageist|atk|2\n|-boost|p1a: Polteageist|spa|2\n|-boost|p1a: Polteageist|spe|2\n|-enditem|p1a: Polteageist|White Herb\n|-clearnegativeboost|p1a: Polteageist|[silent]\n|\n|upkeep\n|turn|14\n|inactive|Time left: 300 sec this turn | 300 sec total\n|\n|t:|1783552639\n|move|p1a: Polteageist|Strength Sap|p2a: Shaymin\n|-unboost|p2a: Shaymin|atk|1\n|-heal|p1a: Polteageist|222/222\n|move|p2a: Shaymin|Seed Flare|p1a: Polteageist|[miss]\n|-miss|p2a: Shaymin|p1a: Polteageist\n|\n|upkeep\n|turn|15\n|inactive|Time left: 300 sec this turn | 300 sec total\n|\n|t:|1783552640\n|move|p1a: Polteageist|Shadow Ball|p2a: Shaymin\n|-damage|p2a: Shaymin|8/100\n|move|p2a: Shaymin|Seed Flare|p1a: Polteageist\n|-damage|p1a: Polteageist|119/222\n|-unboost|p1a: Polteageist|spd|2\n|\n|upkeep\n|turn|16\n|inactive|Time left: 300 sec this turn | 300 sec total\n|\n|t:|1783552641\n|move|p1a: Polteageist|Stored Power|p2a: Shaymin\n|-damage|p2a: Shaymin|0 fnt\n|faint|p2a: Shaymin\n|\n|upkeep\n|\n|t:|1783552642\n|switch|p2a: Klefki|Klefki, L84, F|100/100\n|turn|17\n|inactive|Time left: 300 sec this turn | 300 sec total\n|\n|t:|1783552643\n|move|p1a: Polteageist|Strength Sap|p2a: Klefki\n|-unboost|p2a: Klefki|atk|1\n|-heal|p1a: Polteageist|222/222\n|move|p2a: Klefki|Foul Play|p1a: Polteageist\n|-supereffective|p1a: Polteageist\n|-damage|p1a: Polteageist|30/222\n|-start|p2a: Klefki|Disable|Foul Play|[from] ability: Cursed Body|[of] p1a: Polteageist\n|\n|upkeep\n|turn|18\n|inactive|Time left: 300 sec this turn | 300 sec total\n|\n|t:|1783552644\n|move|p1a: Polteageist|Shadow Ball|p2a: Klefki\n|-damage|p2a: Klefki|12/100\n|move|p2a: Klefki|Dazzling Gleam|p1a: Polteageist\n|-damage|p1a: Polteageist|0 fnt\n|faint|p1a: Polteageist\n|\n|-heal|p2a: Klefki|18/100|[from] item: Leftovers\n|upkeep\n|inactive|Time left: 300 sec this turn | 300 sec total | 5 sec grace\n|\n|t:|1783552645\n|switch|p1a: Bastiodon|Bastiodon, L89, F|252/252\n|-damage|p1a: Bastiodon|221/252|[from] Spikes\n|turn|19\n|inactive|Time left: 300 sec this turn | 300 sec total\n|\n|t:|1783552646\n|move|p2a: Klefki|Thunder Wave|p1a: Bastiodon\n|-status|p1a: Bastiodon|par\n|cant|p1a: Bastiodon|par\n|\n|-heal|p2a: Klefki|24/100|[from] item: Leftovers\n|upkeep\n|turn|20\n|inactive|Time left: 300 sec this turn | 300 sec total\n|\n|t:|1783552646\n|switch|p2a: Lycanroc|Lycanroc, L86, M|100/100\n|move|p1a: Bastiodon|Iron Defense|p1a: Bastiodon\n|-boost|p1a: Bastiodon|def|2\n|\n|upkeep\n|turn|21\n|inactive|Time left: 300 sec this turn | 300 sec total\n|\n|t:|1783552647\n|-terastallize|p2a: Lycanroc|Fighting\n|move|p2a: Lycanroc|Close Combat|p1a: Bastiodon\n|-supereffective|p1a: Bastiodon\n|-damage|p1a: Bastiodon|3/252 par\n|-unboost|p2a: Lycanroc|def|1\n|-unboost|p2a: Lycanroc|spd|1\n|-damage|p2a: Lycanroc|91/100|[from] item: Life Orb\n|move|p1a: Bastiodon|Rest|p1a: Bastiodon\n|-status|p1a: Bastiodon|slp|[from] move: Rest\n|-heal|p1a: Bastiodon|252/252 slp|[silent]\n|-enditem|p1a: Bastiodon|Chesto Berry|[eat]\n|-curestatus|p1a: Bastiodon|slp|[msg]\n|\n|upkeep\n|turn|22\n|inactive|Time left: 300 sec this turn | 300 sec total\n|\n|t:|1783552648\n|move|p2a: Lycanroc|Close Combat|p1a: Bastiodon\n|-supereffective|p1a: Bastiodon\n|-crit|p1a: Bastiodon\n|-damage|p1a: Bastiodon|0 fnt\n|-unboost|p2a: Lycanroc|def|1\n|-unboost|p2a: Lycanroc|spd|1\n|faint|p1a: Bastiodon\n|-damage|p2a: Lycanroc|81/100|[from] item: Life Orb\n|\n|upkeep\n|inactive|Time left: 300 sec this turn | 300 sec total | 5 sec grace\n|\n|t:|1783552649\n|switch|p1a: Blastoise|Blastoise, L80, F|168/258\n|-damage|p1a: Blastoise|136/258|[from] Spikes\n|turn|23\n|inactive|Time left: 300 sec this turn | 300 sec total\n|\n|t:|1783552650\n|move|p2a: Lycanroc|Close Combat|p1a: Blastoise\n|-damage|p1a: Blastoise|0 fnt\n|-unboost|p2a: Lycanroc|def|1\n|-unboost|p2a: Lycanroc|spd|1\n|faint|p1a: Blastoise\n|-damage|p2a: Lycanroc|72/100|[from] item: Life Orb\n|\n|win|p0y1164b6fc", "uploadtime": 1783552650, "views": 0, "rating": 0, "private": 0, "password": null, "_winner": "p0y1164b6fc", "_our_name": "p0x1164ebad"}