{"id": "battle-gen9randombattle-193", "formatid": "gen9randombattle", "format": "[Gen 9] Random Battle", "players": ["p0x193e244", "p0y1937195"], "log": "|init|battle\n|title|p0x193e244 vs. p0y1937195\n|j|\u2606p0x193e244\n|j|\u2606p0y1937195\n|t:|1783541792\n|gametype|singles\n|player|p1|p0x193e244|169|\n|player|p2|p0y1937195|1|\n|gen|9\n|tier|[Gen 9] Random Battle\n|rule|Species Clause: Limit one of each Pok\u00e9mon\n|rule|HP Percentage Mod: HP is shown in percentages\n|rule|Sleep Clause Mod: Limit one foe put to sleep\n|rule|Illusion Level Mod: Illusion disguises the Pok\u00e9mon's true level\n|\n|t:|1783541792\n|teamsize|p1|6\n|teamsize|p2|6\n|start\n|switch|p1a: Heracross|Heracross, L80, M|259/259\n|switch|p2a: Ninetales|Ninetales-Alola, L78, F|100/100\n|-weather|Snowscape|[from] ability: Snow Warning|[of] p2a: Ninetales\n|turn|1\n|inactive|Battle timer is ON: inactive players will automatically lose when time's up. (requested by p0y1937195)\n|inactive|Time left: 300 sec this turn | 300 sec total | 60 sec grace\n|inactive|p0x193e244 also wants the timer to be on.\n|\n|t:|1783541794\n|move|p1a: Heracross|Close Combat|p2a: Ninetales\n|-damage|p2a: Ninetales|53/100\n|-unboost|p1a: Heracross|def|1\n|-unboost|p1a: Heracross|spd|1\n|move|p2a: Ninetales|Aurora Veil|p2a: Ninetales\n|-sidestart|p2: p0y1937195|move: Aurora Veil\n|\n|-weather|Snowscape|[upkeep]\n|upkeep\n|turn|2\n|inactive|Time left: 300 sec this turn | 300 sec total\n|\n|t:|1783541795\n|switch|p1a: Metagross|Metagross, L79|256/256\n|move|p2a: Ninetales|Moonblast|p1a: Metagross\n|-resisted|p1a: Metagross\n|-crit|p1a: Metagross\n|-damage|p1a: Metagross|199/256\n|\n|-weather|Snowscape|[upkeep]\n|upkeep\n|turn|3\n|inactive|Time left: 300 sec this turn | 300 sec total\n|\n|t:|1783541797\n|switch|p2a: Tropius|Tropius, L91, F|100/100\n|move|p1a: Metagross|Heavy Slam|p2a: Tropius\n|-damage|p2a: Tropius|66/100\n|\n|-weather|Snowscape|[upkeep]\n|upkeep\n|turn|4\n|inactive|Time left: 300 sec this turn | 300 sec total\n|\n|t:|1783541798\n|move|p1a: Metagross|Heavy Slam|p2a: Tropius\n|-crit|p2a: Tropius\n|-damage|p2a: Tropius|0 fnt\n|faint|p2a: Tropius\n|\n|-weather|Snowscape|[upkeep]\n|upkeep\n|\n|t:|1783541799\n|switch|p2a: Minun|Minun, L95, F|100/100\n|turn|5\n|inactive|Time left: 300 sec this turn | 300 sec total\n|\n|t:|1783541801\n|move|p2a: Minun|Nasty Plot|p2a: Minun\n|-boost|p2a: Minun|spa|2\n|move|p1a: Metagross|Heavy Slam|p2a: Minun\n|-resisted|p2a: Minun\n|-damage|p2a: Minun|74/100\n|\n|-weather|none\n|upkeep\n|turn|6\n|inactive|Time left: 300 sec this turn | 300 sec total\n|\n|t:|1783541802\n|switch|p1a: Snorlax|Snorlax, L82, F|397/397\n|move|p2a: Minun|Thunderbolt|p1a: Snorlax\n|-damage|p1a: Snorlax|183/397\n|-damage|p2a: Minun|65/100|[from] item: Life Orb\n|\n|-heal|p1a: Snorlax|207/397|[from] item: Leftovers\n|upkeep\n|turn|7\n|inactive|Time left: 300 sec this turn | 300 sec total\n|\n|t:|1783541803\n|switch|p1a: Zebstrika|Zebstrika, L87, F|272/272\n|move|p2a: Minun|Thunderbolt|p1a: Zebstrika\n|-resisted|p1a: Zebstrika\n|-damage|p1a: Zebstrika|124/272\n|-damage|p2a: Minun|55/100|[from] item: Life Orb\n|\n|upkeep\n|turn|8\n|inactive|Time left: 300 sec this turn | 300 sec total\n|\n|t:|1783541804\n|-terastallize|p2a: Minun|Fairy\n|move|p1a: Zebstrika|High Horsepower|p2a: Minun\n|-damage|p2a: Minun|32/100\n|-damage|p1a: Zebstrika|97/272|[from] item: Life Orb\n|move|p2a: Minun|Alluring Voice|p1a: Zebstrika\n|-damage|p1a: Zebstrika|0 fnt\n|faint|p1a: Zebstrika\n|-damage|p2a: Minun|22/100|[from] item: Life Orb\n|\n|-sideend|p2: p0y1937195|move: Aurora Veil\n|upkeep\n|inactive|Time left: 300 sec this turn | 300 sec total | 5 sec grace\n|\n|t:|1783541805\n|switch|p1a: Heracross|Heracross, L80, M|259/259\n|turn|9\n|inactive|Time left: 300 sec this turn | 300 sec total\n|\n|t:|1783541807\n|switch|p2a: Clodsire|Clodsire, L81, F|100/100\n|move|p1a: Heracross|Close Combat|p2a: Clodsire\n|-resisted|p2a: Clodsire\n|-damage|p2a: Clodsire|74/100\n|-unboost|p1a: Heracross|def|1\n|-unboost|p1a: Heracross|spd|1\n|\n|-heal|p2a: Clodsire|80/100|[from] item: Leftovers\n|upkeep\n|turn|10\n|inactive|Time left: 300 sec this turn | 300 sec total\n|\n|t:|1783541808\n|switch|p1a: Metagross|Metagross, L79|199/256\n|move|p2a: Clodsire|Stealth Rock|p1a: Metagross\n|-sidestart|p1: p0x193e244|move: Stealth Rock\n|\n|-heal|p2a: Clodsire|86/100|[from] item: Leftovers\n|upkeep\n|turn|11\n|inactive|Time left: 300 sec this turn | 300 sec total\n|\n|t:|1783541809\n|switch|p2a: Chimecho|Chimecho, L93, M|100/100\n|move|p1a: Metagross|Psychic Fangs|p2a: Chimecho\n|-resisted|p2a: Chimecho\n|-damage|p2a: Chimecho|74/100\n|\n|-heal|p2a: Chimecho|80/100|[from] item: Leftovers\n|upkeep\n|turn|12\n|inactive|Time left: 300 sec this turn | 300 sec total\n|\n|t:|1783541810\n|move|p2a: Chimecho|Cosmic Power|p2a: Chimecho\n|-boost|p2a: Chimecho|def|1\n|-boost|p2a: Chimecho|spd|1\n|move|p1a: Metagross|Psychic Fangs|p2a: Chimecho\n|-resisted|p2a: Chimecho\n|-damage|p2a: Chimecho|64/100\n|\n|-heal|p2a: Chimecho|70/100|[from] item: Leftovers\n|upkeep\n|turn|13\n|inactive|Time left: 300 sec this turn | 300 sec total\n|\n|t:|1783541811\n|move|p2a: Chimecho|Cosmic Power|p2a: Chimecho\n|-boost|p2a: Chimecho|def|1\n|-boost|p2a: Chimecho|spd|1\n|move|p1a: Metagross|Psychic Fangs|p2a: Chimecho\n|-resisted|p2a: Chimecho\n|-damage|p2a: Chimecho|56/100\n|\n|-heal|p2a: Chimecho|62/100|[from] item: Leftovers\n|upkeep\n|turn|14\n|inactive|Time left: 300 sec this turn | 300 sec total\n|\n|t:|1783541812\n|move|p2a: Chimecho|Recover|p2a: Chimecho\n|-heal|p2a: Chimecho|100/100\n|move|p1a: Metagross|Psychic Fangs|p2a: Chimecho\n|-resisted|p2a: Chimecho\n|-crit|p2a: Chimecho\n|-damage|p2a: Chimecho|63/100\n|\n|-heal|p2a: Chimecho|69/100|[from] item: Leftovers\n|upkeep\n|turn|15\n|inactive|Time left: 300 sec this turn | 300 sec total\n|\n|t:|1783541814\n|move|p2a: Chimecho|Stored Power|p1a: Metagross\n|-resisted|p1a: Metagross\n|-damage|p1a: Metagross|168/256\n|move|p1a: Metagross|Psychic Fangs|p2a: Chimecho\n|-resisted|p2a: Chimecho\n|-damage|p2a: Chimecho|57/100\n|\n|-heal|p2a: Chimecho|63/100|[from] item: Leftovers\n|upkeep\n|turn|16\n|inactive|Time left: 300 sec this turn | 300 sec total\n|\n|t:|1783541815\n|move|p2a: Chimecho|Cosmic Power|p2a: Chimecho\n|-boost|p2a: Chimecho|def|1\n|-boost|p2a: Chimecho|spd|1\n|move|p1a: Metagross|Psychic Fangs|p2a: Chimecho\n|-resisted|p2a: Chimecho\n|-damage|p2a: Chimecho|52/100\n|\n|-heal|p2a: Chimecho|58/100|[from] item: Leftovers\n|upkeep\n|turn|17\n|inactive|Time left: 300 sec this turn | 300 sec total\n|\n|t:|1783541816\n|move|p2a: Chimecho|Stored Power|p1a: Metagross\n|-resisted|p1a: Metagross\n|-damage|p1a: Metagross|121/256\n|move|p1a: Metagross|Psychic Fangs|p2a: Chimecho\n|-resisted|p2a: Chimecho\n|-damage|p2a: Chimecho|48/100\n|\n|-heal|p2a: Chimecho|54/100|[from] item: Leftovers\n|upkeep\n|turn|18\n|inactive|Time left: 300 sec this turn | 300 sec total\n|\n|t:|1783541817\n|move|p2a: Chimecho|Stored Power|p1a: Metagross\n|-resisted|p1a: Metagross\n|-damage|p1a: Metagross|78/256\n|move|p1a: Metagross|Psychic Fangs|p2a: Chimecho\n|-resisted|p2a: Chimecho\n|-damage|p2a: Chimecho|44/100\n|\n|-heal|p2a: Chimecho|50/100|[from] item: Leftovers\n|upkeep\n|turn|19\n|inactive|Time left: 300 sec this turn | 300 sec total\n|\n|t:|1783541819\n|move|p2a: Chimecho|Stored Power|p1a: Metagross\n|-resisted|p1a: Metagross\n|-damage|p1a: Metagross|32/256\n|move|p1a: Metagross|Psychic Fangs|p2a: Chimecho\n|-resisted|p2a: Chimecho\n|-damage|p2a: Chimecho|39/100\n|\n|-heal|p2a: Chimecho|46/100|[from] item: Leftovers\n|upkeep\n|turn|20\n|inactive|Time left: 300 sec this turn | 300 sec total\n|\n|t:|1783541820\n|move|p2a: Chimecho|Recover|p2a: Chimecho\n|-heal|p2a: Chimecho|96/100\n|move|p1a: Metagross|Psychic Fangs|p2a: Chimecho\n|-resisted|p2a: Chimecho\n|-damage|p2a: Chimecho|85/100\n|\n|-heal|p2a: Chimecho|92/100|[from] item: Leftovers\n|upkeep\n|turn|21\n|inactive|Time left: 300 sec this turn | 300 sec total\n|\n|t:|1783541822\n|move|p2a: Chimecho|Stored Power|p1a: Metagross\n|-resisted|p1a: Metagross\n|-damage|p1a: Metagross|0 fnt\n|faint|p1a: Metagross\n|\n|-heal|p2a: Chimecho|98/100|[from] item: Leftovers\n|upkeep\n|inactive|Time left: 300 sec this turn | 300 sec total | 5 sec grace\n|\n|t:|1783541823\n|switch|p1a: Snorlax|Snorlax, L82, F|207/397\n|-damage|p1a: Snorlax|158/397|[from] Stealth Rock\n|turn|22\n|inactive|Time left: 300 sec this turn | 300 sec total\n|\n|t:|1783541824\n|move|p2a: Chimecho|Stored Power|p1a: Snorlax\n|-damage|p1a: Snorlax|11/397\n|move|p1a: Snorlax|Curse|p1a: Snorlax\n|-unboost|p1a: Snorlax|spe|1\n|-boost|p1a: Snorlax|atk|1\n|-boost|p1a: Snorlax|def|1\n|\n|-heal|p2a: Chimecho|100/100|[from] item: Leftovers\n|-heal|p1a: Snorlax|35/397|[from] item: Leftovers\n|upkeep\n|turn|23\n|inactive|Time left: 300 sec this turn | 300 sec total\n|\n|t:|1783541825\n|move|p2a: Chimecho|Stored Power|p1a: Snorlax\n|-damage|p1a: Snorlax|0 fnt\n|faint|p1a: Snorlax\n|\n|upkeep\n|inactive|Time left: 300 sec this turn | 300 sec total | 5 sec grace\n|\n|t:|1783541826\n|switch|p1a: Dedenne|Dedenne, L88, M|261/261\n|-damage|p1a: Dedenne|229/261|[from] Stealth Rock\n|turn|24\n|inactive|Time left: 300 sec this turn | 300 sec total\n|\n|t:|1783541827\n|move|p1a: Dedenne|Nuzzle|p2a: Chimecho\n|-damage|p2a: Chimecho|98/100\n|-status|p2a: Chimecho|par\n|move|p2a: Chimecho|Stored Power|p1a: Dedenne\n|-damage|p1a: Dedenne|27/261\n|-enditem|p1a: Dedenne|Sitrus Berry|[eat]\n|-heal|p1a: Dedenne|92/261|[from] item: Sitrus Berry\n|-heal|p1a: Dedenne|179/261|[from] ability: Cheek Pouch\n|\n|-heal|p2a: Chimecho|100/100 par|[from] item: Leftovers\n|upkeep\n|turn|25\n|inactive|Time left: 300 sec this turn | 300 sec total\n|\n|t:|1783541829\n|move|p1a: Dedenne|Super Fang|p2a: Chimecho\n|-damage|p2a: Chimecho|50/100 par\n|move|p2a: Chimecho|Stored Power|p1a: Dedenne\n|-damage|p1a: Dedenne|0 fnt\n|faint|p1a: Dedenne\n|\n|-heal|p2a: Chimecho|57/100 par|[from] item: Leftovers\n|upkeep\n|inactive|Time left: 300 sec this turn | 300 sec total | 5 sec grace\n|\n|t:|1783541830\n|switch|p1a: Granbull|Granbull, L88, F|302/302\n|-damage|p1a: Granbull|265/302|[from] Stealth Rock\n|-ability|p1a: Granbull|Intimidate|boost\n|-unboost|p2a: Chimecho|atk|1\n|turn|26\n|inactive|Time left: 300 sec this turn | 300 sec total\n|\n|t:|1783541830\n|move|p2a: Chimecho|Stored Power|p1a: Granbull\n|-damage|p1a: Granbull|28/302\n|move|p1a: Granbull|Roar|p2a: Chimecho\n|drag|p2a: Iron Thorns|Iron Thorns, L83|100/100\n|\n|-heal|p1a: Granbull|46/302|[from] item: Leftovers\n|upkeep\n|turn|27\n|inactive|Time left: 300 sec this turn | 300 sec total\n|\n|t:|1783541831\n|move|p2a: Iron Thorns|Ice Punch|p1a: Granbull\n|-damage|p1a: Granbull|0 fnt\n|faint|p1a: Granbull\n|\n|upkeep\n|inactive|Time left: 300 sec this turn | 300 sec total | 5 sec grace\n|\n|t:|1783541832\n|switch|p1a: Heracross|Heracross, L80, M|259/259\n|-damage|p1a: Heracross|227/259|[from] Stealth Rock\n|turn|28\n|inactive|Time left: 300 sec this turn | 300 sec total\n|\n|t:|1783541833\n|move|p1a: Heracross|Close Combat|p2a: Iron Thorns\n|-supereffective|p2a: Iron Thorns\n|-damage|p2a: Iron Thorns|21/100\n|-unboost|p1a: Heracross|def|1\n|-unboost|p1a: Heracross|spd|1\n|move|p2a: Iron Thorns|Stone Edge|p1a: Heracross\n|-damage|p1a: Heracross|0 fnt\n|faint|p1a: Heracross\n|\n|win|p0y1937195", "uploadtime": 1783541833, "views": 0, "rating": 0, "private": 0, "password": null, "_winner": "p0y1937195", "_our_name": "p0x193e244"}