{"id": "battle-gen9randombattle-113", "formatid": "gen9randombattle", "format": "[Gen 9] Random Battle", "players": ["p0x113c643", "p0y113e602"], "log": "|init|battle\n|title|p0x113c643 vs. p0y113e602\n|j|\u2606p0x113c643\n|j|\u2606p0y113e602\n|t:|1783540476\n|gametype|singles\n|player|p1|p0x113c643|1|\n|player|p2|p0y113e602|1|\n|gen|9\n|tier|[Gen 9] Random Battle\n|rule|Species Clause: Limit one of each Pok\u00e9mon\n|rule|HP Percentage Mod: HP is shown in percentages\n|rule|Sleep Clause Mod: Limit one foe put to sleep\n|rule|Illusion Level Mod: Illusion disguises the Pok\u00e9mon's true level\n|\n|t:|1783540476\n|teamsize|p1|6\n|teamsize|p2|6\n|start\n|switch|p1a: Sinistcha|Sinistcha-Masterpiece, L83|254/254\n|switch|p2a: Medicham|Medicham, L86, M|100/100\n|turn|1\n|inactive|Battle timer is ON: inactive players will automatically lose when time's up. (requested by p0y113e602)\n|inactive|Time left: 300 sec this turn | 300 sec total | 60 sec grace\n|inactive|p0x113c643 also wants the timer to be on.\n|\n|t:|1783540477\n|move|p2a: Medicham|Zen Headbutt|p1a: Sinistcha\n|-damage|p1a: Sinistcha|146/254\n|move|p1a: Sinistcha|Shadow Ball|p2a: Medicham\n|-supereffective|p2a: Medicham\n|-damage|p2a: Medicham|11/100\n|\n|-heal|p1a: Sinistcha|161/254|[from] item: Leftovers\n|upkeep\n|turn|2\n|inactive|Time left: 300 sec this turn | 300 sec total\n|\n|t:|1783540478\n|move|p2a: Medicham|Zen Headbutt|p1a: Sinistcha\n|-damage|p1a: Sinistcha|59/254\n|move|p1a: Sinistcha|Strength Sap|p2a: Medicham\n|-unboost|p2a: Medicham|atk|1\n|-heal|p1a: Sinistcha|211/254\n|\n|-heal|p1a: Sinistcha|226/254|[from] item: Leftovers\n|upkeep\n|turn|3\n|inactive|Time left: 300 sec this turn | 300 sec total\n|\n|t:|1783540479\n|move|p2a: Medicham|Zen Headbutt|p1a: Sinistcha\n|-damage|p1a: Sinistcha|157/254\n|move|p1a: Sinistcha|Calm Mind|p1a: Sinistcha\n|-boost|p1a: Sinistcha|spa|1\n|-boost|p1a: Sinistcha|spd|1\n|\n|-heal|p1a: Sinistcha|172/254|[from] item: Leftovers\n|upkeep\n|turn|4\n|inactive|Time left: 300 sec this turn | 300 sec total\n|\n|t:|1783540480\n|move|p2a: Medicham|Zen Headbutt|p1a: Sinistcha\n|-damage|p1a: Sinistcha|99/254\n|move|p1a: Sinistcha|Matcha Gotcha|p2a: Medicham\n|-damage|p2a: Medicham|0 fnt\n|-heal|p1a: Sinistcha|112/254|[from] drain|[of] p2a: Medicham\n|faint|p2a: Medicham\n|\n|-heal|p1a: Sinistcha|127/254|[from] item: Leftovers\n|upkeep\n|\n|t:|1783540481\n|switch|p2a: Indeedee|Indeedee-F, L90, F|100/100\n|-fieldstart|move: Psychic Terrain|[from] ability: Psychic Surge|[of] p2a: Indeedee\n|turn|5\n|inactive|Time left: 300 sec this turn | 300 sec total\n|\n|t:|1783540482\n|-terastallize|p1a: Sinistcha|Steel\n|move|p2a: Indeedee|Psyshock|p1a: Sinistcha\n|-resisted|p1a: Sinistcha\n|-damage|p1a: Sinistcha|59/254\n|-damage|p2a: Indeedee|91/100|[from] item: Life Orb\n|move|p1a: Sinistcha|Strength Sap|p2a: Indeedee\n|-unboost|p2a: Indeedee|atk|1\n|-heal|p1a: Sinistcha|163/254\n|\n|-heal|p1a: Sinistcha|178/254|[from] item: Leftovers\n|upkeep\n|turn|6\n|inactive|Time left: 300 sec this turn | 300 sec total\n|\n|t:|1783540483\n|switch|p2a: Zebstrika|Zebstrika, L87, F|100/100\n|move|p1a: Sinistcha|Matcha Gotcha|p2a: Zebstrika\n|-ability|p2a: Zebstrika|Sap Sipper|boost\n|-boost|p2a: Zebstrika|atk|1\n|\n|-heal|p1a: Sinistcha|193/254|[from] item: Leftovers\n|upkeep\n|turn|7\n|inactive|Time left: 300 sec this turn | 300 sec total\n|\n|t:|1783540484\n|switch|p1a: Leafeon|Leafeon, L88, M|258/258\n|move|p2a: Zebstrika|High Horsepower|p1a: Leafeon\n|-resisted|p1a: Leafeon\n|-damage|p1a: Leafeon|205/258\n|-damage|p2a: Zebstrika|91/100|[from] item: Life Orb\n|\n|-heal|p1a: Leafeon|221/258|[from] item: Leftovers\n|upkeep\n|turn|8\n|inactive|Time left: 300 sec this turn | 300 sec total\n|\n|t:|1783540485\n|switch|p1a: Weezing|Weezing-Galar, L86, F|252/252\n|move|p2a: Zebstrika|Overheat|p1a: Weezing\n|-crit|p1a: Weezing\n|-damage|p1a: Weezing|62/252\n|-unboost|p2a: Zebstrika|spa|2\n|-damage|p2a: Zebstrika|81/100|[from] item: Life Orb\n|\n|-heal|p1a: Weezing|77/252|[from] item: Leftovers\n|upkeep\n|turn|9\n|inactive|Time left: 300 sec this turn | 300 sec total\n|\n|t:|1783540487\n|move|p2a: Zebstrika|Supercell Slam|p1a: Weezing\n|-damage|p1a: Weezing|0 fnt\n|faint|p1a: Weezing\n|-damage|p2a: Zebstrika|71/100|[from] item: Life Orb\n|\n|-fieldend|move: Psychic Terrain\n|upkeep\n|inactive|Time left: 300 sec this turn | 300 sec total | 5 sec grace\n|\n|t:|1783540488\n|switch|p1a: Leafeon|Leafeon, L88, M|221/258\n|turn|10\n|inactive|Time left: 300 sec this turn | 300 sec total\n|\n|t:|1783540489\n|move|p2a: Zebstrika|Supercell Slam|p1a: Leafeon\n|-resisted|p1a: Leafeon\n|-damage|p1a: Leafeon|142/258\n|-damage|p2a: Zebstrika|61/100|[from] item: Life Orb\n|move|p1a: Leafeon|Swords Dance|p1a: Leafeon\n|-boost|p1a: Leafeon|atk|2\n|\n|-heal|p1a: Leafeon|158/258|[from] item: Leftovers\n|upkeep\n|turn|11\n|inactive|Time left: 300 sec this turn | 300 sec total\n|\n|t:|1783540490\n|move|p2a: Zebstrika|Overheat|p1a: Leafeon\n|-supereffective|p1a: Leafeon\n|-damage|p1a: Leafeon|28/258\n|-unboost|p2a: Zebstrika|spa|2\n|-damage|p2a: Zebstrika|51/100|[from] item: Life Orb\n|move|p1a: Leafeon|Double-Edge|p2a: Zebstrika\n|-damage|p2a: Zebstrika|0 fnt\n|faint|p2a: Zebstrika\n|-damage|p1a: Leafeon|0 fnt|[from] Recoil\n|faint|p1a: Leafeon\n|\n|upkeep\n|inactive|Time left: 300 sec this turn | 300 sec total | 5 sec grace\n|\n|t:|1783540491\n|switch|p2a: Diancie|Diancie, L82|100/100\n|switch|p1a: Sinistcha|Sinistcha-Masterpiece, L83, tera:Steel|193/254\n|turn|12\n|inactive|Time left: 300 sec this turn | 300 sec total\n|\n|t:|1783540492\n|move|p1a: Sinistcha|Matcha Gotcha|p2a: Diancie\n|-supereffective|p2a: Diancie\n|-damage|p2a: Diancie|39/100\n|-heal|p1a: Sinistcha|254/254|[from] drain|[of] p2a: Diancie\n|move|p2a: Diancie|Calm Mind|p2a: Diancie\n|-boost|p2a: Diancie|spa|1\n|-boost|p2a: Diancie|spd|1\n|\n|-heal|p2a: Diancie|45/100|[from] item: Leftovers\n|upkeep\n|turn|13\n|inactive|Time left: 300 sec this turn | 300 sec total\n|\n|t:|1783540494\n|move|p1a: Sinistcha|Calm Mind|p1a: Sinistcha\n|-boost|p1a: Sinistcha|spa|1\n|-boost|p1a: Sinistcha|spd|1\n|move|p2a: Diancie|Earth Power|p1a: Sinistcha\n|-supereffective|p1a: Sinistcha\n|-damage|p1a: Sinistcha|130/254\n|\n|-heal|p1a: Sinistcha|145/254|[from] item: Leftovers\n|-heal|p2a: Diancie|51/100|[from] item: Leftovers\n|upkeep\n|turn|14\n|inactive|Time left: 300 sec this turn | 300 sec total\n|\n|t:|1783540495\n|-terastallize|p2a: Diancie|Fairy\n|move|p1a: Sinistcha|Matcha Gotcha|p2a: Diancie\n|-damage|p2a: Diancie|22/100\n|-heal|p1a: Sinistcha|177/254|[from] drain|[of] p2a: Diancie\n|-status|p2a: Diancie|brn\n|move|p2a: Diancie|Calm Mind|p2a: Diancie\n|-boost|p2a: Diancie|spa|1\n|-boost|p2a: Diancie|spd|1\n|\n|-heal|p1a: Sinistcha|192/254|[from] item: Leftovers\n|-heal|p2a: Diancie|28/100 brn|[from] item: Leftovers\n|-damage|p2a: Diancie|22/100 brn|[from] brn\n|upkeep\n|turn|15\n|inactive|Time left: 300 sec this turn | 300 sec total\n|\n|t:|1783540496\n|move|p1a: Sinistcha|Matcha Gotcha|p2a: Diancie\n|-damage|p2a: Diancie|0 fnt\n|-heal|p1a: Sinistcha|216/254|[from] drain|[of] p2a: Diancie\n|faint|p2a: Diancie\n|\n|-heal|p1a: Sinistcha|231/254|[from] item: Leftovers\n|upkeep\n|\n|t:|1783540497\n|switch|p2a: Arboliva|Arboliva, L91, M|100/100\n|turn|16\n|inactive|Time left: 300 sec this turn | 300 sec total\n|\n|t:|1783540498\n|move|p1a: Sinistcha|Calm Mind|p1a: Sinistcha\n|-boost|p1a: Sinistcha|spa|1\n|-boost|p1a: Sinistcha|spd|1\n|move|p2a: Arboliva|Leech Seed|p1a: Sinistcha\n|-start|p1a: Sinistcha|move: Leech Seed\n|\n|-heal|p1a: Sinistcha|246/254|[from] item: Leftovers\n|-damage|p1a: Sinistcha|215/254|[from] Leech Seed|[of] p2a: Arboliva\n|upkeep\n|turn|17\n|inactive|Time left: 300 sec this turn | 300 sec total\n|\n|t:|1783540499\n|move|p1a: Sinistcha|Strength Sap|p2a: Arboliva\n|-unboost|p2a: Arboliva|atk|1\n|-heal|p1a: Sinistcha|254/254\n|move|p2a: Arboliva|Substitute|p2a: Arboliva\n|-start|p2a: Arboliva|Substitute\n|-damage|p2a: Arboliva|75/100\n|\n|-damage|p1a: Sinistcha|223/254|[from] Leech Seed|[of] p2a: Arboliva\n|-heal|p2a: Arboliva|86/100|[silent]\n|upkeep\n|turn|18\n|inactive|Time left: 300 sec this turn | 300 sec total\n|\n|t:|1783540500\n|move|p1a: Sinistcha|Calm Mind|p1a: Sinistcha\n|-boost|p1a: Sinistcha|spa|1\n|-boost|p1a: Sinistcha|spd|1\n|move|p2a: Arboliva|Hyper Voice|p1a: Sinistcha\n|-resisted|p1a: Sinistcha\n|-damage|p1a: Sinistcha|190/254\n|\n|-heal|p1a: Sinistcha|205/254|[from] item: Leftovers\n|-damage|p1a: Sinistcha|174/254|[from] Leech Seed|[of] p2a: Arboliva\n|-heal|p2a: Arboliva|97/100|[silent]\n|upkeep\n|turn|19\n|inactive|Time left: 300 sec this turn | 300 sec total\n|\n|t:|1783540501\n|move|p2a: Arboliva|Protect|p2a: Arboliva\n|-singleturn|p2a: Arboliva|Protect\n|move|p1a: Sinistcha|Matcha Gotcha|p2a: Arboliva\n|-activate|p2a: Arboliva|move: Protect\n|\n|-heal|p1a: Sinistcha|189/254|[from] item: Leftovers\n|-damage|p1a: Sinistcha|158/254|[from] Leech Seed|[of] p2a: Arboliva\n|-heal|p2a: Arboliva|100/100|[silent]\n|upkeep\n|turn|20\n|inactive|Time left: 300 sec this turn | 300 sec total\n|\n|t:|1783540502\n|move|p1a: Sinistcha|Matcha Gotcha|p2a: Arboliva\n|-resisted|p2a: Arboliva\n|-end|p2a: Arboliva|Substitute\n|-heal|p1a: Sinistcha|194/254|[from] drain|[of] p2a: Arboliva\n|move|p2a: Arboliva|Substitute|p2a: Arboliva\n|-start|p2a: Arboliva|Substitute\n|-damage|p2a: Arboliva|75/100\n|\n|-heal|p1a: Sinistcha|209/254|[from] item: Leftovers\n|-damage|p1a: Sinistcha|178/254|[from] Leech Seed|[of] p2a: Arboliva\n|-heal|p2a: Arboliva|86/100|[silent]\n|upkeep\n|turn|21\n|inactive|Time left: 300 sec this turn | 300 sec total\n|\n|t:|1783540503\n|move|p2a: Arboliva|Protect|p2a: Arboliva\n|-singleturn|p2a: Arboliva|Protect\n|move|p1a: Sinistcha|Matcha Gotcha|p2a: Arboliva\n|-activate|p2a: Arboliva|move: Protect\n|\n|-heal|p1a: Sinistcha|193/254|[from] item: Leftovers\n|-damage|p1a: Sinistcha|162/254|[from] Leech Seed|[of] p2a: Arboliva\n|-heal|p2a: Arboliva|97/100|[silent]\n|upkeep\n|turn|22\n|inactive|Time left: 300 sec this turn | 300 sec total\n|\n|t:|1783540504\n|move|p1a: Sinistcha|Matcha Gotcha|p2a: Arboliva|[miss]\n|-miss|p1a: Sinistcha|p2a: Arboliva\n|move|p2a: Arboliva|Hyper Voice|p1a: Sinistcha\n|-resisted|p1a: Sinistcha\n|-damage|p1a: Sinistcha|131/254\n|\n|-heal|p1a: Sinistcha|146/254|[from] item: Leftovers\n|-damage|p1a: Sinistcha|115/254|[from] Leech Seed|[of] p2a: Arboliva\n|-heal|p2a: Arboliva|100/100|[silent]\n|upkeep\n|turn|23\n|inactive|Time left: 300 sec this turn | 300 sec total\n|\n|t:|1783540505\n|move|p2a: Arboliva|Protect|p2a: Arboliva\n|-singleturn|p2a: Arboliva|Protect\n|move|p1a: Sinistcha|Strength Sap|p2a: Arboliva\n|-activate|p2a: Arboliva|move: Protect\n|\n|-heal|p1a: Sinistcha|130/254|[from] item: Leftovers\n|-damage|p1a: Sinistcha|99/254|[from] Leech Seed|[of] p2a: Arboliva\n|upkeep\n|turn|24\n|inactive|Time left: 300 sec this turn | 300 sec total\n|\n|t:|1783540506\n|move|p1a: Sinistcha|Strength Sap||[still]\n|-fail|p1a: Sinistcha\n|move|p2a: Arboliva|Hyper Voice|p1a: Sinistcha\n|-resisted|p1a: Sinistcha\n|-damage|p1a: Sinistcha|69/254\n|\n|-heal|p1a: Sinistcha|84/254|[from] item: Leftovers\n|-damage|p1a: Sinistcha|53/254|[from] Leech Seed|[of] p2a: Arboliva\n|upkeep\n|turn|25\n|inactive|Time left: 300 sec this turn | 300 sec total\n|\n|t:|1783540507\n|move|p2a: Arboliva|Protect|p2a: Arboliva\n|-singleturn|p2a: Arboliva|Protect\n|move|p1a: Sinistcha|Strength Sap|p2a: Arboliva\n|-activate|p2a: Arboliva|move: Protect\n|\n|-heal|p1a: Sinistcha|68/254|[from] item: Leftovers\n|-damage|p1a: Sinistcha|37/254|[from] Leech Seed|[of] p2a: Arboliva\n|upkeep\n|turn|26\n|inactive|Time left: 300 sec this turn | 300 sec total\n|\n|t:|1783540507\n|move|p1a: Sinistcha|Strength Sap||[still]\n|-fail|p1a: Sinistcha\n|move|p2a: Arboliva|Hyper Voice|p1a: Sinistcha\n|-resisted|p1a: Sinistcha\n|-damage|p1a: Sinistcha|7/254\n|\n|-heal|p1a: Sinistcha|22/254|[from] item: Leftovers\n|-damage|p1a: Sinistcha|0 fnt|[from] Leech Seed|[of] p2a: Arboliva\n|faint|p1a: Sinistcha\n|upkeep\n|inactive|Time left: 300 sec this turn | 300 sec total | 5 sec grace\n|\n|t:|1783540508\n|switch|p1a: Rabsca|Rabsca, L91, F|284/284\n|turn|27\n|inactive|Time left: 300 sec this turn | 300 sec total\n|\n|t:|1783540509\n|move|p1a: Rabsca|Bug Buzz|p2a: Arboliva\n|-supereffective|p2a: Arboliva\n|-damage|p2a: Arboliva|36/100\n|-enditem|p2a: Arboliva|Sitrus Berry|[eat]\n|-heal|p2a: Arboliva|61/100|[from] item: Sitrus Berry\n|move|p2a: Arboliva|Leech Seed|p1a: Rabsca\n|-start|p1a: Rabsca|move: Leech Seed\n|\n|-damage|p1a: Rabsca|249/284|[from] Leech Seed|[of] p2a: Arboliva\n|-heal|p2a: Arboliva|73/100|[silent]\n|upkeep\n|turn|28\n|inactive|Time left: 300 sec this turn | 300 sec total\n|\n|t:|1783540510\n|move|p2a: Arboliva|Protect|p2a: Arboliva\n|-singleturn|p2a: Arboliva|Protect\n|move|p1a: Rabsca|Bug Buzz|p2a: Arboliva\n|-activate|p2a: Arboliva|move: Protect\n|\n|-damage|p1a: Rabsca|214/284|[from] Leech Seed|[of] p2a: Arboliva\n|-heal|p2a: Arboliva|85/100|[silent]\n|upkeep\n|turn|29\n|inactive|Time left: 300 sec this turn | 300 sec total\n|\n|t:|1783540511\n|move|p1a: Rabsca|Bug Buzz|p2a: Arboliva\n|-supereffective|p2a: Arboliva\n|-damage|p2a: Arboliva|16/100\n|move|p2a: Arboliva|Hyper Voice|p1a: Rabsca\n|-damage|p1a: Rabsca|93/284\n|\n|-damage|p1a: Rabsca|58/284|[from] Leech Seed|[of] p2a: Arboliva\n|-heal|p2a: Arboliva|28/100|[silent]\n|-item|p2a: Arboliva|Sitrus Berry|[from] ability: Harvest\n|upkeep\n|-enditem|p2a: Arboliva|Sitrus Berry|[eat]\n|-heal|p2a: Arboliva|53/100|[from] item: Sitrus Berry\n|turn|30\n|inactive|Time left: 300 sec this turn | 300 sec total\n|\n|t:|1783540512\n|move|p2a: Arboliva|Protect|p2a: Arboliva\n|-singleturn|p2a: Arboliva|Protect\n|move|p1a: Rabsca|Bug Buzz|p2a: Arboliva\n|-activate|p2a: Arboliva|move: Protect\n|\n|-damage|p1a: Rabsca|23/284|[from] Leech Seed|[of] p2a: Arboliva\n|-heal|p2a: Arboliva|65/100|[silent]\n|upkeep\n|turn|31\n|inactive|Time left: 300 sec this turn | 300 sec total\n|\n|t:|1783540513\n|move|p2a: Arboliva|Protect||[still]\n|-fail|p2a: Arboliva\n|move|p1a: Rabsca|Bug Buzz|p2a: Arboliva\n|-supereffective|p2a: Arboliva\n|-damage|p2a: Arboliva|0 fnt\n|faint|p2a: Arboliva\n|\n|upkeep\n|\n|t:|1783540514\n|switch|p2a: Indeedee|Indeedee-F, L90, F|91/100\n|-fieldstart|move: Psychic Terrain|[from] ability: Psychic Surge|[of] p2a: Indeedee\n|turn|32\n|inactive|Time left: 300 sec this turn | 300 sec total\n|\n|t:|1783540515\n|move|p2a: Indeedee|Calm Mind|p2a: Indeedee\n|-boost|p2a: Indeedee|spa|1\n|-boost|p2a: Indeedee|spd|1\n|move|p1a: Rabsca|Bug Buzz|p2a: Indeedee\n|-supereffective|p2a: Indeedee\n|-damage|p2a: Indeedee|41/100\n|\n|-damage|p1a: Rabsca|0 fnt|[from] Leech Seed|[of] p2a: Indeedee\n|-heal|p2a: Indeedee|50/100|[silent]\n|faint|p1a: Rabsca\n|upkeep\n|inactive|Time left: 300 sec this turn | 300 sec total | 5 sec grace\n|\n|t:|1783540516\n|switch|p1a: Basculin|Basculin-Blue-Striped, L86, M|261/261\n|turn|33\n|inactive|Time left: 300 sec this turn | 300 sec total\n|\n|t:|1783540517\n|move|p1a: Basculin|Wave Crash|p2a: Indeedee\n|-damage|p2a: Indeedee|0 fnt\n|faint|p2a: Indeedee\n|-damage|p1a: Basculin|217/261|[from] Recoil\n|\n|upkeep\n|\n|t:|1783540518\n|switch|p2a: Umbreon|Umbreon, L84, M|100/100\n|turn|34\n|inactive|Time left: 300 sec this turn | 300 sec total\n|\n|t:|1783540519\n|move|p2a: Umbreon|Protect|p2a: Umbreon\n|-singleturn|p2a: Umbreon|Protect\n|move|p1a: Basculin|Wave Crash|p2a: Umbreon\n|-activate|p2a: Umbreon|move: Protect\n|\n|upkeep\n|turn|35\n|inactive|Time left: 300 sec this turn | 300 sec total\n|\n|t:|1783540520\n|move|p1a: Basculin|Wave Crash|p2a: Umbreon\n|-damage|p2a: Umbreon|24/100\n|-damage|p1a: Basculin|142/261|[from] Recoil\n|move|p2a: Umbreon|Wish|p2a: Umbreon\n|\n|-heal|p2a: Umbreon|30/100|[from] item: Leftovers\n|upkeep\n|turn|36\n|inactive|Time left: 300 sec this turn | 300 sec total\n|\n|t:|1783540521\n|move|p2a: Umbreon|Protect|p2a: Umbreon\n|-singleturn|p2a: Umbreon|Protect\n|move|p1a: Basculin|Wave Crash|p2a: Umbreon\n|-activate|p2a: Umbreon|move: Protect\n|\n|-heal|p2a: Umbreon|80/100|[from] move: Wish|[wisher] Umbreon\n|-heal|p2a: Umbreon|86/100|[from] item: Leftovers\n|-fieldend|move: Psychic Terrain\n|upkeep\n|turn|37\n|inactive|Time left: 300 sec this turn | 300 sec total\n|\n|t:|1783540522\n|move|p1a: Basculin|Wave Crash|p2a: Umbreon\n|-damage|p2a: Umbreon|12/100\n|-damage|p1a: Basculin|70/261|[from] Recoil\n|move|p2a: Umbreon|Foul Play|p1a: Basculin\n|-damage|p1a: Basculin|0 fnt\n|faint|p1a: Basculin\n|\n|-heal|p2a: Umbreon|18/100|[from] item: Leftovers\n|upkeep\n|inactive|Time left: 300 sec this turn | 300 sec total | 5 sec grace\n|\n|t:|1783540522\n|switch|p1a: Regieleki|Regieleki, L79|256/256\n|turn|38\n|inactive|Time left: 300 sec this turn | 300 sec total\n|\n|t:|1783540523\n|move|p2a: Umbreon|Protect|p2a: Umbreon\n|-singleturn|p2a: Umbreon|Protect\n|move|p1a: Regieleki|Thunderbolt|p2a: Umbreon\n|-activate|p2a: Umbreon|move: Protect\n|\n|-heal|p2a: Umbreon|24/100|[from] item: Leftovers\n|upkeep\n|turn|39\n|inactive|Time left: 300 sec this turn | 300 sec total\n|\n|t:|1783540524\n|move|p2a: Umbreon|Protect|p2a: Umbreon\n|-singleturn|p2a: Umbreon|Protect\n|move|p1a: Regieleki|Volt Switch|p2a: Umbreon\n|-activate|p2a: Umbreon|move: Protect\n|\n|-heal|p2a: Umbreon|30/100|[from] item: Leftovers\n|upkeep\n|turn|40\n|inactive|Time left: 300 sec this turn | 300 sec total\n|\n|t:|1783540525\n|move|p2a: Umbreon|Protect||[still]\n|-fail|p2a: Umbreon\n|move|p1a: Regieleki|Thunderbolt|p2a: Umbreon\n|-damage|p2a: Umbreon|0 fnt\n|faint|p2a: Umbreon\n|\n|win|p0x113c643", "uploadtime": 1783540525, "views": 0, "rating": 0, "private": 0, "password": null, "_winner": "p0x113c643", "_our_name": "p0x113c643"}