{"id": "battle-gen9randombattle-1899", "formatid": "gen9randombattle", "format": "[Gen 9] Random Battle", "players": ["p0x1899f033", "p0y1899f1a0"], "log": "|init|battle\n|title|p0x1899f033 vs. p0y1899f1a0\n|j|\u2606p0x1899f033\n|j|\u2606p0y1899f1a0\n|t:|1783561971\n|gametype|singles\n|player|p1|p0x1899f033|169|\n|player|p2|p0y1899f1a0|266|\n|gen|9\n|tier|[Gen 9] Random Battle\n|rule|Species Clause: Limit one of each Pok\u00e9mon\n|rule|HP Percentage Mod: HP is shown in percentages\n|rule|Sleep Clause Mod: Limit one foe put to sleep\n|rule|Illusion Level Mod: Illusion disguises the Pok\u00e9mon's true level\n|\n|t:|1783561971\n|teamsize|p1|6\n|teamsize|p2|6\n|start\n|switch|p1a: Iron Bundle|Iron Bundle, L78|215/215\n|switch|p2a: Iron Bundle|Iron Bundle, L78|100/100\n|turn|1\n|inactive|Battle timer is ON: inactive players will automatically lose when time's up. (requested by p0y1899f1a0)\n|inactive|Time left: 300 sec this turn | 300 sec total | 60 sec grace\n|inactive|p0x1899f033 also wants the timer to be on.\n|\n|t:|1783561972\n|move|p1a: Iron Bundle|Freeze-Dry|p2a: Iron Bundle\n|-damage|p2a: Iron Bundle|27/100\n|move|p2a: Iron Bundle|Freeze-Dry|p1a: Iron Bundle\n|-damage|p1a: Iron Bundle|59/215\n|\n|upkeep\n|turn|2\n|inactive|Time left: 300 sec this turn | 300 sec total\n|\n|t:|1783561973\n|move|p1a: Iron Bundle|Freeze-Dry|p2a: Iron Bundle\n|-damage|p2a: Iron Bundle|0 fnt\n|faint|p2a: Iron Bundle\n|-end|p2a: Iron Bundle|Quark Drive|[silent]\n|\n|upkeep\n|\n|t:|1783561974\n|switch|p2a: Clawitzer|Clawitzer, L87, M|100/100\n|turn|3\n|inactive|Time left: 300 sec this turn | 300 sec total\n|\n|t:|1783561975\n|move|p1a: Iron Bundle|Freeze-Dry|p2a: Clawitzer\n|-supereffective|p2a: Clawitzer\n|-damage|p2a: Clawitzer|21/100\n|-status|p2a: Clawitzer|frz\n|-curestatus|p2a: Clawitzer|frz|[msg]\n|move|p2a: Clawitzer|Water Pulse|p1a: Iron Bundle\n|-resisted|p1a: Iron Bundle\n|-damage|p1a: Iron Bundle|0 fnt\n|faint|p1a: Iron Bundle\n|-end|p1a: Iron Bundle|Quark Drive|[silent]\n|\n|upkeep\n|inactive|Time left: 300 sec this turn | 300 sec total | 5 sec grace\n|\n|t:|1783561976\n|switch|p1a: Florges|Florges-Blue, L85, F|271/271\n|turn|4\n|inactive|Time left: 300 sec this turn | 300 sec total\n|\n|t:|1783561977\n|switch|p2a: Clodsire|Clodsire, L81, M|100/100\n|move|p1a: Florges|Moonblast|p2a: Clodsire\n|-resisted|p2a: Clodsire\n|-damage|p2a: Clodsire|85/100\n|\n|-heal|p2a: Clodsire|91/100|[from] item: Leftovers\n|upkeep\n|turn|5\n|inactive|Time left: 300 sec this turn | 300 sec total\n|\n|t:|1783561978\n|switch|p1a: Scrafty|Scrafty, L83, F|244/244\n|-ability|p1a: Scrafty|Intimidate|boost\n|-unboost|p2a: Clodsire|atk|1\n|move|p2a: Clodsire|Poison Jab|p1a: Scrafty\n|-damage|p1a: Scrafty|208/244\n|-status|p1a: Scrafty|psn\n|\n|-heal|p1a: Scrafty|223/244 psn|[from] item: Leftovers\n|-heal|p2a: Clodsire|97/100|[from] item: Leftovers\n|-damage|p1a: Scrafty|193/244 psn|[from] psn\n|upkeep\n|turn|6\n|inactive|Time left: 300 sec this turn | 300 sec total\n|\n|t:|1783561979\n|move|p1a: Scrafty|Dragon Dance|p1a: Scrafty\n|-boost|p1a: Scrafty|atk|1\n|-boost|p1a: Scrafty|spe|1\n|move|p2a: Clodsire|Stealth Rock|p1a: Scrafty\n|-sidestart|p1: p0x1899f033|move: Stealth Rock\n|\n|-heal|p1a: Scrafty|208/244 psn|[from] item: Leftovers\n|-heal|p2a: Clodsire|100/100|[from] item: Leftovers\n|-damage|p1a: Scrafty|178/244 psn|[from] psn\n|upkeep\n|turn|7\n|inactive|Time left: 300 sec this turn | 300 sec total\n|\n|t:|1783561980\n|switch|p2a: Sandslash|Sandslash, L89, F|100/100\n|move|p1a: Scrafty|Knock Off|p2a: Sandslash\n|-damage|p2a: Sandslash|58/100\n|-enditem|p2a: Sandslash|Leftovers|[from] move: Knock Off|[of] p1a: Scrafty\n|\n|-heal|p1a: Scrafty|193/244 psn|[from] item: Leftovers\n|-damage|p1a: Scrafty|163/244 psn|[from] psn\n|upkeep\n|turn|8\n|inactive|Time left: 300 sec this turn | 300 sec total\n|\n|t:|1783561981\n|move|p1a: Scrafty|Drain Punch|p2a: Sandslash\n|-damage|p2a: Sandslash|27/100\n|-heal|p1a: Scrafty|207/244 psn|[from] drain|[of] p2a: Sandslash\n|move|p2a: Sandslash|Earthquake|p1a: Scrafty\n|-damage|p1a: Scrafty|116/244 psn\n|\n|-heal|p1a: Scrafty|131/244 psn|[from] item: Leftovers\n|-damage|p1a: Scrafty|101/244 psn|[from] psn\n|upkeep\n|turn|9\n|inactive|Time left: 300 sec this turn | 300 sec total\n|\n|t:|1783561982\n|switch|p2a: Clodsire|Clodsire, L81, M|100/100\n|move|p1a: Scrafty|Drain Punch|p2a: Clodsire\n|-resisted|p2a: Clodsire\n|-damage|p2a: Clodsire|87/100\n|-heal|p1a: Scrafty|125/244 psn|[from] drain|[of] p2a: Clodsire\n|\n|-heal|p1a: Scrafty|140/244 psn|[from] item: Leftovers\n|-heal|p2a: Clodsire|93/100|[from] item: Leftovers\n|-damage|p1a: Scrafty|110/244 psn|[from] psn\n|upkeep\n|turn|10\n|inactive|Time left: 300 sec this turn | 300 sec total\n|\n|t:|1783561983\n|move|p1a: Scrafty|Knock Off|p2a: Clodsire\n|-damage|p2a: Clodsire|54/100\n|-enditem|p2a: Clodsire|Leftovers|[from] move: Knock Off|[of] p1a: Scrafty\n|move|p2a: Clodsire|Earthquake|p1a: Scrafty\n|-damage|p1a: Scrafty|38/244 psn\n|\n|-heal|p1a: Scrafty|53/244 psn|[from] item: Leftovers\n|-damage|p1a: Scrafty|23/244 psn|[from] psn\n|upkeep\n|turn|11\n|inactive|Time left: 300 sec this turn | 300 sec total\n|\n|t:|1783561984\n|move|p1a: Scrafty|Drain Punch|p2a: Clodsire\n|-resisted|p2a: Clodsire\n|-damage|p2a: Clodsire|40/100\n|-heal|p1a: Scrafty|48/244 psn|[from] drain|[of] p2a: Clodsire\n|move|p2a: Clodsire|Recover|p2a: Clodsire\n|-heal|p2a: Clodsire|90/100\n|\n|-heal|p1a: Scrafty|63/244 psn|[from] item: Leftovers\n|-damage|p1a: Scrafty|33/244 psn|[from] psn\n|upkeep\n|turn|12\n|inactive|Time left: 300 sec this turn | 300 sec total\n|\n|t:|1783561985\n|move|p1a: Scrafty|Drain Punch|p2a: Clodsire\n|-resisted|p2a: Clodsire\n|-damage|p2a: Clodsire|74/100\n|-heal|p1a: Scrafty|60/244 psn|[from] drain|[of] p2a: Clodsire\n|move|p2a: Clodsire|Earthquake|p1a: Scrafty\n|-damage|p1a: Scrafty|0 fnt\n|faint|p1a: Scrafty\n|\n|upkeep\n|inactive|Time left: 300 sec this turn | 300 sec total | 5 sec grace\n|\n|t:|1783561986\n|switch|p1a: Pecharunt|Pecharunt, L77|262/262\n|-damage|p1a: Pecharunt|230/262|[from] Stealth Rock\n|turn|13\n|inactive|Time left: 300 sec this turn | 300 sec total\n|\n|t:|1783561987\n|move|p1a: Pecharunt|Nasty Plot|p1a: Pecharunt\n|-boost|p1a: Pecharunt|spa|2\n|move|p2a: Clodsire|Earthquake|p1a: Pecharunt\n|-supereffective|p1a: Pecharunt\n|-damage|p1a: Pecharunt|128/262\n|\n|-heal|p1a: Pecharunt|144/262|[from] item: Leftovers\n|upkeep\n|turn|14\n|inactive|Time left: 300 sec this turn | 300 sec total\n|\n|t:|1783561988\n|move|p1a: Pecharunt|Recover|p1a: Pecharunt\n|-heal|p1a: Pecharunt|262/262\n|move|p2a: Clodsire|Earthquake|p1a: Pecharunt\n|-supereffective|p1a: Pecharunt\n|-damage|p1a: Pecharunt|146/262\n|\n|-heal|p1a: Pecharunt|162/262|[from] item: Leftovers\n|upkeep\n|turn|15\n|inactive|Time left: 300 sec this turn | 300 sec total\n|\n|t:|1783561989\n|move|p1a: Pecharunt|Recover|p1a: Pecharunt\n|-heal|p1a: Pecharunt|262/262\n|move|p2a: Clodsire|Earthquake|p1a: Pecharunt\n|-supereffective|p1a: Pecharunt\n|-damage|p1a: Pecharunt|148/262\n|\n|-heal|p1a: Pecharunt|164/262|[from] item: Leftovers\n|upkeep\n|turn|16\n|inactive|Time left: 300 sec this turn | 300 sec total\n|\n|t:|1783561991\n|move|p1a: Pecharunt|Recover|p1a: Pecharunt\n|-heal|p1a: Pecharunt|262/262\n|move|p2a: Clodsire|Earthquake|p1a: Pecharunt\n|-supereffective|p1a: Pecharunt\n|-damage|p1a: Pecharunt|154/262\n|\n|-heal|p1a: Pecharunt|170/262|[from] item: Leftovers\n|upkeep\n|turn|17\n|inactive|Time left: 300 sec this turn | 300 sec total\n|\n|t:|1783561992\n|move|p1a: Pecharunt|Recover|p1a: Pecharunt\n|-heal|p1a: Pecharunt|262/262\n|move|p2a: Clodsire|Earthquake|p1a: Pecharunt\n|-supereffective|p1a: Pecharunt\n|-damage|p1a: Pecharunt|154/262\n|\n|-heal|p1a: Pecharunt|170/262|[from] item: Leftovers\n|upkeep\n|turn|18\n|inactive|Time left: 300 sec this turn | 300 sec total\n|\n|t:|1783561993\n|move|p1a: Pecharunt|Recover|p1a: Pecharunt\n|-heal|p1a: Pecharunt|262/262\n|move|p2a: Clodsire|Earthquake|p1a: Pecharunt\n|-supereffective|p1a: Pecharunt\n|-damage|p1a: Pecharunt|142/262\n|\n|-heal|p1a: Pecharunt|158/262|[from] item: Leftovers\n|upkeep\n|turn|19\n|inactive|Time left: 300 sec this turn | 300 sec total\n|\n|t:|1783561994\n|move|p1a: Pecharunt|Recover|p1a: Pecharunt\n|-heal|p1a: Pecharunt|262/262\n|move|p2a: Clodsire|Earthquake|p1a: Pecharunt\n|-supereffective|p1a: Pecharunt\n|-damage|p1a: Pecharunt|160/262\n|\n|-heal|p1a: Pecharunt|176/262|[from] item: Leftovers\n|upkeep\n|turn|20\n|inactive|Time left: 300 sec this turn | 300 sec total\n|\n|t:|1783561995\n|move|p1a: Pecharunt|Recover|p1a: Pecharunt\n|-heal|p1a: Pecharunt|262/262\n|move|p2a: Clodsire|Earthquake|p1a: Pecharunt\n|-supereffective|p1a: Pecharunt\n|-damage|p1a: Pecharunt|142/262\n|\n|-heal|p1a: Pecharunt|158/262|[from] item: Leftovers\n|upkeep\n|turn|21\n|inactive|Time left: 300 sec this turn | 300 sec total\n|\n|t:|1783561996\n|move|p1a: Pecharunt|Recover|p1a: Pecharunt\n|-heal|p1a: Pecharunt|262/262\n|move|p2a: Clodsire|Earthquake|p1a: Pecharunt\n|-supereffective|p1a: Pecharunt\n|-damage|p1a: Pecharunt|152/262\n|\n|-heal|p1a: Pecharunt|168/262|[from] item: Leftovers\n|upkeep\n|turn|22\n|inactive|Time left: 300 sec this turn | 300 sec total\n|\n|t:|1783561997\n|move|p1a: Pecharunt|Shadow Ball|p2a: Clodsire\n|-damage|p2a: Clodsire|54/100\n|move|p2a: Clodsire|Earthquake|p1a: Pecharunt\n|-supereffective|p1a: Pecharunt\n|-damage|p1a: Pecharunt|58/262\n|\n|-heal|p1a: Pecharunt|74/262|[from] item: Leftovers\n|upkeep\n|turn|23\n|inactive|Time left: 300 sec this turn | 300 sec total\n|\n|t:|1783561998\n|move|p1a: Pecharunt|Shadow Ball|p2a: Clodsire\n|-damage|p2a: Clodsire|37/100\n|move|p2a: Clodsire|Earthquake|p1a: Pecharunt\n|-supereffective|p1a: Pecharunt\n|-damage|p1a: Pecharunt|0 fnt\n|faint|p1a: Pecharunt\n|\n|upkeep\n|inactive|Time left: 300 sec this turn | 300 sec total | 5 sec grace\n|\n|t:|1783561999\n|switch|p1a: Florges|Florges-Blue, L85, F|271/271\n|-damage|p1a: Florges|238/271|[from] Stealth Rock\n|turn|24\n|inactive|Time left: 300 sec this turn | 300 sec total\n|\n|t:|1783562000\n|-terastallize|p1a: Florges|Ground\n|move|p1a: Florges|Tera Blast|p2a: Clodsire|[anim] Tera Blast Ground\n|-supereffective|p2a: Clodsire\n|-damage|p2a: Clodsire|0 fnt\n|faint|p2a: Clodsire\n|\n|-heal|p1a: Florges|254/271|[from] item: Leftovers\n|upkeep\n|\n|t:|1783562001\n|switch|p2a: Mewtwo|Mewtwo, L72|100/100\n|-ability|p2a: Mewtwo|Unnerve\n|turn|25\n|inactive|Time left: 300 sec this turn | 300 sec total\n|\n|t:|1783562002\n|move|p2a: Mewtwo|Nasty Plot|p2a: Mewtwo\n|-boost|p2a: Mewtwo|spa|2\n|move|p1a: Florges|Moonblast|p2a: Mewtwo\n|-damage|p2a: Mewtwo|47/100\n|-unboost|p2a: Mewtwo|spa|1\n|\n|-heal|p1a: Florges|270/271|[from] item: Leftovers\n|upkeep\n|turn|26\n|inactive|Time left: 300 sec this turn | 300 sec total\n|\n|t:|1783562003\n|move|p2a: Mewtwo|Psystrike|p1a: Florges\n|-damage|p1a: Florges|15/271\n|-damage|p2a: Mewtwo|37/100|[from] item: Life Orb\n|move|p1a: Florges|Tera Blast|p2a: Mewtwo|[anim] Tera Blast Ground\n|-damage|p2a: Mewtwo|0 fnt\n|faint|p2a: Mewtwo\n|\n|-heal|p1a: Florges|31/271|[from] item: Leftovers\n|upkeep\n|\n|t:|1783562004\n|switch|p2a: Sinistcha|Sinistcha, L83|100/100\n|turn|27\n|inactive|Time left: 300 sec this turn | 300 sec total\n|\n|t:|1783562005\n|move|p1a: Florges|Synthesis|p1a: Florges\n|-heal|p1a: Florges|166/271\n|move|p2a: Sinistcha|Calm Mind|p2a: Sinistcha\n|-boost|p2a: Sinistcha|spa|1\n|-boost|p2a: Sinistcha|spd|1\n|\n|-heal|p1a: Florges|182/271|[from] item: Leftovers\n|upkeep\n|turn|28\n|inactive|Time left: 300 sec this turn | 300 sec total\n|\n|t:|1783562006\n|move|p1a: Florges|Calm Mind|p1a: Florges\n|-boost|p1a: Florges|spa|1\n|-boost|p1a: Florges|spd|1\n|move|p2a: Sinistcha|Matcha Gotcha|p1a: Florges\n|-supereffective|p1a: Florges\n|-damage|p1a: Florges|62/271\n|\n|-heal|p1a: Florges|78/271|[from] item: Leftovers\n|upkeep\n|turn|29\n|inactive|Time left: 300 sec this turn | 300 sec total\n|\n|t:|1783562007\n|move|p1a: Florges|Synthesis|p1a: Florges\n|-heal|p1a: Florges|213/271\n|move|p2a: Sinistcha|Matcha Gotcha|p1a: Florges\n|-supereffective|p1a: Florges\n|-damage|p1a: Florges|75/271\n|\n|-heal|p1a: Florges|91/271|[from] item: Leftovers\n|upkeep\n|turn|30\n|inactive|Time left: 300 sec this turn | 300 sec total\n|\n|t:|1783562008\n|move|p1a: Florges|Synthesis|p1a: Florges\n|-heal|p1a: Florges|226/271\n|move|p2a: Sinistcha|Matcha Gotcha|p1a: Florges\n|-supereffective|p1a: Florges\n|-damage|p1a: Florges|106/271\n|\n|-heal|p1a: Florges|122/271|[from] item: Leftovers\n|upkeep\n|turn|31\n|inactive|Time left: 300 sec this turn | 300 sec total\n|\n|t:|1783562009\n|move|p1a: Florges|Calm Mind|p1a: Florges\n|-boost|p1a: Florges|spa|1\n|-boost|p1a: Florges|spd|1\n|move|p2a: Sinistcha|Matcha Gotcha|p1a: Florges\n|-supereffective|p1a: Florges\n|-damage|p1a: Florges|26/271\n|\n|-heal|p1a: Florges|42/271|[from] item: Leftovers\n|upkeep\n|turn|32\n|inactive|Time left: 300 sec this turn | 300 sec total\n|\n|t:|1783562010\n|move|p1a: Florges|Synthesis|p1a: Florges\n|-heal|p1a: Florges|177/271\n|move|p2a: Sinistcha|Matcha Gotcha|p1a: Florges\n|-supereffective|p1a: Florges\n|-damage|p1a: Florges|81/271\n|\n|-heal|p1a: Florges|97/271|[from] item: Leftovers\n|upkeep\n|turn|33\n|inactive|Time left: 300 sec this turn | 300 sec total\n|\n|t:|1783562011\n|move|p1a: Florges|Synthesis|p1a: Florges\n|-heal|p1a: Florges|232/271\n|move|p2a: Sinistcha|Matcha Gotcha|p1a: Florges\n|-supereffective|p1a: Florges\n|-damage|p1a: Florges|134/271\n|\n|-heal|p1a: Florges|150/271|[from] item: Leftovers\n|upkeep\n|turn|34\n|inactive|Time left: 300 sec this turn | 300 sec total\n|\n|t:|1783562012\n|move|p1a: Florges|Moonblast|p2a: Sinistcha\n|-damage|p2a: Sinistcha|32/100\n|move|p2a: Sinistcha|Strength Sap|p1a: Florges\n|-unboost|p1a: Florges|atk|1\n|-heal|p2a: Sinistcha|77/100\n|\n|-heal|p1a: Florges|166/271|[from] item: Leftovers\n|-heal|p2a: Sinistcha|83/100|[from] item: Leftovers\n|upkeep\n|turn|35\n|inactive|Time left: 300 sec this turn | 300 sec total\n|\n|t:|1783562013\n|move|p1a: Florges|Moonblast|p2a: Sinistcha\n|-damage|p2a: Sinistcha|17/100\n|move|p2a: Sinistcha|Matcha Gotcha|p1a: Florges\n|-supereffective|p1a: Florges\n|-damage|p1a: Florges|76/271\n|-heal|p2a: Sinistcha|34/100|[from] drain|[of] p1a: Florges\n|\n|-heal|p1a: Florges|92/271|[from] item: Leftovers\n|-heal|p2a: Sinistcha|40/100|[from] item: Leftovers\n|upkeep\n|turn|36\n|inactive|Time left: 300 sec this turn | 300 sec total\n|\n|t:|1783562014\n|-terastallize|p2a: Sinistcha|Steel\n|move|p1a: Florges|Moonblast|p2a: Sinistcha\n|-resisted|p2a: Sinistcha\n|-damage|p2a: Sinistcha|10/100\n|move|p2a: Sinistcha|Matcha Gotcha|p1a: Florges\n|-supereffective|p1a: Florges\n|-crit|p1a: Florges\n|-damage|p1a: Florges|0 fnt\n|-heal|p2a: Sinistcha|28/100|[from] drain|[of] p1a: Florges\n|faint|p1a: Florges\n|\n|-heal|p2a: Sinistcha|34/100|[from] item: Leftovers\n|upkeep\n|inactive|Time left: 300 sec this turn | 300 sec total | 5 sec grace\n|\n|t:|1783562015\n|switch|p1a: Zebstrika|Zebstrika, L87, M|272/272\n|-damage|p1a: Zebstrika|238/272|[from] Stealth Rock\n|turn|37\n|inactive|Time left: 300 sec this turn | 300 sec total\n|\n|t:|1783562015\n|switch|p2a: Sandslash|Sandslash, L89, F|27/100\n|move|p1a: Zebstrika|High Horsepower|p2a: Sandslash\n|-damage|p2a: Sandslash|0 fnt\n|faint|p2a: Sandslash\n|-damage|p1a: Zebstrika|211/272|[from] item: Life Orb\n|\n|upkeep\n|\n|t:|1783562016\n|switch|p2a: Sinistcha|Sinistcha, L83, tera:Steel|34/100\n|turn|38\n|inactive|Time left: 300 sec this turn | 300 sec total\n|\n|t:|1783562017\n|move|p1a: Zebstrika|High Horsepower|p2a: Sinistcha\n|-supereffective|p2a: Sinistcha\n|-damage|p2a: Sinistcha|0 fnt\n|faint|p2a: Sinistcha\n|-damage|p1a: Zebstrika|184/272|[from] item: Life Orb\n|\n|upkeep\n|\n|t:|1783562018\n|switch|p2a: Clawitzer|Clawitzer, L87, M|21/100\n|turn|39\n|inactive|Time left: 300 sec this turn | 300 sec total\n|\n|t:|1783562019\n|move|p1a: Zebstrika|Volt Switch|p2a: Clawitzer\n|-supereffective|p2a: Clawitzer\n|-damage|p2a: Clawitzer|0 fnt\n|faint|p2a: Clawitzer\n|-damage|p1a: Zebstrika|157/272|[from] item: Life Orb\n|\n|win|p0x1899f033", "uploadtime": 1783562019, "views": 0, "rating": 0, "private": 0, "password": null, "_winner": "p0x1899f033", "_our_name": "p0x1899f033"}