{"id": "battle-gen9randombattle-371", "formatid": "gen9randombattle", "format": "[Gen 9] Random Battle", "players": ["p0x372c69a", "p0y37289a2"], "log": "|init|battle\n|title|p0x372c69a vs. p0y37289a2\n|j|\u2606p0x372c69a\n|j|\u2606p0y37289a2\n|t:|1783543419\n|gametype|singles\n|player|p1|p0x372c69a|170|\n|player|p2|p0y37289a2|1|\n|gen|9\n|tier|[Gen 9] Random Battle\n|rule|Species Clause: Limit one of each Pok\u00e9mon\n|rule|HP Percentage Mod: HP is shown in percentages\n|rule|Sleep Clause Mod: Limit one foe put to sleep\n|rule|Illusion Level Mod: Illusion disguises the Pok\u00e9mon's true level\n|\n|t:|1783543419\n|teamsize|p1|6\n|teamsize|p2|6\n|start\n|switch|p1a: Koraidon|Koraidon, L64|100/100\n|switch|p2a: Frosmoth|Frosmoth, L82, F|249/249\n|-weather|SunnyDay|[from] ability: Orichalcum Pulse|[of] p1a: Koraidon\n|-activate|p1a: Koraidon|Orichalcum Pulse|[source]\n|turn|1\n|inactive|Battle timer is ON: inactive players will automatically lose when time's up. (requested by p0x372c69a)\n|inactive|Time left: 300 sec this turn | 300 sec total | 60 sec grace\n|inactive|p0y37289a2 also wants the timer to be on.\n|\n|t:|1783543421\n|move|p1a: Koraidon|Outrage|p2a: Frosmoth\n|-damage|p2a: Frosmoth|0 fnt\n|faint|p2a: Frosmoth\n|\n|-weather|SunnyDay|[upkeep]\n|upkeep\n|inactive|Time left: 300 sec this turn | 300 sec total | 65 sec grace\n|\n|t:|1783543422\n|switch|p2a: Probopass|Probopass, L91, F|257/257\n|turn|2\n|inactive|Time left: 300 sec this turn | 300 sec total\n|\n|t:|1783543424\n|move|p1a: Koraidon|Outrage|p2a: Probopass|[from] lockedmove\n|-resisted|p2a: Probopass\n|-damage|p2a: Probopass|202/257\n|-start|p1a: Koraidon|confusion|[fatigue]\n|move|p2a: Probopass|Iron Defense|p2a: Probopass\n|-boost|p2a: Probopass|def|2\n|\n|-weather|SunnyDay|[upkeep]\n|-heal|p2a: Probopass|218/257|[from] item: Leftovers\n|upkeep\n|turn|3\n|inactive|Time left: 300 sec this turn | 300 sec total\n|\n|t:|1783543425\n|switch|p1a: Polteageist|Polteageist, L78|100/100\n|move|p2a: Probopass|Body Press|p1a: Polteageist\n|-immune|p1a: Polteageist\n|\n|-weather|SunnyDay|[upkeep]\n|-heal|p2a: Probopass|234/257|[from] item: Leftovers\n|upkeep\n|turn|4\n|inactive|Time left: 300 sec this turn | 300 sec total\n|\n|t:|1783543426\n|move|p1a: Polteageist|Shell Smash|p1a: Polteageist\n|-unboost|p1a: Polteageist|def|1\n|-unboost|p1a: Polteageist|spd|1\n|-boost|p1a: Polteageist|atk|2\n|-boost|p1a: Polteageist|spa|2\n|-boost|p1a: Polteageist|spe|2\n|-enditem|p1a: Polteageist|White Herb\n|-clearnegativeboost|p1a: Polteageist|[silent]\n|move|p2a: Probopass|Power Gem|p1a: Polteageist\n|-crit|p1a: Polteageist\n|-damage|p1a: Polteageist|54/100\n|-start|p2a: Probopass|Disable|Power Gem|[from] ability: Cursed Body|[of] p1a: Polteageist\n|\n|-weather|SunnyDay|[upkeep]\n|-heal|p2a: Probopass|250/257|[from] item: Leftovers\n|upkeep\n|turn|5\n|inactive|Time left: 300 sec this turn | 300 sec total\n|\n|t:|1783543427\n|move|p1a: Polteageist|Strength Sap|p2a: Probopass\n|-unboost|p2a: Probopass|atk|1\n|-heal|p1a: Polteageist|100/100\n|move|p2a: Probopass|Flash Cannon|p1a: Polteageist\n|-damage|p1a: Polteageist|67/100\n|\n|-weather|none\n|-heal|p2a: Probopass|257/257|[from] item: Leftovers\n|upkeep\n|turn|6\n|inactive|Time left: 300 sec this turn | 300 sec total\n|\n|t:|1783543428\n|move|p1a: Polteageist|Strength Sap|p2a: Probopass\n|-unboost|p2a: Probopass|atk|1\n|-heal|p1a: Polteageist|98/100\n|move|p2a: Probopass|Flash Cannon|p1a: Polteageist\n|-damage|p1a: Polteageist|63/100\n|\n|upkeep\n|turn|7\n|inactive|Time left: 300 sec this turn | 300 sec total\n|\n|t:|1783543428\n|move|p1a: Polteageist|Shadow Ball|p2a: Probopass\n|-damage|p2a: Probopass|137/257\n|move|p2a: Probopass|Flash Cannon|p1a: Polteageist\n|-damage|p1a: Polteageist|30/100\n|\n|-heal|p2a: Probopass|153/257|[from] item: Leftovers\n|-end|p2a: Probopass|Disable\n|upkeep\n|turn|8\n|inactive|Time left: 300 sec this turn | 300 sec total\n|\n|t:|1783543429\n|move|p1a: Polteageist|Strength Sap|p2a: Probopass\n|-unboost|p2a: Probopass|atk|1\n|-heal|p1a: Polteageist|54/100\n|move|p2a: Probopass|Power Gem|p1a: Polteageist\n|-damage|p1a: Polteageist|21/100\n|\n|-heal|p2a: Probopass|169/257|[from] item: Leftovers\n|upkeep\n|turn|9\n|inactive|Time left: 300 sec this turn | 300 sec total\n|\n|t:|1783543430\n|move|p1a: Polteageist|Strength Sap|p2a: Probopass\n|-unboost|p2a: Probopass|atk|1\n|-heal|p1a: Polteageist|40/100\n|move|p2a: Probopass|Power Gem|p1a: Polteageist\n|-crit|p1a: Polteageist\n|-damage|p1a: Polteageist|0 fnt\n|faint|p1a: Polteageist\n|\n|-heal|p2a: Probopass|185/257|[from] item: Leftovers\n|upkeep\n|\n|t:|1783543431\n|switch|p1a: Koraidon|Koraidon, L64|100/100\n|-weather|SunnyDay|[from] ability: Orichalcum Pulse|[of] p1a: Koraidon\n|-activate|p1a: Koraidon|Orichalcum Pulse|[source]\n|turn|10\n|inactive|Time left: 300 sec this turn | 300 sec total\n|\n|t:|1783543432\n|-terastallize|p2a: Probopass|Fighting\n|move|p1a: Koraidon|Close Combat|p2a: Probopass\n|-damage|p2a: Probopass|127/257\n|-unboost|p1a: Koraidon|def|1\n|-unboost|p1a: Koraidon|spd|1\n|move|p2a: Probopass|Body Press|p1a: Koraidon\n|-damage|p1a: Koraidon|0 fnt\n|faint|p1a: Koraidon\n|\n|-weather|SunnyDay|[upkeep]\n|-heal|p2a: Probopass|143/257|[from] item: Leftovers\n|upkeep\n|\n|t:|1783543433\n|switch|p1a: Clodsire|Clodsire, L81, F|100/100\n|turn|11\n|inactive|Time left: 300 sec this turn | 300 sec total\n|\n|t:|1783543434\n|move|p2a: Probopass|Body Press|p1a: Clodsire\n|-resisted|p1a: Clodsire\n|-damage|p1a: Clodsire|42/100\n|move|p1a: Clodsire|Gunk Shot|p2a: Probopass\n|-damage|p2a: Probopass|109/257\n|-status|p2a: Probopass|psn\n|\n|-weather|SunnyDay|[upkeep]\n|-heal|p2a: Probopass|125/257 psn|[from] item: Leftovers\n|-heal|p1a: Clodsire|48/100|[from] item: Leftovers\n|-damage|p2a: Probopass|93/257 psn|[from] psn\n|upkeep\n|turn|12\n|inactive|Time left: 300 sec this turn | 300 sec total\n|\n|t:|1783543435\n|move|p2a: Probopass|Body Press|p1a: Clodsire\n|-resisted|p1a: Clodsire\n|-damage|p1a: Clodsire|0 fnt\n|faint|p1a: Clodsire\n|\n|-weather|SunnyDay|[upkeep]\n|-heal|p2a: Probopass|109/257 psn|[from] item: Leftovers\n|-damage|p2a: Probopass|77/257 psn|[from] psn\n|upkeep\n|\n|t:|1783543436\n|switch|p1a: Jolteon|Jolteon, L84, M|100/100\n|turn|13\n|inactive|Time left: 300 sec this turn | 300 sec total\n|\n|t:|1783543437\n|move|p1a: Jolteon|Alluring Voice|p2a: Probopass\n|-supereffective|p2a: Probopass\n|-damage|p2a: Probopass|5/257 psn\n|move|p2a: Probopass|Body Press|p1a: Jolteon\n|-damage|p1a: Jolteon|0 fnt\n|faint|p1a: Jolteon\n|\n|-weather|SunnyDay|[upkeep]\n|-heal|p2a: Probopass|21/257 psn|[from] item: Leftovers\n|-damage|p2a: Probopass|0 fnt|[from] psn\n|faint|p2a: Probopass\n|upkeep\n|inactive|Time left: 300 sec this turn | 300 sec total | 5 sec grace\n|\n|t:|1783543438\n|switch|p1a: Arceus|Arceus-Dark, L71|100/100\n|switch|p2a: Morpeko|Morpeko, L88, M|245/245\n|turn|14\n|inactive|Time left: 300 sec this turn | 300 sec total\n|\n|t:|1783543440\n|move|p2a: Morpeko|Parting Shot|p1a: Arceus\n|-unboost|p1a: Arceus|atk|1\n|-unboost|p1a: Arceus|spa|1\n|inactive|Time left: 300 sec this turn | 300 sec total | 5 sec grace\n|\n|t:|1783543440\n|switch|p2a: Komala|Komala, L87, M|255/255|[from] Parting Shot\n|-ability|p2a: Komala|Comatose\n|move|p1a: Arceus|Calm Mind|p1a: Arceus\n|-boost|p1a: Arceus|spa|1\n|-boost|p1a: Arceus|spd|1\n|\n|-weather|none\n|upkeep\n|turn|15\n|inactive|Time left: 300 sec this turn | 300 sec total\n|\n|t:|1783543442\n|move|p1a: Arceus|Calm Mind|p1a: Arceus\n|-boost|p1a: Arceus|spa|1\n|-boost|p1a: Arceus|spd|1\n|move|p2a: Komala|Body Slam|p1a: Arceus\n|-damage|p1a: Arceus|64/100\n|\n|upkeep\n|turn|16\n|inactive|Time left: 300 sec this turn | 300 sec total\n|\n|t:|1783543443\n|move|p1a: Arceus|Recover|p1a: Arceus\n|-heal|p1a: Arceus|100/100\n|move|p2a: Komala|Body Slam|p1a: Arceus\n|-damage|p1a: Arceus|65/100\n|-status|p1a: Arceus|par\n|\n|upkeep\n|turn|17\n|inactive|Time left: 300 sec this turn | 300 sec total\n|\n|t:|1783543444\n|move|p2a: Komala|Body Slam|p1a: Arceus\n|-damage|p1a: Arceus|33/100 par\n|cant|p1a: Arceus|par\n|\n|upkeep\n|turn|18\n|inactive|Time left: 300 sec this turn | 300 sec total\n|\n|t:|1783543445\n|move|p2a: Komala|Body Slam|p1a: Arceus\n|-damage|p1a: Arceus|0 fnt\n|faint|p1a: Arceus\n|\n|upkeep\n|\n|t:|1783543446\n|switch|p1a: Talonflame|Talonflame, L83, M|100/100\n|turn|19\n|inactive|Time left: 300 sec this turn | 300 sec total\n|\n|t:|1783543447\n|move|p1a: Talonflame|Brave Bird|p2a: Komala\n|-damage|p2a: Komala|119/255\n|-damage|p1a: Talonflame|84/100|[from] Recoil\n|move|p2a: Komala|Body Slam|p1a: Talonflame\n|-damage|p1a: Talonflame|34/100\n|\n|upkeep\n|turn|20\n|inactive|Time left: 300 sec this turn | 300 sec total\n|\n|t:|1783543448\n|move|p1a: Talonflame|Roost|p1a: Talonflame\n|-heal|p1a: Talonflame|84/100\n|-singleturn|p1a: Talonflame|move: Roost\n|move|p2a: Komala|Knock Off|p1a: Talonflame\n|-damage|p1a: Talonflame|44/100\n|-enditem|p1a: Talonflame|Heavy-Duty Boots|[from] move: Knock Off|[of] p2a: Komala\n|\n|upkeep\n|turn|21\n|inactive|Time left: 300 sec this turn | 300 sec total\n|\n|t:|1783543449\n|move|p1a: Talonflame|Brave Bird|p2a: Komala\n|-damage|p2a: Komala|0 fnt\n|faint|p2a: Komala\n|-damage|p1a: Talonflame|29/100|[from] Recoil\n|\n|upkeep\n|inactive|Time left: 300 sec this turn | 300 sec total | 5 sec grace\n|\n|t:|1783543449\n|switch|p2a: Wugtrio|Wugtrio, L91, F|212/212\n|turn|22\n|inactive|Time left: 300 sec this turn | 300 sec total\n|\n|t:|1783543450\n|move|p2a: Wugtrio|Liquidation|p1a: Talonflame\n|-supereffective|p1a: Talonflame\n|-damage|p1a: Talonflame|0 fnt\n|faint|p1a: Talonflame\n|\n|win|p0y37289a2", "uploadtime": 1783543450, "views": 0, "rating": 0, "private": 0, "password": null, "_winner": "p0y37289a2", "_our_name": "p0y37289a2"}