{"id": "battle-gen9randombattle-2673", "formatid": "gen9randombattle", "format": "[Gen 9] Random Battle", "players": ["p0x26732f8b", "p0y26733cbd"], "log": "|init|battle\n|title|p0x26732f8b vs. p0y26733cbd\n|j|\u2606p0x26732f8b\n|j|\u2606p0y26733cbd\n|t:|1783569840\n|gametype|singles\n|player|p1|p0x26732f8b|266|\n|player|p2|p0y26733cbd|170|\n|gen|9\n|tier|[Gen 9] Random Battle\n|rule|Species Clause: Limit one of each Pok\u00e9mon\n|rule|HP Percentage Mod: HP is shown in percentages\n|rule|Sleep Clause Mod: Limit one foe put to sleep\n|rule|Illusion Level Mod: Illusion disguises the Pok\u00e9mon's true level\n|\n|t:|1783569840\n|teamsize|p1|6\n|teamsize|p2|6\n|start\n|switch|p1a: Pikachu|Pikachu-Alola, L93, M|100/100\n|switch|p2a: Volcanion|Volcanion, L79|256/256\n|turn|1\n|inactive|Battle timer is ON: inactive players will automatically lose when time's up. (requested by p0x26732f8b)\n|inactive|Time left: 300 sec this turn | 300 sec total | 60 sec grace\n|inactive|p0y26733cbd also wants the timer to be on.\n|\n|t:|1783569841\n|-terastallize|p2a: Volcanion|Ground\n|move|p1a: Pikachu|Volt Tackle|p2a: Volcanion\n|-immune|p2a: Volcanion\n|move|p2a: Volcanion|Earth Power|p1a: Pikachu\n|-supereffective|p1a: Pikachu\n|-crit|p1a: Pikachu\n|-damage|p1a: Pikachu|0 fnt\n|faint|p1a: Pikachu\n|\n|upkeep\n|\n|t:|1783569842\n|switch|p1a: Vivillon|Vivillon-Icy Snow, L83, F|100/100\n|turn|2\n|inactive|Time left: 300 sec this turn | 300 sec total\n|\n|t:|1783569843\n|move|p1a: Vivillon|Sleep Powder|p2a: Volcanion\n|-status|p2a: Volcanion|slp|[from] move: Sleep Powder\n|cant|p2a: Volcanion|slp\n|\n|upkeep\n|turn|3\n|inactive|Time left: 300 sec this turn | 300 sec total\n|\n|t:|1783569843\n|move|p1a: Vivillon|Quiver Dance|p1a: Vivillon\n|-boost|p1a: Vivillon|spa|1\n|-boost|p1a: Vivillon|spd|1\n|-boost|p1a: Vivillon|spe|1\n|cant|p2a: Volcanion|slp\n|\n|upkeep\n|turn|4\n|inactive|Time left: 300 sec this turn | 300 sec total\n|\n|t:|1783569844\n|switch|p2a: Ampharos|Ampharos, L88, M|302/302\n|move|p1a: Vivillon|Hurricane|p2a: Ampharos\n|-resisted|p2a: Ampharos\n|-damage|p2a: Ampharos|248/302\n|-start|p2a: Ampharos|confusion\n|\n|upkeep\n|turn|5\n|inactive|Time left: 300 sec this turn | 300 sec total\n|\n|t:|1783569845\n|move|p1a: Vivillon|Quiver Dance|p1a: Vivillon\n|-boost|p1a: Vivillon|spa|1\n|-boost|p1a: Vivillon|spd|1\n|-boost|p1a: Vivillon|spe|1\n|-activate|p2a: Ampharos|confusion\n|move|p2a: Ampharos|Dragon Tail|p1a: Vivillon\n|-damage|p1a: Vivillon|78/100\n|drag|p1a: Slowbro|Slowbro-Galar, L87, F|100/100\n|\n|upkeep\n|turn|6\n|inactive|Time left: 300 sec this turn | 300 sec total\n|\n|t:|1783569846\n|switch|p2a: Slowbro|Slowbro, L85, F|300/300\n|move|p1a: Slowbro|Psychic|p2a: Slowbro\n|-resisted|p2a: Slowbro\n|-damage|p2a: Slowbro|266/300\n|\n|upkeep\n|turn|7\n|inactive|Time left: 300 sec this turn | 300 sec total\n|\n|t:|1783569847\n|move|p1a: Slowbro|Earthquake|p2a: Slowbro\n|-damage|p2a: Slowbro|196/300\n|move|p2a: Slowbro|Scald|p1a: Slowbro\n|-damage|p1a: Slowbro|79/100\n|\n|upkeep\n|turn|8\n|inactive|Time left: 300 sec this turn | 300 sec total\n|\n|t:|1783569848\n|move|p1a: Slowbro|Shell Side Arm|p2a: Slowbro|[anim] Shell Side Arm Special\n|-damage|p2a: Slowbro|123/300\n|-hint|Special Shell Side Arm\n|move|p2a: Slowbro|Scald|p1a: Slowbro\n|-damage|p1a: Slowbro|55/100\n|\n|upkeep\n|turn|9\n|inactive|Time left: 300 sec this turn | 300 sec total\n|\n|t:|1783569850\n|move|p1a: Slowbro|Shell Side Arm|p2a: Slowbro|[anim] Shell Side Arm Special\n|-damage|p2a: Slowbro|54/300\n|-hint|Special Shell Side Arm\n|move|p2a: Slowbro|Scald|p1a: Slowbro\n|-damage|p1a: Slowbro|32/100\n|\n|upkeep\n|turn|10\n|inactive|Time left: 300 sec this turn | 300 sec total\n|\n|t:|1783569851\n|switch|p2a: Salamence|Salamence, L77, F|273/273\n|move|p1a: Slowbro|Earthquake|p2a: Salamence\n|-immune|p2a: Salamence\n|\n|upkeep\n|turn|11\n|inactive|Time left: 300 sec this turn | 300 sec total\n|\n|t:|1783569852\n|switch|p1a: Skeledirge|Skeledirge, L79, M|100/100\n|move|p2a: Salamence|Outrage|p1a: Skeledirge\n|-damage|p1a: Skeledirge|56/100\n|\n|upkeep\n|turn|12\n|inactive|Time left: 300 sec this turn | 300 sec total\n|\n|t:|1783569853\n|-terastallize|p1a: Skeledirge|Fairy\n|move|p2a: Salamence|Outrage|p1a: Skeledirge|[from] lockedmove\n|-immune|p1a: Skeledirge\n|-start|p2a: Salamence|confusion|[fatigue]\n|move|p1a: Skeledirge|Will-O-Wisp|p2a: Salamence\n|-status|p2a: Salamence|brn\n|\n|-damage|p2a: Salamence|256/273 brn|[from] brn\n|upkeep\n|turn|13\n|inactive|Time left: 300 sec this turn | 300 sec total\n|\n|t:|1783569854\n|switch|p2a: Slowbro|Slowbro, L85, F|154/300\n|move|p1a: Skeledirge|Slack Off|p1a: Skeledirge\n|-heal|p1a: Skeledirge|100/100\n|\n|upkeep\n|turn|14\n|inactive|Time left: 300 sec this turn | 300 sec total\n|\n|t:|1783569855\n|move|p1a: Skeledirge|Torch Song|p2a: Slowbro\n|-resisted|p2a: Slowbro\n|-damage|p2a: Slowbro|123/300\n|-boost|p1a: Skeledirge|spa|1\n|move|p2a: Slowbro|Psychic Noise|p1a: Skeledirge\n|-damage|p1a: Skeledirge|64/100\n|-start|p1a: Skeledirge|move: Heal Block\n|\n|upkeep\n|turn|15\n|inactive|Time left: 300 sec this turn | 300 sec total\n|\n|t:|1783569856\n|switch|p2a: Ampharos|Ampharos, L88, M|248/302\n|move|p1a: Skeledirge|Hex|p2a: Ampharos\n|-damage|p2a: Ampharos|182/302\n|\n|-end|p1a: Skeledirge|move: Heal Block\n|upkeep\n|turn|16\n|inactive|Time left: 300 sec this turn | 300 sec total\n|\n|t:|1783569857\n|move|p1a: Skeledirge|Slack Off|p1a: Skeledirge\n|-heal|p1a: Skeledirge|100/100\n|move|p2a: Ampharos|Discharge|p1a: Skeledirge\n|-damage|p1a: Skeledirge|55/100\n|\n|upkeep\n|turn|17\n|inactive|Time left: 300 sec this turn | 300 sec total\n|\n|t:|1783569858\n|move|p1a: Skeledirge|Slack Off|p1a: Skeledirge\n|-heal|p1a: Skeledirge|100/100\n|move|p2a: Ampharos|Discharge|p1a: Skeledirge\n|-damage|p1a: Skeledirge|60/100\n|\n|upkeep\n|turn|18\n|inactive|Time left: 300 sec this turn | 300 sec total\n|\n|t:|1783569859\n|move|p1a: Skeledirge|Torch Song|p2a: Ampharos\n|-damage|p2a: Ampharos|104/302\n|-boost|p1a: Skeledirge|spa|1\n|move|p2a: Ampharos|Discharge|p1a: Skeledirge\n|-damage|p1a: Skeledirge|18/100\n|\n|upkeep\n|turn|19\n|inactive|Time left: 300 sec this turn | 300 sec total\n|\n|t:|1783569860\n|move|p1a: Skeledirge|Slack Off|p1a: Skeledirge\n|-heal|p1a: Skeledirge|68/100\n|move|p2a: Ampharos|Discharge|p1a: Skeledirge\n|-damage|p1a: Skeledirge|21/100\n|-status|p1a: Skeledirge|par\n|\n|upkeep\n|turn|20\n|inactive|Time left: 300 sec this turn | 300 sec total\n|\n|t:|1783569861\n|move|p2a: Ampharos|Volt Switch|p1a: Skeledirge\n|-damage|p1a: Skeledirge|0 fnt\n|faint|p1a: Skeledirge\n|inactive|Time left: 300 sec this turn | 300 sec total | 5 sec grace\n|\n|t:|1783569862\n|switch|p2a: Volcanion|Volcanion, L79, tera:Ground|256/256 slp|[from] Volt Switch\n|\n|upkeep\n|\n|t:|1783569863\n|switch|p1a: Slowbro|Slowbro-Galar, L87, F|66/100\n|turn|21\n|inactive|Time left: 300 sec this turn | 300 sec total\n|\n|t:|1783569864\n|-curestatus|p2a: Volcanion|slp|[msg]\n|move|p2a: Volcanion|Steam Eruption|p1a: Slowbro|[miss]\n|-miss|p2a: Volcanion|p1a: Slowbro\n|move|p1a: Slowbro|Psychic|p2a: Volcanion\n|-damage|p2a: Volcanion|147/256\n|\n|upkeep\n|turn|22\n|inactive|Time left: 300 sec this turn | 300 sec total\n|\n|t:|1783569865\n|move|p2a: Volcanion|Flamethrower|p1a: Slowbro\n|-damage|p1a: Slowbro|41/100\n|move|p1a: Slowbro|Psychic|p2a: Volcanion\n|-damage|p2a: Volcanion|47/256\n|\n|upkeep\n|turn|23\n|inactive|Time left: 300 sec this turn | 300 sec total\n|\n|t:|1783569867\n|switch|p1a: Dragapult|Dragapult, L77, M|100/100\n|move|p2a: Volcanion|Earth Power|p1a: Dragapult\n|-damage|p1a: Dragapult|47/100\n|\n|upkeep\n|turn|24\n|inactive|Time left: 300 sec this turn | 300 sec total\n|\n|t:|1783569868\n|switch|p2a: Slowbro|Slowbro, L85, F|223/300\n|move|p1a: Dragapult|Dragon Darts|p2a: Slowbro\n|-damage|p2a: Slowbro|175/300\n|-anim|p1a: Dragapult|Dragon Darts|p2a: Slowbro\n|-damage|p2a: Slowbro|127/300\n|\n|upkeep\n|turn|25\n|inactive|Time left: 300 sec this turn | 300 sec total\n|\n|t:|1783569869\n|move|p1a: Dragapult|Dragon Darts|p2a: Slowbro\n|-damage|p2a: Slowbro|81/300\n|-anim|p1a: Dragapult|Dragon Darts|p2a: Slowbro\n|-damage|p2a: Slowbro|35/300\n|move|p2a: Slowbro|Scald|p1a: Dragapult\n|-resisted|p1a: Dragapult\n|-crit|p1a: Dragapult\n|-damage|p1a: Dragapult|13/100\n|-status|p1a: Dragapult|brn\n|\n|-damage|p1a: Dragapult|7/100 brn|[from] brn\n|upkeep\n|turn|26\n|inactive|Time left: 300 sec this turn | 300 sec total\n|\n|t:|1783569870\n|switch|p2a: Ampharos|Ampharos, L88, M|104/302\n|move|p1a: Dragapult|U-turn|p2a: Ampharos\n|-damage|p2a: Ampharos|79/302\n|\n|t:|1783569871\n|switch|p1a: Slowbro|Slowbro-Galar, L87, F|74/100|[from] U-turn\n|\n|upkeep\n|turn|27\n|inactive|Time left: 300 sec this turn | 300 sec total\n|\n|t:|1783569872\n|move|p2a: Ampharos|Discharge|p1a: Slowbro\n|-damage|p1a: Slowbro|46/100\n|-status|p1a: Slowbro|par\n|move|p1a: Slowbro|Shell Side Arm|p2a: Ampharos|[anim] Shell Side Arm Physical\n|-damage|p2a: Ampharos|0 fnt\n|-hint|Physical Shell Side Arm\n|faint|p2a: Ampharos\n|\n|upkeep\n|inactive|Time left: 300 sec this turn | 300 sec total | 5 sec grace\n|\n|t:|1783569874\n|switch|p2a: Slowbro|Slowbro, L85, F|135/300\n|turn|28\n|inactive|Time left: 300 sec this turn | 300 sec total\n|\n|t:|1783569874\n|switch|p1a: Vivillon|Vivillon-Icy Snow, L83, F|78/100\n|move|p2a: Slowbro|Fire Blast|p1a: Vivillon\n|-supereffective|p1a: Vivillon\n|-damage|p1a: Vivillon|0 fnt\n|faint|p1a: Vivillon\n|\n|upkeep\n|\n|t:|1783569876\n|switch|p1a: Slowbro|Slowbro-Galar, L87, F|80/100 par\n|turn|29\n|inactive|Time left: 300 sec this turn | 300 sec total\n|\n|t:|1783569877\n|move|p2a: Slowbro|Fire Blast|p1a: Slowbro\n|-damage|p1a: Slowbro|59/100 par\n|move|p1a: Slowbro|Shell Side Arm|p2a: Slowbro|[anim] Shell Side Arm Special\n|-damage|p2a: Slowbro|63/300\n|-hint|Special Shell Side Arm\n|\n|upkeep\n|turn|30\n|inactive|Time left: 300 sec this turn | 300 sec total\n|\n|t:|1783569878\n|move|p2a: Slowbro|Scald|p1a: Slowbro\n|-damage|p1a: Slowbro|38/100 par\n|move|p1a: Slowbro|Shell Side Arm|p2a: Slowbro|[anim] Shell Side Arm Special\n|-crit|p2a: Slowbro\n|-damage|p2a: Slowbro|0 fnt\n|-hint|Special Shell Side Arm\n|faint|p2a: Slowbro\n|\n|upkeep\n|inactive|Time left: 300 sec this turn | 300 sec total | 5 sec grace\n|\n|t:|1783569880\n|switch|p2a: Volcanion|Volcanion, L79, tera:Ground|47/256\n|turn|31\n|inactive|Time left: 300 sec this turn | 300 sec total\n|\n|t:|1783569881\n|switch|p1a: Dragapult|Dragapult, L77, M|7/100 brn\n|move|p2a: Volcanion|Steam Eruption|p1a: Dragapult\n|-resisted|p1a: Dragapult\n|-damage|p1a: Dragapult|0 fnt\n|faint|p1a: Dragapult\n|\n|upkeep\n|\n|t:|1783569882\n|switch|p1a: Terapagos|Terapagos, L77, F|100/100\n|-activate|p1a: Terapagos|ability: Tera Shift\n|detailschange|p1a: Terapagos|Terapagos-Terastal, L77, F\n|-heal|p1a: Terapagos|100/100|[silent]\n|turn|32\n|inactive|Time left: 300 sec this turn | 300 sec total\n|\n|t:|1783569883\n|switch|p2a: Hitmonchan|Hitmonchan, L87, M|229/229\n|move|p1a: Terapagos|Tera Starstorm|p2a: Hitmonchan\n|-damage|p2a: Hitmonchan|136/229\n|\n|-heal|p2a: Hitmonchan|150/229|[from] item: Leftovers\n|upkeep\n|turn|33\n|inactive|Time left: 300 sec this turn | 300 sec total\n|\n|t:|1783569884\n|switch|p1a: Slowbro|Slowbro-Galar, L87, F|72/100 par\n|move|p2a: Hitmonchan|Knock Off|p1a: Slowbro\n|-supereffective|p1a: Slowbro\n|-damage|p1a: Slowbro|26/100 par\n|-enditem|p1a: Slowbro|Assault Vest|[from] move: Knock Off|[of] p2a: Hitmonchan\n|\n|-heal|p2a: Hitmonchan|164/229|[from] item: Leftovers\n|upkeep\n|turn|34\n|inactive|Time left: 300 sec this turn | 300 sec total\n|\n|t:|1783569885\n|switch|p1a: Terapagos|Terapagos-Terastal, L77, F|100/100\n|move|p2a: Hitmonchan|Knock Off|p1a: Terapagos\n|-activate|p1a: Terapagos|ability: Tera Shell\n|-resisted|p1a: Terapagos\n|-damage|p1a: Terapagos|87/100\n|-enditem|p1a: Terapagos|Heavy-Duty Boots|[from] move: Knock Off|[of] p2a: Hitmonchan\n|\n|-heal|p2a: Hitmonchan|178/229|[from] item: Leftovers\n|upkeep\n|turn|35\n|inactive|Time left: 300 sec this turn | 300 sec total\n|\n|t:|1783569886\n|switch|p1a: Slowbro|Slowbro-Galar, L87, F|59/100 par\n|move|p2a: Hitmonchan|Knock Off|p1a: Slowbro\n|-supereffective|p1a: Slowbro\n|-damage|p1a: Slowbro|26/100 par\n|\n|-heal|p2a: Hitmonchan|192/229|[from] item: Leftovers\n|upkeep\n|turn|36\n|inactive|Time left: 300 sec this turn | 300 sec total\n|\n|t:|1783569887\n|switch|p1a: Terapagos|Terapagos-Terastal, L77, F|87/100\n|move|p2a: Hitmonchan|Knock Off|p1a: Terapagos\n|-damage|p1a: Terapagos|69/100\n|\n|-heal|p2a: Hitmonchan|206/229|[from] item: Leftovers\n|upkeep\n|turn|37\n|inactive|Time left: 300 sec this turn | 300 sec total\n|\n|t:|1783569888\n|switch|p1a: Slowbro|Slowbro-Galar, L87, F|59/100 par\n|move|p2a: Hitmonchan|Knock Off|p1a: Slowbro\n|-supereffective|p1a: Slowbro\n|-damage|p1a: Slowbro|28/100 par\n|\n|-heal|p2a: Hitmonchan|220/229|[from] item: Leftovers\n|upkeep\n|turn|38\n|inactive|Time left: 300 sec this turn | 300 sec total\n|\n|t:|1783569889\n|switch|p1a: Terapagos|Terapagos-Terastal, L77, F|69/100\n|move|p2a: Hitmonchan|Knock Off|p1a: Terapagos\n|-damage|p1a: Terapagos|51/100\n|\n|-heal|p2a: Hitmonchan|229/229|[from] item: Leftovers\n|upkeep\n|turn|39\n|inactive|Time left: 300 sec this turn | 300 sec total\n|\n|t:|1783569890\n|switch|p1a: Slowbro|Slowbro-Galar, L87, F|61/100 par\n|move|p2a: Hitmonchan|Knock Off|p1a: Slowbro\n|-supereffective|p1a: Slowbro\n|-crit|p1a: Slowbro\n|-damage|p1a: Slowbro|12/100 par\n|\n|upkeep\n|turn|40\n|inactive|Time left: 300 sec this turn | 300 sec total\n|\n|t:|1783569890\n|switch|p1a: Terapagos|Terapagos-Terastal, L77, F|51/100\n|move|p2a: Hitmonchan|Knock Off|p1a: Terapagos\n|-damage|p1a: Terapagos|35/100\n|\n|upkeep\n|turn|41\n|inactive|Time left: 300 sec this turn | 300 sec total\n|\n|t:|1783569891\n|switch|p1a: Slowbro|Slowbro-Galar, L87, F|45/100 par\n|move|p2a: Hitmonchan|Drain Punch|p1a: Slowbro\n|-resisted|p1a: Slowbro\n|-damage|p1a: Slowbro|37/100 par\n|\n|upkeep\n|turn|42\n|inactive|Time left: 300 sec this turn | 300 sec total\n|\n|t:|1783569892\n|switch|p1a: Terapagos|Terapagos-Terastal, L77, F|35/100\n|move|p2a: Hitmonchan|Knock Off|p1a: Terapagos\n|-damage|p1a: Terapagos|17/100\n|\n|upkeep\n|turn|43\n|inactive|Time left: 300 sec this turn | 300 sec total\n|\n|t:|1783569893\n|switch|p1a: Slowbro|Slowbro-Galar, L87, F|71/100 par\n|move|p2a: Hitmonchan|Knock Off|p1a: Slowbro\n|-supereffective|p1a: Slowbro\n|-damage|p1a: Slowbro|42/100 par\n|\n|upkeep\n|turn|44\n|inactive|Time left: 300 sec this turn | 300 sec total\n|\n|t:|1783569894\n|move|p2a: Hitmonchan|Knock Off|p1a: Slowbro\n|-supereffective|p1a: Slowbro\n|-damage|p1a: Slowbro|13/100 par\n|move|p1a: Slowbro|Psychic|p2a: Hitmonchan\n|-supereffective|p2a: Hitmonchan\n|-damage|p2a: Hitmonchan|65/229\n|-unboost|p2a: Hitmonchan|spd|1\n|\n|-heal|p2a: Hitmonchan|79/229|[from] item: Leftovers\n|upkeep\n|turn|45\n|inactive|Time left: 300 sec this turn | 300 sec total\n|\n|t:|1783569894\n|switch|p1a: Terapagos|Terapagos-Terastal, L77, F|17/100\n|move|p2a: Hitmonchan|Knock Off|p1a: Terapagos\n|-crit|p1a: Terapagos\n|-damage|p1a: Terapagos|0 fnt\n|faint|p1a: Terapagos\n|\n|-heal|p2a: Hitmonchan|93/229|[from] item: Leftovers\n|upkeep\n|\n|t:|1783569895\n|switch|p1a: Slowbro|Slowbro-Galar, L87, F|46/100 par\n|turn|46\n|inactive|Time left: 300 sec this turn | 300 sec total\n|\n|t:|1783569896\n|move|p2a: Hitmonchan|Knock Off|p1a: Slowbro\n|-supereffective|p1a: Slowbro\n|-crit|p1a: Slowbro\n|-damage|p1a: Slowbro|0 fnt\n|faint|p1a: Slowbro\n|\n|win|p0y26733cbd", "uploadtime": 1783569896, "views": 0, "rating": 0, "private": 0, "password": null, "_winner": "p0y26733cbd", "_our_name": "p0y26733cbd"}