{"id": "battle-gen9randombattle-781", "formatid": "gen9randombattle", "format": "[Gen 9] Random Battle", "players": ["p0x78103c4", "p0y7816298"], "log": "|init|battle\n|title|p0x78103c4 vs. p0y7816298\n|j|\u2606p0x78103c4\n|j|\u2606p0y7816298\n|t:|1783548919\n|gametype|singles\n|player|p1|p0x78103c4|1|\n|player|p2|p0y7816298|102|\n|gen|9\n|tier|[Gen 9] Random Battle\n|rule|Species Clause: Limit one of each Pok\u00e9mon\n|rule|HP Percentage Mod: HP is shown in percentages\n|rule|Sleep Clause Mod: Limit one foe put to sleep\n|rule|Illusion Level Mod: Illusion disguises the Pok\u00e9mon's true level\n|\n|t:|1783548919\n|teamsize|p1|6\n|teamsize|p2|6\n|start\n|switch|p1a: Cryogonal|Cryogonal, L89|100/100\n|switch|p2a: Ninetales|Ninetales, L85, M|263/263\n|-weather|SunnyDay|[from] ability: Drought|[of] p2a: Ninetales\n|turn|1\n|inactive|Battle timer is ON: inactive players will automatically lose when time's up. (requested by p0x78103c4)\n|inactive|Time left: 300 sec this turn | 300 sec total | 60 sec grace\n|inactive|p0y7816298 also wants the timer to be on.\n|\n|t:|1783548921\n|switch|p1a: Delphox|Delphox, L84, M|100/100\n|move|p2a: Ninetales|Nasty Plot|p2a: Ninetales\n|-boost|p2a: Ninetales|spa|2\n|\n|-weather|SunnyDay|[upkeep]\n|upkeep\n|turn|2\n|inactive|Time left: 300 sec this turn | 300 sec total\n|\n|t:|1783548922\n|move|p1a: Delphox|Nasty Plot|p1a: Delphox\n|-boost|p1a: Delphox|spa|2\n|move|p2a: Ninetales|Fire Blast|p1a: Delphox\n|-resisted|p1a: Delphox\n|-damage|p1a: Delphox|44/100\n|\n|-weather|SunnyDay|[upkeep]\n|upkeep\n|turn|3\n|inactive|Time left: 300 sec this turn | 300 sec total\n|\n|t:|1783548923\n|move|p1a: Delphox|Psyshock|p2a: Ninetales\n|-damage|p2a: Ninetales|32/263\n|move|p2a: Ninetales|Fire Blast|p1a: Delphox\n|-resisted|p1a: Delphox\n|-damage|p1a: Delphox|0 fnt\n|faint|p1a: Delphox\n|\n|-weather|SunnyDay|[upkeep]\n|upkeep\n|\n|t:|1783548924\n|switch|p1a: Flutter Mane|Flutter Mane, L74|100/100\n|-activate|p1a: Flutter Mane|ability: Protosynthesis\n|-start|p1a: Flutter Mane|protosynthesisspa\n|turn|4\n|inactive|Time left: 300 sec this turn | 300 sec total\n|\n|t:|1783548926\n|move|p1a: Flutter Mane|Moonblast|p2a: Ninetales\n|-resisted|p2a: Ninetales\n|-damage|p2a: Ninetales|0 fnt\n|faint|p2a: Ninetales\n|\n|-weather|SunnyDay|[upkeep]\n|upkeep\n|inactive|Time left: 300 sec this turn | 300 sec total | 5 sec grace\n|\n|t:|1783548927\n|switch|p2a: Venomoth|Venomoth, L84, M|255/255\n|turn|5\n|inactive|Time left: 300 sec this turn | 300 sec total\n|\n|t:|1783548928\n|move|p1a: Flutter Mane|Moonblast|p2a: Venomoth\n|-resisted|p2a: Venomoth\n|-damage|p2a: Venomoth|150/255\n|move|p2a: Venomoth|Quiver Dance|p2a: Venomoth\n|-boost|p2a: Venomoth|spa|1\n|-boost|p2a: Venomoth|spd|1\n|-boost|p2a: Venomoth|spe|1\n|\n|-weather|none\n|-end|p1a: Flutter Mane|Protosynthesis\n|upkeep\n|turn|6\n|inactive|Time left: 300 sec this turn | 300 sec total\n|\n|t:|1783548929\n|move|p2a: Venomoth|Quiver Dance|p2a: Venomoth\n|-boost|p2a: Venomoth|spa|1\n|-boost|p2a: Venomoth|spd|1\n|-boost|p2a: Venomoth|spe|1\n|move|p1a: Flutter Mane|Moonblast|p2a: Venomoth\n|-resisted|p2a: Venomoth\n|-damage|p2a: Venomoth|108/255\n|\n|upkeep\n|turn|7\n|inactive|Time left: 300 sec this turn | 300 sec total\n|\n|t:|1783548930\n|-end|p1a: Flutter Mane|Protosynthesis|[silent]\n|switch|p1a: Cryogonal|Cryogonal, L89|100/100\n|move|p2a: Venomoth|Sludge Wave|p1a: Cryogonal\n|-damage|p1a: Cryogonal|56/100\n|\n|upkeep\n|turn|8\n|inactive|Time left: 300 sec this turn | 300 sec total\n|\n|t:|1783548931\n|move|p2a: Venomoth|Sleep Powder|p1a: Cryogonal\n|-status|p1a: Cryogonal|slp|[from] move: Sleep Powder\n|cant|p1a: Cryogonal|slp\n|\n|upkeep\n|turn|9\n|inactive|Time left: 300 sec this turn | 300 sec total\n|\n|t:|1783548932\n|move|p2a: Venomoth|Sludge Wave|p1a: Cryogonal\n|-damage|p1a: Cryogonal|11/100 slp\n|cant|p1a: Cryogonal|slp\n|\n|upkeep\n|turn|10\n|inactive|Time left: 300 sec this turn | 300 sec total\n|\n|t:|1783548934\n|move|p2a: Venomoth|Sludge Wave|p1a: Cryogonal\n|-damage|p1a: Cryogonal|0 fnt\n|faint|p1a: Cryogonal\n|\n|upkeep\n|\n|t:|1783548935\n|switch|p1a: Diancie|Diancie, L82|100/100\n|turn|11\n|inactive|Time left: 300 sec this turn | 300 sec total\n|\n|t:|1783548936\n|move|p2a: Venomoth|Sleep Powder|p1a: Diancie\n|-status|p1a: Diancie|slp|[from] move: Sleep Powder\n|cant|p1a: Diancie|slp\n|\n|upkeep\n|turn|12\n|inactive|Time left: 300 sec this turn | 300 sec total\n|\n|t:|1783548937\n|move|p2a: Venomoth|Sludge Wave|p1a: Diancie\n|-damage|p1a: Diancie|42/100 slp\n|cant|p1a: Diancie|slp\n|\n|-heal|p1a: Diancie|48/100 slp|[from] item: Leftovers\n|upkeep\n|turn|13\n|inactive|Time left: 300 sec this turn | 300 sec total\n|\n|t:|1783548938\n|move|p2a: Venomoth|Bug Buzz|p1a: Diancie\n|-resisted|p1a: Diancie\n|-crit|p1a: Diancie\n|-damage|p1a: Diancie|0 fnt\n|faint|p1a: Diancie\n|\n|upkeep\n|\n|t:|1783548939\n|switch|p1a: Flutter Mane|Flutter Mane, L74|100/100\n|turn|14\n|inactive|Time left: 300 sec this turn | 300 sec total\n|\n|t:|1783548940\n|move|p2a: Venomoth|Sludge Wave|p1a: Flutter Mane\n|-damage|p1a: Flutter Mane|23/100\n|move|p1a: Flutter Mane|Psyshock|p2a: Venomoth\n|-supereffective|p2a: Venomoth\n|-damage|p2a: Venomoth|0 fnt\n|faint|p2a: Venomoth\n|\n|upkeep\n|inactive|Time left: 300 sec this turn | 300 sec total | 5 sec grace\n|\n|t:|1783548941\n|switch|p2a: Lilligant|Lilligant, L86, F|261/261\n|turn|15\n|inactive|Time left: 300 sec this turn | 300 sec total\n|\n|t:|1783548942\n|move|p1a: Flutter Mane|Psyshock|p2a: Lilligant\n|-damage|p2a: Lilligant|172/261\n|move|p2a: Lilligant|Quiver Dance|p2a: Lilligant\n|-boost|p2a: Lilligant|spa|1\n|-boost|p2a: Lilligant|spd|1\n|-boost|p2a: Lilligant|spe|1\n|\n|upkeep\n|turn|16\n|inactive|Time left: 300 sec this turn | 300 sec total\n|\n|t:|1783548943\n|-terastallize|p2a: Lilligant|Grass\n|move|p2a: Lilligant|Petal Dance|p1a: Flutter Mane\n|-damage|p1a: Flutter Mane|0 fnt\n|faint|p1a: Flutter Mane\n|-end|p1a: Flutter Mane|Protosynthesis|[silent]\n|-damage|p2a: Lilligant|146/261|[from] item: Life Orb\n|\n|upkeep\n|\n|t:|1783548944\n|switch|p1a: Phione|Phione, L91|100/100\n|turn|17\n|inactive|Time left: 300 sec this turn | 300 sec total\n|\n|t:|1783548945\n|-terastallize|p1a: Phione|Steel\n|move|p2a: Lilligant|Petal Dance|p1a: Phione|[from] lockedmove\n|-resisted|p1a: Phione\n|-damage|p1a: Phione|36/100\n|-damage|p2a: Lilligant|120/261|[from] item: Life Orb\n|move|p1a: Phione|Ice Beam|p2a: Lilligant\n|-supereffective|p2a: Lilligant\n|-damage|p2a: Lilligant|16/261\n|\n|-heal|p1a: Phione|42/100|[from] item: Leftovers\n|upkeep\n|turn|18\n|inactive|Time left: 300 sec this turn | 300 sec total\n|\n|t:|1783548946\n|move|p2a: Lilligant|Petal Dance|p1a: Phione|[from] lockedmove\n|-resisted|p1a: Phione\n|-damage|p1a: Phione|0 fnt\n|faint|p1a: Phione\n|-damage|p2a: Lilligant|0 fnt|[from] item: Life Orb\n|faint|p2a: Lilligant\n|\n|upkeep\n|inactive|Time left: 300 sec this turn | 300 sec total | 5 sec grace\n|\n|t:|1783548947\n|switch|p2a: Palafin|Palafin, L77, M|281/281\n|switch|p1a: Cresselia|Cresselia, L80, F|100/100\n|turn|19\n|inactive|Time left: 300 sec this turn | 300 sec total\n|\n|t:|1783548948\n|detailschange|p2a: Palafin|Palafin-Hero, L77, M\n|switch|p2a: Regirock|Regirock, L83|268/268\n|move|p1a: Cresselia|Calm Mind|p1a: Cresselia\n|-boost|p1a: Cresselia|spa|1\n|-boost|p1a: Cresselia|spd|1\n|\n|upkeep\n|turn|20\n|inactive|Time left: 300 sec this turn | 300 sec total\n|\n|t:|1783548949\n|switch|p2a: Palafin|Palafin-Hero, L77, M|281/281\n|-activate|p2a: Palafin|ability: Zero to Hero\n|move|p1a: Cresselia|Calm Mind|p1a: Cresselia\n|-boost|p1a: Cresselia|spa|1\n|-boost|p1a: Cresselia|spd|1\n|\n|upkeep\n|turn|21\n|inactive|Time left: 300 sec this turn | 300 sec total\n|\n|t:|1783548950\n|move|p2a: Palafin|Wave Crash|p1a: Cresselia\n|-damage|p1a: Cresselia|36/100\n|-damage|p2a: Palafin|212/281|[from] Recoil\n|move|p1a: Cresselia|Moonblast|p2a: Palafin\n|-damage|p2a: Palafin|91/281\n|\n|-heal|p1a: Cresselia|42/100|[from] item: Leftovers\n|upkeep\n|turn|22\n|inactive|Time left: 300 sec this turn | 300 sec total\n|\n|t:|1783548951\n|move|p2a: Palafin|Wave Crash|p1a: Cresselia\n|-damage|p1a: Cresselia|0 fnt\n|faint|p1a: Cresselia\n|-damage|p2a: Palafin|46/281|[from] Recoil\n|\n|win|p0y7816298", "uploadtime": 1783548951, "views": 0, "rating": 0, "private": 0, "password": null, "_winner": "p0y7816298", "_our_name": "p0y7816298"}