{"id": "battle-gen9randombattle-1366", "formatid": "gen9randombattle", "format": "[Gen 9] Random Battle", "players": ["p0x13663c76", "p0y13662059"], "log": "|init|battle\n|title|p0x13663c76 vs. p0y13662059\n|j|\u2606p0x13663c76\n|j|\u2606p0y13662059\n|t:|1783555865\n|gametype|singles\n|player|p1|p0x13663c76|1|\n|player|p2|p0y13662059|265|\n|gen|9\n|tier|[Gen 9] Random Battle\n|rule|Species Clause: Limit one of each Pok\u00e9mon\n|rule|HP Percentage Mod: HP is shown in percentages\n|rule|Sleep Clause Mod: Limit one foe put to sleep\n|rule|Illusion Level Mod: Illusion disguises the Pok\u00e9mon's true level\n|\n|t:|1783555865\n|teamsize|p1|6\n|teamsize|p2|6\n|start\n|switch|p1a: Palkia|Palkia-Origin, L72|249/249\n|switch|p2a: Miraidon|Miraidon, L65|100/100\n|-ability|p1a: Palkia|Pressure\n|-fieldstart|move: Electric Terrain|[from] ability: Hadron Engine|[of] p2a: Miraidon\n|turn|1\n|inactive|Battle timer is ON: inactive players will automatically lose when time's up. (requested by p0x13663c76)\n|inactive|p0y13662059 also wants the timer to be on.\n|\n|t:|1783555867\n|move|p1a: Palkia|Spacial Rend|p2a: Miraidon\n|-supereffective|p2a: Miraidon\n|-damage|p2a: Miraidon|0 fnt\n|faint|p2a: Miraidon\n|\n|upkeep\n|\n|t:|1783555868\n|switch|p2a: Golem|Golem, L87, M|100/100\n|turn|2\n|inactive|Time left: 300 sec this turn | 300 sec total\n|\n|t:|1783555870\n|move|p1a: Palkia|Spacial Rend|p2a: Golem\n|-damage|p2a: Golem|47/100\n|move|p2a: Golem|Earthquake|p1a: Palkia\n|-damage|p1a: Palkia|111/249\n|\n|upkeep\n|turn|3\n|inactive|Time left: 300 sec this turn | 300 sec total\n|\n|t:|1783555871\n|switch|p2a: Electrode|Electrode-Hisui, L87|100/100\n|move|p1a: Palkia|Spacial Rend|p2a: Electrode\n|-damage|p2a: Electrode|44/100\n|\n|-heal|p2a: Electrode|50/100|[from] item: Leftovers\n|upkeep\n|turn|4\n|inactive|Time left: 300 sec this turn | 300 sec total\n|\n|t:|1783555872\n|move|p2a: Electrode|Thunderbolt|p1a: Palkia\n|-damage|p1a: Palkia|0 fnt\n|faint|p1a: Palkia\n|\n|-heal|p2a: Electrode|56/100|[from] item: Leftovers\n|upkeep\n|inactive|Time left: 300 sec this turn | 300 sec total | 5 sec grace\n|\n|t:|1783555873\n|switch|p1a: Dragonite|Dragonite, L74, M|257/257\n|turn|5\n|inactive|Time left: 300 sec this turn | 300 sec total\n|\n|t:|1783555874\n|move|p2a: Electrode|Leech Seed|p1a: Dragonite\n|-start|p1a: Dragonite|move: Leech Seed\n|move|p1a: Dragonite|Outrage|p2a: Electrode\n|-damage|p2a: Electrode|0 fnt\n|faint|p2a: Electrode\n|\n|-fieldend|move: Electric Terrain\n|upkeep\n|\n|t:|1783555875\n|switch|p2a: Necrozma|Necrozma, L80|100/100\n|turn|6\n|inactive|Time left: 300 sec this turn | 300 sec total\n|\n|t:|1783555876\n|-terastallize|p2a: Necrozma|Steel\n|move|p2a: Necrozma|Dragon Dance|p2a: Necrozma\n|-boost|p2a: Necrozma|atk|1\n|-boost|p2a: Necrozma|spe|1\n|move|p1a: Dragonite|Outrage|p2a: Necrozma|[from] lockedmove\n|-resisted|p2a: Necrozma\n|-damage|p2a: Necrozma|79/100\n|\n|-damage|p1a: Dragonite|225/257|[from] Leech Seed|[of] p2a: Necrozma\n|-heal|p2a: Necrozma|90/100|[silent]\n|upkeep\n|turn|7\n|inactive|Time left: 300 sec this turn | 300 sec total\n|\n|t:|1783555876\n|move|p2a: Necrozma|Dragon Dance|p2a: Necrozma\n|-boost|p2a: Necrozma|atk|1\n|-boost|p2a: Necrozma|spe|1\n|move|p1a: Dragonite|Outrage|p2a: Necrozma|[from] lockedmove\n|-resisted|p2a: Necrozma\n|-damage|p2a: Necrozma|71/100\n|-start|p1a: Dragonite|confusion|[fatigue]\n|\n|-damage|p1a: Dragonite|193/257|[from] Leech Seed|[of] p2a: Necrozma\n|-heal|p2a: Necrozma|82/100|[silent]\n|upkeep\n|turn|8\n|inactive|Time left: 300 sec this turn | 300 sec total\n|\n|t:|1783555877\n|switch|p1a: Alomomola|Alomomola, L87, M|429/429\n|move|p2a: Necrozma|Photon Geyser|p1a: Alomomola\n|-damage|p1a: Alomomola|156/429\n|-damage|p2a: Necrozma|72/100|[from] item: Life Orb\n|\n|upkeep\n|turn|9\n|inactive|Time left: 300 sec this turn | 300 sec total\n|\n|t:|1783555878\n|move|p1a: Alomomola|Protect|p1a: Alomomola\n|-singleturn|p1a: Alomomola|Protect\n|move|p2a: Necrozma|Photon Geyser|p1a: Alomomola\n|-activate|p1a: Alomomola|move: Protect\n|\n|upkeep\n|turn|10\n|inactive|Time left: 300 sec this turn | 300 sec total\n|\n|t:|1783555879\n|switch|p1a: Chimecho|Chimecho, L93, F|290/290\n|move|p2a: Necrozma|Knock Off|p1a: Chimecho\n|-supereffective|p1a: Chimecho\n|-damage|p1a: Chimecho|0 fnt\n|-enditem|p1a: Chimecho|Leftovers|[from] move: Knock Off|[of] p2a: Necrozma\n|faint|p1a: Chimecho\n|-damage|p2a: Necrozma|62/100|[from] item: Life Orb\n|\n|upkeep\n|inactive|Time left: 300 sec this turn | 300 sec total | 5 sec grace\n|\n|t:|1783555879\n|switch|p1a: Alomomola|Alomomola, L87, M|299/429\n|turn|11\n|inactive|Time left: 300 sec this turn | 300 sec total\n|\n|t:|1783555880\n|move|p2a: Necrozma|Photon Geyser|p1a: Alomomola\n|-damage|p1a: Alomomola|26/429\n|-damage|p2a: Necrozma|53/100|[from] item: Life Orb\n|move|p1a: Alomomola|Scald|p2a: Necrozma\n|-damage|p2a: Necrozma|35/100\n|\n|upkeep\n|turn|12\n|inactive|Time left: 300 sec this turn | 300 sec total\n|\n|t:|1783555881\n|move|p1a: Alomomola|Protect|p1a: Alomomola\n|-singleturn|p1a: Alomomola|Protect\n|move|p2a: Necrozma|Photon Geyser|p1a: Alomomola\n|-activate|p1a: Alomomola|move: Protect\n|\n|upkeep\n|turn|13\n|inactive|Time left: 300 sec this turn | 300 sec total\n|\n|t:|1783555882\n|move|p2a: Necrozma|Photon Geyser|p1a: Alomomola\n|-damage|p1a: Alomomola|0 fnt\n|faint|p1a: Alomomola\n|-damage|p2a: Necrozma|26/100|[from] item: Life Orb\n|\n|upkeep\n|inactive|Time left: 300 sec this turn | 300 sec total | 5 sec grace\n|\n|t:|1783555883\n|switch|p1a: Dragonite|Dragonite, L74, M|193/257\n|turn|14\n|inactive|Time left: 300 sec this turn | 300 sec total\n|\n|t:|1783555884\n|-terastallize|p1a: Dragonite|Steel\n|move|p2a: Necrozma|Photon Geyser|p1a: Dragonite\n|-resisted|p1a: Dragonite\n|-damage|p1a: Dragonite|55/257\n|-damage|p2a: Necrozma|16/100|[from] item: Life Orb\n|move|p1a: Dragonite|Outrage|p2a: Necrozma\n|-resisted|p2a: Necrozma\n|-damage|p2a: Necrozma|0 fnt\n|faint|p2a: Necrozma\n|\n|upkeep\n|\n|t:|1783555884\n|switch|p2a: Houndstone|Houndstone, L86, F|100/100\n|turn|15\n|inactive|Time left: 300 sec this turn | 300 sec total\n|\n|t:|1783555885\n|move|p2a: Houndstone|Body Press|p1a: Dragonite\n|-supereffective|p1a: Dragonite\n|-damage|p1a: Dragonite|0 fnt\n|faint|p1a: Dragonite\n|\n|upkeep\n|inactive|Time left: 300 sec this turn | 300 sec total | 5 sec grace\n|\n|t:|1783555886\n|switch|p1a: Glimmora|Glimmora, L75, M|248/248\n|turn|16\n|inactive|Time left: 300 sec this turn | 300 sec total\n|\n|t:|1783555887\n|move|p1a: Glimmora|Meteor Beam||[still]\n|-prepare|p1a: Glimmora|Meteor Beam\n|-boost|p1a: Glimmora|spa|1\n|-enditem|p1a: Glimmora|Power Herb\n|-anim|p1a: Glimmora|Meteor Beam|p2a: Houndstone\n|-damage|p2a: Houndstone|39/100\n|move|p2a: Houndstone|Poltergeist||[still]\n|-fail|p2a: Houndstone\n|\n|-heal|p2a: Houndstone|45/100|[from] item: Leftovers\n|upkeep\n|turn|17\n|inactive|Time left: 300 sec this turn | 300 sec total\n|\n|t:|1783555888\n|move|p1a: Glimmora|Meteor Beam||[still]\n|-prepare|p1a: Glimmora|Meteor Beam\n|-boost|p1a: Glimmora|spa|1\n|move|p2a: Houndstone|Rest|p2a: Houndstone\n|-status|p2a: Houndstone|slp|[from] move: Rest\n|-heal|p2a: Houndstone|100/100 slp|[silent]\n|\n|upkeep\n|turn|18\n|inactive|Time left: 300 sec this turn | 300 sec total\n|\n|t:|1783555890\n|switch|p2a: Golem|Golem, L87, M|47/100\n|move|p1a: Glimmora|Meteor Beam|p2a: Golem|[from] lockedmove\n|-resisted|p2a: Golem\n|-damage|p2a: Golem|0 fnt\n|faint|p2a: Golem\n|\n|upkeep\n|\n|t:|1783555890\n|switch|p2a: Greninja|Greninja, L80, M|100/100\n|turn|19\n|inactive|Time left: 300 sec this turn | 300 sec total\n|\n|t:|1783555892\n|move|p2a: Greninja|Hydro Pump|p1a: Glimmora\n|-start|p2a: Greninja|typechange|Water|[from] ability: Protean\n|-supereffective|p1a: Glimmora\n|-damage|p1a: Glimmora|0 fnt\n|faint|p1a: Glimmora\n|-damage|p2a: Greninja|91/100|[from] item: Life Orb\n|\n|upkeep\n|inactive|Time left: 300 sec this turn | 300 sec total | 5 sec grace\n|\n|t:|1783555893\n|switch|p1a: Tornadus|Tornadus, L82, M|263/263\n|turn|20\n|inactive|Time left: 300 sec this turn | 300 sec total\n|\n|t:|1783555894\n|move|p2a: Greninja|Hydro Pump|p1a: Tornadus\n|-damage|p1a: Tornadus|94/263\n|-damage|p2a: Greninja|81/100|[from] item: Life Orb\n|move|p1a: Tornadus|Bleakwind Storm|p2a: Greninja\n|-damage|p2a: Greninja|0 fnt\n|faint|p2a: Greninja\n|\n|upkeep\n|\n|t:|1783555895\n|switch|p2a: Houndstone|Houndstone, L86, F|100/100 slp\n|turn|21\n|inactive|Time left: 300 sec this turn | 300 sec total\n|\n|t:|1783555896\n|move|p1a: Tornadus|Bleakwind Storm|p2a: Houndstone|[miss]\n|-miss|p1a: Tornadus|p2a: Houndstone\n|cant|p2a: Houndstone|slp\n|move|p2a: Houndstone|Sleep Talk|p2a: Houndstone\n|move|p2a: Houndstone|Body Press|p1a: Tornadus|[from] move: Sleep Talk\n|-resisted|p1a: Tornadus\n|-damage|p1a: Tornadus|60/263\n|\n|upkeep\n|turn|22\n|inactive|Time left: 300 sec this turn | 300 sec total\n|\n|t:|1783555896\n|move|p1a: Tornadus|Bleakwind Storm|p2a: Houndstone\n|-damage|p2a: Houndstone|36/100 slp\n|-unboost|p2a: Houndstone|spe|1\n|cant|p2a: Houndstone|slp\n|move|p2a: Houndstone|Sleep Talk|p2a: Houndstone\n|move|p2a: Houndstone|Rest||[from] move: Sleep Talk|[still]\n|-fail|p2a: Houndstone\n|\n|-heal|p2a: Houndstone|43/100 slp|[from] item: Leftovers\n|upkeep\n|turn|23\n|inactive|Time left: 300 sec this turn | 300 sec total\n|\n|t:|1783555897\n|move|p1a: Tornadus|Bleakwind Storm|p2a: Houndstone\n|-damage|p2a: Houndstone|0 fnt\n|faint|p2a: Houndstone\n|\n|win|p0x13663c76", "uploadtime": 1783555897, "views": 0, "rating": 0, "private": 0, "password": null, "_winner": "p0x13663c76", "_our_name": "p0x13663c76"}