{"id": "battle-gen9randombattle-459", "formatid": "gen9randombattle", "format": "[Gen 9] Random Battle", "players": ["p0x4599a46", "p0y459df87"], "log": "|init|battle\n|title|p0x4599a46 vs. p0y459df87\n|j|\u2606p0x4599a46\n|j|\u2606p0y459df87\n|t:|1783544386\n|gametype|singles\n|player|p1|p0x4599a46|1|\n|player|p2|p0y459df87|102|\n|gen|9\n|tier|[Gen 9] Random Battle\n|rule|Species Clause: Limit one of each Pok\u00e9mon\n|rule|HP Percentage Mod: HP is shown in percentages\n|rule|Sleep Clause Mod: Limit one foe put to sleep\n|rule|Illusion Level Mod: Illusion disguises the Pok\u00e9mon's true level\n|\n|t:|1783544386\n|teamsize|p1|6\n|teamsize|p2|6\n|start\n|switch|p1a: Mabosstiff|Mabosstiff, L86, M|278/278\n|switch|p2a: Clefable|Clefable, L83, M|100/100\n|turn|1\n|inactive|Battle timer is ON: inactive players will automatically lose when time's up. (requested by p0x4599a46)\n|\n|t:|1783544388\n|switch|p1a: Carbink|Carbink, L90|236/236\n|move|p2a: Clefable|Moonblast|p1a: Carbink\n|-damage|p1a: Carbink|175/236\n|-unboost|p1a: Carbink|spa|1\n|\n|upkeep\n|turn|2\n|inactive|Time left: 300 sec this turn | 300 sec total | 60 sec grace\n|inactive|p0y459df87 also wants the timer to be on.\n|\n|t:|1783544389\n|move|p2a: Clefable|Calm Mind|p2a: Clefable\n|-boost|p2a: Clefable|spa|1\n|-boost|p2a: Clefable|spd|1\n|move|p1a: Carbink|Iron Defense|p1a: Carbink\n|-boost|p1a: Carbink|def|2\n|\n|upkeep\n|turn|3\n|inactive|Time left: 300 sec this turn | 300 sec total\n|\n|t:|1783544390\n|move|p2a: Clefable|Calm Mind|p2a: Clefable\n|-boost|p2a: Clefable|spa|1\n|-boost|p2a: Clefable|spd|1\n|move|p1a: Carbink|Rest|p1a: Carbink\n|-status|p1a: Carbink|slp|[from] move: Rest\n|-heal|p1a: Carbink|236/236 slp|[silent]\n|-enditem|p1a: Carbink|Chesto Berry|[eat]\n|-curestatus|p1a: Carbink|slp|[msg]\n|\n|upkeep\n|turn|4\n|inactive|Time left: 300 sec this turn | 300 sec total\n|\n|t:|1783544391\n|move|p2a: Clefable|Moonblast|p1a: Carbink\n|-damage|p1a: Carbink|119/236\n|move|p1a: Carbink|Moonblast|p2a: Clefable\n|-damage|p2a: Clefable|89/100\n|\n|-heal|p2a: Clefable|95/100|[from] item: Leftovers\n|upkeep\n|turn|5\n|inactive|Time left: 300 sec this turn | 300 sec total\n|\n|t:|1783544392\n|move|p2a: Clefable|Moonblast|p1a: Carbink\n|-damage|p1a: Carbink|5/236\n|move|p1a: Carbink|Body Press|p2a: Clefable\n|-resisted|p2a: Clefable\n|-damage|p2a: Clefable|77/100\n|\n|-heal|p2a: Clefable|83/100|[from] item: Leftovers\n|upkeep\n|turn|6\n|inactive|Time left: 300 sec this turn | 300 sec total\n|\n|t:|1783544393\n|move|p2a: Clefable|Moonblast|p1a: Carbink\n|-damage|p1a: Carbink|0 fnt\n|faint|p1a: Carbink\n|\n|-heal|p2a: Clefable|90/100|[from] item: Leftovers\n|upkeep\n|inactive|Time left: 300 sec this turn | 300 sec total | 5 sec grace\n|\n|t:|1783544394\n|switch|p1a: Leafeon|Leafeon, L88, M|258/258\n|turn|7\n|inactive|Time left: 300 sec this turn | 300 sec total\n|\n|t:|1783544396\n|move|p1a: Leafeon|Leaf Blade|p2a: Clefable\n|-crit|p2a: Clefable\n|-damage|p2a: Clefable|25/100\n|move|p2a: Clefable|Moonblast|p1a: Leafeon\n|-damage|p1a: Leafeon|11/258\n|\n|-heal|p1a: Leafeon|27/258|[from] item: Leftovers\n|-heal|p2a: Clefable|31/100|[from] item: Leftovers\n|upkeep\n|turn|8\n|inactive|Time left: 300 sec this turn | 300 sec total\n|\n|t:|1783544397\n|-terastallize|p2a: Clefable|Steel\n|move|p1a: Leafeon|Leaf Blade|p2a: Clefable\n|-resisted|p2a: Clefable\n|-damage|p2a: Clefable|8/100\n|move|p2a: Clefable|Moonlight|p2a: Clefable\n|-heal|p2a: Clefable|58/100\n|\n|-heal|p1a: Leafeon|43/258|[from] item: Leftovers\n|-heal|p2a: Clefable|64/100|[from] item: Leftovers\n|upkeep\n|turn|9\n|inactive|Time left: 300 sec this turn | 300 sec total\n|\n|t:|1783544398\n|move|p1a: Leafeon|Leaf Blade|p2a: Clefable\n|-resisted|p2a: Clefable\n|-crit|p2a: Clefable\n|-damage|p2a: Clefable|28/100\n|move|p2a: Clefable|Moonlight|p2a: Clefable\n|-heal|p2a: Clefable|78/100\n|\n|-heal|p1a: Leafeon|59/258|[from] item: Leftovers\n|-heal|p2a: Clefable|84/100|[from] item: Leftovers\n|upkeep\n|turn|10\n|inactive|Time left: 300 sec this turn | 300 sec total\n|\n|t:|1783544399\n|move|p1a: Leafeon|Leaf Blade|p2a: Clefable\n|-resisted|p2a: Clefable\n|-damage|p2a: Clefable|61/100\n|move|p2a: Clefable|Moonblast|p1a: Leafeon\n|-damage|p1a: Leafeon|0 fnt\n|faint|p1a: Leafeon\n|\n|-heal|p2a: Clefable|67/100|[from] item: Leftovers\n|upkeep\n|inactive|Time left: 300 sec this turn | 300 sec total | 5 sec grace\n|\n|t:|1783544400\n|switch|p1a: Quaquaval|Quaquaval, L79, M|264/264\n|turn|11\n|inactive|Time left: 300 sec this turn | 300 sec total\n|\n|t:|1783544401\n|move|p1a: Quaquaval|Close Combat|p2a: Clefable\n|-supereffective|p2a: Clefable\n|-damage|p2a: Clefable|0 fnt\n|-unboost|p1a: Quaquaval|def|1\n|-unboost|p1a: Quaquaval|spd|1\n|faint|p2a: Clefable\n|-ability|p1a: Quaquaval|Moxie|boost\n|-boost|p1a: Quaquaval|atk|1\n|\n|upkeep\n|\n|t:|1783544402\n|switch|p2a: Sylveon|Sylveon, L85, F|100/100\n|turn|12\n|inactive|Time left: 300 sec this turn | 300 sec total\n|\n|t:|1783544403\n|switch|p1a: Grumpig|Grumpig, L92, F|297/297\n|move|p2a: Sylveon|Hyper Voice|p1a: Grumpig\n|-damage|p1a: Grumpig|189/297\n|\n|-heal|p1a: Grumpig|207/297|[from] item: Leftovers\n|upkeep\n|turn|13\n|inactive|Time left: 300 sec this turn | 300 sec total\n|\n|t:|1783544403\n|move|p1a: Grumpig|Nasty Plot|p1a: Grumpig\n|-boost|p1a: Grumpig|spa|2\n|move|p2a: Sylveon|Calm Mind|p2a: Sylveon\n|-boost|p2a: Sylveon|spa|1\n|-boost|p2a: Sylveon|spd|1\n|\n|-heal|p1a: Grumpig|225/297|[from] item: Leftovers\n|upkeep\n|turn|14\n|inactive|Time left: 300 sec this turn | 300 sec total\n|\n|t:|1783544404\n|move|p1a: Grumpig|Psychic|p2a: Sylveon\n|-damage|p2a: Sylveon|68/100\n|move|p2a: Sylveon|Hyper Voice|p1a: Grumpig\n|-damage|p1a: Grumpig|69/297\n|\n|-heal|p1a: Grumpig|87/297|[from] item: Leftovers\n|-heal|p2a: Sylveon|74/100|[from] item: Leftovers\n|upkeep\n|turn|15\n|inactive|Time left: 300 sec this turn | 300 sec total\n|\n|t:|1783544406\n|move|p1a: Grumpig|Psychic|p2a: Sylveon\n|-damage|p2a: Sylveon|42/100\n|move|p2a: Sylveon|Hyper Voice|p1a: Grumpig\n|-damage|p1a: Grumpig|0 fnt\n|faint|p1a: Grumpig\n|\n|-heal|p2a: Sylveon|48/100|[from] item: Leftovers\n|upkeep\n|inactive|Time left: 300 sec this turn | 300 sec total | 5 sec grace\n|\n|t:|1783544407\n|switch|p1a: Quaquaval|Quaquaval, L79, M|264/264\n|turn|16\n|inactive|Time left: 300 sec this turn | 300 sec total\n|\n|t:|1783544408\n|move|p2a: Sylveon|Protect|p2a: Sylveon\n|-singleturn|p2a: Sylveon|Protect\n|move|p1a: Quaquaval|Aqua Step|p2a: Sylveon\n|-activate|p2a: Sylveon|move: Protect\n|\n|-heal|p2a: Sylveon|54/100|[from] item: Leftovers\n|upkeep\n|turn|17\n|inactive|Time left: 300 sec this turn | 300 sec total\n|\n|t:|1783544408\n|move|p1a: Quaquaval|Aqua Step|p2a: Sylveon\n|-damage|p2a: Sylveon|1/100\n|-boost|p1a: Quaquaval|spe|1\n|move|p2a: Sylveon|Hyper Voice|p1a: Quaquaval\n|-supereffective|p1a: Quaquaval\n|-damage|p1a: Quaquaval|0 fnt\n|faint|p1a: Quaquaval\n|\n|-heal|p2a: Sylveon|7/100|[from] item: Leftovers\n|upkeep\n|inactive|Time left: 300 sec this turn | 300 sec total | 5 sec grace\n|\n|t:|1783544409\n|switch|p1a: Mabosstiff|Mabosstiff, L86, M|278/278\n|turn|18\n|inactive|Time left: 300 sec this turn | 300 sec total\n|\n|t:|1783544410\n|switch|p2a: Glastrier|Glastrier, L86|100/100\n|move|p1a: Mabosstiff|Crunch|p2a: Glastrier\n|-damage|p2a: Glastrier|53/100\n|\n|upkeep\n|turn|19\n|inactive|Time left: 300 sec this turn | 300 sec total\n|\n|t:|1783544412\n|move|p1a: Mabosstiff|Crunch|p2a: Glastrier\n|-damage|p2a: Glastrier|26/100\n|-unboost|p2a: Glastrier|def|1\n|move|p2a: Glastrier|Close Combat|p1a: Mabosstiff\n|-supereffective|p1a: Mabosstiff\n|-damage|p1a: Mabosstiff|0 fnt\n|-unboost|p2a: Glastrier|def|1\n|-unboost|p2a: Glastrier|spd|1\n|faint|p1a: Mabosstiff\n|-ability|p2a: Glastrier|Chilling Neigh|boost\n|-boost|p2a: Glastrier|atk|1\n|\n|upkeep\n|inactive|Time left: 300 sec this turn | 300 sec total | 5 sec grace\n|\n|t:|1783544413\n|switch|p1a: Pachirisu|Pachirisu, L96, F|271/271\n|turn|20\n|inactive|Time left: 300 sec this turn | 300 sec total\n|\n|t:|1783544414\n|switch|p2a: Annihilape|Annihilape, L76, F|100/100\n|move|p1a: Pachirisu|Discharge|p2a: Annihilape\n|-damage|p2a: Annihilape|78/100\n|\n|-heal|p2a: Annihilape|84/100|[from] item: Leftovers\n|upkeep\n|turn|21\n|inactive|Time left: 300 sec this turn | 300 sec total\n|\n|t:|1783544415\n|move|p1a: Pachirisu|Discharge|p2a: Annihilape\n|-damage|p2a: Annihilape|61/100\n|-status|p2a: Annihilape|par\n|cant|p2a: Annihilape|par\n|\n|-heal|p2a: Annihilape|67/100 par|[from] item: Leftovers\n|upkeep\n|turn|22\n|inactive|Time left: 300 sec this turn | 300 sec total\n|\n|t:|1783544416\n|move|p1a: Pachirisu|Discharge|p2a: Annihilape\n|-damage|p2a: Annihilape|45/100 par\n|cant|p2a: Annihilape|par\n|\n|-heal|p2a: Annihilape|51/100 par|[from] item: Leftovers\n|upkeep\n|turn|23\n|inactive|Time left: 300 sec this turn | 300 sec total\n|\n|t:|1783544417\n|move|p1a: Pachirisu|Discharge|p2a: Annihilape\n|-damage|p2a: Annihilape|28/100 par\n|move|p2a: Annihilape|Drain Punch|p1a: Pachirisu\n|-damage|p1a: Pachirisu|195/271\n|-heal|p2a: Annihilape|41/100 par|[from] drain|[of] p1a: Pachirisu\n|\n|-heal|p2a: Annihilape|47/100 par|[from] item: Leftovers\n|upkeep\n|turn|24\n|inactive|Time left: 300 sec this turn | 300 sec total\n|\n|t:|1783544418\n|move|p1a: Pachirisu|Discharge|p2a: Annihilape\n|-damage|p2a: Annihilape|24/100 par\n|move|p2a: Annihilape|Gunk Shot|p1a: Pachirisu\n|-damage|p1a: Pachirisu|114/271\n|\n|-heal|p2a: Annihilape|30/100 par|[from] item: Leftovers\n|upkeep\n|turn|25\n|inactive|Time left: 300 sec this turn | 300 sec total\n|\n|t:|1783544420\n|move|p1a: Pachirisu|Discharge|p2a: Annihilape\n|-damage|p2a: Annihilape|7/100 par\n|move|p2a: Annihilape|Gunk Shot|p1a: Pachirisu\n|-damage|p1a: Pachirisu|25/271\n|\n|-heal|p2a: Annihilape|14/100 par|[from] item: Leftovers\n|upkeep\n|turn|26\n|inactive|Time left: 300 sec this turn | 300 sec total\n|\n|t:|1783544421\n|move|p1a: Pachirisu|Discharge|p2a: Annihilape\n|-damage|p2a: Annihilape|0 fnt\n|faint|p2a: Annihilape\n|\n|upkeep\n|\n|t:|1783544422\n|switch|p2a: Mabosstiff|Mabosstiff, L86, F|100/100\n|turn|27\n|inactive|Time left: 300 sec this turn | 300 sec total\n|\n|t:|1783544422\n|move|p2a: Mabosstiff|Psychic Fangs|p1a: Pachirisu\n|-damage|p1a: Pachirisu|0 fnt\n|faint|p1a: Pachirisu\n|\n|win|p0y459df87", "uploadtime": 1783544422, "views": 0, "rating": 0, "private": 0, "password": null, "_winner": "p0y459df87", "_our_name": "p0x4599a46"}