{"id": "battle-gen9randombattle-157", "formatid": "gen9randombattle", "format": "[Gen 9] Random Battle", "players": ["p0x1575674", "p0y157b285"], "log": "|init|battle\n|title|p0x1575674 vs. p0y157b285\n|j|\u2606p0x1575674\n|j|\u2606p0y157b285\n|t:|1783535559\n|gametype|singles\n|player|p1|p0x1575674|101|\n|player|p2|p0y157b285|170|\n|gen|9\n|tier|[Gen 9] Random Battle\n|rule|Species Clause: Limit one of each Pok\u00e9mon\n|rule|HP Percentage Mod: HP is shown in percentages\n|rule|Sleep Clause Mod: Limit one foe put to sleep\n|rule|Illusion Level Mod: Illusion disguises the Pok\u00e9mon's true level\n|\n|t:|1783535559\n|teamsize|p1|6\n|teamsize|p2|6\n|start\n|switch|p1a: Registeel|Registeel, L81|262/262\n|switch|p2a: Overqwil|Overqwil, L82, M|100/100\n|-ability|p2a: Overqwil|Intimidate|boost\n|-fail|p1a: Registeel|unboost|[from] ability: Clear Body|[of] p1a: Registeel\n|turn|1\n|inactive|Battle timer is ON: inactive players will automatically lose when time's up. (requested by p0x1575674)\n|\n|t:|1783535561\n|move|p2a: Overqwil|Swords Dance|p2a: Overqwil\n|-boost|p2a: Overqwil|atk|2\n|move|p1a: Registeel|Iron Defense|p1a: Registeel\n|-boost|p1a: Registeel|def|2\n|\n|upkeep\n|turn|2\n|inactive|Time left: 300 sec this turn | 300 sec total\n|inactive|p0y157b285 also wants the timer to be on.\n|\n|t:|1783535562\n|move|p2a: Overqwil|Swords Dance|p2a: Overqwil\n|-boost|p2a: Overqwil|atk|2\n|move|p1a: Registeel|Body Press|p2a: Overqwil\n|-damage|p2a: Overqwil|51/100\n|\n|upkeep\n|turn|3\n|inactive|Time left: 300 sec this turn | 300 sec total\n|\n|t:|1783535562\n|move|p2a: Overqwil|Crunch|p1a: Registeel\n|-damage|p1a: Registeel|171/262\n|move|p1a: Registeel|Body Press|p2a: Overqwil\n|-crit|p2a: Overqwil\n|-damage|p2a: Overqwil|0 fnt\n|faint|p2a: Overqwil\n|\n|upkeep\n|\n|t:|1783535563\n|switch|p2a: Enamorus|Enamorus, L79, F|100/100\n|turn|4\n|inactive|Time left: 300 sec this turn | 300 sec total\n|\n|t:|1783535564\n|move|p2a: Enamorus|Superpower|p1a: Registeel\n|-supereffective|p1a: Registeel\n|-damage|p1a: Registeel|109/262\n|-boost|p2a: Enamorus|atk|1\n|-boost|p2a: Enamorus|def|1\n|move|p1a: Registeel|Iron Head|p2a: Enamorus\n|-supereffective|p2a: Enamorus\n|-damage|p2a: Enamorus|54/100\n|\n|-heal|p2a: Enamorus|60/100|[from] item: Leftovers\n|upkeep\n|turn|5\n|inactive|Time left: 300 sec this turn | 300 sec total\n|\n|t:|1783535565\n|move|p2a: Enamorus|Superpower|p1a: Registeel\n|-supereffective|p1a: Registeel\n|-damage|p1a: Registeel|23/262\n|-boost|p2a: Enamorus|atk|1\n|-boost|p2a: Enamorus|def|1\n|move|p1a: Registeel|Rest|p1a: Registeel\n|-status|p1a: Registeel|slp|[from] move: Rest\n|-heal|p1a: Registeel|262/262 slp|[silent]\n|-enditem|p1a: Registeel|Chesto Berry|[eat]\n|-curestatus|p1a: Registeel|slp|[msg]\n|\n|-heal|p2a: Enamorus|66/100|[from] item: Leftovers\n|upkeep\n|turn|6\n|inactive|Time left: 300 sec this turn | 300 sec total\n|\n|t:|1783535566\n|switch|p1a: Basculegion|Basculegion, L80, M|323/323\n|move|p2a: Enamorus|Superpower|p1a: Basculegion\n|-immune|p1a: Basculegion\n|\n|-heal|p2a: Enamorus|72/100|[from] item: Leftovers\n|upkeep\n|turn|7\n|inactive|Time left: 300 sec this turn | 300 sec total\n|\n|t:|1783535567\n|move|p2a: Enamorus|Play Rough|p1a: Basculegion\n|-damage|p1a: Basculegion|94/323\n|move|p1a: Basculegion|Shadow Ball|p2a: Enamorus\n|-damage|p2a: Enamorus|32/100\n|\n|-heal|p2a: Enamorus|38/100|[from] item: Leftovers\n|upkeep\n|turn|8\n|inactive|Time left: 300 sec this turn | 300 sec total\n|\n|t:|1783535568\n|move|p2a: Enamorus|Play Rough|p1a: Basculegion|[miss]\n|-miss|p2a: Enamorus|p1a: Basculegion\n|move|p1a: Basculegion|Shadow Ball|p2a: Enamorus\n|-damage|p2a: Enamorus|0 fnt\n|faint|p2a: Enamorus\n|\n|upkeep\n|\n|t:|1783535569\n|switch|p2a: Cloyster|Cloyster, L80, M|100/100\n|turn|9\n|inactive|Time left: 300 sec this turn | 300 sec total\n|\n|t:|1783535570\n|move|p1a: Basculegion|Shadow Ball|p2a: Cloyster\n|-damage|p2a: Cloyster|34/100\n|-unboost|p2a: Cloyster|spd|1\n|-enditem|p2a: Cloyster|White Herb\n|-clearnegativeboost|p2a: Cloyster|[silent]\n|move|p2a: Cloyster|Shell Smash|p2a: Cloyster\n|-unboost|p2a: Cloyster|def|1\n|-unboost|p2a: Cloyster|spd|1\n|-boost|p2a: Cloyster|atk|2\n|-boost|p2a: Cloyster|spa|2\n|-boost|p2a: Cloyster|spe|2\n|\n|upkeep\n|turn|10\n|inactive|Time left: 300 sec this turn | 300 sec total\n|\n|t:|1783535571\n|switch|p1a: Registeel|Registeel, L81|262/262\n|move|p2a: Cloyster|Icicle Spear|p1a: Registeel\n|-resisted|p1a: Registeel\n|-damage|p1a: Registeel|246/262\n|-resisted|p1a: Registeel\n|-damage|p1a: Registeel|231/262\n|-resisted|p1a: Registeel\n|-damage|p1a: Registeel|213/262\n|-resisted|p1a: Registeel\n|-damage|p1a: Registeel|195/262\n|-resisted|p1a: Registeel\n|-damage|p1a: Registeel|179/262\n|-hitcount|p1a: Registeel|5\n|\n|upkeep\n|turn|11\n|inactive|Time left: 300 sec this turn | 300 sec total\n|\n|t:|1783535572\n|move|p2a: Cloyster|Hydro Pump|p1a: Registeel\n|-damage|p1a: Registeel|47/262\n|move|p1a: Registeel|Body Press|p2a: Cloyster\n|-supereffective|p2a: Cloyster\n|-damage|p2a: Cloyster|0 fnt\n|faint|p2a: Cloyster\n|\n|upkeep\n|\n|t:|1783535573\n|switch|p2a: Oranguru|Oranguru, L92, F|100/100\n|turn|12\n|inactive|Time left: 300 sec this turn | 300 sec total\n|\n|t:|1783535574\n|move|p2a: Oranguru|Nasty Plot|p2a: Oranguru\n|-boost|p2a: Oranguru|spa|2\n|move|p1a: Registeel|Rest|p1a: Registeel\n|-status|p1a: Registeel|slp|[from] move: Rest\n|-heal|p1a: Registeel|262/262 slp|[silent]\n|\n|upkeep\n|turn|13\n|inactive|Time left: 300 sec this turn | 300 sec total\n|\n|t:|1783535575\n|move|p2a: Oranguru|Hyper Voice|p1a: Registeel\n|-resisted|p1a: Registeel\n|-damage|p1a: Registeel|168/262 slp\n|-damage|p2a: Oranguru|91/100|[from] item: Life Orb\n|cant|p1a: Registeel|slp\n|\n|upkeep\n|turn|14\n|inactive|Time left: 300 sec this turn | 300 sec total\n|\n|t:|1783535576\n|move|p2a: Oranguru|Hyper Voice|p1a: Registeel\n|-resisted|p1a: Registeel\n|-damage|p1a: Registeel|67/262 slp\n|-damage|p2a: Oranguru|81/100|[from] item: Life Orb\n|cant|p1a: Registeel|slp\n|\n|upkeep\n|turn|15\n|inactive|Time left: 300 sec this turn | 300 sec total\n|\n|t:|1783535577\n|move|p2a: Oranguru|Psyshock|p1a: Registeel\n|-resisted|p1a: Registeel\n|-damage|p1a: Registeel|0 fnt\n|faint|p1a: Registeel\n|-damage|p2a: Oranguru|71/100|[from] item: Life Orb\n|\n|upkeep\n|inactive|Time left: 300 sec this turn | 300 sec total | 5 sec grace\n|\n|t:|1783535578\n|switch|p1a: Basculegion|Basculegion, L80, M|94/323\n|turn|16\n|inactive|Time left: 300 sec this turn | 300 sec total\n|\n|t:|1783535579\n|move|p1a: Basculegion|Wave Crash|p2a: Oranguru\n|-damage|p2a: Oranguru|14/100\n|-damage|p1a: Basculegion|35/323|[from] Recoil\n|move|p2a: Oranguru|Thunderbolt|p1a: Basculegion\n|-supereffective|p1a: Basculegion\n|-damage|p1a: Basculegion|0 fnt\n|faint|p1a: Basculegion\n|-damage|p2a: Oranguru|5/100|[from] item: Life Orb\n|\n|upkeep\n|inactive|Time left: 300 sec this turn | 300 sec total | 5 sec grace\n|\n|t:|1783535580\n|switch|p1a: Toedscruel|Toedscruel, L87, F|281/281\n|turn|17\n|inactive|Time left: 300 sec this turn | 300 sec total\n|\n|t:|1783535581\n|switch|p2a: Sawsbuck|Sawsbuck-Autumn, L88, M|100/100\n|move|p1a: Toedscruel|Rapid Spin|p2a: Sawsbuck\n|-damage|p2a: Sawsbuck|89/100\n|-boost|p1a: Toedscruel|spe|1\n|\n|upkeep\n|turn|18\n|inactive|Time left: 300 sec this turn | 300 sec total\n|\n|t:|1783535582\n|switch|p1a: Regirock|Regirock, L83|268/268\n|move|p2a: Sawsbuck|Horn Leech|p1a: Regirock\n|-supereffective|p1a: Regirock\n|-damage|p1a: Regirock|143/268\n|-heal|p2a: Sawsbuck|100/100|[from] drain|[of] p1a: Regirock\n|-damage|p2a: Sawsbuck|91/100|[from] item: Life Orb\n|\n|upkeep\n|turn|19\n|inactive|Time left: 300 sec this turn | 300 sec total\n|\n|t:|1783535583\n|move|p2a: Sawsbuck|Horn Leech|p1a: Regirock\n|-supereffective|p1a: Regirock\n|-damage|p1a: Regirock|31/268\n|-heal|p2a: Sawsbuck|100/100|[from] drain|[of] p1a: Regirock\n|-damage|p2a: Sawsbuck|91/100|[from] item: Life Orb\n|move|p1a: Regirock|Body Press|p2a: Sawsbuck\n|-supereffective|p2a: Sawsbuck\n|-damage|p2a: Sawsbuck|8/100\n|\n|upkeep\n|turn|20\n|inactive|Time left: 300 sec this turn | 300 sec total\n|\n|t:|1783535584\n|move|p2a: Sawsbuck|Horn Leech|p1a: Regirock\n|-supereffective|p1a: Regirock\n|-damage|p1a: Regirock|0 fnt\n|-heal|p2a: Sawsbuck|14/100|[from] drain|[of] p1a: Regirock\n|faint|p1a: Regirock\n|-damage|p2a: Sawsbuck|4/100|[from] item: Life Orb\n|\n|upkeep\n|inactive|Time left: 300 sec this turn | 300 sec total | 5 sec grace\n|\n|t:|1783535585\n|switch|p1a: Toedscruel|Toedscruel, L87, F|281/281\n|turn|21\n|inactive|Time left: 300 sec this turn | 300 sec total\n|\n|t:|1783535586\n|switch|p2a: Glastrier|Glastrier, L86|100/100\n|move|p1a: Toedscruel|Rapid Spin|p2a: Glastrier\n|-damage|p2a: Glastrier|93/100\n|-boost|p1a: Toedscruel|spe|1\n|\n|upkeep\n|turn|22\n|inactive|Time left: 300 sec this turn | 300 sec total\n|\n|t:|1783535587\n|move|p2a: Glastrier|Swords Dance|p2a: Glastrier\n|-boost|p2a: Glastrier|atk|2\n|move|p1a: Toedscruel|Spore|p2a: Glastrier\n|-status|p2a: Glastrier|slp|[from] move: Spore\n|\n|upkeep\n|turn|23\n|inactive|Time left: 300 sec this turn | 300 sec total\n|\n|t:|1783535588\n|move|p1a: Toedscruel|Rapid Spin|p2a: Glastrier\n|-damage|p2a: Glastrier|87/100 slp\n|-boost|p1a: Toedscruel|spe|1\n|cant|p2a: Glastrier|slp\n|\n|upkeep\n|turn|24\n|inactive|Time left: 300 sec this turn | 300 sec total\n|\n|t:|1783535589\n|move|p1a: Toedscruel|Earth Power|p2a: Glastrier\n|-damage|p2a: Glastrier|62/100 slp\n|cant|p2a: Glastrier|slp\n|\n|upkeep\n|turn|25\n|inactive|Time left: 300 sec this turn | 300 sec total\n|\n|t:|1783535590\n|move|p1a: Toedscruel|Earth Power|p2a: Glastrier\n|-damage|p2a: Glastrier|38/100 slp\n|cant|p2a: Glastrier|slp\n|\n|upkeep\n|turn|26\n|inactive|Time left: 300 sec this turn | 300 sec total\n|\n|t:|1783535591\n|-terastallize|p1a: Toedscruel|Water\n|move|p1a: Toedscruel|Earth Power|p2a: Glastrier\n|-damage|p2a: Glastrier|17/100 slp\n|-curestatus|p2a: Glastrier|slp|[msg]\n|move|p2a: Glastrier|Close Combat|p1a: Toedscruel\n|-damage|p1a: Toedscruel|0 fnt\n|-unboost|p2a: Glastrier|def|1\n|-unboost|p2a: Glastrier|spd|1\n|faint|p1a: Toedscruel\n|-ability|p2a: Glastrier|Chilling Neigh|boost\n|-boost|p2a: Glastrier|atk|1\n|\n|upkeep\n|inactive|Time left: 300 sec this turn | 300 sec total | 5 sec grace\n|\n|t:|1783535592\n|switch|p1a: Zekrom|Zekrom, L71|259/259\n|-ability|p1a: Zekrom|Teravolt\n|turn|27\n|inactive|Time left: 300 sec this turn | 300 sec total\n|\n|t:|1783535593\n|switch|p2a: Sawsbuck|Sawsbuck-Autumn, L88, M|4/100\n|move|p1a: Zekrom|Outrage|p2a: Sawsbuck\n|-damage|p2a: Sawsbuck|0 fnt\n|faint|p2a: Sawsbuck\n|\n|upkeep\n|\n|t:|1783535594\n|switch|p2a: Oranguru|Oranguru, L92, F|5/100\n|turn|28\n|inactive|Time left: 300 sec this turn | 300 sec total\n|\n|t:|1783535595\n|move|p1a: Zekrom|Outrage|p2a: Oranguru|[from] lockedmove\n|-damage|p2a: Oranguru|0 fnt\n|faint|p2a: Oranguru\n|\n|upkeep\n|\n|t:|1783535596\n|switch|p2a: Glastrier|Glastrier, L86|17/100\n|turn|29\n|inactive|Time left: 300 sec this turn | 300 sec total\n|\n|t:|1783535597\n|-terastallize|p2a: Glastrier|Steel\n|move|p1a: Zekrom|Outrage|p2a: Glastrier|[from] lockedmove\n|-resisted|p2a: Glastrier\n|-damage|p2a: Glastrier|1/100\n|-start|p1a: Zekrom|confusion|[fatigue]\n|move|p2a: Glastrier|Swords Dance|p2a: Glastrier\n|-boost|p2a: Glastrier|atk|2\n|\n|upkeep\n|turn|30\n|inactive|Time left: 300 sec this turn | 300 sec total\n|\n|t:|1783535598\n|-activate|p1a: Zekrom|confusion\n|move|p1a: Zekrom|Outrage|p2a: Glastrier\n|-resisted|p2a: Glastrier\n|-damage|p2a: Glastrier|0 fnt\n|faint|p2a: Glastrier\n|\n|win|p0x1575674", "uploadtime": 1783535598, "views": 0, "rating": 0, "private": 0, "password": null, "_winner": "p0x1575674", "_our_name": "p0x1575674"}