{"id": "battle-gen9randombattle-242", "formatid": "gen9randombattle", "format": "[Gen 9] Random Battle", "players": ["p0x242203b", "p0y242295f"], "log": "|init|battle\n|title|p0x242203b vs. p0y242295f\n|j|\u2606p0x242203b\n|j|\u2606p0y242295f\n|t:|1783542389\n|gametype|singles\n|player|p1|p0x242203b|170|\n|player|p2|p0y242295f|2|\n|gen|9\n|tier|[Gen 9] Random Battle\n|rule|Species Clause: Limit one of each Pok\u00e9mon\n|rule|HP Percentage Mod: HP is shown in percentages\n|rule|Sleep Clause Mod: Limit one foe put to sleep\n|rule|Illusion Level Mod: Illusion disguises the Pok\u00e9mon's true level\n|\n|t:|1783542389\n|teamsize|p1|6\n|teamsize|p2|6\n|start\n|switch|p1a: Rabsca|Rabsca, L91, M|100/100\n|switch|p2a: Scovillain|Scovillain, L91, M|266/266\n|turn|1\n|inactive|Battle timer is ON: inactive players will automatically lose when time's up. (requested by p0x242203b)\n|inactive|Time left: 300 sec this turn | 300 sec total | 60 sec grace\n|inactive|p0y242295f also wants the timer to be on.\n|\n|t:|1783542391\n|switch|p1a: Salazzle|Salazzle, L83, F|100/100\n|move|p2a: Scovillain|Flamethrower|p1a: Salazzle\n|-resisted|p1a: Salazzle\n|-damage|p1a: Salazzle|55/100\n|\n|upkeep\n|turn|2\n|inactive|Time left: 300 sec this turn | 300 sec total\n|\n|t:|1783542392\n|-terastallize|p2a: Scovillain|Fire\n|move|p1a: Salazzle|Sludge Wave|p2a: Scovillain\n|-damage|p2a: Scovillain|133/266\n|move|p2a: Scovillain|Flamethrower|p1a: Salazzle\n|-resisted|p1a: Salazzle\n|-damage|p1a: Salazzle|0 fnt\n|faint|p1a: Salazzle\n|\n|upkeep\n|\n|t:|1783542393\n|switch|p1a: Zacian|Zacian, L69|100/100\n|-ability|p1a: Zacian|Intrepid Sword|boost\n|-boost|p1a: Zacian|atk|1\n|turn|3\n|inactive|Time left: 300 sec this turn | 300 sec total\n|\n|t:|1783542394\n|switch|p2a: Houndstone|Houndstone, L86, F|264/264\n|move|p1a: Zacian|Close Combat|p2a: Houndstone\n|-immune|p2a: Houndstone\n|\n|upkeep\n|turn|4\n|inactive|Time left: 300 sec this turn | 300 sec total\n|\n|t:|1783542395\n|switch|p1a: Honchkrow|Honchkrow, L86, F|100/100\n|move|p2a: Houndstone|Poltergeist|p1a: Honchkrow|[miss]\n|-miss|p2a: Houndstone|p1a: Honchkrow\n|\n|upkeep\n|turn|5\n|inactive|Time left: 300 sec this turn | 300 sec total\n|\n|t:|1783542396\n|move|p1a: Honchkrow|Heat Wave|p2a: Houndstone\n|-damage|p2a: Houndstone|134/264\n|move|p2a: Houndstone|Will-O-Wisp|p1a: Honchkrow\n|-status|p1a: Honchkrow|brn\n|\n|-heal|p2a: Houndstone|150/264|[from] item: Leftovers\n|-damage|p1a: Honchkrow|94/100 brn|[from] brn\n|upkeep\n|turn|6\n|inactive|Time left: 300 sec this turn | 300 sec total\n|\n|t:|1783542397\n|move|p1a: Honchkrow|Heat Wave|p2a: Houndstone\n|-damage|p2a: Houndstone|26/264\n|move|p2a: Houndstone|Body Press|p1a: Honchkrow\n|-damage|p1a: Honchkrow|65/100 brn\n|\n|-heal|p2a: Houndstone|42/264|[from] item: Leftovers\n|-damage|p1a: Honchkrow|59/100 brn|[from] brn\n|upkeep\n|turn|7\n|inactive|Time left: 300 sec this turn | 300 sec total\n|\n|t:|1783542398\n|switch|p2a: Articuno|Articuno, L86|295/295\n|-ability|p2a: Articuno|Pressure\n|move|p1a: Honchkrow|Heat Wave|p2a: Articuno\n|-supereffective|p2a: Articuno\n|-damage|p2a: Articuno|187/295\n|\n|-damage|p1a: Honchkrow|52/100 brn|[from] brn\n|upkeep\n|turn|8\n|inactive|Time left: 300 sec this turn | 300 sec total\n|\n|t:|1783542399\n|move|p2a: Articuno|Roost|p2a: Articuno\n|-heal|p2a: Articuno|295/295\n|-singleturn|p2a: Articuno|move: Roost\n|move|p1a: Honchkrow|Brave Bird|p2a: Articuno\n|-damage|p2a: Articuno|225/295\n|-damage|p1a: Honchkrow|45/100 brn|[from] Recoil\n|\n|-damage|p1a: Honchkrow|39/100 brn|[from] brn\n|upkeep\n|turn|9\n|inactive|Time left: 300 sec this turn | 300 sec total\n|\n|t:|1783542400\n|switch|p1a: Zacian|Zacian, L69|100/100\n|move|p2a: Articuno|Freeze-Dry|p1a: Zacian\n|-damage|p1a: Zacian|68/100\n|\n|upkeep\n|turn|10\n|inactive|Time left: 300 sec this turn | 300 sec total\n|\n|t:|1783542401\n|move|p1a: Zacian|Play Rough|p2a: Articuno|[miss]\n|-miss|p1a: Zacian|p2a: Articuno\n|move|p2a: Articuno|Roost|p2a: Articuno\n|-heal|p2a: Articuno|295/295\n|-singleturn|p2a: Articuno|move: Roost\n|\n|upkeep\n|turn|11\n|inactive|Time left: 300 sec this turn | 300 sec total\n|\n|t:|1783542402\n|move|p1a: Zacian|Play Rough|p2a: Articuno\n|-damage|p2a: Articuno|198/295\n|move|p2a: Articuno|Freeze-Dry|p1a: Zacian\n|-damage|p1a: Zacian|38/100\n|\n|upkeep\n|turn|12\n|inactive|Time left: 300 sec this turn | 300 sec total\n|\n|t:|1783542403\n|move|p1a: Zacian|Play Rough|p2a: Articuno|[miss]\n|-miss|p1a: Zacian|p2a: Articuno\n|move|p2a: Articuno|Brave Bird|p1a: Zacian\n|-damage|p1a: Zacian|0 fnt\n|faint|p1a: Zacian\n|-damage|p2a: Articuno|168/295|[from] Recoil\n|\n|upkeep\n|\n|t:|1783542404\n|switch|p1a: Rabsca|Rabsca, L91, M|100/100\n|turn|13\n|inactive|Time left: 300 sec this turn | 300 sec total\n|\n|t:|1783542405\n|move|p2a: Articuno|Roost|p2a: Articuno\n|-heal|p2a: Articuno|295/295\n|-singleturn|p2a: Articuno|move: Roost\n|move|p1a: Rabsca|Psychic|p2a: Articuno\n|-damage|p2a: Articuno|208/295\n|\n|upkeep\n|turn|14\n|inactive|Time left: 300 sec this turn | 300 sec total\n|\n|t:|1783542406\n|move|p2a: Articuno|Brave Bird|p1a: Rabsca\n|-supereffective|p1a: Rabsca\n|-damage|p1a: Rabsca|27/100\n|-damage|p2a: Articuno|139/295|[from] Recoil\n|move|p1a: Rabsca|Psychic|p2a: Articuno\n|-damage|p2a: Articuno|40/295\n|\n|upkeep\n|turn|15\n|inactive|Time left: 300 sec this turn | 300 sec total\n|\n|t:|1783542407\n|move|p2a: Articuno|Roost|p2a: Articuno\n|-heal|p2a: Articuno|188/295\n|-singleturn|p2a: Articuno|move: Roost\n|move|p1a: Rabsca|Psychic|p2a: Articuno\n|-damage|p2a: Articuno|86/295\n|\n|upkeep\n|turn|16\n|inactive|Time left: 300 sec this turn | 300 sec total\n|\n|t:|1783542408\n|move|p2a: Articuno|Roost|p2a: Articuno\n|-heal|p2a: Articuno|234/295\n|-singleturn|p2a: Articuno|move: Roost\n|move|p1a: Rabsca|Recover|p1a: Rabsca\n|-heal|p1a: Rabsca|77/100\n|\n|upkeep\n|turn|17\n|inactive|Time left: 300 sec this turn | 300 sec total\n|\n|t:|1783542409\n|-terastallize|p1a: Rabsca|Steel\n|move|p2a: Articuno|Brave Bird|p1a: Rabsca\n|-resisted|p1a: Rabsca\n|-damage|p1a: Rabsca|58/100\n|-damage|p2a: Articuno|217/295|[from] Recoil\n|move|p1a: Rabsca|Psychic|p2a: Articuno\n|-damage|p2a: Articuno|123/295\n|\n|upkeep\n|turn|18\n|inactive|Time left: 300 sec this turn | 300 sec total\n|\n|t:|1783542410\n|move|p2a: Articuno|Roost|p2a: Articuno\n|-heal|p2a: Articuno|271/295\n|-singleturn|p2a: Articuno|move: Roost\n|move|p1a: Rabsca|Psychic|p2a: Articuno\n|-damage|p2a: Articuno|172/295\n|\n|upkeep\n|turn|19\n|inactive|Time left: 300 sec this turn | 300 sec total\n|\n|t:|1783542411\n|move|p2a: Articuno|Roost|p2a: Articuno\n|-heal|p2a: Articuno|295/295\n|-singleturn|p2a: Articuno|move: Roost\n|move|p1a: Rabsca|Psychic|p2a: Articuno\n|-damage|p2a: Articuno|196/295\n|\n|upkeep\n|turn|20\n|inactive|Time left: 300 sec this turn | 300 sec total\n|\n|t:|1783542413\n|move|p2a: Articuno|Roost|p2a: Articuno\n|-heal|p2a: Articuno|295/295\n|-singleturn|p2a: Articuno|move: Roost\n|move|p1a: Rabsca|Psychic|p2a: Articuno\n|-damage|p2a: Articuno|195/295\n|-unboost|p2a: Articuno|spd|1\n|\n|upkeep\n|turn|21\n|inactive|Time left: 300 sec this turn | 300 sec total\n|\n|t:|1783542413\n|move|p2a: Articuno|Freeze-Dry|p1a: Rabsca\n|-resisted|p1a: Rabsca\n|-damage|p1a: Rabsca|48/100\n|move|p1a: Rabsca|Psychic|p2a: Articuno\n|-damage|p2a: Articuno|53/295\n|\n|upkeep\n|turn|22\n|inactive|Time left: 300 sec this turn | 300 sec total\n|\n|t:|1783542415\n|switch|p2a: Scovillain|Scovillain, L91, M, tera:Fire|133/266\n|move|p1a: Rabsca|Recover|p1a: Rabsca\n|-heal|p1a: Rabsca|98/100\n|\n|upkeep\n|turn|23\n|inactive|Time left: 300 sec this turn | 300 sec total\n|\n|t:|1783542416\n|switch|p1a: Honchkrow|Honchkrow, L86, F|39/100 brn\n|move|p2a: Scovillain|Flamethrower|p1a: Honchkrow\n|-damage|p1a: Honchkrow|0 fnt\n|faint|p1a: Honchkrow\n|\n|upkeep\n|\n|t:|1783542417\n|switch|p1a: Toedscruel|Toedscruel, L87, F|100/100\n|turn|24\n|inactive|Time left: 300 sec this turn | 300 sec total\n|\n|t:|1783542418\n|switch|p2a: Breloom|Breloom, L83, M|235/235\n|move|p1a: Toedscruel|Spore|p2a: Breloom\n|-immune|p2a: Breloom\n|\n|upkeep\n|turn|25\n|inactive|Time left: 300 sec this turn | 300 sec total\n|\n|t:|1783542419\n|move|p1a: Toedscruel|Rapid Spin|p2a: Breloom\n|-damage|p2a: Breloom|200/235\n|-boost|p1a: Toedscruel|spe|1\n|move|p2a: Breloom|Swords Dance|p2a: Breloom\n|-boost|p2a: Breloom|atk|2\n|\n|upkeep\n|turn|26\n|inactive|Time left: 300 sec this turn | 300 sec total\n|\n|t:|1783542420\n|move|p1a: Toedscruel|Earth Power|p2a: Breloom\n|-resisted|p2a: Breloom\n|-crit|p2a: Breloom\n|-damage|p2a: Breloom|115/235\n|move|p2a: Breloom|Bullet Seed|p1a: Toedscruel\n|-damage|p1a: Toedscruel|50/100\n|-damage|p1a: Toedscruel|0 fnt\n|faint|p1a: Toedscruel\n|-hitcount|p1: Toedscruel|2\n|-damage|p2a: Breloom|92/235|[from] item: Life Orb\n|\n|upkeep\n|\n|t:|1783542421\n|switch|p1a: Scream Tail|Scream Tail, L84|100/100\n|turn|27\n|inactive|Time left: 300 sec this turn | 300 sec total\n|\n|t:|1783542422\n|switch|p2a: Scovillain|Scovillain, L91, M, tera:Fire|133/266\n|move|p1a: Scream Tail|Play Rough|p2a: Scovillain\n|-resisted|p2a: Scovillain\n|-damage|p2a: Scovillain|91/266\n|\n|upkeep\n|turn|28\n|inactive|Time left: 300 sec this turn | 300 sec total\n|\n|t:|1783542423\n|move|p1a: Scream Tail|Protect|p1a: Scream Tail\n|-singleturn|p1a: Scream Tail|Protect\n|move|p2a: Scovillain|Flamethrower|p1a: Scream Tail\n|-activate|p1a: Scream Tail|move: Protect\n|\n|upkeep\n|turn|29\n|inactive|Time left: 300 sec this turn | 300 sec total\n|\n|t:|1783542424\n|move|p1a: Scream Tail|Wish|p1a: Scream Tail\n|move|p2a: Scovillain|Flamethrower|p1a: Scream Tail\n|-damage|p1a: Scream Tail|38/100\n|\n|-heal|p1a: Scream Tail|44/100|[from] item: Leftovers\n|upkeep\n|turn|30\n|inactive|Time left: 300 sec this turn | 300 sec total\n|\n|t:|1783542426\n|move|p1a: Scream Tail|Protect|p1a: Scream Tail\n|-singleturn|p1a: Scream Tail|Protect\n|move|p2a: Scovillain|Flamethrower|p1a: Scream Tail\n|-activate|p1a: Scream Tail|move: Protect\n|\n|-heal|p1a: Scream Tail|94/100|[from] move: Wish|[wisher] Scream Tail\n|-heal|p1a: Scream Tail|99/100|[from] item: Leftovers\n|upkeep\n|turn|31\n|inactive|Time left: 300 sec this turn | 300 sec total\n|\n|t:|1783542427\n|move|p1a: Scream Tail|Wish|p1a: Scream Tail\n|move|p2a: Scovillain|Flamethrower|p1a: Scream Tail\n|-damage|p1a: Scream Tail|44/100\n|\n|-heal|p1a: Scream Tail|50/100|[from] item: Leftovers\n|upkeep\n|turn|32\n|inactive|Time left: 300 sec this turn | 300 sec total\n|\n|t:|1783542428\n|move|p1a: Scream Tail|Protect|p1a: Scream Tail\n|-singleturn|p1a: Scream Tail|Protect\n|move|p2a: Scovillain|Flamethrower|p1a: Scream Tail\n|-activate|p1a: Scream Tail|move: Protect\n|\n|-heal|p1a: Scream Tail|100/100|[from] move: Wish|[wisher] Scream Tail\n|upkeep\n|turn|33\n|inactive|Time left: 300 sec this turn | 300 sec total\n|\n|t:|1783542429\n|move|p1a: Scream Tail|Wish|p1a: Scream Tail\n|move|p2a: Scovillain|Flamethrower|p1a: Scream Tail\n|-damage|p1a: Scream Tail|39/100\n|\n|-heal|p1a: Scream Tail|45/100|[from] item: Leftovers\n|upkeep\n|turn|34\n|inactive|Time left: 300 sec this turn | 300 sec total\n|\n|t:|1783542430\n|move|p1a: Scream Tail|Protect|p1a: Scream Tail\n|-singleturn|p1a: Scream Tail|Protect\n|move|p2a: Scovillain|Flamethrower|p1a: Scream Tail\n|-activate|p1a: Scream Tail|move: Protect\n|\n|-heal|p1a: Scream Tail|95/100|[from] move: Wish|[wisher] Scream Tail\n|-heal|p1a: Scream Tail|100/100|[from] item: Leftovers\n|upkeep\n|turn|35\n|inactive|Time left: 300 sec this turn | 300 sec total\n|\n|t:|1783542431\n|move|p1a: Scream Tail|Wish|p1a: Scream Tail\n|move|p2a: Scovillain|Flamethrower|p1a: Scream Tail\n|-damage|p1a: Scream Tail|39/100\n|\n|-heal|p1a: Scream Tail|45/100|[from] item: Leftovers\n|upkeep\n|turn|36\n|inactive|Time left: 300 sec this turn | 300 sec total\n|\n|t:|1783542432\n|move|p1a: Scream Tail|Protect|p1a: Scream Tail\n|-singleturn|p1a: Scream Tail|Protect\n|move|p2a: Scovillain|Flamethrower|p1a: Scream Tail\n|-activate|p1a: Scream Tail|move: Protect\n|\n|-heal|p1a: Scream Tail|95/100|[from] move: Wish|[wisher] Scream Tail\n|-heal|p1a: Scream Tail|100/100|[from] item: Leftovers\n|upkeep\n|turn|37\n|inactive|Time left: 300 sec this turn | 300 sec total\n|\n|t:|1783542433\n|move|p1a: Scream Tail|Wish|p1a: Scream Tail\n|move|p2a: Scovillain|Flamethrower|p1a: Scream Tail\n|-damage|p1a: Scream Tail|41/100\n|-status|p1a: Scream Tail|brn\n|\n|-heal|p1a: Scream Tail|47/100 brn|[from] item: Leftovers\n|-damage|p1a: Scream Tail|41/100 brn|[from] brn\n|upkeep\n|turn|38\n|inactive|Time left: 300 sec this turn | 300 sec total\n|\n|t:|1783542434\n|move|p1a: Scream Tail|Protect|p1a: Scream Tail\n|-singleturn|p1a: Scream Tail|Protect\n|move|p2a: Scovillain|Flamethrower|p1a: Scream Tail\n|-activate|p1a: Scream Tail|move: Protect\n|\n|-heal|p1a: Scream Tail|91/100 brn|[from] move: Wish|[wisher] Scream Tail\n|-heal|p1a: Scream Tail|97/100 brn|[from] item: Leftovers\n|-damage|p1a: Scream Tail|91/100 brn|[from] brn\n|upkeep\n|turn|39\n|inactive|Time left: 300 sec this turn | 300 sec total\n|\n|t:|1783542435\n|move|p1a: Scream Tail|Wish|p1a: Scream Tail\n|move|p2a: Scovillain|Flamethrower|p1a: Scream Tail\n|-damage|p1a: Scream Tail|35/100 brn\n|\n|-heal|p1a: Scream Tail|41/100 brn|[from] item: Leftovers\n|-damage|p1a: Scream Tail|35/100 brn|[from] brn\n|upkeep\n|turn|40\n|inactive|Time left: 300 sec this turn | 300 sec total\n|\n|t:|1783542436\n|move|p1a: Scream Tail|Protect|p1a: Scream Tail\n|-singleturn|p1a: Scream Tail|Protect\n|move|p2a: Scovillain|Flamethrower|p1a: Scream Tail\n|-activate|p1a: Scream Tail|move: Protect\n|\n|-heal|p1a: Scream Tail|85/100 brn|[from] move: Wish|[wisher] Scream Tail\n|-heal|p1a: Scream Tail|91/100 brn|[from] item: Leftovers\n|-damage|p1a: Scream Tail|85/100 brn|[from] brn\n|upkeep\n|turn|41\n|inactive|Time left: 300 sec this turn | 300 sec total\n|\n|t:|1783542437\n|move|p1a: Scream Tail|Wish|p1a: Scream Tail\n|move|p2a: Scovillain|Flamethrower|p1a: Scream Tail\n|-damage|p1a: Scream Tail|30/100 brn\n|\n|-heal|p1a: Scream Tail|36/100 brn|[from] item: Leftovers\n|-damage|p1a: Scream Tail|30/100 brn|[from] brn\n|upkeep\n|turn|42\n|inactive|Time left: 300 sec this turn | 300 sec total\n|\n|t:|1783542438\n|move|p1a: Scream Tail|Protect|p1a: Scream Tail\n|-singleturn|p1a: Scream Tail|Protect\n|move|p2a: Scovillain|Flamethrower|p1a: Scream Tail\n|-activate|p1a: Scream Tail|move: Protect\n|\n|-heal|p1a: Scream Tail|80/100 brn|[from] move: Wish|[wisher] Scream Tail\n|-heal|p1a: Scream Tail|86/100 brn|[from] item: Leftovers\n|-damage|p1a: Scream Tail|80/100 brn|[from] brn\n|upkeep\n|turn|43\n|inactive|Time left: 300 sec this turn | 300 sec total\n|\n|t:|1783542439\n|move|p1a: Scream Tail|Wish|p1a: Scream Tail\n|move|p2a: Scovillain|Flamethrower|p1a: Scream Tail\n|-damage|p1a: Scream Tail|23/100 brn\n|\n|-heal|p1a: Scream Tail|29/100 brn|[from] item: Leftovers\n|-damage|p1a: Scream Tail|23/100 brn|[from] brn\n|upkeep\n|turn|44\n|inactive|Time left: 300 sec this turn | 300 sec total\n|\n|t:|1783542440\n|move|p1a: Scream Tail|Protect|p1a: Scream Tail\n|-singleturn|p1a: Scream Tail|Protect\n|move|p2a: Scovillain|Flamethrower|p1a: Scream Tail\n|-activate|p1a: Scream Tail|move: Protect\n|\n|-heal|p1a: Scream Tail|73/100 brn|[from] move: Wish|[wisher] Scream Tail\n|-heal|p1a: Scream Tail|79/100 brn|[from] item: Leftovers\n|-damage|p1a: Scream Tail|73/100 brn|[from] brn\n|upkeep\n|turn|45\n|inactive|Time left: 300 sec this turn | 300 sec total\n|\n|t:|1783542441\n|move|p1a: Scream Tail|Wish|p1a: Scream Tail\n|move|p2a: Scovillain|Flamethrower|p1a: Scream Tail\n|-damage|p1a: Scream Tail|13/100 brn\n|\n|-heal|p1a: Scream Tail|19/100 brn|[from] item: Leftovers\n|-damage|p1a: Scream Tail|13/100 brn|[from] brn\n|upkeep\n|turn|46\n|inactive|Time left: 300 sec this turn | 300 sec total\n|\n|t:|1783542442\n|move|p1a: Scream Tail|Protect|p1a: Scream Tail\n|-singleturn|p1a: Scream Tail|Protect\n|move|p2a: Scovillain|Flamethrower|p1a: Scream Tail\n|-activate|p1a: Scream Tail|move: Protect\n|\n|-heal|p1a: Scream Tail|63/100 brn|[from] move: Wish|[wisher] Scream Tail\n|-heal|p1a: Scream Tail|69/100 brn|[from] item: Leftovers\n|-damage|p1a: Scream Tail|63/100 brn|[from] brn\n|upkeep\n|turn|47\n|inactive|Time left: 300 sec this turn | 300 sec total\n|\n|t:|1783542443\n|move|p1a: Scream Tail|Protect||[still]\n|-fail|p1a: Scream Tail\n|move|p2a: Scovillain|Flamethrower|p1a: Scream Tail\n|-damage|p1a: Scream Tail|1/100 brn\n|\n|-heal|p1a: Scream Tail|7/100 brn|[from] item: Leftovers\n|-damage|p1a: Scream Tail|1/100 brn|[from] brn\n|upkeep\n|turn|48\n|inactive|Time left: 300 sec this turn | 300 sec total\n|\n|t:|1783542444\n|switch|p2a: Houndstone|Houndstone, L86, F|42/264\n|move|p1a: Scream Tail|Play Rough|p2a: Houndstone\n|-damage|p2a: Houndstone|27/264\n|\n|-heal|p1a: Scream Tail|7/100 brn|[from] item: Leftovers\n|-heal|p2a: Houndstone|43/264|[from] item: Leftovers\n|-damage|p1a: Scream Tail|1/100 brn|[from] brn\n|upkeep\n|turn|49\n|inactive|Time left: 300 sec this turn | 300 sec total\n|\n|t:|1783542445\n|-end|p1a: Scream Tail|Protosynthesis|[silent]\n|switch|p1a: Rabsca|Rabsca, L91, M, tera:Steel|98/100\n|switch|p2a: Scovillain|Scovillain, L91, M, tera:Fire|91/266\n|\n|upkeep\n|turn|50\n|inactive|Time left: 300 sec this turn | 300 sec total\n|\n|t:|1783542446\n|switch|p1a: Scream Tail|Scream Tail, L84|1/100 brn\n|move|p2a: Scovillain|Overheat|p1a: Scream Tail\n|-damage|p1a: Scream Tail|0 fnt\n|-unboost|p2a: Scovillain|spa|2\n|faint|p1a: Scream Tail\n|-end|p1a: Scream Tail|Protosynthesis|[silent]\n|\n|upkeep\n|\n|t:|1783542447\n|switch|p1a: Rabsca|Rabsca, L91, M, tera:Steel|98/100\n|turn|51\n|inactive|Time left: 300 sec this turn | 300 sec total\n|\n|t:|1783542448\n|move|p2a: Scovillain|Overheat|p1a: Rabsca\n|-supereffective|p1a: Rabsca\n|-damage|p1a: Rabsca|0 fnt\n|-unboost|p2a: Scovillain|spa|2\n|faint|p1a: Rabsca\n|\n|win|p0y242295f", "uploadtime": 1783542448, "views": 0, "rating": 0, "private": 0, "password": null, "_winner": "p0y242295f", "_our_name": "p0y242295f"}