{"id": "battle-gen9randombattle-692", "formatid": "gen9randombattle", "format": "[Gen 9] Random Battle", "players": ["p0x692dfdd", "p0y69236dd"], "log": "|init|battle\n|title|p0x692dfdd vs. p0y69236dd\n|j|\u2606p0x692dfdd\n|j|\u2606p0y69236dd\n|t:|1783547851\n|gametype|singles\n|player|p1|p0x692dfdd|169|\n|player|p2|p0y69236dd|2|\n|gen|9\n|tier|[Gen 9] Random Battle\n|rule|Species Clause: Limit one of each Pok\u00e9mon\n|rule|HP Percentage Mod: HP is shown in percentages\n|rule|Sleep Clause Mod: Limit one foe put to sleep\n|rule|Illusion Level Mod: Illusion disguises the Pok\u00e9mon's true level\n|\n|t:|1783547851\n|teamsize|p1|6\n|teamsize|p2|6\n|start\n|switch|p1a: Gurdurr|Gurdurr, L85, F|100/100\n|switch|p2a: Espeon|Espeon, L84, M|246/246\n|turn|1\n|inactive|Battle timer is ON: inactive players will automatically lose when time's up. (requested by p0y69236dd)\n|inactive|p0x692dfdd also wants the timer to be on.\n|\n|t:|1783547853\n|-terastallize|p1a: Gurdurr|Steel\n|move|p2a: Espeon|Psyshock|p1a: Gurdurr\n|-resisted|p1a: Gurdurr\n|-damage|p1a: Gurdurr|84/100\n|-damage|p2a: Espeon|222/246|[from] item: Life Orb\n|move|p1a: Gurdurr|Knock Off|p2a: Espeon\n|-supereffective|p2a: Espeon\n|-damage|p2a: Espeon|26/246\n|-enditem|p2a: Espeon|Life Orb|[from] move: Knock Off|[of] p1a: Gurdurr\n|\n|upkeep\n|turn|2\n|inactive|Time left: 300 sec this turn | 300 sec total\n|\n|t:|1783547854\n|move|p1a: Gurdurr|Mach Punch|p2a: Espeon\n|-resisted|p2a: Espeon\n|-damage|p2a: Espeon|0 fnt\n|faint|p2a: Espeon\n|\n|upkeep\n|inactive|Time left: 300 sec this turn | 300 sec total | 5 sec grace\n|\n|t:|1783547855\n|switch|p2a: Stantler|Stantler, L92, M|284/284\n|-ability|p2a: Stantler|Intimidate|boost\n|-unboost|p1a: Gurdurr|atk|1\n|turn|3\n|inactive|Time left: 300 sec this turn | 300 sec total\n|\n|t:|1783547857\n|move|p2a: Stantler|Calm Mind|p2a: Stantler\n|-boost|p2a: Stantler|spa|1\n|-boost|p2a: Stantler|spd|1\n|move|p1a: Gurdurr|Drain Punch|p2a: Stantler\n|-supereffective|p2a: Stantler\n|-damage|p2a: Stantler|194/284\n|-heal|p1a: Gurdurr|99/100|[from] drain|[of] p2a: Stantler\n|\n|upkeep\n|turn|4\n|inactive|Time left: 300 sec this turn | 300 sec total\n|\n|t:|1783547858\n|switch|p1a: Galvantula|Galvantula, L82, M|100/100\n|move|p2a: Stantler|Earth Power|p1a: Galvantula\n|-damage|p1a: Galvantula|47/100\n|\n|upkeep\n|turn|5\n|inactive|Time left: 300 sec this turn | 300 sec total\n|\n|t:|1783547859\n|move|p1a: Galvantula|Sticky Web|p2a: Stantler\n|-sidestart|p2: p0y69236dd|move: Sticky Web\n|move|p2a: Stantler|Earth Power|p1a: Galvantula\n|-damage|p1a: Galvantula|0 fnt\n|faint|p1a: Galvantula\n|\n|upkeep\n|\n|t:|1783547860\n|switch|p1a: Lycanroc|Lycanroc, L86, M|100/100\n|turn|6\n|inactive|Time left: 300 sec this turn | 300 sec total\n|\n|t:|1783547861\n|-terastallize|p2a: Stantler|Fairy\n|move|p1a: Lycanroc|Stone Edge|p2a: Stantler\n|-crit|p2a: Stantler\n|-damage|p2a: Stantler|0 fnt\n|faint|p2a: Stantler\n|\n|upkeep\n|inactive|Time left: 300 sec this turn | 300 sec total | 5 sec grace\n|\n|t:|1783547862\n|switch|p2a: Lycanroc|Lycanroc, L86, M|269/269\n|-activate|p2a: Lycanroc|move: Sticky Web\n|-unboost|p2a: Lycanroc|spe|1\n|turn|7\n|inactive|Time left: 300 sec this turn | 300 sec total\n|\n|t:|1783547863\n|move|p1a: Lycanroc|Stone Edge|p2a: Lycanroc\n|-damage|p2a: Lycanroc|25/269\n|move|p2a: Lycanroc|Close Combat|p1a: Lycanroc\n|-supereffective|p1a: Lycanroc\n|-crit|p1a: Lycanroc\n|-damage|p1a: Lycanroc|0 fnt\n|-unboost|p2a: Lycanroc|def|1\n|-unboost|p2a: Lycanroc|spd|1\n|faint|p1a: Lycanroc\n|\n|upkeep\n|\n|t:|1783547864\n|switch|p1a: Haxorus|Haxorus, L77, F|100/100\n|-ability|p1a: Haxorus|Mold Breaker\n|turn|8\n|inactive|Time left: 300 sec this turn | 300 sec total\n|\n|t:|1783547865\n|move|p1a: Haxorus|Iron Head|p2a: Lycanroc\n|-supereffective|p2a: Lycanroc\n|-damage|p2a: Lycanroc|0 fnt\n|faint|p2a: Lycanroc\n|\n|upkeep\n|inactive|Time left: 300 sec this turn | 300 sec total | 5 sec grace\n|\n|t:|1783547866\n|switch|p2a: Drifblim|Drifblim, L86, F|398/398\n|turn|9\n|inactive|Time left: 300 sec this turn | 300 sec total\n|\n|t:|1783547867\n|move|p1a: Haxorus|Dragon Dance|p1a: Haxorus\n|-boost|p1a: Haxorus|atk|1\n|-boost|p1a: Haxorus|spe|1\n|move|p2a: Drifblim|Strength Sap|p1a: Haxorus\n|-unboost|p1a: Haxorus|atk|1\n|\n|upkeep\n|turn|10\n|inactive|Time left: 300 sec this turn | 300 sec total\n|\n|t:|1783547868\n|move|p1a: Haxorus|Dragon Dance|p1a: Haxorus\n|-boost|p1a: Haxorus|atk|1\n|-boost|p1a: Haxorus|spe|1\n|move|p2a: Drifblim|Strength Sap|p1a: Haxorus\n|-unboost|p1a: Haxorus|atk|1\n|\n|upkeep\n|turn|11\n|inactive|Time left: 300 sec this turn | 300 sec total\n|\n|t:|1783547869\n|move|p1a: Haxorus|Dragon Dance|p1a: Haxorus\n|-boost|p1a: Haxorus|atk|1\n|-boost|p1a: Haxorus|spe|1\n|move|p2a: Drifblim|Strength Sap|p1a: Haxorus\n|-unboost|p1a: Haxorus|atk|1\n|\n|upkeep\n|turn|12\n|inactive|Time left: 300 sec this turn | 300 sec total\n|\n|t:|1783547870\n|move|p1a: Haxorus|Dragon Dance|p1a: Haxorus\n|-boost|p1a: Haxorus|atk|1\n|-boost|p1a: Haxorus|spe|1\n|move|p2a: Drifblim|Strength Sap|p1a: Haxorus\n|-unboost|p1a: Haxorus|atk|1\n|\n|upkeep\n|turn|13\n|inactive|Time left: 300 sec this turn | 300 sec total\n|\n|t:|1783547871\n|move|p1a: Haxorus|Dragon Dance|p1a: Haxorus\n|-boost|p1a: Haxorus|atk|1\n|-boost|p1a: Haxorus|spe|1\n|move|p2a: Drifblim|Strength Sap|p1a: Haxorus\n|-unboost|p1a: Haxorus|atk|1\n|\n|upkeep\n|turn|14\n|inactive|Time left: 300 sec this turn | 300 sec total\n|\n|t:|1783547872\n|move|p1a: Haxorus|Dragon Dance|p1a: Haxorus\n|-boost|p1a: Haxorus|atk|1\n|-boost|p1a: Haxorus|spe|1\n|move|p2a: Drifblim|Strength Sap|p1a: Haxorus\n|-unboost|p1a: Haxorus|atk|1\n|\n|upkeep\n|turn|15\n|inactive|Time left: 300 sec this turn | 300 sec total\n|\n|t:|1783547873\n|move|p1a: Haxorus|Dragon Dance|p1a: Haxorus\n|-boost|p1a: Haxorus|atk|1\n|-boost|p1a: Haxorus|spe|0\n|move|p2a: Drifblim|Strength Sap|p1a: Haxorus\n|-unboost|p1a: Haxorus|atk|1\n|\n|upkeep\n|turn|16\n|inactive|Time left: 300 sec this turn | 300 sec total\n|\n|t:|1783547874\n|move|p1a: Haxorus|Dragon Dance|p1a: Haxorus\n|-boost|p1a: Haxorus|atk|1\n|-boost|p1a: Haxorus|spe|0\n|move|p2a: Drifblim|Strength Sap|p1a: Haxorus\n|-unboost|p1a: Haxorus|atk|1\n|\n|upkeep\n|turn|17\n|inactive|Time left: 300 sec this turn | 300 sec total\n|\n|t:|1783547874\n|move|p1a: Haxorus|Dragon Dance|p1a: Haxorus\n|-boost|p1a: Haxorus|atk|1\n|-boost|p1a: Haxorus|spe|0\n|move|p2a: Drifblim|Strength Sap|p1a: Haxorus\n|-unboost|p1a: Haxorus|atk|1\n|\n|upkeep\n|turn|18\n|inactive|Time left: 300 sec this turn | 300 sec total\n|\n|t:|1783547875\n|move|p1a: Haxorus|Dragon Dance|p1a: Haxorus\n|-boost|p1a: Haxorus|atk|1\n|-boost|p1a: Haxorus|spe|0\n|move|p2a: Drifblim|Strength Sap|p1a: Haxorus\n|-unboost|p1a: Haxorus|atk|1\n|\n|upkeep\n|turn|19\n|inactive|Time left: 300 sec this turn | 300 sec total\n|\n|t:|1783547876\n|move|p1a: Haxorus|Dragon Dance|p1a: Haxorus\n|-boost|p1a: Haxorus|atk|1\n|-boost|p1a: Haxorus|spe|0\n|move|p2a: Drifblim|Strength Sap|p1a: Haxorus\n|-unboost|p1a: Haxorus|atk|1\n|\n|upkeep\n|turn|20\n|inactive|Time left: 300 sec this turn | 300 sec total\n|\n|t:|1783547877\n|move|p1a: Haxorus|Dragon Dance|p1a: Haxorus\n|-boost|p1a: Haxorus|atk|1\n|-boost|p1a: Haxorus|spe|0\n|move|p2a: Drifblim|Strength Sap|p1a: Haxorus\n|-unboost|p1a: Haxorus|atk|1\n|\n|upkeep\n|turn|21\n|inactive|Time left: 300 sec this turn | 300 sec total\n|\n|t:|1783547878\n|move|p1a: Haxorus|Dragon Dance|p1a: Haxorus\n|-boost|p1a: Haxorus|atk|1\n|-boost|p1a: Haxorus|spe|0\n|move|p2a: Drifblim|Strength Sap|p1a: Haxorus\n|-unboost|p1a: Haxorus|atk|1\n|\n|upkeep\n|turn|22\n|inactive|Time left: 300 sec this turn | 300 sec total\n|\n|t:|1783547879\n|move|p1a: Haxorus|Dragon Dance|p1a: Haxorus\n|-boost|p1a: Haxorus|atk|1\n|-boost|p1a: Haxorus|spe|0\n|move|p2a: Drifblim|Strength Sap|p1a: Haxorus\n|-unboost|p1a: Haxorus|atk|1\n|\n|upkeep\n|turn|23\n|inactive|Time left: 300 sec this turn | 300 sec total\n|\n|t:|1783547880\n|move|p1a: Haxorus|Dragon Dance|p1a: Haxorus\n|-boost|p1a: Haxorus|atk|1\n|-boost|p1a: Haxorus|spe|0\n|move|p2a: Drifblim|Strength Sap|p1a: Haxorus\n|-unboost|p1a: Haxorus|atk|1\n|\n|upkeep\n|turn|24\n|inactive|Time left: 300 sec this turn | 300 sec total\n|\n|t:|1783547881\n|move|p1a: Haxorus|Dragon Dance|p1a: Haxorus\n|-boost|p1a: Haxorus|atk|1\n|-boost|p1a: Haxorus|spe|0\n|move|p2a: Drifblim|Strength Sap|p1a: Haxorus\n|-unboost|p1a: Haxorus|atk|1\n|\n|upkeep\n|turn|25\n|inactive|Time left: 300 sec this turn | 300 sec total\n|\n|t:|1783547882\n|move|p1a: Haxorus|Outrage|p2a: Drifblim\n|-damage|p2a: Drifblim|157/398\n|move|p2a: Drifblim|Defog|p1a: Haxorus\n|-unboost|p1a: Haxorus|evasion|1\n|-sideend|p2: p0y69236dd|Sticky Web|[from] move: Defog|[of] p2a: Drifblim\n|\n|upkeep\n|turn|26\n|inactive|Time left: 300 sec this turn | 300 sec total\n|\n|t:|1783547883\n|move|p1a: Haxorus|Outrage|p2a: Drifblim|[from] lockedmove\n|-damage|p2a: Drifblim|0 fnt\n|-damage|p1a: Haxorus|75/100|[from] ability: Aftermath|[of] p2a: Drifblim\n|faint|p2a: Drifblim\n|-start|p1a: Haxorus|confusion|[fatigue]\n|-enditem|p1a: Haxorus|Lum Berry|[eat]\n|-end|p1a: Haxorus|confusion\n|\n|upkeep\n|inactive|Time left: 300 sec this turn | 300 sec total | 5 sec grace\n|\n|t:|1783547884\n|switch|p2a: Bruxish|Bruxish, L85, F|254/254\n|turn|27\n|inactive|Time left: 300 sec this turn | 300 sec total\n|\n|t:|1783547885\n|move|p1a: Haxorus|Outrage|p2a: Bruxish\n|-damage|p2a: Bruxish|88/254\n|move|p2a: Bruxish|Psychic Fangs|p1a: Haxorus\n|-damage|p1a: Haxorus|0 fnt\n|faint|p1a: Haxorus\n|-damage|p2a: Bruxish|63/254|[from] item: Life Orb\n|\n|upkeep\n|\n|t:|1783547886\n|switch|p1a: Umbreon|Umbreon, L84, M|100/100\n|turn|28\n|inactive|Time left: 300 sec this turn | 300 sec total\n|\n|t:|1783547888\n|move|p2a: Bruxish|Swords Dance|p2a: Bruxish\n|-boost|p2a: Bruxish|atk|2\n|move|p1a: Umbreon|Foul Play|p2a: Bruxish\n|-supereffective|p2a: Bruxish\n|-damage|p2a: Bruxish|0 fnt\n|faint|p2a: Bruxish\n|\n|upkeep\n|inactive|Time left: 300 sec this turn | 300 sec total | 5 sec grace\n|\n|t:|1783547889\n|switch|p2a: Greninja|Greninja, L80, M|246/246\n|turn|29\n|inactive|Time left: 300 sec this turn | 300 sec total\n|\n|t:|1783547890\n|move|p2a: Greninja|Hydro Pump|p1a: Umbreon\n|-start|p2a: Greninja|typechange|Water|[from] ability: Protean\n|-damage|p1a: Umbreon|62/100\n|-damage|p2a: Greninja|222/246|[from] item: Life Orb\n|move|p1a: Umbreon|Foul Play|p2a: Greninja\n|-damage|p2a: Greninja|108/246\n|\n|-heal|p1a: Umbreon|68/100|[from] item: Leftovers\n|upkeep\n|turn|30\n|inactive|Time left: 300 sec this turn | 300 sec total\n|\n|t:|1783547891\n|move|p2a: Greninja|Ice Beam|p1a: Umbreon\n|-damage|p1a: Umbreon|49/100\n|-damage|p2a: Greninja|84/246|[from] item: Life Orb\n|move|p1a: Umbreon|Foul Play|p2a: Greninja\n|-damage|p2a: Greninja|0 fnt\n|faint|p2a: Greninja\n|\n|win|p0x692dfdd", "uploadtime": 1783547891, "views": 0, "rating": 0, "private": 0, "password": null, "_winner": "p0x692dfdd", "_our_name": "p0y69236dd"}