{"id": "battle-gen9randombattle-1476", "formatid": "gen9randombattle", "format": "[Gen 9] Random Battle", "players": ["p0x14765d34", "p0y14766637"], "log": "|init|battle\n|title|p0x14765d34 vs. p0y14766637\n|j|\u2606p0x14765d34\n|j|\u2606p0y14766637\n|t:|1783556266\n|gametype|singles\n|player|p1|p0x14765d34|1|\n|player|p2|p0y14766637|169|\n|gen|9\n|tier|[Gen 9] Random Battle\n|rule|Species Clause: Limit one of each Pok\u00e9mon\n|rule|HP Percentage Mod: HP is shown in percentages\n|rule|Sleep Clause Mod: Limit one foe put to sleep\n|rule|Illusion Level Mod: Illusion disguises the Pok\u00e9mon's true level\n|\n|t:|1783556266\n|teamsize|p1|6\n|teamsize|p2|6\n|start\n|switch|p1a: Iron Valiant|Iron Valiant, L78|100/100\n|switch|p2a: Zapdos|Zapdos-Galar, L77|265/265\n|turn|1\n|inactive|Battle timer is ON: inactive players will automatically lose when time's up. (requested by p0y14766637)\n|inactive|p0x14765d34 also wants the timer to be on.\n|\n|t:|1783556268\n|switch|p2a: Cresselia|Cresselia, L80, F|323/323\n|move|p1a: Iron Valiant|Spirit Break|p2a: Cresselia\n|-damage|p2a: Cresselia|226/323\n|-unboost|p2a: Cresselia|spa|1\n|-damage|p1a: Iron Valiant|91/100|[from] item: Life Orb\n|\n|-heal|p2a: Cresselia|246/323|[from] item: Leftovers\n|upkeep\n|turn|2\n|inactive|Time left: 300 sec this turn | 300 sec total\n|\n|t:|1783556269\n|move|p1a: Iron Valiant|Spirit Break|p2a: Cresselia\n|-damage|p2a: Cresselia|147/323\n|-unboost|p2a: Cresselia|spa|1\n|-damage|p1a: Iron Valiant|81/100|[from] item: Life Orb\n|move|p2a: Cresselia|Moonblast|p1a: Iron Valiant\n|-supereffective|p1a: Iron Valiant\n|-crit|p1a: Iron Valiant\n|-damage|p1a: Iron Valiant|0 fnt\n|faint|p1a: Iron Valiant\n|-end|p1a: Iron Valiant|Quark Drive|[silent]\n|\n|-heal|p2a: Cresselia|167/323|[from] item: Leftovers\n|upkeep\n|\n|t:|1783556270\n|switch|p1a: Frosmoth|Frosmoth, L82, M|100/100\n|turn|3\n|inactive|Time left: 300 sec this turn | 300 sec total\n|\n|t:|1783556271\n|move|p2a: Cresselia|Calm Mind|p2a: Cresselia\n|-boost|p2a: Cresselia|spa|1\n|-boost|p2a: Cresselia|spd|1\n|move|p1a: Frosmoth|Quiver Dance|p1a: Frosmoth\n|-boost|p1a: Frosmoth|spa|1\n|-boost|p1a: Frosmoth|spd|1\n|-boost|p1a: Frosmoth|spe|1\n|\n|-heal|p2a: Cresselia|187/323|[from] item: Leftovers\n|upkeep\n|turn|4\n|inactive|Time left: 300 sec this turn | 300 sec total\n|\n|t:|1783556272\n|move|p1a: Frosmoth|Quiver Dance|p1a: Frosmoth\n|-boost|p1a: Frosmoth|spa|1\n|-boost|p1a: Frosmoth|spd|1\n|-boost|p1a: Frosmoth|spe|1\n|move|p2a: Cresselia|Calm Mind|p2a: Cresselia\n|-boost|p2a: Cresselia|spa|1\n|-boost|p2a: Cresselia|spd|1\n|\n|-heal|p2a: Cresselia|207/323|[from] item: Leftovers\n|upkeep\n|turn|5\n|inactive|Time left: 300 sec this turn | 300 sec total\n|\n|t:|1783556273\n|move|p1a: Frosmoth|Bug Buzz|p2a: Cresselia\n|-supereffective|p2a: Cresselia\n|-damage|p2a: Cresselia|15/323\n|move|p2a: Cresselia|Calm Mind|p2a: Cresselia\n|-boost|p2a: Cresselia|spa|1\n|-boost|p2a: Cresselia|spd|1\n|\n|-heal|p2a: Cresselia|35/323|[from] item: Leftovers\n|upkeep\n|turn|6\n|inactive|Time left: 300 sec this turn | 300 sec total\n|\n|t:|1783556275\n|move|p1a: Frosmoth|Ice Beam|p2a: Cresselia\n|-damage|p2a: Cresselia|0 fnt\n|faint|p2a: Cresselia\n|\n|upkeep\n|inactive|Time left: 300 sec this turn | 300 sec total | 5 sec grace\n|\n|t:|1783556275\n|switch|p2a: Samurott|Samurott, L88, M|310/310\n|turn|7\n|inactive|Time left: 300 sec this turn | 300 sec total\n|\n|t:|1783556277\n|-terastallize|p2a: Samurott|Water\n|move|p1a: Frosmoth|Tera Blast|p2a: Samurott\n|-damage|p2a: Samurott|150/310\n|move|p2a: Samurott|Liquidation|p1a: Frosmoth\n|-damage|p1a: Frosmoth|13/100\n|-unboost|p1a: Frosmoth|def|1\n|-damage|p2a: Samurott|119/310|[from] item: Life Orb\n|\n|upkeep\n|turn|8\n|inactive|Time left: 300 sec this turn | 300 sec total\n|\n|t:|1783556278\n|move|p1a: Frosmoth|Tera Blast|p2a: Samurott\n|-damage|p2a: Samurott|0 fnt\n|faint|p2a: Samurott\n|\n|upkeep\n|inactive|Time left: 300 sec this turn | 300 sec total | 5 sec grace\n|\n|t:|1783556279\n|switch|p2a: Regieleki|Regieleki, L79|256/256\n|turn|9\n|inactive|Time left: 300 sec this turn | 300 sec total\n|\n|t:|1783556280\n|move|p2a: Regieleki|Rapid Spin|p1a: Frosmoth\n|-damage|p1a: Frosmoth|0 fnt\n|-boost|p2a: Regieleki|spe|1\n|faint|p1a: Frosmoth\n|\n|upkeep\n|\n|t:|1783556281\n|switch|p1a: Leafeon|Leafeon, L88, F|100/100\n|turn|10\n|inactive|Time left: 300 sec this turn | 300 sec total\n|\n|t:|1783556282\n|move|p2a: Regieleki|Thunderbolt|p1a: Leafeon\n|-resisted|p1a: Leafeon\n|-damage|p1a: Leafeon|68/100\n|move|p1a: Leafeon|Swords Dance|p1a: Leafeon\n|-boost|p1a: Leafeon|atk|2\n|\n|upkeep\n|turn|11\n|inactive|Time left: 300 sec this turn | 300 sec total\n|\n|t:|1783556283\n|move|p2a: Regieleki|Volt Switch|p1a: Leafeon\n|-resisted|p1a: Leafeon\n|-damage|p1a: Leafeon|42/100\n|inactive|Time left: 300 sec this turn | 300 sec total | 5 sec grace\n|\n|t:|1783556284\n|switch|p2a: Dragapult|Dragapult, L77, F|262/262|[from] Volt Switch\n|move|p1a: Leafeon|Leaf Blade|p2a: Dragapult\n|-resisted|p2a: Dragapult\n|-damage|p2a: Dragapult|93/262\n|-damage|p1a: Leafeon|32/100|[from] item: Life Orb\n|\n|upkeep\n|turn|12\n|inactive|Time left: 300 sec this turn | 300 sec total\n|\n|t:|1783556285\n|move|p2a: Dragapult|Dragon Darts|p1a: Leafeon\n|-damage|p1a: Leafeon|12/100\n|-anim|p2a: Dragapult|Dragon Darts|p1a: Leafeon\n|-damage|p1a: Leafeon|0 fnt\n|faint|p1a: Leafeon\n|-damage|p2a: Dragapult|67/262|[from] item: Life Orb\n|\n|upkeep\n|\n|t:|1783556286\n|switch|p1a: Houndoom|Houndoom, L87, M|100/100\n|turn|13\n|inactive|Time left: 300 sec this turn | 300 sec total\n|\n|t:|1783556287\n|move|p1a: Houndoom|Sucker Punch|p2a: Dragapult\n|-supereffective|p2a: Dragapult\n|-damage|p2a: Dragapult|0 fnt\n|faint|p2a: Dragapult\n|\n|upkeep\n|inactive|Time left: 300 sec this turn | 300 sec total | 5 sec grace\n|\n|t:|1783556288\n|switch|p2a: Zekrom|Zekrom, L71|259/259\n|-ability|p2a: Zekrom|Teravolt\n|turn|14\n|inactive|Time left: 300 sec this turn | 300 sec total\n|\n|t:|1783556289\n|move|p1a: Houndoom|Dark Pulse|p2a: Zekrom\n|-damage|p2a: Zekrom|144/259\n|cant|p2a: Zekrom|flinch\n|\n|-heal|p2a: Zekrom|160/259|[from] item: Leftovers\n|upkeep\n|turn|15\n|inactive|Time left: 300 sec this turn | 300 sec total\n|\n|t:|1783556290\n|move|p1a: Houndoom|Dark Pulse|p2a: Zekrom\n|-damage|p2a: Zekrom|55/259\n|move|p2a: Zekrom|Dragon Dance|p2a: Zekrom\n|-boost|p2a: Zekrom|atk|1\n|-boost|p2a: Zekrom|spe|1\n|\n|-heal|p2a: Zekrom|71/259|[from] item: Leftovers\n|upkeep\n|turn|16\n|inactive|Time left: 300 sec this turn | 300 sec total\n|\n|t:|1783556292\n|move|p1a: Houndoom|Sucker Punch||[still]\n|-fail|p1a: Houndoom\n|move|p2a: Zekrom|Substitute|p2a: Zekrom\n|-start|p2a: Zekrom|Substitute\n|-damage|p2a: Zekrom|7/259\n|\n|-heal|p2a: Zekrom|23/259|[from] item: Leftovers\n|upkeep\n|turn|17\n|inactive|Time left: 300 sec this turn | 300 sec total\n|\n|t:|1783556293\n|move|p1a: Houndoom|Sucker Punch|p2a: Zekrom\n|-end|p2a: Zekrom|Substitute\n|move|p2a: Zekrom|Outrage|p1a: Houndoom\n|-damage|p1a: Houndoom|6/100\n|\n|-heal|p2a: Zekrom|39/259|[from] item: Leftovers\n|upkeep\n|turn|18\n|inactive|Time left: 300 sec this turn | 300 sec total\n|\n|t:|1783556294\n|move|p1a: Houndoom|Sucker Punch|p2a: Zekrom\n|-damage|p2a: Zekrom|0 fnt\n|faint|p2a: Zekrom\n|\n|upkeep\n|inactive|Time left: 300 sec this turn | 300 sec total | 5 sec grace\n|\n|t:|1783556295\n|switch|p2a: Regieleki|Regieleki, L79|256/256\n|turn|19\n|inactive|Time left: 300 sec this turn | 300 sec total\n|\n|t:|1783556296\n|switch|p2a: Zapdos|Zapdos-Galar, L77|265/265\n|move|p1a: Houndoom|Sucker Punch||[still]\n|-fail|p1a: Houndoom\n|\n|upkeep\n|turn|20\n|inactive|Time left: 300 sec this turn | 300 sec total\n|\n|t:|1783556297\n|move|p1a: Houndoom|Fire Blast|p2a: Zapdos|[miss]\n|-miss|p1a: Houndoom|p2a: Zapdos\n|move|p2a: Zapdos|Brave Bird|p1a: Houndoom\n|-damage|p1a: Houndoom|0 fnt\n|faint|p1a: Houndoom\n|-damage|p2a: Zapdos|260/265|[from] Recoil\n|-damage|p2a: Zapdos|234/265|[from] item: Life Orb\n|\n|upkeep\n|\n|t:|1783556298\n|switch|p1a: Rotom|Rotom-Wash, L82|100/100\n|turn|21\n|inactive|Time left: 300 sec this turn | 300 sec total\n|\n|t:|1783556298\n|switch|p2a: Regieleki|Regieleki, L79|256/256\n|-terastallize|p1a: Rotom|Electric\n|move|p1a: Rotom|Thunderbolt|p2a: Regieleki\n|-resisted|p2a: Regieleki\n|-damage|p2a: Regieleki|162/256\n|\n|upkeep\n|turn|22\n|inactive|Time left: 300 sec this turn | 300 sec total\n|\n|t:|1783556299\n|move|p2a: Regieleki|Volt Switch|p1a: Rotom\n|-resisted|p1a: Rotom\n|-damage|p1a: Rotom|81/100\n|inactive|Time left: 300 sec this turn | 300 sec total | 5 sec grace\n|\n|t:|1783556300\n|switch|p2a: Zapdos|Zapdos-Galar, L77|234/265|[from] Volt Switch\n|move|p1a: Rotom|Hydro Pump|p2a: Zapdos\n|-damage|p2a: Zapdos|111/265\n|\n|-heal|p1a: Rotom|87/100|[from] item: Leftovers\n|upkeep\n|turn|23\n|inactive|Time left: 300 sec this turn | 300 sec total\n|\n|t:|1783556301\n|move|p2a: Zapdos|Close Combat|p1a: Rotom\n|-damage|p1a: Rotom|21/100\n|-unboost|p2a: Zapdos|def|1\n|-unboost|p2a: Zapdos|spd|1\n|-damage|p2a: Zapdos|85/265|[from] item: Life Orb\n|move|p1a: Rotom|Thunderbolt|p2a: Zapdos\n|-supereffective|p2a: Zapdos\n|-damage|p2a: Zapdos|0 fnt\n|faint|p2a: Zapdos\n|\n|-heal|p1a: Rotom|27/100|[from] item: Leftovers\n|upkeep\n|inactive|Time left: 300 sec this turn | 300 sec total | 5 sec grace\n|\n|t:|1783556302\n|switch|p2a: Regieleki|Regieleki, L79|162/256\n|turn|24\n|inactive|Time left: 300 sec this turn | 300 sec total\n|\n|t:|1783556303\n|move|p2a: Regieleki|Thunderbolt|p1a: Rotom\n|-resisted|p1a: Rotom\n|-damage|p1a: Rotom|0 fnt\n|faint|p1a: Rotom\n|\n|upkeep\n|\n|t:|1783556304\n|switch|p1a: Typhlosion|Typhlosion-Hisui, L83, F|100/100\n|turn|25\n|inactive|Time left: 300 sec this turn | 300 sec total\n|\n|t:|1783556305\n|move|p2a: Regieleki|Thunderbolt|p1a: Typhlosion\n|-crit|p1a: Typhlosion\n|-damage|p1a: Typhlosion|15/100\n|move|p1a: Typhlosion|Calm Mind|p1a: Typhlosion\n|-boost|p1a: Typhlosion|spa|1\n|-boost|p1a: Typhlosion|spd|1\n|\n|upkeep\n|turn|26\n|inactive|Time left: 300 sec this turn | 300 sec total\n|\n|t:|1783556306\n|move|p2a: Regieleki|Volt Switch|p1a: Typhlosion\n|-damage|p1a: Typhlosion|0 fnt\n|faint|p1a: Typhlosion\n|\n|win|p0y14766637", "uploadtime": 1783556306, "views": 0, "rating": 0, "private": 0, "password": null, "_winner": "p0y14766637", "_our_name": "p0y14766637"}