{"id": "battle-gen9randombattle-45", "formatid": "gen9randombattle", "format": "[Gen 9] Random Battle", "players": ["p0x045c7b6", "p0y0452f78"], "log": "|init|battle\n|title|p0x045c7b6 vs. p0y0452f78\n|j|\u2606p0x045c7b6\n|j|\u2606p0y0452f78\n|t:|1783539971\n|gametype|singles\n|player|p1|p0x045c7b6|102|\n|player|p2|p0y0452f78|265|\n|gen|9\n|tier|[Gen 9] Random Battle\n|rule|Species Clause: Limit one of each Pok\u00e9mon\n|rule|HP Percentage Mod: HP is shown in percentages\n|rule|Sleep Clause Mod: Limit one foe put to sleep\n|rule|Illusion Level Mod: Illusion disguises the Pok\u00e9mon's true level\n|\n|t:|1783539971\n|teamsize|p1|6\n|teamsize|p2|6\n|start\n|switch|p1a: Oranguru|Oranguru, L92, M|100/100\n|switch|p2a: Medicham|Medicham, L86, F|243/243\n|turn|1\n|inactive|Battle timer is ON: inactive players will automatically lose when time's up. (requested by p0x045c7b6)\n|inactive|Time left: 300 sec this turn | 300 sec total | 60 sec grace\n|inactive|p0y0452f78 also wants the timer to be on.\n|\n|t:|1783539972\n|move|p2a: Medicham|Close Combat|p1a: Oranguru\n|-damage|p1a: Oranguru|40/100\n|-unboost|p2a: Medicham|def|1\n|-unboost|p2a: Medicham|spd|1\n|move|p1a: Oranguru|Psyshock|p2a: Medicham\n|-damage|p2a: Medicham|92/243\n|\n|-heal|p1a: Oranguru|46/100|[from] item: Leftovers\n|upkeep\n|turn|2\n|inactive|Time left: 300 sec this turn | 300 sec total\n|\n|t:|1783539974\n|switch|p1a: Sableye|Sableye, L88, M|100/100\n|move|p2a: Medicham|Close Combat|p1a: Sableye\n|-immune|p1a: Sableye\n|\n|upkeep\n|turn|3\n|inactive|Time left: 300 sec this turn | 300 sec total\n|\n|t:|1783539975\n|switch|p2a: Emboar|Emboar, L84, F|322/322\n|move|p1a: Sableye|Knock Off|p2a: Emboar\n|-resisted|p2a: Emboar\n|-damage|p2a: Emboar|268/322\n|-enditem|p2a: Emboar|Leftovers|[from] move: Knock Off|[of] p1a: Sableye\n|\n|upkeep\n|turn|4\n|inactive|Time left: 300 sec this turn | 300 sec total\n|\n|t:|1783539976\n|switch|p1a: Glimmora|Glimmora, L75, F|100/100\n|move|p2a: Emboar|Flare Blitz|p1a: Glimmora\n|-resisted|p1a: Glimmora\n|-damage|p1a: Glimmora|62/100\n|-status|p1a: Glimmora|brn\n|-activate|p1a: Glimmora|ability: Toxic Debris\n|-sidestart|p2: p0y0452f78|move: Toxic Spikes\n|-damage|p2a: Emboar|236/322|[from] Recoil\n|\n|-damage|p1a: Glimmora|56/100 brn|[from] brn\n|upkeep\n|turn|5\n|inactive|Time left: 300 sec this turn | 300 sec total\n|\n|t:|1783539978\n|switch|p2a: Fezandipiti|Fezandipiti, L82, M|278/278\n|-sideend|p2: p0y0452f78|move: Toxic Spikes|[of] p2a: Fezandipiti\n|move|p1a: Glimmora|Meteor Beam||[still]\n|-prepare|p1a: Glimmora|Meteor Beam\n|-boost|p1a: Glimmora|spa|1\n|-enditem|p1a: Glimmora|Power Herb\n|-anim|p1a: Glimmora|Meteor Beam|p2a: Fezandipiti\n|-damage|p2a: Fezandipiti|116/278\n|\n|-heal|p2a: Fezandipiti|133/278|[from] item: Leftovers\n|-damage|p1a: Glimmora|50/100 brn|[from] brn\n|upkeep\n|turn|6\n|inactive|Time left: 300 sec this turn | 300 sec total\n|\n|t:|1783539979\n|switch|p2a: Misdreavus|Misdreavus, L90, M|254/254\n|move|p1a: Glimmora|Meteor Beam||[still]\n|-prepare|p1a: Glimmora|Meteor Beam\n|-boost|p1a: Glimmora|spa|1\n|\n|-damage|p1a: Glimmora|44/100 brn|[from] brn\n|upkeep\n|turn|7\n|inactive|Time left: 300 sec this turn | 300 sec total\n|\n|t:|1783539980\n|move|p2a: Misdreavus|Shadow Ball|p1a: Glimmora\n|-damage|p1a: Glimmora|3/100 brn\n|move|p1a: Glimmora|Meteor Beam|p2a: Misdreavus|[from] lockedmove\n|-damage|p2a: Misdreavus|85/254\n|\n|-damage|p1a: Glimmora|0 fnt|[from] brn\n|faint|p1a: Glimmora\n|upkeep\n|\n|t:|1783539981\n|switch|p1a: Clawitzer|Clawitzer, L87, F|100/100\n|turn|8\n|inactive|Time left: 300 sec this turn | 300 sec total\n|\n|t:|1783539982\n|move|p2a: Misdreavus|Shadow Ball|p1a: Clawitzer\n|-crit|p1a: Clawitzer\n|-damage|p1a: Clawitzer|56/100\n|move|p1a: Clawitzer|Water Pulse|p2a: Misdreavus\n|-damage|p2a: Misdreavus|0 fnt\n|faint|p2a: Misdreavus\n|\n|upkeep\n|inactive|Time left: 300 sec this turn | 300 sec total | 5 sec grace\n|\n|t:|1783539983\n|switch|p2a: Medicham|Medicham, L86, F|92/243\n|turn|9\n|inactive|Time left: 300 sec this turn | 300 sec total\n|\n|t:|1783539984\n|switch|p1a: Deoxys|Deoxys-Defense, L84|100/100\n|-ability|p1a: Deoxys|Pressure\n|move|p2a: Medicham|Close Combat|p1a: Deoxys\n|-resisted|p1a: Deoxys\n|-damage|p1a: Deoxys|76/100\n|-unboost|p2a: Medicham|def|1\n|-unboost|p2a: Medicham|spd|1\n|\n|-heal|p1a: Deoxys|82/100|[from] item: Leftovers\n|upkeep\n|turn|10\n|inactive|Time left: 300 sec this turn | 300 sec total\n|\n|t:|1783539985\n|move|p2a: Medicham|Close Combat|p1a: Deoxys\n|-resisted|p1a: Deoxys\n|-crit|p1a: Deoxys\n|-damage|p1a: Deoxys|45/100\n|-unboost|p2a: Medicham|def|1\n|-unboost|p2a: Medicham|spd|1\n|move|p1a: Deoxys|Cosmic Power|p1a: Deoxys\n|-boost|p1a: Deoxys|def|1\n|-boost|p1a: Deoxys|spd|1\n|\n|-heal|p1a: Deoxys|51/100|[from] item: Leftovers\n|upkeep\n|turn|11\n|inactive|Time left: 300 sec this turn | 300 sec total\n|\n|t:|1783539986\n|switch|p2a: Emboar|Emboar, L84, F|236/322\n|move|p1a: Deoxys|Stored Power|p2a: Emboar\n|-supereffective|p2a: Emboar\n|-damage|p2a: Emboar|116/322\n|\n|-heal|p1a: Deoxys|57/100|[from] item: Leftovers\n|upkeep\n|turn|12\n|inactive|Time left: 300 sec this turn | 300 sec total\n|\n|t:|1783539987\n|switch|p2a: Fezandipiti|Fezandipiti, L82, M|133/278\n|move|p1a: Deoxys|Stored Power|p2a: Fezandipiti\n|-supereffective|p2a: Fezandipiti\n|-damage|p2a: Fezandipiti|53/278\n|\n|-heal|p2a: Fezandipiti|70/278|[from] item: Leftovers\n|-heal|p1a: Deoxys|63/100|[from] item: Leftovers\n|upkeep\n|turn|13\n|inactive|Time left: 300 sec this turn | 300 sec total\n|\n|t:|1783539988\n|move|p2a: Fezandipiti|Gunk Shot|p1a: Deoxys\n|-damage|p1a: Deoxys|42/100\n|move|p1a: Deoxys|Night Shade|p2a: Fezandipiti\n|-damage|p2a: Fezandipiti|0 fnt\n|faint|p2a: Fezandipiti\n|\n|-heal|p1a: Deoxys|48/100|[from] item: Leftovers\n|upkeep\n|inactive|Time left: 300 sec this turn | 300 sec total | 5 sec grace\n|\n|t:|1783539989\n|switch|p2a: Forretress|Forretress, L84, F|263/263\n|turn|14\n|inactive|Time left: 300 sec this turn | 300 sec total\n|\n|t:|1783539990\n|move|p1a: Deoxys|Cosmic Power|p1a: Deoxys\n|-boost|p1a: Deoxys|def|1\n|-boost|p1a: Deoxys|spd|1\n|move|p2a: Forretress|Spikes|p1a: Deoxys\n|-sidestart|p1: p0x045c7b6|Spikes\n|\n|-heal|p1a: Deoxys|54/100|[from] item: Leftovers\n|upkeep\n|turn|15\n|inactive|Time left: 300 sec this turn | 300 sec total\n|\n|t:|1783539991\n|move|p1a: Deoxys|Night Shade|p2a: Forretress\n|-damage|p2a: Forretress|179/263\n|move|p2a: Forretress|Spikes|p1a: Deoxys\n|-sidestart|p1: p0x045c7b6|Spikes\n|\n|-heal|p1a: Deoxys|60/100|[from] item: Leftovers\n|-heal|p2a: Forretress|195/263|[from] item: Leftovers\n|upkeep\n|turn|16\n|inactive|Time left: 300 sec this turn | 300 sec total\n|\n|t:|1783539991\n|move|p1a: Deoxys|Night Shade|p2a: Forretress\n|-damage|p2a: Forretress|111/263\n|move|p2a: Forretress|Rapid Spin|p1a: Deoxys\n|-damage|p1a: Deoxys|55/100\n|-boost|p2a: Forretress|spe|1\n|\n|-heal|p1a: Deoxys|61/100|[from] item: Leftovers\n|-heal|p2a: Forretress|127/263|[from] item: Leftovers\n|upkeep\n|turn|17\n|inactive|Time left: 300 sec this turn | 300 sec total\n|\n|t:|1783539992\n|move|p1a: Deoxys|Night Shade|p2a: Forretress\n|-damage|p2a: Forretress|43/263\n|move|p2a: Forretress|Rapid Spin|p1a: Deoxys\n|-damage|p1a: Deoxys|56/100\n|-boost|p2a: Forretress|spe|1\n|\n|-heal|p2a: Forretress|59/263|[from] item: Leftovers\n|-heal|p1a: Deoxys|62/100|[from] item: Leftovers\n|upkeep\n|turn|18\n|inactive|Time left: 300 sec this turn | 300 sec total\n|\n|t:|1783539993\n|move|p2a: Forretress|Iron Head|p1a: Deoxys\n|-damage|p1a: Deoxys|51/100\n|move|p1a: Deoxys|Night Shade|p2a: Forretress\n|-damage|p2a: Forretress|0 fnt\n|faint|p2a: Forretress\n|\n|-heal|p1a: Deoxys|57/100|[from] item: Leftovers\n|upkeep\n|inactive|Time left: 300 sec this turn | 300 sec total | 5 sec grace\n|\n|t:|1783539994\n|switch|p2a: Medicham|Medicham, L86, F|92/243\n|turn|19\n|inactive|Time left: 300 sec this turn | 300 sec total\n|\n|t:|1783539995\n|move|p2a: Medicham|Trick|p1a: Deoxys\n|-activate|p2a: Medicham|move: Trick|[of] p1a: Deoxys\n|-item|p1a: Deoxys|Choice Scarf|[from] move: Trick\n|-item|p2a: Medicham|Leftovers|[from] move: Trick\n|move|p1a: Deoxys|Stored Power|p2a: Medicham\n|-damage|p2a: Medicham|7/243\n|\n|-heal|p2a: Medicham|22/243|[from] item: Leftovers\n|upkeep\n|turn|20\n|inactive|Time left: 300 sec this turn | 300 sec total\n|\n|t:|1783539997\n|move|p1a: Deoxys|Stored Power|p2a: Medicham\n|-damage|p2a: Medicham|0 fnt\n|faint|p2a: Medicham\n|\n|upkeep\n|inactive|Time left: 300 sec this turn | 300 sec total | 5 sec grace\n|\n|t:|1783539998\n|switch|p2a: Palafin|Palafin, L77, F|281/281\n|turn|21\n|inactive|Time left: 300 sec this turn | 300 sec total\n|\n|t:|1783539999\n|detailschange|p2a: Palafin|Palafin-Hero, L77, F\n|switch|p2a: Emboar|Emboar, L84, F|116/322\n|move|p1a: Deoxys|Stored Power|p2a: Emboar\n|-supereffective|p2a: Emboar\n|-damage|p2a: Emboar|0 fnt\n|faint|p2a: Emboar\n|\n|upkeep\n|inactive|Time left: 300 sec this turn | 300 sec total | 5 sec grace\n|\n|t:|1783540000\n|switch|p2a: Palafin|Palafin-Hero, L77, F|281/281\n|-activate|p2a: Palafin|ability: Zero to Hero\n|turn|22\n|inactive|Time left: 300 sec this turn | 300 sec total\n|\n|t:|1783540001\n|move|p2a: Palafin|Jet Punch|p1a: Deoxys\n|-damage|p1a: Deoxys|40/100\n|move|p1a: Deoxys|Stored Power|p2a: Palafin\n|-damage|p2a: Palafin|197/281\n|\n|upkeep\n|turn|23\n|inactive|Time left: 300 sec this turn | 300 sec total\n|\n|t:|1783540002\n|move|p2a: Palafin|Jet Punch|p1a: Deoxys\n|-damage|p1a: Deoxys|21/100\n|move|p1a: Deoxys|Stored Power|p2a: Palafin\n|-damage|p2a: Palafin|110/281\n|\n|upkeep\n|turn|24\n|inactive|Time left: 300 sec this turn | 300 sec total\n|\n|t:|1783540004\n|move|p2a: Palafin|Jet Punch|p1a: Deoxys\n|-damage|p1a: Deoxys|5/100\n|move|p1a: Deoxys|Stored Power|p2a: Palafin\n|-crit|p2a: Palafin\n|-damage|p2a: Palafin|0 fnt\n|faint|p2a: Palafin\n|\n|win|p0x045c7b6", "uploadtime": 1783540004, "views": 0, "rating": 0, "private": 0, "password": null, "_winner": "p0x045c7b6", "_our_name": "p0y0452f78"}