{"id": "battle-gen9randombattle-1456", "formatid": "gen9randombattle", "format": "[Gen 9] Random Battle", "players": ["p0x1456298d", "p0y1456231d"], "log": "|init|battle\n|title|p0x1456298d vs. p0y1456231d\n|j|\u2606p0x1456298d\n|j|\u2606p0y1456231d\n|t:|1783556949\n|gametype|singles\n|player|p1|p0x1456298d|169|\n|player|p2|p0y1456231d|1|\n|gen|9\n|tier|[Gen 9] Random Battle\n|rule|Species Clause: Limit one of each Pok\u00e9mon\n|rule|HP Percentage Mod: HP is shown in percentages\n|rule|Sleep Clause Mod: Limit one foe put to sleep\n|rule|Illusion Level Mod: Illusion disguises the Pok\u00e9mon's true level\n|\n|t:|1783556949\n|teamsize|p1|6\n|teamsize|p2|6\n|start\n|switch|p1a: Scovillain|Scovillain, L91, F|266/266\n|switch|p2a: Jolteon|Jolteon, L84, F|100/100\n|turn|1\n|inactive|Battle timer is ON: inactive players will automatically lose when time's up. (requested by p0y1456231d)\n|inactive|Time left: 300 sec this turn | 300 sec total | 60 sec grace\n|inactive|p0x1456298d also wants the timer to be on.\n|\n|t:|1783556950\n|move|p2a: Jolteon|Calm Mind|p2a: Jolteon\n|-boost|p2a: Jolteon|spa|1\n|-boost|p2a: Jolteon|spd|1\n|move|p1a: Scovillain|Fire Blast|p2a: Jolteon\n|-damage|p2a: Jolteon|61/100\n|\n|upkeep\n|turn|2\n|inactive|Time left: 300 sec this turn | 300 sec total\n|\n|t:|1783556952\n|move|p2a: Jolteon|Shadow Ball|p1a: Scovillain\n|-damage|p1a: Scovillain|137/266\n|-damage|p2a: Jolteon|52/100|[from] item: Life Orb\n|move|p1a: Scovillain|Stomping Tantrum|p2a: Jolteon\n|-supereffective|p2a: Jolteon\n|-damage|p2a: Jolteon|0 fnt\n|faint|p2a: Jolteon\n|\n|upkeep\n|\n|t:|1783556953\n|switch|p2a: Bruxish|Bruxish, L85, F|100/100\n|turn|3\n|inactive|Time left: 300 sec this turn | 300 sec total\n|\n|t:|1783556953\n|switch|p1a: Mandibuzz|Mandibuzz, L85, F|326/326\n|move|p2a: Bruxish|Psychic Fangs|p1a: Mandibuzz\n|-immune|p1a: Mandibuzz\n|\n|upkeep\n|turn|4\n|inactive|Time left: 300 sec this turn | 300 sec total\n|\n|t:|1783556955\n|switch|p2a: Masquerain|Masquerain, L87, M|100/100\n|-ability|p2a: Masquerain|Intimidate|boost\n|-unboost|p1a: Mandibuzz|atk|1\n|move|p1a: Mandibuzz|Foul Play|p2a: Masquerain\n|-damage|p2a: Masquerain|74/100\n|\n|upkeep\n|turn|5\n|inactive|Time left: 300 sec this turn | 300 sec total\n|\n|t:|1783556956\n|move|p2a: Masquerain|Quiver Dance|p2a: Masquerain\n|-boost|p2a: Masquerain|spa|1\n|-boost|p2a: Masquerain|spd|1\n|-boost|p2a: Masquerain|spe|1\n|move|p1a: Mandibuzz|U-turn|p2a: Masquerain\n|-resisted|p2a: Masquerain\n|-damage|p2a: Masquerain|68/100\n|inactive|Time left: 300 sec this turn | 300 sec total | 5 sec grace\n|\n|t:|1783556957\n|switch|p1a: Braviary|Braviary, L85, M|309/309|[from] U-turn\n|\n|upkeep\n|turn|6\n|inactive|Time left: 300 sec this turn | 300 sec total\n|\n|t:|1783556958\n|move|p2a: Masquerain|Hurricane|p1a: Braviary\n|-damage|p1a: Braviary|105/309\n|move|p1a: Braviary|Brave Bird|p2a: Masquerain\n|-supereffective|p2a: Masquerain\n|-damage|p2a: Masquerain|0 fnt\n|faint|p2a: Masquerain\n|-damage|p1a: Braviary|46/309|[from] Recoil\n|\n|upkeep\n|\n|t:|1783556959\n|switch|p2a: Bruxish|Bruxish, L85, F|100/100\n|turn|7\n|inactive|Time left: 300 sec this turn | 300 sec total\n|\n|t:|1783556960\n|switch|p1a: Mandibuzz|Mandibuzz, L85, F|326/326\n|move|p2a: Bruxish|Psychic Fangs|p1a: Mandibuzz\n|-immune|p1a: Mandibuzz\n|\n|upkeep\n|turn|8\n|inactive|Time left: 300 sec this turn | 300 sec total\n|\n|t:|1783556961\n|switch|p2a: Iron Moth|Iron Moth, L78|100/100\n|move|p1a: Mandibuzz|Foul Play|p2a: Iron Moth\n|-damage|p2a: Iron Moth|72/100\n|\n|upkeep\n|turn|9\n|inactive|Time left: 300 sec this turn | 300 sec total\n|\n|t:|1783556962\n|move|p2a: Iron Moth|Fiery Dance|p1a: Mandibuzz\n|-damage|p1a: Mandibuzz|230/326\n|-boost|p2a: Iron Moth|spa|1\n|move|p1a: Mandibuzz|Foul Play|p2a: Iron Moth\n|-damage|p2a: Iron Moth|39/100\n|\n|upkeep\n|turn|10\n|inactive|Time left: 300 sec this turn | 300 sec total\n|\n|t:|1783556963\n|move|p2a: Iron Moth|Fiery Dance|p1a: Mandibuzz\n|-damage|p1a: Mandibuzz|91/326\n|move|p1a: Mandibuzz|Foul Play|p2a: Iron Moth\n|-damage|p2a: Iron Moth|7/100\n|\n|upkeep\n|turn|11\n|inactive|Time left: 300 sec this turn | 300 sec total\n|\n|t:|1783556964\n|switch|p1a: Latios|Latios, L78, M|253/253\n|move|p2a: Iron Moth|Fiery Dance|p1a: Latios\n|-resisted|p1a: Latios\n|-damage|p1a: Latios|184/253\n|-boost|p2a: Iron Moth|spa|1\n|\n|upkeep\n|turn|12\n|inactive|Time left: 300 sec this turn | 300 sec total\n|\n|t:|1783556966\n|move|p2a: Iron Moth|Sludge Wave|p1a: Latios\n|-damage|p1a: Latios|0 fnt\n|faint|p1a: Latios\n|\n|upkeep\n|inactive|Time left: 300 sec this turn | 300 sec total | 5 sec grace\n|\n|t:|1783556966\n|switch|p1a: Heracross|Heracross, L80, F|259/259\n|turn|13\n|inactive|Time left: 300 sec this turn | 300 sec total\n|\n|t:|1783556967\n|move|p1a: Heracross|Knock Off|p2a: Iron Moth\n|-damage|p2a: Iron Moth|0 fnt\n|-enditem|p2a: Iron Moth|Heavy-Duty Boots|[from] move: Knock Off|[of] p1a: Heracross\n|faint|p2a: Iron Moth\n|-end|p2a: Iron Moth|Quark Drive|[silent]\n|-ability|p1a: Heracross|Moxie|boost\n|-boost|p1a: Heracross|atk|1\n|\n|upkeep\n|\n|t:|1783556968\n|switch|p2a: Zarude|Zarude, L77|100/100\n|turn|14\n|inactive|Time left: 300 sec this turn | 300 sec total\n|\n|t:|1783556969\n|move|p1a: Heracross|Knock Off|p2a: Zarude\n|-resisted|p2a: Zarude\n|-damage|p2a: Zarude|80/100\n|-enditem|p2a: Zarude|Life Orb|[from] move: Knock Off|[of] p1a: Heracross\n|move|p2a: Zarude|Swords Dance|p2a: Zarude\n|-boost|p2a: Zarude|atk|2\n|\n|upkeep\n|turn|15\n|inactive|Time left: 300 sec this turn | 300 sec total\n|\n|t:|1783556970\n|switch|p1a: Braviary|Braviary, L85, M|46/309\n|move|p2a: Zarude|Swords Dance|p2a: Zarude\n|-boost|p2a: Zarude|atk|2\n|\n|upkeep\n|turn|16\n|inactive|Time left: 300 sec this turn | 300 sec total\n|\n|t:|1783556971\n|move|p2a: Zarude|Knock Off|p1a: Braviary\n|-damage|p1a: Braviary|0 fnt\n|-enditem|p1a: Braviary|Heavy-Duty Boots|[from] move: Knock Off|[of] p2a: Zarude\n|faint|p1a: Braviary\n|\n|upkeep\n|inactive|Time left: 300 sec this turn | 300 sec total | 5 sec grace\n|\n|t:|1783556972\n|switch|p1a: Heracross|Heracross, L80, F|259/259\n|turn|17\n|inactive|Time left: 300 sec this turn | 300 sec total\n|\n|t:|1783556973\n|-terastallize|p2a: Zarude|Grass\n|move|p1a: Heracross|Megahorn|p2a: Zarude|[miss]\n|-miss|p1a: Heracross|p2a: Zarude\n|move|p2a: Zarude|Knock Off|p1a: Heracross\n|-resisted|p1a: Heracross\n|-damage|p1a: Heracross|88/259\n|-enditem|p1a: Heracross|Choice Scarf|[from] move: Knock Off|[of] p2a: Zarude\n|\n|upkeep\n|turn|18\n|inactive|Time left: 300 sec this turn | 300 sec total\n|\n|t:|1783556974\n|switch|p1a: Mandibuzz|Mandibuzz, L85, F|91/326\n|move|p2a: Zarude|Knock Off|p1a: Mandibuzz\n|-resisted|p1a: Mandibuzz\n|-damage|p1a: Mandibuzz|0 fnt\n|-enditem|p1a: Mandibuzz|Heavy-Duty Boots|[from] move: Knock Off|[of] p2a: Zarude\n|faint|p1a: Mandibuzz\n|\n|upkeep\n|inactive|Time left: 300 sec this turn | 300 sec total | 5 sec grace\n|\n|t:|1783556975\n|switch|p1a: Scovillain|Scovillain, L91, F|137/266\n|turn|19\n|inactive|Time left: 300 sec this turn | 300 sec total\n|\n|t:|1783556976\n|move|p2a: Zarude|Knock Off|p1a: Scovillain\n|-damage|p1a: Scovillain|0 fnt\n|-enditem|p1a: Scovillain|Heavy-Duty Boots|[from] move: Knock Off|[of] p2a: Zarude\n|faint|p1a: Scovillain\n|\n|upkeep\n|inactive|Time left: 300 sec this turn | 300 sec total | 5 sec grace\n|\n|t:|1783556977\n|switch|p1a: Heracross|Heracross, L80, F|88/259\n|turn|20\n|inactive|Time left: 300 sec this turn | 300 sec total\n|\n|t:|1783556978\n|move|p2a: Zarude|Knock Off|p1a: Heracross\n|-resisted|p1a: Heracross\n|-damage|p1a: Heracross|0 fnt\n|faint|p1a: Heracross\n|\n|upkeep\n|inactive|Time left: 300 sec this turn | 300 sec total | 5 sec grace\n|\n|t:|1783556979\n|switch|p1a: Dudunsparce|Dudunsparce, L83, F|343/343\n|turn|21\n|inactive|Time left: 300 sec this turn | 300 sec total\n|\n|t:|1783556980\n|-terastallize|p1a: Dudunsparce|Ground\n|move|p2a: Zarude|Power Whip|p1a: Dudunsparce\n|-supereffective|p1a: Dudunsparce\n|-damage|p1a: Dudunsparce|0 fnt\n|faint|p1a: Dudunsparce\n|\n|win|p0y1456231d", "uploadtime": 1783556980, "views": 0, "rating": 0, "private": 0, "password": null, "_winner": "p0y1456231d", "_our_name": "p0x1456298d"}