{"id": "battle-gen9randombattle-1356", "formatid": "gen9randombattle", "format": "[Gen 9] Random Battle", "players": ["p0x1356c8a8", "p0y13569138"], "log": "|init|battle\n|title|p0x1356c8a8 vs. p0y13569138\n|j|\u2606p0x1356c8a8\n|j|\u2606p0y13569138\n|t:|1783554876\n|gametype|singles\n|player|p1|p0x1356c8a8|102|\n|player|p2|p0y13569138|102|\n|gen|9\n|tier|[Gen 9] Random Battle\n|rule|Species Clause: Limit one of each Pok\u00e9mon\n|rule|HP Percentage Mod: HP is shown in percentages\n|rule|Sleep Clause Mod: Limit one foe put to sleep\n|rule|Illusion Level Mod: Illusion disguises the Pok\u00e9mon's true level\n|\n|t:|1783554876\n|teamsize|p1|6\n|teamsize|p2|6\n|start\n|switch|p1a: Quaquaval|Quaquaval, L79, M|264/264\n|switch|p2a: Dachsbun|Dachsbun, L92, M|100/100\n|turn|1\n|inactive|Battle timer is ON: inactive players will automatically lose when time's up. (requested by p0y13569138)\n|inactive|Time left: 300 sec this turn | 300 sec total | 60 sec grace\n|inactive|p0x1356c8a8 also wants the timer to be on.\n|\n|t:|1783554878\n|move|p2a: Dachsbun|Play Rough|p1a: Quaquaval\n|-supereffective|p1a: Quaquaval\n|-damage|p1a: Quaquaval|22/264\n|-unboost|p1a: Quaquaval|atk|1\n|move|p1a: Quaquaval|Aqua Step|p2a: Dachsbun\n|-damage|p2a: Dachsbun|76/100\n|-boost|p1a: Quaquaval|spe|1\n|-damage|p1a: Quaquaval|0 fnt|[from] item: Life Orb\n|faint|p1a: Quaquaval\n|\n|-heal|p2a: Dachsbun|82/100|[from] item: Leftovers\n|upkeep\n|inactive|Time left: 300 sec this turn | 300 sec total | 65 sec grace\n|\n|t:|1783554879\n|switch|p1a: Gliscor|Gliscor, L76, M|239/239\n|turn|2\n|inactive|Time left: 300 sec this turn | 300 sec total\n|\n|t:|1783554881\n|move|p2a: Dachsbun|Play Rough|p1a: Gliscor\n|-crit|p1a: Gliscor\n|-damage|p1a: Gliscor|109/239\n|move|p1a: Gliscor|Earthquake|p2a: Dachsbun\n|-damage|p2a: Dachsbun|58/100\n|\n|-heal|p2a: Dachsbun|64/100|[from] item: Leftovers\n|-status|p1a: Gliscor|tox|[from] item: Toxic Orb\n|upkeep\n|turn|3\n|inactive|Time left: 300 sec this turn | 300 sec total\n|\n|t:|1783554882\n|move|p2a: Dachsbun|Play Rough|p1a: Gliscor\n|-damage|p1a: Gliscor|24/239 tox\n|move|p1a: Gliscor|Earthquake|p2a: Dachsbun\n|-damage|p2a: Dachsbun|39/100\n|\n|-heal|p2a: Dachsbun|45/100|[from] item: Leftovers\n|-heal|p1a: Gliscor|53/239 tox|[from] ability: Poison Heal\n|upkeep\n|turn|4\n|inactive|Time left: 300 sec this turn | 300 sec total\n|\n|t:|1783554883\n|move|p1a: Gliscor|Protect|p1a: Gliscor\n|-singleturn|p1a: Gliscor|Protect\n|move|p2a: Dachsbun|Play Rough|p1a: Gliscor\n|-activate|p1a: Gliscor|move: Protect\n|\n|-heal|p2a: Dachsbun|50/100|[from] item: Leftovers\n|-heal|p1a: Gliscor|82/239 tox|[from] ability: Poison Heal\n|upkeep\n|turn|5\n|inactive|Time left: 300 sec this turn | 300 sec total\n|\n|t:|1783554884\n|move|p2a: Dachsbun|Play Rough|p1a: Gliscor\n|-damage|p1a: Gliscor|3/239 tox\n|move|p1a: Gliscor|Toxic|p2a: Dachsbun\n|-status|p2a: Dachsbun|tox\n|\n|-heal|p2a: Dachsbun|56/100 tox|[from] item: Leftovers\n|-damage|p2a: Dachsbun|50/100 tox|[from] psn\n|-heal|p1a: Gliscor|32/239 tox|[from] ability: Poison Heal\n|upkeep\n|turn|6\n|inactive|Time left: 300 sec this turn | 300 sec total\n|\n|t:|1783554885\n|move|p2a: Dachsbun|Play Rough|p1a: Gliscor\n|-damage|p1a: Gliscor|0 fnt\n|faint|p1a: Gliscor\n|\n|-heal|p2a: Dachsbun|56/100 tox|[from] item: Leftovers\n|-damage|p2a: Dachsbun|45/100 tox|[from] psn\n|upkeep\n|inactive|Time left: 300 sec this turn | 300 sec total | 5 sec grace\n|\n|t:|1783554886\n|switch|p1a: Iron Boulder|Iron Boulder, L77|265/265\n|turn|7\n|inactive|Time left: 300 sec this turn | 300 sec total\n|\n|t:|1783554887\n|move|p1a: Iron Boulder|Swords Dance|p1a: Iron Boulder\n|-boost|p1a: Iron Boulder|atk|2\n|move|p2a: Dachsbun|Play Rough|p1a: Iron Boulder\n|-damage|p1a: Iron Boulder|141/265\n|\n|-heal|p2a: Dachsbun|50/100 tox|[from] item: Leftovers\n|-damage|p2a: Dachsbun|33/100 tox|[from] psn\n|upkeep\n|turn|8\n|inactive|Time left: 300 sec this turn | 300 sec total\n|\n|t:|1783554888\n|move|p1a: Iron Boulder|Mighty Cleave|p2a: Dachsbun\n|-damage|p2a: Dachsbun|0 fnt\n|faint|p2a: Dachsbun\n|-damage|p1a: Iron Boulder|115/265|[from] item: Life Orb\n|\n|upkeep\n|\n|t:|1783554889\n|switch|p2a: Lunala|Lunala, L70|100/100\n|turn|9\n|inactive|Time left: 300 sec this turn | 300 sec total\n|\n|t:|1783554890\n|move|p1a: Iron Boulder|Mighty Cleave|p2a: Lunala\n|-damage|p2a: Lunala|55/100\n|-damage|p1a: Iron Boulder|89/265|[from] item: Life Orb\n|move|p2a: Lunala|Moongeist Beam|p1a: Iron Boulder\n|-supereffective|p1a: Iron Boulder\n|-damage|p1a: Iron Boulder|0 fnt\n|faint|p1a: Iron Boulder\n|-end|p1a: Iron Boulder|Quark Drive|[silent]\n|\n|-heal|p2a: Lunala|62/100|[from] item: Leftovers\n|upkeep\n|inactive|Time left: 300 sec this turn | 300 sec total | 5 sec grace\n|\n|t:|1783554891\n|switch|p1a: Typhlosion|Typhlosion-Hisui, L83, M|257/257\n|turn|10\n|inactive|Time left: 300 sec this turn | 300 sec total\n|\n|t:|1783554892\n|switch|p2a: Terrakion|Terrakion, L79|100/100\n|-terastallize|p1a: Typhlosion|Fire\n|move|p1a: Typhlosion|Eruption|p2a: Terrakion\n|-resisted|p2a: Terrakion\n|-damage|p2a: Terrakion|54/100\n|\n|upkeep\n|turn|11\n|inactive|Time left: 300 sec this turn | 300 sec total\n|\n|t:|1783554893\n|move|p1a: Typhlosion|Eruption|p2a: Terrakion\n|-resisted|p2a: Terrakion\n|-damage|p2a: Terrakion|7/100\n|move|p2a: Terrakion|Earthquake|p1a: Typhlosion\n|-supereffective|p1a: Typhlosion\n|-damage|p1a: Typhlosion|18/257\n|-damage|p2a: Terrakion|0 fnt|[from] item: Life Orb\n|faint|p2a: Terrakion\n|\n|upkeep\n|\n|t:|1783554894\n|switch|p2a: Girafarig|Girafarig, L89, M|100/100\n|turn|12\n|inactive|Time left: 300 sec this turn | 300 sec total\n|\n|t:|1783554895\n|switch|p1a: Reshiram|Reshiram, L76|277/277\n|-ability|p1a: Reshiram|Turboblaze\n|move|p2a: Girafarig|Nasty Plot|p2a: Girafarig\n|-boost|p2a: Girafarig|spa|2\n|\n|upkeep\n|turn|13\n|inactive|Time left: 300 sec this turn | 300 sec total\n|\n|t:|1783554895\n|move|p2a: Girafarig|Hyper Voice|p1a: Reshiram\n|-damage|p1a: Reshiram|108/277\n|move|p1a: Reshiram|Dragon Tail|p2a: Girafarig|[miss]\n|-miss|p1a: Reshiram|p2a: Girafarig\n|\n|upkeep\n|turn|14\n|inactive|Time left: 300 sec this turn | 300 sec total\n|\n|t:|1783554896\n|move|p2a: Girafarig|Hyper Voice|p1a: Reshiram\n|-damage|p1a: Reshiram|0 fnt\n|faint|p1a: Reshiram\n|\n|upkeep\n|inactive|Time left: 300 sec this turn | 300 sec total | 5 sec grace\n|\n|t:|1783554897\n|switch|p1a: Typhlosion|Typhlosion-Hisui, L83, M, tera:Fire|18/257\n|turn|15\n|inactive|Time left: 300 sec this turn | 300 sec total\n|\n|t:|1783554897\n|move|p1a: Typhlosion|Fire Blast|p2a: Girafarig\n|-damage|p2a: Girafarig|22/100\n|move|p2a: Girafarig|Psyshock|p1a: Typhlosion\n|-damage|p1a: Typhlosion|0 fnt\n|faint|p1a: Typhlosion\n|\n|upkeep\n|inactive|Time left: 300 sec this turn | 300 sec total | 5 sec grace\n|\n|t:|1783554898\n|switch|p1a: Vaporeon|Vaporeon, L86, M|364/364\n|turn|16\n|inactive|Time left: 300 sec this turn | 300 sec total\n|\n|t:|1783554899\n|move|p1a: Vaporeon|Protect|p1a: Vaporeon\n|-singleturn|p1a: Vaporeon|Protect\n|move|p2a: Girafarig|Thunderbolt|p1a: Vaporeon\n|-activate|p1a: Vaporeon|move: Protect\n|\n|upkeep\n|turn|17\n|inactive|Time left: 300 sec this turn | 300 sec total\n|\n|t:|1783554900\n|move|p2a: Girafarig|Thunderbolt|p1a: Vaporeon\n|-supereffective|p1a: Vaporeon\n|-damage|p1a: Vaporeon|138/364\n|move|p1a: Vaporeon|Roar|p2a: Girafarig\n|drag|p2a: Lunala|Lunala, L70|62/100\n|\n|-heal|p2a: Lunala|68/100|[from] item: Leftovers\n|-heal|p1a: Vaporeon|160/364|[from] item: Leftovers\n|upkeep\n|turn|18\n|inactive|Time left: 300 sec this turn | 300 sec total\n|\n|t:|1783554901\n|move|p2a: Lunala|Psyshock|p1a: Vaporeon\n|-damage|p1a: Vaporeon|57/364\n|move|p1a: Vaporeon|Wish|p1a: Vaporeon\n|\n|-heal|p2a: Lunala|74/100|[from] item: Leftovers\n|-heal|p1a: Vaporeon|79/364|[from] item: Leftovers\n|upkeep\n|turn|19\n|inactive|Time left: 300 sec this turn | 300 sec total\n|\n|t:|1783554902\n|switch|p2a: Arboliva|Arboliva, L91, M|100/100\n|move|p1a: Vaporeon|Protect||[still]\n|-fail|p1a: Vaporeon\n|\n|-heal|p1a: Vaporeon|261/364|[from] move: Wish|[wisher] Vaporeon\n|-heal|p1a: Vaporeon|283/364|[from] item: Leftovers\n|upkeep\n|turn|20\n|inactive|Time left: 300 sec this turn | 300 sec total\n|\n|t:|1783554903\n|-terastallize|p2a: Arboliva|Grass\n|move|p1a: Vaporeon|Protect|p1a: Vaporeon\n|-singleturn|p1a: Vaporeon|Protect\n|move|p2a: Arboliva|Energy Ball|p1a: Vaporeon\n|-activate|p1a: Vaporeon|move: Protect\n|\n|-heal|p1a: Vaporeon|305/364|[from] item: Leftovers\n|upkeep\n|turn|21\n|inactive|Time left: 300 sec this turn | 300 sec total\n|\n|t:|1783554904\n|move|p1a: Vaporeon|Protect||[still]\n|-fail|p1a: Vaporeon\n|move|p2a: Arboliva|Energy Ball|p1a: Vaporeon\n|-supereffective|p1a: Vaporeon\n|-damage|p1a: Vaporeon|0 fnt\n|faint|p1a: Vaporeon\n|\n|win|p0y13569138", "uploadtime": 1783554904, "views": 0, "rating": 0, "private": 0, "password": null, "_winner": "p0y13569138", "_our_name": "p0x1356c8a8"}