{"id": "battle-gen9randombattle-1018", "formatid": "gen9randombattle", "format": "[Gen 9] Random Battle", "players": ["p0x1018f1dd", "p0y10185ec0"], "log": "|init|battle\n|title|p0x1018f1dd vs. p0y10185ec0\n|j|\u2606p0x1018f1dd\n|j|\u2606p0y10185ec0\n|t:|1783551708\n|gametype|singles\n|player|p1|p0x1018f1dd|169|\n|player|p2|p0y10185ec0|265|\n|gen|9\n|tier|[Gen 9] Random Battle\n|rule|Species Clause: Limit one of each Pok\u00e9mon\n|rule|HP Percentage Mod: HP is shown in percentages\n|rule|Sleep Clause Mod: Limit one foe put to sleep\n|rule|Illusion Level Mod: Illusion disguises the Pok\u00e9mon's true level\n|\n|t:|1783551708\n|teamsize|p1|6\n|teamsize|p2|6\n|start\n|switch|p1a: Dipplin|Dipplin, L88, F|284/284\n|switch|p2a: Banette|Banette, L93, F|100/100\n|turn|1\n|inactive|Battle timer is ON: inactive players will automatically lose when time's up. (requested by p0y10185ec0)\n|inactive|Time left: 300 sec this turn | 300 sec total | 60 sec grace\n|inactive|p0x1018f1dd also wants the timer to be on.\n|\n|t:|1783551709\n|move|p2a: Banette|Thunder Wave|p1a: Dipplin\n|-status|p1a: Dipplin|par\n|move|p1a: Dipplin|Dragon Pulse|p2a: Banette\n|-damage|p2a: Banette|57/100\n|\n|upkeep\n|turn|2\n|inactive|Time left: 300 sec this turn | 300 sec total\n|\n|t:|1783551711\n|move|p2a: Banette|Gunk Shot|p1a: Dipplin\n|-supereffective|p1a: Dipplin\n|-damage|p1a: Dipplin|105/284 par\n|-damage|p2a: Banette|47/100|[from] item: Life Orb\n|move|p1a: Dipplin|Dragon Pulse|p2a: Banette\n|-damage|p2a: Banette|7/100\n|\n|upkeep\n|turn|3\n|inactive|Time left: 300 sec this turn | 300 sec total\n|\n|t:|1783551712\n|move|p2a: Banette|Poltergeist|p1a: Dipplin\n|-activate|p1a: Dipplin|move: Poltergeist|Eviolite\n|-damage|p1a: Dipplin|0 fnt\n|faint|p1a: Dipplin\n|-damage|p2a: Banette|0 fnt|[from] item: Life Orb\n|faint|p2a: Banette\n|\n|upkeep\n|inactive|Time left: 300 sec this turn | 300 sec total | 5 sec grace\n|\n|t:|1783551713\n|switch|p2a: Stonjourner|Stonjourner, L91, F|100/100\n|switch|p1a: Manaphy|Manaphy, L78|284/284\n|turn|4\n|inactive|Time left: 300 sec this turn | 300 sec total\n|\n|t:|1783551714\n|switch|p2a: Chesnaught|Chesnaught, L84, M|100/100\n|move|p1a: Manaphy|Hydro Pump|p2a: Chesnaught\n|-resisted|p2a: Chesnaught\n|-damage|p2a: Chesnaught|78/100\n|\n|upkeep\n|turn|5\n|inactive|Time left: 300 sec this turn | 300 sec total\n|\n|t:|1783551715\n|move|p1a: Manaphy|Tail Glow|p1a: Manaphy\n|-boost|p1a: Manaphy|spa|3\n|move|p2a: Chesnaught|Wood Hammer|p1a: Manaphy\n|-supereffective|p1a: Manaphy\n|-damage|p1a: Manaphy|38/284\n|-damage|p2a: Chesnaught|50/100|[from] Recoil\n|\n|-heal|p1a: Manaphy|55/284|[from] item: Leftovers\n|upkeep\n|turn|6\n|inactive|Time left: 300 sec this turn | 300 sec total\n|\n|t:|1783551716\n|switch|p2a: Volcanion|Volcanion, L79|100/100\n|move|p1a: Manaphy|Hydro Pump|p2a: Volcanion\n|-immune|p2a: Volcanion|[from] ability: Water Absorb\n|\n|-heal|p1a: Manaphy|72/284|[from] item: Leftovers\n|upkeep\n|turn|7\n|inactive|Time left: 300 sec this turn | 300 sec total\n|\n|t:|1783551717\n|move|p1a: Manaphy|Energy Ball|p2a: Volcanion\n|-damage|p2a: Volcanion|43/100\n|move|p2a: Volcanion|Sludge Bomb|p1a: Manaphy\n|-damage|p1a: Manaphy|0 fnt\n|faint|p1a: Manaphy\n|\n|upkeep\n|inactive|Time left: 300 sec this turn | 300 sec total | 5 sec grace\n|\n|t:|1783551718\n|switch|p1a: Excadrill|Excadrill, L79, M|303/303\n|-ability|p1a: Excadrill|Mold Breaker\n|turn|8\n|inactive|Time left: 300 sec this turn | 300 sec total\n|\n|t:|1783551719\n|switch|p2a: Chesnaught|Chesnaught, L84, M|50/100\n|move|p1a: Excadrill|Earthquake|p2a: Chesnaught\n|-resisted|p2a: Chesnaught\n|-damage|p2a: Chesnaught|35/100\n|\n|upkeep\n|turn|9\n|inactive|Time left: 300 sec this turn | 300 sec total\n|\n|t:|1783551720\n|move|p1a: Excadrill|Swords Dance|p1a: Excadrill\n|-boost|p1a: Excadrill|atk|2\n|move|p2a: Chesnaught|Body Press|p1a: Excadrill\n|-supereffective|p1a: Excadrill\n|-damage|p1a: Excadrill|31/303\n|\n|-heal|p1a: Excadrill|49/303|[from] item: Leftovers\n|upkeep\n|turn|10\n|inactive|Time left: 300 sec this turn | 300 sec total\n|\n|t:|1783551721\n|move|p1a: Excadrill|Earthquake|p2a: Chesnaught\n|-resisted|p2a: Chesnaught\n|-damage|p2a: Chesnaught|4/100\n|move|p2a: Chesnaught|Body Press|p1a: Excadrill\n|-supereffective|p1a: Excadrill\n|-damage|p1a: Excadrill|0 fnt\n|faint|p1a: Excadrill\n|\n|upkeep\n|inactive|Time left: 300 sec this turn | 300 sec total | 5 sec grace\n|\n|t:|1783551722\n|switch|p1a: Greedent|Greedent, L86, M|347/347\n|turn|11\n|inactive|Time left: 300 sec this turn | 300 sec total\n|\n|t:|1783551722\n|move|p2a: Chesnaught|Synthesis|p2a: Chesnaught\n|-heal|p2a: Chesnaught|54/100\n|move|p1a: Greedent|Swords Dance|p1a: Greedent\n|-boost|p1a: Greedent|atk|2\n|\n|upkeep\n|turn|12\n|inactive|Time left: 300 sec this turn | 300 sec total\n|\n|t:|1783551723\n|move|p2a: Chesnaught|Body Press|p1a: Greedent\n|-supereffective|p1a: Greedent\n|-damage|p1a: Greedent|171/347\n|-enditem|p1a: Greedent|Sitrus Berry|[eat]\n|-heal|p1a: Greedent|257/347|[from] item: Sitrus Berry\n|-heal|p1a: Greedent|347/347|[from] ability: Cheek Pouch\n|move|p1a: Greedent|Body Slam|p2a: Chesnaught\n|-damage|p2a: Chesnaught|2/100\n|-status|p2a: Chesnaught|par\n|-damage|p1a: Greedent|290/347|[from] item: Rocky Helmet|[of] p2a: Chesnaught\n|\n|upkeep\n|turn|13\n|inactive|Time left: 300 sec this turn | 300 sec total\n|\n|t:|1783551724\n|move|p1a: Greedent|Earthquake|p2a: Chesnaught\n|-resisted|p2a: Chesnaught\n|-damage|p2a: Chesnaught|0 fnt\n|faint|p2a: Chesnaught\n|\n|upkeep\n|\n|t:|1783551725\n|switch|p2a: Stonjourner|Stonjourner, L91, F|100/100\n|turn|14\n|inactive|Time left: 300 sec this turn | 300 sec total\n|\n|t:|1783551725\n|-terastallize|p2a: Stonjourner|Fire\n|move|p2a: Stonjourner|Heat Crash|p1a: Greedent\n|-crit|p1a: Greedent\n|-damage|p1a: Greedent|0 fnt\n|faint|p1a: Greedent\n|-damage|p2a: Stonjourner|90/100|[from] item: Life Orb\n|\n|upkeep\n|inactive|Time left: 300 sec this turn | 300 sec total | 5 sec grace\n|\n|t:|1783551726\n|switch|p1a: Orthworm|Orthworm, L88, F|266/266\n|turn|15\n|inactive|Time left: 300 sec this turn | 300 sec total\n|\n|t:|1783551727\n|switch|p2a: Dragalge|Dragalge, L88, M|100/100\n|move|p1a: Orthworm|Coil|p1a: Orthworm\n|-boost|p1a: Orthworm|atk|1\n|-boost|p1a: Orthworm|def|1\n|-boost|p1a: Orthworm|accuracy|1\n|\n|upkeep\n|turn|16\n|inactive|Time left: 300 sec this turn | 300 sec total\n|\n|t:|1783551728\n|move|p1a: Orthworm|Iron Tail|p2a: Dragalge\n|-damage|p2a: Dragalge|47/100\n|move|p2a: Dragalge|Focus Blast|p1a: Orthworm\n|-supereffective|p1a: Orthworm\n|-damage|p1a: Orthworm|14/266\n|\n|-heal|p2a: Dragalge|53/100|[from] item: Leftovers\n|upkeep\n|turn|17\n|inactive|Time left: 300 sec this turn | 300 sec total\n|\n|t:|1783551729\n|move|p1a: Orthworm|Rest|p1a: Orthworm\n|-status|p1a: Orthworm|slp|[from] move: Rest\n|-heal|p1a: Orthworm|266/266 slp|[silent]\n|-enditem|p1a: Orthworm|Chesto Berry|[eat]\n|-curestatus|p1a: Orthworm|slp|[msg]\n|move|p2a: Dragalge|Focus Blast|p1a: Orthworm\n|-supereffective|p1a: Orthworm\n|-damage|p1a: Orthworm|18/266\n|\n|-heal|p2a: Dragalge|59/100|[from] item: Leftovers\n|upkeep\n|turn|18\n|inactive|Time left: 300 sec this turn | 300 sec total\n|\n|t:|1783551730\n|move|p1a: Orthworm|Iron Tail|p2a: Dragalge\n|-damage|p2a: Dragalge|0 fnt\n|faint|p2a: Dragalge\n|\n|upkeep\n|\n|t:|1783551732\n|switch|p2a: Stonjourner|Stonjourner, L91, F, tera:Fire|90/100\n|turn|19\n|inactive|Time left: 300 sec this turn | 300 sec total\n|\n|t:|1783551733\n|switch|p1a: Cinderace|Cinderace, L77, F|249/249\n|move|p2a: Stonjourner|Heat Crash|p1a: Cinderace\n|-resisted|p1a: Cinderace\n|-damage|p1a: Cinderace|100/249\n|-damage|p2a: Stonjourner|80/100|[from] item: Life Orb\n|\n|upkeep\n|turn|20\n|inactive|Time left: 300 sec this turn | 300 sec total\n|\n|t:|1783551734\n|move|p1a: Cinderace|Gunk Shot|p2a: Stonjourner\n|-start|p1a: Cinderace|typechange|Poison|[from] ability: Libero\n|-damage|p2a: Stonjourner|56/100\n|move|p2a: Stonjourner|Heat Crash|p1a: Cinderace\n|-damage|p1a: Cinderace|0 fnt\n|faint|p1a: Cinderace\n|-damage|p2a: Stonjourner|46/100|[from] item: Life Orb\n|\n|upkeep\n|inactive|Time left: 300 sec this turn | 300 sec total | 5 sec grace\n|\n|t:|1783551735\n|switch|p1a: Orthworm|Orthworm, L88, F|18/266\n|turn|21\n|inactive|Time left: 300 sec this turn | 300 sec total\n|\n|t:|1783551736\n|-terastallize|p1a: Orthworm|Electric\n|move|p2a: Stonjourner|Heat Crash|p1a: Orthworm\n|-damage|p1a: Orthworm|0 fnt\n|faint|p1a: Orthworm\n|-damage|p2a: Stonjourner|36/100|[from] item: Life Orb\n|\n|win|p0y10185ec0", "uploadtime": 1783551736, "views": 0, "rating": 0, "private": 0, "password": null, "_winner": "p0y10185ec0", "_our_name": "p0x1018f1dd"}