{"id": "battle-gen9randombattle-2886", "formatid": "gen9randombattle", "format": "[Gen 9] Random Battle", "players": ["p0x28860657", "p0y28867acc"], "log": "|init|battle\n|title|p0x28860657 vs. p0y28867acc\n|j|\u2606p0x28860657\n|j|\u2606p0y28867acc\n|t:|1783572268\n|gametype|singles\n|player|p1|p0x28860657|169|\n|player|p2|p0y28867acc|170|\n|gen|9\n|tier|[Gen 9] Random Battle\n|rule|Species Clause: Limit one of each Pok\u00e9mon\n|rule|HP Percentage Mod: HP is shown in percentages\n|rule|Sleep Clause Mod: Limit one foe put to sleep\n|rule|Illusion Level Mod: Illusion disguises the Pok\u00e9mon's true level\n|\n|t:|1783572268\n|teamsize|p1|6\n|teamsize|p2|6\n|start\n|switch|p1a: Grafaiai|Grafaiai, L86, M|100/100\n|switch|p2a: Jumpluff|Jumpluff, L87, F|271/271\n|turn|1\n|inactive|Battle timer is ON: inactive players will automatically lose when time's up. (requested by p0x28860657)\n|inactive|Time left: 300 sec this turn | 300 sec total | 60 sec grace\n|\n|t:|1783572269\n|move|p2a: Jumpluff|Sleep Powder|p1a: Grafaiai\n|-status|p1a: Grafaiai|slp|[from] move: Sleep Powder\n|cant|p1a: Grafaiai|slp\n|\n|upkeep\n|turn|2\n|inactive|Time left: 300 sec this turn | 300 sec total\n|inactive|p0y28867acc also wants the timer to be on.\n|\n|t:|1783572270\n|move|p2a: Jumpluff|Acrobatics|p1a: Grafaiai\n|-damage|p1a: Grafaiai|60/100 slp\n|-curestatus|p1a: Grafaiai|slp|[msg]\n|move|p1a: Grafaiai|Gunk Shot|p2a: Jumpluff\n|-supereffective|p2a: Jumpluff\n|-crit|p2a: Jumpluff\n|-damage|p2a: Jumpluff|0 fnt\n|faint|p2a: Jumpluff\n|-damage|p1a: Grafaiai|51/100|[from] item: Life Orb\n|\n|upkeep\n|inactive|Time left: 300 sec this turn | 300 sec total | 5 sec grace\n|\n|t:|1783572271\n|switch|p2a: Quaquaval|Quaquaval, L79, M|264/264\n|turn|3\n|inactive|Time left: 300 sec this turn | 300 sec total\n|\n|t:|1783572272\n|move|p1a: Grafaiai|Gunk Shot|p2a: Quaquaval|[miss]\n|-miss|p1a: Grafaiai|p2a: Quaquaval\n|move|p2a: Quaquaval|Aqua Step|p1a: Grafaiai\n|-damage|p1a: Grafaiai|0 fnt\n|-boost|p2a: Quaquaval|spe|1\n|faint|p1a: Grafaiai\n|-ability|p2a: Quaquaval|Moxie|boost\n|-boost|p2a: Quaquaval|atk|1\n|\n|upkeep\n|\n|t:|1783572273\n|switch|p1a: Hatterene|Hatterene, L85, F|100/100\n|turn|4\n|inactive|Time left: 300 sec this turn | 300 sec total\n|\n|t:|1783572275\n|-terastallize|p2a: Quaquaval|Water\n|-terastallize|p1a: Hatterene|Fairy\n|move|p2a: Quaquaval|Aqua Step|p1a: Hatterene\n|-damage|p1a: Hatterene|0 fnt\n|-boost|p2a: Quaquaval|spe|1\n|faint|p1a: Hatterene\n|-ability|p2a: Quaquaval|Moxie|boost\n|-boost|p2a: Quaquaval|atk|1\n|\n|upkeep\n|\n|t:|1783572276\n|switch|p1a: Vigoroth|Vigoroth, L85, F|100/100\n|turn|5\n|inactive|Time left: 300 sec this turn | 300 sec total\n|\n|t:|1783572277\n|move|p2a: Quaquaval|Aqua Step|p1a: Vigoroth\n|-damage|p1a: Vigoroth|9/100\n|-boost|p2a: Quaquaval|spe|1\n|move|p1a: Vigoroth|Body Slam|p2a: Quaquaval\n|-damage|p2a: Quaquaval|177/264\n|\n|upkeep\n|turn|6\n|inactive|Time left: 300 sec this turn | 300 sec total\n|\n|t:|1783572278\n|move|p2a: Quaquaval|Aqua Step|p1a: Vigoroth\n|-damage|p1a: Vigoroth|0 fnt\n|-boost|p2a: Quaquaval|spe|1\n|faint|p1a: Vigoroth\n|-ability|p2a: Quaquaval|Moxie|boost\n|-boost|p2a: Quaquaval|atk|1\n|\n|upkeep\n|\n|t:|1783572279\n|switch|p1a: Jolteon|Jolteon, L84, F|100/100\n|turn|7\n|inactive|Time left: 300 sec this turn | 300 sec total\n|\n|t:|1783572280\n|switch|p1a: Kilowattrel|Kilowattrel, L83, F|100/100\n|move|p2a: Quaquaval|Aqua Step|p1a: Kilowattrel\n|-damage|p1a: Kilowattrel|0 fnt\n|-boost|p2a: Quaquaval|spe|1\n|faint|p1a: Kilowattrel\n|-ability|p2a: Quaquaval|Moxie|boost\n|-boost|p2a: Quaquaval|atk|1\n|\n|upkeep\n|\n|t:|1783572281\n|switch|p1a: Jolteon|Jolteon, L84, F|100/100\n|turn|8\n|inactive|Time left: 300 sec this turn | 300 sec total\n|\n|t:|1783572282\n|switch|p1a: Florges|Florges-Yellow, L85, F|100/100\n|move|p2a: Quaquaval|Aqua Step|p1a: Florges\n|-damage|p1a: Florges|0 fnt\n|-boost|p2a: Quaquaval|spe|1\n|faint|p1a: Florges\n|-ability|p2a: Quaquaval|Moxie|boost\n|-boost|p2a: Quaquaval|atk|1\n|\n|upkeep\n|\n|t:|1783572283\n|switch|p1a: Jolteon|Jolteon, L84, F|100/100\n|turn|9\n|inactive|Time left: 300 sec this turn | 300 sec total\n|\n|t:|1783572283\n|move|p2a: Quaquaval|Aqua Step|p1a: Jolteon\n|-damage|p1a: Jolteon|0 fnt\n|faint|p1a: Jolteon\n|\n|win|p0y28867acc", "uploadtime": 1783572283, "views": 0, "rating": 0, "private": 0, "password": null, "_winner": "p0y28867acc", "_our_name": "p0y28867acc"}