{"id": "battle-gen9randombattle-849", "formatid": "gen9randombattle", "format": "[Gen 9] Random Battle", "players": ["p0x849a2c3", "p0y8490fe7"], "log": "|init|battle\n|title|p0x849a2c3 vs. p0y8490fe7\n|j|\u2606p0x849a2c3\n|j|\u2606p0y8490fe7\n|t:|1783549720\n|gametype|singles\n|player|p1|p0x849a2c3|2|\n|player|p2|p0y8490fe7|102|\n|gen|9\n|tier|[Gen 9] Random Battle\n|rule|Species Clause: Limit one of each Pok\u00e9mon\n|rule|HP Percentage Mod: HP is shown in percentages\n|rule|Sleep Clause Mod: Limit one foe put to sleep\n|rule|Illusion Level Mod: Illusion disguises the Pok\u00e9mon's true level\n|\n|t:|1783549720\n|teamsize|p1|6\n|teamsize|p2|6\n|start\n|switch|p1a: Snorlax|Snorlax, L82, F|397/397\n|switch|p2a: Infernape|Infernape, L82, F|100/100\n|turn|1\n|inactive|Battle timer is ON: inactive players will automatically lose when time's up. (requested by p0x849a2c3)\n|inactive|p0y8490fe7 also wants the timer to be on.\n|\n|t:|1783549722\n|switch|p1a: Hydrapple|Hydrapple, L83, M|312/312\n|move|p2a: Infernape|Close Combat|p1a: Hydrapple\n|-damage|p1a: Hydrapple|172/312\n|-unboost|p2a: Infernape|def|1\n|-unboost|p2a: Infernape|spd|1\n|-damage|p2a: Infernape|91/100|[from] item: Life Orb\n|\n|upkeep\n|turn|2\n|inactive|Time left: 300 sec this turn | 300 sec total\n|\n|t:|1783549724\n|move|p2a: Infernape|Overheat|p1a: Hydrapple\n|-damage|p1a: Hydrapple|0 fnt\n|-unboost|p2a: Infernape|spa|2\n|faint|p1a: Hydrapple\n|-damage|p2a: Infernape|81/100|[from] item: Life Orb\n|\n|upkeep\n|inactive|Time left: 300 sec this turn | 300 sec total | 5 sec grace\n|\n|t:|1783549725\n|switch|p1a: Volcanion|Volcanion, L79|255/255\n|turn|3\n|inactive|Time left: 300 sec this turn | 300 sec total\n|\n|t:|1783549726\n|switch|p2a: Hydrapple|Hydrapple, L83, F|100/100\n|move|p1a: Volcanion|Steam Eruption|p2a: Hydrapple\n|-resisted|p2a: Hydrapple\n|-damage|p2a: Hydrapple|90/100\n|\n|upkeep\n|turn|4\n|inactive|Time left: 300 sec this turn | 300 sec total\n|\n|t:|1783549727\n|switch|p1a: Snorlax|Snorlax, L82, F|397/397\n|move|p2a: Hydrapple|Fickle Beam|p1a: Snorlax|[anim] Fickle Beam All Out\n|-activate|p2a: Hydrapple|move: Fickle Beam\n|-damage|p1a: Snorlax|165/397\n|\n|-heal|p1a: Snorlax|189/397|[from] item: Leftovers\n|upkeep\n|turn|5\n|inactive|Time left: 300 sec this turn | 300 sec total\n|\n|t:|1783549728\n|move|p2a: Hydrapple|Fickle Beam|p1a: Snorlax\n|-damage|p1a: Snorlax|57/397\n|move|p1a: Snorlax|Body Slam|p2a: Hydrapple\n|-damage|p2a: Hydrapple|66/100\n|\n|-heal|p1a: Snorlax|81/397|[from] item: Leftovers\n|upkeep\n|turn|6\n|inactive|Time left: 300 sec this turn | 300 sec total\n|\n|t:|1783549729\n|move|p2a: Hydrapple|Fickle Beam|p1a: Snorlax|[anim] Fickle Beam All Out\n|-activate|p2a: Hydrapple|move: Fickle Beam\n|-damage|p1a: Snorlax|0 fnt\n|faint|p1a: Snorlax\n|\n|upkeep\n|inactive|Time left: 300 sec this turn | 300 sec total | 5 sec grace\n|\n|t:|1783549730\n|switch|p1a: Chien-Pao|Chien-Pao, L72|234/234\n|-ability|p1a: Chien-Pao|Sword of Ruin\n|turn|7\n|inactive|Time left: 300 sec this turn | 300 sec total\n|\n|t:|1783549732\n|-terastallize|p2a: Hydrapple|Dragon\n|move|p1a: Chien-Pao|Icicle Crash|p2a: Hydrapple\n|-supereffective|p2a: Hydrapple\n|-damage|p2a: Hydrapple|0 fnt\n|faint|p2a: Hydrapple\n|\n|upkeep\n|\n|t:|1783549733\n|switch|p2a: Infernape|Infernape, L82, F|81/100\n|turn|8\n|inactive|Time left: 300 sec this turn | 300 sec total\n|\n|t:|1783549734\n|switch|p1a: Volcanion|Volcanion, L79|255/255\n|move|p2a: Infernape|Close Combat|p1a: Volcanion\n|-damage|p1a: Volcanion|121/255\n|-unboost|p2a: Infernape|def|1\n|-unboost|p2a: Infernape|spd|1\n|-damage|p2a: Infernape|72/100|[from] item: Life Orb\n|\n|upkeep\n|turn|9\n|inactive|Time left: 300 sec this turn | 300 sec total\n|\n|t:|1783549735\n|move|p1a: Volcanion|Steam Eruption|p2a: Infernape\n|-supereffective|p2a: Infernape\n|-damage|p2a: Infernape|0 fnt\n|faint|p2a: Infernape\n|\n|upkeep\n|\n|t:|1783549736\n|switch|p2a: Morpeko|Morpeko, L88, F|100/100\n|turn|10\n|inactive|Time left: 300 sec this turn | 300 sec total\n|\n|t:|1783549737\n|move|p1a: Volcanion|Steam Eruption|p2a: Morpeko\n|-damage|p2a: Morpeko|28/100\n|move|p2a: Morpeko|Aura Wheel|p1a: Volcanion\n|-supereffective|p1a: Volcanion\n|-damage|p1a: Volcanion|0 fnt\n|-boost|p2a: Morpeko|spe|1\n|faint|p1a: Volcanion\n|\n|-formechange|p2a: Morpeko|Morpeko-Hangry||[from] ability: Hunger Switch\n|upkeep\n|inactive|Time left: 300 sec this turn | 300 sec total | 5 sec grace\n|\n|t:|1783549738\n|switch|p1a: Chien-Pao|Chien-Pao, L72|234/234\n|-ability|p1a: Chien-Pao|Sword of Ruin\n|turn|11\n|inactive|Time left: 300 sec this turn | 300 sec total\n|\n|t:|1783549739\n|move|p2a: Morpeko|Aura Wheel|p1a: Chien-Pao\n|-resisted|p1a: Chien-Pao\n|-damage|p1a: Chien-Pao|149/234\n|-boost|p2a: Morpeko|spe|1\n|move|p1a: Chien-Pao|Icicle Crash|p2a: Morpeko\n|-damage|p2a: Morpeko|0 fnt\n|faint|p2a: Morpeko\n|\n|upkeep\n|\n|t:|1783549740\n|switch|p2a: Gholdengo|Gholdengo, L77|100/100\n|turn|12\n|inactive|Time left: 300 sec this turn | 300 sec total\n|\n|t:|1783549741\n|move|p2a: Gholdengo|Make It Rain|p1a: Chien-Pao\n|-supereffective|p1a: Chien-Pao\n|-damage|p1a: Chien-Pao|0 fnt\n|-unboost|p2a: Gholdengo|spa|1\n|faint|p1a: Chien-Pao\n|\n|upkeep\n|inactive|Time left: 300 sec this turn | 300 sec total | 5 sec grace\n|\n|t:|1783549742\n|switch|p1a: Walking Wake|Walking Wake, L79|286/286\n|turn|13\n|inactive|Time left: 300 sec this turn | 300 sec total\n|\n|t:|1783549742\n|switch|p2a: Quagsire|Quagsire, L84, M|100/100\n|move|p1a: Walking Wake|Flamethrower|p2a: Quagsire\n|-resisted|p2a: Quagsire\n|-damage|p2a: Quagsire|78/100\n|\n|-heal|p2a: Quagsire|84/100|[from] item: Leftovers\n|upkeep\n|turn|14\n|inactive|Time left: 300 sec this turn | 300 sec total\n|\n|t:|1783549743\n|move|p1a: Walking Wake|Flamethrower|p2a: Quagsire\n|-resisted|p2a: Quagsire\n|-damage|p2a: Quagsire|61/100\n|move|p2a: Quagsire|Toxic|p1a: Walking Wake\n|-status|p1a: Walking Wake|tox\n|\n|-heal|p2a: Quagsire|68/100|[from] item: Leftovers\n|-damage|p1a: Walking Wake|269/286 tox|[from] psn\n|upkeep\n|turn|15\n|inactive|Time left: 300 sec this turn | 300 sec total\n|\n|t:|1783549744\n|-end|p1a: Walking Wake|Protosynthesis|[silent]\n|switch|p1a: Furret|Furret, L94, F|312/312\n|-item|p2a: Quagsire|Leftovers|[from] ability: Frisk|[of] p1a: Furret\n|move|p2a: Quagsire|Earthquake|p1a: Furret\n|-damage|p1a: Furret|195/312\n|\n|-heal|p2a: Quagsire|74/100|[from] item: Leftovers\n|upkeep\n|turn|16\n|inactive|Time left: 300 sec this turn | 300 sec total\n|\n|t:|1783549745\n|move|p1a: Furret|Knock Off|p2a: Quagsire\n|-damage|p2a: Quagsire|38/100\n|-enditem|p2a: Quagsire|Leftovers|[from] move: Knock Off|[of] p1a: Furret\n|move|p2a: Quagsire|Recover|p2a: Quagsire\n|-heal|p2a: Quagsire|88/100\n|\n|upkeep\n|turn|17\n|inactive|Time left: 300 sec this turn | 300 sec total\n|\n|t:|1783549746\n|switch|p1a: Walking Wake|Walking Wake, L79|269/286 tox\n|move|p2a: Quagsire|Earthquake|p1a: Walking Wake\n|-damage|p1a: Walking Wake|170/286 tox\n|\n|-damage|p1a: Walking Wake|153/286 tox|[from] psn\n|upkeep\n|turn|18\n|inactive|Time left: 300 sec this turn | 300 sec total\n|\n|t:|1783549747\n|-terastallize|p1a: Walking Wake|Water\n|move|p1a: Walking Wake|Hydro Pump|p2a: Quagsire\n|-damage|p2a: Quagsire|0 fnt\n|faint|p2a: Quagsire\n|\n|-damage|p1a: Walking Wake|119/286 tox|[from] psn\n|upkeep\n|\n|t:|1783549749\n|switch|p2a: Gholdengo|Gholdengo, L77|100/100\n|turn|19\n|inactive|Time left: 300 sec this turn | 300 sec total\n|\n|t:|1783549750\n|move|p2a: Gholdengo|Dark Pulse|p1a: Walking Wake\n|-damage|p1a: Walking Wake|0 fnt\n|faint|p1a: Walking Wake\n|-end|p1a: Walking Wake|Protosynthesis|[silent]\n|\n|upkeep\n|inactive|Time left: 300 sec this turn | 300 sec total | 5 sec grace\n|\n|t:|1783549750\n|switch|p1a: Furret|Furret, L94, F|195/312\n|-item|p2a: Gholdengo|Choice Specs|[from] ability: Frisk|[of] p1a: Furret\n|turn|20\n|inactive|Time left: 300 sec this turn | 300 sec total\n|\n|t:|1783549751\n|move|p1a: Furret|U-turn|p2a: Gholdengo\n|-supereffective|p2a: Gholdengo\n|-damage|p2a: Gholdengo|11/100\n|replace|p2a: Zoroark|Zoroark, L83, M\n|-end|p2a: Zoroark|Illusion\n|-hint|Illusion Level Mod is active, so this Pok\u00e9mon's true level was hidden.\n|move|p2a: Zoroark|Dark Pulse|p1a: Furret\n|-damage|p1a: Furret|12/312\n|\n|upkeep\n|turn|21\n|inactive|Time left: 300 sec this turn | 300 sec total\n|\n|t:|1783549752\n|move|p1a: Furret|U-turn|p2a: Zoroark\n|-supereffective|p2a: Zoroark\n|-damage|p2a: Zoroark|0 fnt\n|faint|p2a: Zoroark\n|\n|upkeep\n|\n|t:|1783549753\n|switch|p2a: Gholdengo|Gholdengo, L77|100/100\n|turn|22\n|inactive|Time left: 300 sec this turn | 300 sec total\n|\n|t:|1783549754\n|move|p2a: Gholdengo|Make It Rain|p1a: Furret\n|-damage|p1a: Furret|0 fnt\n|-unboost|p2a: Gholdengo|spa|1\n|faint|p1a: Furret\n|\n|win|p0y8490fe7", "uploadtime": 1783549754, "views": 0, "rating": 0, "private": 0, "password": null, "_winner": "p0y8490fe7", "_our_name": "p0x849a2c3"}