{"id": "battle-gen9randombattle-580", "formatid": "gen9randombattle", "format": "[Gen 9] Random Battle", "players": ["p0x580e863", "p0y5809319"], "log": "|init|battle\n|title|p0x580e863 vs. p0y5809319\n|j|\u2606p0x580e863\n|j|\u2606p0y5809319\n|t:|1783546529\n|gametype|singles\n|player|p1|p0x580e863|102|\n|player|p2|p0y5809319|170|\n|gen|9\n|tier|[Gen 9] Random Battle\n|rule|Species Clause: Limit one of each Pok\u00e9mon\n|rule|HP Percentage Mod: HP is shown in percentages\n|rule|Sleep Clause Mod: Limit one foe put to sleep\n|rule|Illusion Level Mod: Illusion disguises the Pok\u00e9mon's true level\n|\n|t:|1783546529\n|teamsize|p1|6\n|teamsize|p2|6\n|start\n|switch|p1a: Lumineon|Lumineon, L93, M|100/100\n|switch|p2a: Leafeon|Leafeon, L88, M|258/258\n|turn|1\n|inactive|Battle timer is ON: inactive players will automatically lose when time's up. (requested by p0x580e863)\n|inactive|Time left: 300 sec this turn | 300 sec total | 60 sec grace\n|inactive|p0y5809319 also wants the timer to be on.\n|\n|t:|1783546530\n|move|p1a: Lumineon|Ice Beam|p2a: Leafeon\n|-supereffective|p2a: Leafeon\n|-damage|p2a: Leafeon|66/258\n|-damage|p1a: Lumineon|91/100|[from] item: Life Orb\n|move|p2a: Leafeon|Leaf Blade|p1a: Lumineon\n|-supereffective|p1a: Lumineon\n|-damage|p1a: Lumineon|0 fnt\n|faint|p1a: Lumineon\n|-damage|p2a: Leafeon|41/258|[from] item: Life Orb\n|\n|upkeep\n|\n|t:|1783546531\n|switch|p1a: Cinccino|Cinccino, L83, F|100/100\n|turn|2\n|inactive|Time left: 300 sec this turn | 300 sec total\n|\n|t:|1783546532\n|switch|p2a: Dunsparce|Dunsparce, L86, F|312/312\n|move|p1a: Cinccino|Triple Axel|p2a: Dunsparce\n|-damage|p2a: Dunsparce|295/312\n|-damage|p2a: Dunsparce|261/312\n|-damage|p2a: Dunsparce|216/312\n|-hitcount|p2a: Dunsparce|3\n|\n|upkeep\n|turn|3\n|inactive|Time left: 300 sec this turn | 300 sec total\n|\n|t:|1783546533\n|move|p1a: Cinccino|Tail Slap|p2a: Dunsparce\n|-damage|p2a: Dunsparce|186/312\n|-damage|p2a: Dunsparce|159/312\n|-damage|p2a: Dunsparce|128/312\n|-damage|p2a: Dunsparce|100/312\n|-hitcount|p2a: Dunsparce|4\n|move|p2a: Dunsparce|Body Slam|p1a: Cinccino\n|-crit|p1a: Cinccino\n|-damage|p1a: Cinccino|42/100\n|-status|p1a: Cinccino|par\n|\n|upkeep\n|turn|4\n|inactive|Time left: 300 sec this turn | 300 sec total\n|\n|t:|1783546534\n|move|p2a: Dunsparce|Roost|p2a: Dunsparce\n|-heal|p2a: Dunsparce|256/312\n|-singleturn|p2a: Dunsparce|move: Roost\n|move|p1a: Cinccino|Triple Axel|p2a: Dunsparce\n|-damage|p2a: Dunsparce|241/312\n|-damage|p2a: Dunsparce|208/312\n|-damage|p2a: Dunsparce|163/312\n|-hitcount|p2a: Dunsparce|3\n|\n|upkeep\n|turn|5\n|inactive|Time left: 300 sec this turn | 300 sec total\n|\n|t:|1783546535\n|move|p2a: Dunsparce|Roost|p2a: Dunsparce\n|-heal|p2a: Dunsparce|312/312\n|-singleturn|p2a: Dunsparce|move: Roost\n|move|p1a: Cinccino|Triple Axel|p2a: Dunsparce\n|-damage|p2a: Dunsparce|296/312\n|-damage|p2a: Dunsparce|267/312\n|-damage|p2a: Dunsparce|220/312\n|-hitcount|p2a: Dunsparce|3\n|\n|upkeep\n|turn|6\n|inactive|Time left: 300 sec this turn | 300 sec total\n|\n|t:|1783546536\n|move|p2a: Dunsparce|Coil|p2a: Dunsparce\n|-boost|p2a: Dunsparce|atk|1\n|-boost|p2a: Dunsparce|def|1\n|-boost|p2a: Dunsparce|accuracy|1\n|move|p1a: Cinccino|U-turn|p2a: Dunsparce\n|-crit|p2a: Dunsparce\n|-damage|p2a: Dunsparce|160/312\n|\n|t:|1783546536\n|switch|p1a: Malamar|Malamar, L82, M|100/100|[from] U-turn\n|\n|upkeep\n|turn|7\n|inactive|Time left: 300 sec this turn | 300 sec total\n|\n|t:|1783546537\n|move|p1a: Malamar|Superpower|p2a: Dunsparce\n|-supereffective|p2a: Dunsparce\n|-damage|p2a: Dunsparce|76/312\n|-boost|p1a: Malamar|atk|1\n|-boost|p1a: Malamar|def|1\n|move|p2a: Dunsparce|Roost|p2a: Dunsparce\n|-heal|p2a: Dunsparce|232/312\n|-singleturn|p2a: Dunsparce|move: Roost\n|\n|upkeep\n|turn|8\n|inactive|Time left: 300 sec this turn | 300 sec total\n|\n|t:|1783546538\n|move|p1a: Malamar|Superpower|p2a: Dunsparce\n|-supereffective|p2a: Dunsparce\n|-damage|p2a: Dunsparce|110/312\n|-boost|p1a: Malamar|atk|1\n|-boost|p1a: Malamar|def|1\n|move|p2a: Dunsparce|Roost|p2a: Dunsparce\n|-heal|p2a: Dunsparce|266/312\n|-singleturn|p2a: Dunsparce|move: Roost\n|\n|upkeep\n|turn|9\n|inactive|Time left: 300 sec this turn | 300 sec total\n|\n|t:|1783546539\n|move|p1a: Malamar|Superpower|p2a: Dunsparce\n|-supereffective|p2a: Dunsparce\n|-damage|p2a: Dunsparce|100/312\n|-boost|p1a: Malamar|atk|1\n|-boost|p1a: Malamar|def|1\n|move|p2a: Dunsparce|Roost|p2a: Dunsparce\n|-heal|p2a: Dunsparce|256/312\n|-singleturn|p2a: Dunsparce|move: Roost\n|\n|upkeep\n|turn|10\n|inactive|Time left: 300 sec this turn | 300 sec total\n|\n|t:|1783546540\n|-terastallize|p2a: Dunsparce|Ground\n|move|p1a: Malamar|Superpower|p2a: Dunsparce\n|-damage|p2a: Dunsparce|151/312\n|-boost|p1a: Malamar|atk|1\n|-boost|p1a: Malamar|def|1\n|move|p2a: Dunsparce|Roost|p2a: Dunsparce\n|-heal|p2a: Dunsparce|307/312\n|\n|upkeep\n|turn|11\n|inactive|Time left: 300 sec this turn | 300 sec total\n|\n|t:|1783546541\n|move|p1a: Malamar|Knock Off|p2a: Dunsparce\n|-damage|p2a: Dunsparce|159/312\n|-enditem|p2a: Dunsparce|Eviolite|[from] move: Knock Off|[of] p1a: Malamar\n|move|p2a: Dunsparce|Roost|p2a: Dunsparce\n|-heal|p2a: Dunsparce|312/312\n|\n|upkeep\n|turn|12\n|inactive|Time left: 300 sec this turn | 300 sec total\n|\n|t:|1783546543\n|move|p1a: Malamar|Superpower|p2a: Dunsparce\n|-crit|p2a: Dunsparce\n|-damage|p2a: Dunsparce|0 fnt\n|-boost|p1a: Malamar|atk|1\n|-boost|p1a: Malamar|def|1\n|faint|p2a: Dunsparce\n|\n|upkeep\n|inactive|Time left: 300 sec this turn | 300 sec total | 5 sec grace\n|\n|t:|1783546544\n|switch|p2a: Leafeon|Leafeon, L88, M|41/258\n|turn|13\n|inactive|Time left: 300 sec this turn | 300 sec total\n|\n|t:|1783546545\n|move|p2a: Leafeon|Knock Off|p1a: Malamar\n|-damage|p1a: Malamar|88/100\n|-enditem|p1a: Malamar|Leftovers|[from] move: Knock Off|[of] p2a: Leafeon\n|-damage|p2a: Leafeon|16/258|[from] item: Life Orb\n|move|p1a: Malamar|Superpower|p2a: Leafeon\n|-damage|p2a: Leafeon|0 fnt\n|-boost|p1a: Malamar|atk|1\n|-boost|p1a: Malamar|def|1\n|faint|p2a: Leafeon\n|\n|upkeep\n|inactive|Time left: 300 sec this turn | 300 sec total | 5 sec grace\n|\n|t:|1783546546\n|switch|p2a: Victreebel|Victreebel, L90, M|290/290\n|turn|14\n|inactive|Time left: 300 sec this turn | 300 sec total\n|\n|t:|1783546547\n|move|p2a: Victreebel|Sludge Wave|p1a: Malamar\n|-damage|p1a: Malamar|25/100\n|-damage|p2a: Victreebel|261/290|[from] item: Life Orb\n|move|p1a: Malamar|Knock Off|p2a: Victreebel\n|-damage|p2a: Victreebel|0 fnt\n|-enditem|p2a: Victreebel|Life Orb|[from] move: Knock Off|[of] p1a: Malamar\n|faint|p2a: Victreebel\n|\n|upkeep\n|inactive|Time left: 300 sec this turn | 300 sec total | 5 sec grace\n|\n|t:|1783546548\n|switch|p2a: Spectrier|Spectrier, L75|274/274\n|turn|15\n|inactive|Time left: 300 sec this turn | 300 sec total\n|\n|t:|1783546549\n|move|p2a: Spectrier|Shadow Ball|p1a: Malamar\n|-damage|p1a: Malamar|0 fnt\n|faint|p1a: Malamar\n|-ability|p2a: Spectrier|Grim Neigh|boost\n|-boost|p2a: Spectrier|spa|1\n|-damage|p2a: Spectrier|247/274|[from] item: Life Orb\n|\n|upkeep\n|\n|t:|1783546550\n|switch|p1a: Toucannon|Toucannon, L88, M|100/100\n|turn|16\n|inactive|Time left: 300 sec this turn | 300 sec total\n|\n|t:|1783546551\n|move|p2a: Spectrier|Dark Pulse|p1a: Toucannon\n|-damage|p1a: Toucannon|55/100\n|-damage|p2a: Spectrier|220/274|[from] item: Life Orb\n|move|p1a: Toucannon|Knock Off|p2a: Spectrier\n|-supereffective|p2a: Spectrier\n|-damage|p2a: Spectrier|0 fnt\n|-enditem|p2a: Spectrier|Life Orb|[from] move: Knock Off|[of] p1a: Toucannon\n|faint|p2a: Spectrier\n|\n|upkeep\n|inactive|Time left: 300 sec this turn | 300 sec total | 5 sec grace\n|\n|t:|1783546552\n|switch|p2a: Flareon|Flareon, L90, M|263/263\n|turn|17\n|inactive|Time left: 300 sec this turn | 300 sec total\n|\n|t:|1783546553\n|switch|p1a: Mimikyu|Mimikyu, L79, M|100/100\n|move|p2a: Flareon|Flare Blitz|p1a: Mimikyu\n|-activate|p1a: Mimikyu|ability: Disguise\n|-damage|p1a: Mimikyu|100/100\n|detailschange|p1a: Mimikyu|Mimikyu-Busted, L79, M\n|-damage|p1a: Mimikyu|88/100|[from] pokemon: Mimikyu-Busted\n|\n|-status|p2a: Flareon|tox|[from] item: Toxic Orb\n|upkeep\n|turn|18\n|inactive|Time left: 300 sec this turn | 300 sec total\n|\n|t:|1783546554\n|move|p1a: Mimikyu|Drain Punch|p2a: Flareon\n|-damage|p2a: Flareon|190/263 tox\n|-heal|p1a: Mimikyu|100/100|[from] drain|[of] p2a: Flareon\n|-damage|p1a: Mimikyu|91/100|[from] item: Life Orb\n|move|p2a: Flareon|Flare Blitz|p1a: Mimikyu\n|-damage|p1a: Mimikyu|0 fnt\n|faint|p1a: Mimikyu\n|-damage|p2a: Flareon|126/263 tox|[from] Recoil\n|\n|-damage|p2a: Flareon|110/263 tox|[from] psn\n|upkeep\n|\n|t:|1783546555\n|switch|p1a: Honchkrow|Honchkrow, L86, M|100/100\n|turn|19\n|inactive|Time left: 300 sec this turn | 300 sec total\n|\n|t:|1783546556\n|switch|p2a: Vespiquen|Vespiquen, L99, F|299/299\n|-ability|p2a: Vespiquen|Pressure\n|move|p1a: Honchkrow|Brave Bird|p2a: Vespiquen\n|-supereffective|p2a: Vespiquen\n|-damage|p2a: Vespiquen|45/299\n|-damage|p1a: Honchkrow|74/100|[from] Recoil\n|\n|upkeep\n|turn|20\n|inactive|Time left: 300 sec this turn | 300 sec total\n|\n|t:|1783546557\n|-terastallize|p1a: Honchkrow|Dark\n|move|p1a: Honchkrow|Brave Bird|p2a: Vespiquen\n|-supereffective|p2a: Vespiquen\n|-damage|p2a: Vespiquen|0 fnt\n|faint|p2a: Vespiquen\n|-ability|p1a: Honchkrow|Moxie|boost\n|-boost|p1a: Honchkrow|atk|1\n|-damage|p1a: Honchkrow|69/100|[from] Recoil\n|\n|upkeep\n|inactive|Time left: 300 sec this turn | 300 sec total | 5 sec grace\n|\n|t:|1783546558\n|switch|p2a: Flareon|Flareon, L90, M|110/263 tox\n|turn|21\n|inactive|Time left: 300 sec this turn | 300 sec total\n|\n|t:|1783546559\n|move|p1a: Honchkrow|Brave Bird|p2a: Flareon\n|-damage|p2a: Flareon|0 fnt\n|faint|p2a: Flareon\n|-damage|p1a: Honchkrow|57/100|[from] Recoil\n|\n|win|p0x580e863", "uploadtime": 1783546559, "views": 0, "rating": 0, "private": 0, "password": null, "_winner": "p0x580e863", "_our_name": "p0y5809319"}