{"id": "battle-gen9randombattle-1158", "formatid": "gen9randombattle", "format": "[Gen 9] Random Battle", "players": ["p0x115880af", "p0y1158d346"], "log": "|init|battle\n|title|p0x115880af vs. p0y1158d346\n|j|\u2606p0x115880af\n|j|\u2606p0y1158d346\n|t:|1783552550\n|gametype|singles\n|player|p1|p0x115880af|265|\n|player|p2|p0y1158d346|266|\n|gen|9\n|tier|[Gen 9] Random Battle\n|rule|Species Clause: Limit one of each Pok\u00e9mon\n|rule|HP Percentage Mod: HP is shown in percentages\n|rule|Sleep Clause Mod: Limit one foe put to sleep\n|rule|Illusion Level Mod: Illusion disguises the Pok\u00e9mon's true level\n|\n|t:|1783552550\n|teamsize|p1|6\n|teamsize|p2|6\n|start\n|switch|p1a: Venusaur|Venusaur, L84, M|100/100\n|switch|p2a: Uxie|Uxie, L83|260/260\n|turn|1\n|inactive|Battle timer is ON: inactive players will automatically lose when time's up. (requested by p0x115880af)\n|inactive|Time left: 300 sec this turn | 300 sec total | 60 sec grace\n|inactive|p0y1158d346 also wants the timer to be on.\n|\n|t:|1783552552\n|move|p2a: Uxie|Stealth Rock|p1a: Venusaur\n|-sidestart|p1: p0x115880af|move: Stealth Rock\n|move|p1a: Venusaur|Sludge Bomb|p2a: Uxie\n|-damage|p2a: Uxie|190/260\n|-status|p2a: Uxie|psn\n|\n|-heal|p2a: Uxie|206/260 psn|[from] item: Leftovers\n|-damage|p2a: Uxie|174/260 psn|[from] psn\n|upkeep\n|turn|2\n|inactive|Time left: 300 sec this turn | 300 sec total\n|\n|t:|1783552553\n|switch|p2a: Crabominable|Crabominable, L90, M|321/321\n|move|p1a: Venusaur|Leech Seed|p2a: Crabominable\n|-start|p2a: Crabominable|move: Leech Seed\n|\n|-damage|p2a: Crabominable|281/321|[from] Leech Seed|[of] p1a: Venusaur\n|upkeep\n|turn|3\n|inactive|Time left: 300 sec this turn | 300 sec total\n|\n|t:|1783552554\n|move|p1a: Venusaur|Sludge Bomb|p2a: Crabominable\n|-damage|p2a: Crabominable|206/321\n|move|p2a: Crabominable|Ice Hammer|p1a: Venusaur\n|-supereffective|p1a: Venusaur\n|-damage|p1a: Venusaur|0 fnt\n|-unboost|p2a: Crabominable|spe|1\n|faint|p1a: Venusaur\n|\n|upkeep\n|\n|t:|1783552556\n|switch|p1a: Mewtwo|Mewtwo, L72|100/100\n|-damage|p1a: Mewtwo|88/100|[from] Stealth Rock\n|-ability|p1a: Mewtwo|Pressure\n|turn|4\n|inactive|Time left: 300 sec this turn | 300 sec total\n|\n|t:|1783552557\n|switch|p2a: Inteleon|Inteleon, L81, M|246/246\n|move|p1a: Mewtwo|Psystrike|p2a: Inteleon\n|-damage|p2a: Inteleon|63/246\n|-damage|p1a: Mewtwo|78/100|[from] item: Life Orb\n|\n|upkeep\n|turn|5\n|inactive|Time left: 300 sec this turn | 300 sec total\n|\n|t:|1783552558\n|switch|p1a: Phione|Phione, L91|100/100\n|-damage|p1a: Phione|88/100|[from] Stealth Rock\n|move|p2a: Inteleon|Scald|p1a: Phione\n|-resisted|p1a: Phione\n|-damage|p1a: Phione|54/100\n|\n|-heal|p1a: Phione|61/100|[from] item: Leftovers\n|upkeep\n|turn|6\n|inactive|Time left: 300 sec this turn | 300 sec total\n|\n|t:|1783552559\n|move|p2a: Inteleon|Scald|p1a: Phione\n|-resisted|p1a: Phione\n|-damage|p1a: Phione|21/100\n|move|p1a: Phione|Scald|p2a: Inteleon\n|-resisted|p2a: Inteleon\n|-damage|p2a: Inteleon|3/246\n|\n|-heal|p1a: Phione|27/100|[from] item: Leftovers\n|upkeep\n|turn|7\n|inactive|Time left: 300 sec this turn | 300 sec total\n|\n|t:|1783552561\n|move|p2a: Inteleon|Scald|p1a: Phione\n|-resisted|p1a: Phione\n|-damage|p1a: Phione|0 fnt\n|faint|p1a: Phione\n|\n|upkeep\n|\n|t:|1783552562\n|switch|p1a: Persian|Persian-Alola, L86, M|100/100\n|turn|8\n|inactive|Time left: 300 sec this turn | 300 sec total\n|\n|t:|1783552563\n|move|p1a: Persian|Knock Off|p2a: Inteleon\n|-damage|p2a: Inteleon|0 fnt\n|-enditem|p2a: Inteleon|Choice Specs|[from] move: Knock Off|[of] p1a: Persian\n|faint|p2a: Inteleon\n|\n|upkeep\n|inactive|Time left: 300 sec this turn | 300 sec total | 5 sec grace\n|\n|t:|1783552564\n|switch|p2a: Crabominable|Crabominable, L90, M|206/321\n|turn|9\n|inactive|Time left: 300 sec this turn | 300 sec total\n|\n|t:|1783552565\n|move|p1a: Persian|Parting Shot|p2a: Crabominable\n|-unboost|p2a: Crabominable|atk|1\n|-unboost|p2a: Crabominable|spa|1\n|\n|t:|1783552566\n|switch|p1a: Mewtwo|Mewtwo, L72|78/100|[from] Parting Shot\n|-damage|p1a: Mewtwo|66/100|[from] Stealth Rock\n|-ability|p1a: Mewtwo|Pressure\n|move|p2a: Crabominable|Knock Off|p1a: Mewtwo\n|-supereffective|p1a: Mewtwo\n|-damage|p1a: Mewtwo|6/100\n|-enditem|p1a: Mewtwo|Life Orb|[from] move: Knock Off|[of] p2a: Crabominable\n|\n|upkeep\n|turn|10\n|inactive|Time left: 300 sec this turn | 300 sec total\n|\n|t:|1783552567\n|switch|p2a: Stonjourner|Stonjourner, L91, F|330/330\n|move|p1a: Mewtwo|Psystrike|p2a: Stonjourner\n|-damage|p2a: Stonjourner|258/330\n|\n|upkeep\n|turn|11\n|inactive|Time left: 300 sec this turn | 300 sec total\n|\n|t:|1783552569\n|move|p1a: Mewtwo|Aura Sphere|p2a: Stonjourner\n|-supereffective|p2a: Stonjourner\n|-damage|p2a: Stonjourner|8/330\n|move|p2a: Stonjourner|Rock Polish|p2a: Stonjourner\n|-boost|p2a: Stonjourner|spe|2\n|\n|upkeep\n|turn|12\n|inactive|Time left: 300 sec this turn | 300 sec total\n|\n|t:|1783552570\n|move|p2a: Stonjourner|Stone Edge|p1a: Mewtwo\n|-crit|p1a: Mewtwo\n|-damage|p1a: Mewtwo|0 fnt\n|faint|p1a: Mewtwo\n|-damage|p2a: Stonjourner|0 fnt|[from] item: Life Orb\n|faint|p2a: Stonjourner\n|\n|upkeep\n|inactive|Time left: 300 sec this turn | 300 sec total | 5 sec grace\n|\n|t:|1783552571\n|switch|p1a: Sneasler|Sneasler, L74, M|100/100\n|switch|p2a: Crabominable|Crabominable, L90, M|206/321\n|-damage|p1a: Sneasler|94/100|[from] Stealth Rock\n|turn|13\n|inactive|Time left: 300 sec this turn | 300 sec total\n|\n|t:|1783552572\n|-terastallize|p2a: Crabominable|Fighting\n|move|p1a: Sneasler|Close Combat|p2a: Crabominable\n|-damage|p2a: Crabominable|77/321\n|-unboost|p1a: Sneasler|def|1\n|-unboost|p1a: Sneasler|spd|1\n|-enditem|p1a: Sneasler|White Herb\n|-clearnegativeboost|p1a: Sneasler|[silent]\n|move|p2a: Crabominable|Ice Hammer|p1a: Sneasler\n|-damage|p1a: Sneasler|0 fnt\n|-unboost|p2a: Crabominable|spe|1\n|faint|p1a: Sneasler\n|\n|upkeep\n|\n|t:|1783552573\n|switch|p1a: Jolteon|Jolteon, L84, M|100/100\n|-damage|p1a: Jolteon|88/100|[from] Stealth Rock\n|turn|14\n|inactive|Time left: 300 sec this turn | 300 sec total\n|\n|t:|1783552574\n|move|p1a: Jolteon|Thunderbolt|p2a: Crabominable\n|-damage|p2a: Crabominable|0 fnt\n|faint|p2a: Crabominable\n|-damage|p1a: Jolteon|79/100|[from] item: Life Orb\n|\n|upkeep\n|inactive|Time left: 300 sec this turn | 300 sec total | 5 sec grace\n|\n|t:|1783552575\n|switch|p2a: Giratina|Giratina-Origin, L72|335/335\n|turn|15\n|inactive|Time left: 300 sec this turn | 300 sec total\n|\n|t:|1783552576\n|move|p1a: Jolteon|Shadow Ball|p2a: Giratina\n|-supereffective|p2a: Giratina\n|-damage|p2a: Giratina|150/335\n|-unboost|p2a: Giratina|spd|1\n|-damage|p1a: Jolteon|69/100|[from] item: Life Orb\n|move|p2a: Giratina|Poltergeist|p1a: Jolteon\n|-activate|p1a: Jolteon|move: Poltergeist|Life Orb\n|-damage|p1a: Jolteon|7/100\n|\n|upkeep\n|turn|16\n|inactive|Time left: 300 sec this turn | 300 sec total\n|\n|t:|1783552577\n|move|p2a: Giratina|Shadow Sneak|p1a: Jolteon\n|-damage|p1a: Jolteon|0 fnt\n|faint|p1a: Jolteon\n|\n|upkeep\n|\n|t:|1783552578\n|switch|p1a: Persian|Persian-Alola, L86, M|100/100\n|turn|17\n|inactive|Time left: 300 sec this turn | 300 sec total\n|\n|t:|1783552579\n|move|p1a: Persian|Parting Shot|p2a: Giratina\n|-unboost|p2a: Giratina|atk|1\n|-unboost|p2a: Giratina|spa|1\n|move|p2a: Giratina|Draco Meteor|p1a: Persian\n|-damage|p1a: Persian|55/100\n|-unboost|p2a: Giratina|spa|2\n|\n|upkeep\n|turn|18\n|inactive|Time left: 300 sec this turn | 300 sec total\n|\n|t:|1783552580\n|switch|p2a: Delibird|Delibird, F|252/252\n|move|p1a: Persian|Knock Off|p2a: Delibird\n|-damage|p2a: Delibird|141/252\n|-enditem|p2a: Delibird|Heavy-Duty Boots|[from] move: Knock Off|[of] p1a: Persian\n|\n|upkeep\n|turn|19\n|inactive|Time left: 300 sec this turn | 300 sec total\n|\n|t:|1783552580\n|move|p1a: Persian|Parting Shot|p2a: Delibird\n|-unboost|p2a: Delibird|atk|1\n|-unboost|p2a: Delibird|spa|1\n|move|p2a: Delibird|Freeze-Dry|p1a: Persian\n|-damage|p1a: Persian|29/100\n|\n|upkeep\n|turn|20\n|inactive|Time left: 300 sec this turn | 300 sec total\n|\n|t:|1783552582\n|move|p1a: Persian|Thunder Wave|p2a: Delibird\n|-status|p2a: Delibird|par\n|move|p2a: Delibird|Freeze-Dry|p1a: Persian\n|-damage|p1a: Persian|5/100\n|-status|p1a: Persian|frz\n|\n|upkeep\n|turn|21\n|inactive|Time left: 300 sec this turn | 300 sec total\n|\n|t:|1783552583\n|-curestatus|p1a: Persian|frz|[msg]\n|move|p1a: Persian|Taunt|p2a: Delibird\n|-start|p2a: Delibird|move: Taunt\n|move|p2a: Delibird|Freeze-Dry|p1a: Persian\n|-damage|p1a: Persian|0 fnt\n|faint|p1a: Persian\n|\n|win|p0y1158d346", "uploadtime": 1783552583, "views": 0, "rating": 0, "private": 0, "password": null, "_winner": "p0y1158d346", "_our_name": "p0y1158d346"}