{"id": "battle-gen9randombattle-800", "formatid": "gen9randombattle", "format": "[Gen 9] Random Battle", "players": ["p0x8000765", "p0y800dac1"], "log": "|init|battle\n|title|p0x8000765 vs. p0y800dac1\n|j|\u2606p0x8000765\n|j|\u2606p0y800dac1\n|t:|1783548420\n|gametype|singles\n|player|p1|p0x8000765|1|\n|player|p2|p0y800dac1|101|\n|gen|9\n|tier|[Gen 9] Random Battle\n|rule|Species Clause: Limit one of each Pok\u00e9mon\n|rule|HP Percentage Mod: HP is shown in percentages\n|rule|Sleep Clause Mod: Limit one foe put to sleep\n|rule|Illusion Level Mod: Illusion disguises the Pok\u00e9mon's true level\n|\n|t:|1783548420\n|teamsize|p1|6\n|teamsize|p2|6\n|start\n|switch|p1a: Coalossal|Coalossal, L89, F|100/100\n|switch|p2a: Golurk|Golurk, L87|297/297\n|turn|1\n|inactive|Battle timer is ON: inactive players will automatically lose when time's up. (requested by p0x8000765)\n|inactive|Time left: 300 sec this turn | 300 sec total | 60 sec grace\n|inactive|p0y800dac1 also wants the timer to be on.\n|\n|t:|1783548422\n|move|p2a: Golurk|Earthquake|p1a: Coalossal\n|-supereffective|p1a: Coalossal\n|-damage|p1a: Coalossal|0 fnt\n|faint|p1a: Coalossal\n|\n|upkeep\n|\n|t:|1783548423\n|switch|p1a: Roaring Moon|Roaring Moon, L72|100/100\n|-enditem|p1a: Roaring Moon|Booster Energy\n|-activate|p1a: Roaring Moon|ability: Protosynthesis|[fromitem]\n|-start|p1a: Roaring Moon|protosynthesisatk\n|turn|2\n|inactive|Time left: 300 sec this turn | 300 sec total\n|\n|t:|1783548424\n|move|p1a: Roaring Moon|Knock Off|p2a: Golurk\n|-supereffective|p2a: Golurk\n|-damage|p2a: Golurk|3/297\n|-enditem|p2a: Golurk|Choice Band|[from] move: Knock Off|[of] p1a: Roaring Moon\n|move|p2a: Golurk|Earthquake|p1a: Roaring Moon\n|-damage|p1a: Roaring Moon|27/100\n|\n|upkeep\n|turn|3\n|inactive|Time left: 300 sec this turn | 300 sec total\n|\n|t:|1783548426\n|move|p1a: Roaring Moon|Outrage|p2a: Golurk\n|-damage|p2a: Golurk|0 fnt\n|faint|p2a: Golurk\n|\n|upkeep\n|inactive|Time left: 300 sec this turn | 300 sec total | 5 sec grace\n|\n|t:|1783548427\n|switch|p2a: Iron Valiant|Iron Valiant, L78|244/244\n|turn|4\n|inactive|Time left: 300 sec this turn | 300 sec total\n|\n|t:|1783548427\n|move|p2a: Iron Valiant|Calm Mind|p2a: Iron Valiant\n|-boost|p2a: Iron Valiant|spa|1\n|-boost|p2a: Iron Valiant|spd|1\n|move|p1a: Roaring Moon|Outrage|p2a: Iron Valiant|[from] lockedmove\n|-immune|p2a: Iron Valiant\n|-start|p1a: Roaring Moon|confusion|[fatigue]\n|\n|upkeep\n|turn|5\n|inactive|Time left: 300 sec this turn | 300 sec total\n|\n|t:|1783548428\n|move|p2a: Iron Valiant|Moonblast|p1a: Roaring Moon\n|-supereffective|p1a: Roaring Moon\n|-damage|p1a: Roaring Moon|0 fnt\n|faint|p1a: Roaring Moon\n|-end|p1a: Roaring Moon|Protosynthesis|[silent]\n|-damage|p2a: Iron Valiant|220/244|[from] item: Life Orb\n|\n|upkeep\n|\n|t:|1783548429\n|switch|p1a: Whimsicott|Whimsicott, L84, M|100/100\n|turn|6\n|inactive|Time left: 300 sec this turn | 300 sec total\n|\n|t:|1783548431\n|move|p1a: Whimsicott|Moonblast|p2a: Iron Valiant\n|-supereffective|p2a: Iron Valiant\n|-damage|p2a: Iron Valiant|58/244\n|-unboost|p2a: Iron Valiant|spa|1\n|move|p2a: Iron Valiant|Moonblast|p1a: Whimsicott\n|-damage|p1a: Whimsicott|39/100\n|-damage|p2a: Iron Valiant|34/244|[from] item: Life Orb\n|\n|-heal|p1a: Whimsicott|45/100|[from] item: Leftovers\n|upkeep\n|turn|7\n|inactive|Time left: 300 sec this turn | 300 sec total\n|\n|t:|1783548432\n|move|p1a: Whimsicott|Moonblast|p2a: Iron Valiant\n|-supereffective|p2a: Iron Valiant\n|-damage|p2a: Iron Valiant|0 fnt\n|faint|p2a: Iron Valiant\n|-end|p2a: Iron Valiant|Quark Drive|[silent]\n|\n|-heal|p1a: Whimsicott|51/100|[from] item: Leftovers\n|upkeep\n|inactive|Time left: 300 sec this turn | 300 sec total | 5 sec grace\n|\n|t:|1783548433\n|switch|p2a: Virizion|Virizion, L82|283/283\n|turn|8\n|inactive|Time left: 300 sec this turn | 300 sec total\n|\n|t:|1783548434\n|move|p1a: Whimsicott|Moonblast|p2a: Virizion\n|-supereffective|p2a: Virizion\n|-damage|p2a: Virizion|151/283\n|move|p2a: Virizion|Swords Dance|p2a: Virizion\n|-boost|p2a: Virizion|atk|2\n|\n|-heal|p1a: Whimsicott|57/100|[from] item: Leftovers\n|upkeep\n|turn|9\n|inactive|Time left: 300 sec this turn | 300 sec total\n|\n|t:|1783548435\n|move|p1a: Whimsicott|Encore|p2a: Virizion\n|-start|p2a: Virizion|Encore\n|move|p2a: Virizion|Swords Dance|p2a: Virizion\n|-boost|p2a: Virizion|atk|2\n|\n|-heal|p1a: Whimsicott|63/100|[from] item: Leftovers\n|upkeep\n|turn|10\n|inactive|Time left: 300 sec this turn | 300 sec total\n|\n|t:|1783548436\n|move|p1a: Whimsicott|Moonblast|p2a: Virizion\n|-supereffective|p2a: Virizion\n|-damage|p2a: Virizion|29/283\n|move|p2a: Virizion|Swords Dance|p2a: Virizion\n|-boost|p2a: Virizion|atk|2\n|\n|-heal|p1a: Whimsicott|69/100|[from] item: Leftovers\n|upkeep\n|turn|11\n|inactive|Time left: 300 sec this turn | 300 sec total\n|\n|t:|1783548437\n|switch|p1a: Espathra|Espathra, L80, F|100/100\n|switch|p2a: Mesprit|Mesprit, L85|275/275\n|\n|upkeep\n|turn|12\n|inactive|Time left: 300 sec this turn | 300 sec total\n|\n|t:|1783548438\n|move|p1a: Espathra|Lumina Crash|p2a: Mesprit\n|-resisted|p2a: Mesprit\n|-damage|p2a: Mesprit|224/275\n|-unboost|p2a: Mesprit|spd|2\n|move|p2a: Mesprit|Knock Off|p1a: Espathra\n|-supereffective|p1a: Espathra\n|-crit|p1a: Espathra\n|-damage|p1a: Espathra|0 fnt\n|-enditem|p1a: Espathra|Choice Specs|[from] move: Knock Off|[of] p2a: Mesprit\n|faint|p1a: Espathra\n|\n|-heal|p2a: Mesprit|241/275|[from] item: Leftovers\n|upkeep\n|\n|t:|1783548439\n|switch|p1a: Toxicroak|Toxicroak, L84, M|100/100\n|turn|13\n|inactive|Time left: 300 sec this turn | 300 sec total\n|\n|t:|1783548440\n|-terastallize|p1a: Toxicroak|Dark\n|move|p1a: Toxicroak|Knock Off|p2a: Mesprit\n|-supereffective|p2a: Mesprit\n|-damage|p2a: Mesprit|0 fnt\n|-enditem|p2a: Mesprit|Leftovers|[from] move: Knock Off|[of] p1a: Toxicroak\n|faint|p2a: Mesprit\n|\n|upkeep\n|inactive|Time left: 300 sec this turn | 300 sec total | 5 sec grace\n|\n|t:|1783548441\n|switch|p2a: Vigoroth|Vigoroth, L85, F|275/275\n|turn|14\n|inactive|Time left: 300 sec this turn | 300 sec total\n|\n|t:|1783548442\n|move|p2a: Vigoroth|Bulk Up|p2a: Vigoroth\n|-boost|p2a: Vigoroth|atk|1\n|-boost|p2a: Vigoroth|def|1\n|move|p1a: Toxicroak|Knock Off|p2a: Vigoroth\n|-damage|p2a: Vigoroth|197/275\n|-enditem|p2a: Vigoroth|Eviolite|[from] move: Knock Off|[of] p1a: Toxicroak\n|\n|upkeep\n|turn|15\n|inactive|Time left: 300 sec this turn | 300 sec total\n|\n|t:|1783548443\n|switch|p1a: Regice|Regice, L88|100/100\n|move|p2a: Vigoroth|Body Slam|p1a: Regice\n|-damage|p1a: Regice|64/100\n|\n|upkeep\n|turn|16\n|inactive|Time left: 300 sec this turn | 300 sec total\n|\n|t:|1783548444\n|move|p2a: Vigoroth|Body Slam|p1a: Regice\n|-damage|p1a: Regice|28/100\n|-status|p1a: Regice|par\n|move|p1a: Regice|Ice Beam|p2a: Vigoroth\n|-damage|p2a: Vigoroth|41/275\n|\n|upkeep\n|turn|17\n|inactive|Time left: 300 sec this turn | 300 sec total\n|\n|t:|1783548445\n|move|p2a: Vigoroth|Slack Off|p2a: Vigoroth\n|-heal|p2a: Vigoroth|179/275\n|move|p1a: Regice|Ice Beam|p2a: Vigoroth\n|-damage|p2a: Vigoroth|23/275\n|\n|upkeep\n|turn|18\n|inactive|Time left: 300 sec this turn | 300 sec total\n|\n|t:|1783548446\n|move|p2a: Vigoroth|Slack Off|p2a: Vigoroth\n|-heal|p2a: Vigoroth|161/275\n|cant|p1a: Regice|par\n|\n|upkeep\n|turn|19\n|inactive|Time left: 300 sec this turn | 300 sec total\n|\n|t:|1783548447\n|move|p2a: Vigoroth|Body Slam|p1a: Regice\n|-damage|p1a: Regice|0 fnt\n|faint|p1a: Regice\n|\n|upkeep\n|\n|t:|1783548448\n|switch|p1a: Whimsicott|Whimsicott, L84, M|69/100\n|turn|20\n|inactive|Time left: 300 sec this turn | 300 sec total\n|\n|t:|1783548448\n|move|p1a: Whimsicott|Moonblast|p2a: Vigoroth\n|-damage|p2a: Vigoroth|53/275\n|-unboost|p2a: Vigoroth|spa|1\n|move|p2a: Vigoroth|Body Slam|p1a: Whimsicott\n|-crit|p1a: Whimsicott\n|-damage|p1a: Whimsicott|0 fnt\n|faint|p1a: Whimsicott\n|\n|upkeep\n|\n|t:|1783548449\n|switch|p1a: Toxicroak|Toxicroak, L84, M, tera:Dark|100/100\n|turn|21\n|inactive|Time left: 300 sec this turn | 300 sec total\n|\n|t:|1783548450\n|-terastallize|p2a: Vigoroth|Ground\n|move|p1a: Toxicroak|Sucker Punch|p2a: Vigoroth\n|-damage|p2a: Vigoroth|0 fnt\n|faint|p2a: Vigoroth\n|\n|upkeep\n|inactive|Time left: 300 sec this turn | 300 sec total | 5 sec grace\n|\n|t:|1783548451\n|switch|p2a: Minun|Minun, L95, F|268/268\n|turn|22\n|inactive|Time left: 300 sec this turn | 300 sec total\n|\n|t:|1783548451\n|move|p1a: Toxicroak|Sucker Punch||[still]\n|-fail|p1a: Toxicroak\n|move|p2a: Minun|Nasty Plot|p2a: Minun\n|-boost|p2a: Minun|spa|2\n|\n|upkeep\n|turn|23\n|inactive|Time left: 300 sec this turn | 300 sec total\n|\n|t:|1783548452\n|move|p1a: Toxicroak|Sucker Punch|p2a: Minun\n|-damage|p2a: Minun|111/268\n|move|p2a: Minun|Alluring Voice|p1a: Toxicroak\n|-supereffective|p1a: Toxicroak\n|-damage|p1a: Toxicroak|0 fnt\n|faint|p1a: Toxicroak\n|-damage|p2a: Minun|85/268|[from] item: Life Orb\n|\n|win|p0y800dac1", "uploadtime": 1783548452, "views": 0, "rating": 0, "private": 0, "password": null, "_winner": "p0y800dac1", "_our_name": "p0y800dac1"}