{"id": "battle-gen9randombattle-1629", "formatid": "gen9randombattle", "format": "[Gen 9] Random Battle", "players": ["p0x1629b063", "p0y1629bcef"], "log": "|init|battle\n|title|p0x1629b063 vs. p0y1629bcef\n|j|\u2606p0x1629b063\n|j|\u2606p0y1629bcef\n|t:|1783558838\n|gametype|singles\n|player|p1|p0x1629b063|102|\n|player|p2|p0y1629bcef|266|\n|gen|9\n|tier|[Gen 9] Random Battle\n|rule|Species Clause: Limit one of each Pok\u00e9mon\n|rule|HP Percentage Mod: HP is shown in percentages\n|rule|Sleep Clause Mod: Limit one foe put to sleep\n|rule|Illusion Level Mod: Illusion disguises the Pok\u00e9mon's true level\n|\n|t:|1783558838\n|teamsize|p1|6\n|teamsize|p2|6\n|start\n|switch|p1a: Maushold|Maushold-Four, L76|100/100\n|switch|p2a: Ursaluna|Ursaluna, L79, M|335/335\n|turn|1\n|inactive|Battle timer is ON: inactive players will automatically lose when time's up. (requested by p0y1629bcef)\n|inactive|p0x1629b063 also wants the timer to be on.\n|\n|t:|1783558839\n|move|p1a: Maushold|Population Bomb|p2a: Ursaluna\n|-damage|p2a: Ursaluna|316/335\n|-damage|p2a: Ursaluna|295/335\n|-damage|p2a: Ursaluna|273/335\n|-damage|p2a: Ursaluna|249/335\n|-damage|p2a: Ursaluna|227/335\n|-damage|p2a: Ursaluna|206/335\n|-damage|p2a: Ursaluna|184/335\n|-damage|p2a: Ursaluna|165/335\n|-damage|p2a: Ursaluna|144/335\n|-damage|p2a: Ursaluna|120/335\n|-hitcount|p2a: Ursaluna|10\n|move|p2a: Ursaluna|Headlong Rush|p1a: Maushold\n|-damage|p1a: Maushold|13/100\n|-unboost|p2a: Ursaluna|def|1\n|-unboost|p2a: Ursaluna|spd|1\n|\n|-status|p2a: Ursaluna|brn|[from] item: Flame Orb\n|upkeep\n|turn|2\n|inactive|Time left: 300 sec this turn | 300 sec total\n|\n|t:|1783558840\n|switch|p2a: Sandaconda|Sandaconda, L84, M|258/258\n|move|p1a: Maushold|Population Bomb|p2a: Sandaconda\n|-damage|p2a: Sandaconda|240/258\n|-hitcount|p2a: Sandaconda|1\n|\n|upkeep\n|turn|3\n|inactive|Time left: 300 sec this turn | 300 sec total\n|\n|t:|1783558841\n|move|p1a: Maushold|Population Bomb|p2a: Sandaconda\n|-damage|p2a: Sandaconda|222/258\n|-crit|p2a: Sandaconda\n|-damage|p2a: Sandaconda|198/258\n|-damage|p2a: Sandaconda|179/258\n|-hitcount|p2a: Sandaconda|3\n|move|p2a: Sandaconda|Earthquake|p1a: Maushold\n|-damage|p1a: Maushold|0 fnt\n|faint|p1a: Maushold\n|\n|upkeep\n|\n|t:|1783558842\n|switch|p1a: Torterra|Torterra, L78, M|100/100\n|turn|4\n|inactive|Time left: 300 sec this turn | 300 sec total\n|\n|t:|1783558843\n|move|p2a: Sandaconda|Coil|p2a: Sandaconda\n|-boost|p2a: Sandaconda|atk|1\n|-boost|p2a: Sandaconda|def|1\n|-boost|p2a: Sandaconda|accuracy|1\n|move|p1a: Torterra|Shell Smash|p1a: Torterra\n|-unboost|p1a: Torterra|def|1\n|-unboost|p1a: Torterra|spd|1\n|-boost|p1a: Torterra|atk|2\n|-boost|p1a: Torterra|spa|2\n|-boost|p1a: Torterra|spe|2\n|\n|upkeep\n|turn|5\n|inactive|Time left: 300 sec this turn | 300 sec total\n|\n|t:|1783558844\n|-terastallize|p2a: Sandaconda|Dragon\n|move|p1a: Torterra|Bullet Seed|p2a: Sandaconda\n|-resisted|p2a: Sandaconda\n|-damage|p2a: Sandaconda|167/258\n|-resisted|p2a: Sandaconda\n|-damage|p2a: Sandaconda|153/258\n|-resisted|p2a: Sandaconda\n|-damage|p2a: Sandaconda|141/258\n|-resisted|p2a: Sandaconda\n|-damage|p2a: Sandaconda|128/258\n|-hitcount|p2a: Sandaconda|4\n|move|p2a: Sandaconda|Scale Shot|p1a: Torterra\n|-damage|p1a: Torterra|79/100\n|-damage|p1a: Torterra|58/100\n|-crit|p1a: Torterra\n|-damage|p1a: Torterra|24/100\n|-damage|p1a: Torterra|3/100\n|-damage|p1a: Torterra|0 fnt\n|faint|p1a: Torterra\n|-hitcount|p1: Torterra|5\n|-unboost|p2a: Sandaconda|def|1\n|-boost|p2a: Sandaconda|spe|1\n|\n|upkeep\n|\n|t:|1783558845\n|switch|p1a: Florges|Florges-White, L85, F|100/100\n|turn|6\n|inactive|Time left: 300 sec this turn | 300 sec total\n|\n|t:|1783558846\n|move|p2a: Sandaconda|Earthquake|p1a: Florges\n|-damage|p1a: Florges|23/100\n|move|p1a: Florges|Moonblast|p2a: Sandaconda\n|-supereffective|p2a: Sandaconda\n|-damage|p2a: Sandaconda|0 fnt\n|faint|p2a: Sandaconda\n|\n|-heal|p1a: Florges|29/100|[from] item: Leftovers\n|upkeep\n|inactive|Time left: 300 sec this turn | 300 sec total | 5 sec grace\n|\n|t:|1783558847\n|switch|p2a: Ariados|Ariados, L95, F|287/287\n|turn|7\n|inactive|Time left: 300 sec this turn | 300 sec total\n|\n|t:|1783558848\n|switch|p1a: Magcargo|Magcargo, L95, M|100/100\n|move|p2a: Ariados|Sticky Web|p1a: Magcargo\n|-sidestart|p1: p0x1629b063|move: Sticky Web\n|\n|upkeep\n|turn|8\n|inactive|Time left: 300 sec this turn | 300 sec total\n|\n|t:|1783558849\n|switch|p2a: Darkrai|Darkrai, L77|234/234\n|move|p1a: Magcargo|Lava Plume|p2a: Darkrai\n|-damage|p2a: Darkrai|125/234\n|-status|p2a: Darkrai|brn\n|\n|-damage|p2a: Darkrai|111/234 brn|[from] brn\n|upkeep\n|turn|9\n|inactive|Time left: 300 sec this turn | 300 sec total\n|\n|t:|1783558850\n|move|p2a: Darkrai|Focus Blast|p1a: Magcargo\n|-supereffective|p1a: Magcargo\n|-damage|p1a: Magcargo|10/100\n|-damage|p2a: Darkrai|88/234 brn|[from] item: Life Orb\n|move|p1a: Magcargo|Lava Plume|p2a: Darkrai\n|-damage|p2a: Darkrai|0 fnt\n|faint|p2a: Darkrai\n|\n|upkeep\n|inactive|Time left: 300 sec this turn | 300 sec total | 5 sec grace\n|\n|t:|1783558851\n|switch|p2a: Vivillon|Vivillon-Garden, L83, M|268/268\n|turn|10\n|inactive|Time left: 300 sec this turn | 300 sec total\n|\n|t:|1783558852\n|move|p2a: Vivillon|Hurricane|p1a: Magcargo\n|-resisted|p1a: Magcargo\n|-damage|p1a: Magcargo|0 fnt\n|faint|p1a: Magcargo\n|\n|upkeep\n|\n|t:|1783558853\n|switch|p1a: Torkoal|Torkoal, L88, F|100/100\n|-weather|SunnyDay|[from] ability: Drought|[of] p1a: Torkoal\n|turn|11\n|inactive|Time left: 300 sec this turn | 300 sec total\n|\n|t:|1783558854\n|-terastallize|p1a: Torkoal|Grass\n|move|p2a: Vivillon|Sleep Powder|p1a: Torkoal\n|-immune|p1a: Torkoal\n|move|p1a: Torkoal|Lava Plume|p2a: Vivillon\n|-supereffective|p2a: Vivillon\n|-damage|p2a: Vivillon|0 fnt\n|faint|p2a: Vivillon\n|\n|-weather|SunnyDay|[upkeep]\n|upkeep\n|inactive|Time left: 300 sec this turn | 300 sec total | 5 sec grace\n|\n|t:|1783558855\n|switch|p2a: Cinderace|Cinderace, L77, M|250/250\n|turn|12\n|inactive|Time left: 300 sec this turn | 300 sec total\n|\n|t:|1783558856\n|move|p2a: Cinderace|Pyro Ball|p1a: Torkoal\n|-supereffective|p1a: Torkoal\n|-damage|p1a: Torkoal|12/100\n|move|p1a: Torkoal|Rapid Spin|p2a: Cinderace\n|-damage|p2a: Cinderace|206/250\n|-boost|p1a: Torkoal|spe|1\n|-sideend|p1: p0x1629b063|Sticky Web|[from] move: Rapid Spin|[of] p1a: Torkoal\n|\n|-weather|SunnyDay|[upkeep]\n|upkeep\n|turn|13\n|inactive|Time left: 300 sec this turn | 300 sec total\n|\n|t:|1783558857\n|move|p2a: Cinderace|Pyro Ball|p1a: Torkoal|[miss]\n|-miss|p2a: Cinderace|p1a: Torkoal\n|move|p1a: Torkoal|Rapid Spin|p2a: Cinderace\n|-damage|p2a: Cinderace|165/250\n|-boost|p1a: Torkoal|spe|1\n|\n|-weather|SunnyDay|[upkeep]\n|upkeep\n|turn|14\n|inactive|Time left: 300 sec this turn | 300 sec total\n|\n|t:|1783558858\n|move|p2a: Cinderace|Pyro Ball|p1a: Torkoal\n|-supereffective|p1a: Torkoal\n|-damage|p1a: Torkoal|0 fnt\n|faint|p1a: Torkoal\n|\n|-weather|SunnyDay|[upkeep]\n|upkeep\n|\n|t:|1783558859\n|switch|p1a: Florges|Florges-White, L85, F|29/100\n|turn|15\n|inactive|Time left: 300 sec this turn | 300 sec total\n|\n|t:|1783558860\n|move|p2a: Cinderace|Pyro Ball|p1a: Florges|[miss]\n|-miss|p2a: Cinderace|p1a: Florges\n|move|p1a: Florges|Synthesis|p1a: Florges\n|-heal|p1a: Florges|95/100\n|\n|-weather|none\n|-heal|p1a: Florges|100/100|[from] item: Leftovers\n|upkeep\n|turn|16\n|inactive|Time left: 300 sec this turn | 300 sec total\n|\n|t:|1783558861\n|move|p2a: Cinderace|Pyro Ball|p1a: Florges\n|-crit|p1a: Florges\n|-damage|p1a: Florges|20/100\n|move|p1a: Florges|Moonblast|p2a: Cinderace\n|-resisted|p2a: Cinderace\n|-damage|p2a: Cinderace|95/250\n|-unboost|p2a: Cinderace|spa|1\n|\n|-heal|p1a: Florges|26/100|[from] item: Leftovers\n|upkeep\n|turn|17\n|inactive|Time left: 300 sec this turn | 300 sec total\n|\n|t:|1783558862\n|move|p2a: Cinderace|Pyro Ball|p1a: Florges|[miss]\n|-miss|p2a: Cinderace|p1a: Florges\n|move|p1a: Florges|Synthesis|p1a: Florges\n|-heal|p1a: Florges|75/100\n|\n|-heal|p1a: Florges|81/100|[from] item: Leftovers\n|upkeep\n|turn|18\n|inactive|Time left: 300 sec this turn | 300 sec total\n|\n|t:|1783558862\n|switch|p2a: Ariados|Ariados, L95, F|287/287\n|move|p1a: Florges|Tera Blast|p2a: Ariados\n|-damage|p2a: Ariados|213/287\n|\n|-heal|p1a: Florges|87/100|[from] item: Leftovers\n|upkeep\n|turn|19\n|inactive|Time left: 300 sec this turn | 300 sec total\n|\n|t:|1783558864\n|move|p1a: Florges|Tera Blast|p2a: Ariados\n|-damage|p2a: Ariados|145/287\n|move|p2a: Ariados|Poison Jab|p1a: Florges\n|-supereffective|p1a: Florges\n|-damage|p1a: Florges|1/100\n|\n|-heal|p1a: Florges|7/100|[from] item: Leftovers\n|upkeep\n|turn|20\n|inactive|Time left: 300 sec this turn | 300 sec total\n|\n|t:|1783558865\n|move|p1a: Florges|Tera Blast|p2a: Ariados\n|-crit|p2a: Ariados\n|-damage|p2a: Ariados|50/287\n|move|p2a: Ariados|Poison Jab|p1a: Florges\n|-supereffective|p1a: Florges\n|-damage|p1a: Florges|0 fnt\n|faint|p1a: Florges\n|\n|upkeep\n|\n|t:|1783558866\n|switch|p1a: Gogoat|Gogoat, L88, F|100/100\n|turn|21\n|inactive|Time left: 300 sec this turn | 300 sec total\n|\n|t:|1783558866\n|move|p1a: Gogoat|Earthquake|p2a: Ariados\n|-crit|p2a: Ariados\n|-damage|p2a: Ariados|0 fnt\n|faint|p2a: Ariados\n|\n|upkeep\n|inactive|Time left: 300 sec this turn | 300 sec total | 5 sec grace\n|\n|t:|1783558867\n|switch|p2a: Cinderace|Cinderace, L77, M|95/250\n|turn|22\n|inactive|Time left: 300 sec this turn | 300 sec total\n|\n|t:|1783558868\n|move|p2a: Cinderace|U-turn|p1a: Gogoat\n|-start|p2a: Cinderace|typechange|Bug|[from] ability: Libero\n|-supereffective|p1a: Gogoat\n|-damage|p1a: Gogoat|52/100\n|inactive|Time left: 300 sec this turn | 300 sec total | 5 sec grace\n|\n|t:|1783558869\n|switch|p2a: Ursaluna|Ursaluna, L79, M|120/335 brn|[from] U-turn\n|move|p1a: Gogoat|Earthquake|p2a: Ursaluna\n|-damage|p2a: Ursaluna|43/335 brn\n|\n|-heal|p1a: Gogoat|58/100|[from] item: Leftovers\n|-damage|p2a: Ursaluna|23/335 brn|[from] brn\n|upkeep\n|turn|23\n|inactive|Time left: 300 sec this turn | 300 sec total\n|\n|t:|1783558870\n|move|p1a: Gogoat|Horn Leech|p2a: Ursaluna\n|-supereffective|p2a: Ursaluna\n|-damage|p2a: Ursaluna|0 fnt\n|-heal|p1a: Gogoat|62/100|[from] drain|[of] p2a: Ursaluna\n|faint|p2a: Ursaluna\n|\n|-heal|p1a: Gogoat|68/100|[from] item: Leftovers\n|upkeep\n|inactive|Time left: 300 sec this turn | 300 sec total | 5 sec grace\n|\n|t:|1783558870\n|switch|p2a: Cinderace|Cinderace, L77, M|95/250\n|turn|24\n|inactive|Time left: 300 sec this turn | 300 sec total\n|\n|t:|1783558871\n|move|p2a: Cinderace|Pyro Ball|p1a: Gogoat\n|-supereffective|p1a: Gogoat\n|-damage|p1a: Gogoat|0 fnt\n|faint|p1a: Gogoat\n|\n|win|p0y1629bcef", "uploadtime": 1783558871, "views": 0, "rating": 0, "private": 0, "password": null, "_winner": "p0y1629bcef", "_our_name": "p0y1629bcef"}