{"id": "battle-gen9randombattle-1072", "formatid": "gen9randombattle", "format": "[Gen 9] Random Battle", "players": ["p0x1072f06f", "p0y10726240"], "log": "|init|battle\n|title|p0x1072f06f vs. p0y10726240\n|j|\u2606p0x1072f06f\n|j|\u2606p0y10726240\n|t:|1783552320\n|gametype|singles\n|player|p1|p0x1072f06f|170|\n|player|p2|p0y10726240|102|\n|gen|9\n|tier|[Gen 9] Random Battle\n|rule|Species Clause: Limit one of each Pok\u00e9mon\n|rule|HP Percentage Mod: HP is shown in percentages\n|rule|Sleep Clause Mod: Limit one foe put to sleep\n|rule|Illusion Level Mod: Illusion disguises the Pok\u00e9mon's true level\n|\n|t:|1783552320\n|teamsize|p1|6\n|teamsize|p2|6\n|start\n|switch|p1a: Blastoise|Blastoise, L80, F|100/100\n|switch|p2a: Porygon2|Porygon2, L81|270/270\n|-ability|p2a: Porygon2|Download|boost\n|-boost|p2a: Porygon2|atk|1\n|turn|1\n|inactive|Battle timer is ON: inactive players will automatically lose when time's up. (requested by p0y10726240)\n|inactive|p0x1072f06f also wants the timer to be on.\n|\n|t:|1783552321\n|move|p1a: Blastoise|Shell Smash|p1a: Blastoise\n|-unboost|p1a: Blastoise|def|1\n|-unboost|p1a: Blastoise|spd|1\n|-boost|p1a: Blastoise|atk|2\n|-boost|p1a: Blastoise|spa|2\n|-boost|p1a: Blastoise|spe|2\n|-enditem|p1a: Blastoise|White Herb\n|-clearnegativeboost|p1a: Blastoise|[silent]\n|move|p2a: Porygon2|Tera Blast|p1a: Blastoise\n|-crit|p1a: Blastoise\n|-damage|p1a: Blastoise|54/100\n|\n|upkeep\n|turn|2\n|inactive|Time left: 300 sec this turn | 300 sec total\n|\n|t:|1783552323\n|move|p1a: Blastoise|Hydro Pump|p2a: Porygon2\n|-damage|p2a: Porygon2|149/270\n|move|p2a: Porygon2|Shadow Ball|p1a: Blastoise\n|-damage|p1a: Blastoise|34/100\n|-unboost|p1a: Blastoise|spd|1\n|\n|upkeep\n|turn|3\n|inactive|Time left: 300 sec this turn | 300 sec total\n|\n|t:|1783552324\n|move|p1a: Blastoise|Hydro Pump|p2a: Porygon2\n|-damage|p2a: Porygon2|23/270\n|move|p2a: Porygon2|Tera Blast|p1a: Blastoise\n|-damage|p1a: Blastoise|0 fnt\n|faint|p1a: Blastoise\n|\n|upkeep\n|\n|t:|1783552325\n|switch|p1a: Munkidori|Munkidori, L79, M|100/100\n|turn|4\n|inactive|Time left: 300 sec this turn | 300 sec total\n|\n|t:|1783552326\n|move|p1a: Munkidori|Sludge Wave|p2a: Porygon2\n|-crit|p2a: Porygon2\n|-damage|p2a: Porygon2|0 fnt\n|faint|p2a: Porygon2\n|\n|upkeep\n|inactive|Time left: 300 sec this turn | 300 sec total | 5 sec grace\n|\n|t:|1783552327\n|switch|p2a: Ting-Lu|Ting-Lu, L78|370/370\n|-ability|p2a: Ting-Lu|Vessel of Ruin\n|turn|5\n|inactive|Time left: 300 sec this turn | 300 sec total\n|\n|t:|1783552329\n|switch|p1a: Whiscash|Whiscash, L88, M|100/100\n|move|p2a: Ting-Lu|Earthquake|p1a: Whiscash\n|-damage|p1a: Whiscash|68/100\n|\n|-heal|p1a: Whiscash|74/100|[from] item: Leftovers\n|upkeep\n|turn|6\n|inactive|Time left: 300 sec this turn | 300 sec total\n|\n|t:|1783552330\n|move|p1a: Whiscash|Hydro Pump|p2a: Ting-Lu|[miss]\n|-miss|p1a: Whiscash|p2a: Ting-Lu\n|move|p2a: Ting-Lu|Earthquake|p1a: Whiscash\n|-damage|p1a: Whiscash|38/100\n|\n|-heal|p1a: Whiscash|44/100|[from] item: Leftovers\n|upkeep\n|turn|7\n|inactive|Time left: 300 sec this turn | 300 sec total\n|\n|t:|1783552331\n|move|p1a: Whiscash|Hydro Pump|p2a: Ting-Lu\n|-supereffective|p2a: Ting-Lu\n|-damage|p2a: Ting-Lu|188/370\n|move|p2a: Ting-Lu|Earthquake|p1a: Whiscash\n|-damage|p1a: Whiscash|9/100\n|\n|-heal|p1a: Whiscash|16/100|[from] item: Leftovers\n|-heal|p2a: Ting-Lu|211/370|[from] item: Leftovers\n|upkeep\n|turn|8\n|inactive|Time left: 300 sec this turn | 300 sec total\n|\n|t:|1783552332\n|move|p1a: Whiscash|Hydro Pump|p2a: Ting-Lu|[miss]\n|-miss|p1a: Whiscash|p2a: Ting-Lu\n|move|p2a: Ting-Lu|Throat Chop|p1a: Whiscash\n|-damage|p1a: Whiscash|0 fnt\n|faint|p1a: Whiscash\n|\n|-heal|p2a: Ting-Lu|234/370|[from] item: Leftovers\n|upkeep\n|\n|t:|1783552333\n|switch|p1a: Haxorus|Haxorus, L77, F|100/100\n|-ability|p1a: Haxorus|Mold Breaker\n|turn|9\n|inactive|Time left: 300 sec this turn | 300 sec total\n|\n|t:|1783552334\n|move|p1a: Haxorus|Outrage|p2a: Ting-Lu\n|-damage|p2a: Ting-Lu|114/370\n|move|p2a: Ting-Lu|Earthquake|p1a: Haxorus\n|-damage|p1a: Haxorus|56/100\n|\n|-heal|p2a: Ting-Lu|137/370|[from] item: Leftovers\n|upkeep\n|turn|10\n|inactive|Time left: 300 sec this turn | 300 sec total\n|\n|t:|1783552335\n|move|p1a: Haxorus|Outrage|p2a: Ting-Lu|[from] lockedmove\n|-damage|p2a: Ting-Lu|17/370\n|-start|p1a: Haxorus|confusion|[fatigue]\n|-enditem|p1a: Haxorus|Lum Berry|[eat]\n|-end|p1a: Haxorus|confusion\n|move|p2a: Ting-Lu|Earthquake|p1a: Haxorus\n|-damage|p1a: Haxorus|14/100\n|\n|-heal|p2a: Ting-Lu|40/370|[from] item: Leftovers\n|upkeep\n|turn|11\n|inactive|Time left: 300 sec this turn | 300 sec total\n|\n|t:|1783552337\n|switch|p2a: Alomomola|Alomomola, L87, M|429/429\n|move|p1a: Haxorus|Outrage|p2a: Alomomola\n|-damage|p2a: Alomomola|287/429\n|\n|-heal|p2a: Alomomola|313/429|[from] item: Leftovers\n|upkeep\n|turn|12\n|inactive|Time left: 300 sec this turn | 300 sec total\n|\n|t:|1783552338\n|move|p1a: Haxorus|Outrage|p2a: Alomomola|[from] lockedmove\n|-damage|p2a: Alomomola|154/429\n|move|p2a: Alomomola|Wish|p2a: Alomomola\n|\n|-heal|p2a: Alomomola|180/429|[from] item: Leftovers\n|upkeep\n|turn|13\n|inactive|Time left: 300 sec this turn | 300 sec total\n|\n|t:|1783552339\n|switch|p2a: Porygon-Z|Porygon-Z, L83|277/277\n|-ability|p2a: Porygon-Z|Download|boost\n|-boost|p2a: Porygon-Z|spa|1\n|move|p1a: Haxorus|Outrage|p2a: Porygon-Z|[from] lockedmove\n|-damage|p2a: Porygon-Z|109/277\n|-start|p1a: Haxorus|confusion|[fatigue]\n|\n|-heal|p2a: Porygon-Z|277/277|[from] move: Wish|[wisher] Alomomola\n|upkeep\n|turn|14\n|inactive|Time left: 300 sec this turn | 300 sec total\n|\n|t:|1783552340\n|move|p2a: Porygon-Z|Shadow Ball|p1a: Haxorus\n|-damage|p1a: Haxorus|0 fnt\n|faint|p1a: Haxorus\n|-damage|p2a: Porygon-Z|250/277|[from] item: Life Orb\n|\n|upkeep\n|\n|t:|1783552341\n|switch|p1a: Munkidori|Munkidori, L79, M|100/100\n|turn|15\n|inactive|Time left: 300 sec this turn | 300 sec total\n|\n|t:|1783552342\n|-terastallize|p1a: Munkidori|Poison\n|move|p1a: Munkidori|Sludge Wave|p2a: Porygon-Z\n|-damage|p2a: Porygon-Z|0 fnt\n|faint|p2a: Porygon-Z\n|\n|upkeep\n|inactive|Time left: 300 sec this turn | 300 sec total | 5 sec grace\n|\n|t:|1783552343\n|switch|p2a: Munkidori|Munkidori, L79, M|269/269\n|turn|16\n|inactive|Time left: 300 sec this turn | 300 sec total\n|\n|t:|1783552344\n|switch|p1a: Scizor|Scizor, L79, F|100/100\n|move|p2a: Munkidori|Psyshock|p1a: Scizor\n|-resisted|p1a: Scizor\n|-damage|p1a: Scizor|75/100\n|-damage|p2a: Munkidori|243/269|[from] item: Life Orb\n|\n|-heal|p1a: Scizor|82/100|[from] item: Leftovers\n|upkeep\n|turn|17\n|inactive|Time left: 300 sec this turn | 300 sec total\n|\n|t:|1783552345\n|switch|p2a: Alomomola|Alomomola, L87, M|323/429\n|move|p1a: Scizor|Knock Off|p2a: Alomomola\n|-damage|p2a: Alomomola|243/429\n|-enditem|p2a: Alomomola|Leftovers|[from] move: Knock Off|[of] p1a: Scizor\n|\n|-heal|p1a: Scizor|88/100|[from] item: Leftovers\n|upkeep\n|turn|18\n|inactive|Time left: 300 sec this turn | 300 sec total\n|\n|t:|1783552346\n|move|p2a: Alomomola|Flip Turn|p1a: Scizor\n|-damage|p1a: Scizor|63/100\n|inactive|Time left: 300 sec this turn | 300 sec total | 5 sec grace\n|\n|t:|1783552347\n|switch|p2a: Hitmonlee|Hitmonlee, L85, M|223/223|[from] Flip Turn\n|move|p1a: Scizor|U-turn|p2a: Hitmonlee\n|-resisted|p2a: Hitmonlee\n|-damage|p2a: Hitmonlee|169/223\n|\n|t:|1783552347\n|switch|p1a: Munkidori|Munkidori, L79, M, tera:Poison|100/100|[from] U-turn\n|\n|upkeep\n|turn|19\n|inactive|Time left: 300 sec this turn | 300 sec total\n|\n|t:|1783552348\n|switch|p2a: Ting-Lu|Ting-Lu, L78|40/370\n|-ability|p2a: Ting-Lu|Vessel of Ruin\n|move|p1a: Munkidori|Sludge Wave|p2a: Ting-Lu\n|-resisted|p2a: Ting-Lu\n|-damage|p2a: Ting-Lu|0 fnt\n|faint|p2a: Ting-Lu\n|\n|upkeep\n|inactive|Time left: 300 sec this turn | 300 sec total | 5 sec grace\n|\n|t:|1783552349\n|switch|p2a: Munkidori|Munkidori, L79, M|243/269\n|turn|20\n|inactive|Time left: 300 sec this turn | 300 sec total\n|\n|t:|1783552350\n|switch|p1a: Scizor|Scizor, L79, F|63/100\n|move|p2a: Munkidori|Psyshock|p1a: Scizor\n|-resisted|p1a: Scizor\n|-damage|p1a: Scizor|40/100\n|-damage|p2a: Munkidori|217/269|[from] item: Life Orb\n|\n|-heal|p1a: Scizor|46/100|[from] item: Leftovers\n|upkeep\n|turn|21\n|inactive|Time left: 300 sec this turn | 300 sec total\n|\n|t:|1783552351\n|move|p2a: Munkidori|Focus Blast|p1a: Scizor\n|-damage|p1a: Scizor|0 fnt\n|faint|p1a: Scizor\n|-damage|p2a: Munkidori|191/269|[from] item: Life Orb\n|\n|upkeep\n|\n|t:|1783552352\n|switch|p1a: Mewtwo|Mewtwo, L72|100/100\n|-ability|p1a: Mewtwo|Unnerve\n|turn|22\n|inactive|Time left: 300 sec this turn | 300 sec total\n|\n|t:|1783552353\n|move|p1a: Mewtwo|Psystrike|p2a: Munkidori\n|-damage|p2a: Munkidori|0 fnt\n|faint|p2a: Munkidori\n|-damage|p1a: Mewtwo|91/100|[from] item: Life Orb\n|\n|upkeep\n|inactive|Time left: 300 sec this turn | 300 sec total | 5 sec grace\n|\n|t:|1783552354\n|switch|p2a: Alomomola|Alomomola, L87, M|386/429\n|turn|23\n|inactive|Time left: 300 sec this turn | 300 sec total\n|\n|t:|1783552355\n|move|p1a: Mewtwo|Nasty Plot|p1a: Mewtwo\n|-boost|p1a: Mewtwo|spa|2\n|move|p2a: Alomomola|Flip Turn|p1a: Mewtwo\n|-damage|p1a: Mewtwo|69/100\n|inactive|Time left: 300 sec this turn | 300 sec total | 5 sec grace\n|\n|t:|1783552356\n|switch|p2a: Hitmonlee|Hitmonlee, L85, M|169/223|[from] Flip Turn\n|\n|upkeep\n|turn|24\n|inactive|Time left: 300 sec this turn | 300 sec total\n|\n|t:|1783552357\n|move|p2a: Hitmonlee|Knock Off|p1a: Mewtwo\n|-supereffective|p1a: Mewtwo\n|-damage|p1a: Mewtwo|0 fnt\n|-enditem|p1a: Mewtwo|Life Orb|[from] move: Knock Off|[of] p2a: Hitmonlee\n|faint|p1a: Mewtwo\n|\n|upkeep\n|\n|t:|1783552358\n|switch|p1a: Munkidori|Munkidori, L79, M, tera:Poison|100/100\n|turn|25\n|inactive|Time left: 300 sec this turn | 300 sec total\n|\n|t:|1783552359\n|move|p2a: Hitmonlee|Knock Off|p1a: Munkidori\n|-damage|p1a: Munkidori|57/100\n|-enditem|p1a: Munkidori|Choice Specs|[from] move: Knock Off|[of] p2a: Hitmonlee\n|move|p1a: Munkidori|Psyshock|p2a: Hitmonlee\n|-supereffective|p2a: Hitmonlee\n|-damage|p2a: Hitmonlee|0 fnt\n|faint|p2a: Hitmonlee\n|\n|upkeep\n|inactive|Time left: 300 sec this turn | 300 sec total | 5 sec grace\n|\n|t:|1783552360\n|switch|p2a: Alomomola|Alomomola, L87, M|429/429\n|turn|26\n|inactive|Time left: 300 sec this turn | 300 sec total\n|\n|t:|1783552361\n|-terastallize|p2a: Alomomola|Poison\n|move|p1a: Munkidori|Sludge Wave|p2a: Alomomola\n|-resisted|p2a: Alomomola\n|-damage|p2a: Alomomola|324/429\n|move|p2a: Alomomola|Scald|p1a: Munkidori\n|-damage|p1a: Munkidori|39/100\n|-status|p1a: Munkidori|brn\n|\n|-damage|p1a: Munkidori|33/100 brn|[from] brn\n|upkeep\n|turn|27\n|inactive|Time left: 300 sec this turn | 300 sec total\n|\n|t:|1783552362\n|move|p1a: Munkidori|Psyshock|p2a: Alomomola\n|-supereffective|p2a: Alomomola\n|-damage|p2a: Alomomola|114/429\n|move|p2a: Alomomola|Flip Turn|p1a: Munkidori\n|-damage|p1a: Munkidori|4/100 brn\n|\n|-damage|p1a: Munkidori|0 fnt|[from] brn\n|faint|p1a: Munkidori\n|\n|win|p0y10726240", "uploadtime": 1783552362, "views": 0, "rating": 0, "private": 0, "password": null, "_winner": "p0y10726240", "_our_name": "p0y10726240"}