{"id": "battle-gen9randombattle-2198", "formatid": "gen9randombattle", "format": "[Gen 9] Random Battle", "players": ["p0x2198da77", "p0y219853a3"], "log": "|init|battle\n|title|p0x2198da77 vs. p0y219853a3\n|j|\u2606p0x2198da77\n|j|\u2606p0y219853a3\n|t:|1783564560\n|gametype|singles\n|player|p1|p0x2198da77|102|\n|player|p2|p0y219853a3|169|\n|gen|9\n|tier|[Gen 9] Random Battle\n|rule|Species Clause: Limit one of each Pok\u00e9mon\n|rule|HP Percentage Mod: HP is shown in percentages\n|rule|Sleep Clause Mod: Limit one foe put to sleep\n|rule|Illusion Level Mod: Illusion disguises the Pok\u00e9mon's true level\n|\n|t:|1783564560\n|teamsize|p1|6\n|teamsize|p2|6\n|start\n|switch|p1a: Metagross|Metagross, L79|256/256\n|switch|p2a: Iron Moth|Iron Moth, L78|100/100\n|turn|1\n|inactive|Battle timer is ON: inactive players will automatically lose when time's up. (requested by p0x2198da77)\n|inactive|p0y219853a3 also wants the timer to be on.\n|\n|t:|1783564562\n|move|p2a: Iron Moth|Fire Blast|p1a: Metagross\n|-supereffective|p1a: Metagross\n|-damage|p1a: Metagross|0 fnt\n|faint|p1a: Metagross\n|\n|upkeep\n|inactive|Time left: 300 sec this turn | 300 sec total | 65 sec grace\n|\n|t:|1783564563\n|switch|p1a: Terrakion|Terrakion, L79|273/273\n|turn|2\n|inactive|Time left: 300 sec this turn | 300 sec total\n|\n|t:|1783564564\n|move|p2a: Iron Moth|Fire Blast|p1a: Terrakion|[miss]\n|-miss|p2a: Iron Moth|p1a: Terrakion\n|move|p1a: Terrakion|Stone Edge|p2a: Iron Moth\n|-supereffective|p2a: Iron Moth\n|-damage|p2a: Iron Moth|0 fnt\n|faint|p2a: Iron Moth\n|-end|p2a: Iron Moth|Quark Drive|[silent]\n|-damage|p1a: Terrakion|246/273|[from] item: Life Orb\n|\n|upkeep\n|\n|t:|1783564565\n|switch|p2a: Inteleon|Inteleon, L81, M|100/100\n|turn|3\n|inactive|Time left: 300 sec this turn | 300 sec total\n|\n|t:|1783564566\n|switch|p1a: Suicune|Suicune, L82|298/298\n|-ability|p1a: Suicune|Pressure\n|move|p2a: Inteleon|Scald|p1a: Suicune\n|-resisted|p1a: Suicune\n|-damage|p1a: Suicune|235/298\n|-status|p1a: Suicune|brn\n|\n|-heal|p1a: Suicune|253/298 brn|[from] item: Leftovers\n|-damage|p1a: Suicune|235/298 brn|[from] brn\n|upkeep\n|turn|4\n|inactive|Time left: 300 sec this turn | 300 sec total\n|\n|t:|1783564567\n|move|p2a: Inteleon|Scald|p1a: Suicune\n|-resisted|p1a: Suicune\n|-damage|p1a: Suicune|176/298 brn\n|move|p1a: Suicune|Calm Mind|p1a: Suicune\n|-boost|p1a: Suicune|spa|1\n|-boost|p1a: Suicune|spd|1\n|\n|-heal|p1a: Suicune|194/298 brn|[from] item: Leftovers\n|-damage|p1a: Suicune|176/298 brn|[from] brn\n|upkeep\n|turn|5\n|inactive|Time left: 300 sec this turn | 300 sec total\n|\n|t:|1783564568\n|move|p2a: Inteleon|Scald|p1a: Suicune\n|-resisted|p1a: Suicune\n|-damage|p1a: Suicune|139/298 brn\n|move|p1a: Suicune|Scald|p2a: Inteleon\n|-resisted|p2a: Inteleon\n|-damage|p2a: Inteleon|72/100\n|\n|-heal|p1a: Suicune|157/298 brn|[from] item: Leftovers\n|-damage|p1a: Suicune|139/298 brn|[from] brn\n|upkeep\n|turn|6\n|inactive|Time left: 300 sec this turn | 300 sec total\n|\n|t:|1783564569\n|move|p2a: Inteleon|Scald|p1a: Suicune\n|-resisted|p1a: Suicune\n|-damage|p1a: Suicune|102/298 brn\n|move|p1a: Suicune|Scald|p2a: Inteleon\n|-resisted|p2a: Inteleon\n|-damage|p2a: Inteleon|44/100\n|\n|-heal|p1a: Suicune|120/298 brn|[from] item: Leftovers\n|-damage|p1a: Suicune|102/298 brn|[from] brn\n|upkeep\n|turn|7\n|inactive|Time left: 300 sec this turn | 300 sec total\n|\n|t:|1783564570\n|move|p2a: Inteleon|Scald|p1a: Suicune\n|-resisted|p1a: Suicune\n|-damage|p1a: Suicune|63/298 brn\n|move|p1a: Suicune|Scald|p2a: Inteleon\n|-resisted|p2a: Inteleon\n|-damage|p2a: Inteleon|14/100\n|\n|-heal|p1a: Suicune|81/298 brn|[from] item: Leftovers\n|-damage|p1a: Suicune|63/298 brn|[from] brn\n|upkeep\n|turn|8\n|inactive|Time left: 300 sec this turn | 300 sec total\n|\n|t:|1783564571\n|move|p2a: Inteleon|Scald|p1a: Suicune\n|-resisted|p1a: Suicune\n|-damage|p1a: Suicune|1/298 brn\n|move|p1a: Suicune|Scald|p2a: Inteleon\n|-resisted|p2a: Inteleon\n|-damage|p2a: Inteleon|0 fnt\n|faint|p2a: Inteleon\n|\n|-heal|p1a: Suicune|19/298 brn|[from] item: Leftovers\n|-damage|p1a: Suicune|1/298 brn|[from] brn\n|upkeep\n|\n|t:|1783564572\n|switch|p2a: Tinkaton|Tinkaton, L82, F|100/100\n|-ability|p2a: Tinkaton|Mold Breaker\n|turn|9\n|inactive|Time left: 300 sec this turn | 300 sec total\n|\n|t:|1783564573\n|move|p2a: Tinkaton|Swords Dance|p2a: Tinkaton\n|-boost|p2a: Tinkaton|atk|2\n|move|p1a: Suicune|Scald|p2a: Tinkaton\n|-damage|p2a: Tinkaton|65/100\n|-status|p2a: Tinkaton|brn\n|\n|-heal|p2a: Tinkaton|71/100 brn|[from] item: Leftovers\n|-heal|p1a: Suicune|19/298 brn|[from] item: Leftovers\n|-damage|p2a: Tinkaton|65/100 brn|[from] brn\n|-damage|p1a: Suicune|1/298 brn|[from] brn\n|upkeep\n|turn|10\n|inactive|Time left: 300 sec this turn | 300 sec total\n|\n|t:|1783564574\n|switch|p1a: Milotic|Milotic, L83, M|293/293\n|move|p2a: Tinkaton|Gigaton Hammer|p1a: Milotic\n|-resisted|p1a: Milotic\n|-damage|p1a: Milotic|221/293\n|\n|-heal|p2a: Tinkaton|71/100 brn|[from] item: Leftovers\n|-heal|p1a: Milotic|239/293|[from] item: Leftovers\n|-damage|p2a: Tinkaton|65/100 brn|[from] brn\n|upkeep\n|turn|11\n|inactive|Time left: 300 sec this turn | 300 sec total\n|\n|t:|1783564575\n|switch|p1a: Terrakion|Terrakion, L79|246/273\n|move|p2a: Tinkaton|Play Rough|p1a: Terrakion\n|-supereffective|p1a: Terrakion\n|-damage|p1a: Terrakion|89/273\n|\n|-heal|p2a: Tinkaton|71/100 brn|[from] item: Leftovers\n|-damage|p2a: Tinkaton|65/100 brn|[from] brn\n|upkeep\n|turn|12\n|inactive|Time left: 300 sec this turn | 300 sec total\n|\n|t:|1783564576\n|move|p2a: Tinkaton|Protect|p2a: Tinkaton\n|-singleturn|p2a: Tinkaton|Protect\n|move|p1a: Terrakion|Earthquake|p2a: Tinkaton\n|-activate|p2a: Tinkaton|move: Protect\n|\n|-heal|p2a: Tinkaton|71/100 brn|[from] item: Leftovers\n|-damage|p2a: Tinkaton|65/100 brn|[from] brn\n|upkeep\n|turn|13\n|inactive|Time left: 300 sec this turn | 300 sec total\n|\n|t:|1783564576\n|move|p2a: Tinkaton|Protect||[still]\n|-fail|p2a: Tinkaton\n|move|p1a: Terrakion|Earthquake|p2a: Tinkaton\n|-supereffective|p2a: Tinkaton\n|-damage|p2a: Tinkaton|0 fnt\n|faint|p2a: Tinkaton\n|-damage|p1a: Terrakion|62/273|[from] item: Life Orb\n|\n|upkeep\n|\n|t:|1783564577\n|switch|p2a: Sneasler|Sneasler, L74, F|100/100\n|turn|14\n|inactive|Time left: 300 sec this turn | 300 sec total\n|\n|t:|1783564578\n|switch|p1a: Glimmora|Glimmora, L75, M|248/248\n|move|p2a: Sneasler|Dire Claw|p1a: Glimmora\n|-resisted|p1a: Glimmora\n|-damage|p1a: Glimmora|215/248\n|-status|p1a: Glimmora|slp\n|-activate|p1a: Glimmora|ability: Toxic Debris\n|-sidestart|p2: p0y219853a3|move: Toxic Spikes\n|\n|upkeep\n|turn|15\n|inactive|Time left: 300 sec this turn | 300 sec total\n|\n|t:|1783564578\n|switch|p2a: Arboliva|Arboliva, L91, F|100/100\n|-status|p2a: Arboliva|psn\n|cant|p1a: Glimmora|slp\n|\n|-damage|p2a: Arboliva|88/100 psn|[from] psn\n|upkeep\n|turn|16\n|inactive|Time left: 300 sec this turn | 300 sec total\n|\n|t:|1783564579\n|cant|p1a: Glimmora|slp\n|move|p2a: Arboliva|Energy Ball|p1a: Glimmora\n|-damage|p1a: Glimmora|52/248 slp\n|\n|-heal|p2a: Arboliva|94/100 psn|[from] item: Leftovers\n|-damage|p2a: Arboliva|82/100 psn|[from] psn\n|upkeep\n|turn|17\n|inactive|Time left: 300 sec this turn | 300 sec total\n|\n|t:|1783564580\n|cant|p1a: Glimmora|slp\n|move|p2a: Arboliva|Energy Ball|p1a: Glimmora\n|-damage|p1a: Glimmora|0 fnt\n|faint|p1a: Glimmora\n|\n|-heal|p2a: Arboliva|88/100 psn|[from] item: Leftovers\n|-damage|p2a: Arboliva|76/100 psn|[from] psn\n|upkeep\n|inactive|Time left: 300 sec this turn | 300 sec total | 5 sec grace\n|\n|t:|1783564580\n|switch|p1a: Terrakion|Terrakion, L79|62/273\n|turn|18\n|inactive|Time left: 300 sec this turn | 300 sec total\n|\n|t:|1783564581\n|switch|p2a: Sneasler|Sneasler, L74, F|100/100\n|-sideend|p2: p0y219853a3|move: Toxic Spikes|[of] p2a: Sneasler\n|move|p1a: Terrakion|Close Combat|p2a: Sneasler\n|-resisted|p2a: Sneasler\n|-damage|p2a: Sneasler|40/100\n|-unboost|p1a: Terrakion|def|1\n|-unboost|p1a: Terrakion|spd|1\n|-damage|p1a: Terrakion|35/273|[from] item: Life Orb\n|\n|upkeep\n|turn|19\n|inactive|Time left: 300 sec this turn | 300 sec total\n|\n|t:|1783564582\n|move|p2a: Sneasler|Dire Claw|p1a: Terrakion\n|-resisted|p1a: Terrakion\n|-damage|p1a: Terrakion|0 fnt\n|faint|p1a: Terrakion\n|\n|upkeep\n|inactive|Time left: 300 sec this turn | 300 sec total | 5 sec grace\n|\n|t:|1783564583\n|switch|p1a: Milotic|Milotic, L83, M|239/293\n|turn|20\n|inactive|Time left: 300 sec this turn | 300 sec total\n|\n|t:|1783564584\n|move|p2a: Sneasler|Dire Claw|p1a: Milotic\n|-damage|p1a: Milotic|101/293\n|-status|p1a: Milotic|psn\n|move|p1a: Milotic|Scald|p2a: Sneasler\n|-damage|p2a: Sneasler|0 fnt\n|faint|p2a: Sneasler\n|\n|-heal|p1a: Milotic|119/293 psn|[from] item: Leftovers\n|-damage|p1a: Milotic|83/293 psn|[from] psn\n|upkeep\n|\n|t:|1783564585\n|switch|p2a: Arboliva|Arboliva, L91, F|76/100 psn\n|turn|21\n|inactive|Time left: 300 sec this turn | 300 sec total\n|\n|t:|1783564585\n|move|p1a: Milotic|Recover|p1a: Milotic\n|-heal|p1a: Milotic|230/293 psn\n|move|p2a: Arboliva|Hyper Voice|p1a: Milotic\n|-damage|p1a: Milotic|118/293 psn\n|\n|-heal|p1a: Milotic|136/293 psn|[from] item: Leftovers\n|-heal|p2a: Arboliva|82/100 psn|[from] item: Leftovers\n|-damage|p1a: Milotic|100/293 psn|[from] psn\n|-damage|p2a: Arboliva|69/100 psn|[from] psn\n|upkeep\n|turn|22\n|inactive|Time left: 300 sec this turn | 300 sec total\n|\n|t:|1783564586\n|move|p1a: Milotic|Ice Beam|p2a: Arboliva\n|-supereffective|p2a: Arboliva\n|-damage|p2a: Arboliva|32/100 psn\n|-fieldstart|move: Grassy Terrain|[from] ability: Seed Sower|[of] p2a: Arboliva\n|move|p2a: Arboliva|Hyper Voice|p1a: Milotic\n|-damage|p1a: Milotic|1/293 psn\n|\n|-heal|p1a: Milotic|19/293 psn|[from] Grassy Terrain\n|-heal|p1a: Milotic|37/293 psn|[from] item: Leftovers\n|-heal|p2a: Arboliva|38/100 psn|[from] Grassy Terrain\n|-heal|p2a: Arboliva|45/100 psn|[from] item: Leftovers\n|-damage|p1a: Milotic|1/293 psn|[from] psn\n|-damage|p2a: Arboliva|32/100 psn|[from] psn\n|upkeep\n|turn|23\n|inactive|Time left: 300 sec this turn | 300 sec total\n|\n|t:|1783564587\n|move|p1a: Milotic|Recover|p1a: Milotic\n|-heal|p1a: Milotic|148/293 psn\n|move|p2a: Arboliva|Energy Ball|p1a: Milotic\n|-supereffective|p1a: Milotic\n|-damage|p1a: Milotic|0 fnt\n|faint|p1a: Milotic\n|\n|-heal|p2a: Arboliva|38/100 psn|[from] Grassy Terrain\n|-heal|p2a: Arboliva|45/100 psn|[from] item: Leftovers\n|-damage|p2a: Arboliva|32/100 psn|[from] psn\n|upkeep\n|inactive|Time left: 300 sec this turn | 300 sec total | 5 sec grace\n|\n|t:|1783564588\n|switch|p1a: Kricketune|Kricketune, L99, M|312/312\n|turn|24\n|inactive|Time left: 300 sec this turn | 300 sec total\n|\n|t:|1783564589\n|move|p1a: Kricketune|Pounce|p2a: Arboliva\n|-supereffective|p2a: Arboliva\n|-damage|p2a: Arboliva|0 fnt\n|faint|p2a: Arboliva\n|\n|upkeep\n|\n|t:|1783564590\n|switch|p2a: Shaymin|Shaymin, L82|100/100\n|turn|25\n|inactive|Time left: 300 sec this turn | 300 sec total\n|\n|t:|1783564591\n|-terastallize|p2a: Shaymin|Ground\n|move|p2a: Shaymin|Air Slash|p1a: Kricketune\n|-supereffective|p1a: Kricketune\n|-damage|p1a: Kricketune|194/312\n|move|p1a: Kricketune|Pounce|p2a: Shaymin\n|-damage|p2a: Shaymin|71/100\n|-unboost|p2a: Shaymin|spe|1\n|\n|-heal|p1a: Kricketune|213/312|[from] Grassy Terrain\n|-heal|p2a: Shaymin|77/100|[from] Grassy Terrain\n|-heal|p2a: Shaymin|83/100|[from] item: Leftovers\n|upkeep\n|turn|26\n|inactive|Time left: 300 sec this turn | 300 sec total\n|\n|t:|1783564592\n|move|p1a: Kricketune|Pounce|p2a: Shaymin\n|-damage|p2a: Shaymin|51/100\n|-unboost|p2a: Shaymin|spe|1\n|move|p2a: Shaymin|Seed Flare|p1a: Kricketune\n|-resisted|p1a: Kricketune\n|-damage|p1a: Kricketune|108/312\n|-unboost|p1a: Kricketune|spd|2\n|\n|-heal|p1a: Kricketune|127/312|[from] Grassy Terrain\n|-heal|p2a: Shaymin|57/100|[from] Grassy Terrain\n|-heal|p2a: Shaymin|63/100|[from] item: Leftovers\n|-fieldend|move: Grassy Terrain\n|upkeep\n|turn|27\n|inactive|Time left: 300 sec this turn | 300 sec total\n|\n|t:|1783564593\n|switch|p1a: Suicune|Suicune, L82|1/298 brn\n|-ability|p1a: Suicune|Pressure\n|move|p2a: Shaymin|Synthesis|p2a: Shaymin\n|-heal|p2a: Shaymin|100/100\n|\n|-heal|p1a: Suicune|19/298 brn|[from] item: Leftovers\n|-damage|p1a: Suicune|1/298 brn|[from] brn\n|upkeep\n|turn|28\n|inactive|Time left: 300 sec this turn | 300 sec total\n|\n|t:|1783564594\n|move|p1a: Suicune|Scald|p2a: Shaymin\n|-supereffective|p2a: Shaymin\n|-damage|p2a: Shaymin|52/100\n|move|p2a: Shaymin|Air Slash|p1a: Suicune\n|-damage|p1a: Suicune|0 fnt\n|faint|p1a: Suicune\n|\n|-heal|p2a: Shaymin|58/100|[from] item: Leftovers\n|upkeep\n|inactive|Time left: 300 sec this turn | 300 sec total | 5 sec grace\n|\n|t:|1783564595\n|switch|p1a: Kricketune|Kricketune, L99, M|127/312\n|turn|29\n|inactive|Time left: 300 sec this turn | 300 sec total\n|\n|t:|1783564596\n|move|p1a: Kricketune|Knock Off|p2a: Shaymin\n|-damage|p2a: Shaymin|33/100\n|-enditem|p2a: Shaymin|Leftovers|[from] move: Knock Off|[of] p1a: Kricketune\n|move|p2a: Shaymin|Synthesis|p2a: Shaymin\n|-heal|p2a: Shaymin|83/100\n|\n|upkeep\n|turn|30\n|inactive|Time left: 300 sec this turn | 300 sec total\n|\n|t:|1783564596\n|move|p1a: Kricketune|Pounce|p2a: Shaymin\n|-damage|p2a: Shaymin|52/100\n|-unboost|p2a: Shaymin|spe|1\n|move|p2a: Shaymin|Air Slash|p1a: Kricketune\n|-supereffective|p1a: Kricketune\n|-damage|p1a: Kricketune|0 fnt\n|faint|p1a: Kricketune\n|\n|win|p0y219853a3", "uploadtime": 1783564596, "views": 0, "rating": 0, "private": 0, "password": null, "_winner": "p0y219853a3", "_our_name": "p0x2198da77"}