{"id": "battle-gen9randombattle-2630", "formatid": "gen9randombattle", "format": "[Gen 9] Random Battle", "players": ["p0x26306478", "p0y2630513e"], "log": "|init|battle\n|title|p0x26306478 vs. p0y2630513e\n|j|\u2606p0x26306478\n|j|\u2606p0y2630513e\n|t:|1783569363\n|gametype|singles\n|player|p1|p0x26306478|265|\n|player|p2|p0y2630513e|170|\n|gen|9\n|tier|[Gen 9] Random Battle\n|rule|Species Clause: Limit one of each Pok\u00e9mon\n|rule|HP Percentage Mod: HP is shown in percentages\n|rule|Sleep Clause Mod: Limit one foe put to sleep\n|rule|Illusion Level Mod: Illusion disguises the Pok\u00e9mon's true level\n|\n|t:|1783569363\n|teamsize|p1|6\n|teamsize|p2|6\n|start\n|switch|p1a: Vaporeon|Vaporeon, L86, F|100/100\n|switch|p2a: Vaporeon|Vaporeon, L86, M|364/364\n|turn|1\n|inactive|Battle timer is ON: inactive players will automatically lose when time's up. (requested by p0x26306478)\n|inactive|Time left: 300 sec this turn | 300 sec total | 60 sec grace\n|inactive|p0y2630513e also wants the timer to be on.\n|\n|t:|1783569365\n|move|p2a: Vaporeon|Scald|p1a: Vaporeon\n|-immune|p1a: Vaporeon|[from] ability: Water Absorb\n|move|p1a: Vaporeon|Calm Mind|p1a: Vaporeon\n|-boost|p1a: Vaporeon|spa|1\n|-boost|p1a: Vaporeon|spd|1\n|\n|upkeep\n|turn|2\n|inactive|Time left: 300 sec this turn | 300 sec total\n|\n|t:|1783569366\n|move|p1a: Vaporeon|Calm Mind|p1a: Vaporeon\n|-boost|p1a: Vaporeon|spa|1\n|-boost|p1a: Vaporeon|spd|1\n|move|p2a: Vaporeon|Roar|p1a: Vaporeon\n|drag|p1a: Palkia|Palkia-Origin, L72|100/100\n|-ability|p1a: Palkia|Pressure\n|\n|upkeep\n|turn|3\n|inactive|Time left: 300 sec this turn | 300 sec total\n|\n|t:|1783569367\n|move|p1a: Palkia|Thunder Wave|p2a: Vaporeon|[miss]\n|-miss|p1a: Palkia|p2a: Vaporeon\n|move|p2a: Vaporeon|Scald|p1a: Palkia\n|-resisted|p1a: Palkia\n|-damage|p1a: Palkia|91/100\n|\n|upkeep\n|turn|4\n|inactive|Time left: 300 sec this turn | 300 sec total\n|\n|t:|1783569368\n|move|p1a: Palkia|Thunder Wave|p2a: Vaporeon\n|-status|p2a: Vaporeon|par\n|move|p2a: Vaporeon|Scald|p1a: Palkia\n|-resisted|p1a: Palkia\n|-crit|p1a: Palkia\n|-damage|p1a: Palkia|78/100\n|\n|upkeep\n|turn|5\n|inactive|Time left: 300 sec this turn | 300 sec total\n|\n|t:|1783569369\n|switch|p1a: Vaporeon|Vaporeon, L86, F|100/100\n|move|p2a: Vaporeon|Scald|p1a: Vaporeon\n|-immune|p1a: Vaporeon|[from] ability: Water Absorb\n|\n|upkeep\n|turn|6\n|inactive|Time left: 300 sec this turn | 300 sec total\n|\n|t:|1783569370\n|switch|p2a: Meganium|Meganium, L90, F|290/290\n|move|p1a: Vaporeon|Calm Mind|p1a: Vaporeon\n|-boost|p1a: Vaporeon|spa|1\n|-boost|p1a: Vaporeon|spd|1\n|\n|upkeep\n|turn|7\n|inactive|Time left: 300 sec this turn | 300 sec total\n|\n|t:|1783569371\n|move|p2a: Meganium|Swords Dance|p2a: Meganium\n|-boost|p2a: Meganium|atk|2\n|move|p1a: Vaporeon|Scald|p2a: Meganium\n|-resisted|p2a: Meganium\n|-damage|p2a: Meganium|222/290\n|\n|-heal|p2a: Meganium|240/290|[from] item: Leftovers\n|upkeep\n|turn|8\n|inactive|Time left: 300 sec this turn | 300 sec total\n|\n|t:|1783569372\n|move|p1a: Vaporeon|Protect|p1a: Vaporeon\n|-singleturn|p1a: Vaporeon|Protect\n|move|p2a: Meganium|Petal Blizzard|p1a: Vaporeon\n|-activate|p1a: Vaporeon|move: Protect\n|\n|-heal|p2a: Meganium|258/290|[from] item: Leftovers\n|upkeep\n|turn|9\n|inactive|Time left: 300 sec this turn | 300 sec total\n|\n|t:|1783569373\n|switch|p1a: Glastrier|Glastrier, L86|100/100\n|move|p2a: Meganium|Petal Blizzard|p1a: Glastrier\n|-damage|p1a: Glastrier|57/100\n|\n|-heal|p2a: Meganium|276/290|[from] item: Leftovers\n|upkeep\n|turn|10\n|inactive|Time left: 300 sec this turn | 300 sec total\n|\n|t:|1783569374\n|move|p2a: Meganium|Petal Blizzard|p1a: Glastrier\n|-damage|p1a: Glastrier|16/100\n|move|p1a: Glastrier|Icicle Crash|p2a: Meganium\n|-supereffective|p2a: Meganium\n|-damage|p2a: Meganium|0 fnt\n|faint|p2a: Meganium\n|-ability|p1a: Glastrier|Chilling Neigh|boost\n|-boost|p1a: Glastrier|atk|1\n|\n|upkeep\n|inactive|Time left: 300 sec this turn | 300 sec total | 5 sec grace\n|\n|t:|1783569375\n|switch|p2a: Mamoswine|Mamoswine, L81, F|311/311\n|turn|11\n|inactive|Time left: 300 sec this turn | 300 sec total\n|\n|t:|1783569376\n|switch|p1a: Stantler|Stantler, L92, M|100/100\n|-ability|p1a: Stantler|Intimidate|boost\n|-unboost|p2a: Mamoswine|atk|1\n|move|p2a: Mamoswine|Earthquake|p1a: Stantler\n|-damage|p1a: Stantler|65/100\n|\n|upkeep\n|turn|12\n|inactive|Time left: 300 sec this turn | 300 sec total\n|\n|t:|1783569377\n|move|p1a: Stantler|Earth Power|p2a: Mamoswine\n|-damage|p2a: Mamoswine|217/311\n|move|p2a: Mamoswine|Earthquake|p1a: Stantler\n|-damage|p1a: Stantler|31/100\n|\n|upkeep\n|turn|13\n|inactive|Time left: 300 sec this turn | 300 sec total\n|\n|t:|1783569377\n|move|p1a: Stantler|Tera Blast|p2a: Mamoswine\n|-damage|p2a: Mamoswine|99/311\n|move|p2a: Mamoswine|Earthquake|p1a: Stantler\n|-damage|p1a: Stantler|0 fnt\n|faint|p1a: Stantler\n|\n|upkeep\n|\n|t:|1783569378\n|switch|p1a: Typhlosion|Typhlosion-Hisui, L83, F|100/100\n|turn|14\n|inactive|Time left: 300 sec this turn | 300 sec total\n|\n|t:|1783569379\n|switch|p2a: Milotic|Milotic, L83, F|293/293\n|move|p1a: Typhlosion|Eruption|p2a: Milotic\n|-resisted|p2a: Milotic\n|-damage|p2a: Milotic|184/293\n|\n|-heal|p2a: Milotic|202/293|[from] item: Leftovers\n|upkeep\n|turn|15\n|inactive|Time left: 300 sec this turn | 300 sec total\n|\n|t:|1783569380\n|move|p1a: Typhlosion|Eruption|p2a: Milotic\n|-resisted|p2a: Milotic\n|-damage|p2a: Milotic|95/293\n|move|p2a: Milotic|Scald|p1a: Typhlosion\n|-supereffective|p1a: Typhlosion\n|-damage|p1a: Typhlosion|37/100\n|\n|-heal|p2a: Milotic|113/293|[from] item: Leftovers\n|upkeep\n|turn|16\n|inactive|Time left: 300 sec this turn | 300 sec total\n|\n|t:|1783569381\n|move|p1a: Typhlosion|Eruption|p2a: Milotic\n|-resisted|p2a: Milotic\n|-damage|p2a: Milotic|71/293\n|move|p2a: Milotic|Recover|p2a: Milotic\n|-heal|p2a: Milotic|218/293\n|\n|-heal|p2a: Milotic|236/293|[from] item: Leftovers\n|upkeep\n|turn|17\n|inactive|Time left: 300 sec this turn | 300 sec total\n|\n|t:|1783569382\n|switch|p1a: Vaporeon|Vaporeon, L86, F|100/100\n|move|p2a: Milotic|Scald|p1a: Vaporeon\n|-immune|p1a: Vaporeon|[from] ability: Water Absorb\n|\n|-heal|p2a: Milotic|254/293|[from] item: Leftovers\n|upkeep\n|turn|18\n|inactive|Time left: 300 sec this turn | 300 sec total\n|\n|t:|1783569383\n|move|p2a: Milotic|Ice Beam|p1a: Vaporeon\n|-resisted|p1a: Vaporeon\n|-damage|p1a: Vaporeon|93/100\n|move|p1a: Vaporeon|Calm Mind|p1a: Vaporeon\n|-boost|p1a: Vaporeon|spa|1\n|-boost|p1a: Vaporeon|spd|1\n|\n|-heal|p2a: Milotic|272/293|[from] item: Leftovers\n|-heal|p1a: Vaporeon|99/100|[from] item: Leftovers\n|upkeep\n|turn|19\n|inactive|Time left: 300 sec this turn | 300 sec total\n|\n|t:|1783569384\n|move|p2a: Milotic|Haze|p2a: Milotic\n|-clearallboost\n|move|p1a: Vaporeon|Scald|p2a: Milotic\n|-resisted|p2a: Milotic\n|-damage|p2a: Milotic|236/293\n|\n|-heal|p2a: Milotic|254/293|[from] item: Leftovers\n|-heal|p1a: Vaporeon|100/100|[from] item: Leftovers\n|upkeep\n|turn|20\n|inactive|Time left: 300 sec this turn | 300 sec total\n|\n|t:|1783569385\n|move|p2a: Milotic|Scald|p1a: Vaporeon\n|-immune|p1a: Vaporeon|[from] ability: Water Absorb\n|move|p1a: Vaporeon|Scald|p2a: Milotic\n|-resisted|p2a: Milotic\n|-damage|p2a: Milotic|217/293\n|\n|-heal|p2a: Milotic|235/293|[from] item: Leftovers\n|upkeep\n|turn|21\n|inactive|Time left: 300 sec this turn | 300 sec total\n|\n|t:|1783569386\n|move|p2a: Milotic|Scald|p1a: Vaporeon\n|-immune|p1a: Vaporeon|[from] ability: Water Absorb\n|move|p1a: Vaporeon|Calm Mind|p1a: Vaporeon\n|-boost|p1a: Vaporeon|spa|1\n|-boost|p1a: Vaporeon|spd|1\n|\n|-heal|p2a: Milotic|253/293|[from] item: Leftovers\n|upkeep\n|turn|22\n|inactive|Time left: 300 sec this turn | 300 sec total\n|\n|t:|1783569387\n|move|p2a: Milotic|Haze|p2a: Milotic\n|-clearallboost\n|move|p1a: Vaporeon|Scald|p2a: Milotic\n|-resisted|p2a: Milotic\n|-damage|p2a: Milotic|216/293\n|\n|-heal|p2a: Milotic|234/293|[from] item: Leftovers\n|upkeep\n|turn|23\n|inactive|Time left: 300 sec this turn | 300 sec total\n|\n|t:|1783569388\n|move|p2a: Milotic|Ice Beam|p1a: Vaporeon\n|-resisted|p1a: Vaporeon\n|-damage|p1a: Vaporeon|93/100\n|move|p1a: Vaporeon|Calm Mind|p1a: Vaporeon\n|-boost|p1a: Vaporeon|spa|1\n|-boost|p1a: Vaporeon|spd|1\n|\n|-heal|p2a: Milotic|252/293|[from] item: Leftovers\n|-heal|p1a: Vaporeon|99/100|[from] item: Leftovers\n|upkeep\n|turn|24\n|inactive|Time left: 300 sec this turn | 300 sec total\n|\n|t:|1783569389\n|move|p2a: Milotic|Haze|p2a: Milotic\n|-clearallboost\n|move|p1a: Vaporeon|Scald|p2a: Milotic\n|-resisted|p2a: Milotic\n|-damage|p2a: Milotic|216/293\n|-status|p2a: Milotic|brn\n|\n|-heal|p2a: Milotic|234/293 brn|[from] item: Leftovers\n|-heal|p1a: Vaporeon|100/100|[from] item: Leftovers\n|-damage|p2a: Milotic|216/293 brn|[from] brn\n|upkeep\n|turn|25\n|inactive|Time left: 300 sec this turn | 300 sec total\n|\n|t:|1783569390\n|move|p2a: Milotic|Recover|p2a: Milotic\n|-heal|p2a: Milotic|293/293 brn\n|move|p1a: Vaporeon|Calm Mind|p1a: Vaporeon\n|-boost|p1a: Vaporeon|spa|1\n|-boost|p1a: Vaporeon|spd|1\n|\n|-damage|p2a: Milotic|275/293 brn|[from] brn\n|upkeep\n|turn|26\n|inactive|Time left: 300 sec this turn | 300 sec total\n|\n|t:|1783569391\n|move|p2a: Milotic|Haze|p2a: Milotic\n|-clearallboost\n|move|p1a: Vaporeon|Scald|p2a: Milotic\n|-resisted|p2a: Milotic\n|-damage|p2a: Milotic|236/293 brn\n|\n|-heal|p2a: Milotic|254/293 brn|[from] item: Leftovers\n|-damage|p2a: Milotic|236/293 brn|[from] brn\n|upkeep\n|turn|27\n|inactive|Time left: 300 sec this turn | 300 sec total\n|\n|t:|1783569392\n|move|p2a: Milotic|Ice Beam|p1a: Vaporeon\n|-resisted|p1a: Vaporeon\n|-damage|p1a: Vaporeon|92/100\n|move|p1a: Vaporeon|Scald|p2a: Milotic\n|-resisted|p2a: Milotic\n|-damage|p2a: Milotic|198/293 brn\n|\n|-heal|p2a: Milotic|216/293 brn|[from] item: Leftovers\n|-heal|p1a: Vaporeon|98/100|[from] item: Leftovers\n|-damage|p2a: Milotic|198/293 brn|[from] brn\n|upkeep\n|turn|28\n|inactive|Time left: 300 sec this turn | 300 sec total\n|\n|t:|1783569393\n|move|p2a: Milotic|Recover|p2a: Milotic\n|-heal|p2a: Milotic|293/293 brn\n|move|p1a: Vaporeon|Calm Mind|p1a: Vaporeon\n|-boost|p1a: Vaporeon|spa|1\n|-boost|p1a: Vaporeon|spd|1\n|\n|-heal|p1a: Vaporeon|100/100|[from] item: Leftovers\n|-damage|p2a: Milotic|275/293 brn|[from] brn\n|upkeep\n|turn|29\n|inactive|Time left: 300 sec this turn | 300 sec total\n|\n|t:|1783569394\n|move|p2a: Milotic|Haze|p2a: Milotic\n|-clearallboost\n|move|p1a: Vaporeon|Scald|p2a: Milotic\n|-resisted|p2a: Milotic\n|-damage|p2a: Milotic|236/293 brn\n|\n|-heal|p2a: Milotic|254/293 brn|[from] item: Leftovers\n|-damage|p2a: Milotic|236/293 brn|[from] brn\n|upkeep\n|turn|30\n|inactive|Time left: 300 sec this turn | 300 sec total\n|\n|t:|1783569395\n|move|p2a: Milotic|Recover|p2a: Milotic\n|-heal|p2a: Milotic|293/293 brn\n|move|p1a: Vaporeon|Scald|p2a: Milotic\n|-resisted|p2a: Milotic\n|-damage|p2a: Milotic|258/293 brn\n|\n|-heal|p2a: Milotic|276/293 brn|[from] item: Leftovers\n|-damage|p2a: Milotic|258/293 brn|[from] brn\n|upkeep\n|turn|31\n|inactive|Time left: 300 sec this turn | 300 sec total\n|\n|t:|1783569396\n|switch|p2a: Grafaiai|Grafaiai, L86, F|249/249\n|move|p1a: Vaporeon|Scald|p2a: Grafaiai\n|-crit|p2a: Grafaiai\n|-damage|p2a: Grafaiai|68/249\n|-status|p2a: Grafaiai|brn\n|\n|-damage|p2a: Grafaiai|53/249 brn|[from] brn\n|upkeep\n|turn|32\n|inactive|Time left: 300 sec this turn | 300 sec total\n|\n|t:|1783569397\n|move|p2a: Grafaiai|Parting Shot|p1a: Vaporeon\n|-unboost|p1a: Vaporeon|atk|1\n|-unboost|p1a: Vaporeon|spa|1\n|inactive|Time left: 300 sec this turn | 300 sec total | 5 sec grace\n|\n|t:|1783569398\n|switch|p2a: Cresselia|Cresselia, L80, F|323/323|[from] Parting Shot\n|move|p1a: Vaporeon|Scald|p2a: Cresselia\n|-damage|p2a: Cresselia|265/323\n|\n|-heal|p2a: Cresselia|285/323|[from] item: Leftovers\n|upkeep\n|turn|33\n|inactive|Time left: 300 sec this turn | 300 sec total\n|\n|t:|1783569399\n|switch|p1a: Piloswine|Piloswine, L85, F|100/100\n|move|p2a: Cresselia|Calm Mind|p2a: Cresselia\n|-boost|p2a: Cresselia|spa|1\n|-boost|p2a: Cresselia|spd|1\n|\n|-heal|p2a: Cresselia|305/323|[from] item: Leftovers\n|upkeep\n|turn|34\n|inactive|Time left: 300 sec this turn | 300 sec total\n|\n|t:|1783569399\n|move|p2a: Cresselia|Psyshock|p1a: Piloswine\n|-damage|p1a: Piloswine|78/100\n|move|p1a: Piloswine|Roar|p2a: Cresselia\n|drag|p2a: Mamoswine|Mamoswine, L81, F|99/311\n|\n|upkeep\n|turn|35\n|inactive|Time left: 300 sec this turn | 300 sec total\n|\n|t:|1783569401\n|move|p2a: Mamoswine|Earthquake|p1a: Piloswine\n|-damage|p1a: Piloswine|36/100\n|move|p1a: Piloswine|Earthquake|p2a: Mamoswine\n|-damage|p2a: Mamoswine|0 fnt\n|faint|p2a: Mamoswine\n|\n|upkeep\n|inactive|Time left: 300 sec this turn | 300 sec total | 5 sec grace\n|\n|t:|1783569402\n|switch|p2a: Cresselia|Cresselia, L80, F|305/323\n|turn|36\n|inactive|Time left: 300 sec this turn | 300 sec total\n|\n|t:|1783569402\n|move|p2a: Cresselia|Calm Mind|p2a: Cresselia\n|-boost|p2a: Cresselia|spa|1\n|-boost|p2a: Cresselia|spd|1\n|move|p1a: Piloswine|Roar|p2a: Cresselia\n|drag|p2a: Grafaiai|Grafaiai, L86, F|53/249 brn\n|\n|-damage|p2a: Grafaiai|38/249 brn|[from] brn\n|upkeep\n|turn|37\n|inactive|Time left: 300 sec this turn | 300 sec total\n|\n|t:|1783569403\n|move|p2a: Grafaiai|Parting Shot|p1a: Piloswine\n|-unboost|p1a: Piloswine|atk|1\n|-unboost|p1a: Piloswine|spa|1\n|inactive|Time left: 300 sec this turn | 300 sec total | 5 sec grace\n|\n|t:|1783569404\n|switch|p2a: Cresselia|Cresselia, L80, F|305/323|[from] Parting Shot\n|move|p1a: Piloswine|Ice Shard|p2a: Cresselia\n|-damage|p2a: Cresselia|278/323\n|\n|-heal|p2a: Cresselia|298/323|[from] item: Leftovers\n|upkeep\n|turn|38\n|inactive|Time left: 300 sec this turn | 300 sec total\n|\n|t:|1783569405\n|move|p2a: Cresselia|Calm Mind|p2a: Cresselia\n|-boost|p2a: Cresselia|spa|1\n|-boost|p2a: Cresselia|spd|1\n|move|p1a: Piloswine|Roar|p2a: Cresselia\n|drag|p2a: Vaporeon|Vaporeon, L86, M|364/364 par\n|\n|upkeep\n|turn|39\n|inactive|Time left: 300 sec this turn | 300 sec total\n|\n|t:|1783569406\n|switch|p1a: Glastrier|Glastrier, L86|16/100\n|move|p2a: Vaporeon|Scald|p1a: Glastrier\n|-damage|p1a: Glastrier|0 fnt\n|faint|p1a: Glastrier\n|\n|upkeep\n|\n|t:|1783569407\n|switch|p1a: Vaporeon|Vaporeon, L86, F|100/100\n|turn|40\n|inactive|Time left: 300 sec this turn | 300 sec total\n|\n|t:|1783569408\n|switch|p2a: Cresselia|Cresselia, L80, F|298/323\n|move|p1a: Vaporeon|Calm Mind|p1a: Vaporeon\n|-boost|p1a: Vaporeon|spa|1\n|-boost|p1a: Vaporeon|spd|1\n|\n|-heal|p2a: Cresselia|318/323|[from] item: Leftovers\n|upkeep\n|turn|41\n|inactive|Time left: 300 sec this turn | 300 sec total\n|\n|t:|1783569409\n|move|p2a: Cresselia|Calm Mind|p2a: Cresselia\n|-boost|p2a: Cresselia|spa|1\n|-boost|p2a: Cresselia|spd|1\n|move|p1a: Vaporeon|Calm Mind|p1a: Vaporeon\n|-boost|p1a: Vaporeon|spa|1\n|-boost|p1a: Vaporeon|spd|1\n|\n|-heal|p2a: Cresselia|323/323|[from] item: Leftovers\n|upkeep\n|turn|42\n|inactive|Time left: 300 sec this turn | 300 sec total\n|\n|t:|1783569411\n|move|p2a: Cresselia|Calm Mind|p2a: Cresselia\n|-boost|p2a: Cresselia|spa|1\n|-boost|p2a: Cresselia|spd|1\n|move|p1a: Vaporeon|Calm Mind|p1a: Vaporeon\n|-boost|p1a: Vaporeon|spa|1\n|-boost|p1a: Vaporeon|spd|1\n|\n|upkeep\n|turn|43\n|inactive|Time left: 300 sec this turn | 300 sec total\n|\n|t:|1783569412\n|move|p2a: Cresselia|Calm Mind|p2a: Cresselia\n|-boost|p2a: Cresselia|spa|1\n|-boost|p2a: Cresselia|spd|1\n|move|p1a: Vaporeon|Calm Mind|p1a: Vaporeon\n|-boost|p1a: Vaporeon|spa|1\n|-boost|p1a: Vaporeon|spd|1\n|\n|upkeep\n|turn|44\n|inactive|Time left: 300 sec this turn | 300 sec total\n|\n|t:|1783569413\n|move|p2a: Cresselia|Psyshock|p1a: Vaporeon\n|-damage|p1a: Vaporeon|43/100\n|move|p1a: Vaporeon|Scald|p2a: Cresselia\n|-damage|p2a: Cresselia|218/323\n|\n|-heal|p2a: Cresselia|238/323|[from] item: Leftovers\n|-heal|p1a: Vaporeon|49/100|[from] item: Leftovers\n|upkeep\n|turn|45\n|inactive|Time left: 300 sec this turn | 300 sec total\n|\n|t:|1783569414\n|move|p1a: Vaporeon|Protect|p1a: Vaporeon\n|-singleturn|p1a: Vaporeon|Protect\n|move|p2a: Cresselia|Psyshock|p1a: Vaporeon\n|-activate|p1a: Vaporeon|move: Protect\n|\n|-heal|p2a: Cresselia|258/323|[from] item: Leftovers\n|-heal|p1a: Vaporeon|55/100|[from] item: Leftovers\n|upkeep\n|turn|46\n|inactive|Time left: 300 sec this turn | 300 sec total\n|\n|t:|1783569415\n|move|p1a: Vaporeon|Protect||[still]\n|-fail|p1a: Vaporeon\n|move|p2a: Cresselia|Psyshock|p1a: Vaporeon\n|-damage|p1a: Vaporeon|3/100\n|\n|-heal|p2a: Cresselia|278/323|[from] item: Leftovers\n|-heal|p1a: Vaporeon|9/100|[from] item: Leftovers\n|upkeep\n|turn|47\n|inactive|Time left: 300 sec this turn | 300 sec total\n|\n|t:|1783569416\n|move|p1a: Vaporeon|Protect|p1a: Vaporeon\n|-singleturn|p1a: Vaporeon|Protect\n|move|p2a: Cresselia|Psyshock|p1a: Vaporeon\n|-activate|p1a: Vaporeon|move: Protect\n|\n|-heal|p2a: Cresselia|298/323|[from] item: Leftovers\n|-heal|p1a: Vaporeon|15/100|[from] item: Leftovers\n|upkeep\n|turn|48\n|inactive|Time left: 300 sec this turn | 300 sec total\n|\n|t:|1783569417\n|move|p1a: Vaporeon|Protect||[still]\n|-fail|p1a: Vaporeon\n|move|p2a: Cresselia|Psyshock|p1a: Vaporeon\n|-damage|p1a: Vaporeon|0 fnt\n|faint|p1a: Vaporeon\n|\n|-heal|p2a: Cresselia|318/323|[from] item: Leftovers\n|upkeep\n|\n|t:|1783569418\n|switch|p1a: Palkia|Palkia-Origin, L72|78/100\n|-ability|p1a: Palkia|Pressure\n|turn|49\n|inactive|Time left: 300 sec this turn | 300 sec total\n|\n|t:|1783569418\n|move|p1a: Palkia|Thunder Wave|p2a: Cresselia\n|-status|p2a: Cresselia|par\n|move|p2a: Cresselia|Moonblast|p1a: Palkia\n|-supereffective|p1a: Palkia\n|-damage|p1a: Palkia|0 fnt\n|faint|p1a: Palkia\n|\n|-heal|p2a: Cresselia|323/323 par|[from] item: Leftovers\n|upkeep\n|\n|t:|1783569419\n|switch|p1a: Piloswine|Piloswine, L85, F|36/100\n|turn|50\n|inactive|Time left: 300 sec this turn | 300 sec total\n|\n|t:|1783569420\n|move|p2a: Cresselia|Psyshock|p1a: Piloswine\n|-damage|p1a: Piloswine|1/100\n|move|p1a: Piloswine|Roar|p2a: Cresselia\n|drag|p2a: Milotic|Milotic, L83, F|258/293 brn\n|\n|-heal|p2a: Milotic|276/293 brn|[from] item: Leftovers\n|-damage|p2a: Milotic|258/293 brn|[from] brn\n|upkeep\n|turn|51\n|inactive|Time left: 300 sec this turn | 300 sec total\n|\n|t:|1783569421\n|-terastallize|p1a: Piloswine|Dragon\n|move|p2a: Milotic|Scald|p1a: Piloswine\n|-resisted|p1a: Piloswine\n|-damage|p1a: Piloswine|0 fnt\n|faint|p1a: Piloswine\n|\n|-heal|p2a: Milotic|276/293 brn|[from] item: Leftovers\n|-damage|p2a: Milotic|258/293 brn|[from] brn\n|upkeep\n|\n|t:|1783569421\n|switch|p1a: Typhlosion|Typhlosion-Hisui, L83, F|37/100\n|turn|52\n|inactive|Time left: 300 sec this turn | 300 sec total\n|\n|t:|1783569422\n|move|p1a: Typhlosion|Eruption|p2a: Milotic\n|-resisted|p2a: Milotic\n|-damage|p2a: Milotic|216/293 brn\n|move|p2a: Milotic|Scald|p1a: Typhlosion\n|-supereffective|p1a: Typhlosion\n|-damage|p1a: Typhlosion|0 fnt\n|faint|p1a: Typhlosion\n|\n|win|p0y2630513e", "uploadtime": 1783569422, "views": 0, "rating": 0, "private": 0, "password": null, "_winner": "p0y2630513e", "_our_name": "p0y2630513e"}