{"id": "battle-gen9randombattle-479", "formatid": "gen9randombattle", "format": "[Gen 9] Random Battle", "players": ["p0x47953cb", "p0y479267a"], "log": "|init|battle\n|title|p0x47953cb vs. p0y479267a\n|j|\u2606p0x47953cb\n|j|\u2606p0y479267a\n|t:|1783545352\n|gametype|singles\n|player|p1|p0x47953cb|2|\n|player|p2|p0y479267a|1|\n|gen|9\n|tier|[Gen 9] Random Battle\n|rule|Species Clause: Limit one of each Pok\u00e9mon\n|rule|HP Percentage Mod: HP is shown in percentages\n|rule|Sleep Clause Mod: Limit one foe put to sleep\n|rule|Illusion Level Mod: Illusion disguises the Pok\u00e9mon's true level\n|\n|t:|1783545352\n|teamsize|p1|6\n|teamsize|p2|6\n|start\n|switch|p1a: Manaphy|Manaphy, L78|284/284\n|switch|p2a: Flutter Mane|Flutter Mane, L74|100/100\n|turn|1\n|inactive|Battle timer is ON: inactive players will automatically lose when time's up. (requested by p0x47953cb)\n|inactive|p0y479267a also wants the timer to be on.\n|\n|t:|1783545354\n|move|p2a: Flutter Mane|Moonblast|p1a: Manaphy\n|-damage|p1a: Manaphy|145/284\n|move|p1a: Manaphy|Tail Glow|p1a: Manaphy\n|-boost|p1a: Manaphy|spa|3\n|\n|-heal|p1a: Manaphy|162/284|[from] item: Leftovers\n|upkeep\n|turn|2\n|inactive|Time left: 300 sec this turn | 300 sec total\n|\n|t:|1783545355\n|switch|p1a: Oranguru|Oranguru, L92, M|315/315\n|-terastallize|p2a: Flutter Mane|Fairy\n|move|p2a: Flutter Mane|Moonblast|p1a: Oranguru\n|-damage|p1a: Oranguru|153/315\n|\n|-heal|p1a: Oranguru|172/315|[from] item: Leftovers\n|upkeep\n|turn|3\n|inactive|Time left: 300 sec this turn | 300 sec total\n|\n|t:|1783545356\n|move|p2a: Flutter Mane|Moonblast|p1a: Oranguru\n|-damage|p1a: Oranguru|2/315\n|move|p1a: Oranguru|Thunderbolt|p2a: Flutter Mane\n|-damage|p2a: Flutter Mane|72/100\n|\n|-heal|p1a: Oranguru|21/315|[from] item: Leftovers\n|upkeep\n|turn|4\n|inactive|Time left: 300 sec this turn | 300 sec total\n|\n|t:|1783545357\n|move|p2a: Flutter Mane|Moonblast|p1a: Oranguru\n|-damage|p1a: Oranguru|0 fnt\n|faint|p1a: Oranguru\n|\n|upkeep\n|inactive|Time left: 300 sec this turn | 300 sec total | 5 sec grace\n|\n|t:|1783545358\n|switch|p1a: Venomoth|Venomoth, L84, F|255/255\n|turn|5\n|inactive|Time left: 300 sec this turn | 300 sec total\n|\n|t:|1783545359\n|move|p2a: Flutter Mane|Moonblast|p1a: Venomoth\n|-resisted|p1a: Venomoth\n|-damage|p1a: Venomoth|130/255\n|move|p1a: Venomoth|Quiver Dance|p1a: Venomoth\n|-boost|p1a: Venomoth|spa|1\n|-boost|p1a: Venomoth|spd|1\n|-boost|p1a: Venomoth|spe|1\n|\n|upkeep\n|turn|6\n|inactive|Time left: 300 sec this turn | 300 sec total\n|\n|t:|1783545360\n|-end|p2a: Flutter Mane|Protosynthesis|[silent]\n|switch|p2a: Rhydon|Rhydon, L85, M|100/100\n|move|p1a: Venomoth|Sludge Wave|p2a: Rhydon\n|-resisted|p2a: Rhydon\n|-damage|p2a: Rhydon|78/100\n|\n|upkeep\n|turn|7\n|inactive|Time left: 300 sec this turn | 300 sec total\n|\n|t:|1783545361\n|move|p1a: Venomoth|Sleep Powder|p2a: Rhydon\n|-status|p2a: Rhydon|slp|[from] move: Sleep Powder\n|cant|p2a: Rhydon|slp\n|\n|upkeep\n|turn|8\n|inactive|Time left: 300 sec this turn | 300 sec total\n|\n|t:|1783545362\n|move|p1a: Venomoth|Bug Buzz|p2a: Rhydon\n|-damage|p2a: Rhydon|36/100 slp\n|-curestatus|p2a: Rhydon|slp|[msg]\n|move|p2a: Rhydon|Earthquake|p1a: Venomoth\n|-damage|p1a: Venomoth|0 fnt\n|faint|p1a: Venomoth\n|\n|upkeep\n|inactive|Time left: 300 sec this turn | 300 sec total | 5 sec grace\n|\n|t:|1783545363\n|switch|p1a: Inteleon|Inteleon, L81, M|246/246\n|turn|9\n|inactive|Time left: 300 sec this turn | 300 sec total\n|\n|t:|1783545364\n|switch|p2a: Blissey|Blissey, L85, F|100/100\n|move|p1a: Inteleon|Scald|p2a: Blissey\n|-damage|p2a: Blissey|82/100\n|\n|-heal|p2a: Blissey|88/100|[from] item: Leftovers\n|upkeep\n|turn|10\n|inactive|Time left: 300 sec this turn | 300 sec total\n|\n|t:|1783545365\n|switch|p1a: Sawsbuck|Sawsbuck-Autumn, L88, F|284/284\n|move|p2a: Blissey|Thunder Wave|p1a: Sawsbuck\n|-status|p1a: Sawsbuck|par\n|\n|-heal|p2a: Blissey|94/100|[from] item: Leftovers\n|upkeep\n|turn|11\n|inactive|Time left: 300 sec this turn | 300 sec total\n|\n|t:|1783545366\n|move|p2a: Blissey|Seismic Toss|p1a: Sawsbuck\n|-damage|p1a: Sawsbuck|199/284 par\n|move|p1a: Sawsbuck|Swords Dance|p1a: Sawsbuck\n|-boost|p1a: Sawsbuck|atk|2\n|\n|-heal|p2a: Blissey|99/100|[from] item: Leftovers\n|upkeep\n|turn|12\n|inactive|Time left: 300 sec this turn | 300 sec total\n|\n|t:|1783545368\n|switch|p2a: Rhydon|Rhydon, L85, M|36/100\n|move|p1a: Sawsbuck|Horn Leech|p2a: Rhydon\n|-supereffective|p2a: Rhydon\n|-damage|p2a: Rhydon|0 fnt\n|-heal|p1a: Sawsbuck|255/284 par|[from] drain|[of] p2a: Rhydon\n|faint|p2a: Rhydon\n|-damage|p1a: Sawsbuck|227/284 par|[from] item: Life Orb\n|\n|upkeep\n|\n|t:|1783545369\n|switch|p2a: Flutter Mane|Flutter Mane, L74, tera:Fairy|72/100\n|turn|13\n|inactive|Time left: 300 sec this turn | 300 sec total\n|\n|t:|1783545370\n|move|p2a: Flutter Mane|Moonblast|p1a: Sawsbuck\n|-damage|p1a: Sawsbuck|0 fnt\n|faint|p1a: Sawsbuck\n|\n|upkeep\n|inactive|Time left: 300 sec this turn | 300 sec total | 5 sec grace\n|\n|t:|1783545371\n|switch|p1a: Plusle|Plusle, L95, M|268/268\n|turn|14\n|inactive|Time left: 300 sec this turn | 300 sec total\n|\n|t:|1783545372\n|move|p2a: Flutter Mane|Moonblast|p1a: Plusle\n|-damage|p1a: Plusle|74/268\n|move|p1a: Plusle|Thunderbolt|p2a: Flutter Mane\n|-damage|p2a: Flutter Mane|14/100\n|-damage|p1a: Plusle|48/268|[from] item: Life Orb\n|\n|upkeep\n|turn|15\n|inactive|Time left: 300 sec this turn | 300 sec total\n|\n|t:|1783545372\n|move|p2a: Flutter Mane|Moonblast|p1a: Plusle\n|-damage|p1a: Plusle|0 fnt\n|faint|p1a: Plusle\n|\n|upkeep\n|inactive|Time left: 300 sec this turn | 300 sec total | 5 sec grace\n|\n|t:|1783545373\n|switch|p1a: Inteleon|Inteleon, L81, M|246/246\n|turn|16\n|inactive|Time left: 300 sec this turn | 300 sec total\n|\n|t:|1783545374\n|move|p2a: Flutter Mane|Moonblast|p1a: Inteleon\n|-damage|p1a: Inteleon|0 fnt\n|faint|p1a: Inteleon\n|\n|upkeep\n|inactive|Time left: 300 sec this turn | 300 sec total | 5 sec grace\n|\n|t:|1783545375\n|switch|p1a: Manaphy|Manaphy, L78|162/284\n|turn|17\n|inactive|Time left: 300 sec this turn | 300 sec total\n|\n|t:|1783545375\n|-terastallize|p1a: Manaphy|Grass\n|move|p2a: Flutter Mane|Moonblast|p1a: Manaphy\n|-damage|p1a: Manaphy|0 fnt\n|faint|p1a: Manaphy\n|\n|win|p0y479267a", "uploadtime": 1783545375, "views": 0, "rating": 0, "private": 0, "password": null, "_winner": "p0y479267a", "_our_name": "p0x47953cb"}