{"id": "battle-gen9randombattle-2911", "formatid": "gen9randombattle", "format": "[Gen 9] Random Battle", "players": ["p0x29116d09", "p0y2911c55c"], "log": "|init|battle\n|title|p0x29116d09 vs. p0y2911c55c\n|j|\u2606p0x29116d09\n|j|\u2606p0y2911c55c\n|t:|1783573537\n|gametype|singles\n|player|p1|p0x29116d09|1|\n|player|p2|p0y2911c55c|2|\n|gen|9\n|tier|[Gen 9] Random Battle\n|rule|Species Clause: Limit one of each Pok\u00e9mon\n|rule|HP Percentage Mod: HP is shown in percentages\n|rule|Sleep Clause Mod: Limit one foe put to sleep\n|rule|Illusion Level Mod: Illusion disguises the Pok\u00e9mon's true level\n|\n|t:|1783573537\n|teamsize|p1|6\n|teamsize|p2|6\n|start\n|switch|p1a: Duraludon|Duraludon, L82, F|249/249\n|switch|p2a: Hydreigon|Hydreigon, L79, F|100/100\n|turn|1\n|inactive|Battle timer is ON: inactive players will automatically lose when time's up. (requested by p0y2911c55c)\n|inactive|Time left: 300 sec this turn | 300 sec total | 60 sec grace\n|inactive|p0x29116d09 also wants the timer to be on.\n|\n|t:|1783573538\n|switch|p2a: Espathra|Espathra, L80, F|100/100\n|move|p1a: Duraludon|Draco Meteor|p2a: Espathra\n|-damage|p2a: Espathra|28/100\n|-unboost|p1a: Duraludon|spa|2\n|\n|upkeep\n|turn|2\n|inactive|Time left: 300 sec this turn | 300 sec total\n|\n|t:|1783573538\n|switch|p1a: Espathra|Espathra, L80, F|283/283\n|move|p2a: Espathra|Lumina Crash|p1a: Espathra\n|-resisted|p1a: Espathra\n|-damage|p1a: Espathra|202/283\n|-unboost|p1a: Espathra|spd|2\n|\n|-heal|p1a: Espathra|219/283|[from] item: Leftovers\n|-ability|p2a: Espathra|Speed Boost|boost\n|-boost|p2a: Espathra|spe|1\n|upkeep\n|turn|3\n|inactive|Time left: 300 sec this turn | 300 sec total\n|\n|t:|1783573539\n|switch|p1a: Krookodile|Krookodile, L79, M|280/280\n|-ability|p1a: Krookodile|Intimidate|boost\n|-unboost|p2a: Espathra|atk|1\n|move|p2a: Espathra|Lumina Crash|p1a: Krookodile\n|-immune|p1a: Krookodile\n|\n|-ability|p2a: Espathra|Speed Boost|boost\n|-boost|p2a: Espathra|spe|1\n|upkeep\n|turn|4\n|inactive|Time left: 300 sec this turn | 300 sec total\n|\n|t:|1783573540\n|switch|p2a: Hydreigon|Hydreigon, L79, F|100/100\n|move|p1a: Krookodile|Stealth Rock|p2a: Hydreigon\n|-sidestart|p2: p0y2911c55c|move: Stealth Rock\n|\n|upkeep\n|turn|5\n|inactive|Time left: 300 sec this turn | 300 sec total\n|\n|t:|1783573540\n|move|p2a: Hydreigon|Nasty Plot|p2a: Hydreigon\n|-boost|p2a: Hydreigon|spa|2\n|move|p1a: Krookodile|Gunk Shot|p2a: Hydreigon\n|-damage|p2a: Hydreigon|54/100\n|-damage|p1a: Krookodile|252/280|[from] item: Life Orb\n|\n|upkeep\n|turn|6\n|inactive|Time left: 300 sec this turn | 300 sec total\n|\n|t:|1783573541\n|move|p2a: Hydreigon|Fire Blast|p1a: Krookodile\n|-damage|p1a: Krookodile|0 fnt\n|faint|p1a: Krookodile\n|-damage|p2a: Hydreigon|44/100|[from] item: Life Orb\n|\n|upkeep\n|inactive|Time left: 300 sec this turn | 300 sec total | 5 sec grace\n|\n|t:|1783573542\n|switch|p1a: Barraskewda|Barraskewda, L81, F|231/231\n|turn|7\n|inactive|Time left: 300 sec this turn | 300 sec total\n|\n|t:|1783573542\n|move|p1a: Barraskewda|Close Combat|p2a: Hydreigon\n|-supereffective|p2a: Hydreigon\n|-damage|p2a: Hydreigon|0 fnt\n|-unboost|p1a: Barraskewda|def|1\n|-unboost|p1a: Barraskewda|spd|1\n|faint|p2a: Hydreigon\n|\n|upkeep\n|\n|t:|1783573543\n|switch|p2a: Espeon|Espeon, L84, M|100/100\n|-damage|p2a: Espeon|88/100|[from] Stealth Rock\n|turn|8\n|inactive|Time left: 300 sec this turn | 300 sec total\n|\n|t:|1783573544\n|switch|p1a: Espathra|Espathra, L80, F|219/283\n|move|p2a: Espeon|Shadow Ball|p1a: Espathra\n|-supereffective|p1a: Espathra\n|-damage|p1a: Espathra|0 fnt\n|faint|p1a: Espathra\n|\n|upkeep\n|inactive|Time left: 300 sec this turn | 300 sec total | 5 sec grace\n|\n|t:|1783573545\n|switch|p1a: Spectrier|Spectrier, L75|274/274\n|turn|9\n|inactive|Time left: 300 sec this turn | 300 sec total\n|\n|t:|1783573546\n|switch|p2a: Bellibolt|Bellibolt, L84, M|100/100\n|-damage|p2a: Bellibolt|88/100|[from] Stealth Rock\n|move|p1a: Spectrier|Shadow Ball|p2a: Bellibolt\n|-damage|p2a: Bellibolt|47/100\n|-unboost|p2a: Bellibolt|spd|1\n|-start|p2a: Bellibolt|Charge|Shadow Ball|[from] ability: Electromorphosis\n|-damage|p1a: Spectrier|247/274|[from] item: Life Orb\n|\n|-heal|p2a: Bellibolt|54/100|[from] item: Leftovers\n|upkeep\n|turn|10\n|inactive|Time left: 300 sec this turn | 300 sec total\n|\n|t:|1783573547\n|switch|p2a: Espathra|Espathra, L80, F|28/100\n|-damage|p2a: Espathra|16/100|[from] Stealth Rock\n|move|p1a: Spectrier|Shadow Ball|p2a: Espathra\n|-supereffective|p2a: Espathra\n|-damage|p2a: Espathra|0 fnt\n|faint|p2a: Espathra\n|-ability|p1a: Spectrier|Grim Neigh|boost\n|-boost|p1a: Spectrier|spa|1\n|-damage|p1a: Spectrier|220/274|[from] item: Life Orb\n|\n|upkeep\n|\n|t:|1783573548\n|switch|p2a: Heracross|Heracross, L80, F|100/100\n|-damage|p2a: Heracross|88/100|[from] Stealth Rock\n|turn|11\n|inactive|Time left: 300 sec this turn | 300 sec total\n|\n|t:|1783573549\n|-terastallize|p1a: Spectrier|Fairy\n|move|p1a: Spectrier|Draining Kiss|p2a: Heracross\n|-supereffective|p2a: Heracross\n|-damage|p2a: Heracross|0 fnt\n|-heal|p1a: Spectrier|274/274|[from] drain|[of] p2a: Heracross\n|faint|p2a: Heracross\n|-ability|p1a: Spectrier|Grim Neigh|boost\n|-boost|p1a: Spectrier|spa|1\n|-damage|p1a: Spectrier|247/274|[from] item: Life Orb\n|\n|upkeep\n|\n|t:|1783573550\n|switch|p2a: Dragapult|Dragapult, L77, F|100/100\n|turn|12\n|inactive|Time left: 300 sec this turn | 300 sec total\n|\n|t:|1783573551\n|move|p2a: Dragapult|U-turn|p1a: Spectrier\n|-resisted|p1a: Spectrier\n|-damage|p1a: Spectrier|213/274\n|\n|t:|1783573552\n|switch|p2a: Espeon|Espeon, L84, M|88/100|[from] U-turn\n|-damage|p2a: Espeon|76/100|[from] Stealth Rock\n|move|p1a: Spectrier|Draining Kiss|p2a: Espeon\n|-damage|p2a: Espeon|6/100\n|-heal|p1a: Spectrier|274/274|[from] drain|[of] p2a: Espeon\n|-damage|p1a: Spectrier|247/274|[from] item: Life Orb\n|\n|upkeep\n|turn|13\n|inactive|Time left: 300 sec this turn | 300 sec total\n|\n|t:|1783573554\n|move|p1a: Spectrier|Shadow Ball|p2a: Espeon\n|-supereffective|p2a: Espeon\n|-damage|p2a: Espeon|0 fnt\n|faint|p2a: Espeon\n|-ability|p1a: Spectrier|Grim Neigh|boost\n|-boost|p1a: Spectrier|spa|1\n|-damage|p1a: Spectrier|220/274|[from] item: Life Orb\n|\n|upkeep\n|\n|t:|1783573554\n|switch|p2a: Dragapult|Dragapult, L77, F|100/100\n|turn|14\n|inactive|Time left: 300 sec this turn | 300 sec total\n|\n|t:|1783573555\n|move|p2a: Dragapult|Will-O-Wisp|p1a: Spectrier|[miss]\n|-miss|p2a: Dragapult|p1a: Spectrier\n|move|p1a: Spectrier|Draining Kiss|p2a: Dragapult\n|-supereffective|p2a: Dragapult\n|-crit|p2a: Dragapult\n|-damage|p2a: Dragapult|0 fnt\n|-heal|p1a: Spectrier|274/274|[from] drain|[of] p2a: Dragapult\n|faint|p2a: Dragapult\n|-ability|p1a: Spectrier|Grim Neigh|boost\n|-boost|p1a: Spectrier|spa|1\n|-damage|p1a: Spectrier|247/274|[from] item: Life Orb\n|\n|upkeep\n|\n|t:|1783573556\n|switch|p2a: Bellibolt|Bellibolt, L84, M|54/100\n|-damage|p2a: Bellibolt|41/100|[from] Stealth Rock\n|turn|15\n|inactive|Time left: 300 sec this turn | 300 sec total\n|\n|t:|1783573557\n|-terastallize|p2a: Bellibolt|Electric\n|move|p1a: Spectrier|Draining Kiss|p2a: Bellibolt\n|-damage|p2a: Bellibolt|0 fnt\n|-heal|p1a: Spectrier|274/274|[from] drain|[of] p2a: Bellibolt\n|faint|p2a: Bellibolt\n|-damage|p1a: Spectrier|247/274|[from] item: Life Orb\n|\n|win|p0x29116d09", "uploadtime": 1783573557, "views": 0, "rating": 0, "private": 0, "password": null, "_winner": "p0x29116d09", "_our_name": "p0x29116d09"}