{"id": "battle-gen9randombattle-1239", "formatid": "gen9randombattle", "format": "[Gen 9] Random Battle", "players": ["p0x12398217", "p0y12398ae0"], "log": "|init|battle\n|title|p0x12398217 vs. p0y12398ae0\n|j|\u2606p0x12398217\n|j|\u2606p0y12398ae0\n|t:|1783554318\n|gametype|singles\n|player|p1|p0x12398217|169|\n|player|p2|p0y12398ae0|2|\n|gen|9\n|tier|[Gen 9] Random Battle\n|rule|Species Clause: Limit one of each Pok\u00e9mon\n|rule|HP Percentage Mod: HP is shown in percentages\n|rule|Sleep Clause Mod: Limit one foe put to sleep\n|rule|Illusion Level Mod: Illusion disguises the Pok\u00e9mon's true level\n|\n|t:|1783554318\n|teamsize|p1|6\n|teamsize|p2|6\n|start\n|switch|p1a: Arceus|Arceus-Dark, L71|100/100\n|switch|p2a: Sableye|Sableye, L88, F|231/231\n|turn|1\n|inactive|Battle timer is ON: inactive players will automatically lose when time's up. (requested by p0y12398ae0)\n|inactive|p0x12398217 also wants the timer to be on.\n|\n|t:|1783554320\n|switch|p2a: Perrserker|Perrserker, L89, F|269/269\n|move|p1a: Arceus|Judgment|p2a: Perrserker\n|-damage|p2a: Perrserker|122/269\n|\n|upkeep\n|turn|2\n|inactive|Time left: 300 sec this turn | 300 sec total\n|\n|t:|1783554321\n|-terastallize|p2a: Perrserker|Fighting\n|move|p1a: Arceus|Judgment|p2a: Perrserker\n|-resisted|p2a: Perrserker\n|-damage|p2a: Perrserker|51/269\n|move|p2a: Perrserker|Close Combat|p1a: Arceus\n|-supereffective|p1a: Arceus\n|-damage|p1a: Arceus|0 fnt\n|-unboost|p2a: Perrserker|def|1\n|-unboost|p2a: Perrserker|spd|1\n|faint|p1a: Arceus\n|\n|upkeep\n|\n|t:|1783554322\n|switch|p1a: Flapple|Flapple, L88, M|100/100\n|turn|3\n|inactive|Time left: 300 sec this turn | 300 sec total\n|\n|t:|1783554324\n|move|p1a: Flapple|Outrage|p2a: Perrserker|[miss]\n|-miss|p1a: Flapple|p2a: Perrserker\n|move|p2a: Perrserker|Close Combat|p1a: Flapple\n|-damage|p1a: Flapple|0 fnt\n|-unboost|p2a: Perrserker|def|1\n|-unboost|p2a: Perrserker|spd|1\n|faint|p1a: Flapple\n|\n|upkeep\n|\n|t:|1783554325\n|switch|p1a: Braviary|Braviary-Hisui, L85, M|100/100\n|turn|4\n|inactive|Time left: 300 sec this turn | 300 sec total\n|\n|t:|1783554326\n|move|p1a: Braviary|Hurricane|p2a: Perrserker\n|-supereffective|p2a: Perrserker\n|-damage|p2a: Perrserker|0 fnt\n|faint|p2a: Perrserker\n|\n|upkeep\n|inactive|Time left: 300 sec this turn | 300 sec total | 5 sec grace\n|\n|t:|1783554327\n|switch|p2a: Porygon-Z|Porygon-Z, L83|277/277\n|turn|5\n|inactive|Time left: 300 sec this turn | 300 sec total\n|\n|t:|1783554328\n|move|p2a: Porygon-Z|Tera Blast|p1a: Braviary\n|-damage|p1a: Braviary|28/100\n|-damage|p2a: Porygon-Z|250/277|[from] item: Life Orb\n|move|p1a: Braviary|Hurricane|p2a: Porygon-Z\n|-damage|p2a: Porygon-Z|9/277\n|-start|p2a: Porygon-Z|confusion\n|\n|upkeep\n|turn|6\n|inactive|Time left: 300 sec this turn | 300 sec total\n|\n|t:|1783554329\n|-activate|p2a: Porygon-Z|confusion\n|move|p2a: Porygon-Z|Tera Blast|p1a: Braviary\n|-damage|p1a: Braviary|0 fnt\n|faint|p1a: Braviary\n|-damage|p2a: Porygon-Z|0 fnt|[from] item: Life Orb\n|faint|p2a: Porygon-Z\n|\n|upkeep\n|inactive|Time left: 300 sec this turn | 300 sec total | 5 sec grace\n|\n|t:|1783554330\n|switch|p2a: Hydrapple|Hydrapple, L83, M|312/312\n|switch|p1a: Sylveon|Sylveon, L85, M|100/100\n|turn|7\n|inactive|Time left: 300 sec this turn | 300 sec total\n|\n|t:|1783554331\n|switch|p2a: Entei|Entei, L78|307/307\n|move|p1a: Sylveon|Calm Mind|p1a: Sylveon\n|-boost|p1a: Sylveon|spa|1\n|-boost|p1a: Sylveon|spd|1\n|\n|upkeep\n|turn|8\n|inactive|Time left: 300 sec this turn | 300 sec total\n|\n|t:|1783554332\n|move|p1a: Sylveon|Protect|p1a: Sylveon\n|-singleturn|p1a: Sylveon|Protect\n|move|p2a: Entei|Sacred Fire|p1a: Sylveon\n|-activate|p1a: Sylveon|move: Protect\n|\n|upkeep\n|turn|9\n|inactive|Time left: 300 sec this turn | 300 sec total\n|\n|t:|1783554334\n|move|p2a: Entei|Sacred Fire|p1a: Sylveon\n|-damage|p1a: Sylveon|37/100\n|move|p1a: Sylveon|Hyper Voice|p2a: Entei\n|-resisted|p2a: Entei\n|-damage|p2a: Entei|199/307\n|\n|-heal|p1a: Sylveon|43/100|[from] item: Leftovers\n|upkeep\n|turn|10\n|inactive|Time left: 300 sec this turn | 300 sec total\n|\n|t:|1783554335\n|move|p1a: Sylveon|Protect|p1a: Sylveon\n|-singleturn|p1a: Sylveon|Protect\n|move|p2a: Entei|Sacred Fire|p1a: Sylveon\n|-activate|p1a: Sylveon|move: Protect\n|\n|-heal|p1a: Sylveon|49/100|[from] item: Leftovers\n|upkeep\n|turn|11\n|inactive|Time left: 300 sec this turn | 300 sec total\n|\n|t:|1783554336\n|switch|p1a: Crawdaunt|Crawdaunt, L84, F|100/100\n|move|p2a: Entei|Sacred Fire|p1a: Crawdaunt\n|-resisted|p1a: Crawdaunt\n|-damage|p1a: Crawdaunt|69/100\n|-status|p1a: Crawdaunt|brn\n|\n|-damage|p1a: Crawdaunt|63/100 brn|[from] brn\n|upkeep\n|turn|12\n|inactive|Time left: 300 sec this turn | 300 sec total\n|\n|t:|1783554337\n|switch|p2a: Hydrapple|Hydrapple, L83, M|312/312\n|move|p1a: Crawdaunt|Knock Off|p2a: Hydrapple\n|-damage|p2a: Hydrapple|220/312\n|-enditem|p2a: Hydrapple|Assault Vest|[from] move: Knock Off|[of] p1a: Crawdaunt\n|-damage|p1a: Crawdaunt|53/100 brn|[from] item: Life Orb\n|\n|-damage|p1a: Crawdaunt|47/100 brn|[from] brn\n|upkeep\n|turn|13\n|inactive|Time left: 300 sec this turn | 300 sec total\n|\n|t:|1783554338\n|move|p1a: Crawdaunt|Crabhammer|p2a: Hydrapple\n|-resisted|p2a: Hydrapple\n|-damage|p2a: Hydrapple|197/312\n|-damage|p1a: Crawdaunt|37/100 brn|[from] item: Life Orb\n|move|p2a: Hydrapple|Earth Power|p1a: Crawdaunt\n|-damage|p1a: Crawdaunt|0 fnt\n|faint|p1a: Crawdaunt\n|\n|upkeep\n|\n|t:|1783554339\n|switch|p1a: Mimikyu|Mimikyu, L79, F|100/100\n|turn|14\n|inactive|Time left: 300 sec this turn | 300 sec total\n|\n|t:|1783554340\n|switch|p2a: Deoxys|Deoxys-Defense, L84|221/221\n|-ability|p2a: Deoxys|Pressure\n|move|p1a: Mimikyu|Swords Dance|p1a: Mimikyu\n|-boost|p1a: Mimikyu|atk|2\n|\n|upkeep\n|turn|15\n|inactive|Time left: 300 sec this turn | 300 sec total\n|\n|t:|1783554341\n|-terastallize|p1a: Mimikyu|Ghost\n|move|p2a: Deoxys|Night Shade|p1a: Mimikyu\n|-activate|p1a: Mimikyu|ability: Disguise\n|-damage|p1a: Mimikyu|100/100\n|detailschange|p1a: Mimikyu|Mimikyu-Busted, L79, F, tera:Ghost\n|-damage|p1a: Mimikyu|88/100|[from] pokemon: Mimikyu-Busted\n|move|p1a: Mimikyu|Swords Dance|p1a: Mimikyu\n|-boost|p1a: Mimikyu|atk|2\n|\n|upkeep\n|turn|16\n|inactive|Time left: 300 sec this turn | 300 sec total\n|\n|t:|1783554342\n|move|p2a: Deoxys|Night Shade|p1a: Mimikyu\n|-damage|p1a: Mimikyu|49/100\n|move|p1a: Mimikyu|Shadow Claw|p2a: Deoxys\n|-supereffective|p2a: Deoxys\n|-damage|p2a: Deoxys|0 fnt\n|faint|p2a: Deoxys\n|-damage|p1a: Mimikyu|39/100|[from] item: Life Orb\n|\n|upkeep\n|inactive|Time left: 300 sec this turn | 300 sec total | 5 sec grace\n|\n|t:|1783554343\n|switch|p2a: Sableye|Sableye, L88, F|231/231\n|turn|17\n|inactive|Time left: 300 sec this turn | 300 sec total\n|\n|t:|1783554344\n|move|p1a: Mimikyu|Shadow Sneak|p2a: Sableye\n|-damage|p2a: Sableye|39/231\n|-damage|p1a: Mimikyu|30/100|[from] item: Life Orb\n|move|p2a: Sableye|Thunder Wave|p1a: Mimikyu\n|-status|p1a: Mimikyu|par\n|\n|-heal|p2a: Sableye|53/231|[from] item: Leftovers\n|upkeep\n|turn|18\n|inactive|Time left: 300 sec this turn | 300 sec total\n|\n|t:|1783554345\n|move|p1a: Mimikyu|Shadow Sneak|p2a: Sableye\n|-damage|p2a: Sableye|0 fnt\n|faint|p2a: Sableye\n|-damage|p1a: Mimikyu|20/100 par|[from] item: Life Orb\n|\n|upkeep\n|inactive|Time left: 300 sec this turn | 300 sec total | 5 sec grace\n|\n|t:|1783554346\n|switch|p2a: Hydrapple|Hydrapple, L83, M|301/312\n|turn|19\n|inactive|Time left: 300 sec this turn | 300 sec total\n|\n|t:|1783554347\n|move|p1a: Mimikyu|Shadow Sneak|p2a: Hydrapple\n|-crit|p2a: Hydrapple\n|-damage|p2a: Hydrapple|80/312\n|-damage|p1a: Mimikyu|10/100 par|[from] item: Life Orb\n|move|p2a: Hydrapple|Fickle Beam|p1a: Mimikyu\n|-damage|p1a: Mimikyu|0 fnt\n|faint|p1a: Mimikyu\n|\n|upkeep\n|\n|t:|1783554348\n|switch|p1a: Sylveon|Sylveon, L85, M|49/100\n|turn|20\n|inactive|Time left: 300 sec this turn | 300 sec total\n|\n|t:|1783554349\n|move|p1a: Sylveon|Wish|p1a: Sylveon\n|move|p2a: Hydrapple|Leaf Storm|p1a: Sylveon\n|-damage|p1a: Sylveon|12/100\n|-unboost|p2a: Hydrapple|spa|2\n|\n|-heal|p1a: Sylveon|18/100|[from] item: Leftovers\n|upkeep\n|turn|21\n|inactive|Time left: 300 sec this turn | 300 sec total\n|\n|t:|1783554350\n|switch|p2a: Entei|Entei, L78|199/307\n|move|p1a: Sylveon|Hyper Voice|p2a: Entei\n|-resisted|p2a: Entei\n|-damage|p2a: Entei|115/307\n|\n|-heal|p1a: Sylveon|68/100|[from] move: Wish|[wisher] Sylveon\n|-heal|p1a: Sylveon|74/100|[from] item: Leftovers\n|upkeep\n|turn|22\n|inactive|Time left: 300 sec this turn | 300 sec total\n|\n|t:|1783554351\n|move|p1a: Sylveon|Protect|p1a: Sylveon\n|-singleturn|p1a: Sylveon|Protect\n|move|p2a: Entei|Sacred Fire|p1a: Sylveon\n|-activate|p1a: Sylveon|move: Protect\n|\n|-heal|p1a: Sylveon|80/100|[from] item: Leftovers\n|upkeep\n|turn|23\n|inactive|Time left: 300 sec this turn | 300 sec total\n|\n|t:|1783554352\n|move|p2a: Entei|Sacred Fire|p1a: Sylveon\n|-damage|p1a: Sylveon|18/100\n|-status|p1a: Sylveon|brn\n|move|p1a: Sylveon|Wish|p1a: Sylveon\n|\n|-heal|p1a: Sylveon|24/100 brn|[from] item: Leftovers\n|-damage|p1a: Sylveon|18/100 brn|[from] brn\n|upkeep\n|turn|24\n|inactive|Time left: 300 sec this turn | 300 sec total\n|\n|t:|1783554353\n|move|p1a: Sylveon|Protect|p1a: Sylveon\n|-singleturn|p1a: Sylveon|Protect\n|move|p2a: Entei|Sacred Fire|p1a: Sylveon\n|-activate|p1a: Sylveon|move: Protect\n|\n|-heal|p1a: Sylveon|68/100 brn|[from] move: Wish|[wisher] Sylveon\n|-heal|p1a: Sylveon|74/100 brn|[from] item: Leftovers\n|-damage|p1a: Sylveon|68/100 brn|[from] brn\n|upkeep\n|turn|25\n|inactive|Time left: 300 sec this turn | 300 sec total\n|\n|t:|1783554354\n|move|p1a: Sylveon|Protect||[still]\n|-fail|p1a: Sylveon\n|move|p2a: Entei|Sacred Fire|p1a: Sylveon\n|-damage|p1a: Sylveon|8/100 brn\n|\n|-heal|p1a: Sylveon|14/100 brn|[from] item: Leftovers\n|-damage|p1a: Sylveon|8/100 brn|[from] brn\n|upkeep\n|turn|26\n|inactive|Time left: 300 sec this turn | 300 sec total\n|\n|t:|1783554356\n|switch|p2a: Hydrapple|Hydrapple, L83, M|184/312\n|move|p1a: Sylveon|Calm Mind|p1a: Sylveon\n|-boost|p1a: Sylveon|spa|1\n|-boost|p1a: Sylveon|spd|1\n|\n|-heal|p1a: Sylveon|14/100 brn|[from] item: Leftovers\n|-damage|p1a: Sylveon|8/100 brn|[from] brn\n|upkeep\n|turn|27\n|inactive|Time left: 300 sec this turn | 300 sec total\n|\n|t:|1783554357\n|move|p1a: Sylveon|Protect|p1a: Sylveon\n|-singleturn|p1a: Sylveon|Protect\n|move|p2a: Hydrapple|Earth Power|p1a: Sylveon\n|-activate|p1a: Sylveon|move: Protect\n|\n|-heal|p1a: Sylveon|14/100 brn|[from] item: Leftovers\n|-damage|p1a: Sylveon|8/100 brn|[from] brn\n|upkeep\n|turn|28\n|inactive|Time left: 300 sec this turn | 300 sec total\n|\n|t:|1783554358\n|move|p1a: Sylveon|Protect||[still]\n|-fail|p1a: Sylveon\n|move|p2a: Hydrapple|Earth Power|p1a: Sylveon\n|-damage|p1a: Sylveon|0 fnt\n|faint|p1a: Sylveon\n|\n|win|p0y12398ae0", "uploadtime": 1783554358, "views": 0, "rating": 0, "private": 0, "password": null, "_winner": "p0y12398ae0", "_our_name": "p0y12398ae0"}