{"id": "battle-gen9randombattle-498", "formatid": "gen9randombattle", "format": "[Gen 9] Random Battle", "players": ["p0x498d778", "p0y4987660"], "log": "|init|battle\n|title|p0x498d778 vs. p0y4987660\n|j|\u2606p0x498d778\n|j|\u2606p0y4987660\n|t:|1783545545\n|gametype|singles\n|player|p1|p0x498d778|169|\n|player|p2|p0y4987660|101|\n|gen|9\n|tier|[Gen 9] Random Battle\n|rule|Species Clause: Limit one of each Pok\u00e9mon\n|rule|HP Percentage Mod: HP is shown in percentages\n|rule|Sleep Clause Mod: Limit one foe put to sleep\n|rule|Illusion Level Mod: Illusion disguises the Pok\u00e9mon's true level\n|\n|t:|1783545545\n|teamsize|p1|6\n|teamsize|p2|6\n|start\n|switch|p1a: Ariados|Ariados, L95, F|287/287\n|switch|p2a: Chimecho|Chimecho, L93, M|100/100\n|turn|1\n|inactive|Battle timer is ON: inactive players will automatically lose when time's up. (requested by p0y4987660)\n|inactive|Time left: 300 sec this turn | 300 sec total | 60 sec grace\n|inactive|p0x498d778 also wants the timer to be on.\n|\n|t:|1783545547\n|move|p2a: Chimecho|Psyshock|p1a: Ariados\n|-supereffective|p1a: Ariados\n|-damage|p1a: Ariados|71/287\n|move|p1a: Ariados|Sticky Web|p2a: Chimecho\n|-sidestart|p2: p0y4987660|move: Sticky Web\n|\n|upkeep\n|turn|2\n|inactive|Time left: 300 sec this turn | 300 sec total\n|\n|t:|1783545548\n|switch|p1a: Manaphy|Manaphy, L78|284/284\n|move|p2a: Chimecho|Psyshock|p1a: Manaphy\n|-crit|p1a: Manaphy\n|-damage|p1a: Manaphy|143/284\n|\n|-heal|p1a: Manaphy|160/284|[from] item: Leftovers\n|upkeep\n|turn|3\n|inactive|Time left: 300 sec this turn | 300 sec total\n|\n|t:|1783545549\n|move|p1a: Manaphy|Tail Glow|p1a: Manaphy\n|-boost|p1a: Manaphy|spa|3\n|move|p2a: Chimecho|Calm Mind|p2a: Chimecho\n|-boost|p2a: Chimecho|spa|1\n|-boost|p2a: Chimecho|spd|1\n|\n|-heal|p1a: Manaphy|177/284|[from] item: Leftovers\n|upkeep\n|turn|4\n|inactive|Time left: 300 sec this turn | 300 sec total\n|\n|t:|1783545550\n|move|p1a: Manaphy|Hydro Pump|p2a: Chimecho|[miss]\n|-miss|p1a: Manaphy|p2a: Chimecho\n|move|p2a: Chimecho|Psyshock|p1a: Manaphy\n|-damage|p1a: Manaphy|30/284\n|\n|-heal|p1a: Manaphy|47/284|[from] item: Leftovers\n|upkeep\n|turn|5\n|inactive|Time left: 300 sec this turn | 300 sec total\n|\n|t:|1783545552\n|move|p1a: Manaphy|Hydro Pump|p2a: Chimecho\n|-damage|p2a: Chimecho|51/100\n|move|p2a: Chimecho|Psyshock|p1a: Manaphy\n|-damage|p1a: Manaphy|0 fnt\n|faint|p1a: Manaphy\n|\n|-heal|p2a: Chimecho|57/100|[from] item: Leftovers\n|upkeep\n|inactive|Time left: 300 sec this turn | 300 sec total | 5 sec grace\n|\n|t:|1783545553\n|switch|p1a: Tauros|Tauros, L82, M|257/257\n|turn|6\n|inactive|Time left: 300 sec this turn | 300 sec total\n|\n|t:|1783545554\n|-terastallize|p1a: Tauros|Normal\n|move|p1a: Tauros|Body Slam|p2a: Chimecho\n|-damage|p2a: Chimecho|0 fnt\n|faint|p2a: Chimecho\n|\n|upkeep\n|\n|t:|1783545555\n|switch|p2a: Leafeon|Leafeon, L88, M|100/100\n|-activate|p2a: Leafeon|move: Sticky Web\n|-unboost|p2a: Leafeon|spe|1\n|turn|7\n|inactive|Time left: 300 sec this turn | 300 sec total\n|\n|t:|1783545556\n|move|p1a: Tauros|Body Slam|p2a: Leafeon\n|-damage|p2a: Leafeon|42/100\n|move|p2a: Leafeon|Leaf Blade|p1a: Tauros\n|-damage|p1a: Tauros|113/257\n|-damage|p2a: Leafeon|32/100|[from] item: Life Orb\n|\n|upkeep\n|turn|8\n|inactive|Time left: 300 sec this turn | 300 sec total\n|\n|t:|1783545557\n|move|p1a: Tauros|Body Slam|p2a: Leafeon\n|-damage|p2a: Leafeon|0 fnt\n|faint|p2a: Leafeon\n|\n|upkeep\n|\n|t:|1783545558\n|switch|p2a: Dewgong|Dewgong, L94, M|100/100\n|turn|9\n|inactive|Time left: 300 sec this turn | 300 sec total\n|\n|t:|1783545559\n|move|p1a: Tauros|Body Slam|p2a: Dewgong\n|-damage|p2a: Dewgong|46/100\n|move|p2a: Dewgong|Surf|p1a: Tauros\n|-damage|p1a: Tauros|8/257\n|\n|upkeep\n|turn|10\n|inactive|Time left: 300 sec this turn | 300 sec total\n|\n|t:|1783545560\n|switch|p2a: Eiscue|Eiscue, L88, M|100/100\n|-activate|p2a: Eiscue|move: Sticky Web\n|-unboost|p2a: Eiscue|spe|1\n|move|p1a: Tauros|Body Slam|p2a: Eiscue\n|-activate|p2a: Eiscue|ability: Ice Face\n|-damage|p2a: Eiscue|100/100\n|detailschange|p2a: Eiscue|Eiscue-Noice, L88, M\n|\n|upkeep\n|turn|11\n|inactive|Time left: 300 sec this turn | 300 sec total\n|\n|t:|1783545561\n|move|p1a: Tauros|Body Slam|p2a: Eiscue\n|-damage|p2a: Eiscue|11/100\n|-enditem|p2a: Eiscue|Sitrus Berry|[eat]\n|-heal|p2a: Eiscue|36/100|[from] item: Sitrus Berry\n|move|p2a: Eiscue|Belly Drum||[still]\n|-fail|p2a: Eiscue\n|\n|upkeep\n|turn|12\n|inactive|Time left: 300 sec this turn | 300 sec total\n|\n|t:|1783545562\n|switch|p1a: Oinkologne|Oinkologne, L92, M|352/352\n|move|p2a: Eiscue|Liquidation|p1a: Oinkologne\n|-damage|p1a: Oinkologne|288/352\n|\n|-heal|p1a: Oinkologne|310/352|[from] item: Leftovers\n|upkeep\n|turn|13\n|inactive|Time left: 300 sec this turn | 300 sec total\n|\n|t:|1783545563\n|move|p2a: Eiscue|Liquidation|p1a: Oinkologne\n|-damage|p1a: Oinkologne|251/352\n|move|p1a: Oinkologne|Double-Edge|p2a: Eiscue\n|-damage|p2a: Eiscue|0 fnt\n|faint|p2a: Eiscue\n|-damage|p1a: Oinkologne|219/352|[from] Recoil\n|\n|-heal|p1a: Oinkologne|241/352|[from] item: Leftovers\n|upkeep\n|\n|t:|1783545564\n|switch|p2a: Hitmonlee|Hitmonlee, L85, M|100/100\n|-activate|p2a: Hitmonlee|move: Sticky Web\n|-unboost|p2a: Hitmonlee|spe|1\n|turn|14\n|inactive|Time left: 300 sec this turn | 300 sec total\n|\n|t:|1783545565\n|move|p1a: Oinkologne|Double-Edge|p2a: Hitmonlee\n|-crit|p2a: Hitmonlee\n|-damage|p2a: Hitmonlee|0 fnt\n|faint|p2a: Hitmonlee\n|-damage|p1a: Oinkologne|167/352|[from] Recoil\n|\n|-heal|p1a: Oinkologne|189/352|[from] item: Leftovers\n|upkeep\n|\n|t:|1783545566\n|switch|p2a: Electrode|Electrode-Hisui, L87|100/100\n|-activate|p2a: Electrode|move: Sticky Web\n|-unboost|p2a: Electrode|spe|1\n|turn|15\n|inactive|Time left: 300 sec this turn | 300 sec total\n|\n|t:|1783545567\n|move|p2a: Electrode|Thunderbolt|p1a: Oinkologne\n|-damage|p1a: Oinkologne|71/352\n|-damage|p2a: Electrode|91/100|[from] item: Life Orb\n|move|p1a: Oinkologne|Double-Edge|p2a: Electrode\n|-crit|p2a: Electrode\n|-damage|p2a: Electrode|0 fnt\n|faint|p2a: Electrode\n|-damage|p1a: Oinkologne|0 fnt|[from] Recoil\n|faint|p1a: Oinkologne\n|\n|upkeep\n|inactive|Time left: 300 sec this turn | 300 sec total | 5 sec grace\n|\n|t:|1783545568\n|switch|p2a: Dewgong|Dewgong, L94, M|46/100\n|switch|p1a: Tauros|Tauros, L82, M, tera:Normal|8/257\n|turn|16\n|inactive|Time left: 300 sec this turn | 300 sec total\n|\n|t:|1783545569\n|-terastallize|p2a: Dewgong|Ground\n|move|p1a: Tauros|Body Slam|p2a: Dewgong\n|-damage|p2a: Dewgong|0 fnt\n|faint|p2a: Dewgong\n|\n|win|p0x498d778", "uploadtime": 1783545569, "views": 0, "rating": 0, "private": 0, "password": null, "_winner": "p0x498d778", "_our_name": "p0x498d778"}