{"id": "battle-gen9randombattle-2501", "formatid": "gen9randombattle", "format": "[Gen 9] Random Battle", "players": ["p0x2501ec60", "p0y2501dd68"], "log": "|init|battle\n|title|p0x2501ec60 vs. p0y2501dd68\n|j|\u2606p0x2501ec60\n|j|\u2606p0y2501dd68\n|t:|1783568996\n|gametype|singles\n|player|p1|p0x2501ec60|101|\n|player|p2|p0y2501dd68|2|\n|gen|9\n|tier|[Gen 9] Random Battle\n|rule|Species Clause: Limit one of each Pok\u00e9mon\n|rule|HP Percentage Mod: HP is shown in percentages\n|rule|Sleep Clause Mod: Limit one foe put to sleep\n|rule|Illusion Level Mod: Illusion disguises the Pok\u00e9mon's true level\n|\n|t:|1783568996\n|teamsize|p1|6\n|teamsize|p2|6\n|start\n|switch|p1a: Sableye|Sableye, L88, M|231/231\n|switch|p2a: Pikachu|Pikachu-Partner, L93, M|100/100\n|turn|1\n|inactive|Battle timer is ON: inactive players will automatically lose when time's up. (requested by p0x2501ec60)\n|inactive|p0y2501dd68 also wants the timer to be on.\n|\n|t:|1783568997\n|move|p2a: Pikachu|Play Rough|p1a: Sableye\n|-supereffective|p1a: Sableye\n|-damage|p1a: Sableye|27/231\n|move|p1a: Sableye|Knock Off|p2a: Pikachu\n|-damage|p2a: Pikachu|30/100\n|-enditem|p2a: Pikachu|Light Ball|[from] move: Knock Off|[of] p1a: Sableye\n|\n|-heal|p1a: Sableye|41/231|[from] item: Leftovers\n|upkeep\n|turn|2\n|inactive|Time left: 300 sec this turn | 300 sec total\n|\n|t:|1783568998\n|switch|p2a: Luxray|Luxray, L88, F|100/100\n|move|p1a: Sableye|Recover|p1a: Sableye\n|-heal|p1a: Sableye|157/231\n|\n|-heal|p1a: Sableye|171/231|[from] item: Leftovers\n|-status|p2a: Luxray|brn|[from] item: Flame Orb\n|upkeep\n|turn|3\n|inactive|Time left: 300 sec this turn | 300 sec total\n|\n|t:|1783568999\n|switch|p1a: Carbink|Carbink, L90|236/236\n|move|p2a: Luxray|Supercell Slam|p1a: Carbink\n|-damage|p1a: Carbink|101/236\n|\n|-heal|p1a: Carbink|115/236|[from] item: Leftovers\n|-damage|p2a: Luxray|94/100 brn|[from] brn\n|upkeep\n|turn|4\n|inactive|Time left: 300 sec this turn | 300 sec total\n|\n|t:|1783568999\n|switch|p1a: Glaceon|Glaceon, L94, M|275/275\n|move|p2a: Luxray|Supercell Slam|p1a: Glaceon\n|-damage|p1a: Glaceon|121/275\n|\n|-damage|p2a: Luxray|88/100 brn|[from] brn\n|upkeep\n|turn|5\n|inactive|Time left: 300 sec this turn | 300 sec total\n|\n|t:|1783569000\n|move|p1a: Glaceon|Protect|p1a: Glaceon\n|-singleturn|p1a: Glaceon|Protect\n|move|p2a: Luxray|Facade|p1a: Glaceon\n|-activate|p1a: Glaceon|move: Protect\n|\n|-damage|p2a: Luxray|82/100 brn|[from] brn\n|upkeep\n|turn|6\n|inactive|Time left: 300 sec this turn | 300 sec total\n|\n|t:|1783569001\n|move|p1a: Glaceon|Freeze-Dry|p2a: Luxray\n|-damage|p2a: Luxray|43/100 brn\n|move|p2a: Luxray|Facade|p1a: Glaceon\n|-damage|p1a: Glaceon|0 fnt\n|faint|p1a: Glaceon\n|\n|-damage|p2a: Luxray|37/100 brn|[from] brn\n|upkeep\n|inactive|Time left: 300 sec this turn | 300 sec total | 5 sec grace\n|\n|t:|1783569002\n|switch|p1a: Raichu|Raichu-Alola, L87, F|246/246\n|turn|7\n|inactive|Time left: 300 sec this turn | 300 sec total\n|\n|t:|1783569003\n|switch|p2a: Dudunsparce|Dudunsparce, L83, F|100/100\n|move|p1a: Raichu|Psyshock|p2a: Dudunsparce\n|-damage|p2a: Dudunsparce|59/100\n|\n|-heal|p2a: Dudunsparce|65/100|[from] item: Leftovers\n|upkeep\n|turn|8\n|inactive|Time left: 300 sec this turn | 300 sec total\n|\n|t:|1783569004\n|move|p1a: Raichu|Psyshock|p2a: Dudunsparce\n|-damage|p2a: Dudunsparce|21/100\n|move|p2a: Dudunsparce|Earthquake|p1a: Raichu\n|-supereffective|p1a: Raichu\n|-damage|p1a: Raichu|38/246\n|\n|-heal|p2a: Dudunsparce|27/100|[from] item: Leftovers\n|upkeep\n|turn|9\n|inactive|Time left: 300 sec this turn | 300 sec total\n|\n|t:|1783569005\n|switch|p2a: Crawdaunt|Crawdaunt, L84, F|100/100\n|move|p1a: Raichu|Psyshock|p2a: Crawdaunt\n|-immune|p2a: Crawdaunt\n|\n|upkeep\n|turn|10\n|inactive|Time left: 300 sec this turn | 300 sec total\n|\n|t:|1783569006\n|move|p1a: Raichu|Psyshock|p2a: Crawdaunt\n|-immune|p2a: Crawdaunt\n|move|p2a: Crawdaunt|Dragon Dance|p2a: Crawdaunt\n|-boost|p2a: Crawdaunt|atk|1\n|-boost|p2a: Crawdaunt|spe|1\n|\n|upkeep\n|turn|11\n|inactive|Time left: 300 sec this turn | 300 sec total\n|\n|t:|1783569007\n|move|p1a: Raichu|Psyshock|p2a: Crawdaunt\n|-immune|p2a: Crawdaunt\n|move|p2a: Crawdaunt|Dragon Dance|p2a: Crawdaunt\n|-boost|p2a: Crawdaunt|atk|1\n|-boost|p2a: Crawdaunt|spe|1\n|\n|upkeep\n|turn|12\n|inactive|Time left: 300 sec this turn | 300 sec total\n|\n|t:|1783569008\n|move|p2a: Crawdaunt|Knock Off|p1a: Raichu\n|-supereffective|p1a: Raichu\n|-damage|p1a: Raichu|0 fnt\n|-enditem|p1a: Raichu|Choice Specs|[from] move: Knock Off|[of] p2a: Crawdaunt\n|faint|p1a: Raichu\n|-damage|p2a: Crawdaunt|91/100|[from] item: Life Orb\n|\n|upkeep\n|inactive|Time left: 300 sec this turn | 300 sec total | 5 sec grace\n|\n|t:|1783569009\n|switch|p1a: Chimecho|Chimecho, L93, F|290/290\n|turn|13\n|inactive|Time left: 300 sec this turn | 300 sec total\n|\n|t:|1783569010\n|-terastallize|p1a: Chimecho|Fairy\n|move|p2a: Crawdaunt|Knock Off|p1a: Chimecho\n|-resisted|p1a: Chimecho\n|-damage|p1a: Chimecho|83/290\n|-enditem|p1a: Chimecho|Leftovers|[from] move: Knock Off|[of] p2a: Crawdaunt\n|-damage|p2a: Crawdaunt|81/100|[from] item: Life Orb\n|move|p1a: Chimecho|Dazzling Gleam|p2a: Crawdaunt\n|-supereffective|p2a: Crawdaunt\n|-damage|p2a: Crawdaunt|0 fnt\n|faint|p2a: Crawdaunt\n|\n|upkeep\n|\n|t:|1783569011\n|switch|p2a: Cobalion|Cobalion, L80|100/100\n|turn|14\n|inactive|Time left: 300 sec this turn | 300 sec total\n|\n|t:|1783569012\n|move|p2a: Cobalion|Flash Cannon|p1a: Chimecho\n|-supereffective|p1a: Chimecho\n|-crit|p1a: Chimecho\n|-damage|p1a: Chimecho|0 fnt\n|faint|p1a: Chimecho\n|\n|upkeep\n|inactive|Time left: 300 sec this turn | 300 sec total | 5 sec grace\n|\n|t:|1783569013\n|switch|p1a: Pelipper|Pelipper, L86, F|243/243\n|-weather|RainDance|[from] ability: Drizzle|[of] p1a: Pelipper\n|turn|15\n|inactive|Time left: 300 sec this turn | 300 sec total\n|\n|t:|1783569014\n|switch|p2a: Pikachu|Pikachu-Partner, L93, M|30/100\n|move|p1a: Pelipper|Weather Ball|p2a: Pikachu\n|-damage|p2a: Pikachu|0 fnt\n|faint|p2a: Pikachu\n|\n|-weather|RainDance|[upkeep]\n|upkeep\n|\n|t:|1783569015\n|switch|p2a: Luxray|Luxray, L88, F|37/100 brn\n|turn|16\n|inactive|Time left: 300 sec this turn | 300 sec total\n|\n|t:|1783569016\n|switch|p1a: Sableye|Sableye, L88, M|171/231\n|move|p2a: Luxray|Supercell Slam|p1a: Sableye\n|-damage|p1a: Sableye|0 fnt\n|faint|p1a: Sableye\n|\n|-weather|RainDance|[upkeep]\n|-damage|p2a: Luxray|31/100 brn|[from] brn\n|upkeep\n|inactive|Time left: 300 sec this turn | 300 sec total | 5 sec grace\n|\n|t:|1783569017\n|switch|p1a: Pelipper|Pelipper, L86, F|243/243\n|turn|17\n|inactive|Time left: 300 sec this turn | 300 sec total\n|\n|t:|1783569018\n|move|p2a: Luxray|Supercell Slam|p1a: Pelipper|[miss]\n|-miss|p2a: Luxray|p1a: Pelipper\n|-damage|p2a: Luxray|0 fnt|[from] supercellslam\n|faint|p2a: Luxray\n|move|p1a: Pelipper|Hydro Pump|p2: Luxray|[notarget]\n|-fail|p1a: Pelipper\n|\n|-weather|RainDance|[upkeep]\n|upkeep\n|\n|t:|1783569019\n|switch|p2a: Zapdos|Zapdos-Galar, L77|100/100\n|turn|18\n|inactive|Time left: 300 sec this turn | 300 sec total\n|\n|t:|1783569020\n|move|p2a: Zapdos|Knock Off|p1a: Pelipper\n|-damage|p1a: Pelipper|166/243\n|-enditem|p1a: Pelipper|Choice Specs|[from] move: Knock Off|[of] p2a: Zapdos\n|-damage|p2a: Zapdos|91/100|[from] item: Life Orb\n|move|p1a: Pelipper|Hydro Pump|p2a: Zapdos|[miss]\n|-miss|p1a: Pelipper|p2a: Zapdos\n|\n|-weather|RainDance|[upkeep]\n|upkeep\n|turn|19\n|inactive|Time left: 300 sec this turn | 300 sec total\n|\n|t:|1783569021\n|switch|p1a: Carbink|Carbink, L90|115/236\n|move|p2a: Zapdos|Brave Bird|p1a: Carbink\n|-resisted|p1a: Carbink\n|-damage|p1a: Carbink|62/236\n|-damage|p2a: Zapdos|84/100|[from] Recoil\n|-damage|p2a: Zapdos|74/100|[from] item: Life Orb\n|\n|-weather|none\n|-heal|p1a: Carbink|76/236|[from] item: Leftovers\n|upkeep\n|turn|20\n|inactive|Time left: 300 sec this turn | 300 sec total\n|\n|t:|1783569022\n|switch|p1a: Pelipper|Pelipper, L86, F|166/243\n|-weather|RainDance|[from] ability: Drizzle|[of] p1a: Pelipper\n|move|p2a: Zapdos|Close Combat|p1a: Pelipper\n|-resisted|p1a: Pelipper\n|-damage|p1a: Pelipper|84/243\n|-unboost|p2a: Zapdos|def|1\n|-unboost|p2a: Zapdos|spd|1\n|-damage|p2a: Zapdos|65/100|[from] item: Life Orb\n|\n|-weather|RainDance|[upkeep]\n|upkeep\n|turn|21\n|inactive|Time left: 300 sec this turn | 300 sec total\n|\n|t:|1783569023\n|switch|p1a: Carbink|Carbink, L90|76/236\n|-terastallize|p2a: Zapdos|Fighting\n|move|p2a: Zapdos|Close Combat|p1a: Carbink\n|-damage|p1a: Carbink|0 fnt\n|-unboost|p2a: Zapdos|def|1\n|-unboost|p2a: Zapdos|spd|1\n|faint|p1a: Carbink\n|-damage|p2a: Zapdos|55/100|[from] item: Life Orb\n|\n|-weather|RainDance|[upkeep]\n|upkeep\n|inactive|Time left: 300 sec this turn | 300 sec total | 5 sec grace\n|\n|t:|1783569024\n|switch|p1a: Pelipper|Pelipper, L86, F|84/243\n|turn|22\n|inactive|Time left: 300 sec this turn | 300 sec total\n|\n|t:|1783569025\n|move|p2a: Zapdos|Close Combat|p1a: Pelipper\n|-resisted|p1a: Pelipper\n|-damage|p1a: Pelipper|0 fnt\n|-unboost|p2a: Zapdos|def|1\n|-unboost|p2a: Zapdos|spd|1\n|faint|p1a: Pelipper\n|-damage|p2a: Zapdos|45/100|[from] item: Life Orb\n|\n|win|p0y2501dd68", "uploadtime": 1783569025, "views": 0, "rating": 0, "private": 0, "password": null, "_winner": "p0y2501dd68", "_our_name": "p0x2501ec60"}