{"id": "battle-gen9randombattle-1519", "formatid": "gen9randombattle", "format": "[Gen 9] Random Battle", "players": ["p0x1519e1fe", "p0y15191a0e"], "log": "|init|battle\n|title|p0x1519e1fe vs. p0y15191a0e\n|j|\u2606p0x1519e1fe\n|j|\u2606p0y15191a0e\n|t:|1783557677\n|gametype|singles\n|player|p1|p0x1519e1fe|169|\n|player|p2|p0y15191a0e|2|\n|gen|9\n|tier|[Gen 9] Random Battle\n|rule|Species Clause: Limit one of each Pok\u00e9mon\n|rule|HP Percentage Mod: HP is shown in percentages\n|rule|Sleep Clause Mod: Limit one foe put to sleep\n|rule|Illusion Level Mod: Illusion disguises the Pok\u00e9mon's true level\n|\n|t:|1783557677\n|teamsize|p1|6\n|teamsize|p2|6\n|start\n|switch|p1a: Clawitzer|Clawitzer, L87, M|265/265\n|switch|p2a: Walking Wake|Walking Wake, L79|100/100\n|turn|1\n|inactive|Battle timer is ON: inactive players will automatically lose when time's up. (requested by p0y15191a0e)\n|inactive|Time left: 300 sec this turn | 300 sec total | 60 sec grace\n|\n|t:|1783557679\n|move|p2a: Walking Wake|Draco Meteor|p1a: Clawitzer\n|-damage|p1a: Clawitzer|88/265\n|-unboost|p2a: Walking Wake|spa|2\n|-damage|p2a: Walking Wake|91/100|[from] item: Life Orb\n|move|p1a: Clawitzer|Dragon Pulse|p2a: Walking Wake\n|-supereffective|p2a: Walking Wake\n|-damage|p2a: Walking Wake|0 fnt\n|faint|p2a: Walking Wake\n|-end|p2a: Walking Wake|Protosynthesis|[silent]\n|\n|upkeep\n|inactive|p0x1519e1fe also wants the timer to be on.\n|\n|t:|1783557680\n|switch|p2a: Cinderace|Cinderace, L77, F|100/100\n|turn|2\n|inactive|Time left: 300 sec this turn | 300 sec total\n|\n|t:|1783557681\n|move|p2a: Cinderace|Gunk Shot|p1a: Clawitzer\n|-start|p2a: Cinderace|typechange|Poison|[from] ability: Libero\n|-damage|p1a: Clawitzer|0 fnt\n|faint|p1a: Clawitzer\n|\n|upkeep\n|inactive|Time left: 300 sec this turn | 300 sec total | 5 sec grace\n|\n|t:|1783557682\n|switch|p1a: Iron Boulder|Iron Boulder, L77|265/265\n|turn|3\n|inactive|Time left: 300 sec this turn | 300 sec total\n|\n|t:|1783557684\n|move|p1a: Iron Boulder|Swords Dance|p1a: Iron Boulder\n|-boost|p1a: Iron Boulder|atk|2\n|move|p2a: Cinderace|Gunk Shot|p1a: Iron Boulder\n|-resisted|p1a: Iron Boulder\n|-damage|p1a: Iron Boulder|157/265\n|-status|p1a: Iron Boulder|psn\n|\n|-damage|p1a: Iron Boulder|124/265 psn|[from] psn\n|upkeep\n|turn|4\n|inactive|Time left: 300 sec this turn | 300 sec total\n|\n|t:|1783557685\n|switch|p2a: Breloom|Breloom, L83, F|100/100\n|move|p1a: Iron Boulder|Mighty Cleave|p2a: Breloom\n|-resisted|p2a: Breloom\n|-damage|p2a: Breloom|45/100\n|-damage|p1a: Iron Boulder|98/265 psn|[from] item: Life Orb\n|\n|-damage|p1a: Iron Boulder|65/265 psn|[from] psn\n|upkeep\n|turn|5\n|inactive|Time left: 300 sec this turn | 300 sec total\n|\n|t:|1783557686\n|move|p2a: Breloom|Mach Punch|p1a: Iron Boulder\n|-damage|p1a: Iron Boulder|0 fnt\n|faint|p1a: Iron Boulder\n|-end|p1a: Iron Boulder|Quark Drive|[silent]\n|-damage|p2a: Breloom|35/100|[from] item: Life Orb\n|\n|upkeep\n|inactive|Time left: 300 sec this turn | 300 sec total | 5 sec grace\n|\n|t:|1783557687\n|switch|p1a: Mismagius|Mismagius, L86, M|243/243\n|turn|6\n|inactive|Time left: 300 sec this turn | 300 sec total\n|\n|t:|1783557688\n|switch|p2a: Girafarig|Girafarig, L89, M|100/100\n|move|p1a: Mismagius|Shadow Ball|p2a: Girafarig\n|-immune|p2a: Girafarig\n|\n|upkeep\n|turn|7\n|inactive|Time left: 300 sec this turn | 300 sec total\n|\n|t:|1783557689\n|move|p1a: Mismagius|Nasty Plot|p1a: Mismagius\n|-boost|p1a: Mismagius|spa|2\n|move|p2a: Girafarig|Nasty Plot|p2a: Girafarig\n|-boost|p2a: Girafarig|spa|2\n|\n|upkeep\n|turn|8\n|inactive|Time left: 300 sec this turn | 300 sec total\n|\n|t:|1783557690\n|move|p1a: Mismagius|Substitute|p1a: Mismagius\n|-start|p1a: Mismagius|Substitute\n|-damage|p1a: Mismagius|183/243\n|move|p2a: Girafarig|Psyshock|p1a: Mismagius\n|-end|p1a: Mismagius|Substitute\n|\n|-heal|p1a: Mismagius|198/243|[from] item: Leftovers\n|upkeep\n|turn|9\n|inactive|Time left: 300 sec this turn | 300 sec total\n|\n|t:|1783557691\n|move|p1a: Mismagius|Substitute|p1a: Mismagius\n|-start|p1a: Mismagius|Substitute\n|-damage|p1a: Mismagius|138/243\n|move|p2a: Girafarig|Psyshock|p1a: Mismagius\n|-end|p1a: Mismagius|Substitute\n|\n|-heal|p1a: Mismagius|153/243|[from] item: Leftovers\n|upkeep\n|turn|10\n|inactive|Time left: 300 sec this turn | 300 sec total\n|\n|t:|1783557692\n|move|p1a: Mismagius|Substitute|p1a: Mismagius\n|-start|p1a: Mismagius|Substitute\n|-damage|p1a: Mismagius|93/243\n|move|p2a: Girafarig|Psyshock|p1a: Mismagius\n|-end|p1a: Mismagius|Substitute\n|\n|-heal|p1a: Mismagius|108/243|[from] item: Leftovers\n|upkeep\n|turn|11\n|inactive|Time left: 300 sec this turn | 300 sec total\n|\n|t:|1783557693\n|move|p1a: Mismagius|Substitute|p1a: Mismagius\n|-start|p1a: Mismagius|Substitute\n|-damage|p1a: Mismagius|48/243\n|move|p2a: Girafarig|Psyshock|p1a: Mismagius\n|-end|p1a: Mismagius|Substitute\n|\n|-heal|p1a: Mismagius|63/243|[from] item: Leftovers\n|upkeep\n|turn|12\n|inactive|Time left: 300 sec this turn | 300 sec total\n|\n|t:|1783557694\n|move|p1a: Mismagius|Tera Blast|p2a: Girafarig\n|-damage|p2a: Girafarig|61/100\n|move|p2a: Girafarig|Thunderbolt|p1a: Mismagius\n|-crit|p1a: Mismagius\n|-damage|p1a: Mismagius|0 fnt\n|faint|p1a: Mismagius\n|\n|upkeep\n|inactive|Time left: 300 sec this turn | 300 sec total | 5 sec grace\n|\n|t:|1783557695\n|switch|p1a: Cacturne|Cacturne, L92, F|278/278\n|turn|13\n|inactive|Time left: 300 sec this turn | 300 sec total\n|\n|t:|1783557696\n|-terastallize|p2a: Girafarig|Electric\n|move|p1a: Cacturne|Sucker Punch|p2a: Girafarig\n|-crit|p2a: Girafarig\n|-damage|p2a: Girafarig|6/100\n|-damage|p1a: Cacturne|251/278|[from] item: Life Orb\n|move|p2a: Girafarig|Hyper Voice|p1a: Cacturne\n|-damage|p1a: Cacturne|0 fnt\n|faint|p1a: Cacturne\n|\n|upkeep\n|inactive|Time left: 300 sec this turn | 300 sec total | 5 sec grace\n|\n|t:|1783557697\n|switch|p1a: Sceptile|Sceptile, L87, F|264/264\n|turn|14\n|inactive|Time left: 300 sec this turn | 300 sec total\n|\n|t:|1783557698\n|move|p1a: Sceptile|Earthquake|p2a: Girafarig\n|-supereffective|p2a: Girafarig\n|-damage|p2a: Girafarig|0 fnt\n|faint|p2a: Girafarig\n|-damage|p1a: Sceptile|238/264|[from] item: Life Orb\n|\n|upkeep\n|\n|t:|1783557699\n|switch|p2a: Shiftry|Shiftry, L89, F, shiny|100/100\n|turn|15\n|inactive|Time left: 300 sec this turn | 300 sec total\n|\n|t:|1783557700\n|move|p1a: Sceptile|Focus Blast|p2a: Shiftry\n|-supereffective|p2a: Shiftry\n|-damage|p2a: Shiftry|0 fnt\n|faint|p2a: Shiftry\n|-damage|p1a: Sceptile|212/264|[from] item: Life Orb\n|\n|upkeep\n|\n|t:|1783557701\n|switch|p2a: Breloom|Breloom, L83, F|35/100\n|turn|16\n|inactive|Time left: 300 sec this turn | 300 sec total\n|\n|t:|1783557702\n|move|p1a: Sceptile|Giga Drain|p2a: Breloom\n|-resisted|p2a: Breloom\n|-damage|p2a: Breloom|2/100\n|-heal|p1a: Sceptile|251/264|[from] drain|[of] p2a: Breloom\n|-damage|p1a: Sceptile|225/264|[from] item: Life Orb\n|move|p2a: Breloom|Rock Tomb|p1a: Sceptile\n|-damage|p1a: Sceptile|100/264\n|-unboost|p1a: Sceptile|spe|1\n|-damage|p2a: Breloom|0 fnt|[from] item: Life Orb\n|faint|p2a: Breloom\n|\n|upkeep\n|\n|t:|1783557704\n|switch|p2a: Cinderace|Cinderace, L77, F|100/100\n|turn|17\n|inactive|Time left: 300 sec this turn | 300 sec total\n|\n|t:|1783557704\n|move|p2a: Cinderace|High Jump Kick|p1a: Sceptile\n|-start|p2a: Cinderace|typechange|Fighting|[from] ability: Libero\n|-crit|p1a: Sceptile\n|-damage|p1a: Sceptile|0 fnt\n|faint|p1a: Sceptile\n|\n|upkeep\n|inactive|Time left: 300 sec this turn | 300 sec total | 5 sec grace\n|\n|t:|1783557706\n|switch|p1a: Alcremie|Alcremie-Ruby-Cream, L90, F|263/263\n|turn|18\n|inactive|Time left: 300 sec this turn | 300 sec total\n|\n|t:|1783557707\n|switch|p2a: Lumineon|Lumineon, L93, F|100/100\n|-terastallize|p1a: Alcremie|Poison\n|move|p1a: Alcremie|Calm Mind|p1a: Alcremie\n|-boost|p1a: Alcremie|spa|1\n|-boost|p1a: Alcremie|spd|1\n|\n|upkeep\n|turn|19\n|inactive|Time left: 300 sec this turn | 300 sec total\n|\n|t:|1783557708\n|move|p2a: Lumineon|U-turn|p1a: Alcremie\n|-resisted|p1a: Alcremie\n|-damage|p1a: Alcremie|236/263\n|\n|t:|1783557708\n|switch|p2a: Cinderace|Cinderace, L77, F|100/100|[from] U-turn\n|move|p1a: Alcremie|Psyshock|p2a: Cinderace\n|-damage|p2a: Cinderace|51/100\n|\n|-heal|p1a: Alcremie|252/263|[from] item: Leftovers\n|upkeep\n|turn|20\n|inactive|Time left: 300 sec this turn | 300 sec total\n|\n|t:|1783557709\n|move|p2a: Cinderace|Pyro Ball|p1a: Alcremie\n|-damage|p1a: Alcremie|44/263\n|move|p1a: Alcremie|Psyshock|p2a: Cinderace\n|-damage|p2a: Cinderace|1/100\n|\n|-heal|p1a: Alcremie|60/263|[from] item: Leftovers\n|upkeep\n|turn|21\n|inactive|Time left: 300 sec this turn | 300 sec total\n|\n|t:|1783557710\n|move|p2a: Cinderace|Pyro Ball|p1a: Alcremie\n|-damage|p1a: Alcremie|0 fnt\n|faint|p1a: Alcremie\n|\n|win|p0y15191a0e", "uploadtime": 1783557710, "views": 0, "rating": 0, "private": 0, "password": null, "_winner": "p0y15191a0e", "_our_name": "p0x1519e1fe"}