{"id": "battle-gen9randombattle-386", "formatid": "gen9randombattle", "format": "[Gen 9] Random Battle", "players": ["p0x3869a99", "p0y386aa7e"], "log": "|init|battle\n|title|p0x3869a99 vs. p0y386aa7e\n|j|\u2606p0x3869a99\n|j|\u2606p0y386aa7e\n|t:|1783543566\n|gametype|singles\n|player|p1|p0x3869a99|101|\n|player|p2|p0y386aa7e|266|\n|gen|9\n|tier|[Gen 9] Random Battle\n|rule|Species Clause: Limit one of each Pok\u00e9mon\n|rule|HP Percentage Mod: HP is shown in percentages\n|rule|Sleep Clause Mod: Limit one foe put to sleep\n|rule|Illusion Level Mod: Illusion disguises the Pok\u00e9mon's true level\n|\n|t:|1783543566\n|teamsize|p1|6\n|teamsize|p2|6\n|start\n|switch|p1a: Iron Moth|Iron Moth, L78|100/100\n|switch|p2a: Sandy Shocks|Sandy Shocks, L80|267/267\n|turn|1\n|inactive|Battle timer is ON: inactive players will automatically lose when time's up. (requested by p0y386aa7e)\n|inactive|p0x3869a99 also wants the timer to be on.\n|\n|t:|1783543568\n|-terastallize|p1a: Iron Moth|Fire\n|move|p1a: Iron Moth|Fire Blast|p2a: Sandy Shocks\n|-damage|p2a: Sandy Shocks|0 fnt\n|faint|p2a: Sandy Shocks\n|-end|p2a: Sandy Shocks|Protosynthesis|[silent]\n|\n|upkeep\n|inactive|Time left: 300 sec this turn | 300 sec total | 65 sec grace\n|\n|t:|1783543569\n|switch|p2a: Basculin|Basculin, L86, F|261/261\n|turn|2\n|inactive|Time left: 300 sec this turn | 300 sec total\n|\n|t:|1783543571\n|-end|p1a: Iron Moth|Quark Drive|[silent]\n|switch|p1a: Zarude|Zarude, L77|100/100\n|move|p2a: Basculin|Wave Crash|p1a: Zarude\n|-resisted|p1a: Zarude\n|-damage|p1a: Zarude|56/100\n|-damage|p2a: Basculin|218/261|[from] Recoil\n|\n|upkeep\n|turn|3\n|inactive|Time left: 300 sec this turn | 300 sec total\n|\n|t:|1783543572\n|move|p2a: Basculin|Wave Crash|p1a: Zarude\n|-resisted|p1a: Zarude\n|-damage|p1a: Zarude|15/100\n|-damage|p2a: Basculin|179/261|[from] Recoil\n|move|p1a: Zarude|Knock Off|p2a: Basculin\n|-crit|p2a: Basculin\n|-damage|p2a: Basculin|0 fnt\n|-enditem|p2a: Basculin|Choice Band|[from] move: Knock Off|[of] p1a: Zarude\n|faint|p2a: Basculin\n|-damage|p1a: Zarude|5/100|[from] item: Life Orb\n|\n|upkeep\n|inactive|Time left: 300 sec this turn | 300 sec total | 5 sec grace\n|\n|t:|1783543573\n|switch|p2a: Iron Moth|Iron Moth, L78|253/253\n|turn|4\n|inactive|Time left: 300 sec this turn | 300 sec total\n|\n|t:|1783543574\n|move|p2a: Iron Moth|Fiery Dance|p1a: Zarude\n|-supereffective|p1a: Zarude\n|-damage|p1a: Zarude|0 fnt\n|-boost|p2a: Iron Moth|spa|1\n|faint|p1a: Zarude\n|\n|upkeep\n|\n|t:|1783543575\n|switch|p1a: Azelf|Azelf, L82|100/100\n|turn|5\n|inactive|Time left: 300 sec this turn | 300 sec total\n|\n|t:|1783543576\n|move|p1a: Azelf|Psychic|p2a: Iron Moth\n|-supereffective|p2a: Iron Moth\n|-damage|p2a: Iron Moth|0 fnt\n|faint|p2a: Iron Moth\n|-end|p2a: Iron Moth|Quark Drive|[silent]\n|-damage|p1a: Azelf|91/100|[from] item: Life Orb\n|\n|upkeep\n|inactive|Time left: 300 sec this turn | 300 sec total | 5 sec grace\n|\n|t:|1783543577\n|switch|p2a: Tornadus|Tornadus-Therian, L79, M|254/254\n|turn|6\n|inactive|Time left: 300 sec this turn | 300 sec total\n|\n|t:|1783543578\n|switch|p1a: Enamorus|Enamorus-Therian, L83, F|100/100\n|move|p2a: Tornadus|Bleakwind Storm|p1a: Enamorus\n|-damage|p1a: Enamorus|66/100\n|\n|upkeep\n|turn|7\n|inactive|Time left: 300 sec this turn | 300 sec total\n|\n|t:|1783543579\n|move|p2a: Tornadus|Bleakwind Storm|p1a: Enamorus\n|-damage|p1a: Enamorus|26/100\n|-unboost|p1a: Enamorus|spe|1\n|move|p1a: Enamorus|Moonblast|p2a: Tornadus\n|-damage|p2a: Tornadus|113/254\n|\n|upkeep\n|turn|8\n|inactive|Time left: 300 sec this turn | 300 sec total\n|\n|t:|1783543580\n|move|p2a: Tornadus|Bleakwind Storm|p1a: Enamorus\n|-damage|p1a: Enamorus|0 fnt\n|faint|p1a: Enamorus\n|\n|upkeep\n|\n|t:|1783543581\n|switch|p1a: Iron Moth|Iron Moth, L78, tera:Fire|100/100\n|turn|9\n|inactive|Time left: 300 sec this turn | 300 sec total\n|\n|t:|1783543582\n|move|p2a: Tornadus|Bleakwind Storm|p1a: Iron Moth\n|-damage|p1a: Iron Moth|49/100\n|move|p1a: Iron Moth|Fire Blast|p2a: Tornadus\n|-damage|p2a: Tornadus|0 fnt\n|faint|p2a: Tornadus\n|\n|upkeep\n|inactive|Time left: 300 sec this turn | 300 sec total | 5 sec grace\n|\n|t:|1783543583\n|switch|p2a: Cinderace|Cinderace, L77, F|249/249\n|turn|10\n|inactive|Time left: 300 sec this turn | 300 sec total\n|\n|t:|1783543584\n|move|p2a: Cinderace|Pyro Ball|p1a: Iron Moth\n|-resisted|p1a: Iron Moth\n|-damage|p1a: Iron Moth|17/100\n|move|p1a: Iron Moth|Fire Blast|p2a: Cinderace\n|-resisted|p2a: Cinderace\n|-damage|p2a: Cinderace|87/249\n|\n|upkeep\n|turn|11\n|inactive|Time left: 300 sec this turn | 300 sec total\n|\n|t:|1783543585\n|-end|p1a: Iron Moth|Quark Drive|[silent]\n|switch|p1a: Phione|Phione, L91|100/100\n|move|p2a: Cinderace|Pyro Ball|p1a: Phione\n|-resisted|p1a: Phione\n|-crit|p1a: Phione\n|-damage|p1a: Phione|71/100\n|\n|-heal|p1a: Phione|78/100|[from] item: Leftovers\n|upkeep\n|turn|12\n|inactive|Time left: 300 sec this turn | 300 sec total\n|\n|t:|1783543586\n|move|p2a: Cinderace|Gunk Shot|p1a: Phione|[miss]\n|-start|p2a: Cinderace|typechange|Poison|[from] ability: Libero\n|-miss|p2a: Cinderace|p1a: Phione\n|move|p1a: Phione|Scald|p2a: Cinderace\n|-damage|p2a: Cinderace|0 fnt\n|faint|p2a: Cinderace\n|\n|-heal|p1a: Phione|84/100|[from] item: Leftovers\n|upkeep\n|inactive|Time left: 300 sec this turn | 300 sec total | 5 sec grace\n|\n|t:|1783543587\n|switch|p2a: Iron Leaves|Iron Leaves, L80|275/275\n|turn|13\n|inactive|Time left: 300 sec this turn | 300 sec total\n|\n|t:|1783543587\n|switch|p1a: Iron Moth|Iron Moth, L78, tera:Fire|17/100\n|move|p2a: Iron Leaves|Leaf Blade|p1a: Iron Moth\n|-resisted|p1a: Iron Moth\n|-damage|p1a: Iron Moth|0 fnt\n|faint|p1a: Iron Moth\n|-end|p1a: Iron Moth|Quark Drive|[silent]\n|-damage|p2a: Iron Leaves|248/275|[from] item: Life Orb\n|\n|upkeep\n|\n|t:|1783543588\n|switch|p1a: Azelf|Azelf, L82|91/100\n|turn|14\n|inactive|Time left: 300 sec this turn | 300 sec total\n|\n|t:|1783543589\n|-terastallize|p2a: Iron Leaves|Fighting\n|move|p1a: Azelf|Explosion|p2a: Iron Leaves\n|-damage|p2a: Iron Leaves|0 fnt\n|faint|p1a: Azelf\n|faint|p2a: Iron Leaves\n|-end|p2a: Iron Leaves|Quark Drive|[silent]\n|\n|win|p0x3869a99", "uploadtime": 1783543589, "views": 0, "rating": 0, "private": 0, "password": null, "_winner": "p0x3869a99", "_our_name": "p0y386aa7e"}