{"id": "battle-gen9randombattle-436", "formatid": "gen9randombattle", "format": "[Gen 9] Random Battle", "players": ["p0x4367d51", "p0y436d38c"], "log": "|init|battle\n|title|p0x4367d51 vs. p0y436d38c\n|j|\u2606p0x4367d51\n|j|\u2606p0y436d38c\n|t:|1783544100\n|gametype|singles\n|player|p1|p0x4367d51|1|\n|player|p2|p0y436d38c|1|\n|gen|9\n|tier|[Gen 9] Random Battle\n|rule|Species Clause: Limit one of each Pok\u00e9mon\n|rule|HP Percentage Mod: HP is shown in percentages\n|rule|Sleep Clause Mod: Limit one foe put to sleep\n|rule|Illusion Level Mod: Illusion disguises the Pok\u00e9mon's true level\n|\n|t:|1783544100\n|teamsize|p1|6\n|teamsize|p2|6\n|start\n|switch|p1a: Komala|Komala, L87, M|255/255\n|switch|p2a: Drifblim|Drifblim, L86, F|100/100\n|-ability|p1a: Komala|Comatose\n|turn|1\n|inactive|Battle timer is ON: inactive players will automatically lose when time's up. (requested by p0y436d38c)\n|inactive|Time left: 300 sec this turn | 300 sec total | 60 sec grace\n|inactive|p0x4367d51 also wants the timer to be on.\n|\n|t:|1783544102\n|move|p2a: Drifblim|Strength Sap|p1a: Komala\n|-unboost|p1a: Komala|atk|1\n|move|p1a: Komala|Knock Off|p2a: Drifblim\n|-supereffective|p2a: Drifblim\n|-damage|p2a: Drifblim|56/100\n|-enditem|p2a: Drifblim|Heavy-Duty Boots|[from] move: Knock Off|[of] p1a: Komala\n|\n|upkeep\n|turn|2\n|inactive|Time left: 300 sec this turn | 300 sec total\n|\n|t:|1783544103\n|switch|p1a: Magearna|Magearna, L77|250/250\n|move|p2a: Drifblim|Strength Sap|p1a: Magearna\n|-unboost|p1a: Magearna|atk|1\n|-heal|p2a: Drifblim|94/100\n|\n|upkeep\n|turn|3\n|inactive|Time left: 300 sec this turn | 300 sec total\n|\n|t:|1783544105\n|move|p2a: Drifblim|Shadow Ball|p1a: Magearna\n|-damage|p1a: Magearna|174/250\n|move|p1a: Magearna|Shift Gear|p1a: Magearna\n|-boost|p1a: Magearna|spe|2\n|-boost|p1a: Magearna|atk|1\n|\n|-heal|p1a: Magearna|189/250|[from] item: Leftovers\n|upkeep\n|turn|4\n|inactive|Time left: 300 sec this turn | 300 sec total\n|\n|t:|1783544106\n|switch|p2a: Ariados|Ariados, L95, M|100/100\n|move|p1a: Magearna|Calm Mind|p1a: Magearna\n|-boost|p1a: Magearna|spa|1\n|-boost|p1a: Magearna|spd|1\n|\n|-heal|p1a: Magearna|204/250|[from] item: Leftovers\n|upkeep\n|turn|5\n|inactive|Time left: 300 sec this turn | 300 sec total\n|\n|t:|1783544107\n|move|p1a: Magearna|Flash Cannon|p2a: Ariados\n|-damage|p2a: Ariados|49/100\n|move|p2a: Ariados|Sticky Web|p1a: Magearna\n|-sidestart|p1: p0x4367d51|move: Sticky Web\n|\n|-heal|p1a: Magearna|219/250|[from] item: Leftovers\n|upkeep\n|turn|6\n|inactive|Time left: 300 sec this turn | 300 sec total\n|\n|t:|1783544109\n|move|p1a: Magearna|Flash Cannon|p2a: Ariados\n|-damage|p2a: Ariados|4/100\n|move|p2a: Ariados|Toxic Spikes|p1a: Magearna\n|-sidestart|p1: p0x4367d51|move: Toxic Spikes\n|\n|-heal|p1a: Magearna|234/250|[from] item: Leftovers\n|upkeep\n|turn|7\n|inactive|Time left: 300 sec this turn | 300 sec total\n|\n|t:|1783544110\n|move|p1a: Magearna|Shift Gear|p1a: Magearna\n|-boost|p1a: Magearna|spe|2\n|-boost|p1a: Magearna|atk|1\n|move|p2a: Ariados|Toxic Spikes|p1a: Magearna\n|-sidestart|p1: p0x4367d51|move: Toxic Spikes\n|\n|-heal|p1a: Magearna|249/250|[from] item: Leftovers\n|upkeep\n|turn|8\n|inactive|Time left: 300 sec this turn | 300 sec total\n|\n|t:|1783544111\n|move|p1a: Magearna|Calm Mind|p1a: Magearna\n|-boost|p1a: Magearna|spa|1\n|-boost|p1a: Magearna|spd|1\n|move|p2a: Ariados|Toxic Spikes||[still]\n|-fail|p2a: Ariados\n|\n|-heal|p1a: Magearna|250/250|[from] item: Leftovers\n|upkeep\n|turn|9\n|inactive|Time left: 300 sec this turn | 300 sec total\n|\n|t:|1783544112\n|move|p1a: Magearna|Shift Gear|p1a: Magearna\n|-boost|p1a: Magearna|spe|2\n|-boost|p1a: Magearna|atk|1\n|move|p2a: Ariados|Toxic Spikes||[still]\n|-fail|p2a: Ariados\n|\n|upkeep\n|turn|10\n|inactive|Time left: 300 sec this turn | 300 sec total\n|\n|t:|1783544113\n|move|p1a: Magearna|Calm Mind|p1a: Magearna\n|-boost|p1a: Magearna|spa|1\n|-boost|p1a: Magearna|spd|1\n|move|p2a: Ariados|Poison Jab|p1a: Magearna\n|-immune|p1a: Magearna\n|\n|upkeep\n|turn|11\n|inactive|Time left: 300 sec this turn | 300 sec total\n|\n|t:|1783544114\n|move|p1a: Magearna|Flash Cannon|p2a: Ariados\n|-damage|p2a: Ariados|0 fnt\n|faint|p2a: Ariados\n|-ability|p1a: Magearna|Soul-Heart|boost\n|-boost|p1a: Magearna|spa|1\n|\n|upkeep\n|\n|t:|1783544115\n|switch|p2a: Kommo-o|Kommo-o, L77, M|100/100\n|turn|12\n|inactive|Time left: 300 sec this turn | 300 sec total\n|\n|t:|1783544116\n|switch|p2a: Drifblim|Drifblim, L86, F|94/100\n|move|p1a: Magearna|Flash Cannon|p2a: Drifblim\n|-damage|p2a: Drifblim|0 fnt\n|faint|p2a: Drifblim\n|-ability|p1a: Magearna|Soul-Heart|boost\n|-boost|p1a: Magearna|spa|1\n|\n|upkeep\n|\n|t:|1783544117\n|switch|p2a: Kommo-o|Kommo-o, L77, M|100/100\n|turn|13\n|inactive|Time left: 300 sec this turn | 300 sec total\n|\n|t:|1783544118\n|-terastallize|p2a: Kommo-o|Steel\n|move|p1a: Magearna|Flash Cannon|p2a: Kommo-o\n|-resisted|p2a: Kommo-o\n|-damage|p2a: Kommo-o|44/100\n|-unboost|p2a: Kommo-o|spd|1\n|move|p2a: Kommo-o|Swords Dance|p2a: Kommo-o\n|-boost|p2a: Kommo-o|atk|2\n|\n|upkeep\n|turn|14\n|inactive|Time left: 300 sec this turn | 300 sec total\n|\n|t:|1783544119\n|move|p1a: Magearna|Flash Cannon|p2a: Kommo-o\n|-resisted|p2a: Kommo-o\n|-damage|p2a: Kommo-o|0 fnt\n|faint|p2a: Kommo-o\n|-ability|p1a: Magearna|Soul-Heart|boost\n|-boost|p1a: Magearna|spa|1\n|\n|upkeep\n|\n|t:|1783544120\n|switch|p2a: Munkidori|Munkidori, L79, M|100/100\n|turn|15\n|inactive|Time left: 300 sec this turn | 300 sec total\n|\n|t:|1783544121\n|switch|p2a: Zangoose|Zangoose, L85, M|100/100\n|move|p1a: Magearna|Flash Cannon|p2a: Zangoose\n|-damage|p2a: Zangoose|0 fnt\n|replace|p2a: Zoroark|Zoroark-Hisui, L80, M\n|-end|p2a: Zoroark|Illusion\n|-hint|Illusion Level Mod is active, so this Pok\u00e9mon's true level was hidden.\n|faint|p2a: Zoroark\n|\n|upkeep\n|\n|t:|1783544122\n|switch|p2a: Munkidori|Munkidori, L79, M|100/100\n|turn|16\n|inactive|Time left: 300 sec this turn | 300 sec total\n|\n|t:|1783544123\n|move|p1a: Magearna|Flash Cannon|p2a: Munkidori\n|-damage|p2a: Munkidori|0 fnt\n|faint|p2a: Munkidori\n|\n|upkeep\n|\n|t:|1783544124\n|switch|p2a: Zangoose|Zangoose, L85, M|100/100\n|turn|17\n|inactive|Time left: 300 sec this turn | 300 sec total\n|\n|t:|1783544125\n|-terastallize|p1a: Magearna|Water\n|move|p1a: Magearna|Flash Cannon|p2a: Zangoose\n|-damage|p2a: Zangoose|0 fnt\n|faint|p2a: Zangoose\n|\n|win|p0x4367d51", "uploadtime": 1783544125, "views": 0, "rating": 0, "private": 0, "password": null, "_winner": "p0x4367d51", "_our_name": "p0x4367d51"}