{"id": "battle-gen9randombattle-2348", "formatid": "gen9randombattle", "format": "[Gen 9] Random Battle", "players": ["p0x2348c955", "p0y234801a3"], "log": "|init|battle\n|title|p0x2348c955 vs. p0y234801a3\n|j|\u2606p0x2348c955\n|j|\u2606p0y234801a3\n|t:|1783567258\n|gametype|singles\n|player|p1|p0x2348c955|169|\n|player|p2|p0y234801a3|265|\n|gen|9\n|tier|[Gen 9] Random Battle\n|rule|Species Clause: Limit one of each Pok\u00e9mon\n|rule|HP Percentage Mod: HP is shown in percentages\n|rule|Sleep Clause Mod: Limit one foe put to sleep\n|rule|Illusion Level Mod: Illusion disguises the Pok\u00e9mon's true level\n|\n|t:|1783567258\n|teamsize|p1|6\n|teamsize|p2|6\n|start\n|switch|p1a: Jirachi|Jirachi, L80|291/291\n|switch|p2a: Mew|Mew, L82|100/100\n|turn|1\n|inactive|Battle timer is ON: inactive players will automatically lose when time's up. (requested by p0x2348c955)\n|\n|t:|1783567260\n|switch|p1a: Gyarados|Gyarados, L79, M|280/280\n|-ability|p1a: Gyarados|Intimidate|boost\n|-unboost|p2a: Mew|atk|1\n|move|p2a: Mew|Swords Dance|p2a: Mew\n|-boost|p2a: Mew|atk|2\n|\n|upkeep\n|turn|2\n|inactive|Time left: 300 sec this turn | 300 sec total | 60 sec grace\n|inactive|p0y234801a3 also wants the timer to be on.\n|\n|t:|1783567261\n|switch|p1a: Jumpluff|Jumpluff, L87, M|271/271\n|move|p2a: Mew|Psychic Fangs|p1a: Jumpluff\n|-damage|p1a: Jumpluff|84/271\n|-damage|p2a: Mew|91/100|[from] item: Life Orb\n|\n|upkeep\n|turn|3\n|inactive|Time left: 300 sec this turn | 300 sec total\n|\n|t:|1783567263\n|move|p1a: Jumpluff|Strength Sap|p2a: Mew\n|-unboost|p2a: Mew|atk|1\n|-heal|p1a: Jumpluff|271/271\n|move|p2a: Mew|Swords Dance|p2a: Mew\n|-boost|p2a: Mew|atk|2\n|\n|upkeep\n|turn|4\n|inactive|Time left: 300 sec this turn | 300 sec total\n|\n|t:|1783567264\n|move|p1a: Jumpluff|Sleep Powder|p2a: Mew|[miss]\n|-miss|p1a: Jumpluff|p2a: Mew\n|move|p2a: Mew|Psychic Fangs|p1a: Jumpluff\n|-damage|p1a: Jumpluff|36/271\n|-damage|p2a: Mew|81/100|[from] item: Life Orb\n|\n|upkeep\n|turn|5\n|inactive|Time left: 300 sec this turn | 300 sec total\n|\n|t:|1783567265\n|move|p1a: Jumpluff|Strength Sap|p2a: Mew\n|-unboost|p2a: Mew|atk|1\n|-heal|p1a: Jumpluff|271/271\n|move|p2a: Mew|Swords Dance|p2a: Mew\n|-boost|p2a: Mew|atk|2\n|\n|upkeep\n|turn|6\n|inactive|Time left: 300 sec this turn | 300 sec total\n|\n|t:|1783567266\n|move|p1a: Jumpluff|Sleep Powder|p2a: Mew\n|-status|p2a: Mew|slp|[from] move: Sleep Powder\n|cant|p2a: Mew|slp\n|\n|upkeep\n|turn|7\n|inactive|Time left: 300 sec this turn | 300 sec total\n|\n|t:|1783567267\n|move|p1a: Jumpluff|Acrobatics|p2a: Mew\n|-damage|p2a: Mew|54/100 slp\n|cant|p2a: Mew|slp\n|\n|upkeep\n|turn|8\n|inactive|Time left: 300 sec this turn | 300 sec total\n|\n|t:|1783567269\n|move|p1a: Jumpluff|Acrobatics|p2a: Mew\n|-damage|p2a: Mew|29/100 slp\n|-curestatus|p2a: Mew|slp|[msg]\n|move|p2a: Mew|Psychic Fangs|p1a: Jumpluff\n|-damage|p1a: Jumpluff|0 fnt\n|faint|p1a: Jumpluff\n|-damage|p2a: Mew|19/100|[from] item: Life Orb\n|\n|upkeep\n|inactive|Time left: 300 sec this turn | 300 sec total | 5 sec grace\n|\n|t:|1783567271\n|switch|p1a: Regieleki|Regieleki, L79|256/256\n|turn|9\n|inactive|Time left: 300 sec this turn | 300 sec total\n|\n|t:|1783567272\n|move|p1a: Regieleki|Volt Switch|p2a: Mew\n|-damage|p2a: Mew|0 fnt\n|faint|p2a: Mew\n|inactive|Time left: 300 sec this turn | 300 sec total | 5 sec grace\n|\n|t:|1783567273\n|switch|p1a: Lilligant|Lilligant, L86, F|261/261|[from] Volt Switch\n|\n|upkeep\n|\n|t:|1783567274\n|switch|p2a: Staraptor|Staraptor, L79, F|100/100\n|turn|10\n|inactive|Time left: 300 sec this turn | 300 sec total\n|\n|t:|1783567276\n|switch|p1a: Gyarados|Gyarados, L79, M|280/280\n|-ability|p1a: Gyarados|Intimidate|boost\n|-unboost|p2a: Staraptor|atk|1\n|move|p2a: Staraptor|Brave Bird|p1a: Gyarados\n|-damage|p1a: Gyarados|85/280\n|-damage|p2a: Staraptor|76/100|[from] Recoil\n|\n|upkeep\n|turn|11\n|inactive|Time left: 300 sec this turn | 300 sec total\n|\n|t:|1783567277\n|switch|p1a: Jirachi|Jirachi, L80|291/291\n|move|p2a: Staraptor|Brave Bird|p1a: Jirachi\n|-resisted|p1a: Jirachi\n|-damage|p1a: Jirachi|213/291\n|-damage|p2a: Staraptor|66/100|[from] Recoil\n|\n|-heal|p1a: Jirachi|231/291|[from] item: Leftovers\n|upkeep\n|turn|12\n|inactive|Time left: 300 sec this turn | 300 sec total\n|\n|t:|1783567278\n|switch|p2a: Houndstone|Houndstone, L86, F|100/100\n|move|p1a: Jirachi|Body Slam|p2a: Houndstone\n|-immune|p2a: Houndstone\n|\n|-heal|p1a: Jirachi|249/291|[from] item: Leftovers\n|upkeep\n|turn|13\n|inactive|Time left: 300 sec this turn | 300 sec total\n|\n|t:|1783567279\n|move|p1a: Jirachi|Iron Head|p2a: Houndstone\n|-damage|p2a: Houndstone|86/100\n|cant|p2a: Houndstone|flinch\n|\n|-heal|p1a: Jirachi|267/291|[from] item: Leftovers\n|-heal|p2a: Houndstone|92/100|[from] item: Leftovers\n|upkeep\n|turn|14\n|inactive|Time left: 300 sec this turn | 300 sec total\n|\n|t:|1783567280\n|move|p1a: Jirachi|Iron Head|p2a: Houndstone\n|-damage|p2a: Houndstone|80/100\n|cant|p2a: Houndstone|flinch\n|\n|-heal|p1a: Jirachi|285/291|[from] item: Leftovers\n|-heal|p2a: Houndstone|86/100|[from] item: Leftovers\n|upkeep\n|turn|15\n|inactive|Time left: 300 sec this turn | 300 sec total\n|\n|t:|1783567281\n|move|p1a: Jirachi|Iron Head|p2a: Houndstone\n|-damage|p2a: Houndstone|72/100\n|move|p2a: Houndstone|Poltergeist|p1a: Jirachi\n|-activate|p1a: Jirachi|move: Poltergeist|Leftovers\n|-supereffective|p1a: Jirachi\n|-damage|p1a: Jirachi|43/291\n|\n|-heal|p1a: Jirachi|61/291|[from] item: Leftovers\n|-heal|p2a: Houndstone|78/100|[from] item: Leftovers\n|upkeep\n|turn|16\n|inactive|Time left: 300 sec this turn | 300 sec total\n|\n|t:|1783567282\n|move|p1a: Jirachi|Iron Head|p2a: Houndstone\n|-damage|p2a: Houndstone|65/100\n|cant|p2a: Houndstone|flinch\n|\n|-heal|p1a: Jirachi|79/291|[from] item: Leftovers\n|-heal|p2a: Houndstone|71/100|[from] item: Leftovers\n|upkeep\n|turn|17\n|inactive|Time left: 300 sec this turn | 300 sec total\n|\n|t:|1783567283\n|move|p1a: Jirachi|Iron Head|p2a: Houndstone\n|-damage|p2a: Houndstone|57/100\n|cant|p2a: Houndstone|flinch\n|\n|-heal|p1a: Jirachi|97/291|[from] item: Leftovers\n|-heal|p2a: Houndstone|63/100|[from] item: Leftovers\n|upkeep\n|turn|18\n|inactive|Time left: 300 sec this turn | 300 sec total\n|\n|t:|1783567284\n|move|p1a: Jirachi|Wish|p1a: Jirachi\n|move|p2a: Houndstone|Poltergeist|p1a: Jirachi\n|-activate|p1a: Jirachi|move: Poltergeist|Leftovers\n|-supereffective|p1a: Jirachi\n|-damage|p1a: Jirachi|0 fnt\n|faint|p1a: Jirachi\n|\n|-heal|p2a: Houndstone|69/100|[from] item: Leftovers\n|upkeep\n|inactive|Time left: 300 sec this turn | 300 sec total | 5 sec grace\n|\n|t:|1783567285\n|switch|p1a: Lilligant|Lilligant, L86, F|261/261\n|turn|19\n|inactive|Time left: 300 sec this turn | 300 sec total\n|\n|t:|1783567286\n|move|p1a: Lilligant|Quiver Dance|p1a: Lilligant\n|-boost|p1a: Lilligant|spa|1\n|-boost|p1a: Lilligant|spd|1\n|-boost|p1a: Lilligant|spe|1\n|move|p2a: Houndstone|Will-O-Wisp|p1a: Lilligant\n|-status|p1a: Lilligant|brn\n|\n|-heal|p2a: Houndstone|75/100|[from] item: Leftovers\n|-damage|p1a: Lilligant|245/261 brn|[from] brn\n|upkeep\n|turn|20\n|inactive|Time left: 300 sec this turn | 300 sec total\n|\n|t:|1783567287\n|move|p1a: Lilligant|Sleep Powder|p2a: Houndstone\n|-status|p2a: Houndstone|slp|[from] move: Sleep Powder\n|cant|p2a: Houndstone|slp\n|\n|-heal|p2a: Houndstone|81/100 slp|[from] item: Leftovers\n|-damage|p1a: Lilligant|229/261 brn|[from] brn\n|upkeep\n|turn|21\n|inactive|Time left: 300 sec this turn | 300 sec total\n|\n|t:|1783567288\n|move|p1a: Lilligant|Petal Dance|p2a: Houndstone\n|-damage|p2a: Houndstone|32/100 slp\n|-damage|p1a: Lilligant|203/261 brn|[from] item: Life Orb\n|cant|p2a: Houndstone|slp\n|\n|-heal|p2a: Houndstone|38/100 slp|[from] item: Leftovers\n|-damage|p1a: Lilligant|187/261 brn|[from] brn\n|upkeep\n|turn|22\n|inactive|Time left: 300 sec this turn | 300 sec total\n|\n|t:|1783567289\n|move|p1a: Lilligant|Petal Dance|p2a: Houndstone|[from] lockedmove\n|-damage|p2a: Houndstone|0 fnt\n|faint|p2a: Houndstone\n|-damage|p1a: Lilligant|161/261 brn|[from] item: Life Orb\n|\n|-damage|p1a: Lilligant|145/261 brn|[from] brn\n|upkeep\n|\n|t:|1783567290\n|switch|p2a: Dachsbun|Dachsbun, L92, F|100/100\n|turn|23\n|inactive|Time left: 300 sec this turn | 300 sec total\n|\n|t:|1783567291\n|-terastallize|p2a: Dachsbun|Steel\n|move|p1a: Lilligant|Petal Dance|p2a: Dachsbun\n|-resisted|p2a: Dachsbun\n|-damage|p2a: Dachsbun|48/100\n|-damage|p1a: Lilligant|119/261 brn|[from] item: Life Orb\n|move|p2a: Dachsbun|Play Rough|p1a: Lilligant\n|-damage|p1a: Lilligant|14/261 brn\n|\n|-heal|p2a: Dachsbun|54/100|[from] item: Leftovers\n|-damage|p1a: Lilligant|0 fnt|[from] brn\n|faint|p1a: Lilligant\n|upkeep\n|inactive|Time left: 300 sec this turn | 300 sec total | 5 sec grace\n|\n|t:|1783567292\n|switch|p1a: Regieleki|Regieleki, L79|256/256\n|turn|24\n|inactive|Time left: 300 sec this turn | 300 sec total\n|\n|t:|1783567293\n|move|p2a: Dachsbun|Protect|p2a: Dachsbun\n|-singleturn|p2a: Dachsbun|Protect\n|move|p1a: Regieleki|Volt Switch|p2a: Dachsbun\n|-activate|p2a: Dachsbun|move: Protect\n|\n|-heal|p2a: Dachsbun|60/100|[from] item: Leftovers\n|upkeep\n|turn|25\n|inactive|Time left: 300 sec this turn | 300 sec total\n|\n|t:|1783567294\n|move|p1a: Regieleki|Thunderbolt|p2a: Dachsbun\n|-damage|p2a: Dachsbun|5/100\n|move|p2a: Dachsbun|Play Rough|p1a: Regieleki\n|-damage|p1a: Regieleki|115/256\n|\n|-heal|p2a: Dachsbun|11/100|[from] item: Leftovers\n|upkeep\n|turn|26\n|inactive|Time left: 300 sec this turn | 300 sec total\n|\n|t:|1783567295\n|move|p2a: Dachsbun|Protect|p2a: Dachsbun\n|-singleturn|p2a: Dachsbun|Protect\n|move|p1a: Regieleki|Volt Switch|p2a: Dachsbun\n|-activate|p2a: Dachsbun|move: Protect\n|\n|-heal|p2a: Dachsbun|17/100|[from] item: Leftovers\n|upkeep\n|turn|27\n|inactive|Time left: 300 sec this turn | 300 sec total\n|\n|t:|1783567296\n|move|p1a: Regieleki|Thunderbolt|p2a: Dachsbun\n|-damage|p2a: Dachsbun|0 fnt\n|faint|p2a: Dachsbun\n|\n|upkeep\n|\n|t:|1783567297\n|switch|p2a: Walking Wake|Walking Wake, L79|100/100\n|turn|28\n|inactive|Time left: 300 sec this turn | 300 sec total\n|\n|t:|1783567298\n|move|p1a: Regieleki|Volt Switch|p2a: Walking Wake\n|-damage|p2a: Walking Wake|59/100\n|inactive|Time left: 300 sec this turn | 300 sec total | 5 sec grace\n|\n|t:|1783567299\n|switch|p1a: Okidogi|Okidogi, L77, M|262/262|[from] Volt Switch\n|move|p2a: Walking Wake|Hydro Pump|p1a: Okidogi\n|-damage|p1a: Okidogi|129/262\n|\n|upkeep\n|turn|29\n|inactive|Time left: 300 sec this turn | 300 sec total\n|\n|t:|1783567300\n|move|p2a: Walking Wake|Hydro Pump|p1a: Okidogi\n|-damage|p1a: Okidogi|0 fnt\n|faint|p1a: Okidogi\n|\n|upkeep\n|inactive|Time left: 300 sec this turn | 300 sec total | 5 sec grace\n|\n|t:|1783567301\n|switch|p1a: Regieleki|Regieleki, L79|115/256\n|turn|30\n|inactive|Time left: 300 sec this turn | 300 sec total\n|\n|t:|1783567302\n|move|p1a: Regieleki|Volt Switch|p2a: Walking Wake\n|-damage|p2a: Walking Wake|15/100\n|inactive|Time left: 300 sec this turn | 300 sec total | 5 sec grace\n|\n|t:|1783567302\n|switch|p1a: Gyarados|Gyarados, L79, M|85/280|[from] Volt Switch\n|-ability|p1a: Gyarados|Intimidate|boost\n|-unboost|p2a: Walking Wake|atk|1\n|move|p2a: Walking Wake|Hydro Pump|p1a: Gyarados\n|-resisted|p1a: Gyarados\n|-damage|p1a: Gyarados|0 fnt\n|faint|p1a: Gyarados\n|\n|upkeep\n|inactive|Time left: 300 sec this turn | 300 sec total | 10 sec grace\n|\n|t:|1783567303\n|switch|p1a: Regieleki|Regieleki, L79|115/256\n|turn|31\n|inactive|Time left: 300 sec this turn | 300 sec total\n|\n|t:|1783567304\n|-terastallize|p1a: Regieleki|Ice\n|move|p1a: Regieleki|Thunderbolt|p2a: Walking Wake\n|-damage|p2a: Walking Wake|0 fnt\n|faint|p2a: Walking Wake\n|-end|p2a: Walking Wake|Protosynthesis|[silent]\n|\n|upkeep\n|\n|t:|1783567305\n|switch|p2a: Staraptor|Staraptor, L79, F|66/100\n|turn|32\n|inactive|Time left: 300 sec this turn | 300 sec total\n|\n|t:|1783567306\n|move|p2a: Staraptor|Quick Attack|p1a: Regieleki\n|-damage|p1a: Regieleki|9/256\n|move|p1a: Regieleki|Tera Blast|p2a: Staraptor|[anim] Tera Blast Ice\n|-supereffective|p2a: Staraptor\n|-damage|p2a: Staraptor|0 fnt\n|faint|p2a: Staraptor\n|\n|upkeep\n|\n|t:|1783567307\n|switch|p2a: Floatzel|Floatzel, L86, M|100/100\n|turn|33\n|inactive|Time left: 300 sec this turn | 300 sec total\n|\n|t:|1783567308\n|move|p1a: Regieleki|Thunderbolt|p2a: Floatzel\n|-supereffective|p2a: Floatzel\n|-damage|p2a: Floatzel|0 fnt\n|faint|p2a: Floatzel\n|\n|win|p0x2348c955", "uploadtime": 1783567308, "views": 0, "rating": 0, "private": 0, "password": null, "_winner": "p0x2348c955", "_our_name": "p0x2348c955"}