{"id": "battle-gen9randombattle-566", "formatid": "gen9randombattle", "format": "[Gen 9] Random Battle", "players": ["p0x566c867", "p0y566edf9"], "log": "|init|battle\n|title|p0x566c867 vs. p0y566edf9\n|j|\u2606p0x566c867\n|j|\u2606p0y566edf9\n|t:|1783546358\n|gametype|singles\n|player|p1|p0x566c867|2|\n|player|p2|p0y566edf9|265|\n|gen|9\n|tier|[Gen 9] Random Battle\n|rule|Species Clause: Limit one of each Pok\u00e9mon\n|rule|HP Percentage Mod: HP is shown in percentages\n|rule|Sleep Clause Mod: Limit one foe put to sleep\n|rule|Illusion Level Mod: Illusion disguises the Pok\u00e9mon's true level\n|\n|t:|1783546358\n|teamsize|p1|6\n|teamsize|p2|6\n|start\n|switch|p1a: Milotic|Milotic, L83, M|100/100\n|switch|p2a: Iron Jugulis|Iron Jugulis, L77|271/271\n|turn|1\n|inactive|Battle timer is ON: inactive players will automatically lose when time's up. (requested by p0x566c867)\n|inactive|Time left: 300 sec this turn | 300 sec total | 60 sec grace\n|inactive|p0y566edf9 also wants the timer to be on.\n|\n|t:|1783546359\n|move|p2a: Iron Jugulis|Dark Pulse|p1a: Milotic\n|-damage|p1a: Milotic|77/100\n|move|p1a: Milotic|Scald|p2a: Iron Jugulis\n|-damage|p2a: Iron Jugulis|174/271\n|\n|-heal|p1a: Milotic|83/100|[from] item: Leftovers\n|upkeep\n|turn|2\n|inactive|Time left: 300 sec this turn | 300 sec total\n|\n|t:|1783546360\n|move|p2a: Iron Jugulis|Hurricane|p1a: Milotic\n|-crit|p1a: Milotic\n|-damage|p1a: Milotic|37/100\n|-start|p1a: Milotic|confusion\n|-activate|p1a: Milotic|confusion\n|-damage|p1a: Milotic|32/100|[from] confusion\n|\n|-heal|p1a: Milotic|38/100|[from] item: Leftovers\n|upkeep\n|turn|3\n|inactive|Time left: 300 sec this turn | 300 sec total\n|\n|t:|1783546360\n|move|p2a: Iron Jugulis|Meteor Beam||[still]\n|-prepare|p2a: Iron Jugulis|Meteor Beam\n|-boost|p2a: Iron Jugulis|spa|1\n|-enditem|p2a: Iron Jugulis|Power Herb\n|-anim|p2a: Iron Jugulis|Meteor Beam|p1a: Milotic\n|-damage|p1a: Milotic|4/100\n|-activate|p1a: Milotic|confusion\n|move|p1a: Milotic|Ice Beam|p2a: Iron Jugulis\n|-supereffective|p2a: Iron Jugulis\n|-damage|p2a: Iron Jugulis|16/271\n|\n|-heal|p1a: Milotic|10/100|[from] item: Leftovers\n|upkeep\n|turn|4\n|inactive|Time left: 300 sec this turn | 300 sec total\n|\n|t:|1783546361\n|switch|p1a: Cryogonal|Cryogonal, L89|100/100\n|move|p2a: Iron Jugulis|Dark Pulse|p1a: Cryogonal\n|-damage|p1a: Cryogonal|70/100\n|\n|upkeep\n|turn|5\n|inactive|Time left: 300 sec this turn | 300 sec total\n|\n|t:|1783546362\n|-end|p2a: Iron Jugulis|Quark Drive|[silent]\n|switch|p2a: Cinderace|Cinderace, L77, M|249/249\n|move|p1a: Cryogonal|Ice Beam|p2a: Cinderace\n|-resisted|p2a: Cinderace\n|-damage|p2a: Cinderace|181/249\n|-status|p2a: Cinderace|frz\n|\n|upkeep\n|turn|6\n|inactive|Time left: 300 sec this turn | 300 sec total\n|\n|t:|1783546363\n|switch|p1a: Milotic|Milotic, L83, M|10/100\n|-curestatus|p2a: Cinderace|frz|[from] move: Pyro Ball\n|move|p2a: Cinderace|Pyro Ball|p1a: Milotic\n|-resisted|p1a: Milotic\n|-damage|p1a: Milotic|0 fnt\n|faint|p1a: Milotic\n|\n|upkeep\n|\n|t:|1783546364\n|switch|p1a: Lapras|Lapras, L87, F|100/100\n|turn|7\n|inactive|Time left: 300 sec this turn | 300 sec total\n|\n|t:|1783546366\n|move|p2a: Cinderace|Pyro Ball|p1a: Lapras\n|-damage|p1a: Lapras|45/100\n|move|p1a: Lapras|Sparkling Aria|p2a: Cinderace\n|-supereffective|p2a: Cinderace\n|-crit|p2a: Cinderace\n|-damage|p2a: Cinderace|0 fnt\n|faint|p2a: Cinderace\n|\n|upkeep\n|inactive|Time left: 300 sec this turn | 300 sec total | 5 sec grace\n|\n|t:|1783546366\n|switch|p2a: Zangoose|Zangoose, L85, F|263/263\n|turn|8\n|inactive|Time left: 300 sec this turn | 300 sec total\n|\n|t:|1783546368\n|move|p2a: Zangoose|Close Combat|p1a: Lapras\n|-supereffective|p1a: Lapras\n|-damage|p1a: Lapras|0 fnt\n|-unboost|p2a: Zangoose|def|1\n|-unboost|p2a: Zangoose|spd|1\n|faint|p1a: Lapras\n|\n|-status|p2a: Zangoose|tox|[from] item: Toxic Orb\n|upkeep\n|\n|t:|1783546368\n|switch|p1a: Hawlucha|Hawlucha, L80, M|100/100\n|turn|9\n|inactive|Time left: 300 sec this turn | 300 sec total\n|\n|t:|1783546369\n|switch|p2a: Barraskewda|Barraskewda, L81, F|231/231\n|move|p1a: Hawlucha|Close Combat|p2a: Barraskewda\n|-damage|p2a: Barraskewda|80/231\n|-unboost|p1a: Hawlucha|def|1\n|-unboost|p1a: Hawlucha|spd|1\n|-enditem|p1a: Hawlucha|White Herb\n|-clearnegativeboost|p1a: Hawlucha|[silent]\n|\n|upkeep\n|turn|10\n|inactive|Time left: 300 sec this turn | 300 sec total\n|\n|t:|1783546370\n|switch|p2a: Iron Jugulis|Iron Jugulis, L77|16/271\n|move|p1a: Hawlucha|Acrobatics|p2a: Iron Jugulis\n|-damage|p2a: Iron Jugulis|0 fnt\n|faint|p2a: Iron Jugulis\n|-end|p2a: Iron Jugulis|Quark Drive|[silent]\n|\n|upkeep\n|inactive|Time left: 300 sec this turn | 300 sec total | 5 sec grace\n|\n|t:|1783546371\n|switch|p2a: Tauros|Tauros-Paldea-Aqua, L81, M|254/254\n|-ability|p2a: Tauros|Intimidate|boost\n|-unboost|p1a: Hawlucha|atk|1\n|turn|11\n|inactive|Time left: 300 sec this turn | 300 sec total\n|\n|t:|1783546372\n|switch|p1a: Calyrex|Calyrex, L93|100/100\n|-ability|p1a: Calyrex|Unnerve\n|move|p2a: Tauros|Bulk Up|p2a: Tauros\n|-boost|p2a: Tauros|atk|1\n|-boost|p2a: Tauros|def|1\n|\n|upkeep\n|turn|12\n|inactive|Time left: 300 sec this turn | 300 sec total\n|\n|t:|1783546373\n|move|p2a: Tauros|Bulk Up|p2a: Tauros\n|-boost|p2a: Tauros|atk|1\n|-boost|p2a: Tauros|def|1\n|move|p1a: Calyrex|Giga Drain|p2a: Tauros\n|-supereffective|p2a: Tauros\n|-damage|p2a: Tauros|44/254\n|\n|upkeep\n|turn|13\n|inactive|Time left: 300 sec this turn | 300 sec total\n|\n|t:|1783546374\n|move|p2a: Tauros|Close Combat|p1a: Calyrex\n|-resisted|p1a: Calyrex\n|-damage|p1a: Calyrex|54/100\n|-unboost|p2a: Tauros|def|1\n|-unboost|p2a: Tauros|spd|1\n|-damage|p2a: Tauros|19/254|[from] item: Life Orb\n|move|p1a: Calyrex|Psyshock|p2a: Tauros\n|-supereffective|p2a: Tauros\n|-damage|p2a: Tauros|0 fnt\n|faint|p2a: Tauros\n|\n|-heal|p1a: Calyrex|60/100|[from] item: Leftovers\n|upkeep\n|inactive|Time left: 300 sec this turn | 300 sec total | 5 sec grace\n|\n|t:|1783546376\n|switch|p2a: Zangoose|Zangoose, L85, F|263/263 tox\n|turn|14\n|inactive|Time left: 300 sec this turn | 300 sec total\n|\n|t:|1783546377\n|move|p2a: Zangoose|Facade|p1a: Calyrex\n|-damage|p1a: Calyrex|0 fnt\n|faint|p1a: Calyrex\n|\n|-damage|p2a: Zangoose|247/263 tox|[from] psn\n|upkeep\n|\n|t:|1783546378\n|switch|p1a: Hawlucha|Hawlucha, L80, M|100/100\n|turn|15\n|inactive|Time left: 300 sec this turn | 300 sec total\n|\n|t:|1783546379\n|move|p1a: Hawlucha|Close Combat|p2a: Zangoose\n|-supereffective|p2a: Zangoose\n|-damage|p2a: Zangoose|0 fnt\n|-unboost|p1a: Hawlucha|def|1\n|-unboost|p1a: Hawlucha|spd|1\n|faint|p2a: Zangoose\n|\n|upkeep\n|inactive|Time left: 300 sec this turn | 300 sec total | 5 sec grace\n|\n|t:|1783546380\n|switch|p2a: Barraskewda|Barraskewda, L81, F|80/231\n|turn|16\n|inactive|Time left: 300 sec this turn | 300 sec total\n|\n|t:|1783546381\n|move|p2a: Barraskewda|Waterfall|p1a: Hawlucha\n|-damage|p1a: Hawlucha|0 fnt\n|faint|p1a: Hawlucha\n|\n|upkeep\n|\n|t:|1783546382\n|switch|p1a: Komala|Komala, L87, F|100/100\n|-ability|p1a: Komala|Comatose\n|turn|17\n|inactive|Time left: 300 sec this turn | 300 sec total\n|\n|t:|1783546383\n|move|p2a: Barraskewda|Waterfall|p1a: Komala\n|-damage|p1a: Komala|29/100\n|move|p1a: Komala|Rapid Spin|p2a: Barraskewda\n|-damage|p2a: Barraskewda|0 fnt\n|-boost|p1a: Komala|spe|1\n|faint|p2a: Barraskewda\n|\n|upkeep\n|inactive|Time left: 300 sec this turn | 300 sec total | 5 sec grace\n|\n|t:|1783546384\n|switch|p2a: Cyclizar|Cyclizar, L84, M|255/255\n|turn|18\n|inactive|Time left: 300 sec this turn | 300 sec total\n|\n|t:|1783546385\n|-terastallize|p2a: Cyclizar|Steel\n|-terastallize|p1a: Komala|Ghost\n|move|p2a: Cyclizar|Knock Off|p1a: Komala\n|-supereffective|p1a: Komala\n|-damage|p1a: Komala|0 fnt\n|-enditem|p1a: Komala|Assault Vest|[from] move: Knock Off|[of] p2a: Cyclizar\n|faint|p1a: Komala\n|\n|upkeep\n|\n|t:|1783546386\n|switch|p1a: Cryogonal|Cryogonal, L89|70/100\n|turn|19\n|inactive|Time left: 300 sec this turn | 300 sec total\n|\n|t:|1783546387\n|move|p2a: Cyclizar|Rapid Spin|p1a: Cryogonal\n|-damage|p1a: Cryogonal|42/100\n|-boost|p2a: Cyclizar|spe|1\n|move|p1a: Cryogonal|Recover|p1a: Cryogonal\n|-heal|p1a: Cryogonal|92/100\n|\n|upkeep\n|turn|20\n|inactive|Time left: 300 sec this turn | 300 sec total\n|\n|t:|1783546388\n|move|p2a: Cyclizar|Rapid Spin|p1a: Cryogonal\n|-damage|p1a: Cryogonal|64/100\n|-boost|p2a: Cyclizar|spe|1\n|move|p1a: Cryogonal|Recover|p1a: Cryogonal\n|-heal|p1a: Cryogonal|100/100\n|\n|upkeep\n|turn|21\n|inactive|Time left: 300 sec this turn | 300 sec total\n|\n|t:|1783546389\n|move|p2a: Cyclizar|Rapid Spin|p1a: Cryogonal\n|-damage|p1a: Cryogonal|75/100\n|-boost|p2a: Cyclizar|spe|1\n|move|p1a: Cryogonal|Rapid Spin|p2a: Cyclizar\n|-resisted|p2a: Cyclizar\n|-crit|p2a: Cyclizar\n|-damage|p2a: Cyclizar|232/255\n|-boost|p1a: Cryogonal|spe|1\n|\n|upkeep\n|turn|22\n|inactive|Time left: 300 sec this turn | 300 sec total\n|\n|t:|1783546390\n|move|p2a: Cyclizar|Rapid Spin|p1a: Cryogonal\n|-damage|p1a: Cryogonal|49/100\n|-boost|p2a: Cyclizar|spe|1\n|move|p1a: Cryogonal|Recover|p1a: Cryogonal\n|-heal|p1a: Cryogonal|99/100\n|\n|upkeep\n|turn|23\n|inactive|Time left: 300 sec this turn | 300 sec total\n|\n|t:|1783546391\n|move|p2a: Cyclizar|Rapid Spin|p1a: Cryogonal\n|-damage|p1a: Cryogonal|73/100\n|-boost|p2a: Cyclizar|spe|1\n|move|p1a: Cryogonal|Ice Beam|p2a: Cyclizar\n|-resisted|p2a: Cyclizar\n|-damage|p2a: Cyclizar|163/255\n|\n|upkeep\n|turn|24\n|inactive|Time left: 300 sec this turn | 300 sec total\n|\n|t:|1783546392\n|move|p2a: Cyclizar|Knock Off|p1a: Cryogonal\n|-damage|p1a: Cryogonal|41/100\n|-enditem|p1a: Cryogonal|Heavy-Duty Boots|[from] move: Knock Off|[of] p2a: Cyclizar\n|move|p1a: Cryogonal|Recover|p1a: Cryogonal\n|-heal|p1a: Cryogonal|91/100\n|\n|upkeep\n|turn|25\n|inactive|Time left: 300 sec this turn | 300 sec total\n|\n|t:|1783546393\n|move|p2a: Cyclizar|Rapid Spin|p1a: Cryogonal\n|-damage|p1a: Cryogonal|66/100\n|-boost|p2a: Cyclizar|spe|1\n|move|p1a: Cryogonal|Ice Beam|p2a: Cyclizar\n|-resisted|p2a: Cyclizar\n|-damage|p2a: Cyclizar|101/255\n|\n|upkeep\n|turn|26\n|inactive|Time left: 300 sec this turn | 300 sec total\n|\n|t:|1783546394\n|move|p2a: Cyclizar|Rapid Spin|p1a: Cryogonal\n|-damage|p1a: Cryogonal|43/100\n|move|p1a: Cryogonal|Ice Beam|p2a: Cyclizar\n|-resisted|p2a: Cyclizar\n|-damage|p2a: Cyclizar|35/255\n|\n|upkeep\n|turn|27\n|inactive|Time left: 300 sec this turn | 300 sec total\n|\n|t:|1783546395\n|move|p2a: Cyclizar|Draco Meteor|p1a: Cryogonal\n|-damage|p1a: Cryogonal|11/100\n|-unboost|p2a: Cyclizar|spa|2\n|move|p1a: Cryogonal|Ice Beam|p2a: Cyclizar\n|-resisted|p2a: Cyclizar\n|-damage|p2a: Cyclizar|0 fnt\n|faint|p2a: Cyclizar\n|\n|win|p0x566c867", "uploadtime": 1783546395, "views": 0, "rating": 0, "private": 0, "password": null, "_winner": "p0x566c867", "_our_name": "p0y566edf9"}