{"id": "battle-gen9randombattle-2882", "formatid": "gen9randombattle", "format": "[Gen 9] Random Battle", "players": ["p0x288249cf", "p0y28826938"], "log": "|init|battle\n|title|p0x288249cf vs. p0y28826938\n|j|\u2606p0x288249cf\n|j|\u2606p0y28826938\n|t:|1783573189\n|gametype|singles\n|player|p1|p0x288249cf|102|\n|player|p2|p0y28826938|1|\n|gen|9\n|tier|[Gen 9] Random Battle\n|rule|Species Clause: Limit one of each Pok\u00e9mon\n|rule|HP Percentage Mod: HP is shown in percentages\n|rule|Sleep Clause Mod: Limit one foe put to sleep\n|rule|Illusion Level Mod: Illusion disguises the Pok\u00e9mon's true level\n|\n|t:|1783573189\n|teamsize|p1|6\n|teamsize|p2|6\n|start\n|switch|p1a: Ariados|Ariados, L95, M|287/287\n|switch|p2a: Eelektross|Eelektross, L87, F|100/100\n|turn|1\n|inactive|Battle timer is ON: inactive players will automatically lose when time's up. (requested by p0y28826938)\n|inactive|Time left: 300 sec this turn | 300 sec total | 60 sec grace\n|inactive|p0x288249cf also wants the timer to be on.\n|\n|t:|1783573191\n|move|p2a: Eelektross|Discharge|p1a: Ariados\n|-damage|p1a: Ariados|187/287\n|-status|p1a: Ariados|par\n|move|p1a: Ariados|Sticky Web|p2a: Eelektross\n|-sidestart|p2: p0y28826938|move: Sticky Web\n|\n|upkeep\n|turn|2\n|inactive|Time left: 300 sec this turn | 300 sec total\n|\n|t:|1783573192\n|move|p2a: Eelektross|Discharge|p1a: Ariados\n|-damage|p1a: Ariados|88/287 par\n|move|p1a: Ariados|Poison Jab|p2a: Eelektross\n|-damage|p2a: Eelektross|62/100\n|\n|upkeep\n|turn|3\n|inactive|Time left: 300 sec this turn | 300 sec total\n|\n|t:|1783573194\n|move|p2a: Eelektross|Discharge|p1a: Ariados\n|-damage|p1a: Ariados|0 fnt\n|faint|p1a: Ariados\n|\n|upkeep\n|inactive|Time left: 300 sec this turn | 300 sec total | 5 sec grace\n|\n|t:|1783573195\n|switch|p1a: Stonjourner|Stonjourner, L91, F|330/330\n|turn|4\n|inactive|Time left: 300 sec this turn | 300 sec total\n|\n|t:|1783573196\n|move|p1a: Stonjourner|Stone Edge|p2a: Eelektross|[miss]\n|-miss|p1a: Stonjourner|p2a: Eelektross\n|move|p2a: Eelektross|Discharge|p1a: Stonjourner\n|-damage|p1a: Stonjourner|135/330\n|\n|upkeep\n|turn|5\n|inactive|Time left: 300 sec this turn | 300 sec total\n|\n|t:|1783573197\n|move|p1a: Stonjourner|Stone Edge|p2a: Eelektross\n|-damage|p2a: Eelektross|0 fnt\n|faint|p2a: Eelektross\n|-damage|p1a: Stonjourner|102/330|[from] item: Life Orb\n|\n|upkeep\n|\n|t:|1783573198\n|switch|p2a: Typhlosion|Typhlosion-Hisui, L83, F|100/100\n|turn|6\n|inactive|Time left: 300 sec this turn | 300 sec total\n|\n|t:|1783573199\n|switch|p1a: Basculegion|Basculegion-F, L83, F|335/335\n|move|p2a: Typhlosion|Shadow Ball|p1a: Basculegion\n|-supereffective|p1a: Basculegion\n|-damage|p1a: Basculegion|177/335\n|\n|upkeep\n|turn|7\n|inactive|Time left: 300 sec this turn | 300 sec total\n|\n|t:|1783573200\n|-terastallize|p2a: Typhlosion|Ghost\n|move|p2a: Typhlosion|Shadow Ball|p1a: Basculegion\n|-supereffective|p1a: Basculegion\n|-damage|p1a: Basculegion|0 fnt\n|faint|p1a: Basculegion\n|\n|upkeep\n|inactive|Time left: 300 sec this turn | 300 sec total | 5 sec grace\n|\n|t:|1783573201\n|switch|p1a: Grafaiai|Grafaiai, L86, F|249/249\n|turn|8\n|inactive|Time left: 300 sec this turn | 300 sec total\n|\n|t:|1783573202\n|switch|p2a: Gliscor|Gliscor, L76, F|100/100\n|move|p1a: Grafaiai|Knock Off|p2a: Gliscor\n|-damage|p2a: Gliscor|77/100\n|-enditem|p2a: Gliscor|Toxic Orb|[from] move: Knock Off|[of] p1a: Grafaiai\n|\n|upkeep\n|turn|9\n|inactive|Time left: 300 sec this turn | 300 sec total\n|\n|t:|1783573203\n|move|p1a: Grafaiai|Parting Shot|p2a: Gliscor\n|-unboost|p2a: Gliscor|atk|1\n|-unboost|p2a: Gliscor|spa|1\n|inactive|Time left: 300 sec this turn | 300 sec total | 5 sec grace\n|\n|t:|1783573204\n|switch|p1a: Granbull|Granbull, L88, F|302/302|[from] Parting Shot\n|-ability|p1a: Granbull|Intimidate|boost\n|-unboost|p2a: Gliscor|atk|1\n|move|p2a: Gliscor|Earthquake|p1a: Granbull\n|-damage|p1a: Granbull|257/302\n|\n|-heal|p1a: Granbull|275/302|[from] item: Leftovers\n|upkeep\n|turn|10\n|inactive|Time left: 300 sec this turn | 300 sec total\n|\n|t:|1783573205\n|switch|p2a: Typhlosion|Typhlosion-Hisui, L83, F, tera:Ghost|100/100\n|move|p1a: Granbull|Play Rough|p2a: Typhlosion\n|-damage|p2a: Typhlosion|48/100\n|\n|-heal|p1a: Granbull|293/302|[from] item: Leftovers\n|upkeep\n|turn|11\n|inactive|Time left: 300 sec this turn | 300 sec total\n|\n|t:|1783573206\n|move|p2a: Typhlosion|Shadow Ball|p1a: Granbull\n|-damage|p1a: Granbull|137/302\n|-unboost|p1a: Granbull|spd|1\n|move|p1a: Granbull|Play Rough|p2a: Typhlosion|[miss]\n|-miss|p1a: Granbull|p2a: Typhlosion\n|\n|-heal|p1a: Granbull|155/302|[from] item: Leftovers\n|upkeep\n|turn|12\n|inactive|Time left: 300 sec this turn | 300 sec total\n|\n|t:|1783573208\n|switch|p1a: Grafaiai|Grafaiai, L86, F|249/249\n|move|p2a: Typhlosion|Fire Blast|p1a: Grafaiai\n|-damage|p1a: Grafaiai|93/249\n|\n|upkeep\n|turn|13\n|inactive|Time left: 300 sec this turn | 300 sec total\n|\n|t:|1783573209\n|switch|p2a: Gliscor|Gliscor, L76, F|77/100\n|move|p1a: Grafaiai|Knock Off|p2a: Gliscor\n|-damage|p2a: Gliscor|62/100\n|\n|upkeep\n|turn|14\n|inactive|Time left: 300 sec this turn | 300 sec total\n|\n|t:|1783573210\n|move|p1a: Grafaiai|Parting Shot|p2a: Gliscor\n|-unboost|p2a: Gliscor|atk|1\n|-unboost|p2a: Gliscor|spa|1\n|inactive|Time left: 300 sec this turn | 300 sec total | 5 sec grace\n|\n|t:|1783573211\n|switch|p1a: Granbull|Granbull, L88, F|155/302|[from] Parting Shot\n|-ability|p1a: Granbull|Intimidate|boost\n|-unboost|p2a: Gliscor|atk|1\n|move|p2a: Gliscor|Earthquake|p1a: Granbull\n|-damage|p1a: Granbull|109/302\n|\n|-heal|p1a: Granbull|127/302|[from] item: Leftovers\n|upkeep\n|turn|15\n|inactive|Time left: 300 sec this turn | 300 sec total\n|\n|t:|1783573212\n|switch|p2a: Girafarig|Girafarig, L89, M|100/100\n|-activate|p2a: Girafarig|move: Sticky Web\n|-unboost|p2a: Girafarig|spe|1\n|move|p1a: Granbull|Play Rough|p2a: Girafarig\n|-damage|p2a: Girafarig|63/100\n|\n|-heal|p1a: Granbull|145/302|[from] item: Leftovers\n|upkeep\n|turn|16\n|inactive|Time left: 300 sec this turn | 300 sec total\n|\n|t:|1783573213\n|move|p2a: Girafarig|Psychic|p1a: Granbull\n|-damage|p1a: Granbull|13/302\n|move|p1a: Granbull|Play Rough|p2a: Girafarig\n|-damage|p2a: Girafarig|27/100\n|\n|-heal|p1a: Granbull|31/302|[from] item: Leftovers\n|upkeep\n|turn|17\n|inactive|Time left: 300 sec this turn | 300 sec total\n|\n|t:|1783573214\n|move|p2a: Girafarig|Psychic|p1a: Granbull\n|-damage|p1a: Granbull|0 fnt\n|faint|p1a: Granbull\n|\n|upkeep\n|inactive|Time left: 300 sec this turn | 300 sec total | 5 sec grace\n|\n|t:|1783573215\n|switch|p1a: Grafaiai|Grafaiai, L86, F|93/249\n|turn|18\n|inactive|Time left: 300 sec this turn | 300 sec total\n|\n|t:|1783573216\n|switch|p2a: Gliscor|Gliscor, L76, F|62/100\n|move|p1a: Grafaiai|Knock Off|p2a: Gliscor\n|-damage|p2a: Gliscor|43/100\n|\n|upkeep\n|turn|19\n|inactive|Time left: 300 sec this turn | 300 sec total\n|\n|t:|1783573217\n|move|p1a: Grafaiai|Parting Shot|p2a: Gliscor\n|-unboost|p2a: Gliscor|atk|1\n|-unboost|p2a: Gliscor|spa|1\n|inactive|Time left: 300 sec this turn | 300 sec total | 5 sec grace\n|\n|t:|1783573218\n|switch|p1a: Stonjourner|Stonjourner, L91, F|102/330|[from] Parting Shot\n|move|p2a: Gliscor|Earthquake|p1a: Stonjourner\n|-supereffective|p1a: Stonjourner\n|-damage|p1a: Stonjourner|22/330\n|\n|upkeep\n|turn|20\n|inactive|Time left: 300 sec this turn | 300 sec total\n|\n|t:|1783573219\n|move|p2a: Gliscor|Earthquake|p1a: Stonjourner\n|-supereffective|p1a: Stonjourner\n|-damage|p1a: Stonjourner|0 fnt\n|faint|p1a: Stonjourner\n|\n|upkeep\n|inactive|Time left: 300 sec this turn | 300 sec total | 5 sec grace\n|\n|t:|1783573220\n|switch|p1a: Cinderace|Cinderace, L77, F|250/250\n|turn|21\n|inactive|Time left: 300 sec this turn | 300 sec total\n|\n|t:|1783573221\n|move|p1a: Cinderace|Pyro Ball|p2a: Gliscor\n|-damage|p2a: Gliscor|0 fnt\n|faint|p2a: Gliscor\n|\n|upkeep\n|\n|t:|1783573222\n|switch|p2a: Haxorus|Haxorus, L77, F|100/100\n|-activate|p2a: Haxorus|move: Sticky Web\n|-unboost|p2a: Haxorus|spe|1\n|-ability|p2a: Haxorus|Mold Breaker\n|turn|22\n|inactive|Time left: 300 sec this turn | 300 sec total\n|\n|t:|1783573222\n|move|p1a: Cinderace|Will-O-Wisp|p2a: Haxorus\n|-status|p2a: Haxorus|brn\n|move|p2a: Haxorus|Swords Dance|p2a: Haxorus\n|-boost|p2a: Haxorus|atk|2\n|\n|-damage|p2a: Haxorus|94/100 brn|[from] brn\n|upkeep\n|turn|23\n|inactive|Time left: 300 sec this turn | 300 sec total\n|\n|t:|1783573223\n|move|p1a: Cinderace|Pyro Ball|p2a: Haxorus\n|-resisted|p2a: Haxorus\n|-damage|p2a: Haxorus|66/100 brn\n|move|p2a: Haxorus|Scale Shot|p1a: Cinderace\n|-damage|p1a: Cinderace|210/250\n|-damage|p1a: Cinderace|171/250\n|-damage|p1a: Cinderace|134/250\n|-damage|p1a: Cinderace|92/250\n|-damage|p1a: Cinderace|50/250\n|-hitcount|p1a: Cinderace|5\n|-unboost|p2a: Haxorus|def|1\n|-boost|p2a: Haxorus|spe|1\n|\n|-damage|p2a: Haxorus|60/100 brn|[from] brn\n|upkeep\n|turn|24\n|inactive|Time left: 300 sec this turn | 300 sec total\n|\n|t:|1783573224\n|move|p1a: Cinderace|U-turn|p2a: Haxorus\n|-start|p1a: Cinderace|typechange|Bug|[from] ability: Libero\n|-damage|p2a: Haxorus|9/100 brn\n|inactive|Time left: 300 sec this turn | 300 sec total | 5 sec grace\n|\n|t:|1783573225\n|switch|p1a: Grafaiai|Grafaiai, L86, F|93/249|[from] U-turn\n|move|p2a: Haxorus|Scale Shot|p1a: Grafaiai\n|-damage|p1a: Grafaiai|57/249\n|-damage|p1a: Grafaiai|18/249\n|-damage|p1a: Grafaiai|0 fnt\n|faint|p1a: Grafaiai\n|-hitcount|p1: Grafaiai|3\n|-unboost|p2a: Haxorus|def|1\n|-boost|p2a: Haxorus|spe|1\n|\n|-damage|p2a: Haxorus|3/100 brn|[from] brn\n|upkeep\n|inactive|Time left: 300 sec this turn | 300 sec total | 10 sec grace\n|\n|t:|1783573225\n|switch|p1a: Cinderace|Cinderace, L77, F|50/250\n|turn|25\n|inactive|Time left: 300 sec this turn | 300 sec total\n|\n|t:|1783573226\n|move|p2a: Haxorus|Close Combat|p1a: Cinderace\n|-damage|p1a: Cinderace|0 fnt\n|-unboost|p2a: Haxorus|def|1\n|-unboost|p2a: Haxorus|spd|1\n|faint|p1a: Cinderace\n|\n|win|p0y28826938", "uploadtime": 1783573226, "views": 0, "rating": 0, "private": 0, "password": null, "_winner": "p0y28826938", "_our_name": "p0x288249cf"}