{"id": "battle-gen9randombattle-841", "formatid": "gen9randombattle", "format": "[Gen 9] Random Battle", "players": ["p0x8417aa1", "p0y841d589"], "log": "|init|battle\n|title|p0x8417aa1 vs. p0y841d589\n|j|\u2606p0x8417aa1\n|j|\u2606p0y841d589\n|t:|1783548904\n|gametype|singles\n|player|p1|p0x8417aa1|102|\n|player|p2|p0y841d589|266|\n|gen|9\n|tier|[Gen 9] Random Battle\n|rule|Species Clause: Limit one of each Pok\u00e9mon\n|rule|HP Percentage Mod: HP is shown in percentages\n|rule|Sleep Clause Mod: Limit one foe put to sleep\n|rule|Illusion Level Mod: Illusion disguises the Pok\u00e9mon's true level\n|\n|t:|1783548904\n|teamsize|p1|6\n|teamsize|p2|6\n|start\n|switch|p1a: Deoxys|Deoxys-Defense, L84|100/100\n|switch|p2a: Minun|Minun, L95, M|268/268\n|-ability|p1a: Deoxys|Pressure\n|turn|1\n|inactive|Battle timer is ON: inactive players will automatically lose when time's up. (requested by p0y841d589)\n|\n|t:|1783548905\n|move|p2a: Minun|Nasty Plot|p2a: Minun\n|-boost|p2a: Minun|spa|2\n|move|p1a: Deoxys|Cosmic Power|p1a: Deoxys\n|-boost|p1a: Deoxys|def|1\n|-boost|p1a: Deoxys|spd|1\n|\n|upkeep\n|turn|2\n|inactive|Time left: 300 sec this turn | 300 sec total\n|inactive|p0x8417aa1 also wants the timer to be on.\n|\n|t:|1783548906\n|move|p2a: Minun|Nasty Plot|p2a: Minun\n|-boost|p2a: Minun|spa|2\n|move|p1a: Deoxys|Cosmic Power|p1a: Deoxys\n|-boost|p1a: Deoxys|def|1\n|-boost|p1a: Deoxys|spd|1\n|\n|upkeep\n|turn|3\n|inactive|Time left: 300 sec this turn | 300 sec total\n|\n|t:|1783548907\n|move|p2a: Minun|Thunderbolt|p1a: Deoxys\n|-damage|p1a: Deoxys|51/100\n|-damage|p2a: Minun|242/268|[from] item: Life Orb\n|move|p1a: Deoxys|Recover|p1a: Deoxys\n|-heal|p1a: Deoxys|100/100\n|\n|upkeep\n|turn|4\n|inactive|Time left: 300 sec this turn | 300 sec total\n|\n|t:|1783548908\n|move|p2a: Minun|Thunderbolt|p1a: Deoxys\n|-damage|p1a: Deoxys|49/100\n|-damage|p2a: Minun|216/268|[from] item: Life Orb\n|move|p1a: Deoxys|Recover|p1a: Deoxys\n|-heal|p1a: Deoxys|99/100\n|\n|-heal|p1a: Deoxys|100/100|[from] item: Leftovers\n|upkeep\n|turn|5\n|inactive|Time left: 300 sec this turn | 300 sec total\n|\n|t:|1783548909\n|move|p2a: Minun|Thunderbolt|p1a: Deoxys\n|-damage|p1a: Deoxys|45/100\n|-damage|p2a: Minun|190/268|[from] item: Life Orb\n|move|p1a: Deoxys|Recover|p1a: Deoxys\n|-heal|p1a: Deoxys|96/100\n|\n|-heal|p1a: Deoxys|100/100|[from] item: Leftovers\n|upkeep\n|turn|6\n|inactive|Time left: 300 sec this turn | 300 sec total\n|\n|t:|1783548910\n|move|p2a: Minun|Thunderbolt|p1a: Deoxys\n|-damage|p1a: Deoxys|45/100\n|-status|p1a: Deoxys|par\n|-damage|p2a: Minun|164/268|[from] item: Life Orb\n|move|p1a: Deoxys|Night Shade|p2a: Minun\n|-damage|p2a: Minun|80/268\n|\n|-heal|p1a: Deoxys|51/100 par|[from] item: Leftovers\n|upkeep\n|turn|7\n|inactive|Time left: 300 sec this turn | 300 sec total\n|\n|t:|1783548911\n|move|p2a: Minun|Thunderbolt|p1a: Deoxys\n|-damage|p1a: Deoxys|0 fnt\n|faint|p1a: Deoxys\n|-damage|p2a: Minun|54/268|[from] item: Life Orb\n|\n|upkeep\n|\n|t:|1783548913\n|switch|p1a: Azelf|Azelf, L82|100/100\n|turn|8\n|inactive|Time left: 300 sec this turn | 300 sec total\n|\n|t:|1783548914\n|move|p1a: Azelf|Psychic|p2a: Minun\n|-damage|p2a: Minun|0 fnt\n|faint|p2a: Minun\n|-damage|p1a: Azelf|91/100|[from] item: Life Orb\n|\n|upkeep\n|inactive|Time left: 300 sec this turn | 300 sec total | 5 sec grace\n|\n|t:|1783548915\n|switch|p2a: Scrafty|Scrafty, L83, M|244/244\n|turn|9\n|inactive|Time left: 300 sec this turn | 300 sec total\n|\n|t:|1783548916\n|switch|p1a: Ribombee|Ribombee, L83, F|100/100\n|move|p2a: Scrafty|Knock Off|p1a: Ribombee\n|-resisted|p1a: Ribombee\n|-damage|p1a: Ribombee|72/100\n|-enditem|p1a: Ribombee|Heavy-Duty Boots|[from] move: Knock Off|[of] p2a: Scrafty\n|\n|upkeep\n|turn|10\n|inactive|Time left: 300 sec this turn | 300 sec total\n|\n|t:|1783548917\n|move|p1a: Ribombee|Moonblast|p2a: Scrafty\n|-supereffective|p2a: Scrafty\n|-damage|p2a: Scrafty|0 fnt\n|faint|p2a: Scrafty\n|\n|upkeep\n|inactive|Time left: 300 sec this turn | 300 sec total | 5 sec grace\n|\n|t:|1783548918\n|switch|p2a: Blissey|Blissey, L85, F|572/572\n|turn|11\n|inactive|Time left: 300 sec this turn | 300 sec total\n|\n|t:|1783548920\n|move|p1a: Ribombee|Quiver Dance|p1a: Ribombee\n|-boost|p1a: Ribombee|spa|1\n|-boost|p1a: Ribombee|spd|1\n|-boost|p1a: Ribombee|spe|1\n|move|p2a: Blissey|Stealth Rock|p1a: Ribombee\n|-sidestart|p1: p0x8417aa1|move: Stealth Rock\n|\n|upkeep\n|turn|12\n|inactive|Time left: 300 sec this turn | 300 sec total\n|\n|t:|1783548921\n|move|p1a: Ribombee|Quiver Dance|p1a: Ribombee\n|-boost|p1a: Ribombee|spa|1\n|-boost|p1a: Ribombee|spd|1\n|-boost|p1a: Ribombee|spe|1\n|move|p2a: Blissey|Seismic Toss|p1a: Ribombee\n|-damage|p1a: Ribombee|35/100\n|\n|upkeep\n|turn|13\n|inactive|Time left: 300 sec this turn | 300 sec total\n|\n|t:|1783548922\n|move|p1a: Ribombee|Quiver Dance|p1a: Ribombee\n|-boost|p1a: Ribombee|spa|1\n|-boost|p1a: Ribombee|spd|1\n|-boost|p1a: Ribombee|spe|1\n|move|p2a: Blissey|Seismic Toss|p1a: Ribombee\n|-damage|p1a: Ribombee|0 fnt\n|faint|p1a: Ribombee\n|\n|upkeep\n|\n|t:|1783548923\n|switch|p1a: Archaludon|Archaludon, L78, F|100/100\n|-damage|p1a: Archaludon|95/100|[from] Stealth Rock\n|turn|14\n|inactive|Time left: 300 sec this turn | 300 sec total\n|\n|t:|1783548924\n|switch|p2a: Dusknoir|Dusknoir, L89, F|225/225\n|-item|p1a: Archaludon|Assault Vest|[from] ability: Frisk|[of] p2a: Dusknoir\n|move|p1a: Archaludon|Dragon Tail|p2a: Dusknoir\n|-damage|p2a: Dusknoir|183/225\n|drag|p2a: Blissey|Blissey, L85, F|572/572\n|\n|upkeep\n|turn|15\n|inactive|Time left: 300 sec this turn | 300 sec total\n|\n|t:|1783548925\n|switch|p2a: Dusknoir|Dusknoir, L89, F|183/225\n|-item|p1a: Archaludon|Assault Vest|[from] ability: Frisk|[of] p2a: Dusknoir\n|move|p1a: Archaludon|Body Press|p2a: Dusknoir\n|-immune|p2a: Dusknoir\n|\n|-heal|p2a: Dusknoir|197/225|[from] item: Leftovers\n|upkeep\n|turn|16\n|inactive|Time left: 300 sec this turn | 300 sec total\n|\n|t:|1783548926\n|move|p1a: Archaludon|Flash Cannon|p2a: Dusknoir\n|-crit|p2a: Dusknoir\n|-damage|p2a: Dusknoir|107/225\n|move|p2a: Dusknoir|Will-O-Wisp|p1a: Archaludon\n|-status|p1a: Archaludon|brn\n|\n|-heal|p2a: Dusknoir|121/225|[from] item: Leftovers\n|-damage|p1a: Archaludon|89/100 brn|[from] brn\n|upkeep\n|turn|17\n|inactive|Time left: 300 sec this turn | 300 sec total\n|\n|t:|1783548927\n|move|p1a: Archaludon|Flash Cannon|p2a: Dusknoir\n|-damage|p2a: Dusknoir|57/225\n|move|p2a: Dusknoir|Pain Split|p1a: Archaludon\n|-sethp|p1a: Archaludon|55/100 brn|[from] move: Pain Split|[silent]\n|-sethp|p2a: Dusknoir|146/225|[from] move: Pain Split\n|\n|-heal|p2a: Dusknoir|160/225|[from] item: Leftovers\n|-damage|p1a: Archaludon|49/100 brn|[from] brn\n|upkeep\n|turn|18\n|inactive|Time left: 300 sec this turn | 300 sec total\n|\n|t:|1783548928\n|move|p1a: Archaludon|Flash Cannon|p2a: Dusknoir\n|-damage|p2a: Dusknoir|99/225\n|move|p2a: Dusknoir|Earthquake|p1a: Archaludon\n|-supereffective|p1a: Archaludon\n|-damage|p1a: Archaludon|0 fnt\n|faint|p1a: Archaludon\n|\n|-heal|p2a: Dusknoir|113/225|[from] item: Leftovers\n|upkeep\n|\n|t:|1783548929\n|switch|p1a: Azelf|Azelf, L82|91/100\n|-damage|p1a: Azelf|78/100|[from] Stealth Rock\n|turn|19\n|inactive|Time left: 300 sec this turn | 300 sec total\n|\n|t:|1783548930\n|move|p1a: Azelf|Knock Off|p2a: Dusknoir\n|-supereffective|p2a: Dusknoir\n|-damage|p2a: Dusknoir|0 fnt\n|-enditem|p2a: Dusknoir|Leftovers|[from] move: Knock Off|[of] p1a: Azelf\n|faint|p2a: Dusknoir\n|-damage|p1a: Azelf|69/100|[from] item: Life Orb\n|\n|upkeep\n|inactive|Time left: 300 sec this turn | 300 sec total | 5 sec grace\n|\n|t:|1783548931\n|switch|p2a: Electrode|Electrode-Hisui, L87|246/246\n|turn|20\n|inactive|Time left: 300 sec this turn | 300 sec total\n|\n|t:|1783548932\n|move|p2a: Electrode|Leaf Storm|p1a: Azelf\n|-damage|p1a: Azelf|0 fnt\n|-unboost|p2a: Electrode|spa|2\n|faint|p1a: Azelf\n|-damage|p2a: Electrode|222/246|[from] item: Life Orb\n|\n|upkeep\n|\n|t:|1783548933\n|switch|p1a: Luvdisc|Luvdisc, M|100/100\n|turn|21\n|inactive|Time left: 300 sec this turn | 300 sec total\n|\n|t:|1783548934\n|switch|p2a: Trevenant|Trevenant, L89, M|296/296\n|move|p1a: Luvdisc|Substitute|p1a: Luvdisc\n|-start|p1a: Luvdisc|Substitute\n|-damage|p1a: Luvdisc|76/100\n|\n|upkeep\n|turn|22\n|inactive|Time left: 300 sec this turn | 300 sec total\n|\n|t:|1783548935\n|move|p1a: Luvdisc|Surf|p2a: Trevenant\n|-resisted|p2a: Trevenant\n|-damage|p2a: Trevenant|262/296\n|move|p2a: Trevenant|Horn Leech|p1a: Luvdisc\n|-supereffective|p1a: Luvdisc\n|-end|p1a: Luvdisc|Substitute\n|-heal|p2a: Trevenant|293/296|[from] drain|[of] p1a: Luvdisc\n|-damage|p2a: Trevenant|264/296|[from] item: Life Orb\n|\n|upkeep\n|turn|23\n|inactive|Time left: 300 sec this turn | 300 sec total\n|\n|t:|1783548936\n|move|p1a: Luvdisc|Substitute|p1a: Luvdisc\n|-start|p1a: Luvdisc|Substitute\n|-damage|p1a: Luvdisc|51/100\n|move|p2a: Trevenant|Horn Leech|p1a: Luvdisc\n|-supereffective|p1a: Luvdisc\n|-end|p1a: Luvdisc|Substitute\n|-heal|p2a: Trevenant|295/296|[from] drain|[of] p1a: Luvdisc\n|-damage|p2a: Trevenant|266/296|[from] item: Life Orb\n|\n|upkeep\n|turn|24\n|inactive|Time left: 300 sec this turn | 300 sec total\n|\n|t:|1783548937\n|move|p1a: Luvdisc|Substitute|p1a: Luvdisc\n|-start|p1a: Luvdisc|Substitute\n|-damage|p1a: Luvdisc|26/100\n|move|p2a: Trevenant|Horn Leech|p1a: Luvdisc\n|-supereffective|p1a: Luvdisc\n|-end|p1a: Luvdisc|Substitute\n|-heal|p2a: Trevenant|296/296|[from] drain|[of] p1a: Luvdisc\n|-damage|p2a: Trevenant|267/296|[from] item: Life Orb\n|\n|upkeep\n|turn|25\n|inactive|Time left: 300 sec this turn | 300 sec total\n|\n|t:|1783548938\n|move|p1a: Luvdisc|Substitute|p1a: Luvdisc\n|-start|p1a: Luvdisc|Substitute\n|-damage|p1a: Luvdisc|2/100\n|move|p2a: Trevenant|Horn Leech|p1a: Luvdisc\n|-supereffective|p1a: Luvdisc\n|-end|p1a: Luvdisc|Substitute\n|-heal|p2a: Trevenant|296/296|[from] drain|[of] p1a: Luvdisc\n|-damage|p2a: Trevenant|267/296|[from] item: Life Orb\n|\n|upkeep\n|turn|26\n|inactive|Time left: 300 sec this turn | 300 sec total\n|\n|t:|1783548939\n|move|p1a: Luvdisc|Endeavor|p2a: Trevenant\n|-immune|p2a: Trevenant\n|move|p2a: Trevenant|Poltergeist|p1a: Luvdisc\n|-activate|p1a: Luvdisc|move: Poltergeist|Heavy-Duty Boots\n|-damage|p1a: Luvdisc|0 fnt\n|faint|p1a: Luvdisc\n|-damage|p2a: Trevenant|238/296|[from] item: Life Orb\n|\n|upkeep\n|\n|t:|1783548940\n|switch|p1a: Noivern|Noivern, L82, F|100/100\n|-damage|p1a: Noivern|76/100|[from] Stealth Rock\n|turn|27\n|inactive|Time left: 300 sec this turn | 300 sec total\n|\n|t:|1783548941\n|move|p1a: Noivern|Hurricane|p2a: Trevenant|[miss]\n|-miss|p1a: Noivern|p2a: Trevenant\n|move|p2a: Trevenant|Poltergeist|p1a: Noivern\n|-activate|p1a: Noivern|move: Poltergeist|Choice Specs\n|-damage|p1a: Noivern|0 fnt\n|faint|p1a: Noivern\n|-damage|p2a: Trevenant|209/296|[from] item: Life Orb\n|\n|win|p0y841d589", "uploadtime": 1783548941, "views": 0, "rating": 0, "private": 0, "password": null, "_winner": "p0y841d589", "_our_name": "p0y841d589"}