{"id": "battle-gen9randombattle-100", "formatid": "gen9randombattle", "format": "[Gen 9] Random Battle", "players": ["p0x100200c", "p0y1009bf9"], "log": "|init|battle\n|title|p0x100200c vs. p0y1009bf9\n|j|\u2606p0x100200c\n|j|\u2606p0y1009bf9\n|t:|1783540348\n|gametype|singles\n|player|p1|p0x100200c|2|\n|player|p2|p0y1009bf9|266|\n|gen|9\n|tier|[Gen 9] Random Battle\n|rule|Species Clause: Limit one of each Pok\u00e9mon\n|rule|HP Percentage Mod: HP is shown in percentages\n|rule|Sleep Clause Mod: Limit one foe put to sleep\n|rule|Illusion Level Mod: Illusion disguises the Pok\u00e9mon's true level\n|\n|t:|1783540348\n|teamsize|p1|6\n|teamsize|p2|6\n|start\n|switch|p1a: Eiscue|Eiscue, L88, M|274/274\n|switch|p2a: Sandy Shocks|Sandy Shocks, L80|100/100\n|turn|1\n|inactive|Battle timer is ON: inactive players will automatically lose when time's up. (requested by p0x100200c)\n|inactive|p0y1009bf9 also wants the timer to be on.\n|\n|t:|1783540350\n|-end|p2a: Sandy Shocks|Protosynthesis|[silent]\n|switch|p2a: Conkeldurr|Conkeldurr, L80, M|100/100\n|move|p1a: Eiscue|Belly Drum|p1a: Eiscue\n|-damage|p1a: Eiscue|137/274\n|-setboost|p1a: Eiscue|atk|6|[from] move: Belly Drum\n|-enditem|p1a: Eiscue|Sitrus Berry|[eat]\n|-heal|p1a: Eiscue|205/274|[from] item: Sitrus Berry\n|\n|-status|p2a: Conkeldurr|brn|[from] item: Flame Orb\n|upkeep\n|turn|2\n|inactive|Time left: 300 sec this turn | 300 sec total\n|\n|t:|1783540351\n|switch|p2a: Chi-Yu|Chi-Yu, L77|100/100\n|-ability|p2a: Chi-Yu|Beads of Ruin\n|move|p1a: Eiscue|Ice Spinner|p2a: Chi-Yu\n|-resisted|p2a: Chi-Yu\n|-damage|p2a: Chi-Yu|17/100\n|\n|upkeep\n|turn|3\n|inactive|Time left: 300 sec this turn | 300 sec total\n|\n|t:|1783540352\n|-terastallize|p2a: Chi-Yu|Dark\n|-terastallize|p1a: Eiscue|Water\n|move|p2a: Chi-Yu|Dark Pulse|p1a: Eiscue\n|-damage|p1a: Eiscue|0 fnt\n|faint|p1a: Eiscue\n|\n|upkeep\n|inactive|Time left: 300 sec this turn | 300 sec total | 5 sec grace\n|\n|t:|1783540352\n|switch|p1a: Cinccino|Cinccino, L83, M|260/260\n|turn|4\n|inactive|Time left: 300 sec this turn | 300 sec total\n|\n|t:|1783540353\n|move|p1a: Cinccino|Tail Slap|p2a: Chi-Yu\n|-damage|p2a: Chi-Yu|0 fnt\n|faint|p2a: Chi-Yu\n|-hitcount|p2: Chi-Yu|1\n|\n|upkeep\n|\n|t:|1783540354\n|switch|p2a: Conkeldurr|Conkeldurr, L80, M|100/100 brn\n|turn|5\n|inactive|Time left: 300 sec this turn | 300 sec total\n|\n|t:|1783540355\n|switch|p1a: Landorus|Landorus-Therian, L76, M|260/260\n|-ability|p1a: Landorus|Intimidate|boost\n|-unboost|p2a: Conkeldurr|atk|1\n|move|p2a: Conkeldurr|Facade|p1a: Landorus\n|-damage|p1a: Landorus|125/260\n|\n|-heal|p1a: Landorus|141/260|[from] item: Leftovers\n|-damage|p2a: Conkeldurr|94/100 brn|[from] brn\n|upkeep\n|turn|6\n|inactive|Time left: 300 sec this turn | 300 sec total\n|\n|t:|1783540357\n|move|p1a: Landorus|Earthquake|p2a: Conkeldurr\n|-damage|p2a: Conkeldurr|53/100 brn\n|move|p2a: Conkeldurr|Facade|p1a: Landorus\n|-damage|p1a: Landorus|15/260\n|\n|-heal|p1a: Landorus|31/260|[from] item: Leftovers\n|-damage|p2a: Conkeldurr|47/100 brn|[from] brn\n|upkeep\n|turn|7\n|inactive|Time left: 300 sec this turn | 300 sec total\n|\n|t:|1783540358\n|move|p1a: Landorus|Earthquake|p2a: Conkeldurr\n|-damage|p2a: Conkeldurr|11/100 brn\n|move|p2a: Conkeldurr|Facade|p1a: Landorus\n|-damage|p1a: Landorus|0 fnt\n|faint|p1a: Landorus\n|\n|-damage|p2a: Conkeldurr|5/100 brn|[from] brn\n|upkeep\n|inactive|Time left: 300 sec this turn | 300 sec total | 5 sec grace\n|\n|t:|1783540358\n|switch|p1a: Swalot|Swalot, L90, M|326/326\n|turn|8\n|inactive|Time left: 300 sec this turn | 300 sec total\n|\n|t:|1783540359\n|switch|p2a: Sandy Shocks|Sandy Shocks, L80|100/100\n|move|p1a: Swalot|Swords Dance|p1a: Swalot\n|-boost|p1a: Swalot|atk|2\n|\n|upkeep\n|turn|9\n|inactive|Time left: 300 sec this turn | 300 sec total\n|\n|t:|1783540360\n|move|p2a: Sandy Shocks|Earth Power|p1a: Swalot\n|-supereffective|p1a: Swalot\n|-damage|p1a: Swalot|120/326\n|move|p1a: Swalot|Earthquake|p2a: Sandy Shocks\n|-supereffective|p2a: Sandy Shocks\n|-damage|p2a: Sandy Shocks|0 fnt\n|faint|p2a: Sandy Shocks\n|-end|p2a: Sandy Shocks|Protosynthesis|[silent]\n|\n|-heal|p1a: Swalot|140/326|[from] item: Leftovers\n|upkeep\n|\n|t:|1783540362\n|switch|p2a: Spectrier|Spectrier, L75|100/100\n|turn|10\n|inactive|Time left: 300 sec this turn | 300 sec total\n|\n|t:|1783540363\n|move|p2a: Spectrier|Substitute|p2a: Spectrier\n|-start|p2a: Spectrier|Substitute\n|-damage|p2a: Spectrier|76/100\n|move|p1a: Swalot|Knock Off|p2a: Spectrier\n|-supereffective|p2a: Spectrier\n|-end|p2a: Spectrier|Substitute\n|\n|-heal|p2a: Spectrier|82/100|[from] item: Leftovers\n|-heal|p1a: Swalot|160/326|[from] item: Leftovers\n|upkeep\n|turn|11\n|inactive|Time left: 300 sec this turn | 300 sec total\n|\n|t:|1783540364\n|move|p2a: Spectrier|Shadow Ball|p1a: Swalot\n|-damage|p1a: Swalot|58/326\n|move|p1a: Swalot|Knock Off|p2a: Spectrier\n|-supereffective|p2a: Spectrier\n|-damage|p2a: Spectrier|0 fnt\n|-enditem|p2a: Spectrier|Leftovers|[from] move: Knock Off|[of] p1a: Swalot\n|faint|p2a: Spectrier\n|\n|-heal|p1a: Swalot|78/326|[from] item: Leftovers\n|upkeep\n|\n|t:|1783540365\n|switch|p2a: Diancie|Diancie, L82|100/100\n|turn|12\n|inactive|Time left: 300 sec this turn | 300 sec total\n|\n|t:|1783540366\n|move|p1a: Swalot|Earthquake|p2a: Diancie\n|-supereffective|p2a: Diancie\n|-damage|p2a: Diancie|18/100\n|move|p2a: Diancie|Diamond Storm|p1a: Swalot\n|-damage|p1a: Swalot|0 fnt\n|-boost|p2a: Diancie|def|2\n|faint|p1a: Swalot\n|\n|upkeep\n|inactive|Time left: 300 sec this turn | 300 sec total | 5 sec grace\n|\n|t:|1783540367\n|switch|p1a: Emboar|Emboar, L84, F|322/322\n|turn|13\n|inactive|Time left: 300 sec this turn | 300 sec total\n|\n|t:|1783540368\n|move|p1a: Emboar|Scald|p2a: Diancie\n|-supereffective|p2a: Diancie\n|-damage|p2a: Diancie|0 fnt\n|faint|p2a: Diancie\n|\n|upkeep\n|\n|t:|1783540369\n|switch|p2a: Conkeldurr|Conkeldurr, L80, M|5/100 brn\n|turn|14\n|inactive|Time left: 300 sec this turn | 300 sec total\n|\n|t:|1783540370\n|move|p2a: Conkeldurr|Mach Punch|p1a: Emboar\n|-damage|p1a: Emboar|217/322\n|move|p1a: Emboar|Flare Blitz|p2a: Conkeldurr\n|-damage|p2a: Conkeldurr|0 fnt\n|faint|p2a: Conkeldurr\n|-damage|p1a: Emboar|213/322|[from] Recoil\n|\n|upkeep\n|\n|t:|1783540371\n|switch|p2a: Hatterene|Hatterene, L85, F|100/100\n|turn|15\n|inactive|Time left: 300 sec this turn | 300 sec total\n|\n|t:|1783540372\n|move|p1a: Emboar|Flare Blitz|p2a: Hatterene\n|-damage|p2a: Hatterene|26/100\n|-damage|p1a: Emboar|155/322|[from] Recoil\n|move|p2a: Hatterene|Nuzzle|p1a: Emboar\n|-damage|p1a: Emboar|138/322\n|-status|p1a: Emboar|par\n|\n|upkeep\n|turn|16\n|inactive|Time left: 300 sec this turn | 300 sec total\n|\n|t:|1783540373\n|move|p2a: Hatterene|Draining Kiss|p1a: Emboar\n|-damage|p1a: Emboar|75/322 par\n|-heal|p2a: Hatterene|46/100|[from] drain|[of] p1a: Emboar\n|move|p1a: Emboar|Flare Blitz|p2a: Hatterene\n|-damage|p2a: Hatterene|0 fnt\n|faint|p2a: Hatterene\n|-damage|p1a: Emboar|39/322 par|[from] Recoil\n|\n|win|p0x100200c", "uploadtime": 1783540373, "views": 0, "rating": 0, "private": 0, "password": null, "_winner": "p0x100200c", "_our_name": "p0x100200c"}