{"id": "battle-gen9randombattle-1312", "formatid": "gen9randombattle", "format": "[Gen 9] Random Battle", "players": ["p0x131202d2", "p0y13124f49"], "log": "|init|battle\n|title|p0x131202d2 vs. p0y13124f49\n|j|\u2606p0x131202d2\n|j|\u2606p0y13124f49\n|t:|1783554352\n|gametype|singles\n|player|p1|p0x131202d2|2|\n|player|p2|p0y13124f49|101|\n|gen|9\n|tier|[Gen 9] Random Battle\n|rule|Species Clause: Limit one of each Pok\u00e9mon\n|rule|HP Percentage Mod: HP is shown in percentages\n|rule|Sleep Clause Mod: Limit one foe put to sleep\n|rule|Illusion Level Mod: Illusion disguises the Pok\u00e9mon's true level\n|\n|t:|1783554352\n|teamsize|p1|6\n|teamsize|p2|6\n|start\n|switch|p1a: Hypno|Hypno, L95, M|315/315\n|switch|p2a: Eternatus|Eternatus, L69|100/100\n|-ability|p2a: Eternatus|Pressure\n|turn|1\n|inactive|Battle timer is ON: inactive players will automatically lose when time's up. (requested by p0x131202d2)\n|inactive|p0y13124f49 also wants the timer to be on.\n|\n|t:|1783554353\n|move|p2a: Eternatus|Toxic Spikes|p1a: Hypno\n|-sidestart|p1: p0x131202d2|move: Toxic Spikes\n|move|p1a: Hypno|Psychic Noise|p2a: Eternatus\n|-supereffective|p2a: Eternatus\n|-damage|p2a: Eternatus|38/100\n|-start|p2a: Eternatus|move: Heal Block\n|\n|upkeep\n|turn|2\n|inactive|Time left: 300 sec this turn | 300 sec total\n|\n|t:|1783554354\n|switch|p2a: Noctowl|Noctowl, L95, M|100/100\n|move|p1a: Hypno|Psychic Noise|p2a: Noctowl\n|-damage|p2a: Noctowl|80/100\n|-start|p2a: Noctowl|move: Heal Block\n|\n|upkeep\n|turn|3\n|inactive|Time left: 300 sec this turn | 300 sec total\n|\n|t:|1783554355\n|switch|p1a: Muk|Muk-Alola, L82, F|306/306\n|-sideend|p1: p0x131202d2|move: Toxic Spikes|[of] p1a: Muk\n|move|p2a: Noctowl|Nasty Plot|p2a: Noctowl\n|-boost|p2a: Noctowl|spa|2\n|\n|-end|p2a: Noctowl|move: Heal Block\n|upkeep\n|turn|4\n|inactive|Time left: 300 sec this turn | 300 sec total\n|\n|t:|1783554357\n|move|p2a: Noctowl|Hurricane|p1a: Muk\n|-damage|p1a: Muk|143/306\n|-start|p1a: Muk|confusion\n|-activate|p1a: Muk|confusion\n|-damage|p1a: Muk|110/306|[from] confusion\n|\n|upkeep\n|turn|5\n|inactive|Time left: 300 sec this turn | 300 sec total\n|\n|t:|1783554358\n|move|p2a: Noctowl|Hurricane|p1a: Muk\n|-damage|p1a: Muk|0 fnt\n|faint|p1a: Muk\n|\n|upkeep\n|inactive|Time left: 300 sec this turn | 300 sec total | 5 sec grace\n|\n|t:|1783554359\n|switch|p1a: Hypno|Hypno, L95, M|315/315\n|turn|6\n|inactive|Time left: 300 sec this turn | 300 sec total\n|\n|t:|1783554360\n|move|p2a: Noctowl|Hurricane|p1a: Hypno\n|-damage|p1a: Hypno|105/315\n|move|p1a: Hypno|Knock Off|p2a: Noctowl\n|-damage|p2a: Noctowl|53/100\n|-enditem|p2a: Noctowl|Heavy-Duty Boots|[from] move: Knock Off|[of] p1a: Hypno\n|\n|-heal|p1a: Hypno|124/315|[from] item: Leftovers\n|upkeep\n|turn|7\n|inactive|Time left: 300 sec this turn | 300 sec total\n|\n|t:|1783554361\n|move|p2a: Noctowl|Hyper Voice|p1a: Hypno\n|-damage|p1a: Hypno|0 fnt\n|faint|p1a: Hypno\n|\n|upkeep\n|inactive|Time left: 300 sec this turn | 300 sec total | 5 sec grace\n|\n|t:|1783554362\n|switch|p1a: Houndoom|Houndoom, L87, F|272/272\n|turn|8\n|inactive|Time left: 300 sec this turn | 300 sec total\n|\n|t:|1783554363\n|move|p1a: Houndoom|Fire Blast|p2a: Noctowl\n|-damage|p2a: Noctowl|17/100\n|move|p2a: Noctowl|Hurricane|p1a: Houndoom\n|-damage|p1a: Houndoom|10/272\n|\n|upkeep\n|turn|9\n|inactive|Time left: 300 sec this turn | 300 sec total\n|\n|t:|1783554364\n|switch|p2a: Diancie|Diancie, L82|100/100\n|move|p1a: Houndoom|Dark Pulse|p2a: Diancie\n|-resisted|p2a: Diancie\n|-damage|p2a: Diancie|86/100\n|\n|-heal|p2a: Diancie|92/100|[from] item: Leftovers\n|upkeep\n|turn|10\n|inactive|Time left: 300 sec this turn | 300 sec total\n|\n|t:|1783554365\n|move|p1a: Houndoom|Fire Blast|p2a: Diancie|[miss]\n|-miss|p1a: Houndoom|p2a: Diancie\n|move|p2a: Diancie|Diamond Storm|p1a: Houndoom\n|-supereffective|p1a: Houndoom\n|-damage|p1a: Houndoom|0 fnt\n|faint|p1a: Houndoom\n|\n|-heal|p2a: Diancie|98/100|[from] item: Leftovers\n|upkeep\n|inactive|Time left: 300 sec this turn | 300 sec total | 5 sec grace\n|\n|t:|1783554366\n|switch|p1a: Drednaw|Drednaw, L81, F|278/278\n|turn|11\n|inactive|Time left: 300 sec this turn | 300 sec total\n|\n|t:|1783554367\n|switch|p2a: Politoed|Politoed, L88, F|100/100\n|-weather|RainDance|[from] ability: Drizzle|[of] p2a: Politoed\n|move|p1a: Drednaw|Shell Smash|p1a: Drednaw\n|-unboost|p1a: Drednaw|def|1\n|-unboost|p1a: Drednaw|spd|1\n|-boost|p1a: Drednaw|atk|2\n|-boost|p1a: Drednaw|spa|2\n|-boost|p1a: Drednaw|spe|2\n|-enditem|p1a: Drednaw|White Herb\n|-clearnegativeboost|p1a: Drednaw|[silent]\n|\n|-weather|RainDance|[upkeep]\n|upkeep\n|turn|12\n|inactive|Time left: 300 sec this turn | 300 sec total\n|\n|t:|1783554368\n|-terastallize|p1a: Drednaw|Dark\n|move|p1a: Drednaw|Crunch|p2a: Politoed\n|-damage|p2a: Politoed|11/100\n|move|p2a: Politoed|Weather Ball|p1a: Drednaw\n|-damage|p1a: Drednaw|0 fnt\n|faint|p1a: Drednaw\n|\n|-weather|RainDance|[upkeep]\n|upkeep\n|inactive|Time left: 300 sec this turn | 300 sec total | 5 sec grace\n|\n|t:|1783554369\n|switch|p1a: Bellossom|Bellossom, L84, F|263/263\n|turn|13\n|inactive|Time left: 300 sec this turn | 300 sec total\n|\n|t:|1783554371\n|switch|p2a: Noctowl|Noctowl, L95, M|17/100\n|move|p1a: Bellossom|Quiver Dance|p1a: Bellossom\n|-boost|p1a: Bellossom|spa|1\n|-boost|p1a: Bellossom|spd|1\n|-boost|p1a: Bellossom|spe|1\n|\n|-weather|RainDance|[upkeep]\n|upkeep\n|turn|14\n|inactive|Time left: 300 sec this turn | 300 sec total\n|\n|t:|1783554372\n|-terastallize|p2a: Noctowl|Steel\n|move|p1a: Bellossom|Quiver Dance|p1a: Bellossom\n|-boost|p1a: Bellossom|spa|1\n|-boost|p1a: Bellossom|spd|1\n|-boost|p1a: Bellossom|spe|1\n|move|p2a: Noctowl|Roost|p2a: Noctowl\n|-heal|p2a: Noctowl|67/100\n|\n|-weather|RainDance|[upkeep]\n|upkeep\n|turn|15\n|inactive|Time left: 300 sec this turn | 300 sec total\n|\n|t:|1783554373\n|move|p1a: Bellossom|Quiver Dance|p1a: Bellossom\n|-boost|p1a: Bellossom|spa|1\n|-boost|p1a: Bellossom|spd|1\n|-boost|p1a: Bellossom|spe|1\n|move|p2a: Noctowl|Nasty Plot|p2a: Noctowl\n|-boost|p2a: Noctowl|spa|2\n|\n|-weather|none\n|upkeep\n|turn|16\n|inactive|Time left: 300 sec this turn | 300 sec total\n|\n|t:|1783554374\n|move|p1a: Bellossom|Quiver Dance|p1a: Bellossom\n|-boost|p1a: Bellossom|spa|1\n|-boost|p1a: Bellossom|spd|1\n|-boost|p1a: Bellossom|spe|1\n|move|p2a: Noctowl|Hurricane|p1a: Bellossom|[miss]\n|-miss|p2a: Noctowl|p1a: Bellossom\n|\n|upkeep\n|turn|17\n|inactive|Time left: 300 sec this turn | 300 sec total\n|\n|t:|1783554375\n|move|p1a: Bellossom|Moonblast|p2a: Noctowl\n|-resisted|p2a: Noctowl\n|-damage|p2a: Noctowl|46/100\n|-unboost|p2a: Noctowl|spa|1\n|move|p2a: Noctowl|Hurricane|p1a: Bellossom\n|-supereffective|p1a: Bellossom\n|-damage|p1a: Bellossom|141/263\n|\n|-heal|p1a: Bellossom|157/263|[from] item: Leftovers\n|upkeep\n|turn|18\n|inactive|Time left: 300 sec this turn | 300 sec total\n|\n|t:|1783554376\n|move|p1a: Bellossom|Giga Drain|p2a: Noctowl\n|-resisted|p2a: Noctowl\n|-damage|p2a: Noctowl|22/100\n|-heal|p1a: Bellossom|199/263|[from] drain|[of] p2a: Noctowl\n|move|p2a: Noctowl|Roost|p2a: Noctowl\n|-heal|p2a: Noctowl|72/100\n|\n|-heal|p1a: Bellossom|215/263|[from] item: Leftovers\n|upkeep\n|turn|19\n|inactive|Time left: 300 sec this turn | 300 sec total\n|\n|t:|1783554377\n|move|p1a: Bellossom|Giga Drain|p2a: Noctowl\n|-resisted|p2a: Noctowl\n|-damage|p2a: Noctowl|47/100\n|-heal|p1a: Bellossom|257/263|[from] drain|[of] p2a: Noctowl\n|move|p2a: Noctowl|Nasty Plot|p2a: Noctowl\n|-boost|p2a: Noctowl|spa|2\n|\n|-heal|p1a: Bellossom|263/263|[from] item: Leftovers\n|upkeep\n|turn|20\n|inactive|Time left: 300 sec this turn | 300 sec total\n|\n|t:|1783554378\n|move|p1a: Bellossom|Moonblast|p2a: Noctowl\n|-resisted|p2a: Noctowl\n|-damage|p2a: Noctowl|26/100\n|-unboost|p2a: Noctowl|spa|1\n|move|p2a: Noctowl|Roost|p2a: Noctowl\n|-heal|p2a: Noctowl|76/100\n|\n|upkeep\n|turn|21\n|inactive|Time left: 300 sec this turn | 300 sec total\n|\n|t:|1783554379\n|move|p1a: Bellossom|Giga Drain|p2a: Noctowl\n|-resisted|p2a: Noctowl\n|-crit|p2a: Noctowl\n|-damage|p2a: Noctowl|37/100\n|move|p2a: Noctowl|Hurricane|p1a: Bellossom\n|-supereffective|p1a: Bellossom\n|-damage|p1a: Bellossom|93/263\n|\n|-heal|p1a: Bellossom|109/263|[from] item: Leftovers\n|upkeep\n|turn|22\n|inactive|Time left: 300 sec this turn | 300 sec total\n|\n|t:|1783554380\n|move|p1a: Bellossom|Strength Sap|p2a: Noctowl\n|-unboost|p2a: Noctowl|atk|1\n|-heal|p1a: Bellossom|209/263\n|move|p2a: Noctowl|Hurricane|p1a: Bellossom|[miss]\n|-miss|p2a: Noctowl|p1a: Bellossom\n|\n|-heal|p1a: Bellossom|225/263|[from] item: Leftovers\n|upkeep\n|turn|23\n|inactive|Time left: 300 sec this turn | 300 sec total\n|\n|t:|1783554381\n|move|p1a: Bellossom|Moonblast|p2a: Noctowl\n|-resisted|p2a: Noctowl\n|-damage|p2a: Noctowl|14/100\n|move|p2a: Noctowl|Roost|p2a: Noctowl\n|-heal|p2a: Noctowl|64/100\n|\n|-heal|p1a: Bellossom|241/263|[from] item: Leftovers\n|upkeep\n|turn|24\n|inactive|Time left: 300 sec this turn | 300 sec total\n|\n|t:|1783554382\n|move|p1a: Bellossom|Moonblast|p2a: Noctowl\n|-resisted|p2a: Noctowl\n|-damage|p2a: Noctowl|41/100\n|move|p2a: Noctowl|Hurricane|p1a: Bellossom\n|-supereffective|p1a: Bellossom\n|-damage|p1a: Bellossom|77/263\n|-start|p1a: Bellossom|confusion\n|\n|-heal|p1a: Bellossom|93/263|[from] item: Leftovers\n|upkeep\n|turn|25\n|inactive|Time left: 300 sec this turn | 300 sec total\n|\n|t:|1783554383\n|-activate|p1a: Bellossom|confusion\n|-damage|p1a: Bellossom|76/263|[from] confusion\n|move|p2a: Noctowl|Hurricane|p1a: Bellossom\n|-supereffective|p1a: Bellossom\n|-damage|p1a: Bellossom|0 fnt\n|faint|p1a: Bellossom\n|\n|upkeep\n|inactive|Time left: 300 sec this turn | 300 sec total | 5 sec grace\n|\n|t:|1783554384\n|switch|p1a: Cramorant|Cramorant, L86, F|261/261\n|turn|26\n|inactive|Time left: 300 sec this turn | 300 sec total\n|\n|t:|1783554385\n|move|p1a: Cramorant|Brave Bird|p2a: Noctowl\n|-resisted|p2a: Noctowl\n|-damage|p2a: Noctowl|20/100\n|-damage|p1a: Cramorant|236/261|[from] Recoil\n|move|p2a: Noctowl|Hyper Voice|p1a: Cramorant\n|-damage|p1a: Cramorant|35/261\n|\n|upkeep\n|turn|27\n|inactive|Time left: 300 sec this turn | 300 sec total\n|\n|t:|1783554386\n|switch|p2a: Persian|Persian, L92, M|100/100\n|move|p1a: Cramorant|Surf|p2a: Persian\n|-formechange|p1a: Cramorant|Cramorant-Gorging|\n|-damage|p2a: Persian|62/100\n|\n|upkeep\n|turn|28\n|inactive|Time left: 300 sec this turn | 300 sec total\n|\n|t:|1783554387\n|move|p2a: Persian|Double-Edge|p1a: Cramorant\n|-damage|p1a: Cramorant|0 fnt\n|-damage|p2a: Persian|37/100|[from] ability: Gulp Missile|[of] p1a: Cramorant\n|-formechange|p1a: Cramorant|Cramorant|\n|faint|p1a: Cramorant\n|-damage|p2a: Persian|33/100|[from] Recoil\n|\n|win|p0y13124f49", "uploadtime": 1783554387, "views": 0, "rating": 0, "private": 0, "password": null, "_winner": "p0y13124f49", "_our_name": "p0x131202d2"}