{"id": "battle-gen9randombattle-1857", "formatid": "gen9randombattle", "format": "[Gen 9] Random Battle", "players": ["p0x18571c66", "p0y18574975"], "log": "|init|battle\n|title|p0x18571c66 vs. p0y18574975\n|j|\u2606p0x18571c66\n|j|\u2606p0y18574975\n|t:|1783560784\n|gametype|singles\n|player|p1|p0x18571c66|2|\n|player|p2|p0y18574975|1|\n|gen|9\n|tier|[Gen 9] Random Battle\n|rule|Species Clause: Limit one of each Pok\u00e9mon\n|rule|HP Percentage Mod: HP is shown in percentages\n|rule|Sleep Clause Mod: Limit one foe put to sleep\n|rule|Illusion Level Mod: Illusion disguises the Pok\u00e9mon's true level\n|\n|t:|1783560784\n|teamsize|p1|6\n|teamsize|p2|6\n|start\n|switch|p1a: Gliscor|Gliscor, L76, F|239/239\n|switch|p2a: Lunala|Lunala, L70|100/100\n|turn|1\n|inactive|Battle timer is ON: inactive players will automatically lose when time's up. (requested by p0y18574975)\n|inactive|Time left: 300 sec this turn | 300 sec total | 60 sec grace\n|inactive|p0x18571c66 also wants the timer to be on.\n|\n|t:|1783560785\n|move|p1a: Gliscor|Knock Off|p2a: Lunala\n|-supereffective|p2a: Lunala\n|-damage|p2a: Lunala|58/100\n|-enditem|p2a: Lunala|Leftovers|[from] move: Knock Off|[of] p1a: Gliscor\n|move|p2a: Lunala|Calm Mind|p2a: Lunala\n|-boost|p2a: Lunala|spa|1\n|-boost|p2a: Lunala|spd|1\n|\n|-status|p1a: Gliscor|tox|[from] item: Toxic Orb\n|upkeep\n|turn|2\n|inactive|Time left: 300 sec this turn | 300 sec total\n|\n|t:|1783560786\n|-terastallize|p2a: Lunala|Fairy\n|move|p1a: Gliscor|Knock Off|p2a: Lunala\n|-resisted|p2a: Lunala\n|-damage|p2a: Lunala|52/100\n|move|p2a: Lunala|Moonlight|p2a: Lunala\n|-heal|p2a: Lunala|100/100\n|\n|upkeep\n|turn|3\n|inactive|Time left: 300 sec this turn | 300 sec total\n|\n|t:|1783560787\n|move|p1a: Gliscor|Toxic Spikes|p2a: Lunala\n|-sidestart|p2: p0y18574975|move: Toxic Spikes\n|move|p2a: Lunala|Moonblast|p1a: Gliscor\n|-damage|p1a: Gliscor|52/239 tox\n|\n|-heal|p1a: Gliscor|81/239 tox|[from] ability: Poison Heal\n|upkeep\n|turn|4\n|inactive|Time left: 300 sec this turn | 300 sec total\n|\n|t:|1783560788\n|move|p1a: Gliscor|Protect|p1a: Gliscor\n|-singleturn|p1a: Gliscor|Protect\n|move|p2a: Lunala|Moongeist Beam|p1a: Gliscor\n|-activate|p1a: Gliscor|move: Protect\n|\n|-heal|p1a: Gliscor|110/239 tox|[from] ability: Poison Heal\n|upkeep\n|turn|5\n|inactive|Time left: 300 sec this turn | 300 sec total\n|\n|t:|1783560789\n|switch|p1a: Suicune|Suicune, L82|298/298\n|-ability|p1a: Suicune|Pressure\n|move|p2a: Lunala|Moonblast|p1a: Suicune\n|-damage|p1a: Suicune|178/298\n|\n|-heal|p1a: Suicune|196/298|[from] item: Leftovers\n|upkeep\n|turn|6\n|inactive|Time left: 300 sec this turn | 300 sec total\n|\n|t:|1783560790\n|move|p1a: Suicune|Calm Mind|p1a: Suicune\n|-boost|p1a: Suicune|spa|1\n|-boost|p1a: Suicune|spd|1\n|move|p2a: Lunala|Moonblast|p1a: Suicune\n|-damage|p1a: Suicune|121/298\n|\n|-heal|p1a: Suicune|139/298|[from] item: Leftovers\n|upkeep\n|turn|7\n|inactive|Time left: 300 sec this turn | 300 sec total\n|\n|t:|1783560791\n|move|p1a: Suicune|Calm Mind|p1a: Suicune\n|-boost|p1a: Suicune|spa|1\n|-boost|p1a: Suicune|spd|1\n|move|p2a: Lunala|Calm Mind|p2a: Lunala\n|-boost|p2a: Lunala|spa|1\n|-boost|p2a: Lunala|spd|1\n|\n|-heal|p1a: Suicune|157/298|[from] item: Leftovers\n|upkeep\n|turn|8\n|inactive|Time left: 300 sec this turn | 300 sec total\n|\n|t:|1783560792\n|move|p1a: Suicune|Calm Mind|p1a: Suicune\n|-boost|p1a: Suicune|spa|1\n|-boost|p1a: Suicune|spd|1\n|move|p2a: Lunala|Calm Mind|p2a: Lunala\n|-boost|p2a: Lunala|spa|1\n|-boost|p2a: Lunala|spd|1\n|\n|-heal|p1a: Suicune|175/298|[from] item: Leftovers\n|upkeep\n|turn|9\n|inactive|Time left: 300 sec this turn | 300 sec total\n|\n|t:|1783560793\n|move|p1a: Suicune|Calm Mind|p1a: Suicune\n|-boost|p1a: Suicune|spa|1\n|-boost|p1a: Suicune|spd|1\n|move|p2a: Lunala|Moongeist Beam|p1a: Suicune\n|-damage|p1a: Suicune|103/298\n|\n|-heal|p1a: Suicune|121/298|[from] item: Leftovers\n|upkeep\n|turn|10\n|inactive|Time left: 300 sec this turn | 300 sec total\n|\n|t:|1783560794\n|move|p1a: Suicune|Substitute|p1a: Suicune\n|-start|p1a: Suicune|Substitute\n|-damage|p1a: Suicune|47/298\n|move|p2a: Lunala|Moongeist Beam|p1a: Suicune\n|-activate|p1a: Suicune|move: Substitute|[damage]\n|\n|-heal|p1a: Suicune|65/298|[from] item: Leftovers\n|upkeep\n|turn|11\n|inactive|Time left: 300 sec this turn | 300 sec total\n|\n|t:|1783560795\n|move|p1a: Suicune|Ice Beam|p2a: Lunala\n|-damage|p2a: Lunala|90/100\n|move|p2a: Lunala|Moonblast|p1a: Suicune\n|-end|p1a: Suicune|Substitute\n|\n|-heal|p1a: Suicune|83/298|[from] item: Leftovers\n|upkeep\n|turn|12\n|inactive|Time left: 300 sec this turn | 300 sec total\n|\n|t:|1783560796\n|move|p1a: Suicune|Substitute|p1a: Suicune\n|-start|p1a: Suicune|Substitute\n|-damage|p1a: Suicune|9/298\n|move|p2a: Lunala|Moongeist Beam|p1a: Suicune\n|-activate|p1a: Suicune|move: Substitute|[damage]\n|\n|-heal|p1a: Suicune|27/298|[from] item: Leftovers\n|upkeep\n|turn|13\n|inactive|Time left: 300 sec this turn | 300 sec total\n|\n|t:|1783560797\n|move|p1a: Suicune|Scald|p2a: Lunala\n|-damage|p2a: Lunala|60/100\n|-status|p2a: Lunala|brn\n|move|p2a: Lunala|Moonlight|p2a: Lunala\n|-heal|p2a: Lunala|100/100 brn\n|\n|-heal|p1a: Suicune|45/298|[from] item: Leftovers\n|-damage|p2a: Lunala|94/100 brn|[from] brn\n|upkeep\n|turn|14\n|inactive|Time left: 300 sec this turn | 300 sec total\n|\n|t:|1783560798\n|move|p1a: Suicune|Scald|p2a: Lunala\n|-damage|p2a: Lunala|67/100 brn\n|move|p2a: Lunala|Calm Mind|p2a: Lunala\n|-boost|p2a: Lunala|spa|1\n|-boost|p2a: Lunala|spd|1\n|\n|-heal|p1a: Suicune|63/298|[from] item: Leftovers\n|-damage|p2a: Lunala|61/100 brn|[from] brn\n|upkeep\n|turn|15\n|inactive|Time left: 300 sec this turn | 300 sec total\n|\n|t:|1783560798\n|move|p1a: Suicune|Calm Mind|p1a: Suicune\n|-boost|p1a: Suicune|spa|1\n|-boost|p1a: Suicune|spd|1\n|move|p2a: Lunala|Moonlight|p2a: Lunala\n|-heal|p2a: Lunala|100/100 brn\n|\n|-heal|p1a: Suicune|81/298|[from] item: Leftovers\n|-damage|p2a: Lunala|94/100 brn|[from] brn\n|upkeep\n|turn|16\n|inactive|Time left: 300 sec this turn | 300 sec total\n|\n|t:|1783560799\n|move|p1a: Suicune|Scald|p2a: Lunala\n|-damage|p2a: Lunala|66/100 brn\n|move|p2a: Lunala|Calm Mind|p2a: Lunala\n|-boost|p2a: Lunala|spa|1\n|-boost|p2a: Lunala|spd|1\n|\n|-heal|p1a: Suicune|99/298|[from] item: Leftovers\n|-damage|p2a: Lunala|60/100 brn|[from] brn\n|upkeep\n|turn|17\n|inactive|Time left: 300 sec this turn | 300 sec total\n|\n|t:|1783560800\n|move|p1a: Suicune|Scald|p2a: Lunala\n|-damage|p2a: Lunala|35/100 brn\n|move|p2a: Lunala|Moonlight|p2a: Lunala\n|-heal|p2a: Lunala|85/100 brn\n|\n|-heal|p1a: Suicune|117/298|[from] item: Leftovers\n|-damage|p2a: Lunala|79/100 brn|[from] brn\n|upkeep\n|turn|18\n|inactive|Time left: 300 sec this turn | 300 sec total\n|\n|t:|1783560801\n|move|p1a: Suicune|Scald|p2a: Lunala\n|-damage|p2a: Lunala|53/100 brn\n|move|p2a: Lunala|Moonblast|p1a: Suicune\n|-end|p1a: Suicune|Substitute\n|\n|-heal|p1a: Suicune|135/298|[from] item: Leftovers\n|-damage|p2a: Lunala|47/100 brn|[from] brn\n|upkeep\n|turn|19\n|inactive|Time left: 300 sec this turn | 300 sec total\n|\n|t:|1783560802\n|move|p1a: Suicune|Scald|p2a: Lunala\n|-damage|p2a: Lunala|21/100 brn\n|move|p2a: Lunala|Moonlight|p2a: Lunala\n|-heal|p2a: Lunala|71/100 brn\n|\n|-heal|p1a: Suicune|153/298|[from] item: Leftovers\n|-damage|p2a: Lunala|65/100 brn|[from] brn\n|upkeep\n|turn|20\n|inactive|Time left: 300 sec this turn | 300 sec total\n|\n|t:|1783560803\n|move|p1a: Suicune|Scald|p2a: Lunala\n|-damage|p2a: Lunala|41/100 brn\n|move|p2a: Lunala|Moonlight|p2a: Lunala\n|-heal|p2a: Lunala|91/100 brn\n|\n|-heal|p1a: Suicune|171/298|[from] item: Leftovers\n|-damage|p2a: Lunala|85/100 brn|[from] brn\n|upkeep\n|turn|21\n|inactive|Time left: 300 sec this turn | 300 sec total\n|\n|t:|1783560804\n|move|p1a: Suicune|Scald|p2a: Lunala\n|-damage|p2a: Lunala|58/100 brn\n|move|p2a: Lunala|Moonblast|p1a: Suicune\n|-damage|p1a: Suicune|89/298\n|\n|-heal|p1a: Suicune|107/298|[from] item: Leftovers\n|-damage|p2a: Lunala|51/100 brn|[from] brn\n|upkeep\n|turn|22\n|inactive|Time left: 300 sec this turn | 300 sec total\n|\n|t:|1783560805\n|move|p1a: Suicune|Scald|p2a: Lunala\n|-damage|p2a: Lunala|27/100 brn\n|move|p2a: Lunala|Moonlight|p2a: Lunala\n|-heal|p2a: Lunala|77/100 brn\n|\n|-heal|p1a: Suicune|125/298|[from] item: Leftovers\n|-damage|p2a: Lunala|71/100 brn|[from] brn\n|upkeep\n|turn|23\n|inactive|Time left: 300 sec this turn | 300 sec total\n|\n|t:|1783560806\n|-terastallize|p1a: Suicune|Steel\n|move|p1a: Suicune|Scald|p2a: Lunala\n|-damage|p2a: Lunala|47/100 brn\n|move|p2a: Lunala|Moonblast|p1a: Suicune\n|-resisted|p1a: Suicune\n|-damage|p1a: Suicune|87/298\n|-unboost|p1a: Suicune|spa|1\n|\n|-heal|p1a: Suicune|105/298|[from] item: Leftovers\n|-damage|p2a: Lunala|41/100 brn|[from] brn\n|upkeep\n|turn|24\n|inactive|Time left: 300 sec this turn | 300 sec total\n|\n|t:|1783560807\n|move|p1a: Suicune|Scald|p2a: Lunala\n|-damage|p2a: Lunala|17/100 brn\n|move|p2a: Lunala|Moonlight|p2a: Lunala\n|-heal|p2a: Lunala|67/100 brn\n|\n|-heal|p1a: Suicune|123/298|[from] item: Leftovers\n|-damage|p2a: Lunala|61/100 brn|[from] brn\n|upkeep\n|turn|25\n|inactive|Time left: 300 sec this turn | 300 sec total\n|\n|t:|1783560808\n|move|p1a: Suicune|Scald|p2a: Lunala\n|-damage|p2a: Lunala|41/100 brn\n|move|p2a: Lunala|Moonblast|p1a: Suicune\n|-resisted|p1a: Suicune\n|-damage|p1a: Suicune|84/298\n|\n|-heal|p1a: Suicune|102/298|[from] item: Leftovers\n|-damage|p2a: Lunala|35/100 brn|[from] brn\n|upkeep\n|turn|26\n|inactive|Time left: 300 sec this turn | 300 sec total\n|\n|t:|1783560809\n|move|p1a: Suicune|Scald|p2a: Lunala\n|-damage|p2a: Lunala|13/100 brn\n|move|p2a: Lunala|Moongeist Beam|p1a: Suicune\n|-damage|p1a: Suicune|18/298\n|\n|-heal|p1a: Suicune|36/298|[from] item: Leftovers\n|-damage|p2a: Lunala|6/100 brn|[from] brn\n|upkeep\n|turn|27\n|inactive|Time left: 300 sec this turn | 300 sec total\n|\n|t:|1783560810\n|move|p1a: Suicune|Ice Beam|p2a: Lunala\n|-damage|p2a: Lunala|0 fnt\n|faint|p2a: Lunala\n|\n|-heal|p1a: Suicune|54/298|[from] item: Leftovers\n|upkeep\n|\n|t:|1783560811\n|switch|p2a: Houndstone|Houndstone, L86, F|100/100\n|-status|p2a: Houndstone|psn\n|turn|28\n|inactive|Time left: 300 sec this turn | 300 sec total\n|\n|t:|1783560812\n|move|p1a: Suicune|Scald|p2a: Houndstone\n|-crit|p2a: Houndstone\n|-damage|p2a: Houndstone|0 fnt\n|faint|p2a: Houndstone\n|\n|-heal|p1a: Suicune|72/298|[from] item: Leftovers\n|upkeep\n|\n|t:|1783560813\n|switch|p2a: Cetitan|Cetitan, L82, F|100/100\n|-status|p2a: Cetitan|psn\n|turn|29\n|inactive|Time left: 300 sec this turn | 300 sec total\n|\n|t:|1783560814\n|move|p1a: Suicune|Scald|p2a: Cetitan\n|-damage|p2a: Cetitan|23/100 psn\n|-enditem|p2a: Cetitan|Sitrus Berry|[eat]\n|-heal|p2a: Cetitan|48/100 psn|[from] item: Sitrus Berry\n|move|p2a: Cetitan|Earthquake|p1a: Suicune\n|-supereffective|p1a: Suicune\n|-damage|p1a: Suicune|0 fnt\n|faint|p1a: Suicune\n|\n|-damage|p2a: Cetitan|36/100 psn|[from] psn\n|upkeep\n|inactive|Time left: 300 sec this turn | 300 sec total | 5 sec grace\n|\n|t:|1783560815\n|switch|p1a: Zekrom|Zekrom, L71|259/259\n|-ability|p1a: Zekrom|Teravolt\n|turn|30\n|inactive|Time left: 300 sec this turn | 300 sec total\n|\n|t:|1783560816\n|move|p1a: Zekrom|Outrage|p2a: Cetitan\n|-damage|p2a: Cetitan|0 fnt\n|faint|p2a: Cetitan\n|\n|upkeep\n|\n|t:|1783560817\n|switch|p2a: Carbink|Carbink, L90|100/100\n|-status|p2a: Carbink|psn\n|turn|31\n|inactive|Time left: 300 sec this turn | 300 sec total\n|\n|t:|1783560818\n|move|p1a: Zekrom|Outrage|p2a: Carbink|[from] lockedmove\n|-immune|p2a: Carbink\n|-start|p1a: Zekrom|confusion|[fatigue]\n|move|p2a: Carbink|Moonblast|p1a: Zekrom\n|-supereffective|p1a: Zekrom\n|-damage|p1a: Zekrom|103/259\n|\n|-heal|p1a: Zekrom|119/259|[from] item: Leftovers\n|-damage|p2a: Carbink|88/100 psn|[from] psn\n|upkeep\n|turn|32\n|inactive|Time left: 300 sec this turn | 300 sec total\n|\n|t:|1783560819\n|switch|p1a: Gliscor|Gliscor, L76, F|110/239 tox\n|move|p2a: Carbink|Moonblast|p1a: Gliscor\n|-damage|p1a: Gliscor|25/239 tox\n|\n|-heal|p2a: Carbink|94/100 psn|[from] item: Leftovers\n|-heal|p1a: Gliscor|54/239 tox|[from] ability: Poison Heal\n|-damage|p2a: Carbink|82/100 psn|[from] psn\n|upkeep\n|turn|33\n|inactive|Time left: 300 sec this turn | 300 sec total\n|\n|t:|1783560820\n|move|p1a: Gliscor|Earthquake|p2a: Carbink\n|-supereffective|p2a: Carbink\n|-damage|p2a: Carbink|40/100 psn\n|move|p2a: Carbink|Moonblast|p1a: Gliscor\n|-crit|p1a: Gliscor\n|-damage|p1a: Gliscor|0 fnt\n|faint|p1a: Gliscor\n|\n|-heal|p2a: Carbink|46/100 psn|[from] item: Leftovers\n|-damage|p2a: Carbink|34/100 psn|[from] psn\n|upkeep\n|inactive|Time left: 300 sec this turn | 300 sec total | 5 sec grace\n|\n|t:|1783560821\n|switch|p1a: Kleavor|Kleavor, L78, F|237/237\n|turn|34\n|inactive|Time left: 300 sec this turn | 300 sec total\n|\n|t:|1783560822\n|move|p1a: Kleavor|Stone Axe|p2a: Carbink\n|-damage|p2a: Carbink|6/100 psn\n|-sidestart|p2: p0y18574975|move: Stealth Rock\n|move|p2a: Carbink|Moonblast|p1a: Kleavor\n|-damage|p1a: Kleavor|146/237\n|-unboost|p1a: Kleavor|spa|1\n|\n|-heal|p2a: Carbink|12/100 psn|[from] item: Leftovers\n|-damage|p2a: Carbink|0 fnt|[from] psn\n|faint|p2a: Carbink\n|upkeep\n|\n|t:|1783560823\n|switch|p2a: Hitmontop|Hitmontop, L88, M|100/100\n|-status|p2a: Hitmontop|psn\n|-damage|p2a: Hitmontop|94/100 psn|[from] Stealth Rock\n|-ability|p2a: Hitmontop|Intimidate|boost\n|-unboost|p1a: Kleavor|atk|1\n|turn|35\n|inactive|Time left: 300 sec this turn | 300 sec total\n|\n|t:|1783560824\n|switch|p1a: Spiritomb|Spiritomb, L89, F|234/234\n|move|p2a: Hitmontop|Rapid Spin|p1a: Spiritomb\n|-immune|p1a: Spiritomb\n|\n|-damage|p2a: Hitmontop|82/100 psn|[from] psn\n|upkeep\n|turn|36\n|inactive|Time left: 300 sec this turn | 300 sec total\n|\n|t:|1783560825\n|switch|p2a: Darkrai|Darkrai, L77|100/100\n|-status|p2a: Darkrai|psn\n|-damage|p2a: Darkrai|88/100 psn|[from] Stealth Rock\n|move|p1a: Spiritomb|Poltergeist|p2a: Darkrai|[miss]\n|-miss|p1a: Spiritomb|p2a: Darkrai\n|\n|-damage|p2a: Darkrai|76/100 psn|[from] psn\n|upkeep\n|turn|37\n|inactive|Time left: 300 sec this turn | 300 sec total\n|\n|t:|1783560825\n|move|p2a: Darkrai|Nasty Plot|p2a: Darkrai\n|-boost|p2a: Darkrai|spa|2\n|move|p1a: Spiritomb|Poltergeist|p2a: Darkrai\n|-activate|p2a: Darkrai|move: Poltergeist|Life Orb\n|-resisted|p2a: Darkrai\n|-damage|p2a: Darkrai|48/100 psn\n|\n|-damage|p2a: Darkrai|36/100 psn|[from] psn\n|upkeep\n|turn|38\n|inactive|Time left: 300 sec this turn | 300 sec total\n|\n|t:|1783560826\n|move|p2a: Darkrai|Dark Pulse|p1a: Spiritomb\n|-damage|p1a: Spiritomb|49/234\n|-damage|p2a: Darkrai|26/100 psn|[from] item: Life Orb\n|move|p1a: Spiritomb|Poltergeist|p2a: Darkrai\n|-activate|p2a: Darkrai|move: Poltergeist|Life Orb\n|-resisted|p2a: Darkrai\n|-damage|p2a: Darkrai|0 fnt\n|faint|p2a: Darkrai\n|\n|-heal|p1a: Spiritomb|63/234|[from] item: Leftovers\n|upkeep\n|\n|t:|1783560827\n|switch|p2a: Hitmontop|Hitmontop, L88, M|82/100 psn\n|-damage|p2a: Hitmontop|76/100 psn|[from] Stealth Rock\n|-ability|p2a: Hitmontop|Intimidate|boost\n|-unboost|p1a: Spiritomb|atk|1\n|turn|39\n|inactive|Time left: 300 sec this turn | 300 sec total\n|\n|t:|1783560828\n|move|p2a: Hitmontop|Stone Edge|p1a: Spiritomb|[miss]\n|-miss|p2a: Hitmontop|p1a: Spiritomb\n|move|p1a: Spiritomb|Pain Split|p2a: Hitmontop\n|-sethp|p2a: Hitmontop|52/100 psn|[from] move: Pain Split|[silent]\n|-sethp|p1a: Spiritomb|119/234|[from] move: Pain Split\n|\n|-heal|p1a: Spiritomb|133/234|[from] item: Leftovers\n|-damage|p2a: Hitmontop|40/100 psn|[from] psn\n|upkeep\n|turn|40\n|inactive|Time left: 300 sec this turn | 300 sec total\n|\n|t:|1783560829\n|move|p2a: Hitmontop|Stone Edge|p1a: Spiritomb\n|-damage|p1a: Spiritomb|76/234\n|move|p1a: Spiritomb|Foul Play|p2a: Hitmontop\n|-resisted|p2a: Hitmontop\n|-damage|p2a: Hitmontop|18/100 psn\n|\n|-heal|p1a: Spiritomb|90/234|[from] item: Leftovers\n|-damage|p2a: Hitmontop|6/100 psn|[from] psn\n|upkeep\n|turn|41\n|inactive|Time left: 300 sec this turn | 300 sec total\n|\n|t:|1783560830\n|move|p2a: Hitmontop|Rapid Spin|p1a: Spiritomb\n|-immune|p1a: Spiritomb\n|move|p1a: Spiritomb|Will-O-Wisp||[still]\n|-fail|p1a: Spiritomb\n|\n|-heal|p1a: Spiritomb|104/234|[from] item: Leftovers\n|-damage|p2a: Hitmontop|0 fnt|[from] psn\n|faint|p2a: Hitmontop\n|\n|win|p0x18571c66", "uploadtime": 1783560830, "views": 0, "rating": 0, "private": 0, "password": null, "_winner": "p0x18571c66", "_our_name": "p0x18571c66"}