{"id": "battle-gen9randombattle-681", "formatid": "gen9randombattle", "format": "[Gen 9] Random Battle", "players": ["p0x681664d", "p0y68195a1"], "log": "|init|battle\n|title|p0x681664d vs. p0y68195a1\n|j|\u2606p0x681664d\n|j|\u2606p0y68195a1\n|t:|1783547718\n|gametype|singles\n|player|p1|p0x681664d|265|\n|player|p2|p0y68195a1|170|\n|gen|9\n|tier|[Gen 9] Random Battle\n|rule|Species Clause: Limit one of each Pok\u00e9mon\n|rule|HP Percentage Mod: HP is shown in percentages\n|rule|Sleep Clause Mod: Limit one foe put to sleep\n|rule|Illusion Level Mod: Illusion disguises the Pok\u00e9mon's true level\n|\n|t:|1783547718\n|teamsize|p1|6\n|teamsize|p2|6\n|start\n|switch|p1a: Slowbro|Slowbro, L85, M|300/300\n|switch|p2a: Garchomp|Garchomp, L74, F|100/100\n|turn|1\n|inactive|Battle timer is ON: inactive players will automatically lose when time's up. (requested by p0x681664d)\n|inactive|p0y68195a1 also wants the timer to be on.\n|\n|t:|1783547720\n|move|p2a: Garchomp|Stealth Rock|p1a: Slowbro\n|-sidestart|p1: p0x681664d|move: Stealth Rock\n|move|p1a: Slowbro|Scald|p2a: Garchomp\n|-damage|p2a: Garchomp|62/100\n|\n|upkeep\n|turn|2\n|inactive|Time left: 300 sec this turn | 300 sec total\n|\n|t:|1783547721\n|move|p2a: Garchomp|Outrage|p1a: Slowbro\n|-damage|p1a: Slowbro|197/300\n|move|p1a: Slowbro|Scald|p2a: Garchomp\n|-damage|p2a: Garchomp|24/100\n|-status|p2a: Garchomp|brn\n|\n|-damage|p2a: Garchomp|18/100 brn|[from] brn\n|upkeep\n|turn|3\n|inactive|Time left: 300 sec this turn | 300 sec total\n|\n|t:|1783547722\n|switch|p1a: Wigglytuff|Wigglytuff, L96, F|424/424\n|-damage|p1a: Wigglytuff|371/424|[from] Stealth Rock\n|move|p2a: Garchomp|Outrage|p1a: Wigglytuff|[from] lockedmove\n|-immune|p1a: Wigglytuff\n|\n|-heal|p1a: Wigglytuff|397/424|[from] item: Leftovers\n|-damage|p2a: Garchomp|12/100 brn|[from] brn\n|upkeep\n|turn|4\n|inactive|Time left: 300 sec this turn | 300 sec total\n|\n|t:|1783547724\n|move|p2a: Garchomp|Spikes|p1a: Wigglytuff\n|-sidestart|p1: p0x681664d|Spikes\n|move|p1a: Wigglytuff|Alluring Voice|p2a: Garchomp\n|-supereffective|p2a: Garchomp\n|-damage|p2a: Garchomp|0 fnt\n|faint|p2a: Garchomp\n|\n|-heal|p1a: Wigglytuff|423/424|[from] item: Leftovers\n|upkeep\n|\n|t:|1783547725\n|switch|p2a: Slaking|Slaking, L84, M|100/100\n|turn|5\n|inactive|Time left: 300 sec this turn | 300 sec total\n|\n|t:|1783547726\n|move|p1a: Wigglytuff|Protect|p1a: Wigglytuff\n|-singleturn|p1a: Wigglytuff|Protect\n|move|p2a: Slaking|Giga Impact|p1a: Wigglytuff\n|-activate|p1a: Wigglytuff|move: Protect\n|\n|-heal|p1a: Wigglytuff|424/424|[from] item: Leftovers\n|upkeep\n|turn|6\n|inactive|Time left: 300 sec this turn | 300 sec total\n|\n|t:|1783547727\n|cant|p2a: Slaking|ability: Truant\n|move|p1a: Wigglytuff|Thunder Wave|p2a: Slaking\n|-status|p2a: Slaking|par\n|\n|upkeep\n|turn|7\n|inactive|Time left: 300 sec this turn | 300 sec total\n|\n|t:|1783547728\n|move|p1a: Wigglytuff|Alluring Voice|p2a: Slaking\n|-damage|p2a: Slaking|68/100 par\n|cant|p2a: Slaking|par\n|\n|upkeep\n|turn|8\n|inactive|Time left: 300 sec this turn | 300 sec total\n|\n|t:|1783547729\n|move|p1a: Wigglytuff|Alluring Voice|p2a: Slaking\n|-damage|p2a: Slaking|36/100 par\n|cant|p2a: Slaking|ability: Truant\n|\n|upkeep\n|turn|9\n|inactive|Time left: 300 sec this turn | 300 sec total\n|\n|t:|1783547730\n|move|p1a: Wigglytuff|Protect|p1a: Wigglytuff\n|-singleturn|p1a: Wigglytuff|Protect\n|move|p2a: Slaking|Giga Impact|p1a: Wigglytuff\n|-activate|p1a: Wigglytuff|move: Protect\n|\n|upkeep\n|turn|10\n|inactive|Time left: 300 sec this turn | 300 sec total\n|\n|t:|1783547731\n|move|p1a: Wigglytuff|Alluring Voice|p2a: Slaking\n|-damage|p2a: Slaking|6/100 par\n|cant|p2a: Slaking|ability: Truant\n|\n|upkeep\n|turn|11\n|inactive|Time left: 300 sec this turn | 300 sec total\n|\n|t:|1783547732\n|move|p1a: Wigglytuff|Alluring Voice|p2a: Slaking\n|-damage|p2a: Slaking|0 fnt\n|faint|p2a: Slaking\n|\n|upkeep\n|\n|t:|1783547733\n|switch|p2a: Porygon-Z|Porygon-Z, L83|100/100\n|turn|12\n|inactive|Time left: 300 sec this turn | 300 sec total\n|\n|t:|1783547734\n|move|p2a: Porygon-Z|Tri Attack|p1a: Wigglytuff\n|-damage|p1a: Wigglytuff|142/424\n|move|p1a: Wigglytuff|Alluring Voice|p2a: Porygon-Z\n|-damage|p2a: Porygon-Z|61/100\n|\n|-heal|p1a: Wigglytuff|168/424|[from] item: Leftovers\n|upkeep\n|turn|13\n|inactive|Time left: 300 sec this turn | 300 sec total\n|\n|t:|1783547735\n|move|p1a: Wigglytuff|Protect|p1a: Wigglytuff\n|-singleturn|p1a: Wigglytuff|Protect\n|move|p2a: Porygon-Z|Tri Attack|p1a: Wigglytuff\n|-activate|p1a: Wigglytuff|move: Protect\n|\n|-heal|p1a: Wigglytuff|194/424|[from] item: Leftovers\n|upkeep\n|turn|14\n|inactive|Time left: 300 sec this turn | 300 sec total\n|\n|t:|1783547736\n|move|p2a: Porygon-Z|Tri Attack|p1a: Wigglytuff\n|-damage|p1a: Wigglytuff|0 fnt\n|faint|p1a: Wigglytuff\n|\n|upkeep\n|inactive|Time left: 300 sec this turn | 300 sec total | 5 sec grace\n|\n|t:|1783547737\n|switch|p1a: Slowbro|Slowbro, L85, M|297/300\n|-damage|p1a: Slowbro|260/300|[from] Stealth Rock\n|-damage|p1a: Slowbro|223/300|[from] Spikes\n|turn|15\n|inactive|Time left: 300 sec this turn | 300 sec total\n|\n|t:|1783547738\n|move|p2a: Porygon-Z|Tri Attack|p1a: Slowbro\n|-damage|p1a: Slowbro|63/300\n|move|p1a: Slowbro|Scald|p2a: Porygon-Z\n|-damage|p2a: Porygon-Z|21/100\n|-status|p2a: Porygon-Z|brn\n|\n|-damage|p2a: Porygon-Z|15/100 brn|[from] brn\n|upkeep\n|turn|16\n|inactive|Time left: 300 sec this turn | 300 sec total\n|\n|t:|1783547740\n|switch|p1a: Dudunsparce|Dudunsparce, L83, M|343/343\n|-damage|p1a: Dudunsparce|301/343|[from] Stealth Rock\n|-damage|p1a: Dudunsparce|259/343|[from] Spikes\n|move|p2a: Porygon-Z|Tri Attack|p1a: Dudunsparce\n|-damage|p1a: Dudunsparce|1/343\n|\n|-heal|p1a: Dudunsparce|22/343|[from] item: Leftovers\n|-damage|p2a: Porygon-Z|9/100 brn|[from] brn\n|upkeep\n|turn|17\n|inactive|Time left: 300 sec this turn | 300 sec total\n|\n|t:|1783547741\n|move|p2a: Porygon-Z|Tri Attack|p1a: Dudunsparce\n|-damage|p1a: Dudunsparce|0 fnt\n|faint|p1a: Dudunsparce\n|\n|-damage|p2a: Porygon-Z|3/100 brn|[from] brn\n|upkeep\n|inactive|Time left: 300 sec this turn | 300 sec total | 5 sec grace\n|\n|t:|1783547742\n|switch|p1a: Lilligant|Lilligant-Hisui, L79, F|240/240\n|-damage|p1a: Lilligant|225/240|[from] Stealth Rock\n|-damage|p1a: Lilligant|195/240|[from] Spikes\n|turn|18\n|inactive|Time left: 300 sec this turn | 300 sec total\n|\n|t:|1783547743\n|move|p1a: Lilligant|Victory Dance|p1a: Lilligant\n|-boost|p1a: Lilligant|atk|1\n|-boost|p1a: Lilligant|def|1\n|-boost|p1a: Lilligant|spe|1\n|move|p2a: Porygon-Z|Tri Attack|p1a: Lilligant\n|-damage|p1a: Lilligant|0 fnt\n|faint|p1a: Lilligant\n|\n|-damage|p2a: Porygon-Z|0 fnt|[from] brn\n|faint|p2a: Porygon-Z\n|upkeep\n|inactive|Time left: 300 sec this turn | 300 sec total | 5 sec grace\n|\n|t:|1783547744\n|switch|p1a: Medicham|Medicham, L86, M|243/243\n|switch|p2a: Darkrai|Darkrai, L77|100/100\n|-damage|p1a: Medicham|228/243|[from] Stealth Rock\n|-damage|p1a: Medicham|198/243|[from] Spikes\n|turn|19\n|inactive|Time left: 300 sec this turn | 300 sec total\n|\n|t:|1783547745\n|move|p2a: Darkrai|Dark Pulse|p1a: Medicham\n|-damage|p1a: Medicham|65/243\n|-damage|p2a: Darkrai|91/100|[from] item: Life Orb\n|move|p1a: Medicham|Close Combat|p2a: Darkrai\n|-supereffective|p2a: Darkrai\n|-damage|p2a: Darkrai|0 fnt\n|-unboost|p1a: Medicham|def|1\n|-unboost|p1a: Medicham|spd|1\n|faint|p2a: Darkrai\n|\n|upkeep\n|\n|t:|1783547746\n|switch|p2a: Regieleki|Regieleki, L79|100/100\n|turn|20\n|inactive|Time left: 300 sec this turn | 300 sec total\n|\n|t:|1783547747\n|move|p2a: Regieleki|Volt Switch|p1a: Medicham\n|-damage|p1a: Medicham|0 fnt\n|faint|p1a: Medicham\n|\n|t:|1783547748\n|switch|p2a: Passimian|Passimian, L83, M|100/100|[from] Volt Switch\n|\n|upkeep\n|inactive|Time left: 300 sec this turn | 300 sec total | 10 sec grace\n|\n|t:|1783547749\n|switch|p1a: Slowbro|Slowbro, L85, M|163/300\n|-damage|p1a: Slowbro|126/300|[from] Stealth Rock\n|-damage|p1a: Slowbro|89/300|[from] Spikes\n|turn|21\n|inactive|Time left: 300 sec this turn | 300 sec total\n|\n|t:|1783547750\n|move|p2a: Passimian|Knock Off|p1a: Slowbro\n|-supereffective|p1a: Slowbro\n|-damage|p1a: Slowbro|0 fnt\n|-enditem|p1a: Slowbro|Assault Vest|[from] move: Knock Off|[of] p2a: Passimian\n|faint|p1a: Slowbro\n|\n|upkeep\n|inactive|Time left: 300 sec this turn | 300 sec total | 5 sec grace\n|\n|t:|1783547751\n|switch|p1a: Cinderace|Cinderace, L77, F|249/249\n|-damage|p1a: Cinderace|187/249|[from] Stealth Rock\n|-damage|p1a: Cinderace|156/249|[from] Spikes\n|turn|22\n|inactive|Time left: 300 sec this turn | 300 sec total\n|\n|t:|1783547752\n|-terastallize|p1a: Cinderace|Fire\n|move|p2a: Passimian|Knock Off|p1a: Cinderace\n|-damage|p1a: Cinderace|66/249\n|-enditem|p1a: Cinderace|Choice Band|[from] move: Knock Off|[of] p2a: Passimian\n|move|p1a: Cinderace|Pyro Ball|p2a: Passimian\n|-damage|p2a: Passimian|50/100\n|\n|upkeep\n|turn|23\n|inactive|Time left: 300 sec this turn | 300 sec total\n|\n|t:|1783547753\n|move|p2a: Passimian|Knock Off|p1a: Cinderace\n|-damage|p1a: Cinderace|2/249\n|move|p1a: Cinderace|Pyro Ball|p2a: Passimian\n|-damage|p2a: Passimian|0 fnt\n|faint|p2a: Passimian\n|\n|upkeep\n|\n|t:|1783547754\n|switch|p2a: Regieleki|Regieleki, L79|100/100\n|turn|24\n|inactive|Time left: 300 sec this turn | 300 sec total\n|\n|t:|1783547754\n|move|p2a: Regieleki|Volt Switch|p1a: Cinderace\n|-damage|p1a: Cinderace|0 fnt\n|faint|p1a: Cinderace\n|\n|win|p0y68195a1", "uploadtime": 1783547754, "views": 0, "rating": 0, "private": 0, "password": null, "_winner": "p0y68195a1", "_our_name": "p0x681664d"}