{"id": "battle-gen9randombattle-1061", "formatid": "gen9randombattle", "format": "[Gen 9] Random Battle", "players": ["p0x10617767", "p0y10612a1d"], "log": "|init|battle\n|title|p0x10617767 vs. p0y10612a1d\n|j|\u2606p0x10617767\n|j|\u2606p0y10612a1d\n|t:|1783551469\n|gametype|singles\n|player|p1|p0x10617767|1|\n|player|p2|p0y10612a1d|266|\n|gen|9\n|tier|[Gen 9] Random Battle\n|rule|Species Clause: Limit one of each Pok\u00e9mon\n|rule|HP Percentage Mod: HP is shown in percentages\n|rule|Sleep Clause Mod: Limit one foe put to sleep\n|rule|Illusion Level Mod: Illusion disguises the Pok\u00e9mon's true level\n|\n|t:|1783551470\n|teamsize|p1|6\n|teamsize|p2|6\n|start\n|switch|p1a: Kingambit|Kingambit, L74, M|100/100\n|switch|p2a: Bellossom|Bellossom, L84, F|263/263\n|turn|1\n|inactive|Battle timer is ON: inactive players will automatically lose when time's up. (requested by p0y10612a1d)\n|\n|t:|1783551471\n|move|p2a: Bellossom|Quiver Dance|p2a: Bellossom\n|-boost|p2a: Bellossom|spa|1\n|-boost|p2a: Bellossom|spd|1\n|-boost|p2a: Bellossom|spe|1\n|move|p1a: Kingambit|Swords Dance|p1a: Kingambit\n|-boost|p1a: Kingambit|atk|2\n|\n|upkeep\n|turn|2\n|inactive|Time left: 300 sec this turn | 300 sec total\n|inactive|p0x10617767 also wants the timer to be on.\n|\n|t:|1783551472\n|-terastallize|p2a: Bellossom|Fire\n|move|p2a: Bellossom|Tera Blast|p1a: Kingambit|[anim] Tera Blast Fire\n|-supereffective|p1a: Kingambit\n|-damage|p1a: Kingambit|0 fnt\n|faint|p1a: Kingambit\n|-end|p1a: Kingambit|fallenundefined|[silent]\n|\n|upkeep\n|\n|t:|1783551473\n|switch|p1a: Palkia|Palkia, L75|100/100\n|-ability|p1a: Palkia|Pressure\n|turn|3\n|inactive|Time left: 300 sec this turn | 300 sec total\n|\n|t:|1783551474\n|move|p1a: Palkia|Hydro Pump|p2a: Bellossom\n|-supereffective|p2a: Bellossom\n|-damage|p2a: Bellossom|87/263\n|move|p2a: Bellossom|Quiver Dance|p2a: Bellossom\n|-boost|p2a: Bellossom|spa|1\n|-boost|p2a: Bellossom|spd|1\n|-boost|p2a: Bellossom|spe|1\n|\n|-heal|p2a: Bellossom|103/263|[from] item: Leftovers\n|upkeep\n|turn|4\n|inactive|Time left: 300 sec this turn | 300 sec total\n|\n|t:|1783551476\n|move|p1a: Palkia|Hydro Pump|p2a: Bellossom\n|-supereffective|p2a: Bellossom\n|-damage|p2a: Bellossom|0 fnt\n|faint|p2a: Bellossom\n|\n|upkeep\n|inactive|Time left: 300 sec this turn | 300 sec total | 5 sec grace\n|\n|t:|1783551477\n|switch|p2a: Altaria|Altaria, L89, F|278/278\n|turn|5\n|inactive|Time left: 300 sec this turn | 300 sec total\n|\n|t:|1783551478\n|switch|p1a: Cresselia|Cresselia, L80, F|100/100\n|move|p2a: Altaria|Dragon Dance|p2a: Altaria\n|-boost|p2a: Altaria|atk|1\n|-boost|p2a: Altaria|spe|1\n|\n|upkeep\n|turn|6\n|inactive|Time left: 300 sec this turn | 300 sec total\n|\n|t:|1783551479\n|move|p2a: Altaria|Dragon Dance|p2a: Altaria\n|-boost|p2a: Altaria|atk|1\n|-boost|p2a: Altaria|spe|1\n|move|p1a: Cresselia|Calm Mind|p1a: Cresselia\n|-boost|p1a: Cresselia|spa|1\n|-boost|p1a: Cresselia|spd|1\n|\n|upkeep\n|turn|7\n|inactive|Time left: 300 sec this turn | 300 sec total\n|\n|t:|1783551480\n|move|p2a: Altaria|Brave Bird|p1a: Cresselia\n|-damage|p1a: Cresselia|44/100\n|-damage|p2a: Altaria|218/278|[from] Recoil\n|move|p1a: Cresselia|Psyshock|p2a: Altaria\n|-damage|p2a: Altaria|122/278\n|\n|-heal|p1a: Cresselia|50/100|[from] item: Leftovers\n|upkeep\n|turn|8\n|inactive|Time left: 300 sec this turn | 300 sec total\n|\n|t:|1783551481\n|-terastallize|p1a: Cresselia|Steel\n|move|p2a: Altaria|Brave Bird|p1a: Cresselia\n|-resisted|p1a: Cresselia\n|-damage|p1a: Cresselia|21/100\n|-damage|p2a: Altaria|91/278|[from] Recoil\n|move|p1a: Cresselia|Psyshock|p2a: Altaria\n|-damage|p2a: Altaria|3/278\n|\n|-heal|p1a: Cresselia|27/100|[from] item: Leftovers\n|upkeep\n|turn|9\n|inactive|Time left: 300 sec this turn | 300 sec total\n|\n|t:|1783551482\n|move|p2a: Altaria|Roost|p2a: Altaria\n|-heal|p2a: Altaria|142/278\n|-singleturn|p2a: Altaria|move: Roost\n|move|p1a: Cresselia|Moonlight|p1a: Cresselia\n|-heal|p1a: Cresselia|77/100\n|\n|-heal|p1a: Cresselia|83/100|[from] item: Leftovers\n|upkeep\n|turn|10\n|inactive|Time left: 300 sec this turn | 300 sec total\n|\n|t:|1783551483\n|move|p2a: Altaria|Roost|p2a: Altaria\n|-heal|p2a: Altaria|278/278\n|-singleturn|p2a: Altaria|move: Roost\n|move|p1a: Cresselia|Psyshock|p2a: Altaria\n|-damage|p2a: Altaria|190/278\n|\n|-heal|p1a: Cresselia|89/100|[from] item: Leftovers\n|upkeep\n|turn|11\n|inactive|Time left: 300 sec this turn | 300 sec total\n|\n|t:|1783551485\n|move|p2a: Altaria|Roost|p2a: Altaria\n|-heal|p2a: Altaria|278/278\n|-singleturn|p2a: Altaria|move: Roost\n|move|p1a: Cresselia|Psyshock|p2a: Altaria\n|-damage|p2a: Altaria|184/278\n|\n|-heal|p1a: Cresselia|96/100|[from] item: Leftovers\n|upkeep\n|turn|12\n|inactive|Time left: 300 sec this turn | 300 sec total\n|\n|t:|1783551486\n|move|p2a: Altaria|Roost|p2a: Altaria\n|-heal|p2a: Altaria|278/278\n|-singleturn|p2a: Altaria|move: Roost\n|move|p1a: Cresselia|Calm Mind|p1a: Cresselia\n|-boost|p1a: Cresselia|spa|1\n|-boost|p1a: Cresselia|spd|1\n|\n|-heal|p1a: Cresselia|100/100|[from] item: Leftovers\n|upkeep\n|turn|13\n|inactive|Time left: 300 sec this turn | 300 sec total\n|\n|t:|1783551486\n|move|p2a: Altaria|Dragon Dance|p2a: Altaria\n|-boost|p2a: Altaria|atk|1\n|-boost|p2a: Altaria|spe|1\n|move|p1a: Cresselia|Psyshock|p2a: Altaria\n|-damage|p2a: Altaria|151/278\n|\n|upkeep\n|turn|14\n|inactive|Time left: 300 sec this turn | 300 sec total\n|\n|t:|1783551488\n|move|p2a: Altaria|Roost|p2a: Altaria\n|-heal|p2a: Altaria|278/278\n|-singleturn|p2a: Altaria|move: Roost\n|move|p1a: Cresselia|Psyshock|p2a: Altaria\n|-damage|p2a: Altaria|166/278\n|\n|upkeep\n|turn|15\n|inactive|Time left: 300 sec this turn | 300 sec total\n|\n|t:|1783551489\n|move|p2a: Altaria|Roost|p2a: Altaria\n|-heal|p2a: Altaria|278/278\n|-singleturn|p2a: Altaria|move: Roost\n|move|p1a: Cresselia|Psyshock|p2a: Altaria\n|-damage|p2a: Altaria|160/278\n|\n|upkeep\n|turn|16\n|inactive|Time left: 300 sec this turn | 300 sec total\n|\n|t:|1783551490\n|move|p2a: Altaria|Roost|p2a: Altaria\n|-heal|p2a: Altaria|278/278\n|-singleturn|p2a: Altaria|move: Roost\n|move|p1a: Cresselia|Psyshock|p2a: Altaria\n|-damage|p2a: Altaria|169/278\n|\n|upkeep\n|turn|17\n|inactive|Time left: 300 sec this turn | 300 sec total\n|\n|t:|1783551491\n|move|p2a: Altaria|Roost|p2a: Altaria\n|-heal|p2a: Altaria|278/278\n|-singleturn|p2a: Altaria|move: Roost\n|move|p1a: Cresselia|Psyshock|p2a: Altaria\n|-damage|p2a: Altaria|161/278\n|\n|upkeep\n|turn|18\n|inactive|Time left: 300 sec this turn | 300 sec total\n|\n|t:|1783551492\n|move|p2a: Altaria|Brave Bird|p1a: Cresselia\n|-resisted|p1a: Cresselia\n|-damage|p1a: Cresselia|63/100\n|-damage|p2a: Altaria|121/278|[from] Recoil\n|move|p1a: Cresselia|Psyshock|p2a: Altaria\n|-damage|p2a: Altaria|0 fnt\n|faint|p2a: Altaria\n|\n|-heal|p1a: Cresselia|70/100|[from] item: Leftovers\n|upkeep\n|inactive|Time left: 300 sec this turn | 300 sec total | 5 sec grace\n|\n|t:|1783551493\n|switch|p2a: Great Tusk|Great Tusk, L77|304/304\n|turn|19\n|inactive|Time left: 300 sec this turn | 300 sec total\n|\n|t:|1783551494\n|move|p1a: Cresselia|Moonlight|p1a: Cresselia\n|-heal|p1a: Cresselia|100/100\n|move|p2a: Great Tusk|Close Combat|p1a: Cresselia\n|-supereffective|p1a: Cresselia\n|-damage|p1a: Cresselia|22/100\n|-unboost|p2a: Great Tusk|def|1\n|-unboost|p2a: Great Tusk|spd|1\n|\n|-heal|p1a: Cresselia|28/100|[from] item: Leftovers\n|upkeep\n|turn|20\n|inactive|Time left: 300 sec this turn | 300 sec total\n|\n|t:|1783551495\n|-end|p2a: Great Tusk|Protosynthesis|[silent]\n|switch|p2a: Torkoal|Torkoal, L88, M|266/266\n|-weather|SunnyDay|[from] ability: Drought|[of] p2a: Torkoal\n|move|p1a: Cresselia|Psyshock|p2a: Torkoal\n|-damage|p2a: Torkoal|187/266\n|\n|-weather|SunnyDay|[upkeep]\n|-heal|p1a: Cresselia|34/100|[from] item: Leftovers\n|upkeep\n|turn|21\n|inactive|Time left: 300 sec this turn | 300 sec total\n|\n|t:|1783551496\n|move|p1a: Cresselia|Moonlight|p1a: Cresselia\n|-heal|p1a: Cresselia|100/100\n|move|p2a: Torkoal|Lava Plume|p1a: Cresselia\n|-supereffective|p1a: Cresselia\n|-damage|p1a: Cresselia|68/100\n|-status|p1a: Cresselia|brn\n|\n|-weather|SunnyDay|[upkeep]\n|-heal|p1a: Cresselia|74/100 brn|[from] item: Leftovers\n|-damage|p1a: Cresselia|68/100 brn|[from] brn\n|upkeep\n|turn|22\n|inactive|Time left: 300 sec this turn | 300 sec total\n|\n|t:|1783551497\n|move|p1a: Cresselia|Psyshock|p2a: Torkoal\n|-damage|p2a: Torkoal|97/266\n|move|p2a: Torkoal|Stealth Rock|p1a: Cresselia\n|-sidestart|p1: p0x10617767|move: Stealth Rock\n|\n|-weather|SunnyDay|[upkeep]\n|-heal|p1a: Cresselia|74/100 brn|[from] item: Leftovers\n|-damage|p1a: Cresselia|68/100 brn|[from] brn\n|upkeep\n|turn|23\n|inactive|Time left: 300 sec this turn | 300 sec total\n|\n|t:|1783551498\n|move|p1a: Cresselia|Psyshock|p2a: Torkoal\n|-damage|p2a: Torkoal|6/266\n|move|p2a: Torkoal|Lava Plume|p1a: Cresselia\n|-supereffective|p1a: Cresselia\n|-damage|p1a: Cresselia|38/100 brn\n|\n|-weather|SunnyDay|[upkeep]\n|-heal|p1a: Cresselia|44/100 brn|[from] item: Leftovers\n|-damage|p1a: Cresselia|38/100 brn|[from] brn\n|upkeep\n|turn|24\n|inactive|Time left: 300 sec this turn | 300 sec total\n|\n|t:|1783551499\n|move|p1a: Cresselia|Moonlight|p1a: Cresselia\n|-heal|p1a: Cresselia|100/100 brn\n|move|p2a: Torkoal|Lava Plume|p1a: Cresselia\n|-supereffective|p1a: Cresselia\n|-damage|p1a: Cresselia|67/100 brn\n|\n|-weather|none\n|-heal|p1a: Cresselia|73/100 brn|[from] item: Leftovers\n|-damage|p1a: Cresselia|67/100 brn|[from] brn\n|upkeep\n|turn|25\n|inactive|Time left: 300 sec this turn | 300 sec total\n|\n|t:|1783551501\n|move|p1a: Cresselia|Moonlight|p1a: Cresselia\n|-heal|p1a: Cresselia|100/100 brn\n|move|p2a: Torkoal|Lava Plume|p1a: Cresselia\n|-supereffective|p1a: Cresselia\n|-damage|p1a: Cresselia|80/100 brn\n|\n|-heal|p1a: Cresselia|86/100 brn|[from] item: Leftovers\n|-damage|p1a: Cresselia|80/100 brn|[from] brn\n|upkeep\n|turn|26\n|inactive|Time left: 300 sec this turn | 300 sec total\n|\n|t:|1783551502\n|move|p1a: Cresselia|Psyshock|p2a: Torkoal\n|-damage|p2a: Torkoal|0 fnt\n|faint|p2a: Torkoal\n|\n|-heal|p1a: Cresselia|86/100 brn|[from] item: Leftovers\n|-damage|p1a: Cresselia|80/100 brn|[from] brn\n|upkeep\n|inactive|Time left: 300 sec this turn | 300 sec total | 5 sec grace\n|\n|t:|1783551503\n|switch|p2a: Great Tusk|Great Tusk, L77|304/304\n|turn|27\n|inactive|Time left: 300 sec this turn | 300 sec total\n|\n|t:|1783551504\n|move|p1a: Cresselia|Moonlight|p1a: Cresselia\n|-heal|p1a: Cresselia|100/100 brn\n|move|p2a: Great Tusk|Close Combat|p1a: Cresselia\n|-supereffective|p1a: Cresselia\n|-damage|p1a: Cresselia|33/100 brn\n|-unboost|p2a: Great Tusk|def|1\n|-unboost|p2a: Great Tusk|spd|1\n|\n|-heal|p1a: Cresselia|39/100 brn|[from] item: Leftovers\n|-damage|p1a: Cresselia|33/100 brn|[from] brn\n|upkeep\n|turn|28\n|inactive|Time left: 300 sec this turn | 300 sec total\n|\n|t:|1783551505\n|-end|p2a: Great Tusk|Protosynthesis|[silent]\n|switch|p2a: Porygon-Z|Porygon-Z, L83|277/277\n|move|p1a: Cresselia|Psyshock|p2a: Porygon-Z\n|-damage|p2a: Porygon-Z|109/277\n|\n|-heal|p1a: Cresselia|39/100 brn|[from] item: Leftovers\n|-damage|p1a: Cresselia|33/100 brn|[from] brn\n|upkeep\n|turn|29\n|inactive|Time left: 300 sec this turn | 300 sec total\n|\n|t:|1783551506\n|move|p2a: Porygon-Z|Trick|p1a: Cresselia\n|-activate|p2a: Porygon-Z|move: Trick|[of] p1a: Cresselia\n|-item|p1a: Cresselia|Choice Scarf|[from] move: Trick\n|-item|p2a: Porygon-Z|Leftovers|[from] move: Trick\n|move|p1a: Cresselia|Moonlight|p1a: Cresselia\n|-heal|p1a: Cresselia|83/100 brn\n|\n|-heal|p2a: Porygon-Z|126/277|[from] item: Leftovers\n|-damage|p1a: Cresselia|77/100 brn|[from] brn\n|upkeep\n|turn|30\n|inactive|Time left: 300 sec this turn | 300 sec total\n|\n|t:|1783551507\n|move|p1a: Cresselia|Moonlight|p1a: Cresselia\n|-heal|p1a: Cresselia|100/100 brn\n|move|p2a: Porygon-Z|Tri Attack|p1a: Cresselia\n|-resisted|p1a: Cresselia\n|-crit|p1a: Cresselia\n|-damage|p1a: Cresselia|72/100 brn\n|\n|-heal|p2a: Porygon-Z|143/277|[from] item: Leftovers\n|-damage|p1a: Cresselia|66/100 brn|[from] brn\n|upkeep\n|turn|31\n|inactive|Time left: 300 sec this turn | 300 sec total\n|\n|t:|1783551508\n|switch|p1a: Palkia|Palkia, L75|100/100\n|-damage|p1a: Palkia|88/100|[from] Stealth Rock\n|-ability|p1a: Palkia|Pressure\n|move|p2a: Porygon-Z|Tri Attack|p1a: Palkia\n|-crit|p1a: Palkia\n|-damage|p1a: Palkia|19/100\n|\n|-heal|p2a: Porygon-Z|160/277|[from] item: Leftovers\n|upkeep\n|turn|32\n|inactive|Time left: 300 sec this turn | 300 sec total\n|\n|t:|1783551509\n|move|p1a: Palkia|Draco Meteor|p2a: Porygon-Z\n|-damage|p2a: Porygon-Z|0 fnt\n|-unboost|p1a: Palkia|spa|2\n|faint|p2a: Porygon-Z\n|\n|upkeep\n|inactive|Time left: 300 sec this turn | 300 sec total | 5 sec grace\n|\n|t:|1783551510\n|switch|p2a: Falinks|Falinks, L84|246/246\n|turn|33\n|inactive|Time left: 300 sec this turn | 300 sec total\n|\n|t:|1783551511\n|move|p1a: Palkia|Draco Meteor|p2a: Falinks\n|-damage|p2a: Falinks|143/246\n|-unboost|p1a: Palkia|spa|2\n|move|p2a: Falinks|No Retreat|p2a: Falinks\n|-boost|p2a: Falinks|atk|1\n|-boost|p2a: Falinks|def|1\n|-boost|p2a: Falinks|spa|1\n|-boost|p2a: Falinks|spd|1\n|-boost|p2a: Falinks|spe|1\n|-start|p2a: Falinks|move: No Retreat\n|\n|upkeep\n|turn|34\n|inactive|Time left: 300 sec this turn | 300 sec total\n|\n|t:|1783551512\n|move|p1a: Palkia|Draco Meteor|p2a: Falinks\n|-damage|p2a: Falinks|98/246\n|-unboost|p1a: Palkia|spa|2\n|move|p2a: Falinks|No Retreat||[still]\n|-fail|p2a: Falinks\n|\n|upkeep\n|turn|35\n|inactive|Time left: 300 sec this turn | 300 sec total\n|\n|t:|1783551513\n|switch|p1a: Venusaur|Venusaur, L84, F|100/100\n|-damage|p1a: Venusaur|88/100|[from] Stealth Rock\n|move|p2a: Falinks|No Retreat||[still]\n|-fail|p2a: Falinks\n|\n|-heal|p1a: Venusaur|94/100|[from] item: Leftovers\n|upkeep\n|turn|36\n|inactive|Time left: 300 sec this turn | 300 sec total\n|\n|t:|1783551514\n|move|p2a: Falinks|Iron Head|p1a: Venusaur\n|-damage|p1a: Venusaur|49/100\n|-damage|p2a: Falinks|74/246|[from] item: Life Orb\n|move|p1a: Venusaur|Sludge Bomb|p2a: Falinks\n|-damage|p2a: Falinks|0 fnt\n|faint|p2a: Falinks\n|\n|-heal|p1a: Venusaur|55/100|[from] item: Leftovers\n|upkeep\n|inactive|Time left: 300 sec this turn | 300 sec total | 5 sec grace\n|\n|t:|1783551516\n|switch|p2a: Great Tusk|Great Tusk, L77|304/304\n|turn|37\n|inactive|Time left: 300 sec this turn | 300 sec total\n|\n|t:|1783551517\n|move|p1a: Venusaur|Leech Seed|p2a: Great Tusk\n|-start|p2a: Great Tusk|move: Leech Seed\n|move|p2a: Great Tusk|Rapid Spin|p1a: Venusaur\n|-damage|p1a: Venusaur|40/100\n|-boost|p2a: Great Tusk|spe|1\n|-end|p2a: Great Tusk|Leech Seed|[from] move: Rapid Spin|[of] p2a: Great Tusk\n|\n|-heal|p1a: Venusaur|46/100|[from] item: Leftovers\n|upkeep\n|turn|38\n|inactive|Time left: 300 sec this turn | 300 sec total\n|\n|t:|1783551518\n|move|p2a: Great Tusk|Earthquake|p1a: Venusaur\n|-damage|p1a: Venusaur|0 fnt\n|faint|p1a: Venusaur\n|\n|upkeep\n|\n|t:|1783551519\n|switch|p1a: Palkia|Palkia, L75|19/100\n|-damage|p1a: Palkia|6/100|[from] Stealth Rock\n|-ability|p1a: Palkia|Pressure\n|turn|39\n|inactive|Time left: 300 sec this turn | 300 sec total\n|\n|t:|1783551520\n|move|p1a: Palkia|Hydro Pump|p2a: Great Tusk\n|-supereffective|p2a: Great Tusk\n|-damage|p2a: Great Tusk|0 fnt\n|faint|p2a: Great Tusk\n|-end|p2a: Great Tusk|Protosynthesis|[silent]\n|\n|win|p0x10617767", "uploadtime": 1783551520, "views": 0, "rating": 0, "private": 0, "password": null, "_winner": "p0x10617767", "_our_name": "p0y10612a1d"}