{"id": "battle-gen9randombattle-2068", "formatid": "gen9randombattle", "format": "[Gen 9] Random Battle", "players": ["p0x2068d216", "p0y2068a940"], "log": "|init|battle\n|title|p0x2068d216 vs. p0y2068a940\n|j|\u2606p0x2068d216\n|j|\u2606p0y2068a940\n|t:|1783563977\n|gametype|singles\n|player|p1|p0x2068d216|102|\n|player|p2|p0y2068a940|1|\n|gen|9\n|tier|[Gen 9] Random Battle\n|rule|Species Clause: Limit one of each Pok\u00e9mon\n|rule|HP Percentage Mod: HP is shown in percentages\n|rule|Sleep Clause Mod: Limit one foe put to sleep\n|rule|Illusion Level Mod: Illusion disguises the Pok\u00e9mon's true level\n|\n|t:|1783563977\n|teamsize|p1|6\n|teamsize|p2|6\n|start\n|switch|p1a: Milotic|Milotic, L83, F|293/293\n|switch|p2a: Spiritomb|Spiritomb, L89, M|100/100\n|turn|1\n|inactive|Battle timer is ON: inactive players will automatically lose when time's up. (requested by p0x2068d216)\n|inactive|p0y2068a940 also wants the timer to be on.\n|\n|t:|1783563978\n|move|p1a: Milotic|Scald|p2a: Spiritomb\n|-damage|p2a: Spiritomb|72/100\n|-status|p2a: Spiritomb|brn\n|move|p2a: Spiritomb|Poltergeist|p1a: Milotic\n|-activate|p1a: Milotic|move: Poltergeist|Leftovers\n|-damage|p1a: Milotic|200/293\n|\n|-heal|p1a: Milotic|218/293|[from] item: Leftovers\n|-damage|p2a: Spiritomb|66/100 brn|[from] brn\n|upkeep\n|turn|2\n|inactive|Time left: 300 sec this turn | 300 sec total\n|\n|t:|1783563979\n|move|p1a: Milotic|Scald|p2a: Spiritomb\n|-damage|p2a: Spiritomb|35/100 brn\n|move|p2a: Spiritomb|Poltergeist|p1a: Milotic\n|-activate|p1a: Milotic|move: Poltergeist|Leftovers\n|-damage|p1a: Milotic|110/293\n|\n|-heal|p1a: Milotic|128/293|[from] item: Leftovers\n|-damage|p2a: Spiritomb|29/100 brn|[from] brn\n|upkeep\n|turn|3\n|inactive|Time left: 300 sec this turn | 300 sec total\n|\n|t:|1783563981\n|move|p1a: Milotic|Scald|p2a: Spiritomb\n|-damage|p2a: Spiritomb|0 fnt\n|faint|p2a: Spiritomb\n|\n|-heal|p1a: Milotic|146/293|[from] item: Leftovers\n|upkeep\n|\n|t:|1783563982\n|switch|p2a: Galvantula|Galvantula, L82, M|100/100\n|turn|4\n|inactive|Time left: 300 sec this turn | 300 sec total\n|\n|t:|1783563983\n|move|p2a: Galvantula|Sticky Web|p1a: Milotic\n|-sidestart|p1: p0x2068d216|move: Sticky Web\n|move|p1a: Milotic|Ice Beam|p2a: Galvantula\n|-damage|p2a: Galvantula|66/100\n|-status|p2a: Galvantula|frz\n|\n|-heal|p1a: Milotic|164/293|[from] item: Leftovers\n|upkeep\n|turn|5\n|inactive|Time left: 300 sec this turn | 300 sec total\n|\n|t:|1783563984\n|cant|p2a: Galvantula|frz\n|move|p1a: Milotic|Scald|p2a: Galvantula\n|-damage|p2a: Galvantula|23/100 frz\n|-curestatus|p2a: Galvantula|frz|[msg]\n|\n|-heal|p1a: Milotic|182/293|[from] item: Leftovers\n|upkeep\n|turn|6\n|inactive|Time left: 300 sec this turn | 300 sec total\n|\n|t:|1783563985\n|move|p2a: Galvantula|Thunder|p1a: Milotic\n|-supereffective|p1a: Milotic\n|-damage|p1a: Milotic|24/293\n|move|p1a: Milotic|Recover|p1a: Milotic\n|-heal|p1a: Milotic|171/293\n|\n|-heal|p1a: Milotic|189/293|[from] item: Leftovers\n|upkeep\n|turn|7\n|inactive|Time left: 300 sec this turn | 300 sec total\n|\n|t:|1783563986\n|move|p2a: Galvantula|Thunder|p1a: Milotic\n|-supereffective|p1a: Milotic\n|-damage|p1a: Milotic|31/293\n|move|p1a: Milotic|Scald|p2a: Galvantula\n|-damage|p2a: Galvantula|0 fnt\n|faint|p2a: Galvantula\n|\n|-heal|p1a: Milotic|49/293|[from] item: Leftovers\n|upkeep\n|\n|t:|1783563987\n|switch|p2a: Decidueye|Decidueye, L88, M|100/100\n|turn|8\n|inactive|Time left: 300 sec this turn | 300 sec total\n|\n|t:|1783563988\n|move|p2a: Decidueye|Shadow Sneak|p1a: Milotic\n|-damage|p1a: Milotic|0 fnt\n|faint|p1a: Milotic\n|-damage|p2a: Decidueye|91/100|[from] item: Life Orb\n|\n|upkeep\n|inactive|Time left: 300 sec this turn | 300 sec total | 5 sec grace\n|\n|t:|1783563989\n|switch|p1a: Qwilfish|Qwilfish-Hisui, L83, F|244/244\n|-activate|p1a: Qwilfish|move: Sticky Web\n|-unboost|p1a: Qwilfish|spe|1\n|-ability|p1a: Qwilfish|Intimidate|boost\n|-unboost|p2a: Decidueye|atk|1\n|turn|9\n|inactive|Time left: 300 sec this turn | 300 sec total\n|\n|t:|1783563990\n|switch|p2a: Mudsdale|Mudsdale, L83, M|100/100\n|move|p1a: Qwilfish|Crunch|p2a: Mudsdale\n|-damage|p2a: Mudsdale|76/100\n|-ability|p2a: Mudsdale|Stamina|boost\n|-boost|p2a: Mudsdale|def|1\n|\n|-heal|p2a: Mudsdale|82/100|[from] item: Leftovers\n|upkeep\n|turn|10\n|inactive|Time left: 300 sec this turn | 300 sec total\n|\n|t:|1783563991\n|switch|p1a: Bellossom|Bellossom, L84, F|263/263\n|-activate|p1a: Bellossom|move: Sticky Web\n|-unboost|p1a: Bellossom|spe|1\n|move|p2a: Mudsdale|Earthquake|p1a: Bellossom\n|-resisted|p1a: Bellossom\n|-damage|p1a: Bellossom|205/263\n|\n|-heal|p2a: Mudsdale|88/100|[from] item: Leftovers\n|-heal|p1a: Bellossom|221/263|[from] item: Leftovers\n|upkeep\n|turn|11\n|inactive|Time left: 300 sec this turn | 300 sec total\n|\n|t:|1783563992\n|move|p2a: Mudsdale|Earthquake|p1a: Bellossom\n|-resisted|p1a: Bellossom\n|-damage|p1a: Bellossom|157/263\n|move|p1a: Bellossom|Strength Sap|p2a: Mudsdale\n|-unboost|p2a: Mudsdale|atk|1\n|-heal|p1a: Bellossom|263/263\n|\n|-heal|p2a: Mudsdale|94/100|[from] item: Leftovers\n|upkeep\n|turn|12\n|inactive|Time left: 300 sec this turn | 300 sec total\n|\n|t:|1783563993\n|switch|p2a: Decidueye|Decidueye, L88, M|91/100\n|move|p1a: Bellossom|Quiver Dance|p1a: Bellossom\n|-boost|p1a: Bellossom|spa|1\n|-boost|p1a: Bellossom|spd|1\n|-boost|p1a: Bellossom|spe|1\n|\n|upkeep\n|turn|13\n|inactive|Time left: 300 sec this turn | 300 sec total\n|\n|t:|1783563994\n|move|p2a: Decidueye|Swords Dance|p2a: Decidueye\n|-boost|p2a: Decidueye|atk|2\n|move|p1a: Bellossom|Quiver Dance|p1a: Bellossom\n|-boost|p1a: Bellossom|spa|1\n|-boost|p1a: Bellossom|spd|1\n|-boost|p1a: Bellossom|spe|1\n|\n|upkeep\n|turn|14\n|inactive|Time left: 300 sec this turn | 300 sec total\n|\n|t:|1783563996\n|move|p1a: Bellossom|Strength Sap|p2a: Decidueye\n|-unboost|p2a: Decidueye|atk|1\n|move|p2a: Decidueye|Poltergeist|p1a: Bellossom\n|-activate|p1a: Bellossom|move: Poltergeist|Leftovers\n|-crit|p1a: Bellossom\n|-damage|p1a: Bellossom|0 fnt\n|faint|p1a: Bellossom\n|-damage|p2a: Decidueye|81/100|[from] item: Life Orb\n|\n|upkeep\n|inactive|Time left: 300 sec this turn | 300 sec total | 5 sec grace\n|\n|t:|1783563997\n|switch|p1a: Qwilfish|Qwilfish-Hisui, L83, F|244/244\n|-activate|p1a: Qwilfish|move: Sticky Web\n|-unboost|p1a: Qwilfish|spe|1\n|-ability|p1a: Qwilfish|Intimidate|boost\n|-unboost|p2a: Decidueye|atk|1\n|turn|15\n|inactive|Time left: 300 sec this turn | 300 sec total\n|\n|t:|1783563998\n|switch|p2a: Mudsdale|Mudsdale, L83, M|94/100\n|move|p1a: Qwilfish|Crunch|p2a: Mudsdale\n|-damage|p2a: Mudsdale|68/100\n|-unboost|p2a: Mudsdale|def|1\n|-ability|p2a: Mudsdale|Stamina|boost\n|-boost|p2a: Mudsdale|def|1\n|\n|-heal|p2a: Mudsdale|74/100|[from] item: Leftovers\n|upkeep\n|turn|16\n|inactive|Time left: 300 sec this turn | 300 sec total\n|\n|t:|1783563999\n|move|p1a: Qwilfish|Spikes|p2a: Mudsdale\n|-sidestart|p2: p0y2068a940|Spikes\n|move|p2a: Mudsdale|Earthquake|p1a: Qwilfish\n|-supereffective|p1a: Qwilfish\n|-damage|p1a: Qwilfish|58/244\n|\n|-heal|p2a: Mudsdale|80/100|[from] item: Leftovers\n|upkeep\n|turn|17\n|inactive|Time left: 300 sec this turn | 300 sec total\n|\n|t:|1783564000\n|move|p1a: Qwilfish|Spikes|p2a: Mudsdale\n|-sidestart|p2: p0y2068a940|Spikes\n|move|p2a: Mudsdale|Heavy Slam|p1a: Qwilfish\n|-damage|p1a: Qwilfish|0 fnt\n|faint|p1a: Qwilfish\n|\n|-heal|p2a: Mudsdale|86/100|[from] item: Leftovers\n|upkeep\n|inactive|Time left: 300 sec this turn | 300 sec total | 5 sec grace\n|\n|t:|1783564001\n|switch|p1a: Amoonguss|Amoonguss, L82, F|321/321\n|-activate|p1a: Amoonguss|move: Sticky Web\n|-unboost|p1a: Amoonguss|spe|1\n|turn|18\n|inactive|Time left: 300 sec this turn | 300 sec total\n|\n|t:|1783564002\n|move|p2a: Mudsdale|Earthquake|p1a: Amoonguss\n|-damage|p1a: Amoonguss|170/321\n|move|p1a: Amoonguss|Giga Drain|p2a: Mudsdale\n|-supereffective|p2a: Mudsdale\n|-damage|p2a: Mudsdale|39/100\n|-heal|p1a: Amoonguss|240/321|[from] drain|[of] p2a: Mudsdale\n|-ability|p2a: Mudsdale|Stamina|boost\n|-boost|p2a: Mudsdale|def|1\n|\n|-heal|p2a: Mudsdale|45/100|[from] item: Leftovers\n|upkeep\n|turn|19\n|inactive|Time left: 300 sec this turn | 300 sec total\n|\n|t:|1783564003\n|-terastallize|p2a: Mudsdale|Steel\n|move|p2a: Mudsdale|Earthquake|p1a: Amoonguss\n|-damage|p1a: Amoonguss|95/321\n|move|p1a: Amoonguss|Giga Drain|p2a: Mudsdale\n|-resisted|p2a: Mudsdale\n|-damage|p2a: Mudsdale|34/100\n|-heal|p1a: Amoonguss|112/321|[from] drain|[of] p2a: Mudsdale\n|-ability|p2a: Mudsdale|Stamina|boost\n|-boost|p2a: Mudsdale|def|1\n|\n|-heal|p2a: Mudsdale|40/100|[from] item: Leftovers\n|upkeep\n|turn|20\n|inactive|Time left: 300 sec this turn | 300 sec total\n|\n|t:|1783564004\n|switch|p1a: Ampharos|Ampharos, L88, F|302/302\n|-activate|p1a: Ampharos|move: Sticky Web\n|-unboost|p1a: Ampharos|spe|1\n|move|p2a: Mudsdale|Earthquake|p1a: Ampharos\n|-supereffective|p1a: Ampharos\n|-damage|p1a: Ampharos|62/302\n|\n|-heal|p2a: Mudsdale|46/100|[from] item: Leftovers\n|upkeep\n|turn|21\n|inactive|Time left: 300 sec this turn | 300 sec total\n|\n|t:|1783564005\n|move|p2a: Mudsdale|Earthquake|p1a: Ampharos\n|-supereffective|p1a: Ampharos\n|-damage|p1a: Ampharos|0 fnt\n|faint|p1a: Ampharos\n|\n|-heal|p2a: Mudsdale|52/100|[from] item: Leftovers\n|upkeep\n|inactive|Time left: 300 sec this turn | 300 sec total | 5 sec grace\n|\n|t:|1783564006\n|switch|p1a: Ursaring|Ursaring, L84, M|288/288\n|-activate|p1a: Ursaring|move: Sticky Web\n|-unboost|p1a: Ursaring|spe|1\n|turn|22\n|inactive|Time left: 300 sec this turn | 300 sec total\n|\n|t:|1783564007\n|move|p2a: Mudsdale|Heavy Slam|p1a: Ursaring\n|-damage|p1a: Ursaring|116/288\n|move|p1a: Ursaring|Swords Dance|p1a: Ursaring\n|-boost|p1a: Ursaring|atk|2\n|\n|-heal|p2a: Mudsdale|58/100|[from] item: Leftovers\n|-status|p1a: Ursaring|tox|[from] item: Toxic Orb\n|upkeep\n|turn|23\n|inactive|Time left: 300 sec this turn | 300 sec total\n|\n|t:|1783564008\n|move|p1a: Ursaring|Close Combat|p2a: Mudsdale\n|-supereffective|p2a: Mudsdale\n|-damage|p2a: Mudsdale|0 fnt\n|-unboost|p1a: Ursaring|def|1\n|-unboost|p1a: Ursaring|spd|1\n|faint|p2a: Mudsdale\n|\n|-damage|p1a: Ursaring|98/288 tox|[from] psn\n|upkeep\n|\n|t:|1783564009\n|switch|p2a: Mienshao|Mienshao, L83, F|100/100\n|-damage|p2a: Mienshao|84/100|[from] Spikes\n|turn|24\n|inactive|Time left: 300 sec this turn | 300 sec total\n|\n|t:|1783564010\n|switch|p1a: Amoonguss|Amoonguss, L82, F|219/321\n|-activate|p1a: Amoonguss|move: Sticky Web\n|-unboost|p1a: Amoonguss|spe|1\n|move|p2a: Mienshao|Knock Off|p1a: Amoonguss\n|-damage|p1a: Amoonguss|84/321\n|-damage|p2a: Mienshao|68/100|[from] item: Rocky Helmet|[of] p1a: Amoonguss\n|-enditem|p1a: Amoonguss|Rocky Helmet|[from] move: Knock Off|[of] p2a: Mienshao\n|-damage|p2a: Mienshao|58/100|[from] item: Life Orb\n|\n|upkeep\n|turn|25\n|inactive|Time left: 300 sec this turn | 300 sec total\n|\n|t:|1783564011\n|switch|p1a: Ursaring|Ursaring, L84, M|98/288 tox\n|-activate|p1a: Ursaring|move: Sticky Web\n|-unboost|p1a: Ursaring|spe|1\n|move|p2a: Mienshao|Close Combat|p1a: Ursaring\n|-supereffective|p1a: Ursaring\n|-damage|p1a: Ursaring|0 fnt\n|-unboost|p2a: Mienshao|def|1\n|-unboost|p2a: Mienshao|spd|1\n|faint|p1a: Ursaring\n|-damage|p2a: Mienshao|48/100|[from] item: Life Orb\n|\n|upkeep\n|inactive|Time left: 300 sec this turn | 300 sec total | 5 sec grace\n|\n|t:|1783564012\n|switch|p1a: Amoonguss|Amoonguss, L82, F|191/321\n|-activate|p1a: Amoonguss|move: Sticky Web\n|-unboost|p1a: Amoonguss|spe|1\n|turn|26\n|inactive|Time left: 300 sec this turn | 300 sec total\n|\n|t:|1783564012\n|move|p2a: Mienshao|Close Combat|p1a: Amoonguss\n|-resisted|p1a: Amoonguss\n|-crit|p1a: Amoonguss\n|-damage|p1a: Amoonguss|10/321\n|-unboost|p2a: Mienshao|def|1\n|-unboost|p2a: Mienshao|spd|1\n|-damage|p2a: Mienshao|38/100|[from] item: Life Orb\n|move|p1a: Amoonguss|Spore|p2a: Mienshao\n|-status|p2a: Mienshao|slp|[from] move: Spore\n|\n|upkeep\n|turn|27\n|inactive|Time left: 300 sec this turn | 300 sec total\n|\n|t:|1783564013\n|switch|p2a: Decidueye|Decidueye, L88, M|81/100\n|-damage|p2a: Decidueye|64/100|[from] Spikes\n|-terastallize|p1a: Amoonguss|Steel\n|move|p1a: Amoonguss|Sludge Bomb|p2a: Decidueye\n|-damage|p2a: Decidueye|39/100\n|\n|upkeep\n|turn|28\n|inactive|Time left: 300 sec this turn | 300 sec total\n|\n|t:|1783564014\n|move|p2a: Decidueye|Leaf Blade|p1a: Amoonguss\n|-resisted|p1a: Amoonguss\n|-crit|p1a: Amoonguss\n|-damage|p1a: Amoonguss|0 fnt\n|faint|p1a: Amoonguss\n|-damage|p2a: Decidueye|29/100|[from] item: Life Orb\n|\n|win|p0y2068a940", "uploadtime": 1783564014, "views": 0, "rating": 0, "private": 0, "password": null, "_winner": "p0y2068a940", "_our_name": "p0x2068d216"}