{"id": "battle-gen9randombattle-126", "formatid": "gen9randombattle", "format": "[Gen 9] Random Battle", "players": ["p0x126d277", "p0y1261857"], "log": "|init|battle\n|title|p0x126d277 vs. p0y1261857\n|j|\u2606p0x126d277\n|j|\u2606p0y1261857\n|t:|1783540938\n|gametype|singles\n|player|p1|p0x126d277|1|\n|player|p2|p0y1261857|169|\n|gen|9\n|tier|[Gen 9] Random Battle\n|rule|Species Clause: Limit one of each Pok\u00e9mon\n|rule|HP Percentage Mod: HP is shown in percentages\n|rule|Sleep Clause Mod: Limit one foe put to sleep\n|rule|Illusion Level Mod: Illusion disguises the Pok\u00e9mon's true level\n|\n|t:|1783540938\n|teamsize|p1|6\n|teamsize|p2|6\n|start\n|switch|p1a: Gothitelle|Gothitelle, L90, F|100/100\n|switch|p2a: Kilowattrel|Kilowattrel, L83, M|252/252\n|turn|1\n|inactive|Battle timer is ON: inactive players will automatically lose when time's up. (requested by p0x126d277)\n|inactive|Time left: 300 sec this turn | 300 sec total | 60 sec grace\n|inactive|p0y1261857 also wants the timer to be on.\n|\n|t:|1783540940\n|move|p2a: Kilowattrel|U-turn|p1a: Gothitelle\n|-supereffective|p1a: Gothitelle\n|-damage|p1a: Gothitelle|74/100\n|inactive|Time left: 300 sec this turn | 300 sec total | 65 sec grace\n|\n|t:|1783540941\n|switch|p2a: Wo-Chien|Wo-Chien, L83|277/277|[from] U-turn\n|-ability|p2a: Wo-Chien|Tablets of Ruin\n|move|p1a: Gothitelle|Calm Mind|p1a: Gothitelle\n|-boost|p1a: Gothitelle|spa|1\n|-boost|p1a: Gothitelle|spd|1\n|\n|-heal|p1a: Gothitelle|80/100|[from] item: Leftovers\n|upkeep\n|turn|2\n|inactive|Time left: 300 sec this turn | 300 sec total\n|\n|t:|1783540942\n|move|p1a: Gothitelle|Focus Blast|p2a: Wo-Chien\n|-supereffective|p2a: Wo-Chien\n|-damage|p2a: Wo-Chien|67/277\n|move|p2a: Wo-Chien|Knock Off|p1a: Gothitelle\n|-supereffective|p1a: Gothitelle\n|-damage|p1a: Gothitelle|18/100\n|-enditem|p1a: Gothitelle|Leftovers|[from] move: Knock Off|[of] p2a: Wo-Chien\n|\n|-heal|p2a: Wo-Chien|84/277|[from] item: Leftovers\n|upkeep\n|turn|3\n|inactive|Time left: 300 sec this turn | 300 sec total\n|\n|t:|1783540943\n|move|p1a: Gothitelle|Focus Blast|p2a: Wo-Chien\n|-supereffective|p2a: Wo-Chien\n|-damage|p2a: Wo-Chien|0 fnt\n|faint|p2a: Wo-Chien\n|\n|upkeep\n|inactive|Time left: 300 sec this turn | 300 sec total | 5 sec grace\n|\n|t:|1783540944\n|switch|p2a: Kilowattrel|Kilowattrel, L83, M|252/252\n|turn|4\n|inactive|Time left: 300 sec this turn | 300 sec total\n|\n|t:|1783540945\n|switch|p1a: Mudsdale|Mudsdale, L83, F|100/100\n|move|p2a: Kilowattrel|Thunderbolt|p1a: Mudsdale\n|-immune|p1a: Mudsdale\n|\n|upkeep\n|turn|5\n|inactive|Time left: 300 sec this turn | 300 sec total\n|\n|t:|1783540946\n|move|p2a: Kilowattrel|Hurricane|p1a: Mudsdale|[miss]\n|-miss|p2a: Kilowattrel|p1a: Mudsdale\n|move|p1a: Mudsdale|Stone Edge|p2a: Kilowattrel\n|-supereffective|p2a: Kilowattrel\n|-damage|p2a: Kilowattrel|34/252\n|\n|upkeep\n|turn|6\n|inactive|Time left: 300 sec this turn | 300 sec total\n|\n|t:|1783540947\n|move|p2a: Kilowattrel|Hurricane|p1a: Mudsdale\n|-damage|p1a: Mudsdale|59/100\n|-start|p1a: Mudsdale|confusion\n|-ability|p1a: Mudsdale|Stamina|boost\n|-boost|p1a: Mudsdale|def|1\n|-activate|p1a: Mudsdale|confusion\n|move|p1a: Mudsdale|Stone Edge|p2a: Kilowattrel\n|-supereffective|p2a: Kilowattrel\n|-damage|p2a: Kilowattrel|0 fnt\n|faint|p2a: Kilowattrel\n|\n|-heal|p1a: Mudsdale|65/100|[from] item: Leftovers\n|upkeep\n|inactive|Time left: 300 sec this turn | 300 sec total | 5 sec grace\n|\n|t:|1783540948\n|switch|p2a: Palossand|Palossand, L89, F|296/296\n|turn|7\n|inactive|Time left: 300 sec this turn | 300 sec total\n|\n|t:|1783540949\n|move|p2a: Palossand|Stealth Rock|p1a: Mudsdale\n|-sidestart|p1: p0x126d277|move: Stealth Rock\n|-activate|p1a: Mudsdale|confusion\n|move|p1a: Mudsdale|Earthquake|p2a: Palossand\n|-damage|p2a: Palossand|200/296\n|\n|-heal|p2a: Palossand|218/296|[from] item: Leftovers\n|-heal|p1a: Mudsdale|71/100|[from] item: Leftovers\n|upkeep\n|turn|8\n|inactive|Time left: 300 sec this turn | 300 sec total\n|\n|t:|1783540951\n|move|p2a: Palossand|Earth Power|p1a: Mudsdale\n|-damage|p1a: Mudsdale|37/100\n|-ability|p1a: Mudsdale|Stamina|boost\n|-boost|p1a: Mudsdale|def|1\n|-activate|p1a: Mudsdale|confusion\n|move|p1a: Mudsdale|Roar|p2a: Palossand\n|drag|p2a: Lucario|Lucario, L84, M|255/255\n|\n|-heal|p1a: Mudsdale|43/100|[from] item: Leftovers\n|upkeep\n|turn|9\n|inactive|Time left: 300 sec this turn | 300 sec total\n|\n|t:|1783540952\n|move|p2a: Lucario|Aura Sphere|p1a: Mudsdale\n|-damage|p1a: Mudsdale|2/100\n|-ability|p1a: Mudsdale|Stamina|boost\n|-boost|p1a: Mudsdale|def|1\n|-damage|p2a: Lucario|230/255|[from] item: Life Orb\n|-end|p1a: Mudsdale|confusion\n|move|p1a: Mudsdale|Earthquake|p2a: Lucario\n|-supereffective|p2a: Lucario\n|-damage|p2a: Lucario|0 fnt\n|faint|p2a: Lucario\n|\n|-heal|p1a: Mudsdale|8/100|[from] item: Leftovers\n|upkeep\n|inactive|Time left: 300 sec this turn | 300 sec total | 5 sec grace\n|\n|t:|1783540953\n|switch|p2a: Palossand|Palossand, L89, F|218/296\n|turn|10\n|inactive|Time left: 300 sec this turn | 300 sec total\n|\n|t:|1783540954\n|move|p2a: Palossand|Shadow Ball|p1a: Mudsdale\n|-damage|p1a: Mudsdale|0 fnt\n|faint|p1a: Mudsdale\n|\n|-heal|p2a: Palossand|236/296|[from] item: Leftovers\n|upkeep\n|\n|t:|1783540955\n|switch|p1a: Wugtrio|Wugtrio, L91, F|100/100\n|-damage|p1a: Wugtrio|88/100|[from] Stealth Rock\n|turn|11\n|inactive|Time left: 300 sec this turn | 300 sec total\n|\n|t:|1783540956\n|-terastallize|p2a: Palossand|Poison\n|move|p1a: Wugtrio|Liquidation|p2a: Palossand\n|-damage|p2a: Palossand|118/296\n|-ability|p2a: Palossand|Water Compaction|boost\n|-boost|p2a: Palossand|def|2\n|move|p2a: Palossand|Earth Power|p1a: Wugtrio\n|-damage|p1a: Wugtrio|33/100\n|\n|-heal|p2a: Palossand|136/296|[from] item: Leftovers\n|upkeep\n|turn|12\n|inactive|Time left: 300 sec this turn | 300 sec total\n|\n|t:|1783540957\n|move|p1a: Wugtrio|Liquidation|p2a: Palossand\n|-damage|p2a: Palossand|66/296\n|-ability|p2a: Palossand|Water Compaction|boost\n|-boost|p2a: Palossand|def|2\n|move|p2a: Palossand|Shore Up|p2a: Palossand\n|-heal|p2a: Palossand|214/296\n|\n|-heal|p2a: Palossand|232/296|[from] item: Leftovers\n|upkeep\n|turn|13\n|inactive|Time left: 300 sec this turn | 300 sec total\n|\n|t:|1783540958\n|switch|p1a: Gothitelle|Gothitelle, L90, F|18/100\n|-damage|p1a: Gothitelle|5/100|[from] Stealth Rock\n|move|p2a: Palossand|Shadow Ball|p1a: Gothitelle\n|-supereffective|p1a: Gothitelle\n|-damage|p1a: Gothitelle|0 fnt\n|faint|p1a: Gothitelle\n|\n|-heal|p2a: Palossand|250/296|[from] item: Leftovers\n|upkeep\n|\n|t:|1783540959\n|switch|p1a: Deoxys|Deoxys, L74|100/100\n|-damage|p1a: Deoxys|88/100|[from] Stealth Rock\n|-ability|p1a: Deoxys|Pressure\n|turn|14\n|inactive|Time left: 300 sec this turn | 300 sec total\n|\n|t:|1783540960\n|move|p1a: Deoxys|Psycho Boost|p2a: Palossand\n|-supereffective|p2a: Palossand\n|-damage|p2a: Palossand|0 fnt\n|-unboost|p1a: Deoxys|spa|2\n|faint|p2a: Palossand\n|-damage|p1a: Deoxys|79/100|[from] item: Life Orb\n|\n|upkeep\n|inactive|Time left: 300 sec this turn | 300 sec total | 5 sec grace\n|\n|t:|1783540961\n|switch|p2a: Suicune|Suicune, L82|298/298\n|-ability|p2a: Suicune|Pressure\n|turn|15\n|inactive|Time left: 300 sec this turn | 300 sec total\n|\n|t:|1783540962\n|switch|p1a: Cobalion|Cobalion, L80|100/100\n|-damage|p1a: Cobalion|98/100|[from] Stealth Rock\n|move|p2a: Suicune|Calm Mind|p2a: Suicune\n|-boost|p2a: Suicune|spa|1\n|-boost|p2a: Suicune|spd|1\n|\n|-heal|p1a: Cobalion|100/100|[from] item: Leftovers\n|upkeep\n|turn|16\n|inactive|Time left: 300 sec this turn | 300 sec total\n|\n|t:|1783540963\n|move|p1a: Cobalion|Thunder Wave|p2a: Suicune\n|-status|p2a: Suicune|par\n|move|p2a: Suicune|Scald|p1a: Cobalion\n|-damage|p1a: Cobalion|50/100\n|-status|p1a: Cobalion|brn\n|\n|-heal|p1a: Cobalion|56/100 brn|[from] item: Leftovers\n|-damage|p1a: Cobalion|50/100 brn|[from] brn\n|upkeep\n|turn|17\n|inactive|Time left: 300 sec this turn | 300 sec total\n|\n|t:|1783540964\n|move|p1a: Cobalion|Iron Head|p2a: Suicune\n|-resisted|p2a: Suicune\n|-damage|p2a: Suicune|284/298 par\n|move|p2a: Suicune|Calm Mind|p2a: Suicune\n|-boost|p2a: Suicune|spa|1\n|-boost|p2a: Suicune|spd|1\n|\n|-heal|p1a: Cobalion|56/100 brn|[from] item: Leftovers\n|-heal|p2a: Suicune|298/298 par|[from] item: Leftovers\n|-damage|p1a: Cobalion|50/100 brn|[from] brn\n|upkeep\n|turn|18\n|inactive|Time left: 300 sec this turn | 300 sec total\n|\n|t:|1783540965\n|move|p1a: Cobalion|Body Press|p2a: Suicune\n|-damage|p2a: Suicune|255/298 par\n|move|p2a: Suicune|Scald|p1a: Cobalion\n|-damage|p1a: Cobalion|0 fnt\n|faint|p1a: Cobalion\n|\n|-heal|p2a: Suicune|273/298 par|[from] item: Leftovers\n|upkeep\n|\n|t:|1783540966\n|switch|p1a: Infernape|Infernape, L82, M|100/100\n|-damage|p1a: Infernape|88/100|[from] Stealth Rock\n|turn|19\n|inactive|Time left: 300 sec this turn | 300 sec total\n|\n|t:|1783540967\n|-terastallize|p1a: Infernape|Fighting\n|move|p1a: Infernape|Close Combat|p2a: Suicune\n|-damage|p2a: Suicune|63/298 par\n|-unboost|p1a: Infernape|def|1\n|-unboost|p1a: Infernape|spd|1\n|move|p2a: Suicune|Scald|p1a: Infernape\n|-damage|p1a: Infernape|0 fnt\n|faint|p1a: Infernape\n|\n|-heal|p2a: Suicune|81/298 par|[from] item: Leftovers\n|upkeep\n|\n|t:|1783540968\n|switch|p1a: Deoxys|Deoxys, L74|79/100\n|-damage|p1a: Deoxys|66/100|[from] Stealth Rock\n|-ability|p1a: Deoxys|Pressure\n|turn|20\n|inactive|Time left: 300 sec this turn | 300 sec total\n|\n|t:|1783540969\n|switch|p2a: Hoopa|Hoopa, L85|275/275\n|move|p1a: Deoxys|Psycho Boost|p2a: Hoopa\n|-resisted|p2a: Hoopa\n|-damage|p2a: Hoopa|202/275\n|-unboost|p1a: Deoxys|spa|2\n|-damage|p1a: Deoxys|57/100|[from] item: Life Orb\n|\n|upkeep\n|turn|21\n|inactive|Time left: 300 sec this turn | 300 sec total\n|\n|t:|1783540970\n|switch|p2a: Suicune|Suicune, L82|81/298 par\n|-ability|p2a: Suicune|Pressure\n|move|p1a: Deoxys|Knock Off|p2a: Suicune\n|-damage|p2a: Suicune|3/298 par\n|-enditem|p2a: Suicune|Leftovers|[from] move: Knock Off|[of] p1a: Deoxys\n|-damage|p1a: Deoxys|47/100|[from] item: Life Orb\n|\n|upkeep\n|turn|22\n|inactive|Time left: 300 sec this turn | 300 sec total\n|\n|t:|1783540971\n|move|p1a: Deoxys|Knock Off|p2a: Suicune\n|-damage|p2a: Suicune|0 fnt\n|faint|p2a: Suicune\n|-damage|p1a: Deoxys|37/100|[from] item: Life Orb\n|\n|upkeep\n|inactive|Time left: 300 sec this turn | 300 sec total | 5 sec grace\n|\n|t:|1783540972\n|switch|p2a: Hoopa|Hoopa, L85|202/275\n|turn|23\n|inactive|Time left: 300 sec this turn | 300 sec total\n|\n|t:|1783540973\n|move|p1a: Deoxys|Knock Off|p2a: Hoopa\n|-supereffective|p2a: Hoopa\n|-damage|p2a: Hoopa|0 fnt\n|-enditem|p2a: Hoopa|Life Orb|[from] move: Knock Off|[of] p1a: Deoxys\n|faint|p2a: Hoopa\n|-damage|p1a: Deoxys|28/100|[from] item: Life Orb\n|\n|win|p0x126d277", "uploadtime": 1783540973, "views": 0, "rating": 0, "private": 0, "password": null, "_winner": "p0x126d277", "_our_name": "p0y1261857"}