{"id": "battle-gen9randombattle-2747", "formatid": "gen9randombattle", "format": "[Gen 9] Random Battle", "players": ["p0x27472fb1", "p0y27470cdf"], "log": "|init|battle\n|title|p0x27472fb1 vs. p0y27470cdf\n|j|\u2606p0x27472fb1\n|j|\u2606p0y27470cdf\n|t:|1783570656\n|gametype|singles\n|player|p1|p0x27472fb1|265|\n|player|p2|p0y27470cdf|266|\n|gen|9\n|tier|[Gen 9] Random Battle\n|rule|Species Clause: Limit one of each Pok\u00e9mon\n|rule|HP Percentage Mod: HP is shown in percentages\n|rule|Sleep Clause Mod: Limit one foe put to sleep\n|rule|Illusion Level Mod: Illusion disguises the Pok\u00e9mon's true level\n|\n|t:|1783570656\n|teamsize|p1|6\n|teamsize|p2|6\n|start\n|switch|p1a: Glaceon|Glaceon, L94, M|275/275\n|switch|p2a: Iron Thorns|Iron Thorns, L83|100/100\n|-item|p2a: Iron Thorns|Air Balloon\n|turn|1\n|inactive|Battle timer is ON: inactive players will automatically lose when time's up. (requested by p0y27470cdf)\n|inactive|Time left: 300 sec this turn | 300 sec total | 60 sec grace\n|inactive|p0x27472fb1 also wants the timer to be on.\n|\n|t:|1783570658\n|move|p1a: Glaceon|Freeze-Dry|p2a: Iron Thorns\n|-damage|p2a: Iron Thorns|61/100\n|-enditem|p2a: Iron Thorns|Air Balloon\n|move|p2a: Iron Thorns|Stone Edge|p1a: Glaceon\n|-supereffective|p1a: Glaceon\n|-damage|p1a: Glaceon|59/275\n|\n|upkeep\n|turn|2\n|inactive|Time left: 300 sec this turn | 300 sec total\n|\n|t:|1783570659\n|move|p1a: Glaceon|Freeze-Dry|p2a: Iron Thorns\n|-damage|p2a: Iron Thorns|23/100\n|move|p2a: Iron Thorns|Wild Charge|p1a: Glaceon\n|-damage|p1a: Glaceon|0 fnt\n|faint|p1a: Glaceon\n|-damage|p2a: Iron Thorns|18/100|[from] Recoil\n|\n|upkeep\n|inactive|Time left: 300 sec this turn | 300 sec total | 5 sec grace\n|\n|t:|1783570660\n|switch|p1a: Charizard|Charizard, L85, M|271/271\n|turn|3\n|inactive|Time left: 300 sec this turn | 300 sec total\n|\n|t:|1783570661\n|-end|p2a: Iron Thorns|Quark Drive|[silent]\n|switch|p2a: Mudsdale|Mudsdale, L83, F|100/100\n|move|p1a: Charizard|Earthquake|p2a: Mudsdale\n|-damage|p2a: Mudsdale|82/100\n|-ability|p2a: Mudsdale|Stamina|boost\n|-boost|p2a: Mudsdale|def|1\n|\n|-heal|p2a: Mudsdale|88/100|[from] item: Leftovers\n|upkeep\n|turn|4\n|inactive|Time left: 300 sec this turn | 300 sec total\n|\n|t:|1783570662\n|move|p1a: Charizard|Swords Dance|p1a: Charizard\n|-boost|p1a: Charizard|atk|2\n|move|p2a: Mudsdale|Stone Edge|p1a: Charizard\n|-supereffective|p1a: Charizard\n|-damage|p1a: Charizard|0 fnt\n|faint|p1a: Charizard\n|\n|-heal|p2a: Mudsdale|94/100|[from] item: Leftovers\n|upkeep\n|inactive|Time left: 300 sec this turn | 300 sec total | 5 sec grace\n|\n|t:|1783570663\n|switch|p1a: Crabominable|Crabominable, L90, M|321/321\n|turn|5\n|inactive|Time left: 300 sec this turn | 300 sec total\n|\n|t:|1783570664\n|move|p1a: Crabominable|Ice Hammer|p2a: Mudsdale\n|-supereffective|p2a: Mudsdale\n|-damage|p2a: Mudsdale|0 fnt\n|-unboost|p1a: Crabominable|spe|1\n|faint|p2a: Mudsdale\n|\n|upkeep\n|\n|t:|1783570665\n|switch|p2a: Jirachi|Jirachi, L80|100/100\n|turn|6\n|inactive|Time left: 300 sec this turn | 300 sec total\n|\n|t:|1783570666\n|move|p2a: Jirachi|Iron Head|p1a: Crabominable\n|-supereffective|p1a: Crabominable\n|-damage|p1a: Crabominable|165/321\n|cant|p1a: Crabominable|flinch\n|\n|upkeep\n|turn|7\n|inactive|Time left: 300 sec this turn | 300 sec total\n|\n|t:|1783570667\n|switch|p1a: Swampert|Swampert, L83, M|302/302\n|move|p2a: Jirachi|Iron Head|p1a: Swampert\n|-resisted|p1a: Swampert\n|-damage|p1a: Swampert|260/302\n|\n|-heal|p1a: Swampert|278/302|[from] item: Leftovers\n|upkeep\n|turn|8\n|inactive|Time left: 300 sec this turn | 300 sec total\n|\n|t:|1783570668\n|move|p2a: Jirachi|Iron Head|p1a: Swampert\n|-resisted|p1a: Swampert\n|-damage|p1a: Swampert|242/302\n|cant|p1a: Swampert|flinch\n|\n|-heal|p1a: Swampert|260/302|[from] item: Leftovers\n|upkeep\n|turn|9\n|inactive|Time left: 300 sec this turn | 300 sec total\n|\n|t:|1783570669\n|move|p2a: Jirachi|Iron Head|p1a: Swampert\n|-resisted|p1a: Swampert\n|-damage|p1a: Swampert|222/302\n|cant|p1a: Swampert|flinch\n|\n|-heal|p1a: Swampert|240/302|[from] item: Leftovers\n|upkeep\n|turn|10\n|inactive|Time left: 300 sec this turn | 300 sec total\n|\n|t:|1783570670\n|move|p2a: Jirachi|Iron Head|p1a: Swampert\n|-resisted|p1a: Swampert\n|-crit|p1a: Swampert\n|-damage|p1a: Swampert|180/302\n|move|p1a: Swampert|Knock Off|p2a: Jirachi\n|-supereffective|p2a: Jirachi\n|-damage|p2a: Jirachi|53/100\n|-enditem|p2a: Jirachi|Choice Scarf|[from] move: Knock Off|[of] p1a: Swampert\n|\n|-heal|p1a: Swampert|198/302|[from] item: Leftovers\n|upkeep\n|turn|11\n|inactive|Time left: 300 sec this turn | 300 sec total\n|\n|t:|1783570671\n|move|p2a: Jirachi|Psychic|p1a: Swampert\n|-damage|p1a: Swampert|113/302\n|move|p1a: Swampert|Earthquake|p2a: Jirachi\n|-supereffective|p2a: Jirachi\n|-damage|p2a: Jirachi|0 fnt\n|faint|p2a: Jirachi\n|\n|-heal|p1a: Swampert|131/302|[from] item: Leftovers\n|upkeep\n|\n|t:|1783570673\n|switch|p2a: Meloetta|Meloetta, L82|100/100\n|turn|12\n|inactive|Time left: 300 sec this turn | 300 sec total\n|\n|t:|1783570674\n|move|p2a: Meloetta|Calm Mind|p2a: Meloetta\n|-boost|p2a: Meloetta|spa|1\n|-boost|p2a: Meloetta|spd|1\n|move|p1a: Swampert|Knock Off|p2a: Meloetta\n|-supereffective|p2a: Meloetta\n|-damage|p2a: Meloetta|45/100\n|-enditem|p2a: Meloetta|Leftovers|[from] move: Knock Off|[of] p1a: Swampert\n|\n|-heal|p1a: Swampert|149/302|[from] item: Leftovers\n|upkeep\n|turn|13\n|inactive|Time left: 300 sec this turn | 300 sec total\n|\n|t:|1783570675\n|switch|p1a: Iron Treads|Iron Treads, L77|265/265\n|move|p2a: Meloetta|Hyper Voice|p1a: Iron Treads\n|-resisted|p1a: Iron Treads\n|-damage|p1a: Iron Treads|196/265\n|\n|upkeep\n|turn|14\n|inactive|Time left: 300 sec this turn | 300 sec total\n|\n|t:|1783570676\n|move|p1a: Iron Treads|Iron Head|p2a: Meloetta\n|-damage|p2a: Meloetta|13/100\n|move|p2a: Meloetta|Focus Blast|p1a: Iron Treads|[miss]\n|-miss|p2a: Meloetta|p1a: Iron Treads\n|\n|upkeep\n|turn|15\n|inactive|Time left: 300 sec this turn | 300 sec total\n|\n|t:|1783570677\n|switch|p2a: Empoleon|Empoleon, L84, F|100/100\n|move|p1a: Iron Treads|Iron Head|p2a: Empoleon\n|-resisted|p2a: Empoleon\n|-damage|p2a: Empoleon|94/100\n|\n|-heal|p2a: Empoleon|99/100|[from] item: Leftovers\n|upkeep\n|turn|16\n|inactive|Time left: 300 sec this turn | 300 sec total\n|\n|t:|1783570678\n|move|p1a: Iron Treads|Earthquake|p2a: Empoleon\n|-supereffective|p2a: Empoleon\n|-damage|p2a: Empoleon|22/100\n|move|p2a: Empoleon|Surf|p1a: Iron Treads\n|-supereffective|p1a: Iron Treads\n|-damage|p1a: Iron Treads|8/265\n|\n|-heal|p2a: Empoleon|29/100|[from] item: Leftovers\n|upkeep\n|turn|17\n|inactive|Time left: 300 sec this turn | 300 sec total\n|\n|t:|1783570679\n|-terastallize|p2a: Empoleon|Flying\n|move|p1a: Iron Treads|Earthquake|p2a: Empoleon\n|-immune|p2a: Empoleon\n|move|p2a: Empoleon|Roost|p2a: Empoleon\n|-heal|p2a: Empoleon|79/100\n|-hint|If a Terastallized Pokemon uses Roost, it remains Flying-type.\n|\n|-heal|p2a: Empoleon|85/100|[from] item: Leftovers\n|upkeep\n|turn|18\n|inactive|Time left: 300 sec this turn | 300 sec total\n|\n|t:|1783570680\n|move|p1a: Iron Treads|Iron Head|p2a: Empoleon\n|-damage|p2a: Empoleon|57/100\n|move|p2a: Empoleon|Surf|p1a: Iron Treads\n|-supereffective|p1a: Iron Treads\n|-damage|p1a: Iron Treads|0 fnt\n|faint|p1a: Iron Treads\n|-end|p1a: Iron Treads|Quark Drive|[silent]\n|\n|-heal|p2a: Empoleon|63/100|[from] item: Leftovers\n|upkeep\n|inactive|Time left: 300 sec this turn | 300 sec total | 5 sec grace\n|\n|t:|1783570681\n|switch|p1a: Crabominable|Crabominable, L90, M|165/321\n|turn|19\n|inactive|Time left: 300 sec this turn | 300 sec total\n|\n|t:|1783570682\n|move|p2a: Empoleon|Surf|p1a: Crabominable\n|-damage|p1a: Crabominable|47/321\n|move|p1a: Crabominable|Ice Hammer|p2a: Empoleon\n|-supereffective|p2a: Empoleon\n|-damage|p2a: Empoleon|0 fnt\n|-unboost|p1a: Crabominable|spe|1\n|faint|p2a: Empoleon\n|\n|upkeep\n|\n|t:|1783570682\n|switch|p2a: Meloetta|Meloetta, L82|13/100\n|turn|20\n|inactive|Time left: 300 sec this turn | 300 sec total\n|\n|t:|1783570683\n|move|p2a: Meloetta|Psyshock|p1a: Crabominable\n|-supereffective|p1a: Crabominable\n|-damage|p1a: Crabominable|0 fnt\n|faint|p1a: Crabominable\n|\n|upkeep\n|inactive|Time left: 300 sec this turn | 300 sec total | 5 sec grace\n|\n|t:|1783570684\n|switch|p1a: Swampert|Swampert, L83, M|149/302\n|turn|21\n|inactive|Time left: 300 sec this turn | 300 sec total\n|\n|t:|1783570685\n|move|p2a: Meloetta|Hyper Voice|p1a: Swampert\n|-damage|p1a: Swampert|35/302\n|move|p1a: Swampert|Flip Turn|p2a: Meloetta\n|-damage|p2a: Meloetta|0 fnt\n|faint|p2a: Meloetta\n|inactive|Time left: 300 sec this turn | 300 sec total | 5 sec grace\n|\n|t:|1783570686\n|switch|p1a: Infernape|Infernape, L82, F|259/259|[from] Flip Turn\n|\n|upkeep\n|\n|t:|1783570686\n|switch|p2a: Smeargle|Smeargle, L95, F|100/100\n|turn|22\n|inactive|Time left: 300 sec this turn | 300 sec total\n|\n|t:|1783570687\n|move|p1a: Infernape|Close Combat|p2a: Smeargle\n|-supereffective|p2a: Smeargle\n|-enditem|p2a: Smeargle|Focus Sash\n|-damage|p2a: Smeargle|1/100\n|-unboost|p1a: Infernape|def|1\n|-unboost|p1a: Infernape|spd|1\n|-damage|p1a: Infernape|234/259|[from] item: Life Orb\n|move|p2a: Smeargle|Spore|p1a: Infernape\n|-status|p1a: Infernape|slp|[from] move: Spore\n|\n|upkeep\n|turn|23\n|inactive|Time left: 300 sec this turn | 300 sec total\n|\n|t:|1783570688\n|switch|p1a: Swampert|Swampert, L83, M|35/302\n|move|p2a: Smeargle|Sticky Web|p1a: Swampert\n|-sidestart|p1: p0x27472fb1|move: Sticky Web\n|\n|-heal|p1a: Swampert|53/302|[from] item: Leftovers\n|upkeep\n|turn|24\n|inactive|Time left: 300 sec this turn | 300 sec total\n|\n|t:|1783570689\n|move|p2a: Smeargle|Ceaseless Edge|p1a: Swampert|[miss]\n|-miss|p2a: Smeargle|p1a: Swampert\n|move|p1a: Swampert|Yawn|p2a: Smeargle\n|-start|p2a: Smeargle|move: Yawn|[of] p1a: Swampert\n|\n|-heal|p1a: Swampert|71/302|[from] item: Leftovers\n|upkeep\n|turn|25\n|inactive|Time left: 300 sec this turn | 300 sec total\n|\n|t:|1783570690\n|move|p2a: Smeargle|Ceaseless Edge|p1a: Swampert|[miss]\n|-miss|p2a: Smeargle|p1a: Swampert\n|move|p1a: Swampert|Yawn||[still]\n|-fail|p1a: Swampert\n|\n|-heal|p1a: Swampert|89/302|[from] item: Leftovers\n|-end|p2a: Smeargle|move: Yawn|[silent]\n|-status|p2a: Smeargle|slp\n|upkeep\n|turn|26\n|inactive|Time left: 300 sec this turn | 300 sec total\n|\n|t:|1783570691\n|cant|p2a: Smeargle|slp\n|move|p1a: Swampert|Earthquake|p2a: Smeargle\n|-damage|p2a: Smeargle|0 fnt\n|faint|p2a: Smeargle\n|\n|-heal|p1a: Swampert|107/302|[from] item: Leftovers\n|upkeep\n|\n|t:|1783570692\n|switch|p2a: Iron Thorns|Iron Thorns, L83|18/100\n|turn|27\n|inactive|Time left: 300 sec this turn | 300 sec total\n|\n|t:|1783570693\n|move|p2a: Iron Thorns|Ice Punch|p1a: Swampert\n|-damage|p1a: Swampert|36/302\n|move|p1a: Swampert|Earthquake|p2a: Iron Thorns\n|-supereffective|p2a: Iron Thorns\n|-damage|p2a: Iron Thorns|0 fnt\n|faint|p2a: Iron Thorns\n|-end|p2a: Iron Thorns|Quark Drive|[silent]\n|\n|win|p0x27472fb1", "uploadtime": 1783570693, "views": 0, "rating": 0, "private": 0, "password": null, "_winner": "p0x27472fb1", "_our_name": "p0x27472fb1"}