{"id": "battle-gen9randombattle-2083", "formatid": "gen9randombattle", "format": "[Gen 9] Random Battle", "players": ["p0x2083673f", "p0y2083bdf4"], "log": "|init|battle\n|title|p0x2083673f vs. p0y2083bdf4\n|j|\u2606p0x2083673f\n|j|\u2606p0y2083bdf4\n|t:|1783564150\n|gametype|singles\n|player|p1|p0x2083673f|169|\n|player|p2|p0y2083bdf4|101|\n|gen|9\n|tier|[Gen 9] Random Battle\n|rule|Species Clause: Limit one of each Pok\u00e9mon\n|rule|HP Percentage Mod: HP is shown in percentages\n|rule|Sleep Clause Mod: Limit one foe put to sleep\n|rule|Illusion Level Mod: Illusion disguises the Pok\u00e9mon's true level\n|\n|t:|1783564150\n|teamsize|p1|6\n|teamsize|p2|6\n|start\n|switch|p1a: Reshiram|Reshiram, L76|100/100\n|switch|p2a: Ludicolo|Ludicolo, L90, F|290/290\n|-ability|p1a: Reshiram|Turboblaze\n|turn|1\n|inactive|Battle timer is ON: inactive players will automatically lose when time's up. (requested by p0x2083673f)\n|inactive|Time left: 300 sec this turn | 300 sec total | 60 sec grace\n|inactive|p0y2083bdf4 also wants the timer to be on.\n|\n|t:|1783564151\n|move|p1a: Reshiram|Outrage|p2a: Ludicolo\n|-damage|p2a: Ludicolo|155/290\n|move|p2a: Ludicolo|Hydro Pump|p1a: Reshiram\n|-damage|p1a: Reshiram|51/100\n|-damage|p2a: Ludicolo|126/290|[from] item: Life Orb\n|\n|upkeep\n|turn|2\n|inactive|Time left: 300 sec this turn | 300 sec total\n|\n|t:|1783564152\n|switch|p2a: Ribombee|Ribombee, L83, M|235/235\n|move|p1a: Reshiram|Outrage|p2a: Ribombee|[from] lockedmove\n|-immune|p2a: Ribombee\n|-start|p1a: Reshiram|confusion|[fatigue]\n|\n|upkeep\n|turn|3\n|inactive|Time left: 300 sec this turn | 300 sec total\n|\n|t:|1783564153\n|move|p2a: Ribombee|Sticky Web|p1a: Reshiram\n|-sidestart|p1: p0x2083673f|move: Sticky Web\n|-activate|p1a: Reshiram|confusion\n|-damage|p1a: Reshiram|42/100|[from] confusion\n|\n|upkeep\n|turn|4\n|inactive|Time left: 300 sec this turn | 300 sec total\n|\n|t:|1783564153\n|move|p2a: Ribombee|Moonblast|p1a: Reshiram\n|-damage|p1a: Reshiram|9/100\n|-unboost|p1a: Reshiram|spa|1\n|-activate|p1a: Reshiram|confusion\n|move|p1a: Reshiram|Flare Blitz|p2a: Ribombee\n|-supereffective|p2a: Ribombee\n|-damage|p2a: Ribombee|0 fnt\n|faint|p2a: Ribombee\n|-damage|p1a: Reshiram|0 fnt|[from] Recoil\n|faint|p1a: Reshiram\n|\n|upkeep\n|inactive|Time left: 300 sec this turn | 300 sec total | 5 sec grace\n|\n|t:|1783564154\n|switch|p2a: Jolteon|Jolteon, L84, F|246/246\n|switch|p1a: Beartic|Beartic, L91, F|100/100\n|turn|5\n|inactive|Time left: 300 sec this turn | 300 sec total\n|\n|t:|1783564155\n|move|p2a: Jolteon|Volt Switch|p1a: Beartic\n|-damage|p1a: Beartic|75/100\n|inactive|Time left: 300 sec this turn | 300 sec total | 5 sec grace\n|\n|t:|1783564156\n|switch|p2a: Furret|Furret, L94, M|312/312|[from] Volt Switch\n|-item|p1a: Beartic|Heavy-Duty Boots|[from] ability: Frisk|[of] p2a: Furret\n|move|p1a: Beartic|Earthquake|p2a: Furret\n|-damage|p2a: Furret|188/312\n|\n|upkeep\n|turn|6\n|inactive|Time left: 300 sec this turn | 300 sec total\n|\n|t:|1783564157\n|-terastallize|p2a: Furret|Normal\n|move|p2a: Furret|Double-Edge|p1a: Beartic\n|-crit|p1a: Beartic\n|-damage|p1a: Beartic|0 fnt\n|faint|p1a: Beartic\n|-damage|p2a: Furret|109/312|[from] Recoil\n|\n|upkeep\n|\n|t:|1783564158\n|switch|p1a: Slither Wing|Slither Wing, L81|100/100\n|-activate|p1a: Slither Wing|move: Sticky Web\n|-unboost|p1a: Slither Wing|spe|1\n|turn|7\n|inactive|Time left: 300 sec this turn | 300 sec total\n|\n|t:|1783564159\n|move|p1a: Slither Wing|First Impression|p2a: Furret\n|-damage|p2a: Furret|0 fnt\n|faint|p2a: Furret\n|-damage|p1a: Slither Wing|90/100|[from] item: Life Orb\n|\n|upkeep\n|inactive|Time left: 300 sec this turn | 300 sec total | 5 sec grace\n|\n|t:|1783564160\n|switch|p2a: Dedenne|Dedenne, L88, M|261/261\n|turn|8\n|inactive|Time left: 300 sec this turn | 300 sec total\n|\n|t:|1783564161\n|move|p2a: Dedenne|Super Fang|p1a: Slither Wing\n|-damage|p1a: Slither Wing|46/100\n|move|p1a: Slither Wing|U-turn|p2a: Dedenne\n|-resisted|p2a: Dedenne\n|-damage|p2a: Dedenne|182/261\n|-damage|p1a: Slither Wing|36/100|[from] item: Life Orb\n|\n|t:|1783564162\n|-end|p1a: Slither Wing|Protosynthesis|[silent]\n|switch|p1a: Slowking|Slowking-Galar, L85, F|100/100|[from] U-turn\n|-activate|p1a: Slowking|move: Sticky Web\n|-unboost|p1a: Slowking|spe|1\n|\n|upkeep\n|turn|9\n|inactive|Time left: 300 sec this turn | 300 sec total\n|\n|t:|1783564163\n|switch|p2a: Toedscruel|Toedscruel, L87, M|281/281\n|move|p1a: Slowking|Sludge Bomb|p2a: Toedscruel\n|-damage|p2a: Toedscruel|230/281\n|-status|p2a: Toedscruel|psn\n|\n|-damage|p2a: Toedscruel|195/281 psn|[from] psn\n|upkeep\n|turn|10\n|inactive|Time left: 300 sec this turn | 300 sec total\n|\n|t:|1783564164\n|move|p2a: Toedscruel|Knock Off|p1a: Slowking\n|-supereffective|p1a: Slowking\n|-damage|p1a: Slowking|60/100\n|-enditem|p1a: Slowking|Assault Vest|[from] move: Knock Off|[of] p2a: Toedscruel\n|move|p1a: Slowking|Fire Blast|p2a: Toedscruel|[miss]\n|-miss|p1a: Slowking|p2a: Toedscruel\n|\n|-damage|p2a: Toedscruel|160/281 psn|[from] psn\n|upkeep\n|turn|11\n|inactive|Time left: 300 sec this turn | 300 sec total\n|\n|t:|1783564166\n|switch|p1a: Slither Wing|Slither Wing, L81|36/100\n|-activate|p1a: Slither Wing|move: Sticky Web\n|-unboost|p1a: Slither Wing|spe|1\n|move|p2a: Toedscruel|Earth Power|p1a: Slither Wing\n|-resisted|p1a: Slither Wing\n|-damage|p1a: Slither Wing|22/100\n|\n|-damage|p2a: Toedscruel|125/281 psn|[from] psn\n|upkeep\n|turn|12\n|inactive|Time left: 300 sec this turn | 300 sec total\n|\n|t:|1783564167\n|switch|p2a: Dedenne|Dedenne, L88, M|182/261\n|move|p1a: Slither Wing|Close Combat|p2a: Dedenne\n|-resisted|p2a: Dedenne\n|-damage|p2a: Dedenne|49/261\n|-unboost|p1a: Slither Wing|def|1\n|-unboost|p1a: Slither Wing|spd|1\n|-enditem|p2a: Dedenne|Sitrus Berry|[eat]\n|-heal|p2a: Dedenne|114/261|[from] item: Sitrus Berry\n|-heal|p2a: Dedenne|201/261|[from] ability: Cheek Pouch\n|-damage|p1a: Slither Wing|12/100|[from] item: Life Orb\n|\n|upkeep\n|turn|13\n|inactive|Time left: 300 sec this turn | 300 sec total\n|\n|t:|1783564168\n|move|p2a: Dedenne|Thunderbolt|p1a: Slither Wing\n|-damage|p1a: Slither Wing|0 fnt\n|faint|p1a: Slither Wing\n|-end|p1a: Slither Wing|Protosynthesis|[silent]\n|\n|upkeep\n|\n|t:|1783564169\n|switch|p1a: Slowking|Slowking-Galar, L85, F|94/100\n|-activate|p1a: Slowking|move: Sticky Web\n|-unboost|p1a: Slowking|spe|1\n|turn|14\n|inactive|Time left: 300 sec this turn | 300 sec total\n|\n|t:|1783564170\n|switch|p2a: Jolteon|Jolteon, L84, F|246/246\n|move|p1a: Slowking|Sludge Bomb|p2a: Jolteon\n|-damage|p2a: Jolteon|147/246\n|\n|upkeep\n|turn|15\n|inactive|Time left: 300 sec this turn | 300 sec total\n|\n|t:|1783564171\n|move|p2a: Jolteon|Calm Mind|p2a: Jolteon\n|-boost|p2a: Jolteon|spa|1\n|-boost|p2a: Jolteon|spd|1\n|move|p1a: Slowking|Sludge Bomb|p2a: Jolteon\n|-damage|p2a: Jolteon|74/246\n|\n|upkeep\n|turn|16\n|inactive|Time left: 300 sec this turn | 300 sec total\n|\n|t:|1783564172\n|move|p2a: Jolteon|Thunderbolt|p1a: Slowking\n|-damage|p1a: Slowking|52/100\n|move|p1a: Slowking|Sludge Bomb|p2a: Jolteon\n|-crit|p2a: Jolteon\n|-damage|p2a: Jolteon|0 fnt\n|faint|p2a: Jolteon\n|\n|upkeep\n|inactive|Time left: 300 sec this turn | 300 sec total | 5 sec grace\n|\n|t:|1783564173\n|switch|p2a: Toedscruel|Toedscruel, L87, M|125/281 psn\n|turn|17\n|inactive|Time left: 300 sec this turn | 300 sec total\n|\n|t:|1783564174\n|switch|p1a: Cacturne|Cacturne, L92, F|100/100\n|-activate|p1a: Cacturne|move: Sticky Web\n|-unboost|p1a: Cacturne|spe|1\n|move|p2a: Toedscruel|Earth Power|p1a: Cacturne\n|-resisted|p1a: Cacturne\n|-damage|p1a: Cacturne|82/100\n|\n|-damage|p2a: Toedscruel|90/281 psn|[from] psn\n|upkeep\n|turn|18\n|inactive|Time left: 300 sec this turn | 300 sec total\n|\n|t:|1783564175\n|switch|p2a: Dedenne|Dedenne, L88, M|201/261\n|move|p1a: Cacturne|Knock Off|p2a: Dedenne\n|-resisted|p2a: Dedenne\n|-damage|p2a: Dedenne|124/261\n|-damage|p1a: Cacturne|72/100|[from] item: Life Orb\n|\n|upkeep\n|turn|19\n|inactive|Time left: 300 sec this turn | 300 sec total\n|\n|t:|1783564176\n|switch|p1a: Slowking|Slowking-Galar, L85, F|86/100\n|-activate|p1a: Slowking|move: Sticky Web\n|-unboost|p1a: Slowking|spe|1\n|move|p2a: Dedenne|Dazzling Gleam|p1a: Slowking\n|-resisted|p1a: Slowking\n|-damage|p1a: Slowking|74/100\n|\n|upkeep\n|turn|20\n|inactive|Time left: 300 sec this turn | 300 sec total\n|\n|t:|1783564177\n|move|p2a: Dedenne|Super Fang|p1a: Slowking|[miss]\n|-miss|p2a: Dedenne|p1a: Slowking\n|move|p1a: Slowking|Sludge Bomb|p2a: Dedenne\n|-supereffective|p2a: Dedenne\n|-damage|p2a: Dedenne|0 fnt\n|faint|p2a: Dedenne\n|\n|upkeep\n|inactive|Time left: 300 sec this turn | 300 sec total | 5 sec grace\n|\n|t:|1783564178\n|switch|p2a: Toedscruel|Toedscruel, L87, M|90/281 psn\n|turn|21\n|inactive|Time left: 300 sec this turn | 300 sec total\n|\n|t:|1783564179\n|move|p2a: Toedscruel|Giga Drain|p1a: Slowking\n|-resisted|p1a: Slowking\n|-damage|p1a: Slowking|63/100\n|-heal|p2a: Toedscruel|107/281 psn|[from] drain|[of] p1a: Slowking\n|move|p1a: Slowking|Fire Blast|p2a: Toedscruel\n|-supereffective|p2a: Toedscruel\n|-damage|p2a: Toedscruel|11/281 psn\n|\n|-damage|p2a: Toedscruel|0 fnt|[from] psn\n|faint|p2a: Toedscruel\n|upkeep\n|inactive|Time left: 300 sec this turn | 300 sec total | 5 sec grace\n|\n|t:|1783564179\n|switch|p2a: Ludicolo|Ludicolo, L90, F|126/290\n|turn|22\n|inactive|Time left: 300 sec this turn | 300 sec total\n|\n|t:|1783564180\n|-terastallize|p1a: Slowking|Fairy\n|move|p2a: Ludicolo|Ice Beam|p1a: Slowking\n|-damage|p1a: Slowking|36/100\n|-damage|p2a: Ludicolo|97/290|[from] item: Life Orb\n|move|p1a: Slowking|Sludge Bomb|p2a: Ludicolo\n|-supereffective|p2a: Ludicolo\n|-damage|p2a: Ludicolo|0 fnt\n|faint|p2a: Ludicolo\n|\n|win|p0x2083673f", "uploadtime": 1783564180, "views": 0, "rating": 0, "private": 0, "password": null, "_winner": "p0x2083673f", "_our_name": "p0y2083bdf4"}