{"id": "battle-gen9randombattle-1305", "formatid": "gen9randombattle", "format": "[Gen 9] Random Battle", "players": ["p0x1305e4e3", "p0y13054172"], "log": "|init|battle\n|title|p0x1305e4e3 vs. p0y13054172\n|j|\u2606p0x1305e4e3\n|j|\u2606p0y13054172\n|t:|1783555152\n|gametype|singles\n|player|p1|p0x1305e4e3|2|\n|player|p2|p0y13054172|265|\n|gen|9\n|tier|[Gen 9] Random Battle\n|rule|Species Clause: Limit one of each Pok\u00e9mon\n|rule|HP Percentage Mod: HP is shown in percentages\n|rule|Sleep Clause Mod: Limit one foe put to sleep\n|rule|Illusion Level Mod: Illusion disguises the Pok\u00e9mon's true level\n|\n|t:|1783555152\n|teamsize|p1|6\n|teamsize|p2|6\n|start\n|switch|p1a: Hitmonchan|Hitmonchan, L87, M|229/229\n|switch|p2a: Dipplin|Dipplin, L88, F|100/100\n|turn|1\n|inactive|Battle timer is ON: inactive players will automatically lose when time's up. (requested by p0y13054172)\n|inactive|Time left: 300 sec this turn | 300 sec total | 60 sec grace\n|\n|t:|1783555154\n|move|p1a: Hitmonchan|Swords Dance|p1a: Hitmonchan\n|-boost|p1a: Hitmonchan|atk|2\n|move|p2a: Dipplin|Dragon Pulse|p1a: Hitmonchan\n|-damage|p1a: Hitmonchan|147/229\n|\n|upkeep\n|turn|2\n|inactive|Time left: 300 sec this turn | 300 sec total\n|inactive|p0x1305e4e3 also wants the timer to be on.\n|\n|t:|1783555155\n|move|p1a: Hitmonchan|Drain Punch|p2a: Dipplin\n|-damage|p2a: Dipplin|51/100\n|-heal|p1a: Hitmonchan|217/229|[from] drain|[of] p2a: Dipplin\n|-damage|p1a: Hitmonchan|195/229|[from] item: Life Orb\n|move|p2a: Dipplin|Dragon Tail|p1a: Hitmonchan\n|-damage|p1a: Hitmonchan|125/229\n|drag|p1a: Solgaleo|Solgaleo, L74|325/325\n|\n|upkeep\n|turn|3\n|inactive|Time left: 300 sec this turn | 300 sec total\n|\n|t:|1783555157\n|move|p1a: Solgaleo|Sunsteel Strike|p2a: Dipplin\n|-damage|p2a: Dipplin|31/100\n|move|p2a: Dipplin|Recover|p2a: Dipplin\n|-heal|p2a: Dipplin|81/100\n|\n|upkeep\n|turn|4\n|inactive|Time left: 300 sec this turn | 300 sec total\n|\n|t:|1783555158\n|move|p1a: Solgaleo|Sunsteel Strike|p2a: Dipplin\n|-damage|p2a: Dipplin|59/100\n|move|p2a: Dipplin|Dragon Pulse|p1a: Solgaleo\n|-resisted|p1a: Solgaleo\n|-damage|p1a: Solgaleo|269/325\n|\n|upkeep\n|turn|5\n|inactive|Time left: 300 sec this turn | 300 sec total\n|\n|t:|1783555159\n|move|p1a: Solgaleo|Morning Sun|p1a: Solgaleo\n|-heal|p1a: Solgaleo|325/325\n|move|p2a: Dipplin|Recover|p2a: Dipplin\n|-heal|p2a: Dipplin|100/100\n|\n|upkeep\n|turn|6\n|inactive|Time left: 300 sec this turn | 300 sec total\n|\n|t:|1783555160\n|switch|p1a: Necrozma|Necrozma-Dawn-Wings, L76|272/272\n|move|p2a: Dipplin|Dragon Pulse|p1a: Necrozma\n|-damage|p1a: Necrozma|193/272\n|\n|-heal|p1a: Necrozma|210/272|[from] item: Leftovers\n|upkeep\n|turn|7\n|inactive|Time left: 300 sec this turn | 300 sec total\n|\n|t:|1783555161\n|move|p1a: Necrozma|Photon Geyser|p2a: Dipplin\n|-damage|p2a: Dipplin|71/100\n|move|p2a: Dipplin|Giga Drain|p1a: Necrozma\n|-damage|p1a: Necrozma|144/272\n|-heal|p2a: Dipplin|83/100|[from] drain|[of] p1a: Necrozma\n|\n|-heal|p1a: Necrozma|161/272|[from] item: Leftovers\n|upkeep\n|turn|8\n|inactive|Time left: 300 sec this turn | 300 sec total\n|\n|t:|1783555162\n|move|p1a: Necrozma|Photon Geyser|p2a: Dipplin\n|-damage|p2a: Dipplin|51/100\n|move|p2a: Dipplin|Dragon Tail|p1a: Necrozma\n|-damage|p1a: Necrozma|100/272\n|drag|p1a: Dragalge|Dragalge, L88, F|258/258\n|\n|upkeep\n|turn|9\n|inactive|Time left: 300 sec this turn | 300 sec total\n|\n|t:|1783555163\n|move|p1a: Dragalge|Sludge Wave|p2a: Dipplin\n|-supereffective|p2a: Dipplin\n|-damage|p2a: Dipplin|0 fnt\n|faint|p2a: Dipplin\n|\n|upkeep\n|\n|t:|1783555164\n|switch|p2a: Iron Jugulis|Iron Jugulis, L77|100/100\n|turn|10\n|inactive|Time left: 300 sec this turn | 300 sec total\n|\n|t:|1783555165\n|move|p2a: Iron Jugulis|Earth Power|p1a: Dragalge\n|-supereffective|p1a: Dragalge\n|-damage|p1a: Dragalge|118/258\n|move|p1a: Dragalge|Sludge Wave|p2a: Iron Jugulis\n|-damage|p2a: Iron Jugulis|8/100\n|\n|upkeep\n|turn|11\n|inactive|Time left: 300 sec this turn | 300 sec total\n|\n|t:|1783555166\n|switch|p1a: Jumpluff|Jumpluff, L87, M|271/271\n|move|p2a: Iron Jugulis|Earth Power|p1a: Jumpluff\n|-immune|p1a: Jumpluff\n|\n|upkeep\n|turn|12\n|inactive|Time left: 300 sec this turn | 300 sec total\n|\n|t:|1783555166\n|-end|p2a: Iron Jugulis|Quark Drive|[silent]\n|switch|p2a: Bellibolt|Bellibolt, L84, F|100/100\n|move|p1a: Jumpluff|Acrobatics|p2a: Bellibolt\n|-resisted|p2a: Bellibolt\n|-damage|p2a: Bellibolt|88/100\n|-start|p2a: Bellibolt|Charge|Acrobatics|[from] ability: Electromorphosis\n|\n|-heal|p2a: Bellibolt|94/100|[from] item: Leftovers\n|upkeep\n|turn|13\n|inactive|Time left: 300 sec this turn | 300 sec total\n|\n|t:|1783555167\n|move|p1a: Jumpluff|Leech Seed|p2a: Bellibolt\n|-start|p2a: Bellibolt|move: Leech Seed\n|move|p2a: Bellibolt|Thunderbolt|p1a: Jumpluff\n|-damage|p1a: Jumpluff|85/271\n|-status|p1a: Jumpluff|par\n|-end|p2a: Bellibolt|Charge|[silent]\n|\n|-heal|p2a: Bellibolt|100/100|[from] item: Leftovers\n|-damage|p2a: Bellibolt|88/100|[from] Leech Seed|[of] p1a: Jumpluff\n|-heal|p1a: Jumpluff|125/271 par|[silent]\n|upkeep\n|turn|14\n|inactive|Time left: 300 sec this turn | 300 sec total\n|\n|t:|1783555168\n|move|p2a: Bellibolt|Volt Switch|p1a: Jumpluff\n|-damage|p1a: Jumpluff|53/271 par\n|\n|t:|1783555169\n|switch|p2a: Iron Jugulis|Iron Jugulis, L77|8/100|[from] Volt Switch\n|move|p1a: Jumpluff|Strength Sap|p2a: Iron Jugulis\n|-unboost|p2a: Iron Jugulis|atk|1\n|-heal|p1a: Jumpluff|181/271 par\n|\n|upkeep\n|turn|15\n|inactive|Time left: 300 sec this turn | 300 sec total\n|\n|t:|1783555170\n|move|p2a: Iron Jugulis|Hurricane|p1a: Jumpluff|[miss]\n|-miss|p2a: Iron Jugulis|p1a: Jumpluff\n|move|p1a: Jumpluff|Strength Sap|p2a: Iron Jugulis\n|-unboost|p2a: Iron Jugulis|atk|1\n|-heal|p1a: Jumpluff|266/271 par\n|\n|upkeep\n|turn|16\n|inactive|Time left: 300 sec this turn | 300 sec total\n|\n|t:|1783555171\n|switch|p1a: Blaziken|Blaziken, L76, M|247/247\n|move|p2a: Iron Jugulis|Hurricane|p1a: Blaziken\n|-supereffective|p1a: Blaziken\n|-damage|p1a: Blaziken|0 fnt\n|faint|p1a: Blaziken\n|\n|upkeep\n|inactive|Time left: 300 sec this turn | 300 sec total | 5 sec grace\n|\n|t:|1783555172\n|switch|p1a: Dragalge|Dragalge, L88, F|118/258\n|turn|17\n|inactive|Time left: 300 sec this turn | 300 sec total\n|\n|t:|1783555173\n|move|p2a: Iron Jugulis|Hurricane|p1a: Dragalge\n|-damage|p1a: Dragalge|0 fnt\n|faint|p1a: Dragalge\n|\n|upkeep\n|inactive|Time left: 300 sec this turn | 300 sec total | 5 sec grace\n|\n|t:|1783555174\n|switch|p1a: Hitmonchan|Hitmonchan, L87, M|125/229\n|turn|18\n|inactive|Time left: 300 sec this turn | 300 sec total\n|\n|t:|1783555175\n|move|p2a: Iron Jugulis|Hurricane|p1a: Hitmonchan\n|-supereffective|p1a: Hitmonchan\n|-damage|p1a: Hitmonchan|0 fnt\n|faint|p1a: Hitmonchan\n|\n|upkeep\n|inactive|Time left: 300 sec this turn | 300 sec total | 5 sec grace\n|\n|t:|1783555176\n|switch|p1a: Necrozma|Necrozma-Dawn-Wings, L76|100/272\n|turn|19\n|inactive|Time left: 300 sec this turn | 300 sec total\n|\n|t:|1783555177\n|move|p2a: Iron Jugulis|Hurricane|p1a: Necrozma\n|-damage|p1a: Necrozma|0 fnt\n|faint|p1a: Necrozma\n|\n|upkeep\n|inactive|Time left: 300 sec this turn | 300 sec total | 5 sec grace\n|\n|t:|1783555178\n|switch|p1a: Solgaleo|Solgaleo, L74|325/325\n|turn|20\n|inactive|Time left: 300 sec this turn | 300 sec total\n|\n|t:|1783555179\n|move|p2a: Iron Jugulis|Hurricane|p1a: Solgaleo|[miss]\n|-miss|p2a: Iron Jugulis|p1a: Solgaleo\n|move|p1a: Solgaleo|Sunsteel Strike|p2a: Iron Jugulis\n|-damage|p2a: Iron Jugulis|0 fnt\n|faint|p2a: Iron Jugulis\n|-end|p2a: Iron Jugulis|Quark Drive|[silent]\n|\n|upkeep\n|\n|t:|1783555180\n|switch|p2a: Bellibolt|Bellibolt, L84, F|88/100\n|turn|21\n|inactive|Time left: 300 sec this turn | 300 sec total\n|\n|t:|1783555181\n|move|p1a: Solgaleo|Earthquake|p2a: Bellibolt\n|-supereffective|p2a: Bellibolt\n|-damage|p2a: Bellibolt|40/100\n|-start|p2a: Bellibolt|Charge|Earthquake|[from] ability: Electromorphosis\n|move|p2a: Bellibolt|Thunderbolt|p1a: Solgaleo\n|-damage|p1a: Solgaleo|115/325\n|-end|p2a: Bellibolt|Charge|[silent]\n|\n|-heal|p2a: Bellibolt|46/100|[from] item: Leftovers\n|upkeep\n|turn|22\n|inactive|Time left: 300 sec this turn | 300 sec total\n|\n|t:|1783555182\n|move|p1a: Solgaleo|Morning Sun|p1a: Solgaleo\n|-heal|p1a: Solgaleo|277/325\n|move|p2a: Bellibolt|Slack Off|p2a: Bellibolt\n|-heal|p2a: Bellibolt|96/100\n|\n|-heal|p2a: Bellibolt|100/100|[from] item: Leftovers\n|upkeep\n|turn|23\n|inactive|Time left: 300 sec this turn | 300 sec total\n|\n|t:|1783555183\n|move|p1a: Solgaleo|Earthquake|p2a: Bellibolt\n|-supereffective|p2a: Bellibolt\n|-damage|p2a: Bellibolt|57/100\n|-start|p2a: Bellibolt|Charge|Earthquake|[from] ability: Electromorphosis\n|move|p2a: Bellibolt|Thunderbolt|p1a: Solgaleo\n|-damage|p1a: Solgaleo|73/325\n|-end|p2a: Bellibolt|Charge|[silent]\n|\n|-heal|p2a: Bellibolt|63/100|[from] item: Leftovers\n|upkeep\n|turn|24\n|inactive|Time left: 300 sec this turn | 300 sec total\n|\n|t:|1783555185\n|move|p1a: Solgaleo|Morning Sun|p1a: Solgaleo\n|-heal|p1a: Solgaleo|235/325\n|move|p2a: Bellibolt|Thunderbolt|p1a: Solgaleo\n|-damage|p1a: Solgaleo|124/325\n|\n|-heal|p2a: Bellibolt|69/100|[from] item: Leftovers\n|upkeep\n|turn|25\n|inactive|Time left: 300 sec this turn | 300 sec total\n|\n|t:|1783555186\n|move|p1a: Solgaleo|Morning Sun|p1a: Solgaleo\n|-heal|p1a: Solgaleo|286/325\n|move|p2a: Bellibolt|Slack Off|p2a: Bellibolt\n|-heal|p2a: Bellibolt|100/100\n|\n|upkeep\n|turn|26\n|inactive|Time left: 300 sec this turn | 300 sec total\n|\n|t:|1783555187\n|move|p1a: Solgaleo|Earthquake|p2a: Bellibolt\n|-supereffective|p2a: Bellibolt\n|-crit|p2a: Bellibolt\n|-damage|p2a: Bellibolt|38/100\n|-start|p2a: Bellibolt|Charge|Earthquake|[from] ability: Electromorphosis\n|move|p2a: Bellibolt|Thunderbolt|p1a: Solgaleo\n|-damage|p1a: Solgaleo|52/325\n|-end|p2a: Bellibolt|Charge|[silent]\n|\n|-heal|p2a: Bellibolt|44/100|[from] item: Leftovers\n|upkeep\n|turn|27\n|inactive|Time left: 300 sec this turn | 300 sec total\n|\n|t:|1783555188\n|move|p1a: Solgaleo|Earthquake|p2a: Bellibolt\n|-supereffective|p2a: Bellibolt\n|-damage|p2a: Bellibolt|0 fnt\n|faint|p2a: Bellibolt\n|\n|upkeep\n|\n|t:|1783555189\n|switch|p2a: Umbreon|Umbreon, L84, M|100/100\n|turn|28\n|inactive|Time left: 300 sec this turn | 300 sec total\n|\n|t:|1783555190\n|-terastallize|p1a: Solgaleo|Water\n|move|p1a: Solgaleo|Morning Sun|p1a: Solgaleo\n|-heal|p1a: Solgaleo|214/325\n|move|p2a: Umbreon|Foul Play|p1a: Solgaleo\n|-damage|p1a: Solgaleo|93/325\n|-damage|p2a: Umbreon|84/100|[from] item: Rocky Helmet|[of] p1a: Solgaleo\n|\n|-heal|p2a: Umbreon|90/100|[from] item: Leftovers\n|upkeep\n|turn|29\n|inactive|Time left: 300 sec this turn | 300 sec total\n|\n|t:|1783555191\n|move|p1a: Solgaleo|Morning Sun|p1a: Solgaleo\n|-heal|p1a: Solgaleo|255/325\n|move|p2a: Umbreon|Toxic|p1a: Solgaleo\n|-status|p1a: Solgaleo|tox\n|\n|-heal|p2a: Umbreon|96/100|[from] item: Leftovers\n|-damage|p1a: Solgaleo|235/325 tox|[from] psn\n|upkeep\n|turn|30\n|inactive|Time left: 300 sec this turn | 300 sec total\n|\n|t:|1783555192\n|move|p1a: Solgaleo|Sunsteel Strike|p2a: Umbreon\n|-damage|p2a: Umbreon|65/100\n|move|p2a: Umbreon|Foul Play|p1a: Solgaleo\n|-damage|p1a: Solgaleo|118/325 tox\n|-damage|p2a: Umbreon|49/100|[from] item: Rocky Helmet|[of] p1a: Solgaleo\n|\n|-heal|p2a: Umbreon|55/100|[from] item: Leftovers\n|-damage|p1a: Solgaleo|78/325 tox|[from] psn\n|upkeep\n|turn|31\n|inactive|Time left: 300 sec this turn | 300 sec total\n|\n|t:|1783555193\n|move|p1a: Solgaleo|Morning Sun|p1a: Solgaleo\n|-heal|p1a: Solgaleo|240/325 tox\n|move|p2a: Umbreon|Wish|p2a: Umbreon\n|\n|-heal|p2a: Umbreon|61/100|[from] item: Leftovers\n|-damage|p1a: Solgaleo|180/325 tox|[from] psn\n|upkeep\n|turn|32\n|inactive|Time left: 300 sec this turn | 300 sec total\n|\n|t:|1783555194\n|switch|p1a: Jumpluff|Jumpluff, L87, M|266/271 par\n|move|p2a: Umbreon|Foul Play|p1a: Jumpluff\n|-damage|p1a: Jumpluff|184/271 par\n|\n|-heal|p2a: Umbreon|100/100|[from] move: Wish|[wisher] Umbreon\n|upkeep\n|turn|33\n|inactive|Time left: 300 sec this turn | 300 sec total\n|\n|t:|1783555196\n|move|p2a: Umbreon|Foul Play|p1a: Jumpluff\n|-damage|p1a: Jumpluff|109/271 par\n|cant|p1a: Jumpluff|par\n|\n|upkeep\n|turn|34\n|inactive|Time left: 300 sec this turn | 300 sec total\n|\n|t:|1783555197\n|move|p2a: Umbreon|Foul Play|p1a: Jumpluff\n|-crit|p1a: Jumpluff\n|-damage|p1a: Jumpluff|0 fnt\n|faint|p1a: Jumpluff\n|\n|upkeep\n|inactive|Time left: 300 sec this turn | 300 sec total | 5 sec grace\n|\n|t:|1783555198\n|switch|p1a: Solgaleo|Solgaleo, L74, tera:Water|180/325 tox\n|turn|35\n|inactive|Time left: 300 sec this turn | 300 sec total\n|\n|t:|1783555199\n|move|p1a: Solgaleo|Sunsteel Strike|p2a: Umbreon\n|-damage|p2a: Umbreon|71/100\n|move|p2a: Umbreon|Foul Play|p1a: Solgaleo\n|-damage|p1a: Solgaleo|75/325 tox\n|-damage|p2a: Umbreon|54/100|[from] item: Rocky Helmet|[of] p1a: Solgaleo\n|\n|-heal|p2a: Umbreon|60/100|[from] item: Leftovers\n|-damage|p1a: Solgaleo|55/325 tox|[from] psn\n|upkeep\n|turn|36\n|inactive|Time left: 300 sec this turn | 300 sec total\n|\n|t:|1783555200\n|-terastallize|p2a: Umbreon|Poison\n|move|p1a: Solgaleo|Morning Sun|p1a: Solgaleo\n|-heal|p1a: Solgaleo|217/325 tox\n|move|p2a: Umbreon|Foul Play|p1a: Solgaleo\n|-damage|p1a: Solgaleo|103/325 tox\n|-damage|p2a: Umbreon|44/100|[from] item: Rocky Helmet|[of] p1a: Solgaleo\n|\n|-heal|p2a: Umbreon|50/100|[from] item: Leftovers\n|-damage|p1a: Solgaleo|63/325 tox|[from] psn\n|upkeep\n|turn|37\n|inactive|Time left: 300 sec this turn | 300 sec total\n|\n|t:|1783555201\n|move|p1a: Solgaleo|Earthquake|p2a: Umbreon\n|-supereffective|p2a: Umbreon\n|-damage|p2a: Umbreon|6/100\n|move|p2a: Umbreon|Wish|p2a: Umbreon\n|\n|-heal|p2a: Umbreon|12/100|[from] item: Leftovers\n|-damage|p1a: Solgaleo|3/325 tox|[from] psn\n|upkeep\n|turn|38\n|inactive|Time left: 300 sec this turn | 300 sec total\n|\n|t:|1783555202\n|switch|p2a: Emboar|Emboar, L84, M|100/100\n|move|p1a: Solgaleo|Earthquake|p2a: Emboar\n|-supereffective|p2a: Emboar\n|-damage|p2a: Emboar|42/100\n|\n|-heal|p2a: Emboar|88/100|[from] move: Wish|[wisher] Umbreon\n|-damage|p1a: Solgaleo|0 fnt|[from] psn\n|faint|p1a: Solgaleo\n|\n|win|p0y13054172", "uploadtime": 1783555202, "views": 0, "rating": 0, "private": 0, "password": null, "_winner": "p0y13054172", "_our_name": "p0x1305e4e3"}