{"id": "battle-gen9randombattle-1517", "formatid": "gen9randombattle", "format": "[Gen 9] Random Battle", "players": ["p0x151758d1", "p0y151787da"], "log": "|init|battle\n|title|p0x151758d1 vs. p0y151787da\n|j|\u2606p0x151758d1\n|j|\u2606p0y151787da\n|t:|1783556733\n|gametype|singles\n|player|p1|p0x151758d1|2|\n|player|p2|p0y151787da|2|\n|gen|9\n|tier|[Gen 9] Random Battle\n|rule|Species Clause: Limit one of each Pok\u00e9mon\n|rule|HP Percentage Mod: HP is shown in percentages\n|rule|Sleep Clause Mod: Limit one foe put to sleep\n|rule|Illusion Level Mod: Illusion disguises the Pok\u00e9mon's true level\n|\n|t:|1783556733\n|teamsize|p1|6\n|teamsize|p2|6\n|start\n|switch|p1a: Wo-Chien|Wo-Chien, L83|100/100\n|switch|p2a: Coalossal|Coalossal, L89, F|341/341\n|-ability|p1a: Wo-Chien|Tablets of Ruin\n|turn|1\n|inactive|Battle timer is ON: inactive players will automatically lose when time's up. (requested by p0x151758d1)\n|inactive|Time left: 300 sec this turn | 300 sec total | 60 sec grace\n|inactive|p0y151787da also wants the timer to be on.\n|\n|t:|1783556735\n|move|p1a: Wo-Chien|Ruination|p2a: Coalossal\n|-damage|p2a: Coalossal|171/341\n|move|p2a: Coalossal|Flamethrower|p1a: Wo-Chien\n|-supereffective|p1a: Wo-Chien\n|-damage|p1a: Wo-Chien|51/100\n|\n|-heal|p1a: Wo-Chien|57/100|[from] item: Leftovers\n|upkeep\n|turn|2\n|inactive|Time left: 300 sec this turn | 300 sec total\n|\n|t:|1783556736\n|move|p1a: Wo-Chien|Giga Drain|p2a: Coalossal\n|-damage|p2a: Coalossal|99/341\n|-heal|p1a: Wo-Chien|70/100|[from] drain|[of] p2a: Coalossal\n|move|p2a: Coalossal|Flamethrower|p1a: Wo-Chien\n|-supereffective|p1a: Wo-Chien\n|-damage|p1a: Wo-Chien|22/100\n|\n|-heal|p1a: Wo-Chien|28/100|[from] item: Leftovers\n|upkeep\n|turn|3\n|inactive|Time left: 300 sec this turn | 300 sec total\n|\n|t:|1783556737\n|move|p1a: Wo-Chien|Giga Drain|p2a: Coalossal\n|-damage|p2a: Coalossal|24/341\n|-heal|p1a: Wo-Chien|42/100|[from] drain|[of] p2a: Coalossal\n|move|p2a: Coalossal|Flamethrower|p1a: Wo-Chien\n|-supereffective|p1a: Wo-Chien\n|-damage|p1a: Wo-Chien|0 fnt\n|faint|p1a: Wo-Chien\n|\n|upkeep\n|\n|t:|1783556738\n|switch|p1a: Flareon|Flareon, L90, M|100/100\n|turn|4\n|inactive|Time left: 300 sec this turn | 300 sec total\n|\n|t:|1783556739\n|switch|p2a: Overqwil|Overqwil, L82, F|274/274\n|-ability|p2a: Overqwil|Intimidate|boost\n|-unboost|p1a: Flareon|atk|1\n|move|p1a: Flareon|Trailblaze|p2a: Overqwil\n|-resisted|p2a: Overqwil\n|-damage|p2a: Overqwil|257/274\n|-boost|p1a: Flareon|spe|1\n|\n|-status|p1a: Flareon|tox|[from] item: Toxic Orb\n|upkeep\n|turn|5\n|inactive|Time left: 300 sec this turn | 300 sec total\n|\n|t:|1783556740\n|move|p1a: Flareon|Will-O-Wisp|p2a: Overqwil\n|-status|p2a: Overqwil|brn\n|move|p2a: Overqwil|Gunk Shot|p1a: Flareon|[miss]\n|-miss|p2a: Overqwil|p1a: Flareon\n|\n|-damage|p1a: Flareon|94/100 tox|[from] psn\n|-damage|p2a: Overqwil|240/274 brn|[from] brn\n|upkeep\n|turn|6\n|inactive|Time left: 300 sec this turn | 300 sec total\n|\n|t:|1783556741\n|move|p1a: Flareon|Facade|p2a: Overqwil\n|-damage|p2a: Overqwil|96/274 brn\n|move|p2a: Overqwil|Swords Dance|p2a: Overqwil\n|-boost|p2a: Overqwil|atk|2\n|\n|-damage|p1a: Flareon|82/100 tox|[from] psn\n|-damage|p2a: Overqwil|79/274 brn|[from] brn\n|upkeep\n|turn|7\n|inactive|Time left: 300 sec this turn | 300 sec total\n|\n|t:|1783556742\n|move|p1a: Flareon|Facade|p2a: Overqwil\n|-damage|p2a: Overqwil|0 fnt\n|faint|p2a: Overqwil\n|\n|-damage|p1a: Flareon|64/100 tox|[from] psn\n|upkeep\n|inactive|Time left: 300 sec this turn | 300 sec total | 5 sec grace\n|\n|t:|1783556743\n|switch|p2a: Baxcalibur|Baxcalibur, L75, M|296/296\n|turn|8\n|inactive|Time left: 300 sec this turn | 300 sec total\n|\n|t:|1783556744\n|switch|p1a: Dachsbun|Dachsbun, L92, F|100/100\n|move|p2a: Baxcalibur|Dragon Dance|p2a: Baxcalibur\n|-boost|p2a: Baxcalibur|atk|1\n|-boost|p2a: Baxcalibur|spe|1\n|\n|upkeep\n|turn|9\n|inactive|Time left: 300 sec this turn | 300 sec total\n|\n|t:|1783556745\n|move|p2a: Baxcalibur|Icicle Crash|p1a: Dachsbun|[miss]\n|-miss|p2a: Baxcalibur|p1a: Dachsbun\n|move|p1a: Dachsbun|Play Rough|p2a: Baxcalibur\n|-supereffective|p2a: Baxcalibur\n|-damage|p2a: Baxcalibur|72/296\n|\n|upkeep\n|turn|10\n|inactive|Time left: 300 sec this turn | 300 sec total\n|\n|t:|1783556746\n|move|p2a: Baxcalibur|Icicle Crash|p1a: Dachsbun\n|-damage|p1a: Dachsbun|58/100\n|cant|p1a: Dachsbun|flinch\n|\n|-heal|p1a: Dachsbun|63/100|[from] item: Leftovers\n|upkeep\n|turn|11\n|inactive|Time left: 300 sec this turn | 300 sec total\n|\n|t:|1783556747\n|move|p2a: Baxcalibur|Icicle Crash|p1a: Dachsbun\n|-damage|p1a: Dachsbun|16/100\n|move|p1a: Dachsbun|Play Rough|p2a: Baxcalibur\n|-supereffective|p2a: Baxcalibur\n|-damage|p2a: Baxcalibur|0 fnt\n|faint|p2a: Baxcalibur\n|\n|-heal|p1a: Dachsbun|22/100|[from] item: Leftovers\n|upkeep\n|inactive|Time left: 300 sec this turn | 300 sec total | 5 sec grace\n|\n|t:|1783556749\n|switch|p2a: Enamorus|Enamorus, L79, F|247/247\n|turn|12\n|inactive|Time left: 300 sec this turn | 300 sec total\n|\n|t:|1783556750\n|move|p1a: Dachsbun|Play Rough|p2a: Enamorus\n|-damage|p2a: Enamorus|123/247\n|move|p2a: Enamorus|Moonblast|p1a: Dachsbun\n|-damage|p1a: Dachsbun|0 fnt\n|faint|p1a: Dachsbun\n|\n|-heal|p2a: Enamorus|138/247|[from] item: Leftovers\n|upkeep\n|\n|t:|1783556751\n|switch|p1a: Medicham|Medicham, L86, F|100/100\n|turn|13\n|inactive|Time left: 300 sec this turn | 300 sec total\n|\n|t:|1783556752\n|-terastallize|p2a: Enamorus|Ground\n|move|p1a: Medicham|Zen Headbutt|p2a: Enamorus\n|-damage|p2a: Enamorus|0 fnt\n|faint|p2a: Enamorus\n|\n|upkeep\n|inactive|Time left: 300 sec this turn | 300 sec total | 5 sec grace\n|\n|t:|1783556753\n|switch|p2a: Dachsbun|Dachsbun, L92, M|254/254\n|turn|14\n|inactive|Time left: 300 sec this turn | 300 sec total\n|\n|t:|1783556754\n|switch|p1a: Duraludon|Duraludon, L82, F|100/100\n|move|p2a: Dachsbun|Play Rough|p1a: Duraludon\n|-damage|p1a: Duraludon|78/100\n|\n|upkeep\n|turn|15\n|inactive|Time left: 300 sec this turn | 300 sec total\n|\n|t:|1783556755\n|move|p2a: Dachsbun|Play Rough|p1a: Duraludon\n|-damage|p1a: Duraludon|56/100\n|move|p1a: Duraludon|Flash Cannon|p2a: Dachsbun\n|-supereffective|p2a: Dachsbun\n|-damage|p2a: Dachsbun|78/254\n|\n|-heal|p2a: Dachsbun|93/254|[from] item: Leftovers\n|upkeep\n|turn|16\n|inactive|Time left: 300 sec this turn | 300 sec total\n|\n|t:|1783556756\n|move|p2a: Dachsbun|Wish|p2a: Dachsbun\n|move|p1a: Duraludon|Flash Cannon|p2a: Dachsbun\n|-supereffective|p2a: Dachsbun\n|-damage|p2a: Dachsbun|0 fnt\n|faint|p2a: Dachsbun\n|\n|upkeep\n|inactive|Time left: 300 sec this turn | 300 sec total | 5 sec grace\n|\n|t:|1783556757\n|switch|p2a: Passimian|Passimian, L83, F|302/302\n|turn|17\n|inactive|Time left: 300 sec this turn | 300 sec total\n|\n|t:|1783556758\n|move|p1a: Duraludon|Body Press|p2a: Passimian\n|-damage|p2a: Passimian|238/302\n|move|p2a: Passimian|Bulk Up|p2a: Passimian\n|-boost|p2a: Passimian|atk|1\n|-boost|p2a: Passimian|def|1\n|\n|-heal|p2a: Passimian|302/302|[from] move: Wish|[wisher] Dachsbun\n|upkeep\n|turn|18\n|inactive|Time left: 300 sec this turn | 300 sec total\n|\n|t:|1783556759\n|-terastallize|p1a: Duraludon|Fighting\n|move|p2a: Passimian|Drain Punch|p1a: Duraludon\n|-damage|p1a: Duraludon|27/100\n|move|p1a: Duraludon|Dragon Tail|p2a: Passimian\n|-damage|p2a: Passimian|257/302\n|drag|p2a: Coalossal|Coalossal, L89, F|24/341\n|\n|upkeep\n|turn|19\n|inactive|Time left: 300 sec this turn | 300 sec total\n|\n|t:|1783556760\n|move|p1a: Duraludon|Flash Cannon|p2a: Coalossal\n|-damage|p2a: Coalossal|0 fnt\n|faint|p2a: Coalossal\n|\n|upkeep\n|inactive|Time left: 300 sec this turn | 300 sec total | 5 sec grace\n|\n|t:|1783556761\n|switch|p2a: Passimian|Passimian, L83, F|257/302\n|turn|20\n|inactive|Time left: 300 sec this turn | 300 sec total\n|\n|t:|1783556762\n|move|p1a: Duraludon|Draco Meteor|p2a: Passimian\n|-damage|p2a: Passimian|43/302\n|-unboost|p1a: Duraludon|spa|2\n|move|p2a: Passimian|Drain Punch|p1a: Duraludon\n|-damage|p1a: Duraludon|6/100\n|-heal|p2a: Passimian|69/302|[from] drain|[of] p1a: Duraludon\n|\n|-heal|p2a: Passimian|87/302|[from] item: Leftovers\n|upkeep\n|turn|21\n|inactive|Time left: 300 sec this turn | 300 sec total\n|\n|t:|1783556764\n|move|p1a: Duraludon|Body Press|p2a: Passimian\n|-damage|p2a: Passimian|0 fnt\n|faint|p2a: Passimian\n|\n|win|p0x151758d1", "uploadtime": 1783556764, "views": 0, "rating": 0, "private": 0, "password": null, "_winner": "p0x151758d1", "_our_name": "p0y151787da"}