{"id": "battle-gen9randombattle-6", "formatid": "gen9randombattle", "format": "[Gen 9] Random Battle", "players": ["p0x006fb37", "p0y0065e70"], "log": "|init|battle\n|title|p0x006fb37 vs. p0y0065e70\n|j|\u2606p0x006fb37\n|j|\u2606p0y0065e70\n|t:|1783539500\n|gametype|singles\n|player|p1|p0x006fb37|102|\n|player|p2|p0y0065e70|2|\n|gen|9\n|tier|[Gen 9] Random Battle\n|rule|Species Clause: Limit one of each Pok\u00e9mon\n|rule|HP Percentage Mod: HP is shown in percentages\n|rule|Sleep Clause Mod: Limit one foe put to sleep\n|rule|Illusion Level Mod: Illusion disguises the Pok\u00e9mon's true level\n|\n|t:|1783539500\n|teamsize|p1|6\n|teamsize|p2|6\n|start\n|switch|p1a: Articuno|Articuno, L86|295/295\n|switch|p2a: Bellibolt|Bellibolt, L84, M|100/100\n|-ability|p1a: Articuno|Pressure\n|turn|1\n|inactive|Battle timer is ON: inactive players will automatically lose when time's up. (requested by p0y0065e70)\n|inactive|Time left: 300 sec this turn | 300 sec total | 60 sec grace\n|inactive|p0x006fb37 also wants the timer to be on.\n|\n|t:|1783539501\n|move|p1a: Articuno|Freeze-Dry|p2a: Bellibolt\n|-damage|p2a: Bellibolt|74/100\n|-start|p2a: Bellibolt|Charge|Freeze-Dry|[from] ability: Electromorphosis\n|move|p2a: Bellibolt|Thunderbolt|p1a: Articuno\n|-supereffective|p1a: Articuno\n|-damage|p1a: Articuno|5/295\n|-status|p1a: Articuno|par\n|-end|p2a: Bellibolt|Charge|[silent]\n|\n|-heal|p2a: Bellibolt|80/100|[from] item: Leftovers\n|upkeep\n|turn|2\n|inactive|Time left: 300 sec this turn | 300 sec total\n|\n|t:|1783539502\n|move|p2a: Bellibolt|Thunderbolt|p1a: Articuno\n|-supereffective|p1a: Articuno\n|-damage|p1a: Articuno|0 fnt\n|faint|p1a: Articuno\n|\n|-heal|p2a: Bellibolt|87/100|[from] item: Leftovers\n|upkeep\n|inactive|Time left: 300 sec this turn | 300 sec total | 5 sec grace\n|\n|t:|1783539503\n|switch|p1a: Excadrill|Excadrill, L79, M|303/303\n|-ability|p1a: Excadrill|Mold Breaker\n|turn|3\n|inactive|Time left: 300 sec this turn | 300 sec total\n|\n|t:|1783539504\n|move|p1a: Excadrill|Swords Dance|p1a: Excadrill\n|-boost|p1a: Excadrill|atk|2\n|move|p2a: Bellibolt|Muddy Water|p1a: Excadrill|[miss]\n|-miss|p2a: Bellibolt|p1a: Excadrill\n|\n|-heal|p2a: Bellibolt|93/100|[from] item: Leftovers\n|upkeep\n|turn|4\n|inactive|Time left: 300 sec this turn | 300 sec total\n|\n|t:|1783539505\n|switch|p2a: Phione|Phione, L91|100/100\n|move|p1a: Excadrill|Earthquake|p2a: Phione\n|-damage|p2a: Phione|24/100\n|\n|-heal|p2a: Phione|30/100|[from] item: Leftovers\n|upkeep\n|turn|5\n|inactive|Time left: 300 sec this turn | 300 sec total\n|\n|t:|1783539507\n|move|p2a: Phione|Scald|p1a: Excadrill\n|-supereffective|p1a: Excadrill\n|-damage|p1a: Excadrill|73/303\n|-status|p1a: Excadrill|brn\n|move|p1a: Excadrill|Earthquake|p2a: Phione\n|-damage|p2a: Phione|0 fnt\n|faint|p2a: Phione\n|\n|-heal|p1a: Excadrill|91/303 brn|[from] item: Leftovers\n|-damage|p1a: Excadrill|73/303 brn|[from] brn\n|upkeep\n|\n|t:|1783539508\n|switch|p2a: Iron Moth|Iron Moth, L78|100/100\n|turn|6\n|inactive|Time left: 300 sec this turn | 300 sec total\n|\n|t:|1783539509\n|move|p2a: Iron Moth|Fiery Dance|p1a: Excadrill\n|-supereffective|p1a: Excadrill\n|-damage|p1a: Excadrill|0 fnt\n|-boost|p2a: Iron Moth|spa|1\n|faint|p1a: Excadrill\n|\n|upkeep\n|inactive|Time left: 300 sec this turn | 300 sec total | 5 sec grace\n|\n|t:|1783539510\n|switch|p1a: Kingdra|Kingdra, L84, M|263/263\n|turn|7\n|inactive|Time left: 300 sec this turn | 300 sec total\n|\n|t:|1783539511\n|move|p2a: Iron Moth|Sludge Wave|p1a: Kingdra\n|-damage|p1a: Kingdra|109/263\n|move|p1a: Kingdra|Dragon Dance|p1a: Kingdra\n|-boost|p1a: Kingdra|atk|1\n|-boost|p1a: Kingdra|spe|1\n|\n|upkeep\n|turn|8\n|inactive|Time left: 300 sec this turn | 300 sec total\n|\n|t:|1783539512\n|-end|p2a: Iron Moth|Quark Drive|[silent]\n|switch|p2a: Armarouge|Armarouge, L80, M|100/100\n|move|p1a: Kingdra|Outrage|p2a: Armarouge\n|-damage|p2a: Armarouge|39/100\n|-ability|p2a: Armarouge|Weak Armor|boost\n|-unboost|p2a: Armarouge|def|1\n|-boost|p2a: Armarouge|spe|2\n|\n|upkeep\n|turn|9\n|inactive|Time left: 300 sec this turn | 300 sec total\n|\n|t:|1783539513\n|move|p2a: Armarouge|Meteor Beam||[still]\n|-prepare|p2a: Armarouge|Meteor Beam\n|-boost|p2a: Armarouge|spa|1\n|-enditem|p2a: Armarouge|Power Herb\n|-anim|p2a: Armarouge|Meteor Beam|p1a: Kingdra\n|-damage|p1a: Kingdra|0 fnt\n|faint|p1a: Kingdra\n|\n|upkeep\n|inactive|Time left: 300 sec this turn | 300 sec total | 5 sec grace\n|\n|t:|1783539514\n|switch|p1a: Groudon|Groudon, L72|263/263\n|-weather|SunnyDay|[from] ability: Drought|[of] p1a: Groudon\n|turn|10\n|inactive|Time left: 300 sec this turn | 300 sec total\n|\n|t:|1783539515\n|-terastallize|p1a: Groudon|Fire\n|move|p2a: Armarouge|Armor Cannon|p1a: Groudon\n|-resisted|p1a: Groudon\n|-damage|p1a: Groudon|89/263\n|-unboost|p2a: Armarouge|def|1\n|-unboost|p2a: Armarouge|spd|1\n|move|p1a: Groudon|Heat Crash|p2a: Armarouge\n|-resisted|p2a: Armarouge\n|-damage|p2a: Armarouge|0 fnt\n|faint|p2a: Armarouge\n|\n|-weather|SunnyDay|[upkeep]\n|-heal|p1a: Groudon|105/263|[from] item: Leftovers\n|upkeep\n|\n|t:|1783539517\n|switch|p2a: Oinkologne|Oinkologne, L92, M|100/100\n|turn|11\n|inactive|Time left: 300 sec this turn | 300 sec total\n|\n|t:|1783539518\n|move|p1a: Groudon|Will-O-Wisp|p2a: Oinkologne\n|-status|p2a: Oinkologne|brn\n|move|p2a: Oinkologne|Double-Edge|p1a: Groudon\n|-damage|p1a: Groudon|40/263\n|-damage|p2a: Oinkologne|95/100 brn|[from] Recoil\n|\n|-weather|SunnyDay|[upkeep]\n|-heal|p2a: Oinkologne|100/100 brn|[from] item: Leftovers\n|-heal|p1a: Groudon|56/263|[from] item: Leftovers\n|-damage|p2a: Oinkologne|94/100 brn|[from] brn\n|upkeep\n|turn|12\n|inactive|Time left: 300 sec this turn | 300 sec total\n|\n|t:|1783539519\n|switch|p1a: Overqwil|Overqwil, L82, F|274/274\n|-ability|p1a: Overqwil|Intimidate|boost\n|-unboost|p2a: Oinkologne|atk|1\n|move|p2a: Oinkologne|Double-Edge|p1a: Overqwil\n|-damage|p1a: Overqwil|220/274\n|-damage|p2a: Oinkologne|89/100 brn|[from] Recoil\n|\n|-weather|SunnyDay|[upkeep]\n|-heal|p2a: Oinkologne|95/100 brn|[from] item: Leftovers\n|-damage|p2a: Oinkologne|89/100 brn|[from] brn\n|upkeep\n|turn|13\n|inactive|Time left: 300 sec this turn | 300 sec total\n|\n|t:|1783539520\n|switch|p2a: Iron Moth|Iron Moth, L78|100/100\n|move|p1a: Overqwil|Swords Dance|p1a: Overqwil\n|-boost|p1a: Overqwil|atk|2\n|\n|-weather|SunnyDay|[upkeep]\n|upkeep\n|turn|14\n|inactive|Time left: 300 sec this turn | 300 sec total\n|\n|t:|1783539521\n|-terastallize|p2a: Iron Moth|Fire\n|move|p2a: Iron Moth|Fiery Dance|p1a: Overqwil\n|-damage|p1a: Overqwil|0 fnt\n|-boost|p2a: Iron Moth|spa|1\n|faint|p1a: Overqwil\n|\n|-weather|none\n|upkeep\n|inactive|Time left: 300 sec this turn | 300 sec total | 5 sec grace\n|\n|t:|1783539522\n|switch|p1a: Comfey|Comfey, L85, M|225/225\n|turn|15\n|inactive|Time left: 300 sec this turn | 300 sec total\n|\n|t:|1783539523\n|move|p1a: Comfey|Calm Mind|p1a: Comfey\n|-boost|p1a: Comfey|spa|1\n|-boost|p1a: Comfey|spd|1\n|move|p2a: Iron Moth|Sludge Wave|p1a: Comfey\n|-supereffective|p1a: Comfey\n|-damage|p1a: Comfey|25/225\n|\n|-heal|p1a: Comfey|39/225|[from] item: Leftovers\n|upkeep\n|turn|16\n|inactive|Time left: 300 sec this turn | 300 sec total\n|\n|t:|1783539524\n|move|p1a: Comfey|Tera Blast|p2a: Iron Moth\n|-damage|p2a: Iron Moth|74/100\n|move|p2a: Iron Moth|Sludge Wave|p1a: Comfey\n|-supereffective|p1a: Comfey\n|-damage|p1a: Comfey|0 fnt\n|faint|p1a: Comfey\n|\n|upkeep\n|inactive|Time left: 300 sec this turn | 300 sec total | 5 sec grace\n|\n|t:|1783539525\n|switch|p1a: Groudon|Groudon, L72, tera:Fire|56/263\n|-weather|SunnyDay|[from] ability: Drought|[of] p1a: Groudon\n|turn|17\n|inactive|Time left: 300 sec this turn | 300 sec total\n|\n|t:|1783539526\n|move|p2a: Iron Moth|Fiery Dance|p1a: Groudon\n|-resisted|p1a: Groudon\n|-damage|p1a: Groudon|0 fnt\n|-boost|p2a: Iron Moth|spa|1\n|faint|p1a: Groudon\n|\n|win|p0y0065e70", "uploadtime": 1783539526, "views": 0, "rating": 0, "private": 0, "password": null, "_winner": "p0y0065e70", "_our_name": "p0x006fb37"}