{"id": "battle-gen9randombattle-560", "formatid": "gen9randombattle", "format": "[Gen 9] Random Battle", "players": ["p0x5604e55", "p0y5604199"], "log": "|init|battle\n|title|p0x5604e55 vs. p0y5604199\n|j|\u2606p0x5604e55\n|j|\u2606p0y5604199\n|t:|1783546271\n|gametype|singles\n|player|p1|p0x5604e55|170|\n|player|p2|p0y5604199|102|\n|gen|9\n|tier|[Gen 9] Random Battle\n|rule|Species Clause: Limit one of each Pok\u00e9mon\n|rule|HP Percentage Mod: HP is shown in percentages\n|rule|Sleep Clause Mod: Limit one foe put to sleep\n|rule|Illusion Level Mod: Illusion disguises the Pok\u00e9mon's true level\n|\n|t:|1783546271\n|teamsize|p1|6\n|teamsize|p2|6\n|start\n|switch|p1a: Iron Hands|Iron Hands, L79|373/373\n|switch|p2a: Manaphy|Manaphy, L78|100/100\n|turn|1\n|inactive|Battle timer is ON: inactive players will automatically lose when time's up. (requested by p0y5604199)\n|inactive|Time left: 300 sec this turn | 300 sec total | 60 sec grace\n|inactive|p0x5604e55 also wants the timer to be on.\n|\n|t:|1783546273\n|move|p2a: Manaphy|Tail Glow|p2a: Manaphy\n|-boost|p2a: Manaphy|spa|3\n|move|p1a: Iron Hands|Thunder Punch|p2a: Manaphy\n|-supereffective|p2a: Manaphy\n|-damage|p2a: Manaphy|33/100\n|-status|p2a: Manaphy|par\n|\n|-heal|p2a: Manaphy|39/100 par|[from] item: Leftovers\n|upkeep\n|turn|2\n|inactive|Time left: 300 sec this turn | 300 sec total\n|\n|t:|1783546274\n|move|p1a: Iron Hands|Close Combat|p2a: Manaphy\n|-damage|p2a: Manaphy|0 fnt\n|-unboost|p1a: Iron Hands|def|1\n|-unboost|p1a: Iron Hands|spd|1\n|faint|p2a: Manaphy\n|\n|upkeep\n|\n|t:|1783546275\n|switch|p2a: Clodsire|Clodsire, L81, F|100/100\n|turn|3\n|inactive|Time left: 300 sec this turn | 300 sec total\n|\n|t:|1783546276\n|-end|p1a: Iron Hands|Quark Drive|[silent]\n|switch|p1a: Palossand|Palossand, L89, M|296/296\n|move|p2a: Clodsire|Stealth Rock|p1a: Palossand\n|-sidestart|p1: p0x5604e55|move: Stealth Rock\n|\n|upkeep\n|turn|4\n|inactive|Time left: 300 sec this turn | 300 sec total\n|\n|t:|1783546277\n|switch|p2a: Ting-Lu|Ting-Lu, L78|100/100\n|-ability|p2a: Ting-Lu|Vessel of Ruin\n|move|p1a: Palossand|Earth Power|p2a: Ting-Lu\n|-crit|p2a: Ting-Lu\n|-damage|p2a: Ting-Lu|65/100\n|-unboost|p2a: Ting-Lu|spd|1\n|\n|-heal|p2a: Ting-Lu|71/100|[from] item: Leftovers\n|upkeep\n|turn|5\n|inactive|Time left: 300 sec this turn | 300 sec total\n|\n|t:|1783546279\n|move|p2a: Ting-Lu|Spikes|p1a: Palossand\n|-sidestart|p1: p0x5604e55|Spikes\n|move|p1a: Palossand|Earth Power|p2a: Ting-Lu\n|-damage|p2a: Ting-Lu|32/100\n|\n|-heal|p2a: Ting-Lu|38/100|[from] item: Leftovers\n|upkeep\n|turn|6\n|inactive|Time left: 300 sec this turn | 300 sec total\n|\n|t:|1783546280\n|move|p2a: Ting-Lu|Spikes|p1a: Palossand\n|-sidestart|p1: p0x5604e55|Spikes\n|move|p1a: Palossand|Earth Power|p2a: Ting-Lu\n|-damage|p2a: Ting-Lu|0 fnt\n|faint|p2a: Ting-Lu\n|\n|upkeep\n|\n|t:|1783546281\n|switch|p2a: Hitmonlee|Hitmonlee, L85, M|100/100\n|turn|7\n|inactive|Time left: 300 sec this turn | 300 sec total\n|\n|t:|1783546282\n|move|p2a: Hitmonlee|Swords Dance|p2a: Hitmonlee\n|-boost|p2a: Hitmonlee|atk|2\n|move|p1a: Palossand|Earth Power|p2a: Hitmonlee\n|-damage|p2a: Hitmonlee|58/100\n|\n|upkeep\n|turn|8\n|inactive|Time left: 300 sec this turn | 300 sec total\n|\n|t:|1783546283\n|-terastallize|p2a: Hitmonlee|Dark\n|move|p2a: Hitmonlee|Knock Off|p1a: Palossand\n|-supereffective|p1a: Palossand\n|-damage|p1a: Palossand|0 fnt\n|-enditem|p1a: Palossand|Leftovers|[from] move: Knock Off|[of] p2a: Hitmonlee\n|faint|p1a: Palossand\n|\n|upkeep\n|inactive|Time left: 300 sec this turn | 300 sec total | 5 sec grace\n|\n|t:|1783546284\n|switch|p1a: Delibird|Delibird, M|252/252\n|turn|9\n|inactive|Time left: 300 sec this turn | 300 sec total\n|\n|t:|1783546285\n|move|p1a: Delibird|Ice Spinner|p2a: Hitmonlee\n|-damage|p2a: Hitmonlee|0 fnt\n|faint|p2a: Hitmonlee\n|\n|upkeep\n|\n|t:|1783546286\n|switch|p2a: Mimikyu|Mimikyu, L79, M|100/100\n|turn|10\n|inactive|Time left: 300 sec this turn | 300 sec total\n|\n|t:|1783546287\n|move|p1a: Delibird|Brave Bird|p2a: Mimikyu\n|-activate|p2a: Mimikyu|ability: Disguise\n|-damage|p2a: Mimikyu|100/100\n|detailschange|p2a: Mimikyu|Mimikyu-Busted, L79, M\n|-damage|p2a: Mimikyu|88/100|[from] pokemon: Mimikyu-Busted\n|move|p2a: Mimikyu|Play Rough|p1a: Delibird\n|-damage|p1a: Delibird|106/252\n|-damage|p2a: Mimikyu|78/100|[from] item: Life Orb\n|\n|upkeep\n|turn|11\n|inactive|Time left: 300 sec this turn | 300 sec total\n|\n|t:|1783546288\n|move|p1a: Delibird|Brave Bird|p2a: Mimikyu|[miss]\n|-miss|p1a: Delibird|p2a: Mimikyu\n|move|p2a: Mimikyu|Play Rough|p1a: Delibird\n|-damage|p1a: Delibird|0 fnt\n|faint|p1a: Delibird\n|-damage|p2a: Mimikyu|69/100|[from] item: Life Orb\n|\n|upkeep\n|inactive|Time left: 300 sec this turn | 300 sec total | 5 sec grace\n|\n|t:|1783546289\n|switch|p1a: Ting-Lu|Ting-Lu, L78|370/370\n|-damage|p1a: Ting-Lu|347/370|[from] Stealth Rock\n|-damage|p1a: Ting-Lu|286/370|[from] Spikes\n|-ability|p1a: Ting-Lu|Vessel of Ruin\n|turn|12\n|inactive|Time left: 300 sec this turn | 300 sec total\n|\n|t:|1783546290\n|move|p2a: Mimikyu|Play Rough|p1a: Ting-Lu|[miss]\n|-miss|p2a: Mimikyu|p1a: Ting-Lu\n|move|p1a: Ting-Lu|Heavy Slam|p2a: Mimikyu\n|-supereffective|p2a: Mimikyu\n|-damage|p2a: Mimikyu|0 fnt\n|faint|p2a: Mimikyu\n|\n|-heal|p1a: Ting-Lu|309/370|[from] item: Leftovers\n|upkeep\n|\n|t:|1783546291\n|switch|p2a: Whimsicott|Whimsicott, L84, F|100/100\n|turn|13\n|inactive|Time left: 300 sec this turn | 300 sec total\n|\n|t:|1783546292\n|move|p2a: Whimsicott|Moonblast|p1a: Ting-Lu\n|-supereffective|p1a: Ting-Lu\n|-damage|p1a: Ting-Lu|153/370\n|move|p1a: Ting-Lu|Heavy Slam|p2a: Whimsicott\n|-supereffective|p2a: Whimsicott\n|-damage|p2a: Whimsicott|33/100\n|\n|-heal|p2a: Whimsicott|39/100|[from] item: Leftovers\n|-heal|p1a: Ting-Lu|176/370|[from] item: Leftovers\n|upkeep\n|turn|14\n|inactive|Time left: 300 sec this turn | 300 sec total\n|\n|t:|1783546293\n|move|p2a: Whimsicott|Moonblast|p1a: Ting-Lu\n|-supereffective|p1a: Ting-Lu\n|-damage|p1a: Ting-Lu|18/370\n|move|p1a: Ting-Lu|Heavy Slam|p2a: Whimsicott\n|-supereffective|p2a: Whimsicott\n|-damage|p2a: Whimsicott|0 fnt\n|faint|p2a: Whimsicott\n|\n|-heal|p1a: Ting-Lu|41/370|[from] item: Leftovers\n|upkeep\n|\n|t:|1783546294\n|switch|p2a: Clodsire|Clodsire, L81, F|100/100\n|turn|15\n|inactive|Time left: 300 sec this turn | 300 sec total\n|\n|t:|1783546295\n|move|p1a: Ting-Lu|Earthquake|p2a: Clodsire\n|-supereffective|p2a: Clodsire\n|-damage|p2a: Clodsire|16/100\n|move|p2a: Clodsire|Poison Jab|p1a: Ting-Lu\n|-resisted|p1a: Ting-Lu\n|-damage|p1a: Ting-Lu|12/370\n|\n|-heal|p1a: Ting-Lu|35/370|[from] item: Leftovers\n|-heal|p2a: Clodsire|22/100|[from] item: Leftovers\n|upkeep\n|turn|16\n|inactive|Time left: 300 sec this turn | 300 sec total\n|\n|t:|1783546296\n|move|p1a: Ting-Lu|Earthquake|p2a: Clodsire\n|-supereffective|p2a: Clodsire\n|-crit|p2a: Clodsire\n|-damage|p2a: Clodsire|0 fnt\n|faint|p2a: Clodsire\n|\n|win|p0x5604e55", "uploadtime": 1783546296, "views": 0, "rating": 0, "private": 0, "password": null, "_winner": "p0x5604e55", "_our_name": "p0x5604e55"}