{"id": "battle-gen9randombattle-661", "formatid": "gen9randombattle", "format": "[Gen 9] Random Battle", "players": ["p0x661e5ad", "p0y661c96d"], "log": "|init|battle\n|title|p0x661e5ad vs. p0y661c96d\n|j|\u2606p0x661e5ad\n|j|\u2606p0y661c96d\n|t:|1783546786\n|gametype|singles\n|player|p1|p0x661e5ad|101|\n|player|p2|p0y661c96d|1|\n|gen|9\n|tier|[Gen 9] Random Battle\n|rule|Species Clause: Limit one of each Pok\u00e9mon\n|rule|HP Percentage Mod: HP is shown in percentages\n|rule|Sleep Clause Mod: Limit one foe put to sleep\n|rule|Illusion Level Mod: Illusion disguises the Pok\u00e9mon's true level\n|\n|t:|1783546786\n|teamsize|p1|6\n|teamsize|p2|6\n|start\n|switch|p1a: Greninja|Greninja, L80, M|246/246\n|switch|p2a: Chesnaught|Chesnaught, L84, F|100/100\n|turn|1\n|inactive|Battle timer is ON: inactive players will automatically lose when time's up. (requested by p0y661c96d)\n|inactive|Time left: 300 sec this turn | 300 sec total | 60 sec grace\n|inactive|p0x661e5ad also wants the timer to be on.\n|\n|t:|1783546787\n|move|p1a: Greninja|Ice Beam|p2a: Chesnaught\n|-start|p1a: Greninja|typechange|Ice|[from] ability: Protean\n|-supereffective|p2a: Chesnaught\n|-damage|p2a: Chesnaught|9/100\n|-damage|p1a: Greninja|222/246|[from] item: Life Orb\n|move|p2a: Chesnaught|Wood Hammer|p1a: Greninja\n|-damage|p1a: Greninja|38/246\n|-damage|p2a: Chesnaught|0 fnt|[from] Recoil\n|faint|p2a: Chesnaught\n|\n|upkeep\n|\n|t:|1783546789\n|switch|p2a: Baxcalibur|Baxcalibur, L75, F|100/100\n|turn|2\n|inactive|Time left: 300 sec this turn | 300 sec total\n|\n|t:|1783546790\n|move|p1a: Greninja|Ice Beam|p2a: Baxcalibur\n|-damage|p2a: Baxcalibur|51/100\n|-damage|p1a: Greninja|14/246|[from] item: Life Orb\n|move|p2a: Baxcalibur|Dragon Dance|p2a: Baxcalibur\n|-boost|p2a: Baxcalibur|atk|1\n|-boost|p2a: Baxcalibur|spe|1\n|\n|upkeep\n|turn|3\n|inactive|Time left: 300 sec this turn | 300 sec total\n|\n|t:|1783546791\n|move|p2a: Baxcalibur|Glaive Rush|p1a: Greninja\n|-damage|p1a: Greninja|0 fnt\n|-singlemove|p2a: Baxcalibur|Glaive Rush|[silent]\n|faint|p1a: Greninja\n|\n|upkeep\n|inactive|Time left: 300 sec this turn | 300 sec total | 5 sec grace\n|\n|t:|1783546792\n|switch|p1a: Spiritomb|Spiritomb, L89, M|234/234\n|turn|4\n|inactive|Time left: 300 sec this turn | 300 sec total\n|\n|t:|1783546793\n|-terastallize|p2a: Baxcalibur|Dragon\n|move|p2a: Baxcalibur|Glaive Rush|p1a: Spiritomb\n|-damage|p1a: Spiritomb|0 fnt\n|-singlemove|p2a: Baxcalibur|Glaive Rush|[silent]\n|faint|p1a: Spiritomb\n|\n|upkeep\n|inactive|Time left: 300 sec this turn | 300 sec total | 5 sec grace\n|\n|t:|1783546794\n|switch|p1a: Vileplume|Vileplume, L85, M|266/266\n|turn|5\n|inactive|Time left: 300 sec this turn | 300 sec total\n|\n|t:|1783546796\n|-terastallize|p1a: Vileplume|Steel\n|move|p2a: Baxcalibur|Glaive Rush|p1a: Vileplume\n|-resisted|p1a: Vileplume\n|-damage|p1a: Vileplume|111/266\n|-singlemove|p2a: Baxcalibur|Glaive Rush|[silent]\n|-status|p2a: Baxcalibur|psn|[from] ability: Effect Spore|[of] p1a: Vileplume\n|move|p1a: Vileplume|Sludge Bomb|p2a: Baxcalibur\n|-damage|p2a: Baxcalibur|0 fnt\n|faint|p2a: Baxcalibur\n|\n|-heal|p1a: Vileplume|127/266|[from] item: Leftovers\n|upkeep\n|\n|t:|1783546797\n|switch|p2a: Solgaleo|Solgaleo, L74|100/100\n|turn|6\n|inactive|Time left: 300 sec this turn | 300 sec total\n|\n|t:|1783546798\n|switch|p1a: Gliscor|Gliscor, L76, M|239/239\n|move|p2a: Solgaleo|Earthquake|p1a: Gliscor\n|-immune|p1a: Gliscor\n|\n|-status|p1a: Gliscor|tox|[from] item: Toxic Orb\n|upkeep\n|turn|7\n|inactive|Time left: 300 sec this turn | 300 sec total\n|\n|t:|1783546799\n|switch|p2a: Mightyena|Mightyena, L96, M|100/100\n|-ability|p2a: Mightyena|Intimidate|boost\n|-unboost|p1a: Gliscor|atk|1\n|move|p1a: Gliscor|Earthquake|p2a: Mightyena\n|-damage|p2a: Mightyena|79/100\n|\n|upkeep\n|turn|8\n|inactive|Time left: 300 sec this turn | 300 sec total\n|\n|t:|1783546800\n|move|p2a: Mightyena|Super Fang|p1a: Gliscor\n|-damage|p1a: Gliscor|120/239 tox\n|move|p1a: Gliscor|Toxic|p2a: Mightyena\n|-status|p2a: Mightyena|tox\n|\n|-damage|p2a: Mightyena|73/100 tox|[from] psn\n|-heal|p1a: Gliscor|149/239 tox|[from] ability: Poison Heal\n|upkeep\n|turn|9\n|inactive|Time left: 300 sec this turn | 300 sec total\n|\n|t:|1783546801\n|switch|p2a: Torkoal|Torkoal, L88, F|100/100\n|-weather|SunnyDay|[from] ability: Drought|[of] p2a: Torkoal\n|move|p1a: Gliscor|Earthquake|p2a: Torkoal\n|-supereffective|p2a: Torkoal\n|-damage|p2a: Torkoal|73/100\n|\n|-weather|SunnyDay|[upkeep]\n|-heal|p1a: Gliscor|178/239 tox|[from] ability: Poison Heal\n|upkeep\n|turn|10\n|inactive|Time left: 300 sec this turn | 300 sec total\n|\n|t:|1783546803\n|move|p1a: Gliscor|Protect|p1a: Gliscor\n|-singleturn|p1a: Gliscor|Protect\n|move|p2a: Torkoal|Lava Plume|p1a: Gliscor\n|-activate|p1a: Gliscor|move: Protect\n|\n|-weather|SunnyDay|[upkeep]\n|-heal|p1a: Gliscor|207/239 tox|[from] ability: Poison Heal\n|upkeep\n|turn|11\n|inactive|Time left: 300 sec this turn | 300 sec total\n|\n|t:|1783546804\n|move|p1a: Gliscor|Toxic|p2a: Torkoal\n|-status|p2a: Torkoal|tox\n|move|p2a: Torkoal|Lava Plume|p1a: Gliscor\n|-damage|p1a: Gliscor|47/239 tox\n|\n|-weather|SunnyDay|[upkeep]\n|-heal|p1a: Gliscor|76/239 tox|[from] ability: Poison Heal\n|-damage|p2a: Torkoal|67/100 tox|[from] psn\n|upkeep\n|turn|12\n|inactive|Time left: 300 sec this turn | 300 sec total\n|\n|t:|1783546805\n|move|p1a: Gliscor|Protect|p1a: Gliscor\n|-singleturn|p1a: Gliscor|Protect\n|move|p2a: Torkoal|Lava Plume|p1a: Gliscor\n|-activate|p1a: Gliscor|move: Protect\n|\n|-weather|SunnyDay|[upkeep]\n|-heal|p1a: Gliscor|105/239 tox|[from] ability: Poison Heal\n|-damage|p2a: Torkoal|55/100 tox|[from] psn\n|upkeep\n|turn|13\n|inactive|Time left: 300 sec this turn | 300 sec total\n|\n|t:|1783546806\n|move|p1a: Gliscor|Substitute|p1a: Gliscor\n|-start|p1a: Gliscor|Substitute\n|-damage|p1a: Gliscor|46/239 tox\n|move|p2a: Torkoal|Lava Plume|p1a: Gliscor\n|-end|p1a: Gliscor|Substitute\n|\n|-weather|none\n|-heal|p1a: Gliscor|75/239 tox|[from] ability: Poison Heal\n|-damage|p2a: Torkoal|37/100 tox|[from] psn\n|upkeep\n|turn|14\n|inactive|Time left: 300 sec this turn | 300 sec total\n|\n|t:|1783546807\n|move|p1a: Gliscor|Protect|p1a: Gliscor\n|-singleturn|p1a: Gliscor|Protect\n|move|p2a: Torkoal|Lava Plume|p1a: Gliscor\n|-activate|p1a: Gliscor|move: Protect\n|\n|-heal|p1a: Gliscor|104/239 tox|[from] ability: Poison Heal\n|-damage|p2a: Torkoal|13/100 tox|[from] psn\n|upkeep\n|turn|15\n|inactive|Time left: 300 sec this turn | 300 sec total\n|\n|t:|1783546808\n|move|p1a: Gliscor|Earthquake|p2a: Torkoal\n|-supereffective|p2a: Torkoal\n|-damage|p2a: Torkoal|0 fnt\n|faint|p2a: Torkoal\n|\n|-heal|p1a: Gliscor|133/239 tox|[from] ability: Poison Heal\n|upkeep\n|\n|t:|1783546809\n|switch|p2a: Solgaleo|Solgaleo, L74|100/100\n|turn|16\n|inactive|Time left: 300 sec this turn | 300 sec total\n|\n|t:|1783546810\n|move|p1a: Gliscor|Earthquake|p2a: Solgaleo\n|-supereffective|p2a: Solgaleo\n|-damage|p2a: Solgaleo|65/100\n|move|p2a: Solgaleo|Sunsteel Strike|p1a: Gliscor\n|-damage|p1a: Gliscor|43/239 tox\n|\n|-heal|p1a: Gliscor|72/239 tox|[from] ability: Poison Heal\n|upkeep\n|turn|17\n|inactive|Time left: 300 sec this turn | 300 sec total\n|\n|t:|1783546812\n|move|p1a: Gliscor|Protect|p1a: Gliscor\n|-singleturn|p1a: Gliscor|Protect\n|move|p2a: Solgaleo|Sunsteel Strike|p1a: Gliscor\n|-activate|p1a: Gliscor|move: Protect\n|\n|-heal|p1a: Gliscor|101/239 tox|[from] ability: Poison Heal\n|upkeep\n|turn|18\n|inactive|Time left: 300 sec this turn | 300 sec total\n|\n|t:|1783546813\n|move|p1a: Gliscor|Earthquake|p2a: Solgaleo\n|-supereffective|p2a: Solgaleo\n|-damage|p2a: Solgaleo|32/100\n|move|p2a: Solgaleo|Morning Sun|p2a: Solgaleo\n|-heal|p2a: Solgaleo|81/100\n|\n|-heal|p1a: Gliscor|130/239 tox|[from] ability: Poison Heal\n|upkeep\n|turn|19\n|inactive|Time left: 300 sec this turn | 300 sec total\n|\n|t:|1783546814\n|move|p1a: Gliscor|Earthquake|p2a: Solgaleo\n|-supereffective|p2a: Solgaleo\n|-damage|p2a: Solgaleo|48/100\n|move|p2a: Solgaleo|Sunsteel Strike|p1a: Gliscor\n|-damage|p1a: Gliscor|42/239 tox\n|\n|-heal|p1a: Gliscor|71/239 tox|[from] ability: Poison Heal\n|upkeep\n|turn|20\n|inactive|Time left: 300 sec this turn | 300 sec total\n|\n|t:|1783546815\n|move|p1a: Gliscor|Earthquake|p2a: Solgaleo\n|-supereffective|p2a: Solgaleo\n|-damage|p2a: Solgaleo|12/100\n|move|p2a: Solgaleo|Morning Sun|p2a: Solgaleo\n|-heal|p2a: Solgaleo|62/100\n|\n|-heal|p1a: Gliscor|100/239 tox|[from] ability: Poison Heal\n|upkeep\n|turn|21\n|inactive|Time left: 300 sec this turn | 300 sec total\n|\n|t:|1783546816\n|move|p1a: Gliscor|Earthquake|p2a: Solgaleo\n|-supereffective|p2a: Solgaleo\n|-damage|p2a: Solgaleo|30/100\n|move|p2a: Solgaleo|Morning Sun|p2a: Solgaleo\n|-heal|p2a: Solgaleo|80/100\n|\n|-heal|p1a: Gliscor|129/239 tox|[from] ability: Poison Heal\n|upkeep\n|turn|22\n|inactive|Time left: 300 sec this turn | 300 sec total\n|\n|t:|1783546817\n|move|p1a: Gliscor|Earthquake|p2a: Solgaleo\n|-supereffective|p2a: Solgaleo\n|-damage|p2a: Solgaleo|43/100\n|move|p2a: Solgaleo|Psychic Fangs|p1a: Gliscor\n|-damage|p1a: Gliscor|50/239 tox\n|\n|-heal|p1a: Gliscor|79/239 tox|[from] ability: Poison Heal\n|upkeep\n|turn|23\n|inactive|Time left: 300 sec this turn | 300 sec total\n|\n|t:|1783546818\n|move|p1a: Gliscor|Earthquake|p2a: Solgaleo\n|-supereffective|p2a: Solgaleo\n|-damage|p2a: Solgaleo|10/100\n|move|p2a: Solgaleo|Morning Sun|p2a: Solgaleo\n|-heal|p2a: Solgaleo|60/100\n|\n|-heal|p1a: Gliscor|108/239 tox|[from] ability: Poison Heal\n|upkeep\n|turn|24\n|inactive|Time left: 300 sec this turn | 300 sec total\n|\n|t:|1783546819\n|move|p1a: Gliscor|Earthquake|p2a: Solgaleo\n|-supereffective|p2a: Solgaleo\n|-damage|p2a: Solgaleo|28/100\n|move|p2a: Solgaleo|Morning Sun|p2a: Solgaleo\n|-heal|p2a: Solgaleo|78/100\n|\n|-heal|p1a: Gliscor|137/239 tox|[from] ability: Poison Heal\n|upkeep\n|turn|25\n|inactive|Time left: 300 sec this turn | 300 sec total\n|\n|t:|1783546821\n|move|p1a: Gliscor|Protect|p1a: Gliscor\n|-singleturn|p1a: Gliscor|Protect\n|move|p2a: Solgaleo|Morning Sun|p2a: Solgaleo\n|-heal|p2a: Solgaleo|100/100\n|\n|-heal|p1a: Gliscor|166/239 tox|[from] ability: Poison Heal\n|upkeep\n|turn|26\n|inactive|Time left: 300 sec this turn | 300 sec total\n|\n|t:|1783546821\n|move|p1a: Gliscor|Earthquake|p2a: Solgaleo\n|-supereffective|p2a: Solgaleo\n|-damage|p2a: Solgaleo|67/100\n|move|p2a: Solgaleo|Sunsteel Strike|p1a: Gliscor\n|-damage|p1a: Gliscor|76/239 tox\n|\n|-heal|p1a: Gliscor|105/239 tox|[from] ability: Poison Heal\n|upkeep\n|turn|27\n|inactive|Time left: 300 sec this turn | 300 sec total\n|\n|t:|1783546822\n|move|p1a: Gliscor|Earthquake|p2a: Solgaleo\n|-supereffective|p2a: Solgaleo\n|-damage|p2a: Solgaleo|33/100\n|move|p2a: Solgaleo|Morning Sun|p2a: Solgaleo\n|-heal|p2a: Solgaleo|83/100\n|\n|-heal|p1a: Gliscor|134/239 tox|[from] ability: Poison Heal\n|upkeep\n|turn|28\n|inactive|Time left: 300 sec this turn | 300 sec total\n|\n|t:|1783546824\n|move|p1a: Gliscor|Protect|p1a: Gliscor\n|-singleturn|p1a: Gliscor|Protect\n|move|p2a: Solgaleo|Morning Sun|p2a: Solgaleo\n|-heal|p2a: Solgaleo|100/100\n|\n|-heal|p1a: Gliscor|163/239 tox|[from] ability: Poison Heal\n|upkeep\n|turn|29\n|inactive|Time left: 300 sec this turn | 300 sec total\n|\n|t:|1783546825\n|move|p1a: Gliscor|Earthquake|p2a: Solgaleo\n|-supereffective|p2a: Solgaleo\n|-damage|p2a: Solgaleo|64/100\n|move|p2a: Solgaleo|Psychic Fangs|p1a: Gliscor\n|-crit|p1a: Gliscor\n|-damage|p1a: Gliscor|40/239 tox\n|\n|-heal|p1a: Gliscor|69/239 tox|[from] ability: Poison Heal\n|upkeep\n|turn|30\n|inactive|Time left: 300 sec this turn | 300 sec total\n|\n|t:|1783546826\n|move|p1a: Gliscor|Protect|p1a: Gliscor\n|-singleturn|p1a: Gliscor|Protect\n|move|p2a: Solgaleo|Sunsteel Strike|p1a: Gliscor\n|-activate|p1a: Gliscor|move: Protect\n|\n|-heal|p1a: Gliscor|98/239 tox|[from] ability: Poison Heal\n|upkeep\n|turn|31\n|inactive|Time left: 300 sec this turn | 300 sec total\n|\n|t:|1783546827\n|move|p1a: Gliscor|Earthquake|p2a: Solgaleo\n|-supereffective|p2a: Solgaleo\n|-damage|p2a: Solgaleo|30/100\n|move|p2a: Solgaleo|Sunsteel Strike|p1a: Gliscor\n|-damage|p1a: Gliscor|10/239 tox\n|\n|-heal|p1a: Gliscor|39/239 tox|[from] ability: Poison Heal\n|upkeep\n|turn|32\n|inactive|Time left: 300 sec this turn | 300 sec total\n|\n|t:|1783546828\n|switch|p2a: Mightyena|Mightyena, L96, M|73/100 tox\n|-ability|p2a: Mightyena|Intimidate|boost\n|-unboost|p1a: Gliscor|atk|1\n|move|p1a: Gliscor|Earthquake|p2a: Mightyena\n|-damage|p2a: Mightyena|58/100 tox\n|\n|-damage|p2a: Mightyena|52/100 tox|[from] psn\n|-heal|p1a: Gliscor|68/239 tox|[from] ability: Poison Heal\n|upkeep\n|turn|33\n|inactive|Time left: 300 sec this turn | 300 sec total\n|\n|t:|1783546829\n|switch|p2a: Solgaleo|Solgaleo, L74|30/100\n|switch|p1a: Vileplume|Vileplume, L85, M, tera:Steel|127/266\n|\n|-heal|p1a: Vileplume|143/266|[from] item: Leftovers\n|upkeep\n|turn|34\n|inactive|Time left: 300 sec this turn | 300 sec total\n|\n|t:|1783546830\n|switch|p1a: Gliscor|Gliscor, L76, M|68/239 tox\n|move|p2a: Solgaleo|Earthquake|p1a: Gliscor\n|-immune|p1a: Gliscor\n|\n|-heal|p1a: Gliscor|97/239 tox|[from] ability: Poison Heal\n|upkeep\n|turn|35\n|inactive|Time left: 300 sec this turn | 300 sec total\n|\n|t:|1783546831\n|move|p1a: Gliscor|Protect|p1a: Gliscor\n|-singleturn|p1a: Gliscor|Protect\n|move|p2a: Solgaleo|Psychic Fangs|p1a: Gliscor\n|-activate|p1a: Gliscor|move: Protect\n|\n|-heal|p1a: Gliscor|126/239 tox|[from] ability: Poison Heal\n|upkeep\n|turn|36\n|inactive|Time left: 300 sec this turn | 300 sec total\n|\n|t:|1783546831\n|move|p1a: Gliscor|Protect||[still]\n|-fail|p1a: Gliscor\n|move|p2a: Solgaleo|Psychic Fangs|p1a: Gliscor\n|-damage|p1a: Gliscor|44/239 tox\n|\n|-heal|p1a: Gliscor|73/239 tox|[from] ability: Poison Heal\n|upkeep\n|turn|37\n|inactive|Time left: 300 sec this turn | 300 sec total\n|\n|t:|1783546832\n|move|p1a: Gliscor|Protect|p1a: Gliscor\n|-singleturn|p1a: Gliscor|Protect\n|move|p2a: Solgaleo|Psychic Fangs|p1a: Gliscor\n|-activate|p1a: Gliscor|move: Protect\n|\n|-heal|p1a: Gliscor|102/239 tox|[from] ability: Poison Heal\n|upkeep\n|turn|38\n|inactive|Time left: 300 sec this turn | 300 sec total\n|\n|t:|1783546833\n|move|p1a: Gliscor|Protect||[still]\n|-fail|p1a: Gliscor\n|move|p2a: Solgaleo|Psychic Fangs|p1a: Gliscor\n|-damage|p1a: Gliscor|29/239 tox\n|\n|-heal|p1a: Gliscor|58/239 tox|[from] ability: Poison Heal\n|upkeep\n|turn|39\n|inactive|Time left: 300 sec this turn | 300 sec total\n|\n|t:|1783546834\n|move|p1a: Gliscor|Protect|p1a: Gliscor\n|-singleturn|p1a: Gliscor|Protect\n|move|p2a: Solgaleo|Psychic Fangs|p1a: Gliscor\n|-activate|p1a: Gliscor|move: Protect\n|\n|-heal|p1a: Gliscor|87/239 tox|[from] ability: Poison Heal\n|upkeep\n|turn|40\n|inactive|Time left: 300 sec this turn | 300 sec total\n|\n|t:|1783546835\n|switch|p1a: Vileplume|Vileplume, L85, M, tera:Steel|143/266\n|move|p2a: Solgaleo|Sunsteel Strike|p1a: Vileplume\n|-resisted|p1a: Vileplume\n|-damage|p1a: Vileplume|91/266\n|\n|-heal|p1a: Vileplume|107/266|[from] item: Leftovers\n|upkeep\n|turn|41\n|inactive|Time left: 300 sec this turn | 300 sec total\n|\n|t:|1783546836\n|switch|p1a: Gliscor|Gliscor, L76, M|87/239 tox\n|move|p2a: Solgaleo|Earthquake|p1a: Gliscor\n|-immune|p1a: Gliscor\n|\n|-heal|p1a: Gliscor|116/239 tox|[from] ability: Poison Heal\n|upkeep\n|turn|42\n|inactive|Time left: 300 sec this turn | 300 sec total\n|\n|t:|1783546837\n|move|p1a: Gliscor|Protect|p1a: Gliscor\n|-singleturn|p1a: Gliscor|Protect\n|move|p2a: Solgaleo|Psychic Fangs|p1a: Gliscor\n|-activate|p1a: Gliscor|move: Protect\n|\n|-heal|p1a: Gliscor|145/239 tox|[from] ability: Poison Heal\n|upkeep\n|turn|43\n|inactive|Time left: 300 sec this turn | 300 sec total\n|\n|t:|1783546837\n|move|p1a: Gliscor|Substitute|p1a: Gliscor\n|-start|p1a: Gliscor|Substitute\n|-damage|p1a: Gliscor|86/239 tox\n|move|p2a: Solgaleo|Psychic Fangs|p1a: Gliscor\n|-end|p1a: Gliscor|Substitute\n|\n|-heal|p1a: Gliscor|115/239 tox|[from] ability: Poison Heal\n|upkeep\n|turn|44\n|inactive|Time left: 300 sec this turn | 300 sec total\n|\n|t:|1783546838\n|move|p1a: Gliscor|Protect|p1a: Gliscor\n|-singleturn|p1a: Gliscor|Protect\n|move|p2a: Solgaleo|Psychic Fangs|p1a: Gliscor\n|-activate|p1a: Gliscor|move: Protect\n|\n|-heal|p1a: Gliscor|144/239 tox|[from] ability: Poison Heal\n|upkeep\n|turn|45\n|inactive|Time left: 300 sec this turn | 300 sec total\n|\n|t:|1783546839\n|move|p1a: Gliscor|Substitute|p1a: Gliscor\n|-start|p1a: Gliscor|Substitute\n|-damage|p1a: Gliscor|85/239 tox\n|move|p2a: Solgaleo|Sunsteel Strike|p1a: Gliscor\n|-end|p1a: Gliscor|Substitute\n|\n|-heal|p1a: Gliscor|114/239 tox|[from] ability: Poison Heal\n|upkeep\n|turn|46\n|inactive|Time left: 300 sec this turn | 300 sec total\n|\n|t:|1783546840\n|move|p1a: Gliscor|Protect|p1a: Gliscor\n|-singleturn|p1a: Gliscor|Protect\n|move|p2a: Solgaleo|Psychic Fangs|p1a: Gliscor\n|-activate|p1a: Gliscor|move: Protect\n|\n|-heal|p1a: Gliscor|143/239 tox|[from] ability: Poison Heal\n|upkeep\n|turn|47\n|inactive|Time left: 300 sec this turn | 300 sec total\n|\n|t:|1783546841\n|move|p1a: Gliscor|Toxic|p2a: Solgaleo\n|-immune|p2a: Solgaleo\n|move|p2a: Solgaleo|Psychic Fangs|p1a: Gliscor\n|-damage|p1a: Gliscor|64/239 tox\n|\n|-heal|p1a: Gliscor|93/239 tox|[from] ability: Poison Heal\n|upkeep\n|turn|48\n|inactive|Time left: 300 sec this turn | 300 sec total\n|\n|t:|1783546842\n|move|p1a: Gliscor|Protect|p1a: Gliscor\n|-singleturn|p1a: Gliscor|Protect\n|move|p2a: Solgaleo|Psychic Fangs|p1a: Gliscor\n|-activate|p1a: Gliscor|move: Protect\n|\n|-heal|p1a: Gliscor|122/239 tox|[from] ability: Poison Heal\n|upkeep\n|turn|49\n|inactive|Time left: 300 sec this turn | 300 sec total\n|\n|t:|1783546843\n|move|p1a: Gliscor|Substitute|p1a: Gliscor\n|-start|p1a: Gliscor|Substitute\n|-damage|p1a: Gliscor|63/239 tox\n|move|p2a: Solgaleo|Psychic Fangs|p1a: Gliscor\n|-end|p1a: Gliscor|Substitute\n|\n|-heal|p1a: Gliscor|92/239 tox|[from] ability: Poison Heal\n|upkeep\n|turn|50\n|inactive|Time left: 300 sec this turn | 300 sec total\n|\n|t:|1783546844\n|move|p1a: Gliscor|Toxic|p2a: Solgaleo\n|-immune|p2a: Solgaleo\n|move|p2a: Solgaleo|Psychic Fangs|p1a: Gliscor\n|-damage|p1a: Gliscor|11/239 tox\n|\n|-heal|p1a: Gliscor|40/239 tox|[from] ability: Poison Heal\n|upkeep\n|turn|51\n|inactive|Time left: 300 sec this turn | 300 sec total\n|\n|t:|1783546845\n|switch|p1a: Cryogonal|Cryogonal, L89|287/287\n|move|p2a: Solgaleo|Earthquake|p1a: Cryogonal\n|-immune|p1a: Cryogonal|[from] ability: Levitate\n|\n|upkeep\n|turn|52\n|inactive|Time left: 300 sec this turn | 300 sec total\n|\n|t:|1783546846\n|move|p1a: Cryogonal|Freeze-Dry|p2a: Solgaleo\n|-resisted|p2a: Solgaleo\n|-damage|p2a: Solgaleo|17/100\n|move|p2a: Solgaleo|Psychic Fangs|p1a: Cryogonal\n|-damage|p1a: Cryogonal|163/287\n|\n|upkeep\n|turn|53\n|inactive|Time left: 300 sec this turn | 300 sec total\n|\n|t:|1783546848\n|move|p1a: Cryogonal|Freeze-Dry|p2a: Solgaleo\n|-resisted|p2a: Solgaleo\n|-damage|p2a: Solgaleo|4/100\n|move|p2a: Solgaleo|Earthquake|p1a: Cryogonal\n|-immune|p1a: Cryogonal|[from] ability: Levitate\n|\n|upkeep\n|turn|54\n|inactive|Time left: 300 sec this turn | 300 sec total\n|\n|t:|1783546849\n|switch|p2a: Magearna|Magearna-Original, L77|100/100\n|move|p1a: Cryogonal|Recover|p1a: Cryogonal\n|-heal|p1a: Cryogonal|287/287\n|\n|upkeep\n|turn|55\n|inactive|Time left: 300 sec this turn | 300 sec total\n|\n|t:|1783546850\n|switch|p1a: Vileplume|Vileplume, L85, M, tera:Steel|107/266\n|move|p2a: Magearna|Flash Cannon|p1a: Vileplume\n|-resisted|p1a: Vileplume\n|-damage|p1a: Vileplume|67/266\n|\n|-heal|p1a: Vileplume|83/266|[from] item: Leftovers\n|upkeep\n|turn|56\n|inactive|Time left: 300 sec this turn | 300 sec total\n|\n|t:|1783546851\n|move|p2a: Magearna|Flash Cannon|p1a: Vileplume\n|-resisted|p1a: Vileplume\n|-damage|p1a: Vileplume|41/266\n|move|p1a: Vileplume|Strength Sap|p2a: Magearna\n|-unboost|p2a: Magearna|atk|1\n|-heal|p1a: Vileplume|192/266\n|\n|-heal|p1a: Vileplume|208/266|[from] item: Leftovers\n|upkeep\n|turn|57\n|inactive|Time left: 300 sec this turn | 300 sec total\n|\n|t:|1783546852\n|move|p2a: Magearna|Flash Cannon|p1a: Vileplume\n|-resisted|p1a: Vileplume\n|-damage|p1a: Vileplume|165/266\n|move|p1a: Vileplume|Leech Seed|p2a: Magearna\n|-start|p2a: Magearna|move: Leech Seed\n|\n|-heal|p1a: Vileplume|181/266|[from] item: Leftovers\n|-damage|p2a: Magearna|88/100|[from] Leech Seed|[of] p1a: Vileplume\n|-heal|p1a: Vileplume|212/266|[silent]\n|upkeep\n|turn|58\n|inactive|Time left: 300 sec this turn | 300 sec total\n|\n|t:|1783546854\n|switch|p2a: Mightyena|Mightyena, L96, M|52/100 tox\n|-ability|p2a: Mightyena|Intimidate|boost\n|-unboost|p1a: Vileplume|atk|1\n|move|p1a: Vileplume|Giga Drain|p2a: Mightyena\n|-damage|p2a: Mightyena|29/100 tox\n|-heal|p1a: Vileplume|244/266|[from] drain|[of] p2a: Mightyena\n|\n|-heal|p1a: Vileplume|260/266|[from] item: Leftovers\n|-damage|p2a: Mightyena|23/100 tox|[from] psn\n|upkeep\n|turn|59\n|inactive|Time left: 300 sec this turn | 300 sec total\n|\n|t:|1783546854\n|move|p2a: Mightyena|Super Fang|p1a: Vileplume|[miss]\n|-miss|p2a: Mightyena|p1a: Vileplume\n|move|p1a: Vileplume|Leech Seed|p2a: Mightyena\n|-start|p2a: Mightyena|move: Leech Seed\n|\n|-heal|p1a: Vileplume|266/266|[from] item: Leftovers\n|-damage|p2a: Mightyena|11/100 tox|[from] Leech Seed|[of] p1a: Vileplume\n|-damage|p2a: Mightyena|0 fnt|[from] psn\n|faint|p2a: Mightyena\n|upkeep\n|\n|t:|1783546855\n|switch|p2a: Magearna|Magearna-Original, L77|88/100\n|turn|60\n|inactive|Time left: 300 sec this turn | 300 sec total\n|\n|t:|1783546856\n|move|p2a: Magearna|Aura Sphere|p1a: Vileplume\n|-supereffective|p1a: Vileplume\n|-damage|p1a: Vileplume|152/266\n|move|p1a: Vileplume|Leech Seed|p2a: Magearna\n|-start|p2a: Magearna|move: Leech Seed\n|\n|-heal|p1a: Vileplume|168/266|[from] item: Leftovers\n|-damage|p2a: Magearna|76/100|[from] Leech Seed|[of] p1a: Vileplume\n|-heal|p1a: Vileplume|199/266|[silent]\n|upkeep\n|turn|61\n|inactive|Time left: 300 sec this turn | 300 sec total\n|\n|t:|1783546857\n|switch|p2a: Solgaleo|Solgaleo, L74|4/100\n|move|p1a: Vileplume|Giga Drain|p2a: Solgaleo\n|-resisted|p2a: Solgaleo\n|-damage|p2a: Solgaleo|0 fnt\n|-heal|p1a: Vileplume|205/266|[from] drain|[of] p2a: Solgaleo\n|faint|p2a: Solgaleo\n|\n|-heal|p1a: Vileplume|221/266|[from] item: Leftovers\n|upkeep\n|\n|t:|1783546858\n|switch|p2a: Magearna|Magearna-Original, L77|76/100\n|turn|62\n|inactive|Time left: 300 sec this turn | 300 sec total\n|\n|t:|1783546859\n|move|p2a: Magearna|Aura Sphere|p1a: Vileplume\n|-supereffective|p1a: Vileplume\n|-damage|p1a: Vileplume|109/266\n|move|p1a: Vileplume|Leech Seed|p2a: Magearna\n|-start|p2a: Magearna|move: Leech Seed\n|\n|-heal|p1a: Vileplume|125/266|[from] item: Leftovers\n|-damage|p2a: Magearna|63/100|[from] Leech Seed|[of] p1a: Vileplume\n|-heal|p1a: Vileplume|156/266|[silent]\n|upkeep\n|turn|63\n|inactive|Time left: 300 sec this turn | 300 sec total\n|\n|t:|1783546860\n|switch|p1a: Haxorus|Haxorus, L77, F|244/244\n|-ability|p1a: Haxorus|Mold Breaker\n|move|p2a: Magearna|Aura Sphere|p1a: Haxorus\n|-damage|p1a: Haxorus|170/244\n|\n|-damage|p2a: Magearna|51/100|[from] Leech Seed|[of] p1a: Haxorus\n|-heal|p1a: Haxorus|201/244|[silent]\n|upkeep\n|turn|64\n|inactive|Time left: 300 sec this turn | 300 sec total\n|\n|t:|1783546861\n|move|p2a: Magearna|Aura Sphere|p1a: Haxorus\n|-damage|p1a: Haxorus|129/244\n|move|p1a: Haxorus|Earthquake|p2a: Magearna\n|-supereffective|p2a: Magearna\n|-damage|p2a: Magearna|0 fnt\n|faint|p2a: Magearna\n|\n|win|p0x661e5ad", "uploadtime": 1783546861, "views": 0, "rating": 0, "private": 0, "password": null, "_winner": "p0x661e5ad", "_our_name": "p0x661e5ad"}