{"id": "battle-gen9randombattle-298", "formatid": "gen9randombattle", "format": "[Gen 9] Random Battle", "players": ["p0x298d0dc", "p0y298bdca"], "log": "|init|battle\n|title|p0x298d0dc vs. p0y298bdca\n|j|\u2606p0x298d0dc\n|j|\u2606p0y298bdca\n|t:|1783542535\n|gametype|singles\n|player|p1|p0x298d0dc|1|\n|player|p2|p0y298bdca|266|\n|gen|9\n|tier|[Gen 9] Random Battle\n|rule|Species Clause: Limit one of each Pok\u00e9mon\n|rule|HP Percentage Mod: HP is shown in percentages\n|rule|Sleep Clause Mod: Limit one foe put to sleep\n|rule|Illusion Level Mod: Illusion disguises the Pok\u00e9mon's true level\n|\n|t:|1783542535\n|teamsize|p1|6\n|teamsize|p2|6\n|start\n|switch|p1a: Arceus|Arceus-Bug, L73|100/100\n|switch|p2a: Gyarados|Gyarados, L79, F|280/280\n|turn|1\n|inactive|Battle timer is ON: inactive players will automatically lose when time's up. (requested by p0y298bdca)\n|inactive|p0x298d0dc also wants the timer to be on.\n|\n|t:|1783542537\n|switch|p1a: Ursaluna|Ursaluna, L79, F|100/100\n|move|p2a: Gyarados|Dragon Dance|p2a: Gyarados\n|-boost|p2a: Gyarados|atk|1\n|-boost|p2a: Gyarados|spe|1\n|\n|-status|p1a: Ursaluna|brn|[from] item: Flame Orb\n|upkeep\n|turn|2\n|inactive|Time left: 300 sec this turn | 300 sec total\n|\n|t:|1783542538\n|-terastallize|p1a: Ursaluna|Normal\n|move|p2a: Gyarados|Waterfall|p1a: Ursaluna\n|-damage|p1a: Ursaluna|60/100 brn\n|move|p1a: Ursaluna|Facade|p2a: Gyarados\n|-damage|p2a: Gyarados|0 fnt\n|faint|p2a: Gyarados\n|\n|-damage|p1a: Ursaluna|54/100 brn|[from] brn\n|upkeep\n|inactive|Time left: 300 sec this turn | 300 sec total | 5 sec grace\n|\n|t:|1783542539\n|switch|p2a: Flapple|Flapple, L88, M|266/266\n|turn|3\n|inactive|Time left: 300 sec this turn | 300 sec total\n|\n|t:|1783542540\n|move|p2a: Flapple|Outrage|p1a: Ursaluna\n|-damage|p1a: Ursaluna|0 fnt\n|faint|p1a: Ursaluna\n|\n|upkeep\n|\n|t:|1783542541\n|switch|p1a: Arceus|Arceus-Bug, L73|100/100\n|turn|4\n|inactive|Time left: 300 sec this turn | 300 sec total\n|\n|t:|1783542542\n|move|p1a: Arceus|Judgment|p2a: Flapple\n|-supereffective|p2a: Flapple\n|-damage|p2a: Flapple|0 fnt\n|faint|p2a: Flapple\n|\n|upkeep\n|inactive|Time left: 300 sec this turn | 300 sec total | 5 sec grace\n|\n|t:|1783542543\n|switch|p2a: Vikavolt|Vikavolt, L83, F|263/263\n|turn|5\n|inactive|Time left: 300 sec this turn | 300 sec total\n|\n|t:|1783542544\n|move|p1a: Arceus|Judgment|p2a: Vikavolt\n|-damage|p2a: Vikavolt|142/263\n|move|p2a: Vikavolt|Sticky Web|p1a: Arceus\n|-sidestart|p1: p0x298d0dc|move: Sticky Web\n|\n|upkeep\n|turn|6\n|inactive|Time left: 300 sec this turn | 300 sec total\n|\n|t:|1783542545\n|switch|p2a: Tinkaton|Tinkaton, L82, F|274/274\n|-ability|p2a: Tinkaton|Mold Breaker\n|move|p1a: Arceus|Calm Mind|p1a: Arceus\n|-boost|p1a: Arceus|spa|1\n|-boost|p1a: Arceus|spd|1\n|\n|upkeep\n|turn|7\n|inactive|Time left: 300 sec this turn | 300 sec total\n|\n|t:|1783542546\n|move|p1a: Arceus|Earth Power|p2a: Tinkaton\n|-supereffective|p2a: Tinkaton\n|-damage|p2a: Tinkaton|130/274\n|move|p2a: Tinkaton|Encore|p1a: Arceus\n|-start|p1a: Arceus|Encore\n|\n|-heal|p2a: Tinkaton|147/274|[from] item: Leftovers\n|upkeep\n|turn|8\n|inactive|Time left: 300 sec this turn | 300 sec total\n|\n|t:|1783542547\n|switch|p2a: Vikavolt|Vikavolt, L83, F|142/263\n|move|p1a: Arceus|Earth Power|p2a: Vikavolt\n|-immune|p2a: Vikavolt|[from] ability: Levitate\n|\n|upkeep\n|turn|9\n|inactive|Time left: 300 sec this turn | 300 sec total\n|\n|t:|1783542548\n|switch|p1a: Ariados|Ariados, L95, F|100/100\n|move|p2a: Vikavolt|Bug Buzz|p1a: Ariados\n|-resisted|p1a: Ariados\n|-damage|p1a: Ariados|79/100\n|\n|upkeep\n|turn|10\n|inactive|Time left: 300 sec this turn | 300 sec total\n|\n|t:|1783542550\n|move|p1a: Ariados|Sticky Web|p2a: Vikavolt\n|-sidestart|p2: p0y298bdca|move: Sticky Web\n|move|p2a: Vikavolt|Discharge|p1a: Ariados\n|-damage|p1a: Ariados|36/100\n|\n|upkeep\n|turn|11\n|inactive|Time left: 300 sec this turn | 300 sec total\n|\n|t:|1783542551\n|move|p1a: Ariados|Megahorn|p2a: Vikavolt\n|-damage|p2a: Vikavolt|0 fnt\n|faint|p2a: Vikavolt\n|\n|upkeep\n|inactive|Time left: 300 sec this turn | 300 sec total | 5 sec grace\n|\n|t:|1783542552\n|switch|p2a: Metagross|Metagross, L79|256/256\n|-activate|p2a: Metagross|move: Sticky Web\n|-fail|p2a: Metagross|unboost|[from] ability: Clear Body|[of] p2a: Metagross\n|turn|12\n|inactive|Time left: 300 sec this turn | 300 sec total\n|\n|t:|1783542553\n|switch|p1a: Arceus|Arceus-Bug, L73|100/100\n|-activate|p1a: Arceus|move: Sticky Web\n|-unboost|p1a: Arceus|spe|1\n|move|p2a: Metagross|Psychic Fangs|p1a: Arceus\n|-damage|p1a: Arceus|69/100\n|\n|upkeep\n|turn|13\n|inactive|Time left: 300 sec this turn | 300 sec total\n|\n|t:|1783542554\n|move|p2a: Metagross|Agility|p2a: Metagross\n|-boost|p2a: Metagross|spe|2\n|move|p1a: Arceus|Earth Power|p2a: Metagross\n|-supereffective|p2a: Metagross\n|-damage|p2a: Metagross|142/256\n|-enditem|p2a: Metagross|Weakness Policy\n|-boost|p2a: Metagross|atk|2|[from] item: Weakness Policy\n|-boost|p2a: Metagross|spa|2|[from] item: Weakness Policy\n|\n|upkeep\n|turn|14\n|inactive|Time left: 300 sec this turn | 300 sec total\n|\n|t:|1783542555\n|move|p2a: Metagross|Psychic Fangs|p1a: Arceus\n|-crit|p1a: Arceus\n|-damage|p1a: Arceus|0 fnt\n|faint|p1a: Arceus\n|\n|upkeep\n|\n|t:|1783542556\n|switch|p1a: Terapagos|Terapagos, L77, M|100/100\n|-activate|p1a: Terapagos|ability: Tera Shift\n|detailschange|p1a: Terapagos|Terapagos-Terastal, L77, M\n|-heal|p1a: Terapagos|100/100|[silent]\n|-activate|p1a: Terapagos|move: Sticky Web\n|-unboost|p1a: Terapagos|spe|1\n|turn|15\n|inactive|Time left: 300 sec this turn | 300 sec total\n|\n|t:|1783542557\n|move|p2a: Metagross|Heavy Slam|p1a: Terapagos\n|-activate|p1a: Terapagos|ability: Tera Shell\n|-resisted|p1a: Terapagos\n|-damage|p1a: Terapagos|53/100\n|move|p1a: Terapagos|Dark Pulse|p2a: Metagross\n|-supereffective|p2a: Metagross\n|-damage|p2a: Metagross|30/256\n|\n|upkeep\n|turn|16\n|inactive|Time left: 300 sec this turn | 300 sec total\n|\n|t:|1783542558\n|move|p2a: Metagross|Psychic Fangs|p1a: Terapagos\n|-damage|p1a: Terapagos|0 fnt\n|faint|p1a: Terapagos\n|\n|upkeep\n|\n|t:|1783542559\n|switch|p1a: Polteageist|Polteageist-Antique, L78|100/100\n|-activate|p1a: Polteageist|move: Sticky Web\n|-unboost|p1a: Polteageist|spe|1\n|-enditem|p1a: Polteageist|White Herb\n|-clearnegativeboost|p1a: Polteageist|[silent]\n|turn|17\n|inactive|Time left: 300 sec this turn | 300 sec total\n|\n|t:|1783542560\n|move|p2a: Metagross|Psychic Fangs|p1a: Polteageist\n|-damage|p1a: Polteageist|0 fnt\n|faint|p1a: Polteageist\n|\n|upkeep\n|\n|t:|1783542561\n|switch|p1a: Ariados|Ariados, L95, F|36/100\n|turn|18\n|inactive|Time left: 300 sec this turn | 300 sec total\n|\n|t:|1783542562\n|-terastallize|p2a: Metagross|Ground\n|move|p2a: Metagross|Earthquake|p1a: Ariados\n|-damage|p1a: Ariados|0 fnt\n|faint|p1a: Ariados\n|\n|upkeep\n|\n|t:|1783542563\n|switch|p1a: Malamar|Malamar, L82, M|100/100\n|-activate|p1a: Malamar|move: Sticky Web\n|-boost|p1a: Malamar|spe|1\n|turn|19\n|inactive|Time left: 300 sec this turn | 300 sec total\n|\n|t:|1783542564\n|move|p2a: Metagross|Heavy Slam|p1a: Malamar\n|-damage|p1a: Malamar|0 fnt\n|faint|p1a: Malamar\n|\n|win|p0y298bdca", "uploadtime": 1783542564, "views": 0, "rating": 0, "private": 0, "password": null, "_winner": "p0y298bdca", "_our_name": "p0y298bdca"}