{"id": "battle-gen9randombattle-559", "formatid": "gen9randombattle", "format": "[Gen 9] Random Battle", "players": ["p0x559174c", "p0y55992ea"], "log": "|init|battle\n|title|p0x559174c vs. p0y55992ea\n|j|\u2606p0x559174c\n|j|\u2606p0y55992ea\n|t:|1783545557\n|gametype|singles\n|player|p1|p0x559174c|1|\n|player|p2|p0y55992ea|1|\n|gen|9\n|tier|[Gen 9] Random Battle\n|rule|Species Clause: Limit one of each Pok\u00e9mon\n|rule|HP Percentage Mod: HP is shown in percentages\n|rule|Sleep Clause Mod: Limit one foe put to sleep\n|rule|Illusion Level Mod: Illusion disguises the Pok\u00e9mon's true level\n|\n|t:|1783545557\n|teamsize|p1|6\n|teamsize|p2|6\n|start\n|switch|p1a: Noivern|Noivern, L82, M|100/100\n|switch|p2a: Registeel|Registeel, L81|262/262\n|turn|1\n|inactive|Battle timer is ON: inactive players will automatically lose when time's up. (requested by p0x559174c)\n|inactive|Time left: 300 sec this turn | 300 sec total | 60 sec grace\n|inactive|p0y55992ea also wants the timer to be on.\n|\n|t:|1783545559\n|move|p1a: Noivern|Hurricane|p2a: Registeel\n|-resisted|p2a: Registeel\n|-damage|p2a: Registeel|221/262\n|move|p2a: Registeel|Iron Defense|p2a: Registeel\n|-boost|p2a: Registeel|def|2\n|\n|upkeep\n|turn|2\n|inactive|Time left: 300 sec this turn | 300 sec total\n|\n|t:|1783545560\n|move|p1a: Noivern|Flamethrower|p2a: Registeel\n|-supereffective|p2a: Registeel\n|-damage|p2a: Registeel|143/262\n|move|p2a: Registeel|Body Press|p1a: Noivern\n|-resisted|p1a: Noivern\n|-damage|p1a: Noivern|68/100\n|\n|upkeep\n|turn|3\n|inactive|Time left: 300 sec this turn | 300 sec total\n|\n|t:|1783545561\n|move|p1a: Noivern|Flamethrower|p2a: Registeel\n|-supereffective|p2a: Registeel\n|-damage|p2a: Registeel|63/262\n|move|p2a: Registeel|Rest|p2a: Registeel\n|-status|p2a: Registeel|slp|[from] move: Rest\n|-heal|p2a: Registeel|262/262 slp|[silent]\n|-enditem|p2a: Registeel|Chesto Berry|[eat]\n|-curestatus|p2a: Registeel|slp|[msg]\n|\n|upkeep\n|turn|4\n|inactive|Time left: 300 sec this turn | 300 sec total\n|\n|t:|1783545562\n|move|p1a: Noivern|Flamethrower|p2a: Registeel\n|-supereffective|p2a: Registeel\n|-damage|p2a: Registeel|176/262\n|move|p2a: Registeel|Body Press|p1a: Noivern\n|-resisted|p1a: Noivern\n|-damage|p1a: Noivern|40/100\n|\n|upkeep\n|turn|5\n|inactive|Time left: 300 sec this turn | 300 sec total\n|\n|t:|1783545563\n|move|p1a: Noivern|Flamethrower|p2a: Registeel\n|-supereffective|p2a: Registeel\n|-crit|p2a: Registeel\n|-damage|p2a: Registeel|48/262\n|move|p2a: Registeel|Body Press|p1a: Noivern\n|-resisted|p1a: Noivern\n|-damage|p1a: Noivern|11/100\n|\n|upkeep\n|turn|6\n|inactive|Time left: 300 sec this turn | 300 sec total\n|\n|t:|1783545563\n|move|p1a: Noivern|Flamethrower|p2a: Registeel\n|-supereffective|p2a: Registeel\n|-damage|p2a: Registeel|0 fnt\n|faint|p2a: Registeel\n|\n|upkeep\n|inactive|Time left: 300 sec this turn | 300 sec total | 5 sec grace\n|\n|t:|1783545564\n|switch|p2a: Clawitzer|Clawitzer, L87, F|265/265\n|turn|7\n|inactive|Time left: 300 sec this turn | 300 sec total\n|\n|t:|1783545565\n|move|p1a: Noivern|Roost|p1a: Noivern\n|-heal|p1a: Noivern|61/100\n|-singleturn|p1a: Noivern|move: Roost\n|move|p2a: Clawitzer|Dark Pulse|p1a: Noivern\n|-damage|p1a: Noivern|17/100\n|\n|upkeep\n|turn|8\n|inactive|Time left: 300 sec this turn | 300 sec total\n|\n|t:|1783545566\n|move|p1a: Noivern|Hurricane|p2a: Clawitzer\n|-damage|p2a: Clawitzer|196/265\n|move|p2a: Clawitzer|Dragon Pulse|p1a: Noivern\n|-supereffective|p1a: Noivern\n|-damage|p1a: Noivern|0 fnt\n|faint|p1a: Noivern\n|\n|upkeep\n|\n|t:|1783545567\n|switch|p1a: Masquerain|Masquerain, L87, F|100/100\n|-ability|p1a: Masquerain|Intimidate|boost\n|-unboost|p2a: Clawitzer|atk|1\n|turn|9\n|inactive|Time left: 300 sec this turn | 300 sec total\n|\n|t:|1783545568\n|move|p1a: Masquerain|Quiver Dance|p1a: Masquerain\n|-boost|p1a: Masquerain|spa|1\n|-boost|p1a: Masquerain|spd|1\n|-boost|p1a: Masquerain|spe|1\n|move|p2a: Clawitzer|Water Pulse|p1a: Masquerain\n|-damage|p1a: Masquerain|68/100\n|\n|upkeep\n|turn|10\n|inactive|Time left: 300 sec this turn | 300 sec total\n|\n|t:|1783545569\n|move|p1a: Masquerain|Quiver Dance|p1a: Masquerain\n|-boost|p1a: Masquerain|spa|1\n|-boost|p1a: Masquerain|spd|1\n|-boost|p1a: Masquerain|spe|1\n|move|p2a: Clawitzer|Water Pulse|p1a: Masquerain\n|-damage|p1a: Masquerain|47/100\n|\n|upkeep\n|turn|11\n|inactive|Time left: 300 sec this turn | 300 sec total\n|\n|t:|1783545570\n|move|p1a: Masquerain|Bug Buzz|p2a: Clawitzer\n|-damage|p2a: Clawitzer|66/265\n|move|p2a: Clawitzer|Water Pulse|p1a: Masquerain\n|-damage|p1a: Masquerain|22/100\n|\n|upkeep\n|turn|12\n|inactive|Time left: 300 sec this turn | 300 sec total\n|\n|t:|1783545571\n|move|p1a: Masquerain|Bug Buzz|p2a: Clawitzer\n|-damage|p2a: Clawitzer|0 fnt\n|faint|p2a: Clawitzer\n|\n|upkeep\n|inactive|Time left: 300 sec this turn | 300 sec total | 5 sec grace\n|\n|t:|1783545572\n|switch|p2a: Zapdos|Zapdos, L78|268/268\n|turn|13\n|inactive|Time left: 300 sec this turn | 300 sec total\n|\n|t:|1783545574\n|-terastallize|p1a: Masquerain|Water\n|move|p1a: Masquerain|Hydro Pump|p2a: Zapdos\n|-damage|p2a: Zapdos|12/268\n|move|p2a: Zapdos|Discharge|p1a: Masquerain\n|-supereffective|p1a: Masquerain\n|-damage|p1a: Masquerain|0 fnt\n|faint|p1a: Masquerain\n|\n|upkeep\n|\n|t:|1783545574\n|switch|p1a: Dialga|Dialga, L73|100/100\n|-ability|p1a: Dialga|Pressure\n|turn|14\n|inactive|Time left: 300 sec this turn | 300 sec total\n|\n|t:|1783545576\n|move|p2a: Zapdos|Roost|p2a: Zapdos\n|-heal|p2a: Zapdos|146/268\n|-singleturn|p2a: Zapdos|move: Roost\n|move|p1a: Dialga|Stealth Rock|p2a: Zapdos\n|-sidestart|p2: p0y55992ea|move: Stealth Rock\n|\n|upkeep\n|turn|15\n|inactive|Time left: 300 sec this turn | 300 sec total\n|\n|t:|1783545577\n|move|p2a: Zapdos|Roost|p2a: Zapdos\n|-heal|p2a: Zapdos|268/268\n|-singleturn|p2a: Zapdos|move: Roost\n|move|p1a: Dialga|Fire Blast|p2a: Zapdos\n|-damage|p2a: Zapdos|182/268\n|\n|upkeep\n|turn|16\n|inactive|Time left: 300 sec this turn | 300 sec total\n|\n|t:|1783545578\n|move|p2a: Zapdos|Discharge|p1a: Dialga\n|-resisted|p1a: Dialga\n|-damage|p1a: Dialga|84/100\n|-status|p1a: Dialga|par\n|cant|p1a: Dialga|par\n|\n|-heal|p1a: Dialga|90/100 par|[from] item: Leftovers\n|upkeep\n|turn|17\n|inactive|Time left: 300 sec this turn | 300 sec total\n|\n|t:|1783545579\n|move|p2a: Zapdos|Roost|p2a: Zapdos\n|-heal|p2a: Zapdos|268/268\n|-singleturn|p2a: Zapdos|move: Roost\n|move|p1a: Dialga|Fire Blast|p2a: Zapdos\n|-damage|p2a: Zapdos|174/268\n|\n|-heal|p1a: Dialga|96/100 par|[from] item: Leftovers\n|upkeep\n|turn|18\n|inactive|Time left: 300 sec this turn | 300 sec total\n|\n|t:|1783545580\n|move|p2a: Zapdos|Hurricane|p1a: Dialga|[miss]\n|-miss|p2a: Zapdos|p1a: Dialga\n|cant|p1a: Dialga|par\n|\n|-heal|p1a: Dialga|100/100 par|[from] item: Leftovers\n|upkeep\n|turn|19\n|inactive|Time left: 300 sec this turn | 300 sec total\n|\n|t:|1783545581\n|move|p2a: Zapdos|Hurricane|p1a: Dialga\n|-resisted|p1a: Dialga\n|-damage|p1a: Dialga|75/100 par\n|move|p1a: Dialga|Heavy Slam|p2a: Zapdos\n|-resisted|p2a: Zapdos\n|-damage|p2a: Zapdos|105/268\n|\n|-heal|p1a: Dialga|81/100 par|[from] item: Leftovers\n|upkeep\n|turn|20\n|inactive|Time left: 300 sec this turn | 300 sec total\n|\n|t:|1783545582\n|move|p2a: Zapdos|Roost|p2a: Zapdos\n|-heal|p2a: Zapdos|239/268\n|-singleturn|p2a: Zapdos|move: Roost\n|move|p1a: Dialga|Fire Blast|p2a: Zapdos\n|-damage|p2a: Zapdos|144/268\n|\n|-heal|p1a: Dialga|87/100 par|[from] item: Leftovers\n|upkeep\n|turn|21\n|inactive|Time left: 300 sec this turn | 300 sec total\n|\n|t:|1783545583\n|move|p2a: Zapdos|Roost|p2a: Zapdos\n|-heal|p2a: Zapdos|268/268\n|-singleturn|p2a: Zapdos|move: Roost\n|cant|p1a: Dialga|par\n|\n|-heal|p1a: Dialga|93/100 par|[from] item: Leftovers\n|upkeep\n|turn|22\n|inactive|Time left: 300 sec this turn | 300 sec total\n|\n|t:|1783545584\n|move|p2a: Zapdos|Discharge|p1a: Dialga\n|-resisted|p1a: Dialga\n|-damage|p1a: Dialga|74/100 par\n|move|p1a: Dialga|Fire Blast|p2a: Zapdos\n|-damage|p2a: Zapdos|173/268\n|\n|-heal|p1a: Dialga|80/100 par|[from] item: Leftovers\n|upkeep\n|turn|23\n|inactive|Time left: 300 sec this turn | 300 sec total\n|\n|t:|1783545585\n|move|p2a: Zapdos|Hurricane|p1a: Dialga|[miss]\n|-miss|p2a: Zapdos|p1a: Dialga\n|move|p1a: Dialga|Fire Blast|p2a: Zapdos\n|-damage|p2a: Zapdos|78/268\n|\n|-heal|p1a: Dialga|86/100 par|[from] item: Leftovers\n|upkeep\n|turn|24\n|inactive|Time left: 300 sec this turn | 300 sec total\n|\n|t:|1783545587\n|move|p2a: Zapdos|Roost|p2a: Zapdos\n|-heal|p2a: Zapdos|212/268\n|-singleturn|p2a: Zapdos|move: Roost\n|move|p1a: Dialga|Fire Blast|p2a: Zapdos\n|-damage|p2a: Zapdos|120/268\n|\n|-heal|p1a: Dialga|92/100 par|[from] item: Leftovers\n|upkeep\n|turn|25\n|inactive|Time left: 300 sec this turn | 300 sec total\n|\n|t:|1783545588\n|move|p2a: Zapdos|Roost|p2a: Zapdos\n|-heal|p2a: Zapdos|254/268\n|-singleturn|p2a: Zapdos|move: Roost\n|move|p1a: Dialga|Heavy Slam|p2a: Zapdos\n|-resisted|p2a: Zapdos\n|-damage|p2a: Zapdos|193/268\n|\n|-heal|p1a: Dialga|98/100 par|[from] item: Leftovers\n|upkeep\n|turn|26\n|inactive|Time left: 300 sec this turn | 300 sec total\n|\n|t:|1783545589\n|move|p2a: Zapdos|Hurricane|p1a: Dialga\n|-resisted|p1a: Dialga\n|-damage|p1a: Dialga|73/100 par\n|-start|p1a: Dialga|confusion\n|-activate|p1a: Dialga|confusion\n|move|p1a: Dialga|Fire Blast|p2a: Zapdos|[miss]\n|-miss|p1a: Dialga|p2a: Zapdos\n|\n|-heal|p1a: Dialga|79/100 par|[from] item: Leftovers\n|upkeep\n|turn|27\n|inactive|Time left: 300 sec this turn | 300 sec total\n|\n|t:|1783545590\n|switch|p1a: Probopass|Probopass, L91, F|100/100\n|move|p2a: Zapdos|Heat Wave|p1a: Probopass\n|-damage|p1a: Probopass|83/100\n|\n|upkeep\n|turn|28\n|inactive|Time left: 300 sec this turn | 300 sec total\n|\n|t:|1783545591\n|move|p2a: Zapdos|Roost|p2a: Zapdos\n|-heal|p2a: Zapdos|268/268\n|-singleturn|p2a: Zapdos|move: Roost\n|move|p1a: Probopass|Iron Defense|p1a: Probopass\n|-boost|p1a: Probopass|def|2\n|\n|upkeep\n|turn|29\n|inactive|Time left: 300 sec this turn | 300 sec total\n|\n|t:|1783545592\n|switch|p2a: Gogoat|Gogoat, L88, F|360/360\n|-damage|p2a: Gogoat|315/360|[from] Stealth Rock\n|move|p1a: Probopass|Body Press|p2a: Gogoat\n|-damage|p2a: Gogoat|80/360\n|\n|-heal|p2a: Gogoat|102/360|[from] item: Leftovers\n|upkeep\n|turn|30\n|inactive|Time left: 300 sec this turn | 300 sec total\n|\n|t:|1783545593\n|move|p2a: Gogoat|Milk Drink|p2a: Gogoat\n|-heal|p2a: Gogoat|282/360\n|move|p1a: Probopass|Body Press|p2a: Gogoat\n|-damage|p2a: Gogoat|66/360\n|\n|-heal|p2a: Gogoat|88/360|[from] item: Leftovers\n|upkeep\n|turn|31\n|inactive|Time left: 300 sec this turn | 300 sec total\n|\n|t:|1783545595\n|move|p2a: Gogoat|Milk Drink|p2a: Gogoat\n|-heal|p2a: Gogoat|268/360\n|move|p1a: Probopass|Body Press|p2a: Gogoat\n|-damage|p2a: Gogoat|38/360\n|\n|-heal|p2a: Gogoat|60/360|[from] item: Leftovers\n|upkeep\n|turn|32\n|inactive|Time left: 300 sec this turn | 300 sec total\n|\n|t:|1783545596\n|move|p2a: Gogoat|Milk Drink|p2a: Gogoat\n|-heal|p2a: Gogoat|240/360\n|move|p1a: Probopass|Body Press|p2a: Gogoat\n|-damage|p2a: Gogoat|7/360\n|\n|-heal|p2a: Gogoat|29/360|[from] item: Leftovers\n|upkeep\n|turn|33\n|inactive|Time left: 300 sec this turn | 300 sec total\n|\n|t:|1783545597\n|move|p2a: Gogoat|Earthquake|p1a: Probopass\n|-supereffective|p1a: Probopass\n|-damage|p1a: Probopass|41/100\n|move|p1a: Probopass|Body Press|p2a: Gogoat\n|-damage|p2a: Gogoat|0 fnt\n|faint|p2a: Gogoat\n|\n|upkeep\n|inactive|Time left: 300 sec this turn | 300 sec total | 5 sec grace\n|\n|t:|1783545598\n|switch|p2a: Venomoth|Venomoth, L84, M|255/255\n|turn|34\n|inactive|Time left: 300 sec this turn | 300 sec total\n|\n|t:|1783545599\n|move|p2a: Venomoth|Quiver Dance|p2a: Venomoth\n|-boost|p2a: Venomoth|spa|1\n|-boost|p2a: Venomoth|spd|1\n|-boost|p2a: Venomoth|spe|1\n|move|p1a: Probopass|Rest|p1a: Probopass\n|-status|p1a: Probopass|slp|[from] move: Rest\n|-heal|p1a: Probopass|100/100 slp|[silent]\n|-enditem|p1a: Probopass|Chesto Berry|[eat]\n|-curestatus|p1a: Probopass|slp|[msg]\n|\n|upkeep\n|turn|35\n|inactive|Time left: 300 sec this turn | 300 sec total\n|\n|t:|1783545600\n|move|p2a: Venomoth|Quiver Dance|p2a: Venomoth\n|-boost|p2a: Venomoth|spa|1\n|-boost|p2a: Venomoth|spd|1\n|-boost|p2a: Venomoth|spe|1\n|move|p1a: Probopass|Flash Cannon|p2a: Venomoth\n|-damage|p2a: Venomoth|207/255\n|\n|upkeep\n|turn|36\n|inactive|Time left: 300 sec this turn | 300 sec total\n|\n|t:|1783545601\n|move|p2a: Venomoth|Quiver Dance|p2a: Venomoth\n|-boost|p2a: Venomoth|spa|1\n|-boost|p2a: Venomoth|spd|1\n|-boost|p2a: Venomoth|spe|1\n|move|p1a: Probopass|Body Press|p2a: Venomoth\n|-resisted|p2a: Venomoth\n|-damage|p2a: Venomoth|152/255\n|\n|upkeep\n|turn|37\n|inactive|Time left: 300 sec this turn | 300 sec total\n|\n|t:|1783545602\n|move|p2a: Venomoth|Bug Buzz|p1a: Probopass\n|-resisted|p1a: Probopass\n|-damage|p1a: Probopass|49/100\n|move|p1a: Probopass|Body Press|p2a: Venomoth\n|-resisted|p2a: Venomoth\n|-damage|p2a: Venomoth|96/255\n|\n|upkeep\n|turn|38\n|inactive|Time left: 300 sec this turn | 300 sec total\n|\n|t:|1783545603\n|move|p2a: Venomoth|Bug Buzz|p1a: Probopass\n|-resisted|p1a: Probopass\n|-damage|p1a: Probopass|0 fnt\n|faint|p1a: Probopass\n|\n|upkeep\n|\n|t:|1783545605\n|switch|p1a: Ursaring|Ursaring, L84, F|100/100\n|turn|39\n|inactive|Time left: 300 sec this turn | 300 sec total\n|\n|t:|1783545605\n|move|p2a: Venomoth|Sleep Powder|p1a: Ursaring\n|-status|p1a: Ursaring|slp|[from] move: Sleep Powder\n|cant|p1a: Ursaring|slp\n|\n|upkeep\n|turn|40\n|inactive|Time left: 300 sec this turn | 300 sec total\n|\n|t:|1783545606\n|move|p2a: Venomoth|Bug Buzz|p1a: Ursaring\n|-damage|p1a: Ursaring|40/100 slp\n|cant|p1a: Ursaring|slp\n|move|p1a: Ursaring|Sleep Talk|p1a: Ursaring\n|move|p1a: Ursaring|Rest||[from] move: Sleep Talk|[still]\n|-fail|p1a: Ursaring\n|\n|upkeep\n|turn|41\n|inactive|Time left: 300 sec this turn | 300 sec total\n|\n|t:|1783545608\n|move|p2a: Venomoth|Bug Buzz|p1a: Ursaring\n|-damage|p1a: Ursaring|0 fnt\n|faint|p1a: Ursaring\n|\n|upkeep\n|\n|t:|1783545609\n|switch|p1a: Chesnaught|Chesnaught, L84, M|100/100\n|turn|42\n|inactive|Time left: 300 sec this turn | 300 sec total\n|\n|t:|1783545610\n|switch|p1a: Dialga|Dialga, L73|79/100 par\n|-ability|p1a: Dialga|Pressure\n|move|p2a: Venomoth|Sludge Wave|p1a: Dialga\n|-immune|p1a: Dialga\n|\n|-heal|p1a: Dialga|85/100 par|[from] item: Leftovers\n|upkeep\n|turn|43\n|inactive|Time left: 300 sec this turn | 300 sec total\n|\n|t:|1783545611\n|switch|p1a: Chesnaught|Chesnaught, L84, M|100/100\n|move|p2a: Venomoth|Bug Buzz|p1a: Chesnaught\n|-damage|p1a: Chesnaught|6/100\n|\n|-heal|p1a: Chesnaught|12/100|[from] item: Leftovers\n|upkeep\n|turn|44\n|inactive|Time left: 300 sec this turn | 300 sec total\n|\n|t:|1783545611\n|switch|p1a: Dialga|Dialga, L73|85/100 par\n|-ability|p1a: Dialga|Pressure\n|move|p2a: Venomoth|Bug Buzz|p1a: Dialga\n|-resisted|p1a: Dialga\n|-damage|p1a: Dialga|4/100 par\n|\n|-heal|p1a: Dialga|10/100 par|[from] item: Leftovers\n|upkeep\n|turn|45\n|inactive|Time left: 300 sec this turn | 300 sec total\n|\n|t:|1783545613\n|move|p2a: Venomoth|Bug Buzz|p1a: Dialga\n|-resisted|p1a: Dialga\n|-damage|p1a: Dialga|0 fnt\n|faint|p1a: Dialga\n|\n|upkeep\n|\n|t:|1783545613\n|switch|p1a: Chesnaught|Chesnaught, L84, M|12/100\n|turn|46\n|inactive|Time left: 300 sec this turn | 300 sec total\n|\n|t:|1783545614\n|-terastallize|p2a: Venomoth|Poison\n|move|p2a: Venomoth|Sludge Wave|p1a: Chesnaught\n|-supereffective|p1a: Chesnaught\n|-damage|p1a: Chesnaught|0 fnt\n|faint|p1a: Chesnaught\n|\n|win|p0y55992ea", "uploadtime": 1783545614, "views": 0, "rating": 0, "private": 0, "password": null, "_winner": "p0y55992ea", "_our_name": "p0y55992ea"}