{"id": "battle-gen9randombattle-1902", "formatid": "gen9randombattle", "format": "[Gen 9] Random Battle", "players": ["p0x1902e85f", "p0y190289ee"], "log": "|init|battle\n|title|p0x1902e85f vs. p0y190289ee\n|j|\u2606p0x1902e85f\n|j|\u2606p0y190289ee\n|t:|1783561254\n|gametype|singles\n|player|p1|p0x1902e85f|1|\n|player|p2|p0y190289ee|266|\n|gen|9\n|tier|[Gen 9] Random Battle\n|rule|Species Clause: Limit one of each Pok\u00e9mon\n|rule|HP Percentage Mod: HP is shown in percentages\n|rule|Sleep Clause Mod: Limit one foe put to sleep\n|rule|Illusion Level Mod: Illusion disguises the Pok\u00e9mon's true level\n|\n|t:|1783561254\n|teamsize|p1|6\n|teamsize|p2|6\n|start\n|switch|p1a: Luxray|Luxray, L88, M|100/100\n|switch|p2a: Scyther|Scyther, L82, M|249/249\n|turn|1\n|inactive|Battle timer is ON: inactive players will automatically lose when time's up. (requested by p0y190289ee)\n|inactive|p0x1902e85f also wants the timer to be on.\n|\n|t:|1783561256\n|move|p2a: Scyther|Swords Dance|p2a: Scyther\n|-boost|p2a: Scyther|atk|2\n|move|p1a: Luxray|Supercell Slam|p2a: Scyther\n|-supereffective|p2a: Scyther\n|-damage|p2a: Scyther|49/249\n|\n|-status|p1a: Luxray|brn|[from] item: Flame Orb\n|upkeep\n|turn|2\n|inactive|Time left: 300 sec this turn | 300 sec total\n|\n|t:|1783561257\n|-terastallize|p2a: Scyther|Fighting\n|move|p2a: Scyther|Close Combat|p1a: Luxray\n|-damage|p1a: Luxray|0 fnt\n|-unboost|p2a: Scyther|def|1\n|-unboost|p2a: Scyther|spd|1\n|faint|p1a: Luxray\n|\n|upkeep\n|\n|t:|1783561257\n|switch|p1a: Hoopa|Hoopa, L85|100/100\n|turn|3\n|inactive|Time left: 300 sec this turn | 300 sec total\n|\n|t:|1783561259\n|move|p1a: Hoopa|Psychic|p2a: Scyther\n|-supereffective|p2a: Scyther\n|-damage|p2a: Scyther|0 fnt\n|faint|p2a: Scyther\n|\n|upkeep\n|inactive|Time left: 300 sec this turn | 300 sec total | 5 sec grace\n|\n|t:|1783561259\n|switch|p2a: Chi-Yu|Chi-Yu, L77|211/211\n|-ability|p2a: Chi-Yu|Beads of Ruin\n|turn|4\n|inactive|Time left: 300 sec this turn | 300 sec total\n|\n|t:|1783561261\n|switch|p1a: Primarina|Primarina, L83, F|100/100\n|move|p2a: Chi-Yu|Fire Blast|p1a: Primarina\n|-resisted|p1a: Primarina\n|-damage|p1a: Primarina|73/100\n|\n|-heal|p1a: Primarina|78/100|[from] item: Leftovers\n|upkeep\n|turn|5\n|inactive|Time left: 300 sec this turn | 300 sec total\n|\n|t:|1783561262\n|move|p2a: Chi-Yu|Nasty Plot|p2a: Chi-Yu\n|-boost|p2a: Chi-Yu|spa|2\n|move|p1a: Primarina|Sparkling Aria|p2a: Chi-Yu\n|-supereffective|p2a: Chi-Yu\n|-damage|p2a: Chi-Yu|7/211\n|\n|-heal|p1a: Primarina|84/100|[from] item: Leftovers\n|upkeep\n|turn|6\n|inactive|Time left: 300 sec this turn | 300 sec total\n|\n|t:|1783561262\n|move|p2a: Chi-Yu|Psychic|p1a: Primarina\n|-damage|p1a: Primarina|28/100\n|move|p1a: Primarina|Draining Kiss|p2a: Chi-Yu\n|-damage|p2a: Chi-Yu|0 fnt\n|-heal|p1a: Primarina|30/100|[from] drain|[of] p2a: Chi-Yu\n|faint|p2a: Chi-Yu\n|\n|-heal|p1a: Primarina|36/100|[from] item: Leftovers\n|upkeep\n|inactive|Time left: 300 sec this turn | 300 sec total | 5 sec grace\n|\n|t:|1783561263\n|switch|p2a: Bronzong|Bronzong, L88|261/261\n|turn|7\n|inactive|Time left: 300 sec this turn | 300 sec total\n|\n|t:|1783561264\n|move|p1a: Primarina|Draining Kiss|p2a: Bronzong\n|-resisted|p2a: Bronzong\n|-damage|p2a: Bronzong|238/261\n|-heal|p1a: Primarina|42/100|[from] drain|[of] p2a: Bronzong\n|move|p2a: Bronzong|Iron Head|p1a: Primarina\n|-damage|p1a: Primarina|8/100\n|\n|-heal|p1a: Primarina|14/100|[from] item: Leftovers\n|-heal|p2a: Bronzong|254/261|[from] item: Leftovers\n|upkeep\n|turn|8\n|inactive|Time left: 300 sec this turn | 300 sec total\n|\n|t:|1783561265\n|move|p1a: Primarina|Sparkling Aria|p2a: Bronzong\n|-damage|p2a: Bronzong|109/261\n|move|p2a: Bronzong|Earthquake|p1a: Primarina\n|-damage|p1a: Primarina|0 fnt\n|faint|p1a: Primarina\n|\n|-heal|p2a: Bronzong|125/261|[from] item: Leftovers\n|upkeep\n|\n|t:|1783561266\n|switch|p1a: Emboar|Emboar, L84, F|100/100\n|turn|9\n|inactive|Time left: 300 sec this turn | 300 sec total\n|\n|t:|1783561267\n|switch|p2a: Altaria|Altaria, L89, M|278/278\n|move|p1a: Emboar|Flare Blitz|p2a: Altaria\n|-resisted|p2a: Altaria\n|-damage|p2a: Altaria|156/278\n|-damage|p1a: Emboar|88/100|[from] Recoil\n|\n|upkeep\n|turn|10\n|inactive|Time left: 300 sec this turn | 300 sec total\n|\n|t:|1783561268\n|move|p2a: Altaria|Roost|p2a: Altaria\n|-heal|p2a: Altaria|278/278\n|-singleturn|p2a: Altaria|move: Roost\n|move|p1a: Emboar|Flare Blitz|p2a: Altaria\n|-resisted|p2a: Altaria\n|-damage|p2a: Altaria|140/278\n|-status|p2a: Altaria|brn\n|-damage|p1a: Emboar|74/100|[from] Recoil\n|\n|-damage|p2a: Altaria|123/278 brn|[from] brn\n|upkeep\n|turn|11\n|inactive|Time left: 300 sec this turn | 300 sec total\n|\n|t:|1783561270\n|move|p2a: Altaria|Roost|p2a: Altaria\n|-heal|p2a: Altaria|262/278 brn\n|-singleturn|p2a: Altaria|move: Roost\n|move|p1a: Emboar|Flare Blitz|p2a: Altaria\n|-resisted|p2a: Altaria\n|-damage|p2a: Altaria|132/278 brn\n|-damage|p1a: Emboar|60/100|[from] Recoil\n|\n|-damage|p2a: Altaria|115/278 brn|[from] brn\n|upkeep\n|turn|12\n|inactive|Time left: 300 sec this turn | 300 sec total\n|\n|t:|1783561271\n|move|p2a: Altaria|Roost|p2a: Altaria\n|-heal|p2a: Altaria|254/278 brn\n|-singleturn|p2a: Altaria|move: Roost\n|move|p1a: Emboar|Flare Blitz|p2a: Altaria\n|-resisted|p2a: Altaria\n|-damage|p2a: Altaria|137/278 brn\n|-damage|p1a: Emboar|48/100|[from] Recoil\n|\n|-damage|p2a: Altaria|120/278 brn|[from] brn\n|upkeep\n|turn|13\n|inactive|Time left: 300 sec this turn | 300 sec total\n|\n|t:|1783561272\n|move|p2a: Altaria|Roost|p2a: Altaria\n|-heal|p2a: Altaria|259/278 brn\n|-singleturn|p2a: Altaria|move: Roost\n|move|p1a: Emboar|Flare Blitz|p2a: Altaria\n|-resisted|p2a: Altaria\n|-damage|p2a: Altaria|141/278 brn\n|-damage|p1a: Emboar|36/100|[from] Recoil\n|\n|-damage|p2a: Altaria|124/278 brn|[from] brn\n|upkeep\n|turn|14\n|inactive|Time left: 300 sec this turn | 300 sec total\n|\n|t:|1783561273\n|switch|p1a: Excadrill|Excadrill, L79, M|100/100\n|-ability|p1a: Excadrill|Mold Breaker\n|move|p2a: Altaria|Roost|p2a: Altaria\n|-heal|p2a: Altaria|263/278 brn\n|-singleturn|p2a: Altaria|move: Roost\n|\n|-damage|p2a: Altaria|246/278 brn|[from] brn\n|upkeep\n|turn|15\n|inactive|Time left: 300 sec this turn | 300 sec total\n|\n|t:|1783561274\n|move|p2a: Altaria|Dragon Dance|p2a: Altaria\n|-boost|p2a: Altaria|atk|1\n|-boost|p2a: Altaria|spe|1\n|move|p1a: Excadrill|Swords Dance|p1a: Excadrill\n|-boost|p1a: Excadrill|atk|2\n|\n|-damage|p2a: Altaria|229/278 brn|[from] brn\n|upkeep\n|turn|16\n|inactive|Time left: 300 sec this turn | 300 sec total\n|\n|t:|1783561275\n|move|p2a: Altaria|Earthquake|p1a: Excadrill\n|-supereffective|p1a: Excadrill\n|-damage|p1a: Excadrill|57/100\n|move|p1a: Excadrill|Iron Head|p2a: Altaria\n|-damage|p2a: Altaria|57/278 brn\n|\n|-heal|p1a: Excadrill|63/100|[from] item: Leftovers\n|-damage|p2a: Altaria|40/278 brn|[from] brn\n|upkeep\n|turn|17\n|inactive|Time left: 300 sec this turn | 300 sec total\n|\n|t:|1783561276\n|move|p2a: Altaria|Earthquake|p1a: Excadrill\n|-supereffective|p1a: Excadrill\n|-damage|p1a: Excadrill|18/100\n|move|p1a: Excadrill|Rapid Spin|p2a: Altaria\n|-damage|p2a: Altaria|0 fnt\n|-boost|p1a: Excadrill|spe|1\n|faint|p2a: Altaria\n|\n|-heal|p1a: Excadrill|24/100|[from] item: Leftovers\n|upkeep\n|inactive|Time left: 300 sec this turn | 300 sec total | 5 sec grace\n|\n|t:|1783561277\n|switch|p2a: Bronzong|Bronzong, L88|125/261\n|turn|18\n|inactive|Time left: 300 sec this turn | 300 sec total\n|\n|t:|1783561278\n|move|p1a: Excadrill|Earthquake|p2a: Bronzong\n|-supereffective|p2a: Bronzong\n|-damage|p2a: Bronzong|0 fnt\n|faint|p2a: Bronzong\n|\n|-heal|p1a: Excadrill|30/100|[from] item: Leftovers\n|upkeep\n|inactive|Time left: 300 sec this turn | 300 sec total | 5 sec grace\n|\n|t:|1783561279\n|switch|p2a: Spectrier|Spectrier, L75|274/274\n|turn|19\n|inactive|Time left: 300 sec this turn | 300 sec total\n|\n|t:|1783561280\n|move|p1a: Excadrill|Earthquake|p2a: Spectrier\n|-damage|p2a: Spectrier|0 fnt\n|faint|p2a: Spectrier\n|\n|-heal|p1a: Excadrill|36/100|[from] item: Leftovers\n|upkeep\n|inactive|Time left: 300 sec this turn | 300 sec total | 5 sec grace\n|\n|t:|1783561281\n|switch|p2a: Pawmot|Pawmot, L80, F|243/243\n|turn|20\n|inactive|Time left: 300 sec this turn | 300 sec total\n|\n|t:|1783561282\n|move|p1a: Excadrill|Earthquake|p2a: Pawmot\n|-supereffective|p2a: Pawmot\n|-damage|p2a: Pawmot|0 fnt\n|faint|p2a: Pawmot\n|\n|win|p0x1902e85f", "uploadtime": 1783561282, "views": 0, "rating": 0, "private": 0, "password": null, "_winner": "p0x1902e85f", "_our_name": "p0y190289ee"}