{"id": "battle-gen9randombattle-2059", "formatid": "gen9randombattle", "format": "[Gen 9] Random Battle", "players": ["p0x2059d90a", "p0y205949ad"], "log": "|init|battle\n|title|p0x2059d90a vs. p0y205949ad\n|j|\u2606p0x2059d90a\n|j|\u2606p0y205949ad\n|t:|1783563858\n|gametype|singles\n|player|p1|p0x2059d90a|101|\n|player|p2|p0y205949ad|1|\n|gen|9\n|tier|[Gen 9] Random Battle\n|rule|Species Clause: Limit one of each Pok\u00e9mon\n|rule|HP Percentage Mod: HP is shown in percentages\n|rule|Sleep Clause Mod: Limit one foe put to sleep\n|rule|Illusion Level Mod: Illusion disguises the Pok\u00e9mon's true level\n|\n|t:|1783563858\n|teamsize|p1|6\n|teamsize|p2|6\n|start\n|switch|p1a: Tornadus|Tornadus, L82, M|100/100\n|switch|p2a: Ampharos|Ampharos, L88, F|302/302\n|turn|1\n|inactive|Battle timer is ON: inactive players will automatically lose when time's up. (requested by p0y205949ad)\n|inactive|p0x2059d90a also wants the timer to be on.\n|\n|t:|1783563859\n|move|p1a: Tornadus|U-turn|p2a: Ampharos\n|-damage|p2a: Ampharos|251/302\n|\n|t:|1783563861\n|switch|p1a: Mew|Mew, L82|100/100|[from] U-turn\n|move|p2a: Ampharos|Thunderbolt|p1a: Mew\n|-damage|p1a: Mew|55/100\n|-status|p1a: Mew|par\n|-activate|p1a: Mew|ability: Synchronize\n|-immune|p2a: Ampharos\n|-damage|p2a: Ampharos|221/302|[from] item: Life Orb\n|\n|-heal|p1a: Mew|61/100 par|[from] item: Leftovers\n|upkeep\n|turn|2\n|inactive|Time left: 300 sec this turn | 300 sec total\n|\n|t:|1783563862\n|move|p2a: Ampharos|Thunderbolt|p1a: Mew\n|-damage|p1a: Mew|14/100 par\n|-damage|p2a: Ampharos|191/302|[from] item: Life Orb\n|cant|p1a: Mew|par\n|\n|-heal|p1a: Mew|20/100 par|[from] item: Leftovers\n|upkeep\n|turn|3\n|inactive|Time left: 300 sec this turn | 300 sec total\n|\n|t:|1783563863\n|move|p2a: Ampharos|Thunderbolt|p1a: Mew\n|-damage|p1a: Mew|0 fnt\n|faint|p1a: Mew\n|-damage|p2a: Ampharos|161/302|[from] item: Life Orb\n|\n|upkeep\n|\n|t:|1783563864\n|switch|p1a: Sawsbuck|Sawsbuck, L88, M|100/100\n|turn|4\n|inactive|Time left: 300 sec this turn | 300 sec total\n|\n|t:|1783563865\n|switch|p2a: Zamazenta|Zamazenta-Crowned, L68|238/238\n|-ability|p2a: Zamazenta|Dauntless Shield|boost\n|-boost|p2a: Zamazenta|def|1\n|move|p1a: Sawsbuck|Double-Edge|p2a: Zamazenta\n|-resisted|p2a: Zamazenta\n|-damage|p2a: Zamazenta|181/238\n|-damage|p1a: Sawsbuck|94/100|[from] Recoil\n|-damage|p1a: Sawsbuck|84/100|[from] item: Life Orb\n|\n|upkeep\n|turn|5\n|inactive|Time left: 300 sec this turn | 300 sec total\n|\n|t:|1783563866\n|switch|p1a: Dragonite|Dragonite, L74, F|100/100\n|move|p2a: Zamazenta|Body Press|p1a: Dragonite\n|-resisted|p1a: Dragonite\n|-crit|p1a: Dragonite\n|-damage|p1a: Dragonite|82/100\n|\n|upkeep\n|turn|6\n|inactive|Time left: 300 sec this turn | 300 sec total\n|\n|t:|1783563867\n|move|p2a: Zamazenta|Stone Edge|p1a: Dragonite\n|-supereffective|p1a: Dragonite\n|-damage|p1a: Dragonite|38/100\n|move|p1a: Dragonite|Dragon Dance|p1a: Dragonite\n|-boost|p1a: Dragonite|atk|1\n|-boost|p1a: Dragonite|spe|1\n|\n|upkeep\n|turn|7\n|inactive|Time left: 300 sec this turn | 300 sec total\n|\n|t:|1783563867\n|move|p1a: Dragonite|Earthquake|p2a: Zamazenta\n|-supereffective|p2a: Zamazenta\n|-damage|p2a: Zamazenta|55/238\n|move|p2a: Zamazenta|Stone Edge|p1a: Dragonite\n|-supereffective|p1a: Dragonite\n|-damage|p1a: Dragonite|0 fnt\n|faint|p1a: Dragonite\n|\n|upkeep\n|\n|t:|1783563868\n|switch|p1a: Tornadus|Tornadus, L82, M|100/100\n|turn|8\n|inactive|Time left: 300 sec this turn | 300 sec total\n|\n|t:|1783563869\n|switch|p2a: Deoxys|Deoxys-Defense, L84|221/221\n|-ability|p2a: Deoxys|Pressure\n|move|p1a: Tornadus|Bleakwind Storm|p2a: Deoxys\n|-damage|p2a: Deoxys|116/221\n|\n|-heal|p2a: Deoxys|129/221|[from] item: Leftovers\n|upkeep\n|turn|9\n|inactive|Time left: 300 sec this turn | 300 sec total\n|\n|t:|1783563871\n|move|p1a: Tornadus|Bleakwind Storm|p2a: Deoxys\n|-damage|p2a: Deoxys|18/221\n|-unboost|p2a: Deoxys|spe|1\n|move|p2a: Deoxys|Recover|p2a: Deoxys\n|-heal|p2a: Deoxys|129/221\n|\n|-heal|p2a: Deoxys|142/221|[from] item: Leftovers\n|upkeep\n|turn|10\n|inactive|Time left: 300 sec this turn | 300 sec total\n|\n|t:|1783563872\n|move|p1a: Tornadus|Bleakwind Storm|p2a: Deoxys|[miss]\n|-miss|p1a: Tornadus|p2a: Deoxys\n|move|p2a: Deoxys|Recover|p2a: Deoxys\n|-heal|p2a: Deoxys|221/221\n|\n|upkeep\n|turn|11\n|inactive|Time left: 300 sec this turn | 300 sec total\n|\n|t:|1783563873\n|move|p1a: Tornadus|Bleakwind Storm|p2a: Deoxys\n|-damage|p2a: Deoxys|113/221\n|move|p2a: Deoxys|Cosmic Power|p2a: Deoxys\n|-boost|p2a: Deoxys|def|1\n|-boost|p2a: Deoxys|spd|1\n|\n|-heal|p2a: Deoxys|126/221|[from] item: Leftovers\n|upkeep\n|turn|12\n|inactive|Time left: 300 sec this turn | 300 sec total\n|\n|t:|1783563874\n|move|p1a: Tornadus|Bleakwind Storm|p2a: Deoxys\n|-damage|p2a: Deoxys|54/221\n|move|p2a: Deoxys|Recover|p2a: Deoxys\n|-heal|p2a: Deoxys|165/221\n|\n|-heal|p2a: Deoxys|178/221|[from] item: Leftovers\n|upkeep\n|turn|13\n|inactive|Time left: 300 sec this turn | 300 sec total\n|\n|t:|1783563875\n|move|p1a: Tornadus|Bleakwind Storm|p2a: Deoxys\n|-damage|p2a: Deoxys|105/221\n|-unboost|p2a: Deoxys|spe|1\n|move|p2a: Deoxys|Cosmic Power|p2a: Deoxys\n|-boost|p2a: Deoxys|def|1\n|-boost|p2a: Deoxys|spd|1\n|\n|-heal|p2a: Deoxys|118/221|[from] item: Leftovers\n|upkeep\n|turn|14\n|inactive|Time left: 300 sec this turn | 300 sec total\n|\n|t:|1783563876\n|move|p1a: Tornadus|Bleakwind Storm|p2a: Deoxys|[miss]\n|-miss|p1a: Tornadus|p2a: Deoxys\n|move|p2a: Deoxys|Recover|p2a: Deoxys\n|-heal|p2a: Deoxys|221/221\n|\n|upkeep\n|turn|15\n|inactive|Time left: 300 sec this turn | 300 sec total\n|\n|t:|1783563877\n|move|p1a: Tornadus|Bleakwind Storm|p2a: Deoxys\n|-damage|p2a: Deoxys|169/221\n|-unboost|p2a: Deoxys|spe|1\n|move|p2a: Deoxys|Stored Power|p1a: Tornadus\n|-damage|p1a: Tornadus|62/100\n|\n|-heal|p2a: Deoxys|182/221|[from] item: Leftovers\n|upkeep\n|turn|16\n|inactive|Time left: 300 sec this turn | 300 sec total\n|\n|t:|1783563878\n|switch|p1a: Sawsbuck|Sawsbuck, L88, M|84/100\n|move|p2a: Deoxys|Stored Power|p1a: Sawsbuck\n|-damage|p1a: Sawsbuck|51/100\n|\n|-heal|p2a: Deoxys|195/221|[from] item: Leftovers\n|upkeep\n|turn|17\n|inactive|Time left: 300 sec this turn | 300 sec total\n|\n|t:|1783563879\n|move|p1a: Sawsbuck|Swords Dance|p1a: Sawsbuck\n|-boost|p1a: Sawsbuck|atk|2\n|move|p2a: Deoxys|Stored Power|p1a: Sawsbuck\n|-damage|p1a: Sawsbuck|16/100\n|\n|-heal|p2a: Deoxys|208/221|[from] item: Leftovers\n|upkeep\n|turn|18\n|inactive|Time left: 300 sec this turn | 300 sec total\n|\n|t:|1783563880\n|move|p1a: Sawsbuck|Horn Leech|p2a: Deoxys\n|-damage|p2a: Deoxys|142/221\n|-heal|p1a: Sawsbuck|28/100|[from] drain|[of] p2a: Deoxys\n|-damage|p1a: Sawsbuck|18/100|[from] item: Life Orb\n|move|p2a: Deoxys|Stored Power|p1a: Sawsbuck\n|-damage|p1a: Sawsbuck|0 fnt\n|faint|p1a: Sawsbuck\n|\n|-heal|p2a: Deoxys|155/221|[from] item: Leftovers\n|upkeep\n|\n|t:|1783563881\n|switch|p1a: Volcanion|Volcanion, L79|100/100\n|turn|19\n|inactive|Time left: 300 sec this turn | 300 sec total\n|\n|t:|1783563882\n|move|p1a: Volcanion|Flamethrower|p2a: Deoxys\n|-damage|p2a: Deoxys|124/221\n|move|p2a: Deoxys|Recover|p2a: Deoxys\n|-heal|p2a: Deoxys|221/221\n|\n|upkeep\n|turn|20\n|inactive|Time left: 300 sec this turn | 300 sec total\n|\n|t:|1783563883\n|move|p1a: Volcanion|Steam Eruption|p2a: Deoxys|[miss]\n|-miss|p1a: Volcanion|p2a: Deoxys\n|move|p2a: Deoxys|Stored Power|p1a: Volcanion\n|-damage|p1a: Volcanion|67/100\n|\n|upkeep\n|turn|21\n|inactive|Time left: 300 sec this turn | 300 sec total\n|\n|t:|1783563884\n|move|p1a: Volcanion|Flamethrower|p2a: Deoxys\n|-damage|p2a: Deoxys|188/221\n|move|p2a: Deoxys|Stored Power|p1a: Volcanion\n|-damage|p1a: Volcanion|34/100\n|\n|-heal|p2a: Deoxys|201/221|[from] item: Leftovers\n|upkeep\n|turn|22\n|inactive|Time left: 300 sec this turn | 300 sec total\n|\n|t:|1783563885\n|move|p1a: Volcanion|Flamethrower|p2a: Deoxys\n|-damage|p2a: Deoxys|165/221\n|move|p2a: Deoxys|Night Shade|p1a: Volcanion\n|-damage|p1a: Volcanion|1/100\n|\n|-heal|p2a: Deoxys|178/221|[from] item: Leftovers\n|upkeep\n|turn|23\n|inactive|Time left: 300 sec this turn | 300 sec total\n|\n|t:|1783563886\n|move|p1a: Volcanion|Flamethrower|p2a: Deoxys\n|-damage|p2a: Deoxys|144/221\n|move|p2a: Deoxys|Stored Power|p1a: Volcanion\n|-damage|p1a: Volcanion|0 fnt\n|faint|p1a: Volcanion\n|\n|-heal|p2a: Deoxys|157/221|[from] item: Leftovers\n|upkeep\n|\n|t:|1783563887\n|switch|p1a: Politoed|Politoed, L88, F|100/100\n|-weather|RainDance|[from] ability: Drizzle|[of] p1a: Politoed\n|turn|24\n|inactive|Time left: 300 sec this turn | 300 sec total\n|\n|t:|1783563889\n|move|p1a: Politoed|Surf|p2a: Deoxys\n|-crit|p2a: Deoxys\n|-damage|p2a: Deoxys|9/221\n|move|p2a: Deoxys|Recover|p2a: Deoxys\n|-heal|p2a: Deoxys|120/221\n|\n|-weather|RainDance|[upkeep]\n|-heal|p2a: Deoxys|133/221|[from] item: Leftovers\n|upkeep\n|turn|25\n|inactive|Time left: 300 sec this turn | 300 sec total\n|\n|t:|1783563890\n|move|p1a: Politoed|Surf|p2a: Deoxys\n|-damage|p2a: Deoxys|85/221\n|move|p2a: Deoxys|Recover|p2a: Deoxys\n|-heal|p2a: Deoxys|196/221\n|\n|-weather|RainDance|[upkeep]\n|-heal|p2a: Deoxys|209/221|[from] item: Leftovers\n|upkeep\n|turn|26\n|inactive|Time left: 300 sec this turn | 300 sec total\n|\n|t:|1783563891\n|move|p1a: Politoed|Surf|p2a: Deoxys\n|-damage|p2a: Deoxys|161/221\n|move|p2a: Deoxys|Night Shade|p1a: Politoed\n|-damage|p1a: Politoed|73/100\n|\n|-weather|RainDance|[upkeep]\n|-heal|p2a: Deoxys|174/221|[from] item: Leftovers\n|upkeep\n|turn|27\n|inactive|Time left: 300 sec this turn | 300 sec total\n|\n|t:|1783563892\n|move|p1a: Politoed|Surf|p2a: Deoxys\n|-damage|p2a: Deoxys|128/221\n|move|p2a: Deoxys|Stored Power|p1a: Politoed\n|-damage|p1a: Politoed|48/100\n|\n|-weather|RainDance|[upkeep]\n|-heal|p2a: Deoxys|141/221|[from] item: Leftovers\n|upkeep\n|turn|28\n|inactive|Time left: 300 sec this turn | 300 sec total\n|\n|t:|1783563894\n|move|p1a: Politoed|Rest|p1a: Politoed\n|-status|p1a: Politoed|slp|[from] move: Rest\n|-heal|p1a: Politoed|100/100 slp|[silent]\n|-enditem|p1a: Politoed|Chesto Berry|[eat]\n|-curestatus|p1a: Politoed|slp|[msg]\n|move|p2a: Deoxys|Recover|p2a: Deoxys\n|-heal|p2a: Deoxys|221/221\n|\n|-weather|none\n|upkeep\n|turn|29\n|inactive|Time left: 300 sec this turn | 300 sec total\n|\n|t:|1783563895\n|move|p1a: Politoed|Encore||[still]\n|-fail|p1a: Politoed\n|move|p2a: Deoxys|Night Shade|p1a: Politoed\n|-damage|p1a: Politoed|73/100\n|\n|upkeep\n|turn|30\n|inactive|Time left: 300 sec this turn | 300 sec total\n|\n|t:|1783563896\n|move|p1a: Politoed|Ice Beam|p2a: Deoxys\n|-damage|p2a: Deoxys|200/221\n|move|p2a: Deoxys|Stored Power|p1a: Politoed\n|-damage|p1a: Politoed|48/100\n|\n|-heal|p2a: Deoxys|213/221|[from] item: Leftovers\n|upkeep\n|turn|31\n|inactive|Time left: 300 sec this turn | 300 sec total\n|\n|t:|1783563897\n|move|p1a: Politoed|Ice Beam|p2a: Deoxys\n|-damage|p2a: Deoxys|192/221\n|move|p2a: Deoxys|Stored Power|p1a: Politoed\n|-damage|p1a: Politoed|25/100\n|\n|-heal|p2a: Deoxys|205/221|[from] item: Leftovers\n|upkeep\n|turn|32\n|inactive|Time left: 300 sec this turn | 300 sec total\n|\n|t:|1783563899\n|move|p1a: Politoed|Rest|p1a: Politoed\n|-status|p1a: Politoed|slp|[from] move: Rest\n|-heal|p1a: Politoed|100/100 slp|[silent]\n|move|p2a: Deoxys|Night Shade|p1a: Politoed\n|-damage|p1a: Politoed|73/100 slp\n|\n|-heal|p2a: Deoxys|218/221|[from] item: Leftovers\n|upkeep\n|turn|33\n|inactive|Time left: 300 sec this turn | 300 sec total\n|\n|t:|1783563900\n|switch|p1a: Tornadus|Tornadus, L82, M|62/100\n|move|p2a: Deoxys|Night Shade|p1a: Tornadus\n|-damage|p1a: Tornadus|31/100\n|\n|-heal|p2a: Deoxys|221/221|[from] item: Leftovers\n|upkeep\n|turn|34\n|inactive|Time left: 300 sec this turn | 300 sec total\n|\n|t:|1783563901\n|move|p1a: Tornadus|U-turn|p2a: Deoxys\n|-supereffective|p2a: Deoxys\n|-damage|p2a: Deoxys|187/221\n|\n|t:|1783563902\n|switch|p1a: Politoed|Politoed, L88, F|73/100 slp|[from] U-turn\n|-weather|RainDance|[from] ability: Drizzle|[of] p1a: Politoed\n|move|p2a: Deoxys|Stored Power|p1a: Politoed\n|-damage|p1a: Politoed|50/100 slp\n|\n|-weather|RainDance|[upkeep]\n|-heal|p2a: Deoxys|200/221|[from] item: Leftovers\n|upkeep\n|turn|35\n|inactive|Time left: 300 sec this turn | 300 sec total\n|\n|t:|1783563903\n|cant|p1a: Politoed|slp\n|move|p2a: Deoxys|Night Shade|p1a: Politoed\n|-damage|p1a: Politoed|22/100 slp\n|\n|-weather|RainDance|[upkeep]\n|-heal|p2a: Deoxys|213/221|[from] item: Leftovers\n|upkeep\n|turn|36\n|inactive|Time left: 300 sec this turn | 300 sec total\n|\n|t:|1783563904\n|cant|p1a: Politoed|slp\n|move|p2a: Deoxys|Night Shade|p1a: Politoed\n|-damage|p1a: Politoed|0 fnt\n|faint|p1a: Politoed\n|\n|-weather|RainDance|[upkeep]\n|-heal|p2a: Deoxys|221/221|[from] item: Leftovers\n|upkeep\n|\n|t:|1783563906\n|switch|p1a: Tornadus|Tornadus, L82, M|31/100\n|turn|37\n|inactive|Time left: 300 sec this turn | 300 sec total\n|\n|t:|1783563906\n|move|p1a: Tornadus|Focus Blast|p2a: Deoxys\n|-resisted|p2a: Deoxys\n|-damage|p2a: Deoxys|198/221\n|move|p2a: Deoxys|Stored Power|p1a: Tornadus\n|-damage|p1a: Tornadus|0 fnt\n|faint|p1a: Tornadus\n|\n|win|p0y205949ad", "uploadtime": 1783563906, "views": 0, "rating": 0, "private": 0, "password": null, "_winner": "p0y205949ad", "_our_name": "p0y205949ad"}