{"id": "battle-gen9randombattle-1437", "formatid": "gen9randombattle", "format": "[Gen 9] Random Battle", "players": ["p0x1437d2f1", "p0y14375c07"], "log": "|init|battle\n|title|p0x1437d2f1 vs. p0y14375c07\n|j|\u2606p0x1437d2f1\n|j|\u2606p0y14375c07\n|t:|1783555806\n|gametype|singles\n|player|p1|p0x1437d2f1|1|\n|player|p2|p0y14375c07|170|\n|gen|9\n|tier|[Gen 9] Random Battle\n|rule|Species Clause: Limit one of each Pok\u00e9mon\n|rule|HP Percentage Mod: HP is shown in percentages\n|rule|Sleep Clause Mod: Limit one foe put to sleep\n|rule|Illusion Level Mod: Illusion disguises the Pok\u00e9mon's true level\n|\n|t:|1783555806\n|teamsize|p1|6\n|teamsize|p2|6\n|start\n|switch|p1a: Urshifu|Urshifu-Rapid-Strike, L75, F|100/100\n|switch|p2a: Bastiodon|Bastiodon, L89, F|252/252\n|turn|1\n|inactive|Battle timer is ON: inactive players will automatically lose when time's up. (requested by p0x1437d2f1)\n|inactive|Time left: 300 sec this turn | 300 sec total | 60 sec grace\n|inactive|p0y14375c07 also wants the timer to be on.\n|\n|t:|1783555808\n|-terastallize|p2a: Bastiodon|Fighting\n|move|p1a: Urshifu|Close Combat|p2a: Bastiodon\n|-damage|p2a: Bastiodon|155/252\n|-unboost|p1a: Urshifu|def|1\n|-unboost|p1a: Urshifu|spd|1\n|-damage|p1a: Urshifu|91/100|[from] item: Life Orb\n|move|p2a: Bastiodon|Body Press|p1a: Urshifu\n|-damage|p1a: Urshifu|10/100\n|\n|upkeep\n|turn|2\n|inactive|Time left: 300 sec this turn | 300 sec total\n|\n|t:|1783555809\n|switch|p1a: Okidogi|Okidogi, L77, M|100/100\n|move|p2a: Bastiodon|Rest|p2a: Bastiodon\n|-status|p2a: Bastiodon|slp|[from] move: Rest\n|-heal|p2a: Bastiodon|252/252 slp|[silent]\n|-enditem|p2a: Bastiodon|Chesto Berry|[eat]\n|-curestatus|p2a: Bastiodon|slp|[msg]\n|\n|upkeep\n|turn|3\n|inactive|Time left: 300 sec this turn | 300 sec total\n|\n|t:|1783555810\n|switch|p2a: Masquerain|Masquerain, L87, F|264/264\n|-ability|p2a: Masquerain|Intimidate|boost\n|-unboost|p1a: Okidogi|atk|1\n|move|p1a: Okidogi|Bulk Up|p1a: Okidogi\n|-boost|p1a: Okidogi|atk|1\n|-boost|p1a: Okidogi|def|1\n|\n|upkeep\n|turn|4\n|inactive|Time left: 300 sec this turn | 300 sec total\n|\n|t:|1783555811\n|move|p2a: Masquerain|Sticky Web|p1a: Okidogi\n|-sidestart|p1: p0x1437d2f1|move: Sticky Web\n|move|p1a: Okidogi|Gunk Shot|p2a: Masquerain\n|-damage|p2a: Masquerain|113/264\n|-status|p2a: Masquerain|psn\n|\n|-damage|p2a: Masquerain|80/264 psn|[from] psn\n|upkeep\n|turn|5\n|inactive|Time left: 300 sec this turn | 300 sec total\n|\n|t:|1783555812\n|move|p2a: Masquerain|Hurricane|p1a: Okidogi|[miss]\n|-miss|p2a: Masquerain|p1a: Okidogi\n|move|p1a: Okidogi|Gunk Shot|p2a: Masquerain\n|-damage|p2a: Masquerain|0 fnt\n|faint|p2a: Masquerain\n|\n|upkeep\n|inactive|Time left: 300 sec this turn | 300 sec total | 5 sec grace\n|\n|t:|1783555813\n|switch|p2a: Groudon|Groudon, L72|263/263\n|-weather|SunnyDay|[from] ability: Drought|[of] p2a: Groudon\n|turn|6\n|inactive|Time left: 300 sec this turn | 300 sec total\n|\n|t:|1783555814\n|move|p2a: Groudon|Swords Dance|p2a: Groudon\n|-boost|p2a: Groudon|atk|2\n|move|p1a: Okidogi|Bulk Up|p1a: Okidogi\n|-boost|p1a: Okidogi|atk|1\n|-boost|p1a: Okidogi|def|1\n|\n|-weather|SunnyDay|[upkeep]\n|upkeep\n|turn|7\n|inactive|Time left: 300 sec this turn | 300 sec total\n|\n|t:|1783555815\n|-terastallize|p1a: Okidogi|Dark\n|move|p2a: Groudon|Precipice Blades|p1a: Okidogi\n|-damage|p1a: Okidogi|59/100\n|move|p1a: Okidogi|Knock Off|p2a: Groudon\n|-crit|p2a: Groudon\n|-damage|p2a: Groudon|74/263\n|-enditem|p2a: Groudon|Leftovers|[from] move: Knock Off|[of] p1a: Okidogi\n|\n|-weather|SunnyDay|[upkeep]\n|-heal|p1a: Okidogi|65/100|[from] item: Leftovers\n|upkeep\n|turn|8\n|inactive|Time left: 300 sec this turn | 300 sec total\n|\n|t:|1783555816\n|move|p2a: Groudon|Heat Crash|p1a: Okidogi\n|-damage|p1a: Okidogi|22/100\n|move|p1a: Okidogi|Drain Punch|p2a: Groudon\n|-damage|p2a: Groudon|0 fnt\n|-heal|p1a: Okidogi|36/100|[from] drain|[of] p2a: Groudon\n|faint|p2a: Groudon\n|\n|-weather|SunnyDay|[upkeep]\n|-heal|p1a: Okidogi|42/100|[from] item: Leftovers\n|upkeep\n|inactive|Time left: 300 sec this turn | 300 sec total | 5 sec grace\n|\n|t:|1783555817\n|switch|p2a: Bastiodon|Bastiodon, L89, F, tera:Fighting|252/252\n|turn|9\n|inactive|Time left: 300 sec this turn | 300 sec total\n|\n|t:|1783555817\n|move|p1a: Okidogi|Drain Punch|p2a: Bastiodon\n|-damage|p2a: Bastiodon|185/252\n|-heal|p1a: Okidogi|55/100|[from] drain|[of] p2a: Bastiodon\n|move|p2a: Bastiodon|Body Press|p1a: Okidogi\n|-supereffective|p1a: Okidogi\n|-damage|p1a: Okidogi|9/100\n|\n|-weather|SunnyDay|[upkeep]\n|-heal|p1a: Okidogi|15/100|[from] item: Leftovers\n|upkeep\n|turn|10\n|inactive|Time left: 300 sec this turn | 300 sec total\n|\n|t:|1783555818\n|move|p1a: Okidogi|Gunk Shot|p2a: Bastiodon\n|-damage|p2a: Bastiodon|70/252\n|move|p2a: Bastiodon|Body Press|p1a: Okidogi\n|-supereffective|p1a: Okidogi\n|-damage|p1a: Okidogi|0 fnt\n|faint|p1a: Okidogi\n|\n|-weather|none\n|upkeep\n|\n|t:|1783555819\n|switch|p1a: Urshifu|Urshifu-Rapid-Strike, L75, F|10/100\n|-activate|p1a: Urshifu|move: Sticky Web\n|-unboost|p1a: Urshifu|spe|1\n|turn|11\n|inactive|Time left: 300 sec this turn | 300 sec total\n|\n|t:|1783555820\n|switch|p2a: Kommo-o|Kommo-o, L77, M|242/242\n|move|p1a: Urshifu|Close Combat|p2a: Kommo-o\n|-damage|p2a: Kommo-o|108/242\n|-unboost|p1a: Urshifu|def|1\n|-unboost|p1a: Urshifu|spd|1\n|-damage|p1a: Urshifu|0 fnt|[from] item: Life Orb\n|faint|p1a: Urshifu\n|\n|upkeep\n|\n|t:|1783555821\n|switch|p1a: Mandibuzz|Mandibuzz, L85, F|100/100\n|turn|12\n|inactive|Time left: 300 sec this turn | 300 sec total\n|\n|t:|1783555822\n|move|p1a: Mandibuzz|Brave Bird|p2a: Kommo-o\n|-supereffective|p2a: Kommo-o\n|-damage|p2a: Kommo-o|0 fnt\n|faint|p2a: Kommo-o\n|-damage|p1a: Mandibuzz|89/100|[from] Recoil\n|\n|upkeep\n|inactive|Time left: 300 sec this turn | 300 sec total | 5 sec grace\n|\n|t:|1783555823\n|switch|p2a: Arbok|Arbok, L87, F|246/246\n|-ability|p2a: Arbok|Intimidate|boost\n|-unboost|p1a: Mandibuzz|atk|1\n|turn|13\n|inactive|Time left: 300 sec this turn | 300 sec total\n|\n|t:|1783555824\n|switch|p1a: Gliscor|Gliscor, L76, M|100/100\n|move|p2a: Arbok|Gunk Shot|p1a: Gliscor\n|-resisted|p1a: Gliscor\n|-damage|p1a: Gliscor|70/100\n|-damage|p2a: Arbok|222/246|[from] item: Life Orb\n|\n|-status|p1a: Gliscor|tox|[from] item: Toxic Orb\n|upkeep\n|turn|14\n|inactive|Time left: 300 sec this turn | 300 sec total\n|\n|t:|1783555825\n|switch|p2a: Bastiodon|Bastiodon, L89, F, tera:Fighting|70/252\n|move|p1a: Gliscor|Earthquake|p2a: Bastiodon\n|-crit|p2a: Bastiodon\n|-damage|p2a: Bastiodon|0 fnt\n|faint|p2a: Bastiodon\n|\n|-heal|p1a: Gliscor|82/100 tox|[from] ability: Poison Heal\n|upkeep\n|inactive|Time left: 300 sec this turn | 300 sec total | 5 sec grace\n|\n|t:|1783555826\n|switch|p2a: Arbok|Arbok, L87, F|222/246\n|-ability|p2a: Arbok|Intimidate|boost\n|-unboost|p1a: Gliscor|atk|1\n|turn|15\n|inactive|Time left: 300 sec this turn | 300 sec total\n|\n|t:|1783555826\n|move|p2a: Arbok|Knock Off|p1a: Gliscor\n|-damage|p1a: Gliscor|51/100 tox\n|-enditem|p1a: Gliscor|Toxic Orb|[from] move: Knock Off|[of] p2a: Arbok\n|-damage|p2a: Arbok|198/246|[from] item: Life Orb\n|move|p1a: Gliscor|Earthquake|p2a: Arbok\n|-supereffective|p2a: Arbok\n|-damage|p2a: Arbok|54/246\n|\n|-heal|p1a: Gliscor|63/100 tox|[from] ability: Poison Heal\n|upkeep\n|turn|16\n|inactive|Time left: 300 sec this turn | 300 sec total\n|\n|t:|1783555827\n|move|p2a: Arbok|Gunk Shot|p1a: Gliscor|[miss]\n|-miss|p2a: Arbok|p1a: Gliscor\n|move|p1a: Gliscor|Earthquake|p2a: Arbok\n|-supereffective|p2a: Arbok\n|-damage|p2a: Arbok|0 fnt\n|faint|p2a: Arbok\n|\n|-heal|p1a: Gliscor|75/100 tox|[from] ability: Poison Heal\n|upkeep\n|inactive|Time left: 300 sec this turn | 300 sec total | 5 sec grace\n|\n|t:|1783555828\n|switch|p2a: Seviper|Seviper, L93, F|287/287\n|turn|17\n|inactive|Time left: 300 sec this turn | 300 sec total\n|\n|t:|1783555829\n|move|p2a: Seviper|Giga Drain|p1a: Gliscor\n|-damage|p1a: Gliscor|38/100 tox\n|move|p1a: Gliscor|Earthquake|p2a: Seviper\n|-supereffective|p2a: Seviper\n|-damage|p2a: Seviper|143/287\n|\n|-heal|p1a: Gliscor|50/100 tox|[from] ability: Poison Heal\n|upkeep\n|turn|18\n|inactive|Time left: 300 sec this turn | 300 sec total\n|\n|t:|1783555830\n|switch|p1a: Sawsbuck|Sawsbuck-Winter, L88, F|100/100\n|-activate|p1a: Sawsbuck|move: Sticky Web\n|-unboost|p1a: Sawsbuck|spe|1\n|move|p2a: Seviper|Giga Drain|p1a: Sawsbuck\n|-resisted|p1a: Sawsbuck\n|-damage|p1a: Sawsbuck|88/100\n|-heal|p2a: Seviper|161/287|[from] drain|[of] p1a: Sawsbuck\n|\n|upkeep\n|turn|19\n|inactive|Time left: 300 sec this turn | 300 sec total\n|\n|t:|1783555831\n|move|p2a: Seviper|Giga Drain|p1a: Sawsbuck\n|-resisted|p1a: Sawsbuck\n|-damage|p1a: Sawsbuck|74/100\n|-heal|p2a: Seviper|181/287|[from] drain|[of] p1a: Sawsbuck\n|move|p1a: Sawsbuck|High Horsepower|p2a: Seviper\n|-supereffective|p2a: Seviper\n|-damage|p2a: Seviper|0 fnt\n|faint|p2a: Seviper\n|-damage|p1a: Sawsbuck|65/100|[from] item: Life Orb\n|\n|win|p0x1437d2f1", "uploadtime": 1783555831, "views": 0, "rating": 0, "private": 0, "password": null, "_winner": "p0x1437d2f1", "_our_name": "p0y14375c07"}