{"id": "battle-gen9randombattle-121", "formatid": "gen9randombattle", "format": "[Gen 9] Random Battle", "players": ["p0x1215e60", "p0y1214fa0"], "log": "|init|battle\n|title|p0x1215e60 vs. p0y1214fa0\n|j|\u2606p0x1215e60\n|j|\u2606p0y1214fa0\n|t:|1783540887\n|gametype|singles\n|player|p1|p0x1215e60|2|\n|player|p2|p0y1214fa0|101|\n|gen|9\n|tier|[Gen 9] Random Battle\n|rule|Species Clause: Limit one of each Pok\u00e9mon\n|rule|HP Percentage Mod: HP is shown in percentages\n|rule|Sleep Clause Mod: Limit one foe put to sleep\n|rule|Illusion Level Mod: Illusion disguises the Pok\u00e9mon's true level\n|\n|t:|1783540887\n|teamsize|p1|6\n|teamsize|p2|6\n|start\n|switch|p1a: Lilligant|Lilligant-Hisui, L79, F|100/100\n|switch|p2a: Duraludon|Duraludon, L82, F|249/249\n|turn|1\n|inactive|Battle timer is ON: inactive players will automatically lose when time's up. (requested by p0x1215e60)\n|inactive|Time left: 300 sec this turn | 300 sec total | 60 sec grace\n|\n|t:|1783540888\n|move|p1a: Lilligant|Victory Dance|p1a: Lilligant\n|-boost|p1a: Lilligant|atk|1\n|-boost|p1a: Lilligant|def|1\n|-boost|p1a: Lilligant|spe|1\n|move|p2a: Duraludon|Flash Cannon|p1a: Lilligant\n|-damage|p1a: Lilligant|53/100\n|\n|upkeep\n|turn|2\n|inactive|Time left: 300 sec this turn | 300 sec total\n|inactive|p0y1214fa0 also wants the timer to be on.\n|\n|t:|1783540889\n|switch|p2a: Slowking|Slowking-Galar, L85, M|300/300\n|move|p1a: Lilligant|Close Combat|p2a: Slowking\n|-resisted|p2a: Slowking\n|-damage|p2a: Slowking|204/300\n|-unboost|p1a: Lilligant|def|1\n|-unboost|p1a: Lilligant|spd|1\n|-damage|p1a: Lilligant|43/100|[from] item: Life Orb\n|\n|upkeep\n|turn|3\n|inactive|Time left: 300 sec this turn | 300 sec total\n|\n|t:|1783540890\n|move|p1a: Lilligant|Leaf Blade|p2a: Slowking\n|-resisted|p2a: Slowking\n|-crit|p2a: Slowking\n|-damage|p2a: Slowking|13/300\n|-damage|p1a: Lilligant|33/100|[from] item: Life Orb\n|move|p2a: Slowking|Psychic Noise|p1a: Lilligant\n|-supereffective|p1a: Lilligant\n|-damage|p1a: Lilligant|0 fnt\n|faint|p1a: Lilligant\n|\n|upkeep\n|\n|t:|1783540891\n|switch|p1a: Mamoswine|Mamoswine, L81, F|100/100\n|turn|4\n|inactive|Time left: 300 sec this turn | 300 sec total\n|\n|t:|1783540892\n|switch|p2a: Duraludon|Duraludon, L82, F|249/249\n|move|p1a: Mamoswine|Earthquake|p2a: Duraludon\n|-supereffective|p2a: Duraludon\n|-crit|p2a: Duraludon\n|-damage|p2a: Duraludon|0 fnt\n|faint|p2a: Duraludon\n|\n|upkeep\n|inactive|Time left: 300 sec this turn | 300 sec total | 5 sec grace\n|\n|t:|1783540893\n|switch|p2a: Mienshao|Mienshao, L83, M|243/243\n|turn|5\n|inactive|Time left: 300 sec this turn | 300 sec total\n|\n|t:|1783540894\n|move|p2a: Mienshao|High Jump Kick|p1a: Mamoswine\n|-supereffective|p1a: Mamoswine\n|-crit|p1a: Mamoswine\n|-damage|p1a: Mamoswine|0 fnt\n|faint|p1a: Mamoswine\n|\n|upkeep\n|\n|t:|1783540895\n|switch|p1a: Thundurus|Thundurus-Therian, L80, M|100/100\n|turn|6\n|inactive|Time left: 300 sec this turn | 300 sec total\n|\n|t:|1783540896\n|move|p1a: Thundurus|Psychic|p2a: Mienshao\n|-supereffective|p2a: Mienshao\n|-damage|p2a: Mienshao|13/243\n|move|p2a: Mienshao|High Jump Kick|p1a: Thundurus\n|-resisted|p1a: Thundurus\n|-damage|p1a: Thundurus|26/100\n|\n|upkeep\n|turn|7\n|inactive|Time left: 300 sec this turn | 300 sec total\n|\n|t:|1783540898\n|move|p1a: Thundurus|Psychic|p2a: Mienshao\n|-supereffective|p2a: Mienshao\n|-damage|p2a: Mienshao|0 fnt\n|faint|p2a: Mienshao\n|\n|upkeep\n|inactive|Time left: 300 sec this turn | 300 sec total | 5 sec grace\n|\n|t:|1783540899\n|switch|p2a: Slowking|Slowking-Galar, L85, M|113/300\n|turn|8\n|inactive|Time left: 300 sec this turn | 300 sec total\n|\n|t:|1783540900\n|switch|p1a: Suicune|Suicune, L82|100/100\n|-ability|p1a: Suicune|Pressure\n|switch|p2a: Samurott|Samurott, L88, F|310/310\n|\n|upkeep\n|turn|9\n|inactive|Time left: 300 sec this turn | 300 sec total\n|\n|t:|1783540901\n|move|p1a: Suicune|Calm Mind|p1a: Suicune\n|-boost|p1a: Suicune|spa|1\n|-boost|p1a: Suicune|spd|1\n|move|p2a: Samurott|Knock Off|p1a: Suicune\n|-damage|p1a: Suicune|79/100\n|-enditem|p1a: Suicune|Leftovers|[from] move: Knock Off|[of] p2a: Samurott\n|\n|upkeep\n|turn|10\n|inactive|Time left: 300 sec this turn | 300 sec total\n|\n|t:|1783540903\n|move|p1a: Suicune|Calm Mind|p1a: Suicune\n|-boost|p1a: Suicune|spa|1\n|-boost|p1a: Suicune|spd|1\n|move|p2a: Samurott|Megahorn|p1a: Suicune\n|-damage|p1a: Suicune|52/100\n|\n|upkeep\n|turn|11\n|inactive|Time left: 300 sec this turn | 300 sec total\n|\n|t:|1783540904\n|move|p1a: Suicune|Scald|p2a: Samurott\n|-resisted|p2a: Samurott\n|-damage|p2a: Samurott|256/310\n|move|p2a: Samurott|Megahorn|p1a: Suicune\n|-damage|p1a: Suicune|26/100\n|\n|upkeep\n|turn|12\n|inactive|Time left: 300 sec this turn | 300 sec total\n|\n|t:|1783540906\n|move|p1a: Suicune|Scald|p2a: Samurott\n|-resisted|p2a: Samurott\n|-damage|p2a: Samurott|196/310\n|move|p2a: Samurott|Megahorn|p1a: Suicune\n|-damage|p1a: Suicune|0 fnt\n|faint|p1a: Suicune\n|\n|upkeep\n|\n|t:|1783540907\n|switch|p1a: Thundurus|Thundurus-Therian, L80, M|26/100\n|turn|13\n|inactive|Time left: 300 sec this turn | 300 sec total\n|\n|t:|1783540908\n|move|p1a: Thundurus|Thunderbolt|p2a: Samurott\n|-supereffective|p2a: Samurott\n|-damage|p2a: Samurott|0 fnt\n|faint|p2a: Samurott\n|\n|upkeep\n|inactive|Time left: 300 sec this turn | 300 sec total | 5 sec grace\n|\n|t:|1783540909\n|switch|p2a: Slowking|Slowking-Galar, L85, M|213/300\n|turn|14\n|inactive|Time left: 300 sec this turn | 300 sec total\n|\n|t:|1783540911\n|move|p1a: Thundurus|Thunderbolt|p2a: Slowking\n|-damage|p2a: Slowking|143/300\n|move|p2a: Slowking|Psychic Noise|p1a: Thundurus\n|-damage|p1a: Thundurus|0 fnt\n|faint|p1a: Thundurus\n|\n|upkeep\n|\n|t:|1783540912\n|switch|p1a: Goodra|Goodra, L85, M|100/100\n|turn|15\n|inactive|Time left: 300 sec this turn | 300 sec total\n|\n|t:|1783540913\n|switch|p2a: Scream Tail|Scream Tail, L84|330/330\n|move|p1a: Goodra|Knock Off|p2a: Scream Tail\n|-damage|p2a: Scream Tail|257/330\n|-enditem|p2a: Scream Tail|Leftovers|[from] move: Knock Off|[of] p1a: Goodra\n|\n|upkeep\n|turn|16\n|inactive|Time left: 300 sec this turn | 300 sec total\n|\n|t:|1783540915\n|switch|p1a: Avalugg|Avalugg, L88, M|100/100\n|move|p2a: Scream Tail|Wish|p2a: Scream Tail\n|\n|upkeep\n|turn|17\n|inactive|Time left: 300 sec this turn | 300 sec total\n|\n|t:|1783540916\n|-end|p2a: Scream Tail|Protosynthesis|[silent]\n|switch|p2a: Slowking|Slowking-Galar, L85, M|243/300\n|move|p1a: Avalugg|Rapid Spin|p2a: Slowking\n|-damage|p2a: Slowking|192/300\n|-boost|p1a: Avalugg|spe|1\n|\n|-heal|p2a: Slowking|300/300|[from] move: Wish|[wisher] Scream Tail\n|upkeep\n|turn|18\n|inactive|Time left: 300 sec this turn | 300 sec total\n|\n|t:|1783540917\n|move|p2a: Slowking|Psychic Noise|p1a: Avalugg\n|-damage|p1a: Avalugg|56/100\n|-start|p1a: Avalugg|move: Heal Block\n|move|p1a: Avalugg|Avalanche|p2a: Slowking\n|-damage|p2a: Slowking|126/300\n|\n|upkeep\n|turn|19\n|inactive|Time left: 300 sec this turn | 300 sec total\n|\n|t:|1783540918\n|move|p2a: Slowking|Fire Blast|p1a: Avalugg\n|-supereffective|p1a: Avalugg\n|-damage|p1a: Avalugg|0 fnt\n|faint|p1a: Avalugg\n|\n|upkeep\n|\n|t:|1783540919\n|switch|p1a: Goodra|Goodra, L85, M|100/100\n|turn|20\n|inactive|Time left: 300 sec this turn | 300 sec total\n|\n|t:|1783540920\n|switch|p2a: Scream Tail|Scream Tail, L84|257/330\n|move|p1a: Goodra|Fire Blast|p2a: Scream Tail|[miss]\n|-miss|p1a: Goodra|p2a: Scream Tail\n|\n|upkeep\n|turn|21\n|inactive|Time left: 300 sec this turn | 300 sec total\n|\n|t:|1783540921\n|move|p2a: Scream Tail|Play Rough|p1a: Goodra|[miss]\n|-miss|p2a: Scream Tail|p1a: Goodra\n|move|p1a: Goodra|Fire Blast|p2a: Scream Tail\n|-damage|p2a: Scream Tail|182/330\n|\n|upkeep\n|turn|22\n|inactive|Time left: 300 sec this turn | 300 sec total\n|\n|t:|1783540922\n|move|p2a: Scream Tail|Wish|p2a: Scream Tail\n|move|p1a: Goodra|Power Whip|p2a: Scream Tail|[miss]\n|-miss|p1a: Goodra|p2a: Scream Tail\n|\n|upkeep\n|turn|23\n|inactive|Time left: 300 sec this turn | 300 sec total\n|\n|t:|1783540923\n|-terastallize|p1a: Goodra|Grass\n|move|p2a: Scream Tail|Play Rough|p1a: Goodra\n|-damage|p1a: Goodra|73/100\n|move|p1a: Goodra|Power Whip|p2a: Scream Tail\n|-damage|p2a: Scream Tail|61/330\n|\n|-heal|p2a: Scream Tail|226/330|[from] move: Wish|[wisher] Scream Tail\n|upkeep\n|turn|24\n|inactive|Time left: 300 sec this turn | 300 sec total\n|\n|t:|1783540925\n|move|p2a: Scream Tail|Wish|p2a: Scream Tail\n|move|p1a: Goodra|Power Whip|p2a: Scream Tail\n|-damage|p2a: Scream Tail|91/330\n|\n|upkeep\n|turn|25\n|inactive|Time left: 300 sec this turn | 300 sec total\n|\n|t:|1783540927\n|move|p2a: Scream Tail|Play Rough|p1a: Goodra\n|-damage|p1a: Goodra|47/100\n|move|p1a: Goodra|Power Whip|p2a: Scream Tail\n|-damage|p2a: Scream Tail|0 fnt\n|faint|p2a: Scream Tail\n|-end|p2a: Scream Tail|Protosynthesis|[silent]\n|\n|upkeep\n|inactive|Time left: 300 sec this turn | 300 sec total | 5 sec grace\n|\n|t:|1783540928\n|switch|p2a: Greninja|Greninja, L80, M|246/246\n|turn|26\n|inactive|Time left: 300 sec this turn | 300 sec total\n|\n|t:|1783540929\n|move|p2a: Greninja|U-turn|p1a: Goodra\n|-start|p2a: Greninja|typechange|Bug|[from] ability: Protean\n|-supereffective|p1a: Goodra\n|-damage|p1a: Goodra|0 fnt\n|faint|p1a: Goodra\n|-damage|p2a: Greninja|222/246|[from] item: Life Orb\n|\n|win|p0y1214fa0", "uploadtime": 1783540929, "views": 0, "rating": 0, "private": 0, "password": null, "_winner": "p0y1214fa0", "_our_name": "p0y1214fa0"}