{"id": "battle-gen9randombattle-540", "formatid": "gen9randombattle", "format": "[Gen 9] Random Battle", "players": ["p0x5404eaa", "p0y5403945"], "log": "|init|battle\n|title|p0x5404eaa vs. p0y5403945\n|j|\u2606p0x5404eaa\n|j|\u2606p0y5403945\n|t:|1783545333\n|gametype|singles\n|player|p1|p0x5404eaa|170|\n|player|p2|p0y5403945|266|\n|gen|9\n|tier|[Gen 9] Random Battle\n|rule|Species Clause: Limit one of each Pok\u00e9mon\n|rule|HP Percentage Mod: HP is shown in percentages\n|rule|Sleep Clause Mod: Limit one foe put to sleep\n|rule|Illusion Level Mod: Illusion disguises the Pok\u00e9mon's true level\n|\n|t:|1783545333\n|teamsize|p1|6\n|teamsize|p2|6\n|start\n|switch|p1a: Rillaboom|Rillaboom, L79, M|100/100\n|switch|p2a: Ogerpon|Ogerpon, L80, F|259/259\n|-fieldstart|move: Grassy Terrain|[from] ability: Grassy Surge|[of] p1a: Rillaboom\n|turn|1\n|inactive|Battle timer is ON: inactive players will automatically lose when time's up. (requested by p0y5403945)\n|\n|t:|1783545335\n|move|p2a: Ogerpon|Swords Dance|p2a: Ogerpon\n|-boost|p2a: Ogerpon|atk|2\n|move|p1a: Rillaboom|U-turn|p2a: Ogerpon\n|-supereffective|p2a: Ogerpon\n|-damage|p2a: Ogerpon|99/259\n|inactive|p0x5404eaa also wants the timer to be on.\n|\n|t:|1783545336\n|switch|p1a: Azelf|Azelf, L82|100/100|[from] U-turn\n|\n|-heal|p2a: Ogerpon|115/259|[from] Grassy Terrain\n|upkeep\n|turn|2\n|inactive|Time left: 300 sec this turn | 300 sec total\n|\n|t:|1783545337\n|move|p1a: Azelf|Fire Blast|p2a: Ogerpon\n|-supereffective|p2a: Ogerpon\n|-damage|p2a: Ogerpon|0 fnt\n|faint|p2a: Ogerpon\n|\n|upkeep\n|inactive|Time left: 300 sec this turn | 300 sec total | 5 sec grace\n|\n|t:|1783545338\n|switch|p2a: Roaring Moon|Roaring Moon, L72|270/270\n|turn|3\n|inactive|Time left: 300 sec this turn | 300 sec total\n|\n|t:|1783545339\n|switch|p1a: Incineroar|Incineroar, L82, F|100/100\n|-ability|p1a: Incineroar|Intimidate|boost\n|-unboost|p2a: Roaring Moon|atk|1\n|move|p2a: Roaring Moon|Outrage|p1a: Incineroar\n|-damage|p1a: Incineroar|57/100\n|\n|-heal|p1a: Incineroar|63/100|[from] Grassy Terrain\n|upkeep\n|turn|4\n|inactive|Time left: 300 sec this turn | 300 sec total\n|\n|t:|1783545340\n|-terastallize|p1a: Incineroar|Fighting\n|move|p1a: Incineroar|Close Combat|p2a: Roaring Moon\n|-supereffective|p2a: Roaring Moon\n|-damage|p2a: Roaring Moon|0 fnt\n|-unboost|p1a: Incineroar|def|1\n|-unboost|p1a: Incineroar|spd|1\n|faint|p2a: Roaring Moon\n|-end|p2a: Roaring Moon|Protosynthesis|[silent]\n|\n|-heal|p1a: Incineroar|69/100|[from] Grassy Terrain\n|upkeep\n|inactive|Time left: 300 sec this turn | 300 sec total | 5 sec grace\n|\n|t:|1783545341\n|switch|p2a: Emboar|Emboar, L84, M|322/322\n|turn|5\n|inactive|Time left: 300 sec this turn | 300 sec total\n|\n|t:|1783545342\n|switch|p1a: Reuniclus|Reuniclus, L88, F|100/100\n|move|p2a: Emboar|Flare Blitz|p1a: Reuniclus\n|-damage|p1a: Reuniclus|11/100\n|-damage|p2a: Emboar|222/322|[from] Recoil\n|\n|-heal|p2a: Emboar|242/322|[from] Grassy Terrain\n|-heal|p1a: Reuniclus|17/100|[from] Grassy Terrain\n|-fieldend|move: Grassy Terrain\n|upkeep\n|turn|6\n|inactive|Time left: 300 sec this turn | 300 sec total\n|\n|t:|1783545344\n|switch|p1a: Incineroar|Incineroar, L82, F, tera:Fighting|69/100\n|-ability|p1a: Incineroar|Intimidate|boost\n|-unboost|p2a: Emboar|atk|1\n|move|p2a: Emboar|Flare Blitz|p1a: Incineroar\n|-damage|p1a: Incineroar|7/100\n|-damage|p2a: Emboar|182/322|[from] Recoil\n|\n|upkeep\n|turn|7\n|inactive|Time left: 300 sec this turn | 300 sec total\n|\n|t:|1783545345\n|switch|p2a: Stantler|Stantler, L92, F|284/284\n|-ability|p2a: Stantler|Intimidate|boost\n|-unboost|p1a: Incineroar|atk|1\n|move|p1a: Incineroar|Close Combat|p2a: Stantler\n|-supereffective|p2a: Stantler\n|-damage|p2a: Stantler|144/284\n|-unboost|p1a: Incineroar|def|1\n|-unboost|p1a: Incineroar|spd|1\n|\n|upkeep\n|turn|8\n|inactive|Time left: 300 sec this turn | 300 sec total\n|\n|t:|1783545346\n|switch|p2a: Emboar|Emboar, L84, M|182/322\n|move|p1a: Incineroar|Close Combat|p2a: Emboar\n|-damage|p2a: Emboar|59/322\n|-unboost|p1a: Incineroar|def|1\n|-unboost|p1a: Incineroar|spd|1\n|\n|upkeep\n|turn|9\n|inactive|Time left: 300 sec this turn | 300 sec total\n|\n|t:|1783545347\n|move|p1a: Incineroar|Close Combat|p2a: Emboar\n|-damage|p2a: Emboar|0 fnt\n|-unboost|p1a: Incineroar|def|1\n|-unboost|p1a: Incineroar|spd|1\n|faint|p2a: Emboar\n|\n|upkeep\n|inactive|Time left: 300 sec this turn | 300 sec total | 5 sec grace\n|\n|t:|1783545348\n|switch|p2a: Wugtrio|Wugtrio, L91, M|212/212\n|turn|10\n|inactive|Time left: 300 sec this turn | 300 sec total\n|\n|t:|1783545349\n|switch|p1a: Rillaboom|Rillaboom, L79, M|100/100\n|-fieldstart|move: Grassy Terrain|[from] ability: Grassy Surge|[of] p1a: Rillaboom\n|move|p2a: Wugtrio|Throat Chop|p1a: Rillaboom\n|-damage|p1a: Rillaboom|67/100\n|-start|p1a: Rillaboom|Throat Chop|[silent]\n|\n|-heal|p1a: Rillaboom|73/100|[from] Grassy Terrain\n|upkeep\n|turn|11\n|inactive|Time left: 300 sec this turn | 300 sec total\n|\n|t:|1783545351\n|switch|p2a: Lucario|Lucario, L84, F|255/255\n|move|p1a: Rillaboom|Wood Hammer|p2a: Lucario\n|-resisted|p2a: Lucario\n|-damage|p2a: Lucario|93/255\n|-damage|p1a: Rillaboom|55/100|[from] Recoil\n|\n|-heal|p2a: Lucario|108/255|[from] Grassy Terrain\n|-heal|p1a: Rillaboom|61/100|[from] Grassy Terrain\n|-end|p1a: Rillaboom|Throat Chop|[silent]\n|upkeep\n|turn|12\n|inactive|Time left: 300 sec this turn | 300 sec total\n|\n|t:|1783545352\n|move|p2a: Lucario|Close Combat|p1a: Rillaboom\n|-damage|p1a: Rillaboom|0 fnt\n|-unboost|p2a: Lucario|def|1\n|-unboost|p2a: Lucario|spd|1\n|faint|p1a: Rillaboom\n|-damage|p2a: Lucario|83/255|[from] item: Life Orb\n|\n|-heal|p2a: Lucario|98/255|[from] Grassy Terrain\n|upkeep\n|\n|t:|1783545353\n|switch|p1a: Incineroar|Incineroar, L82, F, tera:Fighting|7/100\n|-ability|p1a: Incineroar|Intimidate|boost\n|-unboost|p2a: Lucario|atk|1\n|turn|13\n|inactive|Time left: 300 sec this turn | 300 sec total\n|\n|t:|1783545354\n|move|p2a: Lucario|Extreme Speed|p1a: Incineroar\n|-damage|p1a: Incineroar|0 fnt\n|faint|p1a: Incineroar\n|-damage|p2a: Lucario|73/255|[from] item: Life Orb\n|\n|-heal|p2a: Lucario|88/255|[from] Grassy Terrain\n|upkeep\n|\n|t:|1783545354\n|switch|p1a: Iron Jugulis|Iron Jugulis, L77|100/100\n|turn|14\n|inactive|Time left: 300 sec this turn | 300 sec total\n|\n|t:|1783545355\n|switch|p2a: Stantler|Stantler, L92, F|144/284\n|-ability|p2a: Stantler|Intimidate|boost\n|-unboost|p1a: Iron Jugulis|atk|1\n|move|p1a: Iron Jugulis|Earth Power|p2a: Stantler\n|-damage|p2a: Stantler|93/284\n|\n|-heal|p2a: Stantler|110/284|[from] Grassy Terrain\n|-fieldend|move: Grassy Terrain\n|upkeep\n|turn|15\n|inactive|Time left: 300 sec this turn | 300 sec total\n|\n|t:|1783545357\n|move|p1a: Iron Jugulis|Meteor Beam||[still]\n|-prepare|p1a: Iron Jugulis|Meteor Beam\n|-boost|p1a: Iron Jugulis|spa|1\n|-enditem|p1a: Iron Jugulis|Power Herb\n|-anim|p1a: Iron Jugulis|Meteor Beam|p2a: Stantler\n|-damage|p2a: Stantler|18/284\n|move|p2a: Stantler|Body Slam|p1a: Iron Jugulis\n|-damage|p1a: Iron Jugulis|59/100\n|\n|upkeep\n|turn|16\n|inactive|Time left: 300 sec this turn | 300 sec total\n|\n|t:|1783545358\n|move|p1a: Iron Jugulis|Dark Pulse|p2a: Stantler\n|-crit|p2a: Stantler\n|-damage|p2a: Stantler|0 fnt\n|faint|p2a: Stantler\n|\n|upkeep\n|inactive|Time left: 300 sec this turn | 300 sec total | 5 sec grace\n|\n|t:|1783545358\n|switch|p2a: Wugtrio|Wugtrio, L91, M|212/212\n|turn|17\n|inactive|Time left: 300 sec this turn | 300 sec total\n|\n|t:|1783545359\n|-end|p1a: Iron Jugulis|Quark Drive|[silent]\n|switch|p1a: Giratina|Giratina-Origin, L72|100/100\n|move|p2a: Wugtrio|Liquidation|p1a: Giratina\n|-resisted|p1a: Giratina\n|-damage|p1a: Giratina|73/100\n|\n|upkeep\n|turn|18\n|inactive|Time left: 300 sec this turn | 300 sec total\n|\n|t:|1783545360\n|move|p2a: Wugtrio|Liquidation|p1a: Giratina\n|-resisted|p1a: Giratina\n|-damage|p1a: Giratina|47/100\n|move|p1a: Giratina|Poltergeist|p2a: Wugtrio\n|-activate|p2a: Wugtrio|move: Poltergeist|Choice Band\n|-damage|p2a: Wugtrio|38/212\n|\n|upkeep\n|turn|19\n|inactive|Time left: 300 sec this turn | 300 sec total\n|\n|t:|1783545361\n|move|p2a: Wugtrio|Liquidation|p1a: Giratina\n|-resisted|p1a: Giratina\n|-damage|p1a: Giratina|23/100\n|-unboost|p1a: Giratina|def|1\n|move|p1a: Giratina|Poltergeist|p2a: Wugtrio\n|-activate|p2a: Wugtrio|move: Poltergeist|Choice Band\n|-damage|p2a: Wugtrio|0 fnt\n|faint|p2a: Wugtrio\n|\n|upkeep\n|inactive|Time left: 300 sec this turn | 300 sec total | 5 sec grace\n|\n|t:|1783545362\n|switch|p2a: Lucario|Lucario, L84, F|88/255\n|turn|20\n|inactive|Time left: 300 sec this turn | 300 sec total\n|\n|t:|1783545363\n|move|p2a: Lucario|Meteor Mash|p1a: Giratina\n|-damage|p1a: Giratina|0 fnt\n|-boost|p2a: Lucario|atk|1\n|faint|p1a: Giratina\n|-damage|p2a: Lucario|63/255|[from] item: Life Orb\n|\n|upkeep\n|\n|t:|1783545363\n|switch|p1a: Azelf|Azelf, L82|100/100\n|turn|21\n|inactive|Time left: 300 sec this turn | 300 sec total\n|\n|t:|1783545364\n|-terastallize|p2a: Lucario|Normal\n|move|p2a: Lucario|Extreme Speed|p1a: Azelf\n|-damage|p1a: Azelf|18/100\n|-damage|p2a: Lucario|38/255|[from] item: Life Orb\n|move|p1a: Azelf|Psychic|p2a: Lucario\n|-damage|p2a: Lucario|0 fnt\n|faint|p2a: Lucario\n|\n|win|p0x5404eaa", "uploadtime": 1783545364, "views": 0, "rating": 0, "private": 0, "password": null, "_winner": "p0x5404eaa", "_our_name": "p0y5403945"}