{"id": "battle-gen9randombattle-2617", "formatid": "gen9randombattle", "format": "[Gen 9] Random Battle", "players": ["p0x2617d46a", "p0y261761c4"], "log": "|init|battle\n|title|p0x2617d46a vs. p0y261761c4\n|j|\u2606p0x2617d46a\n|j|\u2606p0y261761c4\n|t:|1783569230\n|gametype|singles\n|player|p1|p0x2617d46a|170|\n|player|p2|p0y261761c4|170|\n|gen|9\n|tier|[Gen 9] Random Battle\n|rule|Species Clause: Limit one of each Pok\u00e9mon\n|rule|HP Percentage Mod: HP is shown in percentages\n|rule|Sleep Clause Mod: Limit one foe put to sleep\n|rule|Illusion Level Mod: Illusion disguises the Pok\u00e9mon's true level\n|\n|t:|1783569230\n|teamsize|p1|6\n|teamsize|p2|6\n|start\n|switch|p1a: Iron Valiant|Iron Valiant, L78|100/100\n|switch|p2a: Gothitelle|Gothitelle, L90, M|272/272\n|turn|1\n|inactive|Battle timer is ON: inactive players will automatically lose when time's up. (requested by p0y261761c4)\n|inactive|p0x2617d46a also wants the timer to be on.\n|\n|t:|1783569232\n|move|p2a: Gothitelle|Psychic|p1a: Iron Valiant\n|-supereffective|p1a: Iron Valiant\n|-damage|p1a: Iron Valiant|0 fnt\n|faint|p1a: Iron Valiant\n|-end|p1a: Iron Valiant|Quark Drive|[silent]\n|\n|upkeep\n|\n|t:|1783569233\n|switch|p1a: Iron Leaves|Iron Leaves, L80|100/100\n|turn|2\n|inactive|Time left: 300 sec this turn | 300 sec total\n|\n|t:|1783569234\n|switch|p2a: Magearna|Magearna-Original, L77|250/250\n|move|p1a: Iron Leaves|Leaf Blade|p2a: Magearna\n|-resisted|p2a: Magearna\n|-damage|p2a: Magearna|178/250\n|\n|-heal|p2a: Magearna|193/250|[from] item: Leftovers\n|upkeep\n|turn|3\n|inactive|Time left: 300 sec this turn | 300 sec total\n|\n|t:|1783569236\n|switch|p2a: Victreebel|Victreebel, L90, F|290/290\n|move|p1a: Iron Leaves|Leaf Blade|p2a: Victreebel\n|-resisted|p2a: Victreebel\n|-damage|p2a: Victreebel|240/290\n|\n|upkeep\n|turn|4\n|inactive|Time left: 300 sec this turn | 300 sec total\n|\n|t:|1783569237\n|move|p1a: Iron Leaves|Leaf Blade|p2a: Victreebel\n|-resisted|p2a: Victreebel\n|-crit|p2a: Victreebel\n|-damage|p2a: Victreebel|171/290\n|move|p2a: Victreebel|Sludge Wave|p1a: Iron Leaves\n|-supereffective|p1a: Iron Leaves\n|-damage|p1a: Iron Leaves|0 fnt\n|faint|p1a: Iron Leaves\n|-end|p1a: Iron Leaves|Quark Drive|[silent]\n|-damage|p2a: Victreebel|142/290|[from] item: Life Orb\n|\n|upkeep\n|\n|t:|1783569238\n|switch|p1a: Mienshao|Mienshao, L83, F|100/100\n|turn|5\n|inactive|Time left: 300 sec this turn | 300 sec total\n|\n|t:|1783569239\n|move|p1a: Mienshao|High Jump Kick|p2a: Victreebel\n|-resisted|p2a: Victreebel\n|-damage|p2a: Victreebel|0 fnt\n|faint|p2a: Victreebel\n|\n|upkeep\n|inactive|Time left: 300 sec this turn | 300 sec total | 5 sec grace\n|\n|t:|1783569240\n|switch|p2a: Gothitelle|Gothitelle, L90, M|272/272\n|turn|6\n|inactive|Time left: 300 sec this turn | 300 sec total\n|\n|t:|1783569241\n|move|p2a: Gothitelle|Psychic|p1a: Mienshao\n|-supereffective|p1a: Mienshao\n|-damage|p1a: Mienshao|0 fnt\n|faint|p1a: Mienshao\n|\n|upkeep\n|\n|t:|1783569242\n|switch|p1a: Gastrodon|Gastrodon-East, L86, F|100/100\n|turn|7\n|inactive|Time left: 300 sec this turn | 300 sec total\n|\n|t:|1783569243\n|move|p2a: Gothitelle|Psychic|p1a: Gastrodon\n|-damage|p1a: Gastrodon|69/100\n|-unboost|p1a: Gastrodon|spd|1\n|move|p1a: Gastrodon|Stealth Rock|p2a: Gothitelle\n|-sidestart|p2: p0y261761c4|move: Stealth Rock\n|\n|-heal|p1a: Gastrodon|75/100|[from] item: Leftovers\n|upkeep\n|turn|8\n|inactive|Time left: 300 sec this turn | 300 sec total\n|\n|t:|1783569244\n|move|p2a: Gothitelle|Psychic|p1a: Gastrodon\n|-damage|p1a: Gastrodon|26/100\n|move|p1a: Gastrodon|Recover|p1a: Gastrodon\n|-heal|p1a: Gastrodon|76/100\n|\n|-heal|p1a: Gastrodon|82/100|[from] item: Leftovers\n|upkeep\n|turn|9\n|inactive|Time left: 300 sec this turn | 300 sec total\n|\n|t:|1783569245\n|move|p2a: Gothitelle|Psychic|p1a: Gastrodon\n|-damage|p1a: Gastrodon|32/100\n|move|p1a: Gastrodon|Recover|p1a: Gastrodon\n|-heal|p1a: Gastrodon|82/100\n|\n|-heal|p1a: Gastrodon|88/100|[from] item: Leftovers\n|upkeep\n|turn|10\n|inactive|Time left: 300 sec this turn | 300 sec total\n|\n|t:|1783569246\n|move|p2a: Gothitelle|Psychic|p1a: Gastrodon\n|-damage|p1a: Gastrodon|37/100\n|move|p1a: Gastrodon|Recover|p1a: Gastrodon\n|-heal|p1a: Gastrodon|87/100\n|\n|-heal|p1a: Gastrodon|93/100|[from] item: Leftovers\n|upkeep\n|turn|11\n|inactive|Time left: 300 sec this turn | 300 sec total\n|\n|t:|1783569247\n|move|p2a: Gothitelle|Psychic|p1a: Gastrodon\n|-damage|p1a: Gastrodon|44/100\n|move|p1a: Gastrodon|Recover|p1a: Gastrodon\n|-heal|p1a: Gastrodon|94/100\n|\n|-heal|p1a: Gastrodon|100/100|[from] item: Leftovers\n|upkeep\n|turn|12\n|inactive|Time left: 300 sec this turn | 300 sec total\n|\n|t:|1783569248\n|move|p2a: Gothitelle|Psychic|p1a: Gastrodon\n|-damage|p1a: Gastrodon|49/100\n|move|p1a: Gastrodon|Earthquake|p2a: Gothitelle\n|-damage|p2a: Gothitelle|190/272\n|\n|-heal|p1a: Gastrodon|55/100|[from] item: Leftovers\n|upkeep\n|turn|13\n|inactive|Time left: 300 sec this turn | 300 sec total\n|\n|t:|1783569249\n|move|p2a: Gothitelle|Psychic|p1a: Gastrodon\n|-damage|p1a: Gastrodon|4/100\n|move|p1a: Gastrodon|Recover|p1a: Gastrodon\n|-heal|p1a: Gastrodon|54/100\n|\n|-heal|p1a: Gastrodon|60/100|[from] item: Leftovers\n|upkeep\n|turn|14\n|inactive|Time left: 300 sec this turn | 300 sec total\n|\n|t:|1783569250\n|move|p2a: Gothitelle|Psychic|p1a: Gastrodon\n|-damage|p1a: Gastrodon|12/100\n|-unboost|p1a: Gastrodon|spd|1\n|move|p1a: Gastrodon|Recover|p1a: Gastrodon\n|-heal|p1a: Gastrodon|62/100\n|\n|-heal|p1a: Gastrodon|68/100|[from] item: Leftovers\n|upkeep\n|turn|15\n|inactive|Time left: 300 sec this turn | 300 sec total\n|\n|t:|1783569251\n|move|p2a: Gothitelle|Psychic|p1a: Gastrodon\n|-damage|p1a: Gastrodon|4/100\n|move|p1a: Gastrodon|Surf|p2a: Gothitelle\n|-damage|p2a: Gothitelle|109/272\n|\n|-heal|p1a: Gastrodon|10/100|[from] item: Leftovers\n|upkeep\n|turn|16\n|inactive|Time left: 300 sec this turn | 300 sec total\n|\n|t:|1783569252\n|move|p2a: Gothitelle|Psychic|p1a: Gastrodon\n|-damage|p1a: Gastrodon|0 fnt\n|faint|p1a: Gastrodon\n|\n|upkeep\n|\n|t:|1783569253\n|switch|p1a: Clodsire|Clodsire, L81, M|100/100\n|turn|17\n|inactive|Time left: 300 sec this turn | 300 sec total\n|\n|t:|1783569254\n|move|p2a: Gothitelle|Psychic|p1a: Clodsire\n|-supereffective|p1a: Clodsire\n|-damage|p1a: Clodsire|39/100\n|move|p1a: Clodsire|Toxic Spikes|p2a: Gothitelle\n|-sidestart|p2: p0y261761c4|move: Toxic Spikes\n|\n|-heal|p1a: Clodsire|45/100|[from] item: Leftovers\n|upkeep\n|turn|18\n|inactive|Time left: 300 sec this turn | 300 sec total\n|\n|t:|1783569255\n|-terastallize|p1a: Clodsire|Steel\n|move|p2a: Gothitelle|Psychic|p1a: Clodsire\n|-resisted|p1a: Clodsire\n|-damage|p1a: Clodsire|30/100\n|move|p1a: Clodsire|Recover|p1a: Clodsire\n|-heal|p1a: Clodsire|80/100\n|\n|-heal|p1a: Clodsire|86/100|[from] item: Leftovers\n|upkeep\n|turn|19\n|inactive|Time left: 300 sec this turn | 300 sec total\n|\n|t:|1783569256\n|switch|p2a: Magearna|Magearna-Original, L77|193/250\n|-damage|p2a: Magearna|178/250|[from] Stealth Rock\n|move|p1a: Clodsire|Earthquake|p2a: Magearna\n|-supereffective|p2a: Magearna\n|-damage|p2a: Magearna|38/250\n|\n|-heal|p2a: Magearna|53/250|[from] item: Leftovers\n|-heal|p1a: Clodsire|92/100|[from] item: Leftovers\n|upkeep\n|turn|20\n|inactive|Time left: 300 sec this turn | 300 sec total\n|\n|t:|1783569257\n|move|p2a: Magearna|Thunder Wave|p1a: Clodsire\n|-status|p1a: Clodsire|par\n|move|p1a: Clodsire|Earthquake|p2a: Magearna\n|-supereffective|p2a: Magearna\n|-damage|p2a: Magearna|0 fnt\n|faint|p2a: Magearna\n|\n|-heal|p1a: Clodsire|98/100 par|[from] item: Leftovers\n|upkeep\n|inactive|Time left: 300 sec this turn | 300 sec total | 5 sec grace\n|\n|t:|1783569258\n|switch|p2a: Polteageist|Polteageist-Antique, L78|222/222\n|-damage|p2a: Polteageist|195/222|[from] Stealth Rock\n|-status|p2a: Polteageist|psn\n|turn|21\n|inactive|Time left: 300 sec this turn | 300 sec total\n|\n|t:|1783569259\n|switch|p1a: Minun|Minun, L95, F|100/100\n|move|p2a: Polteageist|Shell Smash|p2a: Polteageist\n|-unboost|p2a: Polteageist|def|1\n|-unboost|p2a: Polteageist|spd|1\n|-boost|p2a: Polteageist|atk|2\n|-boost|p2a: Polteageist|spa|2\n|-boost|p2a: Polteageist|spe|2\n|-enditem|p2a: Polteageist|White Herb\n|-clearnegativeboost|p2a: Polteageist|[silent]\n|\n|-damage|p2a: Polteageist|168/222 psn|[from] psn\n|upkeep\n|turn|22\n|inactive|Time left: 300 sec this turn | 300 sec total\n|\n|t:|1783569260\n|move|p2a: Polteageist|Stored Power|p1a: Minun\n|-crit|p1a: Minun\n|-damage|p1a: Minun|0 fnt\n|faint|p1a: Minun\n|\n|-damage|p2a: Polteageist|141/222 psn|[from] psn\n|upkeep\n|\n|t:|1783569261\n|switch|p1a: Clodsire|Clodsire, L81, M, tera:Steel|98/100 par\n|turn|23\n|inactive|Time left: 300 sec this turn | 300 sec total\n|\n|t:|1783569262\n|-terastallize|p2a: Polteageist|Fighting\n|move|p2a: Polteageist|Tera Blast|p1a: Clodsire|[anim] Tera Blast Fighting\n|-supereffective|p1a: Clodsire\n|-damage|p1a: Clodsire|44/100 par\n|move|p1a: Clodsire|Recover|p1a: Clodsire\n|-heal|p1a: Clodsire|94/100 par\n|\n|-heal|p1a: Clodsire|100/100 par|[from] item: Leftovers\n|-damage|p2a: Polteageist|114/222 psn|[from] psn\n|upkeep\n|turn|24\n|inactive|Time left: 300 sec this turn | 300 sec total\n|\n|t:|1783569263\n|move|p2a: Polteageist|Tera Blast|p1a: Clodsire|[anim] Tera Blast Fighting\n|-supereffective|p1a: Clodsire\n|-damage|p1a: Clodsire|44/100 par\n|cant|p1a: Clodsire|par\n|\n|-heal|p1a: Clodsire|50/100 par|[from] item: Leftovers\n|-damage|p2a: Polteageist|87/222 psn|[from] psn\n|upkeep\n|turn|25\n|inactive|Time left: 300 sec this turn | 300 sec total\n|\n|t:|1783569264\n|move|p2a: Polteageist|Tera Blast|p1a: Clodsire|[anim] Tera Blast Fighting\n|-supereffective|p1a: Clodsire\n|-damage|p1a: Clodsire|0 fnt\n|faint|p1a: Clodsire\n|\n|win|p0y261761c4", "uploadtime": 1783569264, "views": 0, "rating": 0, "private": 0, "password": null, "_winner": "p0y261761c4", "_our_name": "p0y261761c4"}