{"id": "battle-gen9randombattle-1025", "formatid": "gen9randombattle", "format": "[Gen 9] Random Battle", "players": ["p0x1025d49f", "p0y10255b27"], "log": "|init|battle\n|title|p0x1025d49f vs. p0y10255b27\n|j|\u2606p0x1025d49f\n|j|\u2606p0y10255b27\n|t:|1783551778\n|gametype|singles\n|player|p1|p0x1025d49f|170|\n|player|p2|p0y10255b27|265|\n|gen|9\n|tier|[Gen 9] Random Battle\n|rule|Species Clause: Limit one of each Pok\u00e9mon\n|rule|HP Percentage Mod: HP is shown in percentages\n|rule|Sleep Clause Mod: Limit one foe put to sleep\n|rule|Illusion Level Mod: Illusion disguises the Pok\u00e9mon's true level\n|\n|t:|1783551778\n|teamsize|p1|6\n|teamsize|p2|6\n|start\n|switch|p1a: Bellossom|Bellossom, L84, F|263/263\n|switch|p2a: Veluza|Veluza, L85, M|100/100\n|turn|1\n|inactive|Battle timer is ON: inactive players will automatically lose when time's up. (requested by p0x1025d49f)\n|inactive|p0y10255b27 also wants the timer to be on.\n|\n|t:|1783551779\n|switch|p2a: Goodra|Goodra-Hisui, L82, F|100/100\n|move|p1a: Bellossom|Giga Drain|p2a: Goodra\n|-ability|p2a: Goodra|Sap Sipper|boost\n|-boost|p2a: Goodra|atk|1\n|\n|upkeep\n|turn|2\n|inactive|Time left: 300 sec this turn | 300 sec total\n|\n|t:|1783551780\n|switch|p1a: Regigigas|Regigigas, L84|322/322\n|-start|p1a: Regigigas|ability: Slow Start\n|move|p2a: Goodra|Heavy Slam|p1a: Regigigas\n|-damage|p1a: Regigigas|273/322\n|\n|-heal|p1a: Regigigas|293/322|[from] item: Leftovers\n|upkeep\n|turn|3\n|inactive|Time left: 300 sec this turn | 300 sec total\n|\n|t:|1783551781\n|move|p2a: Goodra|Earthquake|p1a: Regigigas\n|-damage|p1a: Regigigas|207/322\n|move|p1a: Regigigas|Knock Off|p2a: Goodra\n|-damage|p2a: Goodra|81/100\n|-enditem|p2a: Goodra|Assault Vest|[from] move: Knock Off|[of] p1a: Regigigas\n|\n|-heal|p1a: Regigigas|227/322|[from] item: Leftovers\n|upkeep\n|turn|4\n|inactive|Time left: 300 sec this turn | 300 sec total\n|\n|t:|1783551783\n|move|p1a: Regigigas|Protect|p1a: Regigigas\n|-singleturn|p1a: Regigigas|Protect\n|move|p2a: Goodra|Earthquake|p1a: Regigigas\n|-activate|p1a: Regigigas|move: Protect\n|\n|-heal|p1a: Regigigas|247/322|[from] item: Leftovers\n|upkeep\n|turn|5\n|inactive|Time left: 300 sec this turn | 300 sec total\n|\n|t:|1783551784\n|move|p2a: Goodra|Earthquake|p1a: Regigigas\n|-damage|p1a: Regigigas|164/322\n|move|p1a: Regigigas|Body Slam|p2a: Goodra\n|-resisted|p2a: Goodra\n|-damage|p2a: Goodra|69/100\n|\n|-heal|p1a: Regigigas|184/322|[from] item: Leftovers\n|upkeep\n|turn|6\n|inactive|Time left: 300 sec this turn | 300 sec total\n|\n|t:|1783551785\n|move|p1a: Regigigas|Protect|p1a: Regigigas\n|-singleturn|p1a: Regigigas|Protect\n|move|p2a: Goodra|Heavy Slam|p1a: Regigigas\n|-activate|p1a: Regigigas|move: Protect\n|\n|-heal|p1a: Regigigas|204/322|[from] item: Leftovers\n|upkeep\n|turn|7\n|inactive|Time left: 300 sec this turn | 300 sec total\n|\n|t:|1783551786\n|move|p2a: Goodra|Earthquake|p1a: Regigigas\n|-damage|p1a: Regigigas|115/322\n|move|p1a: Regigigas|Body Slam|p2a: Goodra\n|-resisted|p2a: Goodra\n|-crit|p2a: Goodra\n|-damage|p2a: Goodra|51/100\n|\n|-heal|p1a: Regigigas|135/322|[from] item: Leftovers\n|-end|p1a: Regigigas|Slow Start\n|upkeep\n|turn|8\n|inactive|Time left: 300 sec this turn | 300 sec total\n|\n|t:|1783551788\n|move|p1a: Regigigas|Body Slam|p2a: Goodra\n|-resisted|p2a: Goodra\n|-damage|p2a: Goodra|27/100\n|move|p2a: Goodra|Earthquake|p1a: Regigigas\n|-damage|p1a: Regigigas|52/322\n|\n|-heal|p1a: Regigigas|72/322|[from] item: Leftovers\n|upkeep\n|turn|9\n|inactive|Time left: 300 sec this turn | 300 sec total\n|\n|t:|1783551789\n|move|p1a: Regigigas|Body Slam|p2a: Goodra\n|-resisted|p2a: Goodra\n|-damage|p2a: Goodra|5/100\n|-status|p2a: Goodra|par\n|move|p2a: Goodra|Earthquake|p1a: Regigigas\n|-damage|p1a: Regigigas|0 fnt\n|faint|p1a: Regigigas\n|-end|p1a: Regigigas|Slow Start|[silent]\n|\n|upkeep\n|inactive|Time left: 300 sec this turn | 300 sec total | 5 sec grace\n|\n|t:|1783551790\n|switch|p1a: Bisharp|Bisharp, L79, M|232/232\n|turn|10\n|inactive|Time left: 300 sec this turn | 300 sec total\n|\n|t:|1783551791\n|switch|p2a: Miraidon|Miraidon, L65|100/100\n|-fieldstart|move: Electric Terrain|[from] ability: Hadron Engine|[of] p2a: Miraidon\n|move|p1a: Bisharp|Iron Head|p2a: Miraidon\n|-resisted|p2a: Miraidon\n|-damage|p2a: Miraidon|79/100\n|\n|upkeep\n|turn|11\n|inactive|Time left: 300 sec this turn | 300 sec total\n|\n|t:|1783551793\n|move|p2a: Miraidon|Electro Drift|p1a: Bisharp\n|-crit|p1a: Bisharp\n|-damage|p1a: Bisharp|0 fnt\n|faint|p1a: Bisharp\n|\n|upkeep\n|inactive|Time left: 300 sec this turn | 300 sec total | 5 sec grace\n|\n|t:|1783551794\n|switch|p1a: Bellossom|Bellossom, L84, F|263/263\n|turn|12\n|inactive|Time left: 300 sec this turn | 300 sec total\n|\n|t:|1783551794\n|move|p2a: Miraidon|Electro Drift|p1a: Bellossom\n|-resisted|p1a: Bellossom\n|-damage|p1a: Bellossom|167/263\n|move|p1a: Bellossom|Quiver Dance|p1a: Bellossom\n|-boost|p1a: Bellossom|spa|1\n|-boost|p1a: Bellossom|spd|1\n|-boost|p1a: Bellossom|spe|1\n|\n|-heal|p1a: Bellossom|183/263|[from] item: Leftovers\n|upkeep\n|turn|13\n|inactive|Time left: 300 sec this turn | 300 sec total\n|\n|t:|1783551796\n|move|p2a: Miraidon|Electro Drift|p1a: Bellossom\n|-resisted|p1a: Bellossom\n|-damage|p1a: Bellossom|111/263\n|move|p1a: Bellossom|Quiver Dance|p1a: Bellossom\n|-boost|p1a: Bellossom|spa|1\n|-boost|p1a: Bellossom|spd|1\n|-boost|p1a: Bellossom|spe|1\n|\n|-heal|p1a: Bellossom|127/263|[from] item: Leftovers\n|upkeep\n|turn|14\n|inactive|Time left: 300 sec this turn | 300 sec total\n|\n|t:|1783551797\n|switch|p2a: Goodra|Goodra-Hisui, L82, F|5/100 par\n|move|p1a: Bellossom|Moonblast|p2a: Goodra\n|-damage|p2a: Goodra|0 fnt\n|faint|p2a: Goodra\n|\n|-heal|p1a: Bellossom|143/263|[from] item: Leftovers\n|-fieldend|move: Electric Terrain\n|upkeep\n|\n|t:|1783551798\n|switch|p2a: Krookodile|Krookodile, L79, M|100/100\n|-ability|p2a: Krookodile|Intimidate|boost\n|-unboost|p1a: Bellossom|atk|1\n|turn|15\n|inactive|Time left: 300 sec this turn | 300 sec total\n|\n|t:|1783551799\n|-terastallize|p2a: Krookodile|Poison\n|move|p1a: Bellossom|Strength Sap|p2a: Krookodile\n|-unboost|p2a: Krookodile|atk|1\n|-heal|p1a: Bellossom|263/263\n|move|p2a: Krookodile|Gunk Shot|p1a: Bellossom|[miss]\n|-miss|p2a: Krookodile|p1a: Bellossom\n|\n|upkeep\n|turn|16\n|inactive|Time left: 300 sec this turn | 300 sec total\n|\n|t:|1783551800\n|move|p1a: Bellossom|Quiver Dance|p1a: Bellossom\n|-boost|p1a: Bellossom|spa|1\n|-boost|p1a: Bellossom|spd|1\n|-boost|p1a: Bellossom|spe|1\n|move|p2a: Krookodile|Bulk Up|p2a: Krookodile\n|-boost|p2a: Krookodile|atk|1\n|-boost|p2a: Krookodile|def|1\n|\n|upkeep\n|turn|17\n|inactive|Time left: 300 sec this turn | 300 sec total\n|\n|t:|1783551801\n|move|p1a: Bellossom|Strength Sap|p2a: Krookodile\n|-unboost|p2a: Krookodile|atk|1\n|move|p2a: Krookodile|Gunk Shot|p1a: Bellossom\n|-supereffective|p1a: Bellossom\n|-damage|p1a: Bellossom|111/263\n|\n|-heal|p1a: Bellossom|127/263|[from] item: Leftovers\n|upkeep\n|turn|18\n|inactive|Time left: 300 sec this turn | 300 sec total\n|\n|t:|1783551802\n|move|p1a: Bellossom|Strength Sap|p2a: Krookodile\n|-unboost|p2a: Krookodile|atk|1\n|-heal|p1a: Bellossom|263/263\n|move|p2a: Krookodile|Gunk Shot|p1a: Bellossom\n|-supereffective|p1a: Bellossom\n|-damage|p1a: Bellossom|129/263\n|\n|-heal|p1a: Bellossom|145/263|[from] item: Leftovers\n|upkeep\n|turn|19\n|inactive|Time left: 300 sec this turn | 300 sec total\n|\n|t:|1783551803\n|move|p1a: Bellossom|Giga Drain|p2a: Krookodile\n|-resisted|p2a: Krookodile\n|-damage|p2a: Krookodile|55/100\n|-heal|p1a: Bellossom|208/263|[from] drain|[of] p2a: Krookodile\n|move|p2a: Krookodile|Gunk Shot|p1a: Bellossom\n|-supereffective|p1a: Bellossom\n|-damage|p1a: Bellossom|92/263\n|\n|-heal|p1a: Bellossom|108/263|[from] item: Leftovers\n|-heal|p2a: Krookodile|62/100|[from] item: Leftovers\n|upkeep\n|turn|20\n|inactive|Time left: 300 sec this turn | 300 sec total\n|\n|t:|1783551804\n|move|p1a: Bellossom|Giga Drain|p2a: Krookodile\n|-resisted|p2a: Krookodile\n|-damage|p2a: Krookodile|21/100\n|-heal|p1a: Bellossom|165/263|[from] drain|[of] p2a: Krookodile\n|move|p2a: Krookodile|Gunk Shot|p1a: Bellossom\n|-supereffective|p1a: Bellossom\n|-damage|p1a: Bellossom|45/263\n|\n|-heal|p1a: Bellossom|61/263|[from] item: Leftovers\n|-heal|p2a: Krookodile|27/100|[from] item: Leftovers\n|upkeep\n|turn|21\n|inactive|Time left: 300 sec this turn | 300 sec total\n|\n|t:|1783551805\n|switch|p2a: Scovillain|Scovillain, L91, M|100/100\n|move|p1a: Bellossom|Giga Drain|p2a: Scovillain\n|-resisted|p2a: Scovillain\n|-damage|p2a: Scovillain|79/100\n|-heal|p1a: Bellossom|89/263|[from] drain|[of] p2a: Scovillain\n|\n|-heal|p1a: Bellossom|105/263|[from] item: Leftovers\n|upkeep\n|turn|22\n|inactive|Time left: 300 sec this turn | 300 sec total\n|\n|t:|1783551806\n|move|p1a: Bellossom|Strength Sap|p2a: Scovillain\n|-unboost|p2a: Scovillain|atk|1\n|-heal|p1a: Bellossom|263/263\n|move|p2a: Scovillain|Fire Blast|p1a: Bellossom|[miss]\n|-miss|p2a: Scovillain|p1a: Bellossom\n|\n|upkeep\n|turn|23\n|inactive|Time left: 300 sec this turn | 300 sec total\n|\n|t:|1783551807\n|move|p1a: Bellossom|Moonblast|p2a: Scovillain\n|-resisted|p2a: Scovillain\n|-damage|p2a: Scovillain|45/100\n|move|p2a: Scovillain|Fire Blast|p1a: Bellossom|[miss]\n|-miss|p2a: Scovillain|p1a: Bellossom\n|\n|upkeep\n|turn|24\n|inactive|Time left: 300 sec this turn | 300 sec total\n|\n|t:|1783551809\n|move|p1a: Bellossom|Moonblast|p2a: Scovillain\n|-resisted|p2a: Scovillain\n|-damage|p2a: Scovillain|10/100\n|move|p2a: Scovillain|Fire Blast|p1a: Bellossom\n|-supereffective|p1a: Bellossom\n|-damage|p1a: Bellossom|149/263\n|\n|-heal|p1a: Bellossom|165/263|[from] item: Leftovers\n|upkeep\n|turn|25\n|inactive|Time left: 300 sec this turn | 300 sec total\n|\n|t:|1783551810\n|move|p1a: Bellossom|Giga Drain|p2a: Scovillain\n|-resisted|p2a: Scovillain\n|-damage|p2a: Scovillain|0 fnt\n|-heal|p1a: Bellossom|177/263|[from] drain|[of] p2a: Scovillain\n|faint|p2a: Scovillain\n|\n|-heal|p1a: Bellossom|193/263|[from] item: Leftovers\n|upkeep\n|\n|t:|1783551811\n|switch|p2a: Krookodile|Krookodile, L79, M, tera:Poison|27/100\n|-ability|p2a: Krookodile|Intimidate|boost\n|-unboost|p1a: Bellossom|atk|1\n|turn|26\n|inactive|Time left: 300 sec this turn | 300 sec total\n|\n|t:|1783551812\n|switch|p2a: Enamorus|Enamorus-Therian, L83, F|100/100\n|move|p1a: Bellossom|Giga Drain|p2a: Enamorus\n|-resisted|p2a: Enamorus\n|-damage|p2a: Enamorus|68/100\n|-heal|p1a: Bellossom|236/263|[from] drain|[of] p2a: Enamorus\n|\n|-heal|p1a: Bellossom|252/263|[from] item: Leftovers\n|upkeep\n|turn|27\n|inactive|Time left: 300 sec this turn | 300 sec total\n|\n|t:|1783551813\n|switch|p2a: Krookodile|Krookodile, L79, M, tera:Poison|27/100\n|-ability|p2a: Krookodile|Intimidate|boost\n|-unboost|p1a: Bellossom|atk|1\n|move|p1a: Bellossom|Moonblast|p2a: Krookodile\n|-resisted|p2a: Krookodile\n|-damage|p2a: Krookodile|0 fnt\n|faint|p2a: Krookodile\n|\n|-heal|p1a: Bellossom|263/263|[from] item: Leftovers\n|upkeep\n|\n|t:|1783551814\n|switch|p2a: Enamorus|Enamorus-Therian, L83, F|68/100\n|turn|28\n|inactive|Time left: 300 sec this turn | 300 sec total\n|\n|t:|1783551816\n|move|p1a: Bellossom|Moonblast|p2a: Enamorus\n|-damage|p2a: Enamorus|15/100\n|move|p2a: Enamorus|Mystical Fire|p1a: Bellossom\n|-supereffective|p1a: Bellossom\n|-damage|p1a: Bellossom|215/263\n|-unboost|p1a: Bellossom|spa|1\n|\n|-heal|p1a: Bellossom|231/263|[from] item: Leftovers\n|upkeep\n|turn|29\n|inactive|Time left: 300 sec this turn | 300 sec total\n|\n|t:|1783551817\n|move|p1a: Bellossom|Giga Drain|p2a: Enamorus\n|-resisted|p2a: Enamorus\n|-crit|p2a: Enamorus\n|-damage|p2a: Enamorus|0 fnt\n|-heal|p1a: Bellossom|250/263|[from] drain|[of] p2a: Enamorus\n|faint|p2a: Enamorus\n|\n|-heal|p1a: Bellossom|263/263|[from] item: Leftovers\n|upkeep\n|\n|t:|1783551818\n|switch|p2a: Miraidon|Miraidon, L65|79/100\n|-fieldstart|move: Electric Terrain|[from] ability: Hadron Engine|[of] p2a: Miraidon\n|turn|30\n|inactive|Time left: 300 sec this turn | 300 sec total\n|\n|t:|1783551819\n|switch|p2a: Veluza|Veluza, L85, M|100/100\n|move|p1a: Bellossom|Moonblast|p2a: Veluza\n|-damage|p2a: Veluza|50/100\n|-unboost|p2a: Veluza|spa|1\n|-enditem|p2a: Veluza|Sitrus Berry|[eat]\n|-heal|p2a: Veluza|75/100|[from] item: Sitrus Berry\n|\n|upkeep\n|turn|31\n|inactive|Time left: 300 sec this turn | 300 sec total\n|\n|t:|1783551820\n|-terastallize|p1a: Bellossom|Fairy\n|move|p1a: Bellossom|Moonblast|p2a: Veluza\n|-damage|p2a: Veluza|0 fnt\n|faint|p2a: Veluza\n|\n|upkeep\n|\n|t:|1783551821\n|switch|p2a: Miraidon|Miraidon, L65|79/100\n|-activate|p2a: Miraidon|ability: Hadron Engine\n|turn|32\n|inactive|Time left: 300 sec this turn | 300 sec total\n|\n|t:|1783551822\n|move|p1a: Bellossom|Moonblast|p2a: Miraidon\n|-supereffective|p2a: Miraidon\n|-damage|p2a: Miraidon|0 fnt\n|faint|p2a: Miraidon\n|\n|win|p0x1025d49f", "uploadtime": 1783551822, "views": 0, "rating": 0, "private": 0, "password": null, "_winner": "p0x1025d49f", "_our_name": "p0x1025d49f"}