{"id": "battle-gen9randombattle-31", "formatid": "gen9randombattle", "format": "[Gen 9] Random Battle", "players": ["p0x0313fe4", "p0y0316497"], "log": "|init|battle\n|title|p0x0313fe4 vs. p0y0316497\n|j|\u2606p0x0313fe4\n|j|\u2606p0y0316497\n|t:|1783534173\n|gametype|singles\n|player|p1|p0x0313fe4|266|\n|player|p2|p0y0316497|266|\n|gen|9\n|tier|[Gen 9] Random Battle\n|rule|Species Clause: Limit one of each Pok\u00e9mon\n|rule|HP Percentage Mod: HP is shown in percentages\n|rule|Sleep Clause Mod: Limit one foe put to sleep\n|rule|Illusion Level Mod: Illusion disguises the Pok\u00e9mon's true level\n|\n|t:|1783534173\n|teamsize|p1|6\n|teamsize|p2|6\n|start\n|switch|p1a: Decidueye|Decidueye, L88, M|281/281\n|switch|p2a: Duraludon|Duraludon, L82, F|100/100\n|turn|1\n|inactive|Battle timer is ON: inactive players will automatically lose when time's up. (requested by p0x0313fe4)\n|inactive|p0y0316497 also wants the timer to be on.\n|\n|t:|1783534175\n|switch|p2a: Ursaluna|Ursaluna, L79, M|100/100\n|move|p1a: Decidueye|Swords Dance|p1a: Decidueye\n|-boost|p1a: Decidueye|atk|2\n|\n|-status|p2a: Ursaluna|brn|[from] item: Flame Orb\n|upkeep\n|turn|2\n|inactive|Time left: 300 sec this turn | 300 sec total\n|\n|t:|1783534176\n|-terastallize|p2a: Ursaluna|Normal\n|move|p1a: Decidueye|Leaf Blade|p2a: Ursaluna\n|-damage|p2a: Ursaluna|17/100 brn\n|-damage|p1a: Decidueye|253/281|[from] item: Life Orb\n|move|p2a: Ursaluna|Throat Chop|p1a: Decidueye\n|-supereffective|p1a: Decidueye\n|-damage|p1a: Decidueye|21/281\n|-start|p1a: Decidueye|Throat Chop|[silent]\n|\n|-damage|p2a: Ursaluna|11/100 brn|[from] brn\n|upkeep\n|turn|3\n|inactive|Time left: 300 sec this turn | 300 sec total\n|\n|t:|1783534177\n|switch|p2a: Duraludon|Duraludon, L82, F|100/100\n|move|p1a: Decidueye|Leaf Blade|p2a: Duraludon\n|-resisted|p2a: Duraludon\n|-damage|p2a: Duraludon|75/100\n|-damage|p1a: Decidueye|0 fnt|[from] item: Life Orb\n|faint|p1a: Decidueye\n|\n|upkeep\n|inactive|Time left: 300 sec this turn | 300 sec total | 5 sec grace\n|\n|t:|1783534178\n|switch|p1a: Electivire|Electivire, L84, M|263/263\n|turn|4\n|inactive|Time left: 300 sec this turn | 300 sec total\n|\n|t:|1783534179\n|move|p1a: Electivire|Bulk Up|p1a: Electivire\n|-boost|p1a: Electivire|atk|1\n|-boost|p1a: Electivire|def|1\n|move|p2a: Duraludon|Flash Cannon|p1a: Electivire\n|-resisted|p1a: Electivire\n|-damage|p1a: Electivire|210/263\n|-unboost|p1a: Electivire|spd|1\n|\n|upkeep\n|turn|5\n|inactive|Time left: 300 sec this turn | 300 sec total\n|\n|t:|1783534180\n|move|p1a: Electivire|Earthquake|p2a: Duraludon\n|-supereffective|p2a: Duraludon\n|-damage|p2a: Duraludon|5/100\n|-damage|p1a: Electivire|184/263|[from] item: Life Orb\n|move|p2a: Duraludon|Draco Meteor|p1a: Electivire\n|-damage|p1a: Electivire|0 fnt\n|-unboost|p2a: Duraludon|spa|2\n|faint|p1a: Electivire\n|\n|upkeep\n|inactive|Time left: 300 sec this turn | 300 sec total | 5 sec grace\n|\n|t:|1783534181\n|switch|p1a: Greedent|Greedent, L86, F|347/347\n|turn|6\n|inactive|Time left: 300 sec this turn | 300 sec total\n|\n|t:|1783534182\n|move|p2a: Duraludon|Thunder Wave|p1a: Greedent\n|-status|p1a: Greedent|par\n|move|p1a: Greedent|Swords Dance|p1a: Greedent\n|-boost|p1a: Greedent|atk|2\n|\n|upkeep\n|turn|7\n|inactive|Time left: 300 sec this turn | 300 sec total\n|\n|t:|1783534183\n|move|p2a: Duraludon|Body Press|p1a: Greedent\n|-supereffective|p1a: Greedent\n|-damage|p1a: Greedent|237/347 par\n|move|p1a: Greedent|Swords Dance|p1a: Greedent\n|-boost|p1a: Greedent|atk|2\n|\n|upkeep\n|turn|8\n|inactive|Time left: 300 sec this turn | 300 sec total\n|\n|t:|1783534184\n|move|p2a: Duraludon|Flash Cannon|p1a: Greedent\n|-damage|p1a: Greedent|188/347 par\n|cant|p1a: Greedent|par\n|\n|upkeep\n|turn|9\n|inactive|Time left: 300 sec this turn | 300 sec total\n|\n|t:|1783534185\n|move|p2a: Duraludon|Body Press|p1a: Greedent\n|-supereffective|p1a: Greedent\n|-damage|p1a: Greedent|84/347 par\n|-enditem|p1a: Greedent|Sitrus Berry|[eat]\n|-heal|p1a: Greedent|170/347 par|[from] item: Sitrus Berry\n|-heal|p1a: Greedent|285/347 par|[from] ability: Cheek Pouch\n|move|p1a: Greedent|Body Slam|p2a: Duraludon\n|-resisted|p2a: Duraludon\n|-damage|p2a: Duraludon|0 fnt\n|faint|p2a: Duraludon\n|\n|upkeep\n|\n|t:|1783534186\n|switch|p2a: Ursaluna|Ursaluna, L79, M, tera:Normal|11/100 brn\n|turn|10\n|inactive|Time left: 300 sec this turn | 300 sec total\n|\n|t:|1783534187\n|move|p2a: Ursaluna|Headlong Rush|p1a: Greedent\n|-damage|p1a: Greedent|78/347 par\n|-unboost|p2a: Ursaluna|def|1\n|-unboost|p2a: Ursaluna|spd|1\n|move|p1a: Greedent|Knock Off|p2a: Ursaluna\n|-damage|p2a: Ursaluna|0 fnt\n|-enditem|p2a: Ursaluna|Flame Orb|[from] move: Knock Off|[of] p1a: Greedent\n|faint|p2a: Ursaluna\n|\n|upkeep\n|\n|t:|1783534188\n|switch|p2a: Barraskewda|Barraskewda, L81, F|100/100\n|turn|11\n|inactive|Time left: 300 sec this turn | 300 sec total\n|\n|t:|1783534189\n|move|p2a: Barraskewda|Waterfall|p1a: Greedent\n|-damage|p1a: Greedent|0 fnt\n|faint|p1a: Greedent\n|\n|upkeep\n|inactive|Time left: 300 sec this turn | 300 sec total | 5 sec grace\n|\n|t:|1783534190\n|switch|p1a: Registeel|Registeel, L81|262/262\n|turn|12\n|inactive|Time left: 300 sec this turn | 300 sec total\n|\n|t:|1783534190\n|move|p2a: Barraskewda|Waterfall|p1a: Registeel\n|-damage|p1a: Registeel|168/262\n|cant|p1a: Registeel|flinch\n|\n|upkeep\n|turn|13\n|inactive|Time left: 300 sec this turn | 300 sec total\n|\n|t:|1783534191\n|move|p2a: Barraskewda|Waterfall|p1a: Registeel\n|-damage|p1a: Registeel|65/262\n|cant|p1a: Registeel|flinch\n|\n|upkeep\n|turn|14\n|inactive|Time left: 300 sec this turn | 300 sec total\n|\n|t:|1783534192\n|move|p2a: Barraskewda|Waterfall|p1a: Registeel\n|-damage|p1a: Registeel|0 fnt\n|faint|p1a: Registeel\n|\n|upkeep\n|inactive|Time left: 300 sec this turn | 300 sec total | 5 sec grace\n|\n|t:|1783534193\n|switch|p1a: Ogerpon|Ogerpon-Cornerstone, L76, F|247/247\n|turn|15\n|inactive|Time left: 300 sec this turn | 300 sec total\n|\n|t:|1783534194\n|move|p2a: Barraskewda|Waterfall|p1a: Ogerpon\n|-damage|p1a: Ogerpon|88/247\n|move|p1a: Ogerpon|Power Whip|p2a: Barraskewda\n|-supereffective|p2a: Barraskewda\n|-damage|p2a: Barraskewda|0 fnt\n|faint|p2a: Barraskewda\n|\n|upkeep\n|\n|t:|1783534194\n|switch|p2a: Grumpig|Grumpig, L92, F|100/100\n|turn|16\n|inactive|Time left: 300 sec this turn | 300 sec total\n|\n|t:|1783534195\n|move|p1a: Ogerpon|Synthesis|p1a: Ogerpon\n|-heal|p1a: Ogerpon|211/247\n|move|p2a: Grumpig|Psyshock|p1a: Ogerpon\n|-damage|p1a: Ogerpon|102/247\n|\n|upkeep\n|turn|17\n|inactive|Time left: 300 sec this turn | 300 sec total\n|\n|t:|1783534196\n|move|p1a: Ogerpon|Synthesis|p1a: Ogerpon\n|-heal|p1a: Ogerpon|225/247\n|move|p2a: Grumpig|Psyshock|p1a: Ogerpon\n|-damage|p1a: Ogerpon|125/247\n|\n|upkeep\n|turn|18\n|inactive|Time left: 300 sec this turn | 300 sec total\n|\n|t:|1783534197\n|move|p1a: Ogerpon|Ivy Cudgel|p2a: Grumpig|[anim] Ivy Cudgel Rock\n|-damage|p2a: Grumpig|49/100\n|move|p2a: Grumpig|Shadow Ball|p1a: Ogerpon\n|-damage|p1a: Ogerpon|59/247\n|\n|-heal|p2a: Grumpig|55/100|[from] item: Leftovers\n|upkeep\n|turn|19\n|inactive|Time left: 300 sec this turn | 300 sec total\n|\n|t:|1783534198\n|move|p1a: Ogerpon|Power Whip|p2a: Grumpig\n|-damage|p2a: Grumpig|2/100\n|move|p2a: Grumpig|Dazzling Gleam|p1a: Ogerpon\n|-damage|p1a: Ogerpon|0 fnt\n|faint|p1a: Ogerpon\n|\n|-heal|p2a: Grumpig|8/100|[from] item: Leftovers\n|upkeep\n|inactive|Time left: 300 sec this turn | 300 sec total | 5 sec grace\n|\n|t:|1783534199\n|switch|p1a: Glimmora|Glimmora, L75, M|248/248\n|turn|20\n|inactive|Time left: 300 sec this turn | 300 sec total\n|\n|t:|1783534200\n|-terastallize|p1a: Glimmora|Ground\n|move|p2a: Grumpig|Psyshock|p1a: Glimmora\n|-damage|p1a: Glimmora|146/248\n|move|p1a: Glimmora|Power Gem|p2a: Grumpig\n|-damage|p2a: Grumpig|0 fnt\n|faint|p2a: Grumpig\n|\n|upkeep\n|\n|t:|1783534201\n|switch|p2a: Kricketune|Kricketune, L99, F|100/100\n|turn|21\n|inactive|Time left: 300 sec this turn | 300 sec total\n|\n|t:|1783534202\n|move|p2a: Kricketune|Pounce|p1a: Glimmora\n|-damage|p1a: Glimmora|35/248\n|-unboost|p1a: Glimmora|spe|1\n|-activate|p1a: Glimmora|ability: Toxic Debris\n|-sidestart|p2: p0y0316497|move: Toxic Spikes\n|move|p1a: Glimmora|Power Gem|p2a: Kricketune\n|-supereffective|p2a: Kricketune\n|-damage|p2a: Kricketune|36/100\n|\n|upkeep\n|turn|22\n|inactive|Time left: 300 sec this turn | 300 sec total\n|\n|t:|1783534203\n|move|p2a: Kricketune|Pounce|p1a: Glimmora\n|-damage|p1a: Glimmora|0 fnt\n|-activate|p1a: Glimmora|ability: Toxic Debris\n|-sidestart|p2: p0y0316497|move: Toxic Spikes\n|faint|p1a: Glimmora\n|\n|win|p0y0316497", "uploadtime": 1783534203, "views": 0, "rating": 0, "private": 0, "password": null, "_winner": "p0y0316497", "_our_name": "p0x0313fe4"}