{"id": "battle-gen9randombattle-2735", "formatid": "gen9randombattle", "format": "[Gen 9] Random Battle", "players": ["p0x2735ce32", "p0y2735e074"], "log": "|init|battle\n|title|p0x2735ce32 vs. p0y2735e074\n|j|\u2606p0x2735ce32\n|j|\u2606p0y2735e074\n|t:|1783570521\n|gametype|singles\n|player|p1|p0x2735ce32|169|\n|player|p2|p0y2735e074|102|\n|gen|9\n|tier|[Gen 9] Random Battle\n|rule|Species Clause: Limit one of each Pok\u00e9mon\n|rule|HP Percentage Mod: HP is shown in percentages\n|rule|Sleep Clause Mod: Limit one foe put to sleep\n|rule|Illusion Level Mod: Illusion disguises the Pok\u00e9mon's true level\n|\n|t:|1783570521\n|teamsize|p1|6\n|teamsize|p2|6\n|start\n|switch|p1a: Arbok|Arbok, L87, M|100/100\n|switch|p2a: Hitmonlee|Hitmonlee, L85, M|224/224\n|-ability|p1a: Arbok|Intimidate|boost\n|-unboost|p2a: Hitmonlee|atk|1\n|-enditem|p2a: Hitmonlee|White Herb\n|-clearnegativeboost|p2a: Hitmonlee|[silent]\n|turn|1\n|inactive|Battle timer is ON: inactive players will automatically lose when time's up. (requested by p0y2735e074)\n|inactive|p0x2735ce32 also wants the timer to be on.\n|\n|t:|1783570522\n|move|p2a: Hitmonlee|Knock Off|p1a: Arbok\n|-damage|p1a: Arbok|63/100\n|-enditem|p1a: Arbok|Life Orb|[from] move: Knock Off|[of] p2a: Hitmonlee\n|move|p1a: Arbok|Gunk Shot|p2a: Hitmonlee\n|-damage|p2a: Hitmonlee|31/224\n|\n|upkeep\n|turn|2\n|inactive|Time left: 300 sec this turn | 300 sec total\n|\n|t:|1783570523\n|move|p2a: Hitmonlee|Stone Edge|p1a: Arbok\n|-damage|p1a: Arbok|20/100\n|move|p1a: Arbok|Earthquake|p2a: Hitmonlee\n|-damage|p2a: Hitmonlee|0 fnt\n|faint|p2a: Hitmonlee\n|\n|upkeep\n|inactive|Time left: 300 sec this turn | 300 sec total | 5 sec grace\n|\n|t:|1783570524\n|switch|p2a: Yanmega|Yanmega, L82, F|275/275\n|turn|3\n|inactive|Time left: 300 sec this turn | 300 sec total\n|\n|t:|1783570525\n|switch|p1a: Mudsdale|Mudsdale, L83, M|100/100\n|move|p2a: Yanmega|Bug Buzz|p1a: Mudsdale\n|-damage|p1a: Mudsdale|46/100\n|-ability|p1a: Mudsdale|Stamina|boost\n|-boost|p1a: Mudsdale|def|1\n|\n|-heal|p1a: Mudsdale|51/100|[from] item: Leftovers\n|upkeep\n|turn|4\n|inactive|Time left: 300 sec this turn | 300 sec total\n|\n|t:|1783570526\n|switch|p1a: Gholdengo|Gholdengo, L77|100/100\n|move|p2a: Yanmega|Bug Buzz|p1a: Gholdengo\n|-resisted|p1a: Gholdengo\n|-damage|p1a: Gholdengo|70/100\n|\n|-heal|p1a: Gholdengo|76/100|[from] item: Leftovers\n|upkeep\n|turn|5\n|inactive|Time left: 300 sec this turn | 300 sec total\n|\n|t:|1783570527\n|move|p2a: Yanmega|Bug Buzz|p1a: Gholdengo\n|-resisted|p1a: Gholdengo\n|-damage|p1a: Gholdengo|46/100\n|move|p1a: Gholdengo|Shadow Ball|p2a: Yanmega\n|-damage|p2a: Yanmega|145/275\n|\n|-heal|p1a: Gholdengo|52/100|[from] item: Leftovers\n|upkeep\n|turn|6\n|inactive|Time left: 300 sec this turn | 300 sec total\n|\n|t:|1783570528\n|move|p2a: Yanmega|Bug Buzz|p1a: Gholdengo\n|-resisted|p1a: Gholdengo\n|-damage|p1a: Gholdengo|19/100\n|move|p1a: Gholdengo|Make It Rain|p2a: Yanmega\n|-damage|p2a: Yanmega|0 fnt\n|-unboost|p1a: Gholdengo|spa|1\n|faint|p2a: Yanmega\n|\n|-heal|p1a: Gholdengo|25/100|[from] item: Leftovers\n|upkeep\n|inactive|Time left: 300 sec this turn | 300 sec total | 5 sec grace\n|\n|t:|1783570529\n|switch|p2a: Gardevoir|Gardevoir, L83, F|249/249\n|-ability|p2a: Gardevoir|Good as Gold|Trace|[from] ability: Trace|[of] p1a: Gholdengo\n|turn|7\n|inactive|Time left: 300 sec this turn | 300 sec total\n|\n|t:|1783570530\n|move|p2a: Gardevoir|Moonblast|p1a: Gholdengo\n|-resisted|p1a: Gholdengo\n|-damage|p1a: Gholdengo|0 fnt\n|faint|p1a: Gholdengo\n|-damage|p2a: Gardevoir|225/249|[from] item: Life Orb\n|\n|upkeep\n|\n|t:|1783570531\n|switch|p1a: Arbok|Arbok, L87, M|20/100\n|-ability|p1a: Arbok|Intimidate|boost\n|-unboost|p2a: Gardevoir|atk|1\n|turn|8\n|inactive|Time left: 300 sec this turn | 300 sec total\n|\n|t:|1783570532\n|switch|p2a: Pincurchin|Pincurchin, F|258/258\n|-fieldstart|move: Electric Terrain|[from] ability: Electric Surge|[of] p2a: Pincurchin\n|move|p1a: Arbok|Gunk Shot|p2a: Pincurchin|[miss]\n|-miss|p1a: Arbok|p2a: Pincurchin\n|\n|upkeep\n|turn|9\n|inactive|Time left: 300 sec this turn | 300 sec total\n|\n|t:|1783570533\n|move|p1a: Arbok|Knock Off|p2a: Pincurchin\n|-damage|p2a: Pincurchin|205/258\n|-enditem|p2a: Pincurchin|Leftovers|[from] move: Knock Off|[of] p1a: Arbok\n|move|p2a: Pincurchin|Scald|p1a: Arbok\n|-damage|p1a: Arbok|0 fnt\n|faint|p1a: Arbok\n|\n|upkeep\n|\n|t:|1783570534\n|switch|p1a: Tsareena|Tsareena, L87, F|100/100\n|turn|10\n|inactive|Time left: 300 sec this turn | 300 sec total\n|\n|t:|1783570535\n|move|p1a: Tsareena|Power Whip|p2a: Pincurchin\n|-damage|p2a: Pincurchin|78/258\n|move|p2a: Pincurchin|Scald|p1a: Tsareena\n|-resisted|p1a: Tsareena\n|-damage|p1a: Tsareena|92/100\n|\n|upkeep\n|turn|11\n|inactive|Time left: 300 sec this turn | 300 sec total\n|\n|t:|1783570536\n|move|p1a: Tsareena|Power Whip|p2a: Pincurchin|[miss]\n|-miss|p1a: Tsareena|p2a: Pincurchin\n|move|p2a: Pincurchin|Thunderbolt|p1a: Tsareena\n|-resisted|p1a: Tsareena\n|-damage|p1a: Tsareena|74/100\n|-status|p1a: Tsareena|par\n|\n|upkeep\n|turn|12\n|inactive|Time left: 300 sec this turn | 300 sec total\n|\n|t:|1783570537\n|move|p1a: Tsareena|High Jump Kick|p2a: Pincurchin\n|-damage|p2a: Pincurchin|0 fnt\n|faint|p2a: Pincurchin\n|\n|-fieldend|move: Electric Terrain\n|upkeep\n|inactive|Time left: 300 sec this turn | 300 sec total | 5 sec grace\n|\n|t:|1783570539\n|switch|p2a: Gardevoir|Gardevoir, L83, F|225/249\n|-ability|p2a: Gardevoir|Queenly Majesty|Trace|[from] ability: Trace|[of] p1a: Tsareena\n|turn|13\n|inactive|Time left: 300 sec this turn | 300 sec total\n|\n|t:|1783570540\n|move|p2a: Gardevoir|Calm Mind|p2a: Gardevoir\n|-boost|p2a: Gardevoir|spa|1\n|-boost|p2a: Gardevoir|spd|1\n|move|p1a: Tsareena|Power Whip|p2a: Gardevoir\n|-damage|p2a: Gardevoir|41/249\n|\n|upkeep\n|turn|14\n|inactive|Time left: 300 sec this turn | 300 sec total\n|\n|t:|1783570541\n|move|p2a: Gardevoir|Moonblast|p1a: Tsareena\n|-damage|p1a: Tsareena|23/100 par\n|-damage|p2a: Gardevoir|17/249|[from] item: Life Orb\n|move|p1a: Tsareena|Rapid Spin|p2a: Gardevoir\n|-damage|p2a: Gardevoir|0 fnt\n|-boost|p1a: Tsareena|spe|1\n|faint|p2a: Gardevoir\n|\n|upkeep\n|inactive|Time left: 300 sec this turn | 300 sec total | 5 sec grace\n|\n|t:|1783570542\n|switch|p2a: Zangoose|Zangoose, L85, F|263/263\n|turn|15\n|inactive|Time left: 300 sec this turn | 300 sec total\n|\n|t:|1783570543\n|move|p2a: Zangoose|Knock Off|p1a: Tsareena\n|-damage|p1a: Tsareena|0 fnt\n|-enditem|p1a: Tsareena|Assault Vest|[from] move: Knock Off|[of] p2a: Zangoose\n|faint|p1a: Tsareena\n|\n|-status|p2a: Zangoose|tox|[from] item: Toxic Orb\n|upkeep\n|\n|t:|1783570544\n|switch|p1a: Persian|Persian-Alola, L86, M|100/100\n|turn|16\n|inactive|Time left: 300 sec this turn | 300 sec total\n|\n|t:|1783570545\n|-terastallize|p2a: Zangoose|Normal\n|move|p1a: Persian|Knock Off|p2a: Zangoose\n|-damage|p2a: Zangoose|163/263 tox\n|-enditem|p2a: Zangoose|Toxic Orb|[from] move: Knock Off|[of] p1a: Persian\n|move|p2a: Zangoose|Facade|p1a: Persian\n|-damage|p1a: Persian|18/100\n|\n|-damage|p2a: Zangoose|147/263 tox|[from] psn\n|upkeep\n|turn|17\n|inactive|Time left: 300 sec this turn | 300 sec total\n|\n|t:|1783570546\n|-terastallize|p1a: Persian|Ghost\n|move|p2a: Zangoose|Quick Attack|p1a: Persian\n|-immune|p1a: Persian\n|move|p1a: Persian|Knock Off|p2a: Zangoose\n|-crit|p2a: Zangoose\n|-damage|p2a: Zangoose|39/263 tox\n|\n|-damage|p2a: Zangoose|7/263 tox|[from] psn\n|upkeep\n|turn|18\n|inactive|Time left: 300 sec this turn | 300 sec total\n|\n|t:|1783570547\n|move|p1a: Persian|Knock Off|p2a: Zangoose\n|-damage|p2a: Zangoose|0 fnt\n|faint|p2a: Zangoose\n|\n|upkeep\n|inactive|Time left: 300 sec this turn | 300 sec total | 5 sec grace\n|\n|t:|1783570548\n|switch|p2a: Uxie|Uxie, L83|260/260\n|turn|19\n|inactive|Time left: 300 sec this turn | 300 sec total\n|\n|t:|1783570548\n|move|p1a: Persian|Parting Shot|p2a: Uxie\n|-unboost|p2a: Uxie|atk|1\n|-unboost|p2a: Uxie|spa|1\n|\n|t:|1783570549\n|switch|p1a: Mesprit|Mesprit, L85|100/100|[from] Parting Shot\n|move|p2a: Uxie|Yawn|p1a: Mesprit\n|-start|p1a: Mesprit|move: Yawn|[of] p2a: Uxie\n|\n|upkeep\n|turn|20\n|inactive|Time left: 300 sec this turn | 300 sec total\n|\n|t:|1783570550\n|move|p2a: Uxie|Stealth Rock|p1a: Mesprit\n|-sidestart|p1: p0x2735ce32|move: Stealth Rock\n|move|p1a: Mesprit|Knock Off|p2a: Uxie\n|-supereffective|p2a: Uxie\n|-crit|p2a: Uxie\n|-damage|p2a: Uxie|98/260\n|-enditem|p2a: Uxie|Leftovers|[from] move: Knock Off|[of] p1a: Mesprit\n|\n|-end|p1a: Mesprit|move: Yawn|[silent]\n|-status|p1a: Mesprit|slp\n|upkeep\n|turn|21\n|inactive|Time left: 300 sec this turn | 300 sec total\n|\n|t:|1783570551\n|switch|p1a: Mudsdale|Mudsdale, L83, M|51/100\n|-damage|p1a: Mudsdale|46/100|[from] Stealth Rock\n|move|p2a: Uxie|Encore||[still]\n|-fail|p2a: Uxie\n|\n|-heal|p1a: Mudsdale|51/100|[from] item: Leftovers\n|upkeep\n|turn|22\n|inactive|Time left: 300 sec this turn | 300 sec total\n|\n|t:|1783570552\n|move|p2a: Uxie|Psychic Noise|p1a: Mudsdale\n|-damage|p1a: Mudsdale|37/100\n|-start|p1a: Mudsdale|move: Heal Block\n|-ability|p1a: Mudsdale|Stamina|boost\n|-boost|p1a: Mudsdale|def|1\n|move|p1a: Mudsdale|Heavy Slam|p2a: Uxie\n|-damage|p2a: Uxie|21/260\n|\n|upkeep\n|turn|23\n|inactive|Time left: 300 sec this turn | 300 sec total\n|\n|t:|1783570552\n|move|p2a: Uxie|Stealth Rock||[still]\n|-fail|p2a: Uxie\n|move|p1a: Mudsdale|Heavy Slam|p2a: Uxie\n|-damage|p2a: Uxie|0 fnt\n|faint|p2a: Uxie\n|\n|win|p0x2735ce32", "uploadtime": 1783570552, "views": 0, "rating": 0, "private": 0, "password": null, "_winner": "p0x2735ce32", "_our_name": "p0y2735e074"}