{"id": "battle-gen9randombattle-1221", "formatid": "gen9randombattle", "format": "[Gen 9] Random Battle", "players": ["p0x1221b497", "p0y1221b221"], "log": "|init|battle\n|title|p0x1221b497 vs. p0y1221b221\n|j|\u2606p0x1221b497\n|j|\u2606p0y1221b221\n|t:|1783553261\n|gametype|singles\n|player|p1|p0x1221b497|2|\n|player|p2|p0y1221b221|266|\n|gen|9\n|tier|[Gen 9] Random Battle\n|rule|Species Clause: Limit one of each Pok\u00e9mon\n|rule|HP Percentage Mod: HP is shown in percentages\n|rule|Sleep Clause Mod: Limit one foe put to sleep\n|rule|Illusion Level Mod: Illusion disguises the Pok\u00e9mon's true level\n|\n|t:|1783553261\n|teamsize|p1|6\n|teamsize|p2|6\n|start\n|switch|p1a: Flygon|Flygon, L82, F|265/265\n|switch|p2a: Pachirisu|Pachirisu, L96, M|100/100\n|turn|1\n|inactive|Battle timer is ON: inactive players will automatically lose when time's up. (requested by p0x1221b497)\n|inactive|p0y1221b221 also wants the timer to be on.\n|\n|t:|1783553263\n|move|p1a: Flygon|Outrage|p2a: Pachirisu\n|-damage|p2a: Pachirisu|55/100\n|move|p2a: Pachirisu|U-turn|p1a: Flygon\n|-damage|p1a: Flygon|221/265\n|\n|t:|1783553264\n|switch|p2a: Florges|Florges-Blue, L85, F|100/100|[from] U-turn\n|\n|upkeep\n|turn|2\n|inactive|Time left: 300 sec this turn | 300 sec total\n|\n|t:|1783553265\n|move|p1a: Flygon|Outrage|p2a: Florges|[from] lockedmove\n|-immune|p2a: Florges\n|-start|p1a: Flygon|confusion|[fatigue]\n|move|p2a: Florges|Moonblast|p1a: Flygon\n|-supereffective|p1a: Flygon\n|-damage|p1a: Flygon|0 fnt\n|faint|p1a: Flygon\n|\n|upkeep\n|inactive|Time left: 300 sec this turn | 300 sec total | 5 sec grace\n|\n|t:|1783553266\n|switch|p1a: Metagross|Metagross, L79|256/256\n|turn|3\n|inactive|Time left: 300 sec this turn | 300 sec total\n|\n|t:|1783553267\n|-terastallize|p2a: Florges|Ground\n|move|p2a: Florges|Tera Blast|p1a: Metagross|[anim] Tera Blast Ground\n|-supereffective|p1a: Metagross\n|-damage|p1a: Metagross|40/256\n|move|p1a: Metagross|Heavy Slam|p2a: Florges\n|-damage|p2a: Florges|38/100\n|\n|-heal|p2a: Florges|44/100|[from] item: Leftovers\n|-heal|p1a: Metagross|56/256|[from] item: Leftovers\n|upkeep\n|turn|4\n|inactive|Time left: 300 sec this turn | 300 sec total\n|\n|t:|1783553268\n|switch|p1a: Manaphy|Manaphy, L78|284/284\n|move|p2a: Florges|Moonblast|p1a: Manaphy\n|-damage|p1a: Manaphy|178/284\n|\n|-heal|p1a: Manaphy|195/284|[from] item: Leftovers\n|-heal|p2a: Florges|50/100|[from] item: Leftovers\n|upkeep\n|turn|5\n|inactive|Time left: 300 sec this turn | 300 sec total\n|\n|t:|1783553269\n|move|p1a: Manaphy|Tail Glow|p1a: Manaphy\n|-boost|p1a: Manaphy|spa|3\n|move|p2a: Florges|Moonblast|p1a: Manaphy\n|-damage|p1a: Manaphy|74/284\n|-unboost|p1a: Manaphy|spa|1\n|\n|-heal|p1a: Manaphy|91/284|[from] item: Leftovers\n|-heal|p2a: Florges|56/100|[from] item: Leftovers\n|upkeep\n|turn|6\n|inactive|Time left: 300 sec this turn | 300 sec total\n|\n|t:|1783553270\n|switch|p2a: Muk|Muk-Alola, L82, F|100/100\n|move|p1a: Manaphy|Surf|p2a: Muk\n|-damage|p2a: Muk|68/100\n|\n|-heal|p1a: Manaphy|108/284|[from] item: Leftovers\n|upkeep\n|turn|7\n|inactive|Time left: 300 sec this turn | 300 sec total\n|\n|t:|1783553271\n|move|p1a: Manaphy|Surf|p2a: Muk\n|-damage|p2a: Muk|34/100\n|move|p2a: Muk|Knock Off|p1a: Manaphy\n|-damage|p1a: Manaphy|11/284\n|-enditem|p1a: Manaphy|Leftovers|[from] move: Knock Off|[of] p2a: Muk\n|\n|upkeep\n|turn|8\n|inactive|Time left: 300 sec this turn | 300 sec total\n|\n|t:|1783553272\n|move|p2a: Muk|Shadow Sneak|p1a: Manaphy\n|-damage|p1a: Manaphy|0 fnt\n|faint|p1a: Manaphy\n|\n|upkeep\n|inactive|Time left: 300 sec this turn | 300 sec total | 5 sec grace\n|\n|t:|1783553273\n|switch|p1a: Metagross|Metagross, L79|56/256\n|turn|9\n|inactive|Time left: 300 sec this turn | 300 sec total\n|\n|t:|1783553274\n|move|p2a: Muk|Shadow Sneak|p1a: Metagross\n|-supereffective|p1a: Metagross\n|-damage|p1a: Metagross|12/256\n|move|p1a: Metagross|Heavy Slam|p2a: Muk\n|-damage|p2a: Muk|0 fnt\n|faint|p2a: Muk\n|\n|-heal|p1a: Metagross|28/256|[from] item: Leftovers\n|upkeep\n|\n|t:|1783553274\n|switch|p2a: Florges|Florges-Blue, L85, F, tera:Ground|56/100\n|turn|10\n|inactive|Time left: 300 sec this turn | 300 sec total\n|\n|t:|1783553275\n|move|p2a: Florges|Tera Blast|p1a: Metagross|[anim] Tera Blast Ground\n|-supereffective|p1a: Metagross\n|-damage|p1a: Metagross|0 fnt\n|faint|p1a: Metagross\n|\n|-heal|p2a: Florges|62/100|[from] item: Leftovers\n|upkeep\n|inactive|Time left: 300 sec this turn | 300 sec total | 5 sec grace\n|\n|t:|1783553276\n|switch|p1a: Camerupt|Camerupt, L91, F|275/275\n|turn|11\n|inactive|Time left: 300 sec this turn | 300 sec total\n|\n|t:|1783553277\n|move|p2a: Florges|Tera Blast|p1a: Camerupt|[anim] Tera Blast Ground\n|-supereffective|p1a: Camerupt\n|-damage|p1a: Camerupt|121/275\n|move|p1a: Camerupt|Earthquake|p2a: Florges\n|-damage|p2a: Florges|8/100\n|\n|-heal|p2a: Florges|14/100|[from] item: Leftovers\n|-heal|p1a: Camerupt|138/275|[from] item: Leftovers\n|upkeep\n|turn|12\n|inactive|Time left: 300 sec this turn | 300 sec total\n|\n|t:|1783553278\n|move|p2a: Florges|Tera Blast|p1a: Camerupt|[anim] Tera Blast Ground\n|-supereffective|p1a: Camerupt\n|-damage|p1a: Camerupt|0 fnt\n|faint|p1a: Camerupt\n|\n|-heal|p2a: Florges|20/100|[from] item: Leftovers\n|upkeep\n|inactive|Time left: 300 sec this turn | 300 sec total | 5 sec grace\n|\n|t:|1783553280\n|switch|p1a: Iron Moth|Iron Moth, L78|253/253\n|turn|13\n|inactive|Time left: 300 sec this turn | 300 sec total\n|\n|t:|1783553281\n|move|p1a: Iron Moth|Fire Blast|p2a: Florges\n|-damage|p2a: Florges|0 fnt\n|faint|p2a: Florges\n|\n|upkeep\n|\n|t:|1783553282\n|switch|p2a: Mabosstiff|Mabosstiff, L86, M|100/100\n|turn|14\n|inactive|Time left: 300 sec this turn | 300 sec total\n|\n|t:|1783553283\n|-terastallize|p1a: Iron Moth|Fire\n|move|p2a: Mabosstiff|Crunch|p1a: Iron Moth\n|-crit|p1a: Iron Moth\n|-damage|p1a: Iron Moth|37/253\n|move|p1a: Iron Moth|Fire Blast|p2a: Mabosstiff\n|-damage|p2a: Mabosstiff|22/100\n|\n|upkeep\n|turn|15\n|inactive|Time left: 300 sec this turn | 300 sec total\n|\n|t:|1783553284\n|move|p2a: Mabosstiff|Crunch|p1a: Iron Moth\n|-damage|p1a: Iron Moth|0 fnt\n|faint|p1a: Iron Moth\n|-end|p1a: Iron Moth|Quark Drive|[silent]\n|\n|upkeep\n|inactive|Time left: 300 sec this turn | 300 sec total | 5 sec grace\n|\n|t:|1783553285\n|switch|p1a: Luvdisc|Luvdisc, F|247/247\n|turn|16\n|inactive|Time left: 300 sec this turn | 300 sec total\n|\n|t:|1783553286\n|move|p2a: Mabosstiff|Crunch|p1a: Luvdisc\n|-damage|p1a: Luvdisc|120/247\n|move|p1a: Luvdisc|Substitute|p1a: Luvdisc\n|-start|p1a: Luvdisc|Substitute\n|-damage|p1a: Luvdisc|59/247\n|\n|upkeep\n|turn|17\n|inactive|Time left: 300 sec this turn | 300 sec total\n|\n|t:|1783553287\n|move|p2a: Mabosstiff|Crunch|p1a: Luvdisc\n|-end|p1a: Luvdisc|Substitute\n|move|p1a: Luvdisc|Whirlpool|p2a: Mabosstiff\n|-damage|p2a: Mabosstiff|9/100\n|-activate|p2a: Mabosstiff|move: Whirlpool|[of] p1a: Luvdisc\n|\n|-damage|p2a: Mabosstiff|0 fnt|[from] move: Whirlpool|[partiallytrapped]\n|faint|p2a: Mabosstiff\n|upkeep\n|\n|t:|1783553288\n|switch|p2a: Pachirisu|Pachirisu, L96, M|55/100\n|turn|18\n|inactive|Time left: 300 sec this turn | 300 sec total\n|\n|t:|1783553289\n|move|p1a: Luvdisc|Substitute|p1a: Luvdisc\n|-fail|p1a: Luvdisc|move: Substitute|[weak]\n|move|p2a: Pachirisu|Discharge|p1a: Luvdisc\n|-supereffective|p1a: Luvdisc\n|-damage|p1a: Luvdisc|0 fnt\n|faint|p1a: Luvdisc\n|\n|win|p0y1221b221", "uploadtime": 1783553289, "views": 0, "rating": 0, "private": 0, "password": null, "_winner": "p0y1221b221", "_our_name": "p0x1221b497"}