{"id": "battle-gen9randombattle-2518", "formatid": "gen9randombattle", "format": "[Gen 9] Random Battle", "players": ["p0x2518b108", "p0y25189e5a"], "log": "|init|battle\n|title|p0x2518b108 vs. p0y25189e5a\n|j|\u2606p0x2518b108\n|j|\u2606p0y25189e5a\n|t:|1783569152\n|gametype|singles\n|player|p1|p0x2518b108|170|\n|player|p2|p0y25189e5a|266|\n|gen|9\n|tier|[Gen 9] Random Battle\n|rule|Species Clause: Limit one of each Pok\u00e9mon\n|rule|HP Percentage Mod: HP is shown in percentages\n|rule|Sleep Clause Mod: Limit one foe put to sleep\n|rule|Illusion Level Mod: Illusion disguises the Pok\u00e9mon's true level\n|\n|t:|1783569152\n|teamsize|p1|6\n|teamsize|p2|6\n|start\n|switch|p1a: Lucario|Lucario, L84, M|100/100\n|switch|p2a: Vespiquen|Vespiquen, L99, F|299/299\n|-ability|p2a: Vespiquen|Pressure\n|turn|1\n|inactive|Battle timer is ON: inactive players will automatically lose when time's up. (requested by p0x2518b108)\n|inactive|Time left: 300 sec this turn | 300 sec total | 60 sec grace\n|inactive|p0y25189e5a also wants the timer to be on.\n|\n|t:|1783569153\n|move|p1a: Lucario|Swords Dance|p1a: Lucario\n|-boost|p1a: Lucario|atk|2\n|move|p2a: Vespiquen|Air Slash|p1a: Lucario\n|-damage|p1a: Lucario|56/100\n|\n|upkeep\n|turn|2\n|inactive|Time left: 300 sec this turn | 300 sec total\n|\n|t:|1783569154\n|move|p1a: Lucario|Meteor Mash|p2a: Vespiquen\n|-damage|p2a: Vespiquen|108/299\n|-damage|p1a: Lucario|46/100|[from] item: Life Orb\n|move|p2a: Vespiquen|Air Slash|p1a: Lucario\n|-damage|p1a: Lucario|0 fnt\n|faint|p1a: Lucario\n|\n|upkeep\n|\n|t:|1783569155\n|switch|p1a: Wugtrio|Wugtrio, L91, M|100/100\n|turn|3\n|inactive|Time left: 300 sec this turn | 300 sec total\n|\n|t:|1783569157\n|switch|p2a: Zarude|Zarude-Dada, L77|288/288\n|move|p1a: Wugtrio|Liquidation|p2a: Zarude\n|-resisted|p2a: Zarude\n|-crit|p2a: Zarude\n|-damage|p2a: Zarude|178/288\n|\n|upkeep\n|turn|4\n|inactive|Time left: 300 sec this turn | 300 sec total\n|\n|t:|1783569158\n|move|p1a: Wugtrio|Liquidation|p2a: Zarude\n|-resisted|p2a: Zarude\n|-damage|p2a: Zarude|94/288\n|move|p2a: Zarude|Power Whip|p1a: Wugtrio\n|-supereffective|p1a: Wugtrio\n|-damage|p1a: Wugtrio|0 fnt\n|-ability|p1a: Wugtrio|Gooey\n|-unboost|p2a: Zarude|spe|1\n|faint|p1a: Wugtrio\n|-damage|p2a: Zarude|66/288|[from] item: Life Orb\n|\n|upkeep\n|\n|t:|1783569159\n|switch|p1a: Iron Valiant|Iron Valiant, L78|100/100\n|turn|5\n|inactive|Time left: 300 sec this turn | 300 sec total\n|\n|t:|1783569160\n|switch|p2a: Entei|Entei, L78|307/307\n|move|p1a: Iron Valiant|Dark Pulse|p2a: Entei\n|-damage|p2a: Entei|142/307\n|\n|upkeep\n|turn|6\n|inactive|Time left: 300 sec this turn | 300 sec total\n|\n|t:|1783569160\n|move|p2a: Entei|Extreme Speed|p1a: Iron Valiant\n|-damage|p1a: Iron Valiant|52/100\n|replace|p1a: Zoroark|Zoroark, L83, F\n|-end|p1a: Zoroark|Illusion\n|-hint|Illusion Level Mod is active, so this Pok\u00e9mon's true level was hidden.\n|move|p1a: Zoroark|Dark Pulse|p2a: Entei\n|-damage|p2a: Entei|0 fnt\n|faint|p2a: Entei\n|\n|upkeep\n|inactive|Time left: 300 sec this turn | 300 sec total | 5 sec grace\n|\n|t:|1783569161\n|switch|p2a: Cramorant|Cramorant, L86, M|261/261\n|turn|7\n|inactive|Time left: 300 sec this turn | 300 sec total\n|\n|t:|1783569162\n|move|p1a: Zoroark|Dark Pulse|p2a: Cramorant\n|-damage|p2a: Cramorant|128/261\n|move|p2a: Cramorant|Surf|p1a: Zoroark\n|-formechange|p2a: Cramorant|Cramorant-Gorging|\n|-damage|p1a: Zoroark|0 fnt\n|faint|p1a: Zoroark\n|\n|upkeep\n|\n|t:|1783569163\n|switch|p1a: Brute Bonnet|Brute Bonnet, L80|100/100\n|turn|8\n|inactive|Time left: 300 sec this turn | 300 sec total\n|\n|t:|1783569164\n|move|p2a: Cramorant|Roost|p2a: Cramorant\n|-heal|p2a: Cramorant|259/261\n|-singleturn|p2a: Cramorant|move: Roost\n|move|p1a: Brute Bonnet|Spore|p2a: Cramorant\n|-status|p2a: Cramorant|slp|[from] move: Spore\n|\n|upkeep\n|turn|9\n|inactive|Time left: 300 sec this turn | 300 sec total\n|\n|t:|1783569165\n|switch|p2a: Vespiquen|Vespiquen, L99, F|108/299\n|-ability|p2a: Vespiquen|Pressure\n|move|p1a: Brute Bonnet|Crunch|p2a: Vespiquen\n|-damage|p2a: Vespiquen|39/299\n|\n|upkeep\n|turn|10\n|inactive|Time left: 300 sec this turn | 300 sec total\n|\n|t:|1783569166\n|move|p2a: Vespiquen|Roost|p2a: Vespiquen\n|-heal|p2a: Vespiquen|189/299\n|-singleturn|p2a: Vespiquen|move: Roost\n|move|p1a: Brute Bonnet|Crunch|p2a: Vespiquen\n|-damage|p2a: Vespiquen|113/299\n|-unboost|p2a: Vespiquen|def|1\n|\n|upkeep\n|turn|11\n|inactive|Time left: 300 sec this turn | 300 sec total\n|\n|t:|1783569167\n|move|p2a: Vespiquen|Roost|p2a: Vespiquen\n|-heal|p2a: Vespiquen|263/299\n|-singleturn|p2a: Vespiquen|move: Roost\n|move|p1a: Brute Bonnet|Crunch|p2a: Vespiquen\n|-damage|p2a: Vespiquen|158/299\n|-unboost|p2a: Vespiquen|def|1\n|\n|upkeep\n|turn|12\n|inactive|Time left: 300 sec this turn | 300 sec total\n|\n|t:|1783569168\n|move|p2a: Vespiquen|Air Slash|p1a: Brute Bonnet\n|-supereffective|p1a: Brute Bonnet\n|-damage|p1a: Brute Bonnet|40/100\n|move|p1a: Brute Bonnet|Crunch|p2a: Vespiquen\n|-crit|p2a: Vespiquen\n|-damage|p2a: Vespiquen|0 fnt\n|faint|p2a: Vespiquen\n|\n|-heal|p1a: Brute Bonnet|46/100|[from] item: Leftovers\n|upkeep\n|inactive|Time left: 300 sec this turn | 300 sec total | 5 sec grace\n|\n|t:|1783569169\n|switch|p2a: Feraligatr|Feraligatr, L79, M|264/264\n|turn|13\n|inactive|Time left: 300 sec this turn | 300 sec total\n|\n|t:|1783569170\n|move|p2a: Feraligatr|Dragon Dance|p2a: Feraligatr\n|-boost|p2a: Feraligatr|atk|1\n|-boost|p2a: Feraligatr|spe|1\n|move|p1a: Brute Bonnet|Crunch|p2a: Feraligatr\n|-damage|p2a: Feraligatr|177/264\n|-unboost|p2a: Feraligatr|def|1\n|\n|-heal|p1a: Brute Bonnet|52/100|[from] item: Leftovers\n|upkeep\n|turn|14\n|inactive|Time left: 300 sec this turn | 300 sec total\n|\n|t:|1783569171\n|-terastallize|p1a: Brute Bonnet|Fighting\n|move|p2a: Feraligatr|Ice Punch|p1a: Brute Bonnet\n|-damage|p1a: Brute Bonnet|10/100\n|move|p1a: Brute Bonnet|Close Combat|p2a: Feraligatr\n|-damage|p2a: Feraligatr|0 fnt\n|-unboost|p1a: Brute Bonnet|def|1\n|-unboost|p1a: Brute Bonnet|spd|1\n|faint|p2a: Feraligatr\n|\n|-heal|p1a: Brute Bonnet|16/100|[from] item: Leftovers\n|upkeep\n|inactive|Time left: 300 sec this turn | 300 sec total | 5 sec grace\n|\n|t:|1783569171\n|switch|p2a: Munkidori|Munkidori, L79, M|269/269\n|turn|15\n|inactive|Time left: 300 sec this turn | 300 sec total\n|\n|t:|1783569172\n|move|p1a: Brute Bonnet|Sucker Punch|p2a: Munkidori\n|-supereffective|p2a: Munkidori\n|-damage|p2a: Munkidori|59/269\n|move|p2a: Munkidori|Psyshock|p1a: Brute Bonnet\n|-supereffective|p1a: Brute Bonnet\n|-damage|p1a: Brute Bonnet|0 fnt\n|faint|p1a: Brute Bonnet\n|-end|p1a: Brute Bonnet|Protosynthesis|[silent]\n|-damage|p2a: Munkidori|33/269|[from] item: Life Orb\n|\n|upkeep\n|\n|t:|1783569173\n|switch|p1a: Iron Valiant|Iron Valiant, L78|100/100\n|turn|16\n|inactive|Time left: 300 sec this turn | 300 sec total\n|\n|t:|1783569174\n|move|p1a: Iron Valiant|Moonblast|p2a: Munkidori\n|-resisted|p2a: Munkidori\n|-damage|p2a: Munkidori|0 fnt\n|faint|p2a: Munkidori\n|-damage|p1a: Iron Valiant|91/100|[from] item: Life Orb\n|\n|upkeep\n|inactive|Time left: 300 sec this turn | 300 sec total | 5 sec grace\n|\n|t:|1783569175\n|switch|p2a: Cramorant|Cramorant, L86, M|259/261 slp\n|turn|17\n|inactive|Time left: 300 sec this turn | 300 sec total\n|\n|t:|1783569176\n|move|p1a: Iron Valiant|Moonblast|p2a: Cramorant\n|-damage|p2a: Cramorant|142/261 slp\n|-unboost|p2a: Cramorant|spa|1\n|-damage|p1a: Iron Valiant|81/100|[from] item: Life Orb\n|cant|p2a: Cramorant|slp\n|\n|upkeep\n|turn|18\n|inactive|Time left: 300 sec this turn | 300 sec total\n|\n|t:|1783569177\n|move|p1a: Iron Valiant|Close Combat|p2a: Cramorant\n|-resisted|p2a: Cramorant\n|-damage|p2a: Cramorant|8/261 slp\n|-unboost|p1a: Iron Valiant|def|1\n|-unboost|p1a: Iron Valiant|spd|1\n|-damage|p1a: Iron Valiant|71/100|[from] item: Life Orb\n|-curestatus|p2a: Cramorant|slp|[msg]\n|move|p2a: Cramorant|Surf|p1a: Iron Valiant\n|-formechange|p2a: Cramorant|Cramorant-Gorging|\n|-damage|p1a: Iron Valiant|18/100\n|\n|upkeep\n|turn|19\n|inactive|Time left: 300 sec this turn | 300 sec total\n|\n|t:|1783569178\n|move|p1a: Iron Valiant|Moonblast|p2a: Cramorant\n|-damage|p2a: Cramorant|0 fnt\n|-damage|p1a: Iron Valiant|0 fnt|[from] ability: Gulp Missile|[of] p2a: Cramorant\n|-formechange|p2a: Cramorant|Cramorant|\n|faint|p2a: Cramorant\n|faint|p1a: Iron Valiant\n|-end|p1a: Iron Valiant|Quark Drive|[silent]\n|\n|upkeep\n|inactive|Time left: 300 sec this turn | 300 sec total | 5 sec grace\n|\n|t:|1783569179\n|switch|p1a: Sunflora|Sunflora, M|100/100\n|switch|p2a: Zarude|Zarude-Dada, L77|66/288\n|turn|20\n|inactive|Time left: 300 sec this turn | 300 sec total\n|\n|t:|1783569179\n|-terastallize|p2a: Zarude|Grass\n|move|p2a: Zarude|Swords Dance|p2a: Zarude\n|-boost|p2a: Zarude|atk|2\n|move|p1a: Sunflora|Sludge Bomb|p2a: Zarude\n|-supereffective|p2a: Zarude\n|-damage|p2a: Zarude|0 fnt\n|faint|p2a: Zarude\n|\n|win|p0x2518b108", "uploadtime": 1783569179, "views": 0, "rating": 0, "private": 0, "password": null, "_winner": "p0x2518b108", "_our_name": "p0y25189e5a"}