{"id": "battle-gen9randombattle-75", "formatid": "gen9randombattle", "format": "[Gen 9] Random Battle", "players": ["p0x0758b53", "p0y075f5e9"], "log": "|init|battle\n|title|p0x0758b53 vs. p0y075f5e9\n|j|\u2606p0x0758b53\n|j|\u2606p0y075f5e9\n|t:|1783534111\n|gametype|singles\n|player|p1|p0x0758b53|102|\n|player|p2|p0y075f5e9|1|\n|gen|9\n|tier|[Gen 9] Random Battle\n|rule|Species Clause: Limit one of each Pok\u00e9mon\n|rule|HP Percentage Mod: HP is shown in percentages\n|rule|Sleep Clause Mod: Limit one foe put to sleep\n|rule|Illusion Level Mod: Illusion disguises the Pok\u00e9mon's true level\n|\n|t:|1783534111\n|teamsize|p1|6\n|teamsize|p2|6\n|start\n|switch|p1a: Sceptile|Sceptile, L87, M|264/264\n|switch|p2a: Duraludon|Duraludon, L82, M|100/100\n|turn|1\n|inactive|Battle timer is ON: inactive players will automatically lose when time's up. (requested by p0x0758b53)\n|inactive|p0y075f5e9 also wants the timer to be on.\n|\n|t:|1783534112\n|move|p1a: Sceptile|Focus Blast|p2a: Duraludon\n|-supereffective|p2a: Duraludon\n|-damage|p2a: Duraludon|8/100\n|-damage|p1a: Sceptile|238/264|[from] item: Life Orb\n|move|p2a: Duraludon|Stealth Rock|p1a: Sceptile\n|-sidestart|p1: p0x0758b53|move: Stealth Rock\n|\n|upkeep\n|turn|2\n|inactive|Time left: 300 sec this turn | 300 sec total\n|\n|t:|1783534114\n|switch|p2a: Muk|Muk, L86, M|100/100\n|move|p1a: Sceptile|Giga Drain|p2a: Muk\n|-resisted|p2a: Muk\n|-damage|p2a: Muk|90/100\n|-heal|p1a: Sceptile|256/264|[from] drain|[of] p2a: Muk\n|-damage|p1a: Sceptile|230/264|[from] item: Life Orb\n|\n|upkeep\n|turn|3\n|inactive|Time left: 300 sec this turn | 300 sec total\n|\n|t:|1783534115\n|move|p1a: Sceptile|Earthquake|p2a: Muk\n|-supereffective|p2a: Muk\n|-damage|p2a: Muk|26/100\n|-damage|p1a: Sceptile|204/264|[from] item: Life Orb\n|move|p2a: Muk|Poison Jab|p1a: Sceptile\n|-supereffective|p1a: Sceptile\n|-damage|p1a: Sceptile|0 fnt\n|faint|p1a: Sceptile\n|\n|upkeep\n|inactive|Time left: 300 sec this turn | 300 sec total | 5 sec grace\n|\n|t:|1783534116\n|switch|p1a: Toxtricity|Toxtricity, L82, F|257/257\n|-damage|p1a: Toxtricity|225/257|[from] Stealth Rock\n|turn|4\n|inactive|Time left: 300 sec this turn | 300 sec total\n|\n|t:|1783534118\n|switch|p2a: Spiritomb|Spiritomb, L89, F|100/100\n|move|p1a: Toxtricity|Shift Gear|p1a: Toxtricity\n|-boost|p1a: Toxtricity|spe|2\n|-boost|p1a: Toxtricity|atk|1\n|\n|upkeep\n|turn|5\n|inactive|Time left: 300 sec this turn | 300 sec total\n|\n|t:|1783534119\n|move|p1a: Toxtricity|Overdrive|p2a: Spiritomb\n|-damage|p2a: Spiritomb|58/100\n|-enditem|p1a: Toxtricity|Throat Spray\n|-boost|p1a: Toxtricity|spa|1|[from] item: Throat Spray\n|move|p2a: Spiritomb|Foul Play|p1a: Toxtricity\n|-damage|p1a: Toxtricity|50/257\n|\n|-heal|p2a: Spiritomb|64/100|[from] item: Leftovers\n|upkeep\n|turn|6\n|inactive|Time left: 300 sec this turn | 300 sec total\n|\n|t:|1783534120\n|move|p1a: Toxtricity|Overdrive|p2a: Spiritomb\n|-damage|p2a: Spiritomb|6/100\n|move|p2a: Spiritomb|Foul Play|p1a: Toxtricity\n|-damage|p1a: Toxtricity|0 fnt\n|faint|p1a: Toxtricity\n|\n|-heal|p2a: Spiritomb|12/100|[from] item: Leftovers\n|upkeep\n|inactive|Time left: 300 sec this turn | 300 sec total | 5 sec grace\n|\n|t:|1783534121\n|switch|p1a: Crabominable|Crabominable, L90, F|321/321\n|-damage|p1a: Crabominable|281/321|[from] Stealth Rock\n|turn|7\n|inactive|Time left: 300 sec this turn | 300 sec total\n|\n|t:|1783534122\n|move|p2a: Spiritomb|Shadow Sneak|p1a: Crabominable\n|-damage|p1a: Crabominable|233/321\n|move|p1a: Crabominable|Knock Off|p2a: Spiritomb\n|-damage|p2a: Spiritomb|0 fnt\n|-enditem|p2a: Spiritomb|Leftovers|[from] move: Knock Off|[of] p1a: Crabominable\n|faint|p2a: Spiritomb\n|\n|upkeep\n|\n|t:|1783534123\n|switch|p2a: Iron Valiant|Iron Valiant, L78|100/100\n|turn|8\n|inactive|Time left: 300 sec this turn | 300 sec total\n|\n|t:|1783534124\n|switch|p1a: Dondozo|Dondozo, L78, M|362/362\n|-damage|p1a: Dondozo|317/362|[from] Stealth Rock\n|move|p2a: Iron Valiant|Close Combat|p1a: Dondozo\n|-damage|p1a: Dondozo|152/362\n|-unboost|p2a: Iron Valiant|def|1\n|-unboost|p2a: Iron Valiant|spd|1\n|-damage|p2a: Iron Valiant|91/100|[from] item: Life Orb\n|\n|-heal|p1a: Dondozo|174/362|[from] item: Leftovers\n|upkeep\n|turn|9\n|inactive|Time left: 300 sec this turn | 300 sec total\n|\n|t:|1783534125\n|move|p2a: Iron Valiant|Moonblast|p1a: Dondozo\n|-damage|p1a: Dondozo|0 fnt\n|faint|p1a: Dondozo\n|-damage|p2a: Iron Valiant|81/100|[from] item: Life Orb\n|\n|upkeep\n|inactive|Time left: 300 sec this turn | 300 sec total | 5 sec grace\n|\n|t:|1783534126\n|switch|p1a: Regieleki|Regieleki, L79|256/256\n|-damage|p1a: Regieleki|224/256|[from] Stealth Rock\n|turn|10\n|inactive|Time left: 300 sec this turn | 300 sec total\n|\n|t:|1783534127\n|-end|p2a: Iron Valiant|Quark Drive|[silent]\n|switch|p2a: Brute Bonnet|Brute Bonnet, L80|100/100\n|move|p1a: Regieleki|Thunderbolt|p2a: Brute Bonnet\n|-resisted|p2a: Brute Bonnet\n|-damage|p2a: Brute Bonnet|79/100\n|\n|-heal|p2a: Brute Bonnet|86/100|[from] item: Leftovers\n|upkeep\n|turn|11\n|inactive|Time left: 300 sec this turn | 300 sec total\n|\n|t:|1783534128\n|move|p1a: Regieleki|Rapid Spin|p2a: Brute Bonnet\n|-damage|p2a: Brute Bonnet|76/100\n|-boost|p1a: Regieleki|spe|1\n|-sideend|p1: p0x0758b53|Stealth Rock|[from] move: Rapid Spin|[of] p1a: Regieleki\n|move|p2a: Brute Bonnet|Crunch|p1a: Regieleki\n|-damage|p1a: Regieleki|71/256\n|-unboost|p1a: Regieleki|def|1\n|\n|-heal|p2a: Brute Bonnet|82/100|[from] item: Leftovers\n|upkeep\n|turn|12\n|inactive|Time left: 300 sec this turn | 300 sec total\n|\n|t:|1783534129\n|move|p2a: Brute Bonnet|Sucker Punch|p1a: Regieleki\n|-damage|p1a: Regieleki|0 fnt\n|faint|p1a: Regieleki\n|\n|-heal|p2a: Brute Bonnet|88/100|[from] item: Leftovers\n|upkeep\n|inactive|Time left: 300 sec this turn | 300 sec total | 5 sec grace\n|\n|t:|1783534130\n|switch|p1a: Crabominable|Crabominable, L90, F|233/321\n|turn|13\n|inactive|Time left: 300 sec this turn | 300 sec total\n|\n|t:|1783534131\n|move|p2a: Brute Bonnet|Spore|p1a: Crabominable\n|-status|p1a: Crabominable|slp|[from] move: Spore\n|cant|p1a: Crabominable|slp\n|\n|-heal|p2a: Brute Bonnet|94/100|[from] item: Leftovers\n|upkeep\n|turn|14\n|inactive|Time left: 300 sec this turn | 300 sec total\n|\n|t:|1783534132\n|move|p2a: Brute Bonnet|Seed Bomb|p1a: Crabominable\n|-damage|p1a: Crabominable|130/321 slp\n|-curestatus|p1a: Crabominable|slp|[msg]\n|move|p1a: Crabominable|Drain Punch|p2a: Brute Bonnet\n|-supereffective|p2a: Brute Bonnet\n|-damage|p2a: Brute Bonnet|0 fnt\n|-heal|p1a: Crabominable|275/321|[from] drain|[of] p2a: Brute Bonnet\n|faint|p2a: Brute Bonnet\n|-end|p2a: Brute Bonnet|Protosynthesis|[silent]\n|\n|upkeep\n|\n|t:|1783534133\n|switch|p2a: Iron Valiant|Iron Valiant, L78|81/100\n|turn|15\n|inactive|Time left: 300 sec this turn | 300 sec total\n|\n|t:|1783534134\n|-terastallize|p1a: Crabominable|Ground\n|move|p2a: Iron Valiant|Close Combat|p1a: Crabominable\n|-damage|p1a: Crabominable|84/321\n|-unboost|p2a: Iron Valiant|def|1\n|-unboost|p2a: Iron Valiant|spd|1\n|-damage|p2a: Iron Valiant|71/100|[from] item: Life Orb\n|move|p1a: Crabominable|Drain Punch|p2a: Iron Valiant\n|-resisted|p2a: Iron Valiant\n|-damage|p2a: Iron Valiant|0 fnt\n|-heal|p1a: Crabominable|170/321|[from] drain|[of] p2a: Iron Valiant\n|faint|p2a: Iron Valiant\n|-end|p2a: Iron Valiant|Quark Drive|[silent]\n|\n|upkeep\n|\n|t:|1783534135\n|switch|p2a: Muk|Muk, L86, M|26/100\n|turn|16\n|inactive|Time left: 300 sec this turn | 300 sec total\n|\n|t:|1783534135\n|move|p2a: Muk|Ice Punch|p1a: Crabominable\n|-supereffective|p1a: Crabominable\n|-damage|p1a: Crabominable|42/321\n|move|p1a: Crabominable|Drain Punch|p2a: Muk\n|-resisted|p2a: Muk\n|-damage|p2a: Muk|0 fnt\n|-heal|p1a: Crabominable|83/321|[from] drain|[of] p2a: Muk\n|faint|p2a: Muk\n|\n|upkeep\n|\n|t:|1783534136\n|switch|p2a: Blastoise|Blastoise, L80, M|100/100\n|turn|17\n|inactive|Time left: 300 sec this turn | 300 sec total\n|\n|t:|1783534137\n|move|p2a: Blastoise|Shell Smash|p2a: Blastoise\n|-unboost|p2a: Blastoise|def|1\n|-unboost|p2a: Blastoise|spd|1\n|-boost|p2a: Blastoise|atk|2\n|-boost|p2a: Blastoise|spa|2\n|-boost|p2a: Blastoise|spe|2\n|-enditem|p2a: Blastoise|White Herb\n|-clearnegativeboost|p2a: Blastoise|[silent]\n|move|p1a: Crabominable|Drain Punch|p2a: Blastoise\n|-damage|p2a: Blastoise|29/100\n|-heal|p1a: Crabominable|175/321|[from] drain|[of] p2a: Blastoise\n|\n|upkeep\n|turn|18\n|inactive|Time left: 300 sec this turn | 300 sec total\n|\n|t:|1783534138\n|-terastallize|p2a: Blastoise|Steel\n|move|p2a: Blastoise|Hydro Pump|p1a: Crabominable\n|-supereffective|p1a: Crabominable\n|-damage|p1a: Crabominable|0 fnt\n|faint|p1a: Crabominable\n|\n|upkeep\n|inactive|Time left: 300 sec this turn | 300 sec total | 5 sec grace\n|\n|t:|1783534139\n|switch|p1a: Hydreigon|Hydreigon, L79, F|275/275\n|turn|19\n|inactive|Time left: 300 sec this turn | 300 sec total\n|\n|t:|1783534140\n|move|p2a: Blastoise|Ice Beam|p1a: Hydreigon\n|-supereffective|p1a: Hydreigon\n|-damage|p1a: Hydreigon|71/275\n|move|p1a: Hydreigon|Dark Pulse|p2a: Blastoise\n|-damage|p2a: Blastoise|0 fnt\n|faint|p2a: Blastoise\n|\n|upkeep\n|\n|t:|1783534141\n|switch|p2a: Duraludon|Duraludon, L82, M|8/100\n|turn|20\n|inactive|Time left: 300 sec this turn | 300 sec total\n|\n|t:|1783534142\n|move|p1a: Hydreigon|Dark Pulse|p2a: Duraludon\n|-damage|p2a: Duraludon|0 fnt\n|faint|p2a: Duraludon\n|\n|win|p0x0758b53", "uploadtime": 1783534142, "views": 0, "rating": 0, "private": 0, "password": null, "_winner": "p0x0758b53", "_our_name": "p0x0758b53"}