{"id": "battle-gen9randombattle-2094", "formatid": "gen9randombattle", "format": "[Gen 9] Random Battle", "players": ["p0x2094f3d0", "p0y20944e1f"], "log": "|init|battle\n|title|p0x2094f3d0 vs. p0y20944e1f\n|j|\u2606p0x2094f3d0\n|j|\u2606p0y20944e1f\n|t:|1783563451\n|gametype|singles\n|player|p1|p0x2094f3d0|1|\n|player|p2|p0y20944e1f|101|\n|gen|9\n|tier|[Gen 9] Random Battle\n|rule|Species Clause: Limit one of each Pok\u00e9mon\n|rule|HP Percentage Mod: HP is shown in percentages\n|rule|Sleep Clause Mod: Limit one foe put to sleep\n|rule|Illusion Level Mod: Illusion disguises the Pok\u00e9mon's true level\n|\n|t:|1783563451\n|teamsize|p1|6\n|teamsize|p2|6\n|start\n|switch|p1a: Rabsca|Rabsca, L91, M|100/100\n|switch|p2a: Manaphy|Manaphy, L78|284/284\n|turn|1\n|inactive|Battle timer is ON: inactive players will automatically lose when time's up. (requested by p0y20944e1f)\n|inactive|p0x2094f3d0 also wants the timer to be on.\n|\n|t:|1783563452\n|move|p2a: Manaphy|Tail Glow|p2a: Manaphy\n|-boost|p2a: Manaphy|spa|3\n|move|p1a: Rabsca|Bug Buzz|p2a: Manaphy\n|-damage|p2a: Manaphy|163/284\n|\n|-heal|p2a: Manaphy|180/284|[from] item: Leftovers\n|upkeep\n|turn|2\n|inactive|Time left: 300 sec this turn | 300 sec total\n|\n|t:|1783563453\n|move|p2a: Manaphy|Hydro Pump|p1a: Rabsca|[miss]\n|-miss|p2a: Manaphy|p1a: Rabsca\n|move|p1a: Rabsca|Bug Buzz|p2a: Manaphy\n|-damage|p2a: Manaphy|65/284\n|\n|-heal|p2a: Manaphy|82/284|[from] item: Leftovers\n|upkeep\n|turn|3\n|inactive|Time left: 300 sec this turn | 300 sec total\n|\n|t:|1783563454\n|-terastallize|p2a: Manaphy|Water\n|move|p2a: Manaphy|Hydro Pump|p1a: Rabsca\n|-damage|p1a: Rabsca|5/100\n|move|p1a: Rabsca|Psychic|p2a: Manaphy\n|-damage|p2a: Manaphy|0 fnt\n|faint|p2a: Manaphy\n|\n|upkeep\n|inactive|Time left: 300 sec this turn | 300 sec total | 5 sec grace\n|\n|t:|1783563455\n|switch|p2a: Slaking|Slaking, L84, M|389/389\n|turn|4\n|inactive|Time left: 300 sec this turn | 300 sec total\n|\n|t:|1783563456\n|move|p2a: Slaking|Giga Impact|p1a: Rabsca\n|-damage|p1a: Rabsca|0 fnt\n|-mustrecharge|p2a: Slaking\n|faint|p1a: Rabsca\n|\n|upkeep\n|\n|t:|1783563457\n|switch|p1a: Dudunsparce|Dudunsparce, L83, F|100/100\n|turn|5\n|inactive|Time left: 300 sec this turn | 300 sec total\n|\n|t:|1783563458\n|-terastallize|p1a: Dudunsparce|Ghost\n|cant|p2a: Slaking|recharge\n|move|p1a: Dudunsparce|Calm Mind|p1a: Dudunsparce\n|-boost|p1a: Dudunsparce|spa|1\n|-boost|p1a: Dudunsparce|spd|1\n|\n|upkeep\n|turn|6\n|inactive|Time left: 300 sec this turn | 300 sec total\n|\n|t:|1783563458\n|move|p2a: Slaking|Giga Impact|p1a: Dudunsparce\n|-immune|p1a: Dudunsparce\n|move|p1a: Dudunsparce|Boomburst|p2a: Slaking\n|-damage|p2a: Slaking|128/389\n|\n|upkeep\n|turn|7\n|inactive|Time left: 300 sec this turn | 300 sec total\n|\n|t:|1783563459\n|switch|p2a: Terrakion|Terrakion, L79|273/273\n|move|p1a: Dudunsparce|Boomburst|p2a: Terrakion\n|-resisted|p2a: Terrakion\n|-damage|p2a: Terrakion|170/273\n|\n|upkeep\n|turn|8\n|inactive|Time left: 300 sec this turn | 300 sec total\n|\n|t:|1783563461\n|move|p2a: Terrakion|Swords Dance|p2a: Terrakion\n|-boost|p2a: Terrakion|atk|2\n|move|p1a: Dudunsparce|Boomburst|p2a: Terrakion\n|-resisted|p2a: Terrakion\n|-damage|p2a: Terrakion|70/273\n|\n|upkeep\n|turn|9\n|inactive|Time left: 300 sec this turn | 300 sec total\n|\n|t:|1783563462\n|move|p2a: Terrakion|Stone Edge|p1a: Dudunsparce|[miss]\n|-miss|p2a: Terrakion|p1a: Dudunsparce\n|move|p1a: Dudunsparce|Boomburst|p2a: Terrakion\n|-resisted|p2a: Terrakion\n|-damage|p2a: Terrakion|0 fnt\n|faint|p2a: Terrakion\n|\n|upkeep\n|inactive|Time left: 300 sec this turn | 300 sec total | 5 sec grace\n|\n|t:|1783563462\n|switch|p2a: Slaking|Slaking, L84, M|128/389\n|turn|10\n|inactive|Time left: 300 sec this turn | 300 sec total\n|\n|t:|1783563463\n|move|p2a: Slaking|Knock Off|p1a: Dudunsparce\n|-supereffective|p1a: Dudunsparce\n|-damage|p1a: Dudunsparce|7/100\n|-ability|p1a: Dudunsparce|Rattled|boost\n|-boost|p1a: Dudunsparce|spe|1\n|-enditem|p1a: Dudunsparce|Leftovers|[from] move: Knock Off|[of] p2a: Slaking\n|move|p1a: Dudunsparce|Roost|p1a: Dudunsparce\n|-heal|p1a: Dudunsparce|57/100\n|\n|upkeep\n|turn|11\n|inactive|Time left: 300 sec this turn | 300 sec total\n|\n|t:|1783563464\n|switch|p2a: Rampardos|Rampardos, L90, F|321/321\n|move|p1a: Dudunsparce|Boomburst|p2a: Rampardos\n|-resisted|p2a: Rampardos\n|-damage|p2a: Rampardos|194/321\n|\n|upkeep\n|turn|12\n|inactive|Time left: 300 sec this turn | 300 sec total\n|\n|t:|1783563466\n|move|p2a: Rampardos|Rock Slide|p1a: Dudunsparce\n|-damage|p1a: Dudunsparce|0 fnt\n|faint|p1a: Dudunsparce\n|\n|upkeep\n|\n|t:|1783563467\n|switch|p1a: Barraskewda|Barraskewda, L81, M|100/100\n|turn|13\n|inactive|Time left: 300 sec this turn | 300 sec total\n|\n|t:|1783563468\n|switch|p2a: Hypno|Hypno, L95, M|315/315\n|move|p1a: Barraskewda|Waterfall|p2a: Hypno\n|-damage|p2a: Hypno|152/315\n|\n|-heal|p2a: Hypno|171/315|[from] item: Leftovers\n|upkeep\n|turn|14\n|inactive|Time left: 300 sec this turn | 300 sec total\n|\n|t:|1783563469\n|move|p1a: Barraskewda|Waterfall|p2a: Hypno\n|-damage|p2a: Hypno|17/315\n|move|p2a: Hypno|Psychic Noise|p1a: Barraskewda\n|-damage|p1a: Barraskewda|41/100\n|-start|p1a: Barraskewda|move: Heal Block\n|\n|-heal|p2a: Hypno|36/315|[from] item: Leftovers\n|upkeep\n|turn|15\n|inactive|Time left: 300 sec this turn | 300 sec total\n|\n|t:|1783563470\n|move|p2a: Hypno|Protect|p2a: Hypno\n|-singleturn|p2a: Hypno|Protect\n|move|p1a: Barraskewda|Waterfall|p2a: Hypno\n|-activate|p2a: Hypno|move: Protect\n|\n|-heal|p2a: Hypno|55/315|[from] item: Leftovers\n|-end|p1a: Barraskewda|move: Heal Block\n|upkeep\n|turn|16\n|inactive|Time left: 300 sec this turn | 300 sec total\n|\n|t:|1783563471\n|move|p2a: Hypno|Protect||[still]\n|-fail|p2a: Hypno\n|move|p1a: Barraskewda|Waterfall|p2a: Hypno\n|-damage|p2a: Hypno|0 fnt\n|faint|p2a: Hypno\n|\n|upkeep\n|inactive|Time left: 300 sec this turn | 300 sec total | 5 sec grace\n|\n|t:|1783563472\n|switch|p2a: Munkidori|Munkidori, L79, M|269/269\n|turn|17\n|inactive|Time left: 300 sec this turn | 300 sec total\n|\n|t:|1783563473\n|move|p2a: Munkidori|Fake Out|p1a: Barraskewda\n|-damage|p1a: Barraskewda|27/100\n|cant|p1a: Barraskewda|flinch\n|\n|upkeep\n|turn|18\n|inactive|Time left: 300 sec this turn | 300 sec total\n|\n|t:|1783563474\n|move|p1a: Barraskewda|Waterfall|p2a: Munkidori\n|-damage|p2a: Munkidori|92/269\n|move|p2a: Munkidori|Psychic Noise|p1a: Barraskewda\n|-damage|p1a: Barraskewda|0 fnt\n|faint|p1a: Barraskewda\n|\n|upkeep\n|\n|t:|1783563475\n|switch|p1a: Golduck|Golduck, L90, F|100/100\n|-ability|p1a: Golduck|Cloud Nine\n|turn|19\n|inactive|Time left: 300 sec this turn | 300 sec total\n|\n|t:|1783563476\n|move|p2a: Munkidori|Sludge Wave|p1a: Golduck\n|-damage|p1a: Golduck|61/100\n|move|p1a: Golduck|Hydro Pump|p2a: Munkidori|[miss]\n|-miss|p1a: Golduck|p2a: Munkidori\n|\n|-heal|p1a: Golduck|67/100|[from] item: Leftovers\n|upkeep\n|turn|20\n|inactive|Time left: 300 sec this turn | 300 sec total\n|\n|t:|1783563477\n|move|p2a: Munkidori|Sludge Wave|p1a: Golduck\n|-damage|p1a: Golduck|29/100\n|move|p1a: Golduck|Hydro Pump|p2a: Munkidori\n|-damage|p2a: Munkidori|0 fnt\n|faint|p2a: Munkidori\n|\n|-heal|p1a: Golduck|36/100|[from] item: Leftovers\n|upkeep\n|inactive|Time left: 300 sec this turn | 300 sec total | 5 sec grace\n|\n|t:|1783563478\n|switch|p2a: Slaking|Slaking, L84, M|128/389\n|turn|21\n|inactive|Time left: 300 sec this turn | 300 sec total\n|\n|t:|1783563479\n|move|p2a: Slaking|Giga Impact|p1a: Golduck\n|-damage|p1a: Golduck|0 fnt\n|-mustrecharge|p2a: Slaking\n|faint|p1a: Golduck\n|\n|upkeep\n|\n|t:|1783563480\n|switch|p1a: Arceus|Arceus-Bug, L73|100/100\n|turn|22\n|inactive|Time left: 300 sec this turn | 300 sec total\n|\n|t:|1783563481\n|move|p1a: Arceus|Judgment|p2a: Slaking\n|-damage|p2a: Slaking|0 fnt\n|faint|p2a: Slaking\n|\n|upkeep\n|inactive|Time left: 300 sec this turn | 300 sec total | 5 sec grace\n|\n|t:|1783563482\n|switch|p2a: Rampardos|Rampardos, L90, F|194/321\n|turn|23\n|inactive|Time left: 300 sec this turn | 300 sec total\n|\n|t:|1783563482\n|move|p2a: Rampardos|Rock Slide|p1a: Arceus\n|-supereffective|p1a: Arceus\n|-damage|p1a: Arceus|0 fnt\n|faint|p1a: Arceus\n|\n|upkeep\n|\n|t:|1783563483\n|switch|p1a: Hariyama|Hariyama, L87, M|100/100\n|turn|24\n|inactive|Time left: 300 sec this turn | 300 sec total\n|\n|t:|1783563484\n|move|p2a: Rampardos|Rock Slide|p1a: Hariyama\n|-resisted|p1a: Hariyama\n|-damage|p1a: Hariyama|73/100\n|move|p1a: Hariyama|Heavy Slam|p2a: Rampardos\n|-supereffective|p2a: Rampardos\n|-damage|p2a: Rampardos|72/321\n|\n|upkeep\n|turn|25\n|inactive|Time left: 300 sec this turn | 300 sec total\n|\n|t:|1783563485\n|move|p2a: Rampardos|Rock Slide|p1a: Hariyama\n|-resisted|p1a: Hariyama\n|-damage|p1a: Hariyama|41/100\n|move|p1a: Hariyama|Knock Off|p2a: Rampardos\n|-damage|p2a: Rampardos|0 fnt\n|-enditem|p2a: Rampardos|Choice Scarf|[from] move: Knock Off|[of] p1a: Hariyama\n|faint|p2a: Rampardos\n|\n|win|p0x2094f3d0", "uploadtime": 1783563485, "views": 0, "rating": 0, "private": 0, "password": null, "_winner": "p0x2094f3d0", "_our_name": "p0y20944e1f"}