{"id": "battle-gen9randombattle-599", "formatid": "gen9randombattle", "format": "[Gen 9] Random Battle", "players": ["p0x59913ff", "p0y599559f"], "log": "|init|battle\n|title|p0x59913ff vs. p0y599559f\n|j|\u2606p0x59913ff\n|j|\u2606p0y599559f\n|t:|1783546049\n|gametype|singles\n|player|p1|p0x59913ff|2|\n|player|p2|p0y599559f|1|\n|gen|9\n|tier|[Gen 9] Random Battle\n|rule|Species Clause: Limit one of each Pok\u00e9mon\n|rule|HP Percentage Mod: HP is shown in percentages\n|rule|Sleep Clause Mod: Limit one foe put to sleep\n|rule|Illusion Level Mod: Illusion disguises the Pok\u00e9mon's true level\n|\n|t:|1783546049\n|teamsize|p1|6\n|teamsize|p2|6\n|start\n|switch|p1a: Morpeko|Morpeko, L88, F|245/245\n|switch|p2a: Dudunsparce|Dudunsparce, L83, M|100/100\n|turn|1\n|inactive|Battle timer is ON: inactive players will automatically lose when time's up. (requested by p0y599559f)\n|inactive|Time left: 300 sec this turn | 300 sec total | 60 sec grace\n|inactive|p0x59913ff also wants the timer to be on.\n|\n|t:|1783546050\n|move|p1a: Morpeko|Aura Wheel|p2a: Dudunsparce\n|-damage|p2a: Dudunsparce|60/100\n|-boost|p1a: Morpeko|spe|1\n|move|p2a: Dudunsparce|Earthquake|p1a: Morpeko\n|-supereffective|p1a: Morpeko\n|-damage|p1a: Morpeko|73/245\n|\n|-heal|p1a: Morpeko|88/245|[from] item: Leftovers\n|-heal|p2a: Dudunsparce|66/100|[from] item: Leftovers\n|-formechange|p1a: Morpeko|Morpeko-Hangry||[from] ability: Hunger Switch\n|upkeep\n|turn|2\n|inactive|Time left: 300 sec this turn | 300 sec total\n|\n|t:|1783546051\n|switch|p1a: Decidueye|Decidueye-Hisui, L87, M|295/295\n|move|p2a: Dudunsparce|Headbutt|p1a: Decidueye\n|-damage|p1a: Decidueye|213/295\n|\n|-heal|p1a: Decidueye|231/295|[from] item: Leftovers\n|-heal|p2a: Dudunsparce|72/100|[from] item: Leftovers\n|upkeep\n|turn|3\n|inactive|Time left: 300 sec this turn | 300 sec total\n|\n|t:|1783546052\n|switch|p2a: Entei|Entei, L78|100/100\n|move|p1a: Decidueye|Triple Arrows|p2a: Entei\n|-crit|p2a: Entei\n|-damage|p2a: Entei|39/100\n|\n|-heal|p1a: Decidueye|249/295|[from] item: Leftovers\n|upkeep\n|turn|4\n|inactive|Time left: 300 sec this turn | 300 sec total\n|\n|t:|1783546053\n|switch|p1a: Arcanine|Arcanine-Hisui, L79, F|280/280\n|move|p2a: Entei|Sacred Fire|p1a: Arcanine\n|-resisted|p1a: Arcanine\n|-damage|p1a: Arcanine|233/280\n|\n|upkeep\n|turn|5\n|inactive|Time left: 300 sec this turn | 300 sec total\n|\n|t:|1783546054\n|move|p2a: Entei|Sacred Fire|p1a: Arcanine\n|-resisted|p1a: Arcanine\n|-damage|p1a: Arcanine|192/280\n|move|p1a: Arcanine|Head Smash|p2a: Entei\n|-supereffective|p2a: Entei\n|-damage|p2a: Entei|0 fnt\n|faint|p2a: Entei\n|\n|upkeep\n|\n|t:|1783546055\n|switch|p2a: Mienshao|Mienshao, L83, M|100/100\n|turn|6\n|inactive|Time left: 300 sec this turn | 300 sec total\n|\n|t:|1783546056\n|switch|p1a: Mandibuzz|Mandibuzz, L85, F|326/326\n|move|p2a: Mienshao|High Jump Kick|p1a: Mandibuzz\n|-damage|p1a: Mandibuzz|61/326\n|\n|upkeep\n|turn|7\n|inactive|Time left: 300 sec this turn | 300 sec total\n|\n|t:|1783546057\n|move|p2a: Mienshao|High Jump Kick|p1a: Mandibuzz\n|-damage|p1a: Mandibuzz|0 fnt\n|faint|p1a: Mandibuzz\n|\n|upkeep\n|inactive|Time left: 300 sec this turn | 300 sec total | 5 sec grace\n|\n|t:|1783546058\n|switch|p1a: Morpeko|Morpeko, L88, F|88/245\n|turn|8\n|inactive|Time left: 300 sec this turn | 300 sec total\n|\n|t:|1783546059\n|move|p1a: Morpeko|Protect|p1a: Morpeko\n|-singleturn|p1a: Morpeko|Protect\n|move|p2a: Mienshao|High Jump Kick|p1a: Morpeko\n|-activate|p1a: Morpeko|move: Protect\n|-damage|p2a: Mienshao|51/100|[from] highjumpkick\n|\n|-heal|p1a: Morpeko|103/245|[from] item: Leftovers\n|-formechange|p1a: Morpeko|Morpeko-Hangry||[from] ability: Hunger Switch\n|upkeep\n|turn|9\n|inactive|Time left: 300 sec this turn | 300 sec total\n|\n|t:|1783546060\n|move|p1a: Morpeko|Protect|p1a: Morpeko\n|-singleturn|p1a: Morpeko|Protect\n|move|p2a: Mienshao|High Jump Kick|p1a: Morpeko\n|-activate|p1a: Morpeko|move: Protect\n|-damage|p2a: Mienshao|1/100|[from] highjumpkick\n|\n|-heal|p1a: Morpeko|118/245|[from] item: Leftovers\n|-formechange|p1a: Morpeko|Morpeko||[from] ability: Hunger Switch\n|upkeep\n|turn|10\n|inactive|Time left: 300 sec this turn | 300 sec total\n|\n|t:|1783546061\n|move|p1a: Morpeko|Protect||[still]\n|-fail|p1a: Morpeko\n|move|p2a: Mienshao|High Jump Kick|p1a: Morpeko\n|-supereffective|p1a: Morpeko\n|-damage|p1a: Morpeko|0 fnt\n|faint|p1a: Morpeko\n|\n|upkeep\n|inactive|Time left: 300 sec this turn | 300 sec total | 5 sec grace\n|\n|t:|1783546062\n|switch|p1a: Plusle|Plusle, L95, M|268/268\n|turn|11\n|inactive|Time left: 300 sec this turn | 300 sec total\n|\n|t:|1783546063\n|move|p1a: Plusle|Thunderbolt|p2a: Mienshao\n|-damage|p2a: Mienshao|0 fnt\n|faint|p2a: Mienshao\n|-damage|p1a: Plusle|242/268|[from] item: Life Orb\n|\n|upkeep\n|\n|t:|1783546064\n|switch|p2a: Ambipom|Ambipom, L84, F|100/100\n|turn|12\n|inactive|Time left: 300 sec this turn | 300 sec total\n|\n|t:|1783546065\n|switch|p1a: Mamoswine|Mamoswine, L81, M|311/311\n|move|p2a: Ambipom|Triple Axel|p1a: Mamoswine\n|-damage|p1a: Mamoswine|293/311\n|-damage|p1a: Mamoswine|259/311\n|-damage|p1a: Mamoswine|206/311\n|-hitcount|p1a: Mamoswine|3\n|\n|upkeep\n|turn|13\n|inactive|Time left: 300 sec this turn | 300 sec total\n|\n|t:|1783546066\n|move|p2a: Ambipom|Triple Axel|p1a: Mamoswine\n|-damage|p1a: Mamoswine|189/311\n|-damage|p1a: Mamoswine|152/311\n|-damage|p1a: Mamoswine|101/311\n|-hitcount|p1a: Mamoswine|3\n|move|p1a: Mamoswine|Earthquake|p2a: Ambipom\n|-crit|p2a: Ambipom\n|-damage|p2a: Ambipom|0 fnt\n|faint|p2a: Ambipom\n|\n|upkeep\n|\n|t:|1783546067\n|switch|p2a: Exeggutor|Exeggutor, L89, M|100/100\n|turn|14\n|inactive|Time left: 300 sec this turn | 300 sec total\n|\n|t:|1783546068\n|move|p1a: Mamoswine|Earthquake|p2a: Exeggutor\n|-resisted|p2a: Exeggutor\n|-damage|p2a: Exeggutor|72/100\n|move|p2a: Exeggutor|Psychic Noise|p1a: Mamoswine\n|-damage|p1a: Mamoswine|0 fnt\n|faint|p1a: Mamoswine\n|\n|upkeep\n|inactive|Time left: 300 sec this turn | 300 sec total | 5 sec grace\n|\n|t:|1783546069\n|switch|p1a: Arcanine|Arcanine-Hisui, L79, F|192/280\n|turn|15\n|inactive|Time left: 300 sec this turn | 300 sec total\n|\n|t:|1783546070\n|switch|p2a: Basculegion|Basculegion-F, L83, F|100/100\n|move|p1a: Arcanine|Flare Blitz|p2a: Basculegion\n|-resisted|p2a: Basculegion\n|-damage|p2a: Basculegion|76/100\n|\n|upkeep\n|turn|16\n|inactive|Time left: 300 sec this turn | 300 sec total\n|\n|t:|1783546072\n|move|p1a: Arcanine|Head Smash|p2a: Basculegion\n|-crit|p2a: Basculegion\n|-damage|p2a: Basculegion|0 fnt\n|faint|p2a: Basculegion\n|\n|upkeep\n|\n|t:|1783546073\n|switch|p2a: Dudunsparce|Dudunsparce, L83, M|72/100\n|turn|17\n|inactive|Time left: 300 sec this turn | 300 sec total\n|\n|t:|1783546074\n|switch|p1a: Decidueye|Decidueye-Hisui, L87, M|249/295\n|move|p2a: Dudunsparce|Earthquake|p1a: Decidueye\n|-resisted|p1a: Decidueye\n|-damage|p1a: Decidueye|214/295\n|\n|-heal|p1a: Decidueye|232/295|[from] item: Leftovers\n|-heal|p2a: Dudunsparce|78/100|[from] item: Leftovers\n|upkeep\n|turn|18\n|inactive|Time left: 300 sec this turn | 300 sec total\n|\n|t:|1783546075\n|-terastallize|p2a: Dudunsparce|Ghost\n|move|p1a: Decidueye|Triple Arrows|p2a: Dudunsparce\n|-damage|p2a: Dudunsparce|42/100\n|move|p2a: Dudunsparce|Glare|p1a: Decidueye\n|-status|p1a: Decidueye|par\n|\n|-heal|p2a: Dudunsparce|48/100|[from] item: Leftovers\n|-heal|p1a: Decidueye|250/295 par|[from] item: Leftovers\n|upkeep\n|turn|19\n|inactive|Time left: 300 sec this turn | 300 sec total\n|\n|t:|1783546076\n|move|p2a: Dudunsparce|Roost|p2a: Dudunsparce\n|-heal|p2a: Dudunsparce|98/100\n|cant|p1a: Decidueye|par\n|\n|-heal|p2a: Dudunsparce|100/100|[from] item: Leftovers\n|-heal|p1a: Decidueye|268/295 par|[from] item: Leftovers\n|upkeep\n|turn|20\n|inactive|Time left: 300 sec this turn | 300 sec total\n|\n|t:|1783546077\n|move|p2a: Dudunsparce|Headbutt|p1a: Decidueye\n|-damage|p1a: Decidueye|189/295 par\n|cant|p1a: Decidueye|flinch\n|\n|-heal|p1a: Decidueye|207/295 par|[from] item: Leftovers\n|upkeep\n|turn|21\n|inactive|Time left: 300 sec this turn | 300 sec total\n|\n|t:|1783546078\n|move|p2a: Dudunsparce|Headbutt|p1a: Decidueye\n|-damage|p1a: Decidueye|125/295 par\n|cant|p1a: Decidueye|flinch\n|\n|-heal|p1a: Decidueye|143/295 par|[from] item: Leftovers\n|upkeep\n|turn|22\n|inactive|Time left: 300 sec this turn | 300 sec total\n|\n|t:|1783546079\n|move|p2a: Dudunsparce|Headbutt|p1a: Decidueye\n|-damage|p1a: Decidueye|64/295 par\n|cant|p1a: Decidueye|flinch\n|\n|-heal|p1a: Decidueye|82/295 par|[from] item: Leftovers\n|upkeep\n|turn|23\n|inactive|Time left: 300 sec this turn | 300 sec total\n|\n|t:|1783546080\n|move|p2a: Dudunsparce|Headbutt|p1a: Decidueye\n|-damage|p1a: Decidueye|0 fnt\n|faint|p1a: Decidueye\n|\n|upkeep\n|inactive|Time left: 300 sec this turn | 300 sec total | 5 sec grace\n|\n|t:|1783546081\n|switch|p1a: Plusle|Plusle, L95, M|242/268\n|turn|24\n|inactive|Time left: 300 sec this turn | 300 sec total\n|\n|t:|1783546082\n|-terastallize|p1a: Plusle|Grass\n|move|p1a: Plusle|Nasty Plot|p1a: Plusle\n|-boost|p1a: Plusle|spa|2\n|move|p2a: Dudunsparce|Earthquake|p1a: Plusle\n|-resisted|p1a: Plusle\n|-damage|p1a: Plusle|185/268\n|\n|upkeep\n|turn|25\n|inactive|Time left: 300 sec this turn | 300 sec total\n|\n|t:|1783546083\n|move|p1a: Plusle|Thunderbolt|p2a: Dudunsparce\n|-damage|p2a: Dudunsparce|11/100\n|-damage|p1a: Plusle|159/268|[from] item: Life Orb\n|move|p2a: Dudunsparce|Glare|p1a: Plusle\n|-status|p1a: Plusle|par\n|\n|-heal|p2a: Dudunsparce|17/100|[from] item: Leftovers\n|upkeep\n|turn|26\n|inactive|Time left: 300 sec this turn | 300 sec total\n|\n|t:|1783546084\n|move|p2a: Dudunsparce|Headbutt|p1a: Plusle\n|-damage|p1a: Plusle|41/268 par\n|cant|p1a: Plusle|flinch\n|\n|-heal|p2a: Dudunsparce|23/100|[from] item: Leftovers\n|upkeep\n|turn|27\n|inactive|Time left: 300 sec this turn | 300 sec total\n|\n|t:|1783546085\n|move|p2a: Dudunsparce|Roost|p2a: Dudunsparce\n|-heal|p2a: Dudunsparce|73/100\n|move|p1a: Plusle|Thunderbolt|p2a: Dudunsparce\n|-damage|p2a: Dudunsparce|0 fnt\n|faint|p2a: Dudunsparce\n|-damage|p1a: Plusle|15/268 par|[from] item: Life Orb\n|\n|upkeep\n|\n|t:|1783546086\n|switch|p2a: Exeggutor|Exeggutor, L89, M|72/100\n|turn|28\n|inactive|Time left: 300 sec this turn | 300 sec total\n|\n|t:|1783546087\n|move|p2a: Exeggutor|Substitute|p2a: Exeggutor\n|-start|p2a: Exeggutor|Substitute\n|-damage|p2a: Exeggutor|47/100\n|-enditem|p2a: Exeggutor|Sitrus Berry|[eat]\n|-heal|p2a: Exeggutor|72/100|[from] item: Sitrus Berry\n|move|p1a: Plusle|Thunderbolt|p2a: Exeggutor\n|-resisted|p2a: Exeggutor\n|-end|p2a: Exeggutor|Substitute\n|-damage|p1a: Plusle|0 fnt|[from] item: Life Orb\n|faint|p1a: Plusle\n|\n|-item|p2a: Exeggutor|Sitrus Berry|[from] ability: Harvest\n|upkeep\n|inactive|Time left: 300 sec this turn | 300 sec total | 5 sec grace\n|\n|t:|1783546088\n|switch|p1a: Arcanine|Arcanine-Hisui, L79, F|192/280\n|turn|29\n|inactive|Time left: 300 sec this turn | 300 sec total\n|\n|t:|1783546088\n|move|p1a: Arcanine|Flare Blitz|p2a: Exeggutor\n|-supereffective|p2a: Exeggutor\n|-damage|p2a: Exeggutor|0 fnt\n|faint|p2a: Exeggutor\n|\n|win|p0x59913ff", "uploadtime": 1783546088, "views": 0, "rating": 0, "private": 0, "password": null, "_winner": "p0x59913ff", "_our_name": "p0x59913ff"}