{"id": "battle-gen9randombattle-1461", "formatid": "gen9randombattle", "format": "[Gen 9] Random Battle", "players": ["p0x1461c3b9", "p0y1461fe3f"], "log": "|init|battle\n|title|p0x1461c3b9 vs. p0y1461fe3f\n|j|\u2606p0x1461c3b9\n|j|\u2606p0y1461fe3f\n|t:|1783557005\n|gametype|singles\n|player|p1|p0x1461c3b9|169|\n|player|p2|p0y1461fe3f|101|\n|gen|9\n|tier|[Gen 9] Random Battle\n|rule|Species Clause: Limit one of each Pok\u00e9mon\n|rule|HP Percentage Mod: HP is shown in percentages\n|rule|Sleep Clause Mod: Limit one foe put to sleep\n|rule|Illusion Level Mod: Illusion disguises the Pok\u00e9mon's true level\n|\n|t:|1783557005\n|teamsize|p1|6\n|teamsize|p2|6\n|start\n|switch|p1a: Regice|Regice, L88|284/284\n|switch|p2a: Baxcalibur|Baxcalibur, L75, F|100/100\n|turn|1\n|inactive|Battle timer is ON: inactive players will automatically lose when time's up. (requested by p0x1461c3b9)\n|inactive|p0y1461fe3f also wants the timer to be on.\n|\n|t:|1783557007\n|move|p2a: Baxcalibur|Glaive Rush|p1a: Regice\n|-damage|p1a: Regice|98/284\n|-singlemove|p2a: Baxcalibur|Glaive Rush|[silent]\n|move|p1a: Regice|Ice Beam|p2a: Baxcalibur\n|-damage|p2a: Baxcalibur|18/100\n|\n|upkeep\n|turn|2\n|inactive|Time left: 300 sec this turn | 300 sec total\n|\n|t:|1783557008\n|switch|p1a: Grumpig|Grumpig, L92, M|297/297\n|move|p2a: Baxcalibur|Glaive Rush|p1a: Grumpig\n|-damage|p1a: Grumpig|66/297\n|-singlemove|p2a: Baxcalibur|Glaive Rush|[silent]\n|\n|-heal|p1a: Grumpig|84/297|[from] item: Leftovers\n|upkeep\n|turn|3\n|inactive|Time left: 300 sec this turn | 300 sec total\n|\n|t:|1783557010\n|switch|p2a: Oinkologne|Oinkologne-F, L92, F|100/100\n|move|p1a: Grumpig|Psychic|p2a: Oinkologne\n|-crit|p2a: Oinkologne\n|-damage|p2a: Oinkologne|58/100\n|\n|-heal|p1a: Grumpig|102/297|[from] item: Leftovers\n|-heal|p2a: Oinkologne|64/100|[from] item: Leftovers\n|upkeep\n|turn|4\n|inactive|Time left: 300 sec this turn | 300 sec total\n|\n|t:|1783557010\n|switch|p1a: Vikavolt|Vikavolt, L83, M|263/263\n|move|p2a: Oinkologne|Body Slam|p1a: Vikavolt\n|-damage|p1a: Vikavolt|157/263\n|\n|-heal|p2a: Oinkologne|70/100|[from] item: Leftovers\n|upkeep\n|turn|5\n|inactive|Time left: 300 sec this turn | 300 sec total\n|\n|t:|1783557012\n|switch|p2a: Hitmontop|Hitmontop, L88, M|100/100\n|-ability|p2a: Hitmontop|Intimidate|boost\n|-unboost|p1a: Vikavolt|atk|1\n|move|p1a: Vikavolt|Sticky Web|p2a: Hitmontop\n|-sidestart|p2: p0y1461fe3f|move: Sticky Web\n|\n|upkeep\n|turn|6\n|inactive|Time left: 300 sec this turn | 300 sec total\n|\n|t:|1783557013\n|move|p2a: Hitmontop|Rapid Spin|p1a: Vikavolt\n|-damage|p1a: Vikavolt|117/263\n|-boost|p2a: Hitmontop|spe|1\n|-sideend|p2: p0y1461fe3f|Sticky Web|[from] move: Rapid Spin|[of] p2a: Hitmontop\n|move|p1a: Vikavolt|Sticky Web|p2a: Hitmontop\n|-sidestart|p2: p0y1461fe3f|move: Sticky Web\n|\n|upkeep\n|turn|7\n|inactive|Time left: 300 sec this turn | 300 sec total\n|\n|t:|1783557013\n|move|p2a: Hitmontop|Rapid Spin|p1a: Vikavolt\n|-crit|p1a: Vikavolt\n|-damage|p1a: Vikavolt|58/263\n|-boost|p2a: Hitmontop|spe|1\n|-sideend|p2: p0y1461fe3f|Sticky Web|[from] move: Rapid Spin|[of] p2a: Hitmontop\n|move|p1a: Vikavolt|Discharge|p2a: Hitmontop\n|-damage|p2a: Hitmontop|73/100\n|-status|p2a: Hitmontop|par\n|\n|upkeep\n|turn|8\n|inactive|Time left: 300 sec this turn | 300 sec total\n|\n|t:|1783557014\n|move|p2a: Hitmontop|Stone Edge|p1a: Vikavolt\n|-supereffective|p1a: Vikavolt\n|-damage|p1a: Vikavolt|0 fnt\n|faint|p1a: Vikavolt\n|\n|upkeep\n|inactive|Time left: 300 sec this turn | 300 sec total | 5 sec grace\n|\n|t:|1783557015\n|switch|p1a: Grumpig|Grumpig, L92, M|102/297\n|turn|9\n|inactive|Time left: 300 sec this turn | 300 sec total\n|\n|t:|1783557016\n|move|p1a: Grumpig|Psychic|p2a: Hitmontop\n|-supereffective|p2a: Hitmontop\n|-damage|p2a: Hitmontop|28/100 par\n|cant|p2a: Hitmontop|par\n|\n|-heal|p1a: Grumpig|120/297|[from] item: Leftovers\n|upkeep\n|turn|10\n|inactive|Time left: 300 sec this turn | 300 sec total\n|\n|t:|1783557017\n|cant|p2a: Hitmontop|par\n|move|p1a: Grumpig|Nasty Plot|p1a: Grumpig\n|-boost|p1a: Grumpig|spa|2\n|\n|-heal|p1a: Grumpig|138/297|[from] item: Leftovers\n|upkeep\n|turn|11\n|inactive|Time left: 300 sec this turn | 300 sec total\n|\n|t:|1783557018\n|move|p2a: Hitmontop|Sucker Punch|p1a: Grumpig\n|-supereffective|p1a: Grumpig\n|-damage|p1a: Grumpig|22/297\n|move|p1a: Grumpig|Earth Power|p2a: Hitmontop\n|-damage|p2a: Hitmontop|0 fnt\n|faint|p2a: Hitmontop\n|\n|-heal|p1a: Grumpig|40/297|[from] item: Leftovers\n|upkeep\n|\n|t:|1783557020\n|switch|p2a: Walking Wake|Walking Wake, L79|100/100\n|turn|12\n|inactive|Time left: 300 sec this turn | 300 sec total\n|\n|t:|1783557021\n|move|p2a: Walking Wake|Hydro Steam|p1a: Grumpig\n|-damage|p1a: Grumpig|0 fnt\n|faint|p1a: Grumpig\n|-damage|p2a: Walking Wake|91/100|[from] item: Life Orb\n|\n|upkeep\n|inactive|Time left: 300 sec this turn | 300 sec total | 5 sec grace\n|\n|t:|1783557022\n|switch|p1a: Darkrai|Darkrai, L77|234/234\n|turn|13\n|inactive|Time left: 300 sec this turn | 300 sec total\n|\n|t:|1783557023\n|move|p1a: Darkrai|Nasty Plot|p1a: Darkrai\n|-boost|p1a: Darkrai|spa|2\n|move|p2a: Walking Wake|Draco Meteor|p1a: Darkrai\n|-damage|p1a: Darkrai|39/234\n|-unboost|p2a: Walking Wake|spa|2\n|-damage|p2a: Walking Wake|81/100|[from] item: Life Orb\n|\n|-heal|p1a: Darkrai|53/234|[from] item: Leftovers\n|upkeep\n|turn|14\n|inactive|Time left: 300 sec this turn | 300 sec total\n|\n|t:|1783557024\n|move|p1a: Darkrai|Dark Pulse|p2a: Walking Wake\n|-damage|p2a: Walking Wake|5/100\n|cant|p2a: Walking Wake|flinch\n|\n|-heal|p1a: Darkrai|67/234|[from] item: Leftovers\n|upkeep\n|turn|15\n|inactive|Time left: 300 sec this turn | 300 sec total\n|\n|t:|1783557025\n|move|p1a: Darkrai|Dark Pulse|p2a: Walking Wake\n|-damage|p2a: Walking Wake|0 fnt\n|faint|p2a: Walking Wake\n|-end|p2a: Walking Wake|Protosynthesis|[silent]\n|\n|-heal|p1a: Darkrai|81/234|[from] item: Leftovers\n|upkeep\n|\n|t:|1783557026\n|switch|p2a: Oinkologne|Oinkologne-F, L92, F|70/100\n|turn|16\n|inactive|Time left: 300 sec this turn | 300 sec total\n|\n|t:|1783557027\n|move|p1a: Darkrai|Dark Pulse|p2a: Oinkologne\n|-damage|p2a: Oinkologne|24/100\n|move|p2a: Oinkologne|Body Slam|p1a: Darkrai\n|-damage|p1a: Darkrai|0 fnt\n|faint|p1a: Darkrai\n|\n|-heal|p2a: Oinkologne|30/100|[from] item: Leftovers\n|upkeep\n|inactive|Time left: 300 sec this turn | 300 sec total | 5 sec grace\n|\n|t:|1783557028\n|switch|p1a: Weavile|Weavile, L79, F|240/240\n|turn|17\n|inactive|Time left: 300 sec this turn | 300 sec total\n|\n|t:|1783557029\n|move|p1a: Weavile|Triple Axel|p2a: Oinkologne\n|-damage|p2a: Oinkologne|23/100\n|-damage|p2a: Oinkologne|11/100\n|-damage|p2a: Oinkologne|0 fnt\n|faint|p2a: Oinkologne\n|-hitcount|p2: Oinkologne|3\n|\n|upkeep\n|\n|t:|1783557029\n|switch|p2a: Arbok|Arbok, L87, M|100/100\n|-ability|p2a: Arbok|Intimidate|boost\n|-unboost|p1a: Weavile|atk|1\n|turn|18\n|inactive|Time left: 300 sec this turn | 300 sec total\n|\n|t:|1783557030\n|move|p1a: Weavile|Swords Dance|p1a: Weavile\n|-boost|p1a: Weavile|atk|2\n|move|p2a: Arbok|Coil|p2a: Arbok\n|-boost|p2a: Arbok|atk|1\n|-boost|p2a: Arbok|def|1\n|-boost|p2a: Arbok|accuracy|1\n|\n|upkeep\n|turn|19\n|inactive|Time left: 300 sec this turn | 300 sec total\n|\n|t:|1783557031\n|move|p1a: Weavile|Triple Axel|p2a: Arbok\n|-damage|p2a: Arbok|89/100\n|-damage|p2a: Arbok|68/100\n|-damage|p2a: Arbok|36/100\n|-hitcount|p2a: Arbok|3\n|move|p2a: Arbok|Gunk Shot|p1a: Weavile\n|-damage|p1a: Weavile|0 fnt\n|faint|p1a: Weavile\n|\n|-heal|p2a: Arbok|42/100|[from] item: Leftovers\n|upkeep\n|inactive|Time left: 300 sec this turn | 300 sec total | 5 sec grace\n|\n|t:|1783557033\n|switch|p1a: Politoed|Politoed, L88, M|302/302\n|-weather|RainDance|[from] ability: Drizzle|[of] p1a: Politoed\n|turn|20\n|inactive|Time left: 300 sec this turn | 300 sec total\n|\n|t:|1783557034\n|move|p2a: Arbok|Gunk Shot|p1a: Politoed\n|-crit|p1a: Politoed\n|-damage|p1a: Politoed|5/302\n|-status|p1a: Politoed|psn\n|move|p1a: Politoed|Hydro Pump|p2a: Arbok|[miss]\n|-miss|p1a: Politoed|p2a: Arbok\n|\n|-weather|RainDance|[upkeep]\n|-heal|p2a: Arbok|48/100|[from] item: Leftovers\n|-damage|p1a: Politoed|0 fnt|[from] psn\n|faint|p1a: Politoed\n|upkeep\n|inactive|Time left: 300 sec this turn | 300 sec total | 5 sec grace\n|\n|t:|1783557035\n|switch|p1a: Regice|Regice, L88|98/284\n|turn|21\n|inactive|Time left: 300 sec this turn | 300 sec total\n|\n|t:|1783557036\n|-terastallize|p2a: Arbok|Ground\n|move|p2a: Arbok|Earthquake|p1a: Regice\n|-damage|p1a: Regice|0 fnt\n|faint|p1a: Regice\n|\n|win|p0y1461fe3f", "uploadtime": 1783557036, "views": 0, "rating": 0, "private": 0, "password": null, "_winner": "p0y1461fe3f", "_our_name": "p0x1461c3b9"}