{"id": "battle-gen9randombattle-103", "formatid": "gen9randombattle", "format": "[Gen 9] Random Battle", "players": ["p0x103c50a", "p0y1030b08"], "log": "|init|battle\n|title|p0x103c50a vs. p0y1030b08\n|j|\u2606p0x103c50a\n|j|\u2606p0y1030b08\n|t:|1783540691\n|gametype|singles\n|player|p1|p0x103c50a|169|\n|player|p2|p0y1030b08|1|\n|gen|9\n|tier|[Gen 9] Random Battle\n|rule|Species Clause: Limit one of each Pok\u00e9mon\n|rule|HP Percentage Mod: HP is shown in percentages\n|rule|Sleep Clause Mod: Limit one foe put to sleep\n|rule|Illusion Level Mod: Illusion disguises the Pok\u00e9mon's true level\n|\n|t:|1783540691\n|teamsize|p1|6\n|teamsize|p2|6\n|start\n|switch|p1a: Lurantis|Lurantis, L87, M|264/264\n|switch|p2a: Weezing|Weezing, L88, M|100/100\n|turn|1\n|inactive|Battle timer is ON: inactive players will automatically lose when time's up. (requested by p0x103c50a)\n|inactive|p0y1030b08 also wants the timer to be on.\n|\n|t:|1783540693\n|move|p2a: Weezing|Gunk Shot|p1a: Lurantis\n|-supereffective|p1a: Lurantis\n|-damage|p1a: Lurantis|30/264\n|move|p1a: Lurantis|Superpower|p2a: Weezing\n|-resisted|p2a: Weezing\n|-damage|p2a: Weezing|86/100\n|-boost|p1a: Lurantis|atk|1\n|-boost|p1a: Lurantis|def|1\n|\n|-heal|p2a: Weezing|92/100|[from] item: Leftovers\n|upkeep\n|turn|2\n|inactive|Time left: 300 sec this turn | 300 sec total\n|\n|t:|1783540694\n|move|p2a: Weezing|Gunk Shot|p1a: Lurantis\n|-supereffective|p1a: Lurantis\n|-damage|p1a: Lurantis|0 fnt\n|faint|p1a: Lurantis\n|\n|-heal|p2a: Weezing|98/100|[from] item: Leftovers\n|upkeep\n|inactive|Time left: 300 sec this turn | 300 sec total | 5 sec grace\n|\n|t:|1783540695\n|switch|p1a: Thundurus|Thundurus-Therian, L80, M|258/258\n|turn|3\n|inactive|Time left: 300 sec this turn | 300 sec total\n|\n|t:|1783540696\n|move|p1a: Thundurus|Psychic|p2a: Weezing\n|-supereffective|p2a: Weezing\n|-damage|p2a: Weezing|0 fnt\n|faint|p2a: Weezing\n|\n|upkeep\n|\n|t:|1783540698\n|switch|p2a: Necrozma|Necrozma, L80|100/100\n|turn|4\n|inactive|Time left: 300 sec this turn | 300 sec total\n|\n|t:|1783540699\n|move|p1a: Thundurus|Psychic|p2a: Necrozma\n|-resisted|p2a: Necrozma\n|-damage|p2a: Necrozma|77/100\n|move|p2a: Necrozma|Dragon Dance|p2a: Necrozma\n|-boost|p2a: Necrozma|atk|1\n|-boost|p2a: Necrozma|spe|1\n|\n|upkeep\n|turn|5\n|inactive|Time left: 300 sec this turn | 300 sec total\n|\n|t:|1783540700\n|switch|p1a: Regirock|Regirock, L83|268/268\n|move|p2a: Necrozma|Photon Geyser|p1a: Regirock\n|-damage|p1a: Regirock|183/268\n|\n|upkeep\n|turn|6\n|inactive|Time left: 300 sec this turn | 300 sec total\n|\n|t:|1783540702\n|move|p2a: Necrozma|Dragon Dance|p2a: Necrozma\n|-boost|p2a: Necrozma|atk|1\n|-boost|p2a: Necrozma|spe|1\n|move|p1a: Regirock|Stone Edge|p2a: Necrozma\n|-damage|p2a: Necrozma|44/100\n|\n|upkeep\n|turn|7\n|inactive|Time left: 300 sec this turn | 300 sec total\n|\n|t:|1783540703\n|move|p2a: Necrozma|Earthquake|p1a: Regirock\n|-supereffective|p1a: Regirock\n|-damage|p1a: Regirock|29/268\n|move|p1a: Regirock|Stone Edge|p2a: Necrozma\n|-crit|p2a: Necrozma\n|-damage|p2a: Necrozma|0 fnt\n|faint|p2a: Necrozma\n|\n|upkeep\n|\n|t:|1783540704\n|switch|p2a: Oricorio|Oricorio-Sensu, L85, M|100/100\n|turn|8\n|inactive|Time left: 300 sec this turn | 300 sec total\n|\n|t:|1783540705\n|move|p2a: Oricorio|Quiver Dance|p2a: Oricorio\n|-boost|p2a: Oricorio|spa|1\n|-boost|p2a: Oricorio|spd|1\n|-boost|p2a: Oricorio|spe|1\n|move|p1a: Regirock|Stone Edge|p2a: Oricorio\n|-supereffective|p2a: Oricorio\n|-damage|p2a: Oricorio|5/100\n|\n|upkeep\n|turn|9\n|inactive|Time left: 300 sec this turn | 300 sec total\n|\n|t:|1783540706\n|move|p2a: Oricorio|Roost|p2a: Oricorio\n|-heal|p2a: Oricorio|55/100\n|-singleturn|p2a: Oricorio|move: Roost\n|move|p1a: Regirock|Rest|p1a: Regirock\n|-status|p1a: Regirock|slp|[from] move: Rest\n|-heal|p1a: Regirock|268/268 slp|[silent]\n|-enditem|p1a: Regirock|Chesto Berry|[eat]\n|-curestatus|p1a: Regirock|slp|[msg]\n|\n|upkeep\n|turn|10\n|inactive|Time left: 300 sec this turn | 300 sec total\n|\n|t:|1783540707\n|move|p2a: Oricorio|Roost|p2a: Oricorio\n|-heal|p2a: Oricorio|100/100\n|-singleturn|p2a: Oricorio|move: Roost\n|move|p1a: Regirock|Stone Edge|p2a: Oricorio\n|-crit|p2a: Oricorio\n|-damage|p2a: Oricorio|35/100\n|\n|upkeep\n|turn|11\n|inactive|Time left: 300 sec this turn | 300 sec total\n|\n|t:|1783540708\n|move|p2a: Oricorio|Roost|p2a: Oricorio\n|-heal|p2a: Oricorio|85/100\n|-singleturn|p2a: Oricorio|move: Roost\n|move|p1a: Regirock|Stone Edge|p2a: Oricorio|[miss]\n|-miss|p1a: Regirock|p2a: Oricorio\n|\n|upkeep\n|turn|12\n|inactive|Time left: 300 sec this turn | 300 sec total\n|\n|t:|1783540709\n|-terastallize|p2a: Oricorio|Fighting\n|move|p2a: Oricorio|Revelation Dance|p1a: Regirock\n|-supereffective|p1a: Regirock\n|-damage|p1a: Regirock|10/268\n|move|p1a: Regirock|Stone Edge|p2a: Oricorio\n|-resisted|p2a: Oricorio\n|-damage|p2a: Oricorio|61/100\n|\n|upkeep\n|turn|13\n|inactive|Time left: 300 sec this turn | 300 sec total\n|\n|t:|1783540710\n|switch|p1a: Thundurus|Thundurus-Therian, L80, M|258/258\n|move|p2a: Oricorio|Revelation Dance|p1a: Thundurus\n|-resisted|p1a: Thundurus\n|-damage|p1a: Thundurus|168/258\n|\n|upkeep\n|turn|14\n|inactive|Time left: 300 sec this turn | 300 sec total\n|\n|t:|1783540712\n|move|p2a: Oricorio|Roost|p2a: Oricorio\n|-heal|p2a: Oricorio|100/100\n|move|p1a: Thundurus|Psychic|p2a: Oricorio\n|-supereffective|p2a: Oricorio\n|-damage|p2a: Oricorio|33/100\n|\n|upkeep\n|turn|15\n|inactive|Time left: 300 sec this turn | 300 sec total\n|\n|t:|1783540713\n|move|p2a: Oricorio|Roost|p2a: Oricorio\n|-heal|p2a: Oricorio|83/100\n|move|p1a: Thundurus|Psychic|p2a: Oricorio\n|-supereffective|p2a: Oricorio\n|-crit|p2a: Oricorio\n|-damage|p2a: Oricorio|0 fnt\n|faint|p2a: Oricorio\n|\n|upkeep\n|\n|t:|1783540714\n|switch|p2a: Skarmory|Skarmory, L80, F|100/100\n|turn|16\n|inactive|Time left: 300 sec this turn | 300 sec total\n|\n|t:|1783540715\n|switch|p1a: Mismagius|Mismagius, L86, M|243/243\n|switch|p2a: Eelektross|Eelektross, L87, M|100/100\n|\n|upkeep\n|turn|17\n|inactive|Time left: 300 sec this turn | 300 sec total\n|\n|t:|1783540716\n|move|p1a: Mismagius|Nasty Plot|p1a: Mismagius\n|-boost|p1a: Mismagius|spa|2\n|move|p2a: Eelektross|Dragon Tail|p1a: Mismagius\n|-damage|p1a: Mismagius|180/243\n|drag|p1a: Regirock|Regirock, L83|10/268\n|\n|upkeep\n|turn|18\n|inactive|Time left: 300 sec this turn | 300 sec total\n|\n|t:|1783540717\n|move|p2a: Eelektross|Discharge|p1a: Regirock\n|-damage|p1a: Regirock|0 fnt\n|faint|p1a: Regirock\n|\n|upkeep\n|inactive|Time left: 300 sec this turn | 300 sec total | 5 sec grace\n|\n|t:|1783540718\n|switch|p1a: Thundurus|Thundurus-Therian, L80, M|168/258\n|turn|19\n|inactive|Time left: 300 sec this turn | 300 sec total\n|\n|t:|1783540719\n|move|p1a: Thundurus|Sludge Wave|p2a: Eelektross\n|-damage|p2a: Eelektross|70/100\n|move|p2a: Eelektross|Dragon Tail|p1a: Thundurus\n|-damage|p1a: Thundurus|102/258\n|drag|p1a: Klawf|Klawf, L90, M|272/272\n|\n|upkeep\n|turn|20\n|inactive|Time left: 300 sec this turn | 300 sec total\n|\n|t:|1783540720\n|move|p1a: Klawf|Stone Edge|p2a: Eelektross\n|-damage|p2a: Eelektross|28/100\n|move|p2a: Eelektross|Discharge|p1a: Klawf\n|-damage|p1a: Klawf|149/272\n|\n|upkeep\n|turn|21\n|inactive|Time left: 300 sec this turn | 300 sec total\n|\n|t:|1783540722\n|move|p1a: Klawf|Knock Off|p2a: Eelektross\n|-damage|p2a: Eelektross|0 fnt\n|-enditem|p2a: Eelektross|Assault Vest|[from] move: Knock Off|[of] p1a: Klawf\n|faint|p2a: Eelektross\n|\n|upkeep\n|\n|t:|1783540723\n|switch|p2a: Skarmory|Skarmory, L80, F|100/100\n|turn|22\n|inactive|Time left: 300 sec this turn | 300 sec total\n|\n|t:|1783540724\n|switch|p1a: Thundurus|Thundurus-Therian, L80, M|102/258\n|move|p2a: Skarmory|Body Press|p1a: Thundurus\n|-resisted|p1a: Thundurus\n|-damage|p1a: Thundurus|61/258\n|\n|upkeep\n|turn|23\n|inactive|Time left: 300 sec this turn | 300 sec total\n|\n|t:|1783540725\n|move|p1a: Thundurus|Thunderbolt|p2a: Skarmory\n|-supereffective|p2a: Skarmory\n|-ability|p2a: Skarmory|Sturdy\n|-damage|p2a: Skarmory|1/100\n|move|p2a: Skarmory|Spikes|p1a: Thundurus\n|-sidestart|p1: p0x103c50a|Spikes\n|\n|-heal|p2a: Skarmory|7/100|[from] item: Leftovers\n|upkeep\n|turn|24\n|inactive|Time left: 300 sec this turn | 300 sec total\n|\n|t:|1783540726\n|move|p1a: Thundurus|Thunderbolt|p2a: Skarmory\n|-supereffective|p2a: Skarmory\n|-damage|p2a: Skarmory|0 fnt\n|faint|p2a: Skarmory\n|\n|upkeep\n|\n|t:|1783540728\n|switch|p2a: Terapagos|Terapagos, L77, F|100/100\n|-activate|p2a: Terapagos|ability: Tera Shift\n|detailschange|p2a: Terapagos|Terapagos-Terastal, L77, F\n|-heal|p2a: Terapagos|100/100|[silent]\n|turn|25\n|inactive|Time left: 300 sec this turn | 300 sec total\n|\n|t:|1783540728\n|-terastallize|p1a: Thundurus|Electric\n|move|p1a: Thundurus|Thunderbolt|p2a: Terapagos\n|-activate|p2a: Terapagos|ability: Tera Shell\n|-resisted|p2a: Terapagos\n|-damage|p2a: Terapagos|59/100\n|-status|p2a: Terapagos|par\n|move|p2a: Terapagos|Calm Mind|p2a: Terapagos\n|-boost|p2a: Terapagos|spa|1\n|-boost|p2a: Terapagos|spd|1\n|\n|upkeep\n|turn|26\n|inactive|Time left: 300 sec this turn | 300 sec total\n|\n|t:|1783540729\n|move|p1a: Thundurus|Thunderbolt|p2a: Terapagos\n|-damage|p2a: Terapagos|6/100 par\n|move|p2a: Terapagos|Calm Mind|p2a: Terapagos\n|-boost|p2a: Terapagos|spa|1\n|-boost|p2a: Terapagos|spd|1\n|\n|upkeep\n|turn|27\n|inactive|Time left: 300 sec this turn | 300 sec total\n|\n|t:|1783540730\n|move|p1a: Thundurus|Thunderbolt|p2a: Terapagos\n|-damage|p2a: Terapagos|0 fnt\n|faint|p2a: Terapagos\n|\n|win|p0x103c50a", "uploadtime": 1783540730, "views": 0, "rating": 0, "private": 0, "password": null, "_winner": "p0x103c50a", "_our_name": "p0x103c50a"}