{"id": "battle-gen9randombattle-1624", "formatid": "gen9randombattle", "format": "[Gen 9] Random Battle", "players": ["p0x16241376", "p0y16244e48"], "log": "|init|battle\n|title|p0x16241376 vs. p0y16244e48\n|j|\u2606p0x16241376\n|j|\u2606p0y16244e48\n|t:|1783558784\n|gametype|singles\n|player|p1|p0x16241376|169|\n|player|p2|p0y16244e48|1|\n|gen|9\n|tier|[Gen 9] Random Battle\n|rule|Species Clause: Limit one of each Pok\u00e9mon\n|rule|HP Percentage Mod: HP is shown in percentages\n|rule|Sleep Clause Mod: Limit one foe put to sleep\n|rule|Illusion Level Mod: Illusion disguises the Pok\u00e9mon's true level\n|\n|t:|1783558784\n|teamsize|p1|6\n|teamsize|p2|6\n|start\n|switch|p1a: Swalot|Swalot, L90, M|100/100\n|switch|p2a: Bombirdier|Bombirdier, L85, F|258/258\n|turn|1\n|inactive|Battle timer is ON: inactive players will automatically lose when time's up. (requested by p0x16241376)\n|inactive|Time left: 300 sec this turn | 300 sec total | 60 sec grace\n|inactive|p0y16244e48 also wants the timer to be on.\n|\n|t:|1783558786\n|move|p2a: Bombirdier|Knock Off|p1a: Swalot\n|-damage|p1a: Swalot|69/100\n|-enditem|p1a: Swalot|Leftovers|[from] move: Knock Off|[of] p2a: Bombirdier\n|move|p1a: Swalot|Sludge Bomb|p2a: Bombirdier\n|-damage|p2a: Bombirdier|168/258\n|\n|upkeep\n|turn|2\n|inactive|Time left: 300 sec this turn | 300 sec total\n|\n|t:|1783558787\n|move|p2a: Bombirdier|Knock Off|p1a: Swalot\n|-damage|p1a: Swalot|44/100\n|move|p1a: Swalot|Knock Off|p2a: Bombirdier\n|-resisted|p2a: Bombirdier\n|-damage|p2a: Bombirdier|138/258\n|-enditem|p2a: Bombirdier|Heavy-Duty Boots|[from] move: Knock Off|[of] p1a: Swalot\n|\n|upkeep\n|turn|3\n|inactive|Time left: 300 sec this turn | 300 sec total\n|\n|t:|1783558788\n|move|p2a: Bombirdier|Brave Bird|p1a: Swalot\n|-damage|p1a: Swalot|4/100\n|-damage|p2a: Bombirdier|95/258|[from] Recoil\n|move|p1a: Swalot|Pain Split|p2a: Bombirdier\n|-sethp|p2a: Bombirdier|54/258|[from] move: Pain Split|[silent]\n|-sethp|p1a: Swalot|17/100|[from] move: Pain Split\n|\n|upkeep\n|turn|4\n|inactive|Time left: 300 sec this turn | 300 sec total\n|\n|t:|1783558789\n|move|p2a: Bombirdier|Roost|p2a: Bombirdier\n|-heal|p2a: Bombirdier|183/258\n|-singleturn|p2a: Bombirdier|move: Roost\n|move|p1a: Swalot|Sludge Bomb|p2a: Bombirdier\n|-damage|p2a: Bombirdier|96/258\n|\n|upkeep\n|turn|5\n|inactive|Time left: 300 sec this turn | 300 sec total\n|\n|t:|1783558790\n|move|p2a: Bombirdier|Brave Bird|p1a: Swalot\n|-crit|p1a: Swalot\n|-damage|p1a: Swalot|0 fnt\n|faint|p1a: Swalot\n|-damage|p2a: Bombirdier|78/258|[from] Recoil\n|\n|upkeep\n|\n|t:|1783558791\n|switch|p1a: Kyogre|Kyogre, L71|100/100\n|-weather|RainDance|[from] ability: Drizzle|[of] p1a: Kyogre\n|turn|6\n|inactive|Time left: 300 sec this turn | 300 sec total\n|\n|t:|1783558792\n|switch|p2a: Gastrodon|Gastrodon-East, L86, F|331/331\n|move|p1a: Kyogre|Water Spout|p2a: Gastrodon\n|-ability|p2a: Gastrodon|Storm Drain|boost\n|-boost|p2a: Gastrodon|spa|1\n|\n|-weather|RainDance|[upkeep]\n|upkeep\n|turn|7\n|inactive|Time left: 300 sec this turn | 300 sec total\n|\n|t:|1783558793\n|switch|p1a: Groudon|Groudon, L72|100/100\n|-weather|SunnyDay|[from] ability: Drought|[of] p1a: Groudon\n|move|p2a: Gastrodon|Surf|p1a: Groudon\n|-supereffective|p1a: Groudon\n|-damage|p1a: Groudon|37/100\n|\n|-weather|SunnyDay|[upkeep]\n|-heal|p1a: Groudon|43/100|[from] item: Leftovers\n|upkeep\n|turn|8\n|inactive|Time left: 300 sec this turn | 300 sec total\n|\n|t:|1783558794\n|switch|p1a: Dachsbun|Dachsbun, L92, F|100/100\n|move|p2a: Gastrodon|Surf|p1a: Dachsbun\n|-damage|p1a: Dachsbun|73/100\n|\n|-weather|SunnyDay|[upkeep]\n|-heal|p1a: Dachsbun|79/100|[from] item: Leftovers\n|upkeep\n|turn|9\n|inactive|Time left: 300 sec this turn | 300 sec total\n|\n|t:|1783558795\n|move|p1a: Dachsbun|Play Rough|p2a: Gastrodon\n|-damage|p2a: Gastrodon|213/331\n|move|p2a: Gastrodon|Stealth Rock|p1a: Dachsbun\n|-sidestart|p1: p0x16241376|move: Stealth Rock\n|\n|-weather|SunnyDay|[upkeep]\n|-heal|p1a: Dachsbun|85/100|[from] item: Leftovers\n|-heal|p2a: Gastrodon|233/331|[from] item: Leftovers\n|upkeep\n|turn|10\n|inactive|Time left: 300 sec this turn | 300 sec total\n|\n|t:|1783558796\n|move|p1a: Dachsbun|Play Rough|p2a: Gastrodon\n|-damage|p2a: Gastrodon|107/331\n|move|p2a: Gastrodon|Earthquake|p1a: Dachsbun\n|-damage|p1a: Dachsbun|56/100\n|\n|-weather|SunnyDay|[upkeep]\n|-heal|p1a: Dachsbun|62/100|[from] item: Leftovers\n|-heal|p2a: Gastrodon|127/331|[from] item: Leftovers\n|upkeep\n|turn|11\n|inactive|Time left: 300 sec this turn | 300 sec total\n|\n|t:|1783558797\n|move|p1a: Dachsbun|Play Rough|p2a: Gastrodon\n|-damage|p2a: Gastrodon|21/331\n|move|p2a: Gastrodon|Recover|p2a: Gastrodon\n|-heal|p2a: Gastrodon|187/331\n|\n|-weather|none\n|-heal|p1a: Dachsbun|67/100|[from] item: Leftovers\n|-heal|p2a: Gastrodon|207/331|[from] item: Leftovers\n|upkeep\n|turn|12\n|inactive|Time left: 300 sec this turn | 300 sec total\n|\n|t:|1783558798\n|move|p1a: Dachsbun|Play Rough|p2a: Gastrodon\n|-damage|p2a: Gastrodon|98/331\n|move|p2a: Gastrodon|Surf|p1a: Dachsbun\n|-damage|p1a: Dachsbun|10/100\n|\n|-heal|p1a: Dachsbun|16/100|[from] item: Leftovers\n|-heal|p2a: Gastrodon|118/331|[from] item: Leftovers\n|upkeep\n|turn|13\n|inactive|Time left: 300 sec this turn | 300 sec total\n|\n|t:|1783558799\n|move|p1a: Dachsbun|Play Rough|p2a: Gastrodon\n|-damage|p2a: Gastrodon|4/331\n|move|p2a: Gastrodon|Recover|p2a: Gastrodon\n|-heal|p2a: Gastrodon|170/331\n|\n|-heal|p1a: Dachsbun|22/100|[from] item: Leftovers\n|-heal|p2a: Gastrodon|190/331|[from] item: Leftovers\n|upkeep\n|turn|14\n|inactive|Time left: 300 sec this turn | 300 sec total\n|\n|t:|1783558800\n|move|p1a: Dachsbun|Play Rough|p2a: Gastrodon\n|-damage|p2a: Gastrodon|82/331\n|-unboost|p2a: Gastrodon|atk|1\n|move|p2a: Gastrodon|Surf|p1a: Dachsbun\n|-damage|p1a: Dachsbun|0 fnt\n|faint|p1a: Dachsbun\n|\n|-heal|p2a: Gastrodon|102/331|[from] item: Leftovers\n|upkeep\n|\n|t:|1783558801\n|switch|p1a: Delphox|Delphox, L84, F|100/100\n|turn|15\n|inactive|Time left: 300 sec this turn | 300 sec total\n|\n|t:|1783558802\n|switch|p2a: Incineroar|Incineroar, L82, F|290/290\n|-ability|p2a: Incineroar|Intimidate|boost\n|-unboost|p1a: Delphox|atk|1\n|move|p1a: Delphox|Psyshock|p2a: Incineroar\n|-immune|p2a: Incineroar\n|\n|upkeep\n|turn|16\n|inactive|Time left: 300 sec this turn | 300 sec total\n|\n|t:|1783558803\n|switch|p1a: Groudon|Groudon, L72|43/100\n|-damage|p1a: Groudon|37/100|[from] Stealth Rock\n|-weather|SunnyDay|[from] ability: Drought|[of] p1a: Groudon\n|move|p2a: Incineroar|Knock Off|p1a: Groudon\n|-damage|p1a: Groudon|0 fnt\n|-enditem|p1a: Groudon|Leftovers|[from] move: Knock Off|[of] p2a: Incineroar\n|faint|p1a: Groudon\n|\n|-weather|SunnyDay|[upkeep]\n|upkeep\n|\n|t:|1783558804\n|switch|p1a: Delphox|Delphox, L84, F|100/100\n|turn|17\n|inactive|Time left: 300 sec this turn | 300 sec total\n|\n|t:|1783558805\n|-terastallize|p1a: Delphox|Fighting\n|move|p1a: Delphox|Focus Blast|p2a: Incineroar\n|-supereffective|p2a: Incineroar\n|-damage|p2a: Incineroar|20/290\n|move|p2a: Incineroar|Knock Off|p1a: Delphox\n|-resisted|p1a: Delphox\n|-damage|p1a: Delphox|76/100\n|-enditem|p1a: Delphox|Heavy-Duty Boots|[from] move: Knock Off|[of] p2a: Incineroar\n|\n|-weather|SunnyDay|[upkeep]\n|upkeep\n|turn|18\n|inactive|Time left: 300 sec this turn | 300 sec total\n|\n|t:|1783558806\n|move|p1a: Delphox|Fire Blast|p2a: Incineroar\n|-resisted|p2a: Incineroar\n|-damage|p2a: Incineroar|0 fnt\n|faint|p2a: Incineroar\n|\n|-weather|SunnyDay|[upkeep]\n|upkeep\n|inactive|Time left: 300 sec this turn | 300 sec total | 5 sec grace\n|\n|t:|1783558807\n|switch|p2a: Swalot|Swalot, L90, M|326/326\n|turn|19\n|inactive|Time left: 300 sec this turn | 300 sec total\n|\n|t:|1783558808\n|move|p1a: Delphox|Nasty Plot|p1a: Delphox\n|-boost|p1a: Delphox|spa|2\n|move|p2a: Swalot|Gunk Shot|p1a: Delphox\n|-damage|p1a: Delphox|23/100\n|-status|p1a: Delphox|psn\n|\n|-weather|SunnyDay|[upkeep]\n|-damage|p1a: Delphox|11/100 psn|[from] psn\n|upkeep\n|turn|20\n|inactive|Time left: 300 sec this turn | 300 sec total\n|\n|t:|1783558809\n|switch|p2a: Bombirdier|Bombirdier, L85, F|78/258\n|move|p1a: Delphox|Fire Blast|p2a: Bombirdier\n|-damage|p2a: Bombirdier|0 fnt\n|faint|p2a: Bombirdier\n|\n|-weather|none\n|-damage|p1a: Delphox|0 fnt|[from] psn\n|faint|p1a: Delphox\n|upkeep\n|inactive|Time left: 300 sec this turn | 300 sec total | 5 sec grace\n|\n|t:|1783558810\n|switch|p1a: Kyogre|Kyogre, L71|100/100\n|switch|p2a: Decidueye|Decidueye, L88, M|281/281\n|-damage|p1a: Kyogre|88/100|[from] Stealth Rock\n|-weather|RainDance|[from] ability: Drizzle|[of] p1a: Kyogre\n|turn|21\n|inactive|Time left: 300 sec this turn | 300 sec total\n|\n|t:|1783558811\n|move|p1a: Kyogre|Ice Beam|p2a: Decidueye\n|-supereffective|p2a: Decidueye\n|-damage|p2a: Decidueye|163/281\n|move|p2a: Decidueye|Leaf Blade|p1a: Kyogre\n|-supereffective|p1a: Kyogre\n|-damage|p1a: Kyogre|0 fnt\n|faint|p1a: Kyogre\n|-damage|p2a: Decidueye|135/281|[from] item: Life Orb\n|\n|-weather|RainDance|[upkeep]\n|upkeep\n|\n|t:|1783558812\n|switch|p1a: Minun|Minun, L95, M|100/100\n|-damage|p1a: Minun|88/100|[from] Stealth Rock\n|turn|22\n|inactive|Time left: 300 sec this turn | 300 sec total\n|\n|t:|1783558812\n|move|p1a: Minun|Nasty Plot|p1a: Minun\n|-boost|p1a: Minun|spa|2\n|move|p2a: Decidueye|Leaf Blade|p1a: Minun\n|-damage|p1a: Minun|21/100\n|-damage|p2a: Decidueye|107/281|[from] item: Life Orb\n|\n|-weather|RainDance|[upkeep]\n|upkeep\n|turn|23\n|inactive|Time left: 300 sec this turn | 300 sec total\n|\n|t:|1783558813\n|move|p2a: Decidueye|Shadow Sneak|p1a: Minun\n|-damage|p1a: Minun|0 fnt\n|faint|p1a: Minun\n|-damage|p2a: Decidueye|79/281|[from] item: Life Orb\n|\n|win|p0y16244e48", "uploadtime": 1783558813, "views": 0, "rating": 0, "private": 0, "password": null, "_winner": "p0y16244e48", "_our_name": "p0y16244e48"}