{"id": "battle-gen9randombattle-1744", "formatid": "gen9randombattle", "format": "[Gen 9] Random Battle", "players": ["p0x17444d83", "p0y1744140e"], "log": "|init|battle\n|title|p0x17444d83 vs. p0y1744140e\n|j|\u2606p0x17444d83\n|j|\u2606p0y1744140e\n|t:|1783560161\n|gametype|singles\n|player|p1|p0x17444d83|265|\n|player|p2|p0y1744140e|2|\n|gen|9\n|tier|[Gen 9] Random Battle\n|rule|Species Clause: Limit one of each Pok\u00e9mon\n|rule|HP Percentage Mod: HP is shown in percentages\n|rule|Sleep Clause Mod: Limit one foe put to sleep\n|rule|Illusion Level Mod: Illusion disguises the Pok\u00e9mon's true level\n|\n|t:|1783560161\n|teamsize|p1|6\n|teamsize|p2|6\n|start\n|switch|p1a: Meowstic|Meowstic-F, L89, F|100/100\n|switch|p2a: Probopass|Probopass, L91, F|257/257\n|turn|1\n|inactive|Battle timer is ON: inactive players will automatically lose when time's up. (requested by p0x17444d83)\n|inactive|Time left: 300 sec this turn | 300 sec total | 60 sec grace\n|\n|t:|1783560163\n|move|p1a: Meowstic|Nasty Plot|p1a: Meowstic\n|-boost|p1a: Meowstic|spa|2\n|move|p2a: Probopass|Power Gem|p1a: Meowstic\n|-damage|p1a: Meowstic|69/100\n|\n|upkeep\n|turn|2\n|inactive|Time left: 300 sec this turn | 300 sec total\n|inactive|p0y1744140e also wants the timer to be on.\n|\n|t:|1783560164\n|move|p1a: Meowstic|Nasty Plot|p1a: Meowstic\n|-boost|p1a: Meowstic|spa|2\n|move|p2a: Probopass|Power Gem|p1a: Meowstic\n|-damage|p1a: Meowstic|38/100\n|\n|upkeep\n|turn|3\n|inactive|Time left: 300 sec this turn | 300 sec total\n|\n|t:|1783560164\n|move|p1a: Meowstic|Dark Pulse|p2a: Probopass\n|-damage|p2a: Probopass|135/257\n|-damage|p1a: Meowstic|28/100|[from] item: Life Orb\n|move|p2a: Probopass|Power Gem|p1a: Meowstic\n|-damage|p1a: Meowstic|0 fnt\n|faint|p1a: Meowstic\n|\n|-heal|p2a: Probopass|151/257|[from] item: Leftovers\n|upkeep\n|\n|t:|1783560165\n|switch|p1a: Conkeldurr|Conkeldurr, L80, F|100/100\n|turn|4\n|inactive|Time left: 300 sec this turn | 300 sec total\n|\n|t:|1783560166\n|move|p2a: Probopass|Thunder Wave|p1a: Conkeldurr\n|-status|p1a: Conkeldurr|par\n|move|p1a: Conkeldurr|Close Combat|p2a: Probopass\n|-supereffective|p2a: Probopass\n|-damage|p2a: Probopass|0 fnt\n|-unboost|p1a: Conkeldurr|def|1\n|-unboost|p1a: Conkeldurr|spd|1\n|faint|p2a: Probopass\n|\n|upkeep\n|inactive|Time left: 300 sec this turn | 300 sec total | 5 sec grace\n|\n|t:|1783560167\n|switch|p2a: Annihilape|Annihilape, L76, M|292/292\n|turn|5\n|inactive|Time left: 300 sec this turn | 300 sec total\n|\n|t:|1783560168\n|switch|p1a: Zacian|Zacian, L69|100/100\n|-ability|p1a: Zacian|Intrepid Sword|boost\n|-boost|p1a: Zacian|atk|1\n|move|p2a: Annihilape|Bulk Up|p2a: Annihilape\n|-boost|p2a: Annihilape|atk|1\n|-boost|p2a: Annihilape|def|1\n|\n|upkeep\n|turn|6\n|inactive|Time left: 300 sec this turn | 300 sec total\n|\n|t:|1783560169\n|move|p1a: Zacian|Play Rough|p2a: Annihilape\n|-supereffective|p2a: Annihilape\n|-damage|p2a: Annihilape|0 fnt\n|faint|p2a: Annihilape\n|\n|upkeep\n|inactive|Time left: 300 sec this turn | 300 sec total | 5 sec grace\n|\n|t:|1783560170\n|switch|p2a: Garganacl|Garganacl, L80, M|291/291\n|turn|7\n|inactive|Time left: 300 sec this turn | 300 sec total\n|\n|t:|1783560171\n|move|p1a: Zacian|Play Rough|p2a: Garganacl\n|-damage|p2a: Garganacl|168/291\n|move|p2a: Garganacl|Iron Defense|p2a: Garganacl\n|-boost|p2a: Garganacl|def|2\n|\n|-heal|p2a: Garganacl|186/291|[from] item: Leftovers\n|upkeep\n|turn|8\n|inactive|Time left: 300 sec this turn | 300 sec total\n|\n|t:|1783560172\n|move|p1a: Zacian|Play Rough|p2a: Garganacl\n|-damage|p2a: Garganacl|123/291\n|move|p2a: Garganacl|Recover|p2a: Garganacl\n|-heal|p2a: Garganacl|269/291\n|\n|-heal|p2a: Garganacl|287/291|[from] item: Leftovers\n|upkeep\n|turn|9\n|inactive|Time left: 300 sec this turn | 300 sec total\n|\n|t:|1783560173\n|move|p1a: Zacian|Play Rough|p2a: Garganacl\n|-damage|p2a: Garganacl|224/291\n|move|p2a: Garganacl|Salt Cure|p1a: Zacian\n|-damage|p1a: Zacian|85/100\n|-start|p1a: Zacian|Salt Cure\n|\n|-heal|p2a: Garganacl|242/291|[from] item: Leftovers\n|-damage|p1a: Zacian|73/100|[from] Salt Cure\n|upkeep\n|turn|10\n|inactive|Time left: 300 sec this turn | 300 sec total\n|\n|t:|1783560174\n|move|p1a: Zacian|Play Rough|p2a: Garganacl\n|-damage|p2a: Garganacl|178/291\n|move|p2a: Garganacl|Body Press|p1a: Zacian\n|-resisted|p1a: Zacian\n|-damage|p1a: Zacian|46/100\n|\n|-heal|p2a: Garganacl|196/291|[from] item: Leftovers\n|-damage|p1a: Zacian|33/100|[from] Salt Cure\n|upkeep\n|turn|11\n|inactive|Time left: 300 sec this turn | 300 sec total\n|\n|t:|1783560175\n|move|p1a: Zacian|Play Rough|p2a: Garganacl\n|-damage|p2a: Garganacl|126/291\n|move|p2a: Garganacl|Body Press|p1a: Zacian\n|-resisted|p1a: Zacian\n|-damage|p1a: Zacian|5/100\n|\n|-heal|p2a: Garganacl|144/291|[from] item: Leftovers\n|-damage|p1a: Zacian|0 fnt|[from] Salt Cure\n|faint|p1a: Zacian\n|upkeep\n|\n|t:|1783560176\n|switch|p1a: Whimsicott|Whimsicott, L84, F|100/100\n|turn|12\n|inactive|Time left: 300 sec this turn | 300 sec total\n|\n|t:|1783560177\n|move|p1a: Whimsicott|Giga Drain|p2a: Garganacl\n|-supereffective|p2a: Garganacl\n|-damage|p2a: Garganacl|0 fnt\n|faint|p2a: Garganacl\n|\n|upkeep\n|inactive|Time left: 300 sec this turn | 300 sec total | 5 sec grace\n|\n|t:|1783560178\n|switch|p2a: Comfey|Comfey, L85, M|225/225\n|turn|13\n|inactive|Time left: 300 sec this turn | 300 sec total\n|\n|t:|1783560179\n|move|p1a: Whimsicott|Stun Spore|p2a: Comfey|[miss]\n|-miss|p1a: Whimsicott|p2a: Comfey\n|move|p2a: Comfey|Calm Mind|p2a: Comfey\n|-boost|p2a: Comfey|spa|1\n|-boost|p2a: Comfey|spd|1\n|\n|upkeep\n|turn|14\n|inactive|Time left: 300 sec this turn | 300 sec total\n|\n|t:|1783560180\n|switch|p1a: Mightyena|Mightyena, L96, F|100/100\n|-ability|p1a: Mightyena|Intimidate|boost\n|-unboost|p2a: Comfey|atk|1\n|move|p2a: Comfey|Calm Mind|p2a: Comfey\n|-boost|p2a: Comfey|spa|1\n|-boost|p2a: Comfey|spd|1\n|\n|upkeep\n|turn|15\n|inactive|Time left: 300 sec this turn | 300 sec total\n|\n|t:|1783560181\n|move|p2a: Comfey|Draining Kiss|p1a: Mightyena\n|-supereffective|p1a: Mightyena\n|-damage|p1a: Mightyena|47/100\n|move|p1a: Mightyena|Poison Fang|p2a: Comfey\n|-supereffective|p2a: Comfey\n|-damage|p2a: Comfey|145/225\n|\n|-heal|p2a: Comfey|159/225|[from] item: Leftovers\n|upkeep\n|turn|16\n|inactive|Time left: 300 sec this turn | 300 sec total\n|\n|t:|1783560182\n|-terastallize|p1a: Mightyena|Fairy\n|move|p2a: Comfey|Draining Kiss|p1a: Mightyena\n|-damage|p1a: Mightyena|20/100\n|-heal|p2a: Comfey|218/225|[from] drain|[of] p1a: Mightyena\n|move|p1a: Mightyena|Poison Fang|p2a: Comfey\n|-supereffective|p2a: Comfey\n|-damage|p2a: Comfey|130/225\n|\n|-heal|p2a: Comfey|144/225|[from] item: Leftovers\n|upkeep\n|turn|17\n|inactive|Time left: 300 sec this turn | 300 sec total\n|\n|t:|1783560183\n|switch|p1a: Gengar|Gengar, L81, M|100/100\n|move|p2a: Comfey|Draining Kiss|p1a: Gengar\n|-resisted|p1a: Gengar\n|-damage|p1a: Gengar|74/100\n|-heal|p2a: Comfey|189/225|[from] drain|[of] p1a: Gengar\n|\n|-heal|p2a: Comfey|203/225|[from] item: Leftovers\n|upkeep\n|turn|18\n|inactive|Time left: 300 sec this turn | 300 sec total\n|\n|t:|1783560184\n|move|p1a: Gengar|Encore|p2a: Comfey\n|-start|p2a: Comfey|Encore\n|move|p2a: Comfey|Draining Kiss|p1a: Gengar\n|-resisted|p1a: Gengar\n|-damage|p1a: Gengar|49/100\n|-heal|p2a: Comfey|225/225|[from] drain|[of] p1a: Gengar\n|\n|upkeep\n|turn|19\n|inactive|Time left: 300 sec this turn | 300 sec total\n|\n|t:|1783560185\n|move|p2a: Comfey|Draining Kiss|p1a: Gengar\n|-resisted|p1a: Gengar\n|-damage|p1a: Gengar|24/100\n|move|p1a: Gengar|Sludge Wave|p2a: Comfey\n|-supereffective|p2a: Comfey\n|-damage|p2a: Comfey|82/225\n|-damage|p1a: Gengar|14/100|[from] item: Life Orb\n|\n|-heal|p2a: Comfey|96/225|[from] item: Leftovers\n|upkeep\n|turn|20\n|inactive|Time left: 300 sec this turn | 300 sec total\n|\n|t:|1783560186\n|move|p2a: Comfey|Draining Kiss|p1a: Gengar\n|-resisted|p1a: Gengar\n|-damage|p1a: Gengar|0 fnt\n|-heal|p2a: Comfey|120/225|[from] drain|[of] p1a: Gengar\n|-start|p2a: Comfey|Disable|Draining Kiss|[from] ability: Cursed Body|[of] p1a: Gengar\n|faint|p1a: Gengar\n|\n|-heal|p2a: Comfey|134/225|[from] item: Leftovers\n|-end|p2a: Comfey|Encore\n|upkeep\n|\n|t:|1783560187\n|switch|p1a: Whimsicott|Whimsicott, L84, F|100/100\n|turn|21\n|inactive|Time left: 300 sec this turn | 300 sec total\n|\n|t:|1783560188\n|move|p2a: Comfey|Giga Drain|p1a: Whimsicott\n|-resisted|p1a: Whimsicott\n|-damage|p1a: Whimsicott|78/100\n|-heal|p2a: Comfey|161/225|[from] drain|[of] p1a: Whimsicott\n|move|p1a: Whimsicott|Stun Spore|p2a: Comfey\n|-status|p2a: Comfey|par\n|\n|-heal|p2a: Comfey|175/225 par|[from] item: Leftovers\n|upkeep\n|turn|22\n|inactive|Time left: 300 sec this turn | 300 sec total\n|\n|t:|1783560189\n|move|p1a: Whimsicott|Moonblast|p2a: Comfey\n|-damage|p2a: Comfey|138/225 par\n|move|p2a: Comfey|Stored Power|p1a: Whimsicott\n|-damage|p1a: Whimsicott|15/100\n|\n|-heal|p2a: Comfey|152/225 par|[from] item: Leftovers\n|upkeep\n|turn|23\n|inactive|Time left: 300 sec this turn | 300 sec total\n|\n|t:|1783560190\n|cant|p2a: Comfey|par\n|move|p1a: Whimsicott|Moonblast|p2a: Comfey\n|-damage|p2a: Comfey|118/225 par\n|\n|-heal|p2a: Comfey|132/225 par|[from] item: Leftovers\n|-end|p2a: Comfey|Disable\n|upkeep\n|turn|24\n|inactive|Time left: 300 sec this turn | 300 sec total\n|\n|t:|1783560191\n|move|p2a: Comfey|Draining Kiss|p1a: Whimsicott\n|-damage|p1a: Whimsicott|0 fnt\n|-heal|p2a: Comfey|158/225 par|[from] drain|[of] p1a: Whimsicott\n|faint|p1a: Whimsicott\n|\n|-heal|p2a: Comfey|172/225 par|[from] item: Leftovers\n|upkeep\n|\n|t:|1783560192\n|switch|p1a: Mightyena|Mightyena, L96, F, tera:Fairy|20/100\n|-ability|p1a: Mightyena|Intimidate|boost\n|-unboost|p2a: Comfey|atk|1\n|turn|25\n|inactive|Time left: 300 sec this turn | 300 sec total\n|\n|t:|1783560193\n|move|p2a: Comfey|Draining Kiss|p1a: Mightyena\n|-damage|p1a: Mightyena|0 fnt\n|-heal|p2a: Comfey|214/225 par|[from] drain|[of] p1a: Mightyena\n|faint|p1a: Mightyena\n|\n|-heal|p2a: Comfey|225/225 par|[from] item: Leftovers\n|upkeep\n|\n|t:|1783560194\n|switch|p1a: Conkeldurr|Conkeldurr, L80, F|100/100 par\n|turn|26\n|inactive|Time left: 300 sec this turn | 300 sec total\n|\n|t:|1783560195\n|cant|p1a: Conkeldurr|par\n|cant|p2a: Comfey|par\n|\n|upkeep\n|turn|27\n|inactive|Time left: 300 sec this turn | 300 sec total\n|\n|t:|1783560196\n|-terastallize|p2a: Comfey|Fairy\n|move|p2a: Comfey|Stored Power|p1a: Conkeldurr\n|-supereffective|p1a: Conkeldurr\n|-damage|p1a: Conkeldurr|0 fnt\n|faint|p1a: Conkeldurr\n|\n|win|p0y1744140e", "uploadtime": 1783560196, "views": 0, "rating": 0, "private": 0, "password": null, "_winner": "p0y1744140e", "_our_name": "p0y1744140e"}