{"id": "battle-gen9randombattle-1050", "formatid": "gen9randombattle", "format": "[Gen 9] Random Battle", "players": ["p0x10509a35", "p0y1050e24c"], "log": "|init|battle\n|title|p0x10509a35 vs. p0y1050e24c\n|j|\u2606p0x10509a35\n|j|\u2606p0y1050e24c\n|t:|1783552069\n|gametype|singles\n|player|p1|p0x10509a35|266|\n|player|p2|p0y1050e24c|266|\n|gen|9\n|tier|[Gen 9] Random Battle\n|rule|Species Clause: Limit one of each Pok\u00e9mon\n|rule|HP Percentage Mod: HP is shown in percentages\n|rule|Sleep Clause Mod: Limit one foe put to sleep\n|rule|Illusion Level Mod: Illusion disguises the Pok\u00e9mon's true level\n|\n|t:|1783552069\n|teamsize|p1|6\n|teamsize|p2|6\n|start\n|switch|p1a: Toxicroak|Toxicroak, L84, F|100/100\n|switch|p2a: Dialga|Dialga-Origin, L73|266/266\n|-ability|p2a: Dialga|Pressure\n|turn|1\n|inactive|Battle timer is ON: inactive players will automatically lose when time's up. (requested by p0y1050e24c)\n|inactive|p0x10509a35 also wants the timer to be on.\n|\n|t:|1783552071\n|switch|p2a: Granbull|Granbull, L88, M|302/302\n|-ability|p2a: Granbull|Intimidate|boost\n|-unboost|p1a: Toxicroak|atk|1\n|move|p1a: Toxicroak|Close Combat|p2a: Granbull\n|-resisted|p2a: Granbull\n|-damage|p2a: Granbull|233/302\n|-unboost|p1a: Toxicroak|def|1\n|-unboost|p1a: Toxicroak|spd|1\n|-damage|p1a: Toxicroak|91/100|[from] item: Life Orb\n|\n|-heal|p2a: Granbull|251/302|[from] item: Leftovers\n|upkeep\n|turn|2\n|inactive|Time left: 300 sec this turn | 300 sec total\n|\n|t:|1783552072\n|switch|p1a: Masquerain|Masquerain, L87, M|100/100\n|-ability|p1a: Masquerain|Intimidate|boost\n|-unboost|p2a: Granbull|atk|1\n|move|p2a: Granbull|Play Rough|p1a: Masquerain\n|-damage|p1a: Masquerain|64/100\n|\n|-heal|p2a: Granbull|269/302|[from] item: Leftovers\n|upkeep\n|turn|3\n|inactive|Time left: 300 sec this turn | 300 sec total\n|\n|t:|1783552073\n|switch|p2a: Baxcalibur|Baxcalibur, L75, F|296/296\n|move|p1a: Masquerain|Sticky Web|p2a: Baxcalibur\n|-sidestart|p2: p0y1050e24c|move: Sticky Web\n|\n|upkeep\n|turn|4\n|inactive|Time left: 300 sec this turn | 300 sec total\n|\n|t:|1783552074\n|switch|p1a: Orthworm|Orthworm, L88, F|100/100\n|move|p2a: Baxcalibur|Dragon Dance|p2a: Baxcalibur\n|-boost|p2a: Baxcalibur|atk|1\n|-boost|p2a: Baxcalibur|spe|1\n|\n|upkeep\n|turn|5\n|inactive|Time left: 300 sec this turn | 300 sec total\n|\n|t:|1783552076\n|move|p2a: Baxcalibur|Dragon Dance|p2a: Baxcalibur\n|-boost|p2a: Baxcalibur|atk|1\n|-boost|p2a: Baxcalibur|spe|1\n|move|p1a: Orthworm|Body Press|p2a: Baxcalibur\n|-supereffective|p2a: Baxcalibur\n|-damage|p2a: Baxcalibur|106/296\n|\n|upkeep\n|turn|6\n|inactive|Time left: 300 sec this turn | 300 sec total\n|\n|t:|1783552077\n|move|p2a: Baxcalibur|Icicle Crash|p1a: Orthworm\n|-resisted|p1a: Orthworm\n|-damage|p1a: Orthworm|75/100\n|move|p1a: Orthworm|Body Press|p2a: Baxcalibur\n|-supereffective|p2a: Baxcalibur\n|-damage|p2a: Baxcalibur|0 fnt\n|faint|p2a: Baxcalibur\n|\n|-heal|p1a: Orthworm|81/100|[from] item: Leftovers\n|upkeep\n|inactive|Time left: 300 sec this turn | 300 sec total | 5 sec grace\n|\n|t:|1783552078\n|switch|p2a: Dialga|Dialga-Origin, L73|266/266\n|-activate|p2a: Dialga|move: Sticky Web\n|-unboost|p2a: Dialga|spe|1\n|-ability|p2a: Dialga|Pressure\n|turn|7\n|inactive|Time left: 300 sec this turn | 300 sec total\n|\n|t:|1783552079\n|move|p1a: Orthworm|Body Press|p2a: Dialga\n|-supereffective|p2a: Dialga\n|-crit|p2a: Dialga\n|-damage|p2a: Dialga|32/266\n|move|p2a: Dialga|Fire Blast|p1a: Orthworm\n|-supereffective|p1a: Orthworm\n|-damage|p1a: Orthworm|0 fnt\n|faint|p1a: Orthworm\n|\n|upkeep\n|\n|t:|1783552080\n|switch|p1a: Emboar|Emboar, L84, M|100/100\n|turn|8\n|inactive|Time left: 300 sec this turn | 300 sec total\n|\n|t:|1783552082\n|move|p1a: Emboar|Flare Blitz|p2a: Dialga\n|-damage|p2a: Dialga|0 fnt\n|faint|p2a: Dialga\n|-damage|p1a: Emboar|97/100|[from] Recoil\n|\n|-heal|p1a: Emboar|100/100|[from] item: Leftovers\n|upkeep\n|inactive|Time left: 300 sec this turn | 300 sec total | 5 sec grace\n|\n|t:|1783552083\n|switch|p2a: Rhyperior|Rhyperior, L82, F|323/323\n|-activate|p2a: Rhyperior|move: Sticky Web\n|-unboost|p2a: Rhyperior|spe|1\n|turn|9\n|inactive|Time left: 300 sec this turn | 300 sec total\n|\n|t:|1783552084\n|move|p1a: Emboar|Bulk Up|p1a: Emboar\n|-boost|p1a: Emboar|atk|1\n|-boost|p1a: Emboar|def|1\n|move|p2a: Rhyperior|Earthquake|p1a: Emboar\n|-supereffective|p1a: Emboar\n|-damage|p1a: Emboar|25/100\n|\n|-heal|p1a: Emboar|32/100|[from] item: Leftovers\n|upkeep\n|turn|10\n|inactive|Time left: 300 sec this turn | 300 sec total\n|\n|t:|1783552085\n|switch|p1a: Misdreavus|Misdreavus, L90, F|100/100\n|move|p2a: Rhyperior|Earthquake|p1a: Misdreavus\n|-immune|p1a: Misdreavus|[from] ability: Levitate\n|\n|upkeep\n|turn|11\n|inactive|Time left: 300 sec this turn | 300 sec total\n|\n|t:|1783552086\n|move|p1a: Misdreavus|Will-O-Wisp|p2a: Rhyperior\n|-status|p2a: Rhyperior|brn\n|move|p2a: Rhyperior|Stone Edge|p1a: Misdreavus\n|-damage|p1a: Misdreavus|79/100\n|\n|-damage|p2a: Rhyperior|303/323 brn|[from] brn\n|upkeep\n|turn|12\n|inactive|Time left: 300 sec this turn | 300 sec total\n|\n|t:|1783552087\n|move|p1a: Misdreavus|Calm Mind|p1a: Misdreavus\n|-boost|p1a: Misdreavus|spa|1\n|-boost|p1a: Misdreavus|spd|1\n|move|p2a: Rhyperior|Stone Edge|p1a: Misdreavus|[miss]\n|-miss|p2a: Rhyperior|p1a: Misdreavus\n|\n|-damage|p2a: Rhyperior|283/323 brn|[from] brn\n|upkeep\n|turn|13\n|inactive|Time left: 300 sec this turn | 300 sec total\n|\n|t:|1783552088\n|move|p1a: Misdreavus|Calm Mind|p1a: Misdreavus\n|-boost|p1a: Misdreavus|spa|1\n|-boost|p1a: Misdreavus|spd|1\n|move|p2a: Rhyperior|Dragon Tail|p1a: Misdreavus\n|-damage|p1a: Misdreavus|70/100\n|drag|p1a: Iron Bundle|Iron Bundle, L78|100/100\n|\n|-damage|p2a: Rhyperior|263/323 brn|[from] brn\n|upkeep\n|turn|14\n|inactive|Time left: 300 sec this turn | 300 sec total\n|\n|t:|1783552089\n|-end|p1a: Iron Bundle|Quark Drive|[silent]\n|switch|p1a: Misdreavus|Misdreavus, L90, F|70/100\n|move|p2a: Rhyperior|Stone Edge|p1a: Misdreavus\n|-damage|p1a: Misdreavus|49/100\n|\n|-damage|p2a: Rhyperior|243/323 brn|[from] brn\n|upkeep\n|turn|15\n|inactive|Time left: 300 sec this turn | 300 sec total\n|\n|t:|1783552090\n|move|p1a: Misdreavus|Calm Mind|p1a: Misdreavus\n|-boost|p1a: Misdreavus|spa|1\n|-boost|p1a: Misdreavus|spd|1\n|move|p2a: Rhyperior|Stone Edge|p1a: Misdreavus\n|-damage|p1a: Misdreavus|27/100\n|\n|-damage|p2a: Rhyperior|223/323 brn|[from] brn\n|upkeep\n|turn|16\n|inactive|Time left: 300 sec this turn | 300 sec total\n|\n|t:|1783552091\n|move|p1a: Misdreavus|Draining Kiss|p2a: Rhyperior\n|-damage|p2a: Rhyperior|174/323 brn\n|-heal|p1a: Misdreavus|41/100|[from] drain|[of] p2a: Rhyperior\n|move|p2a: Rhyperior|Stone Edge|p1a: Misdreavus|[miss]\n|-miss|p2a: Rhyperior|p1a: Misdreavus\n|\n|-damage|p2a: Rhyperior|154/323 brn|[from] brn\n|upkeep\n|turn|17\n|inactive|Time left: 300 sec this turn | 300 sec total\n|\n|t:|1783552092\n|move|p1a: Misdreavus|Draining Kiss|p2a: Rhyperior\n|-damage|p2a: Rhyperior|102/323 brn\n|-heal|p1a: Misdreavus|57/100|[from] drain|[of] p2a: Rhyperior\n|move|p2a: Rhyperior|Dragon Tail|p1a: Misdreavus\n|-damage|p1a: Misdreavus|48/100\n|drag|p1a: Masquerain|Masquerain, L87, M|64/100\n|-ability|p1a: Masquerain|Intimidate|boost\n|-unboost|p2a: Rhyperior|atk|1\n|\n|-damage|p2a: Rhyperior|82/323 brn|[from] brn\n|upkeep\n|turn|18\n|inactive|Time left: 300 sec this turn | 300 sec total\n|\n|t:|1783552093\n|switch|p1a: Misdreavus|Misdreavus, L90, F|48/100\n|move|p2a: Rhyperior|Stone Edge|p1a: Misdreavus\n|-damage|p1a: Misdreavus|34/100\n|\n|-damage|p2a: Rhyperior|62/323 brn|[from] brn\n|upkeep\n|turn|19\n|inactive|Time left: 300 sec this turn | 300 sec total\n|\n|t:|1783552094\n|move|p1a: Misdreavus|Calm Mind|p1a: Misdreavus\n|-boost|p1a: Misdreavus|spa|1\n|-boost|p1a: Misdreavus|spd|1\n|move|p2a: Rhyperior|Dragon Tail|p1a: Misdreavus\n|-damage|p1a: Misdreavus|28/100\n|drag|p1a: Iron Bundle|Iron Bundle, L78|100/100\n|\n|-damage|p2a: Rhyperior|42/323 brn|[from] brn\n|upkeep\n|turn|20\n|inactive|Time left: 300 sec this turn | 300 sec total\n|\n|t:|1783552095\n|-end|p1a: Iron Bundle|Quark Drive|[silent]\n|switch|p1a: Misdreavus|Misdreavus, L90, F|28/100\n|move|p2a: Rhyperior|Earthquake|p1a: Misdreavus\n|-immune|p1a: Misdreavus|[from] ability: Levitate\n|\n|-damage|p2a: Rhyperior|22/323 brn|[from] brn\n|upkeep\n|turn|21\n|inactive|Time left: 300 sec this turn | 300 sec total\n|\n|t:|1783552096\n|move|p1a: Misdreavus|Draining Kiss|p2a: Rhyperior\n|-damage|p2a: Rhyperior|0 fnt\n|-heal|p1a: Misdreavus|35/100|[from] drain|[of] p2a: Rhyperior\n|faint|p2a: Rhyperior\n|\n|upkeep\n|inactive|Time left: 300 sec this turn | 300 sec total | 5 sec grace\n|\n|t:|1783552097\n|switch|p2a: Scizor|Scizor, L79, M|240/240\n|-activate|p2a: Scizor|move: Sticky Web\n|-unboost|p2a: Scizor|spe|1\n|turn|22\n|inactive|Time left: 300 sec this turn | 300 sec total\n|\n|t:|1783552098\n|move|p2a: Scizor|Bullet Punch|p1a: Misdreavus\n|-damage|p1a: Misdreavus|1/100\n|move|p1a: Misdreavus|Will-O-Wisp|p2a: Scizor\n|-status|p2a: Scizor|brn\n|\n|-damage|p2a: Scizor|225/240 brn|[from] brn\n|upkeep\n|turn|23\n|inactive|Time left: 300 sec this turn | 300 sec total\n|\n|t:|1783552099\n|switch|p1a: Emboar|Emboar, L84, M|32/100\n|move|p2a: Scizor|Bullet Punch|p1a: Emboar\n|-resisted|p1a: Emboar\n|-damage|p1a: Emboar|21/100\n|\n|-heal|p1a: Emboar|27/100|[from] item: Leftovers\n|-damage|p2a: Scizor|210/240 brn|[from] brn\n|upkeep\n|turn|24\n|inactive|Time left: 300 sec this turn | 300 sec total\n|\n|t:|1783552100\n|move|p2a: Scizor|Bullet Punch|p1a: Emboar\n|-resisted|p1a: Emboar\n|-damage|p1a: Emboar|18/100\n|move|p1a: Emboar|Drain Punch|p2a: Scizor\n|-damage|p2a: Scizor|120/240 brn\n|-heal|p1a: Emboar|32/100|[from] drain|[of] p2a: Scizor\n|\n|-heal|p1a: Emboar|38/100|[from] item: Leftovers\n|-damage|p2a: Scizor|105/240 brn|[from] brn\n|upkeep\n|turn|25\n|inactive|Time left: 300 sec this turn | 300 sec total\n|\n|t:|1783552102\n|move|p2a: Scizor|Bullet Punch|p1a: Emboar\n|-resisted|p1a: Emboar\n|-damage|p1a: Emboar|27/100\n|move|p1a: Emboar|Bulk Up|p1a: Emboar\n|-boost|p1a: Emboar|atk|1\n|-boost|p1a: Emboar|def|1\n|\n|-heal|p1a: Emboar|33/100|[from] item: Leftovers\n|-damage|p2a: Scizor|90/240 brn|[from] brn\n|upkeep\n|turn|26\n|inactive|Time left: 300 sec this turn | 300 sec total\n|\n|t:|1783552103\n|switch|p2a: Granbull|Granbull, L88, M|269/302\n|-activate|p2a: Granbull|move: Sticky Web\n|-unboost|p2a: Granbull|spe|1\n|-ability|p2a: Granbull|Intimidate|boost\n|-unboost|p1a: Emboar|atk|1\n|move|p1a: Emboar|Bulk Up|p1a: Emboar\n|-boost|p1a: Emboar|atk|1\n|-boost|p1a: Emboar|def|1\n|\n|-heal|p1a: Emboar|40/100|[from] item: Leftovers\n|-heal|p2a: Granbull|287/302|[from] item: Leftovers\n|upkeep\n|turn|27\n|inactive|Time left: 300 sec this turn | 300 sec total\n|\n|t:|1783552104\n|switch|p2a: Scizor|Scizor, L79, M|90/240 brn\n|-activate|p2a: Scizor|move: Sticky Web\n|-unboost|p2a: Scizor|spe|1\n|move|p1a: Emboar|Flare Blitz|p2a: Scizor\n|-supereffective|p2a: Scizor\n|-damage|p2a: Scizor|0 fnt\n|faint|p2a: Scizor\n|-damage|p1a: Emboar|30/100|[from] Recoil\n|\n|-heal|p1a: Emboar|37/100|[from] item: Leftovers\n|upkeep\n|inactive|Time left: 300 sec this turn | 300 sec total | 5 sec grace\n|\n|t:|1783552106\n|switch|p2a: Granbull|Granbull, L88, M|287/302\n|-activate|p2a: Granbull|move: Sticky Web\n|-unboost|p2a: Granbull|spe|1\n|-ability|p2a: Granbull|Intimidate|boost\n|-unboost|p1a: Emboar|atk|1\n|turn|28\n|inactive|Time left: 300 sec this turn | 300 sec total\n|\n|t:|1783552107\n|move|p1a: Emboar|Flare Blitz|p2a: Granbull\n|-damage|p2a: Granbull|95/302\n|-damage|p1a: Emboar|17/100|[from] Recoil\n|move|p2a: Granbull|Play Rough|p1a: Emboar\n|-damage|p1a: Emboar|0 fnt\n|faint|p1a: Emboar\n|\n|-heal|p2a: Granbull|113/302|[from] item: Leftovers\n|upkeep\n|\n|t:|1783552108\n|switch|p1a: Masquerain|Masquerain, L87, M|64/100\n|-ability|p1a: Masquerain|Intimidate|boost\n|-unboost|p2a: Granbull|atk|1\n|turn|29\n|inactive|Time left: 300 sec this turn | 300 sec total\n|\n|t:|1783552109\n|move|p1a: Masquerain|Hurricane|p2a: Granbull|[miss]\n|-miss|p1a: Masquerain|p2a: Granbull\n|move|p2a: Granbull|Play Rough|p1a: Masquerain\n|-damage|p1a: Masquerain|27/100\n|\n|-heal|p2a: Granbull|131/302|[from] item: Leftovers\n|upkeep\n|turn|30\n|inactive|Time left: 300 sec this turn | 300 sec total\n|\n|t:|1783552110\n|move|p1a: Masquerain|Hurricane|p2a: Granbull|[miss]\n|-miss|p1a: Masquerain|p2a: Granbull\n|move|p2a: Granbull|Play Rough|p1a: Masquerain\n|-damage|p1a: Masquerain|0 fnt\n|faint|p1a: Masquerain\n|\n|-heal|p2a: Granbull|149/302|[from] item: Leftovers\n|upkeep\n|\n|t:|1783552111\n|switch|p1a: Toxicroak|Toxicroak, L84, F|91/100\n|turn|31\n|inactive|Time left: 300 sec this turn | 300 sec total\n|\n|t:|1783552112\n|-terastallize|p1a: Toxicroak|Ground\n|move|p1a: Toxicroak|Earthquake|p2a: Granbull\n|-damage|p2a: Granbull|0 fnt\n|faint|p2a: Granbull\n|-damage|p1a: Toxicroak|81/100|[from] item: Life Orb\n|\n|upkeep\n|inactive|Time left: 300 sec this turn | 300 sec total | 5 sec grace\n|\n|t:|1783552113\n|switch|p2a: Poliwrath|Poliwrath, L88, M|302/302\n|-activate|p2a: Poliwrath|move: Sticky Web\n|-unboost|p2a: Poliwrath|spe|1\n|turn|32\n|inactive|Time left: 300 sec this turn | 300 sec total\n|\n|t:|1783552114\n|move|p1a: Toxicroak|Close Combat|p2a: Poliwrath\n|-damage|p2a: Poliwrath|145/302\n|-unboost|p1a: Toxicroak|def|1\n|-unboost|p1a: Toxicroak|spd|1\n|-damage|p1a: Toxicroak|71/100|[from] item: Life Orb\n|move|p2a: Poliwrath|Circle Throw|p1a: Toxicroak\n|-damage|p1a: Toxicroak|23/100\n|drag|p1a: Iron Bundle|Iron Bundle, L78|100/100\n|\n|upkeep\n|turn|33\n|inactive|Time left: 300 sec this turn | 300 sec total\n|\n|t:|1783552115\n|-end|p1a: Iron Bundle|Quark Drive|[silent]\n|switch|p1a: Misdreavus|Misdreavus, L90, F|1/100\n|-terastallize|p2a: Poliwrath|Fighting\n|move|p2a: Poliwrath|Knock Off|p1a: Misdreavus\n|-supereffective|p1a: Misdreavus\n|-damage|p1a: Misdreavus|0 fnt\n|-enditem|p1a: Misdreavus|Eviolite|[from] move: Knock Off|[of] p2a: Poliwrath\n|faint|p1a: Misdreavus\n|\n|upkeep\n|\n|t:|1783552116\n|switch|p1a: Toxicroak|Toxicroak, L84, F, tera:Ground|23/100\n|turn|34\n|inactive|Time left: 300 sec this turn | 300 sec total\n|\n|t:|1783552117\n|move|p1a: Toxicroak|Close Combat|p2a: Poliwrath\n|-damage|p2a: Poliwrath|0 fnt\n|-unboost|p1a: Toxicroak|def|1\n|-unboost|p1a: Toxicroak|spd|1\n|faint|p2a: Poliwrath\n|-damage|p1a: Toxicroak|13/100|[from] item: Life Orb\n|\n|win|p0x10509a35", "uploadtime": 1783552117, "views": 0, "rating": 0, "private": 0, "password": null, "_winner": "p0x10509a35", "_our_name": "p0y1050e24c"}