{"id": "battle-gen9randombattle-1026", "formatid": "gen9randombattle", "format": "[Gen 9] Random Battle", "players": ["p0x10260f45", "p0y1026fa6a"], "log": "|init|battle\n|title|p0x10260f45 vs. p0y1026fa6a\n|j|\u2606p0x10260f45\n|j|\u2606p0y1026fa6a\n|t:|1783551089\n|gametype|singles\n|player|p1|p0x10260f45|101|\n|player|p2|p0y1026fa6a|169|\n|gen|9\n|tier|[Gen 9] Random Battle\n|rule|Species Clause: Limit one of each Pok\u00e9mon\n|rule|HP Percentage Mod: HP is shown in percentages\n|rule|Sleep Clause Mod: Limit one foe put to sleep\n|rule|Illusion Level Mod: Illusion disguises the Pok\u00e9mon's true level\n|\n|t:|1783551089\n|teamsize|p1|6\n|teamsize|p2|6\n|start\n|switch|p1a: Giratina|Giratina-Origin, L72|335/335\n|switch|p2a: Houndstone|Houndstone, L86, F|100/100\n|turn|1\n|inactive|Battle timer is ON: inactive players will automatically lose when time's up. (requested by p0x10260f45)\n|inactive|p0y1026fa6a also wants the timer to be on.\n|\n|t:|1783551091\n|move|p1a: Giratina|Will-O-Wisp|p2a: Houndstone\n|-status|p2a: Houndstone|brn\n|move|p2a: Houndstone|Poltergeist|p1a: Giratina\n|-activate|p1a: Giratina|move: Poltergeist|Griseous Core\n|-supereffective|p1a: Giratina\n|-crit|p1a: Giratina\n|-damage|p1a: Giratina|146/335\n|\n|-damage|p2a: Houndstone|94/100 brn|[from] brn\n|upkeep\n|turn|2\n|inactive|Time left: 300 sec this turn | 300 sec total\n|\n|t:|1783551092\n|switch|p1a: Bellossom|Bellossom, L84, M|263/263\n|move|p2a: Houndstone|Poltergeist|p1a: Bellossom\n|-activate|p1a: Bellossom|move: Poltergeist|Leftovers\n|-damage|p1a: Bellossom|205/263\n|\n|-heal|p2a: Houndstone|100/100 brn|[from] item: Leftovers\n|-heal|p1a: Bellossom|221/263|[from] item: Leftovers\n|-damage|p2a: Houndstone|94/100 brn|[from] brn\n|upkeep\n|turn|3\n|inactive|Time left: 300 sec this turn | 300 sec total\n|\n|t:|1783551093\n|move|p2a: Houndstone|Rest|p2a: Houndstone\n|-status|p2a: Houndstone|slp|[from] move: Rest\n|-heal|p2a: Houndstone|100/100 slp|[silent]\n|move|p1a: Bellossom|Quiver Dance|p1a: Bellossom\n|-boost|p1a: Bellossom|spa|1\n|-boost|p1a: Bellossom|spd|1\n|-boost|p1a: Bellossom|spe|1\n|\n|-heal|p1a: Bellossom|237/263|[from] item: Leftovers\n|upkeep\n|turn|4\n|inactive|Time left: 300 sec this turn | 300 sec total\n|\n|t:|1783551094\n|switch|p2a: Milotic|Milotic, L83, M|100/100\n|move|p1a: Bellossom|Quiver Dance|p1a: Bellossom\n|-boost|p1a: Bellossom|spa|1\n|-boost|p1a: Bellossom|spd|1\n|-boost|p1a: Bellossom|spe|1\n|\n|-heal|p1a: Bellossom|253/263|[from] item: Leftovers\n|upkeep\n|turn|5\n|inactive|Time left: 300 sec this turn | 300 sec total\n|\n|t:|1783551095\n|move|p1a: Bellossom|Giga Drain|p2a: Milotic\n|-supereffective|p2a: Milotic\n|-damage|p2a: Milotic|24/100\n|-heal|p1a: Bellossom|263/263|[from] drain|[of] p2a: Milotic\n|move|p2a: Milotic|Dragon Tail|p1a: Bellossom\n|-damage|p1a: Bellossom|233/263\n|drag|p1a: Mew|Mew, L82|298/298\n|\n|-heal|p2a: Milotic|30/100|[from] item: Leftovers\n|upkeep\n|turn|6\n|inactive|Time left: 300 sec this turn | 300 sec total\n|\n|t:|1783551096\n|move|p1a: Mew|Psychic|p2a: Milotic\n|-damage|p2a: Milotic|0 fnt\n|faint|p2a: Milotic\n|-damage|p1a: Mew|269/298|[from] item: Life Orb\n|\n|upkeep\n|\n|t:|1783551097\n|switch|p2a: Suicune|Suicune, L82|100/100\n|-ability|p2a: Suicune|Pressure\n|turn|7\n|inactive|Time left: 300 sec this turn | 300 sec total\n|\n|t:|1783551098\n|move|p1a: Mew|Nasty Plot|p1a: Mew\n|-boost|p1a: Mew|spa|2\n|move|p2a: Suicune|Calm Mind|p2a: Suicune\n|-boost|p2a: Suicune|spa|1\n|-boost|p2a: Suicune|spd|1\n|\n|upkeep\n|turn|8\n|inactive|Time left: 300 sec this turn | 300 sec total\n|\n|t:|1783551099\n|move|p1a: Mew|Nasty Plot|p1a: Mew\n|-boost|p1a: Mew|spa|2\n|move|p2a: Suicune|Scald|p1a: Mew\n|-damage|p1a: Mew|160/298\n|\n|upkeep\n|turn|9\n|inactive|Time left: 300 sec this turn | 300 sec total\n|\n|t:|1783551101\n|move|p1a: Mew|Psychic|p2a: Suicune\n|-damage|p2a: Suicune|32/100\n|-damage|p1a: Mew|131/298|[from] item: Life Orb\n|move|p2a: Suicune|Scald|p1a: Mew\n|-damage|p1a: Mew|23/298\n|-status|p1a: Mew|brn\n|-activate|p1a: Mew|ability: Synchronize\n|-status|p2a: Suicune|brn\n|\n|-heal|p2a: Suicune|38/100 brn|[from] item: Leftovers\n|-damage|p1a: Mew|5/298 brn|[from] brn\n|-damage|p2a: Suicune|32/100 brn|[from] brn\n|upkeep\n|turn|10\n|inactive|Time left: 300 sec this turn | 300 sec total\n|\n|t:|1783551103\n|move|p2a: Suicune|Protect|p2a: Suicune\n|-singleturn|p2a: Suicune|Protect\n|move|p1a: Mew|Dark Pulse|p2a: Suicune\n|-activate|p2a: Suicune|move: Protect\n|\n|-heal|p2a: Suicune|38/100 brn|[from] item: Leftovers\n|-damage|p1a: Mew|0 fnt|[from] brn\n|faint|p1a: Mew\n|-damage|p2a: Suicune|32/100 brn|[from] brn\n|upkeep\n|inactive|Time left: 300 sec this turn | 300 sec total | 5 sec grace\n|\n|t:|1783551104\n|switch|p1a: Calyrex|Calyrex-Shadow, L64|235/235\n|-ability|p1a: Calyrex|As One\n|-ability|p1a: Calyrex|Unnerve\n|turn|11\n|inactive|Time left: 300 sec this turn | 300 sec total\n|\n|t:|1783551105\n|move|p1a: Calyrex|Astral Barrage|p2a: Suicune\n|-damage|p2a: Suicune|0 fnt\n|faint|p2a: Suicune\n|-ability|p1a: Calyrex|Grim Neigh|boost\n|-boost|p1a: Calyrex|spa|1\n|\n|upkeep\n|\n|t:|1783551105\n|switch|p2a: Dipplin|Dipplin, L88, F|100/100\n|turn|12\n|inactive|Time left: 300 sec this turn | 300 sec total\n|\n|t:|1783551107\n|-terastallize|p1a: Calyrex|Dark\n|move|p2a: Dipplin|Sucker Punch|p1a: Calyrex\n|-resisted|p1a: Calyrex\n|-damage|p1a: Calyrex|202/235\n|move|p1a: Calyrex|Astral Barrage|p2a: Dipplin\n|-damage|p2a: Dipplin|35/100\n|\n|upkeep\n|turn|13\n|inactive|Time left: 300 sec this turn | 300 sec total\n|\n|t:|1783551107\n|move|p2a: Dipplin|Sucker Punch|p1a: Calyrex\n|-resisted|p1a: Calyrex\n|-damage|p1a: Calyrex|169/235\n|move|p1a: Calyrex|Astral Barrage|p2a: Dipplin\n|-damage|p2a: Dipplin|0 fnt\n|faint|p2a: Dipplin\n|-ability|p1a: Calyrex|Grim Neigh|boost\n|-boost|p1a: Calyrex|spa|1\n|\n|upkeep\n|\n|t:|1783551108\n|switch|p2a: Zamazenta|Zamazenta, L71|100/100\n|-ability|p2a: Zamazenta|Dauntless Shield|boost\n|-boost|p2a: Zamazenta|def|1\n|turn|14\n|inactive|Time left: 300 sec this turn | 300 sec total\n|\n|t:|1783551109\n|move|p2a: Zamazenta|Body Press|p1a: Calyrex\n|-supereffective|p1a: Calyrex\n|-damage|p1a: Calyrex|0 fnt\n|faint|p1a: Calyrex\n|\n|upkeep\n|inactive|Time left: 300 sec this turn | 300 sec total | 5 sec grace\n|\n|t:|1783551110\n|switch|p1a: Bellossom|Bellossom, L84, M|233/263\n|turn|15\n|inactive|Time left: 300 sec this turn | 300 sec total\n|\n|t:|1783551111\n|move|p2a: Zamazenta|Iron Defense|p2a: Zamazenta\n|-boost|p2a: Zamazenta|def|2\n|move|p1a: Bellossom|Quiver Dance|p1a: Bellossom\n|-boost|p1a: Bellossom|spa|1\n|-boost|p1a: Bellossom|spd|1\n|-boost|p1a: Bellossom|spe|1\n|\n|-heal|p1a: Bellossom|249/263|[from] item: Leftovers\n|upkeep\n|turn|16\n|inactive|Time left: 300 sec this turn | 300 sec total\n|\n|t:|1783551112\n|move|p2a: Zamazenta|Iron Defense|p2a: Zamazenta\n|-boost|p2a: Zamazenta|def|2\n|move|p1a: Bellossom|Quiver Dance|p1a: Bellossom\n|-boost|p1a: Bellossom|spa|1\n|-boost|p1a: Bellossom|spd|1\n|-boost|p1a: Bellossom|spe|1\n|\n|-heal|p1a: Bellossom|263/263|[from] item: Leftovers\n|upkeep\n|turn|17\n|inactive|Time left: 300 sec this turn | 300 sec total\n|\n|t:|1783551113\n|-terastallize|p2a: Zamazenta|Fighting\n|move|p1a: Bellossom|Moonblast|p2a: Zamazenta\n|-supereffective|p2a: Zamazenta\n|-damage|p2a: Zamazenta|1/100\n|move|p2a: Zamazenta|Body Press|p1a: Bellossom\n|-damage|p1a: Bellossom|0 fnt\n|faint|p1a: Bellossom\n|\n|-heal|p2a: Zamazenta|7/100|[from] item: Leftovers\n|upkeep\n|inactive|Time left: 300 sec this turn | 300 sec total | 5 sec grace\n|\n|t:|1783551114\n|switch|p1a: Jumpluff|Jumpluff, L87, M|271/271\n|turn|18\n|inactive|Time left: 300 sec this turn | 300 sec total\n|\n|t:|1783551115\n|switch|p2a: Houndstone|Houndstone, L86, F|100/100 slp\n|move|p1a: Jumpluff|Acrobatics|p2a: Houndstone\n|-damage|p2a: Houndstone|87/100 slp\n|\n|-heal|p2a: Houndstone|93/100 slp|[from] item: Leftovers\n|upkeep\n|turn|19\n|inactive|Time left: 300 sec this turn | 300 sec total\n|\n|t:|1783551116\n|move|p1a: Jumpluff|Strength Sap|p2a: Houndstone\n|-unboost|p2a: Houndstone|atk|1\n|cant|p2a: Houndstone|slp\n|move|p2a: Houndstone|Sleep Talk|p2a: Houndstone\n|move|p2a: Houndstone|Body Press|p1a: Jumpluff|[from] move: Sleep Talk\n|-resisted|p1a: Jumpluff\n|-crit|p1a: Jumpluff\n|-damage|p1a: Jumpluff|219/271\n|\n|-heal|p2a: Houndstone|99/100 slp|[from] item: Leftovers\n|upkeep\n|turn|20\n|inactive|Time left: 300 sec this turn | 300 sec total\n|\n|t:|1783551117\n|move|p1a: Jumpluff|Strength Sap|p2a: Houndstone\n|-unboost|p2a: Houndstone|atk|1\n|-heal|p1a: Jumpluff|271/271\n|cant|p2a: Houndstone|slp\n|move|p2a: Houndstone|Sleep Talk|p2a: Houndstone\n|move|p2a: Houndstone|Poltergeist||[from] move: Sleep Talk|[still]\n|-fail|p2a: Houndstone\n|\n|-heal|p2a: Houndstone|100/100 slp|[from] item: Leftovers\n|upkeep\n|turn|21\n|inactive|Time left: 300 sec this turn | 300 sec total\n|\n|t:|1783551118\n|move|p1a: Jumpluff|Acrobatics|p2a: Houndstone\n|-damage|p2a: Houndstone|88/100 slp\n|-curestatus|p2a: Houndstone|slp|[msg]\n|move|p2a: Houndstone|Poltergeist||[still]\n|-fail|p2a: Houndstone\n|\n|-heal|p2a: Houndstone|94/100|[from] item: Leftovers\n|upkeep\n|turn|22\n|inactive|Time left: 300 sec this turn | 300 sec total\n|\n|t:|1783551119\n|move|p1a: Jumpluff|Acrobatics|p2a: Houndstone\n|-damage|p2a: Houndstone|80/100\n|move|p2a: Houndstone|Body Press|p1a: Jumpluff\n|-resisted|p1a: Jumpluff\n|-damage|p1a: Jumpluff|235/271\n|\n|-heal|p2a: Houndstone|86/100|[from] item: Leftovers\n|upkeep\n|turn|23\n|inactive|Time left: 300 sec this turn | 300 sec total\n|\n|t:|1783551119\n|switch|p2a: Zamazenta|Zamazenta, L71, tera:Fighting|7/100\n|move|p1a: Jumpluff|Acrobatics|p2a: Zamazenta\n|-supereffective|p2a: Zamazenta\n|-crit|p2a: Zamazenta\n|-damage|p2a: Zamazenta|0 fnt\n|faint|p2a: Zamazenta\n|\n|upkeep\n|\n|t:|1783551120\n|switch|p2a: Houndstone|Houndstone, L86, F|86/100\n|turn|24\n|inactive|Time left: 300 sec this turn | 300 sec total\n|\n|t:|1783551121\n|move|p1a: Jumpluff|Strength Sap|p2a: Houndstone\n|-unboost|p2a: Houndstone|atk|1\n|-heal|p1a: Jumpluff|271/271\n|move|p2a: Houndstone|Body Press|p1a: Jumpluff\n|-resisted|p1a: Jumpluff\n|-damage|p1a: Jumpluff|235/271\n|\n|-heal|p2a: Houndstone|92/100|[from] item: Leftovers\n|upkeep\n|turn|25\n|inactive|Time left: 300 sec this turn | 300 sec total\n|\n|t:|1783551122\n|move|p1a: Jumpluff|Strength Sap|p2a: Houndstone\n|-unboost|p2a: Houndstone|atk|1\n|-heal|p1a: Jumpluff|271/271\n|move|p2a: Houndstone|Body Press|p1a: Jumpluff\n|-resisted|p1a: Jumpluff\n|-damage|p1a: Jumpluff|235/271\n|\n|-heal|p2a: Houndstone|98/100|[from] item: Leftovers\n|upkeep\n|turn|26\n|inactive|Time left: 300 sec this turn | 300 sec total\n|\n|t:|1783551124\n|move|p1a: Jumpluff|Acrobatics|p2a: Houndstone\n|-damage|p2a: Houndstone|85/100\n|move|p2a: Houndstone|Poltergeist||[still]\n|-fail|p2a: Houndstone\n|\n|-heal|p2a: Houndstone|91/100|[from] item: Leftovers\n|upkeep\n|turn|27\n|inactive|Time left: 300 sec this turn | 300 sec total\n|\n|t:|1783551125\n|move|p1a: Jumpluff|Acrobatics|p2a: Houndstone\n|-damage|p2a: Houndstone|76/100\n|move|p2a: Houndstone|Poltergeist||[still]\n|-fail|p2a: Houndstone\n|\n|-heal|p2a: Houndstone|82/100|[from] item: Leftovers\n|upkeep\n|turn|28\n|inactive|Time left: 300 sec this turn | 300 sec total\n|\n|t:|1783551126\n|move|p1a: Jumpluff|Sleep Powder|p2a: Houndstone\n|-status|p2a: Houndstone|slp|[from] move: Sleep Powder\n|cant|p2a: Houndstone|slp\n|\n|-heal|p2a: Houndstone|88/100 slp|[from] item: Leftovers\n|upkeep\n|turn|29\n|inactive|Time left: 300 sec this turn | 300 sec total\n|\n|t:|1783551127\n|move|p1a: Jumpluff|U-turn|p2a: Houndstone\n|-resisted|p2a: Houndstone\n|-damage|p2a: Houndstone|86/100 slp\n|inactive|Time left: 300 sec this turn | 300 sec total | 5 sec grace\n|\n|t:|1783551128\n|switch|p1a: Giratina|Giratina-Origin, L72|146/335|[from] U-turn\n|cant|p2a: Houndstone|slp\n|move|p2a: Houndstone|Sleep Talk|p2a: Houndstone\n|move|p2a: Houndstone|Rest||[from] move: Sleep Talk|[still]\n|-fail|p2a: Houndstone\n|\n|-heal|p2a: Houndstone|92/100 slp|[from] item: Leftovers\n|upkeep\n|turn|30\n|inactive|Time left: 300 sec this turn | 300 sec total\n|\n|t:|1783551129\n|move|p1a: Giratina|Poltergeist|p2a: Houndstone|[miss]\n|-miss|p1a: Giratina|p2a: Houndstone\n|cant|p2a: Houndstone|slp\n|\n|-heal|p2a: Houndstone|98/100 slp|[from] item: Leftovers\n|upkeep\n|turn|31\n|inactive|Time left: 300 sec this turn | 300 sec total\n|\n|t:|1783551130\n|move|p1a: Giratina|Poltergeist|p2a: Houndstone\n|-activate|p2a: Houndstone|move: Poltergeist|Leftovers\n|-supereffective|p2a: Houndstone\n|-damage|p2a: Houndstone|16/100 slp\n|-curestatus|p2a: Houndstone|slp|[msg]\n|move|p2a: Houndstone|Poltergeist|p1a: Giratina\n|-activate|p1a: Giratina|move: Poltergeist|Griseous Core\n|-supereffective|p1a: Giratina\n|-damage|p1a: Giratina|12/335\n|\n|-heal|p2a: Houndstone|22/100|[from] item: Leftovers\n|upkeep\n|turn|32\n|inactive|Time left: 300 sec this turn | 300 sec total\n|\n|t:|1783551131\n|switch|p2a: Lilligant|Lilligant-Hisui, L79, F|100/100\n|move|p1a: Giratina|Poltergeist|p2a: Lilligant\n|-activate|p2a: Lilligant|move: Poltergeist|Life Orb\n|-damage|p2a: Lilligant|41/100\n|\n|upkeep\n|turn|33\n|inactive|Time left: 300 sec this turn | 300 sec total\n|\n|t:|1783551132\n|move|p2a: Lilligant|Sleep Powder|p1a: Giratina\n|-status|p1a: Giratina|slp|[from] move: Sleep Powder\n|cant|p1a: Giratina|slp\n|\n|upkeep\n|turn|34\n|inactive|Time left: 300 sec this turn | 300 sec total\n|\n|t:|1783551133\n|move|p2a: Lilligant|Victory Dance|p2a: Lilligant\n|-boost|p2a: Lilligant|atk|1\n|-boost|p2a: Lilligant|def|1\n|-boost|p2a: Lilligant|spe|1\n|cant|p1a: Giratina|slp\n|\n|upkeep\n|turn|35\n|inactive|Time left: 300 sec this turn | 300 sec total\n|\n|t:|1783551133\n|move|p2a: Lilligant|Victory Dance|p2a: Lilligant\n|-boost|p2a: Lilligant|atk|1\n|-boost|p2a: Lilligant|def|1\n|-boost|p2a: Lilligant|spe|1\n|-curestatus|p1a: Giratina|slp|[msg]\n|move|p1a: Giratina|Draco Meteor|p2a: Lilligant\n|-damage|p2a: Lilligant|0 fnt\n|-unboost|p1a: Giratina|spa|2\n|faint|p2a: Lilligant\n|\n|upkeep\n|\n|t:|1783551134\n|switch|p2a: Houndstone|Houndstone, L86, F|22/100\n|turn|36\n|inactive|Time left: 300 sec this turn | 300 sec total\n|\n|t:|1783551135\n|move|p1a: Giratina|Draco Meteor|p2a: Houndstone\n|-damage|p2a: Houndstone|0 fnt\n|-unboost|p1a: Giratina|spa|2\n|faint|p2a: Houndstone\n|\n|win|p0x10260f45", "uploadtime": 1783551135, "views": 0, "rating": 0, "private": 0, "password": null, "_winner": "p0x10260f45", "_our_name": "p0x10260f45"}