{"id": "battle-gen9randombattle-2305", "formatid": "gen9randombattle", "format": "[Gen 9] Random Battle", "players": ["p0x2305736d", "p0y2305f5a3"], "log": "|init|battle\n|title|p0x2305736d vs. p0y2305f5a3\n|j|\u2606p0x2305736d\n|j|\u2606p0y2305f5a3\n|t:|1783566754\n|gametype|singles\n|player|p1|p0x2305736d|170|\n|player|p2|p0y2305f5a3|1|\n|gen|9\n|tier|[Gen 9] Random Battle\n|rule|Species Clause: Limit one of each Pok\u00e9mon\n|rule|HP Percentage Mod: HP is shown in percentages\n|rule|Sleep Clause Mod: Limit one foe put to sleep\n|rule|Illusion Level Mod: Illusion disguises the Pok\u00e9mon's true level\n|\n|t:|1783566754\n|teamsize|p1|6\n|teamsize|p2|6\n|start\n|switch|p1a: Ursaluna|Ursaluna-Bloodmoon, L79, M|100/100\n|switch|p2a: Vigoroth|Vigoroth, L85, F|275/275\n|turn|1\n|inactive|Battle timer is ON: inactive players will automatically lose when time's up. (requested by p0y2305f5a3)\n|inactive|p0x2305736d also wants the timer to be on.\n|\n|t:|1783566756\n|move|p2a: Vigoroth|Bulk Up|p2a: Vigoroth\n|-boost|p2a: Vigoroth|atk|1\n|-boost|p2a: Vigoroth|def|1\n|move|p1a: Ursaluna|Calm Mind|p1a: Ursaluna\n|-boost|p1a: Ursaluna|spa|1\n|-boost|p1a: Ursaluna|spd|1\n|\n|upkeep\n|turn|2\n|inactive|Time left: 300 sec this turn | 300 sec total\n|\n|t:|1783566757\n|-terastallize|p2a: Vigoroth|Ghost\n|move|p2a: Vigoroth|Knock Off|p1a: Ursaluna\n|-damage|p1a: Ursaluna|77/100\n|-enditem|p1a: Ursaluna|Leftovers|[from] move: Knock Off|[of] p2a: Vigoroth\n|move|p1a: Ursaluna|Earth Power|p2a: Vigoroth\n|-damage|p2a: Vigoroth|118/275\n|\n|upkeep\n|turn|3\n|inactive|Time left: 300 sec this turn | 300 sec total\n|\n|t:|1783566758\n|move|p2a: Vigoroth|Slack Off|p2a: Vigoroth\n|-heal|p2a: Vigoroth|256/275\n|move|p1a: Ursaluna|Earth Power|p2a: Vigoroth\n|-damage|p2a: Vigoroth|112/275\n|\n|upkeep\n|turn|4\n|inactive|Time left: 300 sec this turn | 300 sec total\n|\n|t:|1783566759\n|move|p2a: Vigoroth|Slack Off|p2a: Vigoroth\n|-heal|p2a: Vigoroth|250/275\n|move|p1a: Ursaluna|Earth Power|p2a: Vigoroth\n|-damage|p2a: Vigoroth|97/275\n|\n|upkeep\n|turn|5\n|inactive|Time left: 300 sec this turn | 300 sec total\n|\n|t:|1783566760\n|move|p2a: Vigoroth|Slack Off|p2a: Vigoroth\n|-heal|p2a: Vigoroth|235/275\n|move|p1a: Ursaluna|Earth Power|p2a: Vigoroth\n|-damage|p2a: Vigoroth|78/275\n|\n|upkeep\n|turn|6\n|inactive|Time left: 300 sec this turn | 300 sec total\n|\n|t:|1783566761\n|move|p2a: Vigoroth|Slack Off|p2a: Vigoroth\n|-heal|p2a: Vigoroth|216/275\n|move|p1a: Ursaluna|Earth Power|p2a: Vigoroth\n|-damage|p2a: Vigoroth|68/275\n|\n|upkeep\n|turn|7\n|inactive|Time left: 300 sec this turn | 300 sec total\n|\n|t:|1783566762\n|move|p2a: Vigoroth|Slack Off|p2a: Vigoroth\n|-heal|p2a: Vigoroth|206/275\n|move|p1a: Ursaluna|Earth Power|p2a: Vigoroth\n|-damage|p2a: Vigoroth|47/275\n|\n|upkeep\n|turn|8\n|inactive|Time left: 300 sec this turn | 300 sec total\n|\n|t:|1783566763\n|move|p2a: Vigoroth|Slack Off|p2a: Vigoroth\n|-heal|p2a: Vigoroth|185/275\n|move|p1a: Ursaluna|Earth Power|p2a: Vigoroth\n|-damage|p2a: Vigoroth|44/275\n|\n|upkeep\n|turn|9\n|inactive|Time left: 300 sec this turn | 300 sec total\n|\n|t:|1783566765\n|move|p2a: Vigoroth|Slack Off|p2a: Vigoroth\n|-heal|p2a: Vigoroth|182/275\n|move|p1a: Ursaluna|Earth Power|p2a: Vigoroth\n|-damage|p2a: Vigoroth|28/275\n|\n|upkeep\n|turn|10\n|inactive|Time left: 300 sec this turn | 300 sec total\n|\n|t:|1783566766\n|move|p2a: Vigoroth|Body Slam|p1a: Ursaluna\n|-damage|p1a: Ursaluna|43/100\n|move|p1a: Ursaluna|Earth Power|p2a: Vigoroth\n|-crit|p2a: Vigoroth\n|-damage|p2a: Vigoroth|0 fnt\n|faint|p2a: Vigoroth\n|\n|upkeep\n|inactive|Time left: 300 sec this turn | 300 sec total | 5 sec grace\n|\n|t:|1783566767\n|switch|p2a: Perrserker|Perrserker, L89, M|269/269\n|turn|11\n|inactive|Time left: 300 sec this turn | 300 sec total\n|\n|t:|1783566768\n|move|p2a: Perrserker|Iron Head|p1a: Ursaluna\n|-damage|p1a: Ursaluna|0 fnt\n|faint|p1a: Ursaluna\n|-damage|p2a: Perrserker|243/269|[from] item: Life Orb\n|\n|upkeep\n|\n|t:|1783566769\n|switch|p1a: Infernape|Infernape, L82, M|100/100\n|turn|12\n|inactive|Time left: 300 sec this turn | 300 sec total\n|\n|t:|1783566771\n|switch|p2a: Dachsbun|Dachsbun, L92, M|254/254\n|move|p1a: Infernape|Close Combat|p2a: Dachsbun\n|-resisted|p2a: Dachsbun\n|-damage|p2a: Dachsbun|197/254\n|-unboost|p1a: Infernape|def|1\n|-unboost|p1a: Infernape|spd|1\n|-damage|p1a: Infernape|91/100|[from] item: Life Orb\n|\n|-heal|p2a: Dachsbun|212/254|[from] item: Leftovers\n|upkeep\n|turn|13\n|inactive|Time left: 300 sec this turn | 300 sec total\n|\n|t:|1783566772\n|switch|p1a: Wyrdeer|Wyrdeer, L87, F|100/100\n|-ability|p1a: Wyrdeer|Intimidate|boost\n|-unboost|p2a: Dachsbun|atk|1\n|move|p2a: Dachsbun|Play Rough|p1a: Wyrdeer\n|-damage|p1a: Wyrdeer|78/100\n|\n|-heal|p2a: Dachsbun|227/254|[from] item: Leftovers\n|upkeep\n|turn|14\n|inactive|Time left: 300 sec this turn | 300 sec total\n|\n|t:|1783566773\n|move|p2a: Dachsbun|Play Rough|p1a: Wyrdeer\n|-crit|p1a: Wyrdeer\n|-damage|p1a: Wyrdeer|24/100\n|move|p1a: Wyrdeer|Body Slam|p2a: Dachsbun\n|-damage|p2a: Dachsbun|148/254\n|\n|-heal|p2a: Dachsbun|163/254|[from] item: Leftovers\n|upkeep\n|turn|15\n|inactive|Time left: 300 sec this turn | 300 sec total\n|\n|t:|1783566774\n|switch|p1a: Polteageist|Polteageist, L78|100/100\n|move|p2a: Dachsbun|Wish|p2a: Dachsbun\n|\n|-heal|p2a: Dachsbun|178/254|[from] item: Leftovers\n|upkeep\n|turn|16\n|inactive|Time left: 300 sec this turn | 300 sec total\n|\n|t:|1783566775\n|switch|p2a: Perrserker|Perrserker, L89, M|243/269\n|move|p1a: Polteageist|Shell Smash|p1a: Polteageist\n|-unboost|p1a: Polteageist|def|1\n|-unboost|p1a: Polteageist|spd|1\n|-boost|p1a: Polteageist|atk|2\n|-boost|p1a: Polteageist|spa|2\n|-boost|p1a: Polteageist|spe|2\n|-enditem|p1a: Polteageist|White Herb\n|-clearnegativeboost|p1a: Polteageist|[silent]\n|\n|-heal|p2a: Perrserker|269/269|[from] move: Wish|[wisher] Dachsbun\n|upkeep\n|turn|17\n|inactive|Time left: 300 sec this turn | 300 sec total\n|\n|t:|1783566776\n|-terastallize|p1a: Polteageist|Fighting\n|move|p1a: Polteageist|Tera Blast|p2a: Perrserker|[anim] Tera Blast Fighting\n|-supereffective|p2a: Perrserker\n|-damage|p2a: Perrserker|0 fnt\n|faint|p2a: Perrserker\n|\n|upkeep\n|inactive|Time left: 300 sec this turn | 300 sec total | 5 sec grace\n|\n|t:|1783566777\n|switch|p2a: Dragalge|Dragalge, L88, M|258/258\n|turn|18\n|inactive|Time left: 300 sec this turn | 300 sec total\n|\n|t:|1783566778\n|move|p1a: Polteageist|Shadow Ball|p2a: Dragalge\n|-damage|p2a: Dragalge|110/258\n|move|p2a: Dragalge|Draco Meteor|p1a: Polteageist\n|-crit|p1a: Polteageist\n|-damage|p1a: Polteageist|0 fnt\n|-unboost|p2a: Dragalge|spa|2\n|faint|p1a: Polteageist\n|\n|-heal|p2a: Dragalge|126/258|[from] item: Leftovers\n|upkeep\n|\n|t:|1783566779\n|switch|p1a: Seviper|Seviper, L93, F|100/100\n|turn|19\n|inactive|Time left: 300 sec this turn | 300 sec total\n|\n|t:|1783566780\n|move|p1a: Seviper|Swords Dance|p1a: Seviper\n|-boost|p1a: Seviper|atk|2\n|move|p2a: Dragalge|Toxic Spikes|p1a: Seviper\n|-sidestart|p1: p0x2305736d|move: Toxic Spikes\n|\n|-heal|p2a: Dragalge|142/258|[from] item: Leftovers\n|upkeep\n|turn|20\n|inactive|Time left: 300 sec this turn | 300 sec total\n|\n|t:|1783566781\n|move|p1a: Seviper|Earthquake|p2a: Dragalge\n|-supereffective|p2a: Dragalge\n|-damage|p2a: Dragalge|0 fnt\n|faint|p2a: Dragalge\n|\n|upkeep\n|inactive|Time left: 300 sec this turn | 300 sec total | 5 sec grace\n|\n|t:|1783566783\n|switch|p2a: Bruxish|Bruxish, L85, F|254/254\n|turn|21\n|inactive|Time left: 300 sec this turn | 300 sec total\n|\n|t:|1783566784\n|switch|p1a: Wyrdeer|Wyrdeer, L87, F|24/100\n|-status|p1a: Wyrdeer|psn\n|-ability|p1a: Wyrdeer|Intimidate|boost\n|-unboost|p2a: Bruxish|atk|1\n|move|p2a: Bruxish|Psychic Fangs|p1a: Wyrdeer\n|-resisted|p1a: Wyrdeer\n|-damage|p1a: Wyrdeer|2/100 psn\n|-damage|p2a: Bruxish|229/254|[from] item: Life Orb\n|\n|-damage|p1a: Wyrdeer|0 fnt|[from] psn\n|faint|p1a: Wyrdeer\n|upkeep\n|\n|t:|1783566785\n|switch|p1a: Tatsugiri|Tatsugiri, L87, F|100/100\n|turn|22\n|inactive|Time left: 300 sec this turn | 300 sec total\n|\n|t:|1783566786\n|move|p2a: Bruxish|Psychic Fangs|p1a: Tatsugiri\n|-damage|p1a: Tatsugiri|37/100\n|-damage|p2a: Bruxish|204/254|[from] item: Life Orb\n|move|p1a: Tatsugiri|Rapid Spin|p2a: Bruxish\n|-damage|p2a: Bruxish|177/254\n|-boost|p1a: Tatsugiri|spe|1\n|-sideend|p1: p0x2305736d|Toxic Spikes|[from] move: Rapid Spin|[of] p1a: Tatsugiri\n|\n|upkeep\n|turn|23\n|inactive|Time left: 300 sec this turn | 300 sec total\n|\n|t:|1783566787\n|move|p1a: Tatsugiri|Draco Meteor|p2a: Bruxish\n|-damage|p2a: Bruxish|0 fnt\n|-unboost|p1a: Tatsugiri|spa|2\n|faint|p2a: Bruxish\n|\n|upkeep\n|inactive|Time left: 300 sec this turn | 300 sec total | 5 sec grace\n|\n|t:|1783566788\n|switch|p2a: Swalot|Swalot, L90, M|326/326\n|turn|24\n|inactive|Time left: 300 sec this turn | 300 sec total\n|\n|t:|1783566789\n|switch|p1a: Seviper|Seviper, L93, F|100/100\n|move|p2a: Swalot|Earthquake|p1a: Seviper\n|-supereffective|p1a: Seviper\n|-damage|p1a: Seviper|45/100\n|\n|-heal|p1a: Seviper|51/100|[from] item: Leftovers\n|upkeep\n|turn|25\n|inactive|Time left: 300 sec this turn | 300 sec total\n|\n|t:|1783566790\n|move|p1a: Seviper|Earthquake|p2a: Swalot\n|-supereffective|p2a: Swalot\n|-damage|p2a: Swalot|166/326\n|move|p2a: Swalot|Earthquake|p1a: Seviper\n|-supereffective|p1a: Seviper\n|-damage|p1a: Seviper|0 fnt\n|faint|p1a: Seviper\n|\n|-heal|p2a: Swalot|186/326|[from] item: Leftovers\n|upkeep\n|\n|t:|1783566792\n|switch|p1a: Tatsugiri|Tatsugiri, L87, F|37/100\n|turn|26\n|inactive|Time left: 300 sec this turn | 300 sec total\n|\n|t:|1783566793\n|switch|p2a: Dachsbun|Dachsbun, L92, M|178/254\n|move|p1a: Tatsugiri|Hydro Pump|p2a: Dachsbun|[miss]\n|-miss|p1a: Tatsugiri|p2a: Dachsbun\n|\n|-heal|p2a: Dachsbun|193/254|[from] item: Leftovers\n|upkeep\n|turn|27\n|inactive|Time left: 300 sec this turn | 300 sec total\n|\n|t:|1783566794\n|move|p2a: Dachsbun|Play Rough|p1a: Tatsugiri\n|-supereffective|p1a: Tatsugiri\n|-damage|p1a: Tatsugiri|0 fnt\n|faint|p1a: Tatsugiri\n|\n|-heal|p2a: Dachsbun|208/254|[from] item: Leftovers\n|upkeep\n|\n|t:|1783566795\n|switch|p1a: Infernape|Infernape, L82, M|91/100\n|turn|28\n|inactive|Time left: 300 sec this turn | 300 sec total\n|\n|t:|1783566796\n|move|p2a: Dachsbun|Play Rough|p1a: Infernape|[miss]\n|-miss|p2a: Dachsbun|p1a: Infernape\n|move|p1a: Infernape|Gunk Shot|p2a: Dachsbun\n|-supereffective|p2a: Dachsbun\n|-crit|p2a: Dachsbun\n|-damage|p2a: Dachsbun|0 fnt\n|faint|p2a: Dachsbun\n|-damage|p1a: Infernape|81/100|[from] item: Life Orb\n|\n|upkeep\n|inactive|Time left: 300 sec this turn | 300 sec total | 5 sec grace\n|\n|t:|1783566797\n|switch|p2a: Swalot|Swalot, L90, M|186/326\n|turn|29\n|inactive|Time left: 300 sec this turn | 300 sec total\n|\n|t:|1783566798\n|move|p1a: Infernape|Gunk Shot|p2a: Swalot\n|-resisted|p2a: Swalot\n|-damage|p2a: Swalot|134/326\n|-damage|p1a: Infernape|72/100|[from] item: Life Orb\n|move|p2a: Swalot|Thunder Wave|p1a: Infernape\n|-status|p1a: Infernape|par\n|\n|-heal|p2a: Swalot|154/326|[from] item: Leftovers\n|upkeep\n|turn|30\n|inactive|Time left: 300 sec this turn | 300 sec total\n|\n|t:|1783566800\n|move|p2a: Swalot|Knock Off|p1a: Infernape\n|-resisted|p1a: Infernape\n|-damage|p1a: Infernape|56/100 par\n|-enditem|p1a: Infernape|Life Orb|[from] move: Knock Off|[of] p2a: Swalot\n|move|p1a: Infernape|Close Combat|p2a: Swalot\n|-resisted|p2a: Swalot\n|-damage|p2a: Swalot|89/326\n|-unboost|p1a: Infernape|def|1\n|-unboost|p1a: Infernape|spd|1\n|\n|-heal|p2a: Swalot|109/326|[from] item: Leftovers\n|upkeep\n|turn|31\n|inactive|Time left: 300 sec this turn | 300 sec total\n|\n|t:|1783566801\n|move|p2a: Swalot|Sludge Bomb|p1a: Infernape\n|-damage|p1a: Infernape|0 fnt\n|faint|p1a: Infernape\n|\n|win|p0y2305f5a3", "uploadtime": 1783566801, "views": 0, "rating": 0, "private": 0, "password": null, "_winner": "p0y2305f5a3", "_our_name": "p0y2305f5a3"}