{"id": "battle-gen9randombattle-55", "formatid": "gen9randombattle", "format": "[Gen 9] Random Battle", "players": ["p0x05573da", "p0y05529d5"], "log": "|init|battle\n|title|p0x05573da vs. p0y05529d5\n|j|\u2606p0x05573da\n|j|\u2606p0y05529d5\n|t:|1783540083\n|gametype|singles\n|player|p1|p0x05573da|170|\n|player|p2|p0y05529d5|1|\n|gen|9\n|tier|[Gen 9] Random Battle\n|rule|Species Clause: Limit one of each Pok\u00e9mon\n|rule|HP Percentage Mod: HP is shown in percentages\n|rule|Sleep Clause Mod: Limit one foe put to sleep\n|rule|Illusion Level Mod: Illusion disguises the Pok\u00e9mon's true level\n|\n|t:|1783540083\n|teamsize|p1|6\n|teamsize|p2|6\n|start\n|switch|p1a: Sawsbuck|Sawsbuck-Summer, L88, F|284/284\n|switch|p2a: Skeledirge|Skeledirge, L79, M|100/100\n|turn|1\n|inactive|Battle timer is ON: inactive players will automatically lose when time's up. (requested by p0y05529d5)\n|inactive|Time left: 300 sec this turn | 300 sec total | 60 sec grace\n|inactive|p0x05573da also wants the timer to be on.\n|\n|t:|1783540085\n|move|p1a: Sawsbuck|Swords Dance|p1a: Sawsbuck\n|-boost|p1a: Sawsbuck|atk|2\n|move|p2a: Skeledirge|Torch Song|p1a: Sawsbuck\n|-supereffective|p1a: Sawsbuck\n|-damage|p1a: Sawsbuck|96/284\n|-boost|p2a: Skeledirge|spa|1\n|\n|upkeep\n|turn|2\n|inactive|Time left: 300 sec this turn | 300 sec total\n|\n|t:|1783540086\n|move|p1a: Sawsbuck|High Horsepower|p2a: Skeledirge\n|-supereffective|p2a: Skeledirge\n|-damage|p2a: Skeledirge|41/100\n|-damage|p1a: Sawsbuck|68/284|[from] item: Life Orb\n|move|p2a: Skeledirge|Torch Song|p1a: Sawsbuck\n|-supereffective|p1a: Sawsbuck\n|-damage|p1a: Sawsbuck|0 fnt\n|-boost|p2a: Skeledirge|spa|1\n|faint|p1a: Sawsbuck\n|\n|upkeep\n|inactive|Time left: 300 sec this turn | 300 sec total | 5 sec grace\n|\n|t:|1783540087\n|switch|p1a: Dodrio|Dodrio, L85, M|241/241\n|turn|3\n|inactive|Time left: 300 sec this turn | 300 sec total\n|\n|t:|1783540088\n|move|p1a: Dodrio|Brave Bird|p2a: Skeledirge\n|-damage|p2a: Skeledirge|0 fnt\n|faint|p2a: Skeledirge\n|-damage|p1a: Dodrio|201/241|[from] Recoil\n|\n|upkeep\n|\n|t:|1783540089\n|switch|p2a: Haxorus|Haxorus, L77, M|100/100\n|-ability|p2a: Haxorus|Mold Breaker\n|turn|4\n|inactive|Time left: 300 sec this turn | 300 sec total\n|\n|t:|1783540091\n|move|p1a: Dodrio|Brave Bird|p2a: Haxorus\n|-damage|p2a: Haxorus|13/100\n|-damage|p1a: Dodrio|130/241|[from] Recoil\n|move|p2a: Haxorus|Outrage|p1a: Dodrio\n|-damage|p1a: Dodrio|0 fnt\n|faint|p1a: Dodrio\n|\n|upkeep\n|inactive|Time left: 300 sec this turn | 300 sec total | 5 sec grace\n|\n|t:|1783540092\n|switch|p1a: Morpeko|Morpeko, L88, M|245/245\n|turn|5\n|inactive|Time left: 300 sec this turn | 300 sec total\n|\n|t:|1783540093\n|move|p1a: Morpeko|Aura Wheel|p2a: Haxorus\n|-resisted|p2a: Haxorus\n|-damage|p2a: Haxorus|0 fnt\n|-boost|p1a: Morpeko|spe|1\n|faint|p2a: Haxorus\n|\n|-formechange|p1a: Morpeko|Morpeko-Hangry||[from] ability: Hunger Switch\n|upkeep\n|\n|t:|1783540094\n|switch|p2a: Hitmontop|Hitmontop, L88, M|100/100\n|-ability|p2a: Hitmontop|Intimidate|boost\n|-unboost|p1a: Morpeko|atk|1\n|turn|6\n|inactive|Time left: 300 sec this turn | 300 sec total\n|\n|t:|1783540095\n|move|p1a: Morpeko|Parting Shot|p2a: Hitmontop\n|-unboost|p2a: Hitmontop|atk|1\n|-unboost|p2a: Hitmontop|spa|1\n|inactive|Time left: 300 sec this turn | 300 sec total | 5 sec grace\n|\n|t:|1783540096\n|switch|p1a: Vileplume|Vileplume, L85, M|266/266|[from] Parting Shot\n|move|p2a: Hitmontop|Earthquake|p1a: Vileplume\n|-damage|p1a: Vileplume|216/266\n|\n|-heal|p1a: Vileplume|232/266|[from] item: Leftovers\n|upkeep\n|turn|7\n|inactive|Time left: 300 sec this turn | 300 sec total\n|\n|t:|1783540097\n|switch|p2a: Venusaur|Venusaur, L84, F|100/100\n|move|p1a: Vileplume|Sludge Bomb|p2a: Venusaur\n|-damage|p2a: Venusaur|62/100\n|\n|-heal|p2a: Venusaur|68/100|[from] item: Leftovers\n|-heal|p1a: Vileplume|248/266|[from] item: Leftovers\n|upkeep\n|turn|8\n|inactive|Time left: 300 sec this turn | 300 sec total\n|\n|t:|1783540098\n|move|p2a: Venusaur|Sludge Bomb|p1a: Vileplume\n|-damage|p1a: Vileplume|155/266\n|move|p1a: Vileplume|Sludge Bomb|p2a: Venusaur\n|-damage|p2a: Venusaur|31/100\n|\n|-heal|p2a: Venusaur|38/100|[from] item: Leftovers\n|-heal|p1a: Vileplume|171/266|[from] item: Leftovers\n|upkeep\n|turn|9\n|inactive|Time left: 300 sec this turn | 300 sec total\n|\n|t:|1783540100\n|move|p2a: Venusaur|Synthesis|p2a: Venusaur\n|-heal|p2a: Venusaur|88/100\n|move|p1a: Vileplume|Strength Sap|p2a: Venusaur\n|-unboost|p2a: Venusaur|atk|1\n|-heal|p1a: Vileplume|266/266\n|\n|-heal|p2a: Venusaur|94/100|[from] item: Leftovers\n|upkeep\n|turn|10\n|inactive|Time left: 300 sec this turn | 300 sec total\n|\n|t:|1783540101\n|move|p2a: Venusaur|Sludge Bomb|p1a: Vileplume\n|-damage|p1a: Vileplume|166/266\n|move|p1a: Vileplume|Strength Sap|p2a: Venusaur\n|-unboost|p2a: Venusaur|atk|1\n|-heal|p1a: Vileplume|260/266\n|\n|-heal|p2a: Venusaur|99/100|[from] item: Leftovers\n|-heal|p1a: Vileplume|266/266|[from] item: Leftovers\n|upkeep\n|turn|11\n|inactive|Time left: 300 sec this turn | 300 sec total\n|\n|t:|1783540102\n|switch|p2a: Hitmontop|Hitmontop, L88, M|100/100\n|-ability|p2a: Hitmontop|Intimidate|boost\n|-unboost|p1a: Vileplume|atk|1\n|move|p1a: Vileplume|Sludge Bomb|p2a: Hitmontop\n|-damage|p2a: Hitmontop|75/100\n|-status|p2a: Hitmontop|psn\n|\n|-damage|p2a: Hitmontop|62/100 psn|[from] psn\n|upkeep\n|turn|12\n|inactive|Time left: 300 sec this turn | 300 sec total\n|\n|t:|1783540103\n|switch|p2a: Venusaur|Venusaur, L84, F|99/100\n|move|p1a: Vileplume|Leech Seed|p2a: Venusaur\n|-immune|p2a: Venusaur\n|\n|-heal|p2a: Venusaur|100/100|[from] item: Leftovers\n|upkeep\n|turn|13\n|inactive|Time left: 300 sec this turn | 300 sec total\n|\n|t:|1783540104\n|move|p2a: Venusaur|Energy Ball|p1a: Vileplume\n|-resisted|p1a: Vileplume\n|-damage|p1a: Vileplume|242/266\n|move|p1a: Vileplume|Strength Sap|p2a: Venusaur\n|-unboost|p2a: Venusaur|atk|1\n|-heal|p1a: Vileplume|266/266\n|\n|upkeep\n|turn|14\n|inactive|Time left: 300 sec this turn | 300 sec total\n|\n|t:|1783540105\n|switch|p1a: Flareon|Flareon, L90, F|263/263\n|move|p2a: Venusaur|Energy Ball|p1a: Flareon\n|-resisted|p1a: Flareon\n|-damage|p1a: Flareon|224/263\n|\n|-status|p1a: Flareon|tox|[from] item: Toxic Orb\n|upkeep\n|turn|15\n|inactive|Time left: 300 sec this turn | 300 sec total\n|\n|t:|1783540107\n|move|p2a: Venusaur|Sludge Bomb|p1a: Flareon\n|-damage|p1a: Flareon|143/263 tox\n|move|p1a: Flareon|Facade|p2a: Venusaur\n|-damage|p2a: Venusaur|19/100\n|\n|-heal|p2a: Venusaur|25/100|[from] item: Leftovers\n|-damage|p1a: Flareon|127/263 tox|[from] psn\n|upkeep\n|turn|16\n|inactive|Time left: 300 sec this turn | 300 sec total\n|\n|t:|1783540108\n|move|p2a: Venusaur|Energy Ball|p1a: Flareon\n|-resisted|p1a: Flareon\n|-damage|p1a: Flareon|68/263 tox\n|move|p1a: Flareon|Facade|p2a: Venusaur\n|-damage|p2a: Venusaur|0 fnt\n|faint|p2a: Venusaur\n|\n|-damage|p1a: Flareon|36/263 tox|[from] psn\n|upkeep\n|\n|t:|1783540109\n|switch|p2a: Ho-Oh|Ho-Oh, L71|100/100\n|turn|17\n|inactive|Time left: 300 sec this turn | 300 sec total\n|\n|t:|1783540110\n|move|p1a: Flareon|Quick Attack|p2a: Ho-Oh\n|-damage|p2a: Ho-Oh|74/100\n|move|p2a: Ho-Oh|Sacred Fire|p1a: Flareon\n|-resisted|p1a: Flareon\n|-damage|p1a: Flareon|0 fnt\n|faint|p1a: Flareon\n|\n|upkeep\n|inactive|Time left: 300 sec this turn | 300 sec total | 5 sec grace\n|\n|t:|1783540111\n|switch|p1a: Morpeko|Morpeko, L88, M|245/245\n|turn|18\n|inactive|Time left: 300 sec this turn | 300 sec total\n|\n|t:|1783540112\n|switch|p2a: Sawsbuck|Sawsbuck-Autumn, L88, F|100/100\n|move|p1a: Morpeko|Parting Shot|p2a: Sawsbuck\n|-unboost|p2a: Sawsbuck|atk|1\n|-unboost|p2a: Sawsbuck|spa|1\n|inactive|Time left: 300 sec this turn | 300 sec total | 5 sec grace\n|\n|t:|1783540113\n|switch|p1a: Vileplume|Vileplume, L85, M|266/266|[from] Parting Shot\n|\n|upkeep\n|turn|19\n|inactive|Time left: 300 sec this turn | 300 sec total\n|\n|t:|1783540114\n|switch|p2a: Ho-Oh|Ho-Oh, L71|100/100\n|move|p1a: Vileplume|Sludge Bomb|p2a: Ho-Oh\n|-damage|p2a: Ho-Oh|71/100\n|\n|upkeep\n|turn|20\n|inactive|Time left: 300 sec this turn | 300 sec total\n|\n|t:|1783540115\n|move|p2a: Ho-Oh|Sacred Fire|p1a: Vileplume\n|-supereffective|p1a: Vileplume\n|-damage|p1a: Vileplume|60/266\n|move|p1a: Vileplume|Strength Sap|p2a: Ho-Oh\n|-unboost|p2a: Ho-Oh|atk|1\n|-heal|p1a: Vileplume|266/266\n|\n|upkeep\n|turn|21\n|inactive|Time left: 300 sec this turn | 300 sec total\n|\n|t:|1783540116\n|move|p2a: Ho-Oh|Sacred Fire|p1a: Vileplume|[miss]\n|-miss|p2a: Ho-Oh|p1a: Vileplume\n|move|p1a: Vileplume|Sludge Bomb|p2a: Ho-Oh\n|-damage|p2a: Ho-Oh|40/100\n|-status|p2a: Ho-Oh|psn\n|\n|-damage|p2a: Ho-Oh|27/100 psn|[from] psn\n|upkeep\n|turn|22\n|inactive|Time left: 300 sec this turn | 300 sec total\n|\n|t:|1783540117\n|move|p2a: Ho-Oh|Recover|p2a: Ho-Oh\n|-heal|p2a: Ho-Oh|77/100 psn\n|move|p1a: Vileplume|Sludge Bomb|p2a: Ho-Oh\n|-damage|p2a: Ho-Oh|44/100 psn\n|\n|-damage|p2a: Ho-Oh|31/100 psn|[from] psn\n|upkeep\n|turn|23\n|inactive|Time left: 300 sec this turn | 300 sec total\n|\n|t:|1783540119\n|move|p2a: Ho-Oh|Recover|p2a: Ho-Oh\n|-heal|p2a: Ho-Oh|81/100 psn\n|move|p1a: Vileplume|Sludge Bomb|p2a: Ho-Oh\n|-damage|p2a: Ho-Oh|49/100 psn\n|\n|-damage|p2a: Ho-Oh|36/100 psn|[from] psn\n|upkeep\n|turn|24\n|inactive|Time left: 300 sec this turn | 300 sec total\n|\n|t:|1783540120\n|switch|p2a: Hitmontop|Hitmontop, L88, M|62/100 psn\n|-ability|p2a: Hitmontop|Intimidate|boost\n|-unboost|p1a: Vileplume|atk|1\n|move|p1a: Vileplume|Sludge Bomb|p2a: Hitmontop\n|-damage|p2a: Hitmontop|39/100 psn\n|\n|-damage|p2a: Hitmontop|26/100 psn|[from] psn\n|upkeep\n|turn|25\n|inactive|Time left: 300 sec this turn | 300 sec total\n|\n|t:|1783540121\n|switch|p2a: Ho-Oh|Ho-Oh, L71|70/100 psn\n|move|p1a: Vileplume|Sludge Bomb|p2a: Ho-Oh\n|-damage|p2a: Ho-Oh|41/100 psn\n|\n|-damage|p2a: Ho-Oh|29/100 psn|[from] psn\n|upkeep\n|turn|26\n|inactive|Time left: 300 sec this turn | 300 sec total\n|\n|t:|1783540122\n|switch|p1a: Morpeko|Morpeko, L88, M|245/245\n|move|p2a: Ho-Oh|Recover|p2a: Ho-Oh\n|-heal|p2a: Ho-Oh|79/100 psn\n|\n|-damage|p2a: Ho-Oh|67/100 psn|[from] psn\n|-formechange|p1a: Morpeko|Morpeko-Hangry||[from] ability: Hunger Switch\n|upkeep\n|turn|27\n|inactive|Time left: 300 sec this turn | 300 sec total\n|\n|t:|1783540123\n|move|p1a: Morpeko|Aura Wheel|p2a: Ho-Oh\n|-damage|p2a: Ho-Oh|8/100 psn\n|-boost|p1a: Morpeko|spe|1\n|move|p2a: Ho-Oh|Sacred Fire|p1a: Morpeko\n|-damage|p1a: Morpeko|116/245\n|-status|p1a: Morpeko|brn\n|\n|-damage|p2a: Ho-Oh|0 fnt|[from] psn\n|faint|p2a: Ho-Oh\n|-damage|p1a: Morpeko|101/245 brn|[from] brn\n|-formechange|p1a: Morpeko|Morpeko||[from] ability: Hunger Switch\n|upkeep\n|\n|t:|1783540124\n|switch|p2a: Sawsbuck|Sawsbuck-Autumn, L88, F|100/100\n|turn|28\n|inactive|Time left: 300 sec this turn | 300 sec total\n|\n|t:|1783540125\n|move|p1a: Morpeko|Parting Shot|p2a: Sawsbuck\n|-unboost|p2a: Sawsbuck|atk|1\n|-unboost|p2a: Sawsbuck|spa|1\n|inactive|Time left: 300 sec this turn | 300 sec total | 5 sec grace\n|\n|t:|1783540126\n|switch|p1a: Vileplume|Vileplume, L85, M|266/266|[from] Parting Shot\n|move|p2a: Sawsbuck|Swords Dance|p2a: Sawsbuck\n|-boost|p2a: Sawsbuck|atk|2\n|\n|upkeep\n|turn|29\n|inactive|Time left: 300 sec this turn | 300 sec total\n|\n|t:|1783540127\n|move|p2a: Sawsbuck|Headbutt|p1a: Vileplume\n|-damage|p1a: Vileplume|89/266\n|-damage|p2a: Sawsbuck|91/100|[from] item: Life Orb\n|move|p1a: Vileplume|Sludge Bomb|p2a: Sawsbuck\n|-supereffective|p2a: Sawsbuck\n|-damage|p2a: Sawsbuck|4/100\n|\n|-heal|p1a: Vileplume|105/266|[from] item: Leftovers\n|upkeep\n|turn|30\n|inactive|Time left: 300 sec this turn | 300 sec total\n|\n|t:|1783540128\n|move|p2a: Sawsbuck|Horn Leech|p1a: Vileplume\n|-resisted|p1a: Vileplume\n|-damage|p1a: Vileplume|60/266\n|-heal|p2a: Sawsbuck|12/100|[from] drain|[of] p1a: Vileplume\n|-damage|p2a: Sawsbuck|2/100|[from] item: Life Orb\n|move|p1a: Vileplume|Giga Drain|p2a: Sawsbuck\n|-resisted|p2a: Sawsbuck\n|-damage|p2a: Sawsbuck|0 fnt\n|-heal|p1a: Vileplume|63/266|[from] drain|[of] p2a: Sawsbuck\n|faint|p2a: Sawsbuck\n|\n|-heal|p1a: Vileplume|79/266|[from] item: Leftovers\n|upkeep\n|\n|t:|1783540129\n|switch|p2a: Hitmontop|Hitmontop, L88, M|26/100 psn\n|-ability|p2a: Hitmontop|Intimidate|boost\n|-unboost|p1a: Vileplume|atk|1\n|turn|31\n|inactive|Time left: 300 sec this turn | 300 sec total\n|\n|t:|1783540130\n|move|p2a: Hitmontop|Earthquake|p1a: Vileplume\n|-damage|p1a: Vileplume|0 fnt\n|faint|p1a: Vileplume\n|\n|-damage|p2a: Hitmontop|14/100 psn|[from] psn\n|upkeep\n|inactive|Time left: 300 sec this turn | 300 sec total | 5 sec grace\n|\n|t:|1783540131\n|switch|p1a: Morpeko|Morpeko, L88, M|101/245 brn\n|turn|32\n|inactive|Time left: 300 sec this turn | 300 sec total\n|\n|t:|1783540131\n|move|p1a: Morpeko|Parting Shot|p2a: Hitmontop\n|-unboost|p2a: Hitmontop|atk|1\n|-unboost|p2a: Hitmontop|spa|1\n|inactive|Time left: 300 sec this turn | 300 sec total | 5 sec grace\n|\n|t:|1783540132\n|switch|p1a: Gholdengo|Gholdengo, L77|261/261|[from] Parting Shot\n|move|p2a: Hitmontop|Rapid Spin|p1a: Gholdengo\n|-immune|p1a: Gholdengo\n|\n|-damage|p2a: Hitmontop|2/100 psn|[from] psn\n|upkeep\n|turn|33\n|inactive|Time left: 300 sec this turn | 300 sec total\n|\n|t:|1783540133\n|-terastallize|p1a: Gholdengo|Dark\n|move|p1a: Gholdengo|Recover||[still]\n|-fail|p1a: Gholdengo|heal\n|move|p2a: Hitmontop|Stone Edge|p1a: Gholdengo|[miss]\n|-miss|p2a: Hitmontop|p1a: Gholdengo\n|\n|-damage|p2a: Hitmontop|0 fnt|[from] psn\n|faint|p2a: Hitmontop\n|\n|win|p0x05573da", "uploadtime": 1783540133, "views": 0, "rating": 0, "private": 0, "password": null, "_winner": "p0x05573da", "_our_name": "p0x05573da"}