{"id": "battle-gen9randombattle-1660", "formatid": "gen9randombattle", "format": "[Gen 9] Random Battle", "players": ["p0x166050f9", "p0y16600d53"], "log": "|init|battle\n|title|p0x166050f9 vs. p0y16600d53\n|j|\u2606p0x166050f9\n|j|\u2606p0y16600d53\n|t:|1783559211\n|gametype|singles\n|player|p1|p0x166050f9|169|\n|player|p2|p0y16600d53|266|\n|gen|9\n|tier|[Gen 9] Random Battle\n|rule|Species Clause: Limit one of each Pok\u00e9mon\n|rule|HP Percentage Mod: HP is shown in percentages\n|rule|Sleep Clause Mod: Limit one foe put to sleep\n|rule|Illusion Level Mod: Illusion disguises the Pok\u00e9mon's true level\n|\n|t:|1783559211\n|teamsize|p1|6\n|teamsize|p2|6\n|start\n|switch|p1a: Mismagius|Mismagius, L86, M|100/100\n|switch|p2a: Crawdaunt|Crawdaunt, L84, F|243/243\n|turn|1\n|inactive|Battle timer is ON: inactive players will automatically lose when time's up. (requested by p0x166050f9)\n|inactive|Time left: 300 sec this turn | 300 sec total | 60 sec grace\n|\n|t:|1783559213\n|-terastallize|p1a: Mismagius|Electric\n|move|p1a: Mismagius|Thunderbolt|p2a: Crawdaunt\n|-supereffective|p2a: Crawdaunt\n|-damage|p2a: Crawdaunt|0 fnt\n|faint|p2a: Crawdaunt\n|\n|upkeep\n|inactive|Time left: 300 sec this turn | 300 sec total | 65 sec grace\n|inactive|p0y16600d53 also wants the timer to be on.\n|\n|t:|1783559214\n|switch|p2a: Leafeon|Leafeon, L88, F|258/258\n|turn|2\n|inactive|Time left: 300 sec this turn | 300 sec total\n|\n|t:|1783559215\n|move|p1a: Mismagius|Nasty Plot|p1a: Mismagius\n|-boost|p1a: Mismagius|spa|2\n|move|p2a: Leafeon|Swords Dance|p2a: Leafeon\n|-boost|p2a: Leafeon|atk|2\n|\n|upkeep\n|turn|3\n|inactive|Time left: 300 sec this turn | 300 sec total\n|\n|t:|1783559216\n|move|p1a: Mismagius|Substitute|p1a: Mismagius\n|-start|p1a: Mismagius|Substitute\n|-damage|p1a: Mismagius|76/100\n|move|p2a: Leafeon|Leaf Blade|p1a: Mismagius\n|-end|p1a: Mismagius|Substitute\n|\n|-heal|p1a: Mismagius|82/100|[from] item: Leftovers\n|upkeep\n|turn|4\n|inactive|Time left: 300 sec this turn | 300 sec total\n|\n|t:|1783559217\n|move|p1a: Mismagius|Substitute|p1a: Mismagius\n|-start|p1a: Mismagius|Substitute\n|-damage|p1a: Mismagius|57/100\n|move|p2a: Leafeon|Leaf Blade|p1a: Mismagius\n|-end|p1a: Mismagius|Substitute\n|\n|-heal|p1a: Mismagius|63/100|[from] item: Leftovers\n|upkeep\n|turn|5\n|inactive|Time left: 300 sec this turn | 300 sec total\n|\n|t:|1783559218\n|move|p1a: Mismagius|Shadow Ball|p2a: Leafeon\n|-damage|p2a: Leafeon|50/258\n|move|p2a: Leafeon|Leaf Blade|p1a: Mismagius\n|-damage|p1a: Mismagius|0 fnt\n|faint|p1a: Mismagius\n|\n|-heal|p2a: Leafeon|66/258|[from] item: Leftovers\n|upkeep\n|\n|t:|1783559219\n|switch|p1a: Slaking|Slaking, L84, F|100/100\n|turn|6\n|inactive|Time left: 300 sec this turn | 300 sec total\n|\n|t:|1783559221\n|move|p2a: Leafeon|Leaf Blade|p1a: Slaking\n|-damage|p1a: Slaking|51/100\n|move|p1a: Slaking|Giga Impact|p2a: Leafeon\n|-damage|p2a: Leafeon|0 fnt\n|-mustrecharge|p1a: Slaking\n|faint|p2a: Leafeon\n|\n|upkeep\n|inactive|Time left: 300 sec this turn | 300 sec total | 5 sec grace\n|\n|t:|1783559221\n|switch|p2a: Barraskewda|Barraskewda, L81, M|231/231\n|turn|7\n|inactive|Time left: 300 sec this turn | 300 sec total\n|\n|t:|1783559223\n|move|p2a: Barraskewda|Close Combat|p1a: Slaking\n|-supereffective|p1a: Slaking\n|-damage|p1a: Slaking|0 fnt\n|-unboost|p2a: Barraskewda|def|1\n|-unboost|p2a: Barraskewda|spd|1\n|faint|p1a: Slaking\n|\n|upkeep\n|\n|t:|1783559224\n|switch|p1a: Volcarona|Volcarona, L77, M|100/100\n|turn|8\n|inactive|Time left: 300 sec this turn | 300 sec total\n|\n|t:|1783559225\n|switch|p2a: Rampardos|Rampardos, L90, F|321/321\n|move|p1a: Volcarona|Fiery Dance|p2a: Rampardos\n|-resisted|p2a: Rampardos\n|-damage|p2a: Rampardos|259/321\n|-boost|p1a: Volcarona|spa|1\n|\n|upkeep\n|turn|9\n|inactive|Time left: 300 sec this turn | 300 sec total\n|\n|t:|1783559226\n|move|p1a: Volcarona|Bug Buzz|p2a: Rampardos\n|-damage|p2a: Rampardos|54/321\n|move|p2a: Rampardos|Rock Slide|p1a: Volcarona\n|-supereffective|p1a: Volcarona\n|-damage|p1a: Volcarona|0 fnt\n|faint|p1a: Volcarona\n|\n|upkeep\n|\n|t:|1783559227\n|switch|p1a: Morpeko|Morpeko, L88, M|100/100\n|turn|10\n|inactive|Time left: 300 sec this turn | 300 sec total\n|\n|t:|1783559228\n|switch|p2a: Bellibolt|Bellibolt, L84, M|320/320\n|move|p1a: Morpeko|Aura Wheel|p2a: Bellibolt\n|-resisted|p2a: Bellibolt\n|-damage|p2a: Bellibolt|261/320\n|-boost|p1a: Morpeko|spe|1\n|-start|p2a: Bellibolt|Charge|Aura Wheel|[from] ability: Electromorphosis\n|\n|-heal|p2a: Bellibolt|281/320|[from] item: Leftovers\n|-formechange|p1a: Morpeko|Morpeko-Hangry||[from] ability: Hunger Switch\n|upkeep\n|turn|11\n|inactive|Time left: 300 sec this turn | 300 sec total\n|\n|t:|1783559229\n|move|p1a: Morpeko|Protect|p1a: Morpeko\n|-singleturn|p1a: Morpeko|Protect\n|move|p2a: Bellibolt|Thunderbolt|p1a: Morpeko\n|-activate|p1a: Morpeko|move: Protect\n|-end|p2a: Bellibolt|Charge|[silent]\n|\n|-heal|p2a: Bellibolt|301/320|[from] item: Leftovers\n|-formechange|p1a: Morpeko|Morpeko||[from] ability: Hunger Switch\n|upkeep\n|turn|12\n|inactive|Time left: 300 sec this turn | 300 sec total\n|\n|t:|1783559230\n|move|p1a: Morpeko|Aura Wheel|p2a: Bellibolt\n|-resisted|p2a: Bellibolt\n|-damage|p2a: Bellibolt|238/320\n|-boost|p1a: Morpeko|spe|1\n|-start|p2a: Bellibolt|Charge|Aura Wheel|[from] ability: Electromorphosis\n|move|p2a: Bellibolt|Muddy Water|p1a: Morpeko|[miss]\n|-miss|p2a: Bellibolt|p1a: Morpeko\n|\n|-heal|p2a: Bellibolt|258/320|[from] item: Leftovers\n|-formechange|p1a: Morpeko|Morpeko-Hangry||[from] ability: Hunger Switch\n|upkeep\n|turn|13\n|inactive|Time left: 300 sec this turn | 300 sec total\n|\n|t:|1783559231\n|move|p1a: Morpeko|Aura Wheel|p2a: Bellibolt\n|-damage|p2a: Bellibolt|144/320\n|-boost|p1a: Morpeko|spe|1\n|-start|p2a: Bellibolt|Charge|Aura Wheel|[from] ability: Electromorphosis\n|move|p2a: Bellibolt|Thunderbolt|p1a: Morpeko\n|-resisted|p1a: Morpeko\n|-damage|p1a: Morpeko|52/100\n|-end|p2a: Bellibolt|Charge|[silent]\n|\n|-heal|p2a: Bellibolt|164/320|[from] item: Leftovers\n|-formechange|p1a: Morpeko|Morpeko||[from] ability: Hunger Switch\n|upkeep\n|turn|14\n|inactive|Time left: 300 sec this turn | 300 sec total\n|\n|t:|1783559232\n|move|p1a: Morpeko|Aura Wheel|p2a: Bellibolt\n|-resisted|p2a: Bellibolt\n|-damage|p2a: Bellibolt|103/320\n|-boost|p1a: Morpeko|spe|1\n|-start|p2a: Bellibolt|Charge|Aura Wheel|[from] ability: Electromorphosis\n|move|p2a: Bellibolt|Slack Off|p2a: Bellibolt\n|-heal|p2a: Bellibolt|263/320\n|\n|-heal|p2a: Bellibolt|283/320|[from] item: Leftovers\n|-formechange|p1a: Morpeko|Morpeko-Hangry||[from] ability: Hunger Switch\n|upkeep\n|turn|15\n|inactive|Time left: 300 sec this turn | 300 sec total\n|\n|t:|1783559233\n|move|p1a: Morpeko|Protect|p1a: Morpeko\n|-singleturn|p1a: Morpeko|Protect\n|move|p2a: Bellibolt|Thunderbolt|p1a: Morpeko\n|-activate|p1a: Morpeko|move: Protect\n|-end|p2a: Bellibolt|Charge|[silent]\n|\n|-heal|p2a: Bellibolt|303/320|[from] item: Leftovers\n|-formechange|p1a: Morpeko|Morpeko||[from] ability: Hunger Switch\n|upkeep\n|turn|16\n|inactive|Time left: 300 sec this turn | 300 sec total\n|\n|t:|1783559234\n|move|p1a: Morpeko|Aura Wheel|p2a: Bellibolt\n|-resisted|p2a: Bellibolt\n|-damage|p2a: Bellibolt|243/320\n|-boost|p1a: Morpeko|spe|1\n|-start|p2a: Bellibolt|Charge|Aura Wheel|[from] ability: Electromorphosis\n|move|p2a: Bellibolt|Muddy Water|p1a: Morpeko\n|-damage|p1a: Morpeko|20/100\n|\n|-heal|p2a: Bellibolt|263/320|[from] item: Leftovers\n|-formechange|p1a: Morpeko|Morpeko-Hangry||[from] ability: Hunger Switch\n|upkeep\n|turn|17\n|inactive|Time left: 300 sec this turn | 300 sec total\n|\n|t:|1783559235\n|move|p1a: Morpeko|Aura Wheel|p2a: Bellibolt\n|-damage|p2a: Bellibolt|145/320\n|-boost|p1a: Morpeko|spe|1\n|-start|p2a: Bellibolt|Charge|Aura Wheel|[from] ability: Electromorphosis\n|move|p2a: Bellibolt|Thunderbolt|p1a: Morpeko\n|-resisted|p1a: Morpeko\n|-damage|p1a: Morpeko|0 fnt\n|faint|p1a: Morpeko\n|-end|p2a: Bellibolt|Charge|[silent]\n|\n|-heal|p2a: Bellibolt|165/320|[from] item: Leftovers\n|upkeep\n|\n|t:|1783559236\n|switch|p1a: Ludicolo|Ludicolo, L90, F|100/100\n|turn|18\n|inactive|Time left: 300 sec this turn | 300 sec total\n|\n|t:|1783559237\n|switch|p2a: Slowking|Slowking-Galar, L85, F|300/300\n|move|p1a: Ludicolo|Hydro Pump|p2a: Slowking\n|-crit|p2a: Slowking\n|-damage|p2a: Slowking|155/300\n|\n|upkeep\n|turn|19\n|inactive|Time left: 300 sec this turn | 300 sec total\n|\n|t:|1783559238\n|move|p1a: Ludicolo|Hydro Pump|p2a: Slowking|[miss]\n|-miss|p1a: Ludicolo|p2a: Slowking\n|move|p2a: Slowking|Sludge Bomb|p1a: Ludicolo\n|-supereffective|p1a: Ludicolo\n|-damage|p1a: Ludicolo|36/100\n|\n|upkeep\n|turn|20\n|inactive|Time left: 300 sec this turn | 300 sec total\n|\n|t:|1783559239\n|switch|p2a: Barraskewda|Barraskewda, L81, M|231/231\n|move|p1a: Ludicolo|Hydro Pump|p2a: Barraskewda\n|-resisted|p2a: Barraskewda\n|-damage|p2a: Barraskewda|74/231\n|\n|upkeep\n|turn|21\n|inactive|Time left: 300 sec this turn | 300 sec total\n|\n|t:|1783559240\n|switch|p1a: Ursaring|Ursaring, L84, M|100/100\n|move|p2a: Barraskewda|Close Combat|p1a: Ursaring\n|-supereffective|p1a: Ursaring\n|-damage|p1a: Ursaring|0 fnt\n|-unboost|p2a: Barraskewda|def|1\n|-unboost|p2a: Barraskewda|spd|1\n|faint|p1a: Ursaring\n|\n|upkeep\n|\n|t:|1783559240\n|switch|p1a: Ludicolo|Ludicolo, L90, F|36/100\n|turn|22\n|inactive|Time left: 300 sec this turn | 300 sec total\n|\n|t:|1783559241\n|-terastallize|p2a: Barraskewda|Water\n|move|p2a: Barraskewda|Close Combat|p1a: Ludicolo\n|-damage|p1a: Ludicolo|0 fnt\n|-unboost|p2a: Barraskewda|def|1\n|-unboost|p2a: Barraskewda|spd|1\n|faint|p1a: Ludicolo\n|\n|win|p0y16600d53", "uploadtime": 1783559241, "views": 0, "rating": 0, "private": 0, "password": null, "_winner": "p0y16600d53", "_our_name": "p0y16600d53"}