{"id": "battle-gen9randombattle-706", "formatid": "gen9randombattle", "format": "[Gen 9] Random Battle", "players": ["p0x7062f84", "p0y70673a5"], "log": "|init|battle\n|title|p0x7062f84 vs. p0y70673a5\n|j|\u2606p0x7062f84\n|j|\u2606p0y70673a5\n|t:|1783547315\n|gametype|singles\n|player|p1|p0x7062f84|265|\n|player|p2|p0y70673a5|170|\n|gen|9\n|tier|[Gen 9] Random Battle\n|rule|Species Clause: Limit one of each Pok\u00e9mon\n|rule|HP Percentage Mod: HP is shown in percentages\n|rule|Sleep Clause Mod: Limit one foe put to sleep\n|rule|Illusion Level Mod: Illusion disguises the Pok\u00e9mon's true level\n|\n|t:|1783547315\n|teamsize|p1|6\n|teamsize|p2|6\n|start\n|switch|p1a: Copperajah|Copperajah, L86, F|100/100\n|switch|p2a: Sceptile|Sceptile, L87, M|264/264\n|turn|1\n|inactive|Battle timer is ON: inactive players will automatically lose when time's up. (requested by p0y70673a5)\n|inactive|p0x7062f84 also wants the timer to be on.\n|\n|t:|1783547317\n|switch|p2a: Eiscue|Eiscue, L88, M|274/274\n|move|p1a: Copperajah|Heavy Slam|p2a: Eiscue\n|-activate|p2a: Eiscue|ability: Ice Face\n|-damage|p2a: Eiscue|274/274\n|detailschange|p2a: Eiscue|Eiscue-Noice, L88, M\n|\n|upkeep\n|turn|2\n|inactive|Time left: 300 sec this turn | 300 sec total\n|\n|t:|1783547318\n|switch|p2a: Magmortar|Magmortar, L88, F|275/275\n|move|p1a: Copperajah|Heavy Slam|p2a: Magmortar\n|-resisted|p2a: Magmortar\n|-damage|p2a: Magmortar|139/275\n|-status|p1a: Copperajah|brn|[from] ability: Flame Body|[of] p2a: Magmortar\n|\n|-damage|p1a: Copperajah|94/100 brn|[from] brn\n|upkeep\n|turn|3\n|inactive|Time left: 300 sec this turn | 300 sec total\n|\n|t:|1783547319\n|move|p2a: Magmortar|Fire Blast|p1a: Copperajah\n|-supereffective|p1a: Copperajah\n|-damage|p1a: Copperajah|0 fnt\n|faint|p1a: Copperajah\n|\n|upkeep\n|\n|t:|1783547320\n|switch|p1a: Polteageist|Polteageist, L78|100/100\n|turn|4\n|inactive|Time left: 300 sec this turn | 300 sec total\n|\n|t:|1783547321\n|move|p2a: Magmortar|Fire Blast|p1a: Polteageist\n|-damage|p1a: Polteageist|34/100\n|move|p1a: Polteageist|Shell Smash|p1a: Polteageist\n|-unboost|p1a: Polteageist|def|1\n|-unboost|p1a: Polteageist|spd|1\n|-boost|p1a: Polteageist|atk|2\n|-boost|p1a: Polteageist|spa|2\n|-boost|p1a: Polteageist|spe|2\n|-enditem|p1a: Polteageist|White Herb\n|-clearnegativeboost|p1a: Polteageist|[silent]\n|\n|upkeep\n|turn|5\n|inactive|Time left: 300 sec this turn | 300 sec total\n|\n|t:|1783547322\n|move|p1a: Polteageist|Shadow Ball|p2a: Magmortar\n|-damage|p2a: Magmortar|0 fnt\n|faint|p2a: Magmortar\n|\n|upkeep\n|inactive|Time left: 300 sec this turn | 300 sec total | 5 sec grace\n|\n|t:|1783547322\n|switch|p2a: Sceptile|Sceptile, L87, M|264/264\n|turn|6\n|inactive|Time left: 300 sec this turn | 300 sec total\n|\n|t:|1783547323\n|move|p1a: Polteageist|Stored Power|p2a: Sceptile\n|-damage|p2a: Sceptile|25/264\n|move|p2a: Sceptile|Leaf Storm|p1a: Polteageist\n|-damage|p1a: Polteageist|0 fnt\n|-unboost|p2a: Sceptile|spa|2\n|-start|p2a: Sceptile|Disable|Leaf Storm|[from] ability: Cursed Body|[of] p1a: Polteageist\n|faint|p1a: Polteageist\n|-damage|p2a: Sceptile|0 fnt|[from] item: Life Orb\n|faint|p2a: Sceptile\n|\n|upkeep\n|inactive|Time left: 300 sec this turn | 300 sec total | 5 sec grace\n|\n|t:|1783547324\n|switch|p2a: Avalugg|Avalugg-Hisui, L90, M|317/317\n|switch|p1a: Girafarig|Girafarig, L89, M|100/100\n|turn|7\n|inactive|Time left: 300 sec this turn | 300 sec total\n|\n|t:|1783547326\n|move|p1a: Girafarig|Nasty Plot|p1a: Girafarig\n|-boost|p1a: Girafarig|spa|2\n|move|p2a: Avalugg|Stone Edge|p1a: Girafarig\n|-damage|p1a: Girafarig|56/100\n|\n|upkeep\n|turn|8\n|inactive|Time left: 300 sec this turn | 300 sec total\n|\n|t:|1783547327\n|move|p1a: Girafarig|Psychic|p2a: Avalugg\n|-ability|p2a: Avalugg|Sturdy\n|-damage|p2a: Avalugg|1/317\n|move|p2a: Avalugg|Avalanche|p1a: Girafarig\n|-damage|p1a: Girafarig|0 fnt\n|faint|p1a: Girafarig\n|\n|upkeep\n|\n|t:|1783547328\n|switch|p1a: Mew|Mew, L82|100/100\n|turn|9\n|inactive|Time left: 300 sec this turn | 300 sec total\n|\n|t:|1783547329\n|move|p1a: Mew|Psychic Noise|p2a: Avalugg\n|-damage|p2a: Avalugg|0 fnt\n|faint|p2a: Avalugg\n|\n|upkeep\n|inactive|Time left: 300 sec this turn | 300 sec total | 5 sec grace\n|\n|t:|1783547331\n|switch|p2a: Eiscue|Eiscue-Noice, L88, M|274/274\n|turn|10\n|inactive|Time left: 300 sec this turn | 300 sec total\n|\n|t:|1783547332\n|move|p2a: Eiscue|Belly Drum|p2a: Eiscue\n|-damage|p2a: Eiscue|137/274\n|-setboost|p2a: Eiscue|atk|6|[from] move: Belly Drum\n|-enditem|p2a: Eiscue|Sitrus Berry|[eat]\n|-heal|p2a: Eiscue|205/274|[from] item: Sitrus Berry\n|move|p1a: Mew|Will-O-Wisp|p2a: Eiscue\n|-status|p2a: Eiscue|brn\n|\n|-damage|p2a: Eiscue|188/274 brn|[from] brn\n|upkeep\n|turn|11\n|inactive|Time left: 300 sec this turn | 300 sec total\n|\n|t:|1783547333\n|move|p2a: Eiscue|Ice Spinner|p1a: Mew\n|-damage|p1a: Mew|54/100\n|move|p1a: Mew|Psychic Noise|p2a: Eiscue\n|-damage|p2a: Eiscue|86/274 brn\n|-start|p2a: Eiscue|move: Heal Block\n|\n|-heal|p1a: Mew|60/100|[from] item: Leftovers\n|-damage|p2a: Eiscue|69/274 brn|[from] brn\n|upkeep\n|turn|12\n|inactive|Time left: 300 sec this turn | 300 sec total\n|\n|t:|1783547335\n|move|p2a: Eiscue|Ice Spinner|p1a: Mew\n|-damage|p1a: Mew|9/100\n|move|p1a: Mew|U-turn|p2a: Eiscue\n|-crit|p2a: Eiscue\n|-damage|p2a: Eiscue|0 fnt\n|faint|p2a: Eiscue\n|\n|t:|1783547336\n|switch|p1a: Arboliva|Arboliva, L91, F|100/100|[from] U-turn\n|\n|upkeep\n|inactive|Time left: 300 sec this turn | 300 sec total | 10 sec grace\n|\n|t:|1783547337\n|switch|p2a: Chesnaught|Chesnaught, L84, M|285/285\n|turn|13\n|inactive|Time left: 300 sec this turn | 300 sec total\n|\n|t:|1783547338\n|move|p2a: Chesnaught|Body Press|p1a: Arboliva\n|-supereffective|p1a: Arboliva\n|-damage|p1a: Arboliva|34/100\n|-enditem|p1a: Arboliva|Sitrus Berry|[eat]\n|-heal|p1a: Arboliva|59/100|[from] item: Sitrus Berry\n|move|p1a: Arboliva|Hyper Voice|p2a: Chesnaught\n|-damage|p2a: Chesnaught|129/285\n|\n|-heal|p2a: Chesnaught|146/285|[from] item: Leftovers\n|-item|p1a: Arboliva|Sitrus Berry|[from] ability: Harvest\n|upkeep\n|turn|14\n|inactive|Time left: 300 sec this turn | 300 sec total\n|\n|t:|1783547339\n|-terastallize|p1a: Arboliva|Poison\n|move|p2a: Chesnaught|Synthesis|p2a: Chesnaught\n|-heal|p2a: Chesnaught|285/285\n|move|p1a: Arboliva|Hyper Voice|p2a: Chesnaught\n|-damage|p2a: Chesnaught|132/285\n|\n|-heal|p2a: Chesnaught|149/285|[from] item: Leftovers\n|upkeep\n|turn|15\n|inactive|Time left: 300 sec this turn | 300 sec total\n|\n|t:|1783547340\n|move|p2a: Chesnaught|Synthesis|p2a: Chesnaught\n|-heal|p2a: Chesnaught|285/285\n|move|p1a: Arboliva|Hyper Voice|p2a: Chesnaught\n|-damage|p2a: Chesnaught|125/285\n|\n|-heal|p2a: Chesnaught|142/285|[from] item: Leftovers\n|upkeep\n|turn|16\n|inactive|Time left: 300 sec this turn | 300 sec total\n|\n|t:|1783547341\n|move|p2a: Chesnaught|Synthesis|p2a: Chesnaught\n|-heal|p2a: Chesnaught|284/285\n|move|p1a: Arboliva|Hyper Voice|p2a: Chesnaught\n|-damage|p2a: Chesnaught|142/285\n|\n|-heal|p2a: Chesnaught|159/285|[from] item: Leftovers\n|upkeep\n|turn|17\n|inactive|Time left: 300 sec this turn | 300 sec total\n|\n|t:|1783547342\n|move|p2a: Chesnaught|Synthesis|p2a: Chesnaught\n|-heal|p2a: Chesnaught|285/285\n|move|p1a: Arboliva|Hyper Voice|p2a: Chesnaught\n|-damage|p2a: Chesnaught|119/285\n|\n|-heal|p2a: Chesnaught|136/285|[from] item: Leftovers\n|upkeep\n|turn|18\n|inactive|Time left: 300 sec this turn | 300 sec total\n|\n|t:|1783547343\n|move|p2a: Chesnaught|Synthesis|p2a: Chesnaught\n|-heal|p2a: Chesnaught|278/285\n|move|p1a: Arboliva|Hyper Voice|p2a: Chesnaught\n|-damage|p2a: Chesnaught|131/285\n|\n|-heal|p2a: Chesnaught|148/285|[from] item: Leftovers\n|upkeep\n|turn|19\n|inactive|Time left: 300 sec this turn | 300 sec total\n|\n|t:|1783547344\n|move|p2a: Chesnaught|Synthesis|p2a: Chesnaught\n|-heal|p2a: Chesnaught|285/285\n|move|p1a: Arboliva|Hyper Voice|p2a: Chesnaught\n|-damage|p2a: Chesnaught|132/285\n|\n|-heal|p2a: Chesnaught|149/285|[from] item: Leftovers\n|upkeep\n|turn|20\n|inactive|Time left: 300 sec this turn | 300 sec total\n|\n|t:|1783547345\n|move|p2a: Chesnaught|Synthesis|p2a: Chesnaught\n|-heal|p2a: Chesnaught|285/285\n|move|p1a: Arboliva|Hyper Voice|p2a: Chesnaught\n|-damage|p2a: Chesnaught|137/285\n|\n|-heal|p2a: Chesnaught|154/285|[from] item: Leftovers\n|upkeep\n|turn|21\n|inactive|Time left: 300 sec this turn | 300 sec total\n|\n|t:|1783547346\n|move|p2a: Chesnaught|Synthesis|p2a: Chesnaught\n|-heal|p2a: Chesnaught|285/285\n|move|p1a: Arboliva|Hyper Voice|p2a: Chesnaught\n|-damage|p2a: Chesnaught|119/285\n|\n|-heal|p2a: Chesnaught|136/285|[from] item: Leftovers\n|upkeep\n|turn|22\n|inactive|Time left: 300 sec this turn | 300 sec total\n|\n|t:|1783547347\n|-terastallize|p2a: Chesnaught|Steel\n|move|p2a: Chesnaught|Trailblaze|p1a: Arboliva\n|-resisted|p1a: Arboliva\n|-damage|p1a: Arboliva|50/100\n|-boost|p2a: Chesnaught|spe|1\n|-enditem|p1a: Arboliva|Sitrus Berry|[eat]\n|-heal|p1a: Arboliva|75/100|[from] item: Sitrus Berry\n|move|p1a: Arboliva|Hyper Voice|p2a: Chesnaught\n|-resisted|p2a: Chesnaught\n|-damage|p2a: Chesnaught|57/285\n|\n|-heal|p2a: Chesnaught|74/285|[from] item: Leftovers\n|upkeep\n|turn|23\n|inactive|Time left: 300 sec this turn | 300 sec total\n|\n|t:|1783547349\n|move|p2a: Chesnaught|Body Press|p1a: Arboliva\n|-resisted|p1a: Arboliva\n|-damage|p1a: Arboliva|58/100\n|move|p1a: Arboliva|Hyper Voice|p2a: Chesnaught\n|-resisted|p2a: Chesnaught\n|-damage|p2a: Chesnaught|2/285\n|\n|-heal|p2a: Chesnaught|19/285|[from] item: Leftovers\n|upkeep\n|turn|24\n|inactive|Time left: 300 sec this turn | 300 sec total\n|\n|t:|1783547350\n|move|p2a: Chesnaught|Trailblaze|p1a: Arboliva\n|-resisted|p1a: Arboliva\n|-damage|p1a: Arboliva|49/100\n|-boost|p2a: Chesnaught|spe|1\n|move|p1a: Arboliva|Hyper Voice|p2a: Chesnaught\n|-resisted|p2a: Chesnaught\n|-damage|p2a: Chesnaught|0 fnt\n|faint|p2a: Chesnaught\n|\n|upkeep\n|inactive|Time left: 300 sec this turn | 300 sec total | 5 sec grace\n|\n|t:|1783547351\n|switch|p2a: Dugtrio|Dugtrio, L84, F|196/196\n|turn|25\n|inactive|Time left: 300 sec this turn | 300 sec total\n|\n|t:|1783547352\n|move|p2a: Dugtrio|Earthquake|p1a: Arboliva\n|-supereffective|p1a: Arboliva\n|-damage|p1a: Arboliva|0 fnt\n|faint|p1a: Arboliva\n|-damage|p2a: Dugtrio|177/196|[from] item: Life Orb\n|\n|upkeep\n|\n|t:|1783547353\n|switch|p1a: Vaporeon|Vaporeon, L86, F|100/100\n|turn|26\n|inactive|Time left: 300 sec this turn | 300 sec total\n|\n|t:|1783547354\n|move|p2a: Dugtrio|Earthquake|p1a: Vaporeon\n|-damage|p1a: Vaporeon|48/100\n|-damage|p2a: Dugtrio|158/196|[from] item: Life Orb\n|move|p1a: Vaporeon|Scald|p2a: Dugtrio\n|-supereffective|p2a: Dugtrio\n|-crit|p2a: Dugtrio\n|-damage|p2a: Dugtrio|0 fnt\n|faint|p2a: Dugtrio\n|\n|win|p0x7062f84", "uploadtime": 1783547354, "views": 0, "rating": 0, "private": 0, "password": null, "_winner": "p0x7062f84", "_our_name": "p0y70673a5"}