{"id": "battle-gen9randombattle-1160", "formatid": "gen9randombattle", "format": "[Gen 9] Random Battle", "players": ["p0x11608001", "p0y1160451d"], "log": "|init|battle\n|title|p0x11608001 vs. p0y1160451d\n|j|\u2606p0x11608001\n|j|\u2606p0y1160451d\n|t:|1783552580\n|gametype|singles\n|player|p1|p0x11608001|266|\n|player|p2|p0y1160451d|266|\n|gen|9\n|tier|[Gen 9] Random Battle\n|rule|Species Clause: Limit one of each Pok\u00e9mon\n|rule|HP Percentage Mod: HP is shown in percentages\n|rule|Sleep Clause Mod: Limit one foe put to sleep\n|rule|Illusion Level Mod: Illusion disguises the Pok\u00e9mon's true level\n|\n|t:|1783552580\n|teamsize|p1|6\n|teamsize|p2|6\n|start\n|switch|p1a: Passimian|Passimian, L83, M|302/302\n|switch|p2a: Kricketune|Kricketune, L99, M|100/100\n|turn|1\n|inactive|Battle timer is ON: inactive players will automatically lose when time's up. (requested by p0x11608001)\n|inactive|p0y1160451d also wants the timer to be on.\n|\n|t:|1783552582\n|move|p2a: Kricketune|Sticky Web|p1a: Passimian\n|-sidestart|p1: p0x11608001|move: Sticky Web\n|move|p1a: Passimian|Knock Off|p2a: Kricketune\n|-damage|p2a: Kricketune|66/100\n|-enditem|p2a: Kricketune|Focus Sash|[from] move: Knock Off|[of] p1a: Passimian\n|\n|upkeep\n|turn|2\n|inactive|Time left: 300 sec this turn | 300 sec total\n|\n|t:|1783552583\n|move|p2a: Kricketune|Knock Off|p1a: Passimian\n|-resisted|p1a: Passimian\n|-damage|p1a: Passimian|262/302\n|-enditem|p1a: Passimian|Leftovers|[from] move: Knock Off|[of] p2a: Kricketune\n|move|p1a: Passimian|Bulk Up|p1a: Passimian\n|-boost|p1a: Passimian|atk|1\n|-boost|p1a: Passimian|def|1\n|\n|upkeep\n|turn|3\n|inactive|Time left: 300 sec this turn | 300 sec total\n|\n|t:|1783552584\n|switch|p2a: Skeledirge|Skeledirge, L79, F|100/100\n|move|p1a: Passimian|Drain Punch|p2a: Skeledirge\n|-immune|p2a: Skeledirge\n|\n|upkeep\n|turn|4\n|inactive|Time left: 300 sec this turn | 300 sec total\n|\n|t:|1783552585\n|move|p1a: Passimian|Knock Off|p2a: Skeledirge\n|-supereffective|p2a: Skeledirge\n|-damage|p2a: Skeledirge|45/100\n|-enditem|p2a: Skeledirge|Heavy-Duty Boots|[from] move: Knock Off|[of] p1a: Passimian\n|move|p2a: Skeledirge|Torch Song|p1a: Passimian\n|-damage|p1a: Passimian|157/302\n|-boost|p2a: Skeledirge|spa|1\n|\n|upkeep\n|turn|5\n|inactive|Time left: 300 sec this turn | 300 sec total\n|\n|t:|1783552586\n|move|p1a: Passimian|Knock Off|p2a: Skeledirge\n|-supereffective|p2a: Skeledirge\n|-damage|p2a: Skeledirge|9/100\n|move|p2a: Skeledirge|Torch Song|p1a: Passimian\n|-damage|p1a: Passimian|0 fnt\n|-boost|p2a: Skeledirge|spa|1\n|faint|p1a: Passimian\n|\n|upkeep\n|inactive|Time left: 300 sec this turn | 300 sec total | 5 sec grace\n|\n|t:|1783552587\n|switch|p1a: Gardevoir|Gardevoir, L83, F|249/249\n|-activate|p1a: Gardevoir|move: Sticky Web\n|-unboost|p1a: Gardevoir|spe|1\n|-ability|p1a: Gardevoir|Unaware|Trace|[from] ability: Trace|[of] p2a: Skeledirge\n|turn|6\n|inactive|Time left: 300 sec this turn | 300 sec total\n|\n|t:|1783552587\n|move|p1a: Gardevoir|Moonblast|p2a: Skeledirge\n|-resisted|p2a: Skeledirge\n|-damage|p2a: Skeledirge|0 fnt\n|faint|p2a: Skeledirge\n|\n|upkeep\n|\n|t:|1783552588\n|switch|p2a: Muk|Muk, L86, F|100/100\n|turn|7\n|inactive|Time left: 300 sec this turn | 300 sec total\n|\n|t:|1783552589\n|switch|p1a: Skuntank|Skuntank, L84, F|310/310\n|-activate|p1a: Skuntank|move: Sticky Web\n|-unboost|p1a: Skuntank|spe|1\n|move|p2a: Muk|Gunk Shot|p1a: Skuntank\n|-resisted|p1a: Skuntank\n|-damage|p1a: Skuntank|228/310\n|\n|upkeep\n|turn|8\n|inactive|Time left: 300 sec this turn | 300 sec total\n|\n|t:|1783552590\n|move|p2a: Muk|Gunk Shot|p1a: Skuntank\n|-resisted|p1a: Skuntank\n|-damage|p1a: Skuntank|146/310\n|move|p1a: Skuntank|Knock Off|p2a: Muk\n|-damage|p2a: Muk|59/100\n|-enditem|p2a: Muk|Assault Vest|[from] move: Knock Off|[of] p1a: Skuntank\n|-damage|p1a: Skuntank|115/310|[from] item: Life Orb\n|\n|upkeep\n|turn|9\n|inactive|Time left: 300 sec this turn | 300 sec total\n|\n|t:|1783552591\n|move|p2a: Muk|Drain Punch|p1a: Skuntank\n|-damage|p1a: Skuntank|39/310\n|-heal|p2a: Muk|71/100|[from] drain|[of] p1a: Skuntank\n|move|p1a: Skuntank|Gunk Shot|p2a: Muk\n|-resisted|p2a: Muk\n|-damage|p2a: Muk|44/100\n|-damage|p1a: Skuntank|8/310|[from] item: Life Orb\n|\n|upkeep\n|turn|10\n|inactive|Time left: 300 sec this turn | 300 sec total\n|\n|t:|1783552592\n|move|p1a: Skuntank|Sucker Punch|p2a: Muk\n|-damage|p2a: Muk|14/100\n|-damage|p1a: Skuntank|0 fnt|[from] item: Life Orb\n|faint|p1a: Skuntank\n|move|p2a: Muk|Gunk Shot|p1: Skuntank|[notarget]\n|-fail|p2a: Muk\n|\n|upkeep\n|inactive|Time left: 300 sec this turn | 300 sec total | 5 sec grace\n|\n|t:|1783552593\n|switch|p1a: Basculin|Basculin-Blue-Striped, L86, F|261/261\n|-activate|p1a: Basculin|move: Sticky Web\n|-unboost|p1a: Basculin|spe|1\n|turn|11\n|inactive|Time left: 300 sec this turn | 300 sec total\n|\n|t:|1783552594\n|switch|p2a: Calyrex|Calyrex, L93|100/100\n|-ability|p2a: Calyrex|Unnerve\n|move|p1a: Basculin|Wave Crash|p2a: Calyrex\n|-resisted|p2a: Calyrex\n|-damage|p2a: Calyrex|66/100\n|-damage|p1a: Basculin|223/261|[from] Recoil\n|\n|-heal|p2a: Calyrex|73/100|[from] item: Leftovers\n|upkeep\n|turn|12\n|inactive|Time left: 300 sec this turn | 300 sec total\n|\n|t:|1783552595\n|switch|p1a: Froslass|Froslass, L87, F|263/263\n|-activate|p1a: Froslass|move: Sticky Web\n|-unboost|p1a: Froslass|spe|1\n|move|p2a: Calyrex|Giga Drain|p1a: Froslass\n|-damage|p1a: Froslass|173/263\n|-heal|p2a: Calyrex|86/100|[from] drain|[of] p1a: Froslass\n|\n|-heal|p2a: Calyrex|92/100|[from] item: Leftovers\n|upkeep\n|turn|13\n|inactive|Time left: 300 sec this turn | 300 sec total\n|\n|t:|1783552596\n|move|p2a: Calyrex|Giga Drain|p1a: Froslass\n|-damage|p1a: Froslass|73/263\n|-heal|p2a: Calyrex|100/100|[from] drain|[of] p1a: Froslass\n|-start|p2a: Calyrex|Disable|Giga Drain|[from] ability: Cursed Body|[of] p1a: Froslass\n|move|p1a: Froslass|Triple Axel|p2a: Calyrex\n|-supereffective|p2a: Calyrex\n|-damage|p2a: Calyrex|88/100\n|-supereffective|p2a: Calyrex\n|-damage|p2a: Calyrex|67/100\n|-supereffective|p2a: Calyrex\n|-damage|p2a: Calyrex|31/100\n|-hitcount|p2a: Calyrex|3\n|\n|-heal|p2a: Calyrex|37/100|[from] item: Leftovers\n|upkeep\n|turn|14\n|inactive|Time left: 300 sec this turn | 300 sec total\n|\n|t:|1783552597\n|switch|p1a: Gardevoir|Gardevoir, L83, F|249/249\n|-activate|p1a: Gardevoir|move: Sticky Web\n|-unboost|p1a: Gardevoir|spe|1\n|-ability|p1a: Gardevoir|Unnerve|Trace|[from] ability: Trace|[of] p2a: Calyrex\n|-ability|p1a: Gardevoir|Unnerve\n|move|p2a: Calyrex|Psyshock|p1a: Gardevoir\n|-resisted|p1a: Gardevoir\n|-damage|p1a: Gardevoir|195/249\n|\n|-heal|p2a: Calyrex|44/100|[from] item: Leftovers\n|upkeep\n|turn|15\n|inactive|Time left: 300 sec this turn | 300 sec total\n|\n|t:|1783552599\n|move|p2a: Calyrex|Calm Mind|p2a: Calyrex\n|-boost|p2a: Calyrex|spa|1\n|-boost|p2a: Calyrex|spd|1\n|move|p1a: Gardevoir|Moonblast|p2a: Calyrex\n|-damage|p2a: Calyrex|20/100\n|\n|-heal|p2a: Calyrex|26/100|[from] item: Leftovers\n|upkeep\n|turn|16\n|inactive|Time left: 300 sec this turn | 300 sec total\n|\n|t:|1783552600\n|move|p2a: Calyrex|Leech Seed|p1a: Gardevoir\n|-start|p1a: Gardevoir|move: Leech Seed\n|move|p1a: Gardevoir|Moonblast|p2a: Calyrex\n|-damage|p2a: Calyrex|5/100\n|\n|-heal|p2a: Calyrex|11/100|[from] item: Leftovers\n|-damage|p1a: Gardevoir|164/249|[from] Leech Seed|[of] p2a: Calyrex\n|-heal|p2a: Calyrex|20/100|[silent]\n|-end|p2a: Calyrex|Disable\n|upkeep\n|turn|17\n|inactive|Time left: 300 sec this turn | 300 sec total\n|\n|t:|1783552601\n|move|p2a: Calyrex|Giga Drain|p1a: Gardevoir\n|-damage|p1a: Gardevoir|55/249\n|-heal|p2a: Calyrex|36/100|[from] drain|[of] p1a: Gardevoir\n|move|p1a: Gardevoir|Moonblast|p2a: Calyrex\n|-damage|p2a: Calyrex|15/100\n|-unboost|p2a: Calyrex|spa|1\n|\n|-heal|p2a: Calyrex|21/100|[from] item: Leftovers\n|-damage|p1a: Gardevoir|24/249|[from] Leech Seed|[of] p2a: Calyrex\n|-heal|p2a: Calyrex|30/100|[silent]\n|upkeep\n|turn|18\n|inactive|Time left: 300 sec this turn | 300 sec total\n|\n|t:|1783552603\n|move|p2a: Calyrex|Giga Drain|p1a: Gardevoir\n|-crit|p1a: Gardevoir\n|-damage|p1a: Gardevoir|0 fnt\n|-heal|p2a: Calyrex|34/100|[from] drain|[of] p1a: Gardevoir\n|faint|p1a: Gardevoir\n|\n|-heal|p2a: Calyrex|40/100|[from] item: Leftovers\n|upkeep\n|inactive|Time left: 300 sec this turn | 300 sec total | 5 sec grace\n|\n|t:|1783552604\n|switch|p1a: Deoxys|Deoxys, L74|196/196\n|-activate|p1a: Deoxys|move: Sticky Web\n|-unboost|p1a: Deoxys|spe|1\n|-ability|p1a: Deoxys|Pressure\n|turn|19\n|inactive|Time left: 300 sec this turn | 300 sec total\n|\n|t:|1783552605\n|move|p2a: Calyrex|Giga Drain|p1a: Deoxys\n|-damage|p1a: Deoxys|61/196\n|-heal|p2a: Calyrex|60/100|[from] drain|[of] p1a: Deoxys\n|move|p1a: Deoxys|Knock Off|p2a: Calyrex\n|-supereffective|p2a: Calyrex\n|-damage|p2a: Calyrex|0 fnt\n|-enditem|p2a: Calyrex|Leftovers|[from] move: Knock Off|[of] p1a: Deoxys\n|faint|p2a: Calyrex\n|-damage|p1a: Deoxys|42/196|[from] item: Life Orb\n|\n|upkeep\n|\n|t:|1783552606\n|switch|p2a: Inteleon|Inteleon, L81, M|100/100\n|turn|20\n|inactive|Time left: 300 sec this turn | 300 sec total\n|\n|t:|1783552607\n|move|p1a: Deoxys|Extreme Speed|p2a: Inteleon\n|-damage|p2a: Inteleon|60/100\n|-damage|p1a: Deoxys|23/196|[from] item: Life Orb\n|move|p2a: Inteleon|Scald|p1a: Deoxys\n|-damage|p1a: Deoxys|0 fnt\n|faint|p1a: Deoxys\n|\n|upkeep\n|inactive|Time left: 300 sec this turn | 300 sec total | 5 sec grace\n|\n|t:|1783552608\n|switch|p1a: Basculin|Basculin-Blue-Striped, L86, F|223/261\n|-activate|p1a: Basculin|move: Sticky Web\n|-unboost|p1a: Basculin|spe|1\n|turn|21\n|inactive|Time left: 300 sec this turn | 300 sec total\n|\n|t:|1783552609\n|move|p2a: Inteleon|Scald|p1a: Basculin\n|-resisted|p1a: Basculin\n|-damage|p1a: Basculin|127/261\n|-status|p1a: Basculin|brn\n|move|p1a: Basculin|Double-Edge|p2a: Inteleon\n|-damage|p2a: Inteleon|27/100\n|-damage|p1a: Basculin|100/261 brn|[from] Recoil\n|\n|-damage|p1a: Basculin|84/261 brn|[from] brn\n|upkeep\n|turn|22\n|inactive|Time left: 300 sec this turn | 300 sec total\n|\n|t:|1783552610\n|-terastallize|p2a: Inteleon|Water\n|move|p2a: Inteleon|Scald|p1a: Basculin\n|-resisted|p1a: Basculin\n|-damage|p1a: Basculin|0 fnt\n|faint|p1a: Basculin\n|\n|upkeep\n|inactive|Time left: 300 sec this turn | 300 sec total | 5 sec grace\n|\n|t:|1783552611\n|switch|p1a: Froslass|Froslass, L87, F|73/263\n|-activate|p1a: Froslass|move: Sticky Web\n|-unboost|p1a: Froslass|spe|1\n|turn|23\n|inactive|Time left: 300 sec this turn | 300 sec total\n|\n|t:|1783552612\n|move|p2a: Inteleon|Scald|p1a: Froslass\n|-damage|p1a: Froslass|0 fnt\n|faint|p1a: Froslass\n|\n|win|p0y1160451d", "uploadtime": 1783552612, "views": 0, "rating": 0, "private": 0, "password": null, "_winner": "p0y1160451d", "_our_name": "p0x11608001"}