{"id": "battle-gen9randombattle-1139", "formatid": "gen9randombattle", "format": "[Gen 9] Random Battle", "players": ["p0x1139c6ba", "p0y11398ce2"], "log": "|init|battle\n|title|p0x1139c6ba vs. p0y11398ce2\n|j|\u2606p0x1139c6ba\n|j|\u2606p0y11398ce2\n|t:|1783552340\n|gametype|singles\n|player|p1|p0x1139c6ba|169|\n|player|p2|p0y11398ce2|2|\n|gen|9\n|tier|[Gen 9] Random Battle\n|rule|Species Clause: Limit one of each Pok\u00e9mon\n|rule|HP Percentage Mod: HP is shown in percentages\n|rule|Sleep Clause Mod: Limit one foe put to sleep\n|rule|Illusion Level Mod: Illusion disguises the Pok\u00e9mon's true level\n|\n|t:|1783552340\n|teamsize|p1|6\n|teamsize|p2|6\n|start\n|switch|p1a: Grumpig|Grumpig, L92, F|297/297\n|switch|p2a: Venomoth|Venomoth, L84, F|100/100\n|turn|1\n|inactive|Battle timer is ON: inactive players will automatically lose when time's up. (requested by p0y11398ce2)\n|inactive|Time left: 300 sec this turn | 300 sec total | 60 sec grace\n|inactive|p0x1139c6ba also wants the timer to be on.\n|\n|t:|1783552342\n|move|p1a: Grumpig|Psychic|p2a: Venomoth\n|-supereffective|p2a: Venomoth\n|-damage|p2a: Venomoth|3/100\n|move|p2a: Venomoth|Quiver Dance|p2a: Venomoth\n|-boost|p2a: Venomoth|spa|1\n|-boost|p2a: Venomoth|spd|1\n|-boost|p2a: Venomoth|spe|1\n|\n|upkeep\n|turn|2\n|inactive|Time left: 300 sec this turn | 300 sec total\n|\n|t:|1783552343\n|move|p2a: Venomoth|Sleep Powder|p1a: Grumpig|[miss]\n|-miss|p2a: Venomoth|p1a: Grumpig\n|move|p1a: Grumpig|Shadow Ball|p2a: Venomoth\n|-damage|p2a: Venomoth|0 fnt\n|faint|p2a: Venomoth\n|\n|upkeep\n|\n|t:|1783552344\n|switch|p2a: Flareon|Flareon, L90, M|100/100\n|turn|3\n|inactive|Time left: 300 sec this turn | 300 sec total\n|\n|t:|1783552345\n|move|p1a: Grumpig|Nasty Plot|p1a: Grumpig\n|-boost|p1a: Grumpig|spa|2\n|move|p2a: Flareon|Trailblaze|p1a: Grumpig\n|-damage|p1a: Grumpig|243/297\n|-boost|p2a: Flareon|spe|1\n|\n|-heal|p1a: Grumpig|261/297|[from] item: Leftovers\n|-status|p2a: Flareon|tox|[from] item: Toxic Orb\n|upkeep\n|turn|4\n|inactive|Time left: 300 sec this turn | 300 sec total\n|\n|t:|1783552346\n|-terastallize|p2a: Flareon|Normal\n|move|p2a: Flareon|Facade|p1a: Grumpig\n|-damage|p1a: Grumpig|0 fnt\n|faint|p1a: Grumpig\n|\n|-damage|p2a: Flareon|94/100 tox|[from] psn\n|upkeep\n|inactive|Time left: 300 sec this turn | 300 sec total | 5 sec grace\n|\n|t:|1783552347\n|switch|p1a: Regieleki|Regieleki, L79|256/256\n|turn|5\n|inactive|Time left: 300 sec this turn | 300 sec total\n|\n|t:|1783552348\n|move|p1a: Regieleki|Explosion|p2a: Flareon\n|-damage|p2a: Flareon|13/100 tox\n|faint|p1a: Regieleki\n|move|p2a: Flareon|Facade|p1: Regieleki|[notarget]\n|-fail|p2a: Flareon\n|\n|-damage|p2a: Flareon|1/100 tox|[from] psn\n|upkeep\n|inactive|Time left: 300 sec this turn | 300 sec total | 5 sec grace\n|\n|t:|1783552349\n|switch|p1a: Mewtwo|Mewtwo, L72|272/272\n|-ability|p1a: Mewtwo|Unnerve\n|turn|6\n|inactive|Time left: 300 sec this turn | 300 sec total\n|\n|t:|1783552350\n|switch|p1a: Enamorus|Enamorus-Therian, L83, F|259/259\n|move|p2a: Flareon|Facade|p1a: Enamorus\n|-damage|p1a: Enamorus|0 fnt\n|faint|p1a: Enamorus\n|\n|-damage|p2a: Flareon|0 fnt|[from] psn\n|faint|p2a: Flareon\n|upkeep\n|inactive|Time left: 300 sec this turn | 300 sec total | 5 sec grace\n|\n|t:|1783552351\n|switch|p2a: Sylveon|Sylveon, L85, F|100/100\n|switch|p1a: Pelipper|Pelipper, L86, M|243/243\n|-weather|RainDance|[from] ability: Drizzle|[of] p1a: Pelipper\n|turn|7\n|inactive|Time left: 300 sec this turn | 300 sec total\n|\n|t:|1783552352\n|switch|p1a: Cinderace|Cinderace, L77, M|249/249\n|move|p2a: Sylveon|Hyper Voice|p1a: Cinderace\n|-resisted|p1a: Cinderace\n|-damage|p1a: Cinderace|172/249\n|\n|-weather|RainDance|[upkeep]\n|upkeep\n|turn|8\n|inactive|Time left: 300 sec this turn | 300 sec total\n|\n|t:|1783552353\n|move|p1a: Cinderace|Gunk Shot|p2a: Sylveon|[miss]\n|-start|p1a: Cinderace|typechange|Poison|[from] ability: Libero\n|-miss|p1a: Cinderace|p2a: Sylveon\n|move|p2a: Sylveon|Hyper Voice|p1a: Cinderace\n|-resisted|p1a: Cinderace\n|-damage|p1a: Cinderace|88/249\n|\n|-weather|RainDance|[upkeep]\n|upkeep\n|turn|9\n|inactive|Time left: 300 sec this turn | 300 sec total\n|\n|t:|1783552354\n|switch|p2a: Forretress|Forretress, L84, M|100/100\n|move|p1a: Cinderace|Gunk Shot|p2a: Forretress\n|-immune|p2a: Forretress\n|\n|-weather|RainDance|[upkeep]\n|upkeep\n|turn|10\n|inactive|Time left: 300 sec this turn | 300 sec total\n|\n|t:|1783552355\n|switch|p1a: Pelipper|Pelipper, L86, M|243/243\n|move|p2a: Forretress|Rapid Spin|p1a: Pelipper\n|-damage|p1a: Pelipper|214/243\n|-boost|p2a: Forretress|spe|1\n|\n|-weather|RainDance|[upkeep]\n|upkeep\n|turn|11\n|inactive|Time left: 300 sec this turn | 300 sec total\n|\n|t:|1783552356\n|switch|p2a: Clawitzer|Clawitzer, L87, M|100/100\n|move|p1a: Pelipper|Hurricane|p2a: Clawitzer\n|-damage|p2a: Clawitzer|72/100\n|-start|p2a: Clawitzer|confusion\n|\n|-weather|none\n|upkeep\n|turn|12\n|inactive|Time left: 300 sec this turn | 300 sec total\n|\n|t:|1783552357\n|move|p1a: Pelipper|Hurricane|p2a: Clawitzer|[miss]\n|-miss|p1a: Pelipper|p2a: Clawitzer\n|-activate|p2a: Clawitzer|confusion\n|move|p2a: Clawitzer|Dragon Pulse|p1a: Pelipper\n|-damage|p1a: Pelipper|95/243\n|\n|upkeep\n|turn|13\n|inactive|Time left: 300 sec this turn | 300 sec total\n|\n|t:|1783552358\n|move|p1a: Pelipper|Roost|p1a: Pelipper\n|-heal|p1a: Pelipper|217/243\n|-singleturn|p1a: Pelipper|move: Roost\n|-activate|p2a: Clawitzer|confusion\n|move|p2a: Clawitzer|Dragon Pulse|p1a: Pelipper\n|-damage|p1a: Pelipper|81/243\n|\n|upkeep\n|turn|14\n|inactive|Time left: 300 sec this turn | 300 sec total\n|\n|t:|1783552359\n|move|p1a: Pelipper|Roost|p1a: Pelipper\n|-heal|p1a: Pelipper|203/243\n|-singleturn|p1a: Pelipper|move: Roost\n|-activate|p2a: Clawitzer|confusion\n|-damage|p2a: Clawitzer|63/100|[from] confusion\n|\n|upkeep\n|turn|15\n|inactive|Time left: 300 sec this turn | 300 sec total\n|\n|t:|1783552360\n|switch|p2a: Sylveon|Sylveon, L85, F|100/100\n|move|p1a: Pelipper|Hurricane|p2a: Sylveon|[miss]\n|-miss|p1a: Pelipper|p2a: Sylveon\n|\n|upkeep\n|turn|16\n|inactive|Time left: 300 sec this turn | 300 sec total\n|\n|t:|1783552360\n|switch|p1a: Cinderace|Cinderace, L77, M|88/249\n|move|p2a: Sylveon|Hyper Voice|p1a: Cinderace\n|-resisted|p1a: Cinderace\n|-damage|p1a: Cinderace|5/249\n|\n|upkeep\n|turn|17\n|inactive|Time left: 300 sec this turn | 300 sec total\n|\n|t:|1783552361\n|move|p2a: Sylveon|Protect|p2a: Sylveon\n|-singleturn|p2a: Sylveon|Protect\n|move|p1a: Cinderace|Pyro Ball|p2a: Sylveon\n|-activate|p2a: Sylveon|move: Protect\n|\n|upkeep\n|turn|18\n|inactive|Time left: 300 sec this turn | 300 sec total\n|\n|t:|1783552362\n|switch|p2a: Dragapult|Dragapult, L77, M|100/100\n|move|p1a: Cinderace|Pyro Ball|p2a: Dragapult\n|-resisted|p2a: Dragapult\n|-damage|p2a: Dragapult|56/100\n|\n|upkeep\n|turn|19\n|inactive|Time left: 300 sec this turn | 300 sec total\n|\n|t:|1783552363\n|move|p2a: Dragapult|Dragon Darts|p1a: Cinderace\n|-damage|p1a: Cinderace|0 fnt\n|faint|p1a: Cinderace\n|-damage|p2a: Dragapult|46/100|[from] item: Life Orb\n|\n|upkeep\n|inactive|Time left: 300 sec this turn | 300 sec total | 5 sec grace\n|\n|t:|1783552364\n|switch|p1a: Pelipper|Pelipper, L86, M|203/243\n|-weather|RainDance|[from] ability: Drizzle|[of] p1a: Pelipper\n|turn|20\n|inactive|Time left: 300 sec this turn | 300 sec total\n|\n|t:|1783552364\n|switch|p2a: Sylveon|Sylveon, L85, F|100/100\n|move|p1a: Pelipper|Hurricane|p2a: Sylveon\n|-damage|p2a: Sylveon|70/100\n|\n|-weather|RainDance|[upkeep]\n|-heal|p2a: Sylveon|76/100|[from] item: Leftovers\n|upkeep\n|turn|21\n|inactive|Time left: 300 sec this turn | 300 sec total\n|\n|t:|1783552365\n|move|p1a: Pelipper|Surf|p2a: Sylveon\n|-damage|p2a: Sylveon|40/100\n|move|p2a: Sylveon|Calm Mind|p2a: Sylveon\n|-boost|p2a: Sylveon|spa|1\n|-boost|p2a: Sylveon|spd|1\n|\n|-weather|RainDance|[upkeep]\n|-heal|p2a: Sylveon|46/100|[from] item: Leftovers\n|upkeep\n|turn|22\n|inactive|Time left: 300 sec this turn | 300 sec total\n|\n|t:|1783552366\n|switch|p1a: Mewtwo|Mewtwo, L72|272/272\n|-ability|p1a: Mewtwo|Unnerve\n|move|p2a: Sylveon|Hyper Voice|p1a: Mewtwo\n|-damage|p1a: Mewtwo|52/272\n|\n|-weather|RainDance|[upkeep]\n|-heal|p2a: Sylveon|52/100|[from] item: Leftovers\n|upkeep\n|turn|23\n|inactive|Time left: 300 sec this turn | 300 sec total\n|\n|t:|1783552367\n|move|p2a: Sylveon|Protect|p2a: Sylveon\n|-singleturn|p2a: Sylveon|Protect\n|move|p1a: Mewtwo|Psystrike|p2a: Sylveon\n|-activate|p2a: Sylveon|move: Protect\n|\n|-weather|RainDance|[upkeep]\n|-heal|p2a: Sylveon|58/100|[from] item: Leftovers\n|upkeep\n|turn|24\n|inactive|Time left: 300 sec this turn | 300 sec total\n|\n|t:|1783552368\n|move|p1a: Mewtwo|Psystrike|p2a: Sylveon\n|-damage|p2a: Sylveon|0 fnt\n|faint|p2a: Sylveon\n|-damage|p1a: Mewtwo|25/272|[from] item: Life Orb\n|\n|-weather|none\n|upkeep\n|\n|t:|1783552369\n|switch|p2a: Dragapult|Dragapult, L77, M|46/100\n|turn|25\n|inactive|Time left: 300 sec this turn | 300 sec total\n|\n|t:|1783552370\n|switch|p1a: Pelipper|Pelipper, L86, M|203/243\n|-weather|RainDance|[from] ability: Drizzle|[of] p1a: Pelipper\n|move|p2a: Dragapult|Dragon Darts|p1a: Pelipper\n|-damage|p1a: Pelipper|141/243\n|-anim|p2a: Dragapult|Dragon Darts|p1a: Pelipper\n|-damage|p1a: Pelipper|79/243\n|-damage|p2a: Dragapult|36/100|[from] item: Life Orb\n|\n|-weather|RainDance|[upkeep]\n|upkeep\n|turn|26\n|inactive|Time left: 300 sec this turn | 300 sec total\n|\n|t:|1783552372\n|switch|p1a: Mewtwo|Mewtwo, L72|25/272\n|-ability|p1a: Mewtwo|Unnerve\n|move|p2a: Dragapult|Dragon Darts|p1a: Mewtwo\n|-crit|p1a: Mewtwo\n|-damage|p1a: Mewtwo|0 fnt\n|faint|p1a: Mewtwo\n|-damage|p2a: Dragapult|26/100|[from] item: Life Orb\n|\n|-weather|RainDance|[upkeep]\n|upkeep\n|inactive|Time left: 300 sec this turn | 300 sec total | 5 sec grace\n|\n|t:|1783552372\n|switch|p1a: Pelipper|Pelipper, L86, M|79/243\n|turn|27\n|inactive|Time left: 300 sec this turn | 300 sec total\n|\n|t:|1783552373\n|-terastallize|p1a: Pelipper|Water\n|move|p2a: Dragapult|Dragon Darts|p1a: Pelipper\n|-damage|p1a: Pelipper|21/243\n|-anim|p2a: Dragapult|Dragon Darts|p1a: Pelipper\n|-damage|p1a: Pelipper|0 fnt\n|faint|p1a: Pelipper\n|-damage|p2a: Dragapult|17/100|[from] item: Life Orb\n|\n|win|p0y11398ce2", "uploadtime": 1783552373, "views": 0, "rating": 0, "private": 0, "password": null, "_winner": "p0y11398ce2", "_our_name": "p0x1139c6ba"}