{"id": "battle-gen9randombattle-2496", "formatid": "gen9randombattle", "format": "[Gen 9] Random Battle", "players": ["p0x24962d0d", "p0y24969001"], "log": "|init|battle\n|title|p0x24962d0d vs. p0y24969001\n|j|\u2606p0x24962d0d\n|j|\u2606p0y24969001\n|t:|1783568920\n|gametype|singles\n|player|p1|p0x24962d0d|169|\n|player|p2|p0y24969001|169|\n|gen|9\n|tier|[Gen 9] Random Battle\n|rule|Species Clause: Limit one of each Pok\u00e9mon\n|rule|HP Percentage Mod: HP is shown in percentages\n|rule|Sleep Clause Mod: Limit one foe put to sleep\n|rule|Illusion Level Mod: Illusion disguises the Pok\u00e9mon's true level\n|\n|t:|1783568920\n|teamsize|p1|6\n|teamsize|p2|6\n|start\n|switch|p1a: Typhlosion|Typhlosion, L84, M|100/100\n|switch|p2a: Masquerain|Masquerain, L87, M|264/264\n|-ability|p2a: Masquerain|Intimidate|boost\n|-unboost|p1a: Typhlosion|atk|1\n|turn|1\n|inactive|Battle timer is ON: inactive players will automatically lose when time's up. (requested by p0y24969001)\n|\n|t:|1783568921\n|-terastallize|p2a: Masquerain|Ground\n|move|p1a: Typhlosion|Eruption|p2a: Masquerain\n|-damage|p2a: Masquerain|96/264\n|move|p2a: Masquerain|Sticky Web|p1a: Typhlosion\n|-sidestart|p1: p0x24962d0d|move: Sticky Web\n|\n|upkeep\n|turn|2\n|inactive|Time left: 300 sec this turn | 300 sec total\n|inactive|p0x24962d0d also wants the timer to be on.\n|\n|t:|1783568923\n|switch|p2a: Snorlax|Snorlax, L82, F|397/397\n|move|p1a: Typhlosion|Eruption|p2a: Snorlax\n|-damage|p2a: Snorlax|328/397\n|\n|-heal|p2a: Snorlax|352/397|[from] item: Leftovers\n|upkeep\n|turn|3\n|inactive|Time left: 300 sec this turn | 300 sec total\n|\n|t:|1783568924\n|switch|p1a: Glimmora|Glimmora, L75, F|100/100\n|move|p2a: Snorlax|Earthquake|p1a: Glimmora\n|-supereffective|p1a: Glimmora\n|-damage|p1a: Glimmora|0 fnt\n|-activate|p1a: Glimmora|ability: Toxic Debris\n|-sidestart|p2: p0y24969001|move: Toxic Spikes\n|faint|p1a: Glimmora\n|\n|-heal|p2a: Snorlax|376/397|[from] item: Leftovers\n|upkeep\n|\n|t:|1783568925\n|switch|p1a: Shiftry|Shiftry, L89, M|100/100\n|-activate|p1a: Shiftry|move: Sticky Web\n|-unboost|p1a: Shiftry|spe|1\n|turn|4\n|inactive|Time left: 300 sec this turn | 300 sec total\n|\n|t:|1783568926\n|move|p1a: Shiftry|Knock Off|p2a: Snorlax\n|-damage|p2a: Snorlax|173/397\n|-enditem|p2a: Snorlax|Leftovers|[from] move: Knock Off|[of] p1a: Shiftry\n|-damage|p1a: Shiftry|91/100|[from] item: Life Orb\n|move|p2a: Snorlax|Body Slam|p1a: Shiftry\n|-damage|p1a: Shiftry|53/100\n|-status|p1a: Shiftry|par\n|\n|upkeep\n|turn|5\n|inactive|Time left: 300 sec this turn | 300 sec total\n|\n|t:|1783568927\n|move|p2a: Snorlax|Earthquake|p1a: Shiftry\n|-resisted|p1a: Shiftry\n|-damage|p1a: Shiftry|39/100 par\n|move|p1a: Shiftry|Leaf Blade|p2a: Snorlax\n|-damage|p2a: Snorlax|8/397\n|-damage|p1a: Shiftry|29/100 par|[from] item: Life Orb\n|\n|upkeep\n|turn|6\n|inactive|Time left: 300 sec this turn | 300 sec total\n|\n|t:|1783568928\n|move|p2a: Snorlax|Body Slam|p1a: Shiftry\n|-damage|p1a: Shiftry|0 fnt\n|faint|p1a: Shiftry\n|\n|upkeep\n|\n|t:|1783568929\n|switch|p1a: Typhlosion|Typhlosion, L84, M|100/100\n|-activate|p1a: Typhlosion|move: Sticky Web\n|-unboost|p1a: Typhlosion|spe|1\n|turn|7\n|inactive|Time left: 300 sec this turn | 300 sec total\n|\n|t:|1783568930\n|move|p1a: Typhlosion|Eruption|p2a: Snorlax\n|-damage|p2a: Snorlax|0 fnt\n|faint|p2a: Snorlax\n|\n|upkeep\n|inactive|Time left: 300 sec this turn | 300 sec total | 5 sec grace\n|\n|t:|1783568931\n|switch|p2a: Gengar|Gengar, L81, M|230/230\n|-sideend|p2: p0y24969001|move: Toxic Spikes|[of] p2a: Gengar\n|turn|8\n|inactive|Time left: 300 sec this turn | 300 sec total\n|\n|t:|1783568932\n|move|p2a: Gengar|Sludge Wave|p1a: Typhlosion\n|-damage|p1a: Typhlosion|36/100\n|-damage|p2a: Gengar|207/230|[from] item: Life Orb\n|move|p1a: Typhlosion|Eruption|p2a: Gengar\n|-damage|p2a: Gengar|131/230\n|\n|upkeep\n|turn|9\n|inactive|Time left: 300 sec this turn | 300 sec total\n|\n|t:|1783568933\n|move|p2a: Gengar|Shadow Ball|p1a: Typhlosion\n|-damage|p1a: Typhlosion|0 fnt\n|faint|p1a: Typhlosion\n|-damage|p2a: Gengar|108/230|[from] item: Life Orb\n|\n|upkeep\n|\n|t:|1783568934\n|switch|p1a: Wigglytuff|Wigglytuff, L96, M|100/100\n|-activate|p1a: Wigglytuff|move: Sticky Web\n|-unboost|p1a: Wigglytuff|spe|1\n|-ability|p1a: Wigglytuff|Competitive|boost\n|-boost|p1a: Wigglytuff|spa|2\n|turn|10\n|inactive|Time left: 300 sec this turn | 300 sec total\n|\n|t:|1783568935\n|-terastallize|p1a: Wigglytuff|Poison\n|move|p2a: Gengar|Sludge Wave|p1a: Wigglytuff\n|-resisted|p1a: Wigglytuff\n|-damage|p1a: Wigglytuff|77/100\n|-damage|p2a: Gengar|85/230|[from] item: Life Orb\n|move|p1a: Wigglytuff|Alluring Voice|p2a: Gengar\n|-resisted|p2a: Gengar\n|-damage|p2a: Gengar|0 fnt\n|faint|p2a: Gengar\n|\n|-heal|p1a: Wigglytuff|83/100|[from] item: Leftovers\n|upkeep\n|inactive|Time left: 300 sec this turn | 300 sec total | 5 sec grace\n|\n|t:|1783568936\n|switch|p2a: Gothitelle|Gothitelle, L90, F|272/272\n|turn|11\n|inactive|Time left: 300 sec this turn | 300 sec total\n|\n|t:|1783568937\n|move|p2a: Gothitelle|Psychic|p1a: Wigglytuff\n|-supereffective|p1a: Wigglytuff\n|-damage|p1a: Wigglytuff|15/100\n|move|p1a: Wigglytuff|Thunder Wave|p2a: Gothitelle|[miss]\n|-miss|p1a: Wigglytuff|p2a: Gothitelle\n|\n|-heal|p1a: Wigglytuff|21/100|[from] item: Leftovers\n|upkeep\n|turn|12\n|inactive|Time left: 300 sec this turn | 300 sec total\n|\n|t:|1783568938\n|move|p2a: Gothitelle|Psychic|p1a: Wigglytuff\n|-supereffective|p1a: Wigglytuff\n|-damage|p1a: Wigglytuff|0 fnt\n|faint|p1a: Wigglytuff\n|\n|upkeep\n|\n|t:|1783568939\n|switch|p1a: Meganium|Meganium, L90, M|100/100\n|-activate|p1a: Meganium|move: Sticky Web\n|-unboost|p1a: Meganium|spe|1\n|turn|13\n|inactive|Time left: 300 sec this turn | 300 sec total\n|\n|t:|1783568940\n|switch|p2a: Kleavor|Kleavor, L78, F|237/237\n|move|p1a: Meganium|Energy Ball|p2a: Kleavor\n|-crit|p2a: Kleavor\n|-damage|p2a: Kleavor|38/237\n|\n|upkeep\n|turn|14\n|inactive|Time left: 300 sec this turn | 300 sec total\n|\n|t:|1783568941\n|move|p2a: Kleavor|X-Scissor|p1a: Meganium\n|-supereffective|p1a: Meganium\n|-damage|p1a: Meganium|0 fnt\n|faint|p1a: Meganium\n|\n|upkeep\n|\n|t:|1783568942\n|switch|p1a: Iron Boulder|Iron Boulder, L77|100/100\n|-activate|p1a: Iron Boulder|move: Sticky Web\n|-unboost|p1a: Iron Boulder|spe|1\n|turn|15\n|inactive|Time left: 300 sec this turn | 300 sec total\n|\n|t:|1783568943\n|move|p2a: Kleavor|X-Scissor|p1a: Iron Boulder\n|-supereffective|p1a: Iron Boulder\n|-damage|p1a: Iron Boulder|0 fnt\n|faint|p1a: Iron Boulder\n|-end|p1a: Iron Boulder|Quark Drive|[silent]\n|\n|win|p0y24969001", "uploadtime": 1783568943, "views": 0, "rating": 0, "private": 0, "password": null, "_winner": "p0y24969001", "_our_name": "p0y24969001"}