{"id": "battle-gen9randombattle-1290", "formatid": "gen9randombattle", "format": "[Gen 9] Random Battle", "players": ["p0x1290dd0a", "p0y1290abfd"], "log": "|init|battle\n|title|p0x1290dd0a vs. p0y1290abfd\n|j|\u2606p0x1290dd0a\n|j|\u2606p0y1290abfd\n|t:|1783554976\n|gametype|singles\n|player|p1|p0x1290dd0a|102|\n|player|p2|p0y1290abfd|102|\n|gen|9\n|tier|[Gen 9] Random Battle\n|rule|Species Clause: Limit one of each Pok\u00e9mon\n|rule|HP Percentage Mod: HP is shown in percentages\n|rule|Sleep Clause Mod: Limit one foe put to sleep\n|rule|Illusion Level Mod: Illusion disguises the Pok\u00e9mon's true level\n|\n|t:|1783554976\n|teamsize|p1|6\n|teamsize|p2|6\n|start\n|switch|p1a: Emboar|Emboar, L84, M|100/100\n|switch|p2a: Sandslash|Sandslash-Alola, L88, F|275/275\n|turn|1\n|inactive|Battle timer is ON: inactive players will automatically lose when time's up. (requested by p0y1290abfd)\n|inactive|p0x1290dd0a also wants the timer to be on.\n|\n|t:|1783554978\n|-terastallize|p2a: Sandslash|Ground\n|move|p2a: Sandslash|Earthquake|p1a: Emboar\n|-supereffective|p1a: Emboar\n|-damage|p1a: Emboar|11/100\n|move|p1a: Emboar|Flare Blitz|p2a: Sandslash\n|-damage|p2a: Sandslash|142/275\n|-damage|p1a: Emboar|0 fnt|[from] Recoil\n|faint|p1a: Emboar\n|\n|-heal|p2a: Sandslash|159/275|[from] item: Leftovers\n|upkeep\n|\n|t:|1783554979\n|switch|p1a: Keldeo|Keldeo-Resolute, L79|100/100\n|turn|2\n|inactive|Time left: 300 sec this turn | 300 sec total\n|\n|t:|1783554980\n|move|p1a: Keldeo|Hydro Pump|p2a: Sandslash\n|-supereffective|p2a: Sandslash\n|-damage|p2a: Sandslash|0 fnt\n|faint|p2a: Sandslash\n|\n|upkeep\n|inactive|Time left: 300 sec this turn | 300 sec total | 5 sec grace\n|\n|t:|1783554981\n|switch|p2a: Minun|Minun, L95, M|268/268\n|turn|3\n|inactive|Time left: 300 sec this turn | 300 sec total\n|\n|t:|1783554983\n|switch|p1a: Rhydon|Rhydon, L85, M|100/100\n|move|p2a: Minun|Thunderbolt|p1a: Rhydon\n|-ability|p1a: Rhydon|Lightning Rod|boost\n|-boost|p1a: Rhydon|spa|1\n|\n|upkeep\n|turn|4\n|inactive|Time left: 300 sec this turn | 300 sec total\n|\n|t:|1783554984\n|switch|p2a: Hawlucha|Hawlucha, L80, M|256/256\n|-terastallize|p1a: Rhydon|Grass\n|move|p1a: Rhydon|Swords Dance|p1a: Rhydon\n|-boost|p1a: Rhydon|atk|2\n|\n|upkeep\n|turn|5\n|inactive|Time left: 300 sec this turn | 300 sec total\n|\n|t:|1783554985\n|move|p2a: Hawlucha|Acrobatics|p1a: Rhydon\n|-supereffective|p1a: Rhydon\n|-damage|p1a: Rhydon|82/100\n|move|p1a: Rhydon|Stone Edge|p2a: Hawlucha\n|-damage|p2a: Hawlucha|0 fnt\n|faint|p2a: Hawlucha\n|\n|upkeep\n|inactive|Time left: 300 sec this turn | 300 sec total | 5 sec grace\n|\n|t:|1783554986\n|switch|p2a: Minun|Minun, L95, M|268/268\n|turn|6\n|inactive|Time left: 300 sec this turn | 300 sec total\n|\n|t:|1783554987\n|move|p2a: Minun|Encore|p1a: Rhydon\n|-start|p1a: Rhydon|Encore\n|move|p1a: Rhydon|Stone Edge|p2a: Minun\n|-damage|p2a: Minun|0 fnt\n|faint|p2a: Minun\n|\n|upkeep\n|inactive|Time left: 300 sec this turn | 300 sec total | 5 sec grace\n|\n|t:|1783554988\n|switch|p2a: Haxorus|Haxorus, L77, M|244/244\n|-ability|p2a: Haxorus|Mold Breaker\n|turn|7\n|inactive|Time left: 300 sec this turn | 300 sec total\n|\n|t:|1783554990\n|move|p2a: Haxorus|Iron Head|p1a: Rhydon\n|-damage|p1a: Rhydon|71/100\n|cant|p1a: Rhydon|flinch\n|\n|upkeep\n|turn|8\n|inactive|Time left: 300 sec this turn | 300 sec total\n|\n|t:|1783554991\n|move|p2a: Haxorus|Iron Head|p1a: Rhydon\n|-damage|p1a: Rhydon|60/100\n|move|p1a: Rhydon|Stone Edge|p2a: Haxorus\n|-crit|p2a: Haxorus\n|-damage|p2a: Haxorus|0 fnt\n|faint|p2a: Haxorus\n|\n|-end|p1a: Rhydon|Encore\n|upkeep\n|inactive|Time left: 300 sec this turn | 300 sec total | 5 sec grace\n|\n|t:|1783554991\n|switch|p2a: Volbeat|Volbeat, L90, M|263/263\n|turn|9\n|inactive|Time left: 300 sec this turn | 300 sec total\n|\n|t:|1783554993\n|move|p2a: Volbeat|Encore|p1a: Rhydon\n|-start|p1a: Rhydon|Encore\n|move|p1a: Rhydon|Stone Edge|p2a: Volbeat\n|-supereffective|p2a: Volbeat\n|-damage|p2a: Volbeat|0 fnt\n|faint|p2a: Volbeat\n|\n|upkeep\n|inactive|Time left: 300 sec this turn | 300 sec total | 5 sec grace\n|\n|t:|1783554994\n|switch|p2a: Torkoal|Torkoal, L88, M|266/266\n|-weather|SunnyDay|[from] ability: Drought|[of] p2a: Torkoal\n|turn|10\n|inactive|Time left: 300 sec this turn | 300 sec total\n|\n|t:|1783554995\n|move|p1a: Rhydon|Stone Edge|p2a: Torkoal\n|-supereffective|p2a: Torkoal\n|-crit|p2a: Torkoal\n|-damage|p2a: Torkoal|0 fnt\n|faint|p2a: Torkoal\n|\n|win|p0x1290dd0a", "uploadtime": 1783554995, "views": 0, "rating": 0, "private": 0, "password": null, "_winner": "p0x1290dd0a", "_our_name": "p0y1290abfd"}