{"id": "battle-gen9randombattle-2028", "formatid": "gen9randombattle", "format": "[Gen 9] Random Battle", "players": ["p0x20294b58", "p0y202979f3"], "log": "|init|battle\n|title|p0x20294b58 vs. p0y202979f3\n|j|\u2606p0x20294b58\n|j|\u2606p0y202979f3\n|t:|1783563497\n|gametype|singles\n|player|p1|p0x20294b58|266|\n|player|p2|p0y202979f3|169|\n|gen|9\n|tier|[Gen 9] Random Battle\n|rule|Species Clause: Limit one of each Pok\u00e9mon\n|rule|HP Percentage Mod: HP is shown in percentages\n|rule|Sleep Clause Mod: Limit one foe put to sleep\n|rule|Illusion Level Mod: Illusion disguises the Pok\u00e9mon's true level\n|\n|t:|1783563497\n|teamsize|p1|6\n|teamsize|p2|6\n|start\n|switch|p1a: Skarmory|Skarmory, L80, M|235/235\n|switch|p2a: Furret|Furret, L94, F|100/100\n|-item|p1a: Skarmory|Leftovers|[from] ability: Frisk|[of] p2a: Furret\n|turn|1\n|inactive|Battle timer is ON: inactive players will automatically lose when time's up. (requested by p0y202979f3)\n|inactive|Time left: 300 sec this turn | 300 sec total | 60 sec grace\n|\n|t:|1783563498\n|move|p2a: Furret|Knock Off|p1a: Skarmory\n|-damage|p1a: Skarmory|164/235\n|-enditem|p1a: Skarmory|Leftovers|[from] move: Knock Off|[of] p2a: Furret\n|move|p1a: Skarmory|Stealth Rock|p2a: Furret\n|-sidestart|p2: p0y202979f3|move: Stealth Rock\n|\n|upkeep\n|turn|2\n|inactive|Time left: 300 sec this turn | 300 sec total\n|inactive|p0x20294b58 also wants the timer to be on.\n|\n|t:|1783563500\n|move|p2a: Furret|Knock Off|p1a: Skarmory\n|-damage|p1a: Skarmory|115/235\n|move|p1a: Skarmory|Roost|p1a: Skarmory\n|-heal|p1a: Skarmory|233/235\n|-singleturn|p1a: Skarmory|move: Roost\n|\n|upkeep\n|turn|3\n|inactive|Time left: 300 sec this turn | 300 sec total\n|\n|t:|1783563501\n|move|p2a: Furret|Knock Off|p1a: Skarmory\n|-damage|p1a: Skarmory|184/235\n|move|p1a: Skarmory|Body Press|p2a: Furret\n|-supereffective|p2a: Furret\n|-damage|p2a: Furret|52/100\n|\n|upkeep\n|turn|4\n|inactive|Time left: 300 sec this turn | 300 sec total\n|\n|t:|1783563502\n|move|p2a: Furret|Knock Off|p1a: Skarmory\n|-damage|p1a: Skarmory|133/235\n|move|p1a: Skarmory|Body Press|p2a: Furret\n|-supereffective|p2a: Furret\n|-damage|p2a: Furret|0 fnt\n|faint|p2a: Furret\n|\n|upkeep\n|\n|t:|1783563503\n|switch|p2a: Falinks|Falinks, L84|100/100\n|-damage|p2a: Falinks|94/100|[from] Stealth Rock\n|turn|5\n|inactive|Time left: 300 sec this turn | 300 sec total\n|\n|t:|1783563504\n|move|p2a: Falinks|No Retreat|p2a: Falinks\n|-boost|p2a: Falinks|atk|1\n|-boost|p2a: Falinks|def|1\n|-boost|p2a: Falinks|spa|1\n|-boost|p2a: Falinks|spd|1\n|-boost|p2a: Falinks|spe|1\n|-start|p2a: Falinks|move: No Retreat\n|move|p1a: Skarmory|Brave Bird|p2a: Falinks\n|-supereffective|p2a: Falinks\n|-damage|p2a: Falinks|42/100\n|-damage|p1a: Skarmory|91/235|[from] Recoil\n|\n|upkeep\n|turn|6\n|inactive|Time left: 300 sec this turn | 300 sec total\n|\n|t:|1783563505\n|move|p2a: Falinks|Close Combat|p1a: Skarmory\n|-damage|p1a: Skarmory|0 fnt\n|-unboost|p2a: Falinks|def|1\n|-unboost|p2a: Falinks|spd|1\n|faint|p1a: Skarmory\n|-damage|p2a: Falinks|33/100|[from] item: Life Orb\n|\n|upkeep\n|inactive|Time left: 300 sec this turn | 300 sec total | 5 sec grace\n|\n|t:|1783563506\n|switch|p1a: Persian|Persian, L92, M|269/269\n|turn|7\n|inactive|Time left: 300 sec this turn | 300 sec total\n|\n|t:|1783563507\n|-terastallize|p2a: Falinks|Steel\n|move|p1a: Persian|Fake Out|p2a: Falinks\n|-resisted|p2a: Falinks\n|-damage|p2a: Falinks|20/100\n|cant|p2a: Falinks|flinch\n|\n|upkeep\n|turn|8\n|inactive|Time left: 300 sec this turn | 300 sec total\n|\n|t:|1783563508\n|move|p1a: Persian|Knock Off|p2a: Falinks\n|-damage|p2a: Falinks|0 fnt\n|-enditem|p2a: Falinks|Life Orb|[from] move: Knock Off|[of] p1a: Persian\n|faint|p2a: Falinks\n|\n|upkeep\n|\n|t:|1783563509\n|switch|p2a: Ting-Lu|Ting-Lu, L78|100/100\n|-damage|p2a: Ting-Lu|94/100|[from] Stealth Rock\n|-ability|p2a: Ting-Lu|Vessel of Ruin\n|turn|9\n|inactive|Time left: 300 sec this turn | 300 sec total\n|\n|t:|1783563510\n|move|p1a: Persian|U-turn|p2a: Ting-Lu\n|-supereffective|p2a: Ting-Lu\n|-damage|p2a: Ting-Lu|72/100\n|inactive|Time left: 300 sec this turn | 300 sec total | 5 sec grace\n|\n|t:|1783563511\n|switch|p1a: Articuno|Articuno, L86|295/295|[from] U-turn\n|-ability|p1a: Articuno|Pressure\n|move|p2a: Ting-Lu|Throat Chop|p1a: Articuno\n|-crit|p1a: Articuno\n|-damage|p1a: Articuno|186/295\n|-start|p1a: Articuno|Throat Chop|[silent]\n|\n|-heal|p2a: Ting-Lu|78/100|[from] item: Leftovers\n|upkeep\n|turn|10\n|inactive|Time left: 300 sec this turn | 300 sec total\n|\n|t:|1783563512\n|move|p1a: Articuno|Freeze-Dry|p2a: Ting-Lu\n|-supereffective|p2a: Ting-Lu\n|-damage|p2a: Ting-Lu|44/100\n|move|p2a: Ting-Lu|Throat Chop|p1a: Articuno\n|-damage|p1a: Articuno|113/295\n|\n|-heal|p2a: Ting-Lu|50/100|[from] item: Leftovers\n|-end|p1a: Articuno|Throat Chop|[silent]\n|upkeep\n|turn|11\n|inactive|Time left: 300 sec this turn | 300 sec total\n|\n|t:|1783563513\n|move|p1a: Articuno|Freeze-Dry|p2a: Ting-Lu\n|-supereffective|p2a: Ting-Lu\n|-damage|p2a: Ting-Lu|14/100\n|move|p2a: Ting-Lu|Throat Chop|p1a: Articuno\n|-crit|p1a: Articuno\n|-damage|p1a: Articuno|8/295\n|-start|p1a: Articuno|Throat Chop|[silent]\n|\n|-heal|p2a: Ting-Lu|20/100|[from] item: Leftovers\n|upkeep\n|turn|12\n|inactive|Time left: 300 sec this turn | 300 sec total\n|\n|t:|1783563515\n|switch|p2a: Carbink|Carbink, L90|100/100\n|-damage|p2a: Carbink|88/100|[from] Stealth Rock\n|move|p1a: Articuno|Roost|p1a: Articuno\n|-heal|p1a: Articuno|156/295\n|-singleturn|p1a: Articuno|move: Roost\n|\n|-end|p1a: Articuno|Throat Chop|[silent]\n|upkeep\n|turn|13\n|inactive|Time left: 300 sec this turn | 300 sec total\n|\n|t:|1783563516\n|move|p1a: Articuno|Roost|p1a: Articuno\n|-heal|p1a: Articuno|295/295\n|-singleturn|p1a: Articuno|move: Roost\n|move|p2a: Carbink|Body Press|p1a: Articuno\n|-supereffective|p1a: Articuno\n|-damage|p1a: Articuno|143/295\n|\n|upkeep\n|turn|14\n|inactive|Time left: 300 sec this turn | 300 sec total\n|\n|t:|1783563517\n|move|p1a: Articuno|Roost|p1a: Articuno\n|-heal|p1a: Articuno|291/295\n|-singleturn|p1a: Articuno|move: Roost\n|move|p2a: Carbink|Body Press|p1a: Articuno\n|-supereffective|p1a: Articuno\n|-crit|p1a: Articuno\n|-damage|p1a: Articuno|27/295\n|\n|upkeep\n|turn|15\n|inactive|Time left: 300 sec this turn | 300 sec total\n|\n|t:|1783563518\n|move|p1a: Articuno|Roost|p1a: Articuno\n|-heal|p1a: Articuno|175/295\n|-singleturn|p1a: Articuno|move: Roost\n|move|p2a: Carbink|Body Press|p1a: Articuno\n|-supereffective|p1a: Articuno\n|-damage|p1a: Articuno|21/295\n|\n|upkeep\n|turn|16\n|inactive|Time left: 300 sec this turn | 300 sec total\n|\n|t:|1783563519\n|move|p1a: Articuno|Roost|p1a: Articuno\n|-heal|p1a: Articuno|169/295\n|-singleturn|p1a: Articuno|move: Roost\n|move|p2a: Carbink|Body Press|p1a: Articuno\n|-supereffective|p1a: Articuno\n|-damage|p1a: Articuno|0 fnt\n|faint|p1a: Articuno\n|\n|upkeep\n|inactive|Time left: 300 sec this turn | 300 sec total | 5 sec grace\n|\n|t:|1783563520\n|switch|p1a: Galvantula|Galvantula, L82, M|249/249\n|turn|17\n|inactive|Time left: 300 sec this turn | 300 sec total\n|\n|t:|1783563521\n|move|p1a: Galvantula|Sticky Web|p2a: Carbink\n|-sidestart|p2: p0y202979f3|move: Sticky Web\n|move|p2a: Carbink|Moonblast|p1a: Galvantula\n|-damage|p1a: Galvantula|147/249\n|\n|upkeep\n|turn|18\n|inactive|Time left: 300 sec this turn | 300 sec total\n|\n|t:|1783563522\n|move|p1a: Galvantula|Thunder|p2a: Carbink\n|-damage|p2a: Carbink|59/100\n|move|p2a: Carbink|Moonblast|p1a: Galvantula\n|-damage|p1a: Galvantula|47/249\n|-unboost|p1a: Galvantula|spa|1\n|\n|upkeep\n|turn|19\n|inactive|Time left: 300 sec this turn | 300 sec total\n|\n|t:|1783563523\n|move|p1a: Galvantula|Volt Switch|p2a: Carbink\n|-damage|p2a: Carbink|47/100\n|inactive|Time left: 300 sec this turn | 300 sec total | 5 sec grace\n|\n|t:|1783563524\n|switch|p1a: Carbink|Carbink, L90|236/236|[from] Volt Switch\n|move|p2a: Carbink|Moonblast|p1a: Carbink\n|-damage|p1a: Carbink|194/236\n|\n|-heal|p1a: Carbink|208/236|[from] item: Leftovers\n|upkeep\n|turn|20\n|inactive|Time left: 300 sec this turn | 300 sec total\n|\n|t:|1783563525\n|move|p2a: Carbink|Iron Defense|p2a: Carbink\n|-boost|p2a: Carbink|def|2\n|move|p1a: Carbink|Rock Polish|p1a: Carbink\n|-boost|p1a: Carbink|spe|2\n|\n|-heal|p1a: Carbink|222/236|[from] item: Leftovers\n|upkeep\n|turn|21\n|inactive|Time left: 300 sec this turn | 300 sec total\n|\n|t:|1783563526\n|move|p1a: Carbink|Iron Defense|p1a: Carbink\n|-boost|p1a: Carbink|def|2\n|move|p2a: Carbink|Rest|p2a: Carbink\n|-status|p2a: Carbink|slp|[from] move: Rest\n|-heal|p2a: Carbink|100/100 slp|[silent]\n|-enditem|p2a: Carbink|Chesto Berry|[eat]\n|-curestatus|p2a: Carbink|slp|[msg]\n|\n|-heal|p1a: Carbink|236/236|[from] item: Leftovers\n|upkeep\n|turn|22\n|inactive|Time left: 300 sec this turn | 300 sec total\n|\n|t:|1783563526\n|move|p1a: Carbink|Moonblast|p2a: Carbink\n|-damage|p2a: Carbink|81/100\n|move|p2a: Carbink|Moonblast|p1a: Carbink\n|-damage|p1a: Carbink|191/236\n|-unboost|p1a: Carbink|spa|1\n|\n|-heal|p1a: Carbink|205/236|[from] item: Leftovers\n|upkeep\n|turn|23\n|inactive|Time left: 300 sec this turn | 300 sec total\n|\n|t:|1783563527\n|move|p1a: Carbink|Iron Defense|p1a: Carbink\n|-boost|p1a: Carbink|def|2\n|move|p2a: Carbink|Moonblast|p1a: Carbink\n|-damage|p1a: Carbink|160/236\n|\n|-heal|p1a: Carbink|174/236|[from] item: Leftovers\n|upkeep\n|turn|24\n|inactive|Time left: 300 sec this turn | 300 sec total\n|\n|t:|1783563528\n|move|p1a: Carbink|Body Press|p2a: Carbink\n|-damage|p2a: Carbink|48/100\n|move|p2a: Carbink|Moonblast|p1a: Carbink\n|-damage|p1a: Carbink|126/236\n|\n|-heal|p1a: Carbink|140/236|[from] item: Leftovers\n|upkeep\n|turn|25\n|inactive|Time left: 300 sec this turn | 300 sec total\n|\n|t:|1783563529\n|-terastallize|p1a: Carbink|Fighting\n|move|p1a: Carbink|Body Press|p2a: Carbink\n|-damage|p2a: Carbink|0 fnt\n|faint|p2a: Carbink\n|\n|-heal|p1a: Carbink|154/236|[from] item: Leftovers\n|upkeep\n|\n|t:|1783563530\n|switch|p2a: Ting-Lu|Ting-Lu, L78|20/100\n|-damage|p2a: Ting-Lu|14/100|[from] Stealth Rock\n|-activate|p2a: Ting-Lu|move: Sticky Web\n|-unboost|p2a: Ting-Lu|spe|1\n|-ability|p2a: Ting-Lu|Vessel of Ruin\n|turn|26\n|inactive|Time left: 300 sec this turn | 300 sec total\n|\n|t:|1783563531\n|move|p1a: Carbink|Body Press|p2a: Ting-Lu\n|-supereffective|p2a: Ting-Lu\n|-damage|p2a: Ting-Lu|0 fnt\n|faint|p2a: Ting-Lu\n|\n|-heal|p1a: Carbink|168/236|[from] item: Leftovers\n|upkeep\n|\n|t:|1783563531\n|switch|p2a: Staraptor|Staraptor, L79, F|100/100\n|-damage|p2a: Staraptor|76/100|[from] Stealth Rock\n|turn|27\n|inactive|Time left: 300 sec this turn | 300 sec total\n|\n|t:|1783563532\n|move|p1a: Carbink|Body Press|p2a: Staraptor\n|-damage|p2a: Staraptor|0 fnt\n|faint|p2a: Staraptor\n|\n|-heal|p1a: Carbink|182/236|[from] item: Leftovers\n|upkeep\n|\n|t:|1783563533\n|switch|p2a: Mamoswine|Mamoswine, L81, F|100/100\n|-damage|p2a: Mamoswine|88/100|[from] Stealth Rock\n|-activate|p2a: Mamoswine|move: Sticky Web\n|-unboost|p2a: Mamoswine|spe|1\n|turn|28\n|inactive|Time left: 300 sec this turn | 300 sec total\n|\n|t:|1783563534\n|move|p2a: Mamoswine|Ice Shard|p1a: Carbink\n|-damage|p1a: Carbink|166/236\n|-damage|p2a: Mamoswine|78/100|[from] item: Life Orb\n|move|p1a: Carbink|Body Press|p2a: Mamoswine\n|-supereffective|p2a: Mamoswine\n|-damage|p2a: Mamoswine|0 fnt\n|faint|p2a: Mamoswine\n|\n|win|p0x20294b58", "uploadtime": 1783563534, "views": 0, "rating": 0, "private": 0, "password": null, "_winner": "p0x20294b58", "_our_name": "p0x20294b58"}