{"id": "battle-gen9randombattle-1704", "formatid": "gen9randombattle", "format": "[Gen 9] Random Battle", "players": ["p0x170322f2", "p0y170384a4"], "log": "|init|battle\n|title|p0x170322f2 vs. p0y170384a4\n|j|\u2606p0x170322f2\n|j|\u2606p0y170384a4\n|t:|1783559755\n|gametype|singles\n|player|p1|p0x170322f2|1|\n|player|p2|p0y170384a4|1|\n|gen|9\n|tier|[Gen 9] Random Battle\n|rule|Species Clause: Limit one of each Pok\u00e9mon\n|rule|HP Percentage Mod: HP is shown in percentages\n|rule|Sleep Clause Mod: Limit one foe put to sleep\n|rule|Illusion Level Mod: Illusion disguises the Pok\u00e9mon's true level\n|\n|t:|1783559755\n|teamsize|p1|6\n|teamsize|p2|6\n|start\n|switch|p1a: Ribombee|Ribombee, L83, F|235/235\n|switch|p2a: Zangoose|Zangoose, L85, F|100/100\n|turn|1\n|inactive|Battle timer is ON: inactive players will automatically lose when time's up. (requested by p0x170322f2)\n|inactive|p0y170384a4 also wants the timer to be on.\n|\n|t:|1783559756\n|move|p1a: Ribombee|Moonblast|p2a: Zangoose\n|-damage|p2a: Zangoose|54/100\n|move|p2a: Zangoose|Facade|p1a: Ribombee\n|-damage|p1a: Ribombee|121/235\n|\n|-status|p2a: Zangoose|tox|[from] item: Toxic Orb\n|upkeep\n|turn|2\n|inactive|Time left: 300 sec this turn | 300 sec total\n|\n|t:|1783559757\n|move|p1a: Ribombee|Moonblast|p2a: Zangoose\n|-damage|p2a: Zangoose|7/100 tox\n|move|p2a: Zangoose|Facade|p1a: Ribombee\n|-damage|p1a: Ribombee|0 fnt\n|faint|p1a: Ribombee\n|\n|-damage|p2a: Zangoose|1/100 tox|[from] psn\n|upkeep\n|inactive|Time left: 300 sec this turn | 300 sec total | 5 sec grace\n|\n|t:|1783559757\n|switch|p1a: Abomasnow|Abomasnow, L84, F|287/287\n|-weather|Snowscape|[from] ability: Snow Warning|[of] p1a: Abomasnow\n|turn|3\n|inactive|Time left: 300 sec this turn | 300 sec total\n|\n|t:|1783559758\n|move|p2a: Zangoose|Facade|p1a: Abomasnow\n|-damage|p1a: Abomasnow|85/287\n|move|p1a: Abomasnow|Aurora Veil|p1a: Abomasnow\n|-sidestart|p1: p0x170322f2|move: Aurora Veil\n|\n|-weather|Snowscape|[upkeep]\n|-damage|p2a: Zangoose|0 fnt|[from] psn\n|faint|p2a: Zangoose\n|upkeep\n|\n|t:|1783559759\n|switch|p2a: Kricketune|Kricketune, L99, M|100/100\n|turn|4\n|inactive|Time left: 300 sec this turn | 300 sec total\n|\n|t:|1783559760\n|switch|p1a: Miraidon|Miraidon, L65|238/238\n|-fieldstart|move: Electric Terrain|[from] ability: Hadron Engine|[of] p1a: Miraidon\n|move|p2a: Kricketune|Sticky Web|p1a: Miraidon\n|-sidestart|p1: p0x170322f2|move: Sticky Web\n|\n|-weather|Snowscape|[upkeep]\n|upkeep\n|turn|5\n|inactive|Time left: 300 sec this turn | 300 sec total\n|\n|t:|1783559761\n|switch|p2a: Alcremie|Alcremie-Lemon-Cream, L90, F|100/100\n|move|p1a: Miraidon|Electro Drift|p2a: Alcremie\n|-damage|p2a: Alcremie|39/100\n|\n|-weather|Snowscape|[upkeep]\n|-heal|p2a: Alcremie|45/100|[from] item: Leftovers\n|upkeep\n|turn|6\n|inactive|Time left: 300 sec this turn | 300 sec total\n|\n|t:|1783559762\n|-terastallize|p2a: Alcremie|Ground\n|move|p1a: Miraidon|Electro Drift|p2a: Alcremie\n|-immune|p2a: Alcremie\n|move|p2a: Alcremie|Recover|p2a: Alcremie\n|-heal|p2a: Alcremie|95/100\n|\n|-weather|Snowscape|[upkeep]\n|-heal|p2a: Alcremie|100/100|[from] item: Leftovers\n|upkeep\n|turn|7\n|inactive|Time left: 300 sec this turn | 300 sec total\n|\n|t:|1783559763\n|switch|p1a: Kingdra|Kingdra, L84, M|263/263\n|-activate|p1a: Kingdra|move: Sticky Web\n|-unboost|p1a: Kingdra|spe|1\n|move|p2a: Alcremie|Calm Mind|p2a: Alcremie\n|-boost|p2a: Alcremie|spa|1\n|-boost|p2a: Alcremie|spd|1\n|\n|-weather|none\n|upkeep\n|turn|8\n|inactive|Time left: 300 sec this turn | 300 sec total\n|\n|t:|1783559764\n|move|p2a: Alcremie|Alluring Voice|p1a: Kingdra\n|-supereffective|p1a: Kingdra\n|-damage|p1a: Kingdra|104/263\n|move|p1a: Kingdra|Wave Crash|p2a: Alcremie\n|-supereffective|p2a: Alcremie\n|-damage|p2a: Alcremie|0 fnt\n|faint|p2a: Alcremie\n|-damage|p1a: Kingdra|17/263|[from] Recoil\n|-damage|p1a: Kingdra|0 fnt|[from] item: Life Orb\n|faint|p1a: Kingdra\n|\n|-fieldend|move: Electric Terrain\n|upkeep\n|inactive|Time left: 300 sec this turn | 300 sec total | 5 sec grace\n|\n|t:|1783559765\n|switch|p1a: Miraidon|Miraidon, L65|238/238\n|switch|p2a: Kingdra|Kingdra, L84, F|100/100\n|-activate|p1a: Miraidon|move: Sticky Web\n|-unboost|p1a: Miraidon|spe|1\n|-fieldstart|move: Electric Terrain|[from] ability: Hadron Engine|[of] p1a: Miraidon\n|turn|9\n|inactive|Time left: 300 sec this turn | 300 sec total\n|\n|t:|1783559766\n|-terastallize|p1a: Miraidon|Electric\n|move|p2a: Kingdra|Outrage|p1a: Miraidon\n|-damage|p1a: Miraidon|168/238\n|move|p1a: Miraidon|Electro Drift|p2a: Kingdra\n|-damage|p2a: Kingdra|3/100\n|\n|upkeep\n|turn|10\n|inactive|Time left: 300 sec this turn | 300 sec total\n|\n|t:|1783559767\n|switch|p1a: Kingambit|Kingambit, L74, M|270/270\n|-activate|p1a: Kingambit|move: Sticky Web\n|-unboost|p1a: Kingambit|spe|1\n|-activate|p1a: Kingambit|ability: Supreme Overlord\n|-start|p1a: Kingambit|fallen2|[silent]\n|move|p2a: Kingdra|Outrage|p1a: Kingambit|[from] lockedmove\n|-resisted|p1a: Kingambit\n|-damage|p1a: Kingambit|241/270\n|-start|p2a: Kingdra|confusion|[fatigue]\n|-enditem|p2a: Kingdra|Lum Berry|[eat]\n|-end|p2a: Kingdra|confusion\n|\n|-heal|p1a: Kingambit|257/270|[from] item: Leftovers\n|-sideend|p1: p0x170322f2|move: Aurora Veil\n|upkeep\n|turn|11\n|inactive|Time left: 300 sec this turn | 300 sec total\n|\n|t:|1783559768\n|move|p2a: Kingdra|Outrage|p1a: Kingambit\n|-resisted|p1a: Kingambit\n|-damage|p1a: Kingambit|202/270\n|move|p1a: Kingambit|Swords Dance|p1a: Kingambit\n|-boost|p1a: Kingambit|atk|2\n|\n|-heal|p1a: Kingambit|218/270|[from] item: Leftovers\n|upkeep\n|turn|12\n|inactive|Time left: 300 sec this turn | 300 sec total\n|\n|t:|1783559769\n|move|p2a: Kingdra|Outrage|p1a: Kingambit|[from] lockedmove\n|-resisted|p1a: Kingambit\n|-damage|p1a: Kingambit|164/270\n|move|p1a: Kingambit|Swords Dance|p1a: Kingambit\n|-boost|p1a: Kingambit|atk|2\n|\n|-heal|p1a: Kingambit|180/270|[from] item: Leftovers\n|upkeep\n|turn|13\n|inactive|Time left: 300 sec this turn | 300 sec total\n|\n|t:|1783559770\n|move|p2a: Kingdra|Outrage|p1a: Kingambit|[from] lockedmove\n|-resisted|p1a: Kingambit\n|-damage|p1a: Kingambit|126/270\n|-start|p2a: Kingdra|confusion|[fatigue]\n|move|p1a: Kingambit|Swords Dance|p1a: Kingambit\n|-boost|p1a: Kingambit|atk|2\n|\n|-heal|p1a: Kingambit|142/270|[from] item: Leftovers\n|-fieldend|move: Electric Terrain\n|upkeep\n|turn|14\n|inactive|Time left: 300 sec this turn | 300 sec total\n|\n|t:|1783559771\n|move|p1a: Kingambit|Sucker Punch|p2a: Kingdra\n|-damage|p2a: Kingdra|0 fnt\n|faint|p2a: Kingdra\n|\n|-heal|p1a: Kingambit|158/270|[from] item: Leftovers\n|upkeep\n|\n|t:|1783559772\n|switch|p2a: Iron Bundle|Iron Bundle, L78|100/100\n|turn|15\n|inactive|Time left: 300 sec this turn | 300 sec total\n|\n|t:|1783559772\n|move|p1a: Kingambit|Sucker Punch||[still]\n|-fail|p1a: Kingambit\n|move|p2a: Iron Bundle|Encore|p1a: Kingambit\n|-start|p1a: Kingambit|Encore\n|\n|-heal|p1a: Kingambit|174/270|[from] item: Leftovers\n|upkeep\n|turn|16\n|inactive|Time left: 300 sec this turn | 300 sec total\n|\n|t:|1783559773\n|-end|p2a: Iron Bundle|Quark Drive|[silent]\n|switch|p2a: Kricketune|Kricketune, L99, M|100/100\n|move|p1a: Kingambit|Sucker Punch||[still]\n|-fail|p1a: Kingambit\n|\n|-heal|p1a: Kingambit|190/270|[from] item: Leftovers\n|upkeep\n|turn|17\n|inactive|Time left: 300 sec this turn | 300 sec total\n|\n|t:|1783559774\n|switch|p2a: Iron Bundle|Iron Bundle, L78|100/100\n|move|p1a: Kingambit|Sucker Punch||[still]\n|-fail|p1a: Kingambit\n|\n|-heal|p1a: Kingambit|206/270|[from] item: Leftovers\n|upkeep\n|turn|18\n|inactive|Time left: 300 sec this turn | 300 sec total\n|\n|t:|1783559775\n|move|p1a: Kingambit|Sucker Punch||[still]\n|-fail|p1a: Kingambit\n|move|p2a: Iron Bundle|Encore||[still]\n|-fail|p2a: Iron Bundle\n|\n|-heal|p1a: Kingambit|222/270|[from] item: Leftovers\n|-end|p1a: Kingambit|Encore\n|upkeep\n|turn|19\n|inactive|Time left: 300 sec this turn | 300 sec total\n|\n|t:|1783559776\n|move|p2a: Iron Bundle|Encore|p1a: Kingambit\n|-start|p1a: Kingambit|Encore\n|move|p1a: Kingambit|Sucker Punch||[still]\n|-fail|p1a: Kingambit\n|\n|-heal|p1a: Kingambit|238/270|[from] item: Leftovers\n|upkeep\n|turn|20\n|inactive|Time left: 300 sec this turn | 300 sec total\n|\n|t:|1783559777\n|move|p1a: Kingambit|Sucker Punch||[still]\n|-fail|p1a: Kingambit\n|move|p2a: Iron Bundle|Encore||[still]\n|-fail|p2a: Iron Bundle\n|\n|-heal|p1a: Kingambit|254/270|[from] item: Leftovers\n|upkeep\n|turn|21\n|inactive|Time left: 300 sec this turn | 300 sec total\n|\n|t:|1783559778\n|move|p1a: Kingambit|Sucker Punch||[still]\n|-fail|p1a: Kingambit\n|move|p2a: Iron Bundle|Encore||[still]\n|-fail|p2a: Iron Bundle\n|\n|-heal|p1a: Kingambit|270/270|[from] item: Leftovers\n|-end|p1a: Kingambit|Encore\n|upkeep\n|turn|22\n|inactive|Time left: 300 sec this turn | 300 sec total\n|\n|t:|1783559779\n|-end|p1a: Kingambit|fallen2|[silent]\n|switch|p1a: Miraidon|Miraidon, L65, tera:Electric|168/238\n|-activate|p1a: Miraidon|move: Sticky Web\n|-unboost|p1a: Miraidon|spe|1\n|-fieldstart|move: Electric Terrain|[from] ability: Hadron Engine|[of] p1a: Miraidon\n|-activate|p2a: Iron Bundle|ability: Quark Drive\n|-start|p2a: Iron Bundle|quarkdrivespe\n|move|p2a: Iron Bundle|Encore||[still]\n|-fail|p2a: Iron Bundle\n|\n|upkeep\n|turn|23\n|inactive|Time left: 300 sec this turn | 300 sec total\n|\n|t:|1783559780\n|move|p2a: Iron Bundle|Ice Beam|p1a: Miraidon\n|-damage|p1a: Miraidon|65/238\n|move|p1a: Miraidon|Electro Drift|p2a: Iron Bundle\n|-supereffective|p2a: Iron Bundle\n|-damage|p2a: Iron Bundle|0 fnt\n|faint|p2a: Iron Bundle\n|-end|p2a: Iron Bundle|Quark Drive|[silent]\n|\n|upkeep\n|\n|t:|1783559781\n|switch|p2a: Kricketune|Kricketune, L99, M|100/100\n|turn|24\n|inactive|Time left: 300 sec this turn | 300 sec total\n|\n|t:|1783559782\n|switch|p1a: Kingambit|Kingambit, L74, M|270/270\n|-activate|p1a: Kingambit|move: Sticky Web\n|-unboost|p1a: Kingambit|spe|1\n|-activate|p1a: Kingambit|ability: Supreme Overlord\n|-start|p1a: Kingambit|fallen2|[silent]\n|move|p2a: Kricketune|Knock Off|p1a: Kingambit\n|-resisted|p1a: Kingambit\n|-damage|p1a: Kingambit|234/270\n|-enditem|p1a: Kingambit|Leftovers|[from] move: Knock Off|[of] p2a: Kricketune\n|\n|upkeep\n|turn|25\n|inactive|Time left: 300 sec this turn | 300 sec total\n|\n|t:|1783559783\n|switch|p2a: Weezing|Weezing, L88, M|100/100\n|move|p1a: Kingambit|Swords Dance|p1a: Kingambit\n|-boost|p1a: Kingambit|atk|2\n|\n|upkeep\n|turn|26\n|inactive|Time left: 300 sec this turn | 300 sec total\n|\n|t:|1783559784\n|move|p2a: Weezing|Fire Blast|p1a: Kingambit\n|-supereffective|p1a: Kingambit\n|-damage|p1a: Kingambit|46/270\n|move|p1a: Kingambit|Iron Head|p2a: Weezing\n|-damage|p2a: Weezing|41/100\n|\n|-heal|p2a: Weezing|47/100|[from] item: Leftovers\n|-fieldend|move: Electric Terrain\n|upkeep\n|turn|27\n|inactive|Time left: 300 sec this turn | 300 sec total\n|\n|t:|1783559784\n|move|p2a: Weezing|Fire Blast|p1a: Kingambit\n|-supereffective|p1a: Kingambit\n|-damage|p1a: Kingambit|0 fnt\n|faint|p1a: Kingambit\n|-end|p1a: Kingambit|fallen2|[silent]\n|\n|-heal|p2a: Weezing|53/100|[from] item: Leftovers\n|upkeep\n|inactive|Time left: 300 sec this turn | 300 sec total | 5 sec grace\n|\n|t:|1783559785\n|switch|p1a: Milotic|Milotic, L83, M|293/293\n|-activate|p1a: Milotic|move: Sticky Web\n|-unboost|p1a: Milotic|spe|1\n|-ability|p1a: Milotic|Competitive|boost\n|-boost|p1a: Milotic|spa|2\n|turn|28\n|inactive|Time left: 300 sec this turn | 300 sec total\n|\n|t:|1783559786\n|move|p2a: Weezing|Pain Split|p1a: Milotic\n|-sethp|p1a: Milotic|214/293|[from] move: Pain Split|[silent]\n|-sethp|p2a: Weezing|83/100|[from] move: Pain Split\n|move|p1a: Milotic|Ice Beam|p2a: Weezing\n|-damage|p2a: Weezing|32/100\n|\n|-heal|p2a: Weezing|38/100|[from] item: Leftovers\n|-heal|p1a: Milotic|232/293|[from] item: Leftovers\n|upkeep\n|turn|29\n|inactive|Time left: 300 sec this turn | 300 sec total\n|\n|t:|1783559786\n|move|p2a: Weezing|Sludge Bomb|p1a: Milotic\n|-damage|p1a: Milotic|157/293\n|move|p1a: Milotic|Scald|p2a: Weezing\n|-damage|p2a: Weezing|0 fnt\n|faint|p2a: Weezing\n|\n|-heal|p1a: Milotic|175/293|[from] item: Leftovers\n|upkeep\n|\n|t:|1783559787\n|switch|p2a: Kricketune|Kricketune, L99, M|100/100\n|turn|30\n|inactive|Time left: 300 sec this turn | 300 sec total\n|\n|t:|1783559788\n|move|p2a: Kricketune|Taunt|p1a: Milotic\n|-start|p1a: Milotic|move: Taunt\n|cant|p1a: Milotic|move: Taunt|Recover\n|\n|-heal|p1a: Milotic|193/293|[from] item: Leftovers\n|upkeep\n|turn|31\n|inactive|Time left: 300 sec this turn | 300 sec total\n|\n|t:|1783559788\n|move|p2a: Kricketune|Knock Off|p1a: Milotic\n|-damage|p1a: Milotic|100/293\n|-enditem|p1a: Milotic|Leftovers|[from] move: Knock Off|[of] p2a: Kricketune\n|move|p1a: Milotic|Scald|p2a: Kricketune\n|-damage|p2a: Kricketune|29/100\n|-status|p2a: Kricketune|brn\n|\n|-damage|p2a: Kricketune|23/100 brn|[from] brn\n|upkeep\n|turn|32\n|inactive|Time left: 300 sec this turn | 300 sec total\n|\n|t:|1783559789\n|move|p2a: Kricketune|Pounce|p1a: Milotic\n|-damage|p1a: Milotic|50/293\n|-unboost|p1a: Milotic|spe|1\n|-ability|p1a: Milotic|Competitive|boost\n|-boost|p1a: Milotic|spa|2\n|move|p1a: Milotic|Ice Beam|p2a: Kricketune\n|-damage|p2a: Kricketune|0 fnt\n|faint|p2a: Kricketune\n|\n|win|p0x170322f2", "uploadtime": 1783559789, "views": 0, "rating": 0, "private": 0, "password": null, "_winner": "p0x170322f2", "_our_name": "p0x170322f2"}