{"id": "battle-gen9randombattle-186", "formatid": "gen9randombattle", "format": "[Gen 9] Random Battle", "players": ["p0x18645bf", "p0y1861928"], "log": "|init|battle\n|title|p0x18645bf vs. p0y1861928\n|j|\u2606p0x18645bf\n|j|\u2606p0y1861928\n|t:|1783535910\n|gametype|singles\n|player|p1|p0x18645bf|102|\n|player|p2|p0y1861928|2|\n|gen|9\n|tier|[Gen 9] Random Battle\n|rule|Species Clause: Limit one of each Pok\u00e9mon\n|rule|HP Percentage Mod: HP is shown in percentages\n|rule|Sleep Clause Mod: Limit one foe put to sleep\n|rule|Illusion Level Mod: Illusion disguises the Pok\u00e9mon's true level\n|\n|t:|1783535910\n|teamsize|p1|6\n|teamsize|p2|6\n|start\n|switch|p1a: Hitmontop|Hitmontop, L88, M|100/100\n|switch|p2a: Squawkabilly|Squawkabilly-Blue, L85, M|278/278\n|turn|1\n|inactive|Battle timer is ON: inactive players will automatically lose when time's up. (requested by p0y1861928)\n|inactive|p0x18645bf also wants the timer to be on.\n|\n|t:|1783535912\n|-terastallize|p1a: Hitmontop|Ice\n|move|p2a: Squawkabilly|Brave Bird|p1a: Hitmontop\n|-damage|p1a: Hitmontop|53/100\n|-damage|p2a: Squawkabilly|242/278|[from] Recoil\n|move|p1a: Hitmontop|Triple Axel|p2a: Squawkabilly\n|-supereffective|p2a: Squawkabilly\n|-damage|p2a: Squawkabilly|140/278\n|-supereffective|p2a: Squawkabilly\n|-damage|p2a: Squawkabilly|0 fnt\n|faint|p2a: Squawkabilly\n|-hitcount|p2: Squawkabilly|2\n|\n|-heal|p1a: Hitmontop|59/100|[from] item: Leftovers\n|upkeep\n|inactive|Time left: 300 sec this turn | 300 sec total | 65 sec grace\n|\n|t:|1783535913\n|switch|p2a: Excadrill|Excadrill, L79, F|303/303\n|-ability|p2a: Excadrill|Mold Breaker\n|turn|2\n|inactive|Time left: 300 sec this turn | 300 sec total\n|\n|t:|1783535914\n|switch|p1a: Vikavolt|Vikavolt, L83, M|100/100\n|move|p2a: Excadrill|Iron Head|p1a: Vikavolt\n|-resisted|p1a: Vikavolt\n|-damage|p1a: Vikavolt|83/100\n|\n|upkeep\n|turn|3\n|inactive|Time left: 300 sec this turn | 300 sec total\n|\n|t:|1783535915\n|move|p2a: Excadrill|Swords Dance|p2a: Excadrill\n|-boost|p2a: Excadrill|atk|2\n|move|p1a: Vikavolt|Sticky Web|p2a: Excadrill\n|-sidestart|p2: p0y1861928|move: Sticky Web\n|\n|upkeep\n|turn|4\n|inactive|Time left: 300 sec this turn | 300 sec total\n|\n|t:|1783535916\n|switch|p1a: Umbreon|Umbreon, L84, F|100/100\n|move|p2a: Excadrill|Rapid Spin|p1a: Umbreon\n|-damage|p1a: Umbreon|79/100\n|-boost|p2a: Excadrill|spe|1\n|-sideend|p2: p0y1861928|Sticky Web|[from] move: Rapid Spin|[of] p2a: Excadrill\n|\n|-heal|p1a: Umbreon|85/100|[from] item: Leftovers\n|upkeep\n|turn|5\n|inactive|Time left: 300 sec this turn | 300 sec total\n|\n|t:|1783535917\n|move|p2a: Excadrill|Iron Head|p1a: Umbreon\n|-damage|p1a: Umbreon|32/100\n|move|p1a: Umbreon|Foul Play|p2a: Excadrill\n|-damage|p2a: Excadrill|0 fnt\n|faint|p2a: Excadrill\n|\n|-heal|p1a: Umbreon|38/100|[from] item: Leftovers\n|upkeep\n|inactive|Time left: 300 sec this turn | 300 sec total | 5 sec grace\n|\n|t:|1783535918\n|switch|p2a: Plusle|Plusle, L95, M|268/268\n|turn|6\n|inactive|Time left: 300 sec this turn | 300 sec total\n|\n|t:|1783535919\n|move|p2a: Plusle|Nasty Plot|p2a: Plusle\n|-boost|p2a: Plusle|spa|2\n|move|p1a: Umbreon|Foul Play|p2a: Plusle\n|-damage|p2a: Plusle|193/268\n|\n|-heal|p1a: Umbreon|44/100|[from] item: Leftovers\n|upkeep\n|turn|7\n|inactive|Time left: 300 sec this turn | 300 sec total\n|\n|t:|1783535920\n|move|p1a: Umbreon|Protect|p1a: Umbreon\n|-singleturn|p1a: Umbreon|Protect\n|move|p2a: Plusle|Thunderbolt|p1a: Umbreon\n|-activate|p1a: Umbreon|move: Protect\n|\n|-heal|p1a: Umbreon|50/100|[from] item: Leftovers\n|upkeep\n|turn|8\n|inactive|Time left: 300 sec this turn | 300 sec total\n|\n|t:|1783535921\n|switch|p1a: Electivire|Electivire, L84, M|100/100\n|move|p2a: Plusle|Thunderbolt|p1a: Electivire\n|-ability|p1a: Electivire|Motor Drive|boost\n|-boost|p1a: Electivire|spe|1\n|\n|upkeep\n|turn|9\n|inactive|Time left: 300 sec this turn | 300 sec total\n|\n|t:|1783535922\n|-terastallize|p2a: Plusle|Grass\n|move|p1a: Electivire|Knock Off|p2a: Plusle\n|-damage|p2a: Plusle|24/268\n|-enditem|p2a: Plusle|Life Orb|[from] move: Knock Off|[of] p1a: Electivire\n|-damage|p1a: Electivire|91/100|[from] item: Life Orb\n|move|p2a: Plusle|Grass Knot|p1a: Electivire\n|-damage|p1a: Electivire|3/100\n|\n|upkeep\n|turn|10\n|inactive|Time left: 300 sec this turn | 300 sec total\n|\n|t:|1783535924\n|move|p1a: Electivire|Knock Off|p2a: Plusle\n|-damage|p2a: Plusle|0 fnt\n|faint|p2a: Plusle\n|-damage|p1a: Electivire|0 fnt|[from] item: Life Orb\n|faint|p1a: Electivire\n|\n|upkeep\n|inactive|Time left: 300 sec this turn | 300 sec total | 5 sec grace\n|\n|t:|1783535925\n|switch|p2a: Hypno|Hypno, L95, M|315/315\n|switch|p1a: Oranguru|Oranguru, L92, F|100/100\n|turn|11\n|inactive|Time left: 300 sec this turn | 300 sec total\n|\n|t:|1783535926\n|move|p2a: Hypno|Toxic|p1a: Oranguru\n|-status|p1a: Oranguru|tox\n|move|p1a: Oranguru|Nasty Plot|p1a: Oranguru\n|-boost|p1a: Oranguru|spa|2\n|\n|-damage|p1a: Oranguru|94/100 tox|[from] psn\n|upkeep\n|turn|12\n|inactive|Time left: 300 sec this turn | 300 sec total\n|\n|t:|1783535927\n|move|p2a: Hypno|Focus Blast|p1a: Oranguru\n|-damage|p1a: Oranguru|71/100 tox\n|move|p1a: Oranguru|Focus Blast|p2a: Hypno\n|-resisted|p2a: Hypno\n|-damage|p2a: Hypno|245/315\n|\n|-heal|p2a: Hypno|264/315|[from] item: Leftovers\n|-heal|p1a: Oranguru|77/100 tox|[from] item: Leftovers\n|-damage|p1a: Oranguru|65/100 tox|[from] psn\n|upkeep\n|turn|13\n|inactive|Time left: 300 sec this turn | 300 sec total\n|\n|t:|1783535928\n|move|p2a: Hypno|Focus Blast|p1a: Oranguru\n|-crit|p1a: Oranguru\n|-damage|p1a: Oranguru|31/100 tox\n|move|p1a: Oranguru|Thunderbolt|p2a: Hypno\n|-damage|p2a: Hypno|168/315\n|\n|-heal|p2a: Hypno|187/315|[from] item: Leftovers\n|-heal|p1a: Oranguru|37/100 tox|[from] item: Leftovers\n|-damage|p1a: Oranguru|19/100 tox|[from] psn\n|upkeep\n|turn|14\n|inactive|Time left: 300 sec this turn | 300 sec total\n|\n|t:|1783535929\n|move|p2a: Hypno|Focus Blast|p1a: Oranguru\n|-damage|p1a: Oranguru|0 fnt\n|faint|p1a: Oranguru\n|\n|-heal|p2a: Hypno|206/315|[from] item: Leftovers\n|upkeep\n|\n|t:|1783535930\n|switch|p1a: Vikavolt|Vikavolt, L83, M|83/100\n|turn|15\n|inactive|Time left: 300 sec this turn | 300 sec total\n|\n|t:|1783535931\n|move|p2a: Hypno|Psychic Noise|p1a: Vikavolt\n|-damage|p1a: Vikavolt|47/100\n|-start|p1a: Vikavolt|move: Heal Block\n|move|p1a: Vikavolt|Sticky Web|p2a: Hypno\n|-sidestart|p2: p0y1861928|move: Sticky Web\n|\n|-heal|p2a: Hypno|225/315|[from] item: Leftovers\n|upkeep\n|turn|16\n|inactive|Time left: 300 sec this turn | 300 sec total\n|\n|t:|1783535932\n|move|p2a: Hypno|Psychic Noise|p1a: Vikavolt\n|-damage|p1a: Vikavolt|10/100\n|move|p1a: Vikavolt|Bug Buzz|p2a: Hypno\n|-supereffective|p2a: Hypno\n|-damage|p2a: Hypno|49/315\n|\n|-heal|p2a: Hypno|68/315|[from] item: Leftovers\n|-end|p1a: Vikavolt|move: Heal Block\n|upkeep\n|turn|17\n|inactive|Time left: 300 sec this turn | 300 sec total\n|\n|t:|1783535933\n|move|p2a: Hypno|Focus Blast|p1a: Vikavolt|[miss]\n|-miss|p2a: Hypno|p1a: Vikavolt\n|move|p1a: Vikavolt|Volt Switch|p2a: Hypno\n|-damage|p2a: Hypno|0 fnt\n|faint|p2a: Hypno\n|\n|t:|1783535934\n|switch|p1a: Hitmontop|Hitmontop, L88, M, tera:Ice|59/100|[from] Volt Switch\n|\n|-heal|p1a: Hitmontop|65/100|[from] item: Leftovers\n|upkeep\n|inactive|Time left: 300 sec this turn | 300 sec total | 10 sec grace\n|\n|t:|1783535935\n|switch|p2a: Pachirisu|Pachirisu, L96, F|271/271\n|-activate|p2a: Pachirisu|move: Sticky Web\n|-unboost|p2a: Pachirisu|spe|1\n|turn|18\n|inactive|Time left: 300 sec this turn | 300 sec total\n|\n|t:|1783535936\n|move|p1a: Hitmontop|Triple Axel|p2a: Pachirisu\n|-damage|p2a: Pachirisu|235/271\n|-damage|p2a: Pachirisu|162/271\n|-damage|p2a: Pachirisu|62/271\n|-hitcount|p2a: Pachirisu|3\n|move|p2a: Pachirisu|Nuzzle|p1a: Hitmontop\n|-damage|p1a: Hitmontop|59/100\n|-status|p1a: Hitmontop|par\n|\n|-heal|p1a: Hitmontop|65/100 par|[from] item: Leftovers\n|upkeep\n|turn|19\n|inactive|Time left: 300 sec this turn | 300 sec total\n|\n|t:|1783535937\n|move|p2a: Pachirisu|Super Fang|p1a: Hitmontop\n|-damage|p1a: Hitmontop|33/100 par\n|move|p1a: Hitmontop|Rapid Spin|p2a: Pachirisu\n|-damage|p2a: Pachirisu|0 fnt\n|-boost|p1a: Hitmontop|spe|1\n|faint|p2a: Pachirisu\n|\n|-heal|p1a: Hitmontop|39/100 par|[from] item: Leftovers\n|upkeep\n|inactive|Time left: 300 sec this turn | 300 sec total | 5 sec grace\n|\n|t:|1783535937\n|switch|p2a: Arceus|Arceus, L68|276/276\n|-activate|p2a: Arceus|move: Sticky Web\n|-unboost|p2a: Arceus|spe|1\n|turn|20\n|inactive|Time left: 300 sec this turn | 300 sec total\n|\n|t:|1783535938\n|move|p2a: Arceus|Swords Dance|p2a: Arceus\n|-boost|p2a: Arceus|atk|2\n|cant|p1a: Hitmontop|par\n|\n|-heal|p1a: Hitmontop|45/100 par|[from] item: Leftovers\n|upkeep\n|turn|21\n|inactive|Time left: 300 sec this turn | 300 sec total\n|\n|t:|1783535939\n|switch|p1a: Persian|Persian-Alola, L86, F|100/100\n|move|p2a: Arceus|Extreme Speed|p1a: Persian\n|-damage|p1a: Persian|55/100\n|-damage|p2a: Arceus|249/276|[from] item: Life Orb\n|\n|upkeep\n|turn|22\n|inactive|Time left: 300 sec this turn | 300 sec total\n|\n|t:|1783535940\n|move|p1a: Persian|Parting Shot|p2a: Arceus\n|-unboost|p2a: Arceus|atk|1\n|-unboost|p2a: Arceus|spa|1\n|\n|t:|1783535941\n|switch|p1a: Hitmontop|Hitmontop, L88, M, tera:Ice|45/100 par|[from] Parting Shot\n|move|p2a: Arceus|Swords Dance|p2a: Arceus\n|-boost|p2a: Arceus|atk|2\n|\n|-heal|p1a: Hitmontop|51/100 par|[from] item: Leftovers\n|upkeep\n|turn|23\n|inactive|Time left: 300 sec this turn | 300 sec total\n|\n|t:|1783535942\n|move|p2a: Arceus|Extreme Speed|p1a: Hitmontop\n|-damage|p1a: Hitmontop|0 fnt\n|faint|p1a: Hitmontop\n|-damage|p2a: Arceus|222/276|[from] item: Life Orb\n|\n|upkeep\n|\n|t:|1783535943\n|switch|p1a: Persian|Persian-Alola, L86, F|55/100\n|turn|24\n|inactive|Time left: 300 sec this turn | 300 sec total\n|\n|t:|1783535943\n|move|p2a: Arceus|Extreme Speed|p1a: Persian\n|-damage|p1a: Persian|0 fnt\n|faint|p1a: Persian\n|-damage|p2a: Arceus|195/276|[from] item: Life Orb\n|\n|upkeep\n|\n|t:|1783535944\n|switch|p1a: Umbreon|Umbreon, L84, F|50/100\n|turn|25\n|inactive|Time left: 300 sec this turn | 300 sec total\n|\n|t:|1783535945\n|move|p1a: Umbreon|Protect|p1a: Umbreon\n|-singleturn|p1a: Umbreon|Protect\n|move|p2a: Arceus|Extreme Speed|p1a: Umbreon\n|-activate|p1a: Umbreon|move: Protect\n|\n|-heal|p1a: Umbreon|56/100|[from] item: Leftovers\n|upkeep\n|turn|26\n|inactive|Time left: 300 sec this turn | 300 sec total\n|\n|t:|1783535946\n|move|p1a: Umbreon|Protect||[still]\n|-fail|p1a: Umbreon\n|move|p2a: Arceus|Extreme Speed|p1a: Umbreon\n|-damage|p1a: Umbreon|0 fnt\n|faint|p1a: Umbreon\n|-damage|p2a: Arceus|168/276|[from] item: Life Orb\n|\n|upkeep\n|\n|t:|1783535946\n|switch|p1a: Vikavolt|Vikavolt, L83, M|10/100\n|turn|27\n|inactive|Time left: 300 sec this turn | 300 sec total\n|\n|t:|1783535947\n|move|p2a: Arceus|Shadow Claw|p1a: Vikavolt\n|-damage|p1a: Vikavolt|0 fnt\n|faint|p1a: Vikavolt\n|-damage|p2a: Arceus|141/276|[from] item: Life Orb\n|\n|win|p0y1861928", "uploadtime": 1783535947, "views": 0, "rating": 0, "private": 0, "password": null, "_winner": "p0y1861928", "_our_name": "p0y1861928"}