{"id": "battle-gen9randombattle-2831", "formatid": "gen9randombattle", "format": "[Gen 9] Random Battle", "players": ["p0x28312893", "p0y28318895"], "log": "|init|battle\n|title|p0x28312893 vs. p0y28318895\n|j|\u2606p0x28312893\n|j|\u2606p0y28318895\n|t:|1783571649\n|gametype|singles\n|player|p1|p0x28312893|101|\n|player|p2|p0y28318895|169|\n|gen|9\n|tier|[Gen 9] Random Battle\n|rule|Species Clause: Limit one of each Pok\u00e9mon\n|rule|HP Percentage Mod: HP is shown in percentages\n|rule|Sleep Clause Mod: Limit one foe put to sleep\n|rule|Illusion Level Mod: Illusion disguises the Pok\u00e9mon's true level\n|\n|t:|1783571649\n|teamsize|p1|6\n|teamsize|p2|6\n|start\n|switch|p1a: Bombirdier|Bombirdier, L85, F|100/100\n|switch|p2a: Lumineon|Lumineon, L93, M|279/279\n|turn|1\n|inactive|Battle timer is ON: inactive players will automatically lose when time's up. (requested by p0y28318895)\n|inactive|p0x28312893 also wants the timer to be on.\n|\n|t:|1783571650\n|move|p2a: Lumineon|Ice Beam|p1a: Bombirdier\n|-supereffective|p1a: Bombirdier\n|-damage|p1a: Bombirdier|33/100\n|-status|p1a: Bombirdier|frz\n|-damage|p2a: Lumineon|252/279|[from] item: Life Orb\n|-curestatus|p1a: Bombirdier|frz|[msg]\n|move|p1a: Bombirdier|Knock Off|p2a: Lumineon\n|-crit|p2a: Lumineon\n|-damage|p2a: Lumineon|87/279\n|-enditem|p2a: Lumineon|Life Orb|[from] move: Knock Off|[of] p1a: Bombirdier\n|\n|upkeep\n|turn|2\n|inactive|Time left: 300 sec this turn | 300 sec total\n|\n|t:|1783571651\n|switch|p1a: Oranguru|Oranguru, L92, M|100/100\n|move|p2a: Lumineon|Ice Beam|p1a: Oranguru\n|-damage|p1a: Oranguru|85/100\n|-status|p1a: Oranguru|frz\n|\n|-heal|p1a: Oranguru|91/100 frz|[from] item: Leftovers\n|upkeep\n|turn|3\n|inactive|Time left: 300 sec this turn | 300 sec total\n|\n|t:|1783571652\n|move|p2a: Lumineon|Hydro Pump|p1a: Oranguru\n|-damage|p1a: Oranguru|66/100 frz\n|-curestatus|p1a: Oranguru|frz|[msg]\n|move|p1a: Oranguru|Psychic|p2a: Lumineon\n|-damage|p2a: Lumineon|0 fnt\n|faint|p2a: Lumineon\n|\n|-heal|p1a: Oranguru|72/100|[from] item: Leftovers\n|upkeep\n|inactive|Time left: 300 sec this turn | 300 sec total | 5 sec grace\n|\n|t:|1783571652\n|switch|p2a: Calyrex|Calyrex-Ice, L72|263/263\n|-ability|p2a: Calyrex|As One\n|-ability|p2a: Calyrex|Unnerve\n|turn|4\n|inactive|Time left: 300 sec this turn | 300 sec total\n|\n|t:|1783571653\n|move|p1a: Oranguru|Nasty Plot|p1a: Oranguru\n|-boost|p1a: Oranguru|spa|2\n|move|p2a: Calyrex|Glacial Lance|p1a: Oranguru\n|-damage|p1a: Oranguru|29/100\n|\n|-heal|p1a: Oranguru|35/100|[from] item: Leftovers\n|upkeep\n|turn|5\n|inactive|Time left: 300 sec this turn | 300 sec total\n|\n|t:|1783571655\n|move|p1a: Oranguru|Focus Blast|p2a: Calyrex\n|-damage|p2a: Calyrex|111/263\n|move|p2a: Calyrex|Glacial Lance|p1a: Oranguru\n|-damage|p1a: Oranguru|0 fnt\n|faint|p1a: Oranguru\n|-ability|p2a: Calyrex|Chilling Neigh|boost\n|-boost|p2a: Calyrex|atk|1\n|\n|upkeep\n|\n|t:|1783571656\n|switch|p1a: Dugtrio|Dugtrio, L84, M|100/100\n|turn|6\n|inactive|Time left: 300 sec this turn | 300 sec total\n|\n|t:|1783571657\n|-terastallize|p2a: Calyrex|Ground\n|move|p1a: Dugtrio|Earthquake|p2a: Calyrex\n|-damage|p2a: Calyrex|0 fnt\n|faint|p2a: Calyrex\n|\n|upkeep\n|inactive|Time left: 300 sec this turn | 300 sec total | 5 sec grace\n|\n|t:|1783571658\n|switch|p2a: Regidrago|Regidrago, L77|435/435\n|turn|7\n|inactive|Time left: 300 sec this turn | 300 sec total\n|\n|t:|1783571659\n|switch|p1a: Mightyena|Mightyena, L96, F|100/100\n|-ability|p1a: Mightyena|Intimidate|boost\n|-unboost|p2a: Regidrago|atk|1\n|move|p2a: Regidrago|Dragon Claw|p1a: Mightyena\n|-damage|p1a: Mightyena|69/100\n|-damage|p2a: Regidrago|392/435|[from] item: Life Orb\n|\n|upkeep\n|turn|8\n|inactive|Time left: 300 sec this turn | 300 sec total\n|\n|t:|1783571660\n|switch|p2a: Orthworm|Orthworm, L88, M|266/266\n|move|p1a: Mightyena|Play Rough|p2a: Orthworm\n|-resisted|p2a: Orthworm\n|-damage|p2a: Orthworm|240/266\n|\n|-heal|p2a: Orthworm|256/266|[from] item: Leftovers\n|upkeep\n|turn|9\n|inactive|Time left: 300 sec this turn | 300 sec total\n|\n|t:|1783571661\n|switch|p1a: Lurantis|Lurantis, L87, M|100/100\n|move|p2a: Orthworm|Stealth Rock|p1a: Lurantis\n|-sidestart|p1: p0x28312893|move: Stealth Rock\n|\n|-heal|p2a: Orthworm|266/266|[from] item: Leftovers\n|upkeep\n|turn|10\n|inactive|Time left: 300 sec this turn | 300 sec total\n|\n|t:|1783571662\n|switch|p2a: Venomoth|Venomoth, L84, M|255/255\n|move|p1a: Lurantis|Superpower|p2a: Venomoth\n|-resisted|p2a: Venomoth\n|-damage|p2a: Venomoth|222/255\n|-boost|p1a: Lurantis|atk|1\n|-boost|p1a: Lurantis|def|1\n|\n|upkeep\n|turn|11\n|inactive|Time left: 300 sec this turn | 300 sec total\n|\n|t:|1783571663\n|-terastallize|p1a: Lurantis|Fighting\n|move|p2a: Venomoth|Quiver Dance|p2a: Venomoth\n|-boost|p2a: Venomoth|spa|1\n|-boost|p2a: Venomoth|spd|1\n|-boost|p2a: Venomoth|spe|1\n|move|p1a: Lurantis|Superpower|p2a: Venomoth\n|-resisted|p2a: Venomoth\n|-damage|p2a: Venomoth|156/255\n|-boost|p1a: Lurantis|atk|1\n|-boost|p1a: Lurantis|def|1\n|\n|upkeep\n|turn|12\n|inactive|Time left: 300 sec this turn | 300 sec total\n|\n|t:|1783571664\n|move|p2a: Venomoth|Sleep Powder|p1a: Lurantis\n|-status|p1a: Lurantis|slp|[from] move: Sleep Powder\n|cant|p1a: Lurantis|slp\n|\n|upkeep\n|turn|13\n|inactive|Time left: 300 sec this turn | 300 sec total\n|\n|t:|1783571665\n|move|p2a: Venomoth|Sludge Wave|p1a: Lurantis\n|-damage|p1a: Lurantis|47/100 slp\n|cant|p1a: Lurantis|slp\n|\n|-heal|p1a: Lurantis|53/100 slp|[from] item: Leftovers\n|upkeep\n|turn|14\n|inactive|Time left: 300 sec this turn | 300 sec total\n|\n|t:|1783571666\n|move|p2a: Venomoth|Sludge Wave|p1a: Lurantis\n|-damage|p1a: Lurantis|5/100 slp\n|cant|p1a: Lurantis|slp\n|\n|-heal|p1a: Lurantis|11/100 slp|[from] item: Leftovers\n|upkeep\n|turn|15\n|inactive|Time left: 300 sec this turn | 300 sec total\n|\n|t:|1783571667\n|move|p2a: Venomoth|Bug Buzz|p1a: Lurantis\n|-resisted|p1a: Lurantis\n|-damage|p1a: Lurantis|0 fnt\n|faint|p1a: Lurantis\n|\n|upkeep\n|\n|t:|1783571668\n|switch|p1a: Lycanroc|Lycanroc-Dusk, L81, M|100/100\n|-damage|p1a: Lycanroc|88/100|[from] Stealth Rock\n|turn|16\n|inactive|Time left: 300 sec this turn | 300 sec total\n|\n|t:|1783571669\n|switch|p2a: Orthworm|Orthworm, L88, M|266/266\n|move|p1a: Lycanroc|Accelerock|p2a: Orthworm\n|-resisted|p2a: Orthworm\n|-damage|p2a: Orthworm|239/266\n|-damage|p1a: Lycanroc|78/100|[from] item: Life Orb\n|\n|-heal|p2a: Orthworm|255/266|[from] item: Leftovers\n|upkeep\n|turn|17\n|inactive|Time left: 300 sec this turn | 300 sec total\n|\n|t:|1783571670\n|move|p1a: Lycanroc|Close Combat|p2a: Orthworm\n|-supereffective|p2a: Orthworm\n|-damage|p2a: Orthworm|42/266\n|-unboost|p1a: Lycanroc|def|1\n|-unboost|p1a: Lycanroc|spd|1\n|-damage|p1a: Lycanroc|69/100|[from] item: Life Orb\n|move|p2a: Orthworm|Heavy Slam|p1a: Lycanroc\n|-supereffective|p1a: Lycanroc\n|-damage|p1a: Lycanroc|0 fnt\n|faint|p1a: Lycanroc\n|\n|-heal|p2a: Orthworm|58/266|[from] item: Leftovers\n|upkeep\n|\n|t:|1783571671\n|switch|p1a: Bombirdier|Bombirdier, L85, F|33/100\n|turn|18\n|inactive|Time left: 300 sec this turn | 300 sec total\n|\n|t:|1783571672\n|move|p1a: Bombirdier|Knock Off|p2a: Orthworm\n|-damage|p2a: Orthworm|0 fnt\n|-enditem|p2a: Orthworm|Leftovers|[from] move: Knock Off|[of] p1a: Bombirdier\n|faint|p2a: Orthworm\n|\n|upkeep\n|inactive|Time left: 300 sec this turn | 300 sec total | 5 sec grace\n|\n|t:|1783571673\n|switch|p2a: Venomoth|Venomoth, L84, M|156/255\n|turn|19\n|inactive|Time left: 300 sec this turn | 300 sec total\n|\n|t:|1783571674\n|move|p2a: Venomoth|Sleep Powder|p1a: Bombirdier\n|-status|p1a: Bombirdier|slp|[from] move: Sleep Powder\n|cant|p1a: Bombirdier|slp\n|\n|upkeep\n|turn|20\n|inactive|Time left: 300 sec this turn | 300 sec total\n|\n|t:|1783571675\n|move|p2a: Venomoth|Quiver Dance|p2a: Venomoth\n|-boost|p2a: Venomoth|spa|1\n|-boost|p2a: Venomoth|spd|1\n|-boost|p2a: Venomoth|spe|1\n|cant|p1a: Bombirdier|slp\n|\n|upkeep\n|turn|21\n|inactive|Time left: 300 sec this turn | 300 sec total\n|\n|t:|1783571676\n|move|p2a: Venomoth|Sludge Wave|p1a: Bombirdier\n|-damage|p1a: Bombirdier|0 fnt\n|faint|p1a: Bombirdier\n|\n|upkeep\n|\n|t:|1783571677\n|switch|p1a: Dugtrio|Dugtrio, L84, M|100/100\n|-damage|p1a: Dugtrio|94/100|[from] Stealth Rock\n|turn|22\n|inactive|Time left: 300 sec this turn | 300 sec total\n|\n|t:|1783571678\n|move|p2a: Venomoth|Sleep Powder|p1a: Dugtrio\n|-status|p1a: Dugtrio|slp|[from] move: Sleep Powder\n|cant|p1a: Dugtrio|slp\n|\n|upkeep\n|turn|23\n|inactive|Time left: 300 sec this turn | 300 sec total\n|\n|t:|1783571679\n|move|p2a: Venomoth|Bug Buzz|p1a: Dugtrio\n|-damage|p1a: Dugtrio|15/100 slp\n|-curestatus|p1a: Dugtrio|slp|[msg]\n|move|p1a: Dugtrio|Earthquake|p2a: Venomoth\n|-damage|p2a: Venomoth|0 fnt\n|faint|p2a: Venomoth\n|\n|upkeep\n|inactive|Time left: 300 sec this turn | 300 sec total | 5 sec grace\n|\n|t:|1783571680\n|switch|p2a: Regidrago|Regidrago, L77|392/435\n|turn|24\n|inactive|Time left: 300 sec this turn | 300 sec total\n|\n|t:|1783571681\n|move|p1a: Dugtrio|Earthquake|p2a: Regidrago\n|-damage|p2a: Regidrago|115/435\n|move|p2a: Regidrago|Dragon Dance|p2a: Regidrago\n|-boost|p2a: Regidrago|atk|1\n|-boost|p2a: Regidrago|spe|1\n|\n|upkeep\n|turn|25\n|inactive|Time left: 300 sec this turn | 300 sec total\n|\n|t:|1783571682\n|move|p2a: Regidrago|Dragon Claw|p1a: Dugtrio\n|-damage|p1a: Dugtrio|0 fnt\n|faint|p1a: Dugtrio\n|-damage|p2a: Regidrago|72/435|[from] item: Life Orb\n|\n|upkeep\n|\n|t:|1783571683\n|switch|p1a: Mightyena|Mightyena, L96, F|69/100\n|-damage|p1a: Mightyena|57/100|[from] Stealth Rock\n|-ability|p1a: Mightyena|Intimidate|boost\n|-unboost|p2a: Regidrago|atk|1\n|turn|26\n|inactive|Time left: 300 sec this turn | 300 sec total\n|\n|t:|1783571683\n|move|p1a: Mightyena|Sucker Punch|p2a: Regidrago\n|-damage|p2a: Regidrago|0 fnt\n|faint|p2a: Regidrago\n|\n|upkeep\n|inactive|Time left: 300 sec this turn | 300 sec total | 5 sec grace\n|\n|t:|1783571684\n|switch|p2a: Minun|Minun, L95, M|268/268\n|turn|27\n|inactive|Time left: 300 sec this turn | 300 sec total\n|\n|t:|1783571685\n|move|p2a: Minun|Encore|p1a: Mightyena\n|-start|p1a: Mightyena|Encore\n|move|p1a: Mightyena|Sucker Punch||[still]\n|-fail|p1a: Mightyena\n|\n|upkeep\n|turn|28\n|inactive|Time left: 300 sec this turn | 300 sec total\n|\n|t:|1783571686\n|move|p1a: Mightyena|Sucker Punch||[still]\n|-fail|p1a: Mightyena\n|move|p2a: Minun|Nasty Plot|p2a: Minun\n|-boost|p2a: Minun|spa|2\n|\n|upkeep\n|turn|29\n|inactive|Time left: 300 sec this turn | 300 sec total\n|\n|t:|1783571687\n|move|p1a: Mightyena|Sucker Punch||[still]\n|-fail|p1a: Mightyena\n|move|p2a: Minun|Encore||[still]\n|-fail|p2a: Minun\n|\n|-end|p1a: Mightyena|Encore\n|upkeep\n|turn|30\n|inactive|Time left: 300 sec this turn | 300 sec total\n|\n|t:|1783571687\n|move|p1a: Mightyena|Sucker Punch|p2a: Minun\n|-damage|p2a: Minun|142/268\n|move|p2a: Minun|Thunderbolt|p1a: Mightyena\n|-damage|p1a: Mightyena|0 fnt\n|faint|p1a: Mightyena\n|-damage|p2a: Minun|116/268|[from] item: Life Orb\n|\n|win|p0y28318895", "uploadtime": 1783571687, "views": 0, "rating": 0, "private": 0, "password": null, "_winner": "p0y28318895", "_our_name": "p0y28318895"}