{"id": "battle-gen9randombattle-1926", "formatid": "gen9randombattle", "format": "[Gen 9] Random Battle", "players": ["p0x19265137", "p0y19261a9f"], "log": "|init|battle\n|title|p0x19265137 vs. p0y19261a9f\n|j|\u2606p0x19265137\n|j|\u2606p0y19261a9f\n|t:|1783562268\n|gametype|singles\n|player|p1|p0x19265137|2|\n|player|p2|p0y19261a9f|170|\n|gen|9\n|tier|[Gen 9] Random Battle\n|rule|Species Clause: Limit one of each Pok\u00e9mon\n|rule|HP Percentage Mod: HP is shown in percentages\n|rule|Sleep Clause Mod: Limit one foe put to sleep\n|rule|Illusion Level Mod: Illusion disguises the Pok\u00e9mon's true level\n|\n|t:|1783562268\n|teamsize|p1|6\n|teamsize|p2|6\n|start\n|switch|p1a: Luxray|Luxray, L88, M|100/100\n|switch|p2a: Talonflame|Talonflame, L83, M|265/265\n|turn|1\n|inactive|Battle timer is ON: inactive players will automatically lose when time's up. (requested by p0y19261a9f)\n|\n|t:|1783562269\n|switch|p2a: Slaking|Slaking, L84, M|389/389\n|move|p1a: Luxray|Supercell Slam|p2a: Slaking\n|-damage|p2a: Slaking|263/389\n|\n|-status|p1a: Luxray|brn|[from] item: Flame Orb\n|upkeep\n|turn|2\n|inactive|Time left: 300 sec this turn | 300 sec total\n|inactive|p0x19265137 also wants the timer to be on.\n|\n|t:|1783562271\n|switch|p1a: Stonjourner|Stonjourner, L91, M|100/100\n|move|p2a: Slaking|Giga Impact|p1a: Stonjourner\n|-resisted|p1a: Stonjourner\n|-damage|p1a: Stonjourner|65/100\n|-mustrecharge|p2a: Slaking\n|\n|upkeep\n|turn|3\n|inactive|Time left: 300 sec this turn | 300 sec total\n|\n|t:|1783562272\n|cant|p2a: Slaking|recharge\n|move|p1a: Stonjourner|Stone Edge|p2a: Slaking\n|-damage|p2a: Slaking|72/389\n|-damage|p1a: Stonjourner|55/100|[from] item: Life Orb\n|\n|upkeep\n|turn|4\n|inactive|Time left: 300 sec this turn | 300 sec total\n|\n|t:|1783562273\n|move|p2a: Slaking|Giga Impact|p1a: Stonjourner\n|-resisted|p1a: Stonjourner\n|-damage|p1a: Stonjourner|20/100\n|-mustrecharge|p2a: Slaking\n|move|p1a: Stonjourner|Stone Edge|p2a: Slaking\n|-damage|p2a: Slaking|0 fnt\n|faint|p2a: Slaking\n|-damage|p1a: Stonjourner|10/100|[from] item: Life Orb\n|\n|upkeep\n|inactive|Time left: 300 sec this turn | 300 sec total | 5 sec grace\n|\n|t:|1783562274\n|switch|p2a: Kricketune|Kricketune, L99, M|312/312\n|turn|5\n|inactive|Time left: 300 sec this turn | 300 sec total\n|\n|t:|1783562275\n|move|p2a: Kricketune|Sticky Web|p1a: Stonjourner\n|-sidestart|p1: p0x19265137|move: Sticky Web\n|move|p1a: Stonjourner|Stone Edge|p2a: Kricketune\n|-supereffective|p2a: Kricketune\n|-damage|p2a: Kricketune|0 fnt\n|faint|p2a: Kricketune\n|-damage|p1a: Stonjourner|0 fnt|[from] item: Life Orb\n|faint|p1a: Stonjourner\n|\n|upkeep\n|inactive|Time left: 300 sec this turn | 300 sec total | 5 sec grace\n|\n|t:|1783562276\n|switch|p2a: Rampardos|Rampardos, L90, M|321/321\n|switch|p1a: Altaria|Altaria, L89, F|100/100\n|turn|6\n|inactive|Time left: 300 sec this turn | 300 sec total\n|\n|t:|1783562277\n|move|p2a: Rampardos|Rock Slide|p1a: Altaria\n|-supereffective|p1a: Altaria\n|-damage|p1a: Altaria|0 fnt\n|faint|p1a: Altaria\n|\n|upkeep\n|\n|t:|1783562278\n|switch|p1a: Kommo-o|Kommo-o, L77, M|100/100\n|-activate|p1a: Kommo-o|move: Sticky Web\n|-unboost|p1a: Kommo-o|spe|1\n|turn|7\n|inactive|Time left: 300 sec this turn | 300 sec total\n|\n|t:|1783562280\n|move|p2a: Rampardos|Rock Slide|p1a: Kommo-o\n|-resisted|p1a: Kommo-o\n|-damage|p1a: Kommo-o|68/100\n|move|p1a: Kommo-o|Swords Dance|p1a: Kommo-o\n|-boost|p1a: Kommo-o|atk|2\n|\n|upkeep\n|turn|8\n|inactive|Time left: 300 sec this turn | 300 sec total\n|\n|t:|1783562280\n|switch|p2a: Talonflame|Talonflame, L83, M|265/265\n|move|p1a: Kommo-o|Scale Shot|p2a: Talonflame\n|-damage|p2a: Talonflame|207/265\n|-damage|p2a: Talonflame|152/265\n|-crit|p2a: Talonflame\n|-damage|p2a: Talonflame|62/265\n|-damage|p2a: Talonflame|0 fnt\n|faint|p2a: Talonflame\n|-hitcount|p2: Talonflame|4\n|-unboost|p1a: Kommo-o|def|1\n|-boost|p1a: Kommo-o|spe|1\n|\n|upkeep\n|inactive|Time left: 300 sec this turn | 300 sec total | 5 sec grace\n|\n|t:|1783562281\n|switch|p2a: Rampardos|Rampardos, L90, M|321/321\n|turn|9\n|inactive|Time left: 300 sec this turn | 300 sec total\n|\n|t:|1783562282\n|move|p2a: Rampardos|Head Smash|p1a: Kommo-o\n|-resisted|p1a: Kommo-o\n|-crit|p1a: Kommo-o\n|-damage|p1a: Kommo-o|0 fnt\n|faint|p1a: Kommo-o\n|-damage|p2a: Rampardos|239/321|[from] Recoil\n|\n|upkeep\n|\n|t:|1783562283\n|switch|p1a: Sneasler|Sneasler, L74, F|100/100\n|-activate|p1a: Sneasler|move: Sticky Web\n|-unboost|p1a: Sneasler|spe|1\n|turn|10\n|inactive|Time left: 300 sec this turn | 300 sec total\n|\n|t:|1783562284\n|move|p2a: Rampardos|Head Smash|p1a: Sneasler\n|-resisted|p1a: Sneasler\n|-damage|p1a: Sneasler|6/100\n|-damage|p2a: Rampardos|126/321|[from] Recoil\n|move|p1a: Sneasler|Close Combat|p2a: Rampardos\n|-supereffective|p2a: Rampardos\n|-damage|p2a: Rampardos|0 fnt\n|-unboost|p1a: Sneasler|def|1\n|-unboost|p1a: Sneasler|spd|1\n|faint|p2a: Rampardos\n|\n|upkeep\n|inactive|Time left: 300 sec this turn | 300 sec total | 5 sec grace\n|\n|t:|1783562285\n|switch|p2a: Azelf|Azelf, L82|257/257\n|turn|11\n|inactive|Time left: 300 sec this turn | 300 sec total\n|\n|t:|1783562286\n|move|p2a: Azelf|Knock Off|p1a: Sneasler\n|-resisted|p1a: Sneasler\n|-damage|p1a: Sneasler|0 fnt\n|-enditem|p1a: Sneasler|Choice Band|[from] move: Knock Off|[of] p2a: Azelf\n|faint|p1a: Sneasler\n|\n|upkeep\n|\n|t:|1783562287\n|switch|p1a: Luxray|Luxray, L88, M|100/100 brn\n|-activate|p1a: Luxray|move: Sticky Web\n|-unboost|p1a: Luxray|spe|1\n|turn|12\n|inactive|Time left: 300 sec this turn | 300 sec total\n|\n|t:|1783562288\n|move|p2a: Azelf|Psychic|p1a: Luxray\n|-damage|p1a: Luxray|57/100 brn\n|move|p1a: Luxray|Supercell Slam|p2a: Azelf\n|-damage|p2a: Azelf|0 fnt\n|faint|p2a: Azelf\n|\n|-damage|p1a: Luxray|51/100 brn|[from] brn\n|upkeep\n|inactive|Time left: 300 sec this turn | 300 sec total | 5 sec grace\n|\n|t:|1783562288\n|switch|p2a: Seviper|Seviper, L93, F|287/287\n|turn|13\n|inactive|Time left: 300 sec this turn | 300 sec total\n|\n|t:|1783562289\n|-terastallize|p2a: Seviper|Ground\n|-terastallize|p1a: Luxray|Normal\n|move|p2a: Seviper|Earthquake|p1a: Luxray\n|-damage|p1a: Luxray|0 fnt\n|faint|p1a: Luxray\n|-damage|p2a: Seviper|259/287|[from] item: Life Orb\n|\n|upkeep\n|\n|t:|1783562289\n|switch|p1a: Golduck|Golduck, L90, F|100/100\n|-activate|p1a: Golduck|move: Sticky Web\n|-unboost|p1a: Golduck|spe|1\n|-ability|p1a: Golduck|Cloud Nine\n|turn|14\n|inactive|Time left: 300 sec this turn | 300 sec total\n|\n|t:|1783562290\n|move|p2a: Seviper|Giga Drain|p1a: Golduck\n|-supereffective|p1a: Golduck\n|-damage|p1a: Golduck|44/100\n|-heal|p2a: Seviper|287/287|[from] drain|[of] p1a: Golduck\n|-damage|p2a: Seviper|259/287|[from] item: Life Orb\n|move|p1a: Golduck|Hydro Pump|p2a: Seviper\n|-supereffective|p2a: Seviper\n|-damage|p2a: Seviper|0 fnt\n|faint|p2a: Seviper\n|\n|win|p0x19265137", "uploadtime": 1783562290, "views": 0, "rating": 0, "private": 0, "password": null, "_winner": "p0x19265137", "_our_name": "p0y19261a9f"}