{"id": "battle-gen9randombattle-81", "formatid": "gen9randombattle", "format": "[Gen 9] Random Battle", "players": ["p0x0815b3e", "p0y0812e71"], "log": "|init|battle\n|title|p0x0815b3e vs. p0y0812e71\n|j|\u2606p0x0815b3e\n|j|\u2606p0y0812e71\n|t:|1783540132\n|gametype|singles\n|player|p1|p0x0815b3e|2|\n|player|p2|p0y0812e71|169|\n|gen|9\n|tier|[Gen 9] Random Battle\n|rule|Species Clause: Limit one of each Pok\u00e9mon\n|rule|HP Percentage Mod: HP is shown in percentages\n|rule|Sleep Clause Mod: Limit one foe put to sleep\n|rule|Illusion Level Mod: Illusion disguises the Pok\u00e9mon's true level\n|\n|t:|1783540132\n|teamsize|p1|6\n|teamsize|p2|6\n|start\n|switch|p1a: Froslass|Froslass, L87, F|100/100\n|switch|p2a: Dugtrio|Dugtrio, L84, F|196/196\n|turn|1\n|inactive|Battle timer is ON: inactive players will automatically lose when time's up. (requested by p0y0812e71)\n|inactive|p0x0815b3e also wants the timer to be on.\n|\n|t:|1783540134\n|-terastallize|p2a: Dugtrio|Dark\n|move|p2a: Dugtrio|Throat Chop|p1a: Froslass\n|-supereffective|p1a: Froslass\n|-damage|p1a: Froslass|0 fnt\n|faint|p1a: Froslass\n|\n|upkeep\n|\n|t:|1783540135\n|switch|p1a: Kricketune|Kricketune, L99, M|100/100\n|turn|2\n|inactive|Time left: 300 sec this turn | 300 sec total\n|\n|t:|1783540136\n|switch|p2a: Entei|Entei, L78|307/307\n|move|p1a: Kricketune|Sticky Web|p2a: Entei\n|-sidestart|p2: p0y0812e71|move: Sticky Web\n|\n|upkeep\n|turn|3\n|inactive|Time left: 300 sec this turn | 300 sec total\n|\n|t:|1783540137\n|switch|p1a: Toxapex|Toxapex, L82, M|100/100\n|move|p2a: Entei|Sacred Fire|p1a: Toxapex|[miss]\n|-miss|p2a: Entei|p1a: Toxapex\n|\n|upkeep\n|turn|4\n|inactive|Time left: 300 sec this turn | 300 sec total\n|\n|t:|1783540139\n|move|p2a: Entei|Sacred Fire|p1a: Toxapex\n|-resisted|p1a: Toxapex\n|-damage|p1a: Toxapex|75/100\n|-status|p1a: Toxapex|brn\n|move|p1a: Toxapex|Toxic|p2a: Entei\n|-status|p2a: Entei|tox\n|\n|-damage|p2a: Entei|288/307 tox|[from] psn\n|-damage|p1a: Toxapex|69/100 brn|[from] brn\n|upkeep\n|turn|5\n|inactive|Time left: 300 sec this turn | 300 sec total\n|\n|t:|1783540139\n|move|p2a: Entei|Sacred Fire|p1a: Toxapex\n|-resisted|p1a: Toxapex\n|-damage|p1a: Toxapex|44/100 brn\n|move|p1a: Toxapex|Toxic|p2a: Entei\n|-fail|p2a: Entei|tox\n|\n|-damage|p2a: Entei|250/307 tox|[from] psn\n|-damage|p1a: Toxapex|38/100 brn|[from] brn\n|upkeep\n|turn|6\n|inactive|Time left: 300 sec this turn | 300 sec total\n|\n|t:|1783540140\n|move|p2a: Entei|Sacred Fire|p1a: Toxapex\n|-resisted|p1a: Toxapex\n|-damage|p1a: Toxapex|14/100 brn\n|move|p1a: Toxapex|Recover|p1a: Toxapex\n|-heal|p1a: Toxapex|64/100 brn\n|\n|-damage|p2a: Entei|193/307 tox|[from] psn\n|-damage|p1a: Toxapex|58/100 brn|[from] brn\n|upkeep\n|turn|7\n|inactive|Time left: 300 sec this turn | 300 sec total\n|\n|t:|1783540141\n|switch|p1a: Mesprit|Mesprit, L85|100/100\n|move|p2a: Entei|Sacred Fire|p1a: Mesprit\n|-damage|p1a: Mesprit|54/100\n|-status|p1a: Mesprit|brn\n|\n|-damage|p2a: Entei|117/307 tox|[from] psn\n|-damage|p1a: Mesprit|47/100 brn|[from] brn\n|upkeep\n|turn|8\n|inactive|Time left: 300 sec this turn | 300 sec total\n|\n|t:|1783540142\n|move|p1a: Mesprit|Psychic|p2a: Entei\n|-damage|p2a: Entei|0 fnt\n|faint|p2a: Entei\n|\n|-damage|p1a: Mesprit|41/100 brn|[from] brn\n|upkeep\n|inactive|Time left: 300 sec this turn | 300 sec total | 5 sec grace\n|\n|t:|1783540143\n|switch|p2a: Dugtrio|Dugtrio, L84, F, tera:Dark|196/196\n|-activate|p2a: Dugtrio|move: Sticky Web\n|-unboost|p2a: Dugtrio|spe|1\n|turn|9\n|inactive|Time left: 300 sec this turn | 300 sec total\n|\n|t:|1783540144\n|switch|p1a: Haxorus|Haxorus, L77, F|100/100\n|-ability|p1a: Haxorus|Mold Breaker\n|move|p2a: Dugtrio|Throat Chop|p1a: Haxorus\n|-damage|p1a: Haxorus|41/100\n|-start|p1a: Haxorus|Throat Chop|[silent]\n|\n|upkeep\n|turn|10\n|inactive|Time left: 300 sec this turn | 300 sec total\n|\n|t:|1783540145\n|switch|p2a: Piloswine|Piloswine, L85, M|309/309\n|-activate|p2a: Piloswine|move: Sticky Web\n|-unboost|p2a: Piloswine|spe|1\n|move|p1a: Haxorus|Scale Shot|p2a: Piloswine|[miss]\n|-miss|p1a: Haxorus|p2a: Piloswine\n|\n|-end|p1a: Haxorus|Throat Chop|[silent]\n|upkeep\n|turn|11\n|inactive|Time left: 300 sec this turn | 300 sec total\n|\n|t:|1783540146\n|move|p1a: Haxorus|Close Combat|p2a: Piloswine\n|-supereffective|p2a: Piloswine\n|-damage|p2a: Piloswine|169/309\n|-unboost|p1a: Haxorus|def|1\n|-unboost|p1a: Haxorus|spd|1\n|move|p2a: Piloswine|Earthquake|p1a: Haxorus\n|-damage|p1a: Haxorus|0 fnt\n|faint|p1a: Haxorus\n|\n|upkeep\n|\n|t:|1783540146\n|switch|p1a: Calyrex|Calyrex, L93|100/100\n|-ability|p1a: Calyrex|Unnerve\n|turn|12\n|inactive|Time left: 300 sec this turn | 300 sec total\n|\n|t:|1783540147\n|move|p1a: Calyrex|Calm Mind|p1a: Calyrex\n|-boost|p1a: Calyrex|spa|1\n|-boost|p1a: Calyrex|spd|1\n|move|p2a: Piloswine|Icicle Crash|p1a: Calyrex\n|-supereffective|p1a: Calyrex\n|-damage|p1a: Calyrex|45/100\n|\n|-heal|p1a: Calyrex|52/100|[from] item: Leftovers\n|upkeep\n|turn|13\n|inactive|Time left: 300 sec this turn | 300 sec total\n|\n|t:|1783540148\n|switch|p2a: Mesprit|Mesprit, L85|275/275\n|move|p1a: Calyrex|Giga Drain|p2a: Mesprit\n|-damage|p2a: Mesprit|158/275\n|-heal|p1a: Calyrex|69/100|[from] drain|[of] p2a: Mesprit\n|\n|-heal|p1a: Calyrex|75/100|[from] item: Leftovers\n|-heal|p2a: Mesprit|175/275|[from] item: Leftovers\n|upkeep\n|turn|14\n|inactive|Time left: 300 sec this turn | 300 sec total\n|\n|t:|1783540149\n|move|p1a: Calyrex|Giga Drain|p2a: Mesprit\n|-damage|p2a: Mesprit|58/275\n|-heal|p1a: Calyrex|93/100|[from] drain|[of] p2a: Mesprit\n|move|p2a: Mesprit|Knock Off|p1a: Calyrex\n|-supereffective|p1a: Calyrex\n|-damage|p1a: Calyrex|52/100\n|-enditem|p1a: Calyrex|Leftovers|[from] move: Knock Off|[of] p2a: Mesprit\n|\n|-heal|p2a: Mesprit|75/275|[from] item: Leftovers\n|upkeep\n|turn|15\n|inactive|Time left: 300 sec this turn | 300 sec total\n|\n|t:|1783540150\n|switch|p2a: Vivillon|Vivillon-Elegant, L83, M|268/268\n|move|p1a: Calyrex|Giga Drain|p2a: Vivillon\n|-resisted|p2a: Vivillon\n|-damage|p2a: Vivillon|219/268\n|-heal|p1a: Calyrex|60/100|[from] drain|[of] p2a: Vivillon\n|\n|upkeep\n|turn|16\n|inactive|Time left: 300 sec this turn | 300 sec total\n|\n|t:|1783540151\n|move|p1a: Calyrex|Psyshock|p2a: Vivillon\n|-damage|p2a: Vivillon|12/268\n|move|p2a: Vivillon|Bug Buzz|p1a: Calyrex\n|-supereffective|p1a: Calyrex\n|-damage|p1a: Calyrex|0 fnt\n|faint|p1a: Calyrex\n|\n|upkeep\n|\n|t:|1783540152\n|switch|p1a: Mesprit|Mesprit, L85|41/100 brn\n|turn|17\n|inactive|Time left: 300 sec this turn | 300 sec total\n|\n|t:|1783540153\n|switch|p2a: Piloswine|Piloswine, L85, M|169/309\n|-activate|p2a: Piloswine|move: Sticky Web\n|-unboost|p2a: Piloswine|spe|1\n|move|p1a: Mesprit|Dazzling Gleam|p2a: Piloswine\n|-damage|p2a: Piloswine|116/309\n|\n|-damage|p1a: Mesprit|35/100 brn|[from] brn\n|upkeep\n|turn|18\n|inactive|Time left: 300 sec this turn | 300 sec total\n|\n|t:|1783540154\n|move|p1a: Mesprit|Dazzling Gleam|p2a: Piloswine\n|-damage|p2a: Piloswine|65/309\n|move|p2a: Piloswine|Icicle Crash|p1a: Mesprit\n|-damage|p1a: Mesprit|6/100 brn\n|\n|-damage|p1a: Mesprit|0 fnt|[from] brn\n|faint|p1a: Mesprit\n|upkeep\n|\n|t:|1783540156\n|switch|p1a: Kricketune|Kricketune, L99, M|100/100\n|turn|19\n|inactive|Time left: 300 sec this turn | 300 sec total\n|\n|t:|1783540157\n|move|p2a: Piloswine|Ice Shard|p1a: Kricketune\n|-damage|p1a: Kricketune|82/100\n|move|p1a: Kricketune|Pounce|p2a: Piloswine\n|-damage|p2a: Piloswine|0 fnt\n|faint|p2a: Piloswine\n|\n|upkeep\n|inactive|Time left: 300 sec this turn | 300 sec total | 5 sec grace\n|\n|t:|1783540158\n|switch|p2a: Vivillon|Vivillon-Elegant, L83, M|12/268\n|turn|20\n|inactive|Time left: 300 sec this turn | 300 sec total\n|\n|t:|1783540159\n|-terastallize|p1a: Kricketune|Ghost\n|move|p2a: Vivillon|Hurricane|p1a: Kricketune\n|-damage|p1a: Kricketune|40/100\n|move|p1a: Kricketune|Knock Off|p2a: Vivillon\n|-damage|p2a: Vivillon|0 fnt\n|-enditem|p2a: Vivillon|Heavy-Duty Boots|[from] move: Knock Off|[of] p1a: Kricketune\n|faint|p2a: Vivillon\n|\n|upkeep\n|inactive|Time left: 300 sec this turn | 300 sec total | 5 sec grace\n|\n|t:|1783540160\n|switch|p2a: Kilowattrel|Kilowattrel, L83, M|252/252\n|turn|21\n|inactive|Time left: 300 sec this turn | 300 sec total\n|\n|t:|1783540161\n|move|p2a: Kilowattrel|Thunderbolt|p1a: Kricketune\n|-damage|p1a: Kricketune|2/100\n|move|p1a: Kricketune|Knock Off|p2a: Kilowattrel\n|-damage|p2a: Kilowattrel|139/252\n|-enditem|p2a: Kilowattrel|Heavy-Duty Boots|[from] move: Knock Off|[of] p1a: Kricketune\n|\n|upkeep\n|turn|22\n|inactive|Time left: 300 sec this turn | 300 sec total\n|\n|t:|1783540162\n|move|p2a: Kilowattrel|Thunderbolt|p1a: Kricketune\n|-damage|p1a: Kricketune|0 fnt\n|faint|p1a: Kricketune\n|\n|upkeep\n|\n|t:|1783540163\n|switch|p1a: Toxapex|Toxapex, L82, M|91/100 brn\n|turn|23\n|inactive|Time left: 300 sec this turn | 300 sec total\n|\n|t:|1783540164\n|move|p2a: Kilowattrel|Thunderbolt|p1a: Toxapex\n|-supereffective|p1a: Toxapex\n|-damage|p1a: Toxapex|29/100 brn\n|move|p1a: Toxapex|Recover|p1a: Toxapex\n|-heal|p1a: Toxapex|79/100 brn\n|\n|-damage|p1a: Toxapex|73/100 brn|[from] brn\n|upkeep\n|turn|24\n|inactive|Time left: 300 sec this turn | 300 sec total\n|\n|t:|1783540165\n|move|p2a: Kilowattrel|Thunderbolt|p1a: Toxapex\n|-supereffective|p1a: Toxapex\n|-damage|p1a: Toxapex|14/100 brn\n|move|p1a: Toxapex|Recover|p1a: Toxapex\n|-heal|p1a: Toxapex|64/100 brn\n|\n|-damage|p1a: Toxapex|58/100 brn|[from] brn\n|upkeep\n|turn|25\n|inactive|Time left: 300 sec this turn | 300 sec total\n|\n|t:|1783540166\n|move|p2a: Kilowattrel|Thunderbolt|p1a: Toxapex\n|-supereffective|p1a: Toxapex\n|-damage|p1a: Toxapex|0 fnt\n|faint|p1a: Toxapex\n|\n|win|p0y0812e71", "uploadtime": 1783540166, "views": 0, "rating": 0, "private": 0, "password": null, "_winner": "p0y0812e71", "_our_name": "p0y0812e71"}