{"id": "battle-gen9randombattle-397", "formatid": "gen9randombattle", "format": "[Gen 9] Random Battle", "players": ["p0x397c82c", "p0y397b15c"], "log": "|init|battle\n|title|p0x397c82c vs. p0y397b15c\n|j|\u2606p0x397c82c\n|j|\u2606p0y397b15c\n|t:|1783543686\n|gametype|singles\n|player|p1|p0x397c82c|265|\n|player|p2|p0y397b15c|1|\n|gen|9\n|tier|[Gen 9] Random Battle\n|rule|Species Clause: Limit one of each Pok\u00e9mon\n|rule|HP Percentage Mod: HP is shown in percentages\n|rule|Sleep Clause Mod: Limit one foe put to sleep\n|rule|Illusion Level Mod: Illusion disguises the Pok\u00e9mon's true level\n|\n|t:|1783543686\n|teamsize|p1|6\n|teamsize|p2|6\n|start\n|switch|p1a: Skuntank|Skuntank, L84, M|310/310\n|switch|p2a: Vileplume|Vileplume, L85, M|100/100\n|turn|1\n|inactive|Battle timer is ON: inactive players will automatically lose when time's up. (requested by p0y397b15c)\n|inactive|Time left: 300 sec this turn | 300 sec total | 60 sec grace\n|inactive|p0x397c82c also wants the timer to be on.\n|\n|t:|1783543688\n|move|p1a: Skuntank|Gunk Shot|p2a: Vileplume\n|-damage|p2a: Vileplume|50/100\n|move|p2a: Vileplume|Strength Sap|p1a: Skuntank\n|-unboost|p1a: Skuntank|atk|1\n|-heal|p2a: Vileplume|100/100\n|\n|upkeep\n|turn|2\n|inactive|Time left: 300 sec this turn | 300 sec total\n|\n|t:|1783543689\n|move|p1a: Skuntank|Toxic Spikes|p2a: Vileplume\n|-sidestart|p2: p0y397b15c|move: Toxic Spikes\n|move|p2a: Vileplume|Sludge Bomb|p1a: Skuntank\n|-resisted|p1a: Skuntank\n|-damage|p1a: Skuntank|238/310\n|\n|upkeep\n|turn|3\n|inactive|Time left: 300 sec this turn | 300 sec total\n|\n|t:|1783543690\n|move|p1a: Skuntank|Toxic Spikes|p2a: Vileplume\n|-sidestart|p2: p0y397b15c|move: Toxic Spikes\n|move|p2a: Vileplume|Sludge Bomb|p1a: Skuntank\n|-resisted|p1a: Skuntank\n|-damage|p1a: Skuntank|166/310\n|\n|upkeep\n|turn|4\n|inactive|Time left: 300 sec this turn | 300 sec total\n|\n|t:|1783543691\n|switch|p1a: Malamar|Malamar, L82, F|275/275\n|move|p2a: Vileplume|Sludge Bomb|p1a: Malamar\n|-damage|p1a: Malamar|157/275\n|\n|upkeep\n|turn|5\n|inactive|Time left: 300 sec this turn | 300 sec total\n|\n|t:|1783543692\n|switch|p2a: Spidops|Spidops, L96, F|100/100\n|move|p1a: Malamar|Superpower|p2a: Spidops\n|-resisted|p2a: Spidops\n|-damage|p2a: Spidops|88/100\n|-boost|p1a: Malamar|atk|1\n|-boost|p1a: Malamar|def|1\n|\n|upkeep\n|turn|6\n|inactive|Time left: 300 sec this turn | 300 sec total\n|\n|t:|1783543693\n|move|p1a: Malamar|Knock Off|p2a: Spidops\n|-damage|p2a: Spidops|47/100\n|-enditem|p2a: Spidops|Heavy-Duty Boots|[from] move: Knock Off|[of] p1a: Malamar\n|move|p2a: Spidops|Sticky Web|p1a: Malamar\n|-sidestart|p1: p0x397c82c|move: Sticky Web\n|\n|upkeep\n|turn|7\n|inactive|Time left: 300 sec this turn | 300 sec total\n|\n|t:|1783543694\n|move|p1a: Malamar|Knock Off|p2a: Spidops\n|-damage|p2a: Spidops|17/100\n|move|p2a: Spidops|U-turn|p1a: Malamar\n|-supereffective|p1a: Malamar\n|-damage|p1a: Malamar|0 fnt\n|faint|p1a: Malamar\n|\n|t:|1783543695\n|switch|p2a: Vileplume|Vileplume, L85, M|100/100|[from] U-turn\n|-sideend|p2: p0y397b15c|move: Toxic Spikes|[of] p2a: Vileplume\n|\n|upkeep\n|inactive|Time left: 300 sec this turn | 300 sec total | 10 sec grace\n|\n|t:|1783543696\n|switch|p1a: Luxray|Luxray, L88, M|284/284\n|-activate|p1a: Luxray|move: Sticky Web\n|-unboost|p1a: Luxray|spe|1\n|-ability|p1a: Luxray|Intimidate|boost\n|-unboost|p2a: Vileplume|atk|1\n|turn|8\n|inactive|Time left: 300 sec this turn | 300 sec total\n|\n|t:|1783543697\n|move|p2a: Vileplume|Sludge Bomb|p1a: Luxray\n|-damage|p1a: Luxray|206/284\n|move|p1a: Luxray|Play Rough|p2a: Vileplume\n|-resisted|p2a: Vileplume\n|-damage|p2a: Vileplume|84/100\n|\n|-heal|p2a: Vileplume|90/100|[from] item: Leftovers\n|upkeep\n|turn|9\n|inactive|Time left: 300 sec this turn | 300 sec total\n|\n|t:|1783543698\n|move|p2a: Vileplume|Sleep Powder|p1a: Luxray\n|-status|p1a: Luxray|slp|[from] move: Sleep Powder\n|cant|p1a: Luxray|slp\n|\n|-heal|p2a: Vileplume|96/100|[from] item: Leftovers\n|upkeep\n|turn|10\n|inactive|Time left: 300 sec this turn | 300 sec total\n|\n|t:|1783543699\n|move|p2a: Vileplume|Giga Drain|p1a: Luxray\n|-damage|p1a: Luxray|139/284 slp\n|-heal|p2a: Vileplume|100/100|[from] drain|[of] p1a: Luxray\n|-curestatus|p1a: Luxray|slp|[msg]\n|move|p1a: Luxray|Throat Chop|p2a: Vileplume\n|-damage|p2a: Vileplume|71/100\n|-start|p2a: Vileplume|Throat Chop|[silent]\n|\n|-heal|p2a: Vileplume|77/100|[from] item: Leftovers\n|upkeep\n|turn|11\n|inactive|Time left: 300 sec this turn | 300 sec total\n|\n|t:|1783543700\n|move|p2a: Vileplume|Strength Sap|p1a: Luxray\n|-unboost|p1a: Luxray|atk|1\n|-heal|p2a: Vileplume|100/100\n|move|p1a: Luxray|Wild Charge|p2a: Vileplume\n|-resisted|p2a: Vileplume\n|-damage|p2a: Vileplume|85/100\n|-status|p1a: Luxray|slp|[from] ability: Effect Spore|[of] p2a: Vileplume\n|-damage|p1a: Luxray|129/284 slp|[from] Recoil\n|\n|-heal|p2a: Vileplume|91/100|[from] item: Leftovers\n|-end|p2a: Vileplume|Throat Chop|[silent]\n|upkeep\n|turn|12\n|inactive|Time left: 300 sec this turn | 300 sec total\n|\n|t:|1783543701\n|switch|p1a: Skuntank|Skuntank, L84, M|166/310\n|-activate|p1a: Skuntank|move: Sticky Web\n|-unboost|p1a: Skuntank|spe|1\n|move|p2a: Vileplume|Strength Sap|p1a: Skuntank\n|-unboost|p1a: Skuntank|atk|1\n|-heal|p2a: Vileplume|100/100\n|\n|upkeep\n|turn|13\n|inactive|Time left: 300 sec this turn | 300 sec total\n|\n|t:|1783543702\n|move|p2a: Vileplume|Giga Drain|p1a: Skuntank\n|-resisted|p1a: Skuntank\n|-damage|p1a: Skuntank|107/310\n|move|p1a: Skuntank|Toxic Spikes|p2a: Vileplume\n|-sidestart|p2: p0y397b15c|move: Toxic Spikes\n|\n|upkeep\n|turn|14\n|inactive|Time left: 300 sec this turn | 300 sec total\n|\n|t:|1783543703\n|move|p2a: Vileplume|Sludge Bomb|p1a: Skuntank\n|-resisted|p1a: Skuntank\n|-crit|p1a: Skuntank\n|-damage|p1a: Skuntank|4/310\n|move|p1a: Skuntank|Knock Off|p2a: Vileplume\n|-damage|p2a: Vileplume|74/100\n|-enditem|p2a: Vileplume|Leftovers|[from] move: Knock Off|[of] p1a: Skuntank\n|\n|upkeep\n|turn|15\n|inactive|Time left: 300 sec this turn | 300 sec total\n|\n|t:|1783543704\n|move|p2a: Vileplume|Strength Sap|p1a: Skuntank\n|-unboost|p1a: Skuntank|atk|1\n|-heal|p2a: Vileplume|100/100\n|move|p1a: Skuntank|Knock Off|p2a: Vileplume\n|-damage|p2a: Vileplume|88/100\n|\n|upkeep\n|turn|16\n|inactive|Time left: 300 sec this turn | 300 sec total\n|\n|t:|1783543705\n|move|p2a: Vileplume|Strength Sap|p1a: Skuntank\n|-unboost|p1a: Skuntank|atk|1\n|-heal|p2a: Vileplume|100/100\n|move|p1a: Skuntank|Toxic Spikes|p2a: Vileplume\n|-sidestart|p2: p0y397b15c|move: Toxic Spikes\n|\n|upkeep\n|turn|17\n|inactive|Time left: 300 sec this turn | 300 sec total\n|\n|t:|1783543706\n|switch|p2a: Spidops|Spidops, L96, F|17/100\n|-status|p2a: Spidops|tox\n|switch|p1a: Raichu|Raichu, L88, F|249/249\n|-activate|p1a: Raichu|move: Sticky Web\n|-unboost|p1a: Raichu|spe|1\n|\n|-damage|p2a: Spidops|11/100 tox|[from] psn\n|upkeep\n|turn|18\n|inactive|Time left: 300 sec this turn | 300 sec total\n|\n|t:|1783543707\n|switch|p2a: Vileplume|Vileplume, L85, M|100/100\n|-sideend|p2: p0y397b15c|move: Toxic Spikes|[of] p2a: Vileplume\n|move|p1a: Raichu|Nasty Plot|p1a: Raichu\n|-boost|p1a: Raichu|spa|2\n|\n|upkeep\n|turn|19\n|inactive|Time left: 300 sec this turn | 300 sec total\n|\n|t:|1783543708\n|-terastallize|p1a: Raichu|Ice\n|move|p1a: Raichu|Tera Blast|p2a: Vileplume|[anim] Tera Blast Ice\n|-supereffective|p2a: Vileplume\n|-damage|p2a: Vileplume|0 fnt\n|faint|p2a: Vileplume\n|-damage|p1a: Raichu|225/249|[from] item: Life Orb\n|\n|upkeep\n|\n|t:|1783543709\n|switch|p2a: Grumpig|Grumpig, L92, F|100/100\n|turn|20\n|inactive|Time left: 300 sec this turn | 300 sec total\n|\n|t:|1783543711\n|move|p2a: Grumpig|Nasty Plot|p2a: Grumpig\n|-boost|p2a: Grumpig|spa|2\n|move|p1a: Raichu|Thunderbolt|p2a: Grumpig\n|-damage|p2a: Grumpig|29/100\n|-damage|p1a: Raichu|201/249|[from] item: Life Orb\n|\n|-heal|p2a: Grumpig|36/100|[from] item: Leftovers\n|upkeep\n|turn|21\n|inactive|Time left: 300 sec this turn | 300 sec total\n|\n|t:|1783543712\n|switch|p1a: Skuntank|Skuntank, L84, M|4/310\n|-activate|p1a: Skuntank|move: Sticky Web\n|-unboost|p1a: Skuntank|spe|1\n|move|p2a: Grumpig|Psychic|p1a: Skuntank\n|-immune|p1a: Skuntank\n|\n|-heal|p2a: Grumpig|42/100|[from] item: Leftovers\n|upkeep\n|turn|22\n|inactive|Time left: 300 sec this turn | 300 sec total\n|\n|t:|1783543713\n|move|p2a: Grumpig|Dazzling Gleam|p1a: Skuntank\n|-damage|p1a: Skuntank|0 fnt\n|faint|p1a: Skuntank\n|\n|-heal|p2a: Grumpig|48/100|[from] item: Leftovers\n|upkeep\n|inactive|Time left: 300 sec this turn | 300 sec total | 5 sec grace\n|\n|t:|1783543715\n|switch|p1a: Luxray|Luxray, L88, M|129/284 slp\n|-activate|p1a: Luxray|move: Sticky Web\n|-unboost|p1a: Luxray|spe|1\n|-ability|p1a: Luxray|Intimidate|boost\n|-unboost|p2a: Grumpig|atk|1\n|turn|23\n|inactive|Time left: 300 sec this turn | 300 sec total\n|\n|t:|1783543716\n|move|p2a: Grumpig|Psychic|p1a: Luxray\n|-damage|p1a: Luxray|0 fnt\n|faint|p1a: Luxray\n|\n|-heal|p2a: Grumpig|54/100|[from] item: Leftovers\n|upkeep\n|inactive|Time left: 300 sec this turn | 300 sec total | 5 sec grace\n|\n|t:|1783543717\n|switch|p1a: Comfey|Comfey, L85, F|225/225\n|-activate|p1a: Comfey|move: Sticky Web\n|-unboost|p1a: Comfey|spe|1\n|turn|24\n|inactive|Time left: 300 sec this turn | 300 sec total\n|\n|t:|1783543718\n|move|p2a: Grumpig|Psychic|p1a: Comfey\n|-damage|p1a: Comfey|50/225\n|move|p1a: Comfey|Calm Mind|p1a: Comfey\n|-boost|p1a: Comfey|spa|1\n|-boost|p1a: Comfey|spd|1\n|\n|-heal|p2a: Grumpig|60/100|[from] item: Leftovers\n|-heal|p1a: Comfey|64/225|[from] item: Leftovers\n|upkeep\n|turn|25\n|inactive|Time left: 300 sec this turn | 300 sec total\n|\n|t:|1783543719\n|move|p1a: Comfey|Draining Kiss|p2a: Grumpig\n|-damage|p2a: Grumpig|40/100\n|-heal|p1a: Comfey|109/225|[from] drain|[of] p2a: Grumpig\n|move|p2a: Grumpig|Psychic|p1a: Comfey\n|-damage|p1a: Comfey|0 fnt\n|faint|p1a: Comfey\n|\n|-heal|p2a: Grumpig|46/100|[from] item: Leftovers\n|upkeep\n|inactive|Time left: 300 sec this turn | 300 sec total | 5 sec grace\n|\n|t:|1783543721\n|switch|p1a: Raichu|Raichu, L88, F, tera:Ice|201/249\n|-activate|p1a: Raichu|move: Sticky Web\n|-unboost|p1a: Raichu|spe|1\n|turn|26\n|inactive|Time left: 300 sec this turn | 300 sec total\n|\n|t:|1783543721\n|move|p2a: Grumpig|Psychic|p1a: Raichu\n|-damage|p1a: Raichu|0 fnt\n|faint|p1a: Raichu\n|\n|-heal|p2a: Grumpig|52/100|[from] item: Leftovers\n|upkeep\n|inactive|Time left: 300 sec this turn | 300 sec total | 5 sec grace\n|\n|t:|1783543722\n|switch|p1a: Arceus|Arceus-Fighting, L70|284/284\n|-activate|p1a: Arceus|move: Sticky Web\n|-unboost|p1a: Arceus|spe|1\n|turn|27\n|inactive|Time left: 300 sec this turn | 300 sec total\n|\n|t:|1783543723\n|move|p2a: Grumpig|Psychic|p1a: Arceus\n|-supereffective|p1a: Arceus\n|-damage|p1a: Arceus|0 fnt\n|faint|p1a: Arceus\n|\n|win|p0y397b15c", "uploadtime": 1783543723, "views": 0, "rating": 0, "private": 0, "password": null, "_winner": "p0y397b15c", "_our_name": "p0x397c82c"}