{"id": "battle-gen9randombattle-1904", "formatid": "gen9randombattle", "format": "[Gen 9] Random Battle", "players": ["p0x1904c228", "p0y190405d3"], "log": "|init|battle\n|title|p0x1904c228 vs. p0y190405d3\n|j|\u2606p0x1904c228\n|j|\u2606p0y190405d3\n|t:|1783561291\n|gametype|singles\n|player|p1|p0x1904c228|169|\n|player|p2|p0y190405d3|1|\n|gen|9\n|tier|[Gen 9] Random Battle\n|rule|Species Clause: Limit one of each Pok\u00e9mon\n|rule|HP Percentage Mod: HP is shown in percentages\n|rule|Sleep Clause Mod: Limit one foe put to sleep\n|rule|Illusion Level Mod: Illusion disguises the Pok\u00e9mon's true level\n|\n|t:|1783561291\n|teamsize|p1|6\n|teamsize|p2|6\n|start\n|switch|p1a: Landorus|Landorus-Therian, L76, M|100/100\n|switch|p2a: Hariyama|Hariyama, L87, M|392/392\n|-ability|p1a: Landorus|Intimidate|boost\n|-unboost|p2a: Hariyama|atk|1\n|turn|1\n|inactive|Battle timer is ON: inactive players will automatically lose when time's up. (requested by p0y190405d3)\n|inactive|p0x1904c228 also wants the timer to be on.\n|\n|t:|1783561292\n|move|p1a: Landorus|Earthquake|p2a: Hariyama\n|-damage|p2a: Hariyama|233/392\n|move|p2a: Hariyama|Knock Off|p1a: Landorus\n|-damage|p1a: Landorus|78/100\n|-enditem|p1a: Landorus|Leftovers|[from] move: Knock Off|[of] p2a: Hariyama\n|\n|-status|p2a: Hariyama|brn|[from] item: Flame Orb\n|upkeep\n|turn|2\n|inactive|Time left: 300 sec this turn | 300 sec total\n|\n|t:|1783561293\n|move|p1a: Landorus|Earthquake|p2a: Hariyama\n|-crit|p2a: Hariyama\n|-damage|p2a: Hariyama|22/392 brn\n|move|p2a: Hariyama|Facade|p1a: Landorus\n|-damage|p1a: Landorus|25/100\n|\n|-damage|p2a: Hariyama|0 fnt|[from] brn\n|faint|p2a: Hariyama\n|upkeep\n|inactive|Time left: 300 sec this turn | 300 sec total | 5 sec grace\n|\n|t:|1783561293\n|switch|p2a: Vikavolt|Vikavolt, L83, F|263/263\n|turn|3\n|inactive|Time left: 300 sec this turn | 300 sec total\n|\n|t:|1783561294\n|move|p1a: Landorus|Stone Edge|p2a: Vikavolt\n|-supereffective|p2a: Vikavolt\n|-crit|p2a: Vikavolt\n|-damage|p2a: Vikavolt|3/263\n|move|p2a: Vikavolt|Sticky Web|p1a: Landorus\n|-sidestart|p1: p0x1904c228|move: Sticky Web\n|\n|upkeep\n|turn|4\n|inactive|Time left: 300 sec this turn | 300 sec total\n|\n|t:|1783561295\n|move|p1a: Landorus|U-turn|p2a: Vikavolt\n|-damage|p2a: Vikavolt|0 fnt\n|faint|p2a: Vikavolt\n|\n|t:|1783561296\n|switch|p1a: Serperior|Serperior, L79, M|100/100|[from] U-turn\n|-activate|p1a: Serperior|move: Sticky Web\n|-boost|p1a: Serperior|spe|1\n|\n|upkeep\n|inactive|Time left: 300 sec this turn | 300 sec total | 10 sec grace\n|\n|t:|1783561297\n|switch|p2a: Hydreigon|Hydreigon, L79, M|275/275\n|turn|5\n|inactive|Time left: 300 sec this turn | 300 sec total\n|\n|t:|1783561298\n|move|p1a: Serperior|Leaf Storm|p2a: Hydreigon\n|-resisted|p2a: Hydreigon\n|-damage|p2a: Hydreigon|213/275\n|-boost|p1a: Serperior|spa|2\n|-damage|p1a: Serperior|91/100|[from] item: Life Orb\n|move|p2a: Hydreigon|Nasty Plot|p2a: Hydreigon\n|-boost|p2a: Hydreigon|spa|2\n|\n|upkeep\n|turn|6\n|inactive|Time left: 300 sec this turn | 300 sec total\n|\n|t:|1783561299\n|move|p1a: Serperior|Dragon Pulse|p2a: Hydreigon\n|-supereffective|p2a: Hydreigon\n|-crit|p2a: Hydreigon\n|-damage|p2a: Hydreigon|0 fnt\n|faint|p2a: Hydreigon\n|-damage|p1a: Serperior|81/100|[from] item: Life Orb\n|\n|upkeep\n|inactive|Time left: 300 sec this turn | 300 sec total | 5 sec grace\n|\n|t:|1783561300\n|switch|p2a: Chimecho|Chimecho, L93, F|290/290\n|turn|7\n|inactive|Time left: 300 sec this turn | 300 sec total\n|\n|t:|1783561301\n|move|p1a: Serperior|Leaf Storm|p2a: Chimecho\n|-damage|p2a: Chimecho|39/290\n|-boost|p1a: Serperior|spa|2\n|-damage|p1a: Serperior|71/100|[from] item: Life Orb\n|move|p2a: Chimecho|Psychic Noise|p1a: Serperior\n|-damage|p1a: Serperior|35/100\n|-start|p1a: Serperior|move: Heal Block\n|\n|-heal|p2a: Chimecho|57/290|[from] item: Leftovers\n|upkeep\n|turn|8\n|inactive|Time left: 300 sec this turn | 300 sec total\n|\n|t:|1783561303\n|move|p1a: Serperior|Leaf Storm|p2a: Chimecho\n|-damage|p2a: Chimecho|0 fnt\n|-boost|p1a: Serperior|spa|2\n|faint|p2a: Chimecho\n|-damage|p1a: Serperior|25/100|[from] item: Life Orb\n|\n|-end|p1a: Serperior|move: Heal Block\n|upkeep\n|inactive|Time left: 300 sec this turn | 300 sec total | 5 sec grace\n|\n|t:|1783561304\n|switch|p2a: Vaporeon|Vaporeon, L86, M|364/364\n|turn|9\n|inactive|Time left: 300 sec this turn | 300 sec total\n|\n|t:|1783561305\n|move|p2a: Vaporeon|Protect|p2a: Vaporeon\n|-singleturn|p2a: Vaporeon|Protect\n|move|p1a: Serperior|Leaf Storm|p2a: Vaporeon\n|-activate|p2a: Vaporeon|move: Protect\n|\n|upkeep\n|turn|10\n|inactive|Time left: 300 sec this turn | 300 sec total\n|\n|t:|1783561306\n|move|p2a: Vaporeon|Protect|p2a: Vaporeon\n|-singleturn|p2a: Vaporeon|Protect\n|move|p1a: Serperior|Leaf Storm|p2a: Vaporeon\n|-activate|p2a: Vaporeon|move: Protect\n|\n|upkeep\n|turn|11\n|inactive|Time left: 300 sec this turn | 300 sec total\n|\n|t:|1783561307\n|move|p2a: Vaporeon|Protect||[still]\n|-fail|p2a: Vaporeon\n|move|p1a: Serperior|Leaf Storm|p2a: Vaporeon\n|-supereffective|p2a: Vaporeon\n|-damage|p2a: Vaporeon|0 fnt\n|faint|p2a: Vaporeon\n|-damage|p1a: Serperior|16/100|[from] item: Life Orb\n|\n|upkeep\n|inactive|Time left: 300 sec this turn | 300 sec total | 5 sec grace\n|\n|t:|1783561308\n|switch|p2a: Pawmot|Pawmot, L80, F|243/243\n|turn|12\n|inactive|Time left: 300 sec this turn | 300 sec total\n|\n|t:|1783561309\n|-terastallize|p1a: Serperior|Dragon\n|move|p1a: Serperior|Dragon Pulse|p2a: Pawmot\n|-damage|p2a: Pawmot|0 fnt\n|faint|p2a: Pawmot\n|-damage|p1a: Serperior|6/100|[from] item: Life Orb\n|\n|win|p0x1904c228", "uploadtime": 1783561309, "views": 0, "rating": 0, "private": 0, "password": null, "_winner": "p0x1904c228", "_our_name": "p0y190405d3"}