{"id": "battle-gen9randombattle-1640", "formatid": "gen9randombattle", "format": "[Gen 9] Random Battle", "players": ["p0x16402c25", "p0y16405440"], "log": "|init|battle\n|title|p0x16402c25 vs. p0y16405440\n|j|\u2606p0x16402c25\n|j|\u2606p0y16405440\n|t:|1783558957\n|gametype|singles\n|player|p1|p0x16402c25|265|\n|player|p2|p0y16405440|2|\n|gen|9\n|tier|[Gen 9] Random Battle\n|rule|Species Clause: Limit one of each Pok\u00e9mon\n|rule|HP Percentage Mod: HP is shown in percentages\n|rule|Sleep Clause Mod: Limit one foe put to sleep\n|rule|Illusion Level Mod: Illusion disguises the Pok\u00e9mon's true level\n|\n|t:|1783558957\n|teamsize|p1|6\n|teamsize|p2|6\n|start\n|switch|p1a: Farigiraf|Farigiraf, L90, M|100/100\n|switch|p2a: Wugtrio|Wugtrio, L91, F|212/212\n|turn|1\n|inactive|Battle timer is ON: inactive players will automatically lose when time's up. (requested by p0y16405440)\n|inactive|p0x16402c25 also wants the timer to be on.\n|\n|t:|1783558959\n|move|p2a: Wugtrio|Liquidation|p1a: Farigiraf\n|-damage|p1a: Farigiraf|47/100\n|move|p1a: Farigiraf|Body Slam|p2a: Wugtrio\n|-damage|p2a: Wugtrio|76/212\n|-ability|p2a: Wugtrio|Gooey\n|-unboost|p1a: Farigiraf|spe|1\n|\n|-heal|p1a: Farigiraf|54/100|[from] item: Leftovers\n|upkeep\n|turn|2\n|inactive|Time left: 300 sec this turn | 300 sec total\n|\n|t:|1783558960\n|move|p1a: Farigiraf|Protect|p1a: Farigiraf\n|-singleturn|p1a: Farigiraf|Protect\n|move|p2a: Wugtrio|Liquidation|p1a: Farigiraf\n|-activate|p1a: Farigiraf|move: Protect\n|\n|-heal|p1a: Farigiraf|60/100|[from] item: Leftovers\n|upkeep\n|turn|3\n|inactive|Time left: 300 sec this turn | 300 sec total\n|\n|t:|1783558961\n|move|p2a: Wugtrio|Liquidation|p1a: Farigiraf\n|-damage|p1a: Farigiraf|8/100\n|move|p1a: Farigiraf|Psychic Noise|p2a: Wugtrio\n|-damage|p2a: Wugtrio|0 fnt\n|faint|p2a: Wugtrio\n|\n|-heal|p1a: Farigiraf|14/100|[from] item: Leftovers\n|upkeep\n|inactive|Time left: 300 sec this turn | 300 sec total | 5 sec grace\n|\n|t:|1783558962\n|switch|p2a: Enamorus|Enamorus-Therian, L83, F|259/259\n|turn|4\n|inactive|Time left: 300 sec this turn | 300 sec total\n|\n|t:|1783558963\n|switch|p1a: Braviary|Braviary, L85, M|100/100\n|move|p2a: Enamorus|Moonblast|p1a: Braviary\n|-damage|p1a: Braviary|52/100\n|\n|upkeep\n|turn|5\n|inactive|Time left: 300 sec this turn | 300 sec total\n|\n|t:|1783558965\n|move|p1a: Braviary|Roost|p1a: Braviary\n|-heal|p1a: Braviary|100/100\n|-singleturn|p1a: Braviary|move: Roost\n|move|p2a: Enamorus|Moonblast|p1a: Braviary\n|-damage|p1a: Braviary|54/100\n|-unboost|p1a: Braviary|spa|1\n|-ability|p1a: Braviary|Defiant|boost\n|-boost|p1a: Braviary|atk|2\n|\n|upkeep\n|turn|6\n|inactive|Time left: 300 sec this turn | 300 sec total\n|\n|t:|1783558966\n|switch|p2a: Ampharos|Ampharos, L88, F|302/302\n|move|p1a: Braviary|Brave Bird|p2a: Ampharos\n|-resisted|p2a: Ampharos\n|-damage|p2a: Ampharos|141/302\n|-status|p1a: Braviary|par|[from] ability: Static|[of] p2a: Ampharos\n|-damage|p1a: Braviary|37/100 par|[from] Recoil\n|\n|upkeep\n|turn|7\n|inactive|Time left: 300 sec this turn | 300 sec total\n|\n|t:|1783558967\n|switch|p1a: Raichu|Raichu, L88, M|100/100\n|move|p2a: Ampharos|Thunderbolt|p1a: Raichu\n|-ability|p1a: Raichu|Lightning Rod|boost\n|-boost|p1a: Raichu|spa|1\n|\n|upkeep\n|turn|8\n|inactive|Time left: 300 sec this turn | 300 sec total\n|\n|t:|1783558968\n|move|p1a: Raichu|Nasty Plot|p1a: Raichu\n|-boost|p1a: Raichu|spa|2\n|move|p2a: Ampharos|Dazzling Gleam|p1a: Raichu\n|-damage|p1a: Raichu|61/100\n|-damage|p2a: Ampharos|111/302|[from] item: Life Orb\n|\n|upkeep\n|turn|9\n|inactive|Time left: 300 sec this turn | 300 sec total\n|\n|t:|1783558970\n|move|p1a: Raichu|Thunderbolt|p2a: Ampharos\n|-resisted|p2a: Ampharos\n|-damage|p2a: Ampharos|0 fnt\n|faint|p2a: Ampharos\n|-damage|p1a: Raichu|51/100|[from] item: Life Orb\n|\n|upkeep\n|inactive|Time left: 300 sec this turn | 300 sec total | 5 sec grace\n|\n|t:|1783558972\n|switch|p2a: Vileplume|Vileplume, L85, F|266/266\n|turn|10\n|inactive|Time left: 300 sec this turn | 300 sec total\n|\n|t:|1783558973\n|-terastallize|p1a: Raichu|Ice\n|move|p1a: Raichu|Tera Blast|p2a: Vileplume|[anim] Tera Blast Ice\n|-supereffective|p2a: Vileplume\n|-damage|p2a: Vileplume|0 fnt\n|faint|p2a: Vileplume\n|-damage|p1a: Raichu|41/100|[from] item: Life Orb\n|\n|upkeep\n|inactive|Time left: 300 sec this turn | 300 sec total | 5 sec grace\n|\n|t:|1783558974\n|switch|p2a: Enamorus|Enamorus-Therian, L83, F|259/259\n|turn|11\n|inactive|Time left: 300 sec this turn | 300 sec total\n|\n|t:|1783558975\n|switch|p2a: Houndstone|Houndstone, L86, F|264/264\n|move|p1a: Raichu|Tera Blast|p2a: Houndstone|[anim] Tera Blast Ice\n|-damage|p2a: Houndstone|18/264\n|-damage|p1a: Raichu|32/100|[from] item: Life Orb\n|\n|-heal|p2a: Houndstone|34/264|[from] item: Leftovers\n|upkeep\n|turn|12\n|inactive|Time left: 300 sec this turn | 300 sec total\n|\n|t:|1783558977\n|move|p1a: Raichu|Thunderbolt|p2a: Houndstone\n|-damage|p2a: Houndstone|0 fnt\n|faint|p2a: Houndstone\n|-damage|p1a: Raichu|22/100|[from] item: Life Orb\n|\n|upkeep\n|inactive|Time left: 300 sec this turn | 300 sec total | 5 sec grace\n|\n|t:|1783558978\n|switch|p2a: Enamorus|Enamorus-Therian, L83, F|259/259\n|turn|13\n|inactive|Time left: 300 sec this turn | 300 sec total\n|\n|t:|1783558979\n|move|p1a: Raichu|Tera Blast|p2a: Enamorus|[anim] Tera Blast Ice\n|-supereffective|p2a: Enamorus\n|-damage|p2a: Enamorus|0 fnt\n|faint|p2a: Enamorus\n|-damage|p1a: Raichu|13/100|[from] item: Life Orb\n|\n|upkeep\n|inactive|Time left: 300 sec this turn | 300 sec total | 5 sec grace\n|\n|t:|1783558980\n|switch|p2a: Ogerpon|Ogerpon-Wellspring, L76, F|247/247\n|turn|14\n|inactive|Time left: 300 sec this turn | 300 sec total\n|\n|t:|1783558981\n|-terastallize|p2a: Ogerpon|Water\n|detailschange|p2a: Ogerpon|Ogerpon-Wellspring-Tera, L76, F, tera:Water\n|-ability|p2a: Ogerpon|Embody Aspect (Wellspring)|boost\n|-boost|p2a: Ogerpon|spd|1\n|move|p1a: Raichu|Thunderbolt|p2a: Ogerpon\n|-supereffective|p2a: Ogerpon\n|-damage|p2a: Ogerpon|0 fnt\n|faint|p2a: Ogerpon\n|detailschange|p2: Ogerpon|Ogerpon-Wellspring, L76, F|[silent]\n|-damage|p1a: Raichu|3/100|[from] item: Life Orb\n|\n|win|p0x16402c25", "uploadtime": 1783558981, "views": 0, "rating": 0, "private": 0, "password": null, "_winner": "p0x16402c25", "_our_name": "p0y16405440"}