{"id": "battle-gen9randombattle-2037", "formatid": "gen9randombattle", "format": "[Gen 9] Random Battle", "players": ["p0x20376b6a", "p0y2037cfb3"], "log": "|init|battle\n|title|p0x20376b6a vs. p0y2037cfb3\n|j|\u2606p0x20376b6a\n|j|\u2606p0y2037cfb3\n|t:|1783562835\n|gametype|singles\n|player|p1|p0x20376b6a|265|\n|player|p2|p0y2037cfb3|2|\n|gen|9\n|tier|[Gen 9] Random Battle\n|rule|Species Clause: Limit one of each Pok\u00e9mon\n|rule|HP Percentage Mod: HP is shown in percentages\n|rule|Sleep Clause Mod: Limit one foe put to sleep\n|rule|Illusion Level Mod: Illusion disguises the Pok\u00e9mon's true level\n|\n|t:|1783562835\n|teamsize|p1|6\n|teamsize|p2|6\n|start\n|switch|p1a: Pelipper|Pelipper, L86, F|100/100\n|switch|p2a: Orthworm|Orthworm, L88, F|266/266\n|-weather|RainDance|[from] ability: Drizzle|[of] p1a: Pelipper\n|turn|1\n|inactive|Battle timer is ON: inactive players will automatically lose when time's up. (requested by p0x20376b6a)\n|inactive|Time left: 300 sec this turn | 300 sec total | 60 sec grace\n|inactive|p0y2037cfb3 also wants the timer to be on.\n|\n|t:|1783562836\n|switch|p2a: Manaphy|Manaphy, L78|284/284\n|move|p1a: Pelipper|Weather Ball|p2a: Manaphy\n|-resisted|p2a: Manaphy\n|-damage|p2a: Manaphy|162/284\n|\n|-weather|RainDance|[upkeep]\n|-heal|p2a: Manaphy|179/284|[from] item: Leftovers\n|upkeep\n|turn|2\n|inactive|Time left: 300 sec this turn | 300 sec total\n|\n|t:|1783562837\n|move|p2a: Manaphy|Tail Glow|p2a: Manaphy\n|-boost|p2a: Manaphy|spa|3\n|move|p1a: Pelipper|Weather Ball|p2a: Manaphy\n|-resisted|p2a: Manaphy\n|-damage|p2a: Manaphy|56/284\n|\n|-weather|RainDance|[upkeep]\n|-heal|p2a: Manaphy|73/284|[from] item: Leftovers\n|upkeep\n|turn|3\n|inactive|Time left: 300 sec this turn | 300 sec total\n|\n|t:|1783562838\n|-terastallize|p2a: Manaphy|Grass\n|move|p2a: Manaphy|Energy Ball|p1a: Pelipper\n|-damage|p1a: Pelipper|0 fnt\n|faint|p1a: Pelipper\n|\n|-weather|RainDance|[upkeep]\n|-heal|p2a: Manaphy|90/284|[from] item: Leftovers\n|upkeep\n|\n|t:|1783562839\n|switch|p1a: Passimian|Passimian, L83, F|100/100\n|turn|4\n|inactive|Time left: 300 sec this turn | 300 sec total\n|\n|t:|1783562839\n|move|p1a: Passimian|U-turn|p2a: Manaphy\n|-supereffective|p2a: Manaphy\n|-damage|p2a: Manaphy|0 fnt\n|faint|p2a: Manaphy\n|\n|t:|1783562840\n|switch|p1a: Milotic|Milotic, L83, M|100/100|[from] U-turn\n|\n|-weather|RainDance|[upkeep]\n|upkeep\n|inactive|Time left: 300 sec this turn | 300 sec total | 10 sec grace\n|\n|t:|1783562841\n|switch|p2a: Clawitzer|Clawitzer, L87, F|265/265\n|turn|5\n|inactive|Time left: 300 sec this turn | 300 sec total\n|\n|t:|1783562842\n|move|p1a: Milotic|Scald|p2a: Clawitzer\n|-resisted|p2a: Clawitzer\n|-damage|p2a: Clawitzer|223/265\n|move|p2a: Clawitzer|Water Pulse|p1a: Milotic\n|-resisted|p1a: Milotic\n|-damage|p1a: Milotic|75/100\n|\n|-weather|none\n|-heal|p1a: Milotic|81/100|[from] item: Leftovers\n|upkeep\n|turn|6\n|inactive|Time left: 300 sec this turn | 300 sec total\n|\n|t:|1783562842\n|move|p1a: Milotic|Scald|p2a: Clawitzer\n|-resisted|p2a: Clawitzer\n|-damage|p2a: Clawitzer|195/265\n|move|p2a: Clawitzer|Dragon Pulse|p1a: Milotic\n|-damage|p1a: Milotic|53/100\n|\n|-heal|p1a: Milotic|60/100|[from] item: Leftovers\n|upkeep\n|turn|7\n|inactive|Time left: 300 sec this turn | 300 sec total\n|\n|t:|1783562843\n|move|p1a: Milotic|Recover|p1a: Milotic\n|-heal|p1a: Milotic|100/100\n|move|p2a: Clawitzer|Dragon Pulse|p1a: Milotic\n|-damage|p1a: Milotic|73/100\n|\n|-heal|p1a: Milotic|79/100|[from] item: Leftovers\n|upkeep\n|turn|8\n|inactive|Time left: 300 sec this turn | 300 sec total\n|\n|t:|1783562844\n|move|p1a: Milotic|Scald|p2a: Clawitzer\n|-resisted|p2a: Clawitzer\n|-damage|p2a: Clawitzer|165/265\n|move|p2a: Clawitzer|Dark Pulse|p1a: Milotic\n|-damage|p1a: Milotic|51/100\n|\n|-heal|p1a: Milotic|57/100|[from] item: Leftovers\n|upkeep\n|turn|9\n|inactive|Time left: 300 sec this turn | 300 sec total\n|\n|t:|1783562845\n|move|p1a: Milotic|Recover|p1a: Milotic\n|-heal|p1a: Milotic|100/100\n|move|p2a: Clawitzer|Dragon Pulse|p1a: Milotic\n|-damage|p1a: Milotic|69/100\n|\n|-heal|p1a: Milotic|75/100|[from] item: Leftovers\n|upkeep\n|turn|10\n|inactive|Time left: 300 sec this turn | 300 sec total\n|\n|t:|1783562846\n|move|p1a: Milotic|Recover|p1a: Milotic\n|-heal|p1a: Milotic|100/100\n|move|p2a: Clawitzer|Dragon Pulse|p1a: Milotic\n|-damage|p1a: Milotic|71/100\n|\n|-heal|p1a: Milotic|77/100|[from] item: Leftovers\n|upkeep\n|turn|11\n|inactive|Time left: 300 sec this turn | 300 sec total\n|\n|t:|1783562847\n|move|p1a: Milotic|Scald|p2a: Clawitzer\n|-resisted|p2a: Clawitzer\n|-damage|p2a: Clawitzer|136/265\n|move|p2a: Clawitzer|Water Pulse|p1a: Milotic\n|-resisted|p1a: Milotic\n|-damage|p1a: Milotic|62/100\n|-start|p1a: Milotic|confusion\n|\n|-heal|p1a: Milotic|68/100|[from] item: Leftovers\n|upkeep\n|turn|12\n|inactive|Time left: 300 sec this turn | 300 sec total\n|\n|t:|1783562848\n|-activate|p1a: Milotic|confusion\n|move|p1a: Milotic|Recover|p1a: Milotic\n|-heal|p1a: Milotic|100/100\n|move|p2a: Clawitzer|Dark Pulse|p1a: Milotic\n|-damage|p1a: Milotic|71/100\n|\n|-heal|p1a: Milotic|77/100|[from] item: Leftovers\n|upkeep\n|turn|13\n|inactive|Time left: 300 sec this turn | 300 sec total\n|\n|t:|1783562848\n|-activate|p1a: Milotic|confusion\n|move|p1a: Milotic|Scald|p2a: Clawitzer\n|-resisted|p2a: Clawitzer\n|-damage|p2a: Clawitzer|108/265\n|move|p2a: Clawitzer|Water Pulse|p1a: Milotic\n|-resisted|p1a: Milotic\n|-damage|p1a: Milotic|61/100\n|\n|-heal|p1a: Milotic|67/100|[from] item: Leftovers\n|upkeep\n|turn|14\n|inactive|Time left: 300 sec this turn | 300 sec total\n|\n|t:|1783562849\n|-activate|p1a: Milotic|confusion\n|-damage|p1a: Milotic|61/100|[from] confusion\n|move|p2a: Clawitzer|Dragon Pulse|p1a: Milotic\n|-damage|p1a: Milotic|31/100\n|\n|-heal|p1a: Milotic|37/100|[from] item: Leftovers\n|upkeep\n|turn|15\n|inactive|Time left: 300 sec this turn | 300 sec total\n|\n|t:|1783562850\n|-activate|p1a: Milotic|confusion\n|-damage|p1a: Milotic|31/100|[from] confusion\n|move|p2a: Clawitzer|Dragon Pulse|p1a: Milotic\n|-damage|p1a: Milotic|1/100\n|\n|-heal|p1a: Milotic|7/100|[from] item: Leftovers\n|upkeep\n|turn|16\n|inactive|Time left: 300 sec this turn | 300 sec total\n|\n|t:|1783562851\n|-end|p1a: Milotic|confusion\n|move|p1a: Milotic|Recover|p1a: Milotic\n|-heal|p1a: Milotic|57/100\n|move|p2a: Clawitzer|Dark Pulse|p1a: Milotic\n|-damage|p1a: Milotic|27/100\n|\n|-heal|p1a: Milotic|34/100|[from] item: Leftovers\n|upkeep\n|turn|17\n|inactive|Time left: 300 sec this turn | 300 sec total\n|\n|t:|1783562853\n|move|p1a: Milotic|Recover|p1a: Milotic\n|-heal|p1a: Milotic|84/100\n|move|p2a: Clawitzer|Dragon Pulse|p1a: Milotic\n|-damage|p1a: Milotic|55/100\n|\n|-heal|p1a: Milotic|62/100|[from] item: Leftovers\n|upkeep\n|turn|18\n|inactive|Time left: 300 sec this turn | 300 sec total\n|\n|t:|1783562854\n|move|p1a: Milotic|Recover|p1a: Milotic\n|-heal|p1a: Milotic|100/100\n|move|p2a: Clawitzer|Dark Pulse|p1a: Milotic\n|-damage|p1a: Milotic|71/100\n|\n|-heal|p1a: Milotic|77/100|[from] item: Leftovers\n|upkeep\n|turn|19\n|inactive|Time left: 300 sec this turn | 300 sec total\n|\n|t:|1783562855\n|move|p1a: Milotic|Scald|p2a: Clawitzer\n|-resisted|p2a: Clawitzer\n|-damage|p2a: Clawitzer|78/265\n|move|p2a: Clawitzer|Dark Pulse|p1a: Milotic\n|-damage|p1a: Milotic|47/100\n|\n|-heal|p1a: Milotic|53/100|[from] item: Leftovers\n|upkeep\n|turn|20\n|inactive|Time left: 300 sec this turn | 300 sec total\n|\n|t:|1783562856\n|move|p1a: Milotic|Recover|p1a: Milotic\n|-heal|p1a: Milotic|100/100\n|move|p2a: Clawitzer|Dragon Pulse|p1a: Milotic\n|-damage|p1a: Milotic|71/100\n|\n|-heal|p1a: Milotic|77/100|[from] item: Leftovers\n|upkeep\n|turn|21\n|inactive|Time left: 300 sec this turn | 300 sec total\n|\n|t:|1783562857\n|move|p1a: Milotic|Scald|p2a: Clawitzer\n|-resisted|p2a: Clawitzer\n|-damage|p2a: Clawitzer|51/265\n|move|p2a: Clawitzer|Water Pulse|p1a: Milotic\n|-resisted|p1a: Milotic\n|-damage|p1a: Milotic|62/100\n|\n|-heal|p1a: Milotic|68/100|[from] item: Leftovers\n|upkeep\n|turn|22\n|inactive|Time left: 300 sec this turn | 300 sec total\n|\n|t:|1783562858\n|move|p1a: Milotic|Scald|p2a: Clawitzer\n|-resisted|p2a: Clawitzer\n|-damage|p2a: Clawitzer|24/265\n|-status|p2a: Clawitzer|brn\n|move|p2a: Clawitzer|Dark Pulse|p1a: Milotic\n|-damage|p1a: Milotic|39/100\n|\n|-heal|p1a: Milotic|45/100|[from] item: Leftovers\n|-damage|p2a: Clawitzer|8/265 brn|[from] brn\n|upkeep\n|turn|23\n|inactive|Time left: 300 sec this turn | 300 sec total\n|\n|t:|1783562859\n|switch|p2a: Hypno|Hypno, L95, M|315/315\n|move|p1a: Milotic|Scald|p2a: Hypno\n|-damage|p2a: Hypno|246/315\n|\n|-heal|p1a: Milotic|51/100|[from] item: Leftovers\n|-heal|p2a: Hypno|265/315|[from] item: Leftovers\n|upkeep\n|turn|24\n|inactive|Time left: 300 sec this turn | 300 sec total\n|\n|t:|1783562860\n|move|p1a: Milotic|Scald|p2a: Hypno\n|-damage|p2a: Hypno|204/315\n|move|p2a: Hypno|Knock Off|p1a: Milotic\n|-damage|p1a: Milotic|24/100\n|-enditem|p1a: Milotic|Leftovers|[from] move: Knock Off|[of] p2a: Hypno\n|\n|-heal|p2a: Hypno|223/315|[from] item: Leftovers\n|upkeep\n|turn|25\n|inactive|Time left: 300 sec this turn | 300 sec total\n|\n|t:|1783562862\n|move|p1a: Milotic|Scald|p2a: Hypno\n|-damage|p2a: Hypno|162/315\n|move|p2a: Hypno|Psychic Noise|p1a: Milotic\n|-damage|p1a: Milotic|0 fnt\n|faint|p1a: Milotic\n|\n|-heal|p2a: Hypno|181/315|[from] item: Leftovers\n|upkeep\n|\n|t:|1783562863\n|switch|p1a: Hariyama|Hariyama, L87, M|100/100\n|turn|26\n|inactive|Time left: 300 sec this turn | 300 sec total\n|\n|t:|1783562864\n|move|p2a: Hypno|Knock Off|p1a: Hariyama\n|-resisted|p1a: Hariyama\n|-damage|p1a: Hariyama|89/100\n|-enditem|p1a: Hariyama|Assault Vest|[from] move: Knock Off|[of] p2a: Hypno\n|move|p1a: Hariyama|Knock Off|p2a: Hypno\n|-supereffective|p2a: Hypno\n|-crit|p2a: Hypno\n|-damage|p2a: Hypno|0 fnt\n|-enditem|p2a: Hypno|Leftovers|[from] move: Knock Off|[of] p1a: Hariyama\n|faint|p2a: Hypno\n|\n|upkeep\n|inactive|Time left: 300 sec this turn | 300 sec total | 5 sec grace\n|\n|t:|1783562864\n|switch|p2a: Orthworm|Orthworm, L88, F|266/266\n|turn|27\n|inactive|Time left: 300 sec this turn | 300 sec total\n|\n|t:|1783562865\n|move|p2a: Orthworm|Body Press|p1a: Hariyama\n|-damage|p1a: Hariyama|59/100\n|move|p1a: Hariyama|Close Combat|p2a: Orthworm\n|-supereffective|p2a: Orthworm\n|-damage|p2a: Orthworm|72/266\n|-unboost|p1a: Hariyama|def|1\n|-unboost|p1a: Hariyama|spd|1\n|\n|-heal|p2a: Orthworm|88/266|[from] item: Leftovers\n|upkeep\n|turn|28\n|inactive|Time left: 300 sec this turn | 300 sec total\n|\n|t:|1783562866\n|switch|p1a: Mesprit|Mesprit, L85|100/100\n|move|p2a: Orthworm|Body Press|p1a: Mesprit\n|-resisted|p1a: Mesprit\n|-damage|p1a: Mesprit|86/100\n|\n|-heal|p2a: Orthworm|104/266|[from] item: Leftovers\n|upkeep\n|turn|29\n|inactive|Time left: 300 sec this turn | 300 sec total\n|\n|t:|1783562868\n|move|p1a: Mesprit|Thunderbolt|p2a: Orthworm\n|-damage|p2a: Orthworm|0 fnt\n|faint|p2a: Orthworm\n|\n|upkeep\n|inactive|Time left: 300 sec this turn | 300 sec total | 5 sec grace\n|\n|t:|1783562869\n|switch|p2a: Minun|Minun, L95, F|268/268\n|turn|30\n|inactive|Time left: 300 sec this turn | 300 sec total\n|\n|t:|1783562869\n|switch|p1a: Passimian|Passimian, L83, F|100/100\n|move|p2a: Minun|Nasty Plot|p2a: Minun\n|-boost|p2a: Minun|spa|2\n|\n|upkeep\n|turn|31\n|inactive|Time left: 300 sec this turn | 300 sec total\n|\n|t:|1783562870\n|move|p1a: Passimian|Earthquake|p2a: Minun\n|-supereffective|p2a: Minun\n|-damage|p2a: Minun|54/268\n|move|p2a: Minun|Thunderbolt|p1a: Passimian\n|-damage|p1a: Passimian|0 fnt\n|faint|p1a: Passimian\n|-damage|p2a: Minun|28/268|[from] item: Life Orb\n|\n|upkeep\n|\n|t:|1783562871\n|switch|p1a: Mesprit|Mesprit, L85|86/100\n|turn|32\n|inactive|Time left: 300 sec this turn | 300 sec total\n|\n|t:|1783562871\n|-terastallize|p1a: Mesprit|Electric\n|move|p2a: Minun|Thunderbolt|p1a: Mesprit\n|-resisted|p1a: Mesprit\n|-damage|p1a: Mesprit|43/100\n|-damage|p2a: Minun|2/268|[from] item: Life Orb\n|move|p1a: Mesprit|Psychic|p2a: Minun\n|-damage|p2a: Minun|0 fnt\n|faint|p2a: Minun\n|\n|upkeep\n|inactive|Time left: 300 sec this turn | 300 sec total | 5 sec grace\n|\n|t:|1783562872\n|switch|p2a: Terrakion|Terrakion, L79|273/273\n|turn|33\n|inactive|Time left: 300 sec this turn | 300 sec total\n|\n|t:|1783562873\n|move|p2a: Terrakion|Close Combat|p1a: Mesprit\n|-damage|p1a: Mesprit|0 fnt\n|-unboost|p2a: Terrakion|def|1\n|-unboost|p2a: Terrakion|spd|1\n|faint|p1a: Mesprit\n|\n|upkeep\n|\n|t:|1783562874\n|switch|p1a: Forretress|Forretress, L84, M|100/100\n|turn|34\n|inactive|Time left: 300 sec this turn | 300 sec total\n|\n|t:|1783562874\n|switch|p2a: Clawitzer|Clawitzer, L87, F|8/265 brn\n|move|p1a: Forretress|Iron Head|p2a: Clawitzer\n|-resisted|p2a: Clawitzer\n|-damage|p2a: Clawitzer|0 fnt\n|faint|p2a: Clawitzer\n|\n|upkeep\n|inactive|Time left: 300 sec this turn | 300 sec total | 5 sec grace\n|\n|t:|1783562875\n|switch|p2a: Terrakion|Terrakion, L79|273/273\n|turn|35\n|inactive|Time left: 300 sec this turn | 300 sec total\n|\n|t:|1783562876\n|switch|p1a: Hariyama|Hariyama, L87, M|59/100\n|move|p2a: Terrakion|Earthquake|p1a: Hariyama\n|-damage|p1a: Hariyama|22/100\n|\n|upkeep\n|turn|36\n|inactive|Time left: 300 sec this turn | 300 sec total\n|\n|t:|1783562877\n|move|p2a: Terrakion|Earthquake|p1a: Hariyama\n|-damage|p1a: Hariyama|0 fnt\n|faint|p1a: Hariyama\n|\n|upkeep\n|\n|t:|1783562877\n|switch|p1a: Forretress|Forretress, L84, M|100/100\n|turn|37\n|inactive|Time left: 300 sec this turn | 300 sec total\n|\n|t:|1783562878\n|move|p2a: Terrakion|Earthquake|p1a: Forretress\n|-damage|p1a: Forretress|70/100\n|move|p1a: Forretress|Iron Head|p2a: Terrakion\n|-supereffective|p2a: Terrakion\n|-damage|p2a: Terrakion|103/273\n|\n|-heal|p1a: Forretress|76/100|[from] item: Leftovers\n|upkeep\n|turn|38\n|inactive|Time left: 300 sec this turn | 300 sec total\n|\n|t:|1783562879\n|move|p2a: Terrakion|Earthquake|p1a: Forretress\n|-damage|p1a: Forretress|47/100\n|move|p1a: Forretress|Iron Head|p2a: Terrakion\n|-supereffective|p2a: Terrakion\n|-damage|p2a: Terrakion|0 fnt\n|faint|p2a: Terrakion\n|\n|win|p0x20376b6a", "uploadtime": 1783562879, "views": 0, "rating": 0, "private": 0, "password": null, "_winner": "p0x20376b6a", "_our_name": "p0y2037cfb3"}