{"id": "battle-gen9randombattle-62", "formatid": "gen9randombattle", "format": "[Gen 9] Random Battle", "players": ["p0x0620b40", "p0y062c3a1"], "log": "|init|battle\n|title|p0x0620b40 vs. p0y062c3a1\n|j|\u2606p0x0620b40\n|j|\u2606p0y062c3a1\n|t:|1783533946\n|gametype|singles\n|player|p1|p0x0620b40|169|\n|player|p2|p0y062c3a1|265|\n|gen|9\n|tier|[Gen 9] Random Battle\n|rule|Species Clause: Limit one of each Pok\u00e9mon\n|rule|HP Percentage Mod: HP is shown in percentages\n|rule|Sleep Clause Mod: Limit one foe put to sleep\n|rule|Illusion Level Mod: Illusion disguises the Pok\u00e9mon's true level\n|\n|t:|1783533946\n|teamsize|p1|6\n|teamsize|p2|6\n|start\n|switch|p1a: Alomomola|Alomomola, L87, F|429/429\n|switch|p2a: Deoxys|Deoxys-Speed, L82|100/100\n|-ability|p2a: Deoxys|Pressure\n|turn|1\n|inactive|Battle timer is ON: inactive players will automatically lose when time's up. (requested by p0y062c3a1)\n|inactive|Time left: 300 sec this turn | 300 sec total | 60 sec grace\n|\n|t:|1783533948\n|move|p2a: Deoxys|Nasty Plot|p2a: Deoxys\n|-boost|p2a: Deoxys|spa|2\n|move|p1a: Alomomola|Flip Turn|p2a: Deoxys\n|-damage|p2a: Deoxys|75/100\n|inactive|Time left: 300 sec this turn | 300 sec total | 65 sec grace\n|inactive|p0x0620b40 also wants the timer to be on.\n|\n|t:|1783533950\n|switch|p1a: Samurott|Samurott-Hisui, L77, F|265/265|[from] Flip Turn\n|\n|upkeep\n|turn|2\n|inactive|Time left: 300 sec this turn | 300 sec total\n|\n|t:|1783533951\n|move|p1a: Samurott|Sucker Punch|p2a: Deoxys\n|-supereffective|p2a: Deoxys\n|-damage|p2a: Deoxys|0 fnt\n|faint|p2a: Deoxys\n|\n|upkeep\n|\n|t:|1783533952\n|switch|p2a: Walking Wake|Walking Wake, L79|100/100\n|turn|3\n|inactive|Time left: 300 sec this turn | 300 sec total\n|\n|t:|1783533953\n|move|p1a: Samurott|Sucker Punch|p2a: Walking Wake\n|-damage|p2a: Walking Wake|67/100\n|move|p2a: Walking Wake|Draco Meteor|p1a: Samurott\n|-damage|p1a: Samurott|0 fnt\n|-unboost|p2a: Walking Wake|spa|2\n|faint|p1a: Samurott\n|\n|upkeep\n|inactive|Time left: 300 sec this turn | 300 sec total | 5 sec grace\n|\n|t:|1783533954\n|switch|p1a: Darkrai|Darkrai, L77|234/234\n|turn|4\n|inactive|Time left: 300 sec this turn | 300 sec total\n|\n|t:|1783533955\n|-end|p2a: Walking Wake|Protosynthesis|[silent]\n|switch|p2a: Ampharos|Ampharos, L88, F|100/100\n|move|p1a: Darkrai|Nasty Plot|p1a: Darkrai\n|-boost|p1a: Darkrai|spa|2\n|\n|upkeep\n|turn|5\n|inactive|Time left: 300 sec this turn | 300 sec total\n|\n|t:|1783533956\n|-terastallize|p1a: Darkrai|Poison\n|move|p1a: Darkrai|Sludge Bomb|p2a: Ampharos\n|-damage|p2a: Ampharos|23/100\n|-damage|p1a: Darkrai|211/234|[from] item: Life Orb\n|move|p2a: Ampharos|Thunderbolt|p1a: Darkrai\n|-damage|p1a: Darkrai|30/234\n|-damage|p2a: Ampharos|13/100|[from] item: Life Orb\n|\n|upkeep\n|turn|6\n|inactive|Time left: 300 sec this turn | 300 sec total\n|\n|t:|1783533957\n|move|p1a: Darkrai|Dark Pulse|p2a: Ampharos\n|-damage|p2a: Ampharos|0 fnt\n|faint|p2a: Ampharos\n|-damage|p1a: Darkrai|7/234|[from] item: Life Orb\n|\n|upkeep\n|\n|t:|1783533958\n|switch|p2a: Magnezone|Magnezone, L85|100/100\n|turn|7\n|inactive|Time left: 300 sec this turn | 300 sec total\n|\n|t:|1783533959\n|move|p1a: Darkrai|Focus Blast|p2a: Magnezone\n|-supereffective|p2a: Magnezone\n|-damage|p2a: Magnezone|0 fnt\n|faint|p2a: Magnezone\n|-damage|p1a: Darkrai|0 fnt|[from] item: Life Orb\n|faint|p1a: Darkrai\n|\n|upkeep\n|inactive|Time left: 300 sec this turn | 300 sec total | 5 sec grace\n|\n|t:|1783533960\n|switch|p1a: Jolteon|Jolteon, L84, M|246/246\n|switch|p2a: Walking Wake|Walking Wake, L79|67/100\n|turn|8\n|inactive|Time left: 300 sec this turn | 300 sec total\n|\n|t:|1783533961\n|move|p1a: Jolteon|Calm Mind|p1a: Jolteon\n|-boost|p1a: Jolteon|spa|1\n|-boost|p1a: Jolteon|spd|1\n|move|p2a: Walking Wake|Hydro Pump|p1a: Jolteon\n|-damage|p1a: Jolteon|132/246\n|\n|-heal|p1a: Jolteon|147/246|[from] item: Leftovers\n|upkeep\n|turn|9\n|inactive|Time left: 300 sec this turn | 300 sec total\n|\n|t:|1783533962\n|move|p1a: Jolteon|Thunderbolt|p2a: Walking Wake\n|-damage|p2a: Walking Wake|6/100\n|move|p2a: Walking Wake|Hydro Pump|p1a: Jolteon\n|-damage|p1a: Jolteon|35/246\n|\n|-heal|p1a: Jolteon|50/246|[from] item: Leftovers\n|upkeep\n|turn|10\n|inactive|Time left: 300 sec this turn | 300 sec total\n|\n|t:|1783533963\n|move|p1a: Jolteon|Tera Blast|p2a: Walking Wake\n|-damage|p2a: Walking Wake|0 fnt\n|faint|p2a: Walking Wake\n|-end|p2a: Walking Wake|Protosynthesis|[silent]\n|\n|-heal|p1a: Jolteon|65/246|[from] item: Leftovers\n|upkeep\n|\n|t:|1783533964\n|switch|p2a: Hatterene|Hatterene, L85, F|100/100\n|turn|11\n|inactive|Time left: 300 sec this turn | 300 sec total\n|\n|t:|1783533965\n|move|p1a: Jolteon|Thunderbolt|p2a: Hatterene\n|-damage|p2a: Hatterene|65/100\n|move|p2a: Hatterene|Psychic Noise|p1a: Jolteon\n|-damage|p1a: Jolteon|0 fnt\n|faint|p1a: Jolteon\n|\n|upkeep\n|inactive|Time left: 300 sec this turn | 300 sec total | 5 sec grace\n|\n|t:|1783533966\n|switch|p1a: Alomomola|Alomomola, L87, F|429/429\n|turn|12\n|inactive|Time left: 300 sec this turn | 300 sec total\n|\n|t:|1783533967\n|move|p1a: Alomomola|Protect|p1a: Alomomola\n|-singleturn|p1a: Alomomola|Protect\n|move|p2a: Hatterene|Draining Kiss|p1a: Alomomola\n|-activate|p1a: Alomomola|move: Protect\n|\n|upkeep\n|turn|13\n|inactive|Time left: 300 sec this turn | 300 sec total\n|\n|t:|1783533968\n|move|p1a: Alomomola|Scald|p2a: Hatterene\n|-damage|p2a: Hatterene|53/100\n|move|p2a: Hatterene|Mystical Fire|p1a: Alomomola\n|-resisted|p1a: Alomomola\n|-damage|p1a: Alomomola|378/429\n|-unboost|p1a: Alomomola|spa|1\n|\n|upkeep\n|turn|14\n|inactive|Time left: 300 sec this turn | 300 sec total\n|\n|t:|1783533969\n|move|p1a: Alomomola|Flip Turn|p2a: Hatterene\n|-damage|p2a: Hatterene|33/100\n|inactive|Time left: 300 sec this turn | 300 sec total | 5 sec grace\n|\n|t:|1783533970\n|switch|p1a: Amoonguss|Amoonguss, L82, M|321/321|[from] Flip Turn\n|move|p2a: Hatterene|Mystical Fire|p1a: Amoonguss\n|-supereffective|p1a: Amoonguss\n|-damage|p1a: Amoonguss|163/321\n|-unboost|p1a: Amoonguss|spa|1\n|\n|-heal|p1a: Amoonguss|183/321|[from] item: Leftovers\n|upkeep\n|turn|15\n|inactive|Time left: 300 sec this turn | 300 sec total\n|\n|t:|1783533971\n|switch|p1a: Alomomola|Alomomola, L87, F|429/429\n|move|p2a: Hatterene|Psychic Noise|p1a: Alomomola\n|-damage|p1a: Alomomola|264/429\n|-start|p1a: Alomomola|move: Heal Block\n|\n|upkeep\n|turn|16\n|inactive|Time left: 300 sec this turn | 300 sec total\n|\n|t:|1783533972\n|move|p1a: Alomomola|Flip Turn|p2a: Hatterene\n|-damage|p2a: Hatterene|8/100\n|inactive|Time left: 300 sec this turn | 300 sec total | 5 sec grace\n|\n|t:|1783533973\n|switch|p1a: Amoonguss|Amoonguss, L82, M|290/321|[from] Flip Turn\n|move|p2a: Hatterene|Mystical Fire|p1a: Amoonguss\n|-supereffective|p1a: Amoonguss\n|-damage|p1a: Amoonguss|126/321\n|-unboost|p1a: Amoonguss|spa|1\n|\n|-heal|p1a: Amoonguss|146/321|[from] item: Leftovers\n|upkeep\n|turn|17\n|inactive|Time left: 300 sec this turn | 300 sec total\n|\n|t:|1783533974\n|switch|p1a: Alomomola|Alomomola, L87, F|407/429\n|move|p2a: Hatterene|Mystical Fire|p1a: Alomomola\n|-resisted|p1a: Alomomola\n|-damage|p1a: Alomomola|356/429\n|-unboost|p1a: Alomomola|spa|1\n|\n|upkeep\n|turn|18\n|inactive|Time left: 300 sec this turn | 300 sec total\n|\n|t:|1783533975\n|switch|p2a: Braviary|Braviary, L85, M|100/100\n|move|p1a: Alomomola|Flip Turn|p2a: Braviary\n|-damage|p2a: Braviary|80/100\n|inactive|Time left: 300 sec this turn | 300 sec total | 5 sec grace\n|\n|t:|1783533976\n|switch|p1a: Salazzle|Salazzle, L83, F|249/249|[from] Flip Turn\n|\n|upkeep\n|turn|19\n|inactive|Time left: 300 sec this turn | 300 sec total\n|\n|t:|1783533976\n|move|p1a: Salazzle|Flamethrower|p2a: Braviary\n|-damage|p2a: Braviary|41/100\n|move|p2a: Braviary|Brave Bird|p1a: Salazzle\n|-damage|p1a: Salazzle|48/249\n|-damage|p2a: Braviary|20/100|[from] Recoil\n|\n|-heal|p1a: Salazzle|63/249|[from] item: Leftovers\n|upkeep\n|turn|20\n|inactive|Time left: 300 sec this turn | 300 sec total\n|\n|t:|1783533977\n|-terastallize|p2a: Braviary|Fighting\n|move|p1a: Salazzle|Flamethrower|p2a: Braviary\n|-damage|p2a: Braviary|0 fnt\n|faint|p2a: Braviary\n|\n|-heal|p1a: Salazzle|78/249|[from] item: Leftovers\n|upkeep\n|\n|t:|1783533978\n|switch|p2a: Hatterene|Hatterene, L85, F|8/100\n|turn|21\n|inactive|Time left: 300 sec this turn | 300 sec total\n|\n|t:|1783533979\n|move|p1a: Salazzle|Flamethrower|p2a: Hatterene\n|-damage|p2a: Hatterene|0 fnt\n|faint|p2a: Hatterene\n|\n|win|p0x0620b40", "uploadtime": 1783533979, "views": 0, "rating": 0, "private": 0, "password": null, "_winner": "p0x0620b40", "_our_name": "p0x0620b40"}