{"id": "battle-gen9randombattle-2646", "formatid": "gen9randombattle", "format": "[Gen 9] Random Battle", "players": ["p0x2646eea2", "p0y26461a38"], "log": "|init|battle\n|title|p0x2646eea2 vs. p0y26461a38\n|j|\u2606p0x2646eea2\n|j|\u2606p0y26461a38\n|t:|1783569543\n|gametype|singles\n|player|p1|p0x2646eea2|2|\n|player|p2|p0y26461a38|102|\n|gen|9\n|tier|[Gen 9] Random Battle\n|rule|Species Clause: Limit one of each Pok\u00e9mon\n|rule|HP Percentage Mod: HP is shown in percentages\n|rule|Sleep Clause Mod: Limit one foe put to sleep\n|rule|Illusion Level Mod: Illusion disguises the Pok\u00e9mon's true level\n|\n|t:|1783569543\n|teamsize|p1|6\n|teamsize|p2|6\n|start\n|switch|p1a: Koraidon|Koraidon, L64|235/235\n|switch|p2a: Golem|Golem, L87, F|100/100\n|-weather|SunnyDay|[from] ability: Orichalcum Pulse|[of] p1a: Koraidon\n|-activate|p1a: Koraidon|Orichalcum Pulse|[source]\n|turn|1\n|inactive|Battle timer is ON: inactive players will automatically lose when time's up. (requested by p0x2646eea2)\n|inactive|p0y26461a38 also wants the timer to be on.\n|\n|t:|1783569544\n|move|p1a: Koraidon|Collision Course|p2a: Golem\n|-supereffective|p2a: Golem\n|-damage|p2a: Golem|21/100\n|move|p2a: Golem|Earthquake|p1a: Koraidon\n|-damage|p1a: Koraidon|106/235\n|\n|-weather|SunnyDay|[upkeep]\n|upkeep\n|turn|2\n|inactive|Time left: 300 sec this turn | 300 sec total\n|-enditem|p2a: Golem|Custap Berry|[eat]\n|-activate|p2a: Golem|item: Custap Berry|[consumed]\n|\n|t:|1783569545\n|move|p2a: Golem|Earthquake|p1a: Koraidon\n|-damage|p1a: Koraidon|0 fnt\n|faint|p1a: Koraidon\n|\n|-weather|SunnyDay|[upkeep]\n|upkeep\n|inactive|Time left: 300 sec this turn | 300 sec total | 5 sec grace\n|\n|t:|1783569546\n|switch|p1a: Heracross|Heracross, L80, M|259/259\n|turn|3\n|inactive|Time left: 300 sec this turn | 300 sec total\n|\n|t:|1783569547\n|move|p1a: Heracross|Trailblaze|p2a: Golem\n|-supereffective|p2a: Golem\n|-damage|p2a: Golem|0 fnt\n|-boost|p1a: Heracross|spe|1\n|faint|p2a: Golem\n|\n|-weather|SunnyDay|[upkeep]\n|-status|p1a: Heracross|brn|[from] item: Flame Orb\n|upkeep\n|\n|t:|1783569548\n|switch|p2a: Mabosstiff|Mabosstiff, L86, F|100/100\n|turn|4\n|inactive|Time left: 300 sec this turn | 300 sec total\n|\n|t:|1783569549\n|-terastallize|p2a: Mabosstiff|Fairy\n|move|p1a: Heracross|Close Combat|p2a: Mabosstiff\n|-resisted|p2a: Mabosstiff\n|-damage|p2a: Mabosstiff|62/100\n|-unboost|p1a: Heracross|def|1\n|-unboost|p1a: Heracross|spd|1\n|move|p2a: Mabosstiff|Play Rough|p1a: Heracross\n|-supereffective|p1a: Heracross\n|-damage|p1a: Heracross|0 fnt\n|faint|p1a: Heracross\n|\n|-weather|SunnyDay|[upkeep]\n|upkeep\n|inactive|Time left: 300 sec this turn | 300 sec total | 5 sec grace\n|\n|t:|1783569550\n|switch|p1a: Pecharunt|Pecharunt, L77|262/262\n|turn|5\n|inactive|Time left: 300 sec this turn | 300 sec total\n|\n|t:|1783569551\n|switch|p2a: Gholdengo|Gholdengo, L77|100/100\n|move|p1a: Pecharunt|Nasty Plot|p1a: Pecharunt\n|-boost|p1a: Pecharunt|spa|2\n|\n|-weather|none\n|upkeep\n|turn|6\n|inactive|Time left: 300 sec this turn | 300 sec total\n|\n|t:|1783569552\n|switch|p2a: Indeedee|Indeedee-F, L90, F|100/100\n|-fieldstart|move: Psychic Terrain|[from] ability: Psychic Surge|[of] p2a: Indeedee\n|move|p1a: Pecharunt|Shadow Ball|p2a: Indeedee\n|-immune|p2a: Indeedee\n|\n|upkeep\n|turn|7\n|inactive|Time left: 300 sec this turn | 300 sec total\n|\n|t:|1783569553\n|-terastallize|p1a: Pecharunt|Dark\n|move|p2a: Indeedee|Psychic|p1a: Pecharunt\n|-immune|p1a: Pecharunt\n|move|p1a: Pecharunt|Malignant Chain|p2a: Indeedee\n|-crit|p2a: Indeedee\n|-damage|p2a: Indeedee|20/100\n|\n|upkeep\n|turn|8\n|inactive|Time left: 300 sec this turn | 300 sec total\n|\n|t:|1783569553\n|move|p2a: Indeedee|Psychic|p1a: Pecharunt\n|-immune|p1a: Pecharunt\n|move|p1a: Pecharunt|Shadow Ball|p2a: Indeedee\n|-immune|p2a: Indeedee\n|\n|upkeep\n|turn|9\n|inactive|Time left: 300 sec this turn | 300 sec total\n|\n|t:|1783569554\n|move|p2a: Indeedee|Psychic|p1a: Pecharunt\n|-immune|p1a: Pecharunt\n|move|p1a: Pecharunt|Malignant Chain|p2a: Indeedee\n|-damage|p2a: Indeedee|0 fnt\n|faint|p2a: Indeedee\n|\n|upkeep\n|\n|t:|1783569555\n|switch|p2a: Mabosstiff|Mabosstiff, L86, F, tera:Fairy|62/100\n|turn|10\n|inactive|Time left: 300 sec this turn | 300 sec total\n|\n|t:|1783569556\n|move|p2a: Mabosstiff|Play Rough|p1a: Pecharunt|[miss]\n|-miss|p2a: Mabosstiff|p1a: Pecharunt\n|move|p1a: Pecharunt|Malignant Chain|p2a: Mabosstiff\n|-supereffective|p2a: Mabosstiff\n|-damage|p2a: Mabosstiff|0 fnt\n|faint|p2a: Mabosstiff\n|\n|-fieldend|move: Psychic Terrain\n|upkeep\n|\n|t:|1783569557\n|switch|p2a: Arceus|Arceus-Electric, L70|100/100\n|turn|11\n|inactive|Time left: 300 sec this turn | 300 sec total\n|\n|t:|1783569558\n|move|p2a: Arceus|Calm Mind|p2a: Arceus\n|-boost|p2a: Arceus|spa|1\n|-boost|p2a: Arceus|spd|1\n|move|p1a: Pecharunt|Malignant Chain|p2a: Arceus\n|-damage|p2a: Arceus|62/100\n|-status|p2a: Arceus|tox\n|-start|p2a: Arceus|confusion|[from] ability: Poison Puppeteer|[of] p1a: Pecharunt\n|\n|-damage|p2a: Arceus|56/100 tox|[from] psn\n|upkeep\n|turn|12\n|inactive|Time left: 300 sec this turn | 300 sec total\n|\n|t:|1783569559\n|-activate|p2a: Arceus|confusion\n|move|p2a: Arceus|Judgment|p1a: Pecharunt\n|-damage|p1a: Pecharunt|88/262\n|move|p1a: Pecharunt|Shadow Ball|p2a: Arceus\n|-crit|p2a: Arceus\n|-damage|p2a: Arceus|0 fnt\n|faint|p2a: Arceus\n|\n|-heal|p1a: Pecharunt|104/262|[from] item: Leftovers\n|upkeep\n|\n|t:|1783569560\n|switch|p2a: Appletun|Appletun, L92, F|100/100\n|turn|13\n|inactive|Time left: 300 sec this turn | 300 sec total\n|\n|t:|1783569561\n|move|p1a: Pecharunt|Malignant Chain|p2a: Appletun\n|-supereffective|p2a: Appletun\n|-damage|p2a: Appletun|8/100\n|move|p2a: Appletun|Apple Acid|p1a: Pecharunt\n|-damage|p1a: Pecharunt|0 fnt\n|faint|p1a: Pecharunt\n|\n|-heal|p2a: Appletun|15/100|[from] item: Leftovers\n|upkeep\n|inactive|Time left: 300 sec this turn | 300 sec total | 5 sec grace\n|\n|t:|1783569562\n|switch|p1a: Iron Jugulis|Iron Jugulis, L77|271/271\n|turn|14\n|inactive|Time left: 300 sec this turn | 300 sec total\n|\n|t:|1783569562\n|switch|p2a: Gholdengo|Gholdengo, L77|100/100\n|move|p1a: Iron Jugulis|Meteor Beam||[still]\n|-prepare|p1a: Iron Jugulis|Meteor Beam\n|-boost|p1a: Iron Jugulis|spa|1\n|-enditem|p1a: Iron Jugulis|Power Herb\n|-anim|p1a: Iron Jugulis|Meteor Beam|p2a: Gholdengo\n|-resisted|p2a: Gholdengo\n|-damage|p2a: Gholdengo|76/100\n|\n|-heal|p2a: Gholdengo|82/100|[from] item: Leftovers\n|upkeep\n|turn|15\n|inactive|Time left: 300 sec this turn | 300 sec total\n|\n|t:|1783569563\n|move|p1a: Iron Jugulis|Dark Pulse|p2a: Gholdengo\n|-supereffective|p2a: Gholdengo\n|-damage|p2a: Gholdengo|0 fnt\n|faint|p2a: Gholdengo\n|\n|upkeep\n|\n|t:|1783569564\n|switch|p2a: Appletun|Appletun, L92, F|15/100\n|turn|16\n|inactive|Time left: 300 sec this turn | 300 sec total\n|\n|t:|1783569565\n|move|p1a: Iron Jugulis|Dark Pulse|p2a: Appletun\n|-damage|p2a: Appletun|0 fnt\n|faint|p2a: Appletun\n|\n|win|p0x2646eea2", "uploadtime": 1783569565, "views": 0, "rating": 0, "private": 0, "password": null, "_winner": "p0x2646eea2", "_our_name": "p0x2646eea2"}