{"id": "battle-gen9randombattle-1230", "formatid": "gen9randombattle", "format": "[Gen 9] Random Battle", "players": ["p0x1230d004", "p0y1230ee84"], "log": "|init|battle\n|title|p0x1230d004 vs. p0y1230ee84\n|j|\u2606p0x1230d004\n|j|\u2606p0y1230ee84\n|t:|1783554226\n|gametype|singles\n|player|p1|p0x1230d004|169|\n|player|p2|p0y1230ee84|2|\n|gen|9\n|tier|[Gen 9] Random Battle\n|rule|Species Clause: Limit one of each Pok\u00e9mon\n|rule|HP Percentage Mod: HP is shown in percentages\n|rule|Sleep Clause Mod: Limit one foe put to sleep\n|rule|Illusion Level Mod: Illusion disguises the Pok\u00e9mon's true level\n|\n|t:|1783554226\n|teamsize|p1|6\n|teamsize|p2|6\n|start\n|switch|p1a: Iron Valiant|Iron Valiant, L78|100/100\n|switch|p2a: Magcargo|Magcargo, L95, F|268/268\n|turn|1\n|inactive|Battle timer is ON: inactive players will automatically lose when time's up. (requested by p0y1230ee84)\n|inactive|p0x1230d004 also wants the timer to be on.\n|\n|t:|1783554227\n|move|p1a: Iron Valiant|Close Combat|p2a: Magcargo\n|-supereffective|p2a: Magcargo\n|-damage|p2a: Magcargo|16/268\n|-unboost|p1a: Iron Valiant|def|1\n|-unboost|p1a: Iron Valiant|spd|1\n|-ability|p2a: Magcargo|Weak Armor|boost\n|-unboost|p2a: Magcargo|def|1\n|-boost|p2a: Magcargo|spe|2\n|-damage|p1a: Iron Valiant|91/100|[from] item: Life Orb\n|move|p2a: Magcargo|Shell Smash|p2a: Magcargo\n|-unboost|p2a: Magcargo|def|1\n|-unboost|p2a: Magcargo|spd|1\n|-boost|p2a: Magcargo|atk|2\n|-boost|p2a: Magcargo|spa|2\n|-boost|p2a: Magcargo|spe|2\n|\n|upkeep\n|turn|2\n|inactive|Time left: 300 sec this turn | 300 sec total\n|\n|t:|1783554229\n|move|p2a: Magcargo|Fire Blast|p1a: Iron Valiant|[miss]\n|-miss|p2a: Magcargo|p1a: Iron Valiant\n|move|p1a: Iron Valiant|Close Combat|p2a: Magcargo\n|-supereffective|p2a: Magcargo\n|-damage|p2a: Magcargo|0 fnt\n|-unboost|p1a: Iron Valiant|def|1\n|-unboost|p1a: Iron Valiant|spd|1\n|faint|p2a: Magcargo\n|-damage|p1a: Iron Valiant|81/100|[from] item: Life Orb\n|\n|upkeep\n|inactive|Time left: 300 sec this turn | 300 sec total | 5 sec grace\n|\n|t:|1783554230\n|switch|p2a: Vikavolt|Vikavolt, L83, M|263/263\n|turn|3\n|inactive|Time left: 300 sec this turn | 300 sec total\n|\n|t:|1783554231\n|-end|p1a: Iron Valiant|Quark Drive|[silent]\n|switch|p1a: Pachirisu|Pachirisu, L96, F|100/100\n|move|p2a: Vikavolt|Sticky Web|p1a: Pachirisu\n|-sidestart|p1: p0x1230d004|move: Sticky Web\n|\n|upkeep\n|turn|4\n|inactive|Time left: 300 sec this turn | 300 sec total\n|\n|t:|1783554232\n|move|p1a: Pachirisu|Super Fang|p2a: Vikavolt\n|-damage|p2a: Vikavolt|132/263\n|move|p2a: Vikavolt|Bug Buzz|p1a: Pachirisu\n|-damage|p1a: Pachirisu|74/100\n|\n|upkeep\n|turn|5\n|inactive|Time left: 300 sec this turn | 300 sec total\n|\n|t:|1783554233\n|move|p1a: Pachirisu|Super Fang|p2a: Vikavolt|[miss]\n|-miss|p1a: Pachirisu|p2a: Vikavolt\n|move|p2a: Vikavolt|Bug Buzz|p1a: Pachirisu\n|-damage|p1a: Pachirisu|47/100\n|\n|upkeep\n|turn|6\n|inactive|Time left: 300 sec this turn | 300 sec total\n|\n|t:|1783554234\n|move|p1a: Pachirisu|Super Fang|p2a: Vikavolt\n|-damage|p2a: Vikavolt|66/263\n|move|p2a: Vikavolt|Bug Buzz|p1a: Pachirisu\n|-damage|p1a: Pachirisu|18/100\n|\n|upkeep\n|turn|7\n|inactive|Time left: 300 sec this turn | 300 sec total\n|\n|t:|1783554235\n|move|p1a: Pachirisu|Thunderbolt|p2a: Vikavolt\n|-resisted|p2a: Vikavolt\n|-damage|p2a: Vikavolt|27/263\n|move|p2a: Vikavolt|Bug Buzz|p1a: Pachirisu\n|-damage|p1a: Pachirisu|0 fnt\n|faint|p1a: Pachirisu\n|\n|upkeep\n|\n|t:|1783554236\n|switch|p1a: Ogerpon|Ogerpon-Hearthflame, L74, F|100/100\n|-activate|p1a: Ogerpon|move: Sticky Web\n|-unboost|p1a: Ogerpon|spe|1\n|-ability|p1a: Ogerpon|Mold Breaker\n|turn|8\n|inactive|Time left: 300 sec this turn | 300 sec total\n|\n|t:|1783554237\n|switch|p2a: Flygon|Flygon, L82, F|265/265\n|move|p1a: Ogerpon|Ivy Cudgel|p2a: Flygon|[anim] Ivy Cudgel Fire\n|-resisted|p2a: Flygon\n|-damage|p2a: Flygon|201/265\n|\n|upkeep\n|turn|9\n|inactive|Time left: 300 sec this turn | 300 sec total\n|\n|t:|1783554237\n|switch|p1a: Iron Valiant|Iron Valiant, L78|81/100\n|-activate|p1a: Iron Valiant|move: Sticky Web\n|-unboost|p1a: Iron Valiant|spe|1\n|move|p2a: Flygon|Earthquake|p1a: Iron Valiant\n|-damage|p1a: Iron Valiant|37/100\n|\n|upkeep\n|turn|10\n|inactive|Time left: 300 sec this turn | 300 sec total\n|\n|t:|1783554238\n|move|p2a: Flygon|Earthquake|p1a: Iron Valiant\n|-damage|p1a: Iron Valiant|0 fnt\n|faint|p1a: Iron Valiant\n|-end|p1a: Iron Valiant|Quark Drive|[silent]\n|\n|upkeep\n|\n|t:|1783554239\n|switch|p1a: Dialga|Dialga-Origin, L73|100/100\n|-activate|p1a: Dialga|move: Sticky Web\n|-unboost|p1a: Dialga|spe|1\n|-ability|p1a: Dialga|Pressure\n|turn|11\n|inactive|Time left: 300 sec this turn | 300 sec total\n|\n|t:|1783554240\n|move|p2a: Flygon|Earthquake|p1a: Dialga\n|-supereffective|p1a: Dialga\n|-damage|p1a: Dialga|32/100\n|move|p1a: Dialga|Draco Meteor|p2a: Flygon\n|-supereffective|p2a: Flygon\n|-crit|p2a: Flygon\n|-damage|p2a: Flygon|0 fnt\n|-unboost|p1a: Dialga|spa|2\n|faint|p2a: Flygon\n|\n|upkeep\n|inactive|Time left: 300 sec this turn | 300 sec total | 5 sec grace\n|\n|t:|1783554241\n|switch|p2a: Staraptor|Staraptor, L79, F|263/263\n|turn|12\n|inactive|Time left: 300 sec this turn | 300 sec total\n|\n|t:|1783554242\n|switch|p1a: Regirock|Regirock, L83|100/100\n|-activate|p1a: Regirock|move: Sticky Web\n|-fail|p1a: Regirock|unboost|[from] ability: Clear Body|[of] p1a: Regirock\n|move|p2a: Staraptor|Brave Bird|p1a: Regirock\n|-resisted|p1a: Regirock\n|-damage|p1a: Regirock|78/100\n|-damage|p2a: Staraptor|243/263|[from] Recoil\n|\n|-heal|p1a: Regirock|84/100|[from] item: Leftovers\n|upkeep\n|turn|13\n|inactive|Time left: 300 sec this turn | 300 sec total\n|\n|t:|1783554243\n|switch|p2a: Perrserker|Perrserker, L89, M|269/269\n|move|p1a: Regirock|Stone Edge|p2a: Perrserker|[miss]\n|-miss|p1a: Regirock|p2a: Perrserker\n|\n|-heal|p1a: Regirock|90/100|[from] item: Leftovers\n|upkeep\n|turn|14\n|inactive|Time left: 300 sec this turn | 300 sec total\n|\n|t:|1783554244\n|-terastallize|p1a: Regirock|Fighting\n|move|p2a: Perrserker|Iron Head|p1a: Regirock\n|-damage|p1a: Regirock|49/100\n|move|p1a: Regirock|Body Press|p2a: Perrserker\n|-supereffective|p2a: Perrserker\n|-damage|p2a: Perrserker|0 fnt\n|faint|p2a: Perrserker\n|\n|-heal|p1a: Regirock|55/100|[from] item: Leftovers\n|upkeep\n|inactive|Time left: 300 sec this turn | 300 sec total | 5 sec grace\n|\n|t:|1783554245\n|switch|p2a: Staraptor|Staraptor, L79, F|243/263\n|turn|15\n|inactive|Time left: 300 sec this turn | 300 sec total\n|\n|t:|1783554246\n|move|p2a: Staraptor|Brave Bird|p1a: Regirock\n|-supereffective|p1a: Regirock\n|-damage|p1a: Regirock|0 fnt\n|faint|p1a: Regirock\n|-damage|p2a: Staraptor|195/263|[from] Recoil\n|\n|upkeep\n|\n|t:|1783554247\n|switch|p1a: Deoxys|Deoxys-Attack, L72|100/100\n|-activate|p1a: Deoxys|move: Sticky Web\n|-unboost|p1a: Deoxys|spe|1\n|-ability|p1a: Deoxys|Pressure\n|turn|16\n|inactive|Time left: 300 sec this turn | 300 sec total\n|\n|t:|1783554248\n|move|p1a: Deoxys|Extreme Speed|p2a: Staraptor\n|-damage|p2a: Staraptor|88/263\n|-damage|p1a: Deoxys|91/100|[from] item: Life Orb\n|move|p2a: Staraptor|Brave Bird|p1a: Deoxys\n|-damage|p1a: Deoxys|0 fnt\n|faint|p1a: Deoxys\n|-damage|p2a: Staraptor|31/263|[from] Recoil\n|\n|upkeep\n|\n|t:|1783554249\n|switch|p1a: Ogerpon|Ogerpon-Hearthflame, L74, F|100/100\n|-activate|p1a: Ogerpon|move: Sticky Web\n|-unboost|p1a: Ogerpon|spe|1\n|-ability|p1a: Ogerpon|Mold Breaker\n|turn|17\n|inactive|Time left: 300 sec this turn | 300 sec total\n|\n|t:|1783554250\n|move|p2a: Staraptor|Brave Bird|p1a: Ogerpon\n|-supereffective|p1a: Ogerpon\n|-damage|p1a: Ogerpon|0 fnt\n|faint|p1a: Ogerpon\n|-damage|p2a: Staraptor|0 fnt|[from] Recoil\n|faint|p2a: Staraptor\n|\n|upkeep\n|inactive|Time left: 300 sec this turn | 300 sec total | 5 sec grace\n|\n|t:|1783554251\n|switch|p1a: Dialga|Dialga-Origin, L73|32/100\n|switch|p2a: Persian|Persian, L92, F|269/269\n|-activate|p1a: Dialga|move: Sticky Web\n|-unboost|p1a: Dialga|spe|1\n|-ability|p1a: Dialga|Pressure\n|turn|18\n|inactive|Time left: 300 sec this turn | 300 sec total\n|\n|t:|1783554252\n|-terastallize|p2a: Persian|Normal\n|move|p2a: Persian|Double-Edge|p1a: Dialga\n|-resisted|p1a: Dialga\n|-damage|p1a: Dialga|0 fnt\n|faint|p1a: Dialga\n|-damage|p2a: Persian|241/269|[from] Recoil\n|\n|win|p0y1230ee84", "uploadtime": 1783554252, "views": 0, "rating": 0, "private": 0, "password": null, "_winner": "p0y1230ee84", "_our_name": "p0y1230ee84"}