{"id": "battle-gen9randombattle-474", "formatid": "gen9randombattle", "format": "[Gen 9] Random Battle", "players": ["p0x4741d0e", "p0y4743b1c"], "log": "|init|battle\n|title|p0x4741d0e vs. p0y4743b1c\n|j|\u2606p0x4741d0e\n|j|\u2606p0y4743b1c\n|t:|1783544540\n|gametype|singles\n|player|p1|p0x4741d0e|1|\n|player|p2|p0y4743b1c|1|\n|gen|9\n|tier|[Gen 9] Random Battle\n|rule|Species Clause: Limit one of each Pok\u00e9mon\n|rule|HP Percentage Mod: HP is shown in percentages\n|rule|Sleep Clause Mod: Limit one foe put to sleep\n|rule|Illusion Level Mod: Illusion disguises the Pok\u00e9mon's true level\n|\n|t:|1783544540\n|teamsize|p1|6\n|teamsize|p2|6\n|start\n|switch|p1a: Mienshao|Mienshao, L83, M|244/244\n|switch|p2a: Toxicroak|Toxicroak, L84, F|100/100\n|turn|1\n|inactive|Battle timer is ON: inactive players will automatically lose when time's up. (requested by p0x4741d0e)\n|inactive|p0y4743b1c also wants the timer to be on.\n|\n|t:|1783544542\n|move|p1a: Mienshao|Knock Off|p2a: Toxicroak\n|-resisted|p2a: Toxicroak\n|-damage|p2a: Toxicroak|77/100\n|-enditem|p2a: Toxicroak|Life Orb|[from] move: Knock Off|[of] p1a: Mienshao\n|-damage|p1a: Mienshao|220/244|[from] item: Life Orb\n|move|p2a: Toxicroak|Gunk Shot|p1a: Mienshao|[miss]\n|-miss|p2a: Toxicroak|p1a: Mienshao\n|\n|upkeep\n|turn|2\n|inactive|Time left: 300 sec this turn | 300 sec total\n|\n|t:|1783544543\n|move|p1a: Mienshao|Swords Dance|p1a: Mienshao\n|-boost|p1a: Mienshao|atk|2\n|move|p2a: Toxicroak|Gunk Shot|p1a: Mienshao\n|-damage|p1a: Mienshao|30/244\n|-status|p1a: Mienshao|psn\n|\n|-damage|p1a: Mienshao|0 fnt|[from] psn\n|faint|p1a: Mienshao\n|upkeep\n|inactive|Time left: 300 sec this turn | 300 sec total | 5 sec grace\n|\n|t:|1783544544\n|switch|p1a: Jolteon|Jolteon, L84, M|246/246\n|turn|3\n|inactive|Time left: 300 sec this turn | 300 sec total\n|\n|t:|1783544545\n|-terastallize|p1a: Jolteon|Electric\n|move|p1a: Jolteon|Thunderbolt|p2a: Toxicroak\n|-damage|p2a: Toxicroak|0 fnt\n|faint|p2a: Toxicroak\n|-damage|p1a: Jolteon|222/246|[from] item: Life Orb\n|\n|upkeep\n|\n|t:|1783544546\n|switch|p2a: Iron Leaves|Iron Leaves, L80|100/100\n|turn|4\n|inactive|Time left: 300 sec this turn | 300 sec total\n|\n|t:|1783544547\n|switch|p1a: Brute Bonnet|Brute Bonnet, L80|309/309\n|move|p2a: Iron Leaves|Psyblade|p1a: Brute Bonnet\n|-immune|p1a: Brute Bonnet\n|\n|upkeep\n|turn|5\n|inactive|Time left: 300 sec this turn | 300 sec total\n|\n|t:|1783544548\n|move|p2a: Iron Leaves|Psyblade|p1a: Brute Bonnet\n|-immune|p1a: Brute Bonnet\n|move|p1a: Brute Bonnet|Spore|p2a: Iron Leaves\n|-immune|p2a: Iron Leaves\n|\n|upkeep\n|turn|6\n|inactive|Time left: 300 sec this turn | 300 sec total\n|\n|t:|1783544549\n|-end|p2a: Iron Leaves|Quark Drive|[silent]\n|switch|p2a: Honchkrow|Honchkrow, L86, M|100/100\n|move|p1a: Brute Bonnet|Crunch|p2a: Honchkrow\n|-resisted|p2a: Honchkrow\n|-damage|p2a: Honchkrow|78/100\n|\n|upkeep\n|turn|7\n|inactive|Time left: 300 sec this turn | 300 sec total\n|\n|t:|1783544550\n|-end|p1a: Brute Bonnet|Protosynthesis|[silent]\n|switch|p1a: Jolteon|Jolteon, L84, M, tera:Electric|222/246\n|move|p2a: Honchkrow|Brave Bird|p1a: Jolteon\n|-resisted|p1a: Jolteon\n|-damage|p1a: Jolteon|123/246\n|-damage|p2a: Honchkrow|68/100|[from] Recoil\n|\n|upkeep\n|turn|8\n|inactive|Time left: 300 sec this turn | 300 sec total\n|\n|t:|1783544551\n|move|p2a: Honchkrow|Sucker Punch|p1a: Jolteon\n|-crit|p1a: Jolteon\n|-damage|p1a: Jolteon|0 fnt\n|faint|p1a: Jolteon\n|-ability|p2a: Honchkrow|Moxie|boost\n|-boost|p2a: Honchkrow|atk|1\n|\n|upkeep\n|inactive|Time left: 300 sec this turn | 300 sec total | 5 sec grace\n|\n|t:|1783544552\n|switch|p1a: Cryogonal|Cryogonal, L89|287/287\n|turn|9\n|inactive|Time left: 300 sec this turn | 300 sec total\n|\n|t:|1783544553\n|-terastallize|p2a: Honchkrow|Dark\n|move|p1a: Cryogonal|Freeze-Dry|p2a: Honchkrow\n|-damage|p2a: Honchkrow|30/100\n|move|p2a: Honchkrow|Brave Bird|p1a: Cryogonal\n|-damage|p1a: Cryogonal|0 fnt\n|faint|p1a: Cryogonal\n|-ability|p2a: Honchkrow|Moxie|boost\n|-boost|p2a: Honchkrow|atk|1\n|-damage|p2a: Honchkrow|0 fnt|[from] Recoil\n|faint|p2a: Honchkrow\n|\n|upkeep\n|inactive|Time left: 300 sec this turn | 300 sec total | 5 sec grace\n|\n|t:|1783544554\n|switch|p1a: Brute Bonnet|Brute Bonnet, L80|309/309\n|switch|p2a: Iron Leaves|Iron Leaves, L80|100/100\n|turn|10\n|inactive|Time left: 300 sec this turn | 300 sec total\n|\n|t:|1783544556\n|-end|p1a: Brute Bonnet|Protosynthesis|[silent]\n|switch|p1a: Azumarill|Azumarill, L82, F|298/298\n|move|p2a: Iron Leaves|Megahorn|p1a: Azumarill\n|-resisted|p1a: Azumarill\n|-damage|p1a: Azumarill|218/298\n|\n|upkeep\n|turn|11\n|inactive|Time left: 300 sec this turn | 300 sec total\n|\n|t:|1783544557\n|-end|p2a: Iron Leaves|Quark Drive|[silent]\n|switch|p2a: Stonjourner|Stonjourner, L91, F|100/100\n|move|p1a: Azumarill|Play Rough|p2a: Stonjourner\n|-damage|p2a: Stonjourner|70/100\n|\n|upkeep\n|turn|12\n|inactive|Time left: 300 sec this turn | 300 sec total\n|\n|t:|1783544558\n|move|p2a: Stonjourner|Stone Edge|p1a: Azumarill\n|-crit|p1a: Azumarill\n|-damage|p1a: Azumarill|0 fnt\n|faint|p1a: Azumarill\n|-damage|p2a: Stonjourner|60/100|[from] item: Life Orb\n|\n|upkeep\n|inactive|Time left: 300 sec this turn | 300 sec total | 5 sec grace\n|\n|t:|1783544559\n|switch|p1a: Deoxys|Deoxys-Attack, L72|191/191\n|-ability|p1a: Deoxys|Pressure\n|turn|13\n|inactive|Time left: 300 sec this turn | 300 sec total\n|\n|t:|1783544560\n|move|p1a: Deoxys|Ice Beam|p2a: Stonjourner\n|-damage|p2a: Stonjourner|0 fnt\n|faint|p2a: Stonjourner\n|-damage|p1a: Deoxys|172/191|[from] item: Life Orb\n|\n|upkeep\n|\n|t:|1783544561\n|switch|p2a: Mabosstiff|Mabosstiff, L86, M|100/100\n|turn|14\n|inactive|Time left: 300 sec this turn | 300 sec total\n|\n|t:|1783544562\n|move|p1a: Deoxys|Superpower|p2a: Mabosstiff\n|-supereffective|p2a: Mabosstiff\n|-damage|p2a: Mabosstiff|0 fnt\n|-unboost|p1a: Deoxys|atk|1\n|-unboost|p1a: Deoxys|def|1\n|faint|p2a: Mabosstiff\n|-damage|p1a: Deoxys|153/191|[from] item: Life Orb\n|\n|upkeep\n|\n|t:|1783544563\n|switch|p2a: Iron Leaves|Iron Leaves, L80|100/100\n|turn|15\n|inactive|Time left: 300 sec this turn | 300 sec total\n|\n|t:|1783544564\n|move|p1a: Deoxys|Knock Off|p2a: Iron Leaves\n|-supereffective|p2a: Iron Leaves\n|-damage|p2a: Iron Leaves|47/100\n|-enditem|p2a: Iron Leaves|Choice Band|[from] move: Knock Off|[of] p1a: Deoxys\n|-damage|p1a: Deoxys|134/191|[from] item: Life Orb\n|move|p2a: Iron Leaves|Megahorn|p1a: Deoxys\n|-supereffective|p1a: Deoxys\n|-damage|p1a: Deoxys|0 fnt\n|faint|p1a: Deoxys\n|\n|upkeep\n|inactive|Time left: 300 sec this turn | 300 sec total | 5 sec grace\n|\n|t:|1783544565\n|switch|p1a: Brute Bonnet|Brute Bonnet, L80|309/309\n|turn|16\n|inactive|Time left: 300 sec this turn | 300 sec total\n|\n|t:|1783544566\n|-end|p2a: Iron Leaves|Quark Drive|[silent]\n|switch|p2a: Cyclizar|Cyclizar, L84, F|100/100\n|move|p1a: Brute Bonnet|Sucker Punch||[still]\n|-fail|p1a: Brute Bonnet\n|\n|upkeep\n|turn|17\n|inactive|Time left: 300 sec this turn | 300 sec total\n|\n|t:|1783544567\n|move|p2a: Cyclizar|Draco Meteor|p1a: Brute Bonnet\n|-damage|p1a: Brute Bonnet|197/309\n|-unboost|p2a: Cyclizar|spa|2\n|move|p1a: Brute Bonnet|Crunch|p2a: Cyclizar\n|-damage|p2a: Cyclizar|56/100\n|\n|-heal|p1a: Brute Bonnet|216/309|[from] item: Leftovers\n|upkeep\n|turn|18\n|inactive|Time left: 300 sec this turn | 300 sec total\n|\n|t:|1783544567\n|move|p2a: Cyclizar|Draco Meteor|p1a: Brute Bonnet\n|-damage|p1a: Brute Bonnet|161/309\n|-unboost|p2a: Cyclizar|spa|2\n|move|p1a: Brute Bonnet|Crunch|p2a: Cyclizar\n|-damage|p2a: Cyclizar|9/100\n|\n|-heal|p1a: Brute Bonnet|180/309|[from] item: Leftovers\n|upkeep\n|turn|19\n|inactive|Time left: 300 sec this turn | 300 sec total\n|\n|t:|1783544568\n|move|p2a: Cyclizar|Taunt|p1a: Brute Bonnet\n|-start|p1a: Brute Bonnet|move: Taunt\n|move|p1a: Brute Bonnet|Crunch|p2a: Cyclizar\n|-damage|p2a: Cyclizar|0 fnt\n|faint|p2a: Cyclizar\n|\n|-heal|p1a: Brute Bonnet|199/309|[from] item: Leftovers\n|upkeep\n|\n|t:|1783544569\n|switch|p2a: Iron Leaves|Iron Leaves, L80|47/100\n|turn|20\n|inactive|Time left: 300 sec this turn | 300 sec total\n|\n|t:|1783544570\n|move|p1a: Brute Bonnet|Sucker Punch|p2a: Iron Leaves\n|-supereffective|p2a: Iron Leaves\n|-damage|p2a: Iron Leaves|0 fnt\n|faint|p2a: Iron Leaves\n|-end|p2a: Iron Leaves|Quark Drive|[silent]\n|\n|win|p0x4741d0e", "uploadtime": 1783544570, "views": 0, "rating": 0, "private": 0, "password": null, "_winner": "p0x4741d0e", "_our_name": "p0x4741d0e"}