{"id": "battle-gen9randombattle-273", "formatid": "gen9randombattle", "format": "[Gen 9] Random Battle", "players": ["p0x2736223", "p0y273a787"], "log": "|init|battle\n|title|p0x2736223 vs. p0y273a787\n|j|\u2606p0x2736223\n|j|\u2606p0y273a787\n|t:|1783542240\n|gametype|singles\n|player|p1|p0x2736223|265|\n|player|p2|p0y273a787|102|\n|gen|9\n|tier|[Gen 9] Random Battle\n|rule|Species Clause: Limit one of each Pok\u00e9mon\n|rule|HP Percentage Mod: HP is shown in percentages\n|rule|Sleep Clause Mod: Limit one foe put to sleep\n|rule|Illusion Level Mod: Illusion disguises the Pok\u00e9mon's true level\n|\n|t:|1783542240\n|teamsize|p1|6\n|teamsize|p2|6\n|start\n|switch|p1a: Ribombee|Ribombee, L83, F|100/100\n|switch|p2a: Rotom|Rotom-Fan, L86|226/226\n|turn|1\n|inactive|Battle timer is ON: inactive players will automatically lose when time's up. (requested by p0y273a787)\n|inactive|p0x2736223 also wants the timer to be on.\n|\n|t:|1783542242\n|move|p1a: Ribombee|Sticky Web|p2a: Rotom\n|-sidestart|p2: p0y273a787|move: Sticky Web\n|move|p2a: Rotom|Air Slash|p1a: Ribombee\n|-supereffective|p1a: Ribombee\n|-damage|p1a: Ribombee|11/100\n|\n|upkeep\n|turn|2\n|inactive|Time left: 300 sec this turn | 300 sec total\n|\n|t:|1783542243\n|move|p1a: Ribombee|Moonblast|p2a: Rotom\n|-damage|p2a: Rotom|150/226\n|move|p2a: Rotom|Thunderbolt|p1a: Ribombee\n|-damage|p1a: Ribombee|0 fnt\n|faint|p1a: Ribombee\n|\n|upkeep\n|\n|t:|1783542244\n|switch|p1a: Morpeko|Morpeko, L88, F|100/100\n|turn|3\n|inactive|Time left: 300 sec this turn | 300 sec total\n|\n|t:|1783542245\n|switch|p2a: Krookodile|Krookodile, L79, M|280/280\n|-activate|p2a: Krookodile|move: Sticky Web\n|-unboost|p2a: Krookodile|spe|1\n|-ability|p2a: Krookodile|Intimidate|boost\n|-unboost|p1a: Morpeko|atk|1\n|move|p1a: Morpeko|Aura Wheel|p2a: Krookodile\n|-immune|p2a: Krookodile\n|\n|-formechange|p1a: Morpeko|Morpeko-Hangry||[from] ability: Hunger Switch\n|upkeep\n|turn|4\n|inactive|Time left: 300 sec this turn | 300 sec total\n|\n|t:|1783542246\n|move|p1a: Morpeko|Parting Shot|p2a: Krookodile\n|-unboost|p2a: Krookodile|atk|1\n|-unboost|p2a: Krookodile|spa|1\n|\n|t:|1783542247\n|switch|p1a: Dragonite|Dragonite, L74, F|100/100|[from] Parting Shot\n|move|p2a: Krookodile|Earthquake|p1a: Dragonite\n|-immune|p1a: Dragonite\n|\n|upkeep\n|turn|5\n|inactive|Time left: 300 sec this turn | 300 sec total\n|\n|t:|1783542248\n|switch|p2a: Rotom|Rotom-Fan, L86|150/226\n|move|p1a: Dragonite|Dragon Dance|p1a: Dragonite\n|-boost|p1a: Dragonite|atk|1\n|-boost|p1a: Dragonite|spe|1\n|\n|upkeep\n|turn|6\n|inactive|Time left: 300 sec this turn | 300 sec total\n|\n|t:|1783542249\n|switch|p2a: Krookodile|Krookodile, L79, M|280/280\n|-activate|p2a: Krookodile|move: Sticky Web\n|-unboost|p2a: Krookodile|spe|1\n|-ability|p2a: Krookodile|Intimidate|boost\n|-unboost|p1a: Dragonite|atk|1\n|move|p1a: Dragonite|Outrage|p2a: Krookodile\n|-damage|p2a: Krookodile|141/280\n|\n|-heal|p2a: Krookodile|158/280|[from] item: Leftovers\n|upkeep\n|turn|7\n|inactive|Time left: 300 sec this turn | 300 sec total\n|\n|t:|1783542250\n|switch|p2a: Excadrill|Excadrill, L79, F|303/303\n|-activate|p2a: Excadrill|move: Sticky Web\n|-unboost|p2a: Excadrill|spe|1\n|-ability|p2a: Excadrill|Mold Breaker\n|move|p1a: Dragonite|Outrage|p2a: Excadrill|[from] lockedmove\n|-resisted|p2a: Excadrill\n|-damage|p2a: Excadrill|210/303\n|-start|p1a: Dragonite|confusion|[fatigue]\n|\n|upkeep\n|turn|8\n|inactive|Time left: 300 sec this turn | 300 sec total\n|\n|t:|1783542251\n|-activate|p1a: Dragonite|confusion\n|move|p1a: Dragonite|Dragon Dance|p1a: Dragonite\n|-boost|p1a: Dragonite|atk|1\n|-boost|p1a: Dragonite|spe|1\n|move|p2a: Excadrill|Rapid Spin|p1a: Dragonite\n|-damage|p1a: Dragonite|85/100\n|-boost|p2a: Excadrill|spe|1\n|-sideend|p2: p0y273a787|Sticky Web|[from] move: Rapid Spin|[of] p2a: Excadrill\n|\n|upkeep\n|turn|9\n|inactive|Time left: 300 sec this turn | 300 sec total\n|\n|t:|1783542252\n|-activate|p1a: Dragonite|confusion\n|-damage|p1a: Dragonite|66/100|[from] confusion\n|move|p2a: Excadrill|Iron Head|p1a: Dragonite\n|-damage|p1a: Dragonite|24/100\n|\n|upkeep\n|turn|10\n|inactive|Time left: 300 sec this turn | 300 sec total\n|\n|t:|1783542253\n|-activate|p1a: Dragonite|confusion\n|-damage|p1a: Dragonite|8/100|[from] confusion\n|move|p2a: Excadrill|Iron Head|p1a: Dragonite\n|-damage|p1a: Dragonite|0 fnt\n|faint|p1a: Dragonite\n|\n|upkeep\n|\n|t:|1783542254\n|switch|p1a: Necrozma|Necrozma, L80|100/100\n|turn|11\n|inactive|Time left: 300 sec this turn | 300 sec total\n|\n|t:|1783542255\n|move|p2a: Excadrill|Earthquake|p1a: Necrozma\n|-damage|p1a: Necrozma|62/100\n|move|p1a: Necrozma|Swords Dance|p1a: Necrozma\n|-boost|p1a: Necrozma|atk|2\n|\n|upkeep\n|turn|12\n|inactive|Time left: 300 sec this turn | 300 sec total\n|\n|t:|1783542256\n|move|p2a: Excadrill|Iron Head|p1a: Necrozma\n|-damage|p1a: Necrozma|28/100\n|move|p1a: Necrozma|Knock Off|p2a: Excadrill\n|-damage|p2a: Excadrill|0 fnt\n|-enditem|p2a: Excadrill|Assault Vest|[from] move: Knock Off|[of] p1a: Necrozma\n|faint|p2a: Excadrill\n|-damage|p1a: Necrozma|18/100|[from] item: Life Orb\n|\n|upkeep\n|inactive|Time left: 300 sec this turn | 300 sec total | 5 sec grace\n|\n|t:|1783542257\n|switch|p2a: Krookodile|Krookodile, L79, M|158/280\n|-ability|p2a: Krookodile|Intimidate|boost\n|-unboost|p1a: Necrozma|atk|1\n|turn|13\n|inactive|Time left: 300 sec this turn | 300 sec total\n|\n|t:|1783542257\n|move|p2a: Krookodile|Earthquake|p1a: Necrozma\n|-damage|p1a: Necrozma|0 fnt\n|faint|p1a: Necrozma\n|\n|-heal|p2a: Krookodile|175/280|[from] item: Leftovers\n|upkeep\n|\n|t:|1783542258\n|switch|p1a: Lanturn|Lanturn, L89, M|100/100\n|turn|14\n|inactive|Time left: 300 sec this turn | 300 sec total\n|\n|t:|1783542259\n|move|p2a: Krookodile|Earthquake|p1a: Lanturn\n|-supereffective|p1a: Lanturn\n|-damage|p1a: Lanturn|25/100\n|move|p1a: Lanturn|Scald|p2a: Krookodile\n|-supereffective|p2a: Krookodile\n|-damage|p2a: Krookodile|0 fnt\n|faint|p2a: Krookodile\n|\n|-heal|p1a: Lanturn|31/100|[from] item: Leftovers\n|upkeep\n|inactive|Time left: 300 sec this turn | 300 sec total | 5 sec grace\n|\n|t:|1783542260\n|switch|p2a: Moltres|Moltres-Galar, L79|271/271\n|turn|15\n|inactive|Time left: 300 sec this turn | 300 sec total\n|\n|t:|1783542261\n|switch|p1a: Morpeko|Morpeko, L88, F|100/100\n|move|p2a: Moltres|Nasty Plot|p2a: Moltres\n|-boost|p2a: Moltres|spa|2\n|\n|-formechange|p1a: Morpeko|Morpeko-Hangry||[from] ability: Hunger Switch\n|upkeep\n|turn|16\n|inactive|Time left: 300 sec this turn | 300 sec total\n|\n|t:|1783542262\n|move|p1a: Morpeko|Aura Wheel|p2a: Moltres\n|-resisted|p2a: Moltres\n|-damage|p2a: Moltres|202/271\n|-boost|p1a: Morpeko|spe|1\n|move|p2a: Moltres|Hurricane|p1a: Morpeko\n|-resisted|p1a: Morpeko\n|-damage|p1a: Morpeko|47/100\n|\n|-formechange|p1a: Morpeko|Morpeko||[from] ability: Hunger Switch\n|upkeep\n|turn|17\n|inactive|Time left: 300 sec this turn | 300 sec total\n|\n|t:|1783542263\n|-terastallize|p2a: Moltres|Steel\n|move|p1a: Morpeko|Aura Wheel|p2a: Moltres\n|-damage|p2a: Moltres|66/271\n|-boost|p1a: Morpeko|spe|1\n|-ability|p2a: Moltres|Berserk|boost\n|-boost|p2a: Moltres|spa|1\n|move|p2a: Moltres|Fiery Wrath|p1a: Morpeko\n|-resisted|p1a: Morpeko\n|-damage|p1a: Morpeko|0 fnt\n|faint|p1a: Morpeko\n|\n|upkeep\n|\n|t:|1783542264\n|switch|p1a: Revavroom|Revavroom, L79, M|100/100\n|turn|18\n|inactive|Time left: 300 sec this turn | 300 sec total\n|\n|t:|1783542265\n|move|p2a: Moltres|Fiery Wrath|p1a: Revavroom\n|-damage|p1a: Revavroom|0 fnt\n|faint|p1a: Revavroom\n|\n|upkeep\n|\n|t:|1783542265\n|switch|p1a: Lanturn|Lanturn, L89, M|31/100\n|turn|19\n|inactive|Time left: 300 sec this turn | 300 sec total\n|\n|t:|1783542266\n|-terastallize|p1a: Lanturn|Flying\n|move|p2a: Moltres|Fiery Wrath|p1a: Lanturn\n|-damage|p1a: Lanturn|0 fnt\n|faint|p1a: Lanturn\n|\n|win|p0y273a787", "uploadtime": 1783542266, "views": 0, "rating": 0, "private": 0, "password": null, "_winner": "p0y273a787", "_our_name": "p0y273a787"}