{"id": "battle-gen9randombattle-148", "formatid": "gen9randombattle", "format": "[Gen 9] Random Battle", "players": ["p0x148ef12", "p0y148e37e"], "log": "|init|battle\n|title|p0x148ef12 vs. p0y148e37e\n|j|\u2606p0x148ef12\n|j|\u2606p0y148e37e\n|t:|1783540872\n|gametype|singles\n|player|p1|p0x148ef12|102|\n|player|p2|p0y148e37e|265|\n|gen|9\n|tier|[Gen 9] Random Battle\n|rule|Species Clause: Limit one of each Pok\u00e9mon\n|rule|HP Percentage Mod: HP is shown in percentages\n|rule|Sleep Clause Mod: Limit one foe put to sleep\n|rule|Illusion Level Mod: Illusion disguises the Pok\u00e9mon's true level\n|\n|t:|1783540872\n|teamsize|p1|6\n|teamsize|p2|6\n|start\n|switch|p1a: Alomomola|Alomomola, L87, M|429/429\n|switch|p2a: Blissey|Blissey, L85, F|100/100\n|turn|1\n|inactive|Battle timer is ON: inactive players will automatically lose when time's up. (requested by p0y148e37e)\n|inactive|Time left: 300 sec this turn | 300 sec total | 60 sec grace\n|inactive|p0x148ef12 also wants the timer to be on.\n|\n|t:|1783540874\n|switch|p1a: Luxray|Luxray, L88, F|283/283\n|move|p2a: Blissey|Stealth Rock|p1a: Luxray\n|-sidestart|p1: p0x148ef12|move: Stealth Rock\n|\n|-status|p1a: Luxray|brn|[from] item: Flame Orb\n|upkeep\n|turn|2\n|inactive|Time left: 300 sec this turn | 300 sec total\n|\n|t:|1783540875\n|switch|p2a: Zamazenta|Zamazenta, L71|100/100\n|-ability|p2a: Zamazenta|Dauntless Shield|boost\n|-boost|p2a: Zamazenta|def|1\n|move|p1a: Luxray|Supercell Slam|p2a: Zamazenta\n|-damage|p2a: Zamazenta|44/100\n|\n|-heal|p2a: Zamazenta|50/100|[from] item: Leftovers\n|-damage|p1a: Luxray|266/283 brn|[from] brn\n|upkeep\n|turn|3\n|inactive|Time left: 300 sec this turn | 300 sec total\n|\n|t:|1783540876\n|move|p2a: Zamazenta|Iron Defense|p2a: Zamazenta\n|-boost|p2a: Zamazenta|def|2\n|move|p1a: Luxray|Supercell Slam|p2a: Zamazenta\n|-damage|p2a: Zamazenta|16/100\n|\n|-heal|p2a: Zamazenta|22/100|[from] item: Leftovers\n|-damage|p1a: Luxray|249/283 brn|[from] brn\n|upkeep\n|turn|4\n|inactive|Time left: 300 sec this turn | 300 sec total\n|\n|t:|1783540877\n|move|p2a: Zamazenta|Body Press|p1a: Luxray\n|-damage|p1a: Luxray|66/283 brn\n|move|p1a: Luxray|Supercell Slam|p2a: Zamazenta\n|-damage|p2a: Zamazenta|0 fnt\n|faint|p2a: Zamazenta\n|\n|-damage|p1a: Luxray|49/283 brn|[from] brn\n|upkeep\n|\n|t:|1783540879\n|switch|p2a: Kyurem|Kyurem-White, L73|100/100\n|-ability|p2a: Kyurem|Turboblaze\n|turn|5\n|inactive|Time left: 300 sec this turn | 300 sec total\n|\n|t:|1783540880\n|switch|p1a: Flutter Mane|Flutter Mane, L74|203/203\n|-damage|p1a: Flutter Mane|178/203|[from] Stealth Rock\n|move|p2a: Kyurem|Fusion Flare|p1a: Flutter Mane\n|-damage|p1a: Flutter Mane|77/203\n|\n|upkeep\n|turn|6\n|inactive|Time left: 300 sec this turn | 300 sec total\n|\n|t:|1783540881\n|move|p1a: Flutter Mane|Moonblast|p2a: Kyurem\n|-supereffective|p2a: Kyurem\n|-damage|p2a: Kyurem|0 fnt\n|faint|p2a: Kyurem\n|-damage|p1a: Flutter Mane|57/203|[from] item: Life Orb\n|\n|upkeep\n|\n|t:|1783540882\n|switch|p2a: Kingambit|Kingambit, L74, M|100/100\n|-activate|p2a: Kingambit|ability: Supreme Overlord\n|-start|p2a: Kingambit|fallen2|[silent]\n|turn|7\n|inactive|Time left: 300 sec this turn | 300 sec total\n|\n|t:|1783540883\n|move|p1a: Flutter Mane|Moonblast|p2a: Kingambit\n|-damage|p2a: Kingambit|46/100\n|-unboost|p2a: Kingambit|spa|1\n|-damage|p1a: Flutter Mane|37/203|[from] item: Life Orb\n|move|p2a: Kingambit|Swords Dance|p2a: Kingambit\n|-boost|p2a: Kingambit|atk|2\n|\n|-heal|p2a: Kingambit|52/100|[from] item: Leftovers\n|upkeep\n|turn|8\n|inactive|Time left: 300 sec this turn | 300 sec total\n|\n|t:|1783540884\n|move|p2a: Kingambit|Sucker Punch|p1a: Flutter Mane\n|-crit|p1a: Flutter Mane\n|-damage|p1a: Flutter Mane|0 fnt\n|faint|p1a: Flutter Mane\n|-end|p1a: Flutter Mane|Protosynthesis|[silent]\n|\n|-heal|p2a: Kingambit|58/100|[from] item: Leftovers\n|upkeep\n|inactive|Time left: 300 sec this turn | 300 sec total | 5 sec grace\n|\n|t:|1783540885\n|switch|p1a: Stonjourner|Stonjourner, L91, M|330/330\n|-damage|p1a: Stonjourner|289/330|[from] Stealth Rock\n|turn|9\n|inactive|Time left: 300 sec this turn | 300 sec total\n|\n|t:|1783540886\n|-terastallize|p2a: Kingambit|Flying\n|move|p1a: Stonjourner|Heat Crash|p2a: Kingambit\n|-damage|p2a: Kingambit|13/100\n|-damage|p1a: Stonjourner|256/330|[from] item: Life Orb\n|move|p2a: Kingambit|Iron Head|p1a: Stonjourner\n|-supereffective|p1a: Stonjourner\n|-damage|p1a: Stonjourner|2/330\n|\n|-heal|p2a: Kingambit|19/100|[from] item: Leftovers\n|upkeep\n|turn|10\n|inactive|Time left: 300 sec this turn | 300 sec total\n|\n|t:|1783540887\n|move|p2a: Kingambit|Sucker Punch||[still]\n|-fail|p2a: Kingambit\n|move|p1a: Stonjourner|Stealth Rock|p2a: Kingambit\n|-sidestart|p2: p0y148e37e|move: Stealth Rock\n|\n|-heal|p2a: Kingambit|25/100|[from] item: Leftovers\n|upkeep\n|turn|11\n|inactive|Time left: 300 sec this turn | 300 sec total\n|\n|t:|1783540888\n|move|p2a: Kingambit|Sucker Punch|p1a: Stonjourner\n|-damage|p1a: Stonjourner|0 fnt\n|faint|p1a: Stonjourner\n|\n|-heal|p2a: Kingambit|31/100|[from] item: Leftovers\n|upkeep\n|inactive|Time left: 300 sec this turn | 300 sec total | 5 sec grace\n|\n|t:|1783540889\n|switch|p1a: Whiscash|Whiscash, L88, F|337/337\n|-damage|p1a: Whiscash|316/337|[from] Stealth Rock\n|turn|12\n|inactive|Time left: 300 sec this turn | 300 sec total\n|\n|t:|1783540890\n|move|p2a: Kingambit|Sucker Punch|p1a: Whiscash\n|-damage|p1a: Whiscash|130/337\n|move|p1a: Whiscash|Liquidation|p2a: Kingambit\n|-damage|p2a: Kingambit|0 fnt\n|faint|p2a: Kingambit\n|-end|p2a: Kingambit|fallen2|[silent]\n|-damage|p1a: Whiscash|97/337|[from] item: Life Orb\n|\n|upkeep\n|\n|t:|1783540891\n|switch|p2a: Sandy Shocks|Sandy Shocks, L80|100/100\n|turn|13\n|inactive|Time left: 300 sec this turn | 300 sec total\n|\n|t:|1783540891\n|switch|p1a: Alomomola|Alomomola, L87, M|429/429\n|move|p2a: Sandy Shocks|Earth Power|p1a: Alomomola\n|-damage|p1a: Alomomola|255/429\n|\n|upkeep\n|turn|14\n|inactive|Time left: 300 sec this turn | 300 sec total\n|\n|t:|1783540892\n|switch|p1a: Whiscash|Whiscash, L88, F|97/337\n|-damage|p1a: Whiscash|76/337|[from] Stealth Rock\n|move|p2a: Sandy Shocks|Thunderbolt|p1a: Whiscash\n|-immune|p1a: Whiscash\n|\n|upkeep\n|turn|15\n|inactive|Time left: 300 sec this turn | 300 sec total\n|\n|t:|1783540893\n|switch|p1a: Alomomola|Alomomola, L87, M|398/429\n|move|p2a: Sandy Shocks|Earth Power|p1a: Alomomola\n|-damage|p1a: Alomomola|232/429\n|\n|upkeep\n|turn|16\n|inactive|Time left: 300 sec this turn | 300 sec total\n|\n|t:|1783540894\n|switch|p1a: Whiscash|Whiscash, L88, F|76/337\n|-damage|p1a: Whiscash|55/337|[from] Stealth Rock\n|move|p2a: Sandy Shocks|Earth Power|p1a: Whiscash\n|-damage|p1a: Whiscash|0 fnt\n|faint|p1a: Whiscash\n|\n|upkeep\n|inactive|Time left: 300 sec this turn | 300 sec total | 5 sec grace\n|\n|t:|1783540895\n|switch|p1a: Alomomola|Alomomola, L87, M|375/429\n|turn|17\n|inactive|Time left: 300 sec this turn | 300 sec total\n|\n|t:|1783540896\n|move|p1a: Alomomola|Protect|p1a: Alomomola\n|-singleturn|p1a: Alomomola|Protect\n|move|p2a: Sandy Shocks|Thunderbolt|p1a: Alomomola\n|-activate|p1a: Alomomola|move: Protect\n|\n|upkeep\n|turn|18\n|inactive|Time left: 300 sec this turn | 300 sec total\n|\n|t:|1783540897\n|move|p2a: Sandy Shocks|Thunderbolt|p1a: Alomomola\n|-supereffective|p1a: Alomomola\n|-damage|p1a: Alomomola|69/429\n|move|p1a: Alomomola|Scald|p2a: Sandy Shocks\n|-supereffective|p2a: Sandy Shocks\n|-damage|p2a: Sandy Shocks|64/100\n|\n|upkeep\n|turn|19\n|inactive|Time left: 300 sec this turn | 300 sec total\n|\n|t:|1783540899\n|move|p1a: Alomomola|Protect|p1a: Alomomola\n|-singleturn|p1a: Alomomola|Protect\n|move|p2a: Sandy Shocks|Volt Switch|p1a: Alomomola\n|-activate|p1a: Alomomola|move: Protect\n|\n|upkeep\n|turn|20\n|inactive|Time left: 300 sec this turn | 300 sec total\n|\n|t:|1783540900\n|move|p1a: Alomomola|Protect|p1a: Alomomola\n|-singleturn|p1a: Alomomola|Protect\n|move|p2a: Sandy Shocks|Volt Switch|p1a: Alomomola\n|-activate|p1a: Alomomola|move: Protect\n|\n|upkeep\n|turn|21\n|inactive|Time left: 300 sec this turn | 300 sec total\n|\n|t:|1783540901\n|move|p1a: Alomomola|Protect||[still]\n|-fail|p1a: Alomomola\n|move|p2a: Sandy Shocks|Earth Power|p1a: Alomomola\n|-damage|p1a: Alomomola|0 fnt\n|faint|p1a: Alomomola\n|\n|upkeep\n|inactive|Time left: 300 sec this turn | 300 sec total | 5 sec grace\n|\n|t:|1783540902\n|switch|p1a: Sneasler|Sneasler, L74, M|240/240\n|-damage|p1a: Sneasler|225/240|[from] Stealth Rock\n|turn|22\n|inactive|Time left: 300 sec this turn | 300 sec total\n|\n|t:|1783540903\n|move|p1a: Sneasler|Close Combat|p2a: Sandy Shocks\n|-damage|p2a: Sandy Shocks|15/100\n|-unboost|p1a: Sneasler|def|1\n|-unboost|p1a: Sneasler|spd|1\n|-enditem|p1a: Sneasler|White Herb\n|-clearnegativeboost|p1a: Sneasler|[silent]\n|move|p2a: Sandy Shocks|Earth Power|p1a: Sneasler\n|-supereffective|p1a: Sneasler\n|-damage|p1a: Sneasler|0 fnt\n|faint|p1a: Sneasler\n|\n|upkeep\n|inactive|Time left: 300 sec this turn | 300 sec total | 5 sec grace\n|\n|t:|1783540904\n|switch|p1a: Luxray|Luxray, L88, F|49/283 brn\n|-damage|p1a: Luxray|14/283 brn|[from] Stealth Rock\n|turn|23\n|inactive|Time left: 300 sec this turn | 300 sec total\n|\n|t:|1783540905\n|move|p2a: Sandy Shocks|Thunder Wave||[still]\n|-fail|p2a: Sandy Shocks\n|move|p1a: Luxray|Facade|p2a: Sandy Shocks\n|-damage|p2a: Sandy Shocks|0 fnt\n|faint|p2a: Sandy Shocks\n|-end|p2a: Sandy Shocks|Protosynthesis|[silent]\n|\n|-damage|p1a: Luxray|0 fnt|[from] brn\n|faint|p1a: Luxray\n|\n|win|p0y148e37e", "uploadtime": 1783540905, "views": 0, "rating": 0, "private": 0, "password": null, "_winner": "p0y148e37e", "_our_name": "p0x148ef12"}