{"id": "battle-gen9randombattle-1218", "formatid": "gen9randombattle", "format": "[Gen 9] Random Battle", "players": ["p0x12181932", "p0y1218f053"], "log": "|init|battle\n|title|p0x12181932 vs. p0y1218f053\n|j|\u2606p0x12181932\n|j|\u2606p0y1218f053\n|t:|1783553234\n|gametype|singles\n|player|p1|p0x12181932|266|\n|player|p2|p0y1218f053|169|\n|gen|9\n|tier|[Gen 9] Random Battle\n|rule|Species Clause: Limit one of each Pok\u00e9mon\n|rule|HP Percentage Mod: HP is shown in percentages\n|rule|Sleep Clause Mod: Limit one foe put to sleep\n|rule|Illusion Level Mod: Illusion disguises the Pok\u00e9mon's true level\n|\n|t:|1783553234\n|teamsize|p1|6\n|teamsize|p2|6\n|start\n|switch|p1a: Salamence|Salamence, L77, F|100/100\n|switch|p2a: Giratina|Giratina-Origin, L72|335/335\n|turn|1\n|inactive|Battle timer is ON: inactive players will automatically lose when time's up. (requested by p0y1218f053)\n|inactive|p0x12181932 also wants the timer to be on.\n|\n|t:|1783553235\n|-terastallize|p2a: Giratina|Steel\n|move|p1a: Salamence|Outrage|p2a: Giratina\n|-resisted|p2a: Giratina\n|-damage|p2a: Giratina|256/335\n|move|p2a: Giratina|Draco Meteor|p1a: Salamence\n|-supereffective|p1a: Salamence\n|-damage|p1a: Salamence|0 fnt\n|-unboost|p2a: Giratina|spa|2\n|faint|p1a: Salamence\n|\n|upkeep\n|\n|t:|1783553236\n|switch|p1a: Salazzle|Salazzle, L83, F|100/100\n|turn|2\n|inactive|Time left: 300 sec this turn | 300 sec total\n|\n|t:|1783553237\n|switch|p2a: Araquanid|Araquanid, L82, F|246/246\n|move|p1a: Salazzle|Flamethrower|p2a: Araquanid\n|-damage|p2a: Araquanid|207/246\n|\n|upkeep\n|turn|3\n|inactive|Time left: 300 sec this turn | 300 sec total\n|\n|t:|1783553238\n|move|p1a: Salazzle|Toxic|p2a: Araquanid\n|-status|p2a: Araquanid|tox\n|move|p2a: Araquanid|Sticky Web|p1a: Salazzle\n|-sidestart|p1: p0x12181932|move: Sticky Web\n|\n|-damage|p2a: Araquanid|192/246 tox|[from] psn\n|upkeep\n|turn|4\n|inactive|Time left: 300 sec this turn | 300 sec total\n|\n|t:|1783553240\n|move|p1a: Salazzle|Protect|p1a: Salazzle\n|-singleturn|p1a: Salazzle|Protect\n|move|p2a: Araquanid|Liquidation|p1a: Salazzle\n|-activate|p1a: Salazzle|move: Protect\n|\n|-damage|p2a: Araquanid|162/246 tox|[from] psn\n|upkeep\n|turn|5\n|inactive|Time left: 300 sec this turn | 300 sec total\n|\n|t:|1783553240\n|move|p1a: Salazzle|Substitute|p1a: Salazzle\n|-start|p1a: Salazzle|Substitute\n|-damage|p1a: Salazzle|76/100\n|move|p2a: Araquanid|Liquidation|p1a: Salazzle\n|-supereffective|p1a: Salazzle\n|-end|p1a: Salazzle|Substitute\n|\n|-heal|p1a: Salazzle|82/100|[from] item: Leftovers\n|-damage|p2a: Araquanid|117/246 tox|[from] psn\n|upkeep\n|turn|6\n|inactive|Time left: 300 sec this turn | 300 sec total\n|\n|t:|1783553242\n|move|p1a: Salazzle|Flamethrower|p2a: Araquanid\n|-damage|p2a: Araquanid|80/246 tox\n|move|p2a: Araquanid|Liquidation|p1a: Salazzle\n|-supereffective|p1a: Salazzle\n|-damage|p1a: Salazzle|0 fnt\n|faint|p1a: Salazzle\n|\n|-damage|p2a: Araquanid|20/246 tox|[from] psn\n|upkeep\n|\n|t:|1783553242\n|switch|p1a: Regice|Regice, L88|100/100\n|turn|7\n|inactive|Time left: 300 sec this turn | 300 sec total\n|\n|t:|1783553244\n|switch|p2a: Glaceon|Glaceon, L94, F|275/275\n|move|p1a: Regice|Ice Beam|p2a: Glaceon\n|-resisted|p2a: Glaceon\n|-damage|p2a: Glaceon|227/275\n|\n|upkeep\n|turn|8\n|inactive|Time left: 300 sec this turn | 300 sec total\n|\n|t:|1783553245\n|move|p2a: Glaceon|Calm Mind|p2a: Glaceon\n|-boost|p2a: Glaceon|spa|1\n|-boost|p2a: Glaceon|spd|1\n|move|p1a: Regice|Body Press|p2a: Glaceon\n|-supereffective|p2a: Glaceon\n|-damage|p2a: Glaceon|135/275\n|\n|upkeep\n|turn|9\n|inactive|Time left: 300 sec this turn | 300 sec total\n|\n|t:|1783553246\n|move|p2a: Glaceon|Wish|p2a: Glaceon\n|move|p1a: Regice|Body Press|p2a: Glaceon\n|-supereffective|p2a: Glaceon\n|-damage|p2a: Glaceon|45/275\n|\n|upkeep\n|turn|10\n|inactive|Time left: 300 sec this turn | 300 sec total\n|\n|t:|1783553247\n|move|p2a: Glaceon|Protect|p2a: Glaceon\n|-singleturn|p2a: Glaceon|Protect\n|move|p1a: Regice|Body Press|p2a: Glaceon\n|-activate|p2a: Glaceon|move: Protect\n|\n|-heal|p2a: Glaceon|182/275|[from] move: Wish|[wisher] Glaceon\n|upkeep\n|turn|11\n|inactive|Time left: 300 sec this turn | 300 sec total\n|\n|t:|1783553248\n|move|p2a: Glaceon|Wish|p2a: Glaceon\n|move|p1a: Regice|Body Press|p2a: Glaceon\n|-supereffective|p2a: Glaceon\n|-damage|p2a: Glaceon|90/275\n|\n|upkeep\n|turn|12\n|inactive|Time left: 300 sec this turn | 300 sec total\n|\n|t:|1783553249\n|move|p2a: Glaceon|Protect|p2a: Glaceon\n|-singleturn|p2a: Glaceon|Protect\n|move|p1a: Regice|Body Press|p2a: Glaceon\n|-activate|p2a: Glaceon|move: Protect\n|\n|-heal|p2a: Glaceon|227/275|[from] move: Wish|[wisher] Glaceon\n|upkeep\n|turn|13\n|inactive|Time left: 300 sec this turn | 300 sec total\n|\n|t:|1783553250\n|move|p2a: Glaceon|Wish|p2a: Glaceon\n|move|p1a: Regice|Body Press|p2a: Glaceon\n|-supereffective|p2a: Glaceon\n|-damage|p2a: Glaceon|127/275\n|\n|upkeep\n|turn|14\n|inactive|Time left: 300 sec this turn | 300 sec total\n|\n|t:|1783553251\n|move|p2a: Glaceon|Calm Mind|p2a: Glaceon\n|-boost|p2a: Glaceon|spa|1\n|-boost|p2a: Glaceon|spd|1\n|move|p1a: Regice|Body Press|p2a: Glaceon\n|-supereffective|p2a: Glaceon\n|-damage|p2a: Glaceon|29/275\n|\n|-heal|p2a: Glaceon|166/275|[from] move: Wish|[wisher] Glaceon\n|upkeep\n|turn|15\n|inactive|Time left: 300 sec this turn | 300 sec total\n|\n|t:|1783553252\n|move|p2a: Glaceon|Wish|p2a: Glaceon\n|move|p1a: Regice|Body Press|p2a: Glaceon\n|-supereffective|p2a: Glaceon\n|-damage|p2a: Glaceon|70/275\n|\n|upkeep\n|turn|16\n|inactive|Time left: 300 sec this turn | 300 sec total\n|\n|t:|1783553253\n|move|p2a: Glaceon|Protect|p2a: Glaceon\n|-singleturn|p2a: Glaceon|Protect\n|move|p1a: Regice|Body Press|p2a: Glaceon\n|-activate|p2a: Glaceon|move: Protect\n|\n|-heal|p2a: Glaceon|207/275|[from] move: Wish|[wisher] Glaceon\n|upkeep\n|turn|17\n|inactive|Time left: 300 sec this turn | 300 sec total\n|\n|t:|1783553254\n|move|p2a: Glaceon|Wish|p2a: Glaceon\n|move|p1a: Regice|Body Press|p2a: Glaceon\n|-supereffective|p2a: Glaceon\n|-damage|p2a: Glaceon|109/275\n|\n|upkeep\n|turn|18\n|inactive|Time left: 300 sec this turn | 300 sec total\n|\n|t:|1783553255\n|move|p2a: Glaceon|Protect|p2a: Glaceon\n|-singleturn|p2a: Glaceon|Protect\n|move|p1a: Regice|Body Press|p2a: Glaceon\n|-activate|p2a: Glaceon|move: Protect\n|\n|-heal|p2a: Glaceon|246/275|[from] move: Wish|[wisher] Glaceon\n|upkeep\n|turn|19\n|inactive|Time left: 300 sec this turn | 300 sec total\n|\n|t:|1783553256\n|move|p2a: Glaceon|Wish|p2a: Glaceon\n|move|p1a: Regice|Body Press|p2a: Glaceon\n|-supereffective|p2a: Glaceon\n|-damage|p2a: Glaceon|150/275\n|\n|upkeep\n|turn|20\n|inactive|Time left: 300 sec this turn | 300 sec total\n|\n|t:|1783553257\n|move|p2a: Glaceon|Freeze-Dry|p1a: Regice\n|-resisted|p1a: Regice\n|-damage|p1a: Regice|79/100\n|move|p1a: Regice|Body Press|p2a: Glaceon\n|-supereffective|p2a: Glaceon\n|-damage|p2a: Glaceon|52/275\n|\n|-heal|p2a: Glaceon|189/275|[from] move: Wish|[wisher] Glaceon\n|upkeep\n|turn|21\n|inactive|Time left: 300 sec this turn | 300 sec total\n|\n|t:|1783553258\n|move|p2a: Glaceon|Wish|p2a: Glaceon\n|move|p1a: Regice|Body Press|p2a: Glaceon\n|-supereffective|p2a: Glaceon\n|-damage|p2a: Glaceon|91/275\n|\n|upkeep\n|turn|22\n|inactive|Time left: 300 sec this turn | 300 sec total\n|\n|t:|1783553259\n|move|p2a: Glaceon|Protect|p2a: Glaceon\n|-singleturn|p2a: Glaceon|Protect\n|move|p1a: Regice|Body Press|p2a: Glaceon\n|-activate|p2a: Glaceon|move: Protect\n|\n|-heal|p2a: Glaceon|228/275|[from] move: Wish|[wisher] Glaceon\n|upkeep\n|turn|23\n|inactive|Time left: 300 sec this turn | 300 sec total\n|\n|t:|1783553260\n|move|p2a: Glaceon|Freeze-Dry|p1a: Regice\n|-resisted|p1a: Regice\n|-damage|p1a: Regice|60/100\n|move|p1a: Regice|Body Press|p2a: Glaceon\n|-supereffective|p2a: Glaceon\n|-damage|p2a: Glaceon|136/275\n|\n|upkeep\n|turn|24\n|inactive|Time left: 300 sec this turn | 300 sec total\n|\n|t:|1783553261\n|move|p2a: Glaceon|Wish|p2a: Glaceon\n|move|p1a: Regice|Thunderbolt|p2a: Glaceon\n|-damage|p2a: Glaceon|104/275\n|\n|upkeep\n|turn|25\n|inactive|Time left: 300 sec this turn | 300 sec total\n|\n|t:|1783553262\n|move|p2a: Glaceon|Freeze-Dry|p1a: Regice\n|-resisted|p1a: Regice\n|-damage|p1a: Regice|39/100\n|move|p1a: Regice|Thunderbolt|p2a: Glaceon\n|-damage|p2a: Glaceon|71/275\n|\n|-heal|p2a: Glaceon|208/275|[from] move: Wish|[wisher] Glaceon\n|upkeep\n|turn|26\n|inactive|Time left: 300 sec this turn | 300 sec total\n|\n|t:|1783553264\n|move|p2a: Glaceon|Freeze-Dry|p1a: Regice\n|-resisted|p1a: Regice\n|-damage|p1a: Regice|18/100\n|move|p1a: Regice|Thunder Wave|p2a: Glaceon\n|-status|p2a: Glaceon|par\n|\n|upkeep\n|turn|27\n|inactive|Time left: 300 sec this turn | 300 sec total\n|\n|t:|1783553265\n|move|p1a: Regice|Thunderbolt|p2a: Glaceon\n|-damage|p2a: Glaceon|176/275 par\n|move|p2a: Glaceon|Freeze-Dry|p1a: Regice\n|-resisted|p1a: Regice\n|-damage|p1a: Regice|0 fnt\n|faint|p1a: Regice\n|\n|upkeep\n|\n|t:|1783553266\n|switch|p1a: Mienshao|Mienshao, L83, F|100/100\n|-activate|p1a: Mienshao|move: Sticky Web\n|-unboost|p1a: Mienshao|spe|1\n|turn|28\n|inactive|Time left: 300 sec this turn | 300 sec total\n|\n|t:|1783553267\n|cant|p2a: Glaceon|par\n|move|p1a: Mienshao|Close Combat|p2a: Glaceon\n|-supereffective|p2a: Glaceon\n|-damage|p2a: Glaceon|0 fnt\n|-unboost|p1a: Mienshao|def|1\n|-unboost|p1a: Mienshao|spd|1\n|faint|p2a: Glaceon\n|\n|upkeep\n|inactive|Time left: 300 sec this turn | 300 sec total | 5 sec grace\n|\n|t:|1783553268\n|switch|p2a: Appletun|Appletun, L92, F|352/352\n|turn|29\n|inactive|Time left: 300 sec this turn | 300 sec total\n|\n|t:|1783553268\n|move|p1a: Mienshao|U-turn|p2a: Appletun\n|-supereffective|p2a: Appletun\n|-damage|p2a: Appletun|242/352\n|\n|t:|1783553269\n|switch|p1a: Munkidori|Munkidori, L79, M|100/100|[from] U-turn\n|-activate|p1a: Munkidori|move: Sticky Web\n|-unboost|p1a: Munkidori|spe|1\n|move|p2a: Appletun|Apple Acid|p1a: Munkidori\n|-resisted|p1a: Munkidori\n|-damage|p1a: Munkidori|81/100\n|-unboost|p1a: Munkidori|spd|1\n|\n|-heal|p2a: Appletun|264/352|[from] item: Leftovers\n|upkeep\n|turn|30\n|inactive|Time left: 300 sec this turn | 300 sec total\n|\n|t:|1783553270\n|switch|p2a: Giratina|Giratina-Origin, L72, tera:Steel|256/335\n|move|p1a: Munkidori|Sludge Wave|p2a: Giratina\n|-immune|p2a: Giratina\n|\n|upkeep\n|turn|31\n|inactive|Time left: 300 sec this turn | 300 sec total\n|\n|t:|1783553271\n|switch|p1a: Skarmory|Skarmory, L80, F|100/100\n|move|p2a: Giratina|Poltergeist|p1a: Skarmory\n|-activate|p1a: Skarmory|move: Poltergeist|Rocky Helmet\n|-damage|p1a: Skarmory|66/100\n|\n|upkeep\n|turn|32\n|inactive|Time left: 300 sec this turn | 300 sec total\n|\n|t:|1783553272\n|switch|p2a: Azelf|Azelf, L82|257/257\n|move|p1a: Skarmory|Roost|p1a: Skarmory\n|-heal|p1a: Skarmory|100/100\n|-singleturn|p1a: Skarmory|move: Roost\n|\n|upkeep\n|turn|33\n|inactive|Time left: 300 sec this turn | 300 sec total\n|\n|t:|1783553273\n|move|p2a: Azelf|Fire Blast|p1a: Skarmory\n|-supereffective|p1a: Skarmory\n|-damage|p1a: Skarmory|10/100\n|move|p1a: Skarmory|Stealth Rock|p2a: Azelf\n|-sidestart|p2: p0y1218f053|move: Stealth Rock\n|\n|upkeep\n|turn|34\n|inactive|Time left: 300 sec this turn | 300 sec total\n|\n|t:|1783553274\n|move|p2a: Azelf|Psychic|p1a: Skarmory\n|-resisted|p1a: Skarmory\n|-damage|p1a: Skarmory|0 fnt\n|faint|p1a: Skarmory\n|\n|upkeep\n|\n|t:|1783553275\n|switch|p1a: Mienshao|Mienshao, L83, F|100/100\n|-activate|p1a: Mienshao|move: Sticky Web\n|-unboost|p1a: Mienshao|spe|1\n|turn|35\n|inactive|Time left: 300 sec this turn | 300 sec total\n|\n|t:|1783553276\n|move|p2a: Azelf|U-turn|p1a: Mienshao\n|-resisted|p1a: Mienshao\n|-damage|p1a: Mienshao|85/100\n|inactive|Time left: 300 sec this turn | 300 sec total | 5 sec grace\n|\n|t:|1783553277\n|switch|p2a: Araquanid|Araquanid, L82, F|20/246 tox|[from] U-turn\n|move|p1a: Mienshao|Knock Off|p2a: Araquanid\n|-damage|p2a: Araquanid|0 fnt\n|-enditem|p2a: Araquanid|Heavy-Duty Boots|[from] move: Knock Off|[of] p1a: Mienshao\n|faint|p2a: Araquanid\n|\n|upkeep\n|inactive|Time left: 300 sec this turn | 300 sec total | 10 sec grace\n|\n|t:|1783553278\n|switch|p2a: Appletun|Appletun, L92, F|264/352\n|-damage|p2a: Appletun|220/352|[from] Stealth Rock\n|turn|36\n|inactive|Time left: 300 sec this turn | 300 sec total\n|\n|t:|1783553279\n|move|p1a: Mienshao|U-turn|p2a: Appletun\n|-supereffective|p2a: Appletun\n|-damage|p2a: Appletun|96/352\n|\n|t:|1783553280\n|switch|p1a: Munkidori|Munkidori, L79, M|81/100|[from] U-turn\n|-activate|p1a: Munkidori|move: Sticky Web\n|-unboost|p1a: Munkidori|spe|1\n|move|p2a: Appletun|Recover|p2a: Appletun\n|-heal|p2a: Appletun|272/352\n|\n|-heal|p2a: Appletun|294/352|[from] item: Leftovers\n|upkeep\n|turn|37\n|inactive|Time left: 300 sec this turn | 300 sec total\n|\n|t:|1783553281\n|switch|p2a: Giratina|Giratina-Origin, L72, tera:Steel|256/335\n|-damage|p2a: Giratina|236/335|[from] Stealth Rock\n|move|p1a: Munkidori|Sludge Wave|p2a: Giratina\n|-immune|p2a: Giratina\n|\n|upkeep\n|turn|38\n|inactive|Time left: 300 sec this turn | 300 sec total\n|\n|t:|1783553282\n|-terastallize|p1a: Munkidori|Fighting\n|move|p2a: Giratina|Poltergeist|p1a: Munkidori|[miss]\n|-miss|p2a: Giratina|p1a: Munkidori\n|move|p1a: Munkidori|Focus Blast|p2a: Giratina\n|-supereffective|p2a: Giratina\n|-damage|p2a: Giratina|0 fnt\n|faint|p2a: Giratina\n|-damage|p1a: Munkidori|72/100|[from] item: Life Orb\n|\n|upkeep\n|inactive|Time left: 300 sec this turn | 300 sec total | 5 sec grace\n|\n|t:|1783553283\n|switch|p2a: Azelf|Azelf, L82|257/257\n|-damage|p2a: Azelf|225/257|[from] Stealth Rock\n|turn|39\n|inactive|Time left: 300 sec this turn | 300 sec total\n|\n|t:|1783553284\n|switch|p1a: Mienshao|Mienshao, L83, F|100/100\n|-activate|p1a: Mienshao|move: Sticky Web\n|-unboost|p1a: Mienshao|spe|1\n|move|p2a: Azelf|Psychic|p1a: Mienshao\n|-supereffective|p1a: Mienshao\n|-damage|p1a: Mienshao|12/100\n|\n|upkeep\n|turn|40\n|inactive|Time left: 300 sec this turn | 300 sec total\n|\n|t:|1783553285\n|move|p1a: Mienshao|Fake Out|p2a: Azelf\n|-damage|p2a: Azelf|183/257\n|cant|p2a: Azelf|flinch\n|\n|upkeep\n|turn|41\n|inactive|Time left: 300 sec this turn | 300 sec total\n|\n|t:|1783553287\n|switch|p1a: Munkidori|Munkidori, L79, M, tera:Fighting|72/100\n|-activate|p1a: Munkidori|move: Sticky Web\n|-unboost|p1a: Munkidori|spe|1\n|move|p2a: Azelf|Psychic|p1a: Munkidori\n|-supereffective|p1a: Munkidori\n|-damage|p1a: Munkidori|0 fnt\n|faint|p1a: Munkidori\n|\n|upkeep\n|\n|t:|1783553288\n|switch|p1a: Mienshao|Mienshao, L83, F|45/100\n|-activate|p1a: Mienshao|move: Sticky Web\n|-unboost|p1a: Mienshao|spe|1\n|turn|42\n|inactive|Time left: 300 sec this turn | 300 sec total\n|\n|t:|1783553289\n|move|p1a: Mienshao|Fake Out|p2a: Azelf\n|-damage|p2a: Azelf|139/257\n|cant|p2a: Azelf|flinch\n|\n|upkeep\n|turn|43\n|inactive|Time left: 300 sec this turn | 300 sec total\n|\n|t:|1783553290\n|move|p2a: Azelf|Psychic|p1a: Mienshao\n|-supereffective|p1a: Mienshao\n|-damage|p1a: Mienshao|0 fnt\n|faint|p1a: Mienshao\n|\n|win|p0y1218f053", "uploadtime": 1783553290, "views": 0, "rating": 0, "private": 0, "password": null, "_winner": "p0y1218f053", "_our_name": "p0y1218f053"}