{"id": "battle-gen9randombattle-1965", "formatid": "gen9randombattle", "format": "[Gen 9] Random Battle", "players": ["p0x19655a28", "p0y19651098"], "log": "|init|battle\n|title|p0x19655a28 vs. p0y19651098\n|j|\u2606p0x19655a28\n|j|\u2606p0y19651098\n|t:|1783562717\n|gametype|singles\n|player|p1|p0x19655a28|265|\n|player|p2|p0y19651098|170|\n|gen|9\n|tier|[Gen 9] Random Battle\n|rule|Species Clause: Limit one of each Pok\u00e9mon\n|rule|HP Percentage Mod: HP is shown in percentages\n|rule|Sleep Clause Mod: Limit one foe put to sleep\n|rule|Illusion Level Mod: Illusion disguises the Pok\u00e9mon's true level\n|\n|t:|1783562717\n|teamsize|p1|6\n|teamsize|p2|6\n|start\n|switch|p1a: Samurott|Samurott, L88, F|100/100\n|switch|p2a: Great Tusk|Great Tusk, L77|304/304\n|turn|1\n|inactive|Battle timer is ON: inactive players will automatically lose when time's up. (requested by p0y19651098)\n|inactive|p0x19655a28 also wants the timer to be on.\n|\n|t:|1783562718\n|-end|p2a: Great Tusk|Protosynthesis|[silent]\n|switch|p2a: Mabosstiff|Mabosstiff, L86, M|278/278\n|move|p1a: Samurott|Swords Dance|p1a: Samurott\n|-boost|p1a: Samurott|atk|2\n|\n|upkeep\n|turn|2\n|inactive|Time left: 300 sec this turn | 300 sec total\n|\n|t:|1783562719\n|move|p2a: Mabosstiff|Wild Charge|p1a: Samurott\n|-supereffective|p1a: Samurott\n|-damage|p1a: Samurott|28/100\n|-damage|p2a: Mabosstiff|222/278|[from] Recoil\n|move|p1a: Samurott|Liquidation|p2a: Mabosstiff\n|-damage|p2a: Mabosstiff|0 fnt\n|faint|p2a: Mabosstiff\n|-damage|p1a: Samurott|18/100|[from] item: Life Orb\n|\n|upkeep\n|inactive|Time left: 300 sec this turn | 300 sec total | 5 sec grace\n|\n|t:|1783562720\n|switch|p2a: Iron Jugulis|Iron Jugulis, L77|271/271\n|turn|3\n|inactive|Time left: 300 sec this turn | 300 sec total\n|\n|t:|1783562721\n|switch|p1a: Arboliva|Arboliva, L91, F|100/100\n|move|p2a: Iron Jugulis|Dark Pulse|p1a: Arboliva\n|-damage|p1a: Arboliva|68/100\n|-fieldstart|move: Grassy Terrain|[from] ability: Seed Sower|[of] p1a: Arboliva\n|\n|-heal|p1a: Arboliva|75/100|[from] Grassy Terrain\n|-heal|p1a: Arboliva|81/100|[from] item: Leftovers\n|upkeep\n|turn|4\n|inactive|Time left: 300 sec this turn | 300 sec total\n|\n|t:|1783562722\n|move|p2a: Iron Jugulis|Dark Pulse|p1a: Arboliva\n|-damage|p1a: Arboliva|46/100\n|move|p1a: Arboliva|Hyper Voice|p2a: Iron Jugulis\n|-damage|p2a: Iron Jugulis|103/271\n|\n|-heal|p1a: Arboliva|53/100|[from] Grassy Terrain\n|-heal|p1a: Arboliva|59/100|[from] item: Leftovers\n|upkeep\n|turn|5\n|inactive|Time left: 300 sec this turn | 300 sec total\n|\n|t:|1783562723\n|move|p2a: Iron Jugulis|Dark Pulse|p1a: Arboliva\n|-damage|p1a: Arboliva|26/100\n|move|p1a: Arboliva|Hyper Voice|p2a: Iron Jugulis\n|-damage|p2a: Iron Jugulis|0 fnt\n|faint|p2a: Iron Jugulis\n|-end|p2a: Iron Jugulis|Quark Drive|[silent]\n|\n|-heal|p1a: Arboliva|32/100|[from] Grassy Terrain\n|-heal|p1a: Arboliva|38/100|[from] item: Leftovers\n|upkeep\n|inactive|Time left: 300 sec this turn | 300 sec total | 5 sec grace\n|\n|t:|1783562724\n|switch|p2a: Wyrdeer|Wyrdeer, L87, F|321/321\n|-ability|p2a: Wyrdeer|Intimidate|boost\n|-unboost|p1a: Arboliva|atk|1\n|turn|6\n|inactive|Time left: 300 sec this turn | 300 sec total\n|\n|t:|1783562725\n|move|p2a: Wyrdeer|Megahorn|p1a: Arboliva\n|-supereffective|p1a: Arboliva\n|-damage|p1a: Arboliva|0 fnt\n|faint|p1a: Arboliva\n|\n|upkeep\n|\n|t:|1783562726\n|switch|p1a: Samurott|Samurott, L88, F|18/100\n|turn|7\n|inactive|Time left: 300 sec this turn | 300 sec total\n|\n|t:|1783562727\n|move|p1a: Samurott|Liquidation|p2a: Wyrdeer\n|-damage|p2a: Wyrdeer|109/321\n|-unboost|p2a: Wyrdeer|def|1\n|-damage|p1a: Samurott|8/100|[from] item: Life Orb\n|move|p2a: Wyrdeer|Psychic Noise|p1a: Samurott\n|-damage|p1a: Samurott|0 fnt\n|faint|p1a: Samurott\n|\n|-heal|p2a: Wyrdeer|129/321|[from] Grassy Terrain\n|-heal|p2a: Wyrdeer|149/321|[from] item: Leftovers\n|-fieldend|move: Grassy Terrain\n|upkeep\n|\n|t:|1783562728\n|switch|p1a: Maushold|Maushold, L76|100/100\n|turn|8\n|inactive|Time left: 300 sec this turn | 300 sec total\n|\n|t:|1783562730\n|switch|p2a: Great Tusk|Great Tusk, L77|304/304\n|move|p1a: Maushold|Population Bomb|p2a: Great Tusk\n|-damage|p2a: Great Tusk|285/304\n|-damage|p2a: Great Tusk|267/304\n|-damage|p2a: Great Tusk|249/304\n|-damage|p2a: Great Tusk|231/304\n|-damage|p2a: Great Tusk|213/304\n|-damage|p2a: Great Tusk|194/304\n|-damage|p2a: Great Tusk|175/304\n|-damage|p2a: Great Tusk|157/304\n|-damage|p2a: Great Tusk|138/304\n|-damage|p2a: Great Tusk|119/304\n|-hitcount|p2a: Great Tusk|10\n|\n|upkeep\n|turn|9\n|inactive|Time left: 300 sec this turn | 300 sec total\n|\n|t:|1783562731\n|-terastallize|p2a: Great Tusk|Steel\n|move|p1a: Maushold|Population Bomb|p2a: Great Tusk\n|-resisted|p2a: Great Tusk\n|-damage|p2a: Great Tusk|110/304\n|-resisted|p2a: Great Tusk\n|-damage|p2a: Great Tusk|101/304\n|-resisted|p2a: Great Tusk\n|-crit|p2a: Great Tusk\n|-damage|p2a: Great Tusk|88/304\n|-resisted|p2a: Great Tusk\n|-damage|p2a: Great Tusk|79/304\n|-resisted|p2a: Great Tusk\n|-damage|p2a: Great Tusk|70/304\n|-resisted|p2a: Great Tusk\n|-damage|p2a: Great Tusk|61/304\n|-resisted|p2a: Great Tusk\n|-damage|p2a: Great Tusk|52/304\n|-resisted|p2a: Great Tusk\n|-damage|p2a: Great Tusk|43/304\n|-resisted|p2a: Great Tusk\n|-damage|p2a: Great Tusk|34/304\n|-resisted|p2a: Great Tusk\n|-damage|p2a: Great Tusk|25/304\n|-hitcount|p2a: Great Tusk|10\n|move|p2a: Great Tusk|Close Combat|p1a: Maushold\n|-supereffective|p1a: Maushold\n|-crit|p1a: Maushold\n|-damage|p1a: Maushold|0 fnt\n|-unboost|p2a: Great Tusk|def|1\n|-unboost|p2a: Great Tusk|spd|1\n|faint|p1a: Maushold\n|\n|upkeep\n|\n|t:|1783562732\n|switch|p1a: Espeon|Espeon, L84, M|100/100\n|turn|10\n|inactive|Time left: 300 sec this turn | 300 sec total\n|\n|t:|1783562733\n|-end|p2a: Great Tusk|Protosynthesis|[silent]\n|switch|p2a: Wyrdeer|Wyrdeer, L87, F|149/321\n|-ability|p2a: Wyrdeer|Intimidate|boost\n|-unboost|p1a: Espeon|atk|1\n|move|p1a: Espeon|Psychic|p2a: Wyrdeer\n|-resisted|p2a: Wyrdeer\n|-damage|p2a: Wyrdeer|49/321\n|\n|-heal|p2a: Wyrdeer|69/321|[from] item: Leftovers\n|upkeep\n|turn|11\n|inactive|Time left: 300 sec this turn | 300 sec total\n|\n|t:|1783562734\n|switch|p2a: Great Tusk|Great Tusk, L77, tera:Steel|25/304\n|move|p1a: Espeon|Psychic|p2a: Great Tusk\n|-resisted|p2a: Great Tusk\n|-damage|p2a: Great Tusk|0 fnt\n|faint|p2a: Great Tusk\n|-end|p2a: Great Tusk|Protosynthesis|[silent]\n|\n|upkeep\n|inactive|Time left: 300 sec this turn | 300 sec total | 5 sec grace\n|\n|t:|1783562735\n|switch|p2a: Alomomola|Alomomola, L87, M|429/429\n|turn|12\n|inactive|Time left: 300 sec this turn | 300 sec total\n|\n|t:|1783562736\n|move|p1a: Espeon|Psychic|p2a: Alomomola\n|-damage|p2a: Alomomola|153/429\n|move|p2a: Alomomola|Flip Turn|p1a: Espeon\n|-damage|p1a: Espeon|70/100\n|inactive|Time left: 300 sec this turn | 300 sec total | 5 sec grace\n|\n|t:|1783562737\n|switch|p2a: Illumise|Illumise, L91, F|266/266|[from] Flip Turn\n|\n|upkeep\n|turn|13\n|inactive|Time left: 300 sec this turn | 300 sec total\n|\n|t:|1783562738\n|-terastallize|p1a: Espeon|Fairy\n|move|p1a: Espeon|Psychic|p2a: Illumise\n|-damage|p2a: Illumise|85/266\n|move|p2a: Illumise|Bug Buzz|p1a: Espeon\n|-resisted|p1a: Espeon\n|-damage|p1a: Espeon|54/100\n|-unboost|p1a: Espeon|spd|1\n|\n|upkeep\n|turn|14\n|inactive|Time left: 300 sec this turn | 300 sec total\n|\n|t:|1783562739\n|move|p2a: Illumise|Roost|p2a: Illumise\n|-heal|p2a: Illumise|218/266\n|-singleturn|p2a: Illumise|move: Roost\n|move|p1a: Espeon|Psychic|p2a: Illumise\n|-damage|p2a: Illumise|37/266\n|\n|upkeep\n|turn|15\n|inactive|Time left: 300 sec this turn | 300 sec total\n|\n|t:|1783562740\n|move|p2a: Illumise|Roost|p2a: Illumise\n|-heal|p2a: Illumise|170/266\n|-singleturn|p2a: Illumise|move: Roost\n|move|p1a: Espeon|Psychic|p2a: Illumise\n|-crit|p2a: Illumise\n|-damage|p2a: Illumise|0 fnt\n|faint|p2a: Illumise\n|\n|upkeep\n|inactive|Time left: 300 sec this turn | 300 sec total | 5 sec grace\n|\n|t:|1783562740\n|switch|p2a: Alomomola|Alomomola, L87, M|296/429\n|turn|16\n|inactive|Time left: 300 sec this turn | 300 sec total\n|\n|t:|1783562741\n|move|p2a: Alomomola|Protect|p2a: Alomomola\n|-singleturn|p2a: Alomomola|Protect\n|move|p1a: Espeon|Psychic|p2a: Alomomola\n|-activate|p2a: Alomomola|move: Protect\n|\n|upkeep\n|turn|17\n|inactive|Time left: 300 sec this turn | 300 sec total\n|\n|t:|1783562742\n|move|p2a: Alomomola|Protect|p2a: Alomomola\n|-singleturn|p2a: Alomomola|Protect\n|move|p1a: Espeon|Psychic|p2a: Alomomola\n|-activate|p2a: Alomomola|move: Protect\n|\n|upkeep\n|turn|18\n|inactive|Time left: 300 sec this turn | 300 sec total\n|\n|t:|1783562743\n|move|p1a: Espeon|Psychic|p2a: Alomomola\n|-damage|p2a: Alomomola|26/429\n|move|p2a: Alomomola|Scald|p1a: Espeon\n|-damage|p1a: Espeon|27/100\n|-status|p1a: Espeon|brn\n|\n|-damage|p1a: Espeon|21/100 brn|[from] brn\n|upkeep\n|turn|19\n|inactive|Time left: 300 sec this turn | 300 sec total\n|\n|t:|1783562745\n|move|p2a: Alomomola|Protect|p2a: Alomomola\n|-singleturn|p2a: Alomomola|Protect\n|move|p1a: Espeon|Psychic|p2a: Alomomola\n|-activate|p2a: Alomomola|move: Protect\n|\n|-damage|p1a: Espeon|15/100 brn|[from] brn\n|upkeep\n|turn|20\n|inactive|Time left: 300 sec this turn | 300 sec total\n|\n|t:|1783562745\n|move|p2a: Alomomola|Protect||[still]\n|-fail|p2a: Alomomola\n|move|p1a: Espeon|Psychic|p2a: Alomomola\n|-damage|p2a: Alomomola|0 fnt\n|faint|p2a: Alomomola\n|\n|-damage|p1a: Espeon|9/100 brn|[from] brn\n|upkeep\n|inactive|Time left: 300 sec this turn | 300 sec total | 5 sec grace\n|\n|t:|1783562746\n|switch|p2a: Wyrdeer|Wyrdeer, L87, F|69/321\n|-ability|p2a: Wyrdeer|Intimidate|boost\n|-unboost|p1a: Espeon|atk|1\n|turn|21\n|inactive|Time left: 300 sec this turn | 300 sec total\n|\n|t:|1783562747\n|move|p1a: Espeon|Psychic|p2a: Wyrdeer\n|-resisted|p2a: Wyrdeer\n|-damage|p2a: Wyrdeer|0 fnt\n|faint|p2a: Wyrdeer\n|\n|win|p0x19655a28", "uploadtime": 1783562747, "views": 0, "rating": 0, "private": 0, "password": null, "_winner": "p0x19655a28", "_our_name": "p0y19651098"}