{"id": "battle-gen9randombattle-502", "formatid": "gen9randombattle", "format": "[Gen 9] Random Battle", "players": ["p0x502b271", "p0y5029d70"], "log": "|init|battle\n|title|p0x502b271 vs. p0y5029d70\n|j|\u2606p0x502b271\n|j|\u2606p0y5029d70\n|t:|1783545584\n|gametype|singles\n|player|p1|p0x502b271|169|\n|player|p2|p0y5029d70|266|\n|gen|9\n|tier|[Gen 9] Random Battle\n|rule|Species Clause: Limit one of each Pok\u00e9mon\n|rule|HP Percentage Mod: HP is shown in percentages\n|rule|Sleep Clause Mod: Limit one foe put to sleep\n|rule|Illusion Level Mod: Illusion disguises the Pok\u00e9mon's true level\n|\n|t:|1783545584\n|teamsize|p1|6\n|teamsize|p2|6\n|start\n|switch|p1a: Vileplume|Vileplume, L85, F|100/100\n|switch|p2a: Florges|Florges-Blue, L85, F|271/271\n|turn|1\n|inactive|Battle timer is ON: inactive players will automatically lose when time's up. (requested by p0y5029d70)\n|inactive|p0x502b271 also wants the timer to be on.\n|\n|t:|1783545585\n|move|p2a: Florges|Calm Mind|p2a: Florges\n|-boost|p2a: Florges|spa|1\n|-boost|p2a: Florges|spd|1\n|move|p1a: Vileplume|Leech Seed|p2a: Florges\n|-start|p2a: Florges|move: Leech Seed\n|\n|-damage|p2a: Florges|238/271|[from] Leech Seed|[of] p1a: Vileplume\n|upkeep\n|turn|2\n|inactive|Time left: 300 sec this turn | 300 sec total\n|\n|t:|1783545586\n|move|p2a: Florges|Calm Mind|p2a: Florges\n|-boost|p2a: Florges|spa|1\n|-boost|p2a: Florges|spd|1\n|move|p1a: Vileplume|Sludge Bomb|p2a: Florges\n|-supereffective|p2a: Florges\n|-crit|p2a: Florges\n|-damage|p2a: Florges|14/271\n|-status|p2a: Florges|psn\n|\n|-heal|p2a: Florges|30/271 psn|[from] item: Leftovers\n|-damage|p2a: Florges|0 fnt|[from] Leech Seed|[of] p1a: Vileplume\n|faint|p2a: Florges\n|upkeep\n|inactive|Time left: 300 sec this turn | 300 sec total | 5 sec grace\n|\n|t:|1783545587\n|switch|p2a: Polteageist|Polteageist, L78|222/222\n|turn|3\n|inactive|Time left: 300 sec this turn | 300 sec total\n|\n|t:|1783545588\n|switch|p1a: Drednaw|Drednaw, L81, F|100/100\n|move|p2a: Polteageist|Shell Smash|p2a: Polteageist\n|-unboost|p2a: Polteageist|def|1\n|-unboost|p2a: Polteageist|spd|1\n|-boost|p2a: Polteageist|atk|2\n|-boost|p2a: Polteageist|spa|2\n|-boost|p2a: Polteageist|spe|2\n|-enditem|p2a: Polteageist|White Herb\n|-clearnegativeboost|p2a: Polteageist|[silent]\n|\n|upkeep\n|turn|4\n|inactive|Time left: 300 sec this turn | 300 sec total\n|\n|t:|1783545589\n|-terastallize|p1a: Drednaw|Dark\n|move|p2a: Polteageist|Stored Power|p1a: Drednaw\n|-immune|p1a: Drednaw\n|move|p1a: Drednaw|Crunch|p2a: Polteageist\n|-supereffective|p2a: Polteageist\n|-damage|p2a: Polteageist|0 fnt\n|faint|p2a: Polteageist\n|\n|upkeep\n|inactive|Time left: 300 sec this turn | 300 sec total | 5 sec grace\n|\n|t:|1783545590\n|switch|p2a: Sneasler|Sneasler, L74, M|240/240\n|turn|5\n|inactive|Time left: 300 sec this turn | 300 sec total\n|\n|t:|1783545592\n|move|p2a: Sneasler|Close Combat|p1a: Drednaw\n|-supereffective|p1a: Drednaw\n|-damage|p1a: Drednaw|3/100\n|-unboost|p2a: Sneasler|def|1\n|-unboost|p2a: Sneasler|spd|1\n|-enditem|p2a: Sneasler|White Herb\n|-clearnegativeboost|p2a: Sneasler|[silent]\n|move|p1a: Drednaw|Shell Smash|p1a: Drednaw\n|-unboost|p1a: Drednaw|def|1\n|-unboost|p1a: Drednaw|spd|1\n|-boost|p1a: Drednaw|atk|2\n|-boost|p1a: Drednaw|spa|2\n|-boost|p1a: Drednaw|spe|2\n|-enditem|p1a: Drednaw|White Herb\n|-clearnegativeboost|p1a: Drednaw|[silent]\n|\n|upkeep\n|turn|6\n|inactive|Time left: 300 sec this turn | 300 sec total\n|\n|t:|1783545593\n|move|p2a: Sneasler|Acrobatics|p1a: Drednaw\n|-damage|p1a: Drednaw|0 fnt\n|faint|p1a: Drednaw\n|\n|upkeep\n|\n|t:|1783545594\n|switch|p1a: Salamence|Salamence, L77, F|100/100\n|-ability|p1a: Salamence|Intimidate|boost\n|-unboost|p2a: Sneasler|atk|1\n|turn|7\n|inactive|Time left: 300 sec this turn | 300 sec total\n|\n|t:|1783545595\n|switch|p2a: Magcargo|Magcargo, L95, F|268/268\n|move|p1a: Salamence|Outrage|p2a: Magcargo\n|-damage|p2a: Magcargo|165/268\n|\n|upkeep\n|turn|8\n|inactive|Time left: 300 sec this turn | 300 sec total\n|\n|t:|1783545596\n|move|p1a: Salamence|Outrage|p2a: Magcargo|[from] lockedmove\n|-damage|p2a: Magcargo|62/268\n|-start|p1a: Salamence|confusion|[fatigue]\n|move|p2a: Magcargo|Recover|p2a: Magcargo\n|-heal|p2a: Magcargo|196/268\n|\n|upkeep\n|turn|9\n|inactive|Time left: 300 sec this turn | 300 sec total\n|\n|t:|1783545597\n|switch|p1a: Hoopa|Hoopa-Unbound, L80|100/100\n|move|p2a: Magcargo|Power Gem|p1a: Hoopa\n|-damage|p1a: Hoopa|72/100\n|\n|upkeep\n|turn|10\n|inactive|Time left: 300 sec this turn | 300 sec total\n|\n|t:|1783545598\n|move|p1a: Hoopa|Drain Punch|p2a: Magcargo\n|-supereffective|p2a: Magcargo\n|-damage|p2a: Magcargo|54/268\n|-heal|p1a: Hoopa|99/100|[from] drain|[of] p2a: Magcargo\n|move|p2a: Magcargo|Lava Plume|p1a: Hoopa\n|-damage|p1a: Hoopa|67/100\n|\n|upkeep\n|turn|11\n|inactive|Time left: 300 sec this turn | 300 sec total\n|\n|t:|1783545599\n|switch|p2a: Trevenant|Trevenant, L89, F|296/296\n|move|p1a: Hoopa|Drain Punch|p2a: Trevenant\n|-immune|p2a: Trevenant\n|\n|upkeep\n|turn|12\n|inactive|Time left: 300 sec this turn | 300 sec total\n|\n|t:|1783545600\n|switch|p1a: Salamence|Salamence, L77, F|100/100\n|-ability|p1a: Salamence|Intimidate|boost\n|-unboost|p2a: Trevenant|atk|1\n|move|p2a: Trevenant|Poltergeist|p1a: Salamence\n|-activate|p1a: Salamence|move: Poltergeist|Heavy-Duty Boots\n|-damage|p1a: Salamence|46/100\n|-damage|p2a: Trevenant|267/296|[from] item: Life Orb\n|\n|upkeep\n|turn|13\n|inactive|Time left: 300 sec this turn | 300 sec total\n|\n|t:|1783545601\n|move|p1a: Salamence|Roost|p1a: Salamence\n|-heal|p1a: Salamence|96/100\n|-singleturn|p1a: Salamence|move: Roost\n|move|p2a: Trevenant|Poltergeist|p1a: Salamence\n|-activate|p1a: Salamence|move: Poltergeist|Heavy-Duty Boots\n|-damage|p1a: Salamence|40/100\n|-damage|p2a: Trevenant|238/296|[from] item: Life Orb\n|\n|upkeep\n|turn|14\n|inactive|Time left: 300 sec this turn | 300 sec total\n|\n|t:|1783545602\n|move|p1a: Salamence|Outrage|p2a: Trevenant\n|-damage|p2a: Trevenant|99/296\n|move|p2a: Trevenant|Poltergeist|p1a: Salamence\n|-activate|p1a: Salamence|move: Poltergeist|Heavy-Duty Boots\n|-damage|p1a: Salamence|0 fnt\n|faint|p1a: Salamence\n|-damage|p2a: Trevenant|70/296|[from] item: Life Orb\n|\n|upkeep\n|\n|t:|1783545603\n|switch|p1a: Metagross|Metagross, L79|100/100\n|turn|15\n|inactive|Time left: 300 sec this turn | 300 sec total\n|\n|t:|1783545604\n|switch|p2a: Magcargo|Magcargo, L95, F|54/268\n|move|p1a: Metagross|Heavy Slam|p2a: Magcargo\n|-damage|p2a: Magcargo|0 fnt\n|faint|p2a: Magcargo\n|\n|upkeep\n|inactive|Time left: 300 sec this turn | 300 sec total | 5 sec grace\n|\n|t:|1783545605\n|switch|p2a: Deoxys|Deoxys-Speed, L82|216/216\n|-ability|p2a: Deoxys|Pressure\n|turn|16\n|inactive|Time left: 300 sec this turn | 300 sec total\n|\n|t:|1783545606\n|move|p2a: Deoxys|Dark Pulse|p1a: Metagross\n|-supereffective|p1a: Metagross\n|-damage|p1a: Metagross|46/100\n|-damage|p2a: Deoxys|195/216|[from] item: Life Orb\n|cant|p1a: Metagross|flinch\n|\n|-heal|p1a: Metagross|52/100|[from] item: Leftovers\n|upkeep\n|turn|17\n|inactive|Time left: 300 sec this turn | 300 sec total\n|\n|t:|1783545607\n|switch|p1a: Hoopa|Hoopa-Unbound, L80|67/100\n|move|p2a: Deoxys|Dark Pulse|p1a: Hoopa\n|-damage|p1a: Hoopa|47/100\n|-damage|p2a: Deoxys|174/216|[from] item: Life Orb\n|\n|upkeep\n|turn|18\n|inactive|Time left: 300 sec this turn | 300 sec total\n|\n|t:|1783545608\n|switch|p2a: Trevenant|Trevenant, L89, F|70/296\n|move|p1a: Hoopa|Hyperspace Fury|p2a: Trevenant\n|-supereffective|p2a: Trevenant\n|-damage|p2a: Trevenant|0 fnt\n|-unboost|p1a: Hoopa|def|1\n|faint|p2a: Trevenant\n|\n|upkeep\n|inactive|Time left: 300 sec this turn | 300 sec total | 5 sec grace\n|\n|t:|1783545608\n|switch|p2a: Sneasler|Sneasler, L74, M|240/240\n|turn|19\n|inactive|Time left: 300 sec this turn | 300 sec total\n|\n|t:|1783545609\n|move|p2a: Sneasler|Swords Dance|p2a: Sneasler\n|-boost|p2a: Sneasler|atk|2\n|move|p1a: Hoopa|Hyperspace Fury|p2a: Sneasler\n|-resisted|p2a: Sneasler\n|-damage|p2a: Sneasler|84/240\n|-unboost|p1a: Hoopa|def|1\n|\n|upkeep\n|turn|20\n|inactive|Time left: 300 sec this turn | 300 sec total\n|\n|t:|1783545610\n|switch|p1a: Metagross|Metagross, L79|52/100\n|move|p2a: Sneasler|Close Combat|p1a: Metagross\n|-damage|p1a: Metagross|0 fnt\n|-unboost|p2a: Sneasler|def|1\n|-unboost|p2a: Sneasler|spd|1\n|faint|p1a: Metagross\n|\n|upkeep\n|\n|t:|1783545611\n|switch|p1a: Grafaiai|Grafaiai, L86, F|100/100\n|turn|21\n|inactive|Time left: 300 sec this turn | 300 sec total\n|\n|t:|1783545612\n|move|p1a: Grafaiai|Gunk Shot|p2a: Sneasler\n|-resisted|p2a: Sneasler\n|-damage|p2a: Sneasler|0 fnt\n|faint|p2a: Sneasler\n|\n|upkeep\n|inactive|Time left: 300 sec this turn | 300 sec total | 5 sec grace\n|\n|t:|1783545613\n|switch|p2a: Deoxys|Deoxys-Speed, L82|174/216\n|-ability|p2a: Deoxys|Pressure\n|turn|22\n|inactive|Time left: 300 sec this turn | 300 sec total\n|\n|t:|1783545613\n|move|p2a: Deoxys|Nasty Plot|p2a: Deoxys\n|-boost|p2a: Deoxys|spa|2\n|move|p1a: Grafaiai|Gunk Shot|p2a: Deoxys\n|-damage|p2a: Deoxys|48/216\n|\n|upkeep\n|turn|23\n|inactive|Time left: 300 sec this turn | 300 sec total\n|\n|t:|1783545614\n|move|p2a: Deoxys|Psycho Boost|p1a: Grafaiai\n|-supereffective|p1a: Grafaiai\n|-damage|p1a: Grafaiai|0 fnt\n|-unboost|p2a: Deoxys|spa|2\n|faint|p1a: Grafaiai\n|-damage|p2a: Deoxys|27/216|[from] item: Life Orb\n|\n|upkeep\n|\n|t:|1783545615\n|switch|p1a: Hoopa|Hoopa-Unbound, L80|47/100\n|turn|24\n|inactive|Time left: 300 sec this turn | 300 sec total\n|\n|t:|1783545616\n|move|p2a: Deoxys|Dark Pulse|p1a: Hoopa\n|-damage|p1a: Hoopa|26/100\n|-damage|p2a: Deoxys|6/216|[from] item: Life Orb\n|move|p1a: Hoopa|Hyperspace Fury|p2a: Deoxys\n|-supereffective|p2a: Deoxys\n|-damage|p2a: Deoxys|0 fnt\n|-unboost|p1a: Hoopa|def|1\n|faint|p2a: Deoxys\n|\n|win|p0x502b271", "uploadtime": 1783545616, "views": 0, "rating": 0, "private": 0, "password": null, "_winner": "p0x502b271", "_our_name": "p0y5029d70"}