{"id": "battle-gen9randombattle-2614", "formatid": "gen9randombattle", "format": "[Gen 9] Random Battle", "players": ["p0x26143583", "p0y2614a027"], "log": "|init|battle\n|title|p0x26143583 vs. p0y2614a027\n|j|\u2606p0x26143583\n|j|\u2606p0y2614a027\n|t:|1783570180\n|gametype|singles\n|player|p1|p0x26143583|101|\n|player|p2|p0y2614a027|1|\n|gen|9\n|tier|[Gen 9] Random Battle\n|rule|Species Clause: Limit one of each Pok\u00e9mon\n|rule|HP Percentage Mod: HP is shown in percentages\n|rule|Sleep Clause Mod: Limit one foe put to sleep\n|rule|Illusion Level Mod: Illusion disguises the Pok\u00e9mon's true level\n|\n|t:|1783570180\n|teamsize|p1|6\n|teamsize|p2|6\n|start\n|switch|p1a: Leavanny|Leavanny, L86, F|269/269\n|switch|p2a: Slowking|Slowking-Galar, L85, F|100/100\n|turn|1\n|inactive|Battle timer is ON: inactive players will automatically lose when time's up. (requested by p0x26143583)\n|inactive|p0y2614a027 also wants the timer to be on.\n|\n|t:|1783570181\n|move|p1a: Leavanny|Sticky Web|p2a: Slowking\n|-sidestart|p2: p0y2614a027|move: Sticky Web\n|move|p2a: Slowking|Sludge Bomb|p1a: Leavanny\n|-supereffective|p1a: Leavanny\n|-damage|p1a: Leavanny|53/269\n|-status|p1a: Leavanny|psn\n|\n|-damage|p1a: Leavanny|20/269 psn|[from] psn\n|upkeep\n|turn|2\n|inactive|Time left: 300 sec this turn | 300 sec total\n|\n|t:|1783570182\n|switch|p1a: Gumshoos|Gumshoos, L95, F|321/321\n|move|p2a: Slowking|Sludge Bomb|p1a: Gumshoos\n|-damage|p1a: Gumshoos|200/321\n|-status|p1a: Gumshoos|psn\n|\n|-damage|p1a: Gumshoos|160/321 psn|[from] psn\n|upkeep\n|turn|3\n|inactive|Time left: 300 sec this turn | 300 sec total\n|\n|t:|1783570183\n|-terastallize|p2a: Slowking|Water\n|move|p1a: Gumshoos|Knock Off|p2a: Slowking\n|-damage|p2a: Slowking|52/100\n|-enditem|p2a: Slowking|Assault Vest|[from] move: Knock Off|[of] p1a: Gumshoos\n|move|p2a: Slowking|Surf|p1a: Gumshoos\n|-damage|p1a: Gumshoos|24/321 psn\n|\n|-damage|p1a: Gumshoos|0 fnt|[from] psn\n|faint|p1a: Gumshoos\n|upkeep\n|inactive|Time left: 300 sec this turn | 300 sec total | 5 sec grace\n|\n|t:|1783570184\n|switch|p1a: Hydrapple|Hydrapple, L83, F|312/312\n|turn|4\n|inactive|Time left: 300 sec this turn | 300 sec total\n|\n|t:|1783570185\n|switch|p2a: Frosmoth|Frosmoth, L82, F|100/100\n|move|p1a: Hydrapple|Giga Drain|p2a: Frosmoth\n|-resisted|p2a: Frosmoth\n|-crit|p2a: Frosmoth\n|-damage|p2a: Frosmoth|82/100\n|-damage|p1a: Hydrapple|281/312|[from] item: Life Orb\n|\n|upkeep\n|turn|5\n|inactive|Time left: 300 sec this turn | 300 sec total\n|\n|t:|1783570186\n|switch|p1a: Heatran|Heatran, L79, F|273/273\n|-item|p1a: Heatran|Air Balloon\n|move|p2a: Frosmoth|Quiver Dance|p2a: Frosmoth\n|-boost|p2a: Frosmoth|spa|1\n|-boost|p2a: Frosmoth|spd|1\n|-boost|p2a: Frosmoth|spe|1\n|\n|upkeep\n|turn|6\n|inactive|Time left: 300 sec this turn | 300 sec total\n|\n|t:|1783570187\n|switch|p2a: Pelipper|Pelipper, L86, F|100/100\n|-weather|RainDance|[from] ability: Drizzle|[of] p2a: Pelipper\n|move|p1a: Heatran|Heavy Slam|p2a: Pelipper\n|-resisted|p2a: Pelipper\n|-damage|p2a: Pelipper|83/100\n|\n|-weather|RainDance|[upkeep]\n|upkeep\n|turn|7\n|inactive|Time left: 300 sec this turn | 300 sec total\n|\n|t:|1783570188\n|switch|p1a: Archaludon|Archaludon, L78, M|268/268\n|move|p2a: Pelipper|Surf|p1a: Archaludon\n|-resisted|p1a: Archaludon\n|-damage|p1a: Archaludon|163/268\n|-ability|p1a: Archaludon|Stamina|boost\n|-boost|p1a: Archaludon|def|1\n|\n|-weather|RainDance|[upkeep]\n|-heal|p1a: Archaludon|179/268|[from] item: Leftovers\n|upkeep\n|turn|8\n|inactive|Time left: 300 sec this turn | 300 sec total\n|\n|t:|1783570189\n|move|p1a: Archaludon|Flash Cannon|p2a: Pelipper\n|-resisted|p2a: Pelipper\n|-damage|p2a: Pelipper|61/100\n|move|p2a: Pelipper|Hurricane|p1a: Archaludon\n|-resisted|p1a: Archaludon\n|-damage|p1a: Archaludon|98/268\n|-ability|p1a: Archaludon|Stamina|boost\n|-boost|p1a: Archaludon|def|1\n|\n|-weather|RainDance|[upkeep]\n|-heal|p1a: Archaludon|114/268|[from] item: Leftovers\n|upkeep\n|turn|9\n|inactive|Time left: 300 sec this turn | 300 sec total\n|\n|t:|1783570191\n|switch|p2a: Slowking|Slowking-Galar, L85, F, tera:Water|85/100\n|-activate|p2a: Slowking|move: Sticky Web\n|-unboost|p2a: Slowking|spe|1\n|move|p1a: Archaludon|Draco Meteor|p2a: Slowking\n|-damage|p2a: Slowking|45/100\n|-unboost|p1a: Archaludon|spa|2\n|\n|-weather|RainDance|[upkeep]\n|-heal|p1a: Archaludon|130/268|[from] item: Leftovers\n|upkeep\n|turn|10\n|inactive|Time left: 300 sec this turn | 300 sec total\n|\n|t:|1783570192\n|switch|p2a: Pelipper|Pelipper, L86, F|61/100\n|move|p1a: Archaludon|Body Press|p2a: Pelipper\n|-resisted|p2a: Pelipper\n|-damage|p2a: Pelipper|38/100\n|\n|-weather|none\n|-heal|p1a: Archaludon|146/268|[from] item: Leftovers\n|upkeep\n|turn|11\n|inactive|Time left: 300 sec this turn | 300 sec total\n|\n|t:|1783570193\n|move|p1a: Archaludon|Thunder Wave|p2a: Pelipper\n|-status|p2a: Pelipper|par\n|move|p2a: Pelipper|Roost|p2a: Pelipper\n|-heal|p2a: Pelipper|88/100 par\n|-singleturn|p2a: Pelipper|move: Roost\n|\n|-heal|p1a: Archaludon|162/268|[from] item: Leftovers\n|upkeep\n|turn|12\n|inactive|Time left: 300 sec this turn | 300 sec total\n|\n|t:|1783570193\n|switch|p1a: Hydrapple|Hydrapple, L83, F|312/312\n|move|p2a: Pelipper|Hurricane|p1a: Hydrapple|[miss]\n|-miss|p2a: Pelipper|p1a: Hydrapple\n|\n|upkeep\n|turn|13\n|inactive|Time left: 300 sec this turn | 300 sec total\n|\n|t:|1783570194\n|switch|p2a: Frosmoth|Frosmoth, L82, F|82/100\n|move|p1a: Hydrapple|Fickle Beam|p2a: Frosmoth\n|-damage|p2a: Frosmoth|56/100\n|-damage|p1a: Hydrapple|281/312|[from] item: Life Orb\n|\n|upkeep\n|turn|14\n|inactive|Time left: 300 sec this turn | 300 sec total\n|\n|t:|1783570195\n|switch|p1a: Heatran|Heatran, L79, F|273/273\n|-item|p1a: Heatran|Air Balloon\n|move|p2a: Frosmoth|Ice Beam|p1a: Heatran\n|-resisted|p1a: Heatran\n|-damage|p1a: Heatran|249/273\n|-enditem|p1a: Heatran|Air Balloon\n|\n|upkeep\n|turn|15\n|inactive|Time left: 300 sec this turn | 300 sec total\n|\n|t:|1783570196\n|switch|p2a: Pelipper|Pelipper, L86, F|88/100 par\n|-weather|RainDance|[from] ability: Drizzle|[of] p2a: Pelipper\n|move|p1a: Heatran|Heavy Slam|p2a: Pelipper\n|-resisted|p2a: Pelipper\n|-damage|p2a: Pelipper|68/100 par\n|\n|-weather|RainDance|[upkeep]\n|upkeep\n|turn|16\n|inactive|Time left: 300 sec this turn | 300 sec total\n|\n|t:|1783570197\n|switch|p1a: Hydrapple|Hydrapple, L83, F|312/312\n|move|p2a: Pelipper|Surf|p1a: Hydrapple\n|-resisted|p1a: Hydrapple\n|-damage|p1a: Hydrapple|275/312\n|\n|-weather|RainDance|[upkeep]\n|upkeep\n|turn|17\n|inactive|Time left: 300 sec this turn | 300 sec total\n|\n|t:|1783570198\n|move|p1a: Hydrapple|Nasty Plot|p1a: Hydrapple\n|-boost|p1a: Hydrapple|spa|2\n|move|p2a: Pelipper|Hurricane|p1a: Hydrapple\n|-supereffective|p1a: Hydrapple\n|-damage|p1a: Hydrapple|23/312\n|\n|-weather|RainDance|[upkeep]\n|upkeep\n|turn|18\n|inactive|Time left: 300 sec this turn | 300 sec total\n|\n|t:|1783570199\n|switch|p2a: Frosmoth|Frosmoth, L82, F|56/100\n|move|p1a: Hydrapple|Giga Drain|p2a: Frosmoth\n|-resisted|p2a: Frosmoth\n|-damage|p2a: Frosmoth|31/100\n|-heal|p1a: Hydrapple|54/312|[from] drain|[of] p2a: Frosmoth\n|-damage|p1a: Hydrapple|23/312|[from] item: Life Orb\n|\n|-weather|RainDance|[upkeep]\n|upkeep\n|turn|19\n|inactive|Time left: 300 sec this turn | 300 sec total\n|\n|t:|1783570200\n|switch|p1a: Heatran|Heatran, L79, F|249/273\n|move|p2a: Frosmoth|Ice Beam|p1a: Heatran\n|-resisted|p1a: Heatran\n|-damage|p1a: Heatran|224/273\n|\n|-weather|none\n|upkeep\n|turn|20\n|inactive|Time left: 300 sec this turn | 300 sec total\n|\n|t:|1783570202\n|switch|p2a: Pelipper|Pelipper, L86, F|68/100 par\n|-weather|RainDance|[from] ability: Drizzle|[of] p2a: Pelipper\n|move|p1a: Heatran|Heavy Slam|p2a: Pelipper\n|-resisted|p2a: Pelipper\n|-damage|p2a: Pelipper|50/100 par\n|\n|-weather|RainDance|[upkeep]\n|upkeep\n|turn|21\n|inactive|Time left: 300 sec this turn | 300 sec total\n|\n|t:|1783570203\n|switch|p1a: Hydrapple|Hydrapple, L83, F|127/312\n|cant|p2a: Pelipper|par\n|\n|-weather|RainDance|[upkeep]\n|upkeep\n|turn|22\n|inactive|Time left: 300 sec this turn | 300 sec total\n|\n|t:|1783570204\n|switch|p2a: Frosmoth|Frosmoth, L82, F|31/100\n|move|p1a: Hydrapple|Giga Drain|p2a: Frosmoth\n|-resisted|p2a: Frosmoth\n|-damage|p2a: Frosmoth|19/100\n|-heal|p1a: Hydrapple|143/312|[from] drain|[of] p2a: Frosmoth\n|-damage|p1a: Hydrapple|112/312|[from] item: Life Orb\n|\n|-weather|RainDance|[upkeep]\n|upkeep\n|turn|23\n|inactive|Time left: 300 sec this turn | 300 sec total\n|\n|t:|1783570205\n|switch|p1a: Heatran|Heatran, L79, F|224/273\n|move|p2a: Frosmoth|Quiver Dance|p2a: Frosmoth\n|-boost|p2a: Frosmoth|spa|1\n|-boost|p2a: Frosmoth|spd|1\n|-boost|p2a: Frosmoth|spe|1\n|\n|-weather|RainDance|[upkeep]\n|upkeep\n|turn|24\n|inactive|Time left: 300 sec this turn | 300 sec total\n|\n|t:|1783570206\n|move|p2a: Frosmoth|Ice Beam|p1a: Heatran\n|-resisted|p1a: Heatran\n|-damage|p1a: Heatran|188/273\n|-status|p1a: Heatran|frz\n|-curestatus|p1a: Heatran|frz|[msg]\n|move|p1a: Heatran|Heavy Slam|p2a: Frosmoth\n|-supereffective|p2a: Frosmoth\n|-damage|p2a: Frosmoth|0 fnt\n|faint|p2a: Frosmoth\n|\n|-weather|none\n|upkeep\n|\n|t:|1783570207\n|switch|p2a: Kyurem|Kyurem, L77|100/100\n|-ability|p2a: Kyurem|Pressure\n|turn|25\n|inactive|Time left: 300 sec this turn | 300 sec total\n|\n|t:|1783570208\n|move|p2a: Kyurem|Earth Power|p1a: Heatran\n|-supereffective|p1a: Heatran\n|-damage|p1a: Heatran|0 fnt\n|faint|p1a: Heatran\n|\n|upkeep\n|inactive|Time left: 300 sec this turn | 300 sec total | 5 sec grace\n|\n|t:|1783570209\n|switch|p1a: Hydrapple|Hydrapple, L83, F|216/312\n|turn|26\n|inactive|Time left: 300 sec this turn | 300 sec total\n|\n|t:|1783570210\n|-terastallize|p1a: Hydrapple|Steel\n|move|p2a: Kyurem|Earth Power|p1a: Hydrapple\n|-supereffective|p1a: Hydrapple\n|-damage|p1a: Hydrapple|74/312\n|move|p1a: Hydrapple|Fickle Beam|p2a: Kyurem\n|-supereffective|p2a: Kyurem\n|-damage|p2a: Kyurem|12/100\n|-damage|p1a: Hydrapple|43/312|[from] item: Life Orb\n|\n|upkeep\n|turn|27\n|inactive|Time left: 300 sec this turn | 300 sec total\n|\n|t:|1783570211\n|switch|p1a: Leavanny|Leavanny, L86, F|20/269 psn\n|move|p2a: Kyurem|Ice Beam|p1a: Leavanny\n|-supereffective|p1a: Leavanny\n|-damage|p1a: Leavanny|0 fnt\n|faint|p1a: Leavanny\n|\n|upkeep\n|inactive|Time left: 300 sec this turn | 300 sec total | 5 sec grace\n|\n|t:|1783570212\n|switch|p1a: Delibird|Delibird, F|252/252\n|turn|28\n|inactive|Time left: 300 sec this turn | 300 sec total\n|\n|t:|1783570213\n|switch|p2a: Slowking|Slowking-Galar, L85, F, tera:Water|79/100\n|-activate|p2a: Slowking|move: Sticky Web\n|-unboost|p2a: Slowking|spe|1\n|move|p1a: Delibird|Freeze-Dry|p2a: Slowking\n|-supereffective|p2a: Slowking\n|-crit|p2a: Slowking\n|-damage|p2a: Slowking|18/100\n|-status|p2a: Slowking|frz\n|\n|upkeep\n|turn|29\n|inactive|Time left: 300 sec this turn | 300 sec total\n|\n|t:|1783570213\n|move|p1a: Delibird|Rapid Spin|p2a: Slowking\n|-damage|p2a: Slowking|7/100 frz\n|-boost|p1a: Delibird|spe|1\n|cant|p2a: Slowking|frz\n|\n|upkeep\n|turn|30\n|inactive|Time left: 300 sec this turn | 300 sec total\n|\n|t:|1783570214\n|move|p1a: Delibird|Rapid Spin|p2a: Slowking\n|-damage|p2a: Slowking|0 fnt\n|-boost|p1a: Delibird|spe|1\n|faint|p2a: Slowking\n|\n|upkeep\n|\n|t:|1783570215\n|switch|p2a: Seviper|Seviper, L93, M|100/100\n|-activate|p2a: Seviper|move: Sticky Web\n|-unboost|p2a: Seviper|spe|1\n|turn|31\n|inactive|Time left: 300 sec this turn | 300 sec total\n|\n|t:|1783570216\n|move|p1a: Delibird|Freeze-Dry|p2a: Seviper\n|-crit|p2a: Seviper\n|-damage|p2a: Seviper|49/100\n|move|p2a: Seviper|Flamethrower|p1a: Delibird\n|-supereffective|p1a: Delibird\n|-damage|p1a: Delibird|0 fnt\n|faint|p1a: Delibird\n|-damage|p2a: Seviper|40/100|[from] item: Life Orb\n|\n|upkeep\n|inactive|Time left: 300 sec this turn | 300 sec total | 5 sec grace\n|\n|t:|1783570218\n|switch|p1a: Hydrapple|Hydrapple, L83, F, tera:Steel|147/312\n|turn|32\n|inactive|Time left: 300 sec this turn | 300 sec total\n|\n|t:|1783570218\n|move|p1a: Hydrapple|Fickle Beam|p2a: Seviper\n|-damage|p2a: Seviper|0 fnt\n|faint|p2a: Seviper\n|-damage|p1a: Hydrapple|116/312|[from] item: Life Orb\n|\n|upkeep\n|\n|t:|1783570219\n|switch|p2a: Kyurem|Kyurem, L77|12/100\n|-ability|p2a: Kyurem|Pressure\n|turn|33\n|inactive|Time left: 300 sec this turn | 300 sec total\n|\n|t:|1783570220\n|switch|p1a: Archaludon|Archaludon, L78, M|162/268\n|move|p2a: Kyurem|Earth Power|p1a: Archaludon\n|-supereffective|p1a: Archaludon\n|-damage|p1a: Archaludon|0 fnt\n|faint|p1a: Archaludon\n|\n|upkeep\n|inactive|Time left: 300 sec this turn | 300 sec total | 5 sec grace\n|\n|t:|1783570221\n|switch|p1a: Hydrapple|Hydrapple, L83, F, tera:Steel|220/312\n|turn|34\n|inactive|Time left: 300 sec this turn | 300 sec total\n|\n|t:|1783570222\n|move|p2a: Kyurem|Earth Power|p1a: Hydrapple\n|-supereffective|p1a: Hydrapple\n|-damage|p1a: Hydrapple|82/312\n|move|p1a: Hydrapple|Giga Drain|p2a: Kyurem\n|-resisted|p2a: Kyurem\n|-crit|p2a: Kyurem\n|-damage|p2a: Kyurem|0 fnt\n|-heal|p1a: Hydrapple|100/312|[from] drain|[of] p2a: Kyurem\n|faint|p2a: Kyurem\n|-damage|p1a: Hydrapple|69/312|[from] item: Life Orb\n|\n|upkeep\n|\n|t:|1783570223\n|switch|p2a: Dipplin|Dipplin, L88, F|100/100\n|-activate|p2a: Dipplin|move: Sticky Web\n|-unboost|p2a: Dipplin|spe|1\n|turn|35\n|inactive|Time left: 300 sec this turn | 300 sec total\n|\n|t:|1783570223\n|move|p1a: Hydrapple|Nasty Plot|p1a: Hydrapple\n|-boost|p1a: Hydrapple|spa|2\n|move|p2a: Dipplin|Dragon Pulse|p1a: Hydrapple\n|-resisted|p1a: Hydrapple\n|-damage|p1a: Hydrapple|20/312\n|\n|upkeep\n|turn|36\n|inactive|Time left: 300 sec this turn | 300 sec total\n|\n|t:|1783570224\n|move|p1a: Hydrapple|Giga Drain|p2a: Dipplin\n|-resisted|p2a: Dipplin\n|-damage|p2a: Dipplin|87/100\n|-heal|p1a: Hydrapple|40/312|[from] drain|[of] p2a: Dipplin\n|-damage|p1a: Hydrapple|9/312|[from] item: Life Orb\n|move|p2a: Dipplin|Giga Drain|p1a: Hydrapple\n|-resisted|p1a: Hydrapple\n|-damage|p1a: Hydrapple|0 fnt\n|-heal|p2a: Dipplin|89/100|[from] drain|[of] p1a: Hydrapple\n|faint|p1a: Hydrapple\n|\n|win|p0y2614a027", "uploadtime": 1783570224, "views": 0, "rating": 0, "private": 0, "password": null, "_winner": "p0y2614a027", "_our_name": "p0x26143583"}