{"id": "battle-gen9randombattle-2102", "formatid": "gen9randombattle", "format": "[Gen 9] Random Battle", "players": ["p0x210215f7", "p0y210296d0"], "log": "|init|battle\n|title|p0x210215f7 vs. p0y210296d0\n|j|\u2606p0x210215f7\n|j|\u2606p0y210296d0\n|t:|1783564346\n|gametype|singles\n|player|p1|p0x210215f7|170|\n|player|p2|p0y210296d0|1|\n|gen|9\n|tier|[Gen 9] Random Battle\n|rule|Species Clause: Limit one of each Pok\u00e9mon\n|rule|HP Percentage Mod: HP is shown in percentages\n|rule|Sleep Clause Mod: Limit one foe put to sleep\n|rule|Illusion Level Mod: Illusion disguises the Pok\u00e9mon's true level\n|\n|t:|1783564346\n|teamsize|p1|6\n|teamsize|p2|6\n|start\n|switch|p1a: Pelipper|Pelipper, L86, M|100/100\n|switch|p2a: Arboliva|Arboliva, L91, M|288/288\n|-weather|RainDance|[from] ability: Drizzle|[of] p1a: Pelipper\n|turn|1\n|inactive|Battle timer is ON: inactive players will automatically lose when time's up. (requested by p0y210296d0)\n|inactive|p0x210215f7 also wants the timer to be on.\n|\n|t:|1783564348\n|move|p1a: Pelipper|Hurricane|p2a: Arboliva\n|-supereffective|p2a: Arboliva\n|-damage|p2a: Arboliva|106/288\n|-start|p2a: Arboliva|confusion\n|-enditem|p2a: Arboliva|Sitrus Berry|[eat]\n|-heal|p2a: Arboliva|178/288|[from] item: Sitrus Berry\n|-activate|p2a: Arboliva|confusion\n|move|p2a: Arboliva|Hyper Voice|p1a: Pelipper\n|-damage|p1a: Pelipper|31/100\n|\n|-weather|RainDance|[upkeep]\n|upkeep\n|turn|2\n|inactive|Time left: 300 sec this turn | 300 sec total\n|\n|t:|1783564349\n|switch|p2a: Tornadus|Tornadus-Therian, L79, M|254/254\n|move|p1a: Pelipper|Hurricane|p2a: Tornadus\n|-damage|p2a: Tornadus|178/254\n|\n|-weather|RainDance|[upkeep]\n|upkeep\n|turn|3\n|inactive|Time left: 300 sec this turn | 300 sec total\n|\n|t:|1783564350\n|move|p2a: Tornadus|Bleakwind Storm|p1a: Pelipper\n|-damage|p1a: Pelipper|0 fnt\n|faint|p1a: Pelipper\n|\n|-weather|RainDance|[upkeep]\n|upkeep\n|\n|t:|1783564351\n|switch|p1a: Drednaw|Drednaw, L81, M|100/100\n|turn|4\n|inactive|Time left: 300 sec this turn | 300 sec total\n|\n|t:|1783564352\n|move|p2a: Tornadus|U-turn|p1a: Drednaw\n|-damage|p1a: Drednaw|83/100\n|inactive|Time left: 300 sec this turn | 300 sec total | 5 sec grace\n|\n|t:|1783564354\n|switch|p2a: Kingdra|Kingdra, L84, F|263/263|[from] U-turn\n|move|p1a: Drednaw|Shell Smash|p1a: Drednaw\n|-unboost|p1a: Drednaw|def|1\n|-unboost|p1a: Drednaw|spd|1\n|-boost|p1a: Drednaw|atk|2\n|-boost|p1a: Drednaw|spa|2\n|-boost|p1a: Drednaw|spe|2\n|-enditem|p1a: Drednaw|White Herb\n|-clearnegativeboost|p1a: Drednaw|[silent]\n|\n|-weather|RainDance|[upkeep]\n|upkeep\n|turn|5\n|inactive|Time left: 300 sec this turn | 300 sec total\n|\n|t:|1783564355\n|-terastallize|p2a: Kingdra|Water\n|move|p1a: Drednaw|Stone Edge|p2a: Kingdra\n|-damage|p2a: Kingdra|64/263\n|move|p2a: Kingdra|Wave Crash|p1a: Drednaw\n|-damage|p1a: Drednaw|0 fnt\n|faint|p1a: Drednaw\n|-damage|p2a: Kingdra|0 fnt|[from] Recoil\n|faint|p2a: Kingdra\n|\n|-weather|none\n|upkeep\n|inactive|Time left: 300 sec this turn | 300 sec total | 5 sec grace\n|\n|t:|1783564356\n|switch|p2a: Kyurem|Kyurem-Black, L71|295/295\n|switch|p1a: Avalugg|Avalugg, L88, F|100/100\n|-ability|p2a: Kyurem|Teravolt\n|turn|6\n|inactive|Time left: 300 sec this turn | 300 sec total\n|\n|t:|1783564357\n|switch|p2a: Mesprit|Mesprit, L85|275/275\n|move|p1a: Avalugg|Body Press|p2a: Mesprit\n|-resisted|p2a: Mesprit\n|-damage|p2a: Mesprit|231/275\n|\n|upkeep\n|turn|7\n|inactive|Time left: 300 sec this turn | 300 sec total\n|\n|t:|1783564358\n|move|p2a: Mesprit|Psychic Noise|p1a: Avalugg\n|-damage|p1a: Avalugg|61/100\n|-start|p1a: Avalugg|move: Heal Block\n|move|p1a: Avalugg|Avalanche|p2a: Mesprit\n|-damage|p2a: Mesprit|84/275\n|\n|upkeep\n|turn|8\n|inactive|Time left: 300 sec this turn | 300 sec total\n|\n|t:|1783564360\n|move|p2a: Mesprit|Psychic Noise|p1a: Avalugg\n|-damage|p1a: Avalugg|23/100\n|move|p1a: Avalugg|Avalanche|p2a: Mesprit\n|-damage|p2a: Mesprit|0 fnt\n|faint|p2a: Mesprit\n|\n|-end|p1a: Avalugg|move: Heal Block\n|upkeep\n|inactive|Time left: 300 sec this turn | 300 sec total | 5 sec grace\n|\n|t:|1783564361\n|switch|p2a: Oricorio|Oricorio-Sensu, L85, F|266/266\n|turn|9\n|inactive|Time left: 300 sec this turn | 300 sec total\n|\n|t:|1783564362\n|switch|p1a: Zangoose|Zangoose, L85, F|100/100\n|move|p2a: Oricorio|Revelation Dance|p1a: Zangoose\n|-immune|p1a: Zangoose\n|\n|-status|p1a: Zangoose|tox|[from] item: Toxic Orb\n|upkeep\n|turn|10\n|inactive|Time left: 300 sec this turn | 300 sec total\n|\n|t:|1783564363\n|move|p2a: Oricorio|Hurricane|p1a: Zangoose\n|-damage|p1a: Zangoose|44/100 tox\n|move|p1a: Zangoose|Knock Off|p2a: Oricorio\n|-supereffective|p2a: Oricorio\n|-damage|p2a: Oricorio|0 fnt\n|-enditem|p2a: Oricorio|Heavy-Duty Boots|[from] move: Knock Off|[of] p1a: Zangoose\n|faint|p2a: Oricorio\n|\n|-damage|p1a: Zangoose|38/100 tox|[from] psn\n|upkeep\n|inactive|Time left: 300 sec this turn | 300 sec total | 5 sec grace\n|\n|t:|1783564364\n|switch|p2a: Tornadus|Tornadus-Therian, L79, M|254/254\n|turn|11\n|inactive|Time left: 300 sec this turn | 300 sec total\n|\n|t:|1783564365\n|move|p2a: Tornadus|Bleakwind Storm|p1a: Zangoose|[miss]\n|-miss|p2a: Tornadus|p1a: Zangoose\n|move|p1a: Zangoose|Facade|p2a: Tornadus\n|-damage|p2a: Tornadus|0 fnt\n|faint|p2a: Tornadus\n|\n|-damage|p1a: Zangoose|26/100 tox|[from] psn\n|upkeep\n|inactive|Time left: 300 sec this turn | 300 sec total | 5 sec grace\n|\n|t:|1783564365\n|switch|p2a: Arboliva|Arboliva, L91, M|178/288\n|turn|12\n|inactive|Time left: 300 sec this turn | 300 sec total\n|\n|t:|1783564366\n|move|p2a: Arboliva|Protect|p2a: Arboliva\n|-singleturn|p2a: Arboliva|Protect\n|move|p1a: Zangoose|Close Combat|p2a: Arboliva\n|-activate|p2a: Arboliva|move: Protect\n|\n|-damage|p1a: Zangoose|8/100 tox|[from] psn\n|upkeep\n|turn|13\n|inactive|Time left: 300 sec this turn | 300 sec total\n|\n|t:|1783564367\n|move|p2a: Arboliva|Protect||[still]\n|-fail|p2a: Arboliva\n|move|p1a: Zangoose|Close Combat|p2a: Arboliva\n|-supereffective|p2a: Arboliva\n|-damage|p2a: Arboliva|0 fnt\n|-unboost|p1a: Zangoose|def|1\n|-unboost|p1a: Zangoose|spd|1\n|faint|p2a: Arboliva\n|\n|-damage|p1a: Zangoose|0 fnt|[from] psn\n|faint|p1a: Zangoose\n|upkeep\n|inactive|Time left: 300 sec this turn | 300 sec total | 5 sec grace\n|\n|t:|1783564368\n|switch|p1a: Avalugg|Avalugg, L88, F|23/100\n|switch|p2a: Kyurem|Kyurem-Black, L71|295/295\n|-ability|p2a: Kyurem|Teravolt\n|turn|14\n|inactive|Time left: 300 sec this turn | 300 sec total\n|\n|t:|1783564369\n|-terastallize|p1a: Avalugg|Fighting\n|move|p2a: Kyurem|Scale Shot|p1a: Avalugg\n|-damage|p1a: Avalugg|18/100\n|-damage|p1a: Avalugg|12/100\n|-damage|p1a: Avalugg|7/100\n|-damage|p1a: Avalugg|1/100\n|-damage|p1a: Avalugg|0 fnt\n|faint|p1a: Avalugg\n|-hitcount|p1: Avalugg|5\n|-unboost|p2a: Kyurem|def|1\n|-boost|p2a: Kyurem|spe|1\n|\n|upkeep\n|\n|t:|1783564369\n|switch|p1a: Camerupt|Camerupt, L91, F|100/100\n|turn|15\n|inactive|Time left: 300 sec this turn | 300 sec total\n|\n|t:|1783564370\n|move|p2a: Kyurem|Icicle Spear|p1a: Camerupt\n|-damage|p1a: Camerupt|87/100\n|-damage|p1a: Camerupt|76/100\n|-damage|p1a: Camerupt|63/100\n|-damage|p1a: Camerupt|51/100\n|-damage|p1a: Camerupt|39/100\n|-hitcount|p1a: Camerupt|5\n|move|p1a: Camerupt|Earthquake|p2a: Kyurem\n|-damage|p2a: Kyurem|102/295\n|\n|-heal|p1a: Camerupt|46/100|[from] item: Leftovers\n|upkeep\n|turn|16\n|inactive|Time left: 300 sec this turn | 300 sec total\n|\n|t:|1783564371\n|switch|p1a: Jumpluff|Jumpluff, L87, F|100/100\n|move|p2a: Kyurem|Icicle Spear|p1a: Jumpluff\n|-supereffective|p1a: Jumpluff\n|-damage|p1a: Jumpluff|52/100\n|-supereffective|p1a: Jumpluff\n|-damage|p1a: Jumpluff|3/100\n|-supereffective|p1a: Jumpluff\n|-damage|p1a: Jumpluff|0 fnt\n|faint|p1a: Jumpluff\n|-hitcount|p1: Jumpluff|3\n|\n|upkeep\n|\n|t:|1783564372\n|switch|p1a: Camerupt|Camerupt, L91, F|46/100\n|turn|17\n|inactive|Time left: 300 sec this turn | 300 sec total\n|\n|t:|1783564373\n|move|p2a: Kyurem|Icicle Spear|p1a: Camerupt\n|-damage|p1a: Camerupt|34/100\n|-damage|p1a: Camerupt|22/100\n|-damage|p1a: Camerupt|11/100\n|-damage|p1a: Camerupt|0 fnt\n|faint|p1a: Camerupt\n|-hitcount|p1: Camerupt|4\n|\n|win|p0y210296d0", "uploadtime": 1783564373, "views": 0, "rating": 0, "private": 0, "password": null, "_winner": "p0y210296d0", "_our_name": "p0y210296d0"}