{"id": "battle-gen9randombattle-1447", "formatid": "gen9randombattle", "format": "[Gen 9] Random Battle", "players": ["p0x144767ba", "p0y14476f20"], "log": "|init|battle\n|title|p0x144767ba vs. p0y14476f20\n|j|\u2606p0x144767ba\n|j|\u2606p0y14476f20\n|t:|1783556861\n|gametype|singles\n|player|p1|p0x144767ba|101|\n|player|p2|p0y14476f20|1|\n|gen|9\n|tier|[Gen 9] Random Battle\n|rule|Species Clause: Limit one of each Pok\u00e9mon\n|rule|HP Percentage Mod: HP is shown in percentages\n|rule|Sleep Clause Mod: Limit one foe put to sleep\n|rule|Illusion Level Mod: Illusion disguises the Pok\u00e9mon's true level\n|\n|t:|1783556861\n|teamsize|p1|6\n|teamsize|p2|6\n|start\n|switch|p1a: Bombirdier|Bombirdier, L85, F|100/100\n|switch|p2a: Cramorant|Cramorant, L86, F|261/261\n|turn|1\n|inactive|Battle timer is ON: inactive players will automatically lose when time's up. (requested by p0y14476f20)\n|inactive|p0x144767ba also wants the timer to be on.\n|\n|t:|1783556863\n|move|p2a: Cramorant|Surf|p1a: Bombirdier\n|-formechange|p2a: Cramorant|Cramorant-Gulping|\n|-damage|p1a: Bombirdier|68/100\n|move|p1a: Bombirdier|Brave Bird|p2a: Cramorant\n|-crit|p2a: Cramorant\n|-damage|p2a: Cramorant|0 fnt\n|-damage|p1a: Bombirdier|43/100|[from] ability: Gulp Missile|[of] p2a: Cramorant\n|-unboost|p1a: Bombirdier|def|1\n|-formechange|p2a: Cramorant|Cramorant|\n|faint|p2a: Cramorant\n|-damage|p1a: Bombirdier|9/100|[from] Recoil\n|\n|upkeep\n|inactive|Time left: 300 sec this turn | 300 sec total | 65 sec grace\n|\n|t:|1783556864\n|switch|p2a: Drifblim|Drifblim, L86, F|396/396\n|turn|2\n|inactive|Time left: 300 sec this turn | 300 sec total\n|\n|t:|1783556865\n|move|p1a: Bombirdier|Brave Bird|p2a: Drifblim\n|-damage|p2a: Drifblim|63/396\n|-enditem|p2a: Drifblim|Sitrus Berry|[eat]\n|-heal|p2a: Drifblim|162/396|[from] item: Sitrus Berry\n|-damage|p1a: Bombirdier|0 fnt|[from] Recoil\n|faint|p1a: Bombirdier\n|move|p2a: Drifblim|Strength Sap|p1: Bombirdier|[notarget]\n|-fail|p2a: Drifblim\n|\n|upkeep\n|\n|t:|1783556866\n|switch|p1a: Diancie|Diancie, L82|100/100\n|turn|3\n|inactive|Time left: 300 sec this turn | 300 sec total\n|\n|t:|1783556867\n|move|p2a: Drifblim|Strength Sap|p1a: Diancie\n|-fail|p1a: Diancie|unboost|[from] ability: Clear Body|[of] p1a: Diancie\n|-heal|p2a: Drifblim|373/396\n|move|p1a: Diancie|Diamond Storm|p2a: Drifblim\n|-supereffective|p2a: Drifblim\n|-damage|p2a: Drifblim|77/396\n|\n|upkeep\n|turn|4\n|inactive|Time left: 300 sec this turn | 300 sec total\n|\n|t:|1783556867\n|move|p2a: Drifblim|Air Slash|p1a: Diancie\n|-resisted|p1a: Diancie\n|-damage|p1a: Diancie|92/100\n|move|p1a: Diancie|Diamond Storm|p2a: Drifblim\n|-supereffective|p2a: Drifblim\n|-damage|p2a: Drifblim|0 fnt\n|-boost|p1a: Diancie|def|2\n|faint|p2a: Drifblim\n|\n|upkeep\n|inactive|Time left: 300 sec this turn | 300 sec total | 5 sec grace\n|\n|t:|1783556868\n|switch|p2a: Dachsbun|Dachsbun, L92, F|254/254\n|turn|5\n|inactive|Time left: 300 sec this turn | 300 sec total\n|\n|t:|1783556869\n|move|p2a: Dachsbun|Play Rough|p1a: Diancie\n|-damage|p1a: Diancie|77/100\n|move|p1a: Diancie|Moonblast|p2a: Dachsbun\n|-damage|p2a: Dachsbun|158/254\n|\n|-heal|p2a: Dachsbun|173/254|[from] item: Leftovers\n|upkeep\n|turn|6\n|inactive|Time left: 300 sec this turn | 300 sec total\n|\n|t:|1783556870\n|move|p2a: Dachsbun|Yawn|p1a: Diancie\n|-start|p1a: Diancie|move: Yawn|[of] p2a: Dachsbun\n|move|p1a: Diancie|Moonblast|p2a: Dachsbun\n|-damage|p2a: Dachsbun|68/254\n|\n|-heal|p2a: Dachsbun|83/254|[from] item: Leftovers\n|upkeep\n|turn|7\n|inactive|Time left: 300 sec this turn | 300 sec total\n|\n|t:|1783556871\n|move|p2a: Dachsbun|Protect|p2a: Dachsbun\n|-singleturn|p2a: Dachsbun|Protect\n|move|p1a: Diancie|Moonblast|p2a: Dachsbun\n|-activate|p2a: Dachsbun|move: Protect\n|\n|-heal|p2a: Dachsbun|98/254|[from] item: Leftovers\n|-end|p1a: Diancie|move: Yawn|[silent]\n|-status|p1a: Diancie|slp\n|upkeep\n|turn|8\n|inactive|Time left: 300 sec this turn | 300 sec total\n|\n|t:|1783556872\n|move|p2a: Dachsbun|Wish|p2a: Dachsbun\n|cant|p1a: Diancie|slp\n|\n|-heal|p2a: Dachsbun|113/254|[from] item: Leftovers\n|upkeep\n|turn|9\n|inactive|Time left: 300 sec this turn | 300 sec total\n|\n|t:|1783556873\n|move|p2a: Dachsbun|Play Rough|p1a: Diancie\n|-damage|p1a: Diancie|62/100 slp\n|cant|p1a: Diancie|slp\n|\n|-heal|p2a: Dachsbun|240/254|[from] move: Wish|[wisher] Dachsbun\n|-heal|p2a: Dachsbun|254/254|[from] item: Leftovers\n|upkeep\n|turn|10\n|inactive|Time left: 300 sec this turn | 300 sec total\n|\n|t:|1783556874\n|move|p2a: Dachsbun|Wish|p2a: Dachsbun\n|-curestatus|p1a: Diancie|slp|[msg]\n|move|p1a: Diancie|Body Press|p2a: Dachsbun\n|-resisted|p2a: Dachsbun\n|-damage|p2a: Dachsbun|194/254\n|\n|-heal|p2a: Dachsbun|209/254|[from] item: Leftovers\n|upkeep\n|turn|11\n|inactive|Time left: 300 sec this turn | 300 sec total\n|\n|t:|1783556875\n|move|p2a: Dachsbun|Yawn|p1a: Diancie\n|-start|p1a: Diancie|move: Yawn|[of] p2a: Dachsbun\n|move|p1a: Diancie|Earth Power|p2a: Dachsbun\n|-damage|p2a: Dachsbun|147/254\n|\n|-heal|p2a: Dachsbun|254/254|[from] move: Wish|[wisher] Dachsbun\n|upkeep\n|turn|12\n|inactive|Time left: 300 sec this turn | 300 sec total\n|\n|t:|1783556877\n|switch|p1a: Stantler|Stantler, L92, M|100/100\n|-ability|p1a: Stantler|Intimidate|boost\n|-unboost|p2a: Dachsbun|atk|1\n|move|p2a: Dachsbun|Play Rough|p1a: Stantler\n|-damage|p1a: Stantler|81/100\n|-unboost|p1a: Stantler|atk|1\n|\n|upkeep\n|turn|13\n|inactive|Time left: 300 sec this turn | 300 sec total\n|\n|t:|1783556878\n|switch|p1a: Glimmora|Glimmora, L75, F|100/100\n|-item|p1a: Glimmora|Air Balloon\n|move|p2a: Dachsbun|Play Rough|p1a: Glimmora\n|-resisted|p1a: Glimmora\n|-damage|p1a: Glimmora|87/100\n|-activate|p1a: Glimmora|ability: Toxic Debris\n|-sidestart|p2: p0y14476f20|move: Toxic Spikes\n|-enditem|p1a: Glimmora|Air Balloon\n|\n|upkeep\n|turn|14\n|inactive|Time left: 300 sec this turn | 300 sec total\n|\n|t:|1783556879\n|move|p2a: Dachsbun|Yawn|p1a: Glimmora\n|-start|p1a: Glimmora|move: Yawn|[of] p2a: Dachsbun\n|move|p1a: Glimmora|Spikes|p2a: Dachsbun\n|-sidestart|p2: p0y14476f20|Spikes\n|\n|upkeep\n|turn|15\n|inactive|Time left: 300 sec this turn | 300 sec total\n|\n|t:|1783556880\n|switch|p1a: Stantler|Stantler, L92, M|81/100\n|-ability|p1a: Stantler|Intimidate|boost\n|-unboost|p2a: Dachsbun|atk|1\n|move|p2a: Dachsbun|Yawn|p1a: Stantler\n|-start|p1a: Stantler|move: Yawn|[of] p2a: Dachsbun\n|\n|upkeep\n|turn|16\n|inactive|Time left: 300 sec this turn | 300 sec total\n|\n|t:|1783556881\n|switch|p1a: Armarouge|Armarouge, L80, M|100/100\n|move|p2a: Dachsbun|Yawn|p1a: Armarouge\n|-start|p1a: Armarouge|move: Yawn|[of] p2a: Dachsbun\n|\n|upkeep\n|turn|17\n|inactive|Time left: 300 sec this turn | 300 sec total\n|\n|t:|1783556881\n|move|p2a: Dachsbun|Wish|p2a: Dachsbun\n|move|p1a: Armarouge|Meteor Beam||[still]\n|-prepare|p1a: Armarouge|Meteor Beam\n|-boost|p1a: Armarouge|spa|1\n|-enditem|p1a: Armarouge|Power Herb\n|-anim|p1a: Armarouge|Meteor Beam|p2a: Dachsbun\n|-damage|p2a: Dachsbun|119/254\n|\n|-heal|p2a: Dachsbun|134/254|[from] item: Leftovers\n|-end|p1a: Armarouge|move: Yawn|[silent]\n|-status|p1a: Armarouge|slp\n|upkeep\n|turn|18\n|inactive|Time left: 300 sec this turn | 300 sec total\n|\n|t:|1783556882\n|switch|p2a: Camerupt|Camerupt, L91, M|275/275\n|-status|p2a: Camerupt|psn\n|-damage|p2a: Camerupt|241/275 psn|[from] Spikes\n|cant|p1a: Armarouge|slp\n|\n|-heal|p2a: Camerupt|275/275 psn|[from] move: Wish|[wisher] Dachsbun\n|-damage|p2a: Camerupt|241/275 psn|[from] psn\n|upkeep\n|turn|19\n|inactive|Time left: 300 sec this turn | 300 sec total\n|\n|t:|1783556883\n|cant|p1a: Armarouge|slp\n|move|p2a: Camerupt|Earthquake|p1a: Armarouge\n|-supereffective|p1a: Armarouge\n|-damage|p1a: Armarouge|14/100 slp\n|-ability|p1a: Armarouge|Weak Armor|boost\n|-unboost|p1a: Armarouge|def|1\n|-boost|p1a: Armarouge|spe|2\n|\n|-heal|p2a: Camerupt|258/275 psn|[from] item: Leftovers\n|-damage|p2a: Camerupt|224/275 psn|[from] psn\n|upkeep\n|turn|20\n|inactive|Time left: 300 sec this turn | 300 sec total\n|\n|t:|1783556884\n|cant|p1a: Armarouge|slp\n|move|p2a: Camerupt|Earthquake|p1a: Armarouge\n|-supereffective|p1a: Armarouge\n|-damage|p1a: Armarouge|0 fnt\n|faint|p1a: Armarouge\n|\n|-heal|p2a: Camerupt|241/275 psn|[from] item: Leftovers\n|-damage|p2a: Camerupt|207/275 psn|[from] psn\n|upkeep\n|\n|t:|1783556885\n|switch|p1a: Stantler|Stantler, L92, M|81/100\n|-ability|p1a: Stantler|Intimidate|boost\n|-unboost|p2a: Camerupt|atk|1\n|turn|21\n|inactive|Time left: 300 sec this turn | 300 sec total\n|\n|t:|1783556886\n|move|p1a: Stantler|Earthquake|p2a: Camerupt\n|-supereffective|p2a: Camerupt\n|-damage|p2a: Camerupt|63/275 psn\n|move|p2a: Camerupt|Earthquake|p1a: Stantler\n|-damage|p1a: Stantler|58/100\n|\n|-heal|p2a: Camerupt|80/275 psn|[from] item: Leftovers\n|-damage|p2a: Camerupt|46/275 psn|[from] psn\n|upkeep\n|turn|22\n|inactive|Time left: 300 sec this turn | 300 sec total\n|\n|t:|1783556887\n|move|p1a: Stantler|Throat Chop|p2a: Camerupt\n|-damage|p2a: Camerupt|0 fnt\n|faint|p2a: Camerupt\n|\n|upkeep\n|inactive|Time left: 300 sec this turn | 300 sec total | 5 sec grace\n|\n|t:|1783556888\n|switch|p2a: Terapagos|Terapagos, L77, F|219/219\n|-status|p2a: Terapagos|psn\n|-damage|p2a: Terapagos|192/219 psn|[from] Spikes\n|turn|23\n|inactive|Time left: 300 sec this turn | 300 sec total\n|\n|t:|1783556889\n|move|p2a: Terapagos|Focus Blast|p1a: Stantler\n|-supereffective|p1a: Stantler\n|-damage|p1a: Stantler|0 fnt\n|faint|p1a: Stantler\n|-damage|p2a: Terapagos|171/219 psn|[from] item: Life Orb\n|\n|-damage|p2a: Terapagos|144/219 psn|[from] psn\n|upkeep\n|\n|t:|1783556890\n|switch|p1a: Diancie|Diancie, L82|62/100\n|turn|24\n|inactive|Time left: 300 sec this turn | 300 sec total\n|\n|t:|1783556891\n|move|p2a: Terapagos|Will-O-Wisp|p1a: Diancie\n|-status|p1a: Diancie|brn\n|move|p1a: Diancie|Diamond Storm|p2a: Terapagos\n|-damage|p2a: Terapagos|71/219 psn\n|-boost|p1a: Diancie|def|2\n|replace|p2a: Zoroark|Zoroark-Hisui, L80, M\n|-end|p2a: Zoroark|Illusion\n|-hint|Illusion Level Mod is active, so this Pok\u00e9mon's true level was hidden.\n|\n|-damage|p2a: Zoroark|44/219 psn|[from] psn\n|-damage|p1a: Diancie|56/100 brn|[from] brn\n|upkeep\n|turn|25\n|inactive|Time left: 300 sec this turn | 300 sec total\n|\n|t:|1783556892\n|move|p2a: Zoroark|Focus Blast|p1a: Diancie\n|-damage|p1a: Diancie|31/100 brn\n|-damage|p2a: Zoroark|23/219 psn|[from] item: Life Orb\n|move|p1a: Diancie|Diamond Storm|p2a: Zoroark\n|-damage|p2a: Zoroark|0 fnt\n|-boost|p1a: Diancie|def|2\n|faint|p2a: Zoroark\n|\n|-damage|p1a: Diancie|25/100 brn|[from] brn\n|upkeep\n|inactive|Time left: 300 sec this turn | 300 sec total | 5 sec grace\n|\n|t:|1783556893\n|switch|p2a: Dachsbun|Dachsbun, L92, F|134/254\n|-status|p2a: Dachsbun|psn\n|-damage|p2a: Dachsbun|103/254 psn|[from] Spikes\n|turn|26\n|inactive|Time left: 300 sec this turn | 300 sec total\n|\n|t:|1783556894\n|move|p2a: Dachsbun|Protect|p2a: Dachsbun\n|-singleturn|p2a: Dachsbun|Protect\n|move|p1a: Diancie|Moonblast|p2a: Dachsbun\n|-activate|p2a: Dachsbun|move: Protect\n|\n|-heal|p2a: Dachsbun|118/254 psn|[from] item: Leftovers\n|-damage|p2a: Dachsbun|87/254 psn|[from] psn\n|-damage|p1a: Diancie|19/100 brn|[from] brn\n|upkeep\n|turn|27\n|inactive|Time left: 300 sec this turn | 300 sec total\n|\n|t:|1783556895\n|move|p2a: Dachsbun|Play Rough|p1a: Diancie\n|-damage|p1a: Diancie|9/100 brn\n|move|p1a: Diancie|Earth Power|p2a: Dachsbun\n|-damage|p2a: Dachsbun|21/254 psn\n|\n|-heal|p2a: Dachsbun|36/254 psn|[from] item: Leftovers\n|-damage|p2a: Dachsbun|5/254 psn|[from] psn\n|-damage|p1a: Diancie|3/100 brn|[from] brn\n|upkeep\n|turn|28\n|inactive|Time left: 300 sec this turn | 300 sec total\n|\n|t:|1783556896\n|move|p2a: Dachsbun|Wish|p2a: Dachsbun\n|move|p1a: Diancie|Body Press|p2a: Dachsbun\n|-resisted|p2a: Dachsbun\n|-damage|p2a: Dachsbun|0 fnt\n|faint|p2a: Dachsbun\n|\n|-damage|p1a: Diancie|0 fnt|[from] brn\n|faint|p1a: Diancie\n|upkeep\n|inactive|Time left: 300 sec this turn | 300 sec total | 5 sec grace\n|\n|t:|1783556897\n|switch|p2a: Terapagos|Terapagos, L77, F|265/265\n|switch|p1a: Azelf|Azelf, L82|100/100\n|-activate|p2a: Terapagos|ability: Tera Shift\n|detailschange|p2a: Terapagos|Terapagos-Terastal, L77, F\n|-heal|p2a: Terapagos|273/273|[silent]\n|-status|p2a: Terapagos|psn\n|-damage|p2a: Terapagos|239/273 psn|[from] Spikes\n|turn|29\n|inactive|Time left: 300 sec this turn | 300 sec total\n|\n|t:|1783556898\n|-terastallize|p1a: Azelf|Dark\n|move|p1a: Azelf|Taunt|p2a: Terapagos\n|-start|p2a: Terapagos|move: Taunt\n|cant|p2a: Terapagos|move: Taunt|Calm Mind\n|\n|-heal|p2a: Terapagos|273/273 psn|[from] move: Wish|[wisher] Dachsbun\n|-damage|p2a: Terapagos|239/273 psn|[from] psn\n|upkeep\n|turn|30\n|inactive|Time left: 300 sec this turn | 300 sec total\n|\n|t:|1783556899\n|move|p1a: Azelf|Explosion|p2a: Terapagos\n|-damage|p2a: Terapagos|0 fnt\n|faint|p1a: Azelf\n|faint|p2a: Terapagos\n|\n|win|p0x144767ba", "uploadtime": 1783556899, "views": 0, "rating": 0, "private": 0, "password": null, "_winner": "p0x144767ba", "_our_name": "p0y14476f20"}