{"id": "battle-gen9randombattle-1046", "formatid": "gen9randombattle", "format": "[Gen 9] Random Battle", "players": ["p0x10465a7d", "p0y10466206"], "log": "|init|battle\n|title|p0x10465a7d vs. p0y10466206\n|j|\u2606p0x10465a7d\n|j|\u2606p0y10466206\n|t:|1783552028\n|gametype|singles\n|player|p1|p0x10465a7d|170|\n|player|p2|p0y10466206|169|\n|gen|9\n|tier|[Gen 9] Random Battle\n|rule|Species Clause: Limit one of each Pok\u00e9mon\n|rule|HP Percentage Mod: HP is shown in percentages\n|rule|Sleep Clause Mod: Limit one foe put to sleep\n|rule|Illusion Level Mod: Illusion disguises the Pok\u00e9mon's true level\n|\n|t:|1783552028\n|teamsize|p1|6\n|teamsize|p2|6\n|start\n|switch|p1a: Palkia|Palkia-Origin, L72|249/249\n|switch|p2a: Magnezone|Magnezone, L85|100/100\n|-ability|p1a: Palkia|Pressure\n|turn|1\n|inactive|Battle timer is ON: inactive players will automatically lose when time's up. (requested by p0x10465a7d)\n|inactive|p0y10466206 also wants the timer to be on.\n|\n|t:|1783552029\n|move|p1a: Palkia|Hydro Pump|p2a: Magnezone\n|-damage|p2a: Magnezone|45/100\n|move|p2a: Magnezone|Discharge|p1a: Palkia\n|-damage|p1a: Palkia|152/249\n|-status|p1a: Palkia|par\n|\n|-heal|p2a: Magnezone|51/100|[from] item: Leftovers\n|upkeep\n|turn|2\n|inactive|Time left: 300 sec this turn | 300 sec total\n|\n|t:|1783552030\n|move|p2a: Magnezone|Discharge|p1a: Palkia\n|-damage|p1a: Palkia|56/249 par\n|move|p1a: Palkia|Hydro Pump|p2a: Magnezone\n|-damage|p2a: Magnezone|0 fnt\n|faint|p2a: Magnezone\n|\n|upkeep\n|\n|t:|1783552031\n|switch|p2a: Kricketune|Kricketune, L99, F|100/100\n|turn|3\n|inactive|Time left: 300 sec this turn | 300 sec total\n|\n|t:|1783552032\n|move|p2a: Kricketune|Sticky Web|p1a: Palkia\n|-sidestart|p1: p0x10465a7d|move: Sticky Web\n|move|p1a: Palkia|Hydro Pump|p2a: Kricketune|[miss]\n|-miss|p1a: Palkia|p2a: Kricketune\n|\n|upkeep\n|turn|4\n|inactive|Time left: 300 sec this turn | 300 sec total\n|\n|t:|1783552033\n|move|p2a: Kricketune|Knock Off|p1a: Palkia\n|-damage|p1a: Palkia|0 fnt\n|faint|p1a: Palkia\n|\n|upkeep\n|inactive|Time left: 300 sec this turn | 300 sec total | 5 sec grace\n|\n|t:|1783552034\n|switch|p1a: Magcargo|Magcargo, L95, M|268/268\n|turn|5\n|inactive|Time left: 300 sec this turn | 300 sec total\n|\n|t:|1783552035\n|switch|p2a: Munkidori|Munkidori, L79, M|100/100\n|move|p1a: Magcargo|Lava Plume|p2a: Munkidori\n|-damage|p2a: Munkidori|58/100\n|\n|upkeep\n|turn|6\n|inactive|Time left: 300 sec this turn | 300 sec total\n|\n|t:|1783552036\n|move|p2a: Munkidori|Focus Blast|p1a: Magcargo|[miss]\n|-miss|p2a: Munkidori|p1a: Magcargo\n|move|p1a: Magcargo|Power Gem|p2a: Munkidori\n|-crit|p2a: Munkidori\n|-damage|p2a: Munkidori|0 fnt\n|faint|p2a: Munkidori\n|\n|upkeep\n|\n|t:|1783552037\n|switch|p2a: Iron Leaves|Iron Leaves, L80|100/100\n|turn|7\n|inactive|Time left: 300 sec this turn | 300 sec total\n|\n|t:|1783552038\n|move|p2a: Iron Leaves|Swords Dance|p2a: Iron Leaves\n|-boost|p2a: Iron Leaves|atk|2\n|move|p1a: Magcargo|Lava Plume|p2a: Iron Leaves\n|-supereffective|p2a: Iron Leaves\n|-damage|p2a: Iron Leaves|30/100\n|\n|upkeep\n|turn|8\n|inactive|Time left: 300 sec this turn | 300 sec total\n|\n|t:|1783552038\n|-terastallize|p2a: Iron Leaves|Fighting\n|-terastallize|p1a: Magcargo|Grass\n|move|p2a: Iron Leaves|Close Combat|p1a: Magcargo\n|-damage|p1a: Magcargo|25/268\n|-unboost|p2a: Iron Leaves|def|1\n|-unboost|p2a: Iron Leaves|spd|1\n|-damage|p2a: Iron Leaves|20/100|[from] item: Life Orb\n|move|p1a: Magcargo|Lava Plume|p2a: Iron Leaves\n|-damage|p2a: Iron Leaves|0 fnt\n|faint|p2a: Iron Leaves\n|-end|p2a: Iron Leaves|Quark Drive|[silent]\n|\n|upkeep\n|\n|t:|1783552039\n|switch|p2a: Kricketune|Kricketune, L99, F|100/100\n|turn|9\n|inactive|Time left: 300 sec this turn | 300 sec total\n|\n|t:|1783552040\n|move|p2a: Kricketune|Knock Off|p1a: Magcargo\n|-damage|p1a: Magcargo|0 fnt\n|-enditem|p1a: Magcargo|Heavy-Duty Boots|[from] move: Knock Off|[of] p2a: Kricketune\n|faint|p1a: Magcargo\n|\n|upkeep\n|inactive|Time left: 300 sec this turn | 300 sec total | 5 sec grace\n|\n|t:|1783552041\n|switch|p1a: Gurdurr|Gurdurr, L85, M|283/283\n|-activate|p1a: Gurdurr|move: Sticky Web\n|-unboost|p1a: Gurdurr|spe|1\n|turn|10\n|inactive|Time left: 300 sec this turn | 300 sec total\n|\n|t:|1783552043\n|move|p2a: Kricketune|Taunt|p1a: Gurdurr\n|-start|p1a: Gurdurr|move: Taunt\n|cant|p1a: Gurdurr|move: Taunt|Bulk Up\n|\n|upkeep\n|turn|11\n|inactive|Time left: 300 sec this turn | 300 sec total\n|\n|t:|1783552044\n|move|p2a: Kricketune|Pounce|p1a: Gurdurr\n|-resisted|p1a: Gurdurr\n|-damage|p1a: Gurdurr|247/283\n|-unboost|p1a: Gurdurr|spe|1\n|move|p1a: Gurdurr|Knock Off|p2a: Kricketune\n|-damage|p2a: Kricketune|71/100\n|-enditem|p2a: Kricketune|Heavy-Duty Boots|[from] move: Knock Off|[of] p1a: Gurdurr\n|\n|upkeep\n|turn|12\n|inactive|Time left: 300 sec this turn | 300 sec total\n|\n|t:|1783552045\n|move|p2a: Kricketune|Knock Off|p1a: Gurdurr\n|-resisted|p1a: Gurdurr\n|-damage|p1a: Gurdurr|218/283\n|-enditem|p1a: Gurdurr|Eviolite|[from] move: Knock Off|[of] p2a: Kricketune\n|move|p1a: Gurdurr|Drain Punch|p2a: Kricketune\n|-resisted|p2a: Kricketune\n|-damage|p2a: Kricketune|53/100\n|-heal|p1a: Gurdurr|246/283|[from] drain|[of] p2a: Kricketune\n|\n|-end|p1a: Gurdurr|move: Taunt\n|upkeep\n|turn|13\n|inactive|Time left: 300 sec this turn | 300 sec total\n|\n|t:|1783552046\n|move|p2a: Kricketune|Pounce|p1a: Gurdurr\n|-resisted|p1a: Gurdurr\n|-damage|p1a: Gurdurr|195/283\n|-unboost|p1a: Gurdurr|spe|1\n|move|p1a: Gurdurr|Drain Punch|p2a: Kricketune\n|-resisted|p2a: Kricketune\n|-damage|p2a: Kricketune|36/100\n|-heal|p1a: Gurdurr|222/283|[from] drain|[of] p2a: Kricketune\n|\n|upkeep\n|turn|14\n|inactive|Time left: 300 sec this turn | 300 sec total\n|\n|t:|1783552047\n|move|p2a: Kricketune|Pounce|p1a: Gurdurr\n|-resisted|p1a: Gurdurr\n|-damage|p1a: Gurdurr|171/283\n|-unboost|p1a: Gurdurr|spe|1\n|move|p1a: Gurdurr|Knock Off|p2a: Kricketune\n|-damage|p2a: Kricketune|17/100\n|\n|upkeep\n|turn|15\n|inactive|Time left: 300 sec this turn | 300 sec total\n|\n|t:|1783552048\n|move|p2a: Kricketune|Pounce|p1a: Gurdurr\n|-resisted|p1a: Gurdurr\n|-damage|p1a: Gurdurr|117/283\n|-unboost|p1a: Gurdurr|spe|1\n|move|p1a: Gurdurr|Drain Punch|p2a: Kricketune\n|-resisted|p2a: Kricketune\n|-damage|p2a: Kricketune|0 fnt\n|-heal|p1a: Gurdurr|142/283|[from] drain|[of] p2a: Kricketune\n|faint|p2a: Kricketune\n|\n|upkeep\n|\n|t:|1783552049\n|switch|p2a: Torkoal|Torkoal, L88, F|100/100\n|-weather|SunnyDay|[from] ability: Drought|[of] p2a: Torkoal\n|turn|16\n|inactive|Time left: 300 sec this turn | 300 sec total\n|\n|t:|1783552050\n|switch|p1a: Sinistcha|Sinistcha-Masterpiece, L83|254/254\n|-activate|p1a: Sinistcha|move: Sticky Web\n|-unboost|p1a: Sinistcha|spe|1\n|move|p2a: Torkoal|Lava Plume|p1a: Sinistcha\n|-supereffective|p1a: Sinistcha\n|-crit|p1a: Sinistcha\n|-damage|p1a: Sinistcha|30/254\n|\n|-weather|SunnyDay|[upkeep]\n|-heal|p1a: Sinistcha|45/254|[from] item: Leftovers\n|upkeep\n|turn|17\n|inactive|Time left: 300 sec this turn | 300 sec total\n|\n|t:|1783552051\n|move|p1a: Sinistcha|Strength Sap|p2a: Torkoal\n|-unboost|p2a: Torkoal|atk|1\n|-heal|p1a: Sinistcha|245/254\n|move|p2a: Torkoal|Lava Plume|p1a: Sinistcha\n|-supereffective|p1a: Sinistcha\n|-damage|p1a: Sinistcha|107/254\n|\n|-weather|SunnyDay|[upkeep]\n|-heal|p1a: Sinistcha|122/254|[from] item: Leftovers\n|upkeep\n|turn|18\n|inactive|Time left: 300 sec this turn | 300 sec total\n|\n|t:|1783552052\n|move|p1a: Sinistcha|Strength Sap|p2a: Torkoal\n|-unboost|p2a: Torkoal|atk|1\n|-heal|p1a: Sinistcha|254/254\n|move|p2a: Torkoal|Lava Plume|p1a: Sinistcha\n|-supereffective|p1a: Sinistcha\n|-damage|p1a: Sinistcha|110/254\n|\n|-weather|SunnyDay|[upkeep]\n|-heal|p1a: Sinistcha|125/254|[from] item: Leftovers\n|upkeep\n|turn|19\n|inactive|Time left: 300 sec this turn | 300 sec total\n|\n|t:|1783552054\n|move|p1a: Sinistcha|Strength Sap|p2a: Torkoal\n|-unboost|p2a: Torkoal|atk|1\n|-heal|p1a: Sinistcha|225/254\n|move|p2a: Torkoal|Lava Plume|p1a: Sinistcha\n|-supereffective|p1a: Sinistcha\n|-crit|p1a: Sinistcha\n|-damage|p1a: Sinistcha|19/254\n|\n|-weather|SunnyDay|[upkeep]\n|-heal|p1a: Sinistcha|34/254|[from] item: Leftovers\n|upkeep\n|turn|20\n|inactive|Time left: 300 sec this turn | 300 sec total\n|\n|t:|1783552055\n|move|p1a: Sinistcha|Matcha Gotcha|p2a: Torkoal\n|-resisted|p2a: Torkoal\n|-damage|p2a: Torkoal|79/100\n|-heal|p1a: Sinistcha|63/254|[from] drain|[of] p2a: Torkoal\n|move|p2a: Torkoal|Lava Plume|p1a: Sinistcha\n|-supereffective|p1a: Sinistcha\n|-damage|p1a: Sinistcha|0 fnt\n|faint|p1a: Sinistcha\n|\n|-weather|none\n|upkeep\n|inactive|Time left: 300 sec this turn | 300 sec total | 5 sec grace\n|\n|t:|1783552056\n|switch|p1a: Mew|Mew, L82|298/298\n|-activate|p1a: Mew|move: Sticky Web\n|-unboost|p1a: Mew|spe|1\n|turn|21\n|inactive|Time left: 300 sec this turn | 300 sec total\n|\n|t:|1783552057\n|move|p1a: Mew|Nasty Plot|p1a: Mew\n|-boost|p1a: Mew|spa|2\n|move|p2a: Torkoal|Lava Plume|p1a: Mew\n|-damage|p1a: Mew|213/298\n|-status|p1a: Mew|brn\n|-activate|p1a: Mew|ability: Synchronize\n|-immune|p2a: Torkoal\n|\n|-damage|p1a: Mew|195/298 brn|[from] brn\n|upkeep\n|turn|22\n|inactive|Time left: 300 sec this turn | 300 sec total\n|\n|t:|1783552058\n|switch|p2a: Ditto|Ditto, L87|100/100\n|-transform|p2a: Ditto|p1a: Mew|[from] ability: Imposter\n|move|p1a: Mew|Psychic|p2a: Ditto\n|-resisted|p2a: Ditto\n|-damage|p2a: Ditto|56/100\n|-damage|p1a: Mew|166/298 brn|[from] item: Life Orb\n|\n|-damage|p1a: Mew|148/298 brn|[from] brn\n|upkeep\n|turn|23\n|inactive|Time left: 300 sec this turn | 300 sec total\n|\n|t:|1783552059\n|move|p2a: Ditto|Nasty Plot|p2a: Ditto\n|-boost|p2a: Ditto|spa|2\n|move|p1a: Mew|Earth Power|p2a: Ditto\n|-damage|p2a: Ditto|0 fnt\n|faint|p2a: Ditto\n|-damage|p1a: Mew|119/298 brn|[from] item: Life Orb\n|\n|-damage|p1a: Mew|101/298 brn|[from] brn\n|upkeep\n|\n|t:|1783552060\n|switch|p2a: Torkoal|Torkoal, L88, F|79/100\n|-weather|SunnyDay|[from] ability: Drought|[of] p2a: Torkoal\n|turn|24\n|inactive|Time left: 300 sec this turn | 300 sec total\n|\n|t:|1783552061\n|move|p1a: Mew|Psychic|p2a: Torkoal\n|-damage|p2a: Torkoal|0 fnt\n|faint|p2a: Torkoal\n|-damage|p1a: Mew|72/298 brn|[from] item: Life Orb\n|\n|win|p0x10465a7d", "uploadtime": 1783552061, "views": 0, "rating": 0, "private": 0, "password": null, "_winner": "p0x10465a7d", "_our_name": "p0x10465a7d"}