{"id": "battle-gen9randombattle-294", "formatid": "gen9randombattle", "format": "[Gen 9] Random Battle", "players": ["p0x294b1d8", "p0y2941a68"], "log": "|init|battle\n|title|p0x294b1d8 vs. p0y2941a68\n|j|\u2606p0x294b1d8\n|j|\u2606p0y2941a68\n|t:|1783542454\n|gametype|singles\n|player|p1|p0x294b1d8|102|\n|player|p2|p0y2941a68|2|\n|gen|9\n|tier|[Gen 9] Random Battle\n|rule|Species Clause: Limit one of each Pok\u00e9mon\n|rule|HP Percentage Mod: HP is shown in percentages\n|rule|Sleep Clause Mod: Limit one foe put to sleep\n|rule|Illusion Level Mod: Illusion disguises the Pok\u00e9mon's true level\n|\n|t:|1783542454\n|teamsize|p1|6\n|teamsize|p2|6\n|start\n|switch|p1a: Vigoroth|Vigoroth, L85, F|100/100\n|switch|p2a: Ting-Lu|Ting-Lu, L78|370/370\n|-ability|p2a: Ting-Lu|Vessel of Ruin\n|turn|1\n|inactive|Battle timer is ON: inactive players will automatically lose when time's up. (requested by p0y2941a68)\n|inactive|p0x294b1d8 also wants the timer to be on.\n|\n|t:|1783542456\n|move|p1a: Vigoroth|Bulk Up|p1a: Vigoroth\n|-boost|p1a: Vigoroth|atk|1\n|-boost|p1a: Vigoroth|def|1\n|move|p2a: Ting-Lu|Stealth Rock|p1a: Vigoroth\n|-sidestart|p1: p0x294b1d8|move: Stealth Rock\n|\n|upkeep\n|turn|2\n|inactive|Time left: 300 sec this turn | 300 sec total\n|\n|t:|1783542457\n|move|p1a: Vigoroth|Bulk Up|p1a: Vigoroth\n|-boost|p1a: Vigoroth|atk|1\n|-boost|p1a: Vigoroth|def|1\n|move|p2a: Ting-Lu|Whirlwind|p1a: Vigoroth\n|drag|p1a: Mewtwo|Mewtwo, L72|100/100\n|-ability|p1a: Mewtwo|Unnerve\n|-damage|p1a: Mewtwo|88/100|[from] Stealth Rock\n|\n|upkeep\n|turn|3\n|inactive|Time left: 300 sec this turn | 300 sec total\n|\n|t:|1783542459\n|switch|p1a: Masquerain|Masquerain, L87, M|100/100\n|-ability|p1a: Masquerain|Intimidate|boost\n|-unboost|p2a: Ting-Lu|atk|1\n|move|p2a: Ting-Lu|Earthquake|p1a: Masquerain\n|-immune|p1a: Masquerain\n|\n|upkeep\n|turn|4\n|inactive|Time left: 300 sec this turn | 300 sec total\n|\n|t:|1783542460\n|switch|p2a: Corviknight|Corviknight, L80, F|288/288\n|-ability|p2a: Corviknight|Pressure\n|move|p1a: Masquerain|Sticky Web|p2a: Corviknight\n|-sidestart|p2: p0y2941a68|move: Sticky Web\n|\n|upkeep\n|turn|5\n|inactive|Time left: 300 sec this turn | 300 sec total\n|\n|t:|1783542461\n|move|p1a: Masquerain|Stun Spore|p2a: Corviknight|[miss]\n|-miss|p1a: Masquerain|p2a: Corviknight\n|move|p2a: Corviknight|Defog|p1a: Masquerain\n|-unboost|p1a: Masquerain|evasion|1\n|-sideend|p1: p0x294b1d8|Stealth Rock|[from] move: Defog|[of] p2a: Corviknight\n|-sideend|p2: p0y2941a68|Sticky Web|[from] move: Defog|[of] p2a: Corviknight\n|\n|upkeep\n|turn|6\n|inactive|Time left: 300 sec this turn | 300 sec total\n|\n|t:|1783542463\n|move|p1a: Masquerain|Sticky Web|p2a: Corviknight\n|-sidestart|p2: p0y2941a68|move: Sticky Web\n|move|p2a: Corviknight|Brave Bird|p1a: Masquerain\n|-supereffective|p1a: Masquerain\n|-damage|p1a: Masquerain|7/100\n|-damage|p2a: Corviknight|206/288|[from] Recoil\n|\n|upkeep\n|turn|7\n|inactive|Time left: 300 sec this turn | 300 sec total\n|\n|t:|1783542464\n|move|p1a: Masquerain|Stun Spore|p2a: Corviknight\n|-status|p2a: Corviknight|par\n|move|p2a: Corviknight|Defog|p1a: Masquerain\n|-unboost|p1a: Masquerain|evasion|1\n|-sideend|p2: p0y2941a68|Sticky Web|[from] move: Defog|[of] p2a: Corviknight\n|\n|upkeep\n|turn|8\n|inactive|Time left: 300 sec this turn | 300 sec total\n|\n|t:|1783542465\n|move|p1a: Masquerain|Sticky Web|p2a: Corviknight\n|-sidestart|p2: p0y2941a68|move: Sticky Web\n|move|p2a: Corviknight|Defog|p1a: Masquerain\n|-unboost|p1a: Masquerain|evasion|1\n|-sideend|p2: p0y2941a68|Sticky Web|[from] move: Defog|[of] p2a: Corviknight\n|\n|upkeep\n|turn|9\n|inactive|Time left: 300 sec this turn | 300 sec total\n|\n|t:|1783542466\n|move|p1a: Masquerain|Sticky Web|p2a: Corviknight\n|-sidestart|p2: p0y2941a68|move: Sticky Web\n|move|p2a: Corviknight|Defog|p1a: Masquerain\n|-unboost|p1a: Masquerain|evasion|1\n|-sideend|p2: p0y2941a68|Sticky Web|[from] move: Defog|[of] p2a: Corviknight\n|\n|upkeep\n|turn|10\n|inactive|Time left: 300 sec this turn | 300 sec total\n|\n|t:|1783542467\n|move|p1a: Masquerain|Sticky Web|p2a: Corviknight\n|-sidestart|p2: p0y2941a68|move: Sticky Web\n|cant|p2a: Corviknight|par\n|\n|upkeep\n|turn|11\n|inactive|Time left: 300 sec this turn | 300 sec total\n|\n|t:|1783542468\n|move|p1a: Masquerain|Hurricane|p2a: Corviknight\n|-resisted|p2a: Corviknight\n|-damage|p2a: Corviknight|143/288 par\n|move|p2a: Corviknight|Defog|p1a: Masquerain\n|-unboost|p1a: Masquerain|evasion|1\n|-sideend|p2: p0y2941a68|Sticky Web|[from] move: Defog|[of] p2a: Corviknight\n|\n|upkeep\n|turn|12\n|inactive|Time left: 300 sec this turn | 300 sec total\n|\n|t:|1783542469\n|move|p1a: Masquerain|Sticky Web|p2a: Corviknight\n|-sidestart|p2: p0y2941a68|move: Sticky Web\n|move|p2a: Corviknight|Roost|p2a: Corviknight\n|-heal|p2a: Corviknight|287/288 par\n|-singleturn|p2a: Corviknight|move: Roost\n|\n|upkeep\n|turn|13\n|inactive|Time left: 300 sec this turn | 300 sec total\n|\n|t:|1783542470\n|move|p1a: Masquerain|Hurricane|p2a: Corviknight\n|-resisted|p2a: Corviknight\n|-damage|p2a: Corviknight|222/288 par\n|move|p2a: Corviknight|Defog|p1a: Masquerain\n|-unboost|p1a: Masquerain|evasion|1\n|-sideend|p2: p0y2941a68|Sticky Web|[from] move: Defog|[of] p2a: Corviknight\n|\n|upkeep\n|turn|14\n|inactive|Time left: 300 sec this turn | 300 sec total\n|\n|t:|1783542472\n|move|p1a: Masquerain|Sticky Web|p2a: Corviknight\n|-sidestart|p2: p0y2941a68|move: Sticky Web\n|cant|p2a: Corviknight|par\n|\n|upkeep\n|turn|15\n|inactive|Time left: 300 sec this turn | 300 sec total\n|\n|t:|1783542473\n|move|p1a: Masquerain|Hurricane|p2a: Corviknight|[miss]\n|-miss|p1a: Masquerain|p2a: Corviknight\n|move|p2a: Corviknight|Defog|p1a: Masquerain\n|-unboost|p1a: Masquerain|evasion|0\n|-sideend|p2: p0y2941a68|Sticky Web|[from] move: Defog|[of] p2a: Corviknight\n|\n|upkeep\n|turn|16\n|inactive|Time left: 300 sec this turn | 300 sec total\n|\n|t:|1783542474\n|move|p1a: Masquerain|Sticky Web|p2a: Corviknight\n|-sidestart|p2: p0y2941a68|move: Sticky Web\n|move|p2a: Corviknight|Defog|p1a: Masquerain\n|-unboost|p1a: Masquerain|evasion|0\n|-sideend|p2: p0y2941a68|Sticky Web|[from] move: Defog|[of] p2a: Corviknight\n|\n|upkeep\n|turn|17\n|inactive|Time left: 300 sec this turn | 300 sec total\n|\n|t:|1783542475\n|move|p1a: Masquerain|Sticky Web|p2a: Corviknight\n|-sidestart|p2: p0y2941a68|move: Sticky Web\n|cant|p2a: Corviknight|par\n|\n|upkeep\n|turn|18\n|inactive|Time left: 300 sec this turn | 300 sec total\n|\n|t:|1783542476\n|move|p1a: Masquerain|Hurricane|p2a: Corviknight\n|-resisted|p2a: Corviknight\n|-damage|p2a: Corviknight|153/288 par\n|move|p2a: Corviknight|Defog|p1a: Masquerain\n|-unboost|p1a: Masquerain|evasion|0\n|-sideend|p2: p0y2941a68|Sticky Web|[from] move: Defog|[of] p2a: Corviknight\n|\n|upkeep\n|turn|19\n|inactive|Time left: 300 sec this turn | 300 sec total\n|\n|t:|1783542477\n|move|p1a: Masquerain|Sticky Web|p2a: Corviknight\n|-sidestart|p2: p0y2941a68|move: Sticky Web\n|cant|p2a: Corviknight|par\n|\n|upkeep\n|turn|20\n|inactive|Time left: 300 sec this turn | 300 sec total\n|\n|t:|1783542478\n|move|p1a: Masquerain|Hurricane|p2a: Corviknight\n|-resisted|p2a: Corviknight\n|-damage|p2a: Corviknight|82/288 par\n|move|p2a: Corviknight|Defog|p1a: Masquerain\n|-unboost|p1a: Masquerain|evasion|0\n|-sideend|p2: p0y2941a68|Sticky Web|[from] move: Defog|[of] p2a: Corviknight\n|\n|upkeep\n|turn|21\n|inactive|Time left: 300 sec this turn | 300 sec total\n|\n|t:|1783542479\n|move|p1a: Masquerain|Sticky Web|p2a: Corviknight\n|-sidestart|p2: p0y2941a68|move: Sticky Web\n|cant|p2a: Corviknight|par\n|\n|upkeep\n|turn|22\n|inactive|Time left: 300 sec this turn | 300 sec total\n|\n|t:|1783542480\n|move|p1a: Masquerain|Hurricane|p2a: Corviknight\n|-resisted|p2a: Corviknight\n|-damage|p2a: Corviknight|10/288 par\n|-start|p2a: Corviknight|confusion\n|-activate|p2a: Corviknight|confusion\n|move|p2a: Corviknight|Defog|p1a: Masquerain\n|-unboost|p1a: Masquerain|evasion|0\n|-sideend|p2: p0y2941a68|Sticky Web|[from] move: Defog|[of] p2a: Corviknight\n|\n|upkeep\n|turn|23\n|inactive|Time left: 300 sec this turn | 300 sec total\n|\n|t:|1783542481\n|move|p1a: Masquerain|Sticky Web|p2a: Corviknight\n|-sidestart|p2: p0y2941a68|move: Sticky Web\n|-activate|p2a: Corviknight|confusion\n|cant|p2a: Corviknight|par\n|\n|upkeep\n|turn|24\n|inactive|Time left: 300 sec this turn | 300 sec total\n|\n|t:|1783542482\n|move|p1a: Masquerain|Hurricane|p2a: Corviknight\n|-resisted|p2a: Corviknight\n|-damage|p2a: Corviknight|0 fnt\n|faint|p2a: Corviknight\n|\n|upkeep\n|inactive|Time left: 300 sec this turn | 300 sec total | 5 sec grace\n|\n|t:|1783542483\n|switch|p2a: Raichu|Raichu, L88, M|249/249\n|-activate|p2a: Raichu|move: Sticky Web\n|-unboost|p2a: Raichu|spe|1\n|turn|25\n|inactive|Time left: 300 sec this turn | 300 sec total\n|\n|t:|1783542484\n|move|p1a: Masquerain|Hurricane|p2a: Raichu|[miss]\n|-miss|p1a: Masquerain|p2a: Raichu\n|move|p2a: Raichu|Nasty Plot|p2a: Raichu\n|-boost|p2a: Raichu|spa|2\n|\n|upkeep\n|turn|26\n|inactive|Time left: 300 sec this turn | 300 sec total\n|\n|t:|1783542485\n|move|p1a: Masquerain|Hurricane|p2a: Raichu\n|-resisted|p2a: Raichu\n|-damage|p2a: Raichu|187/249\n|move|p2a: Raichu|Thunderbolt|p1a: Masquerain\n|-supereffective|p1a: Masquerain\n|-damage|p1a: Masquerain|0 fnt\n|faint|p1a: Masquerain\n|-damage|p2a: Raichu|163/249|[from] item: Life Orb\n|\n|upkeep\n|\n|t:|1783542487\n|switch|p1a: Crabominable|Crabominable, L90, F|100/100\n|turn|27\n|inactive|Time left: 300 sec this turn | 300 sec total\n|\n|t:|1783542489\n|move|p2a: Raichu|Focus Blast|p1a: Crabominable\n|-supereffective|p1a: Crabominable\n|-damage|p1a: Crabominable|0 fnt\n|faint|p1a: Crabominable\n|-damage|p2a: Raichu|139/249|[from] item: Life Orb\n|\n|upkeep\n|\n|t:|1783542490\n|switch|p1a: Mewtwo|Mewtwo, L72|88/100\n|-ability|p1a: Mewtwo|Unnerve\n|turn|28\n|inactive|Time left: 300 sec this turn | 300 sec total\n|\n|t:|1783542491\n|move|p1a: Mewtwo|Psystrike|p2a: Raichu\n|-damage|p2a: Raichu|0 fnt\n|faint|p2a: Raichu\n|-damage|p1a: Mewtwo|78/100|[from] item: Life Orb\n|\n|upkeep\n|inactive|Time left: 300 sec this turn | 300 sec total | 5 sec grace\n|\n|t:|1783542493\n|switch|p2a: Golduck|Golduck, L90, F|290/290\n|-activate|p2a: Golduck|move: Sticky Web\n|-unboost|p2a: Golduck|spe|1\n|-ability|p2a: Golduck|Cloud Nine\n|turn|29\n|inactive|Time left: 300 sec this turn | 300 sec total\n|\n|t:|1783542494\n|move|p1a: Mewtwo|Nasty Plot|p1a: Mewtwo\n|-boost|p1a: Mewtwo|spa|2\n|move|p2a: Golduck|Hydro Pump|p1a: Mewtwo\n|-damage|p1a: Mewtwo|0 fnt\n|faint|p1a: Mewtwo\n|\n|upkeep\n|\n|t:|1783542495\n|switch|p1a: Vigoroth|Vigoroth, L85, F|100/100\n|turn|30\n|inactive|Time left: 300 sec this turn | 300 sec total\n|\n|t:|1783542496\n|move|p1a: Vigoroth|Knock Off|p2a: Golduck\n|-damage|p2a: Golduck|227/290\n|-enditem|p2a: Golduck|Choice Specs|[from] move: Knock Off|[of] p1a: Vigoroth\n|move|p2a: Golduck|Hydro Pump|p1a: Vigoroth|[miss]\n|-miss|p2a: Golduck|p1a: Vigoroth\n|\n|upkeep\n|turn|31\n|inactive|Time left: 300 sec this turn | 300 sec total\n|\n|t:|1783542497\n|move|p1a: Vigoroth|Bulk Up|p1a: Vigoroth\n|-boost|p1a: Vigoroth|atk|1\n|-boost|p1a: Vigoroth|def|1\n|move|p2a: Golduck|Ice Beam|p1a: Vigoroth\n|-damage|p1a: Vigoroth|74/100\n|\n|upkeep\n|turn|32\n|inactive|Time left: 300 sec this turn | 300 sec total\n|\n|t:|1783542498\n|move|p1a: Vigoroth|Body Slam|p2a: Golduck\n|-damage|p2a: Golduck|103/290\n|move|p2a: Golduck|Hydro Pump|p1a: Vigoroth\n|-damage|p1a: Vigoroth|27/100\n|\n|upkeep\n|turn|33\n|inactive|Time left: 300 sec this turn | 300 sec total\n|\n|t:|1783542499\n|move|p1a: Vigoroth|Body Slam|p2a: Golduck\n|-damage|p2a: Golduck|0 fnt\n|faint|p2a: Golduck\n|\n|upkeep\n|inactive|Time left: 300 sec this turn | 300 sec total | 5 sec grace\n|\n|t:|1783542500\n|switch|p2a: Keldeo|Keldeo-Resolute, L79|273/273\n|-activate|p2a: Keldeo|move: Sticky Web\n|-unboost|p2a: Keldeo|spe|1\n|turn|34\n|inactive|Time left: 300 sec this turn | 300 sec total\n|\n|t:|1783542501\n|move|p1a: Vigoroth|Slack Off|p1a: Vigoroth\n|-heal|p1a: Vigoroth|77/100\n|move|p2a: Keldeo|Hydro Pump|p1a: Vigoroth\n|-damage|p1a: Vigoroth|22/100\n|-damage|p2a: Keldeo|246/273|[from] item: Life Orb\n|\n|upkeep\n|turn|35\n|inactive|Time left: 300 sec this turn | 300 sec total\n|\n|t:|1783542502\n|move|p1a: Vigoroth|Slack Off|p1a: Vigoroth\n|-heal|p1a: Vigoroth|72/100\n|move|p2a: Keldeo|Hydro Pump|p1a: Vigoroth\n|-damage|p1a: Vigoroth|16/100\n|-damage|p2a: Keldeo|219/273|[from] item: Life Orb\n|\n|upkeep\n|turn|36\n|inactive|Time left: 300 sec this turn | 300 sec total\n|\n|t:|1783542503\n|move|p1a: Vigoroth|Slack Off|p1a: Vigoroth\n|-heal|p1a: Vigoroth|66/100\n|move|p2a: Keldeo|Hydro Pump|p1a: Vigoroth\n|-damage|p1a: Vigoroth|13/100\n|-damage|p2a: Keldeo|192/273|[from] item: Life Orb\n|\n|upkeep\n|turn|37\n|inactive|Time left: 300 sec this turn | 300 sec total\n|\n|t:|1783542504\n|move|p1a: Vigoroth|Slack Off|p1a: Vigoroth\n|-heal|p1a: Vigoroth|63/100\n|move|p2a: Keldeo|Hydro Pump|p1a: Vigoroth|[miss]\n|-miss|p2a: Keldeo|p1a: Vigoroth\n|\n|upkeep\n|turn|38\n|inactive|Time left: 300 sec this turn | 300 sec total\n|\n|t:|1783542505\n|move|p1a: Vigoroth|Body Slam|p2a: Keldeo\n|-damage|p2a: Keldeo|66/273\n|move|p2a: Keldeo|Hydro Pump|p1a: Vigoroth\n|-damage|p1a: Vigoroth|9/100\n|-damage|p2a: Keldeo|39/273|[from] item: Life Orb\n|\n|upkeep\n|turn|39\n|inactive|Time left: 300 sec this turn | 300 sec total\n|\n|t:|1783542506\n|-terastallize|p1a: Vigoroth|Ghost\n|move|p2a: Keldeo|Vacuum Wave|p1a: Vigoroth\n|-immune|p1a: Vigoroth\n|move|p1a: Vigoroth|Slack Off|p1a: Vigoroth\n|-heal|p1a: Vigoroth|59/100\n|\n|upkeep\n|turn|40\n|inactive|Time left: 300 sec this turn | 300 sec total\n|\n|t:|1783542507\n|switch|p2a: Ting-Lu|Ting-Lu, L78|370/370\n|-activate|p2a: Ting-Lu|move: Sticky Web\n|-unboost|p2a: Ting-Lu|spe|1\n|-ability|p2a: Ting-Lu|Vessel of Ruin\n|move|p1a: Vigoroth|Slack Off|p1a: Vigoroth\n|-heal|p1a: Vigoroth|100/100\n|\n|upkeep\n|turn|41\n|inactive|Time left: 300 sec this turn | 300 sec total\n|\n|t:|1783542508\n|move|p1a: Vigoroth|Body Slam|p2a: Ting-Lu\n|-crit|p2a: Ting-Lu\n|-damage|p2a: Ting-Lu|232/370\n|move|p2a: Ting-Lu|Whirlwind|p1a: Vigoroth\n|drag|p1a: Jumpluff|Jumpluff, L87, M|100/100\n|\n|-heal|p2a: Ting-Lu|255/370|[from] item: Leftovers\n|upkeep\n|turn|42\n|inactive|Time left: 300 sec this turn | 300 sec total\n|\n|t:|1783542509\n|move|p1a: Jumpluff|Strength Sap|p2a: Ting-Lu\n|-unboost|p2a: Ting-Lu|atk|1\n|move|p2a: Ting-Lu|Stealth Rock|p1a: Jumpluff\n|-sidestart|p1: p0x294b1d8|move: Stealth Rock\n|\n|-heal|p2a: Ting-Lu|278/370|[from] item: Leftovers\n|upkeep\n|turn|43\n|inactive|Time left: 300 sec this turn | 300 sec total\n|\n|t:|1783542510\n|switch|p2a: Keldeo|Keldeo-Resolute, L79|39/273\n|-activate|p2a: Keldeo|move: Sticky Web\n|-unboost|p2a: Keldeo|spe|1\n|move|p1a: Jumpluff|Acrobatics|p2a: Keldeo\n|-supereffective|p2a: Keldeo\n|-crit|p2a: Keldeo\n|-damage|p2a: Keldeo|0 fnt\n|faint|p2a: Keldeo\n|\n|upkeep\n|inactive|Time left: 300 sec this turn | 300 sec total | 5 sec grace\n|\n|t:|1783542511\n|switch|p2a: Ting-Lu|Ting-Lu, L78|278/370\n|-activate|p2a: Ting-Lu|move: Sticky Web\n|-unboost|p2a: Ting-Lu|spe|1\n|-ability|p2a: Ting-Lu|Vessel of Ruin\n|turn|44\n|inactive|Time left: 300 sec this turn | 300 sec total\n|\n|t:|1783542512\n|move|p1a: Jumpluff|Strength Sap|p2a: Ting-Lu\n|-unboost|p2a: Ting-Lu|atk|1\n|move|p2a: Ting-Lu|Throat Chop|p1a: Jumpluff\n|-damage|p1a: Jumpluff|75/100\n|-start|p1a: Jumpluff|Throat Chop|[silent]\n|\n|-heal|p2a: Ting-Lu|301/370|[from] item: Leftovers\n|upkeep\n|turn|45\n|inactive|Time left: 300 sec this turn | 300 sec total\n|\n|t:|1783542513\n|move|p1a: Jumpluff|Strength Sap|p2a: Ting-Lu\n|-unboost|p2a: Ting-Lu|atk|1\n|-heal|p1a: Jumpluff|100/100\n|move|p2a: Ting-Lu|Throat Chop|p1a: Jumpluff\n|-damage|p1a: Jumpluff|82/100\n|\n|-heal|p2a: Ting-Lu|324/370|[from] item: Leftovers\n|-end|p1a: Jumpluff|Throat Chop|[silent]\n|upkeep\n|turn|46\n|inactive|Time left: 300 sec this turn | 300 sec total\n|\n|t:|1783542514\n|switch|p2a: Scream Tail|Scream Tail, L84|330/330\n|-activate|p2a: Scream Tail|move: Sticky Web\n|-unboost|p2a: Scream Tail|spe|1\n|move|p1a: Jumpluff|Strength Sap|p2a: Scream Tail\n|-unboost|p2a: Scream Tail|atk|1\n|-heal|p1a: Jumpluff|100/100\n|\n|upkeep\n|turn|47\n|inactive|Time left: 300 sec this turn | 300 sec total\n|\n|t:|1783542516\n|-end|p2a: Scream Tail|Protosynthesis|[silent]\n|switch|p2a: Ting-Lu|Ting-Lu, L78|324/370\n|-activate|p2a: Ting-Lu|move: Sticky Web\n|-unboost|p2a: Ting-Lu|spe|1\n|-ability|p2a: Ting-Lu|Vessel of Ruin\n|move|p1a: Jumpluff|Strength Sap|p2a: Ting-Lu\n|-unboost|p2a: Ting-Lu|atk|1\n|\n|-heal|p2a: Ting-Lu|347/370|[from] item: Leftovers\n|upkeep\n|turn|48\n|inactive|Time left: 300 sec this turn | 300 sec total\n|\n|t:|1783542517\n|switch|p2a: Scream Tail|Scream Tail, L84|330/330\n|-activate|p2a: Scream Tail|move: Sticky Web\n|-unboost|p2a: Scream Tail|spe|1\n|move|p1a: Jumpluff|Strength Sap|p2a: Scream Tail\n|-unboost|p2a: Scream Tail|atk|1\n|\n|upkeep\n|turn|49\n|inactive|Time left: 300 sec this turn | 300 sec total\n|\n|t:|1783542518\n|-end|p2a: Scream Tail|Protosynthesis|[silent]\n|switch|p2a: Ting-Lu|Ting-Lu, L78|347/370\n|-activate|p2a: Ting-Lu|move: Sticky Web\n|-unboost|p2a: Ting-Lu|spe|1\n|-ability|p2a: Ting-Lu|Vessel of Ruin\n|move|p1a: Jumpluff|Strength Sap|p2a: Ting-Lu\n|-unboost|p2a: Ting-Lu|atk|1\n|\n|-heal|p2a: Ting-Lu|370/370|[from] item: Leftovers\n|upkeep\n|turn|50\n|inactive|Time left: 300 sec this turn | 300 sec total\n|\n|t:|1783542519\n|switch|p2a: Scream Tail|Scream Tail, L84|330/330\n|-activate|p2a: Scream Tail|move: Sticky Web\n|-unboost|p2a: Scream Tail|spe|1\n|move|p1a: Jumpluff|Strength Sap|p2a: Scream Tail\n|-unboost|p2a: Scream Tail|atk|1\n|\n|upkeep\n|turn|51\n|inactive|Time left: 300 sec this turn | 300 sec total\n|\n|t:|1783542520\n|-end|p2a: Scream Tail|Protosynthesis|[silent]\n|switch|p2a: Ting-Lu|Ting-Lu, L78|370/370\n|-activate|p2a: Ting-Lu|move: Sticky Web\n|-unboost|p2a: Ting-Lu|spe|1\n|-ability|p2a: Ting-Lu|Vessel of Ruin\n|move|p1a: Jumpluff|Strength Sap|p2a: Ting-Lu\n|-unboost|p2a: Ting-Lu|atk|1\n|\n|upkeep\n|turn|52\n|inactive|Time left: 300 sec this turn | 300 sec total\n|\n|t:|1783542521\n|switch|p2a: Scream Tail|Scream Tail, L84|330/330\n|-activate|p2a: Scream Tail|move: Sticky Web\n|-unboost|p2a: Scream Tail|spe|1\n|move|p1a: Jumpluff|Strength Sap|p2a: Scream Tail\n|-unboost|p2a: Scream Tail|atk|1\n|\n|upkeep\n|turn|53\n|inactive|Time left: 300 sec this turn | 300 sec total\n|\n|t:|1783542522\n|-end|p2a: Scream Tail|Protosynthesis|[silent]\n|switch|p2a: Ting-Lu|Ting-Lu, L78|370/370\n|-activate|p2a: Ting-Lu|move: Sticky Web\n|-unboost|p2a: Ting-Lu|spe|1\n|-ability|p2a: Ting-Lu|Vessel of Ruin\n|move|p1a: Jumpluff|Strength Sap|p2a: Ting-Lu\n|-unboost|p2a: Ting-Lu|atk|1\n|\n|upkeep\n|turn|54\n|inactive|Time left: 300 sec this turn | 300 sec total\n|\n|t:|1783542523\n|switch|p2a: Scream Tail|Scream Tail, L84|330/330\n|-activate|p2a: Scream Tail|move: Sticky Web\n|-unboost|p2a: Scream Tail|spe|1\n|move|p1a: Jumpluff|Strength Sap|p2a: Scream Tail\n|-unboost|p2a: Scream Tail|atk|1\n|\n|upkeep\n|turn|55\n|inactive|Time left: 300 sec this turn | 300 sec total\n|\n|t:|1783542524\n|-end|p2a: Scream Tail|Protosynthesis|[silent]\n|switch|p2a: Ting-Lu|Ting-Lu, L78|370/370\n|-activate|p2a: Ting-Lu|move: Sticky Web\n|-unboost|p2a: Ting-Lu|spe|1\n|-ability|p2a: Ting-Lu|Vessel of Ruin\n|move|p1a: Jumpluff|Strength Sap|p2a: Ting-Lu\n|-unboost|p2a: Ting-Lu|atk|1\n|\n|upkeep\n|turn|56\n|inactive|Time left: 300 sec this turn | 300 sec total\n|\n|t:|1783542525\n|switch|p2a: Scream Tail|Scream Tail, L84|330/330\n|-activate|p2a: Scream Tail|move: Sticky Web\n|-unboost|p2a: Scream Tail|spe|1\n|move|p1a: Jumpluff|Strength Sap|p2a: Scream Tail\n|-unboost|p2a: Scream Tail|atk|1\n|\n|upkeep\n|turn|57\n|inactive|Time left: 300 sec this turn | 300 sec total\n|\n|t:|1783542526\n|-end|p2a: Scream Tail|Protosynthesis|[silent]\n|switch|p2a: Ting-Lu|Ting-Lu, L78|370/370\n|-activate|p2a: Ting-Lu|move: Sticky Web\n|-unboost|p2a: Ting-Lu|spe|1\n|-ability|p2a: Ting-Lu|Vessel of Ruin\n|move|p1a: Jumpluff|Strength Sap|p2a: Ting-Lu\n|-unboost|p2a: Ting-Lu|atk|1\n|\n|upkeep\n|turn|58\n|inactive|Time left: 300 sec this turn | 300 sec total\n|\n|t:|1783542527\n|switch|p2a: Scream Tail|Scream Tail, L84|330/330\n|-activate|p2a: Scream Tail|move: Sticky Web\n|-unboost|p2a: Scream Tail|spe|1\n|move|p1a: Jumpluff|Strength Sap|p2a: Scream Tail\n|-unboost|p2a: Scream Tail|atk|1\n|\n|upkeep\n|turn|59\n|inactive|Time left: 300 sec this turn | 300 sec total\n|\n|t:|1783542528\n|-end|p2a: Scream Tail|Protosynthesis|[silent]\n|switch|p2a: Ting-Lu|Ting-Lu, L78|370/370\n|-activate|p2a: Ting-Lu|move: Sticky Web\n|-unboost|p2a: Ting-Lu|spe|1\n|-ability|p2a: Ting-Lu|Vessel of Ruin\n|move|p1a: Jumpluff|Sleep Powder|p2a: Ting-Lu\n|-status|p2a: Ting-Lu|slp|[from] move: Sleep Powder\n|\n|upkeep\n|turn|60\n|inactive|Time left: 300 sec this turn | 300 sec total\n|\n|t:|1783542529\n|move|p1a: Jumpluff|Acrobatics|p2a: Ting-Lu\n|-damage|p2a: Ting-Lu|300/370 slp\n|cant|p2a: Ting-Lu|slp\n|\n|-heal|p2a: Ting-Lu|323/370 slp|[from] item: Leftovers\n|upkeep\n|turn|61\n|inactive|Time left: 300 sec this turn | 300 sec total\n|\n|t:|1783542530\n|move|p1a: Jumpluff|Acrobatics|p2a: Ting-Lu\n|-damage|p2a: Ting-Lu|256/370 slp\n|cant|p2a: Ting-Lu|slp\n|\n|-heal|p2a: Ting-Lu|279/370 slp|[from] item: Leftovers\n|upkeep\n|turn|62\n|inactive|Time left: 300 sec this turn | 300 sec total\n|\n|t:|1783542530\n|move|p1a: Jumpluff|Acrobatics|p2a: Ting-Lu\n|-damage|p2a: Ting-Lu|215/370 slp\n|cant|p2a: Ting-Lu|slp\n|\n|-heal|p2a: Ting-Lu|238/370 slp|[from] item: Leftovers\n|upkeep\n|turn|63\n|inactive|Time left: 300 sec this turn | 300 sec total\n|\n|t:|1783542531\n|move|p1a: Jumpluff|Acrobatics|p2a: Ting-Lu\n|-damage|p2a: Ting-Lu|169/370 slp\n|-curestatus|p2a: Ting-Lu|slp|[msg]\n|move|p2a: Ting-Lu|Throat Chop|p1a: Jumpluff\n|-damage|p1a: Jumpluff|64/100\n|-start|p1a: Jumpluff|Throat Chop|[silent]\n|\n|-heal|p2a: Ting-Lu|192/370|[from] item: Leftovers\n|upkeep\n|turn|64\n|inactive|Time left: 300 sec this turn | 300 sec total\n|\n|t:|1783542532\n|move|p1a: Jumpluff|Sleep Powder|p2a: Ting-Lu\n|-status|p2a: Ting-Lu|slp|[from] move: Sleep Powder\n|cant|p2a: Ting-Lu|slp\n|\n|-heal|p2a: Ting-Lu|215/370 slp|[from] item: Leftovers\n|-end|p1a: Jumpluff|Throat Chop|[silent]\n|upkeep\n|turn|65\n|inactive|Time left: 300 sec this turn | 300 sec total\n|\n|t:|1783542533\n|move|p1a: Jumpluff|Acrobatics|p2a: Ting-Lu\n|-damage|p2a: Ting-Lu|142/370 slp\n|cant|p2a: Ting-Lu|slp\n|\n|-heal|p2a: Ting-Lu|165/370 slp|[from] item: Leftovers\n|upkeep\n|turn|66\n|inactive|Time left: 300 sec this turn | 300 sec total\n|\n|t:|1783542533\n|move|p1a: Jumpluff|Acrobatics|p2a: Ting-Lu\n|-damage|p2a: Ting-Lu|104/370 slp\n|-curestatus|p2a: Ting-Lu|slp|[msg]\n|move|p2a: Ting-Lu|Throat Chop|p1a: Jumpluff\n|-damage|p1a: Jumpluff|31/100\n|-start|p1a: Jumpluff|Throat Chop|[silent]\n|\n|-heal|p2a: Ting-Lu|127/370|[from] item: Leftovers\n|upkeep\n|turn|67\n|inactive|Time left: 300 sec this turn | 300 sec total\n|\n|t:|1783542534\n|move|p1a: Jumpluff|Sleep Powder|p2a: Ting-Lu|[miss]\n|-miss|p1a: Jumpluff|p2a: Ting-Lu\n|move|p2a: Ting-Lu|Throat Chop|p1a: Jumpluff\n|-damage|p1a: Jumpluff|0 fnt\n|faint|p1a: Jumpluff\n|\n|-heal|p2a: Ting-Lu|150/370|[from] item: Leftovers\n|upkeep\n|\n|t:|1783542535\n|switch|p1a: Umbreon|Umbreon, L84, M|100/100\n|-damage|p1a: Umbreon|88/100|[from] Stealth Rock\n|turn|68\n|inactive|Time left: 300 sec this turn | 300 sec total\n|\n|t:|1783542536\n|move|p1a: Umbreon|Toxic|p2a: Ting-Lu\n|-status|p2a: Ting-Lu|tox\n|move|p2a: Ting-Lu|Earthquake|p1a: Umbreon\n|-damage|p1a: Umbreon|57/100\n|\n|-heal|p1a: Umbreon|63/100|[from] item: Leftovers\n|-heal|p2a: Ting-Lu|173/370 tox|[from] item: Leftovers\n|-damage|p2a: Ting-Lu|150/370 tox|[from] psn\n|upkeep\n|turn|69\n|inactive|Time left: 300 sec this turn | 300 sec total\n|\n|t:|1783542537\n|move|p1a: Umbreon|Wish|p1a: Umbreon\n|move|p2a: Ting-Lu|Earthquake|p1a: Umbreon\n|-damage|p1a: Umbreon|33/100\n|\n|-heal|p1a: Umbreon|39/100|[from] item: Leftovers\n|-heal|p2a: Ting-Lu|173/370 tox|[from] item: Leftovers\n|-damage|p2a: Ting-Lu|127/370 tox|[from] psn\n|upkeep\n|turn|70\n|inactive|Time left: 300 sec this turn | 300 sec total\n|\n|t:|1783542538\n|move|p1a: Umbreon|Foul Play|p2a: Ting-Lu\n|-resisted|p2a: Ting-Lu\n|-damage|p2a: Ting-Lu|84/370 tox\n|move|p2a: Ting-Lu|Whirlwind|p1a: Umbreon\n|drag|p1a: Vigoroth|Vigoroth, L85, F, tera:Ghost|100/100\n|-damage|p1a: Vigoroth|88/100|[from] Stealth Rock\n|\n|-heal|p1a: Vigoroth|100/100|[from] move: Wish|[wisher] Umbreon\n|-heal|p2a: Ting-Lu|107/370 tox|[from] item: Leftovers\n|-damage|p2a: Ting-Lu|38/370 tox|[from] psn\n|upkeep\n|turn|71\n|inactive|Time left: 300 sec this turn | 300 sec total\n|\n|t:|1783542539\n|move|p1a: Vigoroth|Bulk Up|p1a: Vigoroth\n|-boost|p1a: Vigoroth|atk|1\n|-boost|p1a: Vigoroth|def|1\n|move|p2a: Ting-Lu|Whirlwind|p1a: Vigoroth\n|drag|p1a: Umbreon|Umbreon, L84, M|39/100\n|-damage|p1a: Umbreon|26/100|[from] Stealth Rock\n|\n|-heal|p1a: Umbreon|32/100|[from] item: Leftovers\n|-heal|p2a: Ting-Lu|61/370 tox|[from] item: Leftovers\n|-damage|p2a: Ting-Lu|0 fnt|[from] psn\n|faint|p2a: Ting-Lu\n|upkeep\n|inactive|Time left: 300 sec this turn | 300 sec total | 5 sec grace\n|\n|t:|1783542540\n|switch|p2a: Scream Tail|Scream Tail, L84|330/330\n|-activate|p2a: Scream Tail|move: Sticky Web\n|-unboost|p2a: Scream Tail|spe|1\n|turn|72\n|inactive|Time left: 300 sec this turn | 300 sec total\n|\n|t:|1783542541\n|move|p1a: Umbreon|Wish|p1a: Umbreon\n|move|p2a: Scream Tail|Dazzling Gleam|p1a: Umbreon\n|-supereffective|p1a: Umbreon\n|-damage|p1a: Umbreon|4/100\n|\n|-heal|p1a: Umbreon|10/100|[from] item: Leftovers\n|upkeep\n|turn|73\n|inactive|Time left: 300 sec this turn | 300 sec total\n|\n|t:|1783542542\n|move|p1a: Umbreon|Protect|p1a: Umbreon\n|-singleturn|p1a: Umbreon|Protect\n|move|p2a: Scream Tail|Dazzling Gleam|p1a: Umbreon\n|-activate|p1a: Umbreon|move: Protect\n|\n|-heal|p1a: Umbreon|59/100|[from] move: Wish|[wisher] Umbreon\n|-heal|p1a: Umbreon|65/100|[from] item: Leftovers\n|upkeep\n|turn|74\n|inactive|Time left: 300 sec this turn | 300 sec total\n|\n|t:|1783542543\n|move|p1a: Umbreon|Wish|p1a: Umbreon\n|move|p2a: Scream Tail|Dazzling Gleam|p1a: Umbreon\n|-supereffective|p1a: Umbreon\n|-damage|p1a: Umbreon|35/100\n|\n|-heal|p1a: Umbreon|41/100|[from] item: Leftovers\n|upkeep\n|turn|75\n|inactive|Time left: 300 sec this turn | 300 sec total\n|\n|t:|1783542544\n|move|p2a: Scream Tail|Protect|p2a: Scream Tail\n|-singleturn|p2a: Scream Tail|Protect\n|move|p1a: Umbreon|Toxic|p2a: Scream Tail\n|-activate|p2a: Scream Tail|move: Protect\n|\n|-heal|p1a: Umbreon|90/100|[from] move: Wish|[wisher] Umbreon\n|-heal|p1a: Umbreon|96/100|[from] item: Leftovers\n|upkeep\n|turn|76\n|inactive|Time left: 300 sec this turn | 300 sec total\n|\n|t:|1783542546\n|move|p1a: Umbreon|Toxic|p2a: Scream Tail\n|-status|p2a: Scream Tail|tox\n|move|p2a: Scream Tail|Dazzling Gleam|p1a: Umbreon\n|-supereffective|p1a: Umbreon\n|-crit|p1a: Umbreon\n|-damage|p1a: Umbreon|50/100\n|\n|-heal|p1a: Umbreon|56/100|[from] item: Leftovers\n|-damage|p2a: Scream Tail|310/330 tox|[from] psn\n|upkeep\n|turn|77\n|inactive|Time left: 300 sec this turn | 300 sec total\n|\n|t:|1783542547\n|move|p1a: Umbreon|Wish|p1a: Umbreon\n|move|p2a: Scream Tail|Dazzling Gleam|p1a: Umbreon\n|-supereffective|p1a: Umbreon\n|-damage|p1a: Umbreon|25/100\n|\n|-heal|p1a: Umbreon|31/100|[from] item: Leftovers\n|-heal|p2a: Scream Tail|330/330 tox|[from] item: Leftovers\n|-damage|p2a: Scream Tail|290/330 tox|[from] psn\n|upkeep\n|turn|78\n|inactive|Time left: 300 sec this turn | 300 sec total\n|\n|t:|1783542548\n|move|p1a: Umbreon|Protect|p1a: Umbreon\n|-singleturn|p1a: Umbreon|Protect\n|move|p2a: Scream Tail|Wish|p2a: Scream Tail\n|\n|-heal|p1a: Umbreon|81/100|[from] move: Wish|[wisher] Umbreon\n|-heal|p1a: Umbreon|87/100|[from] item: Leftovers\n|-heal|p2a: Scream Tail|310/330 tox|[from] item: Leftovers\n|-damage|p2a: Scream Tail|250/330 tox|[from] psn\n|upkeep\n|turn|79\n|inactive|Time left: 300 sec this turn | 300 sec total\n|\n|t:|1783542549\n|switch|p1a: Vigoroth|Vigoroth, L85, F, tera:Ghost|100/100\n|-damage|p1a: Vigoroth|88/100|[from] Stealth Rock\n|move|p2a: Scream Tail|Dazzling Gleam|p1a: Vigoroth\n|-damage|p1a: Vigoroth|67/100\n|\n|-heal|p2a: Scream Tail|330/330 tox|[from] move: Wish|[wisher] Scream Tail\n|-damage|p2a: Scream Tail|250/330 tox|[from] psn\n|upkeep\n|turn|80\n|inactive|Time left: 300 sec this turn | 300 sec total\n|\n|t:|1783542550\n|move|p1a: Vigoroth|Knock Off|p2a: Scream Tail\n|-damage|p2a: Scream Tail|193/330 tox\n|-enditem|p2a: Scream Tail|Leftovers|[from] move: Knock Off|[of] p1a: Vigoroth\n|move|p2a: Scream Tail|Wish|p2a: Scream Tail\n|\n|-damage|p2a: Scream Tail|93/330 tox|[from] psn\n|upkeep\n|turn|81\n|inactive|Time left: 300 sec this turn | 300 sec total\n|\n|t:|1783542551\n|switch|p1a: Umbreon|Umbreon, L84, M|87/100\n|-damage|p1a: Umbreon|75/100|[from] Stealth Rock\n|-terastallize|p2a: Scream Tail|Poison\n|move|p2a: Scream Tail|Dazzling Gleam|p1a: Umbreon\n|-supereffective|p1a: Umbreon\n|-damage|p1a: Umbreon|44/100\n|\n|-heal|p2a: Scream Tail|258/330 tox|[from] move: Wish|[wisher] Scream Tail\n|-heal|p1a: Umbreon|50/100|[from] item: Leftovers\n|-damage|p2a: Scream Tail|138/330 tox|[from] psn\n|upkeep\n|turn|82\n|inactive|Time left: 300 sec this turn | 300 sec total\n|\n|t:|1783542552\n|move|p2a: Scream Tail|Protect|p2a: Scream Tail\n|-singleturn|p2a: Scream Tail|Protect\n|move|p1a: Umbreon|Wish|p1a: Umbreon\n|\n|-heal|p1a: Umbreon|56/100|[from] item: Leftovers\n|-damage|p2a: Scream Tail|0 fnt|[from] psn\n|faint|p2a: Scream Tail\n|-end|p2a: Scream Tail|Protosynthesis|[silent]\n|\n|win|p0x294b1d8", "uploadtime": 1783542552, "views": 0, "rating": 0, "private": 0, "password": null, "_winner": "p0x294b1d8", "_our_name": "p0y2941a68"}