{"id": "battle-gen9randombattle-166", "formatid": "gen9randombattle", "format": "[Gen 9] Random Battle", "players": ["p0x1667530", "p0y16677db"], "log": "|init|battle\n|title|p0x1667530 vs. p0y16677db\n|j|\u2606p0x1667530\n|j|\u2606p0y16677db\n|t:|1783535651\n|gametype|singles\n|player|p1|p0x1667530|170|\n|player|p2|p0y16677db|170|\n|gen|9\n|tier|[Gen 9] Random Battle\n|rule|Species Clause: Limit one of each Pok\u00e9mon\n|rule|HP Percentage Mod: HP is shown in percentages\n|rule|Sleep Clause Mod: Limit one foe put to sleep\n|rule|Illusion Level Mod: Illusion disguises the Pok\u00e9mon's true level\n|\n|t:|1783535651\n|teamsize|p1|6\n|teamsize|p2|6\n|start\n|switch|p1a: Talonflame|Talonflame, L83, F|265/265\n|switch|p2a: Shaymin|Shaymin, L82|100/100\n|turn|1\n|inactive|Battle timer is ON: inactive players will automatically lose when time's up. (requested by p0y16677db)\n|inactive|Time left: 300 sec this turn | 300 sec total | 60 sec grace\n|inactive|p0x1667530 also wants the timer to be on.\n|\n|t:|1783535652\n|move|p1a: Talonflame|Swords Dance|p1a: Talonflame\n|-boost|p1a: Talonflame|atk|2\n|move|p2a: Shaymin|Seed Flare|p1a: Talonflame\n|-resisted|p1a: Talonflame\n|-damage|p1a: Talonflame|229/265\n|-unboost|p1a: Talonflame|spd|2\n|\n|upkeep\n|turn|2\n|inactive|Time left: 300 sec this turn | 300 sec total\n|\n|t:|1783535653\n|switch|p2a: Regirock|Regirock, L83|100/100\n|move|p1a: Talonflame|Flare Blitz|p2a: Regirock\n|-resisted|p2a: Regirock\n|-damage|p2a: Regirock|78/100\n|-damage|p1a: Talonflame|209/265|[from] Recoil\n|\n|-heal|p2a: Regirock|84/100|[from] item: Leftovers\n|upkeep\n|turn|3\n|inactive|Time left: 300 sec this turn | 300 sec total\n|\n|t:|1783535655\n|move|p1a: Talonflame|Brave Bird|p2a: Regirock\n|-resisted|p2a: Regirock\n|-damage|p2a: Regirock|65/100\n|-damage|p1a: Talonflame|192/265|[from] Recoil\n|move|p2a: Regirock|Stone Edge|p1a: Talonflame\n|-supereffective|p1a: Talonflame\n|-damage|p1a: Talonflame|0 fnt\n|faint|p1a: Talonflame\n|\n|-heal|p2a: Regirock|71/100|[from] item: Leftovers\n|upkeep\n|inactive|Time left: 300 sec this turn | 300 sec total | 5 sec grace\n|\n|t:|1783535656\n|switch|p1a: Veluza|Veluza, L85, F|292/292\n|turn|4\n|inactive|Time left: 300 sec this turn | 300 sec total\n|\n|t:|1783535657\n|move|p1a: Veluza|Aqua Cutter|p2a: Regirock\n|-supereffective|p2a: Regirock\n|-damage|p2a: Regirock|5/100\n|move|p2a: Regirock|Stealth Rock|p1a: Veluza\n|-sidestart|p1: p0x1667530|move: Stealth Rock\n|\n|-heal|p2a: Regirock|11/100|[from] item: Leftovers\n|upkeep\n|turn|5\n|inactive|Time left: 300 sec this turn | 300 sec total\n|\n|t:|1783535658\n|switch|p2a: Lurantis|Lurantis, L87, M|100/100\n|move|p1a: Veluza|Aqua Cutter|p2a: Lurantis\n|-resisted|p2a: Lurantis\n|-damage|p2a: Lurantis|70/100\n|\n|upkeep\n|turn|6\n|inactive|Time left: 300 sec this turn | 300 sec total\n|\n|t:|1783535659\n|move|p1a: Veluza|Aqua Cutter|p2a: Lurantis\n|-resisted|p2a: Lurantis\n|-crit|p2a: Lurantis\n|-damage|p2a: Lurantis|19/100\n|move|p2a: Lurantis|Leaf Storm|p1a: Veluza\n|-supereffective|p1a: Veluza\n|-damage|p1a: Veluza|0 fnt\n|-boost|p2a: Lurantis|spa|2\n|faint|p1a: Veluza\n|\n|upkeep\n|inactive|Time left: 300 sec this turn | 300 sec total | 5 sec grace\n|\n|t:|1783535660\n|switch|p1a: Komala|Komala, L87, M|255/255\n|-damage|p1a: Komala|224/255|[from] Stealth Rock\n|-ability|p1a: Komala|Comatose\n|turn|7\n|inactive|Time left: 300 sec this turn | 300 sec total\n|\n|t:|1783535662\n|switch|p2a: Goodra|Goodra-Hisui, L82, F|100/100\n|move|p1a: Komala|Rapid Spin|p2a: Goodra\n|-resisted|p2a: Goodra\n|-damage|p2a: Goodra|89/100\n|-boost|p1a: Komala|spe|1\n|-sideend|p1: p0x1667530|Stealth Rock|[from] move: Rapid Spin|[of] p1a: Komala\n|\n|upkeep\n|turn|8\n|inactive|Time left: 300 sec this turn | 300 sec total\n|\n|t:|1783535663\n|move|p1a: Komala|Knock Off|p2a: Goodra\n|-damage|p2a: Goodra|59/100\n|-enditem|p2a: Goodra|Assault Vest|[from] move: Knock Off|[of] p1a: Komala\n|move|p2a: Goodra|Heavy Slam|p1a: Komala\n|-damage|p1a: Komala|64/255\n|\n|upkeep\n|turn|9\n|inactive|Time left: 300 sec this turn | 300 sec total\n|\n|t:|1783535664\n|move|p1a: Komala|Body Slam|p2a: Goodra\n|-resisted|p2a: Goodra\n|-damage|p2a: Goodra|42/100\n|-status|p2a: Goodra|par\n|cant|p2a: Goodra|par\n|\n|upkeep\n|turn|10\n|inactive|Time left: 300 sec this turn | 300 sec total\n|\n|t:|1783535665\n|move|p1a: Komala|Knock Off|p2a: Goodra\n|-damage|p2a: Goodra|22/100 par\n|move|p2a: Goodra|Heavy Slam|p1a: Komala\n|-damage|p1a: Komala|0 fnt\n|faint|p1a: Komala\n|\n|upkeep\n|inactive|Time left: 300 sec this turn | 300 sec total | 5 sec grace\n|\n|t:|1783535666\n|switch|p1a: Kingambit|Kingambit, L74, F|270/270\n|-activate|p1a: Kingambit|ability: Supreme Overlord\n|-start|p1a: Kingambit|fallen3|[silent]\n|turn|11\n|inactive|Time left: 300 sec this turn | 300 sec total\n|\n|t:|1783535667\n|switch|p2a: Lucario|Lucario, L84, M|100/100\n|move|p1a: Kingambit|Swords Dance|p1a: Kingambit\n|-boost|p1a: Kingambit|atk|2\n|\n|upkeep\n|turn|12\n|inactive|Time left: 300 sec this turn | 300 sec total\n|\n|t:|1783535668\n|-terastallize|p1a: Kingambit|Flying\n|move|p2a: Lucario|Focus Blast|p1a: Kingambit|[miss]\n|-miss|p2a: Lucario|p1a: Kingambit\n|move|p1a: Kingambit|Iron Head|p2a: Lucario\n|-resisted|p2a: Lucario\n|-damage|p2a: Lucario|46/100\n|\n|upkeep\n|turn|13\n|inactive|Time left: 300 sec this turn | 300 sec total\n|\n|t:|1783535669\n|switch|p2a: Quagsire|Quagsire, L84, M|100/100\n|move|p1a: Kingambit|Iron Head|p2a: Quagsire\n|-resisted|p2a: Quagsire\n|-damage|p2a: Quagsire|80/100\n|\n|-heal|p2a: Quagsire|86/100|[from] item: Leftovers\n|upkeep\n|turn|14\n|inactive|Time left: 300 sec this turn | 300 sec total\n|\n|t:|1783535670\n|move|p1a: Kingambit|Kowtow Cleave|p2a: Quagsire\n|-damage|p2a: Quagsire|48/100\n|move|p2a: Quagsire|Toxic|p1a: Kingambit\n|-status|p1a: Kingambit|tox\n|\n|-heal|p2a: Quagsire|54/100|[from] item: Leftovers\n|-damage|p1a: Kingambit|254/270 tox|[from] psn\n|upkeep\n|turn|15\n|inactive|Time left: 300 sec this turn | 300 sec total\n|\n|t:|1783535671\n|move|p1a: Kingambit|Kowtow Cleave|p2a: Quagsire\n|-damage|p2a: Quagsire|14/100\n|move|p2a: Quagsire|Recover|p2a: Quagsire\n|-heal|p2a: Quagsire|64/100\n|\n|-heal|p1a: Kingambit|270/270 tox|[from] item: Leftovers\n|-heal|p2a: Quagsire|70/100|[from] item: Leftovers\n|-damage|p1a: Kingambit|238/270 tox|[from] psn\n|upkeep\n|turn|16\n|inactive|Time left: 300 sec this turn | 300 sec total\n|\n|t:|1783535672\n|move|p1a: Kingambit|Kowtow Cleave|p2a: Quagsire\n|-damage|p2a: Quagsire|30/100\n|move|p2a: Quagsire|Ice Beam|p1a: Kingambit\n|-supereffective|p1a: Kingambit\n|-damage|p1a: Kingambit|130/270 tox\n|\n|-heal|p1a: Kingambit|146/270 tox|[from] item: Leftovers\n|-heal|p2a: Quagsire|37/100|[from] item: Leftovers\n|-damage|p1a: Kingambit|98/270 tox|[from] psn\n|upkeep\n|turn|17\n|inactive|Time left: 300 sec this turn | 300 sec total\n|\n|t:|1783535673\n|switch|p2a: Goodra|Goodra-Hisui, L82, F|22/100 par\n|move|p1a: Kingambit|Kowtow Cleave|p2a: Goodra\n|-damage|p2a: Goodra|0 fnt\n|faint|p2a: Goodra\n|\n|-heal|p1a: Kingambit|114/270 tox|[from] item: Leftovers\n|-damage|p1a: Kingambit|50/270 tox|[from] psn\n|upkeep\n|\n|t:|1783535674\n|switch|p2a: Regirock|Regirock, L83|11/100\n|turn|18\n|inactive|Time left: 300 sec this turn | 300 sec total\n|\n|t:|1783535675\n|move|p2a: Regirock|Stone Edge|p1a: Kingambit|[miss]\n|-miss|p2a: Regirock|p1a: Kingambit\n|move|p1a: Kingambit|Kowtow Cleave|p2a: Regirock\n|-damage|p2a: Regirock|0 fnt\n|faint|p2a: Regirock\n|\n|-heal|p1a: Kingambit|66/270 tox|[from] item: Leftovers\n|-damage|p1a: Kingambit|0 fnt|[from] psn\n|faint|p1a: Kingambit\n|-end|p1a: Kingambit|fallen3|[silent]\n|upkeep\n|inactive|Time left: 300 sec this turn | 300 sec total | 5 sec grace\n|\n|t:|1783535676\n|switch|p2a: Shaymin|Shaymin, L82|100/100\n|switch|p1a: Rillaboom|Rillaboom, L79, M|288/288\n|-fieldstart|move: Grassy Terrain|[from] ability: Grassy Surge|[of] p1a: Rillaboom\n|turn|19\n|inactive|Time left: 300 sec this turn | 300 sec total\n|\n|t:|1783535677\n|move|p2a: Shaymin|Seed Flare|p1a: Rillaboom\n|-resisted|p1a: Rillaboom\n|-damage|p1a: Rillaboom|191/288\n|move|p1a: Rillaboom|Swords Dance|p1a: Rillaboom\n|-boost|p1a: Rillaboom|atk|2\n|\n|-heal|p1a: Rillaboom|209/288|[from] Grassy Terrain\n|upkeep\n|turn|20\n|inactive|Time left: 300 sec this turn | 300 sec total\n|\n|t:|1783535678\n|move|p2a: Shaymin|Air Slash|p1a: Rillaboom\n|-supereffective|p1a: Rillaboom\n|-damage|p1a: Rillaboom|91/288\n|move|p1a: Rillaboom|Knock Off|p2a: Shaymin\n|-damage|p2a: Shaymin|43/100\n|-enditem|p2a: Shaymin|Leftovers|[from] move: Knock Off|[of] p1a: Rillaboom\n|-damage|p1a: Rillaboom|63/288|[from] item: Life Orb\n|\n|-heal|p2a: Shaymin|49/100|[from] Grassy Terrain\n|-heal|p1a: Rillaboom|81/288|[from] Grassy Terrain\n|upkeep\n|turn|21\n|inactive|Time left: 300 sec this turn | 300 sec total\n|\n|t:|1783535679\n|move|p1a: Rillaboom|Grassy Glide|p2a: Shaymin\n|-resisted|p2a: Shaymin\n|-damage|p2a: Shaymin|19/100\n|-damage|p1a: Rillaboom|53/288|[from] item: Life Orb\n|move|p2a: Shaymin|Air Slash|p1a: Rillaboom\n|-supereffective|p1a: Rillaboom\n|-damage|p1a: Rillaboom|0 fnt\n|faint|p1a: Rillaboom\n|\n|-heal|p2a: Shaymin|25/100|[from] Grassy Terrain\n|upkeep\n|inactive|Time left: 300 sec this turn | 300 sec total | 5 sec grace\n|\n|t:|1783535680\n|switch|p1a: Persian|Persian-Alola, L86, M|252/252\n|turn|22\n|inactive|Time left: 300 sec this turn | 300 sec total\n|\n|t:|1783535681\n|move|p1a: Persian|Nasty Plot|p1a: Persian\n|-boost|p1a: Persian|spa|2\n|move|p2a: Shaymin|Seed Flare|p1a: Persian\n|-damage|p1a: Persian|48/252\n|\n|-heal|p1a: Persian|63/252|[from] Grassy Terrain\n|-heal|p2a: Shaymin|31/100|[from] Grassy Terrain\n|upkeep\n|turn|23\n|inactive|Time left: 300 sec this turn | 300 sec total\n|\n|t:|1783535682\n|move|p1a: Persian|Dark Pulse|p2a: Shaymin\n|-damage|p2a: Shaymin|0 fnt\n|faint|p2a: Shaymin\n|-damage|p1a: Persian|38/252|[from] item: Life Orb\n|\n|-heal|p1a: Persian|53/252|[from] Grassy Terrain\n|-fieldend|move: Grassy Terrain\n|upkeep\n|\n|t:|1783535683\n|switch|p2a: Lucario|Lucario, L84, M|46/100\n|turn|24\n|inactive|Time left: 300 sec this turn | 300 sec total\n|\n|t:|1783535683\n|move|p2a: Lucario|Vacuum Wave|p1a: Persian\n|-supereffective|p1a: Persian\n|-damage|p1a: Persian|0 fnt\n|faint|p1a: Persian\n|-damage|p2a: Lucario|37/100|[from] item: Life Orb\n|\n|win|p0y16677db", "uploadtime": 1783535683, "views": 0, "rating": 0, "private": 0, "password": null, "_winner": "p0y16677db", "_our_name": "p0x1667530"}