{"id": "battle-gen9randombattle-2141", "formatid": "gen9randombattle", "format": "[Gen 9] Random Battle", "players": ["p0x21417635", "p0y2141add9"], "log": "|init|battle\n|title|p0x21417635 vs. p0y2141add9\n|j|\u2606p0x21417635\n|j|\u2606p0y2141add9\n|t:|1783563978\n|gametype|singles\n|player|p1|p0x21417635|266|\n|player|p2|p0y2141add9|266|\n|gen|9\n|tier|[Gen 9] Random Battle\n|rule|Species Clause: Limit one of each Pok\u00e9mon\n|rule|HP Percentage Mod: HP is shown in percentages\n|rule|Sleep Clause Mod: Limit one foe put to sleep\n|rule|Illusion Level Mod: Illusion disguises the Pok\u00e9mon's true level\n|\n|t:|1783563978\n|teamsize|p1|6\n|teamsize|p2|6\n|start\n|switch|p1a: Kyogre|Kyogre, L71|100/100\n|switch|p2a: Giratina|Giratina, L75|349/349\n|-weather|RainDance|[from] ability: Drizzle|[of] p1a: Kyogre\n|-ability|p2a: Giratina|Pressure\n|turn|1\n|inactive|Battle timer is ON: inactive players will automatically lose when time's up. (requested by p0x21417635)\n|inactive|Time left: 300 sec this turn | 300 sec total | 60 sec grace\n|\n|t:|1783563980\n|move|p1a: Kyogre|Water Spout|p2a: Giratina\n|-resisted|p2a: Giratina\n|-damage|p2a: Giratina|244/349\n|move|p2a: Giratina|Calm Mind|p2a: Giratina\n|-boost|p2a: Giratina|spa|1\n|-boost|p2a: Giratina|spd|1\n|\n|-weather|RainDance|[upkeep]\n|-heal|p2a: Giratina|265/349|[from] item: Leftovers\n|upkeep\n|turn|2\n|inactive|Time left: 300 sec this turn | 300 sec total\n|inactive|p0y2141add9 also wants the timer to be on.\n|\n|t:|1783563981\n|move|p1a: Kyogre|Water Spout|p2a: Giratina\n|-resisted|p2a: Giratina\n|-damage|p2a: Giratina|191/349\n|move|p2a: Giratina|Dragon Pulse|p1a: Kyogre\n|-damage|p1a: Kyogre|64/100\n|\n|-weather|RainDance|[upkeep]\n|-heal|p2a: Giratina|212/349|[from] item: Leftovers\n|upkeep\n|turn|3\n|inactive|Time left: 300 sec this turn | 300 sec total\n|\n|t:|1783563982\n|move|p1a: Kyogre|Water Spout|p2a: Giratina\n|-resisted|p2a: Giratina\n|-damage|p2a: Giratina|168/349\n|move|p2a: Giratina|Dragon Pulse|p1a: Kyogre\n|-damage|p1a: Kyogre|30/100\n|\n|-weather|RainDance|[upkeep]\n|-heal|p2a: Giratina|189/349|[from] item: Leftovers\n|upkeep\n|turn|4\n|inactive|Time left: 300 sec this turn | 300 sec total\n|\n|t:|1783563983\n|switch|p1a: Cacturne|Cacturne, L92, M|100/100\n|move|p2a: Giratina|Dragon Pulse|p1a: Cacturne\n|-damage|p1a: Cacturne|49/100\n|\n|-weather|RainDance|[upkeep]\n|-heal|p2a: Giratina|210/349|[from] item: Leftovers\n|upkeep\n|turn|5\n|inactive|Time left: 300 sec this turn | 300 sec total\n|\n|t:|1783563984\n|-terastallize|p2a: Giratina|Fairy\n|move|p2a: Giratina|Dragon Pulse|p1a: Cacturne\n|-damage|p1a: Cacturne|0 fnt\n|faint|p1a: Cacturne\n|\n|-weather|none\n|-heal|p2a: Giratina|231/349|[from] item: Leftovers\n|upkeep\n|\n|t:|1783563985\n|switch|p1a: Falinks|Falinks, L84|100/100\n|turn|6\n|inactive|Time left: 300 sec this turn | 300 sec total\n|\n|t:|1783563986\n|-terastallize|p1a: Falinks|Steel\n|move|p2a: Giratina|Dragon Pulse|p1a: Falinks\n|-resisted|p1a: Falinks\n|-damage|p1a: Falinks|70/100\n|move|p1a: Falinks|No Retreat|p1a: Falinks\n|-boost|p1a: Falinks|atk|1\n|-boost|p1a: Falinks|def|1\n|-boost|p1a: Falinks|spa|1\n|-boost|p1a: Falinks|spd|1\n|-boost|p1a: Falinks|spe|1\n|-start|p1a: Falinks|move: No Retreat\n|\n|-heal|p2a: Giratina|252/349|[from] item: Leftovers\n|upkeep\n|turn|7\n|inactive|Time left: 300 sec this turn | 300 sec total\n|\n|t:|1783563987\n|move|p1a: Falinks|Iron Head|p2a: Giratina\n|-supereffective|p2a: Giratina\n|-crit|p2a: Giratina\n|-damage|p2a: Giratina|0 fnt\n|faint|p2a: Giratina\n|-damage|p1a: Falinks|60/100|[from] item: Life Orb\n|\n|upkeep\n|inactive|Time left: 300 sec this turn | 300 sec total | 5 sec grace\n|\n|t:|1783563988\n|switch|p2a: Clefable|Clefable, L83, M|293/293\n|turn|8\n|inactive|Time left: 300 sec this turn | 300 sec total\n|\n|t:|1783563989\n|move|p1a: Falinks|Iron Head|p2a: Clefable\n|-supereffective|p2a: Clefable\n|-damage|p2a: Clefable|43/293\n|-damage|p1a: Falinks|50/100|[from] item: Life Orb\n|move|p2a: Clefable|Fire Blast|p1a: Falinks\n|-supereffective|p1a: Falinks\n|-damage|p1a: Falinks|0 fnt\n|faint|p1a: Falinks\n|\n|-heal|p2a: Clefable|61/293|[from] item: Leftovers\n|upkeep\n|\n|t:|1783563990\n|switch|p1a: Kyogre|Kyogre, L71|30/100\n|-weather|RainDance|[from] ability: Drizzle|[of] p1a: Kyogre\n|turn|9\n|inactive|Time left: 300 sec this turn | 300 sec total\n|\n|t:|1783563991\n|switch|p2a: Chansey|Chansey, L85, F|564/564\n|move|p1a: Kyogre|Origin Pulse|p2a: Chansey|[miss]\n|-miss|p1a: Kyogre|p2a: Chansey\n|\n|-weather|RainDance|[upkeep]\n|upkeep\n|turn|10\n|inactive|Time left: 300 sec this turn | 300 sec total\n|\n|t:|1783563992\n|move|p1a: Kyogre|Origin Pulse|p2a: Chansey\n|-damage|p2a: Chansey|465/564\n|move|p2a: Chansey|Seismic Toss|p1a: Kyogre\n|-damage|p1a: Kyogre|0 fnt\n|faint|p1a: Kyogre\n|\n|-weather|RainDance|[upkeep]\n|upkeep\n|\n|t:|1783563993\n|switch|p1a: Urshifu|Urshifu, L74, M|100/100\n|turn|11\n|inactive|Time left: 300 sec this turn | 300 sec total\n|\n|t:|1783563994\n|switch|p2a: Clefable|Clefable, L83, M|61/293\n|move|p1a: Urshifu|Close Combat|p2a: Clefable\n|-resisted|p2a: Clefable\n|-damage|p2a: Clefable|0 fnt\n|-unboost|p1a: Urshifu|def|1\n|-unboost|p1a: Urshifu|spd|1\n|faint|p2a: Clefable\n|\n|-weather|RainDance|[upkeep]\n|upkeep\n|inactive|Time left: 300 sec this turn | 300 sec total | 5 sec grace\n|\n|t:|1783563995\n|switch|p2a: Mewtwo|Mewtwo, L72|272/272\n|-ability|p2a: Mewtwo|Unnerve\n|turn|12\n|inactive|Time left: 300 sec this turn | 300 sec total\n|\n|t:|1783563996\n|switch|p1a: Gothitelle|Gothitelle, L90, M|100/100\n|move|p2a: Mewtwo|Nasty Plot|p2a: Mewtwo\n|-boost|p2a: Mewtwo|spa|2\n|\n|-weather|RainDance|[upkeep]\n|upkeep\n|turn|13\n|inactive|Time left: 300 sec this turn | 300 sec total\n|\n|t:|1783563997\n|move|p1a: Gothitelle|Dark Pulse|p2a: Mewtwo\n|-supereffective|p2a: Mewtwo\n|-damage|p2a: Mewtwo|114/272\n|cant|p2a: Mewtwo|flinch\n|\n|-weather|none\n|upkeep\n|turn|14\n|inactive|Time left: 300 sec this turn | 300 sec total\n|\n|t:|1783563998\n|move|p1a: Gothitelle|Dark Pulse|p2a: Mewtwo\n|-supereffective|p2a: Mewtwo\n|-damage|p2a: Mewtwo|0 fnt\n|faint|p2a: Mewtwo\n|\n|upkeep\n|inactive|Time left: 300 sec this turn | 300 sec total | 5 sec grace\n|\n|t:|1783563999\n|switch|p2a: Malamar|Malamar, L82, M|275/275\n|turn|15\n|inactive|Time left: 300 sec this turn | 300 sec total\n|\n|t:|1783564000\n|move|p1a: Gothitelle|Dark Pulse|p2a: Malamar\n|-damage|p2a: Malamar|205/275\n|move|p2a: Malamar|Superpower|p1a: Gothitelle\n|-resisted|p1a: Gothitelle\n|-damage|p1a: Gothitelle|89/100\n|-boost|p2a: Malamar|atk|1\n|-boost|p2a: Malamar|def|1\n|\n|upkeep\n|turn|16\n|inactive|Time left: 300 sec this turn | 300 sec total\n|\n|t:|1783564000\n|move|p1a: Gothitelle|Dark Pulse|p2a: Malamar\n|-damage|p2a: Malamar|135/275\n|move|p2a: Malamar|Superpower|p1a: Gothitelle\n|-resisted|p1a: Gothitelle\n|-damage|p1a: Gothitelle|72/100\n|-boost|p2a: Malamar|atk|1\n|-boost|p2a: Malamar|def|1\n|\n|upkeep\n|turn|17\n|inactive|Time left: 300 sec this turn | 300 sec total\n|\n|t:|1783564001\n|move|p1a: Gothitelle|Dark Pulse|p2a: Malamar\n|-damage|p2a: Malamar|63/275\n|cant|p2a: Malamar|flinch\n|\n|upkeep\n|turn|18\n|inactive|Time left: 300 sec this turn | 300 sec total\n|\n|t:|1783564002\n|move|p1a: Gothitelle|Dark Pulse|p2a: Malamar\n|-damage|p2a: Malamar|0 fnt\n|faint|p2a: Malamar\n|\n|upkeep\n|inactive|Time left: 300 sec this turn | 300 sec total | 5 sec grace\n|\n|t:|1783564003\n|switch|p2a: Chansey|Chansey, L85, F|465/564\n|turn|19\n|inactive|Time left: 300 sec this turn | 300 sec total\n|\n|t:|1783564004\n|switch|p1a: Urshifu|Urshifu, L74, M|100/100\n|move|p2a: Chansey|Thunder Wave|p1a: Urshifu|[miss]\n|-miss|p2a: Chansey|p1a: Urshifu\n|\n|upkeep\n|turn|20\n|inactive|Time left: 300 sec this turn | 300 sec total\n|\n|t:|1783564005\n|move|p1a: Urshifu|Close Combat|p2a: Chansey\n|-supereffective|p2a: Chansey\n|-damage|p2a: Chansey|0 fnt\n|-unboost|p1a: Urshifu|def|1\n|-unboost|p1a: Urshifu|spd|1\n|faint|p2a: Chansey\n|\n|upkeep\n|inactive|Time left: 300 sec this turn | 300 sec total | 5 sec grace\n|\n|t:|1783564006\n|switch|p2a: Sandslash|Sandslash-Alola, L88, F|275/275\n|turn|21\n|inactive|Time left: 300 sec this turn | 300 sec total\n|\n|t:|1783564006\n|move|p1a: Urshifu|Close Combat|p2a: Sandslash\n|-supereffective|p2a: Sandslash\n|-damage|p2a: Sandslash|0 fnt\n|-unboost|p1a: Urshifu|def|1\n|-unboost|p1a: Urshifu|spd|1\n|faint|p2a: Sandslash\n|\n|win|p0x21417635", "uploadtime": 1783564006, "views": 0, "rating": 0, "private": 0, "password": null, "_winner": "p0x21417635", "_our_name": "p0y2141add9"}