{"id": "battle-gen9randombattle-456", "formatid": "gen9randombattle", "format": "[Gen 9] Random Battle", "players": ["p0x456b30b", "p0y45698b5"], "log": "|init|battle\n|title|p0x456b30b vs. p0y45698b5\n|j|\u2606p0x456b30b\n|j|\u2606p0y45698b5\n|t:|1783545064\n|gametype|singles\n|player|p1|p0x456b30b|102|\n|player|p2|p0y45698b5|266|\n|gen|9\n|tier|[Gen 9] Random Battle\n|rule|Species Clause: Limit one of each Pok\u00e9mon\n|rule|HP Percentage Mod: HP is shown in percentages\n|rule|Sleep Clause Mod: Limit one foe put to sleep\n|rule|Illusion Level Mod: Illusion disguises the Pok\u00e9mon's true level\n|\n|t:|1783545064\n|teamsize|p1|6\n|teamsize|p2|6\n|start\n|switch|p1a: Clefable|Clefable, L83, F|293/293\n|switch|p2a: Golduck|Golduck, L90, F|100/100\n|-ability|p2a: Golduck|Cloud Nine\n|turn|1\n|inactive|Battle timer is ON: inactive players will automatically lose when time's up. (requested by p0y45698b5)\n|inactive|Time left: 300 sec this turn | 300 sec total | 60 sec grace\n|inactive|p0x456b30b also wants the timer to be on.\n|\n|t:|1783545066\n|move|p2a: Golduck|Nasty Plot|p2a: Golduck\n|-boost|p2a: Golduck|spa|2\n|move|p1a: Clefable|Moonblast|p2a: Golduck\n|-damage|p2a: Golduck|66/100\n|\n|upkeep\n|turn|2\n|inactive|Time left: 300 sec this turn | 300 sec total\n|\n|t:|1783545068\n|move|p2a: Golduck|Hydro Pump|p1a: Clefable\n|-damage|p1a: Clefable|120/293\n|-damage|p2a: Golduck|56/100|[from] item: Life Orb\n|move|p1a: Clefable|Moonblast|p2a: Golduck\n|-damage|p2a: Golduck|24/100\n|-unboost|p2a: Golduck|spa|1\n|\n|-heal|p1a: Clefable|138/293|[from] item: Leftovers\n|upkeep\n|turn|3\n|inactive|Time left: 300 sec this turn | 300 sec total\n|\n|t:|1783545069\n|move|p2a: Golduck|Hydro Pump|p1a: Clefable|[miss]\n|-miss|p2a: Golduck|p1a: Clefable\n|move|p1a: Clefable|Moonblast|p2a: Golduck\n|-damage|p2a: Golduck|0 fnt\n|faint|p2a: Golduck\n|\n|-heal|p1a: Clefable|156/293|[from] item: Leftovers\n|upkeep\n|\n|t:|1783545070\n|switch|p2a: Clefable|Clefable, L83, M|100/100\n|turn|4\n|inactive|Time left: 300 sec this turn | 300 sec total\n|\n|t:|1783545071\n|move|p1a: Clefable|Moonlight|p1a: Clefable\n|-heal|p1a: Clefable|293/293\n|move|p2a: Clefable|Moonblast|p1a: Clefable\n|-damage|p1a: Clefable|175/293\n|\n|-heal|p1a: Clefable|193/293|[from] item: Leftovers\n|upkeep\n|turn|5\n|inactive|Time left: 300 sec this turn | 300 sec total\n|\n|t:|1783545072\n|move|p1a: Clefable|Calm Mind|p1a: Clefable\n|-boost|p1a: Clefable|spa|1\n|-boost|p1a: Clefable|spd|1\n|move|p2a: Clefable|Moonblast|p1a: Clefable\n|-damage|p1a: Clefable|110/293\n|\n|-heal|p1a: Clefable|128/293|[from] item: Leftovers\n|upkeep\n|turn|6\n|inactive|Time left: 300 sec this turn | 300 sec total\n|\n|t:|1783545073\n|move|p2a: Clefable|Moonblast|p1a: Clefable\n|-damage|p1a: Clefable|37/293\n|move|p1a: Clefable|Moonlight|p1a: Clefable\n|-heal|p1a: Clefable|183/293\n|\n|-heal|p1a: Clefable|201/293|[from] item: Leftovers\n|upkeep\n|turn|7\n|inactive|Time left: 300 sec this turn | 300 sec total\n|\n|t:|1783545074\n|move|p1a: Clefable|Moonblast|p2a: Clefable\n|-damage|p2a: Clefable|54/100\n|move|p2a: Clefable|Moonblast|p1a: Clefable\n|-damage|p1a: Clefable|115/293\n|-unboost|p1a: Clefable|spa|1\n|\n|-heal|p1a: Clefable|133/293|[from] item: Leftovers\n|upkeep\n|turn|8\n|inactive|Time left: 300 sec this turn | 300 sec total\n|\n|t:|1783545076\n|move|p2a: Clefable|Moonlight|p2a: Clefable\n|-heal|p2a: Clefable|100/100\n|move|p1a: Clefable|Moonlight|p1a: Clefable\n|-heal|p1a: Clefable|279/293\n|\n|-heal|p1a: Clefable|293/293|[from] item: Leftovers\n|upkeep\n|turn|9\n|inactive|Time left: 300 sec this turn | 300 sec total\n|\n|t:|1783545077\n|move|p1a: Clefable|Calm Mind|p1a: Clefable\n|-boost|p1a: Clefable|spa|1\n|-boost|p1a: Clefable|spd|1\n|move|p2a: Clefable|Moonblast|p1a: Clefable\n|-damage|p1a: Clefable|233/293\n|\n|-heal|p1a: Clefable|251/293|[from] item: Leftovers\n|upkeep\n|turn|10\n|inactive|Time left: 300 sec this turn | 300 sec total\n|\n|t:|1783545078\n|switch|p2a: Gastrodon|Gastrodon, L86, M|100/100\n|move|p1a: Clefable|Moonblast|p2a: Gastrodon\n|-damage|p2a: Gastrodon|53/100\n|\n|-heal|p1a: Clefable|269/293|[from] item: Leftovers\n|-heal|p2a: Gastrodon|59/100|[from] item: Leftovers\n|upkeep\n|turn|11\n|inactive|Time left: 300 sec this turn | 300 sec total\n|\n|t:|1783545080\n|move|p1a: Clefable|Moonblast|p2a: Gastrodon\n|-damage|p2a: Gastrodon|16/100\n|move|p2a: Gastrodon|Recover|p2a: Gastrodon\n|-heal|p2a: Gastrodon|66/100\n|\n|-heal|p1a: Clefable|287/293|[from] item: Leftovers\n|-heal|p2a: Gastrodon|72/100|[from] item: Leftovers\n|upkeep\n|turn|12\n|inactive|Time left: 300 sec this turn | 300 sec total\n|\n|t:|1783545081\n|move|p1a: Clefable|Moonblast|p2a: Gastrodon\n|-damage|p2a: Gastrodon|28/100\n|move|p2a: Gastrodon|Recover|p2a: Gastrodon\n|-heal|p2a: Gastrodon|78/100\n|\n|-heal|p1a: Clefable|293/293|[from] item: Leftovers\n|-heal|p2a: Gastrodon|84/100|[from] item: Leftovers\n|upkeep\n|turn|13\n|inactive|Time left: 300 sec this turn | 300 sec total\n|\n|t:|1783545082\n|move|p1a: Clefable|Moonblast|p2a: Gastrodon\n|-damage|p2a: Gastrodon|36/100\n|move|p2a: Gastrodon|Clear Smog|p1a: Clefable\n|-supereffective|p1a: Clefable\n|-damage|p1a: Clefable|255/293\n|-clearboost|p1a: Clefable\n|\n|-heal|p1a: Clefable|273/293|[from] item: Leftovers\n|-heal|p2a: Gastrodon|42/100|[from] item: Leftovers\n|upkeep\n|turn|14\n|inactive|Time left: 300 sec this turn | 300 sec total\n|\n|t:|1783545083\n|move|p1a: Clefable|Moonblast|p2a: Gastrodon\n|-damage|p2a: Gastrodon|11/100\n|move|p2a: Gastrodon|Recover|p2a: Gastrodon\n|-heal|p2a: Gastrodon|62/100\n|\n|-heal|p1a: Clefable|291/293|[from] item: Leftovers\n|-heal|p2a: Gastrodon|68/100|[from] item: Leftovers\n|upkeep\n|turn|15\n|inactive|Time left: 300 sec this turn | 300 sec total\n|\n|t:|1783545085\n|move|p1a: Clefable|Calm Mind|p1a: Clefable\n|-boost|p1a: Clefable|spa|1\n|-boost|p1a: Clefable|spd|1\n|move|p2a: Gastrodon|Surf|p1a: Clefable\n|-damage|p1a: Clefable|231/293\n|\n|-heal|p1a: Clefable|249/293|[from] item: Leftovers\n|-heal|p2a: Gastrodon|74/100|[from] item: Leftovers\n|upkeep\n|turn|16\n|inactive|Time left: 300 sec this turn | 300 sec total\n|\n|t:|1783545086\n|move|p1a: Clefable|Moonblast|p2a: Gastrodon\n|-damage|p2a: Gastrodon|24/100\n|-unboost|p2a: Gastrodon|spa|1\n|move|p2a: Gastrodon|Clear Smog|p1a: Clefable\n|-supereffective|p1a: Clefable\n|-damage|p1a: Clefable|201/293\n|-clearboost|p1a: Clefable\n|\n|-heal|p1a: Clefable|219/293|[from] item: Leftovers\n|-heal|p2a: Gastrodon|30/100|[from] item: Leftovers\n|upkeep\n|turn|17\n|inactive|Time left: 300 sec this turn | 300 sec total\n|\n|t:|1783545087\n|move|p1a: Clefable|Moonblast|p2a: Gastrodon\n|-crit|p2a: Gastrodon\n|-damage|p2a: Gastrodon|0 fnt\n|faint|p2a: Gastrodon\n|\n|-heal|p1a: Clefable|237/293|[from] item: Leftovers\n|upkeep\n|\n|t:|1783545088\n|switch|p2a: Oranguru|Oranguru, L92, F|100/100\n|turn|18\n|inactive|Time left: 300 sec this turn | 300 sec total\n|\n|t:|1783545089\n|move|p2a: Oranguru|Nasty Plot|p2a: Oranguru\n|-boost|p2a: Oranguru|spa|2\n|move|p1a: Clefable|Calm Mind|p1a: Clefable\n|-boost|p1a: Clefable|spa|1\n|-boost|p1a: Clefable|spd|1\n|\n|-heal|p1a: Clefable|255/293|[from] item: Leftovers\n|upkeep\n|turn|19\n|inactive|Time left: 300 sec this turn | 300 sec total\n|\n|t:|1783545090\n|move|p2a: Oranguru|Psyshock|p1a: Clefable\n|-damage|p1a: Clefable|152/293\n|move|p1a: Clefable|Calm Mind|p1a: Clefable\n|-boost|p1a: Clefable|spa|1\n|-boost|p1a: Clefable|spd|1\n|\n|-heal|p1a: Clefable|170/293|[from] item: Leftovers\n|upkeep\n|turn|20\n|inactive|Time left: 300 sec this turn | 300 sec total\n|\n|t:|1783545091\n|move|p2a: Oranguru|Psyshock|p1a: Clefable\n|-damage|p1a: Clefable|56/293\n|move|p1a: Clefable|Moonlight|p1a: Clefable\n|-heal|p1a: Clefable|202/293\n|\n|-heal|p1a: Clefable|220/293|[from] item: Leftovers\n|upkeep\n|turn|21\n|inactive|Time left: 300 sec this turn | 300 sec total\n|\n|t:|1783545092\n|move|p2a: Oranguru|Psyshock|p1a: Clefable\n|-damage|p1a: Clefable|106/293\n|move|p1a: Clefable|Moonblast|p2a: Oranguru\n|-damage|p2a: Oranguru|50/100\n|\n|-heal|p2a: Oranguru|56/100|[from] item: Leftovers\n|-heal|p1a: Clefable|124/293|[from] item: Leftovers\n|upkeep\n|turn|22\n|inactive|Time left: 300 sec this turn | 300 sec total\n|\n|t:|1783545094\n|move|p2a: Oranguru|Psyshock|p1a: Clefable\n|-damage|p1a: Clefable|12/293\n|move|p1a: Clefable|Moonlight|p1a: Clefable\n|-heal|p1a: Clefable|158/293\n|\n|-heal|p2a: Oranguru|62/100|[from] item: Leftovers\n|-heal|p1a: Clefable|176/293|[from] item: Leftovers\n|upkeep\n|turn|23\n|inactive|Time left: 300 sec this turn | 300 sec total\n|\n|t:|1783545095\n|move|p2a: Oranguru|Psyshock|p1a: Clefable\n|-crit|p1a: Clefable\n|-damage|p1a: Clefable|22/293\n|move|p1a: Clefable|Moonblast|p2a: Oranguru\n|-damage|p2a: Oranguru|13/100\n|\n|-heal|p2a: Oranguru|19/100|[from] item: Leftovers\n|-heal|p1a: Clefable|40/293|[from] item: Leftovers\n|upkeep\n|turn|24\n|inactive|Time left: 300 sec this turn | 300 sec total\n|\n|t:|1783545096\n|move|p2a: Oranguru|Psyshock|p1a: Clefable\n|-damage|p1a: Clefable|0 fnt\n|faint|p1a: Clefable\n|\n|-heal|p2a: Oranguru|25/100|[from] item: Leftovers\n|upkeep\n|inactive|Time left: 300 sec this turn | 300 sec total | 5 sec grace\n|\n|t:|1783545097\n|switch|p1a: Dachsbun|Dachsbun, L92, M|254/254\n|turn|25\n|inactive|Time left: 300 sec this turn | 300 sec total\n|\n|t:|1783545098\n|move|p1a: Dachsbun|Play Rough|p2a: Oranguru\n|-damage|p2a: Oranguru|0 fnt\n|faint|p2a: Oranguru\n|\n|upkeep\n|\n|t:|1783545099\n|switch|p2a: Mismagius|Mismagius, L86, F|100/100\n|turn|26\n|inactive|Time left: 300 sec this turn | 300 sec total\n|\n|t:|1783545100\n|move|p2a: Mismagius|Nasty Plot|p2a: Mismagius\n|-boost|p2a: Mismagius|spa|2\n|move|p1a: Dachsbun|Play Rough|p2a: Mismagius\n|-damage|p2a: Mismagius|49/100\n|-unboost|p2a: Mismagius|atk|1\n|\n|upkeep\n|turn|27\n|inactive|Time left: 300 sec this turn | 300 sec total\n|\n|t:|1783545101\n|-terastallize|p2a: Mismagius|Electric\n|move|p2a: Mismagius|Thunderbolt|p1a: Dachsbun\n|-damage|p1a: Dachsbun|4/254\n|-damage|p2a: Mismagius|39/100|[from] item: Life Orb\n|move|p1a: Dachsbun|Play Rough|p2a: Mismagius|[miss]\n|-miss|p1a: Dachsbun|p2a: Mismagius\n|\n|-heal|p1a: Dachsbun|19/254|[from] item: Leftovers\n|upkeep\n|turn|28\n|inactive|Time left: 300 sec this turn | 300 sec total\n|\n|t:|1783545102\n|move|p1a: Dachsbun|Protect|p1a: Dachsbun\n|-singleturn|p1a: Dachsbun|Protect\n|move|p2a: Mismagius|Thunderbolt|p1a: Dachsbun\n|-activate|p1a: Dachsbun|move: Protect\n|\n|-heal|p1a: Dachsbun|34/254|[from] item: Leftovers\n|upkeep\n|turn|29\n|inactive|Time left: 300 sec this turn | 300 sec total\n|\n|t:|1783545103\n|move|p1a: Dachsbun|Protect||[still]\n|-fail|p1a: Dachsbun\n|move|p2a: Mismagius|Thunderbolt|p1a: Dachsbun\n|-damage|p1a: Dachsbun|0 fnt\n|faint|p1a: Dachsbun\n|-damage|p2a: Mismagius|29/100|[from] item: Life Orb\n|\n|upkeep\n|inactive|Time left: 300 sec this turn | 300 sec total | 5 sec grace\n|\n|t:|1783545104\n|switch|p1a: Ariados|Ariados, L95, M|287/287\n|turn|30\n|inactive|Time left: 300 sec this turn | 300 sec total\n|\n|t:|1783545105\n|move|p1a: Ariados|Sucker Punch|p2a: Mismagius\n|-damage|p2a: Mismagius|0 fnt\n|faint|p2a: Mismagius\n|\n|upkeep\n|\n|t:|1783545106\n|switch|p2a: Incineroar|Incineroar, L82, F|100/100\n|-ability|p2a: Incineroar|Intimidate|boost\n|-unboost|p1a: Ariados|atk|1\n|turn|31\n|inactive|Time left: 300 sec this turn | 300 sec total\n|\n|t:|1783545107\n|move|p2a: Incineroar|Knock Off|p1a: Ariados\n|-damage|p1a: Ariados|161/287\n|-enditem|p1a: Ariados|Heavy-Duty Boots|[from] move: Knock Off|[of] p2a: Incineroar\n|move|p1a: Ariados|Poison Jab|p2a: Incineroar\n|-crit|p2a: Incineroar\n|-damage|p2a: Incineroar|49/100\n|-status|p2a: Incineroar|psn\n|\n|-damage|p2a: Incineroar|37/100 psn|[from] psn\n|upkeep\n|turn|32\n|inactive|Time left: 300 sec this turn | 300 sec total\n|\n|t:|1783545108\n|move|p2a: Incineroar|Knock Off|p1a: Ariados\n|-damage|p1a: Ariados|85/287\n|move|p1a: Ariados|Poison Jab|p2a: Incineroar\n|-damage|p2a: Incineroar|13/100 psn\n|\n|-damage|p2a: Incineroar|0 fnt|[from] psn\n|faint|p2a: Incineroar\n|upkeep\n|\n|t:|1783545109\n|switch|p2a: Clefable|Clefable, L83, M|100/100\n|turn|33\n|inactive|Time left: 300 sec this turn | 300 sec total\n|\n|t:|1783545110\n|switch|p1a: Gholdengo|Gholdengo, L77|261/261\n|move|p2a: Clefable|Fire Blast|p1a: Gholdengo|[miss]\n|-miss|p2a: Clefable|p1a: Gholdengo\n|\n|upkeep\n|turn|34\n|inactive|Time left: 300 sec this turn | 300 sec total\n|\n|t:|1783545111\n|-terastallize|p1a: Gholdengo|Steel\n|move|p1a: Gholdengo|Make It Rain|p2a: Clefable\n|-supereffective|p2a: Clefable\n|-damage|p2a: Clefable|0 fnt\n|-unboost|p1a: Gholdengo|spa|1\n|faint|p2a: Clefable\n|\n|win|p0x456b30b", "uploadtime": 1783545111, "views": 0, "rating": 0, "private": 0, "password": null, "_winner": "p0x456b30b", "_our_name": "p0x456b30b"}