{"id": "battle-gen9randombattle-2224", "formatid": "gen9randombattle", "format": "[Gen 9] Random Battle", "players": ["p0x22245cef", "p0y222456fd"], "log": "|init|battle\n|title|p0x22245cef vs. p0y222456fd\n|j|\u2606p0x22245cef\n|j|\u2606p0y222456fd\n|t:|1783565777\n|gametype|singles\n|player|p1|p0x22245cef|101|\n|player|p2|p0y222456fd|1|\n|gen|9\n|tier|[Gen 9] Random Battle\n|rule|Species Clause: Limit one of each Pok\u00e9mon\n|rule|HP Percentage Mod: HP is shown in percentages\n|rule|Sleep Clause Mod: Limit one foe put to sleep\n|rule|Illusion Level Mod: Illusion disguises the Pok\u00e9mon's true level\n|\n|t:|1783565777\n|teamsize|p1|6\n|teamsize|p2|6\n|start\n|switch|p1a: Morpeko|Morpeko, L88, F|245/245\n|switch|p2a: Miraidon|Miraidon, L65|100/100\n|-fieldstart|move: Electric Terrain|[from] ability: Hadron Engine|[of] p2a: Miraidon\n|turn|1\n|inactive|Battle timer is ON: inactive players will automatically lose when time's up. (requested by p0x22245cef)\n|inactive|p0y222456fd also wants the timer to be on.\n|\n|t:|1783565779\n|move|p1a: Morpeko|Parting Shot|p2a: Miraidon\n|-unboost|p2a: Miraidon|atk|1\n|-unboost|p2a: Miraidon|spa|1\n|inactive|Time left: 300 sec this turn | 300 sec total | 65 sec grace\n|\n|t:|1783565780\n|switch|p1a: Sunflora|Sunflora, F|312/312|[from] Parting Shot\n|move|p2a: Miraidon|Draco Meteor|p1a: Sunflora\n|-damage|p1a: Sunflora|173/312\n|-unboost|p2a: Miraidon|spa|2\n|\n|upkeep\n|turn|2\n|inactive|Time left: 300 sec this turn | 300 sec total\n|\n|t:|1783565781\n|switch|p2a: Beartic|Beartic, L91, F|100/100\n|move|p1a: Sunflora|Earth Power|p2a: Beartic\n|-damage|p2a: Beartic|53/100\n|\n|upkeep\n|turn|3\n|inactive|Time left: 300 sec this turn | 300 sec total\n|\n|t:|1783565782\n|move|p2a: Beartic|Icicle Crash|p1a: Sunflora\n|-supereffective|p1a: Sunflora\n|-damage|p1a: Sunflora|0 fnt\n|faint|p1a: Sunflora\n|\n|upkeep\n|inactive|Time left: 300 sec this turn | 300 sec total | 5 sec grace\n|\n|t:|1783565783\n|switch|p1a: Morpeko|Morpeko, L88, F|245/245\n|turn|4\n|inactive|Time left: 300 sec this turn | 300 sec total\n|\n|t:|1783565784\n|move|p1a: Morpeko|Parting Shot|p2a: Beartic\n|-unboost|p2a: Beartic|atk|1\n|-unboost|p2a: Beartic|spa|1\n|inactive|Time left: 300 sec this turn | 300 sec total | 5 sec grace\n|\n|t:|1783565784\n|switch|p1a: Orthworm|Orthworm, L88, F|266/266|[from] Parting Shot\n|move|p2a: Beartic|Earthquake|p1a: Orthworm\n|-immune|p1a: Orthworm|[from] ability: Earth Eater\n|\n|upkeep\n|turn|5\n|inactive|Time left: 300 sec this turn | 300 sec total\n|\n|t:|1783565785\n|switch|p2a: Zacian|Zacian, L69|100/100\n|-ability|p2a: Zacian|Intrepid Sword|boost\n|-boost|p2a: Zacian|atk|1\n|move|p1a: Orthworm|Coil|p1a: Orthworm\n|-boost|p1a: Orthworm|atk|1\n|-boost|p1a: Orthworm|def|1\n|-boost|p1a: Orthworm|accuracy|1\n|\n|-fieldend|move: Electric Terrain\n|upkeep\n|turn|6\n|inactive|Time left: 300 sec this turn | 300 sec total\n|\n|t:|1783565786\n|switch|p2a: Miraidon|Miraidon, L65|100/100\n|-fieldstart|move: Electric Terrain|[from] ability: Hadron Engine|[of] p2a: Miraidon\n|move|p1a: Orthworm|Iron Tail|p2a: Miraidon\n|-resisted|p2a: Miraidon\n|-damage|p2a: Miraidon|59/100\n|\n|upkeep\n|turn|7\n|inactive|Time left: 300 sec this turn | 300 sec total\n|\n|t:|1783565787\n|switch|p1a: Morpeko|Morpeko, L88, F|245/245\n|move|p2a: Miraidon|Electro Drift|p1a: Morpeko\n|-resisted|p1a: Morpeko\n|-damage|p1a: Morpeko|99/245\n|\n|-formechange|p1a: Morpeko|Morpeko-Hangry||[from] ability: Hunger Switch\n|upkeep\n|turn|8\n|inactive|Time left: 300 sec this turn | 300 sec total\n|\n|t:|1783565788\n|switch|p2a: Cobalion|Cobalion, L80|100/100\n|move|p1a: Morpeko|Aura Wheel|p2a: Cobalion\n|-resisted|p2a: Cobalion\n|-damage|p2a: Cobalion|84/100\n|-boost|p1a: Morpeko|spe|1\n|-ability|p2a: Cobalion|Justified|boost\n|-boost|p2a: Cobalion|atk|1\n|\n|-formechange|p1a: Morpeko|Morpeko||[from] ability: Hunger Switch\n|upkeep\n|turn|9\n|inactive|Time left: 300 sec this turn | 300 sec total\n|\n|t:|1783565789\n|move|p1a: Morpeko|Aura Wheel|p2a: Cobalion\n|-damage|p2a: Cobalion|37/100\n|-boost|p1a: Morpeko|spe|1\n|move|p2a: Cobalion|Close Combat|p1a: Morpeko\n|-supereffective|p1a: Morpeko\n|-damage|p1a: Morpeko|0 fnt\n|-unboost|p2a: Cobalion|def|1\n|-unboost|p2a: Cobalion|spd|1\n|faint|p1a: Morpeko\n|-damage|p2a: Cobalion|27/100|[from] item: Life Orb\n|\n|upkeep\n|inactive|Time left: 300 sec this turn | 300 sec total | 5 sec grace\n|\n|t:|1783565789\n|switch|p1a: Vaporeon|Vaporeon, L86, M|364/364\n|turn|10\n|inactive|Time left: 300 sec this turn | 300 sec total\n|\n|t:|1783565790\n|move|p2a: Cobalion|Close Combat|p1a: Vaporeon\n|-damage|p1a: Vaporeon|66/364\n|-unboost|p2a: Cobalion|def|1\n|-unboost|p2a: Cobalion|spd|1\n|-damage|p2a: Cobalion|17/100|[from] item: Life Orb\n|move|p1a: Vaporeon|Scald|p2a: Cobalion\n|-damage|p2a: Cobalion|0 fnt\n|faint|p2a: Cobalion\n|\n|-heal|p1a: Vaporeon|88/364|[from] item: Leftovers\n|-fieldend|move: Electric Terrain\n|upkeep\n|\n|t:|1783565791\n|switch|p2a: Miraidon|Miraidon, L65|59/100\n|-fieldstart|move: Electric Terrain|[from] ability: Hadron Engine|[of] p2a: Miraidon\n|turn|11\n|inactive|Time left: 300 sec this turn | 300 sec total\n|\n|t:|1783565792\n|move|p1a: Vaporeon|Protect|p1a: Vaporeon\n|-singleturn|p1a: Vaporeon|Protect\n|move|p2a: Miraidon|Electro Drift|p1a: Vaporeon\n|-activate|p1a: Vaporeon|move: Protect\n|\n|-heal|p1a: Vaporeon|110/364|[from] item: Leftovers\n|upkeep\n|turn|12\n|inactive|Time left: 300 sec this turn | 300 sec total\n|\n|t:|1783565793\n|move|p1a: Vaporeon|Protect|p1a: Vaporeon\n|-singleturn|p1a: Vaporeon|Protect\n|move|p2a: Miraidon|Electro Drift|p1a: Vaporeon\n|-activate|p1a: Vaporeon|move: Protect\n|\n|-heal|p1a: Vaporeon|132/364|[from] item: Leftovers\n|upkeep\n|turn|13\n|inactive|Time left: 300 sec this turn | 300 sec total\n|\n|t:|1783565794\n|move|p2a: Miraidon|Electro Drift|p1a: Vaporeon\n|-supereffective|p1a: Vaporeon\n|-damage|p1a: Vaporeon|0 fnt\n|faint|p1a: Vaporeon\n|\n|upkeep\n|inactive|Time left: 300 sec this turn | 300 sec total | 5 sec grace\n|\n|t:|1783565794\n|switch|p1a: Glaceon|Glaceon, L94, M|275/275\n|turn|14\n|inactive|Time left: 300 sec this turn | 300 sec total\n|\n|t:|1783565795\n|move|p2a: Miraidon|Electro Drift|p1a: Glaceon\n|-crit|p1a: Glaceon\n|-damage|p1a: Glaceon|0 fnt\n|faint|p1a: Glaceon\n|\n|upkeep\n|inactive|Time left: 300 sec this turn | 300 sec total | 5 sec grace\n|\n|t:|1783565796\n|switch|p1a: Talonflame|Talonflame, L83, F|265/265\n|turn|15\n|inactive|Time left: 300 sec this turn | 300 sec total\n|\n|t:|1783565797\n|-terastallize|p1a: Talonflame|Ground\n|move|p1a: Talonflame|Brave Bird|p2a: Miraidon\n|-resisted|p2a: Miraidon\n|-damage|p2a: Miraidon|30/100\n|-damage|p1a: Talonflame|243/265|[from] Recoil\n|move|p2a: Miraidon|Electro Drift|p1a: Talonflame\n|-immune|p1a: Talonflame\n|\n|-fieldend|move: Electric Terrain\n|upkeep\n|turn|16\n|inactive|Time left: 300 sec this turn | 300 sec total\n|\n|t:|1783565798\n|switch|p2a: Zacian|Zacian, L69|100/100\n|move|p1a: Talonflame|Brave Bird|p2a: Zacian\n|-damage|p2a: Zacian|58/100\n|-damage|p1a: Talonflame|209/265|[from] Recoil\n|\n|upkeep\n|turn|17\n|inactive|Time left: 300 sec this turn | 300 sec total\n|\n|t:|1783565799\n|move|p1a: Talonflame|Brave Bird|p2a: Zacian\n|-damage|p2a: Zacian|12/100\n|-damage|p1a: Talonflame|172/265|[from] Recoil\n|move|p2a: Zacian|Play Rough|p1a: Talonflame\n|-damage|p1a: Talonflame|55/265\n|-status|p2a: Zacian|brn|[from] ability: Flame Body|[of] p1a: Talonflame\n|-damage|p2a: Zacian|2/100 brn|[from] item: Life Orb\n|\n|-damage|p2a: Zacian|0 fnt|[from] brn\n|faint|p2a: Zacian\n|upkeep\n|\n|t:|1783565801\n|switch|p2a: Raichu|Raichu, L88, M|100/100\n|turn|18\n|inactive|Time left: 300 sec this turn | 300 sec total\n|\n|t:|1783565802\n|move|p1a: Talonflame|Roost|p1a: Talonflame\n|-heal|p1a: Talonflame|188/265\n|move|p2a: Raichu|Tera Blast|p1a: Talonflame\n|-damage|p1a: Talonflame|88/265\n|-damage|p2a: Raichu|91/100|[from] item: Life Orb\n|\n|upkeep\n|turn|19\n|inactive|Time left: 300 sec this turn | 300 sec total\n|\n|t:|1783565803\n|move|p1a: Talonflame|Roost|p1a: Talonflame\n|-heal|p1a: Talonflame|221/265\n|move|p2a: Raichu|Nasty Plot|p2a: Raichu\n|-boost|p2a: Raichu|spa|2\n|\n|upkeep\n|turn|20\n|inactive|Time left: 300 sec this turn | 300 sec total\n|\n|t:|1783565804\n|move|p1a: Talonflame|U-turn|p2a: Raichu\n|-damage|p2a: Raichu|70/100\n|inactive|Time left: 300 sec this turn | 300 sec total | 5 sec grace\n|\n|t:|1783565806\n|switch|p1a: Orthworm|Orthworm, L88, F|266/266|[from] U-turn\n|move|p2a: Raichu|Focus Blast|p1a: Orthworm\n|-supereffective|p1a: Orthworm\n|-damage|p1a: Orthworm|0 fnt\n|faint|p1a: Orthworm\n|-damage|p2a: Raichu|60/100|[from] item: Life Orb\n|\n|upkeep\n|inactive|Time left: 300 sec this turn | 300 sec total | 10 sec grace\n|\n|t:|1783565807\n|switch|p1a: Talonflame|Talonflame, L83, F, tera:Ground|221/265\n|turn|21\n|inactive|Time left: 300 sec this turn | 300 sec total\n|\n|t:|1783565808\n|-terastallize|p2a: Raichu|Ice\n|move|p1a: Talonflame|Overheat|p2a: Raichu|[miss]\n|-miss|p1a: Talonflame|p2a: Raichu\n|move|p2a: Raichu|Tera Blast|p1a: Talonflame|[anim] Tera Blast Ice\n|-supereffective|p1a: Talonflame\n|-damage|p1a: Talonflame|0 fnt\n|faint|p1a: Talonflame\n|-damage|p2a: Raichu|51/100|[from] item: Life Orb\n|\n|win|p0y222456fd", "uploadtime": 1783565808, "views": 0, "rating": 0, "private": 0, "password": null, "_winner": "p0y222456fd", "_our_name": "p0x22245cef"}