{"id": "battle-gen9randombattle-2034", "formatid": "gen9randombattle", "format": "[Gen 9] Random Battle", "players": ["p0x20342c8b", "p0y20342603"], "log": "|init|battle\n|title|p0x20342c8b vs. p0y20342603\n|j|\u2606p0x20342c8b\n|j|\u2606p0y20342603\n|t:|1783562800\n|gametype|singles\n|player|p1|p0x20342c8b|101|\n|player|p2|p0y20342603|169|\n|gen|9\n|tier|[Gen 9] Random Battle\n|rule|Species Clause: Limit one of each Pok\u00e9mon\n|rule|HP Percentage Mod: HP is shown in percentages\n|rule|Sleep Clause Mod: Limit one foe put to sleep\n|rule|Illusion Level Mod: Illusion disguises the Pok\u00e9mon's true level\n|\n|t:|1783562800\n|teamsize|p1|6\n|teamsize|p2|6\n|start\n|switch|p1a: Farigiraf|Farigiraf, L90, F|100/100\n|switch|p2a: Hitmontop|Hitmontop, L88, M|231/231\n|turn|1\n|inactive|Battle timer is ON: inactive players will automatically lose when time's up. (requested by p0x20342c8b)\n|inactive|Time left: 300 sec this turn | 300 sec total | 60 sec grace\n|inactive|p0y20342603 also wants the timer to be on.\n|\n|t:|1783562801\n|move|p2a: Hitmontop|Bulk Up|p2a: Hitmontop\n|-boost|p2a: Hitmontop|atk|1\n|-boost|p2a: Hitmontop|def|1\n|move|p1a: Farigiraf|Psychic Noise|p2a: Hitmontop\n|-supereffective|p2a: Hitmontop\n|-damage|p2a: Hitmontop|63/231\n|-start|p2a: Hitmontop|move: Heal Block\n|\n|upkeep\n|turn|2\n|inactive|Time left: 300 sec this turn | 300 sec total\n|\n|t:|1783562802\n|move|p2a: Hitmontop|Triple Axel|p1a: Farigiraf\n|-damage|p1a: Farigiraf|90/100\n|-crit|p1a: Farigiraf\n|-damage|p1a: Farigiraf|61/100\n|-damage|p1a: Farigiraf|31/100\n|-hitcount|p1a: Farigiraf|3\n|move|p1a: Farigiraf|Psychic Noise|p2a: Hitmontop\n|-supereffective|p2a: Hitmontop\n|-damage|p2a: Hitmontop|0 fnt\n|faint|p2a: Hitmontop\n|\n|-heal|p1a: Farigiraf|37/100|[from] item: Leftovers\n|upkeep\n|inactive|Time left: 300 sec this turn | 300 sec total | 5 sec grace\n|\n|t:|1783562803\n|switch|p2a: Mienshao|Mienshao, L83, M|243/243\n|turn|3\n|inactive|Time left: 300 sec this turn | 300 sec total\n|\n|t:|1783562804\n|move|p1a: Farigiraf|Protect|p1a: Farigiraf\n|-singleturn|p1a: Farigiraf|Protect\n|move|p2a: Mienshao|High Jump Kick|p1a: Farigiraf\n|-activate|p1a: Farigiraf|move: Protect\n|-damage|p2a: Mienshao|122/243|[from] highjumpkick\n|\n|-heal|p1a: Farigiraf|43/100|[from] item: Leftovers\n|upkeep\n|turn|4\n|inactive|Time left: 300 sec this turn | 300 sec total\n|\n|t:|1783562805\n|switch|p1a: Giratina|Giratina, L75|100/100\n|-ability|p1a: Giratina|Pressure\n|move|p2a: Mienshao|High Jump Kick|p1a: Giratina\n|-immune|p1a: Giratina\n|-damage|p2a: Mienshao|1/243|[from] highjumpkick\n|\n|upkeep\n|turn|5\n|inactive|Time left: 300 sec this turn | 300 sec total\n|\n|t:|1783562806\n|switch|p2a: Dunsparce|Dunsparce, L86, F|312/312\n|move|p1a: Giratina|Shadow Ball|p2a: Dunsparce\n|-immune|p2a: Dunsparce\n|\n|upkeep\n|turn|6\n|inactive|Time left: 300 sec this turn | 300 sec total\n|\n|t:|1783562807\n|move|p1a: Giratina|Will-O-Wisp|p2a: Dunsparce\n|-status|p2a: Dunsparce|brn\n|move|p2a: Dunsparce|Coil|p2a: Dunsparce\n|-boost|p2a: Dunsparce|atk|1\n|-boost|p2a: Dunsparce|def|1\n|-boost|p2a: Dunsparce|accuracy|1\n|\n|-damage|p2a: Dunsparce|293/312 brn|[from] brn\n|upkeep\n|turn|7\n|inactive|Time left: 300 sec this turn | 300 sec total\n|\n|t:|1783562808\n|move|p2a: Dunsparce|Coil|p2a: Dunsparce\n|-boost|p2a: Dunsparce|atk|1\n|-boost|p2a: Dunsparce|def|1\n|-boost|p2a: Dunsparce|accuracy|1\n|move|p1a: Giratina|Dragon Tail|p2a: Dunsparce\n|-damage|p2a: Dunsparce|274/312 brn\n|drag|p2a: Iron Boulder|Iron Boulder, L77|265/265\n|-enditem|p2a: Iron Boulder|Booster Energy\n|-activate|p2a: Iron Boulder|ability: Quark Drive|[fromitem]\n|-start|p2a: Iron Boulder|quarkdrivespe\n|\n|upkeep\n|turn|8\n|inactive|Time left: 300 sec this turn | 300 sec total\n|\n|t:|1783562809\n|-end|p2a: Iron Boulder|Quark Drive|[silent]\n|switch|p2a: Espeon|Espeon, L84, M|246/246\n|move|p1a: Giratina|Will-O-Wisp|p2a: Espeon\n|move|p2a: Espeon|Will-O-Wisp|p1a: Giratina|[from] ability: Magic Bounce\n|-status|p1a: Giratina|brn\n|\n|-damage|p1a: Giratina|94/100 brn|[from] brn\n|upkeep\n|turn|9\n|inactive|Time left: 300 sec this turn | 300 sec total\n|\n|t:|1783562810\n|move|p2a: Espeon|Alluring Voice|p1a: Giratina\n|-supereffective|p1a: Giratina\n|-damage|p1a: Giratina|37/100 brn\n|move|p1a: Giratina|Shadow Ball|p2a: Espeon\n|-supereffective|p2a: Espeon\n|-damage|p2a: Espeon|120/246\n|\n|-heal|p1a: Giratina|43/100 brn|[from] item: Leftovers\n|-damage|p1a: Giratina|37/100 brn|[from] brn\n|upkeep\n|turn|10\n|inactive|Time left: 300 sec this turn | 300 sec total\n|\n|t:|1783562811\n|switch|p1a: Magnezone|Magnezone, L85|100/100\n|move|p2a: Espeon|Alluring Voice|p1a: Magnezone\n|-resisted|p1a: Magnezone\n|-damage|p1a: Magnezone|81/100\n|\n|-heal|p1a: Magnezone|87/100|[from] item: Leftovers\n|upkeep\n|turn|11\n|inactive|Time left: 300 sec this turn | 300 sec total\n|\n|t:|1783562812\n|move|p2a: Espeon|Alluring Voice|p1a: Magnezone\n|-resisted|p1a: Magnezone\n|-damage|p1a: Magnezone|68/100\n|move|p1a: Magnezone|Thunderbolt|p2a: Espeon\n|-damage|p2a: Espeon|8/246\n|\n|-heal|p1a: Magnezone|74/100|[from] item: Leftovers\n|upkeep\n|turn|12\n|inactive|Time left: 300 sec this turn | 300 sec total\n|\n|t:|1783562813\n|move|p2a: Espeon|Alluring Voice|p1a: Magnezone\n|-resisted|p1a: Magnezone\n|-damage|p1a: Magnezone|52/100\n|move|p1a: Magnezone|Body Press|p2a: Espeon\n|-resisted|p2a: Espeon\n|-damage|p2a: Espeon|0 fnt\n|faint|p2a: Espeon\n|\n|-heal|p1a: Magnezone|59/100|[from] item: Leftovers\n|upkeep\n|inactive|Time left: 300 sec this turn | 300 sec total | 5 sec grace\n|\n|t:|1783562814\n|switch|p2a: Mienshao|Mienshao, L83, M|1/243\n|turn|13\n|inactive|Time left: 300 sec this turn | 300 sec total\n|\n|t:|1783562815\n|switch|p1a: Giratina|Giratina, L75|37/100 brn\n|-ability|p1a: Giratina|Pressure\n|move|p2a: Mienshao|High Jump Kick|p1a: Giratina\n|-immune|p1a: Giratina\n|-damage|p2a: Mienshao|0 fnt|[from] highjumpkick\n|faint|p2a: Mienshao\n|\n|-heal|p1a: Giratina|43/100 brn|[from] item: Leftovers\n|-damage|p1a: Giratina|37/100 brn|[from] brn\n|upkeep\n|inactive|Time left: 300 sec this turn | 300 sec total | 5 sec grace\n|\n|t:|1783562816\n|switch|p2a: Hydreigon|Hydreigon, L79, M|275/275\n|turn|14\n|inactive|Time left: 300 sec this turn | 300 sec total\n|\n|t:|1783562817\n|switch|p1a: Blissey|Blissey, L85, F|100/100\n|move|p2a: Hydreigon|Dark Pulse|p1a: Blissey\n|-damage|p1a: Blissey|89/100\n|\n|-heal|p1a: Blissey|95/100|[from] item: Leftovers\n|upkeep\n|turn|15\n|inactive|Time left: 300 sec this turn | 300 sec total\n|\n|t:|1783562818\n|move|p2a: Hydreigon|Dark Pulse|p1a: Blissey\n|-damage|p1a: Blissey|84/100\n|cant|p1a: Blissey|flinch\n|\n|-heal|p1a: Blissey|90/100|[from] item: Leftovers\n|upkeep\n|turn|16\n|inactive|Time left: 300 sec this turn | 300 sec total\n|\n|t:|1783562819\n|move|p2a: Hydreigon|Dark Pulse|p1a: Blissey\n|-damage|p1a: Blissey|79/100\n|move|p1a: Blissey|Seismic Toss|p2a: Hydreigon\n|-damage|p2a: Hydreigon|190/275\n|\n|-heal|p1a: Blissey|85/100|[from] item: Leftovers\n|upkeep\n|turn|17\n|inactive|Time left: 300 sec this turn | 300 sec total\n|\n|t:|1783562820\n|move|p2a: Hydreigon|Dark Pulse|p1a: Blissey\n|-damage|p1a: Blissey|75/100\n|move|p1a: Blissey|Seismic Toss|p2a: Hydreigon\n|-damage|p2a: Hydreigon|105/275\n|\n|-heal|p1a: Blissey|81/100|[from] item: Leftovers\n|upkeep\n|turn|18\n|inactive|Time left: 300 sec this turn | 300 sec total\n|\n|t:|1783562821\n|move|p2a: Hydreigon|Dark Pulse|p1a: Blissey\n|-damage|p1a: Blissey|69/100\n|move|p1a: Blissey|Seismic Toss|p2a: Hydreigon\n|-damage|p2a: Hydreigon|20/275\n|\n|-heal|p1a: Blissey|75/100|[from] item: Leftovers\n|upkeep\n|turn|19\n|inactive|Time left: 300 sec this turn | 300 sec total\n|\n|t:|1783562822\n|move|p2a: Hydreigon|Dark Pulse|p1a: Blissey\n|-damage|p1a: Blissey|64/100\n|move|p1a: Blissey|Heal Bell|p1a: Blissey\n|-activate|p1a: Blissey|move: Heal Bell\n|-curestatus|p1: Giratina|brn|[msg]\n|\n|-heal|p1a: Blissey|70/100|[from] item: Leftovers\n|upkeep\n|turn|20\n|inactive|Time left: 300 sec this turn | 300 sec total\n|\n|t:|1783562824\n|move|p2a: Hydreigon|Dark Pulse|p1a: Blissey\n|-damage|p1a: Blissey|58/100\n|move|p1a: Blissey|Seismic Toss|p2a: Hydreigon\n|-damage|p2a: Hydreigon|0 fnt\n|faint|p2a: Hydreigon\n|\n|-heal|p1a: Blissey|64/100|[from] item: Leftovers\n|upkeep\n|inactive|Time left: 300 sec this turn | 300 sec total | 5 sec grace\n|\n|t:|1783562825\n|switch|p2a: Iron Boulder|Iron Boulder, L77|265/265\n|turn|21\n|inactive|Time left: 300 sec this turn | 300 sec total\n|\n|t:|1783562826\n|switch|p1a: Granbull|Granbull, L88, F|100/100\n|-ability|p1a: Granbull|Intimidate|boost\n|-unboost|p2a: Iron Boulder|atk|1\n|move|p2a: Iron Boulder|Swords Dance|p2a: Iron Boulder\n|-boost|p2a: Iron Boulder|atk|2\n|\n|upkeep\n|turn|22\n|inactive|Time left: 300 sec this turn | 300 sec total\n|\n|t:|1783562827\n|move|p2a: Iron Boulder|Mighty Cleave|p1a: Granbull\n|-damage|p1a: Granbull|47/100\n|move|p1a: Granbull|Play Rough|p2a: Iron Boulder\n|-damage|p2a: Iron Boulder|126/265\n|\n|-heal|p1a: Granbull|52/100|[from] item: Leftovers\n|upkeep\n|turn|23\n|inactive|Time left: 300 sec this turn | 300 sec total\n|\n|t:|1783562828\n|-terastallize|p1a: Granbull|Ground\n|move|p2a: Iron Boulder|Mighty Cleave|p1a: Granbull\n|-resisted|p1a: Granbull\n|-damage|p1a: Granbull|24/100\n|move|p1a: Granbull|Earthquake|p2a: Iron Boulder\n|-supereffective|p2a: Iron Boulder\n|-crit|p2a: Iron Boulder\n|-damage|p2a: Iron Boulder|0 fnt\n|faint|p2a: Iron Boulder\n|-end|p2a: Iron Boulder|Quark Drive|[silent]\n|\n|-heal|p1a: Granbull|30/100|[from] item: Leftovers\n|upkeep\n|inactive|Time left: 300 sec this turn | 300 sec total | 5 sec grace\n|\n|t:|1783562828\n|switch|p2a: Dunsparce|Dunsparce, L86, F|274/312 brn\n|turn|24\n|inactive|Time left: 300 sec this turn | 300 sec total\n|\n|t:|1783562829\n|move|p1a: Granbull|Earthquake|p2a: Dunsparce\n|-crit|p2a: Dunsparce\n|-damage|p2a: Dunsparce|129/312 brn\n|move|p2a: Dunsparce|Coil|p2a: Dunsparce\n|-boost|p2a: Dunsparce|atk|1\n|-boost|p2a: Dunsparce|def|1\n|-boost|p2a: Dunsparce|accuracy|1\n|\n|-heal|p1a: Granbull|36/100|[from] item: Leftovers\n|-damage|p2a: Dunsparce|110/312 brn|[from] brn\n|upkeep\n|turn|25\n|inactive|Time left: 300 sec this turn | 300 sec total\n|\n|t:|1783562830\n|move|p1a: Granbull|Earthquake|p2a: Dunsparce\n|-damage|p2a: Dunsparce|32/312 brn\n|move|p2a: Dunsparce|Roost|p2a: Dunsparce\n|-heal|p2a: Dunsparce|188/312 brn\n|-singleturn|p2a: Dunsparce|move: Roost\n|\n|-heal|p1a: Granbull|42/100|[from] item: Leftovers\n|-damage|p2a: Dunsparce|169/312 brn|[from] brn\n|upkeep\n|turn|26\n|inactive|Time left: 300 sec this turn | 300 sec total\n|\n|t:|1783562831\n|move|p1a: Granbull|Earthquake|p2a: Dunsparce\n|-damage|p2a: Dunsparce|91/312 brn\n|move|p2a: Dunsparce|Roost|p2a: Dunsparce\n|-heal|p2a: Dunsparce|247/312 brn\n|-singleturn|p2a: Dunsparce|move: Roost\n|\n|-heal|p1a: Granbull|48/100|[from] item: Leftovers\n|-damage|p2a: Dunsparce|228/312 brn|[from] brn\n|upkeep\n|turn|27\n|inactive|Time left: 300 sec this turn | 300 sec total\n|\n|t:|1783562832\n|switch|p1a: Magnezone|Magnezone, L85|59/100\n|move|p2a: Dunsparce|Coil|p2a: Dunsparce\n|-boost|p2a: Dunsparce|atk|1\n|-boost|p2a: Dunsparce|def|1\n|-boost|p2a: Dunsparce|accuracy|1\n|\n|-heal|p1a: Magnezone|65/100|[from] item: Leftovers\n|-damage|p2a: Dunsparce|209/312 brn|[from] brn\n|upkeep\n|turn|28\n|inactive|Time left: 300 sec this turn | 300 sec total\n|\n|t:|1783562833\n|move|p1a: Magnezone|Thunderbolt|p2a: Dunsparce\n|-damage|p2a: Dunsparce|112/312 brn\n|move|p2a: Dunsparce|Earthquake|p1a: Magnezone\n|-supereffective|p1a: Magnezone\n|-damage|p1a: Magnezone|0 fnt\n|faint|p1a: Magnezone\n|\n|-damage|p2a: Dunsparce|93/312 brn|[from] brn\n|upkeep\n|\n|t:|1783562834\n|switch|p1a: Farigiraf|Farigiraf, L90, F|43/100\n|turn|29\n|inactive|Time left: 300 sec this turn | 300 sec total\n|\n|t:|1783562834\n|move|p1a: Farigiraf|Psychic Noise|p2a: Dunsparce\n|-damage|p2a: Dunsparce|3/312 brn\n|-start|p2a: Dunsparce|move: Heal Block\n|cant|p2a: Dunsparce|move: Heal Block|Roost\n|\n|-heal|p1a: Farigiraf|49/100|[from] item: Leftovers\n|-damage|p2a: Dunsparce|0 fnt|[from] brn\n|faint|p2a: Dunsparce\n|\n|win|p0x20342c8b", "uploadtime": 1783562835, "views": 0, "rating": 0, "private": 0, "password": null, "_winner": "p0x20342c8b", "_our_name": "p0y20342603"}