{"id": "battle-gen9randombattle-111", "formatid": "gen9randombattle", "format": "[Gen 9] Random Battle", "players": ["p0x1117e2b", "p0y111cef1"], "log": "|init|battle\n|title|p0x1117e2b vs. p0y111cef1\n|j|\u2606p0x1117e2b\n|j|\u2606p0y111cef1\n|t:|1783534573\n|gametype|singles\n|player|p1|p0x1117e2b|169|\n|player|p2|p0y111cef1|1|\n|gen|9\n|tier|[Gen 9] Random Battle\n|rule|Species Clause: Limit one of each Pok\u00e9mon\n|rule|HP Percentage Mod: HP is shown in percentages\n|rule|Sleep Clause Mod: Limit one foe put to sleep\n|rule|Illusion Level Mod: Illusion disguises the Pok\u00e9mon's true level\n|\n|t:|1783534573\n|teamsize|p1|6\n|teamsize|p2|6\n|start\n|switch|p1a: Tauros|Tauros-Paldea-Combat, L82, M|257/257\n|switch|p2a: Espeon|Espeon, L84, F|100/100\n|-ability|p1a: Tauros|Intimidate|boost\n|-unboost|p2a: Espeon|atk|1\n|turn|1\n|inactive|Battle timer is ON: inactive players will automatically lose when time's up. (requested by p0y111cef1)\n|inactive|Time left: 300 sec this turn | 300 sec total | 60 sec grace\n|inactive|p0x1117e2b also wants the timer to be on.\n|\n|t:|1783534575\n|switch|p1a: Scream Tail|Scream Tail, L84|330/330\n|move|p2a: Espeon|Alluring Voice|p1a: Scream Tail\n|-crit|p1a: Scream Tail\n|-damage|p1a: Scream Tail|198/330\n|\n|-heal|p1a: Scream Tail|218/330|[from] item: Leftovers\n|upkeep\n|turn|2\n|inactive|Time left: 300 sec this turn | 300 sec total\n|\n|t:|1783534576\n|move|p1a: Scream Tail|Wish|p1a: Scream Tail\n|move|p2a: Espeon|Alluring Voice|p1a: Scream Tail\n|-damage|p1a: Scream Tail|124/330\n|\n|-heal|p1a: Scream Tail|144/330|[from] item: Leftovers\n|upkeep\n|turn|3\n|inactive|Time left: 300 sec this turn | 300 sec total\n|\n|t:|1783534577\n|move|p1a: Scream Tail|Dazzling Gleam|p2a: Espeon\n|-damage|p2a: Espeon|76/100\n|move|p2a: Espeon|Alluring Voice|p1a: Scream Tail\n|-crit|p1a: Scream Tail\n|-damage|p1a: Scream Tail|22/330\n|\n|-heal|p1a: Scream Tail|187/330|[from] move: Wish|[wisher] Scream Tail\n|-heal|p1a: Scream Tail|207/330|[from] item: Leftovers\n|upkeep\n|turn|4\n|inactive|Time left: 300 sec this turn | 300 sec total\n|\n|t:|1783534578\n|move|p1a: Scream Tail|Wish|p1a: Scream Tail\n|move|p2a: Espeon|Alluring Voice|p1a: Scream Tail\n|-damage|p1a: Scream Tail|117/330\n|\n|-heal|p1a: Scream Tail|137/330|[from] item: Leftovers\n|upkeep\n|turn|5\n|inactive|Time left: 300 sec this turn | 300 sec total\n|\n|t:|1783534579\n|move|p1a: Scream Tail|Dazzling Gleam|p2a: Espeon\n|-damage|p2a: Espeon|51/100\n|move|p2a: Espeon|Alluring Voice|p1a: Scream Tail\n|-damage|p1a: Scream Tail|52/330\n|\n|-heal|p1a: Scream Tail|217/330|[from] move: Wish|[wisher] Scream Tail\n|-heal|p1a: Scream Tail|237/330|[from] item: Leftovers\n|upkeep\n|turn|6\n|inactive|Time left: 300 sec this turn | 300 sec total\n|\n|t:|1783534580\n|move|p1a: Scream Tail|Dazzling Gleam|p2a: Espeon\n|-damage|p2a: Espeon|24/100\n|move|p2a: Espeon|Alluring Voice|p1a: Scream Tail\n|-damage|p1a: Scream Tail|151/330\n|\n|-heal|p1a: Scream Tail|171/330|[from] item: Leftovers\n|upkeep\n|turn|7\n|inactive|Time left: 300 sec this turn | 300 sec total\n|\n|t:|1783534581\n|move|p1a: Scream Tail|Wish|p1a: Scream Tail\n|move|p2a: Espeon|Alluring Voice|p1a: Scream Tail\n|-damage|p1a: Scream Tail|90/330\n|\n|-heal|p1a: Scream Tail|110/330|[from] item: Leftovers\n|upkeep\n|turn|8\n|inactive|Time left: 300 sec this turn | 300 sec total\n|\n|t:|1783534582\n|switch|p2a: Gholdengo|Gholdengo, L77|100/100\n|move|p1a: Scream Tail|Dazzling Gleam|p2a: Gholdengo\n|-resisted|p2a: Gholdengo\n|-damage|p2a: Gholdengo|87/100\n|\n|-heal|p1a: Scream Tail|275/330|[from] move: Wish|[wisher] Scream Tail\n|-heal|p1a: Scream Tail|295/330|[from] item: Leftovers\n|-heal|p2a: Gholdengo|93/100|[from] item: Leftovers\n|upkeep\n|turn|9\n|inactive|Time left: 300 sec this turn | 300 sec total\n|\n|t:|1783534583\n|move|p1a: Scream Tail|Dazzling Gleam|p2a: Gholdengo\n|-resisted|p2a: Gholdengo\n|-damage|p2a: Gholdengo|80/100\n|move|p2a: Gholdengo|Nasty Plot|p2a: Gholdengo\n|-boost|p2a: Gholdengo|spa|2\n|\n|-heal|p1a: Scream Tail|315/330|[from] item: Leftovers\n|-heal|p2a: Gholdengo|86/100|[from] item: Leftovers\n|upkeep\n|turn|10\n|inactive|Time left: 300 sec this turn | 300 sec total\n|\n|t:|1783534584\n|move|p1a: Scream Tail|Protect|p1a: Scream Tail\n|-singleturn|p1a: Scream Tail|Protect\n|move|p2a: Gholdengo|Make It Rain|p1a: Scream Tail\n|-activate|p1a: Scream Tail|move: Protect\n|\n|-heal|p1a: Scream Tail|330/330|[from] item: Leftovers\n|-heal|p2a: Gholdengo|92/100|[from] item: Leftovers\n|upkeep\n|turn|11\n|inactive|Time left: 300 sec this turn | 300 sec total\n|\n|t:|1783534585\n|-end|p1a: Scream Tail|Protosynthesis|[silent]\n|switch|p1a: Minun|Minun, L95, F|268/268\n|move|p2a: Gholdengo|Shadow Ball|p1a: Minun\n|-damage|p1a: Minun|114/268\n|-unboost|p1a: Minun|spd|1\n|\n|-heal|p2a: Gholdengo|99/100|[from] item: Leftovers\n|upkeep\n|turn|12\n|inactive|Time left: 300 sec this turn | 300 sec total\n|\n|t:|1783534586\n|move|p1a: Minun|Thunderbolt|p2a: Gholdengo\n|-damage|p2a: Gholdengo|46/100\n|-damage|p1a: Minun|88/268|[from] item: Life Orb\n|move|p2a: Gholdengo|Shadow Ball|p1a: Minun\n|-damage|p1a: Minun|0 fnt\n|faint|p1a: Minun\n|\n|-heal|p2a: Gholdengo|53/100|[from] item: Leftovers\n|upkeep\n|inactive|Time left: 300 sec this turn | 300 sec total | 5 sec grace\n|\n|t:|1783534587\n|switch|p1a: Regieleki|Regieleki, L79|256/256\n|turn|13\n|inactive|Time left: 300 sec this turn | 300 sec total\n|\n|t:|1783534588\n|switch|p2a: Latias|Latias, L79, F|100/100\n|move|p1a: Regieleki|Thunderbolt|p2a: Latias\n|-resisted|p2a: Latias\n|-crit|p2a: Latias\n|-damage|p2a: Latias|69/100\n|\n|upkeep\n|turn|14\n|inactive|Time left: 300 sec this turn | 300 sec total\n|\n|t:|1783534589\n|move|p1a: Regieleki|Volt Switch|p2a: Latias\n|-resisted|p2a: Latias\n|-crit|p2a: Latias\n|-damage|p2a: Latias|45/100\n|inactive|Time left: 300 sec this turn | 300 sec total | 5 sec grace\n|\n|t:|1783534591\n|switch|p1a: Clefable|Clefable, L83, F|293/293|[from] Volt Switch\n|move|p2a: Latias|Psyshock|p1a: Clefable\n|-damage|p1a: Clefable|176/293\n|\n|upkeep\n|turn|15\n|inactive|Time left: 300 sec this turn | 300 sec total\n|\n|t:|1783534592\n|move|p2a: Latias|Recover|p2a: Latias\n|-heal|p2a: Latias|95/100\n|move|p1a: Clefable|Moonblast|p2a: Latias\n|-supereffective|p2a: Latias\n|-damage|p2a: Latias|13/100\n|\n|upkeep\n|turn|16\n|inactive|Time left: 300 sec this turn | 300 sec total\n|\n|t:|1783534593\n|move|p2a: Latias|Psyshock|p1a: Clefable\n|-damage|p1a: Clefable|52/293\n|move|p1a: Clefable|Moonblast|p2a: Latias\n|-supereffective|p2a: Latias\n|-damage|p2a: Latias|0 fnt\n|faint|p2a: Latias\n|\n|upkeep\n|\n|t:|1783534594\n|switch|p2a: Arcanine|Arcanine-Hisui, L79, F|100/100\n|turn|17\n|inactive|Time left: 300 sec this turn | 300 sec total\n|\n|t:|1783534595\n|switch|p1a: Tauros|Tauros-Paldea-Combat, L82, M|257/257\n|-ability|p1a: Tauros|Intimidate|boost\n|-unboost|p2a: Arcanine|atk|1\n|move|p2a: Arcanine|Flare Blitz|p1a: Tauros\n|-damage|p1a: Tauros|142/257\n|\n|upkeep\n|turn|18\n|inactive|Time left: 300 sec this turn | 300 sec total\n|\n|t:|1783534596\n|switch|p2a: Gholdengo|Gholdengo, L77|53/100\n|move|p1a: Tauros|Close Combat|p2a: Gholdengo\n|-immune|p2a: Gholdengo\n|\n|-heal|p2a: Gholdengo|59/100|[from] item: Leftovers\n|upkeep\n|turn|19\n|inactive|Time left: 300 sec this turn | 300 sec total\n|\n|t:|1783534598\n|move|p1a: Tauros|Throat Chop|p2a: Gholdengo\n|-supereffective|p2a: Gholdengo\n|-damage|p2a: Gholdengo|0 fnt\n|faint|p2a: Gholdengo\n|-damage|p1a: Tauros|117/257|[from] item: Life Orb\n|\n|upkeep\n|\n|t:|1783534599\n|switch|p2a: Espeon|Espeon, L84, F|24/100\n|turn|20\n|inactive|Time left: 300 sec this turn | 300 sec total\n|\n|t:|1783534600\n|switch|p1a: Slowking|Slowking-Galar, L85, F|300/300\n|move|p2a: Espeon|Alluring Voice|p1a: Slowking\n|-resisted|p1a: Slowking\n|-damage|p1a: Slowking|271/300\n|\n|upkeep\n|turn|21\n|inactive|Time left: 300 sec this turn | 300 sec total\n|\n|t:|1783534601\n|move|p2a: Espeon|Alluring Voice|p1a: Slowking\n|-resisted|p1a: Slowking\n|-crit|p1a: Slowking\n|-damage|p1a: Slowking|228/300\n|move|p1a: Slowking|Sludge Bomb|p2a: Espeon\n|-damage|p2a: Espeon|0 fnt\n|faint|p2a: Espeon\n|\n|upkeep\n|\n|t:|1783534602\n|switch|p2a: Arcanine|Arcanine-Hisui, L79, F|100/100\n|turn|22\n|inactive|Time left: 300 sec this turn | 300 sec total\n|\n|t:|1783534603\n|switch|p1a: Tauros|Tauros-Paldea-Combat, L82, M|117/257\n|-ability|p1a: Tauros|Intimidate|boost\n|-unboost|p2a: Arcanine|atk|1\n|move|p2a: Arcanine|Head Smash|p1a: Tauros|[miss]\n|-miss|p2a: Arcanine|p1a: Tauros\n|\n|upkeep\n|turn|23\n|inactive|Time left: 300 sec this turn | 300 sec total\n|\n|t:|1783534604\n|switch|p2a: Slither Wing|Slither Wing, L81|100/100\n|-enditem|p2a: Slither Wing|Booster Energy\n|-activate|p2a: Slither Wing|ability: Protosynthesis|[fromitem]\n|-start|p2a: Slither Wing|protosynthesisatk\n|move|p1a: Tauros|Close Combat|p2a: Slither Wing\n|-resisted|p2a: Slither Wing\n|-damage|p2a: Slither Wing|63/100\n|-unboost|p1a: Tauros|def|1\n|-unboost|p1a: Tauros|spd|1\n|-damage|p1a: Tauros|92/257|[from] item: Life Orb\n|\n|upkeep\n|turn|24\n|inactive|Time left: 300 sec this turn | 300 sec total\n|\n|t:|1783534605\n|switch|p1a: Scream Tail|Scream Tail, L84|330/330\n|move|p2a: Slither Wing|Earthquake|p1a: Scream Tail\n|-damage|p1a: Scream Tail|226/330\n|\n|-heal|p1a: Scream Tail|246/330|[from] item: Leftovers\n|upkeep\n|turn|25\n|inactive|Time left: 300 sec this turn | 300 sec total\n|\n|t:|1783534606\n|move|p1a: Scream Tail|Dazzling Gleam|p2a: Slither Wing\n|-supereffective|p2a: Slither Wing\n|-damage|p2a: Slither Wing|16/100\n|move|p2a: Slither Wing|Earthquake|p1a: Scream Tail\n|-damage|p1a: Scream Tail|143/330\n|\n|-heal|p1a: Scream Tail|163/330|[from] item: Leftovers\n|upkeep\n|turn|26\n|inactive|Time left: 300 sec this turn | 300 sec total\n|\n|t:|1783534607\n|-end|p2a: Slither Wing|Protosynthesis|[silent]\n|switch|p2a: Arcanine|Arcanine-Hisui, L79, F|100/100\n|move|p1a: Scream Tail|Dazzling Gleam|p2a: Arcanine\n|-resisted|p2a: Arcanine\n|-damage|p2a: Arcanine|87/100\n|\n|-heal|p1a: Scream Tail|183/330|[from] item: Leftovers\n|upkeep\n|turn|27\n|inactive|Time left: 300 sec this turn | 300 sec total\n|\n|t:|1783534608\n|move|p1a: Scream Tail|Thunder Wave|p2a: Arcanine\n|-status|p2a: Arcanine|par\n|move|p2a: Arcanine|Flare Blitz|p1a: Scream Tail\n|-damage|p1a: Scream Tail|0 fnt\n|faint|p1a: Scream Tail\n|-end|p1a: Scream Tail|Protosynthesis|[silent]\n|\n|upkeep\n|inactive|Time left: 300 sec this turn | 300 sec total | 5 sec grace\n|\n|t:|1783534609\n|switch|p1a: Tauros|Tauros-Paldea-Combat, L82, M|92/257\n|-ability|p1a: Tauros|Intimidate|boost\n|-unboost|p2a: Arcanine|atk|1\n|turn|28\n|inactive|Time left: 300 sec this turn | 300 sec total\n|\n|t:|1783534610\n|switch|p2a: Volbeat|Volbeat, L90, M|100/100\n|move|p1a: Tauros|Bulk Up|p1a: Tauros\n|-boost|p1a: Tauros|atk|1\n|-boost|p1a: Tauros|def|1\n|\n|upkeep\n|turn|29\n|inactive|Time left: 300 sec this turn | 300 sec total\n|\n|t:|1783534611\n|move|p2a: Volbeat|Encore|p1a: Tauros\n|-start|p1a: Tauros|Encore\n|move|p1a: Tauros|Bulk Up|p1a: Tauros\n|-boost|p1a: Tauros|atk|1\n|-boost|p1a: Tauros|def|1\n|\n|upkeep\n|turn|30\n|inactive|Time left: 300 sec this turn | 300 sec total\n|\n|t:|1783534612\n|move|p1a: Tauros|Bulk Up|p1a: Tauros\n|-boost|p1a: Tauros|atk|1\n|-boost|p1a: Tauros|def|1\n|move|p2a: Volbeat|U-turn|p1a: Tauros\n|-resisted|p1a: Tauros\n|-damage|p1a: Tauros|78/257\n|\n|t:|1783534613\n|switch|p2a: Arcanine|Arcanine-Hisui, L79, F|87/100 par|[from] U-turn\n|\n|upkeep\n|turn|31\n|inactive|Time left: 300 sec this turn | 300 sec total\n|\n|t:|1783534614\n|move|p1a: Tauros|Bulk Up|p1a: Tauros\n|-boost|p1a: Tauros|atk|1\n|-boost|p1a: Tauros|def|1\n|move|p2a: Arcanine|Flare Blitz|p1a: Tauros\n|-damage|p1a: Tauros|17/257\n|\n|-end|p1a: Tauros|Encore\n|upkeep\n|turn|32\n|inactive|Time left: 300 sec this turn | 300 sec total\n|\n|t:|1783534615\n|switch|p2a: Slither Wing|Slither Wing, L81|16/100\n|move|p1a: Tauros|Close Combat|p2a: Slither Wing\n|-resisted|p2a: Slither Wing\n|-damage|p2a: Slither Wing|0 fnt\n|-unboost|p1a: Tauros|def|1\n|-unboost|p1a: Tauros|spd|1\n|faint|p2a: Slither Wing\n|-end|p2a: Slither Wing|Protosynthesis|[silent]\n|-damage|p1a: Tauros|0 fnt|[from] item: Life Orb\n|faint|p1a: Tauros\n|\n|upkeep\n|inactive|Time left: 300 sec this turn | 300 sec total | 5 sec grace\n|\n|t:|1783534616\n|switch|p1a: Regieleki|Regieleki, L79|256/256\n|switch|p2a: Arcanine|Arcanine-Hisui, L79, F|87/100 par\n|turn|33\n|inactive|Time left: 300 sec this turn | 300 sec total\n|\n|t:|1783534617\n|move|p1a: Regieleki|Volt Switch|p2a: Arcanine\n|-damage|p2a: Arcanine|44/100 par\n|inactive|Time left: 300 sec this turn | 300 sec total | 5 sec grace\n|\n|t:|1783534618\n|switch|p1a: Clefable|Clefable, L83, F|52/293|[from] Volt Switch\n|move|p2a: Arcanine|Head Smash|p1a: Clefable|[miss]\n|-miss|p2a: Arcanine|p1a: Clefable\n|\n|upkeep\n|turn|34\n|inactive|Time left: 300 sec this turn | 300 sec total\n|\n|t:|1783534619\n|move|p1a: Clefable|Moonblast|p2a: Arcanine\n|-resisted|p2a: Arcanine\n|-damage|p2a: Arcanine|19/100 par\n|-unboost|p2a: Arcanine|spa|1\n|move|p2a: Arcanine|Head Smash|p1a: Clefable\n|-damage|p1a: Clefable|0 fnt\n|faint|p1a: Clefable\n|\n|upkeep\n|inactive|Time left: 300 sec this turn | 300 sec total | 5 sec grace\n|\n|t:|1783534620\n|switch|p1a: Regieleki|Regieleki, L79|256/256\n|turn|35\n|inactive|Time left: 300 sec this turn | 300 sec total\n|\n|t:|1783534621\n|move|p1a: Regieleki|Thunderbolt|p2a: Arcanine\n|-damage|p2a: Arcanine|0 fnt\n|faint|p2a: Arcanine\n|\n|upkeep\n|\n|t:|1783534622\n|switch|p2a: Volbeat|Volbeat, L90, M|100/100\n|turn|36\n|inactive|Time left: 300 sec this turn | 300 sec total\n|\n|t:|1783534623\n|move|p1a: Regieleki|Volt Switch|p2a: Volbeat\n|-crit|p2a: Volbeat\n|-damage|p2a: Volbeat|39/100\n|inactive|Time left: 300 sec this turn | 300 sec total | 5 sec grace\n|\n|t:|1783534624\n|switch|p1a: Slowking|Slowking-Galar, L85, F|300/300|[from] Volt Switch\n|move|p2a: Volbeat|U-turn|p1a: Slowking\n|-damage|p1a: Slowking|227/300\n|\n|upkeep\n|turn|37\n|inactive|Time left: 300 sec this turn | 300 sec total\n|\n|t:|1783534625\n|-terastallize|p1a: Slowking|Dark\n|move|p2a: Volbeat|Roost|p2a: Volbeat\n|-heal|p2a: Volbeat|89/100\n|-singleturn|p2a: Volbeat|move: Roost\n|move|p1a: Slowking|Fire Blast|p2a: Volbeat\n|-supereffective|p2a: Volbeat\n|-damage|p2a: Volbeat|24/100\n|-status|p2a: Volbeat|brn\n|\n|-damage|p2a: Volbeat|18/100 brn|[from] brn\n|upkeep\n|turn|38\n|inactive|Time left: 300 sec this turn | 300 sec total\n|\n|t:|1783534626\n|-terastallize|p2a: Volbeat|Steel\n|move|p2a: Volbeat|U-turn|p1a: Slowking\n|-supereffective|p1a: Slowking\n|-damage|p1a: Slowking|157/300\n|move|p1a: Slowking|Fire Blast|p2a: Volbeat\n|-supereffective|p2a: Volbeat\n|-damage|p2a: Volbeat|0 fnt\n|faint|p2a: Volbeat\n|\n|win|p0x1117e2b", "uploadtime": 1783534626, "views": 0, "rating": 0, "private": 0, "password": null, "_winner": "p0x1117e2b", "_our_name": "p0x1117e2b"}