{"id": "battle-gen9randombattle-1783", "formatid": "gen9randombattle", "format": "[Gen 9] Random Battle", "players": ["p0x1783747d", "p0y17839bc4"], "log": "|init|battle\n|title|p0x1783747d vs. p0y17839bc4\n|j|\u2606p0x1783747d\n|j|\u2606p0y17839bc4\n|t:|1783560678\n|gametype|singles\n|player|p1|p0x1783747d|170|\n|player|p2|p0y17839bc4|170|\n|gen|9\n|tier|[Gen 9] Random Battle\n|rule|Species Clause: Limit one of each Pok\u00e9mon\n|rule|HP Percentage Mod: HP is shown in percentages\n|rule|Sleep Clause Mod: Limit one foe put to sleep\n|rule|Illusion Level Mod: Illusion disguises the Pok\u00e9mon's true level\n|\n|t:|1783560678\n|teamsize|p1|6\n|teamsize|p2|6\n|start\n|switch|p1a: Granbull|Granbull, L88, F|100/100\n|switch|p2a: Iron Crown|Iron Crown, L78|268/268\n|-ability|p1a: Granbull|Intimidate|boost\n|-unboost|p2a: Iron Crown|atk|1\n|turn|1\n|inactive|Battle timer is ON: inactive players will automatically lose when time's up. (requested by p0x1783747d)\n|inactive|Time left: 300 sec this turn | 300 sec total | 60 sec grace\n|\n|t:|1783560679\n|-terastallize|p1a: Granbull|Ground\n|move|p2a: Iron Crown|Tachyon Cutter|p1a: Granbull\n|-damage|p1a: Granbull|78/100\n|-crit|p1a: Granbull\n|-damage|p1a: Granbull|42/100\n|-hitcount|p1a: Granbull|2\n|move|p1a: Granbull|Earthquake|p2a: Iron Crown\n|-supereffective|p2a: Iron Crown\n|-damage|p2a: Iron Crown|0 fnt\n|faint|p2a: Iron Crown\n|-end|p2a: Iron Crown|Quark Drive|[silent]\n|\n|-heal|p1a: Granbull|48/100|[from] item: Leftovers\n|upkeep\n|inactive|Time left: 300 sec this turn | 300 sec total | 65 sec grace\n|inactive|p0y17839bc4 also wants the timer to be on.\n|\n|t:|1783560680\n|switch|p2a: Rabsca|Rabsca, L91, F|284/284\n|turn|2\n|inactive|Time left: 300 sec this turn | 300 sec total\n|\n|t:|1783560681\n|switch|p1a: Chansey|Chansey, L85, F|100/100\n|move|p2a: Rabsca|Bug Buzz|p1a: Chansey\n|-damage|p1a: Chansey|87/100\n|\n|upkeep\n|turn|3\n|inactive|Time left: 300 sec this turn | 300 sec total\n|\n|t:|1783560682\n|switch|p2a: Banette|Banette, L93, F|270/270\n|move|p1a: Chansey|Seismic Toss|p2a: Banette\n|-immune|p2a: Banette\n|\n|upkeep\n|turn|4\n|inactive|Time left: 300 sec this turn | 300 sec total\n|\n|t:|1783560683\n|switch|p1a: Granbull|Granbull, L88, F, tera:Ground|48/100\n|-ability|p1a: Granbull|Intimidate|boost\n|-unboost|p2a: Banette|atk|1\n|move|p2a: Banette|Gunk Shot|p1a: Granbull\n|-resisted|p1a: Granbull\n|-damage|p1a: Granbull|31/100\n|-damage|p2a: Banette|243/270|[from] item: Life Orb\n|\n|-heal|p1a: Granbull|37/100|[from] item: Leftovers\n|upkeep\n|turn|5\n|inactive|Time left: 300 sec this turn | 300 sec total\n|\n|t:|1783560684\n|move|p2a: Banette|Poltergeist|p1a: Granbull\n|-activate|p1a: Granbull|move: Poltergeist|Leftovers\n|-damage|p1a: Granbull|0 fnt\n|faint|p1a: Granbull\n|-damage|p2a: Banette|216/270|[from] item: Life Orb\n|\n|upkeep\n|\n|t:|1783560685\n|switch|p1a: Hoopa|Hoopa-Unbound, L80|100/100\n|turn|6\n|inactive|Time left: 300 sec this turn | 300 sec total\n|\n|t:|1783560686\n|switch|p2a: Dipplin|Dipplin, L88, F|284/284\n|move|p1a: Hoopa|Hyperspace Fury|p2a: Dipplin\n|-damage|p2a: Dipplin|170/284\n|-unboost|p1a: Hoopa|def|1\n|\n|upkeep\n|turn|7\n|inactive|Time left: 300 sec this turn | 300 sec total\n|\n|t:|1783560687\n|move|p1a: Hoopa|Hyperspace Fury|p2a: Dipplin\n|-damage|p2a: Dipplin|44/284\n|-unboost|p1a: Hoopa|def|1\n|move|p2a: Dipplin|Dragon Tail|p1a: Hoopa\n|-damage|p1a: Hoopa|32/100\n|drag|p1a: Chansey|Chansey, L85, F|87/100\n|\n|upkeep\n|turn|8\n|inactive|Time left: 300 sec this turn | 300 sec total\n|\n|t:|1783560688\n|switch|p2a: Banette|Banette, L93, F|216/270\n|move|p1a: Chansey|Seismic Toss|p2a: Banette\n|-immune|p2a: Banette\n|\n|upkeep\n|turn|9\n|inactive|Time left: 300 sec this turn | 300 sec total\n|\n|t:|1783560689\n|switch|p1a: Qwilfish|Qwilfish, L86, F|100/100\n|-ability|p1a: Qwilfish|Intimidate|boost\n|-unboost|p2a: Banette|atk|1\n|move|p2a: Banette|Gunk Shot|p1a: Qwilfish\n|-resisted|p1a: Qwilfish\n|-damage|p1a: Qwilfish|80/100\n|-damage|p2a: Banette|189/270|[from] item: Life Orb\n|\n|-heal|p1a: Qwilfish|86/100|[from] item: Leftovers\n|upkeep\n|turn|10\n|inactive|Time left: 300 sec this turn | 300 sec total\n|\n|t:|1783560690\n|move|p1a: Qwilfish|Waterfall|p2a: Banette\n|-damage|p2a: Banette|98/270\n|cant|p2a: Banette|flinch\n|\n|-heal|p1a: Qwilfish|92/100|[from] item: Leftovers\n|upkeep\n|turn|11\n|inactive|Time left: 300 sec this turn | 300 sec total\n|\n|t:|1783560691\n|switch|p2a: Raging Bolt|Raging Bolt, L78|323/323\n|-enditem|p2a: Raging Bolt|Booster Energy\n|-activate|p2a: Raging Bolt|ability: Protosynthesis|[fromitem]\n|-start|p2a: Raging Bolt|protosynthesisspa\n|move|p1a: Qwilfish|Waterfall|p2a: Raging Bolt\n|-resisted|p2a: Raging Bolt\n|-damage|p2a: Raging Bolt|277/323\n|\n|-heal|p1a: Qwilfish|98/100|[from] item: Leftovers\n|upkeep\n|turn|12\n|inactive|Time left: 300 sec this turn | 300 sec total\n|\n|t:|1783560692\n|switch|p1a: Chansey|Chansey, L85, F|87/100\n|move|p2a: Raging Bolt|Thunderbolt|p1a: Chansey\n|-damage|p1a: Chansey|72/100\n|-status|p1a: Chansey|par\n|\n|upkeep\n|turn|13\n|inactive|Time left: 300 sec this turn | 300 sec total\n|\n|t:|1783560693\n|move|p2a: Raging Bolt|Calm Mind|p2a: Raging Bolt\n|-boost|p2a: Raging Bolt|spa|1\n|-boost|p2a: Raging Bolt|spd|1\n|move|p1a: Chansey|Seismic Toss|p2a: Raging Bolt\n|-damage|p2a: Raging Bolt|192/323\n|\n|upkeep\n|turn|14\n|inactive|Time left: 300 sec this turn | 300 sec total\n|\n|t:|1783560694\n|move|p2a: Raging Bolt|Dragon Pulse|p1a: Chansey\n|-damage|p1a: Chansey|51/100 par\n|move|p1a: Chansey|Soft-Boiled|p1a: Chansey\n|-heal|p1a: Chansey|100/100 par\n|\n|upkeep\n|turn|15\n|inactive|Time left: 300 sec this turn | 300 sec total\n|\n|t:|1783560695\n|move|p2a: Raging Bolt|Calm Mind|p2a: Raging Bolt\n|-boost|p2a: Raging Bolt|spa|1\n|-boost|p2a: Raging Bolt|spd|1\n|move|p1a: Chansey|Seismic Toss|p2a: Raging Bolt\n|-damage|p2a: Raging Bolt|107/323\n|\n|upkeep\n|turn|16\n|inactive|Time left: 300 sec this turn | 300 sec total\n|\n|t:|1783560696\n|move|p2a: Raging Bolt|Thunderbolt|p1a: Chansey\n|-damage|p1a: Chansey|72/100 par\n|move|p1a: Chansey|Seismic Toss|p2a: Raging Bolt\n|-damage|p2a: Raging Bolt|22/323\n|\n|upkeep\n|turn|17\n|inactive|Time left: 300 sec this turn | 300 sec total\n|\n|t:|1783560697\n|move|p2a: Raging Bolt|Dragon Pulse|p1a: Chansey\n|-damage|p1a: Chansey|45/100 par\n|cant|p1a: Chansey|par\n|\n|upkeep\n|turn|18\n|inactive|Time left: 300 sec this turn | 300 sec total\n|\n|t:|1783560698\n|move|p2a: Raging Bolt|Dragon Pulse|p1a: Chansey\n|-damage|p1a: Chansey|19/100 par\n|cant|p1a: Chansey|par\n|\n|upkeep\n|turn|19\n|inactive|Time left: 300 sec this turn | 300 sec total\n|\n|t:|1783560699\n|move|p2a: Raging Bolt|Dragon Pulse|p1a: Chansey\n|-damage|p1a: Chansey|0 fnt\n|faint|p1a: Chansey\n|\n|upkeep\n|\n|t:|1783560700\n|switch|p1a: Misdreavus|Misdreavus, L90, M|100/100\n|turn|20\n|inactive|Time left: 300 sec this turn | 300 sec total\n|\n|t:|1783560701\n|move|p2a: Raging Bolt|Thunderclap|p1a: Misdreavus\n|-damage|p1a: Misdreavus|47/100\n|move|p1a: Misdreavus|Shadow Ball|p2a: Raging Bolt\n|-damage|p2a: Raging Bolt|0 fnt\n|faint|p2a: Raging Bolt\n|-end|p2a: Raging Bolt|Protosynthesis|[silent]\n|\n|upkeep\n|inactive|Time left: 300 sec this turn | 300 sec total | 5 sec grace\n|\n|t:|1783560702\n|switch|p2a: Banette|Banette, L93, F|98/270\n|turn|21\n|inactive|Time left: 300 sec this turn | 300 sec total\n|\n|t:|1783560703\n|move|p2a: Banette|Shadow Sneak|p1a: Misdreavus\n|-supereffective|p1a: Misdreavus\n|-damage|p1a: Misdreavus|0 fnt\n|faint|p1a: Misdreavus\n|-damage|p2a: Banette|71/270|[from] item: Life Orb\n|\n|upkeep\n|\n|t:|1783560704\n|switch|p1a: Inteleon|Inteleon, L81, M|100/100\n|turn|22\n|inactive|Time left: 300 sec this turn | 300 sec total\n|\n|t:|1783560705\n|move|p2a: Banette|Shadow Sneak|p1a: Inteleon\n|-damage|p1a: Inteleon|61/100\n|-damage|p2a: Banette|44/270|[from] item: Life Orb\n|move|p1a: Inteleon|Scald|p2a: Banette\n|-crit|p2a: Banette\n|-damage|p2a: Banette|0 fnt\n|faint|p2a: Banette\n|\n|upkeep\n|inactive|Time left: 300 sec this turn | 300 sec total | 5 sec grace\n|\n|t:|1783560706\n|switch|p2a: Dipplin|Dipplin, L88, F|44/284\n|turn|23\n|inactive|Time left: 300 sec this turn | 300 sec total\n|\n|t:|1783560707\n|switch|p1a: Hoopa|Hoopa-Unbound, L80|32/100\n|move|p2a: Dipplin|Recover|p2a: Dipplin\n|-heal|p2a: Dipplin|186/284\n|\n|upkeep\n|turn|24\n|inactive|Time left: 300 sec this turn | 300 sec total\n|\n|t:|1783560708\n|move|p1a: Hoopa|Hyperspace Fury|p2a: Dipplin\n|-damage|p2a: Dipplin|69/284\n|-unboost|p1a: Hoopa|def|1\n|move|p2a: Dipplin|Dragon Tail|p1a: Hoopa\n|-damage|p1a: Hoopa|0 fnt\n|faint|p1a: Hoopa\n|\n|upkeep\n|\n|t:|1783560709\n|switch|p1a: Qwilfish|Qwilfish, L86, F|98/100\n|-ability|p1a: Qwilfish|Intimidate|boost\n|-unboost|p2a: Dipplin|atk|1\n|turn|25\n|inactive|Time left: 300 sec this turn | 300 sec total\n|\n|t:|1783560710\n|move|p1a: Qwilfish|Gunk Shot|p2a: Dipplin\n|-supereffective|p2a: Dipplin\n|-damage|p2a: Dipplin|0 fnt\n|faint|p2a: Dipplin\n|\n|-heal|p1a: Qwilfish|100/100|[from] item: Leftovers\n|upkeep\n|inactive|Time left: 300 sec this turn | 300 sec total | 5 sec grace\n|\n|t:|1783560711\n|switch|p2a: Rabsca|Rabsca, L91, F|284/284\n|turn|26\n|inactive|Time left: 300 sec this turn | 300 sec total\n|\n|t:|1783560711\n|-terastallize|p2a: Rabsca|Steel\n|move|p1a: Qwilfish|Destiny Bond|p1a: Qwilfish\n|-singlemove|p1a: Qwilfish|Destiny Bond\n|move|p2a: Rabsca|Psychic|p1a: Qwilfish\n|-supereffective|p1a: Qwilfish\n|-damage|p1a: Qwilfish|0 fnt\n|faint|p1a: Qwilfish\n|-activate|p1a: Qwilfish|move: Destiny Bond\n|faint|p2a: Rabsca\n|\n|upkeep\n|inactive|Time left: 300 sec this turn | 300 sec total | 5 sec grace\n|\n|t:|1783560712\n|switch|p1a: Inteleon|Inteleon, L81, M|61/100\n|switch|p2a: Ludicolo|Ludicolo, L90, M|290/290\n|turn|27\n|inactive|Time left: 300 sec this turn | 300 sec total\n|\n|t:|1783560713\n|move|p1a: Inteleon|Ice Beam|p2a: Ludicolo\n|-damage|p2a: Ludicolo|198/290\n|-status|p2a: Ludicolo|frz\n|cant|p2a: Ludicolo|frz\n|\n|upkeep\n|turn|28\n|inactive|Time left: 300 sec this turn | 300 sec total\n|\n|t:|1783560714\n|move|p1a: Inteleon|Ice Beam|p2a: Ludicolo\n|-damage|p2a: Ludicolo|113/290 frz\n|cant|p2a: Ludicolo|frz\n|\n|upkeep\n|turn|29\n|inactive|Time left: 300 sec this turn | 300 sec total\n|\n|t:|1783560715\n|move|p1a: Inteleon|Ice Beam|p2a: Ludicolo\n|-damage|p2a: Ludicolo|20/290 frz\n|cant|p2a: Ludicolo|frz\n|\n|upkeep\n|turn|30\n|inactive|Time left: 300 sec this turn | 300 sec total\n|\n|t:|1783560716\n|move|p1a: Inteleon|Ice Beam|p2a: Ludicolo\n|-damage|p2a: Ludicolo|0 fnt\n|faint|p2a: Ludicolo\n|\n|win|p0x1783747d", "uploadtime": 1783560716, "views": 0, "rating": 0, "private": 0, "password": null, "_winner": "p0x1783747d", "_our_name": "p0y17839bc4"}