{"id": "battle-gen9randombattle-1345", "formatid": "gen9randombattle", "format": "[Gen 9] Random Battle", "players": ["p0x134578cf", "p0y13457002"], "log": "|init|battle\n|title|p0x134578cf vs. p0y13457002\n|j|\u2606p0x134578cf\n|j|\u2606p0y13457002\n|t:|1783555624\n|gametype|singles\n|player|p1|p0x134578cf|170|\n|player|p2|p0y13457002|266|\n|gen|9\n|tier|[Gen 9] Random Battle\n|rule|Species Clause: Limit one of each Pok\u00e9mon\n|rule|HP Percentage Mod: HP is shown in percentages\n|rule|Sleep Clause Mod: Limit one foe put to sleep\n|rule|Illusion Level Mod: Illusion disguises the Pok\u00e9mon's true level\n|\n|t:|1783555624\n|teamsize|p1|6\n|teamsize|p2|6\n|start\n|switch|p1a: Iron Treads|Iron Treads, L77|100/100\n|switch|p2a: Hydreigon|Hydreigon, L79, F|275/275\n|turn|1\n|inactive|Battle timer is ON: inactive players will automatically lose when time's up. (requested by p0y13457002)\n|inactive|p0x134578cf also wants the timer to be on.\n|\n|t:|1783555626\n|move|p1a: Iron Treads|Iron Head|p2a: Hydreigon\n|-damage|p2a: Hydreigon|187/275\n|cant|p2a: Hydreigon|flinch\n|\n|upkeep\n|turn|2\n|inactive|Time left: 300 sec this turn | 300 sec total\n|\n|t:|1783555628\n|move|p1a: Iron Treads|Stealth Rock|p2a: Hydreigon\n|-sidestart|p2: p0y13457002|move: Stealth Rock\n|move|p2a: Hydreigon|Fire Blast|p1a: Iron Treads\n|-supereffective|p1a: Iron Treads\n|-damage|p1a: Iron Treads|0 fnt\n|faint|p1a: Iron Treads\n|-end|p1a: Iron Treads|Quark Drive|[silent]\n|\n|upkeep\n|\n|t:|1783555629\n|switch|p1a: Chandelure|Chandelure, L83, M|100/100\n|turn|3\n|inactive|Time left: 300 sec this turn | 300 sec total\n|\n|t:|1783555630\n|switch|p2a: Eternatus|Eternatus, L69|308/308\n|-damage|p2a: Eternatus|270/308|[from] Stealth Rock\n|-ability|p2a: Eternatus|Pressure\n|move|p1a: Chandelure|Fire Blast|p2a: Eternatus\n|-resisted|p2a: Eternatus\n|-damage|p2a: Eternatus|186/308\n|\n|upkeep\n|turn|4\n|inactive|Time left: 300 sec this turn | 300 sec total\n|\n|t:|1783555631\n|move|p1a: Chandelure|Fire Blast|p2a: Eternatus\n|-resisted|p2a: Eternatus\n|-damage|p2a: Eternatus|97/308\n|move|p2a: Eternatus|Meteor Beam||[still]\n|-prepare|p2a: Eternatus|Meteor Beam\n|-boost|p2a: Eternatus|spa|1\n|-enditem|p2a: Eternatus|Power Herb\n|-anim|p2a: Eternatus|Meteor Beam|p1a: Chandelure\n|-supereffective|p1a: Chandelure\n|-damage|p1a: Chandelure|0 fnt\n|faint|p1a: Chandelure\n|\n|upkeep\n|\n|t:|1783555632\n|switch|p1a: Zamazenta|Zamazenta, L71|100/100\n|-ability|p1a: Zamazenta|Dauntless Shield|boost\n|-boost|p1a: Zamazenta|def|1\n|turn|5\n|inactive|Time left: 300 sec this turn | 300 sec total\n|\n|t:|1783555633\n|move|p1a: Zamazenta|Psychic Fangs|p2a: Eternatus\n|-supereffective|p2a: Eternatus\n|-damage|p2a: Eternatus|0 fnt\n|faint|p2a: Eternatus\n|\n|upkeep\n|inactive|Time left: 300 sec this turn | 300 sec total | 5 sec grace\n|\n|t:|1783555634\n|switch|p2a: Ninetales|Ninetales-Alola, L78, M|242/242\n|-damage|p2a: Ninetales|182/242|[from] Stealth Rock\n|-weather|Snowscape|[from] ability: Snow Warning|[of] p2a: Ninetales\n|turn|6\n|inactive|Time left: 300 sec this turn | 300 sec total\n|\n|t:|1783555636\n|move|p1a: Zamazenta|Psychic Fangs|p2a: Ninetales\n|-damage|p2a: Ninetales|122/242\n|move|p2a: Ninetales|Aurora Veil|p2a: Ninetales\n|-sidestart|p2: p0y13457002|move: Aurora Veil\n|\n|-weather|Snowscape|[upkeep]\n|upkeep\n|turn|7\n|inactive|Time left: 300 sec this turn | 300 sec total\n|\n|t:|1783555637\n|move|p1a: Zamazenta|Psychic Fangs|p2a: Ninetales\n|-sideend|p2: p0y13457002|move: Aurora Veil\n|-damage|p2a: Ninetales|56/242\n|move|p2a: Ninetales|Moonblast|p1a: Zamazenta\n|-supereffective|p1a: Zamazenta\n|-damage|p1a: Zamazenta|45/100\n|\n|-weather|Snowscape|[upkeep]\n|upkeep\n|turn|8\n|inactive|Time left: 300 sec this turn | 300 sec total\n|\n|t:|1783555638\n|switch|p2a: Hydreigon|Hydreigon, L79, F|187/275\n|-damage|p2a: Hydreigon|153/275|[from] Stealth Rock\n|move|p1a: Zamazenta|Psychic Fangs|p2a: Hydreigon\n|-immune|p2a: Hydreigon\n|\n|-weather|Snowscape|[upkeep]\n|upkeep\n|turn|9\n|inactive|Time left: 300 sec this turn | 300 sec total\n|\n|t:|1783555639\n|switch|p1a: Articuno|Articuno-Galar, L84|100/100\n|move|p2a: Hydreigon|Dark Pulse|p1a: Articuno\n|-supereffective|p1a: Articuno\n|-damage|p1a: Articuno|11/100\n|\n|-weather|Snowscape|[upkeep]\n|upkeep\n|turn|10\n|inactive|Time left: 300 sec this turn | 300 sec total\n|\n|t:|1783555640\n|move|p1a: Articuno|Hurricane|p2a: Hydreigon\n|-damage|p2a: Hydreigon|0 fnt\n|faint|p2a: Hydreigon\n|\n|-weather|none\n|upkeep\n|inactive|Time left: 300 sec this turn | 300 sec total | 5 sec grace\n|\n|t:|1783555641\n|switch|p2a: Iron Bundle|Iron Bundle, L78|215/215\n|-damage|p2a: Iron Bundle|162/215|[from] Stealth Rock\n|turn|11\n|inactive|Time left: 300 sec this turn | 300 sec total\n|\n|t:|1783555642\n|move|p2a: Iron Bundle|Freeze-Dry|p1a: Articuno\n|-supereffective|p1a: Articuno\n|-damage|p1a: Articuno|0 fnt\n|faint|p1a: Articuno\n|\n|upkeep\n|\n|t:|1783555642\n|switch|p1a: Zamazenta|Zamazenta, L71|45/100\n|turn|12\n|inactive|Time left: 300 sec this turn | 300 sec total\n|\n|t:|1783555643\n|-terastallize|p1a: Zamazenta|Steel\n|move|p2a: Iron Bundle|Freeze-Dry|p1a: Zamazenta\n|-resisted|p1a: Zamazenta\n|-damage|p1a: Zamazenta|23/100\n|move|p1a: Zamazenta|Close Combat|p2a: Iron Bundle\n|-supereffective|p2a: Iron Bundle\n|-damage|p2a: Iron Bundle|0 fnt\n|-unboost|p1a: Zamazenta|def|1\n|-unboost|p1a: Zamazenta|spd|1\n|faint|p2a: Iron Bundle\n|-end|p2a: Iron Bundle|Quark Drive|[silent]\n|\n|upkeep\n|inactive|Time left: 300 sec this turn | 300 sec total | 5 sec grace\n|\n|t:|1783555644\n|switch|p2a: Glimmora|Glimmora, L75, F|248/248\n|-damage|p2a: Glimmora|217/248|[from] Stealth Rock\n|-item|p2a: Glimmora|Air Balloon\n|turn|13\n|inactive|Time left: 300 sec this turn | 300 sec total\n|\n|t:|1783555645\n|move|p1a: Zamazenta|Close Combat|p2a: Glimmora\n|-damage|p2a: Glimmora|30/248\n|-unboost|p1a: Zamazenta|def|1\n|-unboost|p1a: Zamazenta|spd|1\n|-activate|p2a: Glimmora|ability: Toxic Debris\n|-sidestart|p1: p0x134578cf|move: Toxic Spikes\n|-enditem|p2a: Glimmora|Air Balloon\n|move|p2a: Glimmora|Earth Power|p1a: Zamazenta\n|-supereffective|p1a: Zamazenta\n|-damage|p1a: Zamazenta|0 fnt\n|faint|p1a: Zamazenta\n|\n|upkeep\n|\n|t:|1783555646\n|switch|p1a: Palossand|Palossand, L89, F|100/100\n|-status|p1a: Palossand|psn\n|turn|14\n|inactive|Time left: 300 sec this turn | 300 sec total\n|\n|t:|1783555646\n|move|p2a: Glimmora|Earth Power|p1a: Palossand\n|-damage|p1a: Palossand|78/100 psn\n|move|p1a: Palossand|Sludge Bomb|p2a: Glimmora\n|-resisted|p2a: Glimmora\n|-damage|p2a: Glimmora|8/248\n|\n|-heal|p1a: Palossand|84/100 psn|[from] item: Leftovers\n|-damage|p1a: Palossand|71/100 psn|[from] psn\n|upkeep\n|turn|15\n|inactive|Time left: 300 sec this turn | 300 sec total\n|\n|t:|1783555647\n|move|p2a: Glimmora|Spikes|p1a: Palossand\n|-sidestart|p1: p0x134578cf|Spikes\n|move|p1a: Palossand|Shore Up|p1a: Palossand\n|-heal|p1a: Palossand|100/100 psn\n|\n|-damage|p1a: Palossand|88/100 psn|[from] psn\n|upkeep\n|turn|16\n|inactive|Time left: 300 sec this turn | 300 sec total\n|\n|t:|1783555648\n|move|p2a: Glimmora|Stealth Rock|p1a: Palossand\n|-sidestart|p1: p0x134578cf|move: Stealth Rock\n|move|p1a: Palossand|Shadow Ball|p2a: Glimmora\n|-damage|p2a: Glimmora|0 fnt\n|faint|p2a: Glimmora\n|\n|-heal|p1a: Palossand|94/100 psn|[from] item: Leftovers\n|-damage|p1a: Palossand|82/100 psn|[from] psn\n|upkeep\n|inactive|Time left: 300 sec this turn | 300 sec total | 5 sec grace\n|\n|t:|1783555649\n|switch|p2a: Plusle|Plusle, L95, M|268/268\n|-damage|p2a: Plusle|235/268|[from] Stealth Rock\n|turn|17\n|inactive|Time left: 300 sec this turn | 300 sec total\n|\n|t:|1783555650\n|move|p2a: Plusle|Grass Knot|p1a: Palossand\n|-supereffective|p1a: Palossand\n|-damage|p1a: Palossand|0 fnt\n|faint|p1a: Palossand\n|-damage|p2a: Plusle|209/268|[from] item: Life Orb\n|\n|upkeep\n|\n|t:|1783555650\n|switch|p1a: Shiftry|Shiftry, L89, M|100/100\n|-status|p1a: Shiftry|psn\n|-damage|p1a: Shiftry|88/100 psn|[from] Spikes\n|-damage|p1a: Shiftry|76/100 psn|[from] Stealth Rock\n|turn|18\n|inactive|Time left: 300 sec this turn | 300 sec total\n|\n|t:|1783555651\n|-terastallize|p2a: Plusle|Electric\n|move|p1a: Shiftry|Sucker Punch|p2a: Plusle\n|-damage|p2a: Plusle|45/268\n|-damage|p1a: Shiftry|66/100 psn|[from] item: Life Orb\n|move|p2a: Plusle|Alluring Voice|p1a: Shiftry\n|-supereffective|p1a: Shiftry\n|-damage|p1a: Shiftry|0 fnt\n|faint|p1a: Shiftry\n|-damage|p2a: Plusle|19/268|[from] item: Life Orb\n|\n|win|p0y13457002", "uploadtime": 1783555651, "views": 0, "rating": 0, "private": 0, "password": null, "_winner": "p0y13457002", "_our_name": "p0y13457002"}