{"id": "battle-gen9randombattle-1764", "formatid": "gen9randombattle", "format": "[Gen 9] Random Battle", "players": ["p0x17644b14", "p0y17648d74"], "log": "|init|battle\n|title|p0x17644b14 vs. p0y17648d74\n|j|\u2606p0x17644b14\n|j|\u2606p0y17648d74\n|t:|1783560373\n|gametype|singles\n|player|p1|p0x17644b14|266|\n|player|p2|p0y17648d74|266|\n|gen|9\n|tier|[Gen 9] Random Battle\n|rule|Species Clause: Limit one of each Pok\u00e9mon\n|rule|HP Percentage Mod: HP is shown in percentages\n|rule|Sleep Clause Mod: Limit one foe put to sleep\n|rule|Illusion Level Mod: Illusion disguises the Pok\u00e9mon's true level\n|\n|t:|1783560373\n|teamsize|p1|6\n|teamsize|p2|6\n|start\n|switch|p1a: Jumpluff|Jumpluff, L87, M|271/271\n|switch|p2a: Arbok|Arbok, L87, F|100/100\n|-ability|p2a: Arbok|Intimidate|boost\n|-unboost|p1a: Jumpluff|atk|1\n|turn|1\n|inactive|Battle timer is ON: inactive players will automatically lose when time's up. (requested by p0y17648d74)\n|inactive|Time left: 300 sec this turn | 300 sec total | 60 sec grace\n|\n|t:|1783560375\n|switch|p1a: Persian|Persian-Alola, L86, M|252/252\n|move|p2a: Arbok|Gunk Shot|p1a: Persian\n|-damage|p1a: Persian|167/252\n|-status|p1a: Persian|psn\n|\n|-damage|p1a: Persian|136/252 psn|[from] psn\n|upkeep\n|turn|2\n|inactive|Time left: 300 sec this turn | 300 sec total\n|inactive|p0x17644b14 also wants the timer to be on.\n|\n|t:|1783560376\n|move|p1a: Persian|Parting Shot|p2a: Arbok\n|-unboost|p2a: Arbok|atk|1\n|-unboost|p2a: Arbok|spa|1\n|inactive|Time left: 300 sec this turn | 300 sec total | 5 sec grace\n|\n|t:|1783560377\n|switch|p1a: Toucannon|Toucannon, L88, M|284/284|[from] Parting Shot\n|move|p2a: Arbok|Gunk Shot|p1a: Toucannon\n|-damage|p1a: Toucannon|182/284\n|-status|p1a: Toucannon|psn\n|\n|-damage|p1a: Toucannon|147/284 psn|[from] psn\n|upkeep\n|turn|3\n|inactive|Time left: 300 sec this turn | 300 sec total\n|\n|t:|1783560378\n|switch|p2a: Copperajah|Copperajah, L86, M|100/100\n|move|p1a: Toucannon|Roost|p1a: Toucannon\n|-heal|p1a: Toucannon|284/284 psn\n|-singleturn|p1a: Toucannon|move: Roost\n|\n|-damage|p1a: Toucannon|249/284 psn|[from] psn\n|upkeep\n|turn|4\n|inactive|Time left: 300 sec this turn | 300 sec total\n|\n|t:|1783560379\n|switch|p1a: Alomomola|Alomomola, L87, M|429/429\n|move|p2a: Copperajah|Iron Head|p1a: Alomomola\n|-resisted|p1a: Alomomola\n|-damage|p1a: Alomomola|335/429\n|-damage|p2a: Copperajah|84/100|[from] item: Rocky Helmet|[of] p1a: Alomomola\n|\n|upkeep\n|turn|5\n|inactive|Time left: 300 sec this turn | 300 sec total\n|\n|t:|1783560380\n|move|p1a: Alomomola|Scald|p2a: Copperajah\n|-damage|p2a: Copperajah|67/100\n|move|p2a: Copperajah|Iron Head|p1a: Alomomola\n|-resisted|p1a: Alomomola\n|-damage|p1a: Alomomola|232/429\n|-damage|p2a: Copperajah|50/100|[from] item: Rocky Helmet|[of] p1a: Alomomola\n|\n|upkeep\n|turn|6\n|inactive|Time left: 300 sec this turn | 300 sec total\n|\n|t:|1783560381\n|move|p1a: Alomomola|Scald|p2a: Copperajah\n|-damage|p2a: Copperajah|33/100\n|move|p2a: Copperajah|Iron Head|p1a: Alomomola\n|-resisted|p1a: Alomomola\n|-damage|p1a: Alomomola|131/429\n|-damage|p2a: Copperajah|16/100|[from] item: Rocky Helmet|[of] p1a: Alomomola\n|\n|upkeep\n|turn|7\n|inactive|Time left: 300 sec this turn | 300 sec total\n|\n|t:|1783560382\n|switch|p2a: Ceruledge|Ceruledge, L78, F|100/100\n|move|p1a: Alomomola|Flip Turn|p2a: Ceruledge\n|-supereffective|p2a: Ceruledge\n|-damage|p2a: Ceruledge|46/100\n|-ability|p2a: Ceruledge|Weak Armor|boost\n|-unboost|p2a: Ceruledge|def|1\n|-boost|p2a: Ceruledge|spe|2\n|inactive|Time left: 300 sec this turn | 300 sec total | 5 sec grace\n|\n|t:|1783560383\n|switch|p1a: Coalossal|Coalossal, L89, F|341/341|[from] Flip Turn\n|\n|upkeep\n|turn|8\n|inactive|Time left: 300 sec this turn | 300 sec total\n|\n|t:|1783560384\n|move|p2a: Ceruledge|Swords Dance|p2a: Ceruledge\n|-boost|p2a: Ceruledge|atk|2\n|move|p1a: Coalossal|Stone Edge|p2a: Ceruledge\n|-supereffective|p2a: Ceruledge\n|-damage|p2a: Ceruledge|0 fnt\n|faint|p2a: Ceruledge\n|\n|upkeep\n|\n|t:|1783560385\n|switch|p2a: Alomomola|Alomomola, L87, M|100/100\n|turn|9\n|inactive|Time left: 300 sec this turn | 300 sec total\n|\n|t:|1783560386\n|switch|p1a: Alomomola|Alomomola, L87, M|274/429\n|move|p2a: Alomomola|Scald|p1a: Alomomola\n|-resisted|p1a: Alomomola\n|-damage|p1a: Alomomola|237/429\n|-status|p1a: Alomomola|brn\n|\n|-damage|p1a: Alomomola|211/429 brn|[from] brn\n|upkeep\n|turn|10\n|inactive|Time left: 300 sec this turn | 300 sec total\n|\n|t:|1783560387\n|switch|p1a: Jumpluff|Jumpluff, L87, M|271/271\n|move|p2a: Alomomola|Scald|p1a: Jumpluff\n|-resisted|p1a: Jumpluff\n|-damage|p1a: Jumpluff|247/271\n|\n|upkeep\n|turn|11\n|inactive|Time left: 300 sec this turn | 300 sec total\n|\n|t:|1783560388\n|move|p1a: Jumpluff|Strength Sap|p2a: Alomomola\n|-unboost|p2a: Alomomola|atk|1\n|-heal|p1a: Jumpluff|271/271\n|move|p2a: Alomomola|Flip Turn|p1a: Jumpluff\n|-resisted|p1a: Jumpluff\n|-damage|p1a: Jumpluff|250/271\n|\n|t:|1783560389\n|switch|p2a: Arbok|Arbok, L87, F|100/100|[from] Flip Turn\n|-ability|p2a: Arbok|Intimidate|boost\n|-unboost|p1a: Jumpluff|atk|1\n|\n|upkeep\n|turn|12\n|inactive|Time left: 300 sec this turn | 300 sec total\n|\n|t:|1783560389\n|move|p1a: Jumpluff|U-turn|p2a: Arbok\n|-resisted|p2a: Arbok\n|-damage|p2a: Arbok|95/100\n|inactive|Time left: 300 sec this turn | 300 sec total | 5 sec grace\n|\n|t:|1783560390\n|switch|p1a: Sableye|Sableye, L88, F|231/231|[from] U-turn\n|move|p2a: Arbok|Gunk Shot|p1a: Sableye|[miss]\n|-miss|p2a: Arbok|p1a: Sableye\n|\n|upkeep\n|turn|13\n|inactive|Time left: 300 sec this turn | 300 sec total\n|\n|t:|1783560391\n|switch|p2a: Iron Valiant|Iron Valiant, L78|100/100\n|move|p1a: Sableye|Knock Off|p2a: Iron Valiant\n|-resisted|p2a: Iron Valiant\n|-damage|p2a: Iron Valiant|90/100\n|-enditem|p2a: Iron Valiant|Life Orb|[from] move: Knock Off|[of] p1a: Sableye\n|\n|upkeep\n|turn|14\n|inactive|Time left: 300 sec this turn | 300 sec total\n|\n|t:|1783560392\n|move|p1a: Sableye|Will-O-Wisp|p2a: Iron Valiant\n|-status|p2a: Iron Valiant|brn\n|move|p2a: Iron Valiant|Moonblast|p1a: Sableye\n|-supereffective|p1a: Sableye\n|-damage|p1a: Sableye|0 fnt\n|faint|p1a: Sableye\n|\n|-damage|p2a: Iron Valiant|84/100 brn|[from] brn\n|upkeep\n|inactive|Time left: 300 sec this turn | 300 sec total | 5 sec grace\n|\n|t:|1783560393\n|switch|p1a: Toucannon|Toucannon, L88, M|249/284 psn\n|turn|15\n|inactive|Time left: 300 sec this turn | 300 sec total\n|\n|t:|1783560394\n|-singleturn|p1a: Toucannon|move: Beak Blast\n|move|p2a: Iron Valiant|Moonblast|p1a: Toucannon\n|-damage|p1a: Toucannon|134/284 psn\n|-unboost|p1a: Toucannon|spa|1\n|move|p1a: Toucannon|Beak Blast|p2a: Iron Valiant\n|-supereffective|p2a: Iron Valiant\n|-damage|p2a: Iron Valiant|0 fnt\n|faint|p2a: Iron Valiant\n|-end|p2a: Iron Valiant|Quark Drive|[silent]\n|\n|-damage|p1a: Toucannon|99/284 psn|[from] psn\n|upkeep\n|\n|t:|1783560395\n|switch|p2a: Arbok|Arbok, L87, F|95/100\n|-ability|p2a: Arbok|Intimidate|boost\n|-unboost|p1a: Toucannon|atk|1\n|turn|16\n|inactive|Time left: 300 sec this turn | 300 sec total\n|\n|t:|1783560396\n|switch|p1a: Alomomola|Alomomola, L87, M|354/429 brn\n|move|p2a: Arbok|Gunk Shot|p1a: Alomomola\n|-damage|p1a: Alomomola|219/429 brn\n|\n|-damage|p1a: Alomomola|193/429 brn|[from] brn\n|upkeep\n|turn|17\n|inactive|Time left: 300 sec this turn | 300 sec total\n|\n|t:|1783560397\n|move|p2a: Arbok|Gunk Shot|p1a: Alomomola\n|-damage|p1a: Alomomola|57/429 brn\n|move|p1a: Alomomola|Flip Turn|p2a: Arbok\n|-damage|p2a: Arbok|82/100\n|inactive|Time left: 300 sec this turn | 300 sec total | 5 sec grace\n|\n|t:|1783560398\n|switch|p1a: Coalossal|Coalossal, L89, F|341/341|[from] Flip Turn\n|\n|upkeep\n|turn|18\n|inactive|Time left: 300 sec this turn | 300 sec total\n|\n|t:|1783560399\n|move|p2a: Arbok|Earthquake|p1a: Coalossal\n|-supereffective|p1a: Coalossal\n|-damage|p1a: Coalossal|121/341\n|move|p1a: Coalossal|Stone Edge|p2a: Arbok\n|-crit|p2a: Arbok\n|-damage|p2a: Arbok|10/100\n|\n|upkeep\n|turn|19\n|inactive|Time left: 300 sec this turn | 300 sec total\n|\n|t:|1783560400\n|switch|p1a: Alomomola|Alomomola, L87, M|200/429 brn\n|move|p2a: Arbok|Earthquake|p1a: Alomomola\n|-damage|p1a: Alomomola|117/429 brn\n|\n|-damage|p1a: Alomomola|91/429 brn|[from] brn\n|upkeep\n|turn|20\n|inactive|Time left: 300 sec this turn | 300 sec total\n|\n|t:|1783560401\n|move|p2a: Arbok|Gunk Shot|p1a: Alomomola|[miss]\n|-miss|p2a: Arbok|p1a: Alomomola\n|move|p1a: Alomomola|Flip Turn|p2a: Arbok\n|-damage|p2a: Arbok|0 fnt\n|faint|p2a: Arbok\n|inactive|Time left: 300 sec this turn | 300 sec total | 5 sec grace\n|\n|t:|1783560401\n|switch|p1a: Jumpluff|Jumpluff, L87, M|250/271|[from] Flip Turn\n|\n|upkeep\n|\n|t:|1783560402\n|switch|p2a: Alomomola|Alomomola, L87, M|100/100\n|turn|21\n|inactive|Time left: 300 sec this turn | 300 sec total\n|\n|t:|1783560403\n|switch|p1a: Alomomola|Alomomola, L87, M|234/429 brn\n|move|p2a: Alomomola|Scald|p1a: Alomomola\n|-resisted|p1a: Alomomola\n|-damage|p1a: Alomomola|193/429 brn\n|\n|-damage|p1a: Alomomola|167/429 brn|[from] brn\n|upkeep\n|turn|22\n|inactive|Time left: 300 sec this turn | 300 sec total\n|\n|t:|1783560404\n|move|p2a: Alomomola|Scald|p1a: Alomomola\n|-resisted|p1a: Alomomola\n|-damage|p1a: Alomomola|132/429 brn\n|move|p1a: Alomomola|Wish|p1a: Alomomola\n|\n|-damage|p1a: Alomomola|106/429 brn|[from] brn\n|upkeep\n|turn|23\n|inactive|Time left: 300 sec this turn | 300 sec total\n|\n|t:|1783560404\n|switch|p1a: Toucannon|Toucannon, L88, M|99/284 psn\n|move|p2a: Alomomola|Wish|p2a: Alomomola\n|\n|-heal|p1a: Toucannon|284/284 psn|[from] move: Wish|[wisher] Alomomola\n|-damage|p1a: Toucannon|249/284 psn|[from] psn\n|upkeep\n|turn|24\n|inactive|Time left: 300 sec this turn | 300 sec total\n|\n|t:|1783560405\n|-singleturn|p1a: Toucannon|move: Beak Blast\n|move|p2a: Alomomola|Scald|p1a: Toucannon\n|-damage|p1a: Toucannon|195/284 psn\n|move|p1a: Toucannon|Beak Blast|p2a: Alomomola\n|-damage|p2a: Alomomola|64/100\n|\n|-heal|p2a: Alomomola|100/100|[from] move: Wish|[wisher] Alomomola\n|-damage|p1a: Toucannon|160/284 psn|[from] psn\n|upkeep\n|turn|25\n|inactive|Time left: 300 sec this turn | 300 sec total\n|\n|t:|1783560406\n|move|p2a: Alomomola|Scald|p1a: Toucannon\n|-crit|p1a: Toucannon\n|-damage|p1a: Toucannon|82/284 psn\n|move|p1a: Toucannon|Roost|p1a: Toucannon\n|-heal|p1a: Toucannon|224/284 psn\n|-singleturn|p1a: Toucannon|move: Roost\n|\n|-damage|p1a: Toucannon|189/284 psn|[from] psn\n|upkeep\n|turn|26\n|inactive|Time left: 300 sec this turn | 300 sec total\n|\n|t:|1783560407\n|move|p2a: Alomomola|Wish|p2a: Alomomola\n|move|p1a: Toucannon|Roost|p1a: Toucannon\n|-heal|p1a: Toucannon|284/284 psn\n|-singleturn|p1a: Toucannon|move: Roost\n|\n|-damage|p1a: Toucannon|249/284 psn|[from] psn\n|upkeep\n|turn|27\n|inactive|Time left: 300 sec this turn | 300 sec total\n|\n|t:|1783560407\n|-singleturn|p1a: Toucannon|move: Beak Blast\n|move|p2a: Alomomola|Scald|p1a: Toucannon\n|-damage|p1a: Toucannon|198/284 psn\n|move|p1a: Toucannon|Beak Blast|p2a: Alomomola\n|-damage|p2a: Alomomola|66/100\n|\n|-heal|p2a: Alomomola|100/100|[from] move: Wish|[wisher] Alomomola\n|-damage|p1a: Toucannon|163/284 psn|[from] psn\n|upkeep\n|turn|28\n|inactive|Time left: 300 sec this turn | 300 sec total\n|\n|t:|1783560408\n|move|p2a: Alomomola|Flip Turn|p1a: Toucannon\n|-damage|p1a: Toucannon|99/284 psn\n|\n|t:|1783560409\n|switch|p2a: Copperajah|Copperajah, L86, M|16/100|[from] Flip Turn\n|move|p1a: Toucannon|Roost|p1a: Toucannon\n|-heal|p1a: Toucannon|241/284 psn\n|-singleturn|p1a: Toucannon|move: Roost\n|\n|-damage|p1a: Toucannon|206/284 psn|[from] psn\n|upkeep\n|turn|29\n|inactive|Time left: 300 sec this turn | 300 sec total\n|\n|t:|1783560410\n|switch|p2a: Annihilape|Annihilape, L76, M|100/100\n|move|p1a: Toucannon|Boomburst|p2a: Annihilape\n|-immune|p2a: Annihilape\n|\n|-damage|p1a: Toucannon|171/284 psn|[from] psn\n|upkeep\n|turn|30\n|inactive|Time left: 300 sec this turn | 300 sec total\n|\n|t:|1783560411\n|-singleturn|p1a: Toucannon|move: Beak Blast\n|move|p2a: Annihilape|Bulk Up|p2a: Annihilape\n|-boost|p2a: Annihilape|atk|1\n|-boost|p2a: Annihilape|def|1\n|move|p1a: Toucannon|Beak Blast|p2a: Annihilape\n|-supereffective|p2a: Annihilape\n|-damage|p2a: Annihilape|32/100\n|\n|-heal|p2a: Annihilape|38/100|[from] item: Leftovers\n|-damage|p1a: Toucannon|136/284 psn|[from] psn\n|upkeep\n|turn|31\n|inactive|Time left: 300 sec this turn | 300 sec total\n|\n|t:|1783560411\n|-singleturn|p1a: Toucannon|move: Beak Blast\n|move|p2a: Annihilape|Drain Punch|p1a: Toucannon\n|-damage|p1a: Toucannon|10/284 psn\n|-heal|p2a: Annihilape|60/100|[from] drain|[of] p1a: Toucannon\n|-status|p2a: Annihilape|brn\n|move|p1a: Toucannon|Beak Blast|p2a: Annihilape\n|-supereffective|p2a: Annihilape\n|-damage|p2a: Annihilape|0 fnt\n|faint|p2a: Annihilape\n|\n|-damage|p1a: Toucannon|0 fnt|[from] psn\n|faint|p1a: Toucannon\n|upkeep\n|inactive|Time left: 300 sec this turn | 300 sec total | 5 sec grace\n|\n|t:|1783560412\n|switch|p2a: Alomomola|Alomomola, L87, M|100/100\n|switch|p1a: Alomomola|Alomomola, L87, M|249/429 brn\n|turn|32\n|inactive|Time left: 300 sec this turn | 300 sec total\n|\n|t:|1783560413\n|move|p2a: Alomomola|Wish|p2a: Alomomola\n|move|p1a: Alomomola|Wish|p1a: Alomomola\n|\n|-damage|p1a: Alomomola|223/429 brn|[from] brn\n|upkeep\n|turn|33\n|inactive|Time left: 300 sec this turn | 300 sec total\n|\n|t:|1783560414\n|move|p1a: Alomomola|Protect|p1a: Alomomola\n|-singleturn|p1a: Alomomola|Protect\n|move|p2a: Alomomola|Flip Turn|p1a: Alomomola\n|-activate|p1a: Alomomola|move: Protect\n|\n|-heal|p1a: Alomomola|429/429 brn|[from] move: Wish|[wisher] Alomomola\n|-damage|p1a: Alomomola|403/429 brn|[from] brn\n|upkeep\n|turn|34\n|inactive|Time left: 300 sec this turn | 300 sec total\n|\n|t:|1783560415\n|move|p1a: Alomomola|Wish|p1a: Alomomola\n|move|p2a: Alomomola|Wish|p2a: Alomomola\n|\n|-damage|p1a: Alomomola|377/429 brn|[from] brn\n|upkeep\n|turn|35\n|inactive|Time left: 300 sec this turn | 300 sec total\n|\n|t:|1783560415\n|switch|p1a: Persian|Persian-Alola, L86, M|136/252 psn\n|move|p2a: Alomomola|Flip Turn|p1a: Persian\n|-damage|p1a: Persian|99/252 psn\n|\n|t:|1783560416\n|switch|p2a: Copperajah|Copperajah, L86, M|16/100|[from] Flip Turn\n|\n|-heal|p1a: Persian|252/252 psn|[from] move: Wish|[wisher] Alomomola\n|-heal|p2a: Copperajah|78/100|[from] move: Wish|[wisher] Alomomola\n|-damage|p1a: Persian|221/252 psn|[from] psn\n|upkeep\n|turn|36\n|inactive|Time left: 300 sec this turn | 300 sec total\n|\n|t:|1783560417\n|move|p1a: Persian|Parting Shot|p2a: Copperajah\n|-unboost|p2a: Copperajah|atk|1\n|-unboost|p2a: Copperajah|spa|1\n|inactive|Time left: 300 sec this turn | 300 sec total | 5 sec grace\n|\n|t:|1783560418\n|switch|p1a: Alomomola|Alomomola, L87, M|429/429 brn|[from] Parting Shot\n|move|p2a: Copperajah|Rock Slide|p1a: Alomomola\n|-damage|p1a: Alomomola|352/429 brn\n|\n|-damage|p1a: Alomomola|326/429 brn|[from] brn\n|upkeep\n|turn|37\n|inactive|Time left: 300 sec this turn | 300 sec total\n|\n|t:|1783560419\n|switch|p2a: Alomomola|Alomomola, L87, M|100/100\n|move|p1a: Alomomola|Wish|p1a: Alomomola\n|\n|-damage|p1a: Alomomola|300/429 brn|[from] brn\n|upkeep\n|turn|38\n|inactive|Time left: 300 sec this turn | 300 sec total\n|\n|t:|1783560419\n|switch|p1a: Persian|Persian-Alola, L86, M|221/252 psn\n|move|p2a: Alomomola|Scald|p1a: Persian\n|-damage|p1a: Persian|160/252 psn\n|\n|-heal|p1a: Persian|252/252 psn|[from] move: Wish|[wisher] Alomomola\n|-damage|p1a: Persian|221/252 psn|[from] psn\n|upkeep\n|turn|39\n|inactive|Time left: 300 sec this turn | 300 sec total\n|\n|t:|1783560420\n|move|p1a: Persian|Parting Shot|p2a: Alomomola\n|-unboost|p2a: Alomomola|atk|1\n|-unboost|p2a: Alomomola|spa|1\n|inactive|Time left: 300 sec this turn | 300 sec total | 5 sec grace\n|\n|t:|1783560421\n|switch|p1a: Alomomola|Alomomola, L87, M|429/429 brn|[from] Parting Shot\n|move|p2a: Alomomola|Scald|p1a: Alomomola\n|-resisted|p1a: Alomomola\n|-damage|p1a: Alomomola|403/429 brn\n|\n|-damage|p1a: Alomomola|377/429 brn|[from] brn\n|upkeep\n|turn|40\n|inactive|Time left: 300 sec this turn | 300 sec total\n|\n|t:|1783560422\n|move|p2a: Alomomola|Flip Turn|p1a: Alomomola\n|-resisted|p1a: Alomomola\n|-damage|p1a: Alomomola|359/429 brn\n|-damage|p2a: Alomomola|84/100|[from] item: Rocky Helmet|[of] p1a: Alomomola\n|\n|t:|1783560423\n|switch|p2a: Copperajah|Copperajah, L86, M|78/100|[from] Flip Turn\n|move|p1a: Alomomola|Wish|p1a: Alomomola\n|\n|-damage|p1a: Alomomola|333/429 brn|[from] brn\n|upkeep\n|turn|41\n|inactive|Time left: 300 sec this turn | 300 sec total\n|\n|t:|1783560424\n|switch|p2a: Alomomola|Alomomola, L87, M|100/100\n|move|p1a: Alomomola|Scald|p2a: Alomomola\n|-resisted|p2a: Alomomola\n|-damage|p2a: Alomomola|92/100\n|-status|p2a: Alomomola|brn\n|\n|-heal|p1a: Alomomola|429/429 brn|[from] move: Wish|[wisher] Alomomola\n|-damage|p2a: Alomomola|86/100 brn|[from] brn\n|-damage|p1a: Alomomola|403/429 brn|[from] brn\n|upkeep\n|turn|42\n|inactive|Time left: 300 sec this turn | 300 sec total\n|\n|t:|1783560425\n|move|p1a: Alomomola|Wish|p1a: Alomomola\n|move|p2a: Alomomola|Wish|p2a: Alomomola\n|\n|-damage|p1a: Alomomola|377/429 brn|[from] brn\n|-damage|p2a: Alomomola|80/100 brn|[from] brn\n|upkeep\n|turn|43\n|inactive|Time left: 300 sec this turn | 300 sec total\n|\n|t:|1783560426\n|move|p2a: Alomomola|Scald|p1a: Alomomola\n|-resisted|p1a: Alomomola\n|-damage|p1a: Alomomola|339/429 brn\n|move|p1a: Alomomola|Flip Turn|p2a: Alomomola\n|-resisted|p2a: Alomomola\n|-damage|p2a: Alomomola|76/100 brn\n|inactive|Time left: 300 sec this turn | 300 sec total | 5 sec grace\n|\n|t:|1783560427\n|switch|p1a: Coalossal|Coalossal, L89, F|121/341|[from] Flip Turn\n|\n|-heal|p2a: Alomomola|100/100 brn|[from] move: Wish|[wisher] Alomomola\n|-heal|p1a: Coalossal|335/341|[from] move: Wish|[wisher] Alomomola\n|-damage|p2a: Alomomola|94/100 brn|[from] brn\n|upkeep\n|turn|44\n|inactive|Time left: 300 sec this turn | 300 sec total\n|\n|t:|1783560428\n|switch|p1a: Alomomola|Alomomola, L87, M|429/429 brn\n|move|p2a: Alomomola|Scald|p1a: Alomomola\n|-resisted|p1a: Alomomola\n|-damage|p1a: Alomomola|393/429 brn\n|\n|-damage|p2a: Alomomola|88/100 brn|[from] brn\n|-damage|p1a: Alomomola|367/429 brn|[from] brn\n|upkeep\n|turn|45\n|inactive|Time left: 300 sec this turn | 300 sec total\n|\n|t:|1783560429\n|move|p1a: Alomomola|Wish|p1a: Alomomola\n|move|p2a: Alomomola|Wish|p2a: Alomomola\n|\n|-damage|p1a: Alomomola|341/429 brn|[from] brn\n|-damage|p2a: Alomomola|82/100 brn|[from] brn\n|upkeep\n|turn|46\n|inactive|Time left: 300 sec this turn | 300 sec total\n|\n|t:|1783560429\n|switch|p2a: Copperajah|Copperajah, L86, M|78/100\n|move|p1a: Alomomola|Protect||[still]\n|-fail|p1a: Alomomola\n|\n|-heal|p1a: Alomomola|429/429 brn|[from] move: Wish|[wisher] Alomomola\n|-heal|p2a: Copperajah|100/100|[from] move: Wish|[wisher] Alomomola\n|-damage|p1a: Alomomola|403/429 brn|[from] brn\n|upkeep\n|turn|47\n|inactive|Time left: 300 sec this turn | 300 sec total\n|\n|t:|1783560430\n|switch|p2a: Alomomola|Alomomola, L87, M|100/100 brn\n|move|p1a: Alomomola|Scald|p2a: Alomomola\n|-resisted|p2a: Alomomola\n|-damage|p2a: Alomomola|92/100 brn\n|\n|-damage|p1a: Alomomola|377/429 brn|[from] brn\n|-damage|p2a: Alomomola|86/100 brn|[from] brn\n|upkeep\n|turn|48\n|inactive|Time left: 300 sec this turn | 300 sec total\n|\n|t:|1783560432\n|move|p1a: Alomomola|Wish|p1a: Alomomola\n|move|p2a: Alomomola|Wish|p2a: Alomomola\n|\n|-damage|p1a: Alomomola|351/429 brn|[from] brn\n|-damage|p2a: Alomomola|80/100 brn|[from] brn\n|upkeep\n|turn|49\n|inactive|Time left: 300 sec this turn | 300 sec total\n|\n|t:|1783560432\n|switch|p1a: Persian|Persian-Alola, L86, M|221/252 psn\n|move|p2a: Alomomola|Wish||[still]\n|-fail|p2a: Alomomola\n|\n|-heal|p1a: Persian|252/252 psn|[from] move: Wish|[wisher] Alomomola\n|-heal|p2a: Alomomola|100/100 brn|[from] move: Wish|[wisher] Alomomola\n|-damage|p1a: Persian|221/252 psn|[from] psn\n|-damage|p2a: Alomomola|94/100 brn|[from] brn\n|upkeep\n|turn|50\n|inactive|Time left: 300 sec this turn | 300 sec total\n|\n|t:|1783560433\n|move|p1a: Persian|Parting Shot|p2a: Alomomola\n|-unboost|p2a: Alomomola|atk|1\n|-unboost|p2a: Alomomola|spa|1\n|inactive|Time left: 300 sec this turn | 300 sec total | 5 sec grace\n|\n|t:|1783560434\n|switch|p1a: Alomomola|Alomomola, L87, M|429/429 brn|[from] Parting Shot\n|move|p2a: Alomomola|Scald|p1a: Alomomola\n|-resisted|p1a: Alomomola\n|-damage|p1a: Alomomola|405/429 brn\n|\n|-damage|p2a: Alomomola|88/100 brn|[from] brn\n|-damage|p1a: Alomomola|379/429 brn|[from] brn\n|upkeep\n|turn|51\n|inactive|Time left: 300 sec this turn | 300 sec total\n|\n|t:|1783560435\n|switch|p2a: Copperajah|Copperajah, L86, M|100/100\n|move|p1a: Alomomola|Wish|p1a: Alomomola\n|\n|-damage|p1a: Alomomola|353/429 brn|[from] brn\n|upkeep\n|turn|52\n|inactive|Time left: 300 sec this turn | 300 sec total\n|\n|t:|1783560436\n|switch|p2a: Alomomola|Alomomola, L87, M|100/100 brn\n|move|p1a: Alomomola|Scald|p2a: Alomomola\n|-resisted|p2a: Alomomola\n|-damage|p2a: Alomomola|92/100 brn\n|\n|-heal|p1a: Alomomola|429/429 brn|[from] move: Wish|[wisher] Alomomola\n|-damage|p1a: Alomomola|403/429 brn|[from] brn\n|-damage|p2a: Alomomola|86/100 brn|[from] brn\n|upkeep\n|turn|53\n|inactive|Time left: 300 sec this turn | 300 sec total\n|\n|t:|1783560437\n|move|p1a: Alomomola|Wish|p1a: Alomomola\n|move|p2a: Alomomola|Wish|p2a: Alomomola\n|\n|-damage|p1a: Alomomola|377/429 brn|[from] brn\n|-damage|p2a: Alomomola|80/100 brn|[from] brn\n|upkeep\n|turn|54\n|inactive|Time left: 300 sec this turn | 300 sec total\n|\n|t:|1783560438\n|switch|p2a: Copperajah|Copperajah, L86, M|100/100\n|move|p1a: Alomomola|Scald|p2a: Copperajah\n|-damage|p2a: Copperajah|83/100\n|-status|p2a: Copperajah|brn\n|\n|-heal|p1a: Alomomola|429/429 brn|[from] move: Wish|[wisher] Alomomola\n|-heal|p2a: Copperajah|100/100 brn|[from] move: Wish|[wisher] Alomomola\n|-damage|p1a: Alomomola|403/429 brn|[from] brn\n|-damage|p2a: Copperajah|94/100 brn|[from] brn\n|upkeep\n|turn|55\n|inactive|Time left: 300 sec this turn | 300 sec total\n|\n|t:|1783560439\n|move|p1a: Alomomola|Wish|p1a: Alomomola\n|move|p2a: Copperajah|Play Rough|p1a: Alomomola\n|-damage|p1a: Alomomola|328/429 brn\n|-damage|p2a: Copperajah|78/100 brn|[from] item: Rocky Helmet|[of] p1a: Alomomola\n|\n|-damage|p1a: Alomomola|302/429 brn|[from] brn\n|-damage|p2a: Copperajah|72/100 brn|[from] brn\n|upkeep\n|turn|56\n|inactive|Time left: 300 sec this turn | 300 sec total\n|\n|t:|1783560440\n|switch|p1a: Jumpluff|Jumpluff, L87, M|250/271\n|move|p2a: Copperajah|Play Rough|p1a: Jumpluff\n|-damage|p1a: Jumpluff|173/271\n|\n|-heal|p1a: Jumpluff|271/271|[from] move: Wish|[wisher] Alomomola\n|-damage|p2a: Copperajah|66/100 brn|[from] brn\n|upkeep\n|turn|57\n|inactive|Time left: 300 sec this turn | 300 sec total\n|\n|t:|1783560441\n|move|p1a: Jumpluff|Strength Sap|p2a: Copperajah\n|-unboost|p2a: Copperajah|atk|1\n|move|p2a: Copperajah|Iron Head|p1a: Jumpluff\n|-damage|p1a: Jumpluff|201/271\n|\n|-damage|p2a: Copperajah|60/100 brn|[from] brn\n|upkeep\n|turn|58\n|inactive|Time left: 300 sec this turn | 300 sec total\n|\n|t:|1783560441\n|switch|p2a: Alomomola|Alomomola, L87, M|100/100 brn\n|move|p1a: Jumpluff|Strength Sap|p2a: Alomomola\n|-unboost|p2a: Alomomola|atk|1\n|-heal|p1a: Jumpluff|271/271\n|\n|-damage|p2a: Alomomola|94/100 brn|[from] brn\n|upkeep\n|turn|59\n|inactive|Time left: 300 sec this turn | 300 sec total\n|\n|t:|1783560442\n|move|p1a: Jumpluff|Strength Sap|p2a: Alomomola\n|-unboost|p2a: Alomomola|atk|1\n|move|p2a: Alomomola|Flip Turn|p1a: Jumpluff\n|-resisted|p1a: Jumpluff\n|-damage|p1a: Jumpluff|264/271\n|\n|t:|1783560443\n|switch|p2a: Copperajah|Copperajah, L86, M|60/100 brn|[from] Flip Turn\n|\n|-damage|p2a: Copperajah|54/100 brn|[from] brn\n|upkeep\n|turn|60\n|inactive|Time left: 300 sec this turn | 300 sec total\n|\n|t:|1783560444\n|move|p1a: Jumpluff|Strength Sap|p2a: Copperajah\n|-unboost|p2a: Copperajah|atk|1\n|-heal|p1a: Jumpluff|271/271\n|move|p2a: Copperajah|Iron Head|p1a: Jumpluff\n|-damage|p1a: Jumpluff|202/271\n|\n|-damage|p2a: Copperajah|48/100 brn|[from] brn\n|upkeep\n|turn|61\n|inactive|Time left: 300 sec this turn | 300 sec total\n|\n|t:|1783560444\n|move|p1a: Jumpluff|Strength Sap|p2a: Copperajah\n|-unboost|p2a: Copperajah|atk|1\n|-heal|p1a: Jumpluff|271/271\n|move|p2a: Copperajah|Rock Slide|p1a: Jumpluff\n|-supereffective|p1a: Jumpluff\n|-damage|p1a: Jumpluff|205/271\n|\n|-damage|p2a: Copperajah|42/100 brn|[from] brn\n|upkeep\n|turn|62\n|inactive|Time left: 300 sec this turn | 300 sec total\n|\n|t:|1783560445\n|switch|p2a: Alomomola|Alomomola, L87, M|100/100 brn\n|move|p1a: Jumpluff|Strength Sap|p2a: Alomomola\n|-unboost|p2a: Alomomola|atk|1\n|-heal|p1a: Jumpluff|271/271\n|\n|-damage|p2a: Alomomola|94/100 brn|[from] brn\n|upkeep\n|turn|63\n|inactive|Time left: 300 sec this turn | 300 sec total\n|\n|t:|1783560446\n|move|p1a: Jumpluff|Strength Sap|p2a: Alomomola\n|-unboost|p2a: Alomomola|atk|1\n|move|p2a: Alomomola|Flip Turn|p1a: Jumpluff\n|-resisted|p1a: Jumpluff\n|-damage|p1a: Jumpluff|264/271\n|\n|t:|1783560447\n|switch|p2a: Copperajah|Copperajah, L86, M|42/100 brn|[from] Flip Turn\n|\n|-damage|p2a: Copperajah|36/100 brn|[from] brn\n|upkeep\n|turn|64\n|inactive|Time left: 300 sec this turn | 300 sec total\n|\n|t:|1783560448\n|switch|p1a: Alomomola|Alomomola, L87, M|429/429 brn\n|move|p2a: Copperajah|Rock Slide|p1a: Alomomola\n|-damage|p1a: Alomomola|364/429 brn\n|\n|-damage|p1a: Alomomola|338/429 brn|[from] brn\n|-damage|p2a: Copperajah|30/100 brn|[from] brn\n|upkeep\n|turn|65\n|inactive|Time left: 300 sec this turn | 300 sec total\n|\n|t:|1783560448\n|switch|p2a: Alomomola|Alomomola, L87, M|100/100 brn\n|move|p1a: Alomomola|Wish|p1a: Alomomola\n|\n|-damage|p1a: Alomomola|312/429 brn|[from] brn\n|-damage|p2a: Alomomola|94/100 brn|[from] brn\n|upkeep\n|turn|66\n|inactive|Time left: 300 sec this turn | 300 sec total\n|\n|t:|1783560449\n|move|p2a: Alomomola|Wish|p2a: Alomomola\n|move|p1a: Alomomola|Scald|p2a: Alomomola\n|-resisted|p2a: Alomomola\n|-damage|p2a: Alomomola|86/100 brn\n|\n|-heal|p1a: Alomomola|429/429 brn|[from] move: Wish|[wisher] Alomomola\n|-damage|p2a: Alomomola|80/100 brn|[from] brn\n|-damage|p1a: Alomomola|403/429 brn|[from] brn\n|upkeep\n|turn|67\n|inactive|Time left: 300 sec this turn | 300 sec total\n|\n|t:|1783560450\n|move|p1a: Alomomola|Wish|p1a: Alomomola\n|move|p2a: Alomomola|Scald|p1a: Alomomola\n|-resisted|p1a: Alomomola\n|-damage|p1a: Alomomola|366/429 brn\n|\n|-heal|p2a: Alomomola|100/100 brn|[from] move: Wish|[wisher] Alomomola\n|-damage|p2a: Alomomola|94/100 brn|[from] brn\n|-damage|p1a: Alomomola|340/429 brn|[from] brn\n|upkeep\n|turn|68\n|inactive|Time left: 300 sec this turn | 300 sec total\n|\n|t:|1783560451\n|switch|p1a: Persian|Persian-Alola, L86, M|221/252 psn\n|move|p2a: Alomomola|Wish|p2a: Alomomola\n|\n|-heal|p1a: Persian|252/252 psn|[from] move: Wish|[wisher] Alomomola\n|-damage|p1a: Persian|221/252 psn|[from] psn\n|-damage|p2a: Alomomola|88/100 brn|[from] brn\n|upkeep\n|turn|69\n|inactive|Time left: 300 sec this turn | 300 sec total\n|\n|t:|1783560452\n|move|p1a: Persian|Parting Shot|p2a: Alomomola\n|-unboost|p2a: Alomomola|atk|1\n|-unboost|p2a: Alomomola|spa|1\n|inactive|Time left: 300 sec this turn | 300 sec total | 5 sec grace\n|\n|t:|1783560452\n|switch|p1a: Alomomola|Alomomola, L87, M|429/429 brn|[from] Parting Shot\n|move|p2a: Alomomola|Flip Turn|p1a: Alomomola\n|-resisted|p1a: Alomomola\n|-damage|p1a: Alomomola|419/429 brn\n|-damage|p2a: Alomomola|72/100 brn|[from] item: Rocky Helmet|[of] p1a: Alomomola\n|\n|t:|1783560453\n|switch|p2a: Copperajah|Copperajah, L86, M|30/100 brn|[from] Flip Turn\n|\n|-heal|p2a: Copperajah|91/100 brn|[from] move: Wish|[wisher] Alomomola\n|-damage|p1a: Alomomola|393/429 brn|[from] brn\n|-damage|p2a: Copperajah|85/100 brn|[from] brn\n|upkeep\n|turn|70\n|inactive|Time left: 300 sec this turn | 300 sec total\n|\n|t:|1783560454\n|move|p1a: Alomomola|Wish|p1a: Alomomola\n|move|p2a: Copperajah|Rock Slide|p1a: Alomomola\n|-damage|p1a: Alomomola|335/429 brn\n|\n|-damage|p1a: Alomomola|309/429 brn|[from] brn\n|-damage|p2a: Copperajah|79/100 brn|[from] brn\n|upkeep\n|turn|71\n|inactive|Time left: 300 sec this turn | 300 sec total\n|\n|t:|1783560455\n|switch|p1a: Persian|Persian-Alola, L86, M|221/252 psn\n|move|p2a: Copperajah|Iron Head|p1a: Persian\n|-damage|p1a: Persian|161/252 psn\n|\n|-heal|p1a: Persian|252/252 psn|[from] move: Wish|[wisher] Alomomola\n|-damage|p1a: Persian|221/252 psn|[from] psn\n|-damage|p2a: Copperajah|73/100 brn|[from] brn\n|upkeep\n|turn|72\n|inactive|Time left: 300 sec this turn | 300 sec total\n|\n|t:|1783560456\n|move|p1a: Persian|Parting Shot|p2a: Copperajah\n|-unboost|p2a: Copperajah|atk|1\n|-unboost|p2a: Copperajah|spa|1\n|inactive|Time left: 300 sec this turn | 300 sec total | 5 sec grace\n|\n|t:|1783560456\n|switch|p1a: Alomomola|Alomomola, L87, M|429/429 brn|[from] Parting Shot\n|move|p2a: Copperajah|Rock Slide|p1a: Alomomola\n|-damage|p1a: Alomomola|389/429 brn\n|\n|-damage|p1a: Alomomola|363/429 brn|[from] brn\n|-damage|p2a: Copperajah|67/100 brn|[from] brn\n|upkeep\n|turn|73\n|inactive|Time left: 300 sec this turn | 300 sec total\n|\n|t:|1783560457\n|switch|p2a: Alomomola|Alomomola, L87, M|100/100 brn\n|move|p1a: Alomomola|Wish|p1a: Alomomola\n|\n|-damage|p1a: Alomomola|337/429 brn|[from] brn\n|-damage|p2a: Alomomola|94/100 brn|[from] brn\n|upkeep\n|turn|74\n|inactive|Time left: 300 sec this turn | 300 sec total\n|\n|t:|1783560458\n|switch|p2a: Copperajah|Copperajah, L86, M|67/100 brn\n|switch|p1a: Persian|Persian-Alola, L86, M|221/252 psn\n|\n|-heal|p1a: Persian|252/252 psn|[from] move: Wish|[wisher] Alomomola\n|-damage|p1a: Persian|221/252 psn|[from] psn\n|-damage|p2a: Copperajah|61/100 brn|[from] brn\n|upkeep\n|turn|75\n|inactive|Time left: 300 sec this turn | 300 sec total\n|\n|t:|1783560459\n|move|p1a: Persian|Parting Shot|p2a: Copperajah\n|-unboost|p2a: Copperajah|atk|1\n|-unboost|p2a: Copperajah|spa|1\n|inactive|Time left: 300 sec this turn | 300 sec total | 5 sec grace\n|\n|t:|1783560460\n|switch|p1a: Alomomola|Alomomola, L87, M|429/429 brn|[from] Parting Shot\n|move|p2a: Copperajah|Play Rough|p1a: Alomomola\n|-damage|p1a: Alomomola|378/429 brn\n|-damage|p2a: Copperajah|44/100 brn|[from] item: Rocky Helmet|[of] p1a: Alomomola\n|\n|-damage|p1a: Alomomola|352/429 brn|[from] brn\n|-damage|p2a: Copperajah|38/100 brn|[from] brn\n|upkeep\n|turn|76\n|inactive|Time left: 300 sec this turn | 300 sec total\n|\n|t:|1783560461\n|switch|p2a: Alomomola|Alomomola, L87, M|100/100 brn\n|move|p1a: Alomomola|Wish|p1a: Alomomola\n|\n|-damage|p1a: Alomomola|326/429 brn|[from] brn\n|-damage|p2a: Alomomola|94/100 brn|[from] brn\n|upkeep\n|turn|77\n|inactive|Time left: 300 sec this turn | 300 sec total\n|\n|t:|1783560462\n|switch|p1a: Persian|Persian-Alola, L86, M|221/252 psn\n|move|p2a: Alomomola|Wish|p2a: Alomomola\n|\n|-heal|p1a: Persian|252/252 psn|[from] move: Wish|[wisher] Alomomola\n|-damage|p1a: Persian|221/252 psn|[from] psn\n|-damage|p2a: Alomomola|88/100 brn|[from] brn\n|upkeep\n|turn|78\n|inactive|Time left: 300 sec this turn | 300 sec total\n|\n|t:|1783560463\n|move|p1a: Persian|Parting Shot|p2a: Alomomola\n|-unboost|p2a: Alomomola|atk|1\n|-unboost|p2a: Alomomola|spa|1\n|inactive|Time left: 300 sec this turn | 300 sec total | 5 sec grace\n|\n|t:|1783560464\n|switch|p1a: Jumpluff|Jumpluff, L87, M|264/271|[from] Parting Shot\n|move|p2a: Alomomola|Flip Turn|p1a: Jumpluff\n|-resisted|p1a: Jumpluff\n|-damage|p1a: Jumpluff|254/271\n|\n|t:|1783560465\n|switch|p2a: Copperajah|Copperajah, L86, M|38/100 brn|[from] Flip Turn\n|\n|-heal|p2a: Copperajah|99/100 brn|[from] move: Wish|[wisher] Alomomola\n|-damage|p2a: Copperajah|94/100 brn|[from] brn\n|upkeep\n|turn|79\n|inactive|Time left: 300 sec this turn | 300 sec total\n|\n|t:|1783560466\n|move|p1a: Jumpluff|Strength Sap|p2a: Copperajah\n|-unboost|p2a: Copperajah|atk|1\n|-heal|p1a: Jumpluff|271/271\n|move|p2a: Copperajah|Rock Slide|p1a: Jumpluff\n|-supereffective|p1a: Jumpluff\n|-damage|p1a: Jumpluff|185/271\n|\n|-damage|p2a: Copperajah|88/100 brn|[from] brn\n|upkeep\n|turn|80\n|inactive|Time left: 300 sec this turn | 300 sec total\n|\n|t:|1783560467\n|switch|p2a: Alomomola|Alomomola, L87, M|100/100 brn\n|move|p1a: Jumpluff|Strength Sap|p2a: Alomomola\n|-unboost|p2a: Alomomola|atk|1\n|-heal|p1a: Jumpluff|271/271\n|\n|-damage|p2a: Alomomola|94/100 brn|[from] brn\n|upkeep\n|turn|81\n|inactive|Time left: 300 sec this turn | 300 sec total\n|\n|t:|1783560468\n|move|p1a: Jumpluff|Strength Sap|p2a: Alomomola\n|-unboost|p2a: Alomomola|atk|1\n|move|p2a: Alomomola|Flip Turn|p1a: Jumpluff\n|-resisted|p1a: Jumpluff\n|-damage|p1a: Jumpluff|263/271\n|\n|t:|1783560468\n|switch|p2a: Copperajah|Copperajah, L86, M|88/100 brn|[from] Flip Turn\n|\n|-damage|p2a: Copperajah|82/100 brn|[from] brn\n|upkeep\n|turn|82\n|inactive|Time left: 300 sec this turn | 300 sec total\n|\n|t:|1783560469\n|move|p1a: Jumpluff|Strength Sap|p2a: Copperajah\n|-unboost|p2a: Copperajah|atk|1\n|-heal|p1a: Jumpluff|271/271\n|move|p2a: Copperajah|Iron Head|p1a: Jumpluff\n|-damage|p1a: Jumpluff|205/271\n|\n|-damage|p2a: Copperajah|76/100 brn|[from] brn\n|upkeep\n|turn|83\n|inactive|Time left: 300 sec this turn | 300 sec total\n|\n|t:|1783560470\n|switch|p2a: Alomomola|Alomomola, L87, M|100/100 brn\n|move|p1a: Jumpluff|Strength Sap|p2a: Alomomola\n|-unboost|p2a: Alomomola|atk|1\n|-heal|p1a: Jumpluff|271/271\n|\n|-damage|p2a: Alomomola|94/100 brn|[from] brn\n|upkeep\n|turn|84\n|inactive|Time left: 300 sec this turn | 300 sec total\n|\n|t:|1783560471\n|move|p1a: Jumpluff|Strength Sap|p2a: Alomomola\n|-unboost|p2a: Alomomola|atk|1\n|move|p2a: Alomomola|Flip Turn|p1a: Jumpluff\n|-resisted|p1a: Jumpluff\n|-damage|p1a: Jumpluff|264/271\n|\n|t:|1783560472\n|switch|p2a: Copperajah|Copperajah, L86, M|76/100 brn|[from] Flip Turn\n|\n|-damage|p2a: Copperajah|70/100 brn|[from] brn\n|upkeep\n|turn|85\n|inactive|Time left: 300 sec this turn | 300 sec total\n|\n|t:|1783560473\n|move|p1a: Jumpluff|Strength Sap|p2a: Copperajah\n|-unboost|p2a: Copperajah|atk|1\n|-heal|p1a: Jumpluff|271/271\n|move|p2a: Copperajah|Rock Slide|p1a: Jumpluff\n|-supereffective|p1a: Jumpluff\n|-crit|p1a: Jumpluff\n|-damage|p1a: Jumpluff|83/271\n|\n|-damage|p2a: Copperajah|64/100 brn|[from] brn\n|upkeep\n|turn|86\n|inactive|Time left: 300 sec this turn | 300 sec total\n|\n|t:|1783560474\n|move|p1a: Jumpluff|Strength Sap|p2a: Copperajah\n|-unboost|p2a: Copperajah|atk|1\n|-heal|p1a: Jumpluff|265/271\n|move|p2a: Copperajah|Rock Slide|p1a: Jumpluff\n|-supereffective|p1a: Jumpluff\n|-damage|p1a: Jumpluff|203/271\n|\n|-damage|p2a: Copperajah|58/100 brn|[from] brn\n|upkeep\n|turn|87\n|inactive|Time left: 300 sec this turn | 300 sec total\n|\n|t:|1783560475\n|switch|p2a: Alomomola|Alomomola, L87, M|100/100 brn\n|move|p1a: Jumpluff|U-turn|p2a: Alomomola\n|-damage|p2a: Alomomola|92/100 brn\n|inactive|Time left: 300 sec this turn | 300 sec total | 5 sec grace\n|\n|t:|1783560475\n|switch|p1a: Alomomola|Alomomola, L87, M|429/429 brn|[from] U-turn\n|\n|-damage|p2a: Alomomola|86/100 brn|[from] brn\n|-damage|p1a: Alomomola|403/429 brn|[from] brn\n|upkeep\n|turn|88\n|inactive|Time left: 300 sec this turn | 300 sec total\n|\n|t:|1783560476\n|move|p1a: Alomomola|Flip Turn|p2a: Alomomola\n|-resisted|p2a: Alomomola\n|-damage|p2a: Alomomola|83/100 brn\n|inactive|Time left: 300 sec this turn | 300 sec total | 5 sec grace\n|\n|t:|1783560477\n|switch|p1a: Jumpluff|Jumpluff, L87, M|203/271|[from] Flip Turn\n|move|p2a: Alomomola|Flip Turn|p1a: Jumpluff\n|-resisted|p1a: Jumpluff\n|-crit|p1a: Jumpluff\n|-damage|p1a: Jumpluff|178/271\n|\n|t:|1783560478\n|switch|p2a: Copperajah|Copperajah, L86, M|58/100 brn|[from] Flip Turn\n|\n|-damage|p2a: Copperajah|52/100 brn|[from] brn\n|upkeep\n|turn|89\n|inactive|Time left: 300 sec this turn | 300 sec total\n|\n|t:|1783560479\n|switch|p1a: Alomomola|Alomomola, L87, M|429/429 brn\n|move|p2a: Copperajah|Earthquake|p1a: Alomomola\n|-damage|p1a: Alomomola|368/429 brn\n|-damage|p2a: Copperajah|42/100 brn|[from] item: Life Orb\n|\n|-damage|p1a: Alomomola|342/429 brn|[from] brn\n|-damage|p2a: Copperajah|36/100 brn|[from] brn\n|upkeep\n|turn|90\n|inactive|Time left: 300 sec this turn | 300 sec total\n|\n|t:|1783560479\n|move|p1a: Alomomola|Scald|p2a: Copperajah\n|-damage|p2a: Copperajah|20/100 brn\n|move|p2a: Copperajah|Rock Slide|p1a: Alomomola\n|-damage|p1a: Alomomola|282/429 brn\n|\n|-damage|p1a: Alomomola|256/429 brn|[from] brn\n|-damage|p2a: Copperajah|14/100 brn|[from] brn\n|upkeep\n|turn|91\n|inactive|Time left: 300 sec this turn | 300 sec total\n|\n|t:|1783560480\n|switch|p2a: Alomomola|Alomomola, L87, M|100/100 brn\n|move|p1a: Alomomola|Flip Turn|p2a: Alomomola\n|-resisted|p2a: Alomomola\n|-damage|p2a: Alomomola|97/100 brn\n|inactive|Time left: 300 sec this turn | 300 sec total | 5 sec grace\n|\n|t:|1783560481\n|switch|p1a: Jumpluff|Jumpluff, L87, M|178/271|[from] Flip Turn\n|\n|-damage|p2a: Alomomola|91/100 brn|[from] brn\n|upkeep\n|turn|92\n|inactive|Time left: 300 sec this turn | 300 sec total\n|\n|t:|1783560482\n|switch|p1a: Alomomola|Alomomola, L87, M|399/429 brn\n|move|p2a: Alomomola|Scald|p1a: Alomomola\n|-resisted|p1a: Alomomola\n|-damage|p1a: Alomomola|359/429 brn\n|\n|-damage|p1a: Alomomola|333/429 brn|[from] brn\n|-damage|p2a: Alomomola|85/100 brn|[from] brn\n|upkeep\n|turn|93\n|inactive|Time left: 300 sec this turn | 300 sec total\n|\n|t:|1783560483\n|move|p1a: Alomomola|Protect|p1a: Alomomola\n|-singleturn|p1a: Alomomola|Protect\n|move|p2a: Alomomola|Wish|p2a: Alomomola\n|\n|-damage|p2a: Alomomola|79/100 brn|[from] brn\n|-damage|p1a: Alomomola|307/429 brn|[from] brn\n|upkeep\n|turn|94\n|inactive|Time left: 300 sec this turn | 300 sec total\n|\n|t:|1783560484\n|switch|p1a: Persian|Persian-Alola, L86, M|221/252 psn\n|move|p2a: Alomomola|Scald|p1a: Persian\n|-damage|p1a: Persian|157/252 psn\n|\n|-heal|p2a: Alomomola|100/100 brn|[from] move: Wish|[wisher] Alomomola\n|-damage|p1a: Persian|126/252 psn|[from] psn\n|-damage|p2a: Alomomola|94/100 brn|[from] brn\n|upkeep\n|turn|95\n|inactive|Time left: 300 sec this turn | 300 sec total\n|\n|t:|1783560485\n|move|p1a: Persian|Parting Shot|p2a: Alomomola\n|-unboost|p2a: Alomomola|atk|1\n|-unboost|p2a: Alomomola|spa|1\n|inactive|Time left: 300 sec this turn | 300 sec total | 5 sec grace\n|\n|t:|1783560485\n|switch|p1a: Alomomola|Alomomola, L87, M|429/429 brn|[from] Parting Shot\n|move|p2a: Alomomola|Scald|p1a: Alomomola\n|-resisted|p1a: Alomomola\n|-damage|p1a: Alomomola|406/429 brn\n|\n|-damage|p2a: Alomomola|88/100 brn|[from] brn\n|-damage|p1a: Alomomola|380/429 brn|[from] brn\n|upkeep\n|turn|96\n|inactive|Time left: 300 sec this turn | 300 sec total\n|\n|t:|1783560486\n|switch|p2a: Copperajah|Copperajah, L86, M|14/100 brn\n|move|p1a: Alomomola|Scald|p2a: Copperajah\n|-damage|p2a: Copperajah|0 fnt\n|faint|p2a: Copperajah\n|\n|-damage|p1a: Alomomola|354/429 brn|[from] brn\n|upkeep\n|\n|t:|1783560487\n|switch|p2a: Alomomola|Alomomola, L87, M|100/100 brn\n|turn|97\n|inactive|Time left: 300 sec this turn | 300 sec total\n|\n|t:|1783560488\n|move|p2a: Alomomola|Scald|p1a: Alomomola\n|-resisted|p1a: Alomomola\n|-damage|p1a: Alomomola|313/429 brn\n|move|p1a: Alomomola|Scald|p2a: Alomomola\n|-resisted|p2a: Alomomola\n|-damage|p2a: Alomomola|91/100 brn\n|\n|-damage|p1a: Alomomola|287/429 brn|[from] brn\n|-damage|p2a: Alomomola|85/100 brn|[from] brn\n|upkeep\n|turn|98\n|inactive|Time left: 300 sec this turn | 300 sec total\n|\n|t:|1783560488\n|move|p1a: Alomomola|Scald|p2a: Alomomola\n|-resisted|p2a: Alomomola\n|-crit|p2a: Alomomola\n|-damage|p2a: Alomomola|72/100 brn\n|move|p2a: Alomomola|Wish|p2a: Alomomola\n|\n|-damage|p1a: Alomomola|261/429 brn|[from] brn\n|-damage|p2a: Alomomola|66/100 brn|[from] brn\n|upkeep\n|turn|99\n|inactive|Time left: 300 sec this turn | 300 sec total\n|\n|t:|1783560489\n|switch|p1a: Jumpluff|Jumpluff, L87, M|178/271\n|move|p2a: Alomomola|Scald|p1a: Jumpluff\n|-resisted|p1a: Jumpluff\n|-crit|p1a: Jumpluff\n|-damage|p1a: Jumpluff|145/271\n|\n|-heal|p2a: Alomomola|100/100 brn|[from] move: Wish|[wisher] Alomomola\n|-damage|p2a: Alomomola|94/100 brn|[from] brn\n|upkeep\n|turn|100\n|inactive|Time left: 300 sec this turn | 300 sec total\n|\n|t:|1783560490\n|switch|p1a: Alomomola|Alomomola, L87, M|404/429 brn\n|move|p2a: Alomomola|Scald|p1a: Alomomola\n|-resisted|p1a: Alomomola\n|-damage|p1a: Alomomola|365/429 brn\n|\n|-damage|p1a: Alomomola|339/429 brn|[from] brn\n|-damage|p2a: Alomomola|88/100 brn|[from] brn\n|upkeep\n|turn|101\n|inactive|Time left: 300 sec this turn | 300 sec total\n|\n|t:|1783560491\n|switch|p1a: Jumpluff|Jumpluff, L87, M|145/271\n|move|p2a: Alomomola|Wish|p2a: Alomomola\n|\n|-damage|p2a: Alomomola|82/100 brn|[from] brn\n|upkeep\n|turn|102\n|inactive|Time left: 300 sec this turn | 300 sec total\n|\n|t:|1783560491\n|switch|p1a: Alomomola|Alomomola, L87, M|429/429 brn\n|move|p2a: Alomomola|Scald|p1a: Alomomola\n|-resisted|p1a: Alomomola\n|-damage|p1a: Alomomola|390/429 brn\n|\n|-heal|p2a: Alomomola|100/100 brn|[from] move: Wish|[wisher] Alomomola\n|-damage|p1a: Alomomola|364/429 brn|[from] brn\n|-damage|p2a: Alomomola|94/100 brn|[from] brn\n|upkeep\n|turn|103\n|inactive|Time left: 300 sec this turn | 300 sec total\n|\n|t:|1783560492\n|move|p1a: Alomomola|Scald|p2a: Alomomola\n|-resisted|p2a: Alomomola\n|-damage|p2a: Alomomola|86/100 brn\n|move|p2a: Alomomola|Wish|p2a: Alomomola\n|\n|-damage|p1a: Alomomola|338/429 brn|[from] brn\n|-damage|p2a: Alomomola|80/100 brn|[from] brn\n|upkeep\n|turn|104\n|inactive|Time left: 300 sec this turn | 300 sec total\n|\n|t:|1783560493\n|move|p1a: Alomomola|Protect|p1a: Alomomola\n|-singleturn|p1a: Alomomola|Protect\n|move|p2a: Alomomola|Scald|p1a: Alomomola\n|-activate|p1a: Alomomola|move: Protect\n|\n|-heal|p2a: Alomomola|100/100 brn|[from] move: Wish|[wisher] Alomomola\n|-damage|p1a: Alomomola|312/429 brn|[from] brn\n|-damage|p2a: Alomomola|94/100 brn|[from] brn\n|upkeep\n|turn|105\n|inactive|Time left: 300 sec this turn | 300 sec total\n|\n|t:|1783560494\n|move|p1a: Alomomola|Scald|p2a: Alomomola\n|-resisted|p2a: Alomomola\n|-damage|p2a: Alomomola|85/100 brn\n|move|p2a: Alomomola|Scald|p1a: Alomomola\n|-resisted|p1a: Alomomola\n|-damage|p1a: Alomomola|275/429 brn\n|\n|-damage|p2a: Alomomola|79/100 brn|[from] brn\n|-damage|p1a: Alomomola|249/429 brn|[from] brn\n|upkeep\n|turn|106\n|inactive|Time left: 300 sec this turn | 300 sec total\n|\n|t:|1783560494\n|switch|p1a: Jumpluff|Jumpluff, L87, M|145/271\n|move|p2a: Alomomola|Scald|p1a: Jumpluff\n|-resisted|p1a: Jumpluff\n|-damage|p1a: Jumpluff|124/271\n|-status|p1a: Jumpluff|brn\n|\n|-damage|p1a: Jumpluff|108/271 brn|[from] brn\n|-damage|p2a: Alomomola|73/100 brn|[from] brn\n|upkeep\n|turn|107\n|inactive|Time left: 300 sec this turn | 300 sec total\n|\n|t:|1783560495\n|switch|p1a: Alomomola|Alomomola, L87, M|392/429 brn\n|move|p2a: Alomomola|Scald|p1a: Alomomola\n|-resisted|p1a: Alomomola\n|-damage|p1a: Alomomola|353/429 brn\n|\n|-damage|p1a: Alomomola|327/429 brn|[from] brn\n|-damage|p2a: Alomomola|67/100 brn|[from] brn\n|upkeep\n|turn|108\n|inactive|Time left: 300 sec this turn | 300 sec total\n|\n|t:|1783560496\n|move|p2a: Alomomola|Protect|p2a: Alomomola\n|-singleturn|p2a: Alomomola|Protect\n|move|p1a: Alomomola|Scald|p2a: Alomomola\n|-activate|p2a: Alomomola|move: Protect\n|\n|-damage|p1a: Alomomola|301/429 brn|[from] brn\n|-damage|p2a: Alomomola|61/100 brn|[from] brn\n|upkeep\n|turn|109\n|inactive|Time left: 300 sec this turn | 300 sec total\n|\n|t:|1783560497\n|move|p2a: Alomomola|Protect||[still]\n|-fail|p2a: Alomomola\n|move|p1a: Alomomola|Scald|p2a: Alomomola\n|-resisted|p2a: Alomomola\n|-damage|p2a: Alomomola|53/100 brn\n|\n|-damage|p2a: Alomomola|47/100 brn|[from] brn\n|-damage|p1a: Alomomola|275/429 brn|[from] brn\n|upkeep\n|turn|110\n|inactive|Time left: 300 sec this turn | 300 sec total\n|\n|t:|1783560498\n|move|p2a: Alomomola|Protect|p2a: Alomomola\n|-singleturn|p2a: Alomomola|Protect\n|move|p1a: Alomomola|Scald|p2a: Alomomola\n|-activate|p2a: Alomomola|move: Protect\n|\n|-damage|p2a: Alomomola|41/100 brn|[from] brn\n|-damage|p1a: Alomomola|249/429 brn|[from] brn\n|upkeep\n|turn|111\n|inactive|Time left: 300 sec this turn | 300 sec total\n|\n|t:|1783560499\n|move|p2a: Alomomola|Protect|p2a: Alomomola\n|-singleturn|p2a: Alomomola|Protect\n|move|p1a: Alomomola|Scald|p2a: Alomomola\n|-activate|p2a: Alomomola|move: Protect\n|\n|-damage|p1a: Alomomola|223/429 brn|[from] brn\n|-damage|p2a: Alomomola|35/100 brn|[from] brn\n|upkeep\n|turn|112\n|inactive|Time left: 300 sec this turn | 300 sec total\n|\n|t:|1783560500\n|move|p2a: Alomomola|Protect||[still]\n|-fail|p2a: Alomomola\n|move|p1a: Alomomola|Scald|p2a: Alomomola\n|-resisted|p2a: Alomomola\n|-damage|p2a: Alomomola|26/100 brn\n|\n|-damage|p2a: Alomomola|20/100 brn|[from] brn\n|-damage|p1a: Alomomola|197/429 brn|[from] brn\n|upkeep\n|turn|113\n|inactive|Time left: 300 sec this turn | 300 sec total\n|\n|t:|1783560501\n|-terastallize|p1a: Alomomola|Poison\n|move|p2a: Alomomola|Protect|p2a: Alomomola\n|-singleturn|p2a: Alomomola|Protect\n|move|p1a: Alomomola|Scald|p2a: Alomomola\n|-activate|p2a: Alomomola|move: Protect\n|\n|-damage|p1a: Alomomola|171/429 brn|[from] brn\n|-damage|p2a: Alomomola|14/100 brn|[from] brn\n|upkeep\n|turn|114\n|inactive|Time left: 300 sec this turn | 300 sec total\n|\n|t:|1783560501\n|move|p1a: Alomomola|Scald|p2a: Alomomola\n|-resisted|p2a: Alomomola\n|-damage|p2a: Alomomola|6/100 brn\n|move|p2a: Alomomola|Flip Turn|p1a: Alomomola\n|-damage|p1a: Alomomola|142/429 brn\n|-damage|p2a: Alomomola|0 fnt|[from] item: Rocky Helmet|[of] p1a: Alomomola\n|faint|p2a: Alomomola\n|\n|win|p0x17644b14", "uploadtime": 1783560501, "views": 0, "rating": 0, "private": 0, "password": null, "_winner": "p0x17644b14", "_our_name": "p0x17644b14"}