{"id": "battle-gen9randombattle-807", "formatid": "gen9randombattle", "format": "[Gen 9] Random Battle", "players": ["p0x807dda2", "p0y807e921"], "log": "|init|battle\n|title|p0x807dda2 vs. p0y807e921\n|j|\u2606p0x807dda2\n|j|\u2606p0y807e921\n|t:|1783549254\n|gametype|singles\n|player|p1|p0x807dda2|2|\n|player|p2|p0y807e921|102|\n|gen|9\n|tier|[Gen 9] Random Battle\n|rule|Species Clause: Limit one of each Pok\u00e9mon\n|rule|HP Percentage Mod: HP is shown in percentages\n|rule|Sleep Clause Mod: Limit one foe put to sleep\n|rule|Illusion Level Mod: Illusion disguises the Pok\u00e9mon's true level\n|\n|t:|1783549254\n|teamsize|p1|6\n|teamsize|p2|6\n|start\n|switch|p1a: Kyogre|Kyogre, L71|259/259\n|switch|p2a: Registeel|Registeel, L81|100/100\n|-weather|RainDance|[from] ability: Drizzle|[of] p1a: Kyogre\n|turn|1\n|inactive|Battle timer is ON: inactive players will automatically lose when time's up. (requested by p0x807dda2)\n|inactive|p0y807e921 also wants the timer to be on.\n|\n|t:|1783549256\n|move|p1a: Kyogre|Origin Pulse|p2a: Registeel|[miss]\n|-miss|p1a: Kyogre|p2a: Registeel\n|move|p2a: Registeel|Iron Defense|p2a: Registeel\n|-boost|p2a: Registeel|def|2\n|\n|-weather|RainDance|[upkeep]\n|upkeep\n|turn|2\n|inactive|Time left: 300 sec this turn | 300 sec total\n|\n|t:|1783549257\n|move|p1a: Kyogre|Origin Pulse|p2a: Registeel|[miss]\n|-miss|p1a: Kyogre|p2a: Registeel\n|move|p2a: Registeel|Body Press|p1a: Kyogre\n|-damage|p1a: Kyogre|75/259\n|\n|-weather|RainDance|[upkeep]\n|-heal|p1a: Kyogre|91/259|[from] item: Leftovers\n|upkeep\n|turn|3\n|inactive|Time left: 300 sec this turn | 300 sec total\n|\n|t:|1783549258\n|switch|p1a: Banette|Banette, L93, F|270/270\n|move|p2a: Registeel|Body Press|p1a: Banette\n|-immune|p1a: Banette\n|\n|-weather|RainDance|[upkeep]\n|upkeep\n|turn|4\n|inactive|Time left: 300 sec this turn | 300 sec total\n|\n|t:|1783549259\n|move|p1a: Banette|Swords Dance|p1a: Banette\n|-boost|p1a: Banette|atk|2\n|move|p2a: Registeel|Thunder Wave|p1a: Banette\n|-status|p1a: Banette|par\n|\n|-weather|RainDance|[upkeep]\n|upkeep\n|turn|5\n|inactive|Time left: 300 sec this turn | 300 sec total\n|\n|t:|1783549260\n|move|p2a: Registeel|Iron Head|p1a: Banette\n|-damage|p1a: Banette|189/270 par\n|move|p1a: Banette|Poltergeist|p2a: Registeel|[miss]\n|-miss|p1a: Banette|p2a: Registeel\n|\n|-weather|none\n|upkeep\n|turn|6\n|inactive|Time left: 300 sec this turn | 300 sec total\n|\n|t:|1783549261\n|move|p2a: Registeel|Iron Head|p1a: Banette\n|-damage|p1a: Banette|116/270 par\n|cant|p1a: Banette|flinch\n|\n|upkeep\n|turn|7\n|inactive|Time left: 300 sec this turn | 300 sec total\n|\n|t:|1783549262\n|move|p2a: Registeel|Iron Head|p1a: Banette\n|-damage|p1a: Banette|40/270 par\n|move|p1a: Banette|Poltergeist|p2a: Registeel\n|-activate|p2a: Registeel|move: Poltergeist|Leftovers\n|-damage|p2a: Registeel|47/100\n|-damage|p1a: Banette|13/270 par|[from] item: Life Orb\n|\n|-heal|p2a: Registeel|53/100|[from] item: Leftovers\n|upkeep\n|turn|8\n|inactive|Time left: 300 sec this turn | 300 sec total\n|\n|t:|1783549263\n|move|p2a: Registeel|Iron Head|p1a: Banette\n|-crit|p1a: Banette\n|-damage|p1a: Banette|0 fnt\n|faint|p1a: Banette\n|\n|-heal|p2a: Registeel|59/100|[from] item: Leftovers\n|upkeep\n|inactive|Time left: 300 sec this turn | 300 sec total | 5 sec grace\n|\n|t:|1783549264\n|switch|p1a: Vaporeon|Vaporeon, L86, F|364/364\n|turn|9\n|inactive|Time left: 300 sec this turn | 300 sec total\n|\n|t:|1783549266\n|move|p1a: Vaporeon|Scald|p2a: Registeel\n|-damage|p2a: Registeel|35/100\n|-status|p2a: Registeel|brn\n|move|p2a: Registeel|Body Press|p1a: Vaporeon\n|-damage|p1a: Vaporeon|276/364\n|\n|-heal|p1a: Vaporeon|298/364|[from] item: Leftovers\n|-heal|p2a: Registeel|41/100 brn|[from] item: Leftovers\n|-damage|p2a: Registeel|35/100 brn|[from] brn\n|upkeep\n|turn|10\n|inactive|Time left: 300 sec this turn | 300 sec total\n|\n|t:|1783549267\n|move|p1a: Vaporeon|Scald|p2a: Registeel\n|-damage|p2a: Registeel|7/100 brn\n|move|p2a: Registeel|Thunder Wave|p1a: Vaporeon\n|-status|p1a: Vaporeon|par\n|\n|-heal|p2a: Registeel|13/100 brn|[from] item: Leftovers\n|-heal|p1a: Vaporeon|320/364 par|[from] item: Leftovers\n|-damage|p2a: Registeel|7/100 brn|[from] brn\n|upkeep\n|turn|11\n|inactive|Time left: 300 sec this turn | 300 sec total\n|\n|t:|1783549268\n|move|p2a: Registeel|Body Press|p1a: Vaporeon\n|-damage|p1a: Vaporeon|222/364 par\n|move|p1a: Vaporeon|Scald|p2a: Registeel\n|-damage|p2a: Registeel|0 fnt\n|faint|p2a: Registeel\n|\n|-heal|p1a: Vaporeon|244/364 par|[from] item: Leftovers\n|upkeep\n|\n|t:|1783549268\n|switch|p2a: Araquanid|Araquanid, L82, M|100/100\n|turn|12\n|inactive|Time left: 300 sec this turn | 300 sec total\n|\n|t:|1783549269\n|move|p2a: Araquanid|Sticky Web|p1a: Vaporeon\n|-sidestart|p1: p0x807dda2|move: Sticky Web\n|move|p1a: Vaporeon|Wish|p1a: Vaporeon\n|\n|-heal|p1a: Vaporeon|266/364 par|[from] item: Leftovers\n|upkeep\n|turn|13\n|inactive|Time left: 300 sec this turn | 300 sec total\n|\n|t:|1783549270\n|switch|p2a: Ting-Lu|Ting-Lu, L78|100/100\n|-ability|p2a: Ting-Lu|Vessel of Ruin\n|move|p1a: Vaporeon|Scald|p2a: Ting-Lu\n|-supereffective|p2a: Ting-Lu\n|-damage|p2a: Ting-Lu|55/100\n|\n|-heal|p1a: Vaporeon|364/364 par|[from] move: Wish|[wisher] Vaporeon\n|-heal|p2a: Ting-Lu|61/100|[from] item: Leftovers\n|upkeep\n|turn|14\n|inactive|Time left: 300 sec this turn | 300 sec total\n|\n|t:|1783549271\n|move|p2a: Ting-Lu|Stealth Rock|p1a: Vaporeon\n|-sidestart|p1: p0x807dda2|move: Stealth Rock\n|move|p1a: Vaporeon|Scald|p2a: Ting-Lu\n|-supereffective|p2a: Ting-Lu\n|-damage|p2a: Ting-Lu|14/100\n|-status|p2a: Ting-Lu|brn\n|\n|-heal|p2a: Ting-Lu|20/100 brn|[from] item: Leftovers\n|-damage|p2a: Ting-Lu|14/100 brn|[from] brn\n|upkeep\n|turn|15\n|inactive|Time left: 300 sec this turn | 300 sec total\n|\n|t:|1783549272\n|move|p2a: Ting-Lu|Spikes|p1a: Vaporeon\n|-sidestart|p1: p0x807dda2|Spikes\n|move|p1a: Vaporeon|Scald|p2a: Ting-Lu\n|-supereffective|p2a: Ting-Lu\n|-damage|p2a: Ting-Lu|0 fnt\n|faint|p2a: Ting-Lu\n|\n|upkeep\n|\n|t:|1783549273\n|switch|p2a: Annihilape|Annihilape, L76, F|100/100\n|turn|16\n|inactive|Time left: 300 sec this turn | 300 sec total\n|\n|t:|1783549274\n|move|p2a: Annihilape|Bulk Up|p2a: Annihilape\n|-boost|p2a: Annihilape|atk|1\n|-boost|p2a: Annihilape|def|1\n|move|p1a: Vaporeon|Scald|p2a: Annihilape\n|-damage|p2a: Annihilape|65/100\n|\n|-heal|p2a: Annihilape|71/100|[from] item: Leftovers\n|upkeep\n|turn|17\n|inactive|Time left: 300 sec this turn | 300 sec total\n|\n|t:|1783549275\n|move|p2a: Annihilape|Bulk Up|p2a: Annihilape\n|-boost|p2a: Annihilape|atk|1\n|-boost|p2a: Annihilape|def|1\n|move|p1a: Vaporeon|Roar|p2a: Annihilape\n|drag|p2a: Araquanid|Araquanid, L82, M|100/100\n|\n|upkeep\n|turn|18\n|inactive|Time left: 300 sec this turn | 300 sec total\n|\n|t:|1783549276\n|move|p2a: Araquanid|Leech Life|p1a: Vaporeon\n|-damage|p1a: Vaporeon|279/364 par\n|move|p1a: Vaporeon|Scald|p2a: Araquanid\n|-resisted|p2a: Araquanid\n|-damage|p2a: Araquanid|85/100\n|\n|-heal|p1a: Vaporeon|301/364 par|[from] item: Leftovers\n|upkeep\n|turn|19\n|inactive|Time left: 300 sec this turn | 300 sec total\n|\n|t:|1783549277\n|move|p2a: Araquanid|Leech Life|p1a: Vaporeon\n|-damage|p1a: Vaporeon|213/364 par\n|-heal|p2a: Araquanid|100/100|[from] drain|[of] p1a: Vaporeon\n|move|p1a: Vaporeon|Scald|p2a: Araquanid\n|-resisted|p2a: Araquanid\n|-damage|p2a: Araquanid|85/100\n|\n|-heal|p1a: Vaporeon|235/364 par|[from] item: Leftovers\n|upkeep\n|turn|20\n|inactive|Time left: 300 sec this turn | 300 sec total\n|\n|t:|1783549279\n|move|p2a: Araquanid|Leech Life|p1a: Vaporeon\n|-damage|p1a: Vaporeon|150/364 par\n|-heal|p2a: Araquanid|100/100|[from] drain|[of] p1a: Vaporeon\n|move|p1a: Vaporeon|Scald|p2a: Araquanid\n|-resisted|p2a: Araquanid\n|-damage|p2a: Araquanid|86/100\n|\n|-heal|p1a: Vaporeon|172/364 par|[from] item: Leftovers\n|upkeep\n|turn|21\n|inactive|Time left: 300 sec this turn | 300 sec total\n|\n|t:|1783549280\n|move|p2a: Araquanid|Leech Life|p1a: Vaporeon\n|-damage|p1a: Vaporeon|88/364 par\n|-heal|p2a: Araquanid|100/100|[from] drain|[of] p1a: Vaporeon\n|move|p1a: Vaporeon|Scald|p2a: Araquanid\n|-resisted|p2a: Araquanid\n|-damage|p2a: Araquanid|87/100\n|\n|-heal|p1a: Vaporeon|110/364 par|[from] item: Leftovers\n|upkeep\n|turn|22\n|inactive|Time left: 300 sec this turn | 300 sec total\n|\n|t:|1783549281\n|move|p2a: Araquanid|Leech Life|p1a: Vaporeon\n|-damage|p1a: Vaporeon|23/364 par\n|-heal|p2a: Araquanid|100/100|[from] drain|[of] p1a: Vaporeon\n|move|p1a: Vaporeon|Wish|p1a: Vaporeon\n|\n|-heal|p1a: Vaporeon|45/364 par|[from] item: Leftovers\n|upkeep\n|turn|23\n|inactive|Time left: 300 sec this turn | 300 sec total\n|\n|t:|1783549282\n|move|p1a: Vaporeon|Protect|p1a: Vaporeon\n|-singleturn|p1a: Vaporeon|Protect\n|move|p2a: Araquanid|Leech Life|p1a: Vaporeon\n|-activate|p1a: Vaporeon|move: Protect\n|\n|-heal|p1a: Vaporeon|227/364 par|[from] move: Wish|[wisher] Vaporeon\n|-heal|p1a: Vaporeon|249/364 par|[from] item: Leftovers\n|upkeep\n|turn|24\n|inactive|Time left: 300 sec this turn | 300 sec total\n|\n|t:|1783549283\n|switch|p2a: Annihilape|Annihilape, L76, F|71/100\n|move|p1a: Vaporeon|Scald|p2a: Annihilape\n|-damage|p2a: Annihilape|35/100\n|-status|p2a: Annihilape|brn\n|\n|-heal|p2a: Annihilape|41/100 brn|[from] item: Leftovers\n|-heal|p1a: Vaporeon|271/364 par|[from] item: Leftovers\n|-damage|p2a: Annihilape|35/100 brn|[from] brn\n|upkeep\n|turn|25\n|inactive|Time left: 300 sec this turn | 300 sec total\n|\n|t:|1783549285\n|move|p2a: Annihilape|Bulk Up|p2a: Annihilape\n|-boost|p2a: Annihilape|atk|1\n|-boost|p2a: Annihilape|def|1\n|move|p1a: Vaporeon|Scald|p2a: Annihilape\n|-damage|p2a: Annihilape|0 fnt\n|faint|p2a: Annihilape\n|\n|-heal|p1a: Vaporeon|293/364 par|[from] item: Leftovers\n|upkeep\n|\n|t:|1783549286\n|switch|p2a: Braviary|Braviary, L85, M|100/100\n|turn|26\n|inactive|Time left: 300 sec this turn | 300 sec total\n|\n|t:|1783549287\n|move|p2a: Braviary|Brave Bird|p1a: Vaporeon\n|-damage|p1a: Vaporeon|89/364 par\n|-damage|p2a: Braviary|79/100|[from] Recoil\n|cant|p1a: Vaporeon|par\n|\n|-heal|p1a: Vaporeon|111/364 par|[from] item: Leftovers\n|upkeep\n|turn|27\n|inactive|Time left: 300 sec this turn | 300 sec total\n|\n|t:|1783549288\n|move|p2a: Braviary|Brave Bird|p1a: Vaporeon\n|-damage|p1a: Vaporeon|0 fnt\n|faint|p1a: Vaporeon\n|-damage|p2a: Braviary|67/100|[from] Recoil\n|\n|upkeep\n|inactive|Time left: 300 sec this turn | 300 sec total | 5 sec grace\n|\n|t:|1783549289\n|switch|p1a: Chimecho|Chimecho, L93, M|290/290\n|-damage|p1a: Chimecho|254/290|[from] Stealth Rock\n|turn|28\n|inactive|Time left: 300 sec this turn | 300 sec total\n|\n|t:|1783549290\n|move|p2a: Braviary|Bulk Up|p2a: Braviary\n|-boost|p2a: Braviary|atk|1\n|-boost|p2a: Braviary|def|1\n|move|p1a: Chimecho|Cosmic Power|p1a: Chimecho\n|-boost|p1a: Chimecho|def|1\n|-boost|p1a: Chimecho|spd|1\n|\n|-heal|p1a: Chimecho|272/290|[from] item: Leftovers\n|upkeep\n|turn|29\n|inactive|Time left: 300 sec this turn | 300 sec total\n|\n|t:|1783549291\n|move|p2a: Braviary|Brave Bird|p1a: Chimecho\n|-damage|p1a: Chimecho|116/290\n|-damage|p2a: Braviary|50/100|[from] Recoil\n|move|p1a: Chimecho|Cosmic Power|p1a: Chimecho\n|-boost|p1a: Chimecho|def|1\n|-boost|p1a: Chimecho|spd|1\n|\n|-heal|p1a: Chimecho|134/290|[from] item: Leftovers\n|upkeep\n|turn|30\n|inactive|Time left: 300 sec this turn | 300 sec total\n|\n|t:|1783549292\n|move|p2a: Braviary|Roost|p2a: Braviary\n|-heal|p2a: Braviary|100/100\n|-singleturn|p2a: Braviary|move: Roost\n|move|p1a: Chimecho|Recover|p1a: Chimecho\n|-heal|p1a: Chimecho|279/290\n|\n|-heal|p1a: Chimecho|290/290|[from] item: Leftovers\n|upkeep\n|turn|31\n|inactive|Time left: 300 sec this turn | 300 sec total\n|\n|t:|1783549293\n|move|p2a: Braviary|Bulk Up|p2a: Braviary\n|-boost|p2a: Braviary|atk|1\n|-boost|p2a: Braviary|def|1\n|move|p1a: Chimecho|Stored Power|p2a: Braviary\n|-damage|p2a: Braviary|52/100\n|\n|upkeep\n|turn|32\n|inactive|Time left: 300 sec this turn | 300 sec total\n|\n|t:|1783549294\n|move|p2a: Braviary|Roost|p2a: Braviary\n|-heal|p2a: Braviary|100/100\n|-singleturn|p2a: Braviary|move: Roost\n|move|p1a: Chimecho|Stored Power|p2a: Braviary\n|-damage|p2a: Braviary|55/100\n|\n|upkeep\n|turn|33\n|inactive|Time left: 300 sec this turn | 300 sec total\n|\n|t:|1783549295\n|move|p2a: Braviary|Roost|p2a: Braviary\n|-heal|p2a: Braviary|100/100\n|-singleturn|p2a: Braviary|move: Roost\n|move|p1a: Chimecho|Stored Power|p2a: Braviary\n|-damage|p2a: Braviary|58/100\n|\n|upkeep\n|turn|34\n|inactive|Time left: 300 sec this turn | 300 sec total\n|\n|t:|1783549296\n|move|p2a: Braviary|Roost|p2a: Braviary\n|-heal|p2a: Braviary|100/100\n|-singleturn|p2a: Braviary|move: Roost\n|move|p1a: Chimecho|Stored Power|p2a: Braviary\n|-damage|p2a: Braviary|58/100\n|\n|upkeep\n|turn|35\n|inactive|Time left: 300 sec this turn | 300 sec total\n|\n|t:|1783549297\n|move|p2a: Braviary|Roost|p2a: Braviary\n|-heal|p2a: Braviary|100/100\n|-singleturn|p2a: Braviary|move: Roost\n|move|p1a: Chimecho|Stored Power|p2a: Braviary\n|-damage|p2a: Braviary|58/100\n|\n|upkeep\n|turn|36\n|inactive|Time left: 300 sec this turn | 300 sec total\n|\n|t:|1783549298\n|move|p2a: Braviary|Roost|p2a: Braviary\n|-heal|p2a: Braviary|100/100\n|-singleturn|p2a: Braviary|move: Roost\n|move|p1a: Chimecho|Stored Power|p2a: Braviary\n|-damage|p2a: Braviary|58/100\n|\n|upkeep\n|turn|37\n|inactive|Time left: 300 sec this turn | 300 sec total\n|\n|t:|1783549300\n|move|p2a: Braviary|Roost|p2a: Braviary\n|-heal|p2a: Braviary|100/100\n|-singleturn|p2a: Braviary|move: Roost\n|move|p1a: Chimecho|Stored Power|p2a: Braviary\n|-damage|p2a: Braviary|54/100\n|\n|upkeep\n|turn|38\n|inactive|Time left: 300 sec this turn | 300 sec total\n|\n|t:|1783549301\n|move|p2a: Braviary|Roost|p2a: Braviary\n|-heal|p2a: Braviary|100/100\n|-singleturn|p2a: Braviary|move: Roost\n|move|p1a: Chimecho|Stored Power|p2a: Braviary\n|-damage|p2a: Braviary|57/100\n|\n|upkeep\n|turn|39\n|inactive|Time left: 300 sec this turn | 300 sec total\n|\n|t:|1783549302\n|move|p2a: Braviary|Bulk Up|p2a: Braviary\n|-boost|p2a: Braviary|atk|1\n|-boost|p2a: Braviary|def|1\n|move|p1a: Chimecho|Stored Power|p2a: Braviary\n|-damage|p2a: Braviary|14/100\n|\n|upkeep\n|turn|40\n|inactive|Time left: 300 sec this turn | 300 sec total\n|\n|t:|1783549304\n|move|p2a: Braviary|Brave Bird|p1a: Chimecho\n|-damage|p1a: Chimecho|113/290\n|-damage|p2a: Braviary|0 fnt|[from] Recoil\n|faint|p2a: Braviary\n|move|p1a: Chimecho|Stored Power|p2: Braviary|[notarget]\n|-fail|p1a: Chimecho\n|\n|-heal|p1a: Chimecho|131/290|[from] item: Leftovers\n|upkeep\n|\n|t:|1783549305\n|switch|p2a: Illumise|Illumise, L91, F|100/100\n|turn|41\n|inactive|Time left: 300 sec this turn | 300 sec total\n|\n|t:|1783549306\n|move|p2a: Illumise|Bug Buzz|p1a: Chimecho\n|-supereffective|p1a: Chimecho\n|-damage|p1a: Chimecho|47/290\n|move|p1a: Chimecho|Stored Power|p2a: Illumise\n|-damage|p2a: Illumise|51/100\n|\n|-heal|p1a: Chimecho|65/290|[from] item: Leftovers\n|upkeep\n|turn|42\n|inactive|Time left: 300 sec this turn | 300 sec total\n|\n|t:|1783549307\n|-terastallize|p1a: Chimecho|Steel\n|move|p2a: Illumise|Bug Buzz|p1a: Chimecho\n|-resisted|p1a: Chimecho\n|-damage|p1a: Chimecho|45/290\n|move|p1a: Chimecho|Stored Power|p2a: Illumise\n|-damage|p2a: Illumise|5/100\n|\n|-heal|p1a: Chimecho|63/290|[from] item: Leftovers\n|upkeep\n|turn|43\n|inactive|Time left: 300 sec this turn | 300 sec total\n|\n|t:|1783549309\n|move|p2a: Illumise|Roost|p2a: Illumise\n|-heal|p2a: Illumise|55/100\n|-singleturn|p2a: Illumise|move: Roost\n|move|p1a: Chimecho|Stored Power|p2a: Illumise\n|-damage|p2a: Illumise|9/100\n|\n|-heal|p1a: Chimecho|81/290|[from] item: Leftovers\n|upkeep\n|turn|44\n|inactive|Time left: 300 sec this turn | 300 sec total\n|\n|t:|1783549310\n|move|p2a: Illumise|Roost|p2a: Illumise\n|-heal|p2a: Illumise|59/100\n|-singleturn|p2a: Illumise|move: Roost\n|move|p1a: Chimecho|Stored Power|p2a: Illumise\n|-damage|p2a: Illumise|10/100\n|\n|-heal|p1a: Chimecho|99/290|[from] item: Leftovers\n|upkeep\n|turn|45\n|inactive|Time left: 300 sec this turn | 300 sec total\n|\n|t:|1783549312\n|move|p2a: Illumise|Encore|p1a: Chimecho\n|-start|p1a: Chimecho|Encore\n|move|p1a: Chimecho|Stored Power|p2a: Illumise\n|-damage|p2a: Illumise|0 fnt\n|faint|p2a: Illumise\n|\n|-heal|p1a: Chimecho|117/290|[from] item: Leftovers\n|upkeep\n|\n|t:|1783549313\n|switch|p2a: Araquanid|Araquanid, L82, M|100/100\n|turn|46\n|inactive|Time left: 300 sec this turn | 300 sec total\n|\n|t:|1783549314\n|move|p1a: Chimecho|Stored Power|p2a: Araquanid\n|-damage|p2a: Araquanid|65/100\n|move|p2a: Araquanid|Hydro Pump|p1a: Chimecho\n|-crit|p1a: Chimecho\n|-damage|p1a: Chimecho|0 fnt\n|faint|p1a: Chimecho\n|\n|upkeep\n|inactive|Time left: 300 sec this turn | 300 sec total | 5 sec grace\n|\n|t:|1783549315\n|switch|p1a: Sawsbuck|Sawsbuck-Autumn, L88, F|284/284\n|-activate|p1a: Sawsbuck|move: Sticky Web\n|-unboost|p1a: Sawsbuck|spe|1\n|-damage|p1a: Sawsbuck|249/284|[from] Stealth Rock\n|-damage|p1a: Sawsbuck|214/284|[from] Spikes\n|turn|47\n|inactive|Time left: 300 sec this turn | 300 sec total\n|\n|t:|1783549316\n|move|p1a: Sawsbuck|Double-Edge|p2a: Araquanid\n|-damage|p2a: Araquanid|0 fnt\n|faint|p2a: Araquanid\n|-damage|p1a: Sawsbuck|162/284|[from] Recoil\n|-damage|p1a: Sawsbuck|134/284|[from] item: Life Orb\n|\n|win|p0x807dda2", "uploadtime": 1783549316, "views": 0, "rating": 0, "private": 0, "password": null, "_winner": "p0x807dda2", "_our_name": "p0x807dda2"}