{"id": "battle-gen9randombattle-2727", "formatid": "gen9randombattle", "format": "[Gen 9] Random Battle", "players": ["p0x27271839", "p0y2727482f"], "log": "|init|battle\n|title|p0x27271839 vs. p0y2727482f\n|j|\u2606p0x27271839\n|j|\u2606p0y2727482f\n|t:|1783571438\n|gametype|singles\n|player|p1|p0x27271839|102|\n|player|p2|p0y2727482f|265|\n|gen|9\n|tier|[Gen 9] Random Battle\n|rule|Species Clause: Limit one of each Pok\u00e9mon\n|rule|HP Percentage Mod: HP is shown in percentages\n|rule|Sleep Clause Mod: Limit one foe put to sleep\n|rule|Illusion Level Mod: Illusion disguises the Pok\u00e9mon's true level\n|\n|t:|1783571438\n|teamsize|p1|6\n|teamsize|p2|6\n|start\n|switch|p1a: Glalie|Glalie, L96, M|100/100\n|switch|p2a: Arcanine|Arcanine, L84, F|288/288\n|-ability|p2a: Arcanine|Intimidate|boost\n|-fail|p1a: Glalie|unboost|Attack|[from] ability: Inner Focus|[of] p1a: Glalie\n|turn|1\n|inactive|Battle timer is ON: inactive players will automatically lose when time's up. (requested by p0x27271839)\n|inactive|Time left: 300 sec this turn | 300 sec total | 60 sec grace\n|inactive|p0y2727482f also wants the timer to be on.\n|\n|t:|1783571440\n|move|p2a: Arcanine|Flare Blitz|p1a: Glalie\n|-supereffective|p1a: Glalie\n|-damage|p1a: Glalie|21/100\n|-damage|p2a: Arcanine|207/288|[from] Recoil\n|move|p1a: Glalie|Earthquake|p2a: Arcanine\n|-supereffective|p2a: Arcanine\n|-damage|p2a: Arcanine|23/288\n|\n|upkeep\n|turn|2\n|inactive|Time left: 300 sec this turn | 300 sec total\n|\n|t:|1783571441\n|move|p2a: Arcanine|Flare Blitz|p1a: Glalie\n|-supereffective|p1a: Glalie\n|-damage|p1a: Glalie|0 fnt\n|faint|p1a: Glalie\n|-damage|p2a: Arcanine|2/288|[from] Recoil\n|\n|upkeep\n|\n|t:|1783571442\n|switch|p1a: Falinks|Falinks, L84|100/100\n|turn|3\n|inactive|Time left: 300 sec this turn | 300 sec total\n|\n|t:|1783571443\n|move|p1a: Falinks|No Retreat|p1a: Falinks\n|-boost|p1a: Falinks|atk|1\n|-boost|p1a: Falinks|def|1\n|-boost|p1a: Falinks|spa|1\n|-boost|p1a: Falinks|spd|1\n|-boost|p1a: Falinks|spe|1\n|-start|p1a: Falinks|move: No Retreat\n|move|p2a: Arcanine|Roar|p1a: Falinks\n|drag|p1a: Zangoose|Zangoose, L85, F|100/100\n|\n|-status|p1a: Zangoose|tox|[from] item: Toxic Orb\n|upkeep\n|turn|4\n|inactive|Time left: 300 sec this turn | 300 sec total\n|\n|t:|1783571444\n|move|p1a: Zangoose|Quick Attack|p2a: Arcanine\n|-damage|p2a: Arcanine|0 fnt\n|faint|p2a: Arcanine\n|\n|-damage|p1a: Zangoose|94/100 tox|[from] psn\n|upkeep\n|inactive|Time left: 300 sec this turn | 300 sec total | 5 sec grace\n|\n|t:|1783571445\n|switch|p2a: Sneasler|Sneasler, L74, F|240/240\n|turn|5\n|inactive|Time left: 300 sec this turn | 300 sec total\n|\n|t:|1783571446\n|switch|p1a: Mismagius|Mismagius, L86, M|100/100\n|move|p2a: Sneasler|Close Combat|p1a: Mismagius\n|-immune|p1a: Mismagius\n|\n|upkeep\n|turn|6\n|inactive|Time left: 300 sec this turn | 300 sec total\n|\n|t:|1783571447\n|switch|p2a: Gyarados|Gyarados, L79, F|280/280\n|-ability|p2a: Gyarados|Intimidate|boost\n|-unboost|p1a: Mismagius|atk|1\n|move|p1a: Mismagius|Shadow Ball|p2a: Gyarados\n|-damage|p2a: Gyarados|138/280\n|\n|upkeep\n|turn|7\n|inactive|Time left: 300 sec this turn | 300 sec total\n|\n|t:|1783571448\n|move|p1a: Mismagius|Shadow Ball|p2a: Gyarados\n|-damage|p2a: Gyarados|0 fnt\n|faint|p2a: Gyarados\n|\n|upkeep\n|inactive|Time left: 300 sec this turn | 300 sec total | 5 sec grace\n|\n|t:|1783571449\n|switch|p2a: Excadrill|Excadrill, L79, F|303/303\n|-ability|p2a: Excadrill|Mold Breaker\n|turn|8\n|inactive|Time left: 300 sec this turn | 300 sec total\n|\n|t:|1783571450\n|move|p1a: Mismagius|Shadow Ball|p2a: Excadrill\n|-damage|p2a: Excadrill|113/303\n|-unboost|p2a: Excadrill|spd|1\n|move|p2a: Excadrill|Swords Dance|p2a: Excadrill\n|-boost|p2a: Excadrill|atk|2\n|\n|-heal|p2a: Excadrill|131/303|[from] item: Leftovers\n|upkeep\n|turn|9\n|inactive|Time left: 300 sec this turn | 300 sec total\n|\n|t:|1783571451\n|switch|p2a: Sneasler|Sneasler, L74, F|240/240\n|move|p1a: Mismagius|Shadow Ball|p2a: Sneasler\n|-damage|p2a: Sneasler|66/240\n|\n|upkeep\n|turn|10\n|inactive|Time left: 300 sec this turn | 300 sec total\n|\n|t:|1783571452\n|move|p1a: Mismagius|Shadow Ball|p2a: Sneasler\n|-damage|p2a: Sneasler|0 fnt\n|faint|p2a: Sneasler\n|\n|upkeep\n|inactive|Time left: 300 sec this turn | 300 sec total | 5 sec grace\n|\n|t:|1783571453\n|switch|p2a: Scovillain|Scovillain, L91, M|266/266\n|turn|11\n|inactive|Time left: 300 sec this turn | 300 sec total\n|\n|t:|1783571454\n|move|p1a: Mismagius|Shadow Ball|p2a: Scovillain\n|-damage|p2a: Scovillain|116/266\n|-unboost|p2a: Scovillain|spd|1\n|move|p2a: Scovillain|Flamethrower|p1a: Mismagius\n|-damage|p1a: Mismagius|56/100\n|\n|-heal|p2a: Scovillain|132/266|[from] item: Leftovers\n|upkeep\n|turn|12\n|inactive|Time left: 300 sec this turn | 300 sec total\n|\n|t:|1783571455\n|move|p2a: Scovillain|Protect|p2a: Scovillain\n|-singleturn|p2a: Scovillain|Protect\n|move|p1a: Mismagius|Shadow Ball|p2a: Scovillain\n|-activate|p2a: Scovillain|move: Protect\n|\n|-heal|p2a: Scovillain|148/266|[from] item: Leftovers\n|upkeep\n|turn|13\n|inactive|Time left: 300 sec this turn | 300 sec total\n|\n|t:|1783571456\n|switch|p2a: Phione|Phione, L91|293/293\n|move|p1a: Mismagius|Shadow Ball|p2a: Phione\n|-damage|p2a: Phione|143/293\n|\n|-heal|p2a: Phione|161/293|[from] item: Leftovers\n|upkeep\n|turn|14\n|inactive|Time left: 300 sec this turn | 300 sec total\n|\n|t:|1783571457\n|move|p1a: Mismagius|Shadow Ball|p2a: Phione\n|-damage|p2a: Phione|19/293\n|move|p2a: Phione|Rest|p2a: Phione\n|-status|p2a: Phione|slp|[from] move: Rest\n|-heal|p2a: Phione|293/293 slp|[silent]\n|\n|upkeep\n|turn|15\n|inactive|Time left: 300 sec this turn | 300 sec total\n|\n|t:|1783571458\n|move|p1a: Mismagius|Shadow Ball|p2a: Phione\n|-damage|p2a: Phione|148/293 slp\n|cant|p2a: Phione|slp\n|move|p2a: Phione|Sleep Talk|p2a: Phione\n|move|p2a: Phione|Scald|p1a: Mismagius|[from] move: Sleep Talk\n|-damage|p1a: Mismagius|26/100\n|\n|-heal|p2a: Phione|166/293 slp|[from] item: Leftovers\n|upkeep\n|turn|16\n|inactive|Time left: 300 sec this turn | 300 sec total\n|\n|t:|1783571459\n|move|p1a: Mismagius|Shadow Ball|p2a: Phione\n|-damage|p2a: Phione|30/293 slp\n|cant|p2a: Phione|slp\n|move|p2a: Phione|Sleep Talk|p2a: Phione\n|move|p2a: Phione|Rest||[from] move: Sleep Talk|[still]\n|-fail|p2a: Phione\n|\n|-heal|p2a: Phione|48/293 slp|[from] item: Leftovers\n|upkeep\n|turn|17\n|inactive|Time left: 300 sec this turn | 300 sec total\n|\n|t:|1783571460\n|move|p1a: Mismagius|Shadow Ball|p2a: Phione\n|-damage|p2a: Phione|0 fnt\n|faint|p2a: Phione\n|\n|upkeep\n|inactive|Time left: 300 sec this turn | 300 sec total | 5 sec grace\n|\n|t:|1783571461\n|switch|p2a: Scovillain|Scovillain, L91, M|148/266\n|turn|18\n|inactive|Time left: 300 sec this turn | 300 sec total\n|\n|t:|1783571462\n|move|p2a: Scovillain|Protect|p2a: Scovillain\n|-singleturn|p2a: Scovillain|Protect\n|move|p1a: Mismagius|Shadow Ball|p2a: Scovillain\n|-activate|p2a: Scovillain|move: Protect\n|\n|-heal|p2a: Scovillain|164/266|[from] item: Leftovers\n|upkeep\n|turn|19\n|inactive|Time left: 300 sec this turn | 300 sec total\n|\n|t:|1783571463\n|move|p1a: Mismagius|Shadow Ball|p2a: Scovillain\n|-damage|p2a: Scovillain|5/266\n|move|p2a: Scovillain|Flamethrower|p1a: Mismagius\n|-damage|p1a: Mismagius|0 fnt\n|faint|p1a: Mismagius\n|\n|-heal|p2a: Scovillain|21/266|[from] item: Leftovers\n|upkeep\n|\n|t:|1783571464\n|switch|p1a: Zangoose|Zangoose, L85, F|94/100 tox\n|turn|20\n|inactive|Time left: 300 sec this turn | 300 sec total\n|\n|t:|1783571464\n|move|p2a: Scovillain|Protect|p2a: Scovillain\n|-singleturn|p2a: Scovillain|Protect\n|move|p1a: Zangoose|Knock Off|p2a: Scovillain\n|-activate|p2a: Scovillain|move: Protect\n|\n|-heal|p2a: Scovillain|37/266|[from] item: Leftovers\n|-damage|p1a: Zangoose|88/100 tox|[from] psn\n|upkeep\n|turn|21\n|inactive|Time left: 300 sec this turn | 300 sec total\n|\n|t:|1783571465\n|-terastallize|p2a: Scovillain|Steel\n|move|p2a: Scovillain|Protect|p2a: Scovillain\n|-singleturn|p2a: Scovillain|Protect\n|move|p1a: Zangoose|Knock Off|p2a: Scovillain\n|-activate|p2a: Scovillain|move: Protect\n|\n|-heal|p2a: Scovillain|53/266|[from] item: Leftovers\n|-damage|p1a: Zangoose|76/100 tox|[from] psn\n|upkeep\n|turn|22\n|inactive|Time left: 300 sec this turn | 300 sec total\n|\n|t:|1783571466\n|move|p2a: Scovillain|Protect|p2a: Scovillain\n|-singleturn|p2a: Scovillain|Protect\n|move|p1a: Zangoose|Facade|p2a: Scovillain\n|-activate|p2a: Scovillain|move: Protect\n|\n|-heal|p2a: Scovillain|69/266|[from] item: Leftovers\n|-damage|p1a: Zangoose|58/100 tox|[from] psn\n|upkeep\n|turn|23\n|inactive|Time left: 300 sec this turn | 300 sec total\n|\n|t:|1783571466\n|move|p2a: Scovillain|Protect||[still]\n|-fail|p2a: Scovillain\n|move|p1a: Zangoose|Knock Off|p2a: Scovillain\n|-damage|p2a: Scovillain|0 fnt\n|-enditem|p2a: Scovillain|Leftovers|[from] move: Knock Off|[of] p1a: Zangoose\n|faint|p2a: Scovillain\n|\n|-damage|p1a: Zangoose|34/100 tox|[from] psn\n|upkeep\n|inactive|Time left: 300 sec this turn | 300 sec total | 5 sec grace\n|\n|t:|1783571467\n|switch|p2a: Excadrill|Excadrill, L79, F|131/303\n|-ability|p2a: Excadrill|Mold Breaker\n|turn|24\n|inactive|Time left: 300 sec this turn | 300 sec total\n|\n|t:|1783571468\n|-terastallize|p1a: Zangoose|Normal\n|move|p1a: Zangoose|Facade|p2a: Excadrill\n|-resisted|p2a: Excadrill\n|-damage|p2a: Excadrill|0 fnt\n|faint|p2a: Excadrill\n|\n|win|p0x27271839", "uploadtime": 1783571468, "views": 0, "rating": 0, "private": 0, "password": null, "_winner": "p0x27271839", "_our_name": "p0y2727482f"}