{"id": "battle-gen9randombattle-2641", "formatid": "gen9randombattle", "format": "[Gen 9] Random Battle", "players": ["p0x26416161", "p0y2641e820"], "log": "|init|battle\n|title|p0x26416161 vs. p0y2641e820\n|j|\u2606p0x26416161\n|j|\u2606p0y2641e820\n|t:|1783570478\n|gametype|singles\n|player|p1|p0x26416161|266|\n|player|p2|p0y2641e820|266|\n|gen|9\n|tier|[Gen 9] Random Battle\n|rule|Species Clause: Limit one of each Pok\u00e9mon\n|rule|HP Percentage Mod: HP is shown in percentages\n|rule|Sleep Clause Mod: Limit one foe put to sleep\n|rule|Illusion Level Mod: Illusion disguises the Pok\u00e9mon's true level\n|\n|t:|1783570478\n|teamsize|p1|6\n|teamsize|p2|6\n|start\n|switch|p1a: Farigiraf|Farigiraf, L90, F|100/100\n|switch|p2a: Gallade|Gallade, L80, M|240/240\n|turn|1\n|inactive|Battle timer is ON: inactive players will automatically lose when time's up. (requested by p0x26416161)\n|inactive|Time left: 300 sec this turn | 300 sec total | 60 sec grace\n|inactive|p0y2641e820 also wants the timer to be on.\n|\n|t:|1783570480\n|move|p2a: Gallade|Night Slash|p1a: Farigiraf\n|-supereffective|p1a: Farigiraf\n|-damage|p1a: Farigiraf|39/100\n|-damage|p2a: Gallade|216/240|[from] item: Life Orb\n|move|p1a: Farigiraf|Body Slam|p2a: Gallade\n|-damage|p2a: Gallade|95/240\n|\n|-heal|p1a: Farigiraf|46/100|[from] item: Leftovers\n|upkeep\n|turn|2\n|inactive|Time left: 300 sec this turn | 300 sec total\n|\n|t:|1783570481\n|move|p1a: Farigiraf|Protect|p1a: Farigiraf\n|-singleturn|p1a: Farigiraf|Protect\n|move|p2a: Gallade|Sacred Sword|p1a: Farigiraf\n|-activate|p1a: Farigiraf|move: Protect\n|\n|-heal|p1a: Farigiraf|52/100|[from] item: Leftovers\n|upkeep\n|turn|3\n|inactive|Time left: 300 sec this turn | 300 sec total\n|\n|t:|1783570482\n|switch|p1a: Rillaboom|Rillaboom, L79, F|100/100\n|-fieldstart|move: Grassy Terrain|[from] ability: Grassy Surge|[of] p1a: Rillaboom\n|move|p2a: Gallade|Sacred Sword|p1a: Rillaboom\n|-damage|p1a: Rillaboom|20/100\n|-damage|p2a: Gallade|71/240|[from] item: Life Orb\n|\n|-heal|p1a: Rillaboom|27/100|[from] Grassy Terrain\n|-heal|p2a: Gallade|86/240|[from] Grassy Terrain\n|upkeep\n|turn|4\n|inactive|Time left: 300 sec this turn | 300 sec total\n|\n|t:|1783570483\n|switch|p2a: Oinkologne|Oinkologne, L92, M|352/352\n|move|p1a: Rillaboom|Grassy Glide|p2a: Oinkologne\n|-damage|p2a: Oinkologne|222/352\n|\n|-heal|p1a: Rillaboom|33/100|[from] Grassy Terrain\n|-heal|p2a: Oinkologne|244/352|[from] Grassy Terrain\n|-heal|p2a: Oinkologne|266/352|[from] item: Leftovers\n|upkeep\n|turn|5\n|inactive|Time left: 300 sec this turn | 300 sec total\n|\n|t:|1783570484\n|move|p1a: Rillaboom|Grassy Glide|p2a: Oinkologne\n|-damage|p2a: Oinkologne|143/352\n|move|p2a: Oinkologne|Body Slam|p1a: Rillaboom\n|-damage|p1a: Rillaboom|0 fnt\n|faint|p1a: Rillaboom\n|\n|-heal|p2a: Oinkologne|165/352|[from] Grassy Terrain\n|-heal|p2a: Oinkologne|187/352|[from] item: Leftovers\n|upkeep\n|\n|t:|1783570484\n|switch|p1a: Glimmora|Glimmora, L75, F|100/100\n|turn|6\n|inactive|Time left: 300 sec this turn | 300 sec total\n|\n|t:|1783570485\n|move|p1a: Glimmora|Meteor Beam||[still]\n|-prepare|p1a: Glimmora|Meteor Beam\n|-boost|p1a: Glimmora|spa|1\n|-enditem|p1a: Glimmora|Power Herb\n|-anim|p1a: Glimmora|Meteor Beam|p2a: Oinkologne\n|-damage|p2a: Oinkologne|0 fnt\n|faint|p2a: Oinkologne\n|\n|upkeep\n|inactive|Time left: 300 sec this turn | 300 sec total | 5 sec grace\n|\n|t:|1783570486\n|switch|p2a: Gallade|Gallade, L80, M|86/240\n|turn|7\n|inactive|Time left: 300 sec this turn | 300 sec total\n|\n|t:|1783570487\n|move|p2a: Gallade|Psycho Cut|p1a: Glimmora\n|-supereffective|p1a: Glimmora\n|-damage|p1a: Glimmora|0 fnt\n|-activate|p1a: Glimmora|ability: Toxic Debris\n|-sidestart|p2: p0y2641e820|move: Toxic Spikes\n|faint|p1a: Glimmora\n|-damage|p2a: Gallade|62/240|[from] item: Life Orb\n|\n|-heal|p2a: Gallade|77/240|[from] Grassy Terrain\n|-fieldend|move: Grassy Terrain\n|upkeep\n|\n|t:|1783570488\n|switch|p1a: Stonjourner|Stonjourner, L91, M|100/100\n|turn|8\n|inactive|Time left: 300 sec this turn | 300 sec total\n|\n|t:|1783570489\n|switch|p2a: Mudsdale|Mudsdale, L83, F|302/302\n|-status|p2a: Mudsdale|psn\n|move|p1a: Stonjourner|Earthquake|p2a: Mudsdale\n|-damage|p2a: Mudsdale|175/302 psn\n|-ability|p2a: Mudsdale|Stamina|boost\n|-boost|p2a: Mudsdale|def|1\n|-damage|p1a: Stonjourner|90/100|[from] item: Life Orb\n|\n|-heal|p2a: Mudsdale|193/302 psn|[from] item: Leftovers\n|-damage|p2a: Mudsdale|156/302 psn|[from] psn\n|upkeep\n|turn|9\n|inactive|Time left: 300 sec this turn | 300 sec total\n|\n|t:|1783570490\n|move|p1a: Stonjourner|Earthquake|p2a: Mudsdale\n|-damage|p2a: Mudsdale|77/302 psn\n|-ability|p2a: Mudsdale|Stamina|boost\n|-boost|p2a: Mudsdale|def|1\n|-damage|p1a: Stonjourner|80/100|[from] item: Life Orb\n|move|p2a: Mudsdale|Earthquake|p1a: Stonjourner\n|-supereffective|p1a: Stonjourner\n|-damage|p1a: Stonjourner|30/100\n|\n|-heal|p2a: Mudsdale|95/302 psn|[from] item: Leftovers\n|-damage|p2a: Mudsdale|58/302 psn|[from] psn\n|upkeep\n|turn|10\n|inactive|Time left: 300 sec this turn | 300 sec total\n|\n|t:|1783570491\n|move|p1a: Stonjourner|Earthquake|p2a: Mudsdale\n|-damage|p2a: Mudsdale|2/302 psn\n|-ability|p2a: Mudsdale|Stamina|boost\n|-boost|p2a: Mudsdale|def|1\n|-damage|p1a: Stonjourner|20/100|[from] item: Life Orb\n|move|p2a: Mudsdale|Earthquake|p1a: Stonjourner\n|-supereffective|p1a: Stonjourner\n|-damage|p1a: Stonjourner|0 fnt\n|faint|p1a: Stonjourner\n|\n|-heal|p2a: Mudsdale|20/302 psn|[from] item: Leftovers\n|-damage|p2a: Mudsdale|0 fnt|[from] psn\n|faint|p2a: Mudsdale\n|upkeep\n|inactive|Time left: 300 sec this turn | 300 sec total | 5 sec grace\n|\n|t:|1783570492\n|switch|p1a: Metagross|Metagross, L79|100/100\n|switch|p2a: Cryogonal|Cryogonal, L89|287/287\n|turn|11\n|inactive|Time left: 300 sec this turn | 300 sec total\n|\n|t:|1783570493\n|-terastallize|p2a: Cryogonal|Electric\n|move|p2a: Cryogonal|Tera Blast|p1a: Metagross|[anim] Tera Blast Electric\n|-crit|p1a: Metagross\n|-damage|p1a: Metagross|47/100\n|move|p1a: Metagross|Heavy Slam|p2a: Cryogonal\n|-resisted|p2a: Cryogonal\n|-damage|p2a: Cryogonal|218/287\n|\n|upkeep\n|turn|12\n|inactive|Time left: 300 sec this turn | 300 sec total\n|\n|t:|1783570494\n|move|p2a: Cryogonal|Tera Blast|p1a: Metagross|[anim] Tera Blast Electric\n|-damage|p1a: Metagross|9/100\n|move|p1a: Metagross|Psychic Fangs|p2a: Cryogonal\n|-damage|p2a: Cryogonal|71/287\n|\n|upkeep\n|turn|13\n|inactive|Time left: 300 sec this turn | 300 sec total\n|\n|t:|1783570495\n|move|p2a: Cryogonal|Ice Beam|p1a: Metagross\n|-resisted|p1a: Metagross\n|-damage|p1a: Metagross|0 fnt\n|faint|p1a: Metagross\n|\n|upkeep\n|\n|t:|1783570496\n|switch|p1a: Farigiraf|Farigiraf, L90, F|52/100\n|turn|14\n|inactive|Time left: 300 sec this turn | 300 sec total\n|\n|t:|1783570497\n|move|p2a: Cryogonal|Recover|p2a: Cryogonal\n|-heal|p2a: Cryogonal|215/287\n|move|p1a: Farigiraf|Body Slam|p2a: Cryogonal\n|-damage|p2a: Cryogonal|83/287\n|\n|-heal|p1a: Farigiraf|58/100|[from] item: Leftovers\n|upkeep\n|turn|15\n|inactive|Time left: 300 sec this turn | 300 sec total\n|\n|t:|1783570498\n|move|p2a: Cryogonal|Recover|p2a: Cryogonal\n|-heal|p2a: Cryogonal|227/287\n|move|p1a: Farigiraf|Body Slam|p2a: Cryogonal\n|-damage|p2a: Cryogonal|89/287\n|\n|-heal|p1a: Farigiraf|64/100|[from] item: Leftovers\n|upkeep\n|turn|16\n|inactive|Time left: 300 sec this turn | 300 sec total\n|\n|t:|1783570499\n|move|p2a: Cryogonal|Recover|p2a: Cryogonal\n|-heal|p2a: Cryogonal|233/287\n|move|p1a: Farigiraf|Body Slam|p2a: Cryogonal\n|-damage|p2a: Cryogonal|95/287\n|\n|-heal|p1a: Farigiraf|70/100|[from] item: Leftovers\n|upkeep\n|turn|17\n|inactive|Time left: 300 sec this turn | 300 sec total\n|\n|t:|1783570500\n|move|p2a: Cryogonal|Recover|p2a: Cryogonal\n|-heal|p2a: Cryogonal|239/287\n|move|p1a: Farigiraf|Body Slam|p2a: Cryogonal\n|-damage|p2a: Cryogonal|92/287\n|\n|-heal|p1a: Farigiraf|76/100|[from] item: Leftovers\n|upkeep\n|turn|18\n|inactive|Time left: 300 sec this turn | 300 sec total\n|\n|t:|1783570501\n|move|p2a: Cryogonal|Recover|p2a: Cryogonal\n|-heal|p2a: Cryogonal|236/287\n|move|p1a: Farigiraf|Body Slam|p2a: Cryogonal\n|-damage|p2a: Cryogonal|100/287\n|\n|-heal|p1a: Farigiraf|82/100|[from] item: Leftovers\n|upkeep\n|turn|19\n|inactive|Time left: 300 sec this turn | 300 sec total\n|\n|t:|1783570501\n|move|p2a: Cryogonal|Recover|p2a: Cryogonal\n|-heal|p2a: Cryogonal|244/287\n|move|p1a: Farigiraf|Body Slam|p2a: Cryogonal\n|-damage|p2a: Cryogonal|109/287\n|\n|-heal|p1a: Farigiraf|88/100|[from] item: Leftovers\n|upkeep\n|turn|20\n|inactive|Time left: 300 sec this turn | 300 sec total\n|\n|t:|1783570502\n|move|p2a: Cryogonal|Recover|p2a: Cryogonal\n|-heal|p2a: Cryogonal|253/287\n|move|p1a: Farigiraf|Body Slam|p2a: Cryogonal\n|-damage|p2a: Cryogonal|111/287\n|\n|-heal|p1a: Farigiraf|94/100|[from] item: Leftovers\n|upkeep\n|turn|21\n|inactive|Time left: 300 sec this turn | 300 sec total\n|\n|t:|1783570503\n|move|p2a: Cryogonal|Recover|p2a: Cryogonal\n|-heal|p2a: Cryogonal|255/287\n|move|p1a: Farigiraf|Body Slam|p2a: Cryogonal\n|-crit|p2a: Cryogonal\n|-damage|p2a: Cryogonal|56/287\n|\n|-heal|p1a: Farigiraf|99/100|[from] item: Leftovers\n|upkeep\n|turn|22\n|inactive|Time left: 300 sec this turn | 300 sec total\n|\n|t:|1783570504\n|move|p2a: Cryogonal|Rapid Spin|p1a: Farigiraf\n|-damage|p1a: Farigiraf|93/100\n|-boost|p2a: Cryogonal|spe|1\n|-sideend|p2: p0y2641e820|Toxic Spikes|[from] move: Rapid Spin|[of] p2a: Cryogonal\n|move|p1a: Farigiraf|Body Slam|p2a: Cryogonal\n|-damage|p2a: Cryogonal|0 fnt\n|faint|p2a: Cryogonal\n|\n|-heal|p1a: Farigiraf|99/100|[from] item: Leftovers\n|upkeep\n|inactive|Time left: 300 sec this turn | 300 sec total | 5 sec grace\n|\n|t:|1783570505\n|switch|p2a: Slowbro|Slowbro, L85, F|300/300\n|turn|23\n|inactive|Time left: 300 sec this turn | 300 sec total\n|\n|t:|1783570506\n|move|p1a: Farigiraf|Body Slam|p2a: Slowbro\n|-damage|p2a: Slowbro|216/300\n|-status|p2a: Slowbro|par\n|move|p2a: Slowbro|Scald|p1a: Farigiraf\n|-damage|p1a: Farigiraf|70/100\n|\n|-heal|p1a: Farigiraf|76/100|[from] item: Leftovers\n|upkeep\n|turn|24\n|inactive|Time left: 300 sec this turn | 300 sec total\n|\n|t:|1783570508\n|move|p1a: Farigiraf|Wish|p1a: Farigiraf\n|move|p2a: Slowbro|Scald|p1a: Farigiraf\n|-damage|p1a: Farigiraf|50/100\n|-status|p1a: Farigiraf|brn\n|\n|-heal|p1a: Farigiraf|56/100 brn|[from] item: Leftovers\n|-damage|p1a: Farigiraf|50/100 brn|[from] brn\n|upkeep\n|turn|25\n|inactive|Time left: 300 sec this turn | 300 sec total\n|\n|t:|1783570509\n|move|p1a: Farigiraf|Psychic Noise|p2a: Slowbro\n|-resisted|p2a: Slowbro\n|-damage|p2a: Slowbro|182/300 par\n|-start|p2a: Slowbro|move: Heal Block\n|move|p2a: Slowbro|Fire Blast|p1a: Farigiraf|[miss]\n|-miss|p2a: Slowbro|p1a: Farigiraf\n|\n|-heal|p1a: Farigiraf|99/100 brn|[from] move: Wish|[wisher] Farigiraf\n|-heal|p1a: Farigiraf|100/100 brn|[from] item: Leftovers\n|-damage|p1a: Farigiraf|94/100 brn|[from] brn\n|upkeep\n|turn|26\n|inactive|Time left: 300 sec this turn | 300 sec total\n|\n|t:|1783570510\n|switch|p2a: Ludicolo|Ludicolo, L90, F|290/290\n|move|p1a: Farigiraf|Psychic Noise|p2a: Ludicolo\n|-damage|p2a: Ludicolo|206/290\n|-start|p2a: Ludicolo|move: Heal Block\n|\n|-heal|p1a: Farigiraf|100/100 brn|[from] item: Leftovers\n|-damage|p1a: Farigiraf|94/100 brn|[from] brn\n|upkeep\n|turn|27\n|inactive|Time left: 300 sec this turn | 300 sec total\n|\n|t:|1783570511\n|move|p2a: Ludicolo|Hydro Pump|p1a: Farigiraf|[miss]\n|-miss|p2a: Ludicolo|p1a: Farigiraf\n|move|p1a: Farigiraf|Psychic Noise|p2a: Ludicolo\n|-damage|p2a: Ludicolo|121/290\n|\n|-heal|p1a: Farigiraf|100/100 brn|[from] item: Leftovers\n|-damage|p1a: Farigiraf|94/100 brn|[from] brn\n|-end|p2a: Ludicolo|move: Heal Block\n|upkeep\n|turn|28\n|inactive|Time left: 300 sec this turn | 300 sec total\n|\n|t:|1783570512\n|move|p1a: Farigiraf|Protect|p1a: Farigiraf\n|-singleturn|p1a: Farigiraf|Protect\n|move|p2a: Ludicolo|Hydro Pump|p1a: Farigiraf\n|-activate|p1a: Farigiraf|move: Protect\n|\n|-heal|p1a: Farigiraf|100/100 brn|[from] item: Leftovers\n|-damage|p1a: Farigiraf|94/100 brn|[from] brn\n|upkeep\n|turn|29\n|inactive|Time left: 300 sec this turn | 300 sec total\n|\n|t:|1783570513\n|switch|p2a: Slowbro|Slowbro, L85, F|282/300 par\n|move|p1a: Farigiraf|Body Slam|p2a: Slowbro\n|-damage|p2a: Slowbro|244/300 par\n|\n|-heal|p1a: Farigiraf|100/100 brn|[from] item: Leftovers\n|-damage|p1a: Farigiraf|94/100 brn|[from] brn\n|upkeep\n|turn|30\n|inactive|Time left: 300 sec this turn | 300 sec total\n|\n|t:|1783570514\n|move|p1a: Farigiraf|Psychic Noise|p2a: Slowbro\n|-resisted|p2a: Slowbro\n|-damage|p2a: Slowbro|207/300 par\n|-start|p2a: Slowbro|move: Heal Block\n|move|p2a: Slowbro|Body Press|p1a: Farigiraf\n|-damage|p1a: Farigiraf|76/100 brn\n|\n|-heal|p1a: Farigiraf|82/100 brn|[from] item: Leftovers\n|-damage|p1a: Farigiraf|76/100 brn|[from] brn\n|upkeep\n|turn|31\n|inactive|Time left: 300 sec this turn | 300 sec total\n|\n|t:|1783570515\n|move|p1a: Farigiraf|Wish|p1a: Farigiraf\n|move|p2a: Slowbro|Ice Beam|p1a: Farigiraf\n|-damage|p1a: Farigiraf|54/100 brn\n|\n|-heal|p1a: Farigiraf|60/100 brn|[from] item: Leftovers\n|-damage|p1a: Farigiraf|54/100 brn|[from] brn\n|-end|p2a: Slowbro|move: Heal Block\n|upkeep\n|turn|32\n|inactive|Time left: 300 sec this turn | 300 sec total\n|\n|t:|1783570516\n|move|p1a: Farigiraf|Psychic Noise|p2a: Slowbro\n|-resisted|p2a: Slowbro\n|-damage|p2a: Slowbro|170/300 par\n|-start|p2a: Slowbro|move: Heal Block\n|move|p2a: Slowbro|Scald|p1a: Farigiraf\n|-damage|p1a: Farigiraf|28/100 brn\n|\n|-heal|p1a: Farigiraf|78/100 brn|[from] move: Wish|[wisher] Farigiraf\n|-heal|p1a: Farigiraf|84/100 brn|[from] item: Leftovers\n|-damage|p1a: Farigiraf|78/100 brn|[from] brn\n|upkeep\n|turn|33\n|inactive|Time left: 300 sec this turn | 300 sec total\n|\n|t:|1783570517\n|move|p1a: Farigiraf|Wish|p1a: Farigiraf\n|cant|p2a: Slowbro|par\n|\n|-heal|p1a: Farigiraf|84/100 brn|[from] item: Leftovers\n|-damage|p1a: Farigiraf|78/100 brn|[from] brn\n|-end|p2a: Slowbro|move: Heal Block\n|upkeep\n|turn|34\n|inactive|Time left: 300 sec this turn | 300 sec total\n|\n|t:|1783570518\n|move|p1a: Farigiraf|Psychic Noise|p2a: Slowbro\n|-resisted|p2a: Slowbro\n|-damage|p2a: Slowbro|132/300 par\n|-start|p2a: Slowbro|move: Heal Block\n|move|p2a: Slowbro|Fire Blast|p1a: Farigiraf\n|-damage|p1a: Farigiraf|55/100 brn\n|\n|-heal|p1a: Farigiraf|100/100 brn|[from] move: Wish|[wisher] Farigiraf\n|-damage|p1a: Farigiraf|94/100 brn|[from] brn\n|upkeep\n|turn|35\n|inactive|Time left: 300 sec this turn | 300 sec total\n|\n|t:|1783570519\n|move|p1a: Farigiraf|Wish|p1a: Farigiraf\n|move|p2a: Slowbro|Scald|p1a: Farigiraf\n|-damage|p1a: Farigiraf|67/100 brn\n|\n|-heal|p1a: Farigiraf|73/100 brn|[from] item: Leftovers\n|-damage|p1a: Farigiraf|67/100 brn|[from] brn\n|-end|p2a: Slowbro|move: Heal Block\n|upkeep\n|turn|36\n|inactive|Time left: 300 sec this turn | 300 sec total\n|\n|t:|1783570520\n|move|p1a: Farigiraf|Psychic Noise|p2a: Slowbro\n|-resisted|p2a: Slowbro\n|-damage|p2a: Slowbro|99/300 par\n|-start|p2a: Slowbro|move: Heal Block\n|move|p2a: Slowbro|Scald|p1a: Farigiraf\n|-damage|p1a: Farigiraf|37/100 brn\n|\n|-heal|p1a: Farigiraf|87/100 brn|[from] move: Wish|[wisher] Farigiraf\n|-heal|p1a: Farigiraf|93/100 brn|[from] item: Leftovers\n|-damage|p1a: Farigiraf|87/100 brn|[from] brn\n|upkeep\n|turn|37\n|inactive|Time left: 300 sec this turn | 300 sec total\n|\n|t:|1783570520\n|move|p1a: Farigiraf|Wish|p1a: Farigiraf\n|move|p2a: Slowbro|Fire Blast|p1a: Farigiraf\n|-damage|p1a: Farigiraf|62/100 brn\n|\n|-heal|p1a: Farigiraf|68/100 brn|[from] item: Leftovers\n|-damage|p1a: Farigiraf|62/100 brn|[from] brn\n|-end|p2a: Slowbro|move: Heal Block\n|upkeep\n|turn|38\n|inactive|Time left: 300 sec this turn | 300 sec total\n|\n|t:|1783570521\n|move|p1a: Farigiraf|Psychic Noise|p2a: Slowbro\n|-resisted|p2a: Slowbro\n|-damage|p2a: Slowbro|63/300 par\n|-start|p2a: Slowbro|move: Heal Block\n|move|p2a: Slowbro|Scald|p1a: Farigiraf\n|-damage|p1a: Farigiraf|32/100 brn\n|\n|-heal|p1a: Farigiraf|82/100 brn|[from] move: Wish|[wisher] Farigiraf\n|-heal|p1a: Farigiraf|88/100 brn|[from] item: Leftovers\n|-damage|p1a: Farigiraf|82/100 brn|[from] brn\n|upkeep\n|turn|39\n|inactive|Time left: 300 sec this turn | 300 sec total\n|\n|t:|1783570523\n|move|p1a: Farigiraf|Psychic Noise|p2a: Slowbro\n|-resisted|p2a: Slowbro\n|-damage|p2a: Slowbro|29/300 par\n|move|p2a: Slowbro|Scald|p1a: Farigiraf\n|-damage|p1a: Farigiraf|55/100 brn\n|\n|-heal|p1a: Farigiraf|61/100 brn|[from] item: Leftovers\n|-damage|p1a: Farigiraf|55/100 brn|[from] brn\n|-end|p2a: Slowbro|move: Heal Block\n|upkeep\n|turn|40\n|inactive|Time left: 300 sec this turn | 300 sec total\n|\n|t:|1783570524\n|switch|p2a: Gallade|Gallade, L80, M|77/240\n|move|p1a: Farigiraf|Wish|p1a: Farigiraf\n|\n|-heal|p1a: Farigiraf|61/100 brn|[from] item: Leftovers\n|-damage|p1a: Farigiraf|55/100 brn|[from] brn\n|upkeep\n|turn|41\n|inactive|Time left: 300 sec this turn | 300 sec total\n|\n|t:|1783570525\n|move|p1a: Farigiraf|Protect|p1a: Farigiraf\n|-singleturn|p1a: Farigiraf|Protect\n|move|p2a: Gallade|Sacred Sword|p1a: Farigiraf\n|-activate|p1a: Farigiraf|move: Protect\n|\n|-heal|p1a: Farigiraf|100/100 brn|[from] move: Wish|[wisher] Farigiraf\n|-damage|p1a: Farigiraf|94/100 brn|[from] brn\n|upkeep\n|turn|42\n|inactive|Time left: 300 sec this turn | 300 sec total\n|\n|t:|1783570526\n|move|p2a: Gallade|Sacred Sword|p1a: Farigiraf\n|-damage|p1a: Farigiraf|34/100 brn\n|-damage|p2a: Gallade|53/240|[from] item: Life Orb\n|move|p1a: Farigiraf|Body Slam|p2a: Gallade\n|-damage|p2a: Gallade|0 fnt\n|faint|p2a: Gallade\n|\n|-heal|p1a: Farigiraf|40/100 brn|[from] item: Leftovers\n|-damage|p1a: Farigiraf|34/100 brn|[from] brn\n|upkeep\n|inactive|Time left: 300 sec this turn | 300 sec total | 5 sec grace\n|\n|t:|1783570527\n|switch|p2a: Slowbro|Slowbro, L85, F|129/300 par\n|turn|43\n|inactive|Time left: 300 sec this turn | 300 sec total\n|\n|t:|1783570528\n|move|p1a: Farigiraf|Wish|p1a: Farigiraf\n|move|p2a: Slowbro|Scald|p1a: Farigiraf\n|-damage|p1a: Farigiraf|6/100 brn\n|\n|-heal|p1a: Farigiraf|12/100 brn|[from] item: Leftovers\n|-damage|p1a: Farigiraf|6/100 brn|[from] brn\n|upkeep\n|turn|44\n|inactive|Time left: 300 sec this turn | 300 sec total\n|\n|t:|1783570529\n|move|p1a: Farigiraf|Protect|p1a: Farigiraf\n|-singleturn|p1a: Farigiraf|Protect\n|move|p2a: Slowbro|Body Press|p1a: Farigiraf\n|-activate|p1a: Farigiraf|move: Protect\n|\n|-heal|p1a: Farigiraf|56/100 brn|[from] move: Wish|[wisher] Farigiraf\n|-heal|p1a: Farigiraf|62/100 brn|[from] item: Leftovers\n|-damage|p1a: Farigiraf|56/100 brn|[from] brn\n|upkeep\n|turn|45\n|inactive|Time left: 300 sec this turn | 300 sec total\n|\n|t:|1783570530\n|move|p1a: Farigiraf|Wish|p1a: Farigiraf\n|move|p2a: Slowbro|Scald|p1a: Farigiraf\n|-damage|p1a: Farigiraf|26/100 brn\n|\n|-heal|p1a: Farigiraf|32/100 brn|[from] item: Leftovers\n|-damage|p1a: Farigiraf|26/100 brn|[from] brn\n|upkeep\n|turn|46\n|inactive|Time left: 300 sec this turn | 300 sec total\n|\n|t:|1783570532\n|move|p1a: Farigiraf|Protect|p1a: Farigiraf\n|-singleturn|p1a: Farigiraf|Protect\n|move|p2a: Slowbro|Scald|p1a: Farigiraf\n|-activate|p1a: Farigiraf|move: Protect\n|\n|-heal|p1a: Farigiraf|76/100 brn|[from] move: Wish|[wisher] Farigiraf\n|-heal|p1a: Farigiraf|82/100 brn|[from] item: Leftovers\n|-damage|p1a: Farigiraf|76/100 brn|[from] brn\n|upkeep\n|turn|47\n|inactive|Time left: 300 sec this turn | 300 sec total\n|\n|t:|1783570532\n|move|p1a: Farigiraf|Wish|p1a: Farigiraf\n|move|p2a: Slowbro|Scald|p1a: Farigiraf\n|-damage|p1a: Farigiraf|49/100 brn\n|\n|-heal|p1a: Farigiraf|55/100 brn|[from] item: Leftovers\n|-damage|p1a: Farigiraf|49/100 brn|[from] brn\n|upkeep\n|turn|48\n|inactive|Time left: 300 sec this turn | 300 sec total\n|\n|t:|1783570533\n|move|p1a: Farigiraf|Body Slam|p2a: Slowbro\n|-damage|p2a: Slowbro|87/300 par\n|move|p2a: Slowbro|Scald|p1a: Farigiraf\n|-damage|p1a: Farigiraf|20/100 brn\n|\n|-heal|p1a: Farigiraf|70/100 brn|[from] move: Wish|[wisher] Farigiraf\n|-heal|p1a: Farigiraf|76/100 brn|[from] item: Leftovers\n|-damage|p1a: Farigiraf|70/100 brn|[from] brn\n|upkeep\n|turn|49\n|inactive|Time left: 300 sec this turn | 300 sec total\n|\n|t:|1783570535\n|move|p1a: Farigiraf|Wish|p1a: Farigiraf\n|move|p2a: Slowbro|Scald|p1a: Farigiraf\n|-damage|p1a: Farigiraf|43/100 brn\n|\n|-heal|p1a: Farigiraf|49/100 brn|[from] item: Leftovers\n|-damage|p1a: Farigiraf|43/100 brn|[from] brn\n|upkeep\n|turn|50\n|inactive|Time left: 300 sec this turn | 300 sec total\n|\n|t:|1783570536\n|move|p1a: Farigiraf|Psychic Noise|p2a: Slowbro\n|-resisted|p2a: Slowbro\n|-damage|p2a: Slowbro|49/300 par\n|-start|p2a: Slowbro|move: Heal Block\n|cant|p2a: Slowbro|par\n|\n|-heal|p1a: Farigiraf|93/100 brn|[from] move: Wish|[wisher] Farigiraf\n|-heal|p1a: Farigiraf|99/100 brn|[from] item: Leftovers\n|-damage|p1a: Farigiraf|93/100 brn|[from] brn\n|upkeep\n|turn|51\n|inactive|Time left: 300 sec this turn | 300 sec total\n|\n|t:|1783570537\n|switch|p2a: Ludicolo|Ludicolo, L90, F|121/290\n|move|p1a: Farigiraf|Wish|p1a: Farigiraf\n|\n|-heal|p1a: Farigiraf|99/100 brn|[from] item: Leftovers\n|-damage|p1a: Farigiraf|93/100 brn|[from] brn\n|upkeep\n|turn|52\n|inactive|Time left: 300 sec this turn | 300 sec total\n|\n|t:|1783570538\n|switch|p2a: Slowbro|Slowbro, L85, F|149/300 par\n|move|p1a: Farigiraf|Psychic Noise|p2a: Slowbro\n|-resisted|p2a: Slowbro\n|-damage|p2a: Slowbro|110/300 par\n|-start|p2a: Slowbro|move: Heal Block\n|\n|-heal|p1a: Farigiraf|100/100 brn|[from] move: Wish|[wisher] Farigiraf\n|-damage|p1a: Farigiraf|94/100 brn|[from] brn\n|upkeep\n|turn|53\n|inactive|Time left: 300 sec this turn | 300 sec total\n|\n|t:|1783570539\n|move|p1a: Farigiraf|Wish|p1a: Farigiraf\n|move|p2a: Slowbro|Scald|p1a: Farigiraf\n|-damage|p1a: Farigiraf|65/100 brn\n|\n|-heal|p1a: Farigiraf|71/100 brn|[from] item: Leftovers\n|-damage|p1a: Farigiraf|65/100 brn|[from] brn\n|-end|p2a: Slowbro|move: Heal Block\n|upkeep\n|turn|54\n|inactive|Time left: 300 sec this turn | 300 sec total\n|\n|t:|1783570540\n|move|p1a: Farigiraf|Psychic Noise|p2a: Slowbro\n|-resisted|p2a: Slowbro\n|-damage|p2a: Slowbro|71/300 par\n|-start|p2a: Slowbro|move: Heal Block\n|move|p2a: Slowbro|Scald|p1a: Farigiraf\n|-damage|p1a: Farigiraf|39/100 brn\n|\n|-heal|p1a: Farigiraf|89/100 brn|[from] move: Wish|[wisher] Farigiraf\n|-heal|p1a: Farigiraf|96/100 brn|[from] item: Leftovers\n|-damage|p1a: Farigiraf|89/100 brn|[from] brn\n|upkeep\n|turn|55\n|inactive|Time left: 300 sec this turn | 300 sec total\n|\n|t:|1783570541\n|move|p1a: Farigiraf|Body Slam|p2a: Slowbro\n|-damage|p2a: Slowbro|32/300 par\n|move|p2a: Slowbro|Scald|p1a: Farigiraf\n|-damage|p1a: Farigiraf|60/100 brn\n|\n|-heal|p1a: Farigiraf|67/100 brn|[from] item: Leftovers\n|-damage|p1a: Farigiraf|60/100 brn|[from] brn\n|-end|p2a: Slowbro|move: Heal Block\n|upkeep\n|turn|56\n|inactive|Time left: 300 sec this turn | 300 sec total\n|\n|t:|1783570543\n|switch|p2a: Ludicolo|Ludicolo, L90, F|121/290\n|move|p1a: Farigiraf|Body Slam|p2a: Ludicolo\n|-damage|p2a: Ludicolo|71/290\n|-status|p2a: Ludicolo|par\n|\n|-heal|p1a: Farigiraf|67/100 brn|[from] item: Leftovers\n|-damage|p1a: Farigiraf|60/100 brn|[from] brn\n|upkeep\n|turn|57\n|inactive|Time left: 300 sec this turn | 300 sec total\n|\n|t:|1783570544\n|switch|p2a: Slowbro|Slowbro, L85, F|132/300 par\n|move|p1a: Farigiraf|Psychic Noise|p2a: Slowbro\n|-resisted|p2a: Slowbro\n|-damage|p2a: Slowbro|95/300 par\n|-start|p2a: Slowbro|move: Heal Block\n|\n|-heal|p1a: Farigiraf|67/100 brn|[from] item: Leftovers\n|-damage|p1a: Farigiraf|60/100 brn|[from] brn\n|upkeep\n|turn|58\n|inactive|Time left: 300 sec this turn | 300 sec total\n|\n|t:|1783570545\n|move|p1a: Farigiraf|Wish|p1a: Farigiraf\n|move|p2a: Slowbro|Scald|p1a: Farigiraf\n|-damage|p1a: Farigiraf|34/100 brn\n|\n|-heal|p1a: Farigiraf|40/100 brn|[from] item: Leftovers\n|-damage|p1a: Farigiraf|34/100 brn|[from] brn\n|-end|p2a: Slowbro|move: Heal Block\n|upkeep\n|turn|59\n|inactive|Time left: 300 sec this turn | 300 sec total\n|\n|t:|1783570546\n|move|p1a: Farigiraf|Body Slam|p2a: Slowbro\n|-damage|p2a: Slowbro|54/300 par\n|move|p2a: Slowbro|Fire Blast|p1a: Farigiraf\n|-damage|p1a: Farigiraf|11/100 brn\n|\n|-heal|p1a: Farigiraf|61/100 brn|[from] move: Wish|[wisher] Farigiraf\n|-heal|p1a: Farigiraf|67/100 brn|[from] item: Leftovers\n|-damage|p1a: Farigiraf|61/100 brn|[from] brn\n|upkeep\n|turn|60\n|inactive|Time left: 300 sec this turn | 300 sec total\n|\n|t:|1783570547\n|switch|p2a: Ludicolo|Ludicolo, L90, F|71/290 par\n|move|p1a: Farigiraf|Psychic Noise|p2a: Ludicolo\n|-damage|p2a: Ludicolo|0 fnt\n|faint|p2a: Ludicolo\n|\n|-heal|p1a: Farigiraf|67/100 brn|[from] item: Leftovers\n|-damage|p1a: Farigiraf|61/100 brn|[from] brn\n|upkeep\n|inactive|Time left: 300 sec this turn | 300 sec total | 5 sec grace\n|\n|t:|1783570548\n|switch|p2a: Slowbro|Slowbro, L85, F|154/300 par\n|turn|61\n|inactive|Time left: 300 sec this turn | 300 sec total\n|\n|t:|1783570549\n|move|p1a: Farigiraf|Wish|p1a: Farigiraf\n|cant|p2a: Slowbro|par\n|\n|-heal|p1a: Farigiraf|67/100 brn|[from] item: Leftovers\n|-damage|p1a: Farigiraf|61/100 brn|[from] brn\n|upkeep\n|turn|62\n|inactive|Time left: 300 sec this turn | 300 sec total\n|\n|t:|1783570550\n|move|p1a: Farigiraf|Body Slam|p2a: Slowbro\n|-damage|p2a: Slowbro|110/300 par\n|move|p2a: Slowbro|Scald|p1a: Farigiraf\n|-damage|p1a: Farigiraf|35/100 brn\n|\n|-heal|p1a: Farigiraf|85/100 brn|[from] move: Wish|[wisher] Farigiraf\n|-heal|p1a: Farigiraf|91/100 brn|[from] item: Leftovers\n|-damage|p1a: Farigiraf|85/100 brn|[from] brn\n|upkeep\n|turn|63\n|inactive|Time left: 300 sec this turn | 300 sec total\n|\n|t:|1783570552\n|-terastallize|p1a: Farigiraf|Water\n|move|p1a: Farigiraf|Body Slam|p2a: Slowbro\n|-damage|p2a: Slowbro|71/300 par\n|move|p2a: Slowbro|Ice Beam|p1a: Farigiraf\n|-resisted|p1a: Farigiraf\n|-damage|p1a: Farigiraf|75/100 brn\n|\n|-heal|p1a: Farigiraf|81/100 brn|[from] item: Leftovers\n|-damage|p1a: Farigiraf|75/100 brn|[from] brn\n|upkeep\n|turn|64\n|inactive|Time left: 300 sec this turn | 300 sec total\n|\n|t:|1783570553\n|move|p1a: Farigiraf|Body Slam|p2a: Slowbro\n|-damage|p2a: Slowbro|28/300 par\n|move|p2a: Slowbro|Body Press|p1a: Farigiraf\n|-damage|p1a: Farigiraf|56/100 brn\n|\n|-heal|p1a: Farigiraf|62/100 brn|[from] item: Leftovers\n|-damage|p1a: Farigiraf|56/100 brn|[from] brn\n|upkeep\n|turn|65\n|inactive|Time left: 300 sec this turn | 300 sec total\n|\n|t:|1783570554\n|move|p1a: Farigiraf|Psychic Noise|p2a: Slowbro\n|-resisted|p2a: Slowbro\n|-damage|p2a: Slowbro|0 fnt\n|faint|p2a: Slowbro\n|\n|win|p0x26416161", "uploadtime": 1783570554, "views": 0, "rating": 0, "private": 0, "password": null, "_winner": "p0x26416161", "_our_name": "p0y2641e820"}