{"id": "battle-gen9randombattle-1646", "formatid": "gen9randombattle", "format": "[Gen 9] Random Battle", "players": ["p0x16467edb", "p0y1646e5ce"], "log": "|init|battle\n|title|p0x16467edb vs. p0y1646e5ce\n|j|\u2606p0x16467edb\n|j|\u2606p0y1646e5ce\n|t:|1783558314\n|gametype|singles\n|player|p1|p0x16467edb|170|\n|player|p2|p0y1646e5ce|169|\n|gen|9\n|tier|[Gen 9] Random Battle\n|rule|Species Clause: Limit one of each Pok\u00e9mon\n|rule|HP Percentage Mod: HP is shown in percentages\n|rule|Sleep Clause Mod: Limit one foe put to sleep\n|rule|Illusion Level Mod: Illusion disguises the Pok\u00e9mon's true level\n|\n|t:|1783558314\n|teamsize|p1|6\n|teamsize|p2|6\n|start\n|switch|p1a: Overqwil|Overqwil, L82, M|100/100\n|switch|p2a: Lilligant|Lilligant-Hisui, L79, F|240/240\n|-ability|p1a: Overqwil|Intimidate|boost\n|-unboost|p2a: Lilligant|atk|1\n|turn|1\n|inactive|Battle timer is ON: inactive players will automatically lose when time's up. (requested by p0y1646e5ce)\n|inactive|p0x16467edb also wants the timer to be on.\n|\n|t:|1783558316\n|move|p2a: Lilligant|Victory Dance|p2a: Lilligant\n|-boost|p2a: Lilligant|atk|1\n|-boost|p2a: Lilligant|def|1\n|-boost|p2a: Lilligant|spe|1\n|move|p1a: Overqwil|Gunk Shot|p2a: Lilligant\n|-supereffective|p2a: Lilligant\n|-damage|p2a: Lilligant|16/240\n|\n|upkeep\n|turn|2\n|inactive|Time left: 300 sec this turn | 300 sec total\n|\n|t:|1783558317\n|move|p2a: Lilligant|Close Combat|p1a: Overqwil\n|-damage|p1a: Overqwil|25/100\n|-unboost|p2a: Lilligant|def|1\n|-unboost|p2a: Lilligant|spd|1\n|-damage|p2a: Lilligant|0 fnt|[from] item: Life Orb\n|faint|p2a: Lilligant\n|move|p1a: Overqwil|Crunch|p2: Lilligant|[notarget]\n|-fail|p1a: Overqwil\n|\n|upkeep\n|inactive|Time left: 300 sec this turn | 300 sec total | 5 sec grace\n|\n|t:|1783558318\n|switch|p2a: Torkoal|Torkoal, L88, F|266/266\n|-weather|SunnyDay|[from] ability: Drought|[of] p2a: Torkoal\n|turn|3\n|inactive|Time left: 300 sec this turn | 300 sec total\n|\n|t:|1783558319\n|move|p1a: Overqwil|Gunk Shot|p2a: Torkoal\n|-damage|p2a: Torkoal|167/266\n|-status|p2a: Torkoal|psn\n|move|p2a: Torkoal|Lava Plume|p1a: Overqwil\n|-damage|p1a: Overqwil|0 fnt\n|faint|p1a: Overqwil\n|\n|-weather|SunnyDay|[upkeep]\n|-damage|p2a: Torkoal|134/266 psn|[from] psn\n|upkeep\n|\n|t:|1783558320\n|switch|p1a: Crabominable|Crabominable, L90, M|100/100\n|turn|4\n|inactive|Time left: 300 sec this turn | 300 sec total\n|\n|t:|1783558322\n|move|p1a: Crabominable|Close Combat|p2a: Torkoal\n|-damage|p2a: Torkoal|0 fnt\n|-unboost|p1a: Crabominable|def|1\n|-unboost|p1a: Crabominable|spd|1\n|faint|p2a: Torkoal\n|\n|-weather|SunnyDay|[upkeep]\n|upkeep\n|inactive|Time left: 300 sec this turn | 300 sec total | 5 sec grace\n|\n|t:|1783558323\n|switch|p2a: Skeledirge|Skeledirge, L79, F|294/294\n|turn|5\n|inactive|Time left: 300 sec this turn | 300 sec total\n|\n|t:|1783558324\n|switch|p1a: Poliwrath|Poliwrath, L88, F|100/100\n|move|p2a: Skeledirge|Torch Song|p1a: Poliwrath\n|-resisted|p1a: Poliwrath\n|-damage|p1a: Poliwrath|87/100\n|-boost|p2a: Skeledirge|spa|1\n|\n|-weather|SunnyDay|[upkeep]\n|upkeep\n|turn|6\n|inactive|Time left: 300 sec this turn | 300 sec total\n|\n|t:|1783558325\n|move|p1a: Poliwrath|Knock Off|p2a: Skeledirge\n|-supereffective|p2a: Skeledirge\n|-damage|p2a: Skeledirge|146/294\n|-enditem|p2a: Skeledirge|Heavy-Duty Boots|[from] move: Knock Off|[of] p1a: Poliwrath\n|move|p2a: Skeledirge|Torch Song|p1a: Poliwrath\n|-resisted|p1a: Poliwrath\n|-damage|p1a: Poliwrath|69/100\n|-boost|p2a: Skeledirge|spa|1\n|\n|-weather|SunnyDay|[upkeep]\n|upkeep\n|turn|7\n|inactive|Time left: 300 sec this turn | 300 sec total\n|\n|t:|1783558326\n|move|p1a: Poliwrath|Knock Off|p2a: Skeledirge\n|-supereffective|p2a: Skeledirge\n|-damage|p2a: Skeledirge|56/294\n|move|p2a: Skeledirge|Slack Off|p2a: Skeledirge\n|-heal|p2a: Skeledirge|203/294\n|\n|-weather|none\n|upkeep\n|turn|8\n|inactive|Time left: 300 sec this turn | 300 sec total\n|\n|t:|1783558327\n|move|p1a: Poliwrath|Liquidation|p2a: Skeledirge\n|-supereffective|p2a: Skeledirge\n|-damage|p2a: Skeledirge|15/294\n|move|p2a: Skeledirge|Shadow Ball|p1a: Poliwrath\n|-damage|p1a: Poliwrath|33/100\n|\n|upkeep\n|turn|9\n|inactive|Time left: 300 sec this turn | 300 sec total\n|\n|t:|1783558328\n|move|p1a: Poliwrath|Knock Off|p2a: Skeledirge\n|-supereffective|p2a: Skeledirge\n|-damage|p2a: Skeledirge|0 fnt\n|faint|p2a: Skeledirge\n|\n|upkeep\n|inactive|Time left: 300 sec this turn | 300 sec total | 5 sec grace\n|\n|t:|1783558329\n|switch|p2a: Grumpig|Grumpig, L92, F|297/297\n|turn|10\n|inactive|Time left: 300 sec this turn | 300 sec total\n|\n|t:|1783558330\n|move|p2a: Grumpig|Psychic|p1a: Poliwrath\n|-supereffective|p1a: Poliwrath\n|-damage|p1a: Poliwrath|0 fnt\n|faint|p1a: Poliwrath\n|\n|upkeep\n|\n|t:|1783558330\n|switch|p1a: Crabominable|Crabominable, L90, M|100/100\n|turn|11\n|inactive|Time left: 300 sec this turn | 300 sec total\n|\n|t:|1783558331\n|move|p2a: Grumpig|Psychic|p1a: Crabominable\n|-supereffective|p1a: Crabominable\n|-damage|p1a: Crabominable|26/100\n|move|p1a: Crabominable|Knock Off|p2a: Grumpig\n|-supereffective|p2a: Grumpig\n|-damage|p2a: Grumpig|0 fnt\n|-enditem|p2a: Grumpig|Leftovers|[from] move: Knock Off|[of] p1a: Crabominable\n|faint|p2a: Grumpig\n|\n|upkeep\n|inactive|Time left: 300 sec this turn | 300 sec total | 5 sec grace\n|\n|t:|1783558332\n|switch|p2a: Victreebel|Victreebel, L90, F|290/290\n|turn|12\n|inactive|Time left: 300 sec this turn | 300 sec total\n|\n|t:|1783558333\n|move|p2a: Victreebel|Sludge Wave|p1a: Crabominable\n|-damage|p1a: Crabominable|0 fnt\n|faint|p1a: Crabominable\n|-damage|p2a: Victreebel|261/290|[from] item: Life Orb\n|\n|upkeep\n|\n|t:|1783558334\n|switch|p1a: Talonflame|Talonflame, L83, F|100/100\n|turn|13\n|inactive|Time left: 300 sec this turn | 300 sec total\n|\n|t:|1783558335\n|switch|p2a: Toxapex|Toxapex, L82, F|216/216\n|move|p1a: Talonflame|Flare Blitz|p2a: Toxapex\n|-resisted|p2a: Toxapex\n|-damage|p2a: Toxapex|177/216\n|-damage|p1a: Talonflame|84/100|[from] item: Rocky Helmet|[of] p2a: Toxapex\n|-damage|p1a: Talonflame|79/100|[from] Recoil\n|\n|upkeep\n|turn|14\n|inactive|Time left: 300 sec this turn | 300 sec total\n|\n|t:|1783558336\n|move|p1a: Talonflame|Swords Dance|p1a: Talonflame\n|-boost|p1a: Talonflame|atk|2\n|move|p2a: Toxapex|Liquidation|p1a: Talonflame\n|-supereffective|p1a: Talonflame\n|-damage|p1a: Talonflame|20/100\n|\n|upkeep\n|turn|15\n|inactive|Time left: 300 sec this turn | 300 sec total\n|\n|t:|1783558337\n|-terastallize|p1a: Talonflame|Ground\n|-terastallize|p2a: Toxapex|Flying\n|move|p1a: Talonflame|Tera Blast|p2a: Toxapex|[anim] Tera Blast Ground\n|-immune|p2a: Toxapex\n|move|p2a: Toxapex|Recover|p2a: Toxapex\n|-heal|p2a: Toxapex|216/216\n|\n|upkeep\n|turn|16\n|inactive|Time left: 300 sec this turn | 300 sec total\n|\n|t:|1783558338\n|move|p1a: Talonflame|Flare Blitz|p2a: Toxapex\n|-damage|p2a: Toxapex|65/216\n|-damage|p1a: Talonflame|4/100|[from] item: Rocky Helmet|[of] p2a: Toxapex\n|-damage|p1a: Talonflame|0 fnt|[from] Recoil\n|faint|p1a: Talonflame\n|move|p2a: Toxapex|Recover|p2a: Toxapex\n|-heal|p2a: Toxapex|173/216\n|\n|upkeep\n|\n|t:|1783558339\n|switch|p1a: Iron Bundle|Iron Bundle, L78|100/100\n|turn|17\n|inactive|Time left: 300 sec this turn | 300 sec total\n|\n|t:|1783558340\n|move|p1a: Iron Bundle|Freeze-Dry|p2a: Toxapex\n|-supereffective|p2a: Toxapex\n|-damage|p2a: Toxapex|57/216\n|move|p2a: Toxapex|Toxic|p1a: Iron Bundle\n|-status|p1a: Iron Bundle|tox\n|\n|-damage|p1a: Iron Bundle|94/100 tox|[from] psn\n|upkeep\n|turn|18\n|inactive|Time left: 300 sec this turn | 300 sec total\n|\n|t:|1783558341\n|switch|p2a: Victreebel|Victreebel, L90, F|261/290\n|move|p1a: Iron Bundle|Freeze-Dry|p2a: Victreebel\n|-supereffective|p2a: Victreebel\n|-damage|p2a: Victreebel|97/290\n|\n|-damage|p1a: Iron Bundle|82/100 tox|[from] psn\n|upkeep\n|turn|19\n|inactive|Time left: 300 sec this turn | 300 sec total\n|\n|t:|1783558342\n|move|p2a: Victreebel|Sucker Punch|p1a: Iron Bundle\n|-damage|p1a: Iron Bundle|51/100 tox\n|-damage|p2a: Victreebel|68/290|[from] item: Life Orb\n|move|p1a: Iron Bundle|Freeze-Dry|p2a: Victreebel\n|-supereffective|p2a: Victreebel\n|-damage|p2a: Victreebel|0 fnt\n|faint|p2a: Victreebel\n|\n|-damage|p1a: Iron Bundle|33/100 tox|[from] psn\n|upkeep\n|inactive|Time left: 300 sec this turn | 300 sec total | 5 sec grace\n|\n|t:|1783558343\n|switch|p2a: Toxapex|Toxapex, L82, F, tera:Flying|129/216\n|turn|20\n|inactive|Time left: 300 sec this turn | 300 sec total\n|\n|t:|1783558344\n|move|p1a: Iron Bundle|Freeze-Dry|p2a: Toxapex\n|-supereffective|p2a: Toxapex\n|-damage|p2a: Toxapex|7/216\n|move|p2a: Toxapex|Recover|p2a: Toxapex\n|-heal|p2a: Toxapex|115/216\n|\n|-damage|p1a: Iron Bundle|8/100 tox|[from] psn\n|upkeep\n|turn|21\n|inactive|Time left: 300 sec this turn | 300 sec total\n|\n|t:|1783558345\n|move|p1a: Iron Bundle|Freeze-Dry|p2a: Toxapex\n|-supereffective|p2a: Toxapex\n|-damage|p2a: Toxapex|0 fnt\n|faint|p2a: Toxapex\n|\n|win|p0x16467edb", "uploadtime": 1783558345, "views": 0, "rating": 0, "private": 0, "password": null, "_winner": "p0x16467edb", "_our_name": "p0y1646e5ce"}