{"id": "battle-gen9randombattle-853", "formatid": "gen9randombattle", "format": "[Gen 9] Random Battle", "players": ["p0x853b867", "p0y853c7d9"], "log": "|init|battle\n|title|p0x853b867 vs. p0y853c7d9\n|j|\u2606p0x853b867\n|j|\u2606p0y853c7d9\n|t:|1783549773\n|gametype|singles\n|player|p1|p0x853b867|1|\n|player|p2|p0y853c7d9|1|\n|gen|9\n|tier|[Gen 9] Random Battle\n|rule|Species Clause: Limit one of each Pok\u00e9mon\n|rule|HP Percentage Mod: HP is shown in percentages\n|rule|Sleep Clause Mod: Limit one foe put to sleep\n|rule|Illusion Level Mod: Illusion disguises the Pok\u00e9mon's true level\n|\n|t:|1783549773\n|teamsize|p1|6\n|teamsize|p2|6\n|start\n|switch|p1a: Azelf|Azelf, L82|100/100\n|switch|p2a: Pelipper|Pelipper, L86, F|243/243\n|-weather|RainDance|[from] ability: Drizzle|[of] p2a: Pelipper\n|turn|1\n|inactive|Battle timer is ON: inactive players will automatically lose when time's up. (requested by p0y853c7d9)\n|inactive|p0x853b867 also wants the timer to be on.\n|\n|t:|1783549774\n|switch|p1a: Primarina|Primarina, L83, M|100/100\n|move|p2a: Pelipper|Hurricane|p1a: Primarina\n|-damage|p1a: Primarina|65/100\n|\n|-weather|RainDance|[upkeep]\n|upkeep\n|turn|2\n|inactive|Time left: 300 sec this turn | 300 sec total\n|\n|t:|1783549775\n|move|p2a: Pelipper|Hurricane|p1a: Primarina\n|-damage|p1a: Primarina|27/100\n|move|p1a: Primarina|Hydro Pump|p2a: Pelipper\n|-resisted|p2a: Pelipper\n|-damage|p2a: Pelipper|0 fnt\n|faint|p2a: Pelipper\n|\n|-weather|RainDance|[upkeep]\n|upkeep\n|inactive|Time left: 300 sec this turn | 300 sec total | 5 sec grace\n|\n|t:|1783549777\n|switch|p2a: Raging Bolt|Raging Bolt, L78|323/323\n|turn|3\n|inactive|Time left: 300 sec this turn | 300 sec total\n|\n|t:|1783549778\n|switch|p1a: Leavanny|Leavanny, L86, F|100/100\n|move|p2a: Raging Bolt|Discharge|p1a: Leavanny\n|-resisted|p1a: Leavanny\n|-damage|p1a: Leavanny|83/100\n|-status|p1a: Leavanny|par\n|\n|-weather|RainDance|[upkeep]\n|upkeep\n|turn|4\n|inactive|Time left: 300 sec this turn | 300 sec total\n|\n|t:|1783549779\n|move|p2a: Raging Bolt|Volt Switch|p1a: Leavanny\n|-resisted|p1a: Leavanny\n|-damage|p1a: Leavanny|67/100 par\n|inactive|Time left: 300 sec this turn | 300 sec total | 5 sec grace\n|\n|t:|1783549780\n|-end|p2a: Raging Bolt|Protosynthesis|[silent]\n|switch|p2a: Great Tusk|Great Tusk, L77|304/304|[from] Volt Switch\n|-enditem|p2a: Great Tusk|Booster Energy\n|-activate|p2a: Great Tusk|ability: Protosynthesis|[fromitem]\n|-start|p2a: Great Tusk|protosynthesisatk\n|cant|p1a: Leavanny|par\n|\n|-weather|RainDance|[upkeep]\n|upkeep\n|turn|5\n|inactive|Time left: 300 sec this turn | 300 sec total\n|\n|t:|1783549781\n|move|p2a: Great Tusk|Bulk Up|p2a: Great Tusk\n|-boost|p2a: Great Tusk|atk|1\n|-boost|p2a: Great Tusk|def|1\n|move|p1a: Leavanny|Sticky Web|p2a: Great Tusk\n|-sidestart|p2: p0y853c7d9|move: Sticky Web\n|\n|-weather|none\n|upkeep\n|turn|6\n|inactive|Time left: 300 sec this turn | 300 sec total\n|\n|t:|1783549782\n|switch|p1a: Azelf|Azelf, L82|100/100\n|move|p2a: Great Tusk|Rapid Spin|p1a: Azelf\n|-damage|p1a: Azelf|64/100\n|-boost|p2a: Great Tusk|spe|1\n|-sideend|p2: p0y853c7d9|Sticky Web|[from] move: Rapid Spin|[of] p2a: Great Tusk\n|\n|upkeep\n|turn|7\n|inactive|Time left: 300 sec this turn | 300 sec total\n|\n|t:|1783549784\n|move|p2a: Great Tusk|Close Combat|p1a: Azelf\n|-resisted|p1a: Azelf\n|-damage|p1a: Azelf|6/100\n|-unboost|p2a: Great Tusk|def|1\n|-unboost|p2a: Great Tusk|spd|1\n|move|p1a: Azelf|Psychic|p2a: Great Tusk\n|-supereffective|p2a: Great Tusk\n|-damage|p2a: Great Tusk|0 fnt\n|faint|p2a: Great Tusk\n|-end|p2a: Great Tusk|Protosynthesis|[silent]\n|-damage|p1a: Azelf|0 fnt|[from] item: Life Orb\n|faint|p1a: Azelf\n|\n|upkeep\n|inactive|Time left: 300 sec this turn | 300 sec total | 5 sec grace\n|\n|t:|1783549785\n|switch|p1a: Leavanny|Leavanny, L86, F|67/100 par\n|switch|p2a: Mamoswine|Mamoswine, L81, M|311/311\n|turn|8\n|inactive|Time left: 300 sec this turn | 300 sec total\n|\n|t:|1783549786\n|move|p2a: Mamoswine|Icicle Crash|p1a: Leavanny\n|-supereffective|p1a: Leavanny\n|-damage|p1a: Leavanny|0 fnt\n|faint|p1a: Leavanny\n|-damage|p2a: Mamoswine|280/311|[from] item: Life Orb\n|\n|upkeep\n|\n|t:|1783549787\n|switch|p1a: Inteleon|Inteleon, L81, F|100/100\n|turn|9\n|inactive|Time left: 300 sec this turn | 300 sec total\n|\n|t:|1783549788\n|switch|p2a: Raging Bolt|Raging Bolt, L78|323/323\n|move|p1a: Inteleon|Scald|p2a: Raging Bolt\n|-resisted|p2a: Raging Bolt\n|-damage|p2a: Raging Bolt|267/323\n|\n|upkeep\n|turn|10\n|inactive|Time left: 300 sec this turn | 300 sec total\n|\n|t:|1783549789\n|switch|p1a: Magcargo|Magcargo, L95, F|100/100\n|move|p2a: Raging Bolt|Discharge|p1a: Magcargo\n|-damage|p1a: Magcargo|69/100\n|-status|p1a: Magcargo|par\n|\n|upkeep\n|turn|11\n|inactive|Time left: 300 sec this turn | 300 sec total\n|\n|t:|1783549790\n|move|p2a: Raging Bolt|Discharge|p1a: Magcargo\n|-damage|p1a: Magcargo|36/100 par\n|move|p1a: Magcargo|Recover|p1a: Magcargo\n|-heal|p1a: Magcargo|86/100 par\n|\n|upkeep\n|turn|12\n|inactive|Time left: 300 sec this turn | 300 sec total\n|\n|t:|1783549791\n|move|p2a: Raging Bolt|Discharge|p1a: Magcargo\n|-damage|p1a: Magcargo|49/100 par\n|cant|p1a: Magcargo|par\n|\n|upkeep\n|turn|13\n|inactive|Time left: 300 sec this turn | 300 sec total\n|\n|t:|1783549792\n|move|p2a: Raging Bolt|Discharge|p1a: Magcargo\n|-damage|p1a: Magcargo|11/100 par\n|cant|p1a: Magcargo|par\n|\n|upkeep\n|turn|14\n|inactive|Time left: 300 sec this turn | 300 sec total\n|\n|t:|1783549793\n|move|p2a: Raging Bolt|Discharge|p1a: Magcargo\n|-damage|p1a: Magcargo|0 fnt\n|faint|p1a: Magcargo\n|\n|upkeep\n|\n|t:|1783549794\n|switch|p1a: Gengar|Gengar, L81, M|100/100\n|turn|15\n|inactive|Time left: 300 sec this turn | 300 sec total\n|\n|t:|1783549795\n|move|p1a: Gengar|Sludge Wave|p2a: Raging Bolt\n|-damage|p2a: Raging Bolt|153/323\n|-damage|p1a: Gengar|90/100|[from] item: Life Orb\n|move|p2a: Raging Bolt|Discharge|p1a: Gengar\n|-damage|p1a: Gengar|42/100\n|-status|p1a: Gengar|par\n|-start|p2a: Raging Bolt|Disable|Discharge|[from] ability: Cursed Body|[of] p1a: Gengar\n|\n|upkeep\n|turn|16\n|inactive|Time left: 300 sec this turn | 300 sec total\n|\n|t:|1783549796\n|move|p2a: Raging Bolt|Thunderclap|p1a: Gengar\n|-damage|p1a: Gengar|0 fnt\n|faint|p1a: Gengar\n|\n|upkeep\n|\n|t:|1783549797\n|switch|p1a: Inteleon|Inteleon, L81, F|100/100\n|turn|17\n|inactive|Time left: 300 sec this turn | 300 sec total\n|\n|t:|1783549798\n|switch|p1a: Primarina|Primarina, L83, M|27/100\n|-terastallize|p2a: Raging Bolt|Electric\n|move|p2a: Raging Bolt|Thunderclap||[still]\n|-fail|p2a: Raging Bolt\n|\n|upkeep\n|turn|18\n|inactive|Time left: 300 sec this turn | 300 sec total\n|\n|t:|1783549799\n|move|p2a: Raging Bolt|Thunderclap|p1a: Primarina\n|-supereffective|p1a: Primarina\n|-damage|p1a: Primarina|0 fnt\n|faint|p1a: Primarina\n|\n|-end|p2a: Raging Bolt|Disable\n|upkeep\n|\n|t:|1783549800\n|switch|p1a: Inteleon|Inteleon, L81, F|100/100\n|turn|19\n|inactive|Time left: 300 sec this turn | 300 sec total\n|\n|t:|1783549801\n|-terastallize|p1a: Inteleon|Water\n|move|p2a: Raging Bolt|Thunderclap|p1a: Inteleon\n|-supereffective|p1a: Inteleon\n|-damage|p1a: Inteleon|0 fnt\n|faint|p1a: Inteleon\n|\n|win|p0y853c7d9", "uploadtime": 1783549801, "views": 0, "rating": 0, "private": 0, "password": null, "_winner": "p0y853c7d9", "_our_name": "p0y853c7d9"}