{"id": "battle-gen9randombattle-2604", "formatid": "gen9randombattle", "format": "[Gen 9] Random Battle", "players": ["p0x26043af4", "p0y26046df2"], "log": "|init|battle\n|title|p0x26043af4 vs. p0y26046df2\n|j|\u2606p0x26043af4\n|j|\u2606p0y26046df2\n|t:|1783569119\n|gametype|singles\n|player|p1|p0x26043af4|102|\n|player|p2|p0y26046df2|101|\n|gen|9\n|tier|[Gen 9] Random Battle\n|rule|Species Clause: Limit one of each Pok\u00e9mon\n|rule|HP Percentage Mod: HP is shown in percentages\n|rule|Sleep Clause Mod: Limit one foe put to sleep\n|rule|Illusion Level Mod: Illusion disguises the Pok\u00e9mon's true level\n|\n|t:|1783569119\n|teamsize|p1|6\n|teamsize|p2|6\n|start\n|switch|p1a: Solgaleo|Solgaleo, L74|325/325\n|switch|p2a: Diancie|Diancie, L82|100/100\n|turn|1\n|inactive|Battle timer is ON: inactive players will automatically lose when time's up. (requested by p0x26043af4)\n|inactive|p0y26046df2 also wants the timer to be on.\n|\n|t:|1783569120\n|switch|p2a: Pyroar|Pyroar, L88, M|100/100\n|-ability|p2a: Pyroar|Unnerve\n|move|p1a: Solgaleo|Sunsteel Strike|p2a: Pyroar\n|-resisted|p2a: Pyroar\n|-damage|p2a: Pyroar|80/100\n|\n|upkeep\n|turn|2\n|inactive|Time left: 300 sec this turn | 300 sec total\n|\n|t:|1783569121\n|switch|p1a: Dewgong|Dewgong, L94, F|322/322\n|move|p2a: Pyroar|Will-O-Wisp|p1a: Dewgong\n|-status|p1a: Dewgong|brn\n|\n|-damage|p1a: Dewgong|302/322 brn|[from] brn\n|upkeep\n|turn|3\n|inactive|Time left: 300 sec this turn | 300 sec total\n|\n|t:|1783569122\n|switch|p2a: Tyranitar|Tyranitar, L78, F|100/100\n|-weather|Sandstorm|[from] ability: Sand Stream|[of] p2a: Tyranitar\n|move|p1a: Dewgong|Surf|p2a: Tyranitar\n|-supereffective|p2a: Tyranitar\n|-damage|p2a: Tyranitar|58/100\n|-enditem|p2a: Tyranitar|Weakness Policy\n|-boost|p2a: Tyranitar|atk|2|[from] item: Weakness Policy\n|-boost|p2a: Tyranitar|spa|2|[from] item: Weakness Policy\n|\n|-weather|Sandstorm|[upkeep]\n|-damage|p1a: Dewgong|282/322 brn|[from] Sandstorm\n|-damage|p1a: Dewgong|262/322 brn|[from] brn\n|upkeep\n|turn|4\n|inactive|Time left: 300 sec this turn | 300 sec total\n|\n|t:|1783569123\n|move|p1a: Dewgong|Surf|p2a: Tyranitar\n|-supereffective|p2a: Tyranitar\n|-damage|p2a: Tyranitar|12/100\n|move|p2a: Tyranitar|Dragon Dance|p2a: Tyranitar\n|-boost|p2a: Tyranitar|atk|1\n|-boost|p2a: Tyranitar|spe|1\n|\n|-weather|Sandstorm|[upkeep]\n|-damage|p1a: Dewgong|242/322 brn|[from] Sandstorm\n|-damage|p1a: Dewgong|222/322 brn|[from] brn\n|upkeep\n|turn|5\n|inactive|Time left: 300 sec this turn | 300 sec total\n|\n|t:|1783569124\n|move|p2a: Tyranitar|Knock Off|p1a: Dewgong\n|-crit|p1a: Dewgong\n|-damage|p1a: Dewgong|0 fnt\n|-enditem|p1a: Dewgong|Assault Vest|[from] move: Knock Off|[of] p2a: Tyranitar\n|faint|p1a: Dewgong\n|\n|-weather|Sandstorm|[upkeep]\n|upkeep\n|inactive|Time left: 300 sec this turn | 300 sec total | 5 sec grace\n|\n|t:|1783569125\n|switch|p1a: Cinccino|Cinccino, L83, F|260/260\n|turn|6\n|inactive|Time left: 300 sec this turn | 300 sec total\n|\n|t:|1783569126\n|move|p1a: Cinccino|Bullet Seed|p2a: Tyranitar\n|-supereffective|p2a: Tyranitar\n|-crit|p2a: Tyranitar\n|-damage|p2a: Tyranitar|0 fnt\n|faint|p2a: Tyranitar\n|-hitcount|p2: Tyranitar|1\n|\n|-weather|Sandstorm|[upkeep]\n|-damage|p1a: Cinccino|244/260|[from] Sandstorm\n|upkeep\n|\n|t:|1783569127\n|switch|p2a: Pyroar|Pyroar, L88, M|80/100\n|-ability|p2a: Pyroar|Unnerve\n|turn|7\n|inactive|Time left: 300 sec this turn | 300 sec total\n|\n|t:|1783569128\n|move|p1a: Cinccino|Tail Slap|p2a: Pyroar\n|-damage|p2a: Pyroar|66/100\n|-damage|p2a: Pyroar|51/100\n|-damage|p2a: Pyroar|37/100\n|-damage|p2a: Pyroar|23/100\n|-damage|p2a: Pyroar|8/100\n|-hitcount|p2a: Pyroar|5\n|move|p2a: Pyroar|Fire Blast|p1a: Cinccino|[miss]\n|-miss|p2a: Pyroar|p1a: Cinccino\n|\n|-weather|none\n|upkeep\n|turn|8\n|inactive|Time left: 300 sec this turn | 300 sec total\n|\n|t:|1783569129\n|switch|p2a: Diancie|Diancie, L82|100/100\n|move|p1a: Cinccino|Bullet Seed|p2a: Diancie\n|-supereffective|p2a: Diancie\n|-damage|p2a: Diancie|85/100\n|-supereffective|p2a: Diancie\n|-damage|p2a: Diancie|67/100\n|-supereffective|p2a: Diancie\n|-damage|p2a: Diancie|50/100\n|-supereffective|p2a: Diancie\n|-damage|p2a: Diancie|33/100\n|-hitcount|p2a: Diancie|4\n|\n|-heal|p2a: Diancie|39/100|[from] item: Leftovers\n|upkeep\n|turn|9\n|inactive|Time left: 300 sec this turn | 300 sec total\n|\n|t:|1783569130\n|move|p1a: Cinccino|Triple Axel|p2a: Diancie\n|-damage|p2a: Diancie|32/100\n|-damage|p2a: Diancie|19/100\n|-damage|p2a: Diancie|0 fnt\n|faint|p2a: Diancie\n|-hitcount|p2: Diancie|3\n|\n|upkeep\n|\n|t:|1783569131\n|switch|p2a: Kingdra|Kingdra, L84, F|100/100\n|turn|10\n|inactive|Time left: 300 sec this turn | 300 sec total\n|\n|t:|1783569132\n|move|p1a: Cinccino|Tail Slap|p2a: Kingdra\n|-damage|p2a: Kingdra|86/100\n|-damage|p2a: Kingdra|73/100\n|-damage|p2a: Kingdra|59/100\n|-damage|p2a: Kingdra|46/100\n|-hitcount|p2a: Kingdra|4\n|move|p2a: Kingdra|Draco Meteor|p1a: Cinccino\n|-damage|p1a: Cinccino|17/260\n|-unboost|p2a: Kingdra|spa|2\n|-damage|p2a: Kingdra|36/100|[from] item: Life Orb\n|\n|upkeep\n|turn|11\n|inactive|Time left: 300 sec this turn | 300 sec total\n|\n|t:|1783569133\n|switch|p2a: Pyroar|Pyroar, L88, M|8/100\n|-ability|p2a: Pyroar|Unnerve\n|move|p1a: Cinccino|Bullet Seed|p2a: Pyroar\n|-resisted|p2a: Pyroar\n|-damage|p2a: Pyroar|3/100\n|-resisted|p2a: Pyroar\n|-damage|p2a: Pyroar|0 fnt\n|faint|p2a: Pyroar\n|-hitcount|p2: Pyroar|2\n|\n|upkeep\n|\n|t:|1783569134\n|switch|p2a: Honchkrow|Honchkrow, L86, F|100/100\n|turn|12\n|inactive|Time left: 300 sec this turn | 300 sec total\n|\n|t:|1783569135\n|move|p2a: Honchkrow|Sucker Punch|p1a: Cinccino\n|-damage|p1a: Cinccino|0 fnt\n|faint|p1a: Cinccino\n|-ability|p2a: Honchkrow|Moxie|boost\n|-boost|p2a: Honchkrow|atk|1\n|\n|upkeep\n|inactive|Time left: 300 sec this turn | 300 sec total | 5 sec grace\n|\n|t:|1783569136\n|switch|p1a: Mamoswine|Mamoswine, L81, F|311/311\n|turn|13\n|inactive|Time left: 300 sec this turn | 300 sec total\n|\n|t:|1783569137\n|move|p2a: Honchkrow|Sucker Punch|p1a: Mamoswine\n|-damage|p1a: Mamoswine|166/311\n|move|p1a: Mamoswine|Icicle Crash|p2a: Honchkrow\n|-supereffective|p2a: Honchkrow\n|-damage|p2a: Honchkrow|0 fnt\n|faint|p2a: Honchkrow\n|-damage|p1a: Mamoswine|135/311|[from] item: Life Orb\n|\n|upkeep\n|\n|t:|1783569138\n|switch|p2a: Kingdra|Kingdra, L84, F|36/100\n|turn|14\n|inactive|Time left: 300 sec this turn | 300 sec total\n|\n|t:|1783569139\n|switch|p1a: Solgaleo|Solgaleo, L74|325/325\n|move|p2a: Kingdra|Wave Crash|p1a: Solgaleo\n|-damage|p1a: Solgaleo|157/325\n|-damage|p2a: Kingdra|15/100|[from] Recoil\n|-damage|p2a: Kingdra|5/100|[from] item: Life Orb\n|\n|upkeep\n|turn|15\n|inactive|Time left: 300 sec this turn | 300 sec total\n|\n|t:|1783569140\n|move|p2a: Kingdra|Wave Crash|p1a: Solgaleo\n|-damage|p1a: Solgaleo|0 fnt\n|faint|p1a: Solgaleo\n|-damage|p2a: Kingdra|0 fnt|[from] Recoil\n|faint|p2a: Kingdra\n|\n|upkeep\n|inactive|Time left: 300 sec this turn | 300 sec total | 5 sec grace\n|\n|t:|1783569141\n|switch|p2a: Whimsicott|Whimsicott, L84, F|100/100\n|switch|p1a: Gengar|Gengar, L81, M|230/230\n|turn|16\n|inactive|Time left: 300 sec this turn | 300 sec total\n|\n|t:|1783569142\n|-terastallize|p2a: Whimsicott|Steel\n|move|p2a: Whimsicott|Moonblast|p1a: Gengar\n|-resisted|p1a: Gengar\n|-damage|p1a: Gengar|182/230\n|move|p1a: Gengar|Shadow Ball|p2a: Whimsicott\n|-damage|p2a: Whimsicott|43/100\n|-damage|p1a: Gengar|159/230|[from] item: Life Orb\n|\n|upkeep\n|turn|17\n|inactive|Time left: 300 sec this turn | 300 sec total\n|\n|t:|1783569143\n|move|p2a: Whimsicott|Stun Spore|p1a: Gengar|[miss]\n|-miss|p2a: Whimsicott|p1a: Gengar\n|move|p1a: Gengar|Shadow Ball|p2a: Whimsicott\n|-damage|p2a: Whimsicott|0 fnt\n|faint|p2a: Whimsicott\n|-damage|p1a: Gengar|136/230|[from] item: Life Orb\n|\n|win|p0x26043af4", "uploadtime": 1783569143, "views": 0, "rating": 0, "private": 0, "password": null, "_winner": "p0x26043af4", "_our_name": "p0x26043af4"}