{"id": "battle-gen9randombattle-1690", "formatid": "gen9randombattle", "format": "[Gen 9] Random Battle", "players": ["p0x1690bdbf", "p0y1690714c"], "log": "|init|battle\n|title|p0x1690bdbf vs. p0y1690714c\n|j|\u2606p0x1690bdbf\n|j|\u2606p0y1690714c\n|t:|1783559586\n|gametype|singles\n|player|p1|p0x1690bdbf|102|\n|player|p2|p0y1690714c|2|\n|gen|9\n|tier|[Gen 9] Random Battle\n|rule|Species Clause: Limit one of each Pok\u00e9mon\n|rule|HP Percentage Mod: HP is shown in percentages\n|rule|Sleep Clause Mod: Limit one foe put to sleep\n|rule|Illusion Level Mod: Illusion disguises the Pok\u00e9mon's true level\n|\n|t:|1783559586\n|teamsize|p1|6\n|teamsize|p2|6\n|start\n|switch|p1a: Sceptile|Sceptile, L87, M|264/264\n|switch|p2a: Eternatus|Eternatus, L69|100/100\n|-ability|p2a: Eternatus|Pressure\n|turn|1\n|inactive|Battle timer is ON: inactive players will automatically lose when time's up. (requested by p0x1690bdbf)\n|inactive|p0y1690714c also wants the timer to be on.\n|\n|t:|1783559588\n|move|p1a: Sceptile|Swords Dance|p1a: Sceptile\n|-boost|p1a: Sceptile|atk|2\n|move|p2a: Eternatus|Sludge Bomb|p1a: Sceptile\n|-supereffective|p1a: Sceptile\n|-damage|p1a: Sceptile|76/264\n|\n|upkeep\n|turn|2\n|inactive|Time left: 300 sec this turn | 300 sec total\n|\n|t:|1783559589\n|switch|p2a: Flapple|Flapple, L88, M|100/100\n|move|p1a: Sceptile|Earthquake|p2a: Flapple\n|-resisted|p2a: Flapple\n|-damage|p2a: Flapple|64/100\n|-damage|p1a: Sceptile|50/264|[from] item: Life Orb\n|\n|upkeep\n|turn|3\n|inactive|Time left: 300 sec this turn | 300 sec total\n|\n|t:|1783559590\n|move|p1a: Sceptile|Rock Slide|p2a: Flapple\n|-damage|p2a: Flapple|17/100\n|-damage|p1a: Sceptile|24/264|[from] item: Life Orb\n|move|p2a: Flapple|Outrage|p1a: Sceptile\n|-damage|p1a: Sceptile|0 fnt\n|faint|p1a: Sceptile\n|\n|upkeep\n|inactive|Time left: 300 sec this turn | 300 sec total | 5 sec grace\n|\n|t:|1783559591\n|switch|p1a: Regidrago|Regidrago, L77|435/435\n|turn|4\n|inactive|Time left: 300 sec this turn | 300 sec total\n|\n|t:|1783559592\n|move|p1a: Regidrago|Dragon Energy|p2a: Flapple\n|-supereffective|p2a: Flapple\n|-damage|p2a: Flapple|0 fnt\n|faint|p2a: Flapple\n|\n|upkeep\n|\n|t:|1783559593\n|switch|p2a: Perrserker|Perrserker, L89, F|100/100\n|turn|5\n|inactive|Time left: 300 sec this turn | 300 sec total\n|\n|t:|1783559594\n|move|p1a: Regidrago|Dragon Energy|p2a: Perrserker\n|-resisted|p2a: Perrserker\n|-damage|p2a: Perrserker|50/100\n|move|p2a: Perrserker|Iron Head|p1a: Regidrago\n|-damage|p1a: Regidrago|133/435\n|-damage|p2a: Perrserker|40/100|[from] item: Life Orb\n|\n|upkeep\n|turn|6\n|inactive|Time left: 300 sec this turn | 300 sec total\n|\n|t:|1783559595\n|switch|p1a: Volcarona|Volcarona, L77, F|257/257\n|move|p2a: Perrserker|U-turn|p1a: Volcarona\n|-resisted|p1a: Volcarona\n|-damage|p1a: Volcarona|184/257\n|-damage|p2a: Perrserker|30/100|[from] item: Life Orb\n|\n|t:|1783559596\n|switch|p2a: Poliwrath|Poliwrath, L88, M|100/100|[from] U-turn\n|\n|upkeep\n|turn|7\n|inactive|Time left: 300 sec this turn | 300 sec total\n|\n|t:|1783559598\n|switch|p1a: Regidrago|Regidrago, L77|133/435\n|move|p2a: Poliwrath|Liquidation|p1a: Regidrago\n|-resisted|p1a: Regidrago\n|-damage|p1a: Regidrago|56/435\n|\n|upkeep\n|turn|8\n|inactive|Time left: 300 sec this turn | 300 sec total\n|\n|t:|1783559599\n|move|p1a: Regidrago|Outrage|p2a: Poliwrath\n|-crit|p2a: Poliwrath\n|-damage|p2a: Poliwrath|33/100\n|move|p2a: Poliwrath|Knock Off|p1a: Regidrago\n|-damage|p1a: Regidrago|0 fnt\n|-enditem|p1a: Regidrago|Choice Scarf|[from] move: Knock Off|[of] p2a: Poliwrath\n|faint|p1a: Regidrago\n|\n|upkeep\n|inactive|Time left: 300 sec this turn | 300 sec total | 5 sec grace\n|\n|t:|1783559600\n|switch|p1a: Florges|Florges, L85, F|271/271\n|turn|9\n|inactive|Time left: 300 sec this turn | 300 sec total\n|\n|t:|1783559601\n|switch|p2a: Tentacruel|Tentacruel, L84, M|100/100\n|move|p1a: Florges|Moonblast|p2a: Tentacruel\n|-resisted|p2a: Tentacruel\n|-damage|p2a: Tentacruel|85/100\n|-unboost|p2a: Tentacruel|spa|1\n|\n|-heal|p2a: Tentacruel|91/100|[from] item: Leftovers\n|upkeep\n|turn|10\n|inactive|Time left: 300 sec this turn | 300 sec total\n|\n|t:|1783559602\n|move|p2a: Tentacruel|Sludge Bomb|p1a: Florges\n|-supereffective|p1a: Florges\n|-damage|p1a: Florges|203/271\n|move|p1a: Florges|Calm Mind|p1a: Florges\n|-boost|p1a: Florges|spa|1\n|-boost|p1a: Florges|spd|1\n|\n|-heal|p2a: Tentacruel|97/100|[from] item: Leftovers\n|-heal|p1a: Florges|219/271|[from] item: Leftovers\n|upkeep\n|turn|11\n|inactive|Time left: 300 sec this turn | 300 sec total\n|\n|t:|1783559603\n|move|p2a: Tentacruel|Haze|p2a: Tentacruel\n|-clearallboost\n|move|p1a: Florges|Moonblast|p2a: Tentacruel\n|-resisted|p2a: Tentacruel\n|-damage|p2a: Tentacruel|81/100\n|\n|-heal|p2a: Tentacruel|87/100|[from] item: Leftovers\n|-heal|p1a: Florges|235/271|[from] item: Leftovers\n|upkeep\n|turn|12\n|inactive|Time left: 300 sec this turn | 300 sec total\n|\n|t:|1783559604\n|move|p2a: Tentacruel|Sludge Bomb|p1a: Florges\n|-supereffective|p1a: Florges\n|-damage|p1a: Florges|131/271\n|move|p1a: Florges|Moonblast|p2a: Tentacruel\n|-resisted|p2a: Tentacruel\n|-damage|p2a: Tentacruel|71/100\n|-unboost|p2a: Tentacruel|spa|1\n|\n|-heal|p2a: Tentacruel|77/100|[from] item: Leftovers\n|-heal|p1a: Florges|147/271|[from] item: Leftovers\n|upkeep\n|turn|13\n|inactive|Time left: 300 sec this turn | 300 sec total\n|\n|t:|1783559605\n|move|p2a: Tentacruel|Sludge Bomb|p1a: Florges\n|-supereffective|p1a: Florges\n|-damage|p1a: Florges|81/271\n|move|p1a: Florges|Calm Mind|p1a: Florges\n|-boost|p1a: Florges|spa|1\n|-boost|p1a: Florges|spd|1\n|\n|-heal|p2a: Tentacruel|84/100|[from] item: Leftovers\n|-heal|p1a: Florges|97/271|[from] item: Leftovers\n|upkeep\n|turn|14\n|inactive|Time left: 300 sec this turn | 300 sec total\n|\n|t:|1783559606\n|move|p2a: Tentacruel|Haze|p2a: Tentacruel\n|-clearallboost\n|move|p1a: Florges|Wish|p1a: Florges\n|\n|-heal|p2a: Tentacruel|90/100|[from] item: Leftovers\n|-heal|p1a: Florges|113/271|[from] item: Leftovers\n|upkeep\n|turn|15\n|inactive|Time left: 300 sec this turn | 300 sec total\n|\n|t:|1783559606\n|move|p2a: Tentacruel|Sludge Bomb|p1a: Florges\n|-supereffective|p1a: Florges\n|-damage|p1a: Florges|0 fnt\n|faint|p1a: Florges\n|\n|-heal|p2a: Tentacruel|96/100|[from] item: Leftovers\n|upkeep\n|inactive|Time left: 300 sec this turn | 300 sec total | 5 sec grace\n|\n|t:|1783559607\n|switch|p1a: Iron Thorns|Iron Thorns, L83|302/302\n|-enditem|p1a: Iron Thorns|Booster Energy\n|-activate|p1a: Iron Thorns|ability: Quark Drive|[fromitem]\n|-start|p1a: Iron Thorns|quarkdriveatk\n|turn|16\n|inactive|Time left: 300 sec this turn | 300 sec total\n|\n|t:|1783559608\n|move|p2a: Tentacruel|Surf|p1a: Iron Thorns\n|-supereffective|p1a: Iron Thorns\n|-damage|p1a: Iron Thorns|122/302\n|move|p1a: Iron Thorns|Dragon Dance|p1a: Iron Thorns\n|-boost|p1a: Iron Thorns|atk|1\n|-boost|p1a: Iron Thorns|spe|1\n|\n|-heal|p2a: Tentacruel|100/100|[from] item: Leftovers\n|upkeep\n|turn|17\n|inactive|Time left: 300 sec this turn | 300 sec total\n|\n|t:|1783559609\n|switch|p2a: Perrserker|Perrserker, L89, F|30/100\n|move|p1a: Iron Thorns|Stone Edge|p2a: Perrserker\n|-resisted|p2a: Perrserker\n|-damage|p2a: Perrserker|0 fnt\n|faint|p2a: Perrserker\n|\n|upkeep\n|\n|t:|1783559609\n|switch|p2a: Tauros|Tauros, L82, M|100/100\n|turn|18\n|inactive|Time left: 300 sec this turn | 300 sec total\n|\n|t:|1783559610\n|-terastallize|p2a: Tauros|Fighting\n|move|p1a: Iron Thorns|Stone Edge|p2a: Tauros\n|-resisted|p2a: Tauros\n|-damage|p2a: Tauros|48/100\n|move|p2a: Tauros|Close Combat|p1a: Iron Thorns\n|-supereffective|p1a: Iron Thorns\n|-damage|p1a: Iron Thorns|0 fnt\n|-unboost|p2a: Tauros|def|1\n|-unboost|p2a: Tauros|spd|1\n|faint|p1a: Iron Thorns\n|-end|p1a: Iron Thorns|Quark Drive|[silent]\n|-damage|p2a: Tauros|38/100|[from] item: Life Orb\n|\n|upkeep\n|inactive|Time left: 300 sec this turn | 300 sec total | 5 sec grace\n|\n|t:|1783559611\n|switch|p1a: Hydreigon|Hydreigon, L79, F|275/275\n|turn|19\n|inactive|Time left: 300 sec this turn | 300 sec total\n|\n|t:|1783559611\n|-terastallize|p1a: Hydreigon|Dragon\n|move|p2a: Tauros|Close Combat|p1a: Hydreigon\n|-damage|p1a: Hydreigon|115/275\n|-unboost|p2a: Tauros|def|1\n|-unboost|p2a: Tauros|spd|1\n|-damage|p2a: Tauros|29/100|[from] item: Life Orb\n|move|p1a: Hydreigon|Dark Pulse|p2a: Tauros\n|-resisted|p2a: Tauros\n|-damage|p2a: Tauros|0 fnt\n|faint|p2a: Tauros\n|-damage|p1a: Hydreigon|88/275|[from] item: Life Orb\n|\n|upkeep\n|\n|t:|1783559612\n|switch|p2a: Tentacruel|Tentacruel, L84, M|100/100\n|turn|20\n|inactive|Time left: 300 sec this turn | 300 sec total\n|\n|t:|1783559613\n|move|p2a: Tentacruel|Sludge Bomb|p1a: Hydreigon\n|-damage|p1a: Hydreigon|3/275\n|-status|p1a: Hydreigon|psn\n|move|p1a: Hydreigon|Draco Meteor|p2a: Tentacruel\n|-crit|p2a: Tentacruel\n|-damage|p2a: Tentacruel|0 fnt\n|-unboost|p1a: Hydreigon|spa|2\n|faint|p2a: Tentacruel\n|-damage|p1a: Hydreigon|0 fnt|[from] item: Life Orb\n|faint|p1a: Hydreigon\n|\n|upkeep\n|inactive|Time left: 300 sec this turn | 300 sec total | 5 sec grace\n|\n|t:|1783559615\n|switch|p2a: Poliwrath|Poliwrath, L88, M|33/100\n|switch|p1a: Volcarona|Volcarona, L77, F|184/257\n|turn|21\n|inactive|Time left: 300 sec this turn | 300 sec total\n|\n|t:|1783559616\n|move|p1a: Volcarona|Morning Sun|p1a: Volcarona\n|-heal|p1a: Volcarona|257/257\n|move|p2a: Poliwrath|Liquidation|p1a: Volcarona\n|-supereffective|p1a: Volcarona\n|-damage|p1a: Volcarona|5/257\n|\n|upkeep\n|turn|22\n|inactive|Time left: 300 sec this turn | 300 sec total\n|\n|t:|1783559617\n|move|p1a: Volcarona|Morning Sun|p1a: Volcarona\n|-heal|p1a: Volcarona|133/257\n|move|p2a: Poliwrath|Liquidation|p1a: Volcarona\n|-supereffective|p1a: Volcarona\n|-damage|p1a: Volcarona|0 fnt\n|faint|p1a: Volcarona\n|\n|win|p0y1690714c", "uploadtime": 1783559617, "views": 0, "rating": 0, "private": 0, "password": null, "_winner": "p0y1690714c", "_our_name": "p0x1690bdbf"}