{"id": "battle-gen9randombattle-272", "formatid": "gen9randombattle", "format": "[Gen 9] Random Battle", "players": ["p0x272263d", "p0y27237d5"], "log": "|init|battle\n|title|p0x272263d vs. p0y27237d5\n|j|\u2606p0x272263d\n|j|\u2606p0y27237d5\n|t:|1783542217\n|gametype|singles\n|player|p1|p0x272263d|101|\n|player|p2|p0y27237d5|170|\n|gen|9\n|tier|[Gen 9] Random Battle\n|rule|Species Clause: Limit one of each Pok\u00e9mon\n|rule|HP Percentage Mod: HP is shown in percentages\n|rule|Sleep Clause Mod: Limit one foe put to sleep\n|rule|Illusion Level Mod: Illusion disguises the Pok\u00e9mon's true level\n|\n|t:|1783542217\n|teamsize|p1|6\n|teamsize|p2|6\n|start\n|switch|p1a: Ampharos|Ampharos, L88, F|100/100\n|switch|p2a: Okidogi|Okidogi, L77, M|262/262\n|turn|1\n|inactive|Battle timer is ON: inactive players will automatically lose when time's up. (requested by p0x272263d)\n|inactive|Time left: 300 sec this turn | 300 sec total | 60 sec grace\n|\n|t:|1783542219\n|move|p2a: Okidogi|Knock Off|p1a: Ampharos\n|-damage|p1a: Ampharos|79/100\n|-status|p2a: Okidogi|par|[from] ability: Static|[of] p1a: Ampharos\n|-status|p1a: Ampharos|tox|[from] ability: Toxic Chain|[of] p2a: Okidogi\n|-enditem|p1a: Ampharos|Choice Specs|[from] move: Knock Off|[of] p2a: Okidogi\n|move|p1a: Ampharos|Thunderbolt|p2a: Okidogi\n|-damage|p2a: Okidogi|180/262 par\n|\n|-damage|p1a: Ampharos|73/100 tox|[from] psn\n|upkeep\n|turn|2\n|inactive|Time left: 300 sec this turn | 300 sec total\n|inactive|p0y27237d5 also wants the timer to be on.\n|\n|t:|1783542220\n|move|p1a: Ampharos|Thunderbolt|p2a: Okidogi\n|-damage|p2a: Okidogi|84/262 par\n|move|p2a: Okidogi|Drain Punch|p1a: Ampharos\n|-damage|p1a: Ampharos|44/100 tox\n|-heal|p2a: Okidogi|128/262 par|[from] drain|[of] p1a: Ampharos\n|\n|-damage|p1a: Ampharos|32/100 tox|[from] psn\n|upkeep\n|turn|3\n|inactive|Time left: 300 sec this turn | 300 sec total\n|\n|t:|1783542221\n|move|p1a: Ampharos|Thunderbolt|p2a: Okidogi\n|-damage|p2a: Okidogi|40/262 par\n|move|p2a: Okidogi|Knock Off|p1a: Ampharos\n|-damage|p1a: Ampharos|16/100 tox\n|\n|-damage|p1a: Ampharos|0 fnt|[from] psn\n|faint|p1a: Ampharos\n|upkeep\n|\n|t:|1783542223\n|switch|p1a: Abomasnow|Abomasnow, L84, F|100/100\n|-weather|Snowscape|[from] ability: Snow Warning|[of] p1a: Abomasnow\n|turn|4\n|inactive|Time left: 300 sec this turn | 300 sec total\n|\n|t:|1783542224\n|switch|p2a: Entei|Entei, L78|307/307\n|move|p1a: Abomasnow|Aurora Veil|p1a: Abomasnow\n|-sidestart|p1: p0x272263d|move: Aurora Veil\n|\n|-weather|Snowscape|[upkeep]\n|upkeep\n|turn|5\n|inactive|Time left: 300 sec this turn | 300 sec total\n|\n|t:|1783542225\n|switch|p1a: Gengar|Gengar, L81, M|100/100\n|move|p2a: Entei|Sacred Fire|p1a: Gengar\n|-damage|p1a: Gengar|50/100\n|-status|p1a: Gengar|brn\n|\n|-weather|Snowscape|[upkeep]\n|-damage|p1a: Gengar|44/100 brn|[from] brn\n|upkeep\n|turn|6\n|inactive|Time left: 300 sec this turn | 300 sec total\n|\n|t:|1783542227\n|move|p1a: Gengar|Sludge Wave|p2a: Entei\n|-damage|p2a: Entei|99/307\n|move|p2a: Entei|Sacred Fire|p1a: Gengar\n|-damage|p1a: Gengar|1/100 brn\n|-start|p2a: Entei|Disable|Sacred Fire|[from] ability: Cursed Body|[of] p1a: Gengar\n|\n|-weather|Snowscape|[upkeep]\n|-damage|p1a: Gengar|0 fnt|[from] brn\n|faint|p1a: Gengar\n|upkeep\n|\n|t:|1783542228\n|switch|p1a: Pikachu|Pikachu-Original, L93, M|100/100\n|turn|7\n|inactive|Time left: 300 sec this turn | 300 sec total\n|\n|t:|1783542229\n|switch|p2a: Archaludon|Archaludon, L78, M|268/268\n|move|p1a: Pikachu|Knock Off|p2a: Archaludon\n|-damage|p2a: Archaludon|181/268\n|-ability|p2a: Archaludon|Stamina|boost\n|-boost|p2a: Archaludon|def|1\n|-enditem|p2a: Archaludon|Leftovers|[from] move: Knock Off|[of] p1a: Pikachu\n|\n|-weather|Snowscape|[upkeep]\n|upkeep\n|turn|8\n|inactive|Time left: 300 sec this turn | 300 sec total\n|\n|t:|1783542230\n|move|p1a: Pikachu|Volt Switch|p2a: Archaludon\n|-resisted|p2a: Archaludon\n|-damage|p2a: Archaludon|98/268\n|-ability|p2a: Archaludon|Stamina|boost\n|-boost|p2a: Archaludon|def|1\n|\n|t:|1783542232\n|switch|p1a: Iron Bundle|Iron Bundle, L78|100/100|[from] Volt Switch\n|move|p2a: Archaludon|Body Press|p1a: Iron Bundle\n|-supereffective|p1a: Iron Bundle\n|-damage|p1a: Iron Bundle|68/100\n|\n|-weather|none\n|upkeep\n|turn|9\n|inactive|Time left: 300 sec this turn | 300 sec total\n|\n|t:|1783542233\n|switch|p2a: Scovillain|Scovillain, L91, F|266/266\n|move|p1a: Iron Bundle|Ice Beam|p2a: Scovillain\n|-damage|p2a: Scovillain|154/266\n|\n|-heal|p2a: Scovillain|170/266|[from] item: Leftovers\n|upkeep\n|turn|10\n|inactive|Time left: 300 sec this turn | 300 sec total\n|\n|t:|1783542234\n|move|p2a: Scovillain|Protect|p2a: Scovillain\n|-singleturn|p2a: Scovillain|Protect\n|move|p1a: Iron Bundle|Hydro Pump|p2a: Scovillain\n|-activate|p2a: Scovillain|move: Protect\n|\n|-heal|p2a: Scovillain|186/266|[from] item: Leftovers\n|upkeep\n|turn|11\n|inactive|Time left: 300 sec this turn | 300 sec total\n|\n|t:|1783542235\n|move|p1a: Iron Bundle|Hydro Pump|p2a: Scovillain\n|-damage|p2a: Scovillain|51/266\n|move|p2a: Scovillain|Flamethrower|p1a: Iron Bundle\n|-damage|p1a: Iron Bundle|31/100\n|\n|-heal|p2a: Scovillain|67/266|[from] item: Leftovers\n|-sideend|p1: p0x272263d|move: Aurora Veil\n|upkeep\n|turn|12\n|inactive|Time left: 300 sec this turn | 300 sec total\n|\n|t:|1783542236\n|move|p2a: Scovillain|Protect|p2a: Scovillain\n|-singleturn|p2a: Scovillain|Protect\n|move|p1a: Iron Bundle|Freeze-Dry|p2a: Scovillain\n|-activate|p2a: Scovillain|move: Protect\n|\n|-heal|p2a: Scovillain|83/266|[from] item: Leftovers\n|upkeep\n|turn|13\n|inactive|Time left: 300 sec this turn | 300 sec total\n|\n|t:|1783542237\n|switch|p2a: Entei|Entei, L78|99/307\n|move|p1a: Iron Bundle|Ice Beam|p2a: Entei\n|-resisted|p2a: Entei\n|-damage|p2a: Entei|39/307\n|\n|upkeep\n|turn|14\n|inactive|Time left: 300 sec this turn | 300 sec total\n|\n|t:|1783542238\n|move|p2a: Entei|Extreme Speed|p1a: Iron Bundle\n|-damage|p1a: Iron Bundle|0 fnt\n|faint|p1a: Iron Bundle\n|-end|p1a: Iron Bundle|Quark Drive|[silent]\n|\n|upkeep\n|\n|t:|1783542239\n|switch|p1a: Abomasnow|Abomasnow, L84, F|100/100\n|-weather|Snowscape|[from] ability: Snow Warning|[of] p1a: Abomasnow\n|turn|15\n|inactive|Time left: 300 sec this turn | 300 sec total\n|\n|t:|1783542240\n|switch|p2a: Scovillain|Scovillain, L91, F|83/266\n|move|p1a: Abomasnow|Aurora Veil|p1a: Abomasnow\n|-sidestart|p1: p0x272263d|move: Aurora Veil\n|\n|-weather|Snowscape|[upkeep]\n|-heal|p2a: Scovillain|99/266|[from] item: Leftovers\n|upkeep\n|turn|16\n|inactive|Time left: 300 sec this turn | 300 sec total\n|\n|t:|1783542241\n|switch|p1a: Pikachu|Pikachu-Original, L93, M|100/100\n|move|p2a: Scovillain|Flamethrower|p1a: Pikachu\n|-damage|p1a: Pikachu|60/100\n|\n|-weather|Snowscape|[upkeep]\n|-heal|p2a: Scovillain|115/266|[from] item: Leftovers\n|upkeep\n|turn|17\n|inactive|Time left: 300 sec this turn | 300 sec total\n|\n|t:|1783542242\n|move|p2a: Scovillain|Protect|p2a: Scovillain\n|-singleturn|p2a: Scovillain|Protect\n|move|p1a: Pikachu|Knock Off|p2a: Scovillain\n|-activate|p2a: Scovillain|move: Protect\n|\n|-weather|Snowscape|[upkeep]\n|-heal|p2a: Scovillain|131/266|[from] item: Leftovers\n|upkeep\n|turn|18\n|inactive|Time left: 300 sec this turn | 300 sec total\n|\n|t:|1783542243\n|switch|p2a: Cacturne|Cacturne, L92, M|278/278\n|move|p1a: Pikachu|Knock Off|p2a: Cacturne\n|-resisted|p2a: Cacturne\n|-damage|p2a: Cacturne|213/278\n|-enditem|p2a: Cacturne|Life Orb|[from] move: Knock Off|[of] p1a: Pikachu\n|\n|-weather|Snowscape|[upkeep]\n|upkeep\n|turn|19\n|inactive|Time left: 300 sec this turn | 300 sec total\n|\n|t:|1783542244\n|move|p1a: Pikachu|Volt Tackle|p2a: Cacturne\n|-resisted|p2a: Cacturne\n|-damage|p2a: Cacturne|91/278\n|-damage|p1a: Pikachu|41/100|[from] Recoil\n|move|p2a: Cacturne|Knock Off|p1a: Pikachu\n|-damage|p1a: Pikachu|0 fnt\n|-enditem|p1a: Pikachu|Light Ball|[from] move: Knock Off|[of] p2a: Cacturne\n|faint|p1a: Pikachu\n|\n|-weather|none\n|upkeep\n|\n|t:|1783542245\n|switch|p1a: Barraskewda|Barraskewda, L81, M|100/100\n|turn|20\n|inactive|Time left: 300 sec this turn | 300 sec total\n|\n|t:|1783542246\n|move|p2a: Cacturne|Sucker Punch|p1a: Barraskewda\n|-damage|p1a: Barraskewda|72/100\n|move|p1a: Barraskewda|Close Combat|p2a: Cacturne\n|-supereffective|p2a: Cacturne\n|-damage|p2a: Cacturne|0 fnt\n|-unboost|p1a: Barraskewda|def|1\n|-unboost|p1a: Barraskewda|spd|1\n|faint|p2a: Cacturne\n|\n|upkeep\n|inactive|Time left: 300 sec this turn | 300 sec total | 5 sec grace\n|\n|t:|1783542247\n|switch|p2a: Inteleon|Inteleon, L81, F|246/246\n|turn|21\n|inactive|Time left: 300 sec this turn | 300 sec total\n|\n|t:|1783542248\n|move|p1a: Barraskewda|Close Combat|p2a: Inteleon\n|-damage|p2a: Inteleon|60/246\n|-unboost|p1a: Barraskewda|def|1\n|-unboost|p1a: Barraskewda|spd|1\n|move|p2a: Inteleon|Scald|p1a: Barraskewda\n|-resisted|p1a: Barraskewda\n|-damage|p1a: Barraskewda|5/100\n|\n|upkeep\n|turn|22\n|inactive|Time left: 300 sec this turn | 300 sec total\n|\n|t:|1783542249\n|switch|p2a: Okidogi|Okidogi, L77, M|40/262 par\n|move|p1a: Barraskewda|Close Combat|p2a: Okidogi\n|-resisted|p2a: Okidogi\n|-damage|p2a: Okidogi|0 fnt\n|-unboost|p1a: Barraskewda|def|1\n|-unboost|p1a: Barraskewda|spd|1\n|faint|p2a: Okidogi\n|\n|-sideend|p1: p0x272263d|move: Aurora Veil\n|upkeep\n|inactive|Time left: 300 sec this turn | 300 sec total | 5 sec grace\n|\n|t:|1783542249\n|switch|p2a: Entei|Entei, L78|39/307\n|turn|23\n|inactive|Time left: 300 sec this turn | 300 sec total\n|\n|t:|1783542250\n|move|p2a: Entei|Extreme Speed|p1a: Barraskewda\n|-crit|p1a: Barraskewda\n|-damage|p1a: Barraskewda|0 fnt\n|faint|p1a: Barraskewda\n|\n|upkeep\n|\n|t:|1783542251\n|switch|p1a: Abomasnow|Abomasnow, L84, F|100/100\n|-weather|Snowscape|[from] ability: Snow Warning|[of] p1a: Abomasnow\n|turn|24\n|inactive|Time left: 300 sec this turn | 300 sec total\n|\n|t:|1783542252\n|switch|p2a: Scovillain|Scovillain, L91, F|131/266\n|move|p1a: Abomasnow|Aurora Veil|p1a: Abomasnow\n|-sidestart|p1: p0x272263d|move: Aurora Veil\n|\n|-weather|Snowscape|[upkeep]\n|-heal|p2a: Scovillain|147/266|[from] item: Leftovers\n|upkeep\n|turn|25\n|inactive|Time left: 300 sec this turn | 300 sec total\n|\n|t:|1783542253\n|move|p2a: Scovillain|Flamethrower|p1a: Abomasnow\n|-supereffective|p1a: Abomasnow\n|-damage|p1a: Abomasnow|14/100\n|move|p1a: Abomasnow|Blizzard|p2a: Scovillain\n|-crit|p2a: Scovillain\n|-damage|p2a: Scovillain|0 fnt\n|faint|p2a: Scovillain\n|\n|-weather|Snowscape|[upkeep]\n|upkeep\n|inactive|Time left: 300 sec this turn | 300 sec total | 5 sec grace\n|\n|t:|1783542254\n|switch|p2a: Inteleon|Inteleon, L81, F|60/246\n|turn|26\n|inactive|Time left: 300 sec this turn | 300 sec total\n|\n|t:|1783542255\n|move|p2a: Inteleon|Ice Beam|p1a: Abomasnow\n|-damage|p1a: Abomasnow|0 fnt\n|faint|p1a: Abomasnow\n|\n|win|p0y27237d5", "uploadtime": 1783542255, "views": 0, "rating": 0, "private": 0, "password": null, "_winner": "p0y27237d5", "_our_name": "p0y27237d5"}