{"id": "battle-gen9randombattle-61", "formatid": "gen9randombattle", "format": "[Gen 9] Random Battle", "players": ["p0x061e6d2", "p0y0618fac"], "log": "|init|battle\n|title|p0x061e6d2 vs. p0y0618fac\n|j|\u2606p0x061e6d2\n|j|\u2606p0y0618fac\n|t:|1783534471\n|gametype|singles\n|player|p1|p0x061e6d2|266|\n|player|p2|p0y0618fac|266|\n|gen|9\n|tier|[Gen 9] Random Battle\n|rule|Species Clause: Limit one of each Pok\u00e9mon\n|rule|HP Percentage Mod: HP is shown in percentages\n|rule|Sleep Clause Mod: Limit one foe put to sleep\n|rule|Illusion Level Mod: Illusion disguises the Pok\u00e9mon's true level\n|\n|t:|1783534471\n|teamsize|p1|6\n|teamsize|p2|6\n|start\n|switch|p1a: Manaphy|Manaphy, L78|284/284\n|switch|p2a: Armarouge|Armarouge, L80, F|100/100\n|turn|1\n|inactive|Battle timer is ON: inactive players will automatically lose when time's up. (requested by p0y0618fac)\n|inactive|Time left: 300 sec this turn | 300 sec total | 60 sec grace\n|inactive|p0x061e6d2 also wants the timer to be on.\n|\n|t:|1783534473\n|move|p1a: Manaphy|Tail Glow|p1a: Manaphy\n|-boost|p1a: Manaphy|spa|3\n|move|p2a: Armarouge|Energy Ball|p1a: Manaphy\n|-supereffective|p1a: Manaphy\n|-damage|p1a: Manaphy|66/284\n|\n|-heal|p1a: Manaphy|83/284|[from] item: Leftovers\n|upkeep\n|turn|2\n|inactive|Time left: 300 sec this turn | 300 sec total\n|\n|t:|1783534474\n|switch|p2a: Houndstone|Houndstone, L86, M|100/100\n|move|p1a: Manaphy|Surf|p2a: Houndstone\n|-damage|p2a: Houndstone|52/100\n|\n|-heal|p1a: Manaphy|100/284|[from] item: Leftovers\n|upkeep\n|turn|3\n|inactive|Time left: 300 sec this turn | 300 sec total\n|\n|t:|1783534475\n|move|p1a: Manaphy|Surf|p2a: Houndstone\n|-damage|p2a: Houndstone|1/100\n|move|p2a: Houndstone|Poltergeist|p1a: Manaphy\n|-activate|p1a: Manaphy|move: Poltergeist|Leftovers\n|-damage|p1a: Manaphy|0 fnt\n|faint|p1a: Manaphy\n|\n|upkeep\n|inactive|Time left: 300 sec this turn | 300 sec total | 5 sec grace\n|\n|t:|1783534476\n|switch|p1a: Hydreigon|Hydreigon, L79, F|275/275\n|turn|4\n|inactive|Time left: 300 sec this turn | 300 sec total\n|\n|t:|1783534477\n|switch|p2a: Wigglytuff|Wigglytuff, L96, M|100/100\n|move|p1a: Hydreigon|Dark Pulse|p2a: Wigglytuff\n|-resisted|p2a: Wigglytuff\n|-damage|p2a: Wigglytuff|78/100\n|\n|-heal|p2a: Wigglytuff|84/100|[from] item: Leftovers\n|upkeep\n|turn|5\n|inactive|Time left: 300 sec this turn | 300 sec total\n|\n|t:|1783534478\n|move|p1a: Hydreigon|Dark Pulse|p2a: Wigglytuff\n|-resisted|p2a: Wigglytuff\n|-damage|p2a: Wigglytuff|63/100\n|cant|p2a: Wigglytuff|flinch\n|\n|-heal|p2a: Wigglytuff|69/100|[from] item: Leftovers\n|upkeep\n|turn|6\n|inactive|Time left: 300 sec this turn | 300 sec total\n|\n|t:|1783534479\n|move|p1a: Hydreigon|Dark Pulse|p2a: Wigglytuff\n|-resisted|p2a: Wigglytuff\n|-damage|p2a: Wigglytuff|46/100\n|move|p2a: Wigglytuff|Alluring Voice|p1a: Hydreigon\n|-supereffective|p1a: Hydreigon\n|-damage|p1a: Hydreigon|0 fnt\n|faint|p1a: Hydreigon\n|\n|-heal|p2a: Wigglytuff|52/100|[from] item: Leftovers\n|upkeep\n|inactive|Time left: 300 sec this turn | 300 sec total | 5 sec grace\n|\n|t:|1783534480\n|switch|p1a: Tsareena|Tsareena, L87, F|267/267\n|turn|7\n|inactive|Time left: 300 sec this turn | 300 sec total\n|\n|t:|1783534481\n|switch|p2a: Armarouge|Armarouge, L80, F|100/100\n|move|p1a: Tsareena|Power Whip|p2a: Armarouge\n|-resisted|p2a: Armarouge\n|-damage|p2a: Armarouge|74/100\n|-ability|p2a: Armarouge|Weak Armor|boost\n|-unboost|p2a: Armarouge|def|1\n|-boost|p2a: Armarouge|spe|2\n|\n|upkeep\n|turn|8\n|inactive|Time left: 300 sec this turn | 300 sec total\n|\n|t:|1783534482\n|move|p2a: Armarouge|Armor Cannon|p1a: Tsareena\n|-supereffective|p1a: Tsareena\n|-damage|p1a: Tsareena|19/267\n|-unboost|p2a: Armarouge|def|1\n|-unboost|p2a: Armarouge|spd|1\n|move|p1a: Tsareena|Knock Off|p2a: Armarouge\n|-supereffective|p2a: Armarouge\n|-damage|p2a: Armarouge|0 fnt\n|-enditem|p2a: Armarouge|Choice Specs|[from] move: Knock Off|[of] p1a: Tsareena\n|faint|p2a: Armarouge\n|\n|upkeep\n|\n|t:|1783534484\n|switch|p2a: Delphox|Delphox, L84, F|100/100\n|turn|9\n|inactive|Time left: 300 sec this turn | 300 sec total\n|\n|t:|1783534485\n|move|p2a: Delphox|Psyshock|p1a: Tsareena\n|-damage|p1a: Tsareena|0 fnt\n|faint|p1a: Tsareena\n|\n|upkeep\n|inactive|Time left: 300 sec this turn | 300 sec total | 5 sec grace\n|\n|t:|1783534486\n|switch|p1a: Piloswine|Piloswine, L85, M|309/309\n|turn|10\n|inactive|Time left: 300 sec this turn | 300 sec total\n|\n|t:|1783534487\n|switch|p2a: Golduck|Golduck, L90, M|100/100\n|-ability|p2a: Golduck|Cloud Nine\n|move|p1a: Piloswine|Earthquake|p2a: Golduck\n|-damage|p2a: Golduck|61/100\n|\n|-heal|p2a: Golduck|67/100|[from] item: Leftovers\n|upkeep\n|turn|11\n|inactive|Time left: 300 sec this turn | 300 sec total\n|\n|t:|1783534488\n|move|p2a: Golduck|Hydro Pump|p1a: Piloswine\n|-supereffective|p1a: Piloswine\n|-damage|p1a: Piloswine|79/309\n|move|p1a: Piloswine|Stealth Rock|p2a: Golduck\n|-sidestart|p2: p0y0618fac|move: Stealth Rock\n|\n|-heal|p2a: Golduck|74/100|[from] item: Leftovers\n|upkeep\n|turn|12\n|inactive|Time left: 300 sec this turn | 300 sec total\n|\n|t:|1783534489\n|switch|p1a: Decidueye|Decidueye, L88, F|281/281\n|move|p2a: Golduck|Nasty Plot|p2a: Golduck\n|-boost|p2a: Golduck|spa|2\n|\n|-heal|p2a: Golduck|80/100|[from] item: Leftovers\n|upkeep\n|turn|13\n|inactive|Time left: 300 sec this turn | 300 sec total\n|\n|t:|1783534489\n|move|p2a: Golduck|Hydro Pump|p1a: Decidueye\n|-resisted|p1a: Decidueye\n|-damage|p1a: Decidueye|160/281\n|move|p1a: Decidueye|Leaf Blade|p2a: Golduck\n|-supereffective|p2a: Golduck\n|-damage|p2a: Golduck|0 fnt\n|faint|p2a: Golduck\n|-damage|p1a: Decidueye|132/281|[from] item: Life Orb\n|\n|upkeep\n|\n|t:|1783534490\n|switch|p2a: Groudon|Groudon, L72|100/100\n|-damage|p2a: Groudon|94/100|[from] Stealth Rock\n|-weather|SunnyDay|[from] ability: Drought|[of] p2a: Groudon\n|turn|14\n|inactive|Time left: 300 sec this turn | 300 sec total\n|\n|t:|1783534492\n|-terastallize|p2a: Groudon|Fire\n|move|p1a: Decidueye|Leaf Blade|p2a: Groudon\n|-resisted|p2a: Groudon\n|-damage|p2a: Groudon|74/100\n|-damage|p1a: Decidueye|104/281|[from] item: Life Orb\n|move|p2a: Groudon|Heat Crash|p1a: Decidueye\n|-supereffective|p1a: Decidueye\n|-damage|p1a: Decidueye|0 fnt\n|faint|p1a: Decidueye\n|\n|-weather|SunnyDay|[upkeep]\n|-heal|p2a: Groudon|80/100|[from] item: Leftovers\n|upkeep\n|inactive|Time left: 300 sec this turn | 300 sec total | 5 sec grace\n|\n|t:|1783534493\n|switch|p1a: Dudunsparce|Dudunsparce, L83, M|343/343\n|turn|15\n|inactive|Time left: 300 sec this turn | 300 sec total\n|\n|t:|1783534494\n|move|p2a: Groudon|Heat Crash|p1a: Dudunsparce\n|-damage|p1a: Dudunsparce|120/343\n|move|p1a: Dudunsparce|Glare|p2a: Groudon\n|-status|p2a: Groudon|par\n|\n|-weather|SunnyDay|[upkeep]\n|-heal|p1a: Dudunsparce|141/343|[from] item: Leftovers\n|-heal|p2a: Groudon|86/100 par|[from] item: Leftovers\n|upkeep\n|turn|16\n|inactive|Time left: 300 sec this turn | 300 sec total\n|\n|t:|1783534494\n|move|p1a: Dudunsparce|Headbutt|p2a: Groudon\n|-damage|p2a: Groudon|62/100 par\n|cant|p2a: Groudon|flinch\n|\n|-weather|SunnyDay|[upkeep]\n|-heal|p1a: Dudunsparce|162/343|[from] item: Leftovers\n|-heal|p2a: Groudon|68/100 par|[from] item: Leftovers\n|upkeep\n|turn|17\n|inactive|Time left: 300 sec this turn | 300 sec total\n|\n|t:|1783534495\n|move|p1a: Dudunsparce|Roost|p1a: Dudunsparce\n|-heal|p1a: Dudunsparce|334/343\n|-singleturn|p1a: Dudunsparce|move: Roost\n|move|p2a: Groudon|Heat Crash|p1a: Dudunsparce\n|-damage|p1a: Dudunsparce|115/343\n|\n|-weather|SunnyDay|[upkeep]\n|-heal|p1a: Dudunsparce|136/343|[from] item: Leftovers\n|-heal|p2a: Groudon|74/100 par|[from] item: Leftovers\n|upkeep\n|turn|18\n|inactive|Time left: 300 sec this turn | 300 sec total\n|\n|t:|1783534496\n|move|p1a: Dudunsparce|Headbutt|p2a: Groudon\n|-damage|p2a: Groudon|51/100 par\n|cant|p2a: Groudon|flinch\n|\n|-weather|none\n|-heal|p1a: Dudunsparce|157/343|[from] item: Leftovers\n|-heal|p2a: Groudon|57/100 par|[from] item: Leftovers\n|upkeep\n|turn|19\n|inactive|Time left: 300 sec this turn | 300 sec total\n|\n|t:|1783534497\n|move|p1a: Dudunsparce|Earthquake|p2a: Groudon\n|-supereffective|p2a: Groudon\n|-damage|p2a: Groudon|11/100 par\n|move|p2a: Groudon|Will-O-Wisp|p1a: Dudunsparce\n|-status|p1a: Dudunsparce|brn\n|\n|-heal|p1a: Dudunsparce|178/343 brn|[from] item: Leftovers\n|-heal|p2a: Groudon|17/100 par|[from] item: Leftovers\n|-damage|p1a: Dudunsparce|157/343 brn|[from] brn\n|upkeep\n|turn|20\n|inactive|Time left: 300 sec this turn | 300 sec total\n|\n|t:|1783534498\n|move|p1a: Dudunsparce|Roost|p1a: Dudunsparce\n|-heal|p1a: Dudunsparce|329/343 brn\n|-singleturn|p1a: Dudunsparce|move: Roost\n|move|p2a: Groudon|Precipice Blades|p1a: Dudunsparce\n|-damage|p1a: Dudunsparce|193/343 brn\n|\n|-heal|p1a: Dudunsparce|214/343 brn|[from] item: Leftovers\n|-heal|p2a: Groudon|23/100 par|[from] item: Leftovers\n|-damage|p1a: Dudunsparce|193/343 brn|[from] brn\n|upkeep\n|turn|21\n|inactive|Time left: 300 sec this turn | 300 sec total\n|\n|t:|1783534499\n|move|p1a: Dudunsparce|Earthquake|p2a: Groudon\n|-supereffective|p2a: Groudon\n|-damage|p2a: Groudon|0 fnt\n|faint|p2a: Groudon\n|\n|-heal|p1a: Dudunsparce|214/343 brn|[from] item: Leftovers\n|-damage|p1a: Dudunsparce|193/343 brn|[from] brn\n|upkeep\n|\n|t:|1783534500\n|switch|p2a: Delphox|Delphox, L84, F|100/100\n|turn|22\n|inactive|Time left: 300 sec this turn | 300 sec total\n|\n|t:|1783534501\n|move|p2a: Delphox|Nasty Plot|p2a: Delphox\n|-boost|p2a: Delphox|spa|2\n|move|p1a: Dudunsparce|Glare|p2a: Delphox\n|-status|p2a: Delphox|par\n|\n|-heal|p1a: Dudunsparce|214/343 brn|[from] item: Leftovers\n|-damage|p1a: Dudunsparce|193/343 brn|[from] brn\n|upkeep\n|turn|23\n|inactive|Time left: 300 sec this turn | 300 sec total\n|\n|t:|1783534502\n|move|p1a: Dudunsparce|Earthquake|p2a: Delphox\n|-supereffective|p2a: Delphox\n|-damage|p2a: Delphox|69/100 par\n|move|p2a: Delphox|Psyshock|p1a: Dudunsparce\n|-damage|p1a: Dudunsparce|1/343 brn\n|\n|-heal|p1a: Dudunsparce|22/343 brn|[from] item: Leftovers\n|-damage|p1a: Dudunsparce|1/343 brn|[from] brn\n|upkeep\n|turn|24\n|inactive|Time left: 300 sec this turn | 300 sec total\n|\n|t:|1783534503\n|move|p1a: Dudunsparce|Roost|p1a: Dudunsparce\n|-heal|p1a: Dudunsparce|173/343 brn\n|-singleturn|p1a: Dudunsparce|move: Roost\n|move|p2a: Delphox|Psyshock|p1a: Dudunsparce\n|-damage|p1a: Dudunsparce|0 fnt\n|faint|p1a: Dudunsparce\n|\n|upkeep\n|inactive|Time left: 300 sec this turn | 300 sec total | 5 sec grace\n|\n|t:|1783534504\n|switch|p1a: Piloswine|Piloswine, L85, M|79/309\n|turn|25\n|inactive|Time left: 300 sec this turn | 300 sec total\n|\n|t:|1783534505\n|-terastallize|p1a: Piloswine|Dragon\n|move|p1a: Piloswine|Icicle Crash|p2a: Delphox\n|-resisted|p2a: Delphox\n|-damage|p2a: Delphox|47/100 par\n|cant|p2a: Delphox|flinch\n|\n|upkeep\n|turn|26\n|inactive|Time left: 300 sec this turn | 300 sec total\n|\n|t:|1783534506\n|move|p1a: Piloswine|Icicle Crash|p2a: Delphox\n|-resisted|p2a: Delphox\n|-crit|p2a: Delphox\n|-damage|p2a: Delphox|18/100 par\n|move|p2a: Delphox|Psyshock|p1a: Piloswine\n|-damage|p1a: Piloswine|0 fnt\n|faint|p1a: Piloswine\n|\n|win|p0y0618fac", "uploadtime": 1783534506, "views": 0, "rating": 0, "private": 0, "password": null, "_winner": "p0y0618fac", "_our_name": "p0x061e6d2"}