{"id": "battle-gen9randombattle-1439", "formatid": "gen9randombattle", "format": "[Gen 9] Random Battle", "players": ["p0x1439753b", "p0y14395ba7"], "log": "|init|battle\n|title|p0x1439753b vs. p0y14395ba7\n|j|\u2606p0x1439753b\n|j|\u2606p0y14395ba7\n|t:|1783556771\n|gametype|singles\n|player|p1|p0x1439753b|266|\n|player|p2|p0y14395ba7|1|\n|gen|9\n|tier|[Gen 9] Random Battle\n|rule|Species Clause: Limit one of each Pok\u00e9mon\n|rule|HP Percentage Mod: HP is shown in percentages\n|rule|Sleep Clause Mod: Limit one foe put to sleep\n|rule|Illusion Level Mod: Illusion disguises the Pok\u00e9mon's true level\n|\n|t:|1783556771\n|teamsize|p1|6\n|teamsize|p2|6\n|start\n|switch|p1a: Bellossom|Bellossom, L84, M|263/263\n|switch|p2a: Moltres|Moltres-Galar, L79|100/100\n|turn|1\n|inactive|Battle timer is ON: inactive players will automatically lose when time's up. (requested by p0y14395ba7)\n|inactive|Time left: 300 sec this turn | 300 sec total | 60 sec grace\n|\n|t:|1783556773\n|move|p2a: Moltres|Nasty Plot|p2a: Moltres\n|-boost|p2a: Moltres|spa|2\n|move|p1a: Bellossom|Quiver Dance|p1a: Bellossom\n|-boost|p1a: Bellossom|spa|1\n|-boost|p1a: Bellossom|spd|1\n|-boost|p1a: Bellossom|spe|1\n|\n|upkeep\n|turn|2\n|inactive|Time left: 300 sec this turn | 300 sec total\n|inactive|p0x1439753b also wants the timer to be on.\n|\n|t:|1783556774\n|move|p1a: Bellossom|Quiver Dance|p1a: Bellossom\n|-boost|p1a: Bellossom|spa|1\n|-boost|p1a: Bellossom|spd|1\n|-boost|p1a: Bellossom|spe|1\n|move|p2a: Moltres|Hurricane|p1a: Bellossom|[miss]\n|-miss|p2a: Moltres|p1a: Bellossom\n|\n|upkeep\n|turn|3\n|inactive|Time left: 300 sec this turn | 300 sec total\n|\n|t:|1783556775\n|move|p1a: Bellossom|Quiver Dance|p1a: Bellossom\n|-boost|p1a: Bellossom|spa|1\n|-boost|p1a: Bellossom|spd|1\n|-boost|p1a: Bellossom|spe|1\n|move|p2a: Moltres|Hurricane|p1a: Bellossom|[miss]\n|-miss|p2a: Moltres|p1a: Bellossom\n|\n|upkeep\n|turn|4\n|inactive|Time left: 300 sec this turn | 300 sec total\n|\n|t:|1783556775\n|move|p1a: Bellossom|Quiver Dance|p1a: Bellossom\n|-boost|p1a: Bellossom|spa|1\n|-boost|p1a: Bellossom|spd|1\n|-boost|p1a: Bellossom|spe|1\n|move|p2a: Moltres|Hurricane|p1a: Bellossom\n|-supereffective|p1a: Bellossom\n|-damage|p1a: Bellossom|147/263\n|\n|-heal|p1a: Bellossom|163/263|[from] item: Leftovers\n|upkeep\n|turn|5\n|inactive|Time left: 300 sec this turn | 300 sec total\n|\n|t:|1783556776\n|move|p1a: Bellossom|Giga Drain|p2a: Moltres\n|-resisted|p2a: Moltres\n|-damage|p2a: Moltres|68/100\n|-heal|p1a: Bellossom|208/263|[from] drain|[of] p2a: Moltres\n|move|p2a: Moltres|Hurricane|p1a: Bellossom\n|-supereffective|p1a: Bellossom\n|-damage|p1a: Bellossom|82/263\n|-start|p1a: Bellossom|confusion\n|\n|-heal|p1a: Bellossom|98/263|[from] item: Leftovers\n|upkeep\n|turn|6\n|inactive|Time left: 300 sec this turn | 300 sec total\n|\n|t:|1783556777\n|-activate|p1a: Bellossom|confusion\n|-damage|p1a: Bellossom|81/263|[from] confusion\n|move|p2a: Moltres|Hurricane|p1a: Bellossom|[miss]\n|-miss|p2a: Moltres|p1a: Bellossom\n|\n|-heal|p1a: Bellossom|97/263|[from] item: Leftovers\n|upkeep\n|turn|7\n|inactive|Time left: 300 sec this turn | 300 sec total\n|\n|t:|1783556778\n|-activate|p1a: Bellossom|confusion\n|move|p1a: Bellossom|Strength Sap|p2a: Moltres\n|-unboost|p2a: Moltres|atk|1\n|-heal|p1a: Bellossom|236/263\n|move|p2a: Moltres|Hurricane|p1a: Bellossom|[miss]\n|-miss|p2a: Moltres|p1a: Bellossom\n|\n|-heal|p1a: Bellossom|252/263|[from] item: Leftovers\n|upkeep\n|turn|8\n|inactive|Time left: 300 sec this turn | 300 sec total\n|\n|t:|1783556779\n|-end|p1a: Bellossom|confusion\n|move|p1a: Bellossom|Tera Blast|p2a: Moltres\n|-damage|p2a: Moltres|21/100\n|-ability|p2a: Moltres|Berserk|boost\n|-boost|p2a: Moltres|spa|1\n|move|p2a: Moltres|Hurricane|p1a: Bellossom\n|-supereffective|p1a: Bellossom\n|-damage|p1a: Bellossom|102/263\n|\n|-heal|p1a: Bellossom|118/263|[from] item: Leftovers\n|upkeep\n|turn|9\n|inactive|Time left: 300 sec this turn | 300 sec total\n|\n|t:|1783556780\n|move|p1a: Bellossom|Giga Drain|p2a: Moltres\n|-resisted|p2a: Moltres\n|-damage|p2a: Moltres|0 fnt\n|-heal|p1a: Bellossom|146/263|[from] drain|[of] p2a: Moltres\n|faint|p2a: Moltres\n|\n|-heal|p1a: Bellossom|162/263|[from] item: Leftovers\n|upkeep\n|\n|t:|1783556781\n|switch|p2a: Grimmsnarl|Grimmsnarl, L83, M|100/100\n|turn|10\n|inactive|Time left: 300 sec this turn | 300 sec total\n|\n|t:|1783556782\n|move|p2a: Grimmsnarl|Parting Shot|p1a: Bellossom\n|-unboost|p1a: Bellossom|atk|1\n|-unboost|p1a: Bellossom|spa|1\n|\n|t:|1783556783\n|switch|p2a: Grumpig|Grumpig, L92, F|100/100|[from] Parting Shot\n|move|p1a: Bellossom|Giga Drain|p2a: Grumpig\n|-damage|p2a: Grumpig|53/100\n|-heal|p1a: Bellossom|233/263|[from] drain|[of] p2a: Grumpig\n|\n|-heal|p1a: Bellossom|249/263|[from] item: Leftovers\n|-heal|p2a: Grumpig|59/100|[from] item: Leftovers\n|upkeep\n|turn|11\n|inactive|Time left: 300 sec this turn | 300 sec total\n|\n|t:|1783556784\n|switch|p2a: Rabsca|Rabsca, L91, F|100/100\n|move|p1a: Bellossom|Giga Drain|p2a: Rabsca\n|-resisted|p2a: Rabsca\n|-damage|p2a: Rabsca|75/100\n|-heal|p1a: Bellossom|263/263|[from] drain|[of] p2a: Rabsca\n|\n|upkeep\n|turn|12\n|inactive|Time left: 300 sec this turn | 300 sec total\n|\n|t:|1783556785\n|move|p1a: Bellossom|Giga Drain|p2a: Rabsca\n|-resisted|p2a: Rabsca\n|-damage|p2a: Rabsca|46/100\n|move|p2a: Rabsca|Bug Buzz|p1a: Bellossom\n|-supereffective|p1a: Bellossom\n|-damage|p1a: Bellossom|183/263\n|\n|-heal|p1a: Bellossom|199/263|[from] item: Leftovers\n|upkeep\n|turn|13\n|inactive|Time left: 300 sec this turn | 300 sec total\n|\n|t:|1783556786\n|move|p1a: Bellossom|Giga Drain|p2a: Rabsca\n|-resisted|p2a: Rabsca\n|-damage|p2a: Rabsca|18/100\n|-heal|p1a: Bellossom|239/263|[from] drain|[of] p2a: Rabsca\n|move|p2a: Rabsca|Bug Buzz|p1a: Bellossom\n|-supereffective|p1a: Bellossom\n|-damage|p1a: Bellossom|165/263\n|-unboost|p1a: Bellossom|spd|1\n|\n|-heal|p1a: Bellossom|181/263|[from] item: Leftovers\n|upkeep\n|turn|14\n|inactive|Time left: 300 sec this turn | 300 sec total\n|\n|t:|1783556787\n|move|p1a: Bellossom|Giga Drain|p2a: Rabsca\n|-resisted|p2a: Rabsca\n|-damage|p2a: Rabsca|0 fnt\n|-heal|p1a: Bellossom|206/263|[from] drain|[of] p2a: Rabsca\n|faint|p2a: Rabsca\n|\n|-heal|p1a: Bellossom|222/263|[from] item: Leftovers\n|upkeep\n|\n|t:|1783556788\n|switch|p2a: Grimmsnarl|Grimmsnarl, L83, M|100/100\n|turn|15\n|inactive|Time left: 300 sec this turn | 300 sec total\n|\n|t:|1783556789\n|move|p2a: Grimmsnarl|Parting Shot|p1a: Bellossom\n|-unboost|p1a: Bellossom|atk|1\n|-unboost|p1a: Bellossom|spa|1\n|\n|t:|1783556790\n|switch|p2a: Houndstone|Houndstone, L86, M|100/100|[from] Parting Shot\n|move|p1a: Bellossom|Giga Drain|p2a: Houndstone\n|-damage|p2a: Houndstone|48/100\n|-heal|p1a: Bellossom|263/263|[from] drain|[of] p2a: Houndstone\n|\n|-heal|p2a: Houndstone|54/100|[from] item: Leftovers\n|upkeep\n|turn|16\n|inactive|Time left: 300 sec this turn | 300 sec total\n|\n|t:|1783556791\n|move|p1a: Bellossom|Giga Drain|p2a: Houndstone\n|-damage|p2a: Houndstone|1/100\n|move|p2a: Houndstone|Rest|p2a: Houndstone\n|-status|p2a: Houndstone|slp|[from] move: Rest\n|-heal|p2a: Houndstone|100/100 slp|[silent]\n|\n|upkeep\n|turn|17\n|inactive|Time left: 300 sec this turn | 300 sec total\n|\n|t:|1783556792\n|move|p1a: Bellossom|Giga Drain|p2a: Houndstone\n|-damage|p2a: Houndstone|45/100 slp\n|cant|p2a: Houndstone|slp\n|move|p2a: Houndstone|Sleep Talk|p2a: Houndstone\n|move|p2a: Houndstone|Poltergeist|p1a: Bellossom|[from] move: Sleep Talk\n|-activate|p1a: Bellossom|move: Poltergeist|Leftovers\n|-damage|p1a: Bellossom|137/263\n|\n|-heal|p1a: Bellossom|153/263|[from] item: Leftovers\n|-heal|p2a: Houndstone|51/100 slp|[from] item: Leftovers\n|upkeep\n|turn|18\n|inactive|Time left: 300 sec this turn | 300 sec total\n|\n|t:|1783556793\n|move|p1a: Bellossom|Giga Drain|p2a: Houndstone\n|-damage|p2a: Houndstone|4/100 slp\n|-heal|p1a: Bellossom|215/263|[from] drain|[of] p2a: Houndstone\n|cant|p2a: Houndstone|slp\n|move|p2a: Houndstone|Sleep Talk|p2a: Houndstone\n|move|p2a: Houndstone|Body Press|p1a: Bellossom|[from] move: Sleep Talk\n|-damage|p1a: Bellossom|154/263\n|\n|-heal|p1a: Bellossom|170/263|[from] item: Leftovers\n|-heal|p2a: Houndstone|10/100 slp|[from] item: Leftovers\n|upkeep\n|turn|19\n|inactive|Time left: 300 sec this turn | 300 sec total\n|\n|t:|1783556794\n|move|p1a: Bellossom|Giga Drain|p2a: Houndstone\n|-damage|p2a: Houndstone|0 fnt\n|-heal|p1a: Bellossom|183/263|[from] drain|[of] p2a: Houndstone\n|faint|p2a: Houndstone\n|\n|-heal|p1a: Bellossom|199/263|[from] item: Leftovers\n|upkeep\n|\n|t:|1783556795\n|switch|p2a: Grimmsnarl|Grimmsnarl, L83, M|100/100\n|turn|20\n|inactive|Time left: 300 sec this turn | 300 sec total\n|\n|t:|1783556796\n|move|p1a: Bellossom|Giga Drain|p2a: Grimmsnarl\n|-damage|p2a: Grimmsnarl|45/100\n|-heal|p1a: Bellossom|263/263|[from] drain|[of] p2a: Grimmsnarl\n|move|p2a: Grimmsnarl|Spirit Break|p1a: Bellossom\n|-crit|p1a: Bellossom\n|-damage|p1a: Bellossom|127/263\n|-unboost|p1a: Bellossom|spa|1\n|\n|-heal|p1a: Bellossom|143/263|[from] item: Leftovers\n|-heal|p2a: Grimmsnarl|51/100|[from] item: Leftovers\n|upkeep\n|turn|21\n|inactive|Time left: 300 sec this turn | 300 sec total\n|\n|t:|1783556797\n|move|p2a: Grimmsnarl|Parting Shot|p1a: Bellossom\n|-unboost|p1a: Bellossom|atk|1\n|-unboost|p1a: Bellossom|spa|1\n|\n|t:|1783556798\n|switch|p2a: Grumpig|Grumpig, L92, F|59/100|[from] Parting Shot\n|move|p1a: Bellossom|Strength Sap|p2a: Grumpig\n|-unboost|p2a: Grumpig|atk|1\n|-heal|p1a: Bellossom|230/263\n|\n|-heal|p1a: Bellossom|246/263|[from] item: Leftovers\n|-heal|p2a: Grumpig|65/100|[from] item: Leftovers\n|upkeep\n|turn|22\n|inactive|Time left: 300 sec this turn | 300 sec total\n|\n|t:|1783556799\n|move|p1a: Bellossom|Quiver Dance|p1a: Bellossom\n|-boost|p1a: Bellossom|spa|1\n|-boost|p1a: Bellossom|spd|1\n|-boost|p1a: Bellossom|spe|1\n|move|p2a: Grumpig|Nasty Plot|p2a: Grumpig\n|-boost|p2a: Grumpig|spa|2\n|\n|-heal|p1a: Bellossom|262/263|[from] item: Leftovers\n|-heal|p2a: Grumpig|71/100|[from] item: Leftovers\n|upkeep\n|turn|23\n|inactive|Time left: 300 sec this turn | 300 sec total\n|\n|t:|1783556800\n|move|p1a: Bellossom|Quiver Dance|p1a: Bellossom\n|-boost|p1a: Bellossom|spa|1\n|-boost|p1a: Bellossom|spd|1\n|-boost|p1a: Bellossom|spe|1\n|move|p2a: Grumpig|Nasty Plot|p2a: Grumpig\n|-boost|p2a: Grumpig|spa|2\n|\n|-heal|p1a: Bellossom|263/263|[from] item: Leftovers\n|-heal|p2a: Grumpig|77/100|[from] item: Leftovers\n|upkeep\n|turn|24\n|inactive|Time left: 300 sec this turn | 300 sec total\n|\n|t:|1783556801\n|move|p1a: Bellossom|Giga Drain|p2a: Grumpig\n|-damage|p2a: Grumpig|37/100\n|move|p2a: Grumpig|Focus Blast|p1a: Bellossom\n|-damage|p1a: Bellossom|195/263\n|\n|-heal|p1a: Bellossom|211/263|[from] item: Leftovers\n|-heal|p2a: Grumpig|43/100|[from] item: Leftovers\n|upkeep\n|turn|25\n|inactive|Time left: 300 sec this turn | 300 sec total\n|\n|t:|1783556802\n|move|p1a: Bellossom|Giga Drain|p2a: Grumpig\n|-damage|p2a: Grumpig|3/100\n|-heal|p1a: Bellossom|263/263|[from] drain|[of] p2a: Grumpig\n|move|p2a: Grumpig|Psychic|p1a: Bellossom\n|-crit|p1a: Bellossom\n|-damage|p1a: Bellossom|0 fnt\n|faint|p1a: Bellossom\n|\n|-heal|p2a: Grumpig|9/100|[from] item: Leftovers\n|upkeep\n|inactive|Time left: 300 sec this turn | 300 sec total | 5 sec grace\n|\n|t:|1783556804\n|switch|p1a: Zebstrika|Zebstrika, L87, M|272/272\n|turn|26\n|inactive|Time left: 300 sec this turn | 300 sec total\n|\n|t:|1783556805\n|move|p1a: Zebstrika|Volt Switch|p2a: Grumpig\n|-damage|p2a: Grumpig|0 fnt\n|faint|p2a: Grumpig\n|-damage|p1a: Zebstrika|245/272|[from] item: Life Orb\n|inactive|Time left: 300 sec this turn | 300 sec total | 5 sec grace\n|\n|t:|1783556806\n|switch|p1a: Flamigo|Flamigo, L82, F|269/269|[from] Volt Switch\n|\n|upkeep\n|\n|t:|1783556806\n|switch|p2a: Glalie|Glalie, L96, M|100/100\n|turn|27\n|inactive|Time left: 300 sec this turn | 300 sec total\n|\n|t:|1783556807\n|-terastallize|p2a: Glalie|Water\n|move|p2a: Glalie|Freeze-Dry|p1a: Flamigo\n|-supereffective|p1a: Flamigo\n|-damage|p1a: Flamigo|71/269\n|move|p1a: Flamigo|Close Combat|p2a: Glalie\n|-damage|p2a: Glalie|38/100\n|-unboost|p1a: Flamigo|def|1\n|-unboost|p1a: Flamigo|spd|1\n|\n|upkeep\n|turn|28\n|inactive|Time left: 300 sec this turn | 300 sec total\n|\n|t:|1783556808\n|move|p2a: Glalie|Freeze-Dry|p1a: Flamigo\n|-supereffective|p1a: Flamigo\n|-damage|p1a: Flamigo|0 fnt\n|faint|p1a: Flamigo\n|\n|upkeep\n|inactive|Time left: 300 sec this turn | 300 sec total | 5 sec grace\n|\n|t:|1783556809\n|switch|p1a: Hitmonlee|Hitmonlee, L85, M|224/224\n|turn|29\n|inactive|Time left: 300 sec this turn | 300 sec total\n|\n|t:|1783556810\n|-terastallize|p1a: Hitmonlee|Dark\n|move|p2a: Glalie|Freeze-Dry|p1a: Hitmonlee\n|-damage|p1a: Hitmonlee|160/224\n|-status|p1a: Hitmonlee|frz\n|cant|p1a: Hitmonlee|frz\n|\n|upkeep\n|turn|30\n|inactive|Time left: 300 sec this turn | 300 sec total\n|\n|t:|1783556811\n|switch|p1a: Ho-Oh|Ho-Oh, L71|268/268\n|move|p2a: Glalie|Earthquake|p1a: Ho-Oh\n|-immune|p1a: Ho-Oh\n|\n|upkeep\n|turn|31\n|inactive|Time left: 300 sec this turn | 300 sec total\n|\n|t:|1783556812\n|move|p2a: Glalie|Spikes|p1a: Ho-Oh\n|-sidestart|p1: p0x1439753b|Spikes\n|move|p1a: Ho-Oh|Brave Bird|p2a: Glalie\n|-damage|p2a: Glalie|0 fnt\n|faint|p2a: Glalie\n|-damage|p1a: Ho-Oh|229/268|[from] Recoil\n|\n|upkeep\n|\n|t:|1783556812\n|switch|p2a: Grimmsnarl|Grimmsnarl, L83, M|51/100\n|turn|32\n|inactive|Time left: 300 sec this turn | 300 sec total\n|\n|t:|1783556813\n|move|p2a: Grimmsnarl|Sucker Punch|p1a: Ho-Oh\n|-damage|p1a: Ho-Oh|124/268\n|move|p1a: Ho-Oh|Brave Bird|p2a: Grimmsnarl\n|-damage|p2a: Grimmsnarl|5/100\n|-damage|p1a: Ho-Oh|79/268|[from] Recoil\n|\n|-heal|p2a: Grimmsnarl|11/100|[from] item: Leftovers\n|upkeep\n|turn|33\n|inactive|Time left: 300 sec this turn | 300 sec total\n|\n|t:|1783556814\n|move|p2a: Grimmsnarl|Sucker Punch|p1a: Ho-Oh\n|-damage|p1a: Ho-Oh|0 fnt\n|faint|p1a: Ho-Oh\n|\n|-heal|p2a: Grimmsnarl|17/100|[from] item: Leftovers\n|upkeep\n|inactive|Time left: 300 sec this turn | 300 sec total | 5 sec grace\n|\n|t:|1783556815\n|switch|p1a: Mightyena|Mightyena, L96, M|290/290\n|-damage|p1a: Mightyena|254/290|[from] Spikes\n|-ability|p1a: Mightyena|Intimidate|boost\n|-unboost|p2a: Grimmsnarl|atk|1\n|turn|34\n|inactive|Time left: 300 sec this turn | 300 sec total\n|\n|t:|1783556816\n|move|p2a: Grimmsnarl|Parting Shot|p1a: Mightyena\n|-hint|Since gen 7, Dark is immune to Prankster moves.\n|-immune|p1a: Mightyena\n|move|p1a: Mightyena|Poison Fang|p2a: Grimmsnarl\n|-supereffective|p2a: Grimmsnarl\n|-damage|p2a: Grimmsnarl|0 fnt\n|faint|p2a: Grimmsnarl\n|\n|win|p0x1439753b", "uploadtime": 1783556816, "views": 0, "rating": 0, "private": 0, "password": null, "_winner": "p0x1439753b", "_our_name": "p0x1439753b"}