{"id": "battle-gen9randombattle-2585", "formatid": "gen9randombattle", "format": "[Gen 9] Random Battle", "players": ["p0x25853116", "p0y25858976"], "log": "|init|battle\n|title|p0x25853116 vs. p0y25858976\n|j|\u2606p0x25853116\n|j|\u2606p0y25858976\n|t:|1783569847\n|gametype|singles\n|player|p1|p0x25853116|101|\n|player|p2|p0y25858976|170|\n|gen|9\n|tier|[Gen 9] Random Battle\n|rule|Species Clause: Limit one of each Pok\u00e9mon\n|rule|HP Percentage Mod: HP is shown in percentages\n|rule|Sleep Clause Mod: Limit one foe put to sleep\n|rule|Illusion Level Mod: Illusion disguises the Pok\u00e9mon's true level\n|\n|t:|1783569847\n|teamsize|p1|6\n|teamsize|p2|6\n|start\n|switch|p1a: Kingdra|Kingdra, L84, M|263/263\n|switch|p2a: Seviper|Seviper, L93, F|100/100\n|turn|1\n|inactive|Battle timer is ON: inactive players will automatically lose when time's up. (requested by p0x25853116)\n|inactive|p0y25858976 also wants the timer to be on.\n|\n|t:|1783569849\n|move|p1a: Kingdra|Outrage|p2a: Seviper\n|-damage|p2a: Seviper|46/100\n|move|p2a: Seviper|Gunk Shot|p1a: Kingdra\n|-damage|p1a: Kingdra|82/263\n|-status|p1a: Kingdra|psn\n|-enditem|p1a: Kingdra|Lum Berry|[eat]\n|-curestatus|p1a: Kingdra|psn|[msg]\n|-damage|p2a: Seviper|36/100|[from] item: Life Orb\n|\n|upkeep\n|turn|2\n|inactive|Time left: 300 sec this turn | 300 sec total\n|\n|t:|1783569850\n|switch|p2a: Deoxys|Deoxys-Defense, L84|100/100\n|-ability|p2a: Deoxys|Pressure\n|move|p1a: Kingdra|Outrage|p2a: Deoxys|[from] lockedmove\n|-damage|p2a: Deoxys|62/100\n|-damage|p1a: Kingdra|39/263|[from] item: Rocky Helmet|[of] p2a: Deoxys\n|-start|p1a: Kingdra|confusion|[fatigue]\n|\n|upkeep\n|turn|3\n|inactive|Time left: 300 sec this turn | 300 sec total\n|\n|t:|1783569852\n|switch|p1a: Arceus|Arceus, L68|276/276\n|move|p2a: Deoxys|Recover|p2a: Deoxys\n|-heal|p2a: Deoxys|100/100\n|\n|upkeep\n|turn|4\n|inactive|Time left: 300 sec this turn | 300 sec total\n|\n|t:|1783569853\n|move|p1a: Arceus|Swords Dance|p1a: Arceus\n|-boost|p1a: Arceus|atk|2\n|move|p2a: Deoxys|Knock Off|p1a: Arceus\n|-damage|p1a: Arceus|222/276\n|-enditem|p1a: Arceus|Life Orb|[from] move: Knock Off|[of] p2a: Deoxys\n|\n|upkeep\n|turn|5\n|inactive|Time left: 300 sec this turn | 300 sec total\n|\n|t:|1783569854\n|switch|p2a: Mandibuzz|Mandibuzz, L85, F|100/100\n|move|p1a: Arceus|Swords Dance|p1a: Arceus\n|-boost|p1a: Arceus|atk|2\n|\n|upkeep\n|turn|6\n|inactive|Time left: 300 sec this turn | 300 sec total\n|\n|t:|1783569856\n|move|p1a: Arceus|Extreme Speed|p2a: Mandibuzz\n|-damage|p2a: Mandibuzz|44/100\n|move|p2a: Mandibuzz|Foul Play|p1a: Arceus\n|-damage|p1a: Arceus|0 fnt\n|faint|p1a: Arceus\n|\n|upkeep\n|inactive|Time left: 300 sec this turn | 300 sec total | 5 sec grace\n|\n|t:|1783569856\n|switch|p1a: Pawmot|Pawmot, L80, M|243/243\n|turn|7\n|inactive|Time left: 300 sec this turn | 300 sec total\n|\n|t:|1783569858\n|switch|p2a: Deoxys|Deoxys-Defense, L84|100/100\n|-ability|p2a: Deoxys|Pressure\n|move|p1a: Pawmot|Double Shock|p2a: Deoxys\n|-damage|p2a: Deoxys|56/100\n|-start|p1a: Pawmot|typechange|???/Fighting|[from] move: Double Shock\n|-damage|p1a: Pawmot|203/243|[from] item: Rocky Helmet|[of] p2a: Deoxys\n|-damage|p1a: Pawmot|179/243|[from] item: Life Orb\n|\n|upkeep\n|turn|8\n|inactive|Time left: 300 sec this turn | 300 sec total\n|\n|t:|1783569859\n|switch|p1a: Cetitan|Cetitan, L82, F|413/413\n|move|p2a: Deoxys|Recover|p2a: Deoxys\n|-heal|p2a: Deoxys|100/100\n|\n|upkeep\n|turn|9\n|inactive|Time left: 300 sec this turn | 300 sec total\n|\n|t:|1783569860\n|move|p2a: Deoxys|Knock Off|p1a: Cetitan\n|-damage|p1a: Cetitan|345/413\n|-enditem|p1a: Cetitan|Life Orb|[from] move: Knock Off|[of] p2a: Deoxys\n|move|p1a: Cetitan|Icicle Crash|p2a: Deoxys\n|-damage|p2a: Deoxys|66/100\n|\n|upkeep\n|turn|10\n|inactive|Time left: 300 sec this turn | 300 sec total\n|\n|t:|1783569861\n|move|p2a: Deoxys|Recover|p2a: Deoxys\n|-heal|p2a: Deoxys|100/100\n|move|p1a: Cetitan|Icicle Crash|p2a: Deoxys\n|-damage|p2a: Deoxys|67/100\n|\n|upkeep\n|turn|11\n|inactive|Time left: 300 sec this turn | 300 sec total\n|\n|t:|1783569862\n|move|p2a: Deoxys|Recover|p2a: Deoxys\n|-heal|p2a: Deoxys|100/100\n|move|p1a: Cetitan|Icicle Crash|p2a: Deoxys\n|-damage|p2a: Deoxys|64/100\n|\n|upkeep\n|turn|12\n|inactive|Time left: 300 sec this turn | 300 sec total\n|\n|t:|1783569863\n|move|p2a: Deoxys|Recover|p2a: Deoxys\n|-heal|p2a: Deoxys|100/100\n|move|p1a: Cetitan|Icicle Crash|p2a: Deoxys\n|-damage|p2a: Deoxys|66/100\n|\n|upkeep\n|turn|13\n|inactive|Time left: 300 sec this turn | 300 sec total\n|\n|t:|1783569864\n|move|p2a: Deoxys|Recover|p2a: Deoxys\n|-heal|p2a: Deoxys|100/100\n|move|p1a: Cetitan|Icicle Crash|p2a: Deoxys\n|-crit|p2a: Deoxys\n|-damage|p2a: Deoxys|43/100\n|\n|upkeep\n|turn|14\n|inactive|Time left: 300 sec this turn | 300 sec total\n|\n|t:|1783569865\n|move|p2a: Deoxys|Recover|p2a: Deoxys\n|-heal|p2a: Deoxys|94/100\n|move|p1a: Cetitan|Icicle Crash|p2a: Deoxys\n|-damage|p2a: Deoxys|60/100\n|\n|upkeep\n|turn|15\n|inactive|Time left: 300 sec this turn | 300 sec total\n|\n|t:|1783569866\n|move|p2a: Deoxys|Recover|p2a: Deoxys\n|-heal|p2a: Deoxys|100/100\n|move|p1a: Cetitan|Icicle Crash|p2a: Deoxys\n|-damage|p2a: Deoxys|66/100\n|\n|upkeep\n|turn|16\n|inactive|Time left: 300 sec this turn | 300 sec total\n|\n|t:|1783569867\n|move|p2a: Deoxys|Psychic Noise|p1a: Cetitan\n|-damage|p1a: Cetitan|248/413\n|-start|p1a: Cetitan|move: Heal Block\n|move|p1a: Cetitan|Icicle Crash|p2a: Deoxys|[miss]\n|-miss|p1a: Cetitan|p2a: Deoxys\n|\n|upkeep\n|turn|17\n|inactive|Time left: 300 sec this turn | 300 sec total\n|\n|t:|1783569867\n|move|p2a: Deoxys|Psychic Noise|p1a: Cetitan\n|-damage|p1a: Cetitan|166/413\n|move|p1a: Cetitan|Earthquake|p2a: Deoxys\n|-damage|p2a: Deoxys|44/100\n|\n|-end|p1a: Cetitan|move: Heal Block\n|upkeep\n|turn|18\n|inactive|Time left: 300 sec this turn | 300 sec total\n|\n|t:|1783569868\n|move|p2a: Deoxys|Psychic Noise|p1a: Cetitan\n|-damage|p1a: Cetitan|75/413\n|-start|p1a: Cetitan|move: Heal Block\n|move|p1a: Cetitan|Earthquake|p2a: Deoxys\n|-damage|p2a: Deoxys|22/100\n|\n|upkeep\n|turn|19\n|inactive|Time left: 300 sec this turn | 300 sec total\n|\n|t:|1783569869\n|move|p1a: Cetitan|Ice Shard|p2a: Deoxys\n|-damage|p2a: Deoxys|10/100\n|move|p2a: Deoxys|Psychic Noise|p1a: Cetitan\n|-damage|p1a: Cetitan|0 fnt\n|faint|p1a: Cetitan\n|\n|upkeep\n|inactive|Time left: 300 sec this turn | 300 sec total | 5 sec grace\n|\n|t:|1783569870\n|switch|p1a: Whimsicott|Whimsicott, L84, F|238/238\n|turn|20\n|inactive|Time left: 300 sec this turn | 300 sec total\n|\n|t:|1783569871\n|move|p1a: Whimsicott|Moonblast|p2a: Deoxys\n|-damage|p2a: Deoxys|0 fnt\n|faint|p2a: Deoxys\n|\n|upkeep\n|\n|t:|1783569872\n|switch|p2a: Seviper|Seviper, L93, F|36/100\n|turn|21\n|inactive|Time left: 300 sec this turn | 300 sec total\n|\n|t:|1783569873\n|move|p1a: Whimsicott|U-turn|p2a: Seviper\n|-resisted|p2a: Seviper\n|-damage|p2a: Seviper|28/100\n|inactive|Time left: 300 sec this turn | 300 sec total | 5 sec grace\n|\n|t:|1783569874\n|switch|p1a: Weezing|Weezing, L88, F|258/258|[from] U-turn\n|move|p2a: Seviper|Gunk Shot|p1a: Weezing|[miss]\n|-miss|p2a: Seviper|p1a: Weezing\n|\n|upkeep\n|turn|22\n|inactive|Time left: 300 sec this turn | 300 sec total\n|\n|t:|1783569875\n|move|p2a: Seviper|Glare|p1a: Weezing\n|-status|p1a: Weezing|par\n|move|p1a: Weezing|Fire Blast|p2a: Seviper\n|-damage|p2a: Seviper|0 fnt\n|faint|p2a: Seviper\n|\n|upkeep\n|\n|t:|1783569876\n|switch|p2a: Flapple|Flapple, L88, M|100/100\n|turn|23\n|inactive|Time left: 300 sec this turn | 300 sec total\n|\n|t:|1783569877\n|-terastallize|p2a: Flapple|Fire\n|move|p2a: Flapple|Dragon Dance|p2a: Flapple\n|-boost|p2a: Flapple|atk|1\n|-boost|p2a: Flapple|spe|1\n|move|p1a: Weezing|Gunk Shot|p2a: Flapple\n|-crit|p2a: Flapple\n|-damage|p2a: Flapple|19/100\n|\n|upkeep\n|turn|24\n|inactive|Time left: 300 sec this turn | 300 sec total\n|\n|t:|1783569879\n|move|p2a: Flapple|Tera Blast|p1a: Weezing|[anim] Tera Blast Fire\n|-damage|p1a: Weezing|93/258 par\n|move|p1a: Weezing|Gunk Shot|p2a: Flapple\n|-damage|p2a: Flapple|0 fnt\n|faint|p2a: Flapple\n|\n|-heal|p1a: Weezing|109/258 par|[from] item: Leftovers\n|upkeep\n|\n|t:|1783569880\n|switch|p2a: Mandibuzz|Mandibuzz, L85, F|44/100\n|turn|25\n|inactive|Time left: 300 sec this turn | 300 sec total\n|\n|t:|1783569881\n|move|p2a: Mandibuzz|Roost|p2a: Mandibuzz\n|-heal|p2a: Mandibuzz|94/100\n|-singleturn|p2a: Mandibuzz|move: Roost\n|cant|p1a: Weezing|par\n|\n|-heal|p1a: Weezing|125/258 par|[from] item: Leftovers\n|upkeep\n|turn|26\n|inactive|Time left: 300 sec this turn | 300 sec total\n|\n|t:|1783569881\n|switch|p2a: Toxapex|Toxapex, L82, M|100/100\n|move|p1a: Weezing|Pain Split|p2a: Toxapex\n|-sethp|p2a: Toxapex|79/100|[from] move: Pain Split|[silent]\n|-sethp|p1a: Weezing|170/258 par|[from] move: Pain Split\n|\n|-heal|p2a: Toxapex|85/100|[from] item: Leftovers\n|-heal|p1a: Weezing|186/258 par|[from] item: Leftovers\n|upkeep\n|turn|27\n|inactive|Time left: 300 sec this turn | 300 sec total\n|\n|t:|1783569882\n|switch|p1a: Pawmot|Pawmot, L80, M|179/243\n|move|p2a: Toxapex|Liquidation|p1a: Pawmot\n|-damage|p1a: Pawmot|98/243\n|\n|-heal|p2a: Toxapex|91/100|[from] item: Leftovers\n|upkeep\n|turn|28\n|inactive|Time left: 300 sec this turn | 300 sec total\n|\n|t:|1783569883\n|move|p1a: Pawmot|Double Shock|p2a: Toxapex\n|-supereffective|p2a: Toxapex\n|-damage|p2a: Toxapex|0 fnt\n|-start|p1a: Pawmot|typechange|???/Fighting|[from] move: Double Shock\n|faint|p2a: Toxapex\n|-damage|p1a: Pawmot|74/243|[from] item: Life Orb\n|\n|upkeep\n|\n|t:|1783569884\n|switch|p2a: Mandibuzz|Mandibuzz, L85, F|94/100\n|turn|29\n|inactive|Time left: 300 sec this turn | 300 sec total\n|\n|t:|1783569885\n|-terastallize|p1a: Pawmot|Electric\n|move|p1a: Pawmot|Double Shock|p2a: Mandibuzz\n|-supereffective|p2a: Mandibuzz\n|-damage|p2a: Mandibuzz|5/100\n|-start|p1a: Pawmot|typechange|Electric|[from] move: Double Shock\n|-damage|p1a: Pawmot|50/243|[from] item: Life Orb\n|move|p2a: Mandibuzz|Foul Play|p1a: Pawmot\n|-damage|p1a: Pawmot|0 fnt\n|faint|p1a: Pawmot\n|\n|upkeep\n|inactive|Time left: 300 sec this turn | 300 sec total | 5 sec grace\n|\n|t:|1783569886\n|switch|p1a: Whimsicott|Whimsicott, L84, F|238/238\n|turn|30\n|inactive|Time left: 300 sec this turn | 300 sec total\n|\n|t:|1783569888\n|move|p1a: Whimsicott|U-turn|p2a: Mandibuzz\n|-damage|p2a: Mandibuzz|0 fnt\n|faint|p2a: Mandibuzz\n|inactive|Time left: 300 sec this turn | 300 sec total | 5 sec grace\n|\n|t:|1783569889\n|switch|p1a: Weezing|Weezing, L88, F|186/258 par|[from] U-turn\n|\n|-heal|p1a: Weezing|202/258 par|[from] item: Leftovers\n|upkeep\n|\n|t:|1783569890\n|switch|p2a: Poliwrath|Poliwrath, L88, F|100/100\n|turn|31\n|inactive|Time left: 300 sec this turn | 300 sec total\n|\n|t:|1783569891\n|move|p2a: Poliwrath|Knock Off|p1a: Weezing\n|-damage|p1a: Weezing|133/258 par\n|-enditem|p1a: Weezing|Leftovers|[from] move: Knock Off|[of] p2a: Poliwrath\n|-damage|p2a: Poliwrath|91/100|[from] item: Life Orb\n|move|p1a: Weezing|Will-O-Wisp|p2a: Poliwrath\n|-status|p2a: Poliwrath|brn\n|\n|-damage|p2a: Poliwrath|85/100 brn|[from] brn\n|upkeep\n|turn|32\n|inactive|Time left: 300 sec this turn | 300 sec total\n|\n|t:|1783569892\n|switch|p1a: Whimsicott|Whimsicott, L84, F|238/238\n|move|p2a: Poliwrath|Knock Off|p1a: Whimsicott\n|-resisted|p1a: Whimsicott\n|-damage|p1a: Whimsicott|213/238\n|-enditem|p1a: Whimsicott|Heavy-Duty Boots|[from] move: Knock Off|[of] p2a: Poliwrath\n|-damage|p2a: Poliwrath|75/100 brn|[from] item: Life Orb\n|\n|-damage|p2a: Poliwrath|69/100 brn|[from] brn\n|upkeep\n|turn|33\n|inactive|Time left: 300 sec this turn | 300 sec total\n|\n|t:|1783569893\n|move|p1a: Whimsicott|Moonblast|p2a: Poliwrath\n|-supereffective|p2a: Poliwrath\n|-damage|p2a: Poliwrath|17/100 brn\n|move|p2a: Poliwrath|Rain Dance|p2a: Poliwrath\n|-weather|RainDance\n|\n|-weather|RainDance|[upkeep]\n|-damage|p2a: Poliwrath|11/100 brn|[from] brn\n|upkeep\n|turn|34\n|inactive|Time left: 300 sec this turn | 300 sec total\n|\n|t:|1783569893\n|switch|p1a: Weezing|Weezing, L88, F|133/258 par\n|move|p2a: Poliwrath|Close Combat|p1a: Weezing\n|-resisted|p1a: Weezing\n|-damage|p1a: Weezing|102/258 par\n|-unboost|p2a: Poliwrath|def|1\n|-unboost|p2a: Poliwrath|spd|1\n|-damage|p2a: Poliwrath|1/100 brn|[from] item: Life Orb\n|\n|-weather|RainDance|[upkeep]\n|-damage|p2a: Poliwrath|0 fnt|[from] brn\n|faint|p2a: Poliwrath\n|\n|win|p0x25853116", "uploadtime": 1783569893, "views": 0, "rating": 0, "private": 0, "password": null, "_winner": "p0x25853116", "_our_name": "p0x25853116"}