{"id": "battle-gen9randombattle-2738", "formatid": "gen9randombattle", "format": "[Gen 9] Random Battle", "players": ["p0x27381cdc", "p0y2738b3f8"], "log": "|init|battle\n|title|p0x27381cdc vs. p0y2738b3f8\n|j|\u2606p0x27381cdc\n|j|\u2606p0y2738b3f8\n|t:|1783570555\n|gametype|singles\n|player|p1|p0x27381cdc|1|\n|player|p2|p0y2738b3f8|265|\n|gen|9\n|tier|[Gen 9] Random Battle\n|rule|Species Clause: Limit one of each Pok\u00e9mon\n|rule|HP Percentage Mod: HP is shown in percentages\n|rule|Sleep Clause Mod: Limit one foe put to sleep\n|rule|Illusion Level Mod: Illusion disguises the Pok\u00e9mon's true level\n|\n|t:|1783570555\n|teamsize|p1|6\n|teamsize|p2|6\n|start\n|switch|p1a: Banette|Banette, L93, F|100/100\n|switch|p2a: Cinccino|Cinccino, L83, F|260/260\n|turn|1\n|inactive|Battle timer is ON: inactive players will automatically lose when time's up. (requested by p0y2738b3f8)\n|inactive|p0x27381cdc also wants the timer to be on.\n|\n|t:|1783570557\n|move|p2a: Cinccino|Triple Axel|p1a: Banette\n|-damage|p1a: Banette|92/100\n|-damage|p1a: Banette|74/100\n|-crit|p1a: Banette\n|-damage|p1a: Banette|38/100\n|-hitcount|p1a: Banette|3\n|move|p1a: Banette|Gunk Shot|p2a: Cinccino|[miss]\n|-miss|p1a: Banette|p2a: Cinccino\n|\n|upkeep\n|turn|2\n|inactive|Time left: 300 sec this turn | 300 sec total\n|\n|t:|1783570557\n|switch|p1a: Tinkaton|Tinkaton, L82, F|100/100\n|-ability|p1a: Tinkaton|Mold Breaker\n|move|p2a: Cinccino|Triple Axel|p1a: Tinkaton|[miss]\n|-miss|p2a: Cinccino|p1a: Tinkaton\n|\n|upkeep\n|turn|3\n|inactive|Time left: 300 sec this turn | 300 sec total\n|\n|t:|1783570558\n|switch|p2a: Archaludon|Archaludon, L78, F|268/268\n|move|p1a: Tinkaton|Gigaton Hammer|p2a: Archaludon\n|-resisted|p2a: Archaludon\n|-damage|p2a: Archaludon|219/268\n|-ability|p2a: Archaludon|Stamina|boost\n|-boost|p2a: Archaludon|def|1\n|\n|upkeep\n|turn|4\n|inactive|Time left: 300 sec this turn | 300 sec total\n|\n|t:|1783570559\n|switch|p1a: Ursaluna|Ursaluna, L79, M|100/100\n|move|p2a: Archaludon|Swords Dance|p2a: Archaludon\n|-boost|p2a: Archaludon|atk|2\n|\n|-status|p1a: Ursaluna|brn|[from] item: Flame Orb\n|upkeep\n|turn|5\n|inactive|Time left: 300 sec this turn | 300 sec total\n|\n|t:|1783570560\n|-terastallize|p2a: Archaludon|Ground\n|move|p2a: Archaludon|Outrage|p1a: Ursaluna\n|-damage|p1a: Ursaluna|30/100 brn\n|move|p1a: Ursaluna|Headlong Rush|p2a: Archaludon\n|-damage|p2a: Archaludon|107/268\n|-unboost|p1a: Ursaluna|def|1\n|-unboost|p1a: Ursaluna|spd|1\n|-ability|p2a: Archaludon|Stamina|boost\n|-boost|p2a: Archaludon|def|1\n|\n|-damage|p1a: Ursaluna|24/100 brn|[from] brn\n|upkeep\n|turn|6\n|inactive|Time left: 300 sec this turn | 300 sec total\n|\n|t:|1783570561\n|switch|p1a: Tinkaton|Tinkaton, L82, F|100/100\n|-ability|p1a: Tinkaton|Mold Breaker\n|move|p2a: Archaludon|Outrage|p1a: Tinkaton|[from] lockedmove\n|-immune|p1a: Tinkaton\n|-start|p2a: Archaludon|confusion|[fatigue]\n|-enditem|p2a: Archaludon|Lum Berry|[eat]\n|-end|p2a: Archaludon|confusion\n|\n|upkeep\n|turn|7\n|inactive|Time left: 300 sec this turn | 300 sec total\n|\n|t:|1783570562\n|move|p1a: Tinkaton|Encore|p2a: Archaludon\n|-start|p2a: Archaludon|Encore\n|move|p2a: Archaludon|Outrage|p1a: Tinkaton\n|-immune|p1a: Tinkaton\n|\n|upkeep\n|turn|8\n|inactive|Time left: 300 sec this turn | 300 sec total\n|\n|t:|1783570563\n|move|p1a: Tinkaton|Gigaton Hammer|p2a: Archaludon\n|-damage|p2a: Archaludon|49/268\n|-ability|p2a: Archaludon|Stamina|boost\n|-boost|p2a: Archaludon|def|1\n|move|p2a: Archaludon|Outrage|p1a: Tinkaton\n|-immune|p1a: Tinkaton\n|\n|upkeep\n|turn|9\n|inactive|Time left: 300 sec this turn | 300 sec total\n|\n|t:|1783570564\n|move|p1a: Tinkaton|Play Rough|p2a: Archaludon\n|-damage|p2a: Archaludon|24/268\n|-ability|p2a: Archaludon|Stamina|boost\n|-boost|p2a: Archaludon|def|1\n|move|p2a: Archaludon|Outrage|p1a: Tinkaton\n|-immune|p1a: Tinkaton\n|\n|-end|p2a: Archaludon|Encore\n|upkeep\n|turn|10\n|inactive|Time left: 300 sec this turn | 300 sec total\n|\n|t:|1783570565\n|move|p1a: Tinkaton|Gigaton Hammer|p2a: Archaludon\n|-damage|p2a: Archaludon|0 fnt\n|faint|p2a: Archaludon\n|\n|upkeep\n|inactive|Time left: 300 sec this turn | 300 sec total | 5 sec grace\n|\n|t:|1783570566\n|switch|p2a: Gastrodon|Gastrodon-East, L86, F|331/331\n|turn|11\n|inactive|Time left: 300 sec this turn | 300 sec total\n|\n|t:|1783570567\n|switch|p1a: Cacturne|Cacturne, L92, M|100/100\n|move|p2a: Gastrodon|Earthquake|p1a: Cacturne\n|-resisted|p1a: Cacturne\n|-damage|p1a: Cacturne|81/100\n|\n|upkeep\n|turn|12\n|inactive|Time left: 300 sec this turn | 300 sec total\n|\n|t:|1783570568\n|switch|p2a: Tauros|Tauros-Paldea-Combat, L82, M|257/257\n|-ability|p2a: Tauros|Intimidate|boost\n|-unboost|p1a: Cacturne|atk|1\n|move|p1a: Cacturne|Seed Bomb|p2a: Tauros\n|-damage|p2a: Tauros|175/257\n|-damage|p1a: Cacturne|71/100|[from] item: Life Orb\n|\n|upkeep\n|turn|13\n|inactive|Time left: 300 sec this turn | 300 sec total\n|\n|t:|1783570569\n|switch|p1a: Chesnaught|Chesnaught, L84, F|100/100\n|move|p2a: Tauros|Close Combat|p1a: Chesnaught\n|-damage|p1a: Chesnaught|45/100\n|-unboost|p2a: Tauros|def|1\n|-unboost|p2a: Tauros|spd|1\n|-damage|p2a: Tauros|133/257|[from] item: Rocky Helmet|[of] p1a: Chesnaught\n|\n|upkeep\n|turn|14\n|inactive|Time left: 300 sec this turn | 300 sec total\n|\n|t:|1783570570\n|switch|p1a: Banette|Banette, L93, F|38/100\n|move|p2a: Tauros|Close Combat|p1a: Banette\n|-immune|p1a: Banette\n|\n|upkeep\n|turn|15\n|inactive|Time left: 300 sec this turn | 300 sec total\n|\n|t:|1783570571\n|switch|p2a: Cinccino|Cinccino, L83, F|260/260\n|move|p1a: Banette|Gunk Shot|p2a: Cinccino\n|-damage|p2a: Cinccino|55/260\n|-damage|p1a: Banette|28/100|[from] item: Life Orb\n|\n|upkeep\n|turn|16\n|inactive|Time left: 300 sec this turn | 300 sec total\n|\n|t:|1783570572\n|switch|p1a: Tinkaton|Tinkaton, L82, F|100/100\n|-ability|p1a: Tinkaton|Mold Breaker\n|move|p2a: Cinccino|Triple Axel|p1a: Tinkaton\n|-resisted|p1a: Tinkaton\n|-damage|p1a: Tinkaton|96/100\n|-resisted|p1a: Tinkaton\n|-damage|p1a: Tinkaton|87/100\n|-resisted|p1a: Tinkaton\n|-damage|p1a: Tinkaton|73/100\n|-hitcount|p1a: Tinkaton|3\n|\n|-heal|p1a: Tinkaton|80/100|[from] item: Leftovers\n|upkeep\n|turn|17\n|inactive|Time left: 300 sec this turn | 300 sec total\n|\n|t:|1783570573\n|move|p2a: Cinccino|U-turn|p1a: Tinkaton\n|-resisted|p1a: Tinkaton\n|-damage|p1a: Tinkaton|75/100\n|inactive|Time left: 300 sec this turn | 300 sec total | 5 sec grace\n|\n|t:|1783570574\n|switch|p2a: Gastrodon|Gastrodon-East, L86, F|331/331|[from] U-turn\n|move|p1a: Tinkaton|Play Rough|p2a: Gastrodon\n|-damage|p2a: Gastrodon|250/331\n|\n|-heal|p1a: Tinkaton|81/100|[from] item: Leftovers\n|-heal|p2a: Gastrodon|270/331|[from] item: Leftovers\n|upkeep\n|turn|18\n|inactive|Time left: 300 sec this turn | 300 sec total\n|\n|t:|1783570575\n|switch|p1a: Chesnaught|Chesnaught, L84, F|45/100\n|move|p2a: Gastrodon|Earthquake|p1a: Chesnaught\n|-resisted|p1a: Chesnaught\n|-damage|p1a: Chesnaught|32/100\n|\n|-heal|p2a: Gastrodon|290/331|[from] item: Leftovers\n|upkeep\n|turn|19\n|inactive|Time left: 300 sec this turn | 300 sec total\n|\n|t:|1783570576\n|move|p1a: Chesnaught|Synthesis|p1a: Chesnaught\n|-heal|p1a: Chesnaught|82/100\n|move|p2a: Gastrodon|Stealth Rock|p1a: Chesnaught\n|-sidestart|p1: p0x27381cdc|move: Stealth Rock\n|\n|-heal|p2a: Gastrodon|310/331|[from] item: Leftovers\n|upkeep\n|turn|20\n|inactive|Time left: 300 sec this turn | 300 sec total\n|\n|t:|1783570577\n|switch|p2a: Vileplume|Vileplume, L85, M|266/266\n|move|p1a: Chesnaught|Wood Hammer|p2a: Vileplume\n|-resisted|p2a: Vileplume\n|-damage|p2a: Vileplume|233/266\n|-damage|p1a: Chesnaught|78/100|[from] Recoil\n|\n|-heal|p2a: Vileplume|249/266|[from] item: Leftovers\n|upkeep\n|turn|21\n|inactive|Time left: 300 sec this turn | 300 sec total\n|\n|t:|1783570578\n|move|p1a: Chesnaught|Spikes|p2a: Vileplume\n|-sidestart|p2: p0y2738b3f8|Spikes\n|move|p2a: Vileplume|Giga Drain|p1a: Chesnaught\n|-resisted|p1a: Chesnaught\n|-damage|p1a: Chesnaught|59/100\n|-heal|p2a: Vileplume|266/266|[from] drain|[of] p1a: Chesnaught\n|\n|upkeep\n|turn|22\n|inactive|Time left: 300 sec this turn | 300 sec total\n|\n|t:|1783570579\n|move|p1a: Chesnaught|Spikes|p2a: Vileplume\n|-sidestart|p2: p0y2738b3f8|Spikes\n|move|p2a: Vileplume|Strength Sap|p1a: Chesnaught\n|-unboost|p1a: Chesnaught|atk|1\n|\n|upkeep\n|turn|23\n|inactive|Time left: 300 sec this turn | 300 sec total\n|\n|t:|1783570581\n|move|p1a: Chesnaught|Synthesis|p1a: Chesnaught\n|-heal|p1a: Chesnaught|100/100\n|move|p2a: Vileplume|Giga Drain|p1a: Chesnaught\n|-resisted|p1a: Chesnaught\n|-damage|p1a: Chesnaught|83/100\n|\n|upkeep\n|turn|24\n|inactive|Time left: 300 sec this turn | 300 sec total\n|\n|t:|1783570582\n|move|p1a: Chesnaught|Spikes|p2a: Vileplume\n|-sidestart|p2: p0y2738b3f8|Spikes\n|move|p2a: Vileplume|Giga Drain|p1a: Chesnaught\n|-resisted|p1a: Chesnaught\n|-damage|p1a: Chesnaught|66/100\n|\n|upkeep\n|turn|25\n|inactive|Time left: 300 sec this turn | 300 sec total\n|\n|t:|1783570583\n|move|p1a: Chesnaught|Synthesis|p1a: Chesnaught\n|-heal|p1a: Chesnaught|100/100\n|move|p2a: Vileplume|Giga Drain|p1a: Chesnaught\n|-resisted|p1a: Chesnaught\n|-crit|p1a: Chesnaught\n|-damage|p1a: Chesnaught|75/100\n|\n|upkeep\n|turn|26\n|inactive|Time left: 300 sec this turn | 300 sec total\n|\n|t:|1783570584\n|move|p1a: Chesnaught|Synthesis|p1a: Chesnaught\n|-heal|p1a: Chesnaught|100/100\n|move|p2a: Vileplume|Giga Drain|p1a: Chesnaught\n|-resisted|p1a: Chesnaught\n|-damage|p1a: Chesnaught|82/100\n|\n|upkeep\n|turn|27\n|inactive|Time left: 300 sec this turn | 300 sec total\n|\n|t:|1783570585\n|switch|p1a: Tinkaton|Tinkaton, L82, F|81/100\n|-damage|p1a: Tinkaton|75/100|[from] Stealth Rock\n|-ability|p1a: Tinkaton|Mold Breaker\n|move|p2a: Vileplume|Giga Drain|p1a: Tinkaton\n|-resisted|p1a: Tinkaton\n|-damage|p1a: Tinkaton|60/100\n|\n|-heal|p1a: Tinkaton|66/100|[from] item: Leftovers\n|upkeep\n|turn|28\n|inactive|Time left: 300 sec this turn | 300 sec total\n|\n|t:|1783570586\n|move|p1a: Tinkaton|Encore|p2a: Vileplume\n|-start|p2a: Vileplume|Encore\n|move|p2a: Vileplume|Giga Drain|p1a: Tinkaton\n|-resisted|p1a: Tinkaton\n|-damage|p1a: Tinkaton|51/100\n|\n|-heal|p1a: Tinkaton|57/100|[from] item: Leftovers\n|upkeep\n|turn|29\n|inactive|Time left: 300 sec this turn | 300 sec total\n|\n|t:|1783570588\n|move|p1a: Tinkaton|Gigaton Hammer|p2a: Vileplume\n|-damage|p2a: Vileplume|128/266\n|move|p2a: Vileplume|Giga Drain|p1a: Tinkaton\n|-resisted|p1a: Tinkaton\n|-damage|p1a: Tinkaton|43/100\n|-heal|p2a: Vileplume|148/266|[from] drain|[of] p1a: Tinkaton\n|\n|-heal|p1a: Tinkaton|49/100|[from] item: Leftovers\n|-heal|p2a: Vileplume|164/266|[from] item: Leftovers\n|upkeep\n|turn|30\n|inactive|Time left: 300 sec this turn | 300 sec total\n|\n|t:|1783570589\n|move|p1a: Tinkaton|Knock Off|p2a: Vileplume\n|-damage|p2a: Vileplume|110/266\n|-enditem|p2a: Vileplume|Leftovers|[from] move: Knock Off|[of] p1a: Tinkaton\n|move|p2a: Vileplume|Giga Drain|p1a: Tinkaton\n|-resisted|p1a: Tinkaton\n|-damage|p1a: Tinkaton|35/100\n|-heal|p2a: Vileplume|130/266|[from] drain|[of] p1a: Tinkaton\n|\n|-heal|p1a: Tinkaton|41/100|[from] item: Leftovers\n|-end|p2a: Vileplume|Encore\n|upkeep\n|turn|31\n|inactive|Time left: 300 sec this turn | 300 sec total\n|\n|t:|1783570590\n|move|p1a: Tinkaton|Gigaton Hammer|p2a: Vileplume\n|-damage|p2a: Vileplume|0 fnt\n|faint|p2a: Vileplume\n|\n|-heal|p1a: Tinkaton|47/100|[from] item: Leftovers\n|upkeep\n|inactive|Time left: 300 sec this turn | 300 sec total | 5 sec grace\n|\n|t:|1783570591\n|switch|p2a: Palkia|Palkia-Origin, L72|249/249\n|-damage|p2a: Palkia|187/249|[from] Spikes\n|-ability|p2a: Palkia|Pressure\n|turn|32\n|inactive|Time left: 300 sec this turn | 300 sec total\n|\n|t:|1783570592\n|move|p2a: Palkia|Fire Blast|p1a: Tinkaton\n|-supereffective|p1a: Tinkaton\n|-damage|p1a: Tinkaton|0 fnt\n|faint|p1a: Tinkaton\n|\n|upkeep\n|\n|t:|1783570593\n|switch|p1a: Lanturn|Lanturn, L89, M|100/100\n|turn|33\n|inactive|Time left: 300 sec this turn | 300 sec total\n|\n|t:|1783570594\n|move|p2a: Palkia|Spacial Rend|p1a: Lanturn\n|-damage|p1a: Lanturn|62/100\n|move|p1a: Lanturn|Thunderbolt|p2a: Palkia\n|-damage|p2a: Palkia|102/249\n|\n|upkeep\n|turn|34\n|inactive|Time left: 300 sec this turn | 300 sec total\n|\n|t:|1783570595\n|move|p2a: Palkia|Spacial Rend|p1a: Lanturn\n|-damage|p1a: Lanturn|23/100\n|move|p1a: Lanturn|Thunderbolt|p2a: Palkia\n|-damage|p2a: Palkia|23/249\n|\n|upkeep\n|turn|35\n|inactive|Time left: 300 sec this turn | 300 sec total\n|\n|t:|1783570596\n|move|p2a: Palkia|Spacial Rend|p1a: Lanturn\n|-crit|p1a: Lanturn\n|-damage|p1a: Lanturn|0 fnt\n|faint|p1a: Lanturn\n|\n|upkeep\n|\n|t:|1783570596\n|switch|p1a: Banette|Banette, L93, F|28/100\n|-damage|p1a: Banette|15/100|[from] Stealth Rock\n|turn|36\n|inactive|Time left: 300 sec this turn | 300 sec total\n|\n|t:|1783570597\n|move|p1a: Banette|Shadow Sneak|p2a: Palkia\n|-damage|p2a: Palkia|0 fnt\n|faint|p2a: Palkia\n|-damage|p1a: Banette|5/100|[from] item: Life Orb\n|\n|upkeep\n|inactive|Time left: 300 sec this turn | 300 sec total | 5 sec grace\n|\n|t:|1783570598\n|switch|p2a: Tauros|Tauros-Paldea-Combat, L82, M|133/257\n|-damage|p2a: Tauros|69/257|[from] Spikes\n|-ability|p2a: Tauros|Intimidate|boost\n|-unboost|p1a: Banette|atk|1\n|turn|37\n|inactive|Time left: 300 sec this turn | 300 sec total\n|\n|t:|1783570599\n|switch|p1a: Chesnaught|Chesnaught, L84, F|82/100\n|-damage|p1a: Chesnaught|76/100|[from] Stealth Rock\n|move|p2a: Tauros|Stone Edge|p1a: Chesnaught\n|-resisted|p1a: Chesnaught\n|-damage|p1a: Chesnaught|60/100\n|\n|upkeep\n|turn|38\n|inactive|Time left: 300 sec this turn | 300 sec total\n|\n|t:|1783570600\n|move|p2a: Tauros|Stone Edge|p1a: Chesnaught\n|-resisted|p1a: Chesnaught\n|-damage|p1a: Chesnaught|46/100\n|move|p1a: Chesnaught|Wood Hammer|p2a: Tauros\n|-damage|p2a: Tauros|0 fnt\n|faint|p2a: Tauros\n|-damage|p1a: Chesnaught|38/100|[from] Recoil\n|\n|upkeep\n|inactive|Time left: 300 sec this turn | 300 sec total | 5 sec grace\n|\n|t:|1783570601\n|switch|p2a: Gastrodon|Gastrodon-East, L86, F|310/331\n|-damage|p2a: Gastrodon|228/331|[from] Spikes\n|turn|39\n|inactive|Time left: 300 sec this turn | 300 sec total\n|\n|t:|1783570601\n|switch|p2a: Cinccino|Cinccino, L83, F|55/260\n|-damage|p2a: Cinccino|0 fnt|[from] Spikes\n|faint|p2a: Cinccino\n|-terastallize|p1a: Chesnaught|Water\n|move|p1a: Chesnaught|Wood Hammer|p2: Cinccino|[notarget]\n|-fail|p1a: Chesnaught\n|\n|upkeep\n|inactive|Time left: 300 sec this turn | 300 sec total | 5 sec grace\n|\n|t:|1783570602\n|switch|p2a: Gastrodon|Gastrodon-East, L86, F|228/331\n|-damage|p2a: Gastrodon|146/331|[from] Spikes\n|turn|40\n|inactive|Time left: 300 sec this turn | 300 sec total\n|\n|t:|1783570603\n|move|p1a: Chesnaught|Wood Hammer|p2a: Gastrodon\n|-supereffective|p2a: Gastrodon\n|-damage|p2a: Gastrodon|0 fnt\n|faint|p2a: Gastrodon\n|-damage|p1a: Chesnaught|21/100|[from] Recoil\n|\n|win|p0x27381cdc", "uploadtime": 1783570603, "views": 0, "rating": 0, "private": 0, "password": null, "_winner": "p0x27381cdc", "_our_name": "p0y2738b3f8"}