{"id": "battle-gen9randombattle-26", "formatid": "gen9randombattle", "format": "[Gen 9] Random Battle", "players": ["p0x026d4a9", "p0y0260734"], "log": "|init|battle\n|title|p0x026d4a9 vs. p0y0260734\n|j|\u2606p0x026d4a9\n|j|\u2606p0y0260734\n|t:|1783534109\n|gametype|singles\n|player|p1|p0x026d4a9|170|\n|player|p2|p0y0260734|2|\n|gen|9\n|tier|[Gen 9] Random Battle\n|rule|Species Clause: Limit one of each Pok\u00e9mon\n|rule|HP Percentage Mod: HP is shown in percentages\n|rule|Sleep Clause Mod: Limit one foe put to sleep\n|rule|Illusion Level Mod: Illusion disguises the Pok\u00e9mon's true level\n|\n|t:|1783534109\n|teamsize|p1|6\n|teamsize|p2|6\n|start\n|switch|p1a: Tinkaton|Tinkaton, L82, F|100/100\n|switch|p2a: Kyogre|Kyogre, L71|259/259\n|-ability|p1a: Tinkaton|Mold Breaker\n|-weather|RainDance|[from] ability: Drizzle|[of] p2a: Kyogre\n|turn|1\n|inactive|Battle timer is ON: inactive players will automatically lose when time's up. (requested by p0y0260734)\n|inactive|p0x026d4a9 also wants the timer to be on.\n|\n|t:|1783534111\n|switch|p1a: Decidueye|Decidueye, L88, F|100/100\n|move|p2a: Kyogre|Origin Pulse|p1a: Decidueye\n|-resisted|p1a: Decidueye\n|-damage|p1a: Decidueye|72/100\n|\n|-weather|RainDance|[upkeep]\n|upkeep\n|turn|2\n|inactive|Time left: 300 sec this turn | 300 sec total\n|\n|t:|1783534112\n|switch|p2a: Noivern|Noivern, L82, M|274/274\n|move|p1a: Decidueye|Leaf Blade|p2a: Noivern\n|-resisted|p2a: Noivern\n|-damage|p2a: Noivern|231/274\n|-damage|p1a: Decidueye|62/100|[from] item: Life Orb\n|\n|-weather|RainDance|[upkeep]\n|upkeep\n|turn|3\n|inactive|Time left: 300 sec this turn | 300 sec total\n|\n|t:|1783534113\n|switch|p1a: Heatran|Heatran, L79, M|100/100\n|move|p2a: Noivern|Hurricane|p1a: Heatran\n|-resisted|p1a: Heatran\n|-damage|p1a: Heatran|81/100\n|\n|-weather|RainDance|[upkeep]\n|upkeep\n|turn|4\n|inactive|Time left: 300 sec this turn | 300 sec total\n|\n|t:|1783534114\n|move|p2a: Noivern|Hurricane|p1a: Heatran\n|-resisted|p1a: Heatran\n|-damage|p1a: Heatran|62/100\n|-start|p1a: Heatran|confusion\n|-activate|p1a: Heatran|confusion\n|-damage|p1a: Heatran|53/100|[from] confusion\n|\n|-weather|RainDance|[upkeep]\n|upkeep\n|turn|5\n|inactive|Time left: 300 sec this turn | 300 sec total\n|\n|t:|1783534116\n|switch|p1a: Tinkaton|Tinkaton, L82, F|100/100\n|-ability|p1a: Tinkaton|Mold Breaker\n|move|p2a: Noivern|Hurricane|p1a: Tinkaton\n|-resisted|p1a: Tinkaton\n|-damage|p1a: Tinkaton|72/100\n|-start|p1a: Tinkaton|confusion\n|\n|-weather|none\n|-heal|p1a: Tinkaton|78/100|[from] item: Leftovers\n|upkeep\n|turn|6\n|inactive|Time left: 300 sec this turn | 300 sec total\n|\n|t:|1783534117\n|switch|p1a: Heatran|Heatran, L79, M|53/100\n|move|p2a: Noivern|Hurricane|p1a: Heatran\n|-resisted|p1a: Heatran\n|-damage|p1a: Heatran|35/100\n|\n|upkeep\n|turn|7\n|inactive|Time left: 300 sec this turn | 300 sec total\n|\n|t:|1783534118\n|move|p2a: Noivern|Hurricane|p1a: Heatran|[miss]\n|-miss|p2a: Noivern|p1a: Heatran\n|move|p1a: Heatran|Lava Plume|p2a: Noivern\n|-resisted|p2a: Noivern\n|-damage|p2a: Noivern|180/274\n|\n|upkeep\n|turn|8\n|inactive|Time left: 300 sec this turn | 300 sec total\n|\n|t:|1783534119\n|move|p2a: Noivern|Hurricane|p1a: Heatran\n|-resisted|p1a: Heatran\n|-damage|p1a: Heatran|18/100\n|-start|p1a: Heatran|confusion\n|-activate|p1a: Heatran|confusion\n|move|p1a: Heatran|Lava Plume|p2a: Noivern\n|-resisted|p2a: Noivern\n|-damage|p2a: Noivern|131/274\n|\n|upkeep\n|turn|9\n|inactive|Time left: 300 sec this turn | 300 sec total\n|\n|t:|1783534121\n|move|p2a: Noivern|Hurricane|p1a: Heatran\n|-resisted|p1a: Heatran\n|-damage|p1a: Heatran|0 fnt\n|faint|p1a: Heatran\n|\n|upkeep\n|\n|t:|1783534122\n|switch|p1a: Smeargle|Smeargle, L95, M|100/100\n|turn|10\n|inactive|Time left: 300 sec this turn | 300 sec total\n|\n|t:|1783534123\n|move|p2a: Noivern|Hurricane|p1a: Smeargle\n|-damage|p1a: Smeargle|14/100\n|move|p1a: Smeargle|Sticky Web|p2a: Noivern\n|-sidestart|p2: p0y0260734|move: Sticky Web\n|\n|upkeep\n|turn|11\n|inactive|Time left: 300 sec this turn | 300 sec total\n|\n|t:|1783534124\n|move|p2a: Noivern|Hurricane|p1a: Smeargle\n|-damage|p1a: Smeargle|0 fnt\n|faint|p1a: Smeargle\n|\n|upkeep\n|\n|t:|1783534125\n|switch|p1a: Tinkaton|Tinkaton, L82, F|78/100\n|-ability|p1a: Tinkaton|Mold Breaker\n|turn|12\n|inactive|Time left: 300 sec this turn | 300 sec total\n|\n|t:|1783534126\n|switch|p2a: Ho-Oh|Ho-Oh, L71|268/268\n|move|p1a: Tinkaton|Gigaton Hammer|p2a: Ho-Oh\n|-resisted|p2a: Ho-Oh\n|-damage|p2a: Ho-Oh|191/268\n|\n|-heal|p1a: Tinkaton|84/100|[from] item: Leftovers\n|upkeep\n|turn|13\n|inactive|Time left: 300 sec this turn | 300 sec total\n|\n|t:|1783534127\n|move|p1a: Tinkaton|Play Rough|p2a: Ho-Oh\n|-resisted|p2a: Ho-Oh\n|-damage|p2a: Ho-Oh|150/268\n|move|p2a: Ho-Oh|Sacred Fire|p1a: Tinkaton\n|-supereffective|p1a: Tinkaton\n|-damage|p1a: Tinkaton|5/100\n|\n|-heal|p1a: Tinkaton|11/100|[from] item: Leftovers\n|upkeep\n|turn|14\n|inactive|Time left: 300 sec this turn | 300 sec total\n|\n|t:|1783534128\n|move|p1a: Tinkaton|Gigaton Hammer|p2a: Ho-Oh\n|-resisted|p2a: Ho-Oh\n|-damage|p2a: Ho-Oh|76/268\n|move|p2a: Ho-Oh|Sacred Fire|p1a: Tinkaton\n|-supereffective|p1a: Tinkaton\n|-damage|p1a: Tinkaton|0 fnt\n|faint|p1a: Tinkaton\n|\n|upkeep\n|\n|t:|1783534129\n|switch|p1a: Decidueye|Decidueye, L88, F|62/100\n|turn|15\n|inactive|Time left: 300 sec this turn | 300 sec total\n|\n|t:|1783534130\n|switch|p2a: Tinkaton|Tinkaton, L82, F|274/274\n|-activate|p2a: Tinkaton|move: Sticky Web\n|-unboost|p2a: Tinkaton|spe|1\n|-ability|p2a: Tinkaton|Mold Breaker\n|move|p1a: Decidueye|Poltergeist|p2a: Tinkaton\n|-activate|p2a: Tinkaton|move: Poltergeist|Leftovers\n|-damage|p2a: Tinkaton|78/274\n|-damage|p1a: Decidueye|52/100|[from] item: Life Orb\n|\n|-heal|p2a: Tinkaton|95/274|[from] item: Leftovers\n|upkeep\n|turn|16\n|inactive|Time left: 300 sec this turn | 300 sec total\n|\n|t:|1783534131\n|move|p1a: Decidueye|Poltergeist|p2a: Tinkaton|[miss]\n|-miss|p1a: Decidueye|p2a: Tinkaton\n|move|p2a: Tinkaton|Gigaton Hammer|p1a: Decidueye\n|-damage|p1a: Decidueye|2/100\n|\n|-heal|p2a: Tinkaton|112/274|[from] item: Leftovers\n|upkeep\n|turn|17\n|inactive|Time left: 300 sec this turn | 300 sec total\n|\n|t:|1783534132\n|move|p1a: Decidueye|Poltergeist|p2a: Tinkaton\n|-activate|p2a: Tinkaton|move: Poltergeist|Leftovers\n|-damage|p2a: Tinkaton|0 fnt\n|faint|p2a: Tinkaton\n|-damage|p1a: Decidueye|0 fnt|[from] item: Life Orb\n|faint|p1a: Decidueye\n|\n|upkeep\n|inactive|Time left: 300 sec this turn | 300 sec total | 5 sec grace\n|\n|t:|1783534133\n|switch|p2a: Ho-Oh|Ho-Oh, L71|165/268\n|switch|p1a: Mesprit|Mesprit, L85|100/100\n|turn|18\n|inactive|Time left: 300 sec this turn | 300 sec total\n|\n|t:|1783534134\n|move|p1a: Mesprit|Knock Off|p2a: Ho-Oh\n|-damage|p2a: Ho-Oh|72/268\n|-enditem|p2a: Ho-Oh|Heavy-Duty Boots|[from] move: Knock Off|[of] p1a: Mesprit\n|move|p2a: Ho-Oh|Sacred Fire|p1a: Mesprit\n|-damage|p1a: Mesprit|67/100\n|-status|p1a: Mesprit|brn\n|\n|-heal|p1a: Mesprit|74/100 brn|[from] item: Leftovers\n|-damage|p1a: Mesprit|67/100 brn|[from] brn\n|upkeep\n|turn|19\n|inactive|Time left: 300 sec this turn | 300 sec total\n|\n|t:|1783534135\n|switch|p2a: Kyogre|Kyogre, L71|259/259\n|-activate|p2a: Kyogre|move: Sticky Web\n|-unboost|p2a: Kyogre|spe|1\n|-weather|RainDance|[from] ability: Drizzle|[of] p2a: Kyogre\n|move|p1a: Mesprit|Psychic Noise|p2a: Kyogre\n|-damage|p2a: Kyogre|190/259\n|-start|p2a: Kyogre|move: Heal Block\n|\n|-weather|RainDance|[upkeep]\n|-heal|p1a: Mesprit|74/100 brn|[from] item: Leftovers\n|-damage|p1a: Mesprit|67/100 brn|[from] brn\n|upkeep\n|turn|20\n|inactive|Time left: 300 sec this turn | 300 sec total\n|\n|t:|1783534137\n|move|p1a: Mesprit|Psychic Noise|p2a: Kyogre\n|-damage|p2a: Kyogre|114/259\n|move|p2a: Kyogre|Calm Mind|p2a: Kyogre\n|-boost|p2a: Kyogre|spa|1\n|-boost|p2a: Kyogre|spd|1\n|\n|-weather|RainDance|[upkeep]\n|-heal|p1a: Mesprit|74/100 brn|[from] item: Leftovers\n|-damage|p1a: Mesprit|67/100 brn|[from] brn\n|-end|p2a: Kyogre|move: Heal Block\n|upkeep\n|turn|21\n|inactive|Time left: 300 sec this turn | 300 sec total\n|\n|t:|1783534138\n|move|p1a: Mesprit|Encore|p2a: Kyogre\n|-start|p2a: Kyogre|Encore\n|move|p2a: Kyogre|Calm Mind|p2a: Kyogre\n|-boost|p2a: Kyogre|spa|1\n|-boost|p2a: Kyogre|spd|1\n|\n|-weather|RainDance|[upkeep]\n|-heal|p1a: Mesprit|74/100 brn|[from] item: Leftovers\n|-heal|p2a: Kyogre|130/259|[from] item: Leftovers\n|-damage|p1a: Mesprit|67/100 brn|[from] brn\n|upkeep\n|turn|22\n|inactive|Time left: 300 sec this turn | 300 sec total\n|\n|t:|1783534139\n|switch|p2a: Ho-Oh|Ho-Oh, L71|161/268\n|move|p1a: Mesprit|Knock Off|p2a: Ho-Oh\n|-damage|p2a: Ho-Oh|130/268\n|\n|-weather|RainDance|[upkeep]\n|-heal|p1a: Mesprit|74/100 brn|[from] item: Leftovers\n|-damage|p1a: Mesprit|67/100 brn|[from] brn\n|upkeep\n|turn|23\n|inactive|Time left: 300 sec this turn | 300 sec total\n|\n|t:|1783534140\n|switch|p2a: Kyogre|Kyogre, L71|130/259\n|-activate|p2a: Kyogre|move: Sticky Web\n|-unboost|p2a: Kyogre|spe|1\n|move|p1a: Mesprit|Psychic Noise|p2a: Kyogre\n|-damage|p2a: Kyogre|51/259\n|-start|p2a: Kyogre|move: Heal Block\n|\n|-weather|none\n|-heal|p1a: Mesprit|74/100 brn|[from] item: Leftovers\n|-damage|p1a: Mesprit|67/100 brn|[from] brn\n|upkeep\n|turn|24\n|inactive|Time left: 300 sec this turn | 300 sec total\n|\n|t:|1783534142\n|move|p1a: Mesprit|Psychic Noise|p2a: Kyogre\n|-damage|p2a: Kyogre|0 fnt\n|faint|p2a: Kyogre\n|\n|-heal|p1a: Mesprit|74/100 brn|[from] item: Leftovers\n|-damage|p1a: Mesprit|67/100 brn|[from] brn\n|upkeep\n|inactive|Time left: 300 sec this turn | 300 sec total | 5 sec grace\n|\n|t:|1783534143\n|switch|p2a: Noivern|Noivern, L82, M|131/274\n|turn|25\n|inactive|Time left: 300 sec this turn | 300 sec total\n|\n|t:|1783534144\n|move|p2a: Noivern|Hurricane|p1a: Mesprit|[miss]\n|-miss|p2a: Noivern|p1a: Mesprit\n|move|p1a: Mesprit|Psychic Noise|p2a: Noivern\n|-damage|p2a: Noivern|40/274\n|-start|p2a: Noivern|move: Heal Block\n|\n|-heal|p1a: Mesprit|74/100 brn|[from] item: Leftovers\n|-damage|p1a: Mesprit|67/100 brn|[from] brn\n|upkeep\n|turn|26\n|inactive|Time left: 300 sec this turn | 300 sec total\n|\n|t:|1783534146\n|move|p2a: Noivern|Hurricane|p1a: Mesprit\n|-damage|p1a: Mesprit|14/100 brn\n|move|p1a: Mesprit|Psychic Noise|p2a: Noivern\n|-damage|p2a: Noivern|0 fnt\n|faint|p2a: Noivern\n|\n|-heal|p1a: Mesprit|20/100 brn|[from] item: Leftovers\n|-damage|p1a: Mesprit|14/100 brn|[from] brn\n|upkeep\n|inactive|Time left: 300 sec this turn | 300 sec total | 5 sec grace\n|\n|t:|1783534147\n|switch|p2a: Sandy Shocks|Sandy Shocks, L80|267/267\n|turn|27\n|inactive|Time left: 300 sec this turn | 300 sec total\n|\n|t:|1783534148\n|switch|p1a: Frosmoth|Frosmoth, L82, M|100/100\n|move|p2a: Sandy Shocks|Volt Switch|p1a: Frosmoth\n|-damage|p1a: Frosmoth|83/100\n|inactive|Time left: 300 sec this turn | 300 sec total | 5 sec grace\n|\n|t:|1783534149\n|-end|p2a: Sandy Shocks|Protosynthesis|[silent]\n|switch|p2a: Ho-Oh|Ho-Oh, L71|219/268|[from] Volt Switch\n|\n|upkeep\n|turn|28\n|inactive|Time left: 300 sec this turn | 300 sec total\n|\n|t:|1783534150\n|-terastallize|p1a: Frosmoth|Water\n|move|p2a: Ho-Oh|Brave Bird|p1a: Frosmoth\n|-damage|p1a: Frosmoth|17/100\n|-damage|p2a: Ho-Oh|164/268|[from] Recoil\n|move|p1a: Frosmoth|Quiver Dance|p1a: Frosmoth\n|-boost|p1a: Frosmoth|spa|1\n|-boost|p1a: Frosmoth|spd|1\n|-boost|p1a: Frosmoth|spe|1\n|\n|upkeep\n|turn|29\n|inactive|Time left: 300 sec this turn | 300 sec total\n|\n|t:|1783534151\n|move|p1a: Frosmoth|Ice Beam|p2a: Ho-Oh\n|-damage|p2a: Ho-Oh|46/268\n|move|p2a: Ho-Oh|Sacred Fire|p1a: Frosmoth\n|-resisted|p1a: Frosmoth\n|-damage|p1a: Frosmoth|0 fnt\n|faint|p1a: Frosmoth\n|\n|upkeep\n|\n|t:|1783534152\n|switch|p1a: Mesprit|Mesprit, L85|14/100 brn\n|turn|30\n|inactive|Time left: 300 sec this turn | 300 sec total\n|\n|t:|1783534153\n|-terastallize|p2a: Ho-Oh|Ground\n|move|p1a: Mesprit|Psychic Noise|p2a: Ho-Oh\n|-damage|p2a: Ho-Oh|0 fnt\n|faint|p2a: Ho-Oh\n|\n|-heal|p1a: Mesprit|20/100 brn|[from] item: Leftovers\n|-damage|p1a: Mesprit|14/100 brn|[from] brn\n|upkeep\n|inactive|Time left: 300 sec this turn | 300 sec total | 5 sec grace\n|\n|t:|1783534154\n|switch|p2a: Sandy Shocks|Sandy Shocks, L80|267/267\n|turn|31\n|inactive|Time left: 300 sec this turn | 300 sec total\n|\n|t:|1783534155\n|move|p2a: Sandy Shocks|Thunderbolt|p1a: Mesprit\n|-damage|p1a: Mesprit|0 fnt\n|faint|p1a: Mesprit\n|\n|win|p0y0260734", "uploadtime": 1783534155, "views": 0, "rating": 0, "private": 0, "password": null, "_winner": "p0y0260734", "_our_name": "p0y0260734"}