{"id": "battle-gen9randombattle-2417", "formatid": "gen9randombattle", "format": "[Gen 9] Random Battle", "players": ["p0x2417347c", "p0y2417e0ed"], "log": "|init|battle\n|title|p0x2417347c vs. p0y2417e0ed\n|j|\u2606p0x2417347c\n|j|\u2606p0y2417e0ed\n|t:|1783568050\n|gametype|singles\n|player|p1|p0x2417347c|170|\n|player|p2|p0y2417e0ed|265|\n|gen|9\n|tier|[Gen 9] Random Battle\n|rule|Species Clause: Limit one of each Pok\u00e9mon\n|rule|HP Percentage Mod: HP is shown in percentages\n|rule|Sleep Clause Mod: Limit one foe put to sleep\n|rule|Illusion Level Mod: Illusion disguises the Pok\u00e9mon's true level\n|\n|t:|1783568050\n|teamsize|p1|6\n|teamsize|p2|6\n|start\n|switch|p1a: Swalot|Swalot, L90, F|100/100\n|switch|p2a: Malamar|Malamar, L82, F|275/275\n|turn|1\n|inactive|Battle timer is ON: inactive players will automatically lose when time's up. (requested by p0x2417347c)\n|inactive|Time left: 300 sec this turn | 300 sec total | 60 sec grace\n|inactive|p0y2417e0ed also wants the timer to be on.\n|\n|t:|1783568051\n|move|p2a: Malamar|Superpower|p1a: Swalot\n|-resisted|p1a: Swalot\n|-damage|p1a: Swalot|89/100\n|-boost|p2a: Malamar|atk|1\n|-boost|p2a: Malamar|def|1\n|move|p1a: Swalot|Toxic Spikes|p2a: Malamar\n|-sidestart|p2: p0y2417e0ed|move: Toxic Spikes\n|\n|-heal|p1a: Swalot|96/100|[from] item: Leftovers\n|upkeep\n|turn|2\n|inactive|Time left: 300 sec this turn | 300 sec total\n|\n|t:|1783568053\n|move|p2a: Malamar|Superpower|p1a: Swalot\n|-resisted|p1a: Swalot\n|-damage|p1a: Swalot|79/100\n|-boost|p2a: Malamar|atk|1\n|-boost|p2a: Malamar|def|1\n|move|p1a: Swalot|Sludge Bomb|p2a: Malamar\n|-damage|p2a: Malamar|167/275\n|\n|-heal|p1a: Swalot|85/100|[from] item: Leftovers\n|upkeep\n|turn|3\n|inactive|Time left: 300 sec this turn | 300 sec total\n|\n|t:|1783568054\n|move|p2a: Malamar|Psycho Cut|p1a: Swalot\n|-supereffective|p1a: Swalot\n|-damage|p1a: Swalot|10/100\n|move|p1a: Swalot|Sludge Bomb|p2a: Malamar\n|-damage|p2a: Malamar|65/275\n|\n|-heal|p1a: Swalot|16/100|[from] item: Leftovers\n|upkeep\n|turn|4\n|inactive|Time left: 300 sec this turn | 300 sec total\n|\n|t:|1783568055\n|switch|p1a: Squawkabilly|Squawkabilly-Blue, L85, M|100/100\n|move|p2a: Malamar|Knock Off|p1a: Squawkabilly\n|-damage|p1a: Squawkabilly|12/100\n|-enditem|p1a: Squawkabilly|Flame Orb|[from] move: Knock Off|[of] p2a: Malamar\n|\n|upkeep\n|turn|5\n|inactive|Time left: 300 sec this turn | 300 sec total\n|\n|t:|1783568056\n|move|p1a: Squawkabilly|Brave Bird|p2a: Malamar\n|-damage|p2a: Malamar|0 fnt\n|faint|p2a: Malamar\n|-damage|p1a: Squawkabilly|4/100|[from] Recoil\n|\n|upkeep\n|inactive|Time left: 300 sec this turn | 300 sec total | 5 sec grace\n|\n|t:|1783568056\n|switch|p2a: Magcargo|Magcargo, L95, M|268/268\n|turn|6\n|inactive|Time left: 300 sec this turn | 300 sec total\n|\n|t:|1783568057\n|switch|p1a: Tyranitar|Tyranitar, L78, M|100/100\n|-weather|Sandstorm|[from] ability: Sand Stream|[of] p1a: Tyranitar\n|move|p2a: Magcargo|Stealth Rock|p1a: Tyranitar\n|-sidestart|p1: p0x2417347c|move: Stealth Rock\n|\n|-weather|Sandstorm|[upkeep]\n|upkeep\n|turn|7\n|inactive|Time left: 300 sec this turn | 300 sec total\n|\n|t:|1783568058\n|move|p1a: Tyranitar|Dragon Dance|p1a: Tyranitar\n|-boost|p1a: Tyranitar|atk|1\n|-boost|p1a: Tyranitar|spe|1\n|move|p2a: Magcargo|Lava Plume|p1a: Tyranitar\n|-resisted|p1a: Tyranitar\n|-damage|p1a: Tyranitar|88/100\n|\n|-weather|Sandstorm|[upkeep]\n|upkeep\n|turn|8\n|inactive|Time left: 300 sec this turn | 300 sec total\n|\n|t:|1783568059\n|move|p1a: Tyranitar|Earthquake|p2a: Magcargo\n|-supereffective|p2a: Magcargo\n|-damage|p2a: Magcargo|0 fnt\n|faint|p2a: Magcargo\n|\n|-weather|Sandstorm|[upkeep]\n|upkeep\n|inactive|Time left: 300 sec this turn | 300 sec total | 5 sec grace\n|\n|t:|1783568060\n|switch|p2a: Piloswine|Piloswine, L85, M|309/309\n|-status|p2a: Piloswine|psn\n|turn|9\n|inactive|Time left: 300 sec this turn | 300 sec total\n|\n|t:|1783568061\n|move|p1a: Tyranitar|Knock Off|p2a: Piloswine\n|-damage|p2a: Piloswine|194/309 psn\n|-enditem|p2a: Piloswine|Eviolite|[from] move: Knock Off|[of] p1a: Tyranitar\n|move|p2a: Piloswine|Roar|p1a: Tyranitar\n|drag|p1a: Squawkabilly|Squawkabilly-Blue, L85, M|4/100\n|-damage|p1a: Squawkabilly|0 fnt|[from] Stealth Rock\n|faint|p1a: Squawkabilly\n|\n|-weather|Sandstorm|[upkeep]\n|-damage|p2a: Piloswine|156/309 psn|[from] psn\n|upkeep\n|\n|t:|1783568062\n|switch|p1a: Forretress|Forretress, L84, M|100/100\n|-damage|p1a: Forretress|88/100|[from] Stealth Rock\n|turn|10\n|inactive|Time left: 300 sec this turn | 300 sec total\n|\n|t:|1783568063\n|switch|p2a: Porygon2|Porygon2, L81|270/270\n|-status|p2a: Porygon2|psn\n|-ability|p2a: Porygon2|Download|boost\n|-boost|p2a: Porygon2|spa|1\n|move|p1a: Forretress|Rapid Spin|p2a: Porygon2\n|-damage|p2a: Porygon2|246/270 psn\n|-boost|p1a: Forretress|spe|1\n|-sideend|p1: p0x2417347c|Stealth Rock|[from] move: Rapid Spin|[of] p1a: Forretress\n|\n|-weather|none\n|-heal|p1a: Forretress|94/100|[from] item: Leftovers\n|-damage|p2a: Porygon2|213/270 psn|[from] psn\n|upkeep\n|turn|11\n|inactive|Time left: 300 sec this turn | 300 sec total\n|\n|t:|1783568064\n|move|p1a: Forretress|Iron Head|p2a: Porygon2\n|-damage|p2a: Porygon2|158/270 psn\n|move|p2a: Porygon2|Discharge|p1a: Forretress\n|-damage|p1a: Forretress|55/100\n|\n|-heal|p1a: Forretress|61/100|[from] item: Leftovers\n|-damage|p2a: Porygon2|125/270 psn|[from] psn\n|upkeep\n|turn|12\n|inactive|Time left: 300 sec this turn | 300 sec total\n|\n|t:|1783568065\n|move|p1a: Forretress|Iron Head|p2a: Porygon2\n|-damage|p2a: Porygon2|67/270 psn\n|cant|p2a: Porygon2|flinch\n|\n|-heal|p1a: Forretress|67/100|[from] item: Leftovers\n|-damage|p2a: Porygon2|34/270 psn|[from] psn\n|upkeep\n|turn|13\n|inactive|Time left: 300 sec this turn | 300 sec total\n|\n|t:|1783568066\n|move|p1a: Forretress|Iron Head|p2a: Porygon2\n|-damage|p2a: Porygon2|0 fnt\n|faint|p2a: Porygon2\n|\n|-heal|p1a: Forretress|74/100|[from] item: Leftovers\n|upkeep\n|inactive|Time left: 300 sec this turn | 300 sec total | 5 sec grace\n|\n|t:|1783568067\n|switch|p2a: Tatsugiri|Tatsugiri, L87, F|260/260\n|turn|14\n|inactive|Time left: 300 sec this turn | 300 sec total\n|\n|t:|1783568068\n|move|p2a: Tatsugiri|Nasty Plot|p2a: Tatsugiri\n|-boost|p2a: Tatsugiri|spa|2\n|move|p1a: Forretress|Rapid Spin|p2a: Tatsugiri\n|-damage|p2a: Tatsugiri|217/260\n|-boost|p1a: Forretress|spe|1\n|\n|-heal|p1a: Forretress|80/100|[from] item: Leftovers\n|upkeep\n|turn|15\n|inactive|Time left: 300 sec this turn | 300 sec total\n|\n|t:|1783568069\n|move|p1a: Forretress|Iron Head|p2a: Tatsugiri\n|-resisted|p2a: Tatsugiri\n|-damage|p2a: Tatsugiri|169/260\n|cant|p2a: Tatsugiri|flinch\n|\n|-heal|p1a: Forretress|86/100|[from] item: Leftovers\n|upkeep\n|turn|16\n|inactive|Time left: 300 sec this turn | 300 sec total\n|\n|t:|1783568070\n|move|p1a: Forretress|Iron Head|p2a: Tatsugiri\n|-resisted|p2a: Tatsugiri\n|-damage|p2a: Tatsugiri|119/260\n|cant|p2a: Tatsugiri|flinch\n|\n|-heal|p1a: Forretress|92/100|[from] item: Leftovers\n|upkeep\n|turn|17\n|inactive|Time left: 300 sec this turn | 300 sec total\n|\n|t:|1783568071\n|move|p1a: Forretress|Volt Switch|p2a: Tatsugiri\n|-damage|p2a: Tatsugiri|85/260\n|\n|t:|1783568071\n|switch|p1a: Swalot|Swalot, L90, F|16/100|[from] Volt Switch\n|move|p2a: Tatsugiri|Hydro Pump|p1a: Swalot|[miss]\n|-miss|p2a: Tatsugiri|p1a: Swalot\n|\n|-heal|p1a: Swalot|22/100|[from] item: Leftovers\n|upkeep\n|turn|18\n|inactive|Time left: 300 sec this turn | 300 sec total\n|\n|t:|1783568072\n|move|p2a: Tatsugiri|Hydro Pump|p1a: Swalot\n|-damage|p1a: Swalot|0 fnt\n|faint|p1a: Swalot\n|\n|upkeep\n|\n|t:|1783568073\n|switch|p1a: Heracross|Heracross, L80, F|100/100\n|turn|19\n|inactive|Time left: 300 sec this turn | 300 sec total\n|\n|t:|1783568074\n|move|p1a: Heracross|Earthquake|p2a: Tatsugiri\n|-damage|p2a: Tatsugiri|0 fnt\n|faint|p2a: Tatsugiri\n|-ability|p1a: Heracross|Moxie|boost\n|-boost|p1a: Heracross|atk|1\n|\n|upkeep\n|inactive|Time left: 300 sec this turn | 300 sec total | 5 sec grace\n|\n|t:|1783568076\n|switch|p2a: Noctowl|Noctowl, L95, F|344/344\n|turn|20\n|inactive|Time left: 300 sec this turn | 300 sec total\n|\n|t:|1783568077\n|switch|p1a: Tyranitar|Tyranitar, L78, M|88/100\n|-weather|Sandstorm|[from] ability: Sand Stream|[of] p1a: Tyranitar\n|move|p2a: Noctowl|Hurricane|p1a: Tyranitar|[miss]\n|-miss|p2a: Noctowl|p1a: Tyranitar\n|\n|-weather|Sandstorm|[upkeep]\n|-damage|p2a: Noctowl|323/344|[from] Sandstorm\n|upkeep\n|turn|21\n|inactive|Time left: 300 sec this turn | 300 sec total\n|\n|t:|1783568078\n|move|p2a: Noctowl|Hurricane|p1a: Tyranitar\n|-resisted|p1a: Tyranitar\n|-damage|p1a: Tyranitar|57/100\n|-start|p1a: Tyranitar|confusion\n|-activate|p1a: Tyranitar|confusion\n|move|p1a: Tyranitar|Stone Edge|p2a: Noctowl\n|-supereffective|p2a: Noctowl\n|-crit|p2a: Noctowl\n|-damage|p2a: Noctowl|0 fnt\n|faint|p2a: Noctowl\n|\n|-weather|Sandstorm|[upkeep]\n|upkeep\n|inactive|Time left: 300 sec this turn | 300 sec total | 5 sec grace\n|\n|t:|1783568079\n|switch|p2a: Piloswine|Piloswine, L85, M|156/309 psn\n|turn|22\n|inactive|Time left: 300 sec this turn | 300 sec total\n|\n|t:|1783568080\n|switch|p1a: Heracross|Heracross, L80, F|100/100\n|move|p2a: Piloswine|Earthquake|p1a: Heracross\n|-resisted|p1a: Heracross\n|-crit|p1a: Heracross\n|-damage|p1a: Heracross|65/100\n|\n|-weather|Sandstorm|[upkeep]\n|-damage|p1a: Heracross|59/100|[from] Sandstorm\n|-damage|p2a: Piloswine|118/309 psn|[from] psn\n|upkeep\n|turn|23\n|inactive|Time left: 300 sec this turn | 300 sec total\n|\n|t:|1783568081\n|-terastallize|p2a: Piloswine|Dragon\n|move|p1a: Heracross|Earthquake|p2a: Piloswine\n|-damage|p2a: Piloswine|35/309 psn\n|move|p2a: Piloswine|Earthquake|p1a: Heracross\n|-resisted|p1a: Heracross\n|-damage|p1a: Heracross|31/100\n|\n|-weather|Sandstorm|[upkeep]\n|-damage|p1a: Heracross|25/100|[from] Sandstorm\n|-damage|p2a: Piloswine|16/309 psn|[from] Sandstorm\n|-damage|p2a: Piloswine|0 fnt|[from] psn\n|faint|p2a: Piloswine\n|\n|win|p0x2417347c", "uploadtime": 1783568081, "views": 0, "rating": 0, "private": 0, "password": null, "_winner": "p0x2417347c", "_our_name": "p0y2417e0ed"}