{"id": "battle-gen9randombattle-159", "formatid": "gen9randombattle", "format": "[Gen 9] Random Battle", "players": ["p0x15933ae", "p0y15986c4"], "log": "|init|battle\n|title|p0x15933ae vs. p0y15986c4\n|j|\u2606p0x15933ae\n|j|\u2606p0y15986c4\n|t:|1783540989\n|gametype|singles\n|player|p1|p0x15933ae|266|\n|player|p2|p0y15986c4|102|\n|gen|9\n|tier|[Gen 9] Random Battle\n|rule|Species Clause: Limit one of each Pok\u00e9mon\n|rule|HP Percentage Mod: HP is shown in percentages\n|rule|Sleep Clause Mod: Limit one foe put to sleep\n|rule|Illusion Level Mod: Illusion disguises the Pok\u00e9mon's true level\n|\n|t:|1783540989\n|teamsize|p1|6\n|teamsize|p2|6\n|start\n|switch|p1a: Articuno|Articuno, L86|295/295\n|switch|p2a: Cobalion|Cobalion, L80|100/100\n|-ability|p1a: Articuno|Pressure\n|turn|1\n|inactive|Battle timer is ON: inactive players will automatically lose when time's up. (requested by p0x15933ae)\n|inactive|p0y15986c4 also wants the timer to be on.\n|\n|t:|1783540990\n|move|p2a: Cobalion|Swords Dance|p2a: Cobalion\n|-boost|p2a: Cobalion|atk|2\n|move|p1a: Articuno|Freeze-Dry|p2a: Cobalion\n|-resisted|p2a: Cobalion\n|-damage|p2a: Cobalion|85/100\n|\n|upkeep\n|turn|2\n|inactive|Time left: 300 sec this turn | 300 sec total\n|\n|t:|1783540991\n|switch|p1a: Dipplin|Dipplin, L88, F|284/284\n|move|p2a: Cobalion|Iron Head|p1a: Dipplin\n|-damage|p1a: Dipplin|174/284\n|-damage|p2a: Cobalion|75/100|[from] item: Life Orb\n|\n|upkeep\n|turn|3\n|inactive|Time left: 300 sec this turn | 300 sec total\n|\n|t:|1783540992\n|-terastallize|p2a: Cobalion|Fighting\n|move|p2a: Cobalion|Close Combat|p1a: Dipplin\n|-damage|p1a: Dipplin|0 fnt\n|-unboost|p2a: Cobalion|def|1\n|-unboost|p2a: Cobalion|spd|1\n|faint|p1a: Dipplin\n|-damage|p2a: Cobalion|65/100|[from] item: Life Orb\n|\n|upkeep\n|inactive|Time left: 300 sec this turn | 300 sec total | 5 sec grace\n|\n|t:|1783540993\n|switch|p1a: Regieleki|Regieleki, L79|256/256\n|turn|4\n|inactive|Time left: 300 sec this turn | 300 sec total\n|\n|t:|1783540994\n|switch|p2a: Serperior|Serperior, L79, F|100/100\n|move|p1a: Regieleki|Volt Switch|p2a: Serperior\n|-resisted|p2a: Serperior\n|-damage|p2a: Serperior|80/100\n|inactive|Time left: 300 sec this turn | 300 sec total | 5 sec grace\n|\n|t:|1783540995\n|switch|p1a: Articuno|Articuno, L86|295/295|[from] Volt Switch\n|-ability|p1a: Articuno|Pressure\n|\n|-heal|p2a: Serperior|86/100|[from] item: Leftovers\n|upkeep\n|turn|5\n|inactive|Time left: 300 sec this turn | 300 sec total\n|\n|t:|1783540996\n|switch|p2a: Beartic|Beartic, L91, M|100/100\n|move|p1a: Articuno|Brave Bird|p2a: Beartic\n|-damage|p2a: Beartic|65/100\n|-damage|p1a: Articuno|257/295|[from] Recoil\n|\n|upkeep\n|turn|6\n|inactive|Time left: 300 sec this turn | 300 sec total\n|\n|t:|1783540997\n|move|p1a: Articuno|Brave Bird|p2a: Beartic\n|-damage|p2a: Beartic|29/100\n|-damage|p1a: Articuno|219/295|[from] Recoil\n|move|p2a: Beartic|Icicle Crash|p1a: Articuno\n|-damage|p1a: Articuno|104/295\n|\n|upkeep\n|turn|7\n|inactive|Time left: 300 sec this turn | 300 sec total\n|\n|t:|1783540999\n|move|p1a: Articuno|Brave Bird|p2a: Beartic\n|-damage|p2a: Beartic|0 fnt\n|faint|p2a: Beartic\n|-damage|p1a: Articuno|74/295|[from] Recoil\n|\n|upkeep\n|\n|t:|1783541000\n|switch|p2a: Flutter Mane|Flutter Mane, L74|100/100\n|turn|8\n|inactive|Time left: 300 sec this turn | 300 sec total\n|\n|t:|1783541001\n|switch|p1a: Sylveon|Sylveon, L85, F|300/300\n|move|p2a: Flutter Mane|Moonblast|p1a: Sylveon\n|-damage|p1a: Sylveon|191/300\n|\n|-heal|p1a: Sylveon|209/300|[from] item: Leftovers\n|upkeep\n|turn|9\n|inactive|Time left: 300 sec this turn | 300 sec total\n|\n|t:|1783541002\n|move|p2a: Flutter Mane|Moonblast|p1a: Sylveon\n|-damage|p1a: Sylveon|92/300\n|move|p1a: Sylveon|Hyper Voice|p2a: Flutter Mane\n|-damage|p2a: Flutter Mane|47/100\n|\n|-heal|p1a: Sylveon|110/300|[from] item: Leftovers\n|upkeep\n|turn|10\n|inactive|Time left: 300 sec this turn | 300 sec total\n|\n|t:|1783541003\n|move|p1a: Sylveon|Protect|p1a: Sylveon\n|-singleturn|p1a: Sylveon|Protect\n|move|p2a: Flutter Mane|Moonblast|p1a: Sylveon\n|-activate|p1a: Sylveon|move: Protect\n|\n|-heal|p1a: Sylveon|128/300|[from] item: Leftovers\n|upkeep\n|turn|11\n|inactive|Time left: 300 sec this turn | 300 sec total\n|\n|t:|1783541004\n|move|p2a: Flutter Mane|Moonblast|p1a: Sylveon\n|-damage|p1a: Sylveon|25/300\n|move|p1a: Sylveon|Hyper Voice|p2a: Flutter Mane\n|-damage|p2a: Flutter Mane|0 fnt\n|faint|p2a: Flutter Mane\n|-end|p2a: Flutter Mane|Protosynthesis|[silent]\n|\n|-heal|p1a: Sylveon|43/300|[from] item: Leftovers\n|upkeep\n|\n|t:|1783541005\n|switch|p2a: Serperior|Serperior, L79, F|86/100\n|turn|12\n|inactive|Time left: 300 sec this turn | 300 sec total\n|\n|t:|1783541006\n|move|p1a: Sylveon|Protect|p1a: Sylveon\n|-singleturn|p1a: Sylveon|Protect\n|move|p2a: Serperior|Leaf Storm|p1a: Sylveon\n|-activate|p1a: Sylveon|move: Protect\n|\n|-heal|p2a: Serperior|92/100|[from] item: Leftovers\n|-heal|p1a: Sylveon|61/300|[from] item: Leftovers\n|upkeep\n|turn|13\n|inactive|Time left: 300 sec this turn | 300 sec total\n|\n|t:|1783541007\n|-terastallize|p1a: Sylveon|Steel\n|move|p2a: Serperior|Leaf Storm|p1a: Sylveon\n|-resisted|p1a: Sylveon\n|-damage|p1a: Sylveon|25/300\n|-boost|p2a: Serperior|spa|2\n|move|p1a: Sylveon|Hyper Voice|p2a: Serperior\n|-damage|p2a: Serperior|42/100\n|\n|-heal|p2a: Serperior|48/100|[from] item: Leftovers\n|-heal|p1a: Sylveon|43/300|[from] item: Leftovers\n|upkeep\n|turn|14\n|inactive|Time left: 300 sec this turn | 300 sec total\n|\n|t:|1783541009\n|move|p1a: Sylveon|Protect|p1a: Sylveon\n|-singleturn|p1a: Sylveon|Protect\n|move|p2a: Serperior|Leaf Storm|p1a: Sylveon\n|-activate|p1a: Sylveon|move: Protect\n|\n|-heal|p2a: Serperior|54/100|[from] item: Leftovers\n|-heal|p1a: Sylveon|61/300|[from] item: Leftovers\n|upkeep\n|turn|15\n|inactive|Time left: 300 sec this turn | 300 sec total\n|\n|t:|1783541010\n|move|p1a: Sylveon|Protect||[still]\n|-fail|p1a: Sylveon\n|move|p2a: Serperior|Leaf Storm|p1a: Sylveon\n|-resisted|p1a: Sylveon\n|-damage|p1a: Sylveon|0 fnt\n|-boost|p2a: Serperior|spa|2\n|faint|p1a: Sylveon\n|\n|-heal|p2a: Serperior|60/100|[from] item: Leftovers\n|upkeep\n|inactive|Time left: 300 sec this turn | 300 sec total | 5 sec grace\n|\n|t:|1783541011\n|switch|p1a: Baxcalibur|Baxcalibur, L75, F|296/296\n|turn|16\n|inactive|Time left: 300 sec this turn | 300 sec total\n|\n|t:|1783541012\n|move|p2a: Serperior|Dragon Pulse|p1a: Baxcalibur\n|-supereffective|p1a: Baxcalibur\n|-damage|p1a: Baxcalibur|24/296\n|move|p1a: Baxcalibur|Icicle Crash|p2a: Serperior\n|-supereffective|p2a: Serperior\n|-damage|p2a: Serperior|0 fnt\n|faint|p2a: Serperior\n|\n|upkeep\n|\n|t:|1783541013\n|switch|p2a: Cobalion|Cobalion, L80, tera:Fighting|65/100\n|turn|17\n|inactive|Time left: 300 sec this turn | 300 sec total\n|\n|t:|1783541014\n|move|p2a: Cobalion|Stone Edge|p1a: Baxcalibur\n|-supereffective|p1a: Baxcalibur\n|-crit|p1a: Baxcalibur\n|-damage|p1a: Baxcalibur|0 fnt\n|faint|p1a: Baxcalibur\n|-damage|p2a: Cobalion|55/100|[from] item: Life Orb\n|\n|upkeep\n|inactive|Time left: 300 sec this turn | 300 sec total | 5 sec grace\n|\n|t:|1783541015\n|switch|p1a: Regieleki|Regieleki, L79|256/256\n|turn|18\n|inactive|Time left: 300 sec this turn | 300 sec total\n|\n|t:|1783541016\n|switch|p2a: Hariyama|Hariyama, L87, F|100/100\n|move|p1a: Regieleki|Thunderbolt|p2a: Hariyama\n|-damage|p2a: Hariyama|70/100\n|\n|upkeep\n|turn|19\n|inactive|Time left: 300 sec this turn | 300 sec total\n|\n|t:|1783541017\n|move|p1a: Regieleki|Volt Switch|p2a: Hariyama\n|-damage|p2a: Hariyama|46/100\n|inactive|Time left: 300 sec this turn | 300 sec total | 5 sec grace\n|\n|t:|1783541018\n|switch|p1a: Urshifu|Urshifu-Rapid-Strike, L75, M|274/274|[from] Volt Switch\n|move|p2a: Hariyama|Knock Off|p1a: Urshifu\n|-resisted|p1a: Urshifu\n|-damage|p1a: Urshifu|234/274\n|-enditem|p1a: Urshifu|Life Orb|[from] move: Knock Off|[of] p2a: Hariyama\n|\n|upkeep\n|turn|20\n|inactive|Time left: 300 sec this turn | 300 sec total\n|\n|t:|1783541019\n|move|p1a: Urshifu|Swords Dance|p1a: Urshifu\n|-boost|p1a: Urshifu|atk|2\n|move|p2a: Hariyama|Close Combat|p1a: Urshifu\n|-damage|p1a: Urshifu|65/274\n|-unboost|p2a: Hariyama|def|1\n|-unboost|p2a: Hariyama|spd|1\n|\n|upkeep\n|turn|21\n|inactive|Time left: 300 sec this turn | 300 sec total\n|\n|t:|1783541020\n|move|p1a: Urshifu|Surging Strikes|p2a: Hariyama\n|-crit|p2a: Hariyama\n|-damage|p2a: Hariyama|7/100\n|-crit|p2a: Hariyama\n|-damage|p2a: Hariyama|0 fnt\n|faint|p2a: Hariyama\n|-hitcount|p2: Hariyama|2\n|\n|upkeep\n|\n|t:|1783541021\n|switch|p2a: Arceus|Arceus, L68|100/100\n|turn|22\n|inactive|Time left: 300 sec this turn | 300 sec total\n|\n|t:|1783541022\n|move|p2a: Arceus|Extreme Speed|p1a: Urshifu\n|-damage|p1a: Urshifu|0 fnt\n|faint|p1a: Urshifu\n|-damage|p2a: Arceus|91/100|[from] item: Life Orb\n|\n|upkeep\n|inactive|Time left: 300 sec this turn | 300 sec total | 5 sec grace\n|\n|t:|1783541023\n|switch|p1a: Articuno|Articuno, L86|74/295\n|-ability|p1a: Articuno|Pressure\n|turn|23\n|inactive|Time left: 300 sec this turn | 300 sec total\n|\n|t:|1783541024\n|move|p2a: Arceus|Extreme Speed|p1a: Articuno\n|-damage|p1a: Articuno|3/295\n|-damage|p2a: Arceus|81/100|[from] item: Life Orb\n|move|p1a: Articuno|Brave Bird|p2a: Arceus\n|-damage|p2a: Arceus|35/100\n|-damage|p1a: Articuno|0 fnt|[from] Recoil\n|faint|p1a: Articuno\n|\n|upkeep\n|inactive|Time left: 300 sec this turn | 300 sec total | 5 sec grace\n|\n|t:|1783541024\n|switch|p1a: Regieleki|Regieleki, L79|256/256\n|turn|24\n|inactive|Time left: 300 sec this turn | 300 sec total\n|\n|t:|1783541025\n|switch|p2a: Cobalion|Cobalion, L80, tera:Fighting|55/100\n|move|p1a: Regieleki|Thunderbolt|p2a: Cobalion\n|-damage|p2a: Cobalion|0 fnt\n|faint|p2a: Cobalion\n|\n|upkeep\n|\n|t:|1783541026\n|switch|p2a: Arceus|Arceus, L68|35/100\n|turn|25\n|inactive|Time left: 300 sec this turn | 300 sec total\n|\n|t:|1783541027\n|move|p1a: Regieleki|Thunderbolt|p2a: Arceus\n|-damage|p2a: Arceus|0 fnt\n|faint|p2a: Arceus\n|\n|win|p0x15933ae", "uploadtime": 1783541027, "views": 0, "rating": 0, "private": 0, "password": null, "_winner": "p0x15933ae", "_our_name": "p0x15933ae"}