{"id": "battle-gen9randombattle-477", "formatid": "gen9randombattle", "format": "[Gen 9] Random Battle", "players": ["p0x4770162", "p0y4778d30"], "log": "|init|battle\n|title|p0x4770162 vs. p0y4778d30\n|j|\u2606p0x4770162\n|j|\u2606p0y4778d30\n|t:|1783544578\n|gametype|singles\n|player|p1|p0x4770162|266|\n|player|p2|p0y4778d30|169|\n|gen|9\n|tier|[Gen 9] Random Battle\n|rule|Species Clause: Limit one of each Pok\u00e9mon\n|rule|HP Percentage Mod: HP is shown in percentages\n|rule|Sleep Clause Mod: Limit one foe put to sleep\n|rule|Illusion Level Mod: Illusion disguises the Pok\u00e9mon's true level\n|\n|t:|1783544578\n|teamsize|p1|6\n|teamsize|p2|6\n|start\n|switch|p1a: Glaceon|Glaceon, L94, M|275/275\n|switch|p2a: Armarouge|Armarouge, L80, M|100/100\n|turn|1\n|inactive|Battle timer is ON: inactive players will automatically lose when time's up. (requested by p0x4770162)\n|inactive|p0y4778d30 also wants the timer to be on.\n|\n|t:|1783544580\n|move|p1a: Glaceon|Protect|p1a: Glaceon\n|-singleturn|p1a: Glaceon|Protect\n|move|p2a: Armarouge|Armor Cannon|p1a: Glaceon\n|-activate|p1a: Glaceon|move: Protect\n|\n|upkeep\n|turn|2\n|inactive|Time left: 300 sec this turn | 300 sec total\n|\n|t:|1783544581\n|switch|p1a: Samurott|Samurott, L88, F|310/310\n|move|p2a: Armarouge|Meteor Beam||[still]\n|-prepare|p2a: Armarouge|Meteor Beam\n|-boost|p2a: Armarouge|spa|1\n|-enditem|p2a: Armarouge|Power Herb\n|-anim|p2a: Armarouge|Meteor Beam|p1a: Samurott\n|-damage|p1a: Samurott|202/310\n|\n|upkeep\n|turn|3\n|inactive|Time left: 300 sec this turn | 300 sec total\n|\n|t:|1783544582\n|move|p1a: Samurott|Hydro Pump|p2a: Armarouge|[miss]\n|-miss|p1a: Samurott|p2a: Armarouge\n|move|p2a: Armarouge|Energy Ball|p1a: Samurott\n|-supereffective|p1a: Samurott\n|-damage|p1a: Samurott|40/310\n|\n|upkeep\n|turn|4\n|inactive|Time left: 300 sec this turn | 300 sec total\n|\n|t:|1783544583\n|switch|p2a: Dragalge|Dragalge, L88, F|100/100\n|move|p1a: Samurott|Hydro Pump|p2a: Dragalge\n|-resisted|p2a: Dragalge\n|-damage|p2a: Dragalge|72/100\n|\n|-heal|p2a: Dragalge|78/100|[from] item: Leftovers\n|upkeep\n|turn|5\n|inactive|Time left: 300 sec this turn | 300 sec total\n|\n|t:|1783544585\n|move|p1a: Samurott|Hydro Pump|p2a: Dragalge\n|-resisted|p2a: Dragalge\n|-damage|p2a: Dragalge|47/100\n|move|p2a: Dragalge|Sludge Wave|p1a: Samurott\n|-damage|p1a: Samurott|0 fnt\n|faint|p1a: Samurott\n|\n|-heal|p2a: Dragalge|53/100|[from] item: Leftovers\n|upkeep\n|inactive|Time left: 300 sec this turn | 300 sec total | 5 sec grace\n|\n|t:|1783544586\n|switch|p1a: Gouging Fire|Gouging Fire, L74|277/277\n|turn|6\n|inactive|Time left: 300 sec this turn | 300 sec total\n|\n|t:|1783544587\n|-terastallize|p2a: Dragalge|Fighting\n|move|p1a: Gouging Fire|Outrage|p2a: Dragalge\n|-damage|p2a: Dragalge|15/100\n|move|p2a: Dragalge|Draco Meteor|p1a: Gouging Fire\n|-supereffective|p1a: Gouging Fire\n|-damage|p1a: Gouging Fire|0 fnt\n|-unboost|p2a: Dragalge|spa|2\n|faint|p1a: Gouging Fire\n|-end|p1a: Gouging Fire|Protosynthesis|[silent]\n|\n|-heal|p2a: Dragalge|21/100|[from] item: Leftovers\n|upkeep\n|inactive|Time left: 300 sec this turn | 300 sec total | 5 sec grace\n|\n|t:|1783544588\n|switch|p1a: Manaphy|Manaphy, L78|284/284\n|turn|7\n|inactive|Time left: 300 sec this turn | 300 sec total\n|\n|t:|1783544589\n|switch|p2a: Electrode|Electrode-Hisui, L87|100/100\n|move|p1a: Manaphy|Tail Glow|p1a: Manaphy\n|-boost|p1a: Manaphy|spa|3\n|\n|upkeep\n|turn|8\n|inactive|Time left: 300 sec this turn | 300 sec total\n|\n|t:|1783544590\n|move|p2a: Electrode|Leaf Storm|p1a: Manaphy\n|-supereffective|p1a: Manaphy\n|-damage|p1a: Manaphy|0 fnt\n|-unboost|p2a: Electrode|spa|2\n|faint|p1a: Manaphy\n|-damage|p2a: Electrode|91/100|[from] item: Life Orb\n|\n|upkeep\n|inactive|Time left: 300 sec this turn | 300 sec total | 5 sec grace\n|\n|t:|1783544591\n|switch|p1a: Misdreavus|Misdreavus, L90, M|254/254\n|turn|9\n|inactive|Time left: 300 sec this turn | 300 sec total\n|\n|t:|1783544592\n|switch|p2a: Brute Bonnet|Brute Bonnet, L80|100/100\n|move|p1a: Misdreavus|Calm Mind|p1a: Misdreavus\n|-boost|p1a: Misdreavus|spa|1\n|-boost|p1a: Misdreavus|spd|1\n|\n|upkeep\n|turn|10\n|inactive|Time left: 300 sec this turn | 300 sec total\n|\n|t:|1783544593\n|move|p1a: Misdreavus|Will-O-Wisp|p2a: Brute Bonnet\n|-status|p2a: Brute Bonnet|brn\n|move|p2a: Brute Bonnet|Spore|p1a: Misdreavus\n|-status|p1a: Misdreavus|slp|[from] move: Spore\n|\n|-damage|p2a: Brute Bonnet|94/100 brn|[from] brn\n|upkeep\n|turn|11\n|inactive|Time left: 300 sec this turn | 300 sec total\n|\n|t:|1783544594\n|cant|p1a: Misdreavus|slp\n|move|p2a: Brute Bonnet|Crunch|p1a: Misdreavus\n|-supereffective|p1a: Misdreavus\n|-damage|p1a: Misdreavus|172/254 slp\n|\n|-heal|p2a: Brute Bonnet|100/100 brn|[from] item: Leftovers\n|-damage|p2a: Brute Bonnet|94/100 brn|[from] brn\n|upkeep\n|turn|12\n|inactive|Time left: 300 sec this turn | 300 sec total\n|\n|t:|1783544595\n|cant|p1a: Misdreavus|slp\n|move|p2a: Brute Bonnet|Crunch|p1a: Misdreavus\n|-supereffective|p1a: Misdreavus\n|-damage|p1a: Misdreavus|99/254 slp\n|\n|-heal|p2a: Brute Bonnet|100/100 brn|[from] item: Leftovers\n|-damage|p2a: Brute Bonnet|94/100 brn|[from] brn\n|upkeep\n|turn|13\n|inactive|Time left: 300 sec this turn | 300 sec total\n|\n|t:|1783544596\n|cant|p1a: Misdreavus|slp\n|move|p2a: Brute Bonnet|Crunch|p1a: Misdreavus\n|-supereffective|p1a: Misdreavus\n|-crit|p1a: Misdreavus\n|-damage|p1a: Misdreavus|0 fnt\n|faint|p1a: Misdreavus\n|\n|-heal|p2a: Brute Bonnet|100/100 brn|[from] item: Leftovers\n|-damage|p2a: Brute Bonnet|94/100 brn|[from] brn\n|upkeep\n|inactive|Time left: 300 sec this turn | 300 sec total | 5 sec grace\n|\n|t:|1783544597\n|switch|p1a: Glaceon|Glaceon, L94, M|275/275\n|turn|14\n|inactive|Time left: 300 sec this turn | 300 sec total\n|\n|t:|1783544598\n|move|p1a: Glaceon|Calm Mind|p1a: Glaceon\n|-boost|p1a: Glaceon|spa|1\n|-boost|p1a: Glaceon|spd|1\n|move|p2a: Brute Bonnet|Spore|p1a: Glaceon\n|-status|p1a: Glaceon|slp|[from] move: Spore\n|\n|-heal|p2a: Brute Bonnet|100/100 brn|[from] item: Leftovers\n|-damage|p2a: Brute Bonnet|94/100 brn|[from] brn\n|upkeep\n|turn|15\n|inactive|Time left: 300 sec this turn | 300 sec total\n|\n|t:|1783544599\n|cant|p1a: Glaceon|slp\n|move|p2a: Brute Bonnet|Close Combat|p1a: Glaceon\n|-supereffective|p1a: Glaceon\n|-damage|p1a: Glaceon|199/275 slp\n|-unboost|p2a: Brute Bonnet|def|1\n|-unboost|p2a: Brute Bonnet|spd|1\n|\n|-heal|p2a: Brute Bonnet|100/100 brn|[from] item: Leftovers\n|-damage|p2a: Brute Bonnet|94/100 brn|[from] brn\n|upkeep\n|turn|16\n|inactive|Time left: 300 sec this turn | 300 sec total\n|\n|t:|1783544600\n|-end|p2a: Brute Bonnet|Protosynthesis|[silent]\n|switch|p2a: Heracross|Heracross, L80, F|100/100\n|cant|p1a: Glaceon|slp\n|\n|upkeep\n|turn|17\n|inactive|Time left: 300 sec this turn | 300 sec total\n|\n|t:|1783544601\n|-terastallize|p1a: Glaceon|Water\n|move|p2a: Heracross|Close Combat|p1a: Glaceon\n|-damage|p1a: Glaceon|84/275 slp\n|-unboost|p2a: Heracross|def|1\n|-unboost|p2a: Heracross|spd|1\n|-curestatus|p1a: Glaceon|slp|[msg]\n|move|p1a: Glaceon|Freeze-Dry|p2a: Heracross\n|-damage|p2a: Heracross|9/100\n|\n|upkeep\n|turn|18\n|inactive|Time left: 300 sec this turn | 300 sec total\n|\n|t:|1783544602\n|move|p1a: Glaceon|Protect|p1a: Glaceon\n|-singleturn|p1a: Glaceon|Protect\n|move|p2a: Heracross|Close Combat|p1a: Glaceon\n|-activate|p1a: Glaceon|move: Protect\n|\n|upkeep\n|turn|19\n|inactive|Time left: 300 sec this turn | 300 sec total\n|\n|t:|1783544603\n|move|p1a: Glaceon|Protect||[still]\n|-fail|p1a: Glaceon\n|move|p2a: Heracross|Close Combat|p1a: Glaceon\n|-damage|p1a: Glaceon|0 fnt\n|-unboost|p2a: Heracross|def|1\n|-unboost|p2a: Heracross|spd|1\n|faint|p1a: Glaceon\n|-ability|p2a: Heracross|Moxie|boost\n|-boost|p2a: Heracross|atk|1\n|\n|upkeep\n|inactive|Time left: 300 sec this turn | 300 sec total | 5 sec grace\n|\n|t:|1783544604\n|switch|p1a: Grafaiai|Grafaiai, L86, M|249/249\n|turn|20\n|inactive|Time left: 300 sec this turn | 300 sec total\n|\n|t:|1783544605\n|move|p2a: Heracross|Close Combat|p1a: Grafaiai\n|-damage|p1a: Grafaiai|0 fnt\n|-unboost|p2a: Heracross|def|1\n|-unboost|p2a: Heracross|spd|1\n|faint|p1a: Grafaiai\n|\n|win|p0y4778d30", "uploadtime": 1783544605, "views": 0, "rating": 0, "private": 0, "password": null, "_winner": "p0y4778d30", "_our_name": "p0x4770162"}