{"id": "battle-gen9randombattle-1398", "formatid": "gen9randombattle", "format": "[Gen 9] Random Battle", "players": ["p0x13987fa2", "p0y13987c9f"], "log": "|init|battle\n|title|p0x13987fa2 vs. p0y13987c9f\n|j|\u2606p0x13987fa2\n|j|\u2606p0y13987c9f\n|t:|1783556245\n|gametype|singles\n|player|p1|p0x13987fa2|101|\n|player|p2|p0y13987c9f|101|\n|gen|9\n|tier|[Gen 9] Random Battle\n|rule|Species Clause: Limit one of each Pok\u00e9mon\n|rule|HP Percentage Mod: HP is shown in percentages\n|rule|Sleep Clause Mod: Limit one foe put to sleep\n|rule|Illusion Level Mod: Illusion disguises the Pok\u00e9mon's true level\n|\n|t:|1783556245\n|teamsize|p1|6\n|teamsize|p2|6\n|start\n|switch|p1a: Minior|Minior-Orange, L79|224/224\n|switch|p2a: Pincurchin|Pincurchin, M|100/100\n|-fieldstart|move: Electric Terrain|[from] ability: Electric Surge|[of] p2a: Pincurchin\n|-formechange|p1a: Minior|Minior-Meteor||[from] ability: Shields Down\n|turn|1\n|inactive|Battle timer is ON: inactive players will automatically lose when time's up. (requested by p0y13987c9f)\n|inactive|Time left: 300 sec this turn | 300 sec total | 60 sec grace\n|inactive|p0x13987fa2 also wants the timer to be on.\n|\n|t:|1783556246\n|switch|p1a: Glastrier|Glastrier, L86|312/312\n|move|p2a: Pincurchin|Thunderbolt|p1a: Glastrier\n|-damage|p1a: Glastrier|179/312\n|\n|upkeep\n|turn|2\n|inactive|Time left: 300 sec this turn | 300 sec total\n|\n|t:|1783556248\n|move|p1a: Glastrier|High Horsepower|p2a: Pincurchin\n|-supereffective|p2a: Pincurchin\n|-damage|p2a: Pincurchin|44/100\n|move|p2a: Pincurchin|Thunderbolt|p1a: Glastrier\n|-damage|p1a: Glastrier|47/312\n|\n|-heal|p2a: Pincurchin|50/100|[from] item: Leftovers\n|upkeep\n|turn|3\n|inactive|Time left: 300 sec this turn | 300 sec total\n|\n|t:|1783556249\n|switch|p2a: Veluza|Veluza, L85, M|100/100\n|move|p1a: Glastrier|High Horsepower|p2a: Veluza\n|-damage|p2a: Veluza|61/100\n|\n|upkeep\n|turn|4\n|inactive|Time left: 300 sec this turn | 300 sec total\n|\n|t:|1783556250\n|move|p2a: Veluza|Aqua Cutter|p1a: Glastrier\n|-damage|p1a: Glastrier|0 fnt\n|faint|p1a: Glastrier\n|\n|upkeep\n|inactive|Time left: 300 sec this turn | 300 sec total | 5 sec grace\n|\n|t:|1783556252\n|switch|p1a: Meloetta|Meloetta, L82|298/298\n|turn|5\n|inactive|Time left: 300 sec this turn | 300 sec total\n|\n|t:|1783556253\n|switch|p2a: Ceruledge|Ceruledge, L78, M|100/100\n|move|p1a: Meloetta|Knock Off|p2a: Ceruledge\n|-supereffective|p2a: Ceruledge\n|-damage|p2a: Ceruledge|37/100\n|-ability|p2a: Ceruledge|Weak Armor|boost\n|-unboost|p2a: Ceruledge|def|1\n|-boost|p2a: Ceruledge|spe|2\n|-enditem|p2a: Ceruledge|Heavy-Duty Boots|[from] move: Knock Off|[of] p1a: Meloetta\n|-damage|p1a: Meloetta|269/298|[from] item: Life Orb\n|\n|-fieldend|move: Electric Terrain\n|upkeep\n|turn|6\n|inactive|Time left: 300 sec this turn | 300 sec total\n|\n|t:|1783556254\n|move|p2a: Ceruledge|Bitter Blade|p1a: Meloetta\n|-damage|p1a: Meloetta|160/298\n|-heal|p2a: Ceruledge|59/100|[from] drain|[of] p1a: Meloetta\n|move|p1a: Meloetta|Knock Off|p2a: Ceruledge\n|-supereffective|p2a: Ceruledge\n|-damage|p2a: Ceruledge|0 fnt\n|faint|p2a: Ceruledge\n|-damage|p1a: Meloetta|131/298|[from] item: Life Orb\n|\n|upkeep\n|\n|t:|1783556255\n|switch|p2a: Pincurchin|Pincurchin, M|50/100\n|-fieldstart|move: Electric Terrain|[from] ability: Electric Surge|[of] p2a: Pincurchin\n|turn|7\n|inactive|Time left: 300 sec this turn | 300 sec total\n|\n|t:|1783556256\n|move|p1a: Meloetta|Relic Song|p2a: Pincurchin\n|-damage|p2a: Pincurchin|7/100\n|-formechange|p1a: Meloetta|Meloetta-Pirouette|[msg]\n|-damage|p1a: Meloetta|102/298|[from] item: Life Orb\n|move|p2a: Pincurchin|Recover|p2a: Pincurchin\n|-heal|p2a: Pincurchin|57/100\n|\n|-heal|p2a: Pincurchin|64/100|[from] item: Leftovers\n|upkeep\n|turn|8\n|inactive|Time left: 300 sec this turn | 300 sec total\n|\n|t:|1783556257\n|-terastallize|p1a: Meloetta|Fighting\n|move|p1a: Meloetta|Close Combat|p2a: Pincurchin\n|-damage|p2a: Pincurchin|0 fnt\n|-unboost|p1a: Meloetta|def|1\n|-unboost|p1a: Meloetta|spd|1\n|faint|p2a: Pincurchin\n|-damage|p1a: Meloetta|73/298|[from] item: Life Orb\n|\n|upkeep\n|\n|t:|1783556257\n|switch|p2a: Arceus|Arceus-Fire, L72|100/100\n|turn|9\n|inactive|Time left: 300 sec this turn | 300 sec total\n|\n|t:|1783556258\n|move|p1a: Meloetta|Close Combat|p2a: Arceus\n|-damage|p2a: Arceus|16/100\n|-unboost|p1a: Meloetta|def|1\n|-unboost|p1a: Meloetta|spd|1\n|-damage|p1a: Meloetta|44/298|[from] item: Life Orb\n|move|p2a: Arceus|Energy Ball|p1a: Meloetta\n|-damage|p1a: Meloetta|0 fnt\n|faint|p1a: Meloetta\n|\n|upkeep\n|inactive|Time left: 300 sec this turn | 300 sec total | 5 sec grace\n|\n|t:|1783556259\n|switch|p1a: Minior|Minior-Orange, L79|224/224\n|-formechange|p1a: Minior|Minior-Meteor||[from] ability: Shields Down\n|turn|10\n|inactive|Time left: 300 sec this turn | 300 sec total\n|\n|t:|1783556261\n|switch|p2a: Veluza|Veluza, L85, M|61/100\n|move|p1a: Minior|Shell Smash|p1a: Minior\n|-unboost|p1a: Minior|def|1\n|-unboost|p1a: Minior|spd|1\n|-boost|p1a: Minior|atk|2\n|-boost|p1a: Minior|spa|2\n|-boost|p1a: Minior|spe|2\n|-enditem|p1a: Minior|White Herb\n|-clearnegativeboost|p1a: Minior|[silent]\n|\n|upkeep\n|turn|11\n|inactive|Time left: 300 sec this turn | 300 sec total\n|\n|t:|1783556262\n|move|p1a: Minior|Acrobatics|p2a: Veluza\n|-damage|p2a: Veluza|2/100\n|-enditem|p2a: Veluza|Sitrus Berry|[eat]\n|-heal|p2a: Veluza|27/100|[from] item: Sitrus Berry\n|move|p2a: Veluza|Aqua Cutter|p1a: Minior\n|-supereffective|p1a: Minior\n|-damage|p1a: Minior|0 fnt\n|faint|p1a: Minior\n|\n|-fieldend|move: Electric Terrain\n|upkeep\n|inactive|Time left: 300 sec this turn | 300 sec total | 5 sec grace\n|\n|t:|1783556262\n|switch|p1a: Altaria|Altaria, L89, M|278/278\n|turn|12\n|inactive|Time left: 300 sec this turn | 300 sec total\n|\n|t:|1783556264\n|switch|p2a: Mandibuzz|Mandibuzz, L85, F|100/100\n|move|p1a: Altaria|Brave Bird|p2a: Mandibuzz\n|-damage|p2a: Mandibuzz|70/100\n|-damage|p1a: Altaria|245/278|[from] Recoil\n|\n|upkeep\n|turn|13\n|inactive|Time left: 300 sec this turn | 300 sec total\n|\n|t:|1783556265\n|move|p1a: Altaria|Brave Bird|p2a: Mandibuzz\n|-damage|p2a: Mandibuzz|39/100\n|-damage|p1a: Altaria|211/278|[from] Recoil\n|move|p2a: Mandibuzz|Foul Play|p1a: Altaria\n|-damage|p1a: Altaria|126/278\n|\n|upkeep\n|turn|14\n|inactive|Time left: 300 sec this turn | 300 sec total\n|\n|t:|1783556266\n|move|p1a: Altaria|Roost|p1a: Altaria\n|-heal|p1a: Altaria|265/278\n|-singleturn|p1a: Altaria|move: Roost\n|move|p2a: Mandibuzz|Roost|p2a: Mandibuzz\n|-heal|p2a: Mandibuzz|89/100\n|-singleturn|p2a: Mandibuzz|move: Roost\n|\n|upkeep\n|turn|15\n|inactive|Time left: 300 sec this turn | 300 sec total\n|\n|t:|1783556267\n|move|p1a: Altaria|Brave Bird|p2a: Mandibuzz\n|-damage|p2a: Mandibuzz|56/100\n|-damage|p1a: Altaria|230/278|[from] Recoil\n|move|p2a: Mandibuzz|Toxic|p1a: Altaria\n|-status|p1a: Altaria|tox\n|\n|-damage|p1a: Altaria|213/278 tox|[from] psn\n|upkeep\n|turn|16\n|inactive|Time left: 300 sec this turn | 300 sec total\n|\n|t:|1783556268\n|-curestatus|p1a: Altaria|tox|[from] ability: Natural Cure|[silent]\n|switch|p1a: Blissey|Blissey, L85, F|572/572\n|move|p2a: Mandibuzz|Roost|p2a: Mandibuzz\n|-heal|p2a: Mandibuzz|100/100\n|-singleturn|p2a: Mandibuzz|move: Roost\n|\n|upkeep\n|turn|17\n|inactive|Time left: 300 sec this turn | 300 sec total\n|\n|t:|1783556270\n|move|p2a: Mandibuzz|Toxic|p1a: Blissey\n|-status|p1a: Blissey|tox\n|move|p1a: Blissey|Seismic Toss|p2a: Mandibuzz\n|-damage|p2a: Mandibuzz|74/100\n|\n|-damage|p1a: Blissey|537/572 tox|[from] psn\n|upkeep\n|turn|18\n|inactive|Time left: 300 sec this turn | 300 sec total\n|\n|t:|1783556271\n|move|p2a: Mandibuzz|Foul Play|p1a: Blissey\n|-damage|p1a: Blissey|504/572 tox\n|move|p1a: Blissey|Seismic Toss|p2a: Mandibuzz\n|-damage|p2a: Mandibuzz|48/100\n|\n|-heal|p1a: Blissey|539/572 tox|[from] item: Leftovers\n|-damage|p1a: Blissey|469/572 tox|[from] psn\n|upkeep\n|turn|19\n|inactive|Time left: 300 sec this turn | 300 sec total\n|\n|t:|1783556272\n|move|p2a: Mandibuzz|Roost|p2a: Mandibuzz\n|-heal|p2a: Mandibuzz|98/100\n|-singleturn|p2a: Mandibuzz|move: Roost\n|move|p1a: Blissey|Heal Bell|p1a: Blissey\n|-activate|p1a: Blissey|move: Heal Bell\n|-curestatus|p1a: Blissey|tox|[msg]\n|\n|-heal|p1a: Blissey|504/572|[from] item: Leftovers\n|upkeep\n|turn|20\n|inactive|Time left: 300 sec this turn | 300 sec total\n|\n|t:|1783556273\n|switch|p2a: Mew|Mew, L82|100/100\n|move|p1a: Blissey|Seismic Toss|p2a: Mew\n|-damage|p2a: Mew|72/100\n|\n|-heal|p1a: Blissey|539/572|[from] item: Leftovers\n|upkeep\n|turn|21\n|inactive|Time left: 300 sec this turn | 300 sec total\n|\n|t:|1783556275\n|move|p2a: Mew|Swords Dance|p2a: Mew\n|-boost|p2a: Mew|atk|2\n|move|p1a: Blissey|Thunder Wave|p2a: Mew\n|-status|p2a: Mew|par\n|-activate|p2a: Mew|ability: Synchronize\n|-status|p1a: Blissey|par\n|\n|-heal|p1a: Blissey|572/572 par|[from] item: Leftovers\n|upkeep\n|turn|22\n|inactive|Time left: 300 sec this turn | 300 sec total\n|\n|t:|1783556276\n|-curestatus|p1a: Blissey|par|[from] ability: Natural Cure|[silent]\n|switch|p1a: Altaria|Altaria, L89, M|213/278\n|cant|p2a: Mew|par\n|\n|upkeep\n|turn|23\n|inactive|Time left: 300 sec this turn | 300 sec total\n|\n|t:|1783556277\n|move|p1a: Altaria|Haze|p1a: Altaria\n|-clearallboost\n|move|p2a: Mew|Psychic Fangs|p1a: Altaria\n|-damage|p1a: Altaria|114/278\n|-damage|p2a: Mew|62/100 par|[from] item: Life Orb\n|\n|upkeep\n|turn|24\n|inactive|Time left: 300 sec this turn | 300 sec total\n|\n|t:|1783556278\n|move|p1a: Altaria|Roost|p1a: Altaria\n|-heal|p1a: Altaria|253/278\n|-singleturn|p1a: Altaria|move: Roost\n|move|p2a: Mew|Psychic Fangs|p1a: Altaria\n|-crit|p1a: Altaria\n|-damage|p1a: Altaria|89/278\n|-damage|p2a: Mew|53/100 par|[from] item: Life Orb\n|\n|upkeep\n|turn|25\n|inactive|Time left: 300 sec this turn | 300 sec total\n|\n|t:|1783556280\n|move|p1a: Altaria|Roost|p1a: Altaria\n|-heal|p1a: Altaria|228/278\n|-singleturn|p1a: Altaria|move: Roost\n|move|p2a: Mew|Swords Dance|p2a: Mew\n|-boost|p2a: Mew|atk|2\n|\n|upkeep\n|turn|26\n|inactive|Time left: 300 sec this turn | 300 sec total\n|\n|t:|1783556280\n|move|p1a: Altaria|Haze|p1a: Altaria\n|-clearallboost\n|move|p2a: Mew|Psychic Fangs|p1a: Altaria\n|-damage|p1a: Altaria|123/278\n|-damage|p2a: Mew|43/100 par|[from] item: Life Orb\n|\n|upkeep\n|turn|27\n|inactive|Time left: 300 sec this turn | 300 sec total\n|\n|t:|1783556282\n|move|p1a: Altaria|Roost|p1a: Altaria\n|-heal|p1a: Altaria|262/278\n|-singleturn|p1a: Altaria|move: Roost\n|move|p2a: Mew|Swords Dance|p2a: Mew\n|-boost|p2a: Mew|atk|2\n|\n|upkeep\n|turn|28\n|inactive|Time left: 300 sec this turn | 300 sec total\n|\n|t:|1783556283\n|move|p1a: Altaria|Brave Bird|p2a: Mew\n|-damage|p2a: Mew|9/100 par\n|-damage|p1a: Altaria|228/278|[from] Recoil\n|move|p2a: Mew|Psychic Fangs|p1a: Altaria\n|-damage|p1a: Altaria|36/278\n|-damage|p2a: Mew|0 fnt|[from] item: Life Orb\n|faint|p2a: Mew\n|\n|upkeep\n|\n|t:|1783556283\n|switch|p2a: Arceus|Arceus-Fire, L72|16/100\n|turn|29\n|inactive|Time left: 300 sec this turn | 300 sec total\n|\n|t:|1783556284\n|move|p2a: Arceus|Judgment|p1a: Altaria\n|-resisted|p1a: Altaria\n|-damage|p1a: Altaria|0 fnt\n|faint|p1a: Altaria\n|\n|upkeep\n|inactive|Time left: 300 sec this turn | 300 sec total | 5 sec grace\n|\n|t:|1783556285\n|switch|p1a: Mewtwo|Mewtwo, L72|272/272\n|-ability|p1a: Mewtwo|Pressure\n|turn|30\n|inactive|Time left: 300 sec this turn | 300 sec total\n|\n|t:|1783556286\n|switch|p2a: Mandibuzz|Mandibuzz, L85, F|98/100\n|move|p1a: Mewtwo|Nasty Plot|p1a: Mewtwo\n|-boost|p1a: Mewtwo|spa|2\n|\n|upkeep\n|turn|31\n|inactive|Time left: 300 sec this turn | 300 sec total\n|\n|t:|1783556287\n|switch|p1a: Blissey|Blissey, L85, F|572/572\n|move|p2a: Mandibuzz|Foul Play|p1a: Blissey\n|-damage|p1a: Blissey|538/572\n|\n|-heal|p1a: Blissey|572/572|[from] item: Leftovers\n|upkeep\n|turn|32\n|inactive|Time left: 300 sec this turn | 300 sec total\n|\n|t:|1783556288\n|move|p2a: Mandibuzz|Toxic|p1a: Blissey\n|-status|p1a: Blissey|tox\n|move|p1a: Blissey|Seismic Toss|p2a: Mandibuzz\n|-damage|p2a: Mandibuzz|72/100\n|\n|-damage|p1a: Blissey|537/572 tox|[from] psn\n|upkeep\n|turn|33\n|inactive|Time left: 300 sec this turn | 300 sec total\n|\n|t:|1783556289\n|move|p2a: Mandibuzz|Roost|p2a: Mandibuzz\n|-heal|p2a: Mandibuzz|100/100\n|-singleturn|p2a: Mandibuzz|move: Roost\n|move|p1a: Blissey|Seismic Toss|p2a: Mandibuzz\n|-damage|p2a: Mandibuzz|74/100\n|\n|-heal|p1a: Blissey|572/572 tox|[from] item: Leftovers\n|-damage|p1a: Blissey|502/572 tox|[from] psn\n|upkeep\n|turn|34\n|inactive|Time left: 300 sec this turn | 300 sec total\n|\n|t:|1783556290\n|move|p2a: Mandibuzz|Roost|p2a: Mandibuzz\n|-heal|p2a: Mandibuzz|100/100\n|-singleturn|p2a: Mandibuzz|move: Roost\n|move|p1a: Blissey|Heal Bell|p1a: Blissey\n|-activate|p1a: Blissey|move: Heal Bell\n|-curestatus|p1a: Blissey|tox|[msg]\n|\n|-heal|p1a: Blissey|537/572|[from] item: Leftovers\n|upkeep\n|turn|35\n|inactive|Time left: 300 sec this turn | 300 sec total\n|\n|t:|1783556291\n|move|p2a: Mandibuzz|Foul Play|p1a: Blissey\n|-damage|p1a: Blissey|504/572\n|move|p1a: Blissey|Seismic Toss|p2a: Mandibuzz\n|-damage|p2a: Mandibuzz|74/100\n|\n|-heal|p1a: Blissey|539/572|[from] item: Leftovers\n|upkeep\n|turn|36\n|inactive|Time left: 300 sec this turn | 300 sec total\n|\n|t:|1783556292\n|move|p2a: Mandibuzz|Roost|p2a: Mandibuzz\n|-heal|p2a: Mandibuzz|100/100\n|-singleturn|p2a: Mandibuzz|move: Roost\n|move|p1a: Blissey|Seismic Toss|p2a: Mandibuzz\n|-damage|p2a: Mandibuzz|74/100\n|\n|-heal|p1a: Blissey|572/572|[from] item: Leftovers\n|upkeep\n|turn|37\n|inactive|Time left: 300 sec this turn | 300 sec total\n|\n|t:|1783556293\n|move|p2a: Mandibuzz|Toxic|p1a: Blissey\n|-status|p1a: Blissey|tox\n|move|p1a: Blissey|Seismic Toss|p2a: Mandibuzz\n|-damage|p2a: Mandibuzz|48/100\n|\n|-damage|p1a: Blissey|537/572 tox|[from] psn\n|upkeep\n|turn|38\n|inactive|Time left: 300 sec this turn | 300 sec total\n|\n|t:|1783556294\n|move|p2a: Mandibuzz|Roost|p2a: Mandibuzz\n|-heal|p2a: Mandibuzz|98/100\n|-singleturn|p2a: Mandibuzz|move: Roost\n|move|p1a: Blissey|Heal Bell|p1a: Blissey\n|-activate|p1a: Blissey|move: Heal Bell\n|-curestatus|p1a: Blissey|tox|[msg]\n|\n|-heal|p1a: Blissey|572/572|[from] item: Leftovers\n|upkeep\n|turn|39\n|inactive|Time left: 300 sec this turn | 300 sec total\n|\n|t:|1783556295\n|move|p2a: Mandibuzz|Toxic|p1a: Blissey\n|-status|p1a: Blissey|tox\n|move|p1a: Blissey|Seismic Toss|p2a: Mandibuzz\n|-damage|p2a: Mandibuzz|72/100\n|\n|-damage|p1a: Blissey|537/572 tox|[from] psn\n|upkeep\n|turn|40\n|inactive|Time left: 300 sec this turn | 300 sec total\n|\n|t:|1783556296\n|move|p2a: Mandibuzz|Foul Play|p1a: Blissey\n|-damage|p1a: Blissey|504/572 tox\n|move|p1a: Blissey|Seismic Toss|p2a: Mandibuzz\n|-damage|p2a: Mandibuzz|46/100\n|\n|-heal|p1a: Blissey|539/572 tox|[from] item: Leftovers\n|-damage|p1a: Blissey|469/572 tox|[from] psn\n|upkeep\n|turn|41\n|inactive|Time left: 300 sec this turn | 300 sec total\n|\n|t:|1783556298\n|move|p2a: Mandibuzz|Roost|p2a: Mandibuzz\n|-heal|p2a: Mandibuzz|96/100\n|-singleturn|p2a: Mandibuzz|move: Roost\n|move|p1a: Blissey|Heal Bell|p1a: Blissey\n|-activate|p1a: Blissey|move: Heal Bell\n|-curestatus|p1a: Blissey|tox|[msg]\n|\n|-heal|p1a: Blissey|504/572|[from] item: Leftovers\n|upkeep\n|turn|42\n|inactive|Time left: 300 sec this turn | 300 sec total\n|\n|t:|1783556298\n|move|p2a: Mandibuzz|Toxic|p1a: Blissey\n|-status|p1a: Blissey|tox\n|move|p1a: Blissey|Seismic Toss|p2a: Mandibuzz\n|-damage|p2a: Mandibuzz|70/100\n|\n|-heal|p1a: Blissey|539/572 tox|[from] item: Leftovers\n|-damage|p1a: Blissey|504/572 tox|[from] psn\n|upkeep\n|turn|43\n|inactive|Time left: 300 sec this turn | 300 sec total\n|\n|t:|1783556299\n|move|p2a: Mandibuzz|Foul Play|p1a: Blissey\n|-damage|p1a: Blissey|468/572 tox\n|move|p1a: Blissey|Seismic Toss|p2a: Mandibuzz\n|-damage|p2a: Mandibuzz|44/100\n|\n|-heal|p1a: Blissey|503/572 tox|[from] item: Leftovers\n|-damage|p1a: Blissey|433/572 tox|[from] psn\n|upkeep\n|turn|44\n|inactive|Time left: 300 sec this turn | 300 sec total\n|\n|t:|1783556300\n|move|p2a: Mandibuzz|Foul Play|p1a: Blissey\n|-damage|p1a: Blissey|400/572 tox\n|move|p1a: Blissey|Seismic Toss|p2a: Mandibuzz\n|-damage|p2a: Mandibuzz|18/100\n|\n|-heal|p1a: Blissey|435/572 tox|[from] item: Leftovers\n|-damage|p1a: Blissey|330/572 tox|[from] psn\n|upkeep\n|turn|45\n|inactive|Time left: 300 sec this turn | 300 sec total\n|\n|t:|1783556301\n|switch|p2a: Veluza|Veluza, L85, M|27/100\n|move|p1a: Blissey|Heal Bell|p1a: Blissey\n|-activate|p1a: Blissey|move: Heal Bell\n|-curestatus|p1a: Blissey|tox|[msg]\n|\n|-heal|p1a: Blissey|365/572|[from] item: Leftovers\n|upkeep\n|turn|46\n|inactive|Time left: 300 sec this turn | 300 sec total\n|\n|t:|1783556302\n|move|p2a: Veluza|Aqua Cutter|p1a: Blissey\n|-damage|p1a: Blissey|5/572\n|move|p1a: Blissey|Seismic Toss|p2a: Veluza\n|-damage|p2a: Veluza|0 fnt\n|faint|p2a: Veluza\n|\n|-heal|p1a: Blissey|40/572|[from] item: Leftovers\n|upkeep\n|\n|t:|1783556303\n|switch|p2a: Arceus|Arceus-Fire, L72|16/100\n|turn|47\n|inactive|Time left: 300 sec this turn | 300 sec total\n|\n|t:|1783556305\n|move|p2a: Arceus|Recover|p2a: Arceus\n|-heal|p2a: Arceus|66/100\n|move|p1a: Blissey|Soft-Boiled|p1a: Blissey\n|-heal|p1a: Blissey|326/572\n|\n|-heal|p1a: Blissey|361/572|[from] item: Leftovers\n|upkeep\n|turn|48\n|inactive|Time left: 300 sec this turn | 300 sec total\n|\n|t:|1783556306\n|move|p2a: Arceus|Calm Mind|p2a: Arceus\n|-boost|p2a: Arceus|spa|1\n|-boost|p2a: Arceus|spd|1\n|move|p1a: Blissey|Seismic Toss|p2a: Arceus\n|-damage|p2a: Arceus|37/100\n|\n|-heal|p1a: Blissey|396/572|[from] item: Leftovers\n|upkeep\n|turn|49\n|inactive|Time left: 300 sec this turn | 300 sec total\n|\n|t:|1783556307\n|move|p2a: Arceus|Recover|p2a: Arceus\n|-heal|p2a: Arceus|87/100\n|move|p1a: Blissey|Seismic Toss|p2a: Arceus\n|-damage|p2a: Arceus|58/100\n|\n|-heal|p1a: Blissey|431/572|[from] item: Leftovers\n|upkeep\n|turn|50\n|inactive|Time left: 300 sec this turn | 300 sec total\n|\n|t:|1783556308\n|move|p2a: Arceus|Recover|p2a: Arceus\n|-heal|p2a: Arceus|100/100\n|move|p1a: Blissey|Seismic Toss|p2a: Arceus\n|-damage|p2a: Arceus|71/100\n|\n|-heal|p1a: Blissey|466/572|[from] item: Leftovers\n|upkeep\n|turn|51\n|inactive|Time left: 300 sec this turn | 300 sec total\n|\n|t:|1783556309\n|move|p2a: Arceus|Calm Mind|p2a: Arceus\n|-boost|p2a: Arceus|spa|1\n|-boost|p2a: Arceus|spd|1\n|move|p1a: Blissey|Seismic Toss|p2a: Arceus\n|-damage|p2a: Arceus|42/100\n|\n|-heal|p1a: Blissey|501/572|[from] item: Leftovers\n|upkeep\n|turn|52\n|inactive|Time left: 300 sec this turn | 300 sec total\n|\n|t:|1783556310\n|move|p2a: Arceus|Recover|p2a: Arceus\n|-heal|p2a: Arceus|92/100\n|move|p1a: Blissey|Seismic Toss|p2a: Arceus\n|-damage|p2a: Arceus|63/100\n|\n|-heal|p1a: Blissey|536/572|[from] item: Leftovers\n|upkeep\n|turn|53\n|inactive|Time left: 300 sec this turn | 300 sec total\n|\n|t:|1783556311\n|move|p2a: Arceus|Calm Mind|p2a: Arceus\n|-boost|p2a: Arceus|spa|1\n|-boost|p2a: Arceus|spd|1\n|move|p1a: Blissey|Seismic Toss|p2a: Arceus\n|-damage|p2a: Arceus|34/100\n|\n|-heal|p1a: Blissey|571/572|[from] item: Leftovers\n|upkeep\n|turn|54\n|inactive|Time left: 300 sec this turn | 300 sec total\n|\n|t:|1783556313\n|move|p2a: Arceus|Recover|p2a: Arceus\n|-heal|p2a: Arceus|84/100\n|move|p1a: Blissey|Seismic Toss|p2a: Arceus\n|-damage|p2a: Arceus|55/100\n|\n|-heal|p1a: Blissey|572/572|[from] item: Leftovers\n|upkeep\n|turn|55\n|inactive|Time left: 300 sec this turn | 300 sec total\n|\n|t:|1783556314\n|move|p2a: Arceus|Recover|p2a: Arceus\n|-heal|p2a: Arceus|100/100\n|move|p1a: Blissey|Seismic Toss|p2a: Arceus\n|-damage|p2a: Arceus|71/100\n|\n|upkeep\n|turn|56\n|inactive|Time left: 300 sec this turn | 300 sec total\n|\n|t:|1783556315\n|move|p2a: Arceus|Calm Mind|p2a: Arceus\n|-boost|p2a: Arceus|spa|1\n|-boost|p2a: Arceus|spd|1\n|move|p1a: Blissey|Seismic Toss|p2a: Arceus\n|-damage|p2a: Arceus|42/100\n|\n|upkeep\n|turn|57\n|inactive|Time left: 300 sec this turn | 300 sec total\n|\n|t:|1783556316\n|move|p2a: Arceus|Recover|p2a: Arceus\n|-heal|p2a: Arceus|92/100\n|move|p1a: Blissey|Seismic Toss|p2a: Arceus\n|-damage|p2a: Arceus|63/100\n|\n|upkeep\n|turn|58\n|inactive|Time left: 300 sec this turn | 300 sec total\n|\n|t:|1783556318\n|move|p2a: Arceus|Recover|p2a: Arceus\n|-heal|p2a: Arceus|100/100\n|move|p1a: Blissey|Seismic Toss|p2a: Arceus\n|-damage|p2a: Arceus|71/100\n|\n|upkeep\n|turn|59\n|inactive|Time left: 300 sec this turn | 300 sec total\n|\n|t:|1783556319\n|move|p2a: Arceus|Judgment|p1a: Blissey\n|-damage|p1a: Blissey|328/572\n|move|p1a: Blissey|Seismic Toss|p2a: Arceus\n|-damage|p2a: Arceus|42/100\n|\n|-heal|p1a: Blissey|363/572|[from] item: Leftovers\n|upkeep\n|turn|60\n|inactive|Time left: 300 sec this turn | 300 sec total\n|\n|t:|1783556320\n|move|p2a: Arceus|Judgment|p1a: Blissey\n|-damage|p1a: Blissey|141/572\n|move|p1a: Blissey|Seismic Toss|p2a: Arceus\n|-damage|p2a: Arceus|13/100\n|\n|-heal|p1a: Blissey|176/572|[from] item: Leftovers\n|upkeep\n|turn|61\n|inactive|Time left: 300 sec this turn | 300 sec total\n|\n|t:|1783556321\n|-terastallize|p2a: Arceus|Grass\n|move|p2a: Arceus|Judgment|p1a: Blissey\n|-damage|p1a: Blissey|0 fnt\n|faint|p1a: Blissey\n|\n|upkeep\n|inactive|Time left: 300 sec this turn | 300 sec total | 5 sec grace\n|\n|t:|1783556322\n|switch|p1a: Mewtwo|Mewtwo, L72|272/272\n|-ability|p1a: Mewtwo|Pressure\n|turn|62\n|inactive|Time left: 300 sec this turn | 300 sec total\n|\n|t:|1783556323\n|switch|p2a: Mandibuzz|Mandibuzz, L85, F|18/100\n|move|p1a: Mewtwo|Psystrike|p2a: Mandibuzz\n|-immune|p2a: Mandibuzz\n|\n|upkeep\n|turn|63\n|inactive|Time left: 300 sec this turn | 300 sec total\n|\n|t:|1783556324\n|switch|p2a: Arceus|Arceus-Fire, L72, tera:Grass|13/100\n|move|p1a: Mewtwo|Aura Sphere|p2a: Arceus\n|-damage|p2a: Arceus|0 fnt\n|faint|p2a: Arceus\n|-damage|p1a: Mewtwo|245/272|[from] item: Life Orb\n|\n|upkeep\n|\n|t:|1783556325\n|switch|p2a: Mandibuzz|Mandibuzz, L85, F|18/100\n|turn|64\n|inactive|Time left: 300 sec this turn | 300 sec total\n|\n|t:|1783556325\n|move|p1a: Mewtwo|Aura Sphere|p2a: Mandibuzz\n|-damage|p2a: Mandibuzz|0 fnt\n|faint|p2a: Mandibuzz\n|-damage|p1a: Mewtwo|218/272|[from] item: Life Orb\n|\n|win|p0x13987fa2", "uploadtime": 1783556325, "views": 0, "rating": 0, "private": 0, "password": null, "_winner": "p0x13987fa2", "_our_name": "p0x13987fa2"}