{"id": "battle-gen9randombattle-2386", "formatid": "gen9randombattle", "format": "[Gen 9] Random Battle", "players": ["p0x238641df", "p0y23860380"], "log": "|init|battle\n|title|p0x238641df vs. p0y23860380\n|j|\u2606p0x238641df\n|j|\u2606p0y23860380\n|t:|1783567690\n|gametype|singles\n|player|p1|p0x238641df|266|\n|player|p2|p0y23860380|170|\n|gen|9\n|tier|[Gen 9] Random Battle\n|rule|Species Clause: Limit one of each Pok\u00e9mon\n|rule|HP Percentage Mod: HP is shown in percentages\n|rule|Sleep Clause Mod: Limit one foe put to sleep\n|rule|Illusion Level Mod: Illusion disguises the Pok\u00e9mon's true level\n|\n|t:|1783567690\n|teamsize|p1|6\n|teamsize|p2|6\n|start\n|switch|p1a: Palkia|Palkia, L75|100/100\n|switch|p2a: Solgaleo|Solgaleo, L74|325/325\n|-ability|p1a: Palkia|Pressure\n|turn|1\n|inactive|Battle timer is ON: inactive players will automatically lose when time's up. (requested by p0x238641df)\n|inactive|Time left: 300 sec this turn | 300 sec total | 60 sec grace\n|inactive|p0y23860380 also wants the timer to be on.\n|\n|t:|1783567692\n|move|p1a: Palkia|Fire Blast|p2a: Solgaleo\n|-supereffective|p2a: Solgaleo\n|-crit|p2a: Solgaleo\n|-damage|p2a: Solgaleo|29/325\n|move|p2a: Solgaleo|Sunsteel Strike|p1a: Palkia\n|-resisted|p1a: Palkia\n|-crit|p1a: Palkia\n|-damage|p1a: Palkia|67/100\n|\n|-heal|p2a: Solgaleo|49/325|[from] item: Leftovers\n|upkeep\n|turn|2\n|inactive|Time left: 300 sec this turn | 300 sec total\n|\n|t:|1783567693\n|switch|p2a: Kyogre|Kyogre, L71|259/259\n|-weather|RainDance|[from] ability: Drizzle|[of] p2a: Kyogre\n|move|p1a: Palkia|Fire Blast|p2a: Kyogre\n|-resisted|p2a: Kyogre\n|-damage|p2a: Kyogre|242/259\n|\n|-weather|RainDance|[upkeep]\n|upkeep\n|turn|3\n|inactive|Time left: 300 sec this turn | 300 sec total\n|\n|t:|1783567694\n|move|p1a: Palkia|Fire Blast|p2a: Kyogre|[miss]\n|-miss|p1a: Palkia|p2a: Kyogre\n|move|p2a: Kyogre|Water Spout|p1a: Palkia\n|-resisted|p1a: Palkia\n|-damage|p1a: Palkia|47/100\n|\n|-weather|RainDance|[upkeep]\n|upkeep\n|turn|4\n|inactive|Time left: 300 sec this turn | 300 sec total\n|\n|t:|1783567695\n|switch|p1a: Gogoat|Gogoat, L88, M|100/100\n|move|p2a: Kyogre|Water Spout|p1a: Gogoat\n|-resisted|p1a: Gogoat\n|-damage|p1a: Gogoat|70/100\n|\n|-weather|RainDance|[upkeep]\n|-heal|p1a: Gogoat|76/100|[from] item: Leftovers\n|upkeep\n|turn|5\n|inactive|Time left: 300 sec this turn | 300 sec total\n|\n|t:|1783567696\n|switch|p2a: Moltres|Moltres, L81|278/278\n|move|p1a: Gogoat|Horn Leech|p2a: Moltres\n|-resisted|p2a: Moltres\n|-damage|p2a: Moltres|254/278\n|-heal|p1a: Gogoat|79/100|[from] drain|[of] p2a: Moltres\n|\n|-weather|RainDance|[upkeep]\n|-heal|p1a: Gogoat|85/100|[from] item: Leftovers\n|upkeep\n|turn|6\n|inactive|Time left: 300 sec this turn | 300 sec total\n|\n|t:|1783567697\n|switch|p1a: Lunala|Lunala, L70|100/100\n|move|p2a: Moltres|Brave Bird|p1a: Lunala\n|-damage|p1a: Lunala|77/100\n|-damage|p2a: Moltres|230/278|[from] Recoil\n|\n|-weather|none\n|-heal|p1a: Lunala|83/100|[from] item: Leftovers\n|upkeep\n|turn|7\n|inactive|Time left: 300 sec this turn | 300 sec total\n|\n|t:|1783567698\n|move|p2a: Moltres|Brave Bird|p1a: Lunala\n|-damage|p1a: Lunala|39/100\n|-damage|p2a: Moltres|185/278|[from] Recoil\n|move|p1a: Lunala|Moongeist Beam|p2a: Moltres\n|-damage|p2a: Moltres|86/278\n|\n|-heal|p1a: Lunala|45/100|[from] item: Leftovers\n|upkeep\n|turn|8\n|inactive|Time left: 300 sec this turn | 300 sec total\n|\n|t:|1783567700\n|move|p2a: Moltres|Brave Bird|p1a: Lunala\n|-damage|p1a: Lunala|0 fnt\n|faint|p1a: Lunala\n|-damage|p2a: Moltres|40/278|[from] Recoil\n|\n|upkeep\n|\n|t:|1783567700\n|switch|p1a: Magmortar|Magmortar, L88, M|100/100\n|turn|9\n|inactive|Time left: 300 sec this turn | 300 sec total\n|\n|t:|1783567701\n|switch|p2a: Kyogre|Kyogre, L71|242/259\n|-weather|RainDance|[from] ability: Drizzle|[of] p2a: Kyogre\n|move|p1a: Magmortar|Knock Off|p2a: Kyogre\n|-damage|p2a: Kyogre|150/259\n|-enditem|p2a: Kyogre|Choice Scarf|[from] move: Knock Off|[of] p1a: Magmortar\n|\n|-weather|RainDance|[upkeep]\n|upkeep\n|turn|10\n|inactive|Time left: 300 sec this turn | 300 sec total\n|\n|t:|1783567702\n|move|p1a: Magmortar|Thunderbolt|p2a: Kyogre\n|-supereffective|p2a: Kyogre\n|-damage|p2a: Kyogre|20/259\n|move|p2a: Kyogre|Origin Pulse|p1a: Magmortar\n|-supereffective|p1a: Magmortar\n|-damage|p1a: Magmortar|0 fnt\n|faint|p1a: Magmortar\n|\n|-weather|RainDance|[upkeep]\n|upkeep\n|\n|t:|1783567703\n|switch|p1a: Groudon|Groudon, L72|100/100\n|-weather|SunnyDay|[from] ability: Drought|[of] p1a: Groudon\n|turn|11\n|inactive|Time left: 300 sec this turn | 300 sec total\n|\n|t:|1783567704\n|switch|p2a: Moltres|Moltres, L81|40/278\n|move|p1a: Groudon|Swords Dance|p1a: Groudon\n|-boost|p1a: Groudon|atk|2\n|\n|-weather|SunnyDay|[upkeep]\n|upkeep\n|turn|12\n|inactive|Time left: 300 sec this turn | 300 sec total\n|\n|t:|1783567705\n|-terastallize|p1a: Groudon|Fire\n|move|p2a: Moltres|Fire Blast|p1a: Groudon\n|-resisted|p1a: Groudon\n|-damage|p1a: Groudon|58/100\n|move|p1a: Groudon|Heat Crash|p2a: Moltres\n|-resisted|p2a: Moltres\n|-damage|p2a: Moltres|0 fnt\n|faint|p2a: Moltres\n|\n|-weather|SunnyDay|[upkeep]\n|-heal|p1a: Groudon|64/100|[from] item: Leftovers\n|upkeep\n|inactive|Time left: 300 sec this turn | 300 sec total | 5 sec grace\n|\n|t:|1783567706\n|switch|p2a: Deoxys|Deoxys-Attack, L72|191/191\n|-ability|p2a: Deoxys|Pressure\n|turn|13\n|inactive|Time left: 300 sec this turn | 300 sec total\n|\n|t:|1783567707\n|move|p2a: Deoxys|Psycho Boost|p1a: Groudon\n|-damage|p1a: Groudon|0 fnt\n|-unboost|p2a: Deoxys|spa|2\n|faint|p1a: Groudon\n|-damage|p2a: Deoxys|172/191|[from] item: Life Orb\n|\n|-weather|SunnyDay|[upkeep]\n|upkeep\n|\n|t:|1783567708\n|switch|p1a: Gogoat|Gogoat, L88, M|85/100\n|turn|14\n|inactive|Time left: 300 sec this turn | 300 sec total\n|\n|t:|1783567708\n|switch|p2a: Skeledirge|Skeledirge, L79, F|294/294\n|move|p1a: Gogoat|Earthquake|p2a: Skeledirge\n|-supereffective|p2a: Skeledirge\n|-damage|p2a: Skeledirge|136/294\n|\n|-weather|SunnyDay|[upkeep]\n|-heal|p1a: Gogoat|91/100|[from] item: Leftovers\n|upkeep\n|turn|15\n|inactive|Time left: 300 sec this turn | 300 sec total\n|\n|t:|1783567709\n|-terastallize|p2a: Skeledirge|Fairy\n|move|p1a: Gogoat|Earthquake|p2a: Skeledirge\n|-damage|p2a: Skeledirge|54/294\n|move|p2a: Skeledirge|Slack Off|p2a: Skeledirge\n|-heal|p2a: Skeledirge|201/294\n|\n|-weather|none\n|-heal|p1a: Gogoat|97/100|[from] item: Leftovers\n|upkeep\n|turn|16\n|inactive|Time left: 300 sec this turn | 300 sec total\n|\n|t:|1783567710\n|move|p1a: Gogoat|Horn Leech|p2a: Skeledirge\n|-damage|p2a: Skeledirge|116/294\n|-heal|p1a: Gogoat|100/100|[from] drain|[of] p2a: Skeledirge\n|move|p2a: Skeledirge|Torch Song|p1a: Gogoat\n|-supereffective|p1a: Gogoat\n|-damage|p1a: Gogoat|57/100\n|-boost|p2a: Skeledirge|spa|1\n|\n|-heal|p1a: Gogoat|63/100|[from] item: Leftovers\n|upkeep\n|turn|17\n|inactive|Time left: 300 sec this turn | 300 sec total\n|\n|t:|1783567711\n|move|p1a: Gogoat|Horn Leech|p2a: Skeledirge\n|-damage|p2a: Skeledirge|32/294\n|-heal|p1a: Gogoat|74/100|[from] drain|[of] p2a: Skeledirge\n|move|p2a: Skeledirge|Slack Off|p2a: Skeledirge\n|-heal|p2a: Skeledirge|179/294\n|\n|-heal|p1a: Gogoat|80/100|[from] item: Leftovers\n|upkeep\n|turn|18\n|inactive|Time left: 300 sec this turn | 300 sec total\n|\n|t:|1783567712\n|move|p1a: Gogoat|Horn Leech|p2a: Skeledirge\n|-crit|p2a: Skeledirge\n|-damage|p2a: Skeledirge|46/294\n|-heal|p1a: Gogoat|99/100|[from] drain|[of] p2a: Skeledirge\n|move|p2a: Skeledirge|Torch Song|p1a: Gogoat\n|-supereffective|p1a: Gogoat\n|-damage|p1a: Gogoat|30/100\n|-boost|p2a: Skeledirge|spa|1\n|\n|-heal|p1a: Gogoat|36/100|[from] item: Leftovers\n|upkeep\n|turn|19\n|inactive|Time left: 300 sec this turn | 300 sec total\n|\n|t:|1783567713\n|switch|p2a: Snorlax|Snorlax, L82, M|397/397\n|move|p1a: Gogoat|Horn Leech|p2a: Snorlax\n|-damage|p2a: Snorlax|280/397\n|-heal|p1a: Gogoat|53/100|[from] drain|[of] p2a: Snorlax\n|\n|-heal|p1a: Gogoat|59/100|[from] item: Leftovers\n|-heal|p2a: Snorlax|304/397|[from] item: Leftovers\n|upkeep\n|turn|20\n|inactive|Time left: 300 sec this turn | 300 sec total\n|\n|t:|1783567714\n|move|p1a: Gogoat|Bulk Up|p1a: Gogoat\n|-boost|p1a: Gogoat|atk|1\n|-boost|p1a: Gogoat|def|1\n|move|p2a: Snorlax|Body Slam|p1a: Gogoat\n|-damage|p1a: Gogoat|37/100\n|\n|-heal|p1a: Gogoat|43/100|[from] item: Leftovers\n|-heal|p2a: Snorlax|328/397|[from] item: Leftovers\n|upkeep\n|turn|21\n|inactive|Time left: 300 sec this turn | 300 sec total\n|\n|t:|1783567714\n|move|p1a: Gogoat|Horn Leech|p2a: Snorlax\n|-damage|p2a: Snorlax|163/397\n|-heal|p1a: Gogoat|66/100|[from] drain|[of] p2a: Snorlax\n|move|p2a: Snorlax|Body Slam|p1a: Gogoat\n|-damage|p1a: Gogoat|45/100\n|\n|-heal|p1a: Gogoat|51/100|[from] item: Leftovers\n|-heal|p2a: Snorlax|187/397|[from] item: Leftovers\n|upkeep\n|turn|22\n|inactive|Time left: 300 sec this turn | 300 sec total\n|\n|t:|1783567716\n|move|p1a: Gogoat|Horn Leech|p2a: Snorlax\n|-damage|p2a: Snorlax|4/397\n|-heal|p1a: Gogoat|77/100|[from] drain|[of] p2a: Snorlax\n|move|p2a: Snorlax|Body Slam|p1a: Gogoat\n|-damage|p1a: Gogoat|53/100\n|-status|p1a: Gogoat|par\n|\n|-heal|p2a: Snorlax|28/397|[from] item: Leftovers\n|-heal|p1a: Gogoat|59/100 par|[from] item: Leftovers\n|upkeep\n|turn|23\n|inactive|Time left: 300 sec this turn | 300 sec total\n|\n|t:|1783567717\n|move|p2a: Snorlax|Crunch|p1a: Gogoat\n|-damage|p1a: Gogoat|45/100 par\n|move|p1a: Gogoat|Horn Leech|p2a: Snorlax\n|-damage|p2a: Snorlax|0 fnt\n|-heal|p1a: Gogoat|49/100 par|[from] drain|[of] p2a: Snorlax\n|faint|p2a: Snorlax\n|\n|-heal|p1a: Gogoat|55/100 par|[from] item: Leftovers\n|upkeep\n|inactive|Time left: 300 sec this turn | 300 sec total | 5 sec grace\n|\n|t:|1783567718\n|switch|p2a: Skeledirge|Skeledirge, L79, F, tera:Fairy|46/294\n|turn|24\n|inactive|Time left: 300 sec this turn | 300 sec total\n|\n|t:|1783567719\n|move|p2a: Skeledirge|Slack Off|p2a: Skeledirge\n|-heal|p2a: Skeledirge|193/294\n|move|p1a: Gogoat|Horn Leech|p2a: Skeledirge\n|-damage|p2a: Skeledirge|111/294\n|-heal|p1a: Gogoat|67/100 par|[from] drain|[of] p2a: Skeledirge\n|\n|-heal|p1a: Gogoat|73/100 par|[from] item: Leftovers\n|upkeep\n|turn|25\n|inactive|Time left: 300 sec this turn | 300 sec total\n|\n|t:|1783567720\n|move|p2a: Skeledirge|Torch Song|p1a: Gogoat\n|-supereffective|p1a: Gogoat\n|-damage|p1a: Gogoat|28/100 par\n|-boost|p2a: Skeledirge|spa|1\n|cant|p1a: Gogoat|par\n|\n|-heal|p1a: Gogoat|34/100 par|[from] item: Leftovers\n|upkeep\n|turn|26\n|inactive|Time left: 300 sec this turn | 300 sec total\n|\n|t:|1783567721\n|move|p2a: Skeledirge|Slack Off|p2a: Skeledirge\n|-heal|p2a: Skeledirge|258/294\n|move|p1a: Gogoat|Milk Drink|p1a: Gogoat\n|-heal|p1a: Gogoat|84/100 par\n|\n|-heal|p1a: Gogoat|90/100 par|[from] item: Leftovers\n|upkeep\n|turn|27\n|inactive|Time left: 300 sec this turn | 300 sec total\n|\n|t:|1783567722\n|switch|p1a: Palkia|Palkia, L75|47/100\n|-ability|p1a: Palkia|Pressure\n|move|p2a: Skeledirge|Torch Song|p1a: Palkia\n|-resisted|p1a: Palkia\n|-damage|p1a: Palkia|36/100\n|-boost|p2a: Skeledirge|spa|1\n|\n|upkeep\n|turn|28\n|inactive|Time left: 300 sec this turn | 300 sec total\n|\n|t:|1783567723\n|move|p1a: Palkia|Hydro Pump|p2a: Skeledirge\n|-damage|p2a: Skeledirge|108/294\n|move|p2a: Skeledirge|Slack Off|p2a: Skeledirge\n|-heal|p2a: Skeledirge|255/294\n|\n|upkeep\n|turn|29\n|inactive|Time left: 300 sec this turn | 300 sec total\n|\n|t:|1783567724\n|move|p1a: Palkia|Hydro Pump|p2a: Skeledirge\n|-damage|p2a: Skeledirge|80/294\n|move|p2a: Skeledirge|Shadow Ball|p1a: Palkia\n|-damage|p1a: Palkia|0 fnt\n|faint|p1a: Palkia\n|\n|upkeep\n|\n|t:|1783567725\n|switch|p1a: Gogoat|Gogoat, L88, M|90/100 par\n|turn|30\n|inactive|Time left: 300 sec this turn | 300 sec total\n|\n|t:|1783567725\n|move|p2a: Skeledirge|Slack Off|p2a: Skeledirge\n|-heal|p2a: Skeledirge|227/294\n|move|p1a: Gogoat|Horn Leech|p2a: Skeledirge\n|-damage|p2a: Skeledirge|139/294\n|-heal|p1a: Gogoat|100/100 par|[from] drain|[of] p2a: Skeledirge\n|\n|upkeep\n|turn|31\n|inactive|Time left: 300 sec this turn | 300 sec total\n|\n|t:|1783567726\n|move|p2a: Skeledirge|Torch Song|p1a: Gogoat\n|-supereffective|p1a: Gogoat\n|-damage|p1a: Gogoat|2/100 par\n|-boost|p2a: Skeledirge|spa|1\n|cant|p1a: Gogoat|par\n|\n|-heal|p1a: Gogoat|8/100 par|[from] item: Leftovers\n|upkeep\n|turn|32\n|inactive|Time left: 300 sec this turn | 300 sec total\n|\n|t:|1783567727\n|move|p2a: Skeledirge|Torch Song|p1a: Gogoat\n|-supereffective|p1a: Gogoat\n|-damage|p1a: Gogoat|0 fnt\n|-boost|p2a: Skeledirge|spa|1\n|faint|p1a: Gogoat\n|\n|upkeep\n|\n|t:|1783567728\n|switch|p1a: Vileplume|Vileplume, L85, F|100/100\n|turn|33\n|inactive|Time left: 300 sec this turn | 300 sec total\n|\n|t:|1783567729\n|move|p2a: Skeledirge|Torch Song|p1a: Vileplume\n|-supereffective|p1a: Vileplume\n|-damage|p1a: Vileplume|0 fnt\n|-boost|p2a: Skeledirge|spa|1\n|faint|p1a: Vileplume\n|\n|win|p0y23860380", "uploadtime": 1783567729, "views": 0, "rating": 0, "private": 0, "password": null, "_winner": "p0y23860380", "_our_name": "p0y23860380"}