{"id": "battle-gen9randombattle-1694", "formatid": "gen9randombattle", "format": "[Gen 9] Random Battle", "players": ["p0x16941c73", "p0y1694a370"], "log": "|init|battle\n|title|p0x16941c73 vs. p0y1694a370\n|j|\u2606p0x16941c73\n|j|\u2606p0y1694a370\n|t:|1783558829\n|gametype|singles\n|player|p1|p0x16941c73|101|\n|player|p2|p0y1694a370|1|\n|gen|9\n|tier|[Gen 9] Random Battle\n|rule|Species Clause: Limit one of each Pok\u00e9mon\n|rule|HP Percentage Mod: HP is shown in percentages\n|rule|Sleep Clause Mod: Limit one foe put to sleep\n|rule|Illusion Level Mod: Illusion disguises the Pok\u00e9mon's true level\n|\n|t:|1783558829\n|teamsize|p1|6\n|teamsize|p2|6\n|start\n|switch|p1a: Blastoise|Blastoise, L80, F|258/258\n|switch|p2a: Whiscash|Whiscash, L88, M|100/100\n|turn|1\n|inactive|Battle timer is ON: inactive players will automatically lose when time's up. (requested by p0y1694a370)\n|inactive|Time left: 300 sec this turn | 300 sec total | 60 sec grace\n|inactive|p0x16941c73 also wants the timer to be on.\n|\n|t:|1783558831\n|move|p1a: Blastoise|Shell Smash|p1a: Blastoise\n|-unboost|p1a: Blastoise|def|1\n|-unboost|p1a: Blastoise|spd|1\n|-boost|p1a: Blastoise|atk|2\n|-boost|p1a: Blastoise|spa|2\n|-boost|p1a: Blastoise|spe|2\n|-enditem|p1a: Blastoise|White Herb\n|-clearnegativeboost|p1a: Blastoise|[silent]\n|move|p2a: Whiscash|Stealth Rock|p1a: Blastoise\n|-sidestart|p1: p0x16941c73|move: Stealth Rock\n|\n|upkeep\n|turn|2\n|inactive|Time left: 300 sec this turn | 300 sec total\n|\n|t:|1783558832\n|move|p1a: Blastoise|Ice Beam|p2a: Whiscash\n|-damage|p2a: Whiscash|64/100\n|move|p2a: Whiscash|Earthquake|p1a: Blastoise\n|-damage|p1a: Blastoise|170/258\n|\n|-heal|p2a: Whiscash|71/100|[from] item: Leftovers\n|upkeep\n|turn|3\n|inactive|Time left: 300 sec this turn | 300 sec total\n|\n|t:|1783558834\n|move|p1a: Blastoise|Hydro Pump|p2a: Whiscash\n|-damage|p2a: Whiscash|1/100\n|move|p2a: Whiscash|Earthquake|p1a: Blastoise\n|-damage|p1a: Blastoise|76/258\n|\n|-heal|p2a: Whiscash|7/100|[from] item: Leftovers\n|upkeep\n|turn|4\n|inactive|Time left: 300 sec this turn | 300 sec total\n|\n|t:|1783558835\n|move|p1a: Blastoise|Hydro Pump|p2a: Whiscash\n|-damage|p2a: Whiscash|0 fnt\n|faint|p2a: Whiscash\n|\n|upkeep\n|\n|t:|1783558836\n|switch|p2a: Breloom|Breloom, L83, F|100/100\n|turn|5\n|inactive|Time left: 300 sec this turn | 300 sec total\n|\n|t:|1783558837\n|move|p2a: Breloom|Mach Punch|p1a: Blastoise\n|-damage|p1a: Blastoise|0 fnt\n|faint|p1a: Blastoise\n|-damage|p2a: Breloom|91/100|[from] item: Life Orb\n|\n|upkeep\n|inactive|Time left: 300 sec this turn | 300 sec total | 5 sec grace\n|\n|t:|1783558838\n|switch|p1a: Masquerain|Masquerain, L87, M|264/264\n|-ability|p1a: Masquerain|Intimidate|boost\n|-unboost|p2a: Breloom|atk|1\n|turn|6\n|inactive|Time left: 300 sec this turn | 300 sec total\n|\n|t:|1783558839\n|move|p1a: Masquerain|Sticky Web|p2a: Breloom\n|-sidestart|p2: p0y1694a370|move: Sticky Web\n|move|p2a: Breloom|Rock Tomb|p1a: Masquerain\n|-supereffective|p1a: Masquerain\n|-damage|p1a: Masquerain|0 fnt\n|faint|p1a: Masquerain\n|-damage|p2a: Breloom|81/100|[from] item: Life Orb\n|\n|upkeep\n|inactive|Time left: 300 sec this turn | 300 sec total | 5 sec grace\n|\n|t:|1783558840\n|switch|p1a: Hypno|Hypno, L95, F|315/315\n|-damage|p1a: Hypno|276/315|[from] Stealth Rock\n|turn|7\n|inactive|Time left: 300 sec this turn | 300 sec total\n|\n|t:|1783558842\n|switch|p2a: Wigglytuff|Wigglytuff, L96, F|100/100\n|-activate|p2a: Wigglytuff|move: Sticky Web\n|-unboost|p2a: Wigglytuff|spe|1\n|-ability|p2a: Wigglytuff|Competitive|boost\n|-boost|p2a: Wigglytuff|spa|2\n|move|p1a: Hypno|Psychic Noise|p2a: Wigglytuff\n|-damage|p2a: Wigglytuff|73/100\n|-start|p2a: Wigglytuff|move: Heal Block\n|\n|-heal|p1a: Hypno|295/315|[from] item: Leftovers\n|upkeep\n|turn|8\n|inactive|Time left: 300 sec this turn | 300 sec total\n|\n|t:|1783558843\n|move|p1a: Hypno|Psychic Noise|p2a: Wigglytuff\n|-damage|p2a: Wigglytuff|48/100\n|move|p2a: Wigglytuff|Dazzling Gleam|p1a: Hypno\n|-damage|p1a: Hypno|147/315\n|\n|-heal|p1a: Hypno|166/315|[from] item: Leftovers\n|-end|p2a: Wigglytuff|move: Heal Block\n|upkeep\n|turn|9\n|inactive|Time left: 300 sec this turn | 300 sec total\n|\n|t:|1783558844\n|move|p1a: Hypno|Psychic Noise|p2a: Wigglytuff\n|-damage|p2a: Wigglytuff|24/100\n|-start|p2a: Wigglytuff|move: Heal Block\n|move|p2a: Wigglytuff|Dazzling Gleam|p1a: Hypno\n|-damage|p1a: Hypno|21/315\n|\n|-heal|p1a: Hypno|40/315|[from] item: Leftovers\n|upkeep\n|turn|10\n|inactive|Time left: 300 sec this turn | 300 sec total\n|\n|t:|1783558845\n|move|p1a: Hypno|Psychic Noise|p2a: Wigglytuff\n|-damage|p2a: Wigglytuff|0 fnt\n|faint|p2a: Wigglytuff\n|\n|-heal|p1a: Hypno|59/315|[from] item: Leftovers\n|upkeep\n|\n|t:|1783558846\n|switch|p2a: Hitmonlee|Hitmonlee, L85, M|100/100\n|-activate|p2a: Hitmonlee|move: Sticky Web\n|-unboost|p2a: Hitmonlee|spe|1\n|-enditem|p2a: Hitmonlee|White Herb\n|-clearnegativeboost|p2a: Hitmonlee|[silent]\n|turn|11\n|inactive|Time left: 300 sec this turn | 300 sec total\n|\n|t:|1783558847\n|switch|p1a: Mudsdale|Mudsdale, L83, F|302/302\n|-damage|p1a: Mudsdale|284/302|[from] Stealth Rock\n|move|p2a: Hitmonlee|Knock Off|p1a: Mudsdale\n|-damage|p1a: Mudsdale|205/302\n|-ability|p1a: Mudsdale|Stamina|boost\n|-boost|p1a: Mudsdale|def|1\n|-enditem|p1a: Mudsdale|Leftovers|[from] move: Knock Off|[of] p2a: Hitmonlee\n|\n|upkeep\n|turn|12\n|inactive|Time left: 300 sec this turn | 300 sec total\n|\n|t:|1783558848\n|move|p2a: Hitmonlee|Swords Dance|p2a: Hitmonlee\n|-boost|p2a: Hitmonlee|atk|2\n|move|p1a: Mudsdale|Earthquake|p2a: Hitmonlee\n|-damage|p2a: Hitmonlee|19/100\n|\n|upkeep\n|turn|13\n|inactive|Time left: 300 sec this turn | 300 sec total\n|\n|t:|1783558849\n|move|p2a: Hitmonlee|Close Combat|p1a: Mudsdale\n|-damage|p1a: Mudsdale|6/302\n|-unboost|p2a: Hitmonlee|def|1\n|-unboost|p2a: Hitmonlee|spd|1\n|-ability|p1a: Mudsdale|Stamina|boost\n|-boost|p1a: Mudsdale|def|1\n|move|p1a: Mudsdale|Heavy Slam|p2a: Hitmonlee\n|-damage|p2a: Hitmonlee|0 fnt\n|faint|p2a: Hitmonlee\n|\n|upkeep\n|\n|t:|1783558850\n|switch|p2a: Reshiram|Reshiram, L76|100/100\n|-ability|p2a: Reshiram|Turboblaze\n|turn|14\n|inactive|Time left: 300 sec this turn | 300 sec total\n|\n|t:|1783558851\n|move|p2a: Reshiram|Earth Power|p1a: Mudsdale\n|-damage|p1a: Mudsdale|0 fnt\n|faint|p1a: Mudsdale\n|\n|upkeep\n|inactive|Time left: 300 sec this turn | 300 sec total | 5 sec grace\n|\n|t:|1783558852\n|switch|p1a: Froslass|Froslass, L87, F|263/263\n|-damage|p1a: Froslass|198/263|[from] Stealth Rock\n|turn|15\n|inactive|Time left: 300 sec this turn | 300 sec total\n|\n|t:|1783558852\n|move|p1a: Froslass|Destiny Bond|p1a: Froslass\n|-singlemove|p1a: Froslass|Destiny Bond\n|move|p2a: Reshiram|Blue Flare|p1a: Froslass\n|-supereffective|p1a: Froslass\n|-damage|p1a: Froslass|0 fnt\n|faint|p1a: Froslass\n|-activate|p1a: Froslass|move: Destiny Bond\n|faint|p2a: Reshiram\n|\n|upkeep\n|inactive|Time left: 300 sec this turn | 300 sec total | 5 sec grace\n|\n|t:|1783558853\n|switch|p1a: Exeggutor|Exeggutor, L89, F|312/312\n|switch|p2a: Breloom|Breloom, L83, F|81/100\n|-activate|p2a: Breloom|move: Sticky Web\n|-unboost|p2a: Breloom|spe|1\n|-damage|p1a: Exeggutor|273/312|[from] Stealth Rock\n|turn|16\n|inactive|Time left: 300 sec this turn | 300 sec total\n|\n|t:|1783558854\n|-terastallize|p2a: Breloom|Fighting\n|move|p2a: Breloom|Mach Punch|p1a: Exeggutor\n|-resisted|p1a: Exeggutor\n|-damage|p1a: Exeggutor|203/312\n|-damage|p2a: Breloom|71/100|[from] item: Life Orb\n|move|p1a: Exeggutor|Psychic Noise|p2a: Breloom\n|-supereffective|p2a: Breloom\n|-damage|p2a: Breloom|0 fnt\n|faint|p2a: Breloom\n|\n|upkeep\n|\n|t:|1783558854\n|switch|p2a: Salazzle|Salazzle, L83, F|100/100\n|-activate|p2a: Salazzle|move: Sticky Web\n|-unboost|p2a: Salazzle|spe|1\n|turn|17\n|inactive|Time left: 300 sec this turn | 300 sec total\n|\n|t:|1783558855\n|move|p1a: Exeggutor|Protect|p1a: Exeggutor\n|-singleturn|p1a: Exeggutor|Protect\n|move|p2a: Salazzle|Flamethrower|p1a: Exeggutor\n|-activate|p1a: Exeggutor|move: Protect\n|\n|upkeep\n|turn|18\n|inactive|Time left: 300 sec this turn | 300 sec total\n|\n|t:|1783558855\n|move|p1a: Exeggutor|Protect|p1a: Exeggutor\n|-singleturn|p1a: Exeggutor|Protect\n|move|p2a: Salazzle|Flamethrower|p1a: Exeggutor\n|-activate|p1a: Exeggutor|move: Protect\n|\n|upkeep\n|turn|19\n|inactive|Time left: 300 sec this turn | 300 sec total\n|\n|t:|1783558856\n|-terastallize|p1a: Exeggutor|Steel\n|move|p1a: Exeggutor|Protect||[still]\n|-fail|p1a: Exeggutor\n|move|p2a: Salazzle|Flamethrower|p1a: Exeggutor\n|-supereffective|p1a: Exeggutor\n|-damage|p1a: Exeggutor|0 fnt\n|faint|p1a: Exeggutor\n|\n|upkeep\n|inactive|Time left: 300 sec this turn | 300 sec total | 5 sec grace\n|\n|t:|1783558857\n|switch|p1a: Hypno|Hypno, L95, F|59/315\n|-damage|p1a: Hypno|20/315|[from] Stealth Rock\n|turn|20\n|inactive|Time left: 300 sec this turn | 300 sec total\n|\n|t:|1783558857\n|move|p1a: Hypno|Psychic Noise|p2a: Salazzle\n|-supereffective|p2a: Salazzle\n|-damage|p2a: Salazzle|8/100\n|-start|p2a: Salazzle|move: Heal Block\n|move|p2a: Salazzle|Flamethrower|p1a: Hypno\n|-damage|p1a: Hypno|0 fnt\n|faint|p1a: Hypno\n|\n|win|p0y1694a370", "uploadtime": 1783558857, "views": 0, "rating": 0, "private": 0, "password": null, "_winner": "p0y1694a370", "_our_name": "p0x16941c73"}