{"id": "battle-gen9randombattle-77", "formatid": "gen9randombattle", "format": "[Gen 9] Random Battle", "players": ["p0x0770bd9", "p0y07735e6"], "log": "|init|battle\n|title|p0x0770bd9 vs. p0y07735e6\n|j|\u2606p0x0770bd9\n|j|\u2606p0y07735e6\n|t:|1783534138\n|gametype|singles\n|player|p1|p0x0770bd9|102|\n|player|p2|p0y07735e6|170|\n|gen|9\n|tier|[Gen 9] Random Battle\n|rule|Species Clause: Limit one of each Pok\u00e9mon\n|rule|HP Percentage Mod: HP is shown in percentages\n|rule|Sleep Clause Mod: Limit one foe put to sleep\n|rule|Illusion Level Mod: Illusion disguises the Pok\u00e9mon's true level\n|\n|t:|1783534138\n|teamsize|p1|6\n|teamsize|p2|6\n|start\n|switch|p1a: Altaria|Altaria, L89, M|278/278\n|switch|p2a: Meowscarada|Meowscarada, L78, F|100/100\n|turn|1\n|inactive|Battle timer is ON: inactive players will automatically lose when time's up. (requested by p0x0770bd9)\n|inactive|p0y07735e6 also wants the timer to be on.\n|\n|t:|1783534139\n|move|p2a: Meowscarada|Triple Axel|p1a: Altaria\n|-start|p2a: Meowscarada|typechange|Ice|[from] ability: Protean\n|-supereffective|p1a: Altaria\n|-damage|p1a: Altaria|206/278\n|-supereffective|p1a: Altaria\n|-damage|p1a: Altaria|50/278\n|-supereffective|p1a: Altaria\n|-damage|p1a: Altaria|0 fnt\n|faint|p1a: Altaria\n|-hitcount|p1: Altaria|3\n|\n|upkeep\n|inactive|Time left: 300 sec this turn | 300 sec total | 65 sec grace\n|\n|t:|1783534141\n|switch|p1a: Bisharp|Bisharp, L79, M|232/232\n|turn|2\n|inactive|Time left: 300 sec this turn | 300 sec total\n|\n|t:|1783534142\n|switch|p2a: Galvantula|Galvantula, L82, M|100/100\n|move|p1a: Bisharp|Swords Dance|p1a: Bisharp\n|-boost|p1a: Bisharp|atk|2\n|\n|upkeep\n|turn|3\n|inactive|Time left: 300 sec this turn | 300 sec total\n|\n|t:|1783534143\n|move|p2a: Galvantula|Sticky Web|p1a: Bisharp\n|-sidestart|p1: p0x0770bd9|move: Sticky Web\n|move|p1a: Bisharp|Throat Chop|p2a: Galvantula\n|-damage|p2a: Galvantula|6/100\n|-start|p2a: Galvantula|Throat Chop|[silent]\n|\n|upkeep\n|turn|4\n|inactive|Time left: 300 sec this turn | 300 sec total\n|\n|t:|1783534144\n|move|p1a: Bisharp|Sucker Punch|p2a: Galvantula\n|-crit|p2a: Galvantula\n|-damage|p2a: Galvantula|0 fnt\n|faint|p2a: Galvantula\n|\n|upkeep\n|\n|t:|1783534145\n|switch|p2a: Zapdos|Zapdos-Galar, L77|100/100\n|turn|5\n|inactive|Time left: 300 sec this turn | 300 sec total\n|\n|t:|1783534146\n|-terastallize|p1a: Bisharp|Ghost\n|move|p2a: Zapdos|Close Combat|p1a: Bisharp\n|-immune|p1a: Bisharp\n|move|p1a: Bisharp|Iron Head|p2a: Zapdos\n|-damage|p2a: Zapdos|31/100\n|\n|upkeep\n|turn|6\n|inactive|Time left: 300 sec this turn | 300 sec total\n|\n|t:|1783534147\n|switch|p2a: Iron Thorns|Iron Thorns, L83|100/100\n|move|p1a: Bisharp|Iron Head|p2a: Iron Thorns\n|-damage|p2a: Iron Thorns|50/100\n|\n|upkeep\n|turn|7\n|inactive|Time left: 300 sec this turn | 300 sec total\n|\n|t:|1783534149\n|move|p2a: Iron Thorns|Volt Switch|p1a: Bisharp\n|-damage|p1a: Bisharp|178/232\n|\n|t:|1783534150\n|-end|p2a: Iron Thorns|Quark Drive|[silent]\n|switch|p2a: Meowscarada|Meowscarada, L78, F|100/100|[from] Volt Switch\n|move|p1a: Bisharp|Iron Head|p2a: Meowscarada\n|-damage|p2a: Meowscarada|12/100\n|\n|upkeep\n|turn|8\n|inactive|Time left: 300 sec this turn | 300 sec total\n|\n|t:|1783534151\n|move|p1a: Bisharp|Sucker Punch|p2a: Meowscarada\n|-resisted|p2a: Meowscarada\n|-damage|p2a: Meowscarada|0 fnt\n|faint|p2a: Meowscarada\n|\n|upkeep\n|\n|t:|1783534151\n|switch|p2a: Mewtwo|Mewtwo, L72|100/100\n|-ability|p2a: Mewtwo|Unnerve\n|turn|9\n|inactive|Time left: 300 sec this turn | 300 sec total\n|\n|t:|1783534152\n|-terastallize|p2a: Mewtwo|Fire\n|move|p2a: Mewtwo|Nasty Plot|p2a: Mewtwo\n|-boost|p2a: Mewtwo|spa|2\n|move|p1a: Bisharp|Throat Chop|p2a: Mewtwo\n|-damage|p2a: Mewtwo|19/100\n|-start|p2a: Mewtwo|Throat Chop|[silent]\n|\n|upkeep\n|turn|10\n|inactive|Time left: 300 sec this turn | 300 sec total\n|\n|t:|1783534154\n|move|p1a: Bisharp|Sucker Punch||[still]\n|-fail|p1a: Bisharp\n|move|p2a: Mewtwo|Recover|p2a: Mewtwo\n|-heal|p2a: Mewtwo|69/100\n|\n|-end|p2a: Mewtwo|Throat Chop|[silent]\n|upkeep\n|turn|11\n|inactive|Time left: 300 sec this turn | 300 sec total\n|\n|t:|1783534155\n|move|p1a: Bisharp|Sucker Punch||[still]\n|-fail|p1a: Bisharp\n|move|p2a: Mewtwo|Recover|p2a: Mewtwo\n|-heal|p2a: Mewtwo|100/100\n|\n|upkeep\n|turn|12\n|inactive|Time left: 300 sec this turn | 300 sec total\n|\n|t:|1783534156\n|move|p1a: Bisharp|Sucker Punch|p2a: Mewtwo\n|-damage|p2a: Mewtwo|31/100\n|move|p2a: Mewtwo|Psystrike|p1a: Bisharp\n|-crit|p1a: Bisharp\n|-damage|p1a: Bisharp|0 fnt\n|faint|p1a: Bisharp\n|-damage|p2a: Mewtwo|21/100|[from] item: Life Orb\n|\n|upkeep\n|inactive|Time left: 300 sec this turn | 300 sec total | 5 sec grace\n|\n|t:|1783534157\n|switch|p1a: Dragapult|Dragapult, L77, F|262/262\n|-activate|p1a: Dragapult|move: Sticky Web\n|-fail|p1a: Dragapult|unboost|[from] ability: Clear Body|[of] p1a: Dragapult\n|turn|13\n|inactive|Time left: 300 sec this turn | 300 sec total\n|\n|t:|1783534159\n|move|p1a: Dragapult|Dragon Darts|p2a: Mewtwo\n|-damage|p2a: Mewtwo|0 fnt\n|faint|p2a: Mewtwo\n|-damage|p1a: Dragapult|236/262|[from] item: Life Orb\n|\n|upkeep\n|\n|t:|1783534160\n|switch|p2a: Iron Thorns|Iron Thorns, L83|50/100\n|turn|14\n|inactive|Time left: 300 sec this turn | 300 sec total\n|\n|t:|1783534161\n|switch|p1a: Iron Treads|Iron Treads, L77|265/265\n|-activate|p1a: Iron Treads|move: Sticky Web\n|-unboost|p1a: Iron Treads|spe|1\n|move|p2a: Iron Thorns|Ice Punch|p1a: Iron Treads\n|-damage|p1a: Iron Treads|207/265\n|\n|-heal|p1a: Iron Treads|223/265|[from] item: Leftovers\n|upkeep\n|turn|15\n|inactive|Time left: 300 sec this turn | 300 sec total\n|\n|t:|1783534162\n|-end|p2a: Iron Thorns|Quark Drive|[silent]\n|switch|p2a: Torterra|Torterra, L78, M|100/100\n|move|p1a: Iron Treads|Rapid Spin|p2a: Torterra\n|-damage|p2a: Torterra|89/100\n|-boost|p1a: Iron Treads|spe|1\n|-sideend|p1: p0x0770bd9|Sticky Web|[from] move: Rapid Spin|[of] p1a: Iron Treads\n|\n|-heal|p1a: Iron Treads|239/265|[from] item: Leftovers\n|upkeep\n|turn|16\n|inactive|Time left: 300 sec this turn | 300 sec total\n|\n|t:|1783534163\n|move|p1a: Iron Treads|Rapid Spin|p2a: Torterra\n|-damage|p2a: Torterra|77/100\n|-boost|p1a: Iron Treads|spe|1\n|move|p2a: Torterra|Shell Smash|p2a: Torterra\n|-unboost|p2a: Torterra|def|1\n|-unboost|p2a: Torterra|spd|1\n|-boost|p2a: Torterra|atk|2\n|-boost|p2a: Torterra|spa|2\n|-boost|p2a: Torterra|spe|2\n|\n|-heal|p1a: Iron Treads|255/265|[from] item: Leftovers\n|upkeep\n|turn|17\n|inactive|Time left: 300 sec this turn | 300 sec total\n|\n|t:|1783534164\n|move|p1a: Iron Treads|Iron Head|p2a: Torterra\n|-damage|p2a: Torterra|35/100\n|move|p2a: Torterra|Headlong Rush|p1a: Iron Treads\n|-supereffective|p1a: Iron Treads\n|-damage|p1a: Iron Treads|0 fnt\n|-unboost|p2a: Torterra|def|1\n|-unboost|p2a: Torterra|spd|1\n|faint|p1a: Iron Treads\n|-end|p1a: Iron Treads|Quark Drive|[silent]\n|\n|upkeep\n|inactive|Time left: 300 sec this turn | 300 sec total | 5 sec grace\n|\n|t:|1783534165\n|switch|p1a: Scovillain|Scovillain, L91, F|266/266\n|turn|18\n|inactive|Time left: 300 sec this turn | 300 sec total\n|\n|t:|1783534166\n|move|p1a: Scovillain|Protect|p1a: Scovillain\n|-singleturn|p1a: Scovillain|Protect\n|move|p2a: Torterra|Headlong Rush|p1a: Scovillain\n|-activate|p1a: Scovillain|move: Protect\n|\n|upkeep\n|turn|19\n|inactive|Time left: 300 sec this turn | 300 sec total\n|\n|t:|1783534167\n|move|p2a: Torterra|Headlong Rush|p1a: Scovillain\n|-damage|p1a: Scovillain|0 fnt\n|-unboost|p2a: Torterra|def|1\n|-unboost|p2a: Torterra|spd|1\n|faint|p1a: Scovillain\n|\n|upkeep\n|inactive|Time left: 300 sec this turn | 300 sec total | 5 sec grace\n|\n|t:|1783534168\n|switch|p1a: Komala|Komala, L87, F|255/255\n|-ability|p1a: Komala|Comatose\n|turn|20\n|inactive|Time left: 300 sec this turn | 300 sec total\n|\n|t:|1783534169\n|move|p2a: Torterra|Headlong Rush|p1a: Komala\n|-damage|p1a: Komala|0 fnt\n|-unboost|p2a: Torterra|def|1\n|-unboost|p2a: Torterra|spd|1\n|faint|p1a: Komala\n|\n|upkeep\n|inactive|Time left: 300 sec this turn | 300 sec total | 5 sec grace\n|\n|t:|1783534170\n|switch|p1a: Dragapult|Dragapult, L77, F|236/262\n|turn|21\n|inactive|Time left: 300 sec this turn | 300 sec total\n|\n|t:|1783534171\n|move|p2a: Torterra|Headlong Rush|p1a: Dragapult\n|-damage|p1a: Dragapult|0 fnt\n|-unboost|p2a: Torterra|def|1\n|-unboost|p2a: Torterra|spd|1\n|faint|p1a: Dragapult\n|\n|win|p0y07735e6", "uploadtime": 1783534171, "views": 0, "rating": 0, "private": 0, "password": null, "_winner": "p0y07735e6", "_our_name": "p0x0770bd9"}