{"id": "battle-gen9randombattle-2973", "formatid": "gen9randombattle", "format": "[Gen 9] Random Battle", "players": ["p0x29730259", "p0y2973dcfc"], "log": "|init|battle\n|title|p0x29730259 vs. p0y2973dcfc\n|j|\u2606p0x29730259\n|j|\u2606p0y2973dcfc\n|t:|1783573246\n|gametype|singles\n|player|p1|p0x29730259|1|\n|player|p2|p0y2973dcfc|101|\n|gen|9\n|tier|[Gen 9] Random Battle\n|rule|Species Clause: Limit one of each Pok\u00e9mon\n|rule|HP Percentage Mod: HP is shown in percentages\n|rule|Sleep Clause Mod: Limit one foe put to sleep\n|rule|Illusion Level Mod: Illusion disguises the Pok\u00e9mon's true level\n|\n|t:|1783573246\n|teamsize|p1|6\n|teamsize|p2|6\n|start\n|switch|p1a: Gliscor|Gliscor, L76, M|100/100\n|switch|p2a: Gholdengo|Gholdengo, L77|261/261\n|turn|1\n|inactive|Battle timer is ON: inactive players will automatically lose when time's up. (requested by p0y2973dcfc)\n|inactive|p0x29730259 also wants the timer to be on.\n|\n|t:|1783573247\n|move|p1a: Gliscor|Earthquake|p2a: Gholdengo\n|-supereffective|p2a: Gholdengo\n|-damage|p2a: Gholdengo|99/261\n|move|p2a: Gholdengo|Make It Rain|p1a: Gliscor\n|-damage|p1a: Gliscor|26/100\n|-unboost|p2a: Gholdengo|spa|1\n|\n|-heal|p2a: Gholdengo|115/261|[from] item: Leftovers\n|-status|p1a: Gliscor|tox|[from] item: Toxic Orb\n|upkeep\n|turn|2\n|inactive|Time left: 300 sec this turn | 300 sec total\n|\n|t:|1783573248\n|switch|p2a: Roaring Moon|Roaring Moon, L72|270/270\n|move|p1a: Gliscor|Earthquake|p2a: Roaring Moon\n|-damage|p2a: Roaring Moon|162/270\n|\n|-heal|p1a: Gliscor|39/100 tox|[from] ability: Poison Heal\n|upkeep\n|turn|3\n|inactive|Time left: 300 sec this turn | 300 sec total\n|\n|t:|1783573250\n|switch|p1a: Iron Hands|Iron Hands, L79|100/100\n|move|p2a: Roaring Moon|Outrage|p1a: Iron Hands\n|-damage|p1a: Iron Hands|59/100\n|\n|-heal|p1a: Iron Hands|65/100|[from] item: Leftovers\n|upkeep\n|turn|4\n|inactive|Time left: 300 sec this turn | 300 sec total\n|\n|t:|1783573251\n|move|p2a: Roaring Moon|Outrage|p1a: Iron Hands|[from] lockedmove\n|-damage|p1a: Iron Hands|16/100\n|-start|p2a: Roaring Moon|confusion|[fatigue]\n|move|p1a: Iron Hands|Drain Punch|p2a: Roaring Moon\n|-supereffective|p2a: Roaring Moon\n|-damage|p2a: Roaring Moon|0 fnt\n|-heal|p1a: Iron Hands|37/100|[from] drain|[of] p2a: Roaring Moon\n|faint|p2a: Roaring Moon\n|-end|p2a: Roaring Moon|Protosynthesis|[silent]\n|\n|-heal|p1a: Iron Hands|43/100|[from] item: Leftovers\n|upkeep\n|inactive|Time left: 300 sec this turn | 300 sec total | 5 sec grace\n|\n|t:|1783573252\n|switch|p2a: Plusle|Plusle, L95, M|268/268\n|turn|5\n|inactive|Time left: 300 sec this turn | 300 sec total\n|\n|t:|1783573253\n|move|p2a: Plusle|Nasty Plot|p2a: Plusle\n|-boost|p2a: Plusle|spa|2\n|move|p1a: Iron Hands|Drain Punch|p2a: Plusle\n|-damage|p2a: Plusle|118/268\n|-heal|p1a: Iron Hands|64/100|[from] drain|[of] p2a: Plusle\n|\n|-heal|p1a: Iron Hands|70/100|[from] item: Leftovers\n|upkeep\n|turn|6\n|inactive|Time left: 300 sec this turn | 300 sec total\n|\n|t:|1783573254\n|-end|p1a: Iron Hands|Quark Drive|[silent]\n|switch|p1a: Blissey|Blissey, L85, F|100/100\n|move|p2a: Plusle|Alluring Voice|p1a: Blissey\n|-damage|p1a: Blissey|80/100\n|-damage|p2a: Plusle|92/268|[from] item: Life Orb\n|\n|-heal|p1a: Blissey|86/100|[from] item: Leftovers\n|upkeep\n|turn|7\n|inactive|Time left: 300 sec this turn | 300 sec total\n|\n|t:|1783573255\n|move|p2a: Plusle|Thunderbolt|p1a: Blissey\n|-damage|p1a: Blissey|48/100\n|-damage|p2a: Plusle|66/268|[from] item: Life Orb\n|move|p1a: Blissey|Seismic Toss|p2a: Plusle\n|-damage|p2a: Plusle|0 fnt\n|faint|p2a: Plusle\n|\n|-heal|p1a: Blissey|54/100|[from] item: Leftovers\n|upkeep\n|inactive|Time left: 300 sec this turn | 300 sec total | 5 sec grace\n|\n|t:|1783573256\n|switch|p2a: Lilligant|Lilligant-Hisui, L79, F|240/240\n|turn|8\n|inactive|Time left: 300 sec this turn | 300 sec total\n|\n|t:|1783573257\n|switch|p1a: Volcanion|Volcanion, L79|100/100\n|move|p2a: Lilligant|Victory Dance|p2a: Lilligant\n|-boost|p2a: Lilligant|atk|1\n|-boost|p2a: Lilligant|def|1\n|-boost|p2a: Lilligant|spe|1\n|\n|upkeep\n|turn|9\n|inactive|Time left: 300 sec this turn | 300 sec total\n|\n|t:|1783573258\n|move|p2a: Lilligant|Sleep Powder|p1a: Volcanion|[miss]\n|-miss|p2a: Lilligant|p1a: Volcanion\n|move|p1a: Volcanion|Flamethrower|p2a: Lilligant\n|-supereffective|p2a: Lilligant\n|-damage|p2a: Lilligant|0 fnt\n|faint|p2a: Lilligant\n|\n|upkeep\n|inactive|Time left: 300 sec this turn | 300 sec total | 5 sec grace\n|\n|t:|1783573259\n|switch|p2a: Skuntank|Skuntank, L84, M|310/310\n|turn|10\n|inactive|Time left: 300 sec this turn | 300 sec total\n|\n|t:|1783573260\n|move|p2a: Skuntank|Knock Off|p1a: Volcanion\n|-damage|p1a: Volcanion|67/100\n|-enditem|p1a: Volcanion|Assault Vest|[from] move: Knock Off|[of] p2a: Skuntank\n|move|p1a: Volcanion|Steam Eruption|p2a: Skuntank\n|-damage|p2a: Skuntank|192/310\n|\n|upkeep\n|turn|11\n|inactive|Time left: 300 sec this turn | 300 sec total\n|\n|t:|1783573261\n|move|p2a: Skuntank|Gunk Shot|p1a: Volcanion\n|-damage|p1a: Volcanion|27/100\n|move|p1a: Volcanion|Flame Charge|p2a: Skuntank\n|-damage|p2a: Skuntank|132/310\n|-boost|p1a: Volcanion|spe|1\n|\n|upkeep\n|turn|12\n|inactive|Time left: 300 sec this turn | 300 sec total\n|\n|t:|1783573262\n|move|p1a: Volcanion|Steam Eruption|p2a: Skuntank\n|-damage|p2a: Skuntank|24/310\n|move|p2a: Skuntank|Gunk Shot|p1a: Volcanion\n|-damage|p1a: Volcanion|0 fnt\n|faint|p1a: Volcanion\n|\n|upkeep\n|\n|t:|1783573263\n|switch|p1a: Magnezone|Magnezone, L85|100/100\n|turn|13\n|inactive|Time left: 300 sec this turn | 300 sec total\n|\n|t:|1783573264\n|move|p2a: Skuntank|Knock Off|p1a: Magnezone\n|-damage|p1a: Magnezone|68/100\n|-enditem|p1a: Magnezone|Leftovers|[from] move: Knock Off|[of] p2a: Skuntank\n|move|p1a: Magnezone|Thunderbolt|p2a: Skuntank\n|-damage|p2a: Skuntank|0 fnt\n|faint|p2a: Skuntank\n|\n|upkeep\n|inactive|Time left: 300 sec this turn | 300 sec total | 5 sec grace\n|\n|t:|1783573265\n|switch|p2a: Gholdengo|Gholdengo, L77|115/261\n|turn|14\n|inactive|Time left: 300 sec this turn | 300 sec total\n|\n|t:|1783573266\n|move|p2a: Gholdengo|Recover|p2a: Gholdengo\n|-heal|p2a: Gholdengo|246/261\n|move|p1a: Magnezone|Thunderbolt|p2a: Gholdengo\n|-crit|p2a: Gholdengo\n|-damage|p2a: Gholdengo|0 fnt\n|faint|p2a: Gholdengo\n|\n|upkeep\n|inactive|Time left: 300 sec this turn | 300 sec total | 5 sec grace\n|\n|t:|1783573267\n|switch|p2a: Amoonguss|Amoonguss, L82, F|321/321\n|turn|15\n|inactive|Time left: 300 sec this turn | 300 sec total\n|\n|t:|1783573268\n|move|p1a: Magnezone|Flash Cannon|p2a: Amoonguss\n|-damage|p2a: Amoonguss|194/321\n|move|p2a: Amoonguss|Spore|p1a: Magnezone\n|-status|p1a: Magnezone|slp|[from] move: Spore\n|\n|-heal|p2a: Amoonguss|214/321|[from] item: Leftovers\n|upkeep\n|turn|16\n|inactive|Time left: 300 sec this turn | 300 sec total\n|\n|t:|1783573269\n|switch|p1a: Iron Hands|Iron Hands, L79|70/100\n|move|p2a: Amoonguss|Giga Drain|p1a: Iron Hands\n|-damage|p1a: Iron Hands|47/100\n|-heal|p2a: Amoonguss|256/321|[from] drain|[of] p1a: Iron Hands\n|\n|-heal|p1a: Iron Hands|53/100|[from] item: Leftovers\n|-heal|p2a: Amoonguss|276/321|[from] item: Leftovers\n|upkeep\n|turn|17\n|inactive|Time left: 300 sec this turn | 300 sec total\n|\n|t:|1783573270\n|move|p1a: Iron Hands|Ice Punch|p2a: Amoonguss\n|-supereffective|p2a: Amoonguss\n|-damage|p2a: Amoonguss|132/321\n|-status|p2a: Amoonguss|frz\n|-curestatus|p2a: Amoonguss|frz|[msg]\n|move|p2a: Amoonguss|Giga Drain|p1a: Iron Hands\n|-damage|p1a: Iron Hands|31/100\n|-heal|p2a: Amoonguss|174/321|[from] drain|[of] p1a: Iron Hands\n|\n|-heal|p1a: Iron Hands|37/100|[from] item: Leftovers\n|-heal|p2a: Amoonguss|194/321|[from] item: Leftovers\n|upkeep\n|turn|18\n|inactive|Time left: 300 sec this turn | 300 sec total\n|\n|t:|1783573271\n|move|p1a: Iron Hands|Ice Punch|p2a: Amoonguss\n|-supereffective|p2a: Amoonguss\n|-damage|p2a: Amoonguss|36/321\n|move|p2a: Amoonguss|Giga Drain|p1a: Iron Hands\n|-damage|p1a: Iron Hands|13/100\n|-heal|p2a: Amoonguss|82/321|[from] drain|[of] p1a: Iron Hands\n|\n|-heal|p1a: Iron Hands|19/100|[from] item: Leftovers\n|-heal|p2a: Amoonguss|102/321|[from] item: Leftovers\n|upkeep\n|turn|19\n|inactive|Time left: 300 sec this turn | 300 sec total\n|\n|t:|1783573272\n|-terastallize|p2a: Amoonguss|Water\n|move|p1a: Iron Hands|Ice Punch|p2a: Amoonguss\n|-resisted|p2a: Amoonguss\n|-damage|p2a: Amoonguss|65/321\n|move|p2a: Amoonguss|Giga Drain|p1a: Iron Hands\n|-damage|p1a: Iron Hands|0 fnt\n|-heal|p2a: Amoonguss|99/321|[from] drain|[of] p1a: Iron Hands\n|faint|p1a: Iron Hands\n|-end|p1a: Iron Hands|Quark Drive|[silent]\n|\n|-heal|p2a: Amoonguss|119/321|[from] item: Leftovers\n|upkeep\n|\n|t:|1783573273\n|switch|p1a: Malamar|Malamar, L82, M|100/100\n|turn|20\n|inactive|Time left: 300 sec this turn | 300 sec total\n|\n|t:|1783573274\n|-terastallize|p1a: Malamar|Steel\n|move|p1a: Malamar|Knock Off|p2a: Amoonguss\n|-damage|p2a: Amoonguss|2/321\n|-enditem|p2a: Amoonguss|Leftovers|[from] move: Knock Off|[of] p1a: Malamar\n|move|p2a: Amoonguss|Sludge Bomb|p1a: Malamar\n|-immune|p1a: Malamar\n|\n|upkeep\n|turn|21\n|inactive|Time left: 300 sec this turn | 300 sec total\n|\n|t:|1783573275\n|move|p1a: Malamar|Knock Off|p2a: Amoonguss\n|-damage|p2a: Amoonguss|0 fnt\n|faint|p2a: Amoonguss\n|\n|win|p0x29730259", "uploadtime": 1783573275, "views": 0, "rating": 0, "private": 0, "password": null, "_winner": "p0x29730259", "_our_name": "p0y2973dcfc"}