{"id": "battle-gen9randombattle-599", "formatid": "gen9randombattle", "format": "[Gen 9] Random Battle", "players": ["p0x599bcf1", "p0y5995802"], "log": "|init|battle\n|title|p0x599bcf1 vs. p0y5995802\n|j|\u2606p0x599bcf1\n|j|\u2606p0y5995802\n|t:|1783546772\n|gametype|singles\n|player|p1|p0x599bcf1|1|\n|player|p2|p0y5995802|170|\n|gen|9\n|tier|[Gen 9] Random Battle\n|rule|Species Clause: Limit one of each Pok\u00e9mon\n|rule|HP Percentage Mod: HP is shown in percentages\n|rule|Sleep Clause Mod: Limit one foe put to sleep\n|rule|Illusion Level Mod: Illusion disguises the Pok\u00e9mon's true level\n|\n|t:|1783546772\n|teamsize|p1|6\n|teamsize|p2|6\n|start\n|switch|p1a: Wigglytuff|Wigglytuff, L96, F|424/424\n|switch|p2a: Kommo-o|Kommo-o, L77, M|100/100\n|turn|1\n|inactive|Battle timer is ON: inactive players will automatically lose when time's up. (requested by p0x599bcf1)\n|inactive|p0y5995802 also wants the timer to be on.\n|\n|t:|1783546774\n|move|p2a: Kommo-o|Swords Dance|p2a: Kommo-o\n|-boost|p2a: Kommo-o|atk|2\n|move|p1a: Wigglytuff|Dazzling Gleam|p2a: Kommo-o\n|-supereffective|p2a: Kommo-o\n|-damage|p2a: Kommo-o|0 fnt\n|faint|p2a: Kommo-o\n|\n|upkeep\n|\n|t:|1783546775\n|switch|p2a: Clodsire|Clodsire, L81, F|100/100\n|turn|2\n|inactive|Time left: 300 sec this turn | 300 sec total\n|\n|t:|1783546776\n|switch|p1a: Landorus|Landorus-Therian, L76, M|260/260\n|-ability|p1a: Landorus|Intimidate|boost\n|-unboost|p2a: Clodsire|atk|1\n|move|p2a: Clodsire|Stealth Rock|p1a: Landorus\n|-sidestart|p1: p0x599bcf1|move: Stealth Rock\n|\n|upkeep\n|turn|3\n|inactive|Time left: 300 sec this turn | 300 sec total\n|\n|t:|1783546777\n|switch|p2a: Charizard|Charizard, L85, M|100/100\n|move|p1a: Landorus|Earthquake|p2a: Charizard\n|-immune|p2a: Charizard\n|\n|upkeep\n|turn|4\n|inactive|Time left: 300 sec this turn | 300 sec total\n|\n|t:|1783546778\n|move|p2a: Charizard|Will-O-Wisp|p1a: Landorus\n|-status|p1a: Landorus|brn\n|move|p1a: Landorus|Stone Edge|p2a: Charizard\n|-supereffective|p2a: Charizard\n|-crit|p2a: Charizard\n|-damage|p2a: Charizard|12/100\n|\n|-damage|p1a: Landorus|244/260 brn|[from] brn\n|upkeep\n|turn|5\n|inactive|Time left: 300 sec this turn | 300 sec total\n|\n|t:|1783546779\n|move|p2a: Charizard|Flamethrower|p1a: Landorus\n|-damage|p1a: Landorus|67/260 brn\n|move|p1a: Landorus|Stone Edge|p2a: Charizard\n|-supereffective|p2a: Charizard\n|-damage|p2a: Charizard|0 fnt\n|faint|p2a: Charizard\n|\n|-heal|p1a: Landorus|83/260 brn|[from] item: Leftovers\n|-damage|p1a: Landorus|67/260 brn|[from] brn\n|upkeep\n|\n|t:|1783546780\n|switch|p2a: Milotic|Milotic, L83, F|100/100\n|turn|6\n|inactive|Time left: 300 sec this turn | 300 sec total\n|\n|t:|1783546781\n|move|p2a: Milotic|Ice Beam|p1a: Landorus\n|-supereffective|p1a: Landorus\n|-damage|p1a: Landorus|0 fnt\n|faint|p1a: Landorus\n|\n|upkeep\n|inactive|Time left: 300 sec this turn | 300 sec total | 5 sec grace\n|\n|t:|1783546782\n|switch|p1a: Meloetta|Meloetta, L82|298/298\n|-damage|p1a: Meloetta|261/298|[from] Stealth Rock\n|turn|7\n|inactive|Time left: 300 sec this turn | 300 sec total\n|\n|t:|1783546783\n|move|p1a: Meloetta|Psyshock|p2a: Milotic\n|-damage|p2a: Milotic|47/100\n|move|p2a: Milotic|Scald|p1a: Meloetta\n|-damage|p1a: Meloetta|195/298\n|\n|-heal|p2a: Milotic|53/100|[from] item: Leftovers\n|upkeep\n|turn|8\n|inactive|Time left: 300 sec this turn | 300 sec total\n|\n|t:|1783546784\n|-terastallize|p2a: Milotic|Steel\n|move|p1a: Meloetta|Psyshock|p2a: Milotic\n|-resisted|p2a: Milotic\n|-damage|p2a: Milotic|28/100\n|move|p2a: Milotic|Recover|p2a: Milotic\n|-heal|p2a: Milotic|78/100\n|\n|-heal|p2a: Milotic|84/100|[from] item: Leftovers\n|upkeep\n|turn|9\n|inactive|Time left: 300 sec this turn | 300 sec total\n|\n|t:|1783546785\n|move|p1a: Meloetta|Psyshock|p2a: Milotic\n|-resisted|p2a: Milotic\n|-damage|p2a: Milotic|55/100\n|move|p2a: Milotic|Scald|p1a: Meloetta\n|-damage|p1a: Meloetta|129/298\n|\n|-heal|p2a: Milotic|61/100|[from] item: Leftovers\n|upkeep\n|turn|10\n|inactive|Time left: 300 sec this turn | 300 sec total\n|\n|t:|1783546786\n|move|p1a: Meloetta|Psyshock|p2a: Milotic\n|-resisted|p2a: Milotic\n|-damage|p2a: Milotic|35/100\n|move|p2a: Milotic|Recover|p2a: Milotic\n|-heal|p2a: Milotic|85/100\n|\n|-heal|p2a: Milotic|91/100|[from] item: Leftovers\n|upkeep\n|turn|11\n|inactive|Time left: 300 sec this turn | 300 sec total\n|\n|t:|1783546787\n|move|p1a: Meloetta|Psyshock|p2a: Milotic\n|-resisted|p2a: Milotic\n|-damage|p2a: Milotic|66/100\n|move|p2a: Milotic|Scald|p1a: Meloetta\n|-damage|p1a: Meloetta|59/298\n|-status|p1a: Meloetta|brn\n|\n|-heal|p2a: Milotic|72/100|[from] item: Leftovers\n|-damage|p1a: Meloetta|41/298 brn|[from] brn\n|upkeep\n|turn|12\n|inactive|Time left: 300 sec this turn | 300 sec total\n|\n|t:|1783546788\n|move|p1a: Meloetta|Psyshock|p2a: Milotic\n|-resisted|p2a: Milotic\n|-damage|p2a: Milotic|43/100\n|move|p2a: Milotic|Recover|p2a: Milotic\n|-heal|p2a: Milotic|93/100\n|\n|-heal|p2a: Milotic|99/100|[from] item: Leftovers\n|-damage|p1a: Meloetta|23/298 brn|[from] brn\n|upkeep\n|turn|13\n|inactive|Time left: 300 sec this turn | 300 sec total\n|\n|t:|1783546789\n|move|p1a: Meloetta|Psyshock|p2a: Milotic\n|-resisted|p2a: Milotic\n|-damage|p2a: Milotic|69/100\n|move|p2a: Milotic|Scald|p1a: Meloetta\n|-damage|p1a: Meloetta|0 fnt\n|faint|p1a: Meloetta\n|\n|-heal|p2a: Milotic|75/100|[from] item: Leftovers\n|upkeep\n|inactive|Time left: 300 sec this turn | 300 sec total | 5 sec grace\n|\n|t:|1783546789\n|switch|p1a: Blaziken|Blaziken, L76, F|247/247\n|-damage|p1a: Blaziken|217/247|[from] Stealth Rock\n|turn|14\n|inactive|Time left: 300 sec this turn | 300 sec total\n|\n|t:|1783546790\n|move|p1a: Blaziken|Protect|p1a: Blaziken\n|-singleturn|p1a: Blaziken|Protect\n|move|p2a: Milotic|Scald|p1a: Blaziken\n|-activate|p1a: Blaziken|move: Protect\n|\n|-heal|p2a: Milotic|81/100|[from] item: Leftovers\n|-ability|p1a: Blaziken|Speed Boost|boost\n|-boost|p1a: Blaziken|spe|1\n|upkeep\n|turn|15\n|inactive|Time left: 300 sec this turn | 300 sec total\n|\n|t:|1783546792\n|switch|p2a: Slowking|Slowking, L88, F|100/100\n|move|p1a: Blaziken|Flare Blitz|p2a: Slowking\n|-resisted|p2a: Slowking\n|-damage|p2a: Slowking|74/100\n|-damage|p1a: Blaziken|190/247|[from] Recoil\n|-damage|p1a: Blaziken|166/247|[from] item: Life Orb\n|\n|-ability|p1a: Blaziken|Speed Boost|boost\n|-boost|p1a: Blaziken|spe|1\n|upkeep\n|turn|16\n|inactive|Time left: 300 sec this turn | 300 sec total\n|\n|t:|1783546793\n|move|p1a: Blaziken|Protect|p1a: Blaziken\n|-singleturn|p1a: Blaziken|Protect\n|move|p2a: Slowking|Scald|p1a: Blaziken\n|-activate|p1a: Blaziken|move: Protect\n|\n|-ability|p1a: Blaziken|Speed Boost|boost\n|-boost|p1a: Blaziken|spe|1\n|upkeep\n|turn|17\n|inactive|Time left: 300 sec this turn | 300 sec total\n|\n|t:|1783546794\n|move|p1a: Blaziken|Protect|p1a: Blaziken\n|-singleturn|p1a: Blaziken|Protect\n|move|p2a: Slowking|Scald|p1a: Blaziken\n|-activate|p1a: Blaziken|move: Protect\n|\n|-ability|p1a: Blaziken|Speed Boost|boost\n|-boost|p1a: Blaziken|spe|1\n|upkeep\n|turn|18\n|inactive|Time left: 300 sec this turn | 300 sec total\n|\n|t:|1783546795\n|-terastallize|p1a: Blaziken|Fighting\n|move|p1a: Blaziken|Swords Dance|p1a: Blaziken\n|-boost|p1a: Blaziken|atk|2\n|move|p2a: Slowking|Scald|p1a: Blaziken\n|-damage|p1a: Blaziken|51/247\n|\n|-ability|p1a: Blaziken|Speed Boost|boost\n|-boost|p1a: Blaziken|spe|1\n|upkeep\n|turn|19\n|inactive|Time left: 300 sec this turn | 300 sec total\n|\n|t:|1783546796\n|move|p1a: Blaziken|Close Combat|p2a: Slowking\n|-resisted|p2a: Slowking\n|-damage|p2a: Slowking|2/100\n|-unboost|p1a: Blaziken|def|1\n|-unboost|p1a: Blaziken|spd|1\n|-damage|p1a: Blaziken|27/247|[from] item: Life Orb\n|move|p2a: Slowking|Scald|p1a: Blaziken\n|-damage|p1a: Blaziken|0 fnt\n|faint|p1a: Blaziken\n|\n|upkeep\n|inactive|Time left: 300 sec this turn | 300 sec total | 5 sec grace\n|\n|t:|1783546797\n|switch|p1a: Klawf|Klawf, L90, M|272/272\n|-damage|p1a: Klawf|238/272|[from] Stealth Rock\n|turn|20\n|inactive|Time left: 300 sec this turn | 300 sec total\n|\n|t:|1783546798\n|move|p1a: Klawf|High Horsepower|p2a: Slowking\n|-damage|p2a: Slowking|0 fnt\n|faint|p2a: Slowking\n|-damage|p1a: Klawf|211/272|[from] item: Life Orb\n|\n|upkeep\n|\n|t:|1783546799\n|switch|p2a: Pikachu|Pikachu-World, L93, M|100/100\n|turn|21\n|inactive|Time left: 300 sec this turn | 300 sec total\n|\n|t:|1783546800\n|switch|p1a: Wigglytuff|Wigglytuff, L96, F|424/424\n|-damage|p1a: Wigglytuff|371/424|[from] Stealth Rock\n|move|p2a: Pikachu|Surf|p1a: Wigglytuff\n|-damage|p1a: Wigglytuff|246/424\n|\n|-heal|p1a: Wigglytuff|272/424|[from] item: Leftovers\n|upkeep\n|turn|22\n|inactive|Time left: 300 sec this turn | 300 sec total\n|\n|t:|1783546801\n|move|p2a: Pikachu|Volt Tackle|p1a: Wigglytuff\n|-crit|p1a: Wigglytuff\n|-damage|p1a: Wigglytuff|0 fnt\n|faint|p1a: Wigglytuff\n|-damage|p2a: Pikachu|59/100|[from] Recoil\n|\n|upkeep\n|inactive|Time left: 300 sec this turn | 300 sec total | 5 sec grace\n|\n|t:|1783546802\n|switch|p1a: Tornadus|Tornadus, L82, M|263/263\n|-damage|p1a: Tornadus|198/263|[from] Stealth Rock\n|turn|23\n|inactive|Time left: 300 sec this turn | 300 sec total\n|\n|t:|1783546803\n|switch|p2a: Clodsire|Clodsire, L81, F|100/100\n|move|p1a: Tornadus|Heat Wave|p2a: Clodsire|[miss]\n|-miss|p1a: Tornadus|p2a: Clodsire\n|\n|upkeep\n|turn|24\n|inactive|Time left: 300 sec this turn | 300 sec total\n|\n|t:|1783546804\n|move|p1a: Tornadus|Heat Wave|p2a: Clodsire\n|-damage|p2a: Clodsire|69/100\n|move|p2a: Clodsire|Gunk Shot|p1a: Tornadus\n|-damage|p1a: Tornadus|86/263\n|-status|p1a: Tornadus|psn\n|\n|-heal|p2a: Clodsire|75/100|[from] item: Leftovers\n|-damage|p1a: Tornadus|54/263 psn|[from] psn\n|upkeep\n|turn|25\n|inactive|Time left: 300 sec this turn | 300 sec total\n|\n|t:|1783546805\n|switch|p2a: Milotic|Milotic, L83, F, tera:Steel|81/100\n|move|p1a: Tornadus|Heat Wave|p2a: Milotic\n|-supereffective|p2a: Milotic\n|-damage|p2a: Milotic|17/100\n|\n|-heal|p2a: Milotic|23/100|[from] item: Leftovers\n|-damage|p1a: Tornadus|22/263 psn|[from] psn\n|upkeep\n|turn|26\n|inactive|Time left: 300 sec this turn | 300 sec total\n|\n|t:|1783546806\n|move|p1a: Tornadus|Heat Wave|p2a: Milotic\n|-supereffective|p2a: Milotic\n|-damage|p2a: Milotic|0 fnt\n|faint|p2a: Milotic\n|\n|-damage|p1a: Tornadus|0 fnt|[from] psn\n|faint|p1a: Tornadus\n|upkeep\n|inactive|Time left: 300 sec this turn | 300 sec total | 5 sec grace\n|\n|t:|1783546807\n|switch|p1a: Klawf|Klawf, L90, M|272/272\n|switch|p2a: Pikachu|Pikachu-World, L93, M|59/100\n|-damage|p1a: Klawf|238/272|[from] Stealth Rock\n|turn|27\n|inactive|Time left: 300 sec this turn | 300 sec total\n|\n|t:|1783546808\n|move|p2a: Pikachu|Surf|p1a: Klawf\n|-supereffective|p1a: Klawf\n|-damage|p1a: Klawf|0 fnt\n|faint|p1a: Klawf\n|\n|win|p0y5995802", "uploadtime": 1783546808, "views": 0, "rating": 0, "private": 0, "password": null, "_winner": "p0y5995802", "_our_name": "p0x599bcf1"}