{"id": "battle-gen9randombattle-2399", "formatid": "gen9randombattle", "format": "[Gen 9] Random Battle", "players": ["p0x2398608c", "p0y2398a815"], "log": "|init|battle\n|title|p0x2398608c vs. p0y2398a815\n|j|\u2606p0x2398608c\n|j|\u2606p0y2398a815\n|t:|1783567826\n|gametype|singles\n|player|p1|p0x2398608c|266|\n|player|p2|p0y2398a815|170|\n|gen|9\n|tier|[Gen 9] Random Battle\n|rule|Species Clause: Limit one of each Pok\u00e9mon\n|rule|HP Percentage Mod: HP is shown in percentages\n|rule|Sleep Clause Mod: Limit one foe put to sleep\n|rule|Illusion Level Mod: Illusion disguises the Pok\u00e9mon's true level\n|\n|t:|1783567826\n|teamsize|p1|6\n|teamsize|p2|6\n|start\n|switch|p1a: Dusknoir|Dusknoir, L89, F|100/100\n|switch|p2a: Blastoise|Blastoise, L80, F|258/258\n|-item|p2a: Blastoise|White Herb|[from] ability: Frisk|[of] p1a: Dusknoir\n|turn|1\n|inactive|Battle timer is ON: inactive players will automatically lose when time's up. (requested by p0y2398a815)\n|\n|t:|1783567828\n|switch|p1a: Thundurus|Thundurus-Therian, L80, M|100/100\n|move|p2a: Blastoise|Shell Smash|p2a: Blastoise\n|-unboost|p2a: Blastoise|def|1\n|-unboost|p2a: Blastoise|spd|1\n|-boost|p2a: Blastoise|atk|2\n|-boost|p2a: Blastoise|spa|2\n|-boost|p2a: Blastoise|spe|2\n|-enditem|p2a: Blastoise|White Herb\n|-clearnegativeboost|p2a: Blastoise|[silent]\n|\n|upkeep\n|turn|2\n|inactive|Time left: 300 sec this turn | 300 sec total\n|inactive|p0x2398608c also wants the timer to be on.\n|\n|t:|1783567829\n|move|p2a: Blastoise|Ice Beam|p1a: Thundurus\n|-supereffective|p1a: Thundurus\n|-damage|p1a: Thundurus|14/100\n|move|p1a: Thundurus|Thunderbolt|p2a: Blastoise\n|-supereffective|p2a: Blastoise\n|-damage|p2a: Blastoise|0 fnt\n|faint|p2a: Blastoise\n|\n|upkeep\n|inactive|Time left: 300 sec this turn | 300 sec total | 5 sec grace\n|\n|t:|1783567830\n|switch|p2a: Vikavolt|Vikavolt, L83, F|263/263\n|turn|3\n|inactive|Time left: 300 sec this turn | 300 sec total\n|\n|t:|1783567832\n|move|p1a: Thundurus|Thunderbolt|p2a: Vikavolt\n|-resisted|p2a: Vikavolt\n|-damage|p2a: Vikavolt|157/263\n|move|p2a: Vikavolt|Sticky Web|p1a: Thundurus\n|-sidestart|p1: p0x2398608c|move: Sticky Web\n|\n|upkeep\n|turn|4\n|inactive|Time left: 300 sec this turn | 300 sec total\n|\n|t:|1783567833\n|move|p1a: Thundurus|Thunderbolt|p2a: Vikavolt\n|-resisted|p2a: Vikavolt\n|-damage|p2a: Vikavolt|54/263\n|move|p2a: Vikavolt|Bug Buzz|p1a: Thundurus\n|-resisted|p1a: Thundurus\n|-damage|p1a: Thundurus|0 fnt\n|faint|p1a: Thundurus\n|\n|upkeep\n|\n|t:|1783567834\n|switch|p1a: Mesprit|Mesprit, L85|100/100\n|turn|5\n|inactive|Time left: 300 sec this turn | 300 sec total\n|\n|t:|1783567835\n|switch|p2a: Florges|Florges-Blue, L85, F|271/271\n|move|p1a: Mesprit|Knock Off|p2a: Florges\n|-resisted|p2a: Florges\n|-damage|p2a: Florges|227/271\n|-enditem|p2a: Florges|Leftovers|[from] move: Knock Off|[of] p1a: Mesprit\n|\n|upkeep\n|turn|6\n|inactive|Time left: 300 sec this turn | 300 sec total\n|\n|t:|1783567836\n|switch|p1a: Ho-Oh|Ho-Oh, L71|100/100\n|move|p2a: Florges|Moonblast|p1a: Ho-Oh\n|-resisted|p1a: Ho-Oh\n|-damage|p1a: Ho-Oh|85/100\n|\n|upkeep\n|turn|7\n|inactive|Time left: 300 sec this turn | 300 sec total\n|\n|t:|1783567837\n|move|p2a: Florges|Protect|p2a: Florges\n|-singleturn|p2a: Florges|Protect\n|move|p1a: Ho-Oh|Sacred Fire|p2a: Florges\n|-activate|p2a: Florges|move: Protect\n|\n|upkeep\n|turn|8\n|inactive|Time left: 300 sec this turn | 300 sec total\n|\n|t:|1783567838\n|move|p2a: Florges|Calm Mind|p2a: Florges\n|-boost|p2a: Florges|spa|1\n|-boost|p2a: Florges|spd|1\n|move|p1a: Ho-Oh|Sacred Fire|p2a: Florges\n|-damage|p2a: Florges|101/271\n|-status|p2a: Florges|brn\n|\n|-damage|p2a: Florges|85/271 brn|[from] brn\n|upkeep\n|turn|9\n|inactive|Time left: 300 sec this turn | 300 sec total\n|\n|t:|1783567838\n|move|p2a: Florges|Protect|p2a: Florges\n|-singleturn|p2a: Florges|Protect\n|move|p1a: Ho-Oh|Earthquake|p2a: Florges\n|-activate|p2a: Florges|move: Protect\n|\n|-damage|p2a: Florges|69/271 brn|[from] brn\n|upkeep\n|turn|10\n|inactive|Time left: 300 sec this turn | 300 sec total\n|\n|t:|1783567839\n|move|p2a: Florges|Moonblast|p1a: Ho-Oh\n|-resisted|p1a: Ho-Oh\n|-damage|p1a: Ho-Oh|58/100\n|move|p1a: Ho-Oh|Sacred Fire|p2a: Florges\n|-damage|p2a: Florges|0 fnt\n|faint|p2a: Florges\n|\n|upkeep\n|inactive|Time left: 300 sec this turn | 300 sec total | 5 sec grace\n|\n|t:|1783567840\n|switch|p2a: Porygon-Z|Porygon-Z, L83|277/277\n|turn|11\n|inactive|Time left: 300 sec this turn | 300 sec total\n|\n|t:|1783567841\n|move|p2a: Porygon-Z|Nasty Plot|p2a: Porygon-Z\n|-boost|p2a: Porygon-Z|spa|2\n|move|p1a: Ho-Oh|Sacred Fire|p2a: Porygon-Z\n|-damage|p2a: Porygon-Z|159/277\n|-status|p2a: Porygon-Z|brn\n|\n|-damage|p2a: Porygon-Z|142/277 brn|[from] brn\n|upkeep\n|turn|12\n|inactive|Time left: 300 sec this turn | 300 sec total\n|\n|t:|1783567841\n|switch|p1a: Dusknoir|Dusknoir, L89, F|100/100\n|-activate|p1a: Dusknoir|move: Sticky Web\n|-unboost|p1a: Dusknoir|spe|1\n|-item|p2a: Porygon-Z|Life Orb|[from] ability: Frisk|[of] p1a: Dusknoir\n|move|p2a: Porygon-Z|Tera Blast|p1a: Dusknoir\n|-immune|p1a: Dusknoir\n|\n|-damage|p2a: Porygon-Z|125/277 brn|[from] brn\n|upkeep\n|turn|13\n|inactive|Time left: 300 sec this turn | 300 sec total\n|\n|t:|1783567842\n|switch|p1a: Ho-Oh|Ho-Oh, L71|92/100\n|move|p2a: Porygon-Z|Shadow Ball|p1a: Ho-Oh\n|-damage|p1a: Ho-Oh|39/100\n|-damage|p2a: Porygon-Z|98/277 brn|[from] item: Life Orb\n|\n|-damage|p2a: Porygon-Z|81/277 brn|[from] brn\n|upkeep\n|turn|14\n|inactive|Time left: 300 sec this turn | 300 sec total\n|\n|t:|1783567843\n|switch|p1a: Rhydon|Rhydon, L85, F|100/100\n|-activate|p1a: Rhydon|move: Sticky Web\n|-unboost|p1a: Rhydon|spe|1\n|move|p2a: Porygon-Z|Tera Blast|p1a: Rhydon\n|-resisted|p1a: Rhydon\n|-damage|p1a: Rhydon|43/100\n|-damage|p2a: Porygon-Z|54/277 brn|[from] item: Life Orb\n|\n|-damage|p2a: Porygon-Z|37/277 brn|[from] brn\n|upkeep\n|turn|15\n|inactive|Time left: 300 sec this turn | 300 sec total\n|\n|t:|1783567844\n|move|p2a: Porygon-Z|Shadow Ball|p1a: Rhydon\n|-crit|p1a: Rhydon\n|-damage|p1a: Rhydon|0 fnt\n|faint|p1a: Rhydon\n|-damage|p2a: Porygon-Z|10/277 brn|[from] item: Life Orb\n|\n|-damage|p2a: Porygon-Z|0 fnt|[from] brn\n|faint|p2a: Porygon-Z\n|upkeep\n|inactive|Time left: 300 sec this turn | 300 sec total | 5 sec grace\n|\n|t:|1783567845\n|switch|p2a: Darkrai|Darkrai, L77|234/234\n|switch|p1a: Ho-Oh|Ho-Oh, L71|72/100\n|turn|16\n|inactive|Time left: 300 sec this turn | 300 sec total\n|\n|t:|1783567846\n|move|p2a: Darkrai|Nasty Plot|p2a: Darkrai\n|-boost|p2a: Darkrai|spa|2\n|move|p1a: Ho-Oh|Sacred Fire|p2a: Darkrai|[miss]\n|-miss|p1a: Ho-Oh|p2a: Darkrai\n|\n|upkeep\n|turn|17\n|inactive|Time left: 300 sec this turn | 300 sec total\n|\n|t:|1783567847\n|move|p2a: Darkrai|Dark Pulse|p1a: Ho-Oh\n|-damage|p1a: Ho-Oh|18/100\n|cant|p1a: Ho-Oh|flinch\n|\n|upkeep\n|turn|18\n|inactive|Time left: 300 sec this turn | 300 sec total\n|\n|t:|1783567848\n|switch|p1a: Dusknoir|Dusknoir, L89, F|100/100\n|-activate|p1a: Dusknoir|move: Sticky Web\n|-unboost|p1a: Dusknoir|spe|1\n|-item|p2a: Darkrai|Leftovers|[from] ability: Frisk|[of] p1a: Dusknoir\n|move|p2a: Darkrai|Dark Pulse|p1a: Dusknoir\n|-supereffective|p1a: Dusknoir\n|-damage|p1a: Dusknoir|0 fnt\n|faint|p1a: Dusknoir\n|\n|upkeep\n|\n|t:|1783567849\n|switch|p1a: Mesprit|Mesprit, L85|100/100\n|turn|19\n|inactive|Time left: 300 sec this turn | 300 sec total\n|\n|t:|1783567850\n|-terastallize|p1a: Mesprit|Dark\n|move|p2a: Darkrai|Dark Pulse|p1a: Mesprit\n|-resisted|p1a: Mesprit\n|-damage|p1a: Mesprit|70/100\n|move|p1a: Mesprit|Knock Off|p2a: Darkrai\n|-resisted|p2a: Darkrai\n|-damage|p2a: Darkrai|174/234\n|-enditem|p2a: Darkrai|Leftovers|[from] move: Knock Off|[of] p1a: Mesprit\n|\n|-heal|p1a: Mesprit|76/100|[from] item: Leftovers\n|upkeep\n|turn|20\n|inactive|Time left: 300 sec this turn | 300 sec total\n|\n|t:|1783567851\n|move|p2a: Darkrai|Sludge Bomb|p1a: Mesprit\n|-damage|p1a: Mesprit|34/100\n|move|p1a: Mesprit|Thunder Wave|p2a: Darkrai\n|-status|p2a: Darkrai|par\n|\n|-heal|p1a: Mesprit|40/100|[from] item: Leftovers\n|upkeep\n|turn|21\n|inactive|Time left: 300 sec this turn | 300 sec total\n|\n|t:|1783567853\n|move|p1a: Mesprit|Ice Beam|p2a: Darkrai\n|-damage|p2a: Darkrai|96/234 par\n|move|p2a: Darkrai|Sludge Bomb|p1a: Mesprit\n|-damage|p1a: Mesprit|0 fnt\n|faint|p1a: Mesprit\n|\n|upkeep\n|\n|t:|1783567853\n|switch|p1a: Ho-Oh|Ho-Oh, L71|51/100\n|turn|22\n|inactive|Time left: 300 sec this turn | 300 sec total\n|\n|t:|1783567854\n|switch|p2a: Stantler|Stantler, L92, M|284/284\n|-ability|p2a: Stantler|Intimidate|boost\n|-unboost|p1a: Ho-Oh|atk|1\n|move|p1a: Ho-Oh|Brave Bird|p2a: Stantler\n|-damage|p2a: Stantler|224/284\n|-damage|p1a: Ho-Oh|44/100|[from] Recoil\n|\n|upkeep\n|turn|23\n|inactive|Time left: 300 sec this turn | 300 sec total\n|\n|t:|1783567855\n|switch|p1a: Meowstic|Meowstic, L89, M|100/100\n|-activate|p1a: Meowstic|move: Sticky Web\n|-unboost|p1a: Meowstic|spe|1\n|move|p2a: Stantler|Body Slam|p1a: Meowstic\n|-damage|p1a: Meowstic|63/100\n|-status|p1a: Meowstic|par\n|\n|upkeep\n|turn|24\n|inactive|Time left: 300 sec this turn | 300 sec total\n|\n|t:|1783567857\n|switch|p2a: Darkrai|Darkrai, L77|96/234 par\n|cant|p1a: Meowstic|par\n|\n|upkeep\n|turn|25\n|inactive|Time left: 300 sec this turn | 300 sec total\n|\n|t:|1783567858\n|switch|p1a: Ho-Oh|Ho-Oh, L71|77/100\n|move|p2a: Darkrai|Nasty Plot|p2a: Darkrai\n|-boost|p2a: Darkrai|spa|2\n|\n|upkeep\n|turn|26\n|inactive|Time left: 300 sec this turn | 300 sec total\n|\n|t:|1783567859\n|move|p1a: Ho-Oh|Brave Bird|p2a: Darkrai\n|-damage|p2a: Darkrai|0 fnt\n|faint|p2a: Darkrai\n|-damage|p1a: Ho-Oh|65/100|[from] Recoil\n|\n|upkeep\n|inactive|Time left: 300 sec this turn | 300 sec total | 5 sec grace\n|\n|t:|1783567860\n|switch|p2a: Stantler|Stantler, L92, M|224/284\n|-ability|p2a: Stantler|Intimidate|boost\n|-unboost|p1a: Ho-Oh|atk|1\n|turn|27\n|inactive|Time left: 300 sec this turn | 300 sec total\n|\n|t:|1783567861\n|switch|p1a: Meowstic|Meowstic, L89, M|63/100 par\n|-activate|p1a: Meowstic|move: Sticky Web\n|-unboost|p1a: Meowstic|spe|1\n|move|p2a: Stantler|Body Slam|p1a: Meowstic\n|-crit|p1a: Meowstic\n|-damage|p1a: Meowstic|7/100 par\n|\n|upkeep\n|turn|28\n|inactive|Time left: 300 sec this turn | 300 sec total\n|\n|t:|1783567862\n|cant|p1a: Meowstic|par\n|move|p2a: Stantler|Body Slam|p1a: Meowstic\n|-damage|p1a: Meowstic|0 fnt\n|faint|p1a: Meowstic\n|\n|upkeep\n|\n|t:|1783567863\n|switch|p1a: Ho-Oh|Ho-Oh, L71|98/100\n|turn|29\n|inactive|Time left: 300 sec this turn | 300 sec total\n|\n|t:|1783567864\n|move|p2a: Stantler|Body Slam|p1a: Ho-Oh\n|-damage|p1a: Ho-Oh|49/100\n|move|p1a: Ho-Oh|Recover|p1a: Ho-Oh\n|-heal|p1a: Ho-Oh|99/100\n|\n|upkeep\n|turn|30\n|inactive|Time left: 300 sec this turn | 300 sec total\n|\n|t:|1783567865\n|move|p2a: Stantler|Body Slam|p1a: Ho-Oh\n|-damage|p1a: Ho-Oh|57/100\n|-status|p1a: Ho-Oh|par\n|move|p1a: Ho-Oh|Sacred Fire|p2a: Stantler\n|-damage|p2a: Stantler|151/284\n|\n|upkeep\n|turn|31\n|inactive|Time left: 300 sec this turn | 300 sec total\n|\n|t:|1783567866\n|-terastallize|p2a: Stantler|Fairy\n|move|p2a: Stantler|Body Slam|p1a: Ho-Oh\n|-damage|p1a: Ho-Oh|14/100 par\n|move|p1a: Ho-Oh|Recover|p1a: Ho-Oh\n|-heal|p1a: Ho-Oh|64/100 par\n|\n|upkeep\n|turn|32\n|inactive|Time left: 300 sec this turn | 300 sec total\n|\n|t:|1783567867\n|move|p2a: Stantler|Body Slam|p1a: Ho-Oh\n|-damage|p1a: Ho-Oh|21/100 par\n|move|p1a: Ho-Oh|Recover|p1a: Ho-Oh\n|-heal|p1a: Ho-Oh|71/100 par\n|\n|upkeep\n|turn|33\n|inactive|Time left: 300 sec this turn | 300 sec total\n|\n|t:|1783567868\n|move|p2a: Stantler|Body Slam|p1a: Ho-Oh\n|-damage|p1a: Ho-Oh|29/100 par\n|move|p1a: Ho-Oh|Sacred Fire|p2a: Stantler\n|-damage|p2a: Stantler|70/284\n|\n|upkeep\n|turn|34\n|inactive|Time left: 300 sec this turn | 300 sec total\n|\n|t:|1783567869\n|move|p2a: Stantler|Body Slam|p1a: Ho-Oh\n|-damage|p1a: Ho-Oh|0 fnt\n|faint|p1a: Ho-Oh\n|\n|win|p0y2398a815", "uploadtime": 1783567869, "views": 0, "rating": 0, "private": 0, "password": null, "_winner": "p0y2398a815", "_our_name": "p0y2398a815"}