{"id": "battle-gen9randombattle-1456", "formatid": "gen9randombattle", "format": "[Gen 9] Random Battle", "players": ["p0x145625e1", "p0y14565459"], "log": "|init|battle\n|title|p0x145625e1 vs. p0y14565459\n|j|\u2606p0x145625e1\n|j|\u2606p0y14565459\n|t:|1783556021\n|gametype|singles\n|player|p1|p0x145625e1|265|\n|player|p2|p0y14565459|265|\n|gen|9\n|tier|[Gen 9] Random Battle\n|rule|Species Clause: Limit one of each Pok\u00e9mon\n|rule|HP Percentage Mod: HP is shown in percentages\n|rule|Sleep Clause Mod: Limit one foe put to sleep\n|rule|Illusion Level Mod: Illusion disguises the Pok\u00e9mon's true level\n|\n|t:|1783556021\n|teamsize|p1|6\n|teamsize|p2|6\n|start\n|switch|p1a: Beartic|Beartic, L91, M|321/321\n|switch|p2a: Arceus|Arceus-Psychic, L70|100/100\n|turn|1\n|inactive|Battle timer is ON: inactive players will automatically lose when time's up. (requested by p0x145625e1)\n|inactive|p0y14565459 also wants the timer to be on.\n|\n|t:|1783556022\n|move|p2a: Arceus|Cosmic Power|p2a: Arceus\n|-boost|p2a: Arceus|def|1\n|-boost|p2a: Arceus|spd|1\n|move|p1a: Beartic|Swords Dance|p1a: Beartic\n|-boost|p1a: Beartic|atk|2\n|\n|upkeep\n|turn|2\n|inactive|Time left: 300 sec this turn | 300 sec total\n|\n|t:|1783556023\n|move|p2a: Arceus|Cosmic Power|p2a: Arceus\n|-boost|p2a: Arceus|def|1\n|-boost|p2a: Arceus|spd|1\n|move|p1a: Beartic|Icicle Crash|p2a: Arceus\n|-damage|p2a: Arceus|58/100\n|\n|upkeep\n|turn|3\n|inactive|Time left: 300 sec this turn | 300 sec total\n|\n|t:|1783556024\n|-terastallize|p1a: Beartic|Ground\n|move|p2a: Arceus|Body Press|p1a: Beartic\n|-damage|p1a: Beartic|220/321\n|move|p1a: Beartic|Earthquake|p2a: Arceus\n|-damage|p2a: Arceus|5/100\n|\n|upkeep\n|turn|4\n|inactive|Time left: 300 sec this turn | 300 sec total\n|\n|t:|1783556026\n|move|p2a: Arceus|Recover|p2a: Arceus\n|-heal|p2a: Arceus|55/100\n|move|p1a: Beartic|Earthquake|p2a: Arceus\n|-damage|p2a: Arceus|2/100\n|\n|upkeep\n|turn|5\n|inactive|Time left: 300 sec this turn | 300 sec total\n|\n|t:|1783556027\n|move|p2a: Arceus|Stored Power|p1a: Beartic\n|-damage|p1a: Beartic|106/321\n|move|p1a: Beartic|Earthquake|p2a: Arceus\n|-damage|p2a: Arceus|0 fnt\n|faint|p2a: Arceus\n|\n|upkeep\n|\n|t:|1783556028\n|switch|p2a: Rillaboom|Rillaboom, L79, M|100/100\n|-fieldstart|move: Grassy Terrain|[from] ability: Grassy Surge|[of] p2a: Rillaboom\n|turn|6\n|inactive|Time left: 300 sec this turn | 300 sec total\n|\n|t:|1783556029\n|switch|p1a: Scyther|Scyther, L82, F|249/249\n|move|p2a: Rillaboom|Wood Hammer|p1a: Scyther\n|-resisted|p1a: Scyther\n|-damage|p1a: Scyther|183/249\n|-damage|p2a: Rillaboom|93/100|[from] Recoil\n|-damage|p2a: Rillaboom|83/100|[from] item: Life Orb\n|\n|-heal|p2a: Rillaboom|89/100|[from] Grassy Terrain\n|upkeep\n|turn|7\n|inactive|Time left: 300 sec this turn | 300 sec total\n|\n|t:|1783556030\n|switch|p2a: Walking Wake|Walking Wake, L79|100/100\n|move|p1a: Scyther|Dual Wingbeat|p2a: Walking Wake\n|-damage|p2a: Walking Wake|77/100\n|-damage|p2a: Walking Wake|53/100\n|-hitcount|p2a: Walking Wake|2\n|\n|-heal|p2a: Walking Wake|59/100|[from] Grassy Terrain\n|upkeep\n|turn|8\n|inactive|Time left: 300 sec this turn | 300 sec total\n|\n|t:|1783556032\n|switch|p1a: Primarina|Primarina, L83, M|268/268\n|move|p2a: Walking Wake|Flamethrower|p1a: Primarina\n|-resisted|p1a: Primarina\n|-damage|p1a: Primarina|224/268\n|\n|-heal|p2a: Walking Wake|64/100|[from] Grassy Terrain\n|-heal|p1a: Primarina|240/268|[from] Grassy Terrain\n|-heal|p1a: Primarina|256/268|[from] item: Leftovers\n|upkeep\n|turn|9\n|inactive|Time left: 300 sec this turn | 300 sec total\n|\n|t:|1783556033\n|-end|p2a: Walking Wake|Protosynthesis|[silent]\n|switch|p2a: Polteageist|Polteageist, L78|100/100\n|move|p1a: Primarina|Sparkling Aria|p2a: Polteageist\n|-damage|p2a: Polteageist|59/100\n|-start|p1a: Primarina|Disable|Sparkling Aria|[from] ability: Cursed Body|[of] p2a: Polteageist\n|\n|-heal|p2a: Polteageist|64/100|[from] Grassy Terrain\n|-heal|p1a: Primarina|268/268|[from] Grassy Terrain\n|upkeep\n|turn|10\n|inactive|Time left: 300 sec this turn | 300 sec total\n|\n|t:|1783556034\n|switch|p1a: Shiftry|Shiftry, L89, M|305/305\n|move|p2a: Polteageist|Shell Smash|p2a: Polteageist\n|-unboost|p2a: Polteageist|def|1\n|-unboost|p2a: Polteageist|spd|1\n|-boost|p2a: Polteageist|atk|2\n|-boost|p2a: Polteageist|spa|2\n|-boost|p2a: Polteageist|spe|2\n|-enditem|p2a: Polteageist|White Herb\n|-clearnegativeboost|p2a: Polteageist|[silent]\n|\n|-heal|p2a: Polteageist|70/100|[from] Grassy Terrain\n|-fieldend|move: Grassy Terrain\n|upkeep\n|turn|11\n|inactive|Time left: 300 sec this turn | 300 sec total\n|\n|t:|1783556035\n|move|p2a: Polteageist|Strength Sap|p1a: Shiftry\n|-unboost|p1a: Shiftry|atk|1\n|-heal|p2a: Polteageist|100/100\n|move|p1a: Shiftry|Leaf Blade|p2a: Polteageist\n|-damage|p2a: Polteageist|44/100\n|-damage|p1a: Shiftry|275/305|[from] item: Life Orb\n|\n|upkeep\n|turn|12\n|inactive|Time left: 300 sec this turn | 300 sec total\n|\n|t:|1783556036\n|move|p2a: Polteageist|Strength Sap|p1a: Shiftry\n|-unboost|p1a: Shiftry|atk|1\n|-heal|p2a: Polteageist|100/100\n|move|p1a: Shiftry|Leaf Blade|p2a: Polteageist\n|-damage|p2a: Polteageist|58/100\n|-damage|p1a: Shiftry|245/305|[from] item: Life Orb\n|\n|upkeep\n|turn|13\n|inactive|Time left: 300 sec this turn | 300 sec total\n|\n|t:|1783556037\n|move|p2a: Polteageist|Strength Sap|p1a: Shiftry\n|-unboost|p1a: Shiftry|atk|1\n|-heal|p2a: Polteageist|100/100\n|move|p1a: Shiftry|Knock Off|p2a: Polteageist\n|-supereffective|p2a: Polteageist\n|-damage|p2a: Polteageist|50/100\n|-start|p1a: Shiftry|Disable|Knock Off|[from] ability: Cursed Body|[of] p2a: Polteageist\n|-damage|p1a: Shiftry|215/305|[from] item: Life Orb\n|\n|upkeep\n|turn|14\n|inactive|Time left: 300 sec this turn | 300 sec total\n|\n|t:|1783556038\n|move|p2a: Polteageist|Strength Sap|p1a: Shiftry\n|-unboost|p1a: Shiftry|atk|1\n|-heal|p2a: Polteageist|91/100\n|move|p1a: Shiftry|Leaf Blade|p2a: Polteageist\n|-damage|p2a: Polteageist|63/100\n|-damage|p1a: Shiftry|185/305|[from] item: Life Orb\n|\n|upkeep\n|turn|15\n|inactive|Time left: 300 sec this turn | 300 sec total\n|\n|t:|1783556039\n|move|p2a: Polteageist|Shadow Ball|p1a: Shiftry\n|-resisted|p1a: Shiftry\n|-damage|p1a: Shiftry|65/305\n|-unboost|p1a: Shiftry|spd|1\n|move|p1a: Shiftry|Leaf Blade|p2a: Polteageist\n|-damage|p2a: Polteageist|34/100\n|-damage|p1a: Shiftry|35/305|[from] item: Life Orb\n|\n|upkeep\n|turn|16\n|inactive|Time left: 300 sec this turn | 300 sec total\n|\n|t:|1783556040\n|move|p1a: Shiftry|Sucker Punch||[still]\n|-fail|p1a: Shiftry\n|move|p2a: Polteageist|Strength Sap|p1a: Shiftry\n|-unboost|p1a: Shiftry|atk|1\n|-heal|p2a: Polteageist|69/100\n|\n|-end|p1a: Shiftry|Disable\n|upkeep\n|turn|17\n|inactive|Time left: 300 sec this turn | 300 sec total\n|\n|t:|1783556041\n|move|p1a: Shiftry|Sucker Punch|p2a: Polteageist\n|-supereffective|p2a: Polteageist\n|-damage|p2a: Polteageist|29/100\n|-damage|p1a: Shiftry|5/305|[from] item: Life Orb\n|move|p2a: Polteageist|Shadow Ball|p1a: Shiftry\n|-resisted|p1a: Shiftry\n|-damage|p1a: Shiftry|0 fnt\n|faint|p1a: Shiftry\n|\n|upkeep\n|inactive|Time left: 300 sec this turn | 300 sec total | 5 sec grace\n|\n|t:|1783556042\n|switch|p1a: Primarina|Primarina, L83, M|268/268\n|turn|18\n|inactive|Time left: 300 sec this turn | 300 sec total\n|\n|t:|1783556043\n|move|p2a: Polteageist|Strength Sap|p1a: Primarina\n|-unboost|p1a: Primarina|atk|1\n|-heal|p2a: Polteageist|86/100\n|move|p1a: Primarina|Sparkling Aria|p2a: Polteageist\n|-damage|p2a: Polteageist|40/100\n|\n|upkeep\n|turn|19\n|inactive|Time left: 300 sec this turn | 300 sec total\n|\n|t:|1783556044\n|move|p2a: Polteageist|Strength Sap|p1a: Primarina\n|-unboost|p1a: Primarina|atk|1\n|-heal|p2a: Polteageist|78/100\n|move|p1a: Primarina|Sparkling Aria|p2a: Polteageist\n|-damage|p2a: Polteageist|34/100\n|\n|upkeep\n|turn|20\n|inactive|Time left: 300 sec this turn | 300 sec total\n|\n|t:|1783556045\n|move|p2a: Polteageist|Strength Sap|p1a: Primarina\n|-unboost|p1a: Primarina|atk|1\n|-heal|p2a: Polteageist|63/100\n|move|p1a: Primarina|Sparkling Aria|p2a: Polteageist\n|-damage|p2a: Polteageist|17/100\n|\n|upkeep\n|turn|21\n|inactive|Time left: 300 sec this turn | 300 sec total\n|\n|t:|1783556046\n|move|p2a: Polteageist|Strength Sap|p1a: Primarina\n|-unboost|p1a: Primarina|atk|1\n|-heal|p2a: Polteageist|39/100\n|move|p1a: Primarina|Sparkling Aria|p2a: Polteageist\n|-crit|p2a: Polteageist\n|-damage|p2a: Polteageist|0 fnt\n|faint|p2a: Polteageist\n|\n|upkeep\n|\n|t:|1783556046\n|switch|p2a: Sneasler|Sneasler, L74, F|100/100\n|turn|22\n|inactive|Time left: 300 sec this turn | 300 sec total\n|\n|t:|1783556047\n|switch|p1a: Beartic|Beartic, L91, M, tera:Ground|106/321\n|move|p2a: Sneasler|Dire Claw|p1a: Beartic\n|-resisted|p1a: Beartic\n|-damage|p1a: Beartic|48/321\n|-status|p1a: Beartic|psn|[from] ability: Poison Touch|[of] p2a: Sneasler\n|\n|-damage|p1a: Beartic|8/321 psn|[from] psn\n|upkeep\n|turn|23\n|inactive|Time left: 300 sec this turn | 300 sec total\n|\n|t:|1783556048\n|move|p2a: Sneasler|Dire Claw|p1a: Beartic\n|-resisted|p1a: Beartic\n|-damage|p1a: Beartic|0 fnt\n|faint|p1a: Beartic\n|\n|upkeep\n|inactive|Time left: 300 sec this turn | 300 sec total | 5 sec grace\n|\n|t:|1783556049\n|switch|p1a: Espeon|Espeon, L84, F|246/246\n|turn|24\n|inactive|Time left: 300 sec this turn | 300 sec total\n|\n|t:|1783556050\n|-terastallize|p2a: Sneasler|Dark\n|move|p1a: Espeon|Alluring Voice|p2a: Sneasler\n|-supereffective|p2a: Sneasler\n|-damage|p2a: Sneasler|0 fnt\n|faint|p2a: Sneasler\n|\n|upkeep\n|\n|t:|1783556051\n|switch|p2a: Eelektross|Eelektross, L87, F|100/100\n|turn|25\n|inactive|Time left: 300 sec this turn | 300 sec total\n|\n|t:|1783556052\n|move|p1a: Espeon|Alluring Voice|p2a: Eelektross\n|-damage|p2a: Eelektross|75/100\n|move|p2a: Eelektross|Discharge|p1a: Espeon\n|-damage|p1a: Espeon|152/246\n|\n|upkeep\n|turn|26\n|inactive|Time left: 300 sec this turn | 300 sec total\n|\n|t:|1783556053\n|switch|p1a: Necrozma|Necrozma, L80|286/286\n|move|p2a: Eelektross|Discharge|p1a: Necrozma\n|-damage|p1a: Necrozma|195/286\n|\n|upkeep\n|turn|27\n|inactive|Time left: 300 sec this turn | 300 sec total\n|\n|t:|1783556054\n|move|p1a: Necrozma|Knock Off|p2a: Eelektross\n|-crit|p2a: Eelektross\n|-damage|p2a: Eelektross|40/100\n|-enditem|p2a: Eelektross|Assault Vest|[from] move: Knock Off|[of] p1a: Necrozma\n|move|p2a: Eelektross|Discharge|p1a: Necrozma\n|-damage|p1a: Necrozma|99/286\n|\n|upkeep\n|turn|28\n|inactive|Time left: 300 sec this turn | 300 sec total\n|\n|t:|1783556055\n|move|p1a: Necrozma|Photon Geyser|p2a: Eelektross\n|-damage|p2a: Eelektross|0 fnt\n|faint|p2a: Eelektross\n|\n|upkeep\n|\n|t:|1783556056\n|switch|p2a: Walking Wake|Walking Wake, L79|64/100\n|turn|29\n|inactive|Time left: 300 sec this turn | 300 sec total\n|\n|t:|1783556057\n|move|p2a: Walking Wake|Hydro Pump|p1a: Necrozma\n|-damage|p1a: Necrozma|0 fnt\n|faint|p1a: Necrozma\n|\n|upkeep\n|inactive|Time left: 300 sec this turn | 300 sec total | 5 sec grace\n|\n|t:|1783556058\n|switch|p1a: Espeon|Espeon, L84, F|152/246\n|turn|30\n|inactive|Time left: 300 sec this turn | 300 sec total\n|\n|t:|1783556059\n|-end|p2a: Walking Wake|Protosynthesis|[silent]\n|switch|p2a: Rillaboom|Rillaboom, L79, M|89/100\n|-fieldstart|move: Grassy Terrain|[from] ability: Grassy Surge|[of] p2a: Rillaboom\n|move|p1a: Espeon|Psychic|p2a: Rillaboom\n|-damage|p2a: Rillaboom|7/100\n|\n|-heal|p1a: Espeon|167/246|[from] Grassy Terrain\n|-heal|p2a: Rillaboom|13/100|[from] Grassy Terrain\n|upkeep\n|turn|31\n|inactive|Time left: 300 sec this turn | 300 sec total\n|\n|t:|1783556060\n|move|p2a: Rillaboom|Grassy Glide|p1a: Espeon\n|-damage|p1a: Espeon|27/246\n|-damage|p2a: Rillaboom|3/100|[from] item: Life Orb\n|move|p1a: Espeon|Psychic|p2a: Rillaboom\n|-damage|p2a: Rillaboom|0 fnt\n|faint|p2a: Rillaboom\n|\n|-heal|p1a: Espeon|42/246|[from] Grassy Terrain\n|upkeep\n|\n|t:|1783556061\n|switch|p2a: Walking Wake|Walking Wake, L79|64/100\n|turn|32\n|inactive|Time left: 300 sec this turn | 300 sec total\n|\n|t:|1783556062\n|move|p1a: Espeon|Psychic|p2a: Walking Wake\n|-damage|p2a: Walking Wake|0 fnt\n|faint|p2a: Walking Wake\n|-end|p2a: Walking Wake|Protosynthesis|[silent]\n|\n|win|p0x145625e1", "uploadtime": 1783556062, "views": 0, "rating": 0, "private": 0, "password": null, "_winner": "p0x145625e1", "_our_name": "p0x145625e1"}