{"id": "battle-gen9randombattle-297", "formatid": "gen9randombattle", "format": "[Gen 9] Random Battle", "players": ["p0x297b9ff", "p0y297bae7"], "log": "|init|battle\n|title|p0x297b9ff vs. p0y297bae7\n|j|\u2606p0x297b9ff\n|j|\u2606p0y297bae7\n|t:|1783543035\n|gametype|singles\n|player|p1|p0x297b9ff|101|\n|player|p2|p0y297bae7|170|\n|gen|9\n|tier|[Gen 9] Random Battle\n|rule|Species Clause: Limit one of each Pok\u00e9mon\n|rule|HP Percentage Mod: HP is shown in percentages\n|rule|Sleep Clause Mod: Limit one foe put to sleep\n|rule|Illusion Level Mod: Illusion disguises the Pok\u00e9mon's true level\n|\n|t:|1783543035\n|teamsize|p1|6\n|teamsize|p2|6\n|start\n|switch|p1a: Alomomola|Alomomola, L87, M|100/100\n|switch|p2a: Tatsugiri|Tatsugiri, L87, M|260/260\n|turn|1\n|inactive|Battle timer is ON: inactive players will automatically lose when time's up. (requested by p0x297b9ff)\n|inactive|Time left: 300 sec this turn | 300 sec total | 60 sec grace\n|inactive|p0y297bae7 also wants the timer to be on.\n|\n|t:|1783543036\n|switch|p1a: Heracross|Heracross, L80, F|100/100\n|move|p2a: Tatsugiri|Nasty Plot|p2a: Tatsugiri\n|-boost|p2a: Tatsugiri|spa|2\n|\n|-status|p1a: Heracross|brn|[from] item: Flame Orb\n|upkeep\n|turn|2\n|inactive|Time left: 300 sec this turn | 300 sec total\n|\n|t:|1783543037\n|switch|p1a: Carbink|Carbink, L90|100/100\n|move|p2a: Tatsugiri|Draco Meteor|p1a: Carbink\n|-immune|p1a: Carbink\n|\n|upkeep\n|turn|3\n|inactive|Time left: 300 sec this turn | 300 sec total\n|\n|t:|1783543039\n|move|p2a: Tatsugiri|Surf|p1a: Carbink\n|-supereffective|p1a: Carbink\n|-ability|p1a: Carbink|Sturdy\n|-damage|p1a: Carbink|1/100\n|move|p1a: Carbink|Moonblast|p2a: Tatsugiri\n|-supereffective|p2a: Tatsugiri\n|-damage|p2a: Tatsugiri|120/260\n|-unboost|p2a: Tatsugiri|spa|1\n|\n|upkeep\n|turn|4\n|inactive|Time left: 300 sec this turn | 300 sec total\n|\n|t:|1783543040\n|move|p2a: Tatsugiri|Surf|p1a: Carbink\n|-supereffective|p1a: Carbink\n|-damage|p1a: Carbink|0 fnt\n|faint|p1a: Carbink\n|\n|upkeep\n|\n|t:|1783543041\n|switch|p1a: Eternatus|Eternatus, L69|100/100\n|-ability|p1a: Eternatus|Pressure\n|turn|5\n|inactive|Time left: 300 sec this turn | 300 sec total\n|\n|t:|1783543042\n|-terastallize|p2a: Tatsugiri|Steel\n|move|p1a: Eternatus|Dynamax Cannon|p2a: Tatsugiri\n|-resisted|p2a: Tatsugiri\n|-damage|p2a: Tatsugiri|73/260\n|move|p2a: Tatsugiri|Draco Meteor|p1a: Eternatus\n|-supereffective|p1a: Eternatus\n|-damage|p1a: Eternatus|0 fnt\n|-unboost|p2a: Tatsugiri|spa|2\n|faint|p1a: Eternatus\n|\n|upkeep\n|\n|t:|1783543042\n|switch|p1a: Vivillon|Vivillon, L83, M|100/100\n|turn|6\n|inactive|Time left: 300 sec this turn | 300 sec total\n|\n|t:|1783543043\n|switch|p2a: Luxray|Luxray, L88, M|284/284\n|-ability|p2a: Luxray|Intimidate|boost\n|-unboost|p1a: Vivillon|atk|1\n|move|p1a: Vivillon|Quiver Dance|p1a: Vivillon\n|-boost|p1a: Vivillon|spa|1\n|-boost|p1a: Vivillon|spd|1\n|-boost|p1a: Vivillon|spe|1\n|\n|upkeep\n|turn|7\n|inactive|Time left: 300 sec this turn | 300 sec total\n|\n|t:|1783543045\n|move|p1a: Vivillon|Sleep Powder|p2a: Luxray\n|-status|p2a: Luxray|slp|[from] move: Sleep Powder\n|cant|p2a: Luxray|slp\n|\n|upkeep\n|turn|8\n|inactive|Time left: 300 sec this turn | 300 sec total\n|\n|t:|1783543046\n|move|p1a: Vivillon|Quiver Dance|p1a: Vivillon\n|-boost|p1a: Vivillon|spa|1\n|-boost|p1a: Vivillon|spd|1\n|-boost|p1a: Vivillon|spe|1\n|cant|p2a: Luxray|slp\n|\n|upkeep\n|turn|9\n|inactive|Time left: 300 sec this turn | 300 sec total\n|\n|t:|1783543048\n|move|p1a: Vivillon|Bug Buzz|p2a: Luxray\n|-damage|p2a: Luxray|164/284 slp\n|-unboost|p2a: Luxray|spd|1\n|cant|p2a: Luxray|slp\n|\n|upkeep\n|turn|10\n|inactive|Time left: 300 sec this turn | 300 sec total\n|\n|t:|1783543049\n|switch|p2a: Gholdengo|Gholdengo, L77|261/261\n|move|p1a: Vivillon|Bug Buzz|p2a: Gholdengo\n|-resisted|p2a: Gholdengo\n|-damage|p2a: Gholdengo|213/261\n|\n|-heal|p2a: Gholdengo|229/261|[from] item: Leftovers\n|upkeep\n|turn|11\n|inactive|Time left: 300 sec this turn | 300 sec total\n|\n|t:|1783543050\n|move|p1a: Vivillon|Hurricane|p2a: Gholdengo\n|-resisted|p2a: Gholdengo\n|-damage|p2a: Gholdengo|124/261\n|move|p2a: Gholdengo|Nasty Plot|p2a: Gholdengo\n|-boost|p2a: Gholdengo|spa|2\n|\n|-heal|p2a: Gholdengo|140/261|[from] item: Leftovers\n|upkeep\n|turn|12\n|inactive|Time left: 300 sec this turn | 300 sec total\n|\n|t:|1783543051\n|-terastallize|p1a: Vivillon|Flying\n|move|p1a: Vivillon|Hurricane|p2a: Gholdengo\n|-resisted|p2a: Gholdengo\n|-damage|p2a: Gholdengo|0 fnt\n|faint|p2a: Gholdengo\n|\n|upkeep\n|inactive|Time left: 300 sec this turn | 300 sec total | 5 sec grace\n|\n|t:|1783543053\n|switch|p2a: Luxray|Luxray, L88, M|164/284 slp\n|-ability|p2a: Luxray|Intimidate|boost\n|-unboost|p1a: Vivillon|atk|1\n|turn|13\n|inactive|Time left: 300 sec this turn | 300 sec total\n|\n|t:|1783543054\n|move|p1a: Vivillon|Hurricane|p2a: Luxray\n|-resisted|p2a: Luxray\n|-damage|p2a: Luxray|60/284 slp\n|-start|p2a: Luxray|confusion\n|-curestatus|p2a: Luxray|slp|[msg]\n|-activate|p2a: Luxray|confusion\n|move|p2a: Luxray|Wild Charge|p1a: Vivillon\n|-supereffective|p1a: Vivillon\n|-damage|p1a: Vivillon|0 fnt\n|faint|p1a: Vivillon\n|-damage|p2a: Luxray|0 fnt|[from] Recoil\n|faint|p2a: Luxray\n|\n|upkeep\n|inactive|Time left: 300 sec this turn | 300 sec total | 5 sec grace\n|\n|t:|1783543055\n|switch|p1a: Heracross|Heracross, L80, F|100/100 brn\n|switch|p2a: Sylveon|Sylveon, L85, F|300/300\n|turn|14\n|inactive|Time left: 300 sec this turn | 300 sec total\n|\n|t:|1783543057\n|switch|p1a: Alomomola|Alomomola, L87, M|100/100\n|move|p2a: Sylveon|Hyper Voice|p1a: Alomomola\n|-damage|p1a: Alomomola|55/100\n|\n|upkeep\n|turn|15\n|inactive|Time left: 300 sec this turn | 300 sec total\n|\n|t:|1783543058\n|move|p1a: Alomomola|Wish|p1a: Alomomola\n|move|p2a: Sylveon|Calm Mind|p2a: Sylveon\n|-boost|p2a: Sylveon|spa|1\n|-boost|p2a: Sylveon|spd|1\n|\n|upkeep\n|turn|16\n|inactive|Time left: 300 sec this turn | 300 sec total\n|\n|t:|1783543059\n|move|p1a: Alomomola|Protect|p1a: Alomomola\n|-singleturn|p1a: Alomomola|Protect\n|move|p2a: Sylveon|Hyper Voice|p1a: Alomomola\n|-activate|p1a: Alomomola|move: Protect\n|\n|-heal|p1a: Alomomola|100/100|[from] move: Wish|[wisher] Alomomola\n|upkeep\n|turn|17\n|inactive|Time left: 300 sec this turn | 300 sec total\n|\n|t:|1783543060\n|move|p1a: Alomomola|Wish|p1a: Alomomola\n|move|p2a: Sylveon|Hyper Voice|p1a: Alomomola\n|-damage|p1a: Alomomola|36/100\n|\n|upkeep\n|turn|18\n|inactive|Time left: 300 sec this turn | 300 sec total\n|\n|t:|1783543061\n|move|p1a: Alomomola|Protect|p1a: Alomomola\n|-singleturn|p1a: Alomomola|Protect\n|move|p2a: Sylveon|Calm Mind|p2a: Sylveon\n|-boost|p2a: Sylveon|spa|1\n|-boost|p2a: Sylveon|spd|1\n|\n|-heal|p1a: Alomomola|86/100|[from] move: Wish|[wisher] Alomomola\n|upkeep\n|turn|19\n|inactive|Time left: 300 sec this turn | 300 sec total\n|\n|t:|1783543062\n|move|p1a: Alomomola|Protect||[still]\n|-fail|p1a: Alomomola\n|move|p2a: Sylveon|Hyper Voice|p1a: Alomomola\n|-damage|p1a: Alomomola|1/100\n|\n|upkeep\n|turn|20\n|inactive|Time left: 300 sec this turn | 300 sec total\n|\n|t:|1783543063\n|move|p1a: Alomomola|Protect|p1a: Alomomola\n|-singleturn|p1a: Alomomola|Protect\n|move|p2a: Sylveon|Hyper Voice|p1a: Alomomola\n|-activate|p1a: Alomomola|move: Protect\n|\n|upkeep\n|turn|21\n|inactive|Time left: 300 sec this turn | 300 sec total\n|\n|t:|1783543064\n|move|p1a: Alomomola|Protect|p1a: Alomomola\n|-singleturn|p1a: Alomomola|Protect\n|move|p2a: Sylveon|Hyper Voice|p1a: Alomomola\n|-activate|p1a: Alomomola|move: Protect\n|\n|upkeep\n|turn|22\n|inactive|Time left: 300 sec this turn | 300 sec total\n|\n|t:|1783543065\n|move|p1a: Alomomola|Protect||[still]\n|-fail|p1a: Alomomola\n|move|p2a: Sylveon|Hyper Voice|p1a: Alomomola\n|-damage|p1a: Alomomola|0 fnt\n|faint|p1a: Alomomola\n|\n|upkeep\n|\n|t:|1783543066\n|switch|p1a: Gothitelle|Gothitelle, L90, F|100/100\n|turn|23\n|inactive|Time left: 300 sec this turn | 300 sec total\n|\n|t:|1783543067\n|move|p1a: Gothitelle|Calm Mind|p1a: Gothitelle\n|-boost|p1a: Gothitelle|spa|1\n|-boost|p1a: Gothitelle|spd|1\n|move|p2a: Sylveon|Hyper Voice|p1a: Gothitelle\n|-damage|p1a: Gothitelle|46/100\n|\n|-heal|p1a: Gothitelle|53/100|[from] item: Leftovers\n|upkeep\n|turn|24\n|inactive|Time left: 300 sec this turn | 300 sec total\n|\n|t:|1783543068\n|move|p1a: Gothitelle|Thunderbolt|p2a: Sylveon\n|-damage|p2a: Sylveon|263/300\n|move|p2a: Sylveon|Hyper Voice|p1a: Gothitelle\n|-damage|p1a: Gothitelle|0 fnt\n|faint|p1a: Gothitelle\n|\n|-heal|p2a: Sylveon|281/300|[from] item: Leftovers\n|upkeep\n|\n|t:|1783543069\n|switch|p1a: Heracross|Heracross, L80, F|100/100 brn\n|turn|25\n|inactive|Time left: 300 sec this turn | 300 sec total\n|\n|t:|1783543070\n|move|p1a: Heracross|Facade|p2a: Sylveon\n|-damage|p2a: Sylveon|64/300\n|move|p2a: Sylveon|Hyper Voice|p1a: Heracross\n|-supereffective|p1a: Heracross\n|-damage|p1a: Heracross|0 fnt\n|faint|p1a: Heracross\n|\n|win|p0y297bae7", "uploadtime": 1783543070, "views": 0, "rating": 0, "private": 0, "password": null, "_winner": "p0y297bae7", "_our_name": "p0y297bae7"}