{"id": "battle-gen9randombattle-2253", "formatid": "gen9randombattle", "format": "[Gen 9] Random Battle", "players": ["p0x22535ed9", "p0y225387b4"], "log": "|init|battle\n|title|p0x22535ed9 vs. p0y225387b4\n|j|\u2606p0x22535ed9\n|j|\u2606p0y225387b4\n|t:|1783566117\n|gametype|singles\n|player|p1|p0x22535ed9|102|\n|player|p2|p0y225387b4|265|\n|gen|9\n|tier|[Gen 9] Random Battle\n|rule|Species Clause: Limit one of each Pok\u00e9mon\n|rule|HP Percentage Mod: HP is shown in percentages\n|rule|Sleep Clause Mod: Limit one foe put to sleep\n|rule|Illusion Level Mod: Illusion disguises the Pok\u00e9mon's true level\n|\n|t:|1783566117\n|teamsize|p1|6\n|teamsize|p2|6\n|start\n|switch|p1a: Brambleghast|Brambleghast, L88, F|240/240\n|switch|p2a: Meowscarada|Meowscarada, L78, F|100/100\n|turn|1\n|inactive|Battle timer is ON: inactive players will automatically lose when time's up. (requested by p0x22535ed9)\n|inactive|p0y225387b4 also wants the timer to be on.\n|\n|t:|1783566118\n|switch|p1a: Magcargo|Magcargo, L95, M|268/268\n|move|p2a: Meowscarada|Knock Off|p1a: Magcargo\n|-start|p2a: Meowscarada|typechange|Dark|[from] ability: Protean\n|-damage|p1a: Magcargo|195/268\n|-ability|p1a: Magcargo|Weak Armor|boost\n|-unboost|p1a: Magcargo|def|1\n|-boost|p1a: Magcargo|spe|2\n|-enditem|p1a: Magcargo|Heavy-Duty Boots|[from] move: Knock Off|[of] p2a: Meowscarada\n|\n|upkeep\n|turn|2\n|inactive|Time left: 300 sec this turn | 300 sec total\n|\n|t:|1783566119\n|switch|p2a: Conkeldurr|Conkeldurr, L80, F|100/100\n|move|p1a: Magcargo|Shell Smash|p1a: Magcargo\n|-unboost|p1a: Magcargo|def|1\n|-unboost|p1a: Magcargo|spd|1\n|-boost|p1a: Magcargo|atk|2\n|-boost|p1a: Magcargo|spa|2\n|-boost|p1a: Magcargo|spe|2\n|\n|-status|p2a: Conkeldurr|brn|[from] item: Flame Orb\n|upkeep\n|turn|3\n|inactive|Time left: 300 sec this turn | 300 sec total\n|\n|t:|1783566120\n|-terastallize|p1a: Magcargo|Dragon\n|move|p2a: Conkeldurr|Mach Punch|p1a: Magcargo\n|-damage|p1a: Magcargo|81/268\n|-ability|p1a: Magcargo|Weak Armor|boost\n|-unboost|p1a: Magcargo|def|1\n|-boost|p1a: Magcargo|spe|2\n|move|p1a: Magcargo|Fire Blast|p2a: Conkeldurr|[miss]\n|-miss|p1a: Magcargo|p2a: Conkeldurr\n|\n|-damage|p2a: Conkeldurr|94/100 brn|[from] brn\n|upkeep\n|turn|4\n|inactive|Time left: 300 sec this turn | 300 sec total\n|\n|t:|1783566121\n|move|p2a: Conkeldurr|Mach Punch|p1a: Magcargo\n|-damage|p1a: Magcargo|0 fnt\n|faint|p1a: Magcargo\n|\n|-damage|p2a: Conkeldurr|88/100 brn|[from] brn\n|upkeep\n|inactive|Time left: 300 sec this turn | 300 sec total | 5 sec grace\n|\n|t:|1783566122\n|switch|p1a: Appletun|Appletun, L92, F|352/352\n|turn|5\n|inactive|Time left: 300 sec this turn | 300 sec total\n|\n|t:|1783566123\n|move|p2a: Conkeldurr|Knock Off|p1a: Appletun\n|-damage|p1a: Appletun|230/352\n|-enditem|p1a: Appletun|Leftovers|[from] move: Knock Off|[of] p2a: Conkeldurr\n|move|p1a: Appletun|Draco Meteor|p2a: Conkeldurr\n|-damage|p2a: Conkeldurr|20/100 brn\n|-unboost|p1a: Appletun|spa|2\n|\n|-damage|p2a: Conkeldurr|14/100 brn|[from] brn\n|upkeep\n|turn|6\n|inactive|Time left: 300 sec this turn | 300 sec total\n|\n|t:|1783566124\n|move|p2a: Conkeldurr|Close Combat|p1a: Appletun\n|-damage|p1a: Appletun|0 fnt\n|-unboost|p2a: Conkeldurr|def|1\n|-unboost|p2a: Conkeldurr|spd|1\n|faint|p1a: Appletun\n|\n|-damage|p2a: Conkeldurr|8/100 brn|[from] brn\n|upkeep\n|inactive|Time left: 300 sec this turn | 300 sec total | 5 sec grace\n|\n|t:|1783566125\n|switch|p1a: Brambleghast|Brambleghast, L88, F|240/240\n|turn|7\n|inactive|Time left: 300 sec this turn | 300 sec total\n|\n|t:|1783566126\n|switch|p2a: Regidrago|Regidrago, L77|100/100\n|move|p1a: Brambleghast|Rapid Spin|p2a: Regidrago\n|-damage|p2a: Regidrago|83/100\n|-boost|p1a: Brambleghast|spe|1\n|\n|upkeep\n|turn|8\n|inactive|Time left: 300 sec this turn | 300 sec total\n|\n|t:|1783566128\n|-terastallize|p2a: Regidrago|Dragon\n|move|p1a: Brambleghast|Poltergeist|p2a: Regidrago\n|-activate|p2a: Regidrago|move: Poltergeist|Lum Berry\n|-damage|p2a: Regidrago|29/100\n|move|p2a: Regidrago|Outrage|p1a: Brambleghast\n|-damage|p1a: Brambleghast|0 fnt\n|faint|p1a: Brambleghast\n|\n|upkeep\n|inactive|Time left: 300 sec this turn | 300 sec total | 5 sec grace\n|\n|t:|1783566129\n|switch|p1a: Bronzong|Bronzong, L88|261/261\n|turn|9\n|inactive|Time left: 300 sec this turn | 300 sec total\n|\n|t:|1783566130\n|move|p2a: Regidrago|Outrage|p1a: Bronzong|[from] lockedmove\n|-resisted|p1a: Bronzong\n|-crit|p1a: Bronzong\n|-damage|p1a: Bronzong|128/261\n|-start|p2a: Regidrago|confusion|[fatigue]\n|-enditem|p2a: Regidrago|Lum Berry|[eat]\n|-end|p2a: Regidrago|confusion\n|move|p1a: Bronzong|Stealth Rock|p2a: Regidrago\n|-sidestart|p2: p0y225387b4|move: Stealth Rock\n|\n|-heal|p1a: Bronzong|144/261|[from] item: Leftovers\n|upkeep\n|turn|10\n|inactive|Time left: 300 sec this turn | 300 sec total\n|\n|t:|1783566131\n|move|p2a: Regidrago|Outrage|p1a: Bronzong\n|-resisted|p1a: Bronzong\n|-damage|p1a: Bronzong|54/261\n|move|p1a: Bronzong|Psychic|p2a: Regidrago\n|-damage|p2a: Regidrago|0 fnt\n|faint|p2a: Regidrago\n|\n|-heal|p1a: Bronzong|70/261|[from] item: Leftovers\n|upkeep\n|\n|t:|1783566131\n|switch|p2a: Manaphy|Manaphy, L78|100/100\n|-damage|p2a: Manaphy|88/100|[from] Stealth Rock\n|turn|11\n|inactive|Time left: 300 sec this turn | 300 sec total\n|\n|t:|1783566132\n|move|p2a: Manaphy|Tail Glow|p2a: Manaphy\n|-boost|p2a: Manaphy|spa|3\n|move|p1a: Bronzong|Hypnosis|p2a: Manaphy\n|-status|p2a: Manaphy|slp|[from] move: Hypnosis\n|\n|-heal|p2a: Manaphy|94/100 slp|[from] item: Leftovers\n|-heal|p1a: Bronzong|86/261|[from] item: Leftovers\n|upkeep\n|turn|12\n|inactive|Time left: 300 sec this turn | 300 sec total\n|\n|t:|1783566133\n|cant|p2a: Manaphy|slp\n|move|p1a: Bronzong|Psychic|p2a: Manaphy\n|-damage|p2a: Manaphy|60/100 slp\n|\n|-heal|p2a: Manaphy|66/100 slp|[from] item: Leftovers\n|-heal|p1a: Bronzong|102/261|[from] item: Leftovers\n|upkeep\n|turn|13\n|inactive|Time left: 300 sec this turn | 300 sec total\n|\n|t:|1783566135\n|cant|p2a: Manaphy|slp\n|move|p1a: Bronzong|Psychic|p2a: Manaphy\n|-damage|p2a: Manaphy|35/100 slp\n|\n|-heal|p2a: Manaphy|41/100 slp|[from] item: Leftovers\n|-heal|p1a: Bronzong|118/261|[from] item: Leftovers\n|upkeep\n|turn|14\n|inactive|Time left: 300 sec this turn | 300 sec total\n|\n|t:|1783566136\n|-curestatus|p2a: Manaphy|slp|[msg]\n|move|p2a: Manaphy|Surf|p1a: Bronzong\n|-damage|p1a: Bronzong|0 fnt\n|faint|p1a: Bronzong\n|\n|-heal|p2a: Manaphy|47/100|[from] item: Leftovers\n|upkeep\n|inactive|Time left: 300 sec this turn | 300 sec total | 5 sec grace\n|\n|t:|1783566137\n|switch|p1a: Greedent|Greedent, L86, F|347/347\n|turn|15\n|inactive|Time left: 300 sec this turn | 300 sec total\n|\n|t:|1783566138\n|move|p2a: Manaphy|Surf|p1a: Greedent\n|-damage|p1a: Greedent|119/347\n|-enditem|p1a: Greedent|Sitrus Berry|[eat]\n|-heal|p1a: Greedent|205/347|[from] item: Sitrus Berry\n|-heal|p1a: Greedent|320/347|[from] ability: Cheek Pouch\n|move|p1a: Greedent|Knock Off|p2a: Manaphy\n|-damage|p2a: Manaphy|21/100\n|-enditem|p2a: Manaphy|Leftovers|[from] move: Knock Off|[of] p1a: Greedent\n|\n|upkeep\n|turn|16\n|inactive|Time left: 300 sec this turn | 300 sec total\n|\n|t:|1783566139\n|move|p2a: Manaphy|Surf|p1a: Greedent\n|-damage|p1a: Greedent|95/347\n|move|p1a: Greedent|Body Slam|p2a: Manaphy\n|-damage|p2a: Manaphy|0 fnt\n|faint|p2a: Manaphy\n|\n|upkeep\n|\n|t:|1783566140\n|switch|p2a: Bruxish|Bruxish, L85, F|100/100\n|-damage|p2a: Bruxish|88/100|[from] Stealth Rock\n|turn|17\n|inactive|Time left: 300 sec this turn | 300 sec total\n|\n|t:|1783566141\n|move|p2a: Bruxish|Psychic Fangs|p1a: Greedent\n|-damage|p1a: Greedent|0 fnt\n|faint|p1a: Greedent\n|\n|upkeep\n|inactive|Time left: 300 sec this turn | 300 sec total | 5 sec grace\n|\n|t:|1783566142\n|switch|p1a: Regigigas|Regigigas, L84|322/322\n|-start|p1a: Regigigas|ability: Slow Start\n|turn|18\n|inactive|Time left: 300 sec this turn | 300 sec total\n|\n|t:|1783566143\n|move|p2a: Bruxish|Psychic Fangs|p1a: Regigigas\n|-damage|p1a: Regigigas|192/322\n|move|p1a: Regigigas|Knock Off|p2a: Bruxish\n|-supereffective|p2a: Bruxish\n|-damage|p2a: Bruxish|41/100\n|-enditem|p2a: Bruxish|Choice Scarf|[from] move: Knock Off|[of] p1a: Regigigas\n|\n|-heal|p1a: Regigigas|212/322|[from] item: Leftovers\n|upkeep\n|turn|19\n|inactive|Time left: 300 sec this turn | 300 sec total\n|\n|t:|1783566144\n|move|p2a: Bruxish|Psychic Fangs|p1a: Regigigas\n|-damage|p1a: Regigigas|77/322\n|move|p1a: Regigigas|Rest|p1a: Regigigas\n|-status|p1a: Regigigas|slp|[from] move: Rest\n|-heal|p1a: Regigigas|322/322 slp|[silent]\n|\n|upkeep\n|turn|20\n|inactive|Time left: 300 sec this turn | 300 sec total\n|\n|t:|1783566144\n|move|p2a: Bruxish|Wave Crash|p1a: Regigigas\n|-damage|p1a: Regigigas|207/322 slp\n|-damage|p2a: Bruxish|26/100|[from] Recoil\n|cant|p1a: Regigigas|slp\n|move|p1a: Regigigas|Sleep Talk|p1a: Regigigas\n|move|p1a: Regigigas|Rest||[from] move: Sleep Talk|[still]\n|-fail|p1a: Regigigas\n|\n|-heal|p1a: Regigigas|227/322 slp|[from] item: Leftovers\n|upkeep\n|turn|21\n|inactive|Time left: 300 sec this turn | 300 sec total\n|\n|t:|1783566145\n|move|p2a: Bruxish|Psychic Fangs|p1a: Regigigas\n|-damage|p1a: Regigigas|110/322 slp\n|cant|p1a: Regigigas|slp\n|\n|-heal|p1a: Regigigas|130/322 slp|[from] item: Leftovers\n|upkeep\n|turn|22\n|inactive|Time left: 300 sec this turn | 300 sec total\n|\n|t:|1783566146\n|move|p2a: Bruxish|Psychic Fangs|p1a: Regigigas\n|-damage|p1a: Regigigas|6/322 slp\n|-curestatus|p1a: Regigigas|slp|[msg]\n|move|p1a: Regigigas|Rest|p1a: Regigigas\n|-status|p1a: Regigigas|slp|[from] move: Rest\n|-heal|p1a: Regigigas|322/322 slp|[silent]\n|\n|-end|p1a: Regigigas|Slow Start\n|upkeep\n|turn|23\n|inactive|Time left: 300 sec this turn | 300 sec total\n|\n|t:|1783566147\n|cant|p1a: Regigigas|slp\n|move|p1a: Regigigas|Sleep Talk|p1a: Regigigas\n|move|p1a: Regigigas|Rest||[from] move: Sleep Talk|[still]\n|-fail|p1a: Regigigas\n|move|p2a: Bruxish|Wave Crash|p1a: Regigigas\n|-damage|p1a: Regigigas|202/322 slp\n|-damage|p2a: Bruxish|10/100|[from] Recoil\n|\n|-heal|p1a: Regigigas|222/322 slp|[from] item: Leftovers\n|upkeep\n|turn|24\n|inactive|Time left: 300 sec this turn | 300 sec total\n|\n|t:|1783566148\n|cant|p1a: Regigigas|slp\n|move|p1a: Regigigas|Sleep Talk|p1a: Regigigas\n|move|p1a: Regigigas|Rest||[from] move: Sleep Talk|[still]\n|-fail|p1a: Regigigas\n|move|p2a: Bruxish|Wave Crash|p1a: Regigigas\n|-damage|p1a: Regigigas|98/322 slp\n|-damage|p2a: Bruxish|0 fnt|[from] Recoil\n|faint|p2a: Bruxish\n|\n|-heal|p1a: Regigigas|118/322 slp|[from] item: Leftovers\n|upkeep\n|\n|t:|1783566148\n|switch|p2a: Deoxys|Deoxys-Speed, L82|100/100\n|-damage|p2a: Deoxys|88/100|[from] Stealth Rock\n|-ability|p2a: Deoxys|Pressure\n|turn|25\n|inactive|Time left: 300 sec this turn | 300 sec total\n|\n|t:|1783566149\n|move|p2a: Deoxys|Superpower|p1a: Regigigas\n|-supereffective|p1a: Regigigas\n|-damage|p1a: Regigigas|0 fnt\n|-unboost|p2a: Deoxys|atk|1\n|-unboost|p2a: Deoxys|def|1\n|faint|p1a: Regigigas\n|-end|p1a: Regigigas|Slow Start|[silent]\n|-damage|p2a: Deoxys|78/100|[from] item: Life Orb\n|\n|win|p0y225387b4", "uploadtime": 1783566149, "views": 0, "rating": 0, "private": 0, "password": null, "_winner": "p0y225387b4", "_our_name": "p0x22535ed9"}