{"id": "battle-gen9randombattle-836", "formatid": "gen9randombattle", "format": "[Gen 9] Random Battle", "players": ["p0x836f015", "p0y8367cb3"], "log": "|init|battle\n|title|p0x836f015 vs. p0y8367cb3\n|j|\u2606p0x836f015\n|j|\u2606p0y8367cb3\n|t:|1783548857\n|gametype|singles\n|player|p1|p0x836f015|1|\n|player|p2|p0y8367cb3|101|\n|gen|9\n|tier|[Gen 9] Random Battle\n|rule|Species Clause: Limit one of each Pok\u00e9mon\n|rule|HP Percentage Mod: HP is shown in percentages\n|rule|Sleep Clause Mod: Limit one foe put to sleep\n|rule|Illusion Level Mod: Illusion disguises the Pok\u00e9mon's true level\n|\n|t:|1783548857\n|teamsize|p1|6\n|teamsize|p2|6\n|start\n|switch|p1a: Azumarill|Azumarill, L82, M|298/298\n|switch|p2a: Scyther|Scyther, L82, M|100/100\n|turn|1\n|inactive|Battle timer is ON: inactive players will automatically lose when time's up. (requested by p0y8367cb3)\n|inactive|Time left: 300 sec this turn | 300 sec total | 60 sec grace\n|inactive|p0x836f015 also wants the timer to be on.\n|\n|t:|1783548858\n|move|p2a: Scyther|Dual Wingbeat|p1a: Azumarill\n|-damage|p1a: Azumarill|223/298\n|-damage|p1a: Azumarill|151/298\n|-hitcount|p1a: Azumarill|2\n|move|p1a: Azumarill|Play Rough|p2a: Scyther\n|-damage|p2a: Scyther|25/100\n|\n|upkeep\n|turn|2\n|inactive|Time left: 300 sec this turn | 300 sec total\n|\n|t:|1783548859\n|move|p2a: Scyther|Dual Wingbeat|p1a: Azumarill\n|-damage|p1a: Azumarill|76/298\n|-damage|p1a: Azumarill|3/298\n|-hitcount|p1a: Azumarill|2\n|move|p1a: Azumarill|Play Rough|p2a: Scyther\n|-damage|p2a: Scyther|0 fnt\n|faint|p2a: Scyther\n|\n|upkeep\n|\n|t:|1783548859\n|switch|p2a: Blastoise|Blastoise, L80, F|100/100\n|turn|3\n|inactive|Time left: 300 sec this turn | 300 sec total\n|\n|t:|1783548860\n|switch|p1a: Flareon|Flareon, L90, M|263/263\n|move|p2a: Blastoise|Shell Smash|p2a: Blastoise\n|-unboost|p2a: Blastoise|def|1\n|-unboost|p2a: Blastoise|spd|1\n|-boost|p2a: Blastoise|atk|2\n|-boost|p2a: Blastoise|spa|2\n|-boost|p2a: Blastoise|spe|2\n|-enditem|p2a: Blastoise|White Herb\n|-clearnegativeboost|p2a: Blastoise|[silent]\n|\n|-status|p1a: Flareon|tox|[from] item: Toxic Orb\n|upkeep\n|turn|4\n|inactive|Time left: 300 sec this turn | 300 sec total\n|\n|t:|1783548861\n|-terastallize|p1a: Flareon|Normal\n|move|p2a: Blastoise|Hydro Pump|p1a: Flareon\n|-damage|p1a: Flareon|118/263 tox\n|move|p1a: Flareon|Facade|p2a: Blastoise\n|-crit|p2a: Blastoise\n|-damage|p2a: Blastoise|0 fnt\n|faint|p2a: Blastoise\n|\n|-damage|p1a: Flareon|102/263 tox|[from] psn\n|upkeep\n|\n|t:|1783548862\n|switch|p2a: Medicham|Medicham, L86, M|100/100\n|turn|5\n|inactive|Time left: 300 sec this turn | 300 sec total\n|\n|t:|1783548863\n|switch|p1a: Azumarill|Azumarill, L82, M|3/298\n|move|p2a: Medicham|Close Combat|p1a: Azumarill\n|-resisted|p1a: Azumarill\n|-damage|p1a: Azumarill|0 fnt\n|-unboost|p2a: Medicham|def|1\n|-unboost|p2a: Medicham|spd|1\n|faint|p1a: Azumarill\n|\n|upkeep\n|inactive|Time left: 300 sec this turn | 300 sec total | 5 sec grace\n|\n|t:|1783548864\n|switch|p1a: Leafeon|Leafeon, L88, M|258/258\n|turn|6\n|inactive|Time left: 300 sec this turn | 300 sec total\n|\n|t:|1783548865\n|switch|p2a: Scrafty|Scrafty, L83, M|100/100\n|-ability|p2a: Scrafty|Intimidate|boost\n|-unboost|p1a: Leafeon|atk|1\n|move|p1a: Leafeon|Leaf Blade|p2a: Scrafty\n|-damage|p2a: Scrafty|69/100\n|-damage|p1a: Leafeon|233/258|[from] item: Life Orb\n|\n|-heal|p2a: Scrafty|75/100|[from] item: Leftovers\n|upkeep\n|turn|7\n|inactive|Time left: 300 sec this turn | 300 sec total\n|\n|t:|1783548866\n|move|p1a: Leafeon|Swords Dance|p1a: Leafeon\n|-boost|p1a: Leafeon|atk|2\n|move|p2a: Scrafty|Dragon Dance|p2a: Scrafty\n|-boost|p2a: Scrafty|atk|1\n|-boost|p2a: Scrafty|spe|1\n|\n|-heal|p2a: Scrafty|81/100|[from] item: Leftovers\n|upkeep\n|turn|8\n|inactive|Time left: 300 sec this turn | 300 sec total\n|\n|t:|1783548867\n|-terastallize|p2a: Scrafty|Poison\n|move|p1a: Leafeon|Leaf Blade|p2a: Scrafty\n|-resisted|p2a: Scrafty\n|-damage|p2a: Scrafty|41/100\n|-damage|p1a: Leafeon|208/258|[from] item: Life Orb\n|move|p2a: Scrafty|Dragon Dance|p2a: Scrafty\n|-boost|p2a: Scrafty|atk|1\n|-boost|p2a: Scrafty|spe|1\n|\n|-heal|p2a: Scrafty|47/100|[from] item: Leftovers\n|upkeep\n|turn|9\n|inactive|Time left: 300 sec this turn | 300 sec total\n|\n|t:|1783548868\n|move|p2a: Scrafty|Poison Jab|p1a: Leafeon\n|-supereffective|p1a: Leafeon\n|-damage|p1a: Leafeon|4/258\n|move|p1a: Leafeon|Knock Off|p2a: Scrafty\n|-crit|p2a: Scrafty\n|-damage|p2a: Scrafty|0 fnt\n|-enditem|p2a: Scrafty|Leftovers|[from] move: Knock Off|[of] p1a: Leafeon\n|faint|p2a: Scrafty\n|-damage|p1a: Leafeon|0 fnt|[from] item: Life Orb\n|faint|p1a: Leafeon\n|\n|upkeep\n|inactive|Time left: 300 sec this turn | 300 sec total | 5 sec grace\n|\n|t:|1783548869\n|switch|p1a: Iron Boulder|Iron Boulder, L77|265/265\n|switch|p2a: Medicham|Medicham, L86, M|100/100\n|turn|10\n|inactive|Time left: 300 sec this turn | 300 sec total\n|\n|t:|1783548870\n|move|p2a: Medicham|Close Combat|p1a: Iron Boulder\n|-damage|p1a: Iron Boulder|48/265\n|-unboost|p2a: Medicham|def|1\n|-unboost|p2a: Medicham|spd|1\n|move|p1a: Iron Boulder|Zen Headbutt|p2a: Medicham\n|-damage|p2a: Medicham|31/100\n|-damage|p1a: Iron Boulder|22/265|[from] item: Life Orb\n|\n|upkeep\n|turn|11\n|inactive|Time left: 300 sec this turn | 300 sec total\n|\n|t:|1783548872\n|move|p2a: Medicham|Close Combat|p1a: Iron Boulder\n|-damage|p1a: Iron Boulder|0 fnt\n|-unboost|p2a: Medicham|def|1\n|-unboost|p2a: Medicham|spd|1\n|faint|p1a: Iron Boulder\n|-end|p1a: Iron Boulder|Quark Drive|[silent]\n|\n|upkeep\n|inactive|Time left: 300 sec this turn | 300 sec total | 5 sec grace\n|\n|t:|1783548873\n|switch|p1a: Flareon|Flareon, L90, M, tera:Normal|102/263 tox\n|turn|12\n|inactive|Time left: 300 sec this turn | 300 sec total\n|\n|t:|1783548874\n|move|p1a: Flareon|Quick Attack|p2a: Medicham\n|-damage|p2a: Medicham|0 fnt\n|faint|p2a: Medicham\n|\n|-damage|p1a: Flareon|86/263 tox|[from] psn\n|upkeep\n|\n|t:|1783548875\n|switch|p2a: Tauros|Tauros, L82, M|100/100\n|turn|13\n|inactive|Time left: 300 sec this turn | 300 sec total\n|\n|t:|1783548875\n|move|p1a: Flareon|Quick Attack|p2a: Tauros\n|-damage|p2a: Tauros|63/100\n|move|p2a: Tauros|Body Slam|p1a: Flareon\n|-damage|p1a: Flareon|0 fnt\n|faint|p1a: Flareon\n|\n|upkeep\n|inactive|Time left: 300 sec this turn | 300 sec total | 5 sec grace\n|\n|t:|1783548876\n|switch|p1a: Breloom|Breloom, L83, M|235/235\n|turn|14\n|inactive|Time left: 300 sec this turn | 300 sec total\n|\n|t:|1783548877\n|move|p1a: Breloom|Mach Punch|p2a: Tauros\n|-supereffective|p2a: Tauros\n|-damage|p2a: Tauros|0 fnt\n|faint|p2a: Tauros\n|-damage|p1a: Breloom|212/235|[from] item: Life Orb\n|\n|upkeep\n|\n|t:|1783548878\n|switch|p2a: Beartic|Beartic, L91, M|100/100\n|turn|15\n|inactive|Time left: 300 sec this turn | 300 sec total\n|\n|t:|1783548879\n|move|p1a: Breloom|Mach Punch|p2a: Beartic\n|-supereffective|p2a: Beartic\n|-damage|p2a: Beartic|39/100\n|-damage|p1a: Breloom|189/235|[from] item: Life Orb\n|move|p2a: Beartic|Icicle Crash|p1a: Breloom\n|-supereffective|p1a: Breloom\n|-damage|p1a: Breloom|0 fnt\n|faint|p1a: Breloom\n|\n|upkeep\n|inactive|Time left: 300 sec this turn | 300 sec total | 5 sec grace\n|\n|t:|1783548880\n|switch|p1a: Glaceon|Glaceon, L94, F|275/275\n|turn|16\n|inactive|Time left: 300 sec this turn | 300 sec total\n|\n|t:|1783548881\n|move|p1a: Glaceon|Mud Shot|p2a: Beartic\n|-damage|p2a: Beartic|19/100\n|-unboost|p2a: Beartic|spe|1\n|move|p2a: Beartic|Swords Dance|p2a: Beartic\n|-boost|p2a: Beartic|atk|2\n|\n|upkeep\n|turn|17\n|inactive|Time left: 300 sec this turn | 300 sec total\n|\n|t:|1783548882\n|move|p1a: Glaceon|Freeze-Dry|p2a: Beartic\n|-resisted|p2a: Beartic\n|-damage|p2a: Beartic|1/100\n|move|p2a: Beartic|Snowscape|p2a: Beartic\n|-weather|Snowscape\n|\n|-weather|Snowscape|[upkeep]\n|upkeep\n|turn|18\n|inactive|Time left: 300 sec this turn | 300 sec total\n|\n|t:|1783548883\n|move|p2a: Beartic|Icicle Crash|p1a: Glaceon\n|-resisted|p1a: Glaceon\n|-damage|p1a: Glaceon|203/275\n|move|p1a: Glaceon|Freeze-Dry|p2a: Beartic\n|-resisted|p2a: Beartic\n|-damage|p2a: Beartic|0 fnt\n|faint|p2a: Beartic\n|\n|win|p0x836f015", "uploadtime": 1783548883, "views": 0, "rating": 0, "private": 0, "password": null, "_winner": "p0x836f015", "_our_name": "p0x836f015"}