{"id": "battle-gen9randombattle-2792", "formatid": "gen9randombattle", "format": "[Gen 9] Random Battle", "players": ["p0x27927430", "p0y2792b20f"], "log": "|init|battle\n|title|p0x27927430 vs. p0y2792b20f\n|j|\u2606p0x27927430\n|j|\u2606p0y2792b20f\n|t:|1783571186\n|gametype|singles\n|player|p1|p0x27927430|102|\n|player|p2|p0y2792b20f|265|\n|gen|9\n|tier|[Gen 9] Random Battle\n|rule|Species Clause: Limit one of each Pok\u00e9mon\n|rule|HP Percentage Mod: HP is shown in percentages\n|rule|Sleep Clause Mod: Limit one foe put to sleep\n|rule|Illusion Level Mod: Illusion disguises the Pok\u00e9mon's true level\n|\n|t:|1783571186\n|teamsize|p1|6\n|teamsize|p2|6\n|start\n|switch|p1a: Iron Moth|Iron Moth, L78|253/253\n|switch|p2a: Rhyperior|Rhyperior, L82, M|100/100\n|turn|1\n|inactive|Battle timer is ON: inactive players will automatically lose when time's up. (requested by p0y2792b20f)\n|inactive|Time left: 300 sec this turn | 300 sec total | 60 sec grace\n|inactive|p0x27927430 also wants the timer to be on.\n|\n|t:|1783571187\n|move|p1a: Iron Moth|U-turn|p2a: Rhyperior\n|-damage|p2a: Rhyperior|93/100\n|inactive|Time left: 300 sec this turn | 300 sec total | 65 sec grace\n|\n|t:|1783571188\n|-end|p1a: Iron Moth|Quark Drive|[silent]\n|switch|p1a: Mimikyu|Mimikyu, L79, F|216/216|[from] U-turn\n|move|p2a: Rhyperior|Stone Edge|p1a: Mimikyu|[miss]\n|-miss|p2a: Rhyperior|p1a: Mimikyu\n|\n|upkeep\n|turn|2\n|inactive|Time left: 300 sec this turn | 300 sec total\n|\n|t:|1783571189\n|move|p1a: Mimikyu|Swords Dance|p1a: Mimikyu\n|-boost|p1a: Mimikyu|atk|2\n|move|p2a: Rhyperior|Stone Edge|p1a: Mimikyu\n|-activate|p1a: Mimikyu|ability: Disguise\n|-damage|p1a: Mimikyu|216/216\n|detailschange|p1a: Mimikyu|Mimikyu-Busted, L79, F\n|-damage|p1a: Mimikyu|189/216|[from] pokemon: Mimikyu-Busted\n|\n|upkeep\n|turn|3\n|inactive|Time left: 300 sec this turn | 300 sec total\n|\n|t:|1783571190\n|move|p1a: Mimikyu|Play Rough|p2a: Rhyperior\n|-damage|p2a: Rhyperior|48/100\n|-unboost|p2a: Rhyperior|atk|1\n|-damage|p1a: Mimikyu|168/216|[from] item: Life Orb\n|move|p2a: Rhyperior|Earthquake|p1a: Mimikyu\n|-damage|p1a: Mimikyu|72/216\n|\n|upkeep\n|turn|4\n|inactive|Time left: 300 sec this turn | 300 sec total\n|\n|t:|1783571191\n|move|p1a: Mimikyu|Play Rough|p2a: Rhyperior\n|-damage|p2a: Rhyperior|0 fnt\n|faint|p2a: Rhyperior\n|-damage|p1a: Mimikyu|51/216|[from] item: Life Orb\n|\n|upkeep\n|\n|t:|1783571192\n|switch|p2a: Eternatus|Eternatus, L69|100/100\n|-ability|p2a: Eternatus|Pressure\n|turn|5\n|inactive|Time left: 300 sec this turn | 300 sec total\n|\n|t:|1783571193\n|move|p1a: Mimikyu|Shadow Sneak|p2a: Eternatus\n|-damage|p2a: Eternatus|65/100\n|-damage|p1a: Mimikyu|30/216|[from] item: Life Orb\n|move|p2a: Eternatus|Meteor Beam||[still]\n|-prepare|p2a: Eternatus|Meteor Beam\n|-boost|p2a: Eternatus|spa|1\n|-enditem|p2a: Eternatus|Power Herb\n|-anim|p2a: Eternatus|Meteor Beam|p1a: Mimikyu\n|-damage|p1a: Mimikyu|0 fnt\n|faint|p1a: Mimikyu\n|\n|upkeep\n|inactive|Time left: 300 sec this turn | 300 sec total | 5 sec grace\n|\n|t:|1783571193\n|switch|p1a: Donphan|Donphan, L84, M|288/288\n|turn|6\n|inactive|Time left: 300 sec this turn | 300 sec total\n|\n|t:|1783571194\n|move|p2a: Eternatus|Dynamax Cannon|p1a: Donphan\n|-damage|p1a: Donphan|156/288\n|move|p1a: Donphan|Earthquake|p2a: Eternatus\n|-supereffective|p2a: Eternatus\n|-damage|p2a: Eternatus|0 fnt\n|faint|p2a: Eternatus\n|\n|upkeep\n|\n|t:|1783571195\n|switch|p2a: Hitmontop|Hitmontop, L88, M|100/100\n|turn|7\n|inactive|Time left: 300 sec this turn | 300 sec total\n|\n|t:|1783571197\n|move|p2a: Hitmontop|Triple Axel|p1a: Donphan\n|-supereffective|p1a: Donphan\n|-damage|p1a: Donphan|114/288\n|-supereffective|p1a: Donphan\n|-crit|p1a: Donphan\n|-damage|p1a: Donphan|0 fnt\n|faint|p1a: Donphan\n|-hitcount|p1: Donphan|2\n|\n|upkeep\n|inactive|Time left: 300 sec this turn | 300 sec total | 5 sec grace\n|\n|t:|1783571198\n|switch|p1a: Tinkaton|Tinkaton, L82, F|274/274\n|-ability|p1a: Tinkaton|Mold Breaker\n|turn|8\n|inactive|Time left: 300 sec this turn | 300 sec total\n|\n|t:|1783571199\n|move|p1a: Tinkaton|Gigaton Hammer|p2a: Hitmontop\n|-damage|p2a: Hitmontop|47/100\n|move|p2a: Hitmontop|Bulk Up|p2a: Hitmontop\n|-boost|p2a: Hitmontop|atk|1\n|-boost|p2a: Hitmontop|def|1\n|\n|-heal|p2a: Hitmontop|53/100|[from] item: Leftovers\n|upkeep\n|turn|9\n|inactive|Time left: 300 sec this turn | 300 sec total\n|\n|t:|1783571200\n|move|p1a: Tinkaton|Play Rough|p2a: Hitmontop\n|-supereffective|p2a: Hitmontop\n|-crit|p2a: Hitmontop\n|-damage|p2a: Hitmontop|0 fnt\n|faint|p2a: Hitmontop\n|\n|upkeep\n|\n|t:|1783571201\n|switch|p2a: Thundurus|Thundurus-Therian, L80, M|100/100\n|turn|10\n|inactive|Time left: 300 sec this turn | 300 sec total\n|\n|t:|1783571202\n|move|p2a: Thundurus|Nasty Plot|p2a: Thundurus\n|-boost|p2a: Thundurus|spa|2\n|move|p1a: Tinkaton|Gigaton Hammer|p2a: Thundurus\n|-resisted|p2a: Thundurus\n|-damage|p2a: Thundurus|68/100\n|\n|upkeep\n|turn|11\n|inactive|Time left: 300 sec this turn | 300 sec total\n|\n|t:|1783571203\n|switch|p1a: Cryogonal|Cryogonal, L89|287/287\n|move|p2a: Thundurus|Thunderbolt|p1a: Cryogonal\n|-damage|p1a: Cryogonal|133/287\n|\n|upkeep\n|turn|12\n|inactive|Time left: 300 sec this turn | 300 sec total\n|\n|t:|1783571204\n|switch|p2a: Gurdurr|Gurdurr, L85, M|100/100\n|move|p1a: Cryogonal|Ice Beam|p2a: Gurdurr\n|-damage|p2a: Gurdurr|67/100\n|\n|upkeep\n|turn|13\n|inactive|Time left: 300 sec this turn | 300 sec total\n|\n|t:|1783571205\n|switch|p1a: Iron Moth|Iron Moth, L78|253/253\n|move|p2a: Gurdurr|Drain Punch|p1a: Iron Moth\n|-resisted|p1a: Iron Moth\n|-damage|p1a: Iron Moth|190/253\n|-heal|p2a: Gurdurr|78/100|[from] drain|[of] p1a: Iron Moth\n|\n|upkeep\n|turn|14\n|inactive|Time left: 300 sec this turn | 300 sec total\n|\n|t:|1783571206\n|move|p1a: Iron Moth|Fiery Dance|p2a: Gurdurr\n|-damage|p2a: Gurdurr|43/100\n|-boost|p1a: Iron Moth|spa|1\n|move|p2a: Gurdurr|Knock Off|p1a: Iron Moth\n|-damage|p1a: Iron Moth|83/253\n|-enditem|p1a: Iron Moth|Heavy-Duty Boots|[from] move: Knock Off|[of] p2a: Gurdurr\n|\n|upkeep\n|turn|15\n|inactive|Time left: 300 sec this turn | 300 sec total\n|\n|t:|1783571207\n|switch|p2a: Mimikyu|Mimikyu, L79, F|100/100\n|move|p1a: Iron Moth|Fiery Dance|p2a: Mimikyu\n|-activate|p2a: Mimikyu|ability: Disguise\n|-damage|p2a: Mimikyu|100/100\n|-boost|p1a: Iron Moth|spa|1\n|detailschange|p2a: Mimikyu|Mimikyu-Busted, L79, F\n|-damage|p2a: Mimikyu|88/100|[from] pokemon: Mimikyu-Busted\n|\n|upkeep\n|turn|16\n|inactive|Time left: 300 sec this turn | 300 sec total\n|\n|t:|1783571208\n|-terastallize|p2a: Mimikyu|Ghost\n|move|p2a: Mimikyu|Shadow Sneak|p1a: Iron Moth\n|-damage|p1a: Iron Moth|2/253\n|-damage|p2a: Mimikyu|78/100|[from] item: Life Orb\n|move|p1a: Iron Moth|Fiery Dance|p2a: Mimikyu\n|-damage|p2a: Mimikyu|0 fnt\n|-boost|p1a: Iron Moth|spa|1\n|faint|p2a: Mimikyu\n|\n|upkeep\n|\n|t:|1783571209\n|switch|p2a: Gurdurr|Gurdurr, L85, M|43/100\n|turn|17\n|inactive|Time left: 300 sec this turn | 300 sec total\n|\n|t:|1783571210\n|-end|p1a: Iron Moth|Quark Drive|[silent]\n|switch|p1a: Tinkaton|Tinkaton, L82, F|274/274\n|-ability|p1a: Tinkaton|Mold Breaker\n|move|p2a: Gurdurr|Mach Punch|p1a: Tinkaton\n|-damage|p1a: Tinkaton|223/274\n|\n|-heal|p1a: Tinkaton|240/274|[from] item: Leftovers\n|upkeep\n|turn|18\n|inactive|Time left: 300 sec this turn | 300 sec total\n|\n|t:|1783571211\n|move|p1a: Tinkaton|Play Rough|p2a: Gurdurr\n|-supereffective|p2a: Gurdurr\n|-damage|p2a: Gurdurr|4/100\n|move|p2a: Gurdurr|Drain Punch|p1a: Tinkaton\n|-damage|p1a: Tinkaton|141/274\n|-heal|p2a: Gurdurr|22/100|[from] drain|[of] p1a: Tinkaton\n|\n|-heal|p1a: Tinkaton|158/274|[from] item: Leftovers\n|upkeep\n|turn|19\n|inactive|Time left: 300 sec this turn | 300 sec total\n|\n|t:|1783571212\n|move|p1a: Tinkaton|Gigaton Hammer|p2a: Gurdurr\n|-damage|p2a: Gurdurr|0 fnt\n|faint|p2a: Gurdurr\n|\n|-heal|p1a: Tinkaton|175/274|[from] item: Leftovers\n|upkeep\n|\n|t:|1783571213\n|switch|p2a: Thundurus|Thundurus-Therian, L80, M|68/100\n|turn|20\n|inactive|Time left: 300 sec this turn | 300 sec total\n|\n|t:|1783571214\n|switch|p1a: Cryogonal|Cryogonal, L89|133/287\n|move|p2a: Thundurus|Thunderbolt|p1a: Cryogonal\n|-damage|p1a: Cryogonal|55/287\n|\n|upkeep\n|turn|21\n|inactive|Time left: 300 sec this turn | 300 sec total\n|\n|t:|1783571215\n|-terastallize|p1a: Cryogonal|Electric\n|move|p1a: Cryogonal|Ice Beam|p2a: Thundurus\n|-supereffective|p2a: Thundurus\n|-damage|p2a: Thundurus|0 fnt\n|faint|p2a: Thundurus\n|\n|win|p0x27927430", "uploadtime": 1783571215, "views": 0, "rating": 0, "private": 0, "password": null, "_winner": "p0x27927430", "_our_name": "p0x27927430"}