{"id": "battle-gen9randombattle-1425", "formatid": "gen9randombattle", "format": "[Gen 9] Random Battle", "players": ["p0x1425f729", "p0y1425fab0"], "log": "|init|battle\n|title|p0x1425f729 vs. p0y1425fab0\n|j|\u2606p0x1425f729\n|j|\u2606p0y1425fab0\n|t:|1783556602\n|gametype|singles\n|player|p1|p0x1425f729|102|\n|player|p2|p0y1425fab0|170|\n|gen|9\n|tier|[Gen 9] Random Battle\n|rule|Species Clause: Limit one of each Pok\u00e9mon\n|rule|HP Percentage Mod: HP is shown in percentages\n|rule|Sleep Clause Mod: Limit one foe put to sleep\n|rule|Illusion Level Mod: Illusion disguises the Pok\u00e9mon's true level\n|\n|t:|1783556602\n|teamsize|p1|6\n|teamsize|p2|6\n|start\n|switch|p1a: Zekrom|Zekrom, L71|100/100\n|switch|p2a: Ho-Oh|Ho-Oh, L71|268/268\n|-ability|p1a: Zekrom|Teravolt\n|turn|1\n|inactive|Battle timer is ON: inactive players will automatically lose when time's up. (requested by p0y1425fab0)\n|inactive|p0x1425f729 also wants the timer to be on.\n|\n|t:|1783556603\n|move|p2a: Ho-Oh|Sacred Fire|p1a: Zekrom\n|-resisted|p1a: Zekrom\n|-damage|p1a: Zekrom|82/100\n|move|p1a: Zekrom|Bolt Strike|p2a: Ho-Oh\n|-supereffective|p2a: Ho-Oh\n|-damage|p2a: Ho-Oh|0 fnt\n|faint|p2a: Ho-Oh\n|\n|-heal|p1a: Zekrom|89/100|[from] item: Leftovers\n|upkeep\n|inactive|Time left: 300 sec this turn | 300 sec total | 65 sec grace\n|\n|t:|1783556604\n|switch|p2a: Baxcalibur|Baxcalibur, L75, F|295/295\n|turn|2\n|inactive|Time left: 300 sec this turn | 300 sec total\n|\n|t:|1783556605\n|-terastallize|p1a: Zekrom|Fairy\n|move|p2a: Baxcalibur|Icicle Crash|p1a: Zekrom\n|-damage|p1a: Zekrom|29/100\n|move|p1a: Zekrom|Outrage|p2a: Baxcalibur\n|-supereffective|p2a: Baxcalibur\n|-damage|p2a: Baxcalibur|11/295\n|\n|-heal|p1a: Zekrom|36/100|[from] item: Leftovers\n|upkeep\n|turn|3\n|inactive|Time left: 300 sec this turn | 300 sec total\n|\n|t:|1783556606\n|move|p2a: Baxcalibur|Icicle Crash|p1a: Zekrom\n|-damage|p1a: Zekrom|0 fnt\n|faint|p1a: Zekrom\n|\n|upkeep\n|\n|t:|1783556607\n|switch|p1a: Mimikyu|Mimikyu, L79, F|100/100\n|turn|4\n|inactive|Time left: 300 sec this turn | 300 sec total\n|\n|t:|1783556609\n|move|p1a: Mimikyu|Swords Dance|p1a: Mimikyu\n|-boost|p1a: Mimikyu|atk|2\n|move|p2a: Baxcalibur|Icicle Crash|p1a: Mimikyu\n|-activate|p1a: Mimikyu|ability: Disguise\n|-damage|p1a: Mimikyu|100/100\n|detailschange|p1a: Mimikyu|Mimikyu-Busted, L79, F\n|-damage|p1a: Mimikyu|88/100|[from] pokemon: Mimikyu-Busted\n|\n|upkeep\n|turn|5\n|inactive|Time left: 300 sec this turn | 300 sec total\n|\n|t:|1783556609\n|move|p1a: Mimikyu|Shadow Claw|p2a: Baxcalibur\n|-damage|p2a: Baxcalibur|0 fnt\n|faint|p2a: Baxcalibur\n|-damage|p1a: Mimikyu|78/100|[from] item: Life Orb\n|\n|upkeep\n|inactive|Time left: 300 sec this turn | 300 sec total | 5 sec grace\n|\n|t:|1783556610\n|switch|p2a: Ogerpon|Ogerpon, L80, F|259/259\n|turn|6\n|inactive|Time left: 300 sec this turn | 300 sec total\n|\n|t:|1783556611\n|switch|p1a: Shiftry|Shiftry, L89, F|100/100\n|move|p2a: Ogerpon|Ivy Cudgel|p1a: Shiftry\n|-resisted|p1a: Shiftry\n|-damage|p1a: Shiftry|68/100\n|-damage|p2a: Ogerpon|234/259|[from] item: Life Orb\n|\n|upkeep\n|turn|7\n|inactive|Time left: 300 sec this turn | 300 sec total\n|\n|t:|1783556612\n|move|p2a: Ogerpon|Superpower|p1a: Shiftry\n|-supereffective|p1a: Shiftry\n|-damage|p1a: Shiftry|0 fnt\n|-unboost|p2a: Ogerpon|atk|1\n|-unboost|p2a: Ogerpon|def|1\n|faint|p1a: Shiftry\n|-damage|p2a: Ogerpon|209/259|[from] item: Life Orb\n|\n|upkeep\n|\n|t:|1783556613\n|switch|p1a: Rhyperior|Rhyperior, L82, F|100/100\n|turn|8\n|inactive|Time left: 300 sec this turn | 300 sec total\n|\n|t:|1783556614\n|-terastallize|p2a: Ogerpon|Grass\n|detailschange|p2a: Ogerpon|Ogerpon-Teal-Tera, L80, F, tera:Grass\n|-ability|p2a: Ogerpon|Embody Aspect (Teal)|boost\n|-boost|p2a: Ogerpon|spe|1\n|move|p2a: Ogerpon|Ivy Cudgel|p1a: Rhyperior\n|-supereffective|p1a: Rhyperior\n|-damage|p1a: Rhyperior|6/100\n|-enditem|p1a: Rhyperior|Weakness Policy\n|-boost|p1a: Rhyperior|atk|2|[from] item: Weakness Policy\n|-boost|p1a: Rhyperior|spa|2|[from] item: Weakness Policy\n|-damage|p2a: Ogerpon|184/259|[from] item: Life Orb\n|move|p1a: Rhyperior|Ice Punch|p2a: Ogerpon\n|-supereffective|p2a: Ogerpon\n|-damage|p2a: Ogerpon|0 fnt\n|faint|p2a: Ogerpon\n|detailschange|p2: Ogerpon|Ogerpon, L80, F|[silent]\n|\n|upkeep\n|inactive|Time left: 300 sec this turn | 300 sec total | 5 sec grace\n|\n|t:|1783556615\n|switch|p2a: Malamar|Malamar, L82, F|275/275\n|turn|9\n|inactive|Time left: 300 sec this turn | 300 sec total\n|\n|t:|1783556616\n|move|p2a: Malamar|Knock Off|p1a: Rhyperior\n|-damage|p1a: Rhyperior|0 fnt\n|faint|p1a: Rhyperior\n|\n|upkeep\n|\n|t:|1783556617\n|switch|p1a: Gholdengo|Gholdengo, L77|100/100\n|turn|10\n|inactive|Time left: 300 sec this turn | 300 sec total\n|\n|t:|1783556617\n|move|p1a: Gholdengo|Nasty Plot|p1a: Gholdengo\n|-boost|p1a: Gholdengo|spa|2\n|move|p2a: Malamar|Knock Off|p1a: Gholdengo\n|-supereffective|p1a: Gholdengo\n|-damage|p1a: Gholdengo|32/100\n|-enditem|p1a: Gholdengo|Leftovers|[from] move: Knock Off|[of] p2a: Malamar\n|\n|upkeep\n|turn|11\n|inactive|Time left: 300 sec this turn | 300 sec total\n|\n|t:|1783556618\n|switch|p2a: Walking Wake|Walking Wake, L79|286/286\n|move|p1a: Gholdengo|Make It Rain|p2a: Walking Wake\n|-resisted|p2a: Walking Wake\n|-damage|p2a: Walking Wake|136/286\n|-unboost|p1a: Gholdengo|spa|1\n|\n|upkeep\n|turn|12\n|inactive|Time left: 300 sec this turn | 300 sec total\n|\n|t:|1783556619\n|switch|p1a: Gothitelle|Gothitelle, L90, M|100/100\n|move|p2a: Walking Wake|Hydro Steam|p1a: Gothitelle\n|-damage|p1a: Gothitelle|66/100\n|-damage|p2a: Walking Wake|108/286|[from] item: Life Orb\n|\n|-heal|p1a: Gothitelle|72/100|[from] item: Leftovers\n|upkeep\n|turn|13\n|inactive|Time left: 300 sec this turn | 300 sec total\n|\n|t:|1783556620\n|move|p2a: Walking Wake|Hydro Steam|p1a: Gothitelle\n|-damage|p1a: Gothitelle|35/100\n|-damage|p2a: Walking Wake|80/286|[from] item: Life Orb\n|move|p1a: Gothitelle|Calm Mind|p1a: Gothitelle\n|-boost|p1a: Gothitelle|spa|1\n|-boost|p1a: Gothitelle|spd|1\n|\n|-heal|p1a: Gothitelle|41/100|[from] item: Leftovers\n|upkeep\n|turn|14\n|inactive|Time left: 300 sec this turn | 300 sec total\n|\n|t:|1783556621\n|move|p2a: Walking Wake|Hydro Steam|p1a: Gothitelle\n|-damage|p1a: Gothitelle|17/100\n|-damage|p2a: Walking Wake|52/286|[from] item: Life Orb\n|move|p1a: Gothitelle|Psychic Noise|p2a: Walking Wake\n|-damage|p2a: Walking Wake|0 fnt\n|faint|p2a: Walking Wake\n|-end|p2a: Walking Wake|Protosynthesis|[silent]\n|\n|-heal|p1a: Gothitelle|23/100|[from] item: Leftovers\n|upkeep\n|inactive|Time left: 300 sec this turn | 300 sec total | 5 sec grace\n|\n|t:|1783556622\n|switch|p2a: Jirachi|Jirachi, L80|291/291\n|turn|15\n|inactive|Time left: 300 sec this turn | 300 sec total\n|\n|t:|1783556623\n|switch|p1a: Gholdengo|Gholdengo, L77|32/100\n|move|p2a: Jirachi|Iron Head|p1a: Gholdengo\n|-resisted|p1a: Gholdengo\n|-damage|p1a: Gholdengo|17/100\n|\n|upkeep\n|turn|16\n|inactive|Time left: 300 sec this turn | 300 sec total\n|\n|t:|1783556624\n|move|p2a: Jirachi|Iron Head|p1a: Gholdengo\n|-resisted|p1a: Gholdengo\n|-crit|p1a: Gholdengo\n|-damage|p1a: Gholdengo|0 fnt\n|faint|p1a: Gholdengo\n|\n|upkeep\n|\n|t:|1783556625\n|switch|p1a: Gothitelle|Gothitelle, L90, M|23/100\n|turn|17\n|inactive|Time left: 300 sec this turn | 300 sec total\n|\n|t:|1783556626\n|move|p2a: Jirachi|Iron Head|p1a: Gothitelle\n|-damage|p1a: Gothitelle|0 fnt\n|faint|p1a: Gothitelle\n|\n|upkeep\n|\n|t:|1783556627\n|switch|p1a: Mimikyu|Mimikyu-Busted, L79, F|78/100\n|turn|18\n|inactive|Time left: 300 sec this turn | 300 sec total\n|\n|t:|1783556628\n|move|p2a: Jirachi|Iron Head|p1a: Mimikyu\n|-supereffective|p1a: Mimikyu\n|-damage|p1a: Mimikyu|0 fnt\n|faint|p1a: Mimikyu\n|\n|win|p0y1425fab0", "uploadtime": 1783556628, "views": 0, "rating": 0, "private": 0, "password": null, "_winner": "p0y1425fab0", "_our_name": "p0y1425fab0"}