{"id": "battle-gen9randombattle-704", "formatid": "gen9randombattle", "format": "[Gen 9] Random Battle", "players": ["p0x70448d9", "p0y7046fae"], "log": "|init|battle\n|title|p0x70448d9 vs. p0y7046fae\n|j|\u2606p0x70448d9\n|j|\u2606p0y7046fae\n|t:|1783547987\n|gametype|singles\n|player|p1|p0x70448d9|101|\n|player|p2|p0y7046fae|1|\n|gen|9\n|tier|[Gen 9] Random Battle\n|rule|Species Clause: Limit one of each Pok\u00e9mon\n|rule|HP Percentage Mod: HP is shown in percentages\n|rule|Sleep Clause Mod: Limit one foe put to sleep\n|rule|Illusion Level Mod: Illusion disguises the Pok\u00e9mon's true level\n|\n|t:|1783547987\n|teamsize|p1|6\n|teamsize|p2|6\n|start\n|switch|p1a: Bellibolt|Bellibolt, L84, F|100/100\n|switch|p2a: Palossand|Palossand, L89, M|296/296\n|turn|1\n|inactive|Battle timer is ON: inactive players will automatically lose when time's up. (requested by p0x70448d9)\n|inactive|Time left: 300 sec this turn | 300 sec total | 60 sec grace\n|inactive|p0y7046fae also wants the timer to be on.\n|\n|t:|1783547988\n|switch|p1a: Leafeon|Leafeon, L88, M|100/100\n|move|p2a: Palossand|Earth Power|p1a: Leafeon\n|-resisted|p1a: Leafeon\n|-damage|p1a: Leafeon|74/100\n|\n|upkeep\n|turn|2\n|inactive|Time left: 300 sec this turn | 300 sec total\n|\n|t:|1783547989\n|move|p1a: Leafeon|Swords Dance|p1a: Leafeon\n|-boost|p1a: Leafeon|atk|2\n|move|p2a: Palossand|Sludge Bomb|p1a: Leafeon\n|-supereffective|p1a: Leafeon\n|-damage|p1a: Leafeon|6/100\n|\n|upkeep\n|turn|3\n|inactive|Time left: 300 sec this turn | 300 sec total\n|\n|t:|1783547991\n|switch|p2a: Incineroar|Incineroar, L82, F|290/290\n|-ability|p2a: Incineroar|Intimidate|boost\n|-unboost|p1a: Leafeon|atk|1\n|move|p1a: Leafeon|Synthesis|p1a: Leafeon\n|-heal|p1a: Leafeon|56/100\n|\n|upkeep\n|turn|4\n|inactive|Time left: 300 sec this turn | 300 sec total\n|\n|t:|1783547992\n|move|p1a: Leafeon|Synthesis|p1a: Leafeon\n|-heal|p1a: Leafeon|100/100\n|move|p2a: Incineroar|Overheat|p1a: Leafeon|[miss]\n|-miss|p2a: Incineroar|p1a: Leafeon\n|\n|upkeep\n|turn|5\n|inactive|Time left: 300 sec this turn | 300 sec total\n|\n|t:|1783547993\n|move|p1a: Leafeon|Leaf Blade|p2a: Incineroar\n|-resisted|p2a: Incineroar\n|-damage|p2a: Incineroar|178/290\n|-damage|p1a: Leafeon|91/100|[from] item: Life Orb\n|move|p2a: Incineroar|Overheat|p1a: Leafeon\n|-supereffective|p1a: Leafeon\n|-damage|p1a: Leafeon|0 fnt\n|-unboost|p2a: Incineroar|spa|2\n|faint|p1a: Leafeon\n|\n|upkeep\n|\n|t:|1783547994\n|switch|p1a: Bellibolt|Bellibolt, L84, F|100/100\n|turn|6\n|inactive|Time left: 300 sec this turn | 300 sec total\n|\n|t:|1783547995\n|move|p2a: Incineroar|U-turn|p1a: Bellibolt\n|-damage|p1a: Bellibolt|83/100\n|-start|p1a: Bellibolt|Charge|U-turn|[from] ability: Electromorphosis\n|inactive|Time left: 300 sec this turn | 300 sec total | 5 sec grace\n|\n|t:|1783547997\n|switch|p2a: Palossand|Palossand, L89, M|296/296|[from] U-turn\n|move|p1a: Bellibolt|Toxic|p2a: Palossand\n|-status|p2a: Palossand|tox\n|\n|-heal|p1a: Bellibolt|90/100|[from] item: Leftovers\n|-damage|p2a: Palossand|278/296 tox|[from] psn\n|upkeep\n|turn|7\n|inactive|Time left: 300 sec this turn | 300 sec total\n|\n|t:|1783547997\n|move|p1a: Bellibolt|Muddy Water|p2a: Palossand\n|-supereffective|p2a: Palossand\n|-damage|p2a: Palossand|142/296 tox\n|-ability|p2a: Palossand|Water Compaction|boost\n|-boost|p2a: Palossand|def|2\n|move|p2a: Palossand|Earth Power|p1a: Bellibolt\n|-supereffective|p1a: Bellibolt\n|-damage|p1a: Bellibolt|18/100\n|-start|p1a: Bellibolt|Charge|Earth Power|[from] ability: Electromorphosis\n|\n|-heal|p1a: Bellibolt|25/100|[from] item: Leftovers\n|-heal|p2a: Palossand|160/296 tox|[from] item: Leftovers\n|-damage|p2a: Palossand|124/296 tox|[from] psn\n|upkeep\n|turn|8\n|inactive|Time left: 300 sec this turn | 300 sec total\n|\n|t:|1783547999\n|move|p1a: Bellibolt|Muddy Water|p2a: Palossand|[miss]\n|-miss|p1a: Bellibolt|p2a: Palossand\n|move|p2a: Palossand|Earth Power|p1a: Bellibolt\n|-supereffective|p1a: Bellibolt\n|-damage|p1a: Bellibolt|0 fnt\n|faint|p1a: Bellibolt\n|\n|-heal|p2a: Palossand|142/296 tox|[from] item: Leftovers\n|-damage|p2a: Palossand|88/296 tox|[from] psn\n|upkeep\n|\n|t:|1783548000\n|switch|p1a: Espeon|Espeon, L84, F|100/100\n|turn|9\n|inactive|Time left: 300 sec this turn | 300 sec total\n|\n|t:|1783548001\n|switch|p2a: Incineroar|Incineroar, L82, F|178/290\n|-ability|p2a: Incineroar|Intimidate|boost\n|-unboost|p1a: Espeon|atk|1\n|move|p1a: Espeon|Shadow Ball|p2a: Incineroar\n|-resisted|p2a: Incineroar\n|-damage|p2a: Incineroar|143/290\n|\n|upkeep\n|turn|10\n|inactive|Time left: 300 sec this turn | 300 sec total\n|\n|t:|1783548002\n|switch|p1a: Minun|Minun, L95, F|100/100\n|move|p2a: Incineroar|Knock Off|p1a: Minun\n|-damage|p1a: Minun|41/100\n|-enditem|p1a: Minun|Life Orb|[from] move: Knock Off|[of] p2a: Incineroar\n|\n|upkeep\n|turn|11\n|inactive|Time left: 300 sec this turn | 300 sec total\n|\n|t:|1783548003\n|move|p1a: Minun|Nasty Plot|p1a: Minun\n|-boost|p1a: Minun|spa|2\n|move|p2a: Incineroar|Knock Off|p1a: Minun\n|-damage|p1a: Minun|3/100\n|\n|upkeep\n|turn|12\n|inactive|Time left: 300 sec this turn | 300 sec total\n|\n|t:|1783548004\n|move|p1a: Minun|Thunderbolt|p2a: Incineroar\n|-damage|p2a: Incineroar|2/290\n|move|p2a: Incineroar|U-turn|p1a: Minun\n|-damage|p1a: Minun|0 fnt\n|faint|p1a: Minun\n|inactive|Time left: 300 sec this turn | 300 sec total | 5 sec grace\n|\n|t:|1783548006\n|switch|p2a: Garganacl|Garganacl, L80, F|291/291|[from] U-turn\n|\n|upkeep\n|\n|t:|1783548007\n|switch|p1a: Espeon|Espeon, L84, F|100/100\n|turn|13\n|inactive|Time left: 300 sec this turn | 300 sec total\n|\n|t:|1783548008\n|move|p1a: Espeon|Alluring Voice|p2a: Garganacl\n|-damage|p2a: Garganacl|176/291\n|move|p2a: Garganacl|Salt Cure|p1a: Espeon\n|-damage|p1a: Espeon|77/100\n|-start|p1a: Espeon|Salt Cure\n|\n|-heal|p2a: Garganacl|194/291|[from] item: Leftovers\n|-damage|p1a: Espeon|65/100|[from] Salt Cure\n|upkeep\n|turn|14\n|inactive|Time left: 300 sec this turn | 300 sec total\n|\n|t:|1783548009\n|move|p1a: Espeon|Alluring Voice|p2a: Garganacl\n|-damage|p2a: Garganacl|78/291\n|move|p2a: Garganacl|Recover|p2a: Garganacl\n|-heal|p2a: Garganacl|224/291\n|\n|-heal|p2a: Garganacl|242/291|[from] item: Leftovers\n|-damage|p1a: Espeon|53/100|[from] Salt Cure\n|upkeep\n|turn|15\n|inactive|Time left: 300 sec this turn | 300 sec total\n|\n|t:|1783548011\n|move|p1a: Espeon|Alluring Voice|p2a: Garganacl\n|-damage|p2a: Garganacl|134/291\n|move|p2a: Garganacl|Recover|p2a: Garganacl\n|-heal|p2a: Garganacl|280/291\n|\n|-heal|p2a: Garganacl|291/291|[from] item: Leftovers\n|-damage|p1a: Espeon|40/100|[from] Salt Cure\n|upkeep\n|turn|16\n|inactive|Time left: 300 sec this turn | 300 sec total\n|\n|t:|1783548012\n|move|p1a: Espeon|Alluring Voice|p2a: Garganacl\n|-damage|p2a: Garganacl|172/291\n|move|p2a: Garganacl|Salt Cure|p1a: Espeon\n|-damage|p1a: Espeon|18/100\n|\n|-heal|p2a: Garganacl|190/291|[from] item: Leftovers\n|-damage|p1a: Espeon|6/100|[from] Salt Cure\n|upkeep\n|turn|17\n|inactive|Time left: 300 sec this turn | 300 sec total\n|\n|t:|1783548013\n|move|p1a: Espeon|Alluring Voice|p2a: Garganacl\n|-crit|p2a: Garganacl\n|-damage|p2a: Garganacl|21/291\n|move|p2a: Garganacl|Salt Cure|p1a: Espeon\n|-damage|p1a: Espeon|0 fnt\n|faint|p1a: Espeon\n|\n|-heal|p2a: Garganacl|39/291|[from] item: Leftovers\n|upkeep\n|\n|t:|1783548014\n|switch|p1a: Chandelure|Chandelure, L83, F|100/100\n|turn|18\n|inactive|Time left: 300 sec this turn | 300 sec total\n|\n|t:|1783548015\n|switch|p2a: Incineroar|Incineroar, L82, F|2/290\n|-ability|p2a: Incineroar|Intimidate|boost\n|-unboost|p1a: Chandelure|atk|1\n|move|p1a: Chandelure|Shadow Ball|p2a: Incineroar\n|-resisted|p2a: Incineroar\n|-damage|p2a: Incineroar|0 fnt\n|faint|p2a: Incineroar\n|\n|upkeep\n|inactive|Time left: 300 sec this turn | 300 sec total | 5 sec grace\n|\n|t:|1783548016\n|switch|p2a: Jumpluff|Jumpluff, L87, F|271/271\n|turn|19\n|inactive|Time left: 300 sec this turn | 300 sec total\n|\n|t:|1783548017\n|move|p2a: Jumpluff|Leech Seed|p1a: Chandelure\n|-start|p1a: Chandelure|move: Leech Seed\n|move|p1a: Chandelure|Fire Blast|p2a: Jumpluff|[miss]\n|-miss|p1a: Chandelure|p2a: Jumpluff\n|\n|-damage|p1a: Chandelure|88/100|[from] Leech Seed|[of] p2a: Jumpluff\n|upkeep\n|turn|20\n|inactive|Time left: 300 sec this turn | 300 sec total\n|\n|t:|1783548018\n|move|p2a: Jumpluff|Substitute|p2a: Jumpluff\n|-start|p2a: Jumpluff|Substitute\n|-damage|p2a: Jumpluff|204/271\n|move|p1a: Chandelure|Fire Blast|p2a: Jumpluff\n|-supereffective|p2a: Jumpluff\n|-end|p2a: Jumpluff|Substitute\n|\n|-damage|p1a: Chandelure|76/100|[from] Leech Seed|[of] p2a: Jumpluff\n|-heal|p2a: Jumpluff|233/271|[silent]\n|upkeep\n|turn|21\n|inactive|Time left: 300 sec this turn | 300 sec total\n|\n|t:|1783548019\n|move|p2a: Jumpluff|Substitute|p2a: Jumpluff\n|-start|p2a: Jumpluff|Substitute\n|-damage|p2a: Jumpluff|166/271\n|move|p1a: Chandelure|Fire Blast|p2a: Jumpluff\n|-supereffective|p2a: Jumpluff\n|-end|p2a: Jumpluff|Substitute\n|\n|-damage|p1a: Chandelure|63/100|[from] Leech Seed|[of] p2a: Jumpluff\n|-heal|p2a: Jumpluff|195/271|[silent]\n|upkeep\n|turn|22\n|inactive|Time left: 300 sec this turn | 300 sec total\n|\n|t:|1783548020\n|move|p2a: Jumpluff|Substitute|p2a: Jumpluff\n|-start|p2a: Jumpluff|Substitute\n|-damage|p2a: Jumpluff|128/271\n|move|p1a: Chandelure|Fire Blast|p2a: Jumpluff\n|-supereffective|p2a: Jumpluff\n|-end|p2a: Jumpluff|Substitute\n|\n|-damage|p1a: Chandelure|51/100|[from] Leech Seed|[of] p2a: Jumpluff\n|-heal|p2a: Jumpluff|157/271|[silent]\n|upkeep\n|turn|23\n|inactive|Time left: 300 sec this turn | 300 sec total\n|\n|t:|1783548021\n|move|p2a: Jumpluff|Substitute|p2a: Jumpluff\n|-start|p2a: Jumpluff|Substitute\n|-damage|p2a: Jumpluff|90/271\n|move|p1a: Chandelure|Fire Blast|p2a: Jumpluff\n|-supereffective|p2a: Jumpluff\n|-end|p2a: Jumpluff|Substitute\n|\n|-damage|p1a: Chandelure|39/100|[from] Leech Seed|[of] p2a: Jumpluff\n|-heal|p2a: Jumpluff|119/271|[silent]\n|upkeep\n|turn|24\n|inactive|Time left: 300 sec this turn | 300 sec total\n|\n|t:|1783548022\n|move|p2a: Jumpluff|Strength Sap|p1a: Chandelure\n|-unboost|p1a: Chandelure|atk|1\n|-heal|p2a: Jumpluff|211/271\n|move|p1a: Chandelure|Fire Blast|p2a: Jumpluff\n|-supereffective|p2a: Jumpluff\n|-damage|p2a: Jumpluff|0 fnt\n|faint|p2a: Jumpluff\n|\n|upkeep\n|inactive|Time left: 300 sec this turn | 300 sec total | 5 sec grace\n|\n|t:|1783548023\n|switch|p2a: Magearna|Magearna-Original, L77|250/250\n|turn|25\n|inactive|Time left: 300 sec this turn | 300 sec total\n|\n|t:|1783548024\n|move|p1a: Chandelure|Fire Blast|p2a: Magearna\n|-supereffective|p2a: Magearna\n|-damage|p2a: Magearna|0 fnt\n|faint|p2a: Magearna\n|\n|upkeep\n|inactive|Time left: 300 sec this turn | 300 sec total | 5 sec grace\n|\n|t:|1783548025\n|switch|p2a: Palossand|Palossand, L89, M|88/296 tox\n|turn|26\n|inactive|Time left: 300 sec this turn | 300 sec total\n|\n|t:|1783548026\n|move|p1a: Chandelure|Shadow Ball|p2a: Palossand\n|-supereffective|p2a: Palossand\n|-damage|p2a: Palossand|0 fnt\n|faint|p2a: Palossand\n|\n|upkeep\n|inactive|Time left: 300 sec this turn | 300 sec total | 5 sec grace\n|\n|t:|1783548027\n|switch|p2a: Slowbro|Slowbro, L85, F|300/300\n|turn|27\n|inactive|Time left: 300 sec this turn | 300 sec total\n|\n|t:|1783548028\n|-terastallize|p1a: Chandelure|Ghost\n|move|p1a: Chandelure|Shadow Ball|p2a: Slowbro\n|-supereffective|p2a: Slowbro\n|-damage|p2a: Slowbro|0 fnt\n|faint|p2a: Slowbro\n|\n|upkeep\n|inactive|Time left: 300 sec this turn | 300 sec total | 5 sec grace\n|\n|t:|1783548029\n|switch|p2a: Garganacl|Garganacl, L80, F|39/291\n|turn|28\n|inactive|Time left: 300 sec this turn | 300 sec total\n|\n|t:|1783548029\n|move|p1a: Chandelure|Shadow Ball|p2a: Garganacl\n|-damage|p2a: Garganacl|0 fnt\n|faint|p2a: Garganacl\n|\n|win|p0x70448d9", "uploadtime": 1783548029, "views": 0, "rating": 0, "private": 0, "password": null, "_winner": "p0x70448d9", "_our_name": "p0y7046fae"}