{"id": "battle-gen9randombattle-2867", "formatid": "gen9randombattle", "format": "[Gen 9] Random Battle", "players": ["p0x2867a5ce", "p0y2867f647"], "log": "|init|battle\n|title|p0x2867a5ce vs. p0y2867f647\n|j|\u2606p0x2867a5ce\n|j|\u2606p0y2867f647\n|t:|1783573022\n|gametype|singles\n|player|p1|p0x2867a5ce|102|\n|player|p2|p0y2867f647|2|\n|gen|9\n|tier|[Gen 9] Random Battle\n|rule|Species Clause: Limit one of each Pok\u00e9mon\n|rule|HP Percentage Mod: HP is shown in percentages\n|rule|Sleep Clause Mod: Limit one foe put to sleep\n|rule|Illusion Level Mod: Illusion disguises the Pok\u00e9mon's true level\n|\n|t:|1783573022\n|teamsize|p1|6\n|teamsize|p2|6\n|start\n|switch|p1a: Kingambit|Kingambit, L74, F|270/270\n|switch|p2a: Gouging Fire|Gouging Fire, L74|100/100\n|turn|1\n|inactive|Battle timer is ON: inactive players will automatically lose when time's up. (requested by p0y2867f647)\n|inactive|Time left: 300 sec this turn | 300 sec total | 60 sec grace\n|inactive|p0x2867a5ce also wants the timer to be on.\n|\n|t:|1783573024\n|move|p2a: Gouging Fire|Heat Crash|p1a: Kingambit\n|-supereffective|p1a: Kingambit\n|-damage|p1a: Kingambit|94/270\n|move|p1a: Kingambit|Swords Dance|p1a: Kingambit\n|-boost|p1a: Kingambit|atk|2\n|\n|-heal|p1a: Kingambit|110/270|[from] item: Leftovers\n|upkeep\n|turn|2\n|inactive|Time left: 300 sec this turn | 300 sec total\n|\n|t:|1783573025\n|-terastallize|p1a: Kingambit|Flying\n|move|p2a: Gouging Fire|Heat Crash|p1a: Kingambit\n|-damage|p1a: Kingambit|22/270\n|move|p1a: Kingambit|Kowtow Cleave|p2a: Gouging Fire\n|-damage|p2a: Gouging Fire|44/100\n|\n|-heal|p1a: Kingambit|38/270|[from] item: Leftovers\n|upkeep\n|turn|3\n|inactive|Time left: 300 sec this turn | 300 sec total\n|\n|t:|1783573026\n|move|p1a: Kingambit|Sucker Punch||[still]\n|-fail|p1a: Kingambit\n|move|p2a: Gouging Fire|Morning Sun|p2a: Gouging Fire\n|-heal|p2a: Gouging Fire|94/100\n|\n|-heal|p1a: Kingambit|54/270|[from] item: Leftovers\n|upkeep\n|turn|4\n|inactive|Time left: 300 sec this turn | 300 sec total\n|\n|t:|1783573027\n|-end|p1a: Kingambit|fallenundefined|[silent]\n|switch|p1a: Mudsdale|Mudsdale, L83, M|302/302\n|move|p2a: Gouging Fire|Outrage|p1a: Mudsdale\n|-damage|p1a: Mudsdale|203/302\n|-ability|p1a: Mudsdale|Stamina|boost\n|-boost|p1a: Mudsdale|def|1\n|\n|-heal|p1a: Mudsdale|221/302|[from] item: Leftovers\n|upkeep\n|turn|5\n|inactive|Time left: 300 sec this turn | 300 sec total\n|\n|t:|1783573028\n|move|p2a: Gouging Fire|Outrage|p1a: Mudsdale|[from] lockedmove\n|-damage|p1a: Mudsdale|145/302\n|-ability|p1a: Mudsdale|Stamina|boost\n|-boost|p1a: Mudsdale|def|1\n|move|p1a: Mudsdale|Earthquake|p2a: Gouging Fire\n|-supereffective|p2a: Gouging Fire\n|-damage|p2a: Gouging Fire|15/100\n|\n|-heal|p1a: Mudsdale|163/302|[from] item: Leftovers\n|upkeep\n|turn|6\n|inactive|Time left: 300 sec this turn | 300 sec total\n|\n|t:|1783573029\n|move|p2a: Gouging Fire|Outrage|p1a: Mudsdale|[from] lockedmove\n|-damage|p1a: Mudsdale|106/302\n|-ability|p1a: Mudsdale|Stamina|boost\n|-boost|p1a: Mudsdale|def|1\n|-start|p2a: Gouging Fire|confusion|[fatigue]\n|move|p1a: Mudsdale|Stone Edge|p2a: Gouging Fire|[miss]\n|-miss|p1a: Mudsdale|p2a: Gouging Fire\n|\n|-heal|p1a: Mudsdale|124/302|[from] item: Leftovers\n|upkeep\n|turn|7\n|inactive|Time left: 300 sec this turn | 300 sec total\n|\n|t:|1783573030\n|-end|p2a: Gouging Fire|Protosynthesis|[silent]\n|switch|p2a: Thundurus|Thundurus, L80, M|100/100\n|move|p1a: Mudsdale|Earthquake|p2a: Thundurus\n|-immune|p2a: Thundurus\n|\n|-heal|p1a: Mudsdale|142/302|[from] item: Leftovers\n|upkeep\n|turn|8\n|inactive|Time left: 300 sec this turn | 300 sec total\n|\n|t:|1783573031\n|move|p2a: Thundurus|Grass Knot|p1a: Mudsdale\n|-supereffective|p1a: Mudsdale\n|-damage|p1a: Mudsdale|0 fnt\n|faint|p1a: Mudsdale\n|\n|upkeep\n|inactive|Time left: 300 sec this turn | 300 sec total | 5 sec grace\n|\n|t:|1783573032\n|switch|p1a: Dragonite|Dragonite, L74, M|257/257\n|turn|9\n|inactive|Time left: 300 sec this turn | 300 sec total\n|\n|t:|1783573033\n|switch|p2a: Garchomp|Garchomp, L74, F|100/100\n|move|p1a: Dragonite|Outrage|p2a: Garchomp\n|-supereffective|p2a: Garchomp\n|-damage|p2a: Garchomp|0 fnt\n|-damage|p1a: Dragonite|225/257|[from] ability: Rough Skin|[of] p2a: Garchomp\n|faint|p2a: Garchomp\n|\n|upkeep\n|\n|t:|1783573034\n|switch|p2a: Gouging Fire|Gouging Fire, L74|15/100\n|turn|10\n|inactive|Time left: 300 sec this turn | 300 sec total\n|\n|t:|1783573035\n|-terastallize|p2a: Gouging Fire|Fairy\n|move|p2a: Gouging Fire|Morning Sun|p2a: Gouging Fire\n|-heal|p2a: Gouging Fire|65/100\n|move|p1a: Dragonite|Outrage|p2a: Gouging Fire|[from] lockedmove\n|-immune|p2a: Gouging Fire\n|-start|p1a: Dragonite|confusion|[fatigue]\n|\n|upkeep\n|turn|11\n|inactive|Time left: 300 sec this turn | 300 sec total\n|\n|t:|1783573036\n|switch|p1a: Slaking|Slaking, L84, M|389/389\n|move|p2a: Gouging Fire|Outrage|p1a: Slaking\n|-damage|p1a: Slaking|286/389\n|\n|upkeep\n|turn|12\n|inactive|Time left: 300 sec this turn | 300 sec total\n|\n|t:|1783573037\n|move|p1a: Slaking|Giga Impact|p2a: Gouging Fire\n|-damage|p2a: Gouging Fire|0 fnt\n|-mustrecharge|p1a: Slaking\n|faint|p2a: Gouging Fire\n|-end|p2a: Gouging Fire|Protosynthesis|[silent]\n|\n|upkeep\n|\n|t:|1783573038\n|switch|p2a: Grafaiai|Grafaiai, L86, F|100/100\n|turn|13\n|inactive|Time left: 300 sec this turn | 300 sec total\n|\n|t:|1783573039\n|cant|p1a: Slaking|recharge\n|move|p2a: Grafaiai|Swords Dance|p2a: Grafaiai\n|-boost|p2a: Grafaiai|atk|2\n|\n|upkeep\n|turn|14\n|inactive|Time left: 300 sec this turn | 300 sec total\n|\n|t:|1783573040\n|move|p1a: Slaking|Giga Impact|p2a: Grafaiai\n|-damage|p2a: Grafaiai|0 fnt\n|-mustrecharge|p1a: Slaking\n|faint|p2a: Grafaiai\n|\n|upkeep\n|\n|t:|1783573040\n|switch|p2a: Thundurus|Thundurus, L80, M|100/100\n|turn|15\n|inactive|Time left: 300 sec this turn | 300 sec total\n|\n|t:|1783573041\n|cant|p1a: Slaking|recharge\n|move|p2a: Thundurus|Thunderbolt|p1a: Slaking\n|-damage|p1a: Slaking|156/389\n|\n|upkeep\n|turn|16\n|inactive|Time left: 300 sec this turn | 300 sec total\n|\n|t:|1783573043\n|move|p1a: Slaking|Giga Impact|p2a: Thundurus\n|-damage|p2a: Thundurus|0 fnt\n|-mustrecharge|p1a: Slaking\n|faint|p2a: Thundurus\n|\n|upkeep\n|\n|t:|1783573044\n|switch|p2a: Porygon-Z|Porygon-Z, L83|100/100\n|turn|17\n|inactive|Time left: 300 sec this turn | 300 sec total\n|\n|t:|1783573045\n|cant|p1a: Slaking|recharge\n|move|p2a: Porygon-Z|Agility|p2a: Porygon-Z\n|-boost|p2a: Porygon-Z|spe|2\n|\n|upkeep\n|turn|18\n|inactive|Time left: 300 sec this turn | 300 sec total\n|\n|t:|1783573046\n|move|p2a: Porygon-Z|Tera Blast|p1a: Slaking\n|-damage|p1a: Slaking|0 fnt\n|faint|p1a: Slaking\n|-damage|p2a: Porygon-Z|91/100|[from] item: Life Orb\n|\n|upkeep\n|inactive|Time left: 300 sec this turn | 300 sec total | 5 sec grace\n|\n|t:|1783573047\n|switch|p1a: Zarude|Zarude-Dada, L77|288/288\n|turn|19\n|inactive|Time left: 300 sec this turn | 300 sec total\n|\n|t:|1783573048\n|move|p2a: Porygon-Z|Tera Blast|p1a: Zarude\n|-damage|p1a: Zarude|96/288\n|-damage|p2a: Porygon-Z|81/100|[from] item: Life Orb\n|move|p1a: Zarude|Close Combat|p2a: Porygon-Z\n|-supereffective|p2a: Porygon-Z\n|-crit|p2a: Porygon-Z\n|-damage|p2a: Porygon-Z|0 fnt\n|-unboost|p1a: Zarude|def|1\n|-unboost|p1a: Zarude|spd|1\n|faint|p2a: Porygon-Z\n|\n|upkeep\n|\n|t:|1783573048\n|switch|p2a: Bruxish|Bruxish, L85, M|100/100\n|turn|20\n|inactive|Time left: 300 sec this turn | 300 sec total\n|\n|t:|1783573049\n|switch|p1a: Electrode|Electrode, L92|260/260\n|move|p2a: Bruxish|Aqua Jet|p1a: Electrode\n|-damage|p1a: Electrode|198/260\n|-damage|p2a: Bruxish|91/100|[from] item: Life Orb\n|\n|upkeep\n|turn|21\n|inactive|Time left: 300 sec this turn | 300 sec total\n|\n|t:|1783573050\n|move|p2a: Bruxish|Aqua Jet|p1a: Electrode\n|-damage|p1a: Electrode|134/260\n|-damage|p2a: Bruxish|81/100|[from] item: Life Orb\n|move|p1a: Electrode|Thunderbolt|p2a: Bruxish\n|-supereffective|p2a: Bruxish\n|-damage|p2a: Bruxish|0 fnt\n|faint|p2a: Bruxish\n|-damage|p1a: Electrode|108/260|[from] item: Life Orb\n|\n|win|p0x2867a5ce", "uploadtime": 1783573050, "views": 0, "rating": 0, "private": 0, "password": null, "_winner": "p0x2867a5ce", "_our_name": "p0x2867a5ce"}