{"id": "battle-gen9randombattle-1299", "formatid": "gen9randombattle", "format": "[Gen 9] Random Battle", "players": ["p0x12999692", "p0y1299b974"], "log": "|init|battle\n|title|p0x12999692 vs. p0y1299b974\n|j|\u2606p0x12999692\n|j|\u2606p0y1299b974\n|t:|1783555059\n|gametype|singles\n|player|p1|p0x12999692|266|\n|player|p2|p0y1299b974|265|\n|gen|9\n|tier|[Gen 9] Random Battle\n|rule|Species Clause: Limit one of each Pok\u00e9mon\n|rule|HP Percentage Mod: HP is shown in percentages\n|rule|Sleep Clause Mod: Limit one foe put to sleep\n|rule|Illusion Level Mod: Illusion disguises the Pok\u00e9mon's true level\n|\n|t:|1783555059\n|teamsize|p1|6\n|teamsize|p2|6\n|start\n|switch|p1a: Orthworm|Orthworm, L88, F|100/100\n|switch|p2a: Mabosstiff|Mabosstiff, L86, M|278/278\n|turn|1\n|inactive|Battle timer is ON: inactive players will automatically lose when time's up. (requested by p0x12999692)\n|inactive|Time left: 300 sec this turn | 300 sec total | 60 sec grace\n|inactive|p0y1299b974 also wants the timer to be on.\n|\n|t:|1783555061\n|move|p2a: Mabosstiff|Crunch|p1a: Orthworm\n|-damage|p1a: Orthworm|60/100\n|move|p1a: Orthworm|Heavy Slam|p2a: Mabosstiff\n|-damage|p2a: Mabosstiff|166/278\n|\n|-heal|p1a: Orthworm|66/100|[from] item: Leftovers\n|upkeep\n|turn|2\n|inactive|Time left: 300 sec this turn | 300 sec total\n|\n|t:|1783555062\n|move|p2a: Mabosstiff|Crunch|p1a: Orthworm\n|-damage|p1a: Orthworm|26/100\n|move|p1a: Orthworm|Body Press|p2a: Mabosstiff\n|-supereffective|p2a: Mabosstiff\n|-damage|p2a: Mabosstiff|10/278\n|\n|-heal|p1a: Orthworm|32/100|[from] item: Leftovers\n|upkeep\n|turn|3\n|inactive|Time left: 300 sec this turn | 300 sec total\n|\n|t:|1783555063\n|move|p2a: Mabosstiff|Crunch|p1a: Orthworm\n|-damage|p1a: Orthworm|0 fnt\n|faint|p1a: Orthworm\n|\n|upkeep\n|\n|t:|1783555064\n|switch|p1a: Magcargo|Magcargo, L95, M|100/100\n|turn|4\n|inactive|Time left: 300 sec this turn | 300 sec total\n|\n|t:|1783555066\n|move|p2a: Mabosstiff|Crunch|p1a: Magcargo\n|-damage|p1a: Magcargo|59/100\n|-ability|p1a: Magcargo|Weak Armor|boost\n|-unboost|p1a: Magcargo|def|1\n|-boost|p1a: Magcargo|spe|2\n|move|p1a: Magcargo|Shell Smash|p1a: Magcargo\n|-unboost|p1a: Magcargo|def|1\n|-unboost|p1a: Magcargo|spd|1\n|-boost|p1a: Magcargo|atk|2\n|-boost|p1a: Magcargo|spa|2\n|-boost|p1a: Magcargo|spe|2\n|\n|upkeep\n|turn|5\n|inactive|Time left: 300 sec this turn | 300 sec total\n|\n|t:|1783555067\n|move|p1a: Magcargo|Power Gem|p2a: Mabosstiff\n|-damage|p2a: Mabosstiff|0 fnt\n|faint|p2a: Mabosstiff\n|\n|upkeep\n|inactive|Time left: 300 sec this turn | 300 sec total | 5 sec grace\n|\n|t:|1783555068\n|switch|p2a: Glastrier|Glastrier, L86|312/312\n|turn|6\n|inactive|Time left: 300 sec this turn | 300 sec total\n|\n|t:|1783555069\n|-terastallize|p2a: Glastrier|Fighting\n|move|p1a: Magcargo|Fire Blast|p2a: Glastrier\n|-damage|p2a: Glastrier|63/312\n|move|p2a: Glastrier|Close Combat|p1a: Magcargo\n|-supereffective|p1a: Magcargo\n|-damage|p1a: Magcargo|0 fnt\n|-unboost|p2a: Glastrier|def|1\n|-unboost|p2a: Glastrier|spd|1\n|faint|p1a: Magcargo\n|-ability|p2a: Glastrier|Chilling Neigh|boost\n|-boost|p2a: Glastrier|atk|1\n|\n|upkeep\n|\n|t:|1783555070\n|switch|p1a: Overqwil|Overqwil, L82, F|100/100\n|-ability|p1a: Overqwil|Intimidate|boost\n|-unboost|p2a: Glastrier|atk|1\n|turn|7\n|inactive|Time left: 300 sec this turn | 300 sec total\n|\n|t:|1783555071\n|move|p1a: Overqwil|Liquidation|p2a: Glastrier\n|-damage|p2a: Glastrier|0 fnt\n|faint|p2a: Glastrier\n|-damage|p1a: Overqwil|91/100|[from] item: Life Orb\n|\n|upkeep\n|inactive|Time left: 300 sec this turn | 300 sec total | 5 sec grace\n|\n|t:|1783555072\n|switch|p2a: Torkoal|Torkoal, L88, M|266/266\n|-weather|SunnyDay|[from] ability: Drought|[of] p2a: Torkoal\n|turn|8\n|inactive|Time left: 300 sec this turn | 300 sec total\n|\n|t:|1783555073\n|move|p1a: Overqwil|Swords Dance|p1a: Overqwil\n|-boost|p1a: Overqwil|atk|2\n|move|p2a: Torkoal|Lava Plume|p1a: Overqwil\n|-damage|p1a: Overqwil|31/100\n|\n|-weather|SunnyDay|[upkeep]\n|upkeep\n|turn|9\n|inactive|Time left: 300 sec this turn | 300 sec total\n|\n|t:|1783555074\n|move|p1a: Overqwil|Gunk Shot|p2a: Torkoal\n|-damage|p2a: Torkoal|46/266\n|-status|p2a: Torkoal|psn\n|-damage|p1a: Overqwil|21/100|[from] item: Life Orb\n|move|p2a: Torkoal|Lava Plume|p1a: Overqwil\n|-damage|p1a: Overqwil|0 fnt\n|faint|p1a: Overqwil\n|\n|-weather|SunnyDay|[upkeep]\n|-damage|p2a: Torkoal|13/266 psn|[from] psn\n|upkeep\n|\n|t:|1783555075\n|switch|p1a: Vileplume|Vileplume, L85, F|100/100\n|turn|10\n|inactive|Time left: 300 sec this turn | 300 sec total\n|\n|t:|1783555076\n|move|p1a: Vileplume|Sludge Bomb|p2a: Torkoal\n|-damage|p2a: Torkoal|0 fnt\n|faint|p2a: Torkoal\n|\n|-weather|SunnyDay|[upkeep]\n|upkeep\n|inactive|Time left: 300 sec this turn | 300 sec total | 5 sec grace\n|\n|t:|1783555077\n|switch|p2a: Iron Leaves|Iron Leaves, L80|275/275\n|turn|11\n|inactive|Time left: 300 sec this turn | 300 sec total\n|\n|t:|1783555078\n|-terastallize|p1a: Vileplume|Steel\n|move|p2a: Iron Leaves|Psyblade|p1a: Vileplume\n|-resisted|p1a: Vileplume\n|-damage|p1a: Vileplume|74/100\n|move|p1a: Vileplume|Sludge Bomb|p2a: Iron Leaves\n|-supereffective|p2a: Iron Leaves\n|-damage|p2a: Iron Leaves|77/275\n|-status|p2a: Iron Leaves|psn\n|\n|-weather|SunnyDay|[upkeep]\n|-heal|p1a: Vileplume|80/100|[from] item: Leftovers\n|-damage|p2a: Iron Leaves|43/275 psn|[from] psn\n|upkeep\n|turn|12\n|inactive|Time left: 300 sec this turn | 300 sec total\n|\n|t:|1783555080\n|-end|p2a: Iron Leaves|Quark Drive|[silent]\n|switch|p2a: Grafaiai|Grafaiai, L86, M|249/249\n|move|p1a: Vileplume|Strength Sap|p2a: Grafaiai\n|-unboost|p2a: Grafaiai|atk|1\n|-heal|p1a: Vileplume|100/100\n|\n|-weather|none\n|upkeep\n|turn|13\n|inactive|Time left: 300 sec this turn | 300 sec total\n|\n|t:|1783555081\n|move|p2a: Grafaiai|Swords Dance|p2a: Grafaiai\n|-boost|p2a: Grafaiai|atk|2\n|move|p1a: Vileplume|Giga Drain|p2a: Grafaiai\n|-resisted|p2a: Grafaiai\n|-damage|p2a: Grafaiai|193/249\n|\n|upkeep\n|turn|14\n|inactive|Time left: 300 sec this turn | 300 sec total\n|\n|t:|1783555082\n|move|p2a: Grafaiai|Swords Dance|p2a: Grafaiai\n|-boost|p2a: Grafaiai|atk|2\n|move|p1a: Vileplume|Sleep Powder|p2a: Grafaiai\n|-status|p2a: Grafaiai|slp|[from] move: Sleep Powder\n|\n|upkeep\n|turn|15\n|inactive|Time left: 300 sec this turn | 300 sec total\n|\n|t:|1783555083\n|switch|p1a: Latios|Latios, L78, M|100/100\n|cant|p2a: Grafaiai|slp\n|\n|upkeep\n|turn|16\n|inactive|Time left: 300 sec this turn | 300 sec total\n|\n|t:|1783555083\n|-curestatus|p2a: Grafaiai|slp|[msg]\n|move|p2a: Grafaiai|Knock Off|p1a: Latios\n|-supereffective|p1a: Latios\n|-damage|p1a: Latios|0 fnt\n|-enditem|p1a: Latios|Soul Dew|[from] move: Knock Off|[of] p2a: Grafaiai\n|faint|p1a: Latios\n|-damage|p2a: Grafaiai|169/249|[from] item: Life Orb\n|\n|upkeep\n|\n|t:|1783555084\n|switch|p1a: Vileplume|Vileplume, L85, F, tera:Steel|100/100\n|turn|17\n|inactive|Time left: 300 sec this turn | 300 sec total\n|\n|t:|1783555085\n|move|p2a: Grafaiai|Swords Dance|p2a: Grafaiai\n|-boost|p2a: Grafaiai|atk|2\n|move|p1a: Vileplume|Sleep Powder|p2a: Grafaiai\n|-status|p2a: Grafaiai|slp|[from] move: Sleep Powder\n|\n|upkeep\n|turn|18\n|inactive|Time left: 300 sec this turn | 300 sec total\n|\n|t:|1783555086\n|cant|p2a: Grafaiai|slp\n|move|p1a: Vileplume|Sludge Bomb|p2a: Grafaiai\n|-resisted|p2a: Grafaiai\n|-damage|p2a: Grafaiai|112/249 slp\n|\n|upkeep\n|turn|19\n|inactive|Time left: 300 sec this turn | 300 sec total\n|\n|t:|1783555087\n|cant|p2a: Grafaiai|slp\n|move|p1a: Vileplume|Sludge Bomb|p2a: Grafaiai\n|-resisted|p2a: Grafaiai\n|-damage|p2a: Grafaiai|45/249 slp\n|\n|upkeep\n|turn|20\n|inactive|Time left: 300 sec this turn | 300 sec total\n|\n|t:|1783555089\n|-curestatus|p2a: Grafaiai|slp|[msg]\n|move|p2a: Grafaiai|Knock Off|p1a: Vileplume\n|-damage|p1a: Vileplume|0 fnt\n|-enditem|p1a: Vileplume|Leftovers|[from] move: Knock Off|[of] p2a: Grafaiai\n|faint|p1a: Vileplume\n|-damage|p2a: Grafaiai|21/249|[from] item: Life Orb\n|\n|upkeep\n|\n|t:|1783555089\n|switch|p1a: Arboliva|Arboliva, L91, M|100/100\n|turn|21\n|inactive|Time left: 300 sec this turn | 300 sec total\n|\n|t:|1783555090\n|move|p1a: Arboliva|Protect|p1a: Arboliva\n|-singleturn|p1a: Arboliva|Protect\n|move|p2a: Grafaiai|Low Kick|p1a: Arboliva\n|-activate|p1a: Arboliva|move: Protect\n|\n|upkeep\n|turn|22\n|inactive|Time left: 300 sec this turn | 300 sec total\n|\n|t:|1783555091\n|move|p1a: Arboliva|Protect|p1a: Arboliva\n|-singleturn|p1a: Arboliva|Protect\n|move|p2a: Grafaiai|Low Kick|p1a: Arboliva\n|-activate|p1a: Arboliva|move: Protect\n|\n|upkeep\n|turn|23\n|inactive|Time left: 300 sec this turn | 300 sec total\n|\n|t:|1783555092\n|move|p1a: Arboliva|Protect||[still]\n|-fail|p1a: Arboliva\n|move|p2a: Grafaiai|Low Kick|p1a: Arboliva\n|-supereffective|p1a: Arboliva\n|-crit|p1a: Arboliva\n|-damage|p1a: Arboliva|0 fnt\n|faint|p1a: Arboliva\n|-damage|p2a: Grafaiai|0 fnt|[from] item: Life Orb\n|faint|p2a: Grafaiai\n|\n|win|p0y1299b974", "uploadtime": 1783555092, "views": 0, "rating": 0, "private": 0, "password": null, "_winner": "p0y1299b974", "_our_name": "p0y1299b974"}