{"id": "battle-gen9randombattle-807", "formatid": "gen9randombattle", "format": "[Gen 9] Random Battle", "players": ["p0x8073f53", "p0y807f026"], "log": "|init|battle\n|title|p0x8073f53 vs. p0y807f026\n|j|\u2606p0x8073f53\n|j|\u2606p0y807f026\n|t:|1783548500\n|gametype|singles\n|player|p1|p0x8073f53|170|\n|player|p2|p0y807f026|101|\n|gen|9\n|tier|[Gen 9] Random Battle\n|rule|Species Clause: Limit one of each Pok\u00e9mon\n|rule|HP Percentage Mod: HP is shown in percentages\n|rule|Sleep Clause Mod: Limit one foe put to sleep\n|rule|Illusion Level Mod: Illusion disguises the Pok\u00e9mon's true level\n|\n|t:|1783548500\n|teamsize|p1|6\n|teamsize|p2|6\n|start\n|switch|p1a: Mandibuzz|Mandibuzz, L85, F|100/100\n|switch|p2a: Alcremie|Alcremie, L90, F|263/263\n|turn|1\n|inactive|Battle timer is ON: inactive players will automatically lose when time's up. (requested by p0x8073f53)\n|inactive|Time left: 300 sec this turn | 300 sec total | 60 sec grace\n|inactive|p0y807f026 also wants the timer to be on.\n|\n|t:|1783548501\n|switch|p1a: Scovillain|Scovillain, L91, M|100/100\n|move|p2a: Alcremie|Alluring Voice|p1a: Scovillain\n|-resisted|p1a: Scovillain\n|-damage|p1a: Scovillain|77/100\n|\n|upkeep\n|turn|2\n|inactive|Time left: 300 sec this turn | 300 sec total\n|\n|t:|1783548502\n|move|p1a: Scovillain|Energy Ball|p2a: Alcremie\n|-damage|p2a: Alcremie|166/263\n|move|p2a: Alcremie|Calm Mind|p2a: Alcremie\n|-boost|p2a: Alcremie|spa|1\n|-boost|p2a: Alcremie|spd|1\n|\n|-heal|p2a: Alcremie|182/263|[from] item: Leftovers\n|upkeep\n|turn|3\n|inactive|Time left: 300 sec this turn | 300 sec total\n|\n|t:|1783548503\n|move|p1a: Scovillain|Energy Ball|p2a: Alcremie\n|-damage|p2a: Alcremie|116/263\n|move|p2a: Alcremie|Alluring Voice|p1a: Scovillain\n|-resisted|p1a: Scovillain\n|-damage|p1a: Scovillain|43/100\n|\n|-heal|p2a: Alcremie|132/263|[from] item: Leftovers\n|upkeep\n|turn|4\n|inactive|Time left: 300 sec this turn | 300 sec total\n|\n|t:|1783548504\n|move|p1a: Scovillain|Fire Blast|p2a: Alcremie\n|-damage|p2a: Alcremie|57/263\n|move|p2a: Alcremie|Psyshock|p1a: Scovillain\n|-damage|p1a: Scovillain|0 fnt\n|faint|p1a: Scovillain\n|\n|-heal|p2a: Alcremie|73/263|[from] item: Leftovers\n|upkeep\n|\n|t:|1783548505\n|switch|p1a: Poliwrath|Poliwrath, L88, F|100/100\n|turn|5\n|inactive|Time left: 300 sec this turn | 300 sec total\n|\n|t:|1783548507\n|move|p1a: Poliwrath|Liquidation|p2a: Alcremie\n|-damage|p2a: Alcremie|0 fnt\n|faint|p2a: Alcremie\n|\n|upkeep\n|inactive|Time left: 300 sec this turn | 300 sec total | 5 sec grace\n|\n|t:|1783548508\n|switch|p2a: Galvantula|Galvantula, L82, M|249/249\n|turn|6\n|inactive|Time left: 300 sec this turn | 300 sec total\n|\n|t:|1783548509\n|move|p2a: Galvantula|Sticky Web|p1a: Poliwrath\n|-sidestart|p1: p0x8073f53|move: Sticky Web\n|move|p1a: Poliwrath|Bulk Up|p1a: Poliwrath\n|-boost|p1a: Poliwrath|atk|1\n|-boost|p1a: Poliwrath|def|1\n|\n|upkeep\n|turn|7\n|inactive|Time left: 300 sec this turn | 300 sec total\n|\n|t:|1783548510\n|move|p2a: Galvantula|Thunder|p1a: Poliwrath\n|-supereffective|p1a: Poliwrath\n|-damage|p1a: Poliwrath|32/100\n|-status|p1a: Poliwrath|par\n|move|p1a: Poliwrath|Liquidation|p2a: Galvantula\n|-crit|p2a: Galvantula\n|-damage|p2a: Galvantula|0 fnt\n|faint|p2a: Galvantula\n|\n|-heal|p1a: Poliwrath|38/100 par|[from] item: Leftovers\n|upkeep\n|inactive|Time left: 300 sec this turn | 300 sec total | 5 sec grace\n|\n|t:|1783548511\n|switch|p2a: Emboar|Emboar, L84, M|322/322\n|turn|8\n|inactive|Time left: 300 sec this turn | 300 sec total\n|\n|t:|1783548512\n|move|p2a: Emboar|Close Combat|p1a: Poliwrath\n|-damage|p1a: Poliwrath|0 fnt\n|-unboost|p2a: Emboar|def|1\n|-unboost|p2a: Emboar|spd|1\n|faint|p1a: Poliwrath\n|\n|upkeep\n|\n|t:|1783548514\n|switch|p1a: Kilowattrel|Kilowattrel, L83, F|100/100\n|turn|9\n|inactive|Time left: 300 sec this turn | 300 sec total\n|\n|t:|1783548515\n|switch|p2a: Tyranitar|Tyranitar, L78, M|284/284\n|-weather|Sandstorm|[from] ability: Sand Stream|[of] p2a: Tyranitar\n|move|p1a: Kilowattrel|Hurricane|p2a: Tyranitar|[miss]\n|-miss|p1a: Kilowattrel|p2a: Tyranitar\n|\n|-weather|Sandstorm|[upkeep]\n|-damage|p1a: Kilowattrel|95/100|[from] Sandstorm\n|upkeep\n|turn|10\n|inactive|Time left: 300 sec this turn | 300 sec total\n|\n|t:|1783548516\n|move|p1a: Kilowattrel|U-turn|p2a: Tyranitar\n|-supereffective|p2a: Tyranitar\n|-damage|p2a: Tyranitar|216/284\n|-enditem|p2a: Tyranitar|Weakness Policy\n|-boost|p2a: Tyranitar|atk|2|[from] item: Weakness Policy\n|-boost|p2a: Tyranitar|spa|2|[from] item: Weakness Policy\n|\n|t:|1783548517\n|switch|p1a: Mandibuzz|Mandibuzz, L85, F|100/100|[from] U-turn\n|move|p2a: Tyranitar|Knock Off|p1a: Mandibuzz\n|-resisted|p1a: Mandibuzz\n|-crit|p1a: Mandibuzz\n|-damage|p1a: Mandibuzz|55/100\n|-enditem|p1a: Mandibuzz|Heavy-Duty Boots|[from] move: Knock Off|[of] p2a: Tyranitar\n|\n|-weather|Sandstorm|[upkeep]\n|upkeep\n|turn|11\n|inactive|Time left: 300 sec this turn | 300 sec total\n|\n|t:|1783548518\n|move|p1a: Mandibuzz|Foul Play|p2a: Tyranitar\n|-resisted|p2a: Tyranitar\n|-damage|p2a: Tyranitar|108/284\n|move|p2a: Tyranitar|Dragon Dance|p2a: Tyranitar\n|-boost|p2a: Tyranitar|atk|1\n|-boost|p2a: Tyranitar|spe|1\n|\n|-weather|Sandstorm|[upkeep]\n|upkeep\n|turn|12\n|inactive|Time left: 300 sec this turn | 300 sec total\n|\n|t:|1783548519\n|-terastallize|p1a: Mandibuzz|Steel\n|move|p2a: Tyranitar|Stone Edge|p1a: Mandibuzz|[miss]\n|-miss|p2a: Tyranitar|p1a: Mandibuzz\n|move|p1a: Mandibuzz|Foul Play|p2a: Tyranitar\n|-resisted|p2a: Tyranitar\n|-damage|p2a: Tyranitar|0 fnt\n|faint|p2a: Tyranitar\n|\n|-weather|Sandstorm|[upkeep]\n|upkeep\n|inactive|Time left: 300 sec this turn | 300 sec total | 5 sec grace\n|\n|t:|1783548520\n|switch|p2a: Emboar|Emboar, L84, M|322/322\n|turn|13\n|inactive|Time left: 300 sec this turn | 300 sec total\n|\n|t:|1783548521\n|move|p1a: Mandibuzz|Defog|p2a: Emboar\n|-unboost|p2a: Emboar|evasion|1\n|-sideend|p1: p0x8073f53|Sticky Web|[from] move: Defog|[of] p1a: Mandibuzz\n|move|p2a: Emboar|Flare Blitz|p1a: Mandibuzz\n|-supereffective|p1a: Mandibuzz\n|-damage|p1a: Mandibuzz|0 fnt\n|faint|p1a: Mandibuzz\n|-damage|p2a: Emboar|264/322|[from] Recoil\n|\n|-weather|none\n|upkeep\n|\n|t:|1783548522\n|switch|p1a: Smeargle|Smeargle, L95, M|100/100\n|turn|14\n|inactive|Time left: 300 sec this turn | 300 sec total\n|\n|t:|1783548524\n|move|p1a: Smeargle|Spore|p2a: Emboar\n|-status|p2a: Emboar|slp|[from] move: Spore\n|cant|p2a: Emboar|slp\n|\n|upkeep\n|turn|15\n|inactive|Time left: 300 sec this turn | 300 sec total\n|\n|t:|1783548525\n|move|p1a: Smeargle|Sticky Web|p2a: Emboar\n|-sidestart|p2: p0y807f026|move: Sticky Web\n|cant|p2a: Emboar|slp\n|\n|upkeep\n|turn|16\n|inactive|Time left: 300 sec this turn | 300 sec total\n|\n|t:|1783548526\n|cant|p2a: Emboar|slp\n|move|p1a: Smeargle|Whirlwind|p2a: Emboar\n|drag|p2a: Dragonite|Dragonite, L74, F|257/257\n|\n|upkeep\n|turn|17\n|inactive|Time left: 300 sec this turn | 300 sec total\n|\n|t:|1783548527\n|move|p1a: Smeargle|Ceaseless Edge|p2a: Dragonite\n|-damage|p2a: Dragonite|243/257\n|-sidestart|p2: p0y807f026|Spikes\n|move|p2a: Dragonite|Outrage|p1a: Smeargle\n|-damage|p1a: Smeargle|17/100\n|\n|upkeep\n|turn|18\n|inactive|Time left: 300 sec this turn | 300 sec total\n|\n|t:|1783548528\n|move|p1a: Smeargle|Ceaseless Edge|p2a: Dragonite\n|-damage|p2a: Dragonite|217/257\n|-sidestart|p2: p0y807f026|Spikes\n|move|p2a: Dragonite|Outrage|p1a: Smeargle|[from] lockedmove\n|-damage|p1a: Smeargle|0 fnt\n|faint|p1a: Smeargle\n|-start|p2a: Dragonite|confusion|[fatigue]\n|\n|upkeep\n|\n|t:|1783548529\n|switch|p1a: Cacturne|Cacturne, L92, M|100/100\n|turn|19\n|inactive|Time left: 300 sec this turn | 300 sec total\n|\n|t:|1783548530\n|switch|p2a: Emboar|Emboar, L84, M|264/322 slp\n|-activate|p2a: Emboar|move: Sticky Web\n|-unboost|p2a: Emboar|spe|1\n|-damage|p2a: Emboar|211/322 slp|[from] Spikes\n|move|p1a: Cacturne|Swords Dance|p1a: Cacturne\n|-boost|p1a: Cacturne|atk|2\n|\n|upkeep\n|turn|20\n|inactive|Time left: 300 sec this turn | 300 sec total\n|\n|t:|1783548531\n|move|p1a: Cacturne|Knock Off|p2a: Emboar\n|-resisted|p2a: Emboar\n|-damage|p2a: Emboar|3/322 slp\n|-enditem|p2a: Emboar|Choice Band|[from] move: Knock Off|[of] p1a: Cacturne\n|-damage|p1a: Cacturne|91/100|[from] item: Life Orb\n|-curestatus|p2a: Emboar|slp|[msg]\n|move|p2a: Emboar|Close Combat|p1a: Cacturne\n|-supereffective|p1a: Cacturne\n|-damage|p1a: Cacturne|0 fnt\n|-unboost|p2a: Emboar|def|1\n|-unboost|p2a: Emboar|spd|1\n|faint|p1a: Cacturne\n|\n|upkeep\n|\n|t:|1783548533\n|switch|p1a: Kilowattrel|Kilowattrel, L83, F|95/100\n|turn|21\n|inactive|Time left: 300 sec this turn | 300 sec total\n|\n|t:|1783548534\n|move|p1a: Kilowattrel|U-turn|p2a: Emboar\n|-resisted|p2a: Emboar\n|-damage|p2a: Emboar|0 fnt\n|faint|p2a: Emboar\n|\n|upkeep\n|inactive|Time left: 300 sec this turn | 300 sec total | 5 sec grace\n|\n|t:|1783548535\n|switch|p2a: Rampardos|Rampardos, L90, F|321/321\n|-activate|p2a: Rampardos|move: Sticky Web\n|-unboost|p2a: Rampardos|spe|1\n|-damage|p2a: Rampardos|268/321|[from] Spikes\n|turn|22\n|inactive|Time left: 300 sec this turn | 300 sec total\n|\n|t:|1783548535\n|-terastallize|p2a: Rampardos|Fire\n|move|p1a: Kilowattrel|Discharge|p2a: Rampardos\n|-damage|p2a: Rampardos|150/321\n|move|p2a: Rampardos|Fire Punch|p1a: Kilowattrel\n|-damage|p1a: Kilowattrel|0 fnt\n|faint|p1a: Kilowattrel\n|\n|win|p0y807f026", "uploadtime": 1783548536, "views": 0, "rating": 0, "private": 0, "password": null, "_winner": "p0y807f026", "_our_name": "p0y807f026"}