{"id": "battle-gen9randombattle-94", "formatid": "gen9randombattle", "format": "[Gen 9] Random Battle", "players": ["p0x0942881", "p0y0944d60"], "log": "|init|battle\n|title|p0x0942881 vs. p0y0944d60\n|j|\u2606p0x0942881\n|j|\u2606p0y0944d60\n|t:|1783534855\n|gametype|singles\n|player|p1|p0x0942881|169|\n|player|p2|p0y0944d60|265|\n|gen|9\n|tier|[Gen 9] Random Battle\n|rule|Species Clause: Limit one of each Pok\u00e9mon\n|rule|HP Percentage Mod: HP is shown in percentages\n|rule|Sleep Clause Mod: Limit one foe put to sleep\n|rule|Illusion Level Mod: Illusion disguises the Pok\u00e9mon's true level\n|\n|t:|1783534855\n|teamsize|p1|6\n|teamsize|p2|6\n|start\n|switch|p1a: Farigiraf|Farigiraf, L90, F|100/100\n|switch|p2a: Grumpig|Grumpig, L92, F|297/297\n|turn|1\n|inactive|Battle timer is ON: inactive players will automatically lose when time's up. (requested by p0y0944d60)\n|inactive|p0x0942881 also wants the timer to be on.\n|\n|t:|1783534857\n|move|p2a: Grumpig|Nasty Plot|p2a: Grumpig\n|-boost|p2a: Grumpig|spa|2\n|move|p1a: Farigiraf|Body Slam|p2a: Grumpig\n|-damage|p2a: Grumpig|182/297\n|\n|-heal|p2a: Grumpig|200/297|[from] item: Leftovers\n|upkeep\n|turn|2\n|inactive|Time left: 300 sec this turn | 300 sec total\n|\n|t:|1783534858\n|move|p2a: Grumpig|Earth Power|p1a: Farigiraf\n|-damage|p1a: Farigiraf|57/100\n|move|p1a: Farigiraf|Body Slam|p2a: Grumpig\n|-damage|p2a: Grumpig|91/297\n|-status|p2a: Grumpig|par\n|\n|-heal|p1a: Farigiraf|63/100|[from] item: Leftovers\n|-heal|p2a: Grumpig|109/297 par|[from] item: Leftovers\n|upkeep\n|turn|3\n|inactive|Time left: 300 sec this turn | 300 sec total\n|\n|t:|1783534859\n|move|p1a: Farigiraf|Body Slam|p2a: Grumpig\n|-damage|p2a: Grumpig|0 fnt\n|faint|p2a: Grumpig\n|\n|-heal|p1a: Farigiraf|69/100|[from] item: Leftovers\n|upkeep\n|inactive|Time left: 300 sec this turn | 300 sec total | 5 sec grace\n|\n|t:|1783534860\n|switch|p2a: Granbull|Granbull, L88, F|302/302\n|-ability|p2a: Granbull|Intimidate|boost\n|-unboost|p1a: Farigiraf|atk|1\n|turn|4\n|inactive|Time left: 300 sec this turn | 300 sec total\n|\n|t:|1783534861\n|move|p1a: Farigiraf|Psychic Noise|p2a: Granbull\n|-damage|p2a: Granbull|176/302\n|-start|p2a: Granbull|move: Heal Block\n|move|p2a: Granbull|Play Rough|p1a: Farigiraf\n|-damage|p1a: Farigiraf|29/100\n|\n|-heal|p1a: Farigiraf|35/100|[from] item: Leftovers\n|upkeep\n|turn|5\n|inactive|Time left: 300 sec this turn | 300 sec total\n|\n|t:|1783534862\n|move|p1a: Farigiraf|Psychic Noise|p2a: Granbull\n|-damage|p2a: Granbull|38/302\n|move|p2a: Granbull|Play Rough|p1a: Farigiraf\n|-damage|p1a: Farigiraf|0 fnt\n|faint|p1a: Farigiraf\n|\n|-end|p2a: Granbull|move: Heal Block\n|upkeep\n|\n|t:|1783534862\n|switch|p1a: Florges|Florges-White, L85, F|100/100\n|turn|6\n|inactive|Time left: 300 sec this turn | 300 sec total\n|\n|t:|1783534864\n|switch|p2a: Qwilfish|Qwilfish, L86, F|252/252\n|-ability|p2a: Qwilfish|Intimidate|boost\n|-unboost|p1a: Florges|atk|1\n|move|p1a: Florges|Moonblast|p2a: Qwilfish\n|-resisted|p2a: Qwilfish\n|-damage|p2a: Qwilfish|168/252\n|-unboost|p2a: Qwilfish|spa|1\n|\n|upkeep\n|turn|7\n|inactive|Time left: 300 sec this turn | 300 sec total\n|\n|t:|1783534865\n|switch|p1a: Gyarados|Gyarados, L79, M|100/100\n|-ability|p1a: Gyarados|Intimidate|boost\n|-unboost|p2a: Qwilfish|atk|1\n|move|p2a: Qwilfish|Gunk Shot|p1a: Gyarados\n|-damage|p1a: Gyarados|65/100\n|\n|upkeep\n|turn|8\n|inactive|Time left: 300 sec this turn | 300 sec total\n|\n|t:|1783534866\n|switch|p2a: Granbull|Granbull, L88, F|38/302\n|-ability|p2a: Granbull|Intimidate|boost\n|-unboost|p1a: Gyarados|atk|1\n|move|p1a: Gyarados|Dragon Dance|p1a: Gyarados\n|-boost|p1a: Gyarados|atk|1\n|-boost|p1a: Gyarados|spe|1\n|\n|-heal|p2a: Granbull|56/302|[from] item: Leftovers\n|upkeep\n|turn|9\n|inactive|Time left: 300 sec this turn | 300 sec total\n|\n|t:|1783534867\n|switch|p2a: Qwilfish|Qwilfish, L86, F|168/252\n|-ability|p2a: Qwilfish|Intimidate|boost\n|-unboost|p1a: Gyarados|atk|1\n|move|p1a: Gyarados|Dragon Dance|p1a: Gyarados\n|-boost|p1a: Gyarados|atk|1\n|-boost|p1a: Gyarados|spe|1\n|\n|upkeep\n|turn|10\n|inactive|Time left: 300 sec this turn | 300 sec total\n|\n|t:|1783534868\n|move|p1a: Gyarados|Earthquake|p2a: Qwilfish\n|-supereffective|p2a: Qwilfish\n|-damage|p2a: Qwilfish|22/252\n|move|p2a: Qwilfish|Gunk Shot|p1a: Gyarados\n|-damage|p1a: Gyarados|13/100\n|-status|p1a: Gyarados|psn\n|\n|-damage|p1a: Gyarados|1/100 psn|[from] psn\n|upkeep\n|turn|11\n|inactive|Time left: 300 sec this turn | 300 sec total\n|\n|t:|1783534869\n|switch|p2a: Zamazenta|Zamazenta, L71|248/248\n|-ability|p2a: Zamazenta|Dauntless Shield|boost\n|-boost|p2a: Zamazenta|def|1\n|move|p1a: Gyarados|Waterfall|p2a: Zamazenta\n|-damage|p2a: Zamazenta|191/248\n|\n|-heal|p2a: Zamazenta|206/248|[from] item: Leftovers\n|-damage|p1a: Gyarados|0 fnt|[from] psn\n|faint|p1a: Gyarados\n|upkeep\n|\n|t:|1783534870\n|switch|p1a: Florges|Florges-White, L85, F|100/100\n|turn|12\n|inactive|Time left: 300 sec this turn | 300 sec total\n|\n|t:|1783534871\n|-terastallize|p2a: Zamazenta|Steel\n|move|p2a: Zamazenta|Iron Head|p1a: Florges\n|-supereffective|p1a: Florges\n|-damage|p1a: Florges|36/100\n|cant|p1a: Florges|flinch\n|\n|-heal|p2a: Zamazenta|221/248|[from] item: Leftovers\n|-heal|p1a: Florges|41/100|[from] item: Leftovers\n|upkeep\n|turn|13\n|inactive|Time left: 300 sec this turn | 300 sec total\n|\n|t:|1783534872\n|move|p1a: Florges|Protect|p1a: Florges\n|-singleturn|p1a: Florges|Protect\n|move|p2a: Zamazenta|Iron Head|p1a: Florges\n|-activate|p1a: Florges|move: Protect\n|\n|-heal|p2a: Zamazenta|236/248|[from] item: Leftovers\n|-heal|p1a: Florges|47/100|[from] item: Leftovers\n|upkeep\n|turn|14\n|inactive|Time left: 300 sec this turn | 300 sec total\n|\n|t:|1783534873\n|switch|p1a: Drifblim|Drifblim, L86, F|100/100\n|move|p2a: Zamazenta|Iron Head|p1a: Drifblim\n|-damage|p1a: Drifblim|74/100\n|\n|-heal|p2a: Zamazenta|248/248|[from] item: Leftovers\n|upkeep\n|turn|15\n|inactive|Time left: 300 sec this turn | 300 sec total\n|\n|t:|1783534874\n|move|p2a: Zamazenta|Iron Head|p1a: Drifblim\n|-crit|p1a: Drifblim\n|-damage|p1a: Drifblim|33/100\n|-enditem|p1a: Drifblim|Sitrus Berry|[eat]\n|-heal|p1a: Drifblim|58/100|[from] item: Sitrus Berry\n|move|p1a: Drifblim|Strength Sap|p2a: Zamazenta\n|-unboost|p2a: Zamazenta|atk|1\n|-heal|p1a: Drifblim|100/100\n|\n|upkeep\n|turn|16\n|inactive|Time left: 300 sec this turn | 300 sec total\n|\n|t:|1783534875\n|move|p1a: Drifblim|Calm Mind|p1a: Drifblim\n|-boost|p1a: Drifblim|spa|1\n|-boost|p1a: Drifblim|spd|1\n|move|p2a: Zamazenta|Iron Head|p1a: Drifblim\n|-damage|p1a: Drifblim|82/100\n|\n|upkeep\n|turn|17\n|inactive|Time left: 300 sec this turn | 300 sec total\n|\n|t:|1783534876\n|switch|p2a: Qwilfish|Qwilfish, L86, F|22/252\n|-ability|p2a: Qwilfish|Intimidate|boost\n|-unboost|p1a: Drifblim|atk|1\n|move|p1a: Drifblim|Shadow Ball|p2a: Qwilfish\n|-damage|p2a: Qwilfish|0 fnt\n|faint|p2a: Qwilfish\n|\n|upkeep\n|inactive|Time left: 300 sec this turn | 300 sec total | 5 sec grace\n|\n|t:|1783534877\n|switch|p2a: Minun|Minun, L95, M|268/268\n|turn|18\n|inactive|Time left: 300 sec this turn | 300 sec total\n|\n|t:|1783534878\n|move|p1a: Drifblim|Shadow Ball|p2a: Minun\n|-damage|p2a: Minun|159/268\n|move|p2a: Minun|Nasty Plot|p2a: Minun\n|-boost|p2a: Minun|spa|2\n|\n|upkeep\n|turn|19\n|inactive|Time left: 300 sec this turn | 300 sec total\n|\n|t:|1783534879\n|move|p1a: Drifblim|Shadow Ball|p2a: Minun\n|-damage|p2a: Minun|36/268\n|move|p2a: Minun|Thunderbolt|p1a: Drifblim\n|-supereffective|p1a: Drifblim\n|-damage|p1a: Drifblim|0 fnt\n|faint|p1a: Drifblim\n|-damage|p2a: Minun|10/268|[from] item: Life Orb\n|\n|upkeep\n|\n|t:|1783534880\n|switch|p1a: Grafaiai|Grafaiai, L86, M|100/100\n|turn|20\n|inactive|Time left: 300 sec this turn | 300 sec total\n|\n|t:|1783534881\n|move|p1a: Grafaiai|Knock Off|p2a: Minun\n|-damage|p2a: Minun|0 fnt\n|-enditem|p2a: Minun|Life Orb|[from] move: Knock Off|[of] p1a: Grafaiai\n|faint|p2a: Minun\n|\n|upkeep\n|inactive|Time left: 300 sec this turn | 300 sec total | 5 sec grace\n|\n|t:|1783534881\n|switch|p2a: Zamazenta|Zamazenta, L71, tera:Steel|248/248\n|turn|21\n|inactive|Time left: 300 sec this turn | 300 sec total\n|\n|t:|1783534882\n|move|p1a: Grafaiai|Knock Off|p2a: Zamazenta\n|-damage|p2a: Zamazenta|178/248\n|-enditem|p2a: Zamazenta|Leftovers|[from] move: Knock Off|[of] p1a: Grafaiai\n|move|p2a: Zamazenta|Iron Head|p1a: Grafaiai\n|-damage|p1a: Grafaiai|62/100\n|\n|upkeep\n|turn|22\n|inactive|Time left: 300 sec this turn | 300 sec total\n|\n|t:|1783534884\n|move|p1a: Grafaiai|Parting Shot|p2a: Zamazenta\n|-unboost|p2a: Zamazenta|atk|1\n|-unboost|p2a: Zamazenta|spa|1\n|\n|t:|1783534885\n|switch|p1a: Florges|Florges-White, L85, F|47/100|[from] Parting Shot\n|move|p2a: Zamazenta|Iron Head|p1a: Florges\n|-supereffective|p1a: Florges\n|-damage|p1a: Florges|8/100\n|\n|-heal|p1a: Florges|13/100|[from] item: Leftovers\n|upkeep\n|turn|23\n|inactive|Time left: 300 sec this turn | 300 sec total\n|\n|t:|1783534886\n|move|p1a: Florges|Protect|p1a: Florges\n|-singleturn|p1a: Florges|Protect\n|move|p2a: Zamazenta|Body Press|p1a: Florges\n|-activate|p1a: Florges|move: Protect\n|\n|-heal|p1a: Florges|19/100|[from] item: Leftovers\n|upkeep\n|turn|24\n|inactive|Time left: 300 sec this turn | 300 sec total\n|\n|t:|1783534887\n|move|p2a: Zamazenta|Iron Head|p1a: Florges\n|-supereffective|p1a: Florges\n|-damage|p1a: Florges|0 fnt\n|faint|p1a: Florges\n|\n|upkeep\n|\n|t:|1783534888\n|switch|p1a: Grafaiai|Grafaiai, L86, M|62/100\n|turn|25\n|inactive|Time left: 300 sec this turn | 300 sec total\n|\n|t:|1783534889\n|switch|p2a: Granbull|Granbull, L88, F|56/302\n|-ability|p2a: Granbull|Intimidate|boost\n|-unboost|p1a: Grafaiai|atk|1\n|move|p1a: Grafaiai|Gunk Shot|p2a: Granbull\n|-supereffective|p2a: Granbull\n|-damage|p2a: Granbull|0 fnt\n|faint|p2a: Granbull\n|\n|upkeep\n|inactive|Time left: 300 sec this turn | 300 sec total | 5 sec grace\n|\n|t:|1783534890\n|switch|p2a: Zamazenta|Zamazenta, L71, tera:Steel|178/248\n|turn|26\n|inactive|Time left: 300 sec this turn | 300 sec total\n|\n|t:|1783534891\n|move|p1a: Grafaiai|Parting Shot|p2a: Zamazenta\n|-unboost|p2a: Zamazenta|atk|1\n|-unboost|p2a: Zamazenta|spa|1\n|\n|t:|1783534892\n|switch|p1a: Deoxys|Deoxys-Attack, L72|100/100|[from] Parting Shot\n|-ability|p1a: Deoxys|Pressure\n|move|p2a: Zamazenta|Iron Defense|p2a: Zamazenta\n|-boost|p2a: Zamazenta|def|2\n|\n|upkeep\n|turn|27\n|inactive|Time left: 300 sec this turn | 300 sec total\n|\n|t:|1783534893\n|move|p1a: Deoxys|Ice Beam|p2a: Zamazenta\n|-resisted|p2a: Zamazenta\n|-damage|p2a: Zamazenta|130/248\n|-damage|p1a: Deoxys|91/100|[from] item: Life Orb\n|move|p2a: Zamazenta|Body Press|p1a: Deoxys\n|-resisted|p1a: Deoxys\n|-damage|p1a: Deoxys|0 fnt\n|faint|p1a: Deoxys\n|\n|upkeep\n|\n|t:|1783534894\n|switch|p1a: Grafaiai|Grafaiai, L86, M|62/100\n|turn|28\n|inactive|Time left: 300 sec this turn | 300 sec total\n|\n|t:|1783534895\n|move|p1a: Grafaiai|Parting Shot|p2a: Zamazenta\n|-unboost|p2a: Zamazenta|atk|1\n|-unboost|p2a: Zamazenta|spa|1\n|move|p2a: Zamazenta|Body Press|p1a: Grafaiai\n|-damage|p1a: Grafaiai|0 fnt\n|faint|p1a: Grafaiai\n|\n|win|p0y0944d60", "uploadtime": 1783534895, "views": 0, "rating": 0, "private": 0, "password": null, "_winner": "p0y0944d60", "_our_name": "p0y0944d60"}