{"id": "battle-gen9randombattle-998", "formatid": "gen9randombattle", "format": "[Gen 9] Random Battle", "players": ["p0x998b60b", "p0y998c658"], "log": "|init|battle\n|title|p0x998b60b vs. p0y998c658\n|j|\u2606p0x998b60b\n|j|\u2606p0y998c658\n|t:|1783550748\n|gametype|singles\n|player|p1|p0x998b60b|170|\n|player|p2|p0y998c658|266|\n|gen|9\n|tier|[Gen 9] Random Battle\n|rule|Species Clause: Limit one of each Pok\u00e9mon\n|rule|HP Percentage Mod: HP is shown in percentages\n|rule|Sleep Clause Mod: Limit one foe put to sleep\n|rule|Illusion Level Mod: Illusion disguises the Pok\u00e9mon's true level\n|\n|t:|1783550748\n|teamsize|p1|6\n|teamsize|p2|6\n|start\n|switch|p1a: Tauros|Tauros-Paldea-Blaze, L81, M|254/254\n|switch|p2a: Iron Jugulis|Iron Jugulis, L77|100/100\n|-ability|p1a: Tauros|Intimidate|boost\n|-unboost|p2a: Iron Jugulis|atk|1\n|turn|1\n|inactive|Battle timer is ON: inactive players will automatically lose when time's up. (requested by p0x998b60b)\n|inactive|p0y998c658 also wants the timer to be on.\n|\n|t:|1783550750\n|move|p2a: Iron Jugulis|Hurricane|p1a: Tauros\n|-supereffective|p1a: Tauros\n|-damage|p1a: Tauros|0 fnt\n|faint|p1a: Tauros\n|\n|upkeep\n|inactive|Time left: 300 sec this turn | 300 sec total | 65 sec grace\n|\n|t:|1783550751\n|switch|p1a: Iron Hands|Iron Hands, L79|373/373\n|turn|2\n|inactive|Time left: 300 sec this turn | 300 sec total\n|\n|t:|1783550752\n|-end|p2a: Iron Jugulis|Quark Drive|[silent]\n|switch|p2a: Hoopa|Hoopa, L85|100/100\n|move|p1a: Iron Hands|Wild Charge|p2a: Hoopa\n|-damage|p2a: Hoopa|46/100\n|-damage|p1a: Iron Hands|335/373|[from] Recoil\n|\n|upkeep\n|turn|3\n|inactive|Time left: 300 sec this turn | 300 sec total\n|\n|t:|1783550753\n|move|p2a: Hoopa|Psyshock|p1a: Iron Hands\n|-supereffective|p1a: Iron Hands\n|-crit|p1a: Iron Hands\n|-damage|p1a: Iron Hands|0 fnt\n|faint|p1a: Iron Hands\n|-end|p1a: Iron Hands|Quark Drive|[silent]\n|\n|upkeep\n|inactive|Time left: 300 sec this turn | 300 sec total | 5 sec grace\n|\n|t:|1783550754\n|switch|p1a: Dragonite|Dragonite, L74, F|257/257\n|turn|4\n|inactive|Time left: 300 sec this turn | 300 sec total\n|\n|t:|1783550755\n|move|p2a: Hoopa|Psyshock|p1a: Dragonite\n|-damage|p1a: Dragonite|194/257\n|move|p1a: Dragonite|Dragon Dance|p1a: Dragonite\n|-boost|p1a: Dragonite|atk|1\n|-boost|p1a: Dragonite|spe|1\n|\n|upkeep\n|turn|5\n|inactive|Time left: 300 sec this turn | 300 sec total\n|\n|t:|1783550756\n|move|p2a: Hoopa|Psyshock|p1a: Dragonite\n|-damage|p1a: Dragonite|50/257\n|move|p1a: Dragonite|Dragon Dance|p1a: Dragonite\n|-boost|p1a: Dragonite|atk|1\n|-boost|p1a: Dragonite|spe|1\n|\n|upkeep\n|turn|6\n|inactive|Time left: 300 sec this turn | 300 sec total\n|\n|t:|1783550757\n|move|p1a: Dragonite|Outrage|p2a: Hoopa\n|-damage|p2a: Hoopa|0 fnt\n|faint|p2a: Hoopa\n|\n|upkeep\n|\n|t:|1783550758\n|switch|p2a: Deoxys|Deoxys-Speed, L82|100/100\n|-ability|p2a: Deoxys|Pressure\n|turn|7\n|inactive|Time left: 300 sec this turn | 300 sec total\n|\n|t:|1783550759\n|move|p2a: Deoxys|Dark Pulse|p1a: Dragonite\n|-damage|p1a: Dragonite|0 fnt\n|faint|p1a: Dragonite\n|-damage|p2a: Deoxys|91/100|[from] item: Life Orb\n|\n|upkeep\n|inactive|Time left: 300 sec this turn | 300 sec total | 5 sec grace\n|\n|t:|1783550760\n|switch|p1a: Volcarona|Volcarona, L77, M|257/257\n|turn|8\n|inactive|Time left: 300 sec this turn | 300 sec total\n|\n|t:|1783550761\n|switch|p2a: Kommo-o|Kommo-o, L77, F|100/100\n|move|p1a: Volcarona|Quiver Dance|p1a: Volcarona\n|-boost|p1a: Volcarona|spa|1\n|-boost|p1a: Volcarona|spd|1\n|-boost|p1a: Volcarona|spe|1\n|\n|upkeep\n|turn|9\n|inactive|Time left: 300 sec this turn | 300 sec total\n|\n|t:|1783550762\n|move|p1a: Volcarona|Quiver Dance|p1a: Volcarona\n|-boost|p1a: Volcarona|spa|1\n|-boost|p1a: Volcarona|spd|1\n|-boost|p1a: Volcarona|spe|1\n|move|p2a: Kommo-o|Clangorous Soul|p2a: Kommo-o\n|-boost|p2a: Kommo-o|atk|1\n|-boost|p2a: Kommo-o|def|1\n|-boost|p2a: Kommo-o|spa|1\n|-boost|p2a: Kommo-o|spd|1\n|-boost|p2a: Kommo-o|spe|1\n|-damage|p2a: Kommo-o|68/100\n|-enditem|p2a: Kommo-o|Throat Spray\n|-boost|p2a: Kommo-o|spa|1|[from] item: Throat Spray\n|\n|upkeep\n|turn|10\n|inactive|Time left: 300 sec this turn | 300 sec total\n|\n|t:|1783550763\n|move|p1a: Volcarona|Fiery Dance|p2a: Kommo-o\n|-resisted|p2a: Kommo-o\n|-damage|p2a: Kommo-o|43/100\n|-boost|p1a: Volcarona|spa|1\n|move|p2a: Kommo-o|Drain Punch|p1a: Volcarona\n|-resisted|p1a: Volcarona\n|-damage|p1a: Volcarona|185/257\n|-heal|p2a: Kommo-o|58/100|[from] drain|[of] p1a: Volcarona\n|\n|upkeep\n|turn|11\n|inactive|Time left: 300 sec this turn | 300 sec total\n|\n|t:|1783550765\n|move|p1a: Volcarona|Fiery Dance|p2a: Kommo-o\n|-resisted|p2a: Kommo-o\n|-damage|p2a: Kommo-o|27/100\n|-boost|p1a: Volcarona|spa|1\n|move|p2a: Kommo-o|Drain Punch|p1a: Volcarona\n|-resisted|p1a: Volcarona\n|-damage|p1a: Volcarona|108/257\n|-heal|p2a: Kommo-o|43/100|[from] drain|[of] p1a: Volcarona\n|\n|upkeep\n|turn|12\n|inactive|Time left: 300 sec this turn | 300 sec total\n|\n|t:|1783550766\n|move|p1a: Volcarona|Fiery Dance|p2a: Kommo-o\n|-resisted|p2a: Kommo-o\n|-damage|p2a: Kommo-o|4/100\n|-boost|p1a: Volcarona|spa|1\n|move|p2a: Kommo-o|Drain Punch|p1a: Volcarona\n|-resisted|p1a: Volcarona\n|-damage|p1a: Volcarona|36/257\n|-heal|p2a: Kommo-o|19/100|[from] drain|[of] p1a: Volcarona\n|\n|upkeep\n|turn|13\n|inactive|Time left: 300 sec this turn | 300 sec total\n|\n|t:|1783550767\n|move|p1a: Volcarona|Giga Drain|p2a: Kommo-o\n|-resisted|p2a: Kommo-o\n|-damage|p2a: Kommo-o|0 fnt\n|-heal|p1a: Volcarona|59/257|[from] drain|[of] p2a: Kommo-o\n|faint|p2a: Kommo-o\n|\n|upkeep\n|\n|t:|1783550768\n|switch|p2a: Duraludon|Duraludon, L82, M|100/100\n|turn|14\n|inactive|Time left: 300 sec this turn | 300 sec total\n|\n|t:|1783550769\n|move|p1a: Volcarona|Bug Buzz|p2a: Duraludon\n|-resisted|p2a: Duraludon\n|-damage|p2a: Duraludon|0 fnt\n|faint|p2a: Duraludon\n|\n|upkeep\n|\n|t:|1783550770\n|switch|p2a: Deoxys|Deoxys-Speed, L82|91/100\n|-ability|p2a: Deoxys|Pressure\n|turn|15\n|inactive|Time left: 300 sec this turn | 300 sec total\n|\n|t:|1783550771\n|switch|p2a: Tornadus|Tornadus-Therian, L79, M|100/100\n|move|p1a: Volcarona|Bug Buzz|p2a: Tornadus\n|-resisted|p2a: Tornadus\n|-damage|p2a: Tornadus|0 fnt\n|faint|p2a: Tornadus\n|\n|upkeep\n|\n|t:|1783550772\n|switch|p2a: Deoxys|Deoxys-Speed, L82|91/100\n|-ability|p2a: Deoxys|Pressure\n|turn|16\n|inactive|Time left: 300 sec this turn | 300 sec total\n|\n|t:|1783550773\n|-terastallize|p1a: Volcarona|Steel\n|move|p1a: Volcarona|Bug Buzz|p2a: Deoxys\n|-supereffective|p2a: Deoxys\n|-damage|p2a: Deoxys|0 fnt\n|faint|p2a: Deoxys\n|\n|upkeep\n|\n|t:|1783550773\n|switch|p2a: Iron Jugulis|Iron Jugulis, L77|100/100\n|turn|17\n|inactive|Time left: 300 sec this turn | 300 sec total\n|\n|t:|1783550774\n|-terastallize|p2a: Iron Jugulis|Ground\n|move|p1a: Volcarona|Fiery Dance|p2a: Iron Jugulis\n|-damage|p2a: Iron Jugulis|0 fnt\n|faint|p2a: Iron Jugulis\n|-end|p2a: Iron Jugulis|Quark Drive|[silent]\n|\n|win|p0x998b60b", "uploadtime": 1783550774, "views": 0, "rating": 0, "private": 0, "password": null, "_winner": "p0x998b60b", "_our_name": "p0x998b60b"}