{"id": "battle-gen9randombattle-1921", "formatid": "gen9randombattle", "format": "[Gen 9] Random Battle", "players": ["p0x1921c699", "p0y19216017"], "log": "|init|battle\n|title|p0x1921c699 vs. p0y19216017\n|j|\u2606p0x1921c699\n|j|\u2606p0y19216017\n|t:|1783562213\n|gametype|singles\n|player|p1|p0x1921c699|2|\n|player|p2|p0y19216017|170|\n|gen|9\n|tier|[Gen 9] Random Battle\n|rule|Species Clause: Limit one of each Pok\u00e9mon\n|rule|HP Percentage Mod: HP is shown in percentages\n|rule|Sleep Clause Mod: Limit one foe put to sleep\n|rule|Illusion Level Mod: Illusion disguises the Pok\u00e9mon's true level\n|\n|t:|1783562213\n|teamsize|p1|6\n|teamsize|p2|6\n|start\n|switch|p1a: Greninja|Greninja, L80, M|246/246\n|switch|p2a: Mismagius|Mismagius, L86, M|100/100\n|turn|1\n|inactive|Battle timer is ON: inactive players will automatically lose when time's up. (requested by p0x1921c699)\n|inactive|p0y19216017 also wants the timer to be on.\n|\n|t:|1783562215\n|move|p1a: Greninja|Hydro Pump|p2a: Mismagius\n|-start|p1a: Greninja|typechange|Water|[from] ability: Protean\n|-crit|p2a: Mismagius\n|-damage|p2a: Mismagius|21/100\n|-damage|p1a: Greninja|222/246|[from] item: Life Orb\n|move|p2a: Mismagius|Shadow Ball|p1a: Greninja\n|-damage|p1a: Greninja|98/246\n|\n|-heal|p2a: Mismagius|28/100|[from] item: Leftovers\n|upkeep\n|turn|2\n|inactive|Time left: 300 sec this turn | 300 sec total\n|\n|t:|1783562217\n|switch|p2a: Stantler|Stantler, L92, M|100/100\n|-ability|p2a: Stantler|Intimidate|boost\n|-unboost|p1a: Greninja|atk|1\n|move|p1a: Greninja|Hydro Pump|p2a: Stantler|[miss]\n|-miss|p1a: Greninja|p2a: Stantler\n|\n|upkeep\n|turn|3\n|inactive|Time left: 300 sec this turn | 300 sec total\n|\n|t:|1783562218\n|move|p1a: Greninja|Hydro Pump|p2a: Stantler\n|-damage|p2a: Stantler|64/100\n|-damage|p1a: Greninja|74/246|[from] item: Life Orb\n|move|p2a: Stantler|Body Slam|p1a: Greninja\n|-damage|p1a: Greninja|0 fnt\n|faint|p1a: Greninja\n|\n|upkeep\n|inactive|Time left: 300 sec this turn | 300 sec total | 5 sec grace\n|\n|t:|1783562219\n|switch|p1a: Perrserker|Perrserker, L89, F|269/269\n|turn|4\n|inactive|Time left: 300 sec this turn | 300 sec total\n|\n|t:|1783562220\n|move|p2a: Stantler|Earthquake|p1a: Perrserker\n|-supereffective|p1a: Perrserker\n|-damage|p1a: Perrserker|135/269\n|move|p1a: Perrserker|Iron Head|p2a: Stantler\n|-damage|p2a: Stantler|9/100\n|\n|upkeep\n|turn|5\n|inactive|Time left: 300 sec this turn | 300 sec total\n|\n|t:|1783562221\n|move|p2a: Stantler|Earthquake|p1a: Perrserker\n|-supereffective|p1a: Perrserker\n|-damage|p1a: Perrserker|3/269\n|move|p1a: Perrserker|Iron Head|p2a: Stantler\n|-damage|p2a: Stantler|0 fnt\n|faint|p2a: Stantler\n|\n|upkeep\n|\n|t:|1783562222\n|switch|p2a: Tsareena|Tsareena, L87, F|100/100\n|turn|6\n|inactive|Time left: 300 sec this turn | 300 sec total\n|\n|t:|1783562223\n|move|p2a: Tsareena|Power Whip|p1a: Perrserker\n|-resisted|p1a: Perrserker\n|-damage|p1a: Perrserker|0 fnt\n|faint|p1a: Perrserker\n|\n|upkeep\n|inactive|Time left: 300 sec this turn | 300 sec total | 5 sec grace\n|\n|t:|1783562224\n|switch|p1a: Delibird|Delibird, M|252/252\n|turn|7\n|inactive|Time left: 300 sec this turn | 300 sec total\n|\n|t:|1783562225\n|move|p1a: Delibird|Freeze-Dry|p2a: Tsareena\n|-supereffective|p2a: Tsareena\n|-damage|p2a: Tsareena|49/100\n|move|p2a: Tsareena|Power Whip|p1a: Delibird\n|-resisted|p1a: Delibird\n|-damage|p1a: Delibird|102/252\n|\n|upkeep\n|turn|8\n|inactive|Time left: 300 sec this turn | 300 sec total\n|\n|t:|1783562226\n|switch|p2a: Clefable|Clefable, L83, M|100/100\n|move|p1a: Delibird|Brave Bird|p2a: Clefable\n|-damage|p2a: Clefable|54/100\n|-damage|p1a: Delibird|57/252|[from] Recoil\n|\n|-heal|p2a: Clefable|60/100|[from] item: Leftovers\n|upkeep\n|turn|9\n|inactive|Time left: 300 sec this turn | 300 sec total\n|\n|t:|1783562227\n|move|p1a: Delibird|Brave Bird|p2a: Clefable\n|-damage|p2a: Clefable|12/100\n|-damage|p1a: Delibird|10/252|[from] Recoil\n|move|p2a: Clefable|Moonlight|p2a: Clefable\n|-heal|p2a: Clefable|62/100\n|\n|-heal|p2a: Clefable|68/100|[from] item: Leftovers\n|upkeep\n|turn|10\n|inactive|Time left: 300 sec this turn | 300 sec total\n|\n|t:|1783562228\n|move|p1a: Delibird|Freeze-Dry|p2a: Clefable\n|-damage|p2a: Clefable|42/100\n|-status|p2a: Clefable|frz\n|cant|p2a: Clefable|frz\n|\n|-heal|p2a: Clefable|48/100 frz|[from] item: Leftovers\n|upkeep\n|turn|11\n|inactive|Time left: 300 sec this turn | 300 sec total\n|\n|t:|1783562229\n|move|p1a: Delibird|Freeze-Dry|p2a: Clefable\n|-damage|p2a: Clefable|24/100 frz\n|cant|p2a: Clefable|frz\n|\n|-heal|p2a: Clefable|30/100 frz|[from] item: Leftovers\n|upkeep\n|turn|12\n|inactive|Time left: 300 sec this turn | 300 sec total\n|\n|t:|1783562230\n|move|p1a: Delibird|Freeze-Dry|p2a: Clefable\n|-damage|p2a: Clefable|3/100 frz\n|cant|p2a: Clefable|frz\n|\n|-heal|p2a: Clefable|9/100 frz|[from] item: Leftovers\n|upkeep\n|turn|13\n|inactive|Time left: 300 sec this turn | 300 sec total\n|\n|t:|1783562231\n|switch|p2a: Raging Bolt|Raging Bolt, L78|100/100\n|move|p1a: Delibird|Freeze-Dry|p2a: Raging Bolt\n|-supereffective|p2a: Raging Bolt\n|-damage|p2a: Raging Bolt|65/100\n|\n|upkeep\n|turn|14\n|inactive|Time left: 300 sec this turn | 300 sec total\n|\n|t:|1783562232\n|move|p1a: Delibird|Spikes|p2a: Raging Bolt\n|-sidestart|p2: p0y19216017|Spikes\n|move|p2a: Raging Bolt|Thunderbolt|p1a: Delibird\n|-supereffective|p1a: Delibird\n|-damage|p1a: Delibird|0 fnt\n|faint|p1a: Delibird\n|\n|upkeep\n|inactive|Time left: 300 sec this turn | 300 sec total | 5 sec grace\n|\n|t:|1783562233\n|switch|p1a: Mienshao|Mienshao, L83, F|244/244\n|turn|15\n|inactive|Time left: 300 sec this turn | 300 sec total\n|\n|t:|1783562234\n|move|p1a: Mienshao|Knock Off|p2a: Raging Bolt\n|-damage|p2a: Raging Bolt|37/100\n|-enditem|p2a: Raging Bolt|Assault Vest|[from] move: Knock Off|[of] p1a: Mienshao\n|move|p2a: Raging Bolt|Thunderbolt|p1a: Mienshao\n|-damage|p1a: Mienshao|153/244\n|\n|upkeep\n|turn|16\n|inactive|Time left: 300 sec this turn | 300 sec total\n|\n|t:|1783562235\n|move|p1a: Mienshao|U-turn|p2a: Raging Bolt\n|-damage|p2a: Raging Bolt|19/100\n|inactive|Time left: 300 sec this turn | 300 sec total | 5 sec grace\n|\n|t:|1783562236\n|switch|p1a: Brute Bonnet|Brute Bonnet, L80|309/309|[from] U-turn\n|move|p2a: Raging Bolt|Volt Switch|p1a: Brute Bonnet\n|-resisted|p1a: Brute Bonnet\n|-damage|p1a: Brute Bonnet|271/309\n|\n|t:|1783562237\n|-end|p2a: Raging Bolt|Protosynthesis|[silent]\n|switch|p2a: Tsareena|Tsareena, L87, F|49/100|[from] Volt Switch\n|-damage|p2a: Tsareena|36/100|[from] Spikes\n|\n|-heal|p1a: Brute Bonnet|290/309|[from] item: Leftovers\n|upkeep\n|turn|17\n|inactive|Time left: 300 sec this turn | 300 sec total\n|\n|t:|1783562238\n|move|p2a: Tsareena|Triple Axel|p1a: Brute Bonnet\n|-supereffective|p1a: Brute Bonnet\n|-damage|p1a: Brute Bonnet|236/309\n|-supereffective|p1a: Brute Bonnet\n|-damage|p1a: Brute Bonnet|136/309\n|-supereffective|p1a: Brute Bonnet\n|-damage|p1a: Brute Bonnet|0 fnt\n|faint|p1a: Brute Bonnet\n|-end|p1a: Brute Bonnet|Protosynthesis|[silent]\n|-hitcount|p1: Brute Bonnet|3\n|\n|upkeep\n|inactive|Time left: 300 sec this turn | 300 sec total | 5 sec grace\n|\n|t:|1783562238\n|switch|p1a: Mienshao|Mienshao, L83, F|234/244\n|turn|18\n|inactive|Time left: 300 sec this turn | 300 sec total\n|\n|t:|1783562239\n|switch|p2a: Clefable|Clefable, L83, M|9/100 frz\n|-damage|p2a: Clefable|0 fnt|[from] Spikes\n|faint|p2a: Clefable\n|move|p1a: Mienshao|Close Combat|p2: Clefable|[notarget]\n|-fail|p1a: Mienshao\n|\n|upkeep\n|\n|t:|1783562240\n|switch|p2a: Serperior|Serperior, L79, F|100/100\n|-damage|p2a: Serperior|88/100|[from] Spikes\n|turn|19\n|inactive|Time left: 300 sec this turn | 300 sec total\n|\n|t:|1783562241\n|move|p2a: Serperior|Leaf Storm|p1a: Mienshao\n|-damage|p1a: Mienshao|117/244\n|-boost|p2a: Serperior|spa|2\n|-damage|p2a: Serperior|78/100|[from] item: Life Orb\n|move|p1a: Mienshao|U-turn|p2a: Serperior\n|-supereffective|p2a: Serperior\n|-damage|p2a: Serperior|32/100\n|inactive|Time left: 300 sec this turn | 300 sec total | 5 sec grace\n|\n|t:|1783562242\n|switch|p1a: Meloetta|Meloetta, L82|298/298|[from] U-turn\n|\n|upkeep\n|turn|20\n|inactive|Time left: 300 sec this turn | 300 sec total\n|\n|t:|1783562243\n|move|p2a: Serperior|Synthesis|p2a: Serperior\n|-heal|p2a: Serperior|82/100\n|move|p1a: Meloetta|Triple Axel|p2a: Serperior\n|-supereffective|p2a: Serperior\n|-damage|p2a: Serperior|68/100\n|-supereffective|p2a: Serperior\n|-damage|p2a: Serperior|43/100\n|-supereffective|p2a: Serperior\n|-damage|p2a: Serperior|3/100\n|-hitcount|p2a: Serperior|3\n|-damage|p1a: Meloetta|269/298|[from] item: Life Orb\n|\n|upkeep\n|turn|21\n|inactive|Time left: 300 sec this turn | 300 sec total\n|\n|t:|1783562244\n|move|p2a: Serperior|Glare|p1a: Meloetta\n|-status|p1a: Meloetta|par\n|move|p1a: Meloetta|Relic Song|p2a: Serperior\n|-damage|p2a: Serperior|0 fnt\n|faint|p2a: Serperior\n|-formechange|p1a: Meloetta|Meloetta-Pirouette|[msg]\n|-damage|p1a: Meloetta|240/298 par|[from] item: Life Orb\n|\n|upkeep\n|\n|t:|1783562245\n|switch|p2a: Tsareena|Tsareena, L87, F|36/100\n|-damage|p2a: Tsareena|24/100|[from] Spikes\n|turn|22\n|inactive|Time left: 300 sec this turn | 300 sec total\n|\n|t:|1783562246\n|move|p2a: Tsareena|High Jump Kick|p1a: Meloetta\n|-supereffective|p1a: Meloetta\n|-damage|p1a: Meloetta|0 fnt\n|faint|p1a: Meloetta\n|\n|upkeep\n|inactive|Time left: 300 sec this turn | 300 sec total | 5 sec grace\n|\n|t:|1783562246\n|switch|p1a: Mienshao|Mienshao, L83, F|198/244\n|turn|23\n|inactive|Time left: 300 sec this turn | 300 sec total\n|\n|t:|1783562247\n|-terastallize|p2a: Tsareena|Fighting\n|move|p1a: Mienshao|Knock Off|p2a: Tsareena\n|-resisted|p2a: Tsareena\n|-crit|p2a: Tsareena\n|-damage|p2a: Tsareena|3/100\n|-enditem|p2a: Tsareena|Choice Band|[from] move: Knock Off|[of] p1a: Mienshao\n|move|p2a: Tsareena|High Jump Kick|p1a: Mienshao\n|-damage|p1a: Mienshao|0 fnt\n|faint|p1a: Mienshao\n|\n|win|p0y19216017", "uploadtime": 1783562247, "views": 0, "rating": 0, "private": 0, "password": null, "_winner": "p0y19216017", "_our_name": "p0x1921c699"}