{"id": "battle-gen9randombattle-638", "formatid": "gen9randombattle", "format": "[Gen 9] Random Battle", "players": ["p0x638095e", "p0y6389b0a"], "log": "|init|battle\n|title|p0x638095e vs. p0y6389b0a\n|j|\u2606p0x638095e\n|j|\u2606p0y6389b0a\n|t:|1783547218\n|gametype|singles\n|player|p1|p0x638095e|1|\n|player|p2|p0y6389b0a|266|\n|gen|9\n|tier|[Gen 9] Random Battle\n|rule|Species Clause: Limit one of each Pok\u00e9mon\n|rule|HP Percentage Mod: HP is shown in percentages\n|rule|Sleep Clause Mod: Limit one foe put to sleep\n|rule|Illusion Level Mod: Illusion disguises the Pok\u00e9mon's true level\n|\n|t:|1783547218\n|teamsize|p1|6\n|teamsize|p2|6\n|start\n|switch|p1a: Hoopa|Hoopa, L85|275/275\n|switch|p2a: Bombirdier|Bombirdier, L85, F|100/100\n|turn|1\n|inactive|Battle timer is ON: inactive players will automatically lose when time's up. (requested by p0x638095e)\n|inactive|p0y6389b0a also wants the timer to be on.\n|\n|t:|1783547219\n|switch|p1a: Primarina|Primarina, L83, M|268/268\n|move|p2a: Bombirdier|Knock Off|p1a: Primarina\n|-resisted|p1a: Primarina\n|-damage|p1a: Primarina|205/268\n|-enditem|p1a: Primarina|Choice Specs|[from] move: Knock Off|[of] p2a: Bombirdier\n|\n|upkeep\n|turn|2\n|inactive|Time left: 300 sec this turn | 300 sec total\n|\n|t:|1783547220\n|move|p2a: Bombirdier|Stealth Rock|p1a: Primarina\n|-sidestart|p1: p0x638095e|move: Stealth Rock\n|move|p1a: Primarina|Moonblast|p2a: Bombirdier\n|-supereffective|p2a: Bombirdier\n|-damage|p2a: Bombirdier|11/100\n|\n|upkeep\n|turn|3\n|inactive|Time left: 300 sec this turn | 300 sec total\n|\n|t:|1783547221\n|move|p2a: Bombirdier|Brave Bird|p1a: Primarina\n|-damage|p1a: Primarina|40/268\n|-damage|p2a: Bombirdier|0 fnt|[from] Recoil\n|faint|p2a: Bombirdier\n|move|p1a: Primarina|Moonblast|p2: Bombirdier|[notarget]\n|-fail|p1a: Primarina\n|\n|upkeep\n|\n|t:|1783547222\n|switch|p2a: Qwilfish|Qwilfish-Hisui, L83, M|100/100\n|-ability|p2a: Qwilfish|Intimidate|boost\n|-unboost|p1a: Primarina|atk|1\n|turn|4\n|inactive|Time left: 300 sec this turn | 300 sec total\n|\n|t:|1783547224\n|move|p2a: Qwilfish|Crunch|p1a: Primarina\n|-resisted|p1a: Primarina\n|-damage|p1a: Primarina|0 fnt\n|faint|p1a: Primarina\n|\n|upkeep\n|inactive|Time left: 300 sec this turn | 300 sec total | 5 sec grace\n|\n|t:|1783547224\n|switch|p1a: Miraidon|Miraidon, L65|238/238\n|-damage|p1a: Miraidon|209/238|[from] Stealth Rock\n|-fieldstart|move: Electric Terrain|[from] ability: Hadron Engine|[of] p1a: Miraidon\n|turn|5\n|inactive|Time left: 300 sec this turn | 300 sec total\n|\n|t:|1783547226\n|switch|p2a: Pincurchin|Pincurchin, F|100/100\n|move|p1a: Miraidon|Electro Drift|p2a: Pincurchin\n|-resisted|p2a: Pincurchin\n|-damage|p2a: Pincurchin|64/100\n|\n|-heal|p2a: Pincurchin|70/100|[from] item: Leftovers\n|upkeep\n|turn|6\n|inactive|Time left: 300 sec this turn | 300 sec total\n|\n|t:|1783547227\n|move|p1a: Miraidon|Electro Drift|p2a: Pincurchin\n|-resisted|p2a: Pincurchin\n|-damage|p2a: Pincurchin|31/100\n|move|p2a: Pincurchin|Recover|p2a: Pincurchin\n|-heal|p2a: Pincurchin|81/100\n|\n|-heal|p2a: Pincurchin|87/100|[from] item: Leftovers\n|upkeep\n|turn|7\n|inactive|Time left: 300 sec this turn | 300 sec total\n|\n|t:|1783547228\n|move|p1a: Miraidon|Electro Drift|p2a: Pincurchin\n|-resisted|p2a: Pincurchin\n|-damage|p2a: Pincurchin|51/100\n|move|p2a: Pincurchin|Recover|p2a: Pincurchin\n|-heal|p2a: Pincurchin|100/100\n|\n|upkeep\n|turn|8\n|inactive|Time left: 300 sec this turn | 300 sec total\n|\n|t:|1783547229\n|move|p1a: Miraidon|Electro Drift|p2a: Pincurchin\n|-resisted|p2a: Pincurchin\n|-damage|p2a: Pincurchin|66/100\n|move|p2a: Pincurchin|Curse|p2a: Pincurchin\n|-unboost|p2a: Pincurchin|spe|1\n|-boost|p2a: Pincurchin|atk|1\n|-boost|p2a: Pincurchin|def|1\n|\n|-heal|p2a: Pincurchin|72/100|[from] item: Leftovers\n|upkeep\n|turn|9\n|inactive|Time left: 300 sec this turn | 300 sec total\n|\n|t:|1783547230\n|move|p1a: Miraidon|Electro Drift|p2a: Pincurchin\n|-resisted|p2a: Pincurchin\n|-damage|p2a: Pincurchin|34/100\n|move|p2a: Pincurchin|Recover|p2a: Pincurchin\n|-heal|p2a: Pincurchin|84/100\n|\n|-heal|p2a: Pincurchin|90/100|[from] item: Leftovers\n|-fieldend|move: Electric Terrain\n|upkeep\n|turn|10\n|inactive|Time left: 300 sec this turn | 300 sec total\n|\n|t:|1783547231\n|move|p1a: Miraidon|Electro Drift|p2a: Pincurchin\n|-resisted|p2a: Pincurchin\n|-damage|p2a: Pincurchin|70/100\n|move|p2a: Pincurchin|Zing Zap|p1a: Miraidon\n|-resisted|p1a: Miraidon\n|-damage|p1a: Miraidon|152/238\n|\n|-heal|p2a: Pincurchin|76/100|[from] item: Leftovers\n|upkeep\n|turn|11\n|inactive|Time left: 300 sec this turn | 300 sec total\n|\n|t:|1783547232\n|move|p1a: Miraidon|Electro Drift|p2a: Pincurchin\n|-resisted|p2a: Pincurchin\n|-damage|p2a: Pincurchin|56/100\n|move|p2a: Pincurchin|Zing Zap|p1a: Miraidon\n|-resisted|p1a: Miraidon\n|-damage|p1a: Miraidon|100/238\n|\n|-heal|p2a: Pincurchin|63/100|[from] item: Leftovers\n|upkeep\n|turn|12\n|inactive|Time left: 300 sec this turn | 300 sec total\n|\n|t:|1783547233\n|move|p1a: Miraidon|Electro Drift|p2a: Pincurchin\n|-resisted|p2a: Pincurchin\n|-damage|p2a: Pincurchin|40/100\n|move|p2a: Pincurchin|Liquidation|p1a: Miraidon\n|-resisted|p1a: Miraidon\n|-damage|p1a: Miraidon|22/238\n|-unboost|p1a: Miraidon|def|1\n|\n|-heal|p2a: Pincurchin|46/100|[from] item: Leftovers\n|upkeep\n|turn|13\n|inactive|Time left: 300 sec this turn | 300 sec total\n|\n|t:|1783547234\n|switch|p1a: Dudunsparce|Dudunsparce, L83, M|343/343\n|-damage|p1a: Dudunsparce|301/343|[from] Stealth Rock\n|move|p2a: Pincurchin|Zing Zap|p1a: Dudunsparce\n|-damage|p1a: Dudunsparce|103/343\n|\n|-heal|p1a: Dudunsparce|124/343|[from] item: Leftovers\n|-heal|p2a: Pincurchin|52/100|[from] item: Leftovers\n|upkeep\n|turn|14\n|inactive|Time left: 300 sec this turn | 300 sec total\n|\n|t:|1783547235\n|move|p1a: Dudunsparce|Roost|p1a: Dudunsparce\n|-heal|p1a: Dudunsparce|296/343\n|-singleturn|p1a: Dudunsparce|move: Roost\n|move|p2a: Pincurchin|Liquidation|p1a: Dudunsparce\n|-crit|p1a: Dudunsparce\n|-damage|p1a: Dudunsparce|97/343\n|\n|-heal|p1a: Dudunsparce|118/343|[from] item: Leftovers\n|-heal|p2a: Pincurchin|59/100|[from] item: Leftovers\n|upkeep\n|turn|15\n|inactive|Time left: 300 sec this turn | 300 sec total\n|\n|t:|1783547236\n|move|p1a: Dudunsparce|Roost|p1a: Dudunsparce\n|-heal|p1a: Dudunsparce|290/343\n|-singleturn|p1a: Dudunsparce|move: Roost\n|move|p2a: Pincurchin|Zing Zap|p1a: Dudunsparce\n|-damage|p1a: Dudunsparce|85/343\n|\n|-heal|p1a: Dudunsparce|106/343|[from] item: Leftovers\n|-heal|p2a: Pincurchin|65/100|[from] item: Leftovers\n|upkeep\n|turn|16\n|inactive|Time left: 300 sec this turn | 300 sec total\n|\n|t:|1783547237\n|move|p1a: Dudunsparce|Roost|p1a: Dudunsparce\n|-heal|p1a: Dudunsparce|278/343\n|-singleturn|p1a: Dudunsparce|move: Roost\n|move|p2a: Pincurchin|Zing Zap|p1a: Dudunsparce\n|-damage|p1a: Dudunsparce|77/343\n|\n|-heal|p1a: Dudunsparce|98/343|[from] item: Leftovers\n|-heal|p2a: Pincurchin|71/100|[from] item: Leftovers\n|upkeep\n|turn|17\n|inactive|Time left: 300 sec this turn | 300 sec total\n|\n|t:|1783547238\n|move|p1a: Dudunsparce|Roost|p1a: Dudunsparce\n|-heal|p1a: Dudunsparce|270/343\n|-singleturn|p1a: Dudunsparce|move: Roost\n|move|p2a: Pincurchin|Liquidation|p1a: Dudunsparce\n|-damage|p1a: Dudunsparce|122/343\n|\n|-heal|p1a: Dudunsparce|143/343|[from] item: Leftovers\n|-heal|p2a: Pincurchin|77/100|[from] item: Leftovers\n|upkeep\n|turn|18\n|inactive|Time left: 300 sec this turn | 300 sec total\n|\n|t:|1783547239\n|move|p1a: Dudunsparce|Roost|p1a: Dudunsparce\n|-heal|p1a: Dudunsparce|315/343\n|-singleturn|p1a: Dudunsparce|move: Roost\n|move|p2a: Pincurchin|Zing Zap|p1a: Dudunsparce\n|-damage|p1a: Dudunsparce|123/343\n|\n|-heal|p1a: Dudunsparce|144/343|[from] item: Leftovers\n|-heal|p2a: Pincurchin|83/100|[from] item: Leftovers\n|upkeep\n|turn|19\n|inactive|Time left: 300 sec this turn | 300 sec total\n|\n|t:|1783547241\n|move|p1a: Dudunsparce|Roost|p1a: Dudunsparce\n|-heal|p1a: Dudunsparce|316/343\n|-singleturn|p1a: Dudunsparce|move: Roost\n|move|p2a: Pincurchin|Zing Zap|p1a: Dudunsparce\n|-damage|p1a: Dudunsparce|118/343\n|\n|-heal|p1a: Dudunsparce|139/343|[from] item: Leftovers\n|-heal|p2a: Pincurchin|90/100|[from] item: Leftovers\n|upkeep\n|turn|20\n|inactive|Time left: 300 sec this turn | 300 sec total\n|\n|t:|1783547242\n|move|p1a: Dudunsparce|Roost|p1a: Dudunsparce\n|-heal|p1a: Dudunsparce|311/343\n|-singleturn|p1a: Dudunsparce|move: Roost\n|move|p2a: Pincurchin|Zing Zap|p1a: Dudunsparce\n|-damage|p1a: Dudunsparce|115/343\n|\n|-heal|p1a: Dudunsparce|136/343|[from] item: Leftovers\n|-heal|p2a: Pincurchin|96/100|[from] item: Leftovers\n|upkeep\n|turn|21\n|inactive|Time left: 300 sec this turn | 300 sec total\n|\n|t:|1783547243\n|move|p1a: Dudunsparce|Roost|p1a: Dudunsparce\n|-heal|p1a: Dudunsparce|308/343\n|-singleturn|p1a: Dudunsparce|move: Roost\n|move|p2a: Pincurchin|Zing Zap|p1a: Dudunsparce\n|-damage|p1a: Dudunsparce|116/343\n|\n|-heal|p1a: Dudunsparce|137/343|[from] item: Leftovers\n|-heal|p2a: Pincurchin|100/100|[from] item: Leftovers\n|upkeep\n|turn|22\n|inactive|Time left: 300 sec this turn | 300 sec total\n|\n|t:|1783547244\n|move|p1a: Dudunsparce|Headbutt|p2a: Pincurchin\n|-damage|p2a: Pincurchin|84/100\n|cant|p2a: Pincurchin|flinch\n|\n|-heal|p1a: Dudunsparce|158/343|[from] item: Leftovers\n|-heal|p2a: Pincurchin|90/100|[from] item: Leftovers\n|upkeep\n|turn|23\n|inactive|Time left: 300 sec this turn | 300 sec total\n|\n|t:|1783547245\n|move|p1a: Dudunsparce|Headbutt|p2a: Pincurchin\n|-damage|p2a: Pincurchin|74/100\n|cant|p2a: Pincurchin|flinch\n|\n|-heal|p1a: Dudunsparce|179/343|[from] item: Leftovers\n|-heal|p2a: Pincurchin|80/100|[from] item: Leftovers\n|upkeep\n|turn|24\n|inactive|Time left: 300 sec this turn | 300 sec total\n|\n|t:|1783547246\n|move|p1a: Dudunsparce|Headbutt|p2a: Pincurchin\n|-damage|p2a: Pincurchin|63/100\n|cant|p2a: Pincurchin|flinch\n|\n|-heal|p1a: Dudunsparce|200/343|[from] item: Leftovers\n|-heal|p2a: Pincurchin|69/100|[from] item: Leftovers\n|upkeep\n|turn|25\n|inactive|Time left: 300 sec this turn | 300 sec total\n|\n|t:|1783547248\n|move|p1a: Dudunsparce|Headbutt|p2a: Pincurchin\n|-damage|p2a: Pincurchin|55/100\n|cant|p2a: Pincurchin|flinch\n|\n|-heal|p1a: Dudunsparce|221/343|[from] item: Leftovers\n|-heal|p2a: Pincurchin|61/100|[from] item: Leftovers\n|upkeep\n|turn|26\n|inactive|Time left: 300 sec this turn | 300 sec total\n|\n|t:|1783547249\n|move|p1a: Dudunsparce|Headbutt|p2a: Pincurchin\n|-damage|p2a: Pincurchin|46/100\n|move|p2a: Pincurchin|Zing Zap|p1a: Dudunsparce\n|-damage|p1a: Dudunsparce|19/343\n|\n|-heal|p1a: Dudunsparce|40/343|[from] item: Leftovers\n|-heal|p2a: Pincurchin|52/100|[from] item: Leftovers\n|upkeep\n|turn|27\n|inactive|Time left: 300 sec this turn | 300 sec total\n|\n|t:|1783547250\n|move|p1a: Dudunsparce|Headbutt|p2a: Pincurchin\n|-damage|p2a: Pincurchin|37/100\n|move|p2a: Pincurchin|Zing Zap|p1a: Dudunsparce\n|-damage|p1a: Dudunsparce|0 fnt\n|faint|p1a: Dudunsparce\n|\n|-heal|p2a: Pincurchin|43/100|[from] item: Leftovers\n|upkeep\n|inactive|Time left: 300 sec this turn | 300 sec total | 5 sec grace\n|\n|t:|1783547251\n|switch|p1a: Hoopa|Hoopa, L85|275/275\n|-damage|p1a: Hoopa|241/275|[from] Stealth Rock\n|turn|28\n|inactive|Time left: 300 sec this turn | 300 sec total\n|\n|t:|1783547252\n|switch|p2a: Qwilfish|Qwilfish-Hisui, L83, M|100/100\n|-ability|p2a: Qwilfish|Intimidate|boost\n|-unboost|p1a: Hoopa|atk|1\n|move|p1a: Hoopa|Shadow Ball|p2a: Qwilfish\n|-resisted|p2a: Qwilfish\n|-damage|p2a: Qwilfish|76/100\n|\n|upkeep\n|turn|29\n|inactive|Time left: 300 sec this turn | 300 sec total\n|\n|t:|1783547253\n|switch|p1a: Flamigo|Flamigo, L82, M|269/269\n|-damage|p1a: Flamigo|236/269|[from] Stealth Rock\n|move|p2a: Qwilfish|Crunch|p1a: Flamigo\n|-resisted|p1a: Flamigo\n|-damage|p1a: Flamigo|187/269\n|\n|upkeep\n|turn|30\n|inactive|Time left: 300 sec this turn | 300 sec total\n|\n|t:|1783547254\n|move|p1a: Flamigo|Swords Dance|p1a: Flamigo\n|-boost|p1a: Flamigo|atk|2\n|move|p2a: Qwilfish|Gunk Shot|p1a: Flamigo\n|-damage|p1a: Flamigo|49/269\n|\n|upkeep\n|turn|31\n|inactive|Time left: 300 sec this turn | 300 sec total\n|\n|t:|1783547255\n|switch|p2a: Hawlucha|Hawlucha, L80, F|100/100\n|move|p1a: Flamigo|Roost|p1a: Flamigo\n|-heal|p1a: Flamigo|184/269\n|-singleturn|p1a: Flamigo|move: Roost\n|\n|upkeep\n|turn|32\n|inactive|Time left: 300 sec this turn | 300 sec total\n|\n|t:|1783547256\n|move|p2a: Hawlucha|Brave Bird|p1a: Flamigo\n|-supereffective|p1a: Flamigo\n|-damage|p1a: Flamigo|0 fnt\n|faint|p1a: Flamigo\n|-damage|p2a: Hawlucha|77/100|[from] Recoil\n|\n|upkeep\n|inactive|Time left: 300 sec this turn | 300 sec total | 5 sec grace\n|\n|t:|1783547257\n|switch|p1a: Hoopa|Hoopa, L85|241/275\n|-damage|p1a: Hoopa|207/275|[from] Stealth Rock\n|turn|33\n|inactive|Time left: 300 sec this turn | 300 sec total\n|\n|t:|1783547258\n|switch|p2a: Qwilfish|Qwilfish-Hisui, L83, M|76/100\n|-ability|p2a: Qwilfish|Intimidate|boost\n|-unboost|p1a: Hoopa|atk|1\n|move|p1a: Hoopa|Shadow Ball|p2a: Qwilfish\n|-resisted|p2a: Qwilfish\n|-damage|p2a: Qwilfish|51/100\n|\n|upkeep\n|turn|34\n|inactive|Time left: 300 sec this turn | 300 sec total\n|\n|t:|1783547259\n|move|p1a: Hoopa|Shadow Ball|p2a: Qwilfish\n|-resisted|p2a: Qwilfish\n|-damage|p2a: Qwilfish|25/100\n|move|p2a: Qwilfish|Crunch|p1a: Hoopa\n|-supereffective|p1a: Hoopa\n|-damage|p1a: Hoopa|0 fnt\n|faint|p1a: Hoopa\n|\n|upkeep\n|inactive|Time left: 300 sec this turn | 300 sec total | 5 sec grace\n|\n|t:|1783547260\n|switch|p1a: Meloetta|Meloetta, L82|298/298\n|-damage|p1a: Meloetta|261/298|[from] Stealth Rock\n|turn|35\n|inactive|Time left: 300 sec this turn | 300 sec total\n|\n|t:|1783547261\n|switch|p2a: Archaludon|Archaludon, L78, M|100/100\n|move|p1a: Meloetta|Relic Song|p2a: Archaludon\n|-resisted|p2a: Archaludon\n|-damage|p2a: Archaludon|68/100\n|-ability|p2a: Archaludon|Stamina|boost\n|-boost|p2a: Archaludon|def|1\n|-formechange|p1a: Meloetta|Meloetta-Pirouette|[msg]\n|-damage|p1a: Meloetta|232/298|[from] item: Life Orb\n|\n|-heal|p2a: Archaludon|74/100|[from] item: Leftovers\n|upkeep\n|turn|36\n|inactive|Time left: 300 sec this turn | 300 sec total\n|\n|t:|1783547262\n|-terastallize|p2a: Archaludon|Fighting\n|move|p1a: Meloetta|Relic Song|p2a: Archaludon\n|-damage|p2a: Archaludon|36/100\n|-ability|p2a: Archaludon|Stamina|boost\n|-boost|p2a: Archaludon|def|1\n|-formechange|p1a: Meloetta|Meloetta|[msg]\n|-damage|p1a: Meloetta|203/298|[from] item: Life Orb\n|move|p2a: Archaludon|Body Press|p1a: Meloetta\n|-damage|p1a: Meloetta|0 fnt\n|faint|p1a: Meloetta\n|\n|-heal|p2a: Archaludon|42/100|[from] item: Leftovers\n|upkeep\n|inactive|Time left: 300 sec this turn | 300 sec total | 5 sec grace\n|\n|t:|1783547263\n|switch|p1a: Miraidon|Miraidon, L65|22/238\n|-damage|p1a: Miraidon|0 fnt|[from] Stealth Rock\n|faint|p1a: Miraidon\n|\n|win|p0y6389b0a", "uploadtime": 1783547263, "views": 0, "rating": 0, "private": 0, "password": null, "_winner": "p0y6389b0a", "_our_name": "p0x638095e"}