{"id": "battle-gen9randombattle-28", "formatid": "gen9randombattle", "format": "[Gen 9] Random Battle", "players": ["p0x0282e38", "p0y028f620"], "log": "|init|battle\n|title|p0x0282e38 vs. p0y028f620\n|j|\u2606p0x0282e38\n|j|\u2606p0y028f620\n|t:|1783533563\n|gametype|singles\n|player|p1|p0x0282e38|102|\n|player|p2|p0y028f620|170|\n|gen|9\n|tier|[Gen 9] Random Battle\n|rule|Species Clause: Limit one of each Pok\u00e9mon\n|rule|HP Percentage Mod: HP is shown in percentages\n|rule|Sleep Clause Mod: Limit one foe put to sleep\n|rule|Illusion Level Mod: Illusion disguises the Pok\u00e9mon's true level\n|\n|t:|1783533563\n|teamsize|p1|6\n|teamsize|p2|6\n|start\n|switch|p1a: Indeedee|Indeedee, L84, M|100/100\n|switch|p2a: Gurdurr|Gurdurr, L85, F|283/283\n|-fieldstart|move: Psychic Terrain|[from] ability: Psychic Surge|[of] p1a: Indeedee\n|turn|1\n|inactive|Battle timer is ON: inactive players will automatically lose when time's up. (requested by p0y028f620)\n|inactive|p0x0282e38 also wants the timer to be on.\n|\n|t:|1783533564\n|-terastallize|p2a: Gurdurr|Steel\n|move|p1a: Indeedee|Expanding Force|p2a: Gurdurr\n|-resisted|p2a: Gurdurr\n|-damage|p2a: Gurdurr|170/283\n|-damage|p1a: Indeedee|91/100|[from] item: Life Orb\n|move|p2a: Gurdurr|Knock Off|p1a: Indeedee\n|-supereffective|p1a: Indeedee\n|-damage|p1a: Indeedee|7/100\n|-enditem|p1a: Indeedee|Life Orb|[from] move: Knock Off|[of] p2a: Gurdurr\n|\n|upkeep\n|turn|2\n|inactive|Time left: 300 sec this turn | 300 sec total\n|\n|t:|1783533565\n|move|p1a: Indeedee|Expanding Force|p2a: Gurdurr\n|-resisted|p2a: Gurdurr\n|-damage|p2a: Gurdurr|77/283\n|move|p2a: Gurdurr|Knock Off|p1a: Indeedee\n|-supereffective|p1a: Indeedee\n|-damage|p1a: Indeedee|0 fnt\n|faint|p1a: Indeedee\n|\n|upkeep\n|\n|t:|1783533566\n|switch|p1a: Falinks|Falinks, L84|100/100\n|turn|3\n|inactive|Time left: 300 sec this turn | 300 sec total\n|\n|t:|1783533567\n|switch|p2a: Dragalge|Dragalge, L88, F|258/258\n|move|p1a: Falinks|No Retreat|p1a: Falinks\n|-boost|p1a: Falinks|atk|1\n|-boost|p1a: Falinks|def|1\n|-boost|p1a: Falinks|spa|1\n|-boost|p1a: Falinks|spd|1\n|-boost|p1a: Falinks|spe|1\n|-start|p1a: Falinks|move: No Retreat\n|\n|upkeep\n|turn|4\n|inactive|Time left: 300 sec this turn | 300 sec total\n|\n|t:|1783533569\n|-terastallize|p1a: Falinks|Steel\n|move|p1a: Falinks|Iron Head|p2a: Dragalge\n|-damage|p2a: Dragalge|109/258\n|-damage|p1a: Falinks|91/100|[from] item: Life Orb\n|move|p2a: Dragalge|Draco Meteor|p1a: Falinks\n|-resisted|p1a: Falinks\n|-crit|p1a: Falinks\n|-damage|p1a: Falinks|0 fnt\n|-unboost|p2a: Dragalge|spa|2\n|faint|p1a: Falinks\n|\n|upkeep\n|\n|t:|1783533570\n|switch|p1a: Magcargo|Magcargo, L95, F|100/100\n|turn|5\n|inactive|Time left: 300 sec this turn | 300 sec total\n|\n|t:|1783533571\n|move|p2a: Dragalge|Draco Meteor|p1a: Magcargo\n|-damage|p1a: Magcargo|50/100\n|-unboost|p2a: Dragalge|spa|2\n|move|p1a: Magcargo|Shell Smash|p1a: Magcargo\n|-unboost|p1a: Magcargo|def|1\n|-unboost|p1a: Magcargo|spd|1\n|-boost|p1a: Magcargo|atk|2\n|-boost|p1a: Magcargo|spa|2\n|-boost|p1a: Magcargo|spe|2\n|\n|-fieldend|move: Psychic Terrain\n|upkeep\n|turn|6\n|inactive|Time left: 300 sec this turn | 300 sec total\n|\n|t:|1783533572\n|move|p1a: Magcargo|Earth Power|p2a: Dragalge\n|-supereffective|p2a: Dragalge\n|-damage|p2a: Dragalge|0 fnt\n|faint|p2a: Dragalge\n|\n|upkeep\n|inactive|Time left: 300 sec this turn | 300 sec total | 5 sec grace\n|\n|t:|1783533573\n|switch|p2a: Lycanroc|Lycanroc-Dusk, L81, F|254/254\n|turn|7\n|inactive|Time left: 300 sec this turn | 300 sec total\n|\n|t:|1783533574\n|switch|p1a: Conkeldurr|Conkeldurr, L80, F|100/100\n|move|p2a: Lycanroc|Accelerock|p1a: Conkeldurr\n|-resisted|p1a: Conkeldurr\n|-damage|p1a: Conkeldurr|89/100\n|-damage|p2a: Lycanroc|229/254|[from] item: Life Orb\n|\n|-status|p1a: Conkeldurr|brn|[from] item: Flame Orb\n|upkeep\n|turn|8\n|inactive|Time left: 300 sec this turn | 300 sec total\n|\n|t:|1783533575\n|switch|p2a: Whimsicott|Whimsicott, L84, F|238/238\n|move|p1a: Conkeldurr|Knock Off|p2a: Whimsicott\n|-resisted|p2a: Whimsicott\n|-damage|p2a: Whimsicott|174/238\n|-enditem|p2a: Whimsicott|Heavy-Duty Boots|[from] move: Knock Off|[of] p1a: Conkeldurr\n|\n|-damage|p1a: Conkeldurr|83/100 brn|[from] brn\n|upkeep\n|turn|9\n|inactive|Time left: 300 sec this turn | 300 sec total\n|\n|t:|1783533576\n|move|p2a: Whimsicott|Moonblast|p1a: Conkeldurr\n|-supereffective|p1a: Conkeldurr\n|-damage|p1a: Conkeldurr|9/100 brn\n|move|p1a: Conkeldurr|Facade|p2a: Whimsicott\n|-damage|p2a: Whimsicott|0 fnt\n|faint|p2a: Whimsicott\n|\n|-damage|p1a: Conkeldurr|3/100 brn|[from] brn\n|upkeep\n|inactive|Time left: 300 sec this turn | 300 sec total | 5 sec grace\n|\n|t:|1783533577\n|switch|p2a: Lycanroc|Lycanroc-Dusk, L81, F|229/254\n|turn|10\n|inactive|Time left: 300 sec this turn | 300 sec total\n|\n|t:|1783533578\n|switch|p1a: Hydrapple|Hydrapple, L83, M|100/100\n|move|p2a: Lycanroc|Accelerock|p1a: Hydrapple\n|-damage|p1a: Hydrapple|78/100\n|-damage|p2a: Lycanroc|204/254|[from] item: Life Orb\n|\n|upkeep\n|turn|11\n|inactive|Time left: 300 sec this turn | 300 sec total\n|\n|t:|1783533580\n|switch|p2a: Snorlax|Snorlax, L82, F|397/397\n|move|p1a: Hydrapple|Earth Power|p2a: Snorlax\n|-damage|p2a: Snorlax|337/397\n|\n|upkeep\n|turn|12\n|inactive|Time left: 300 sec this turn | 300 sec total\n|\n|t:|1783533581\n|move|p1a: Hydrapple|Fickle Beam|p2a: Snorlax|[anim] Fickle Beam All Out\n|-activate|p1a: Hydrapple|move: Fickle Beam\n|-damage|p2a: Snorlax|181/397\n|move|p2a: Snorlax|Body Slam|p1a: Hydrapple\n|-damage|p1a: Hydrapple|53/100\n|\n|upkeep\n|turn|13\n|inactive|Time left: 300 sec this turn | 300 sec total\n|\n|t:|1783533582\n|move|p1a: Hydrapple|Fickle Beam|p2a: Snorlax\n|-damage|p2a: Snorlax|96/397\n|move|p2a: Snorlax|Rest|p2a: Snorlax\n|-status|p2a: Snorlax|slp|[from] move: Rest\n|-heal|p2a: Snorlax|397/397 slp|[silent]\n|-enditem|p2a: Snorlax|Chesto Berry|[eat]\n|-curestatus|p2a: Snorlax|slp|[msg]\n|\n|upkeep\n|turn|14\n|inactive|Time left: 300 sec this turn | 300 sec total\n|\n|t:|1783533583\n|move|p1a: Hydrapple|Fickle Beam|p2a: Snorlax\n|-damage|p2a: Snorlax|315/397\n|move|p2a: Snorlax|Body Slam|p1a: Hydrapple\n|-damage|p1a: Hydrapple|29/100\n|\n|upkeep\n|turn|15\n|inactive|Time left: 300 sec this turn | 300 sec total\n|\n|t:|1783533584\n|move|p1a: Hydrapple|Fickle Beam|p2a: Snorlax|[anim] Fickle Beam All Out\n|-activate|p1a: Hydrapple|move: Fickle Beam\n|-damage|p2a: Snorlax|141/397\n|move|p2a: Snorlax|Body Slam|p1a: Hydrapple\n|-damage|p1a: Hydrapple|5/100\n|\n|upkeep\n|turn|16\n|inactive|Time left: 300 sec this turn | 300 sec total\n|\n|t:|1783533585\n|move|p1a: Hydrapple|Leaf Storm|p2a: Snorlax\n|-damage|p2a: Snorlax|0 fnt\n|-unboost|p1a: Hydrapple|spa|2\n|faint|p2a: Snorlax\n|\n|upkeep\n|inactive|Time left: 300 sec this turn | 300 sec total | 5 sec grace\n|\n|t:|1783533586\n|switch|p2a: Lycanroc|Lycanroc-Dusk, L81, F|204/254\n|turn|17\n|inactive|Time left: 300 sec this turn | 300 sec total\n|\n|t:|1783533587\n|move|p2a: Lycanroc|Stone Edge|p1a: Hydrapple\n|-damage|p1a: Hydrapple|0 fnt\n|faint|p1a: Hydrapple\n|-damage|p2a: Lycanroc|179/254|[from] item: Life Orb\n|\n|upkeep\n|\n|t:|1783533588\n|switch|p1a: Lanturn|Lanturn, L89, F|100/100\n|turn|18\n|inactive|Time left: 300 sec this turn | 300 sec total\n|\n|t:|1783533589\n|move|p2a: Lycanroc|Close Combat|p1a: Lanturn\n|-damage|p1a: Lanturn|44/100\n|-unboost|p2a: Lycanroc|def|1\n|-unboost|p2a: Lycanroc|spd|1\n|-damage|p2a: Lycanroc|154/254|[from] item: Life Orb\n|move|p1a: Lanturn|Scald|p2a: Lycanroc\n|-supereffective|p2a: Lycanroc\n|-damage|p2a: Lycanroc|0 fnt\n|faint|p2a: Lycanroc\n|\n|-heal|p1a: Lanturn|50/100|[from] item: Leftovers\n|upkeep\n|inactive|Time left: 300 sec this turn | 300 sec total | 5 sec grace\n|\n|t:|1783533590\n|switch|p2a: Infernape|Infernape, L82, M|259/259\n|turn|19\n|inactive|Time left: 300 sec this turn | 300 sec total\n|\n|t:|1783533591\n|move|p2a: Infernape|Close Combat|p1a: Lanturn\n|-damage|p1a: Lanturn|0 fnt\n|-unboost|p2a: Infernape|def|1\n|-unboost|p2a: Infernape|spd|1\n|faint|p1a: Lanturn\n|-damage|p2a: Infernape|234/259|[from] item: Life Orb\n|\n|upkeep\n|\n|t:|1783533592\n|switch|p1a: Conkeldurr|Conkeldurr, L80, F|3/100 brn\n|turn|20\n|inactive|Time left: 300 sec this turn | 300 sec total\n|\n|t:|1783533593\n|move|p1a: Conkeldurr|Mach Punch|p2a: Infernape\n|-damage|p2a: Infernape|96/259\n|move|p2a: Infernape|Close Combat|p1a: Conkeldurr\n|-damage|p1a: Conkeldurr|0 fnt\n|-unboost|p2a: Infernape|def|1\n|-unboost|p2a: Infernape|spd|1\n|faint|p1a: Conkeldurr\n|-damage|p2a: Infernape|71/259|[from] item: Life Orb\n|\n|upkeep\n|\n|t:|1783533594\n|switch|p1a: Magcargo|Magcargo, L95, F|50/100\n|turn|21\n|inactive|Time left: 300 sec this turn | 300 sec total\n|\n|t:|1783533595\n|move|p2a: Infernape|Close Combat|p1a: Magcargo\n|-supereffective|p1a: Magcargo\n|-damage|p1a: Magcargo|0 fnt\n|-unboost|p2a: Infernape|def|1\n|-unboost|p2a: Infernape|spd|1\n|faint|p1a: Magcargo\n|-damage|p2a: Infernape|46/259|[from] item: Life Orb\n|\n|win|p0y028f620", "uploadtime": 1783533595, "views": 0, "rating": 0, "private": 0, "password": null, "_winner": "p0y028f620", "_our_name": "p0y028f620"}