{"id": "battle-gen9randombattle-2197", "formatid": "gen9randombattle", "format": "[Gen 9] Random Battle", "players": ["p0x219704e1", "p0y21978a19"], "log": "|init|battle\n|title|p0x219704e1 vs. p0y21978a19\n|j|\u2606p0x219704e1\n|j|\u2606p0y21978a19\n|t:|1783564544\n|gametype|singles\n|player|p1|p0x219704e1|265|\n|player|p2|p0y21978a19|102|\n|gen|9\n|tier|[Gen 9] Random Battle\n|rule|Species Clause: Limit one of each Pok\u00e9mon\n|rule|HP Percentage Mod: HP is shown in percentages\n|rule|Sleep Clause Mod: Limit one foe put to sleep\n|rule|Illusion Level Mod: Illusion disguises the Pok\u00e9mon's true level\n|\n|t:|1783564544\n|teamsize|p1|6\n|teamsize|p2|6\n|start\n|switch|p1a: Iron Crown|Iron Crown, L78|268/268\n|switch|p2a: Feraligatr|Feraligatr, L79, F|100/100\n|turn|1\n|inactive|Battle timer is ON: inactive players will automatically lose when time's up. (requested by p0x219704e1)\n|inactive|p0y21978a19 also wants the timer to be on.\n|\n|t:|1783564545\n|move|p1a: Iron Crown|Psyshock|p2a: Feraligatr\n|-damage|p2a: Feraligatr|71/100\n|move|p2a: Feraligatr|Dragon Dance|p2a: Feraligatr\n|-boost|p2a: Feraligatr|atk|1\n|-boost|p2a: Feraligatr|spe|1\n|\n|upkeep\n|turn|2\n|inactive|Time left: 300 sec this turn | 300 sec total\n|\n|t:|1783564546\n|move|p2a: Feraligatr|Crunch|p1a: Iron Crown\n|-supereffective|p1a: Iron Crown\n|-damage|p1a: Iron Crown|0 fnt\n|faint|p1a: Iron Crown\n|-end|p1a: Iron Crown|Quark Drive|[silent]\n|\n|upkeep\n|inactive|Time left: 300 sec this turn | 300 sec total | 5 sec grace\n|\n|t:|1783564547\n|switch|p1a: Trevenant|Trevenant, L89, F|296/296\n|turn|3\n|inactive|Time left: 300 sec this turn | 300 sec total\n|\n|t:|1783564548\n|move|p2a: Feraligatr|Crunch|p1a: Trevenant\n|-supereffective|p1a: Trevenant\n|-damage|p1a: Trevenant|31/296\n|move|p1a: Trevenant|Horn Leech|p2a: Feraligatr\n|-supereffective|p2a: Feraligatr\n|-damage|p2a: Feraligatr|0 fnt\n|-heal|p1a: Trevenant|124/296|[from] drain|[of] p2a: Feraligatr\n|faint|p2a: Feraligatr\n|-damage|p1a: Trevenant|95/296|[from] item: Life Orb\n|\n|upkeep\n|\n|t:|1783564549\n|switch|p2a: Sunflora|Sunflora, M|100/100\n|turn|4\n|inactive|Time left: 300 sec this turn | 300 sec total\n|\n|t:|1783564551\n|move|p1a: Trevenant|Poltergeist|p2a: Sunflora|[miss]\n|-miss|p1a: Trevenant|p2a: Sunflora\n|move|p2a: Sunflora|Dazzling Gleam|p1a: Trevenant\n|-damage|p1a: Trevenant|0 fnt\n|faint|p1a: Trevenant\n|\n|upkeep\n|inactive|Time left: 300 sec this turn | 300 sec total | 5 sec grace\n|\n|t:|1783564551\n|switch|p1a: Gouging Fire|Gouging Fire, L74|277/277\n|turn|5\n|inactive|Time left: 300 sec this turn | 300 sec total\n|\n|t:|1783564553\n|switch|p2a: Azumarill|Azumarill, L82, F|100/100\n|move|p1a: Gouging Fire|Heat Crash|p2a: Azumarill\n|-resisted|p2a: Azumarill\n|-damage|p2a: Azumarill|79/100\n|\n|upkeep\n|turn|6\n|inactive|Time left: 300 sec this turn | 300 sec total\n|\n|t:|1783564554\n|move|p1a: Gouging Fire|Dragon Dance|p1a: Gouging Fire\n|-boost|p1a: Gouging Fire|atk|1\n|-boost|p1a: Gouging Fire|spe|1\n|move|p2a: Azumarill|Belly Drum|p2a: Azumarill\n|-damage|p2a: Azumarill|29/100\n|-setboost|p2a: Azumarill|atk|6|[from] move: Belly Drum\n|-enditem|p2a: Azumarill|Sitrus Berry|[eat]\n|-heal|p2a: Azumarill|54/100|[from] item: Sitrus Berry\n|\n|upkeep\n|turn|7\n|inactive|Time left: 300 sec this turn | 300 sec total\n|\n|t:|1783564555\n|move|p1a: Gouging Fire|Heat Crash|p2a: Azumarill\n|-resisted|p2a: Azumarill\n|-damage|p2a: Azumarill|23/100\n|move|p2a: Azumarill|Liquidation|p1a: Gouging Fire\n|-damage|p1a: Gouging Fire|0 fnt\n|faint|p1a: Gouging Fire\n|-end|p1a: Gouging Fire|Protosynthesis|[silent]\n|\n|upkeep\n|inactive|Time left: 300 sec this turn | 300 sec total | 5 sec grace\n|\n|t:|1783564555\n|switch|p1a: Plusle|Plusle, L95, M|268/268\n|turn|8\n|inactive|Time left: 300 sec this turn | 300 sec total\n|\n|t:|1783564556\n|-terastallize|p1a: Plusle|Grass\n|move|p2a: Azumarill|Aqua Jet|p1a: Plusle\n|-resisted|p1a: Plusle\n|-damage|p1a: Plusle|108/268\n|move|p1a: Plusle|Thunderbolt|p2a: Azumarill\n|-supereffective|p2a: Azumarill\n|-damage|p2a: Azumarill|0 fnt\n|faint|p2a: Azumarill\n|-damage|p1a: Plusle|82/268|[from] item: Life Orb\n|\n|upkeep\n|\n|t:|1783564557\n|switch|p2a: Sunflora|Sunflora, M|100/100\n|turn|9\n|inactive|Time left: 300 sec this turn | 300 sec total\n|\n|t:|1783564558\n|move|p1a: Plusle|Thunderbolt|p2a: Sunflora\n|-resisted|p2a: Sunflora\n|-damage|p2a: Sunflora|81/100\n|-damage|p1a: Plusle|56/268|[from] item: Life Orb\n|move|p2a: Sunflora|Sludge Bomb|p1a: Plusle\n|-supereffective|p1a: Plusle\n|-damage|p1a: Plusle|0 fnt\n|faint|p1a: Plusle\n|\n|upkeep\n|inactive|Time left: 300 sec this turn | 300 sec total | 5 sec grace\n|\n|t:|1783564559\n|switch|p1a: Vivillon|Vivillon-Continental, L83, M|268/268\n|turn|10\n|inactive|Time left: 300 sec this turn | 300 sec total\n|\n|t:|1783564560\n|move|p1a: Vivillon|Quiver Dance|p1a: Vivillon\n|-boost|p1a: Vivillon|spa|1\n|-boost|p1a: Vivillon|spd|1\n|-boost|p1a: Vivillon|spe|1\n|move|p2a: Sunflora|Sludge Bomb|p1a: Vivillon\n|-damage|p1a: Vivillon|119/268\n|\n|upkeep\n|turn|11\n|inactive|Time left: 300 sec this turn | 300 sec total\n|\n|t:|1783564561\n|-terastallize|p2a: Sunflora|Poison\n|move|p1a: Vivillon|Hurricane|p2a: Sunflora|[miss]\n|-miss|p1a: Vivillon|p2a: Sunflora\n|move|p2a: Sunflora|Sludge Bomb|p1a: Vivillon\n|-damage|p1a: Vivillon|0 fnt\n|faint|p1a: Vivillon\n|\n|upkeep\n|inactive|Time left: 300 sec this turn | 300 sec total | 5 sec grace\n|\n|t:|1783564562\n|switch|p1a: Landorus|Landorus-Therian, L76, M|260/260\n|-ability|p1a: Landorus|Intimidate|boost\n|-unboost|p2a: Sunflora|atk|1\n|turn|12\n|inactive|Time left: 300 sec this turn | 300 sec total\n|\n|t:|1783564563\n|switch|p2a: Thundurus|Thundurus-Therian, L80, M|100/100\n|move|p1a: Landorus|Stone Edge|p2a: Thundurus\n|-supereffective|p2a: Thundurus\n|-damage|p2a: Thundurus|18/100\n|\n|upkeep\n|turn|13\n|inactive|Time left: 300 sec this turn | 300 sec total\n|\n|t:|1783564564\n|switch|p2a: Annihilape|Annihilape, L76, F|100/100\n|move|p1a: Landorus|Stone Edge|p2a: Annihilape\n|-resisted|p2a: Annihilape\n|-damage|p2a: Annihilape|84/100\n|\n|-heal|p2a: Annihilape|90/100|[from] item: Leftovers\n|upkeep\n|turn|14\n|inactive|Time left: 300 sec this turn | 300 sec total\n|\n|t:|1783564565\n|switch|p2a: Thundurus|Thundurus-Therian, L80, M|18/100\n|move|p1a: Landorus|Earthquake|p2a: Thundurus\n|-immune|p2a: Thundurus\n|\n|upkeep\n|turn|15\n|inactive|Time left: 300 sec this turn | 300 sec total\n|\n|t:|1783564566\n|move|p2a: Thundurus|Tera Blast|p1a: Landorus\n|-damage|p1a: Landorus|181/260\n|move|p1a: Landorus|Stone Edge|p2a: Thundurus|[miss]\n|-miss|p1a: Landorus|p2a: Thundurus\n|\n|-heal|p1a: Landorus|197/260|[from] item: Leftovers\n|upkeep\n|turn|16\n|inactive|Time left: 300 sec this turn | 300 sec total\n|\n|t:|1783564567\n|move|p2a: Thundurus|Tera Blast|p1a: Landorus\n|-damage|p1a: Landorus|116/260\n|move|p1a: Landorus|Stone Edge|p2a: Thundurus\n|-supereffective|p2a: Thundurus\n|-damage|p2a: Thundurus|0 fnt\n|faint|p2a: Thundurus\n|\n|-heal|p1a: Landorus|132/260|[from] item: Leftovers\n|upkeep\n|\n|t:|1783564568\n|switch|p2a: Minun|Minun, L95, M|100/100\n|turn|17\n|inactive|Time left: 300 sec this turn | 300 sec total\n|\n|t:|1783564569\n|move|p2a: Minun|Grass Knot|p1a: Landorus\n|-damage|p1a: Landorus|46/260\n|-damage|p2a: Minun|91/100|[from] item: Life Orb\n|move|p1a: Landorus|Earthquake|p2a: Minun\n|-supereffective|p2a: Minun\n|-damage|p2a: Minun|0 fnt\n|faint|p2a: Minun\n|\n|-heal|p1a: Landorus|62/260|[from] item: Leftovers\n|upkeep\n|\n|t:|1783564570\n|switch|p2a: Annihilape|Annihilape, L76, F|90/100\n|turn|18\n|inactive|Time left: 300 sec this turn | 300 sec total\n|\n|t:|1783564571\n|move|p1a: Landorus|Earthquake|p2a: Annihilape\n|-damage|p2a: Annihilape|44/100\n|move|p2a: Annihilape|Drain Punch|p1a: Landorus\n|-resisted|p1a: Landorus\n|-damage|p1a: Landorus|20/260\n|-heal|p2a: Annihilape|52/100|[from] drain|[of] p1a: Landorus\n|\n|-heal|p1a: Landorus|36/260|[from] item: Leftovers\n|-heal|p2a: Annihilape|58/100|[from] item: Leftovers\n|upkeep\n|turn|19\n|inactive|Time left: 300 sec this turn | 300 sec total\n|\n|t:|1783564572\n|move|p1a: Landorus|Earthquake|p2a: Annihilape\n|-damage|p2a: Annihilape|13/100\n|move|p2a: Annihilape|Rage Fist|p1a: Landorus\n|-damage|p1a: Landorus|0 fnt\n|faint|p1a: Landorus\n|\n|win|p0y21978a19", "uploadtime": 1783564572, "views": 0, "rating": 0, "private": 0, "password": null, "_winner": "p0y21978a19", "_our_name": "p0x219704e1"}