{"id": "battle-gen9randombattle-2566", "formatid": "gen9randombattle", "format": "[Gen 9] Random Battle", "players": ["p0x256693ad", "p0y25660963"], "log": "|init|battle\n|title|p0x256693ad vs. p0y25660963\n|j|\u2606p0x256693ad\n|j|\u2606p0y25660963\n|t:|1783568713\n|gametype|singles\n|player|p1|p0x256693ad|265|\n|player|p2|p0y25660963|170|\n|gen|9\n|tier|[Gen 9] Random Battle\n|rule|Species Clause: Limit one of each Pok\u00e9mon\n|rule|HP Percentage Mod: HP is shown in percentages\n|rule|Sleep Clause Mod: Limit one foe put to sleep\n|rule|Illusion Level Mod: Illusion disguises the Pok\u00e9mon's true level\n|\n|t:|1783568713\n|teamsize|p1|6\n|teamsize|p2|6\n|start\n|switch|p1a: Garganacl|Garganacl, L80, M|100/100\n|switch|p2a: Giratina|Giratina, L75|349/349\n|-ability|p2a: Giratina|Pressure\n|turn|1\n|inactive|Battle timer is ON: inactive players will automatically lose when time's up. (requested by p0y25660963)\n|inactive|p0x256693ad also wants the timer to be on.\n|\n|t:|1783568715\n|move|p2a: Giratina|Shadow Ball|p1a: Garganacl\n|-damage|p1a: Garganacl|88/100\n|move|p1a: Garganacl|Iron Defense|p1a: Garganacl\n|-boost|p1a: Garganacl|def|2\n|\n|-heal|p1a: Garganacl|94/100|[from] item: Leftovers\n|upkeep\n|turn|2\n|inactive|Time left: 300 sec this turn | 300 sec total\n|\n|t:|1783568716\n|switch|p2a: Pelipper|Pelipper, L86, M|243/243\n|-weather|RainDance|[from] ability: Drizzle|[of] p2a: Pelipper\n|move|p1a: Garganacl|Salt Cure|p2a: Pelipper\n|-supereffective|p2a: Pelipper\n|-damage|p2a: Pelipper|171/243\n|-start|p2a: Pelipper|Salt Cure\n|\n|-weather|RainDance|[upkeep]\n|-heal|p1a: Garganacl|99/100|[from] item: Leftovers\n|-damage|p2a: Pelipper|111/243|[from] Salt Cure\n|upkeep\n|turn|3\n|inactive|Time left: 300 sec this turn | 300 sec total\n|\n|t:|1783568717\n|move|p2a: Pelipper|Weather Ball|p1a: Garganacl\n|-supereffective|p1a: Garganacl\n|-damage|p1a: Garganacl|0 fnt\n|faint|p1a: Garganacl\n|\n|-weather|RainDance|[upkeep]\n|-damage|p2a: Pelipper|51/243|[from] Salt Cure\n|upkeep\n|\n|t:|1783568718\n|switch|p1a: Hydrapple|Hydrapple, L83, M|100/100\n|turn|4\n|inactive|Time left: 300 sec this turn | 300 sec total\n|\n|t:|1783568719\n|switch|p2a: Iron Hands|Iron Hands, L79|373/373\n|move|p1a: Hydrapple|Fickle Beam|p2a: Iron Hands\n|-damage|p2a: Iron Hands|181/373\n|\n|-weather|RainDance|[upkeep]\n|-heal|p2a: Iron Hands|204/373|[from] item: Leftovers\n|upkeep\n|turn|5\n|inactive|Time left: 300 sec this turn | 300 sec total\n|\n|t:|1783568720\n|move|p2a: Iron Hands|Ice Punch|p1a: Hydrapple\n|-supereffective|p1a: Hydrapple\n|-damage|p1a: Hydrapple|36/100\n|move|p1a: Hydrapple|Fickle Beam|p2a: Iron Hands\n|-damage|p2a: Iron Hands|18/373\n|\n|-weather|RainDance|[upkeep]\n|-heal|p2a: Iron Hands|41/373|[from] item: Leftovers\n|upkeep\n|turn|6\n|inactive|Time left: 300 sec this turn | 300 sec total\n|\n|t:|1783568721\n|switch|p1a: Ribombee|Ribombee, L83, F|100/100\n|move|p2a: Iron Hands|Ice Punch|p1a: Ribombee\n|-damage|p1a: Ribombee|66/100\n|\n|-weather|none\n|-heal|p2a: Iron Hands|64/373|[from] item: Leftovers\n|upkeep\n|turn|7\n|inactive|Time left: 300 sec this turn | 300 sec total\n|\n|t:|1783568722\n|move|p1a: Ribombee|Moonblast|p2a: Iron Hands\n|-supereffective|p2a: Iron Hands\n|-damage|p2a: Iron Hands|0 fnt\n|faint|p2a: Iron Hands\n|-end|p2a: Iron Hands|Quark Drive|[silent]\n|\n|upkeep\n|inactive|Time left: 300 sec this turn | 300 sec total | 5 sec grace\n|\n|t:|1783568723\n|switch|p2a: Skuntank|Skuntank, L84, F|310/310\n|turn|8\n|inactive|Time left: 300 sec this turn | 300 sec total\n|\n|t:|1783568724\n|move|p1a: Ribombee|Moonblast|p2a: Skuntank\n|-damage|p2a: Skuntank|172/310\n|move|p2a: Skuntank|Gunk Shot|p1a: Ribombee\n|-supereffective|p1a: Ribombee\n|-damage|p1a: Ribombee|0 fnt\n|faint|p1a: Ribombee\n|-damage|p2a: Skuntank|141/310|[from] item: Life Orb\n|\n|upkeep\n|\n|t:|1783568725\n|switch|p1a: Hydrapple|Hydrapple, L83, M|70/100\n|turn|9\n|inactive|Time left: 300 sec this turn | 300 sec total\n|\n|t:|1783568726\n|move|p2a: Skuntank|Gunk Shot|p1a: Hydrapple\n|-supereffective|p1a: Hydrapple\n|-damage|p1a: Hydrapple|0 fnt\n|faint|p1a: Hydrapple\n|-damage|p2a: Skuntank|110/310|[from] item: Life Orb\n|\n|upkeep\n|\n|t:|1783568727\n|switch|p1a: Lumineon|Lumineon, L93, M|100/100\n|turn|10\n|inactive|Time left: 300 sec this turn | 300 sec total\n|\n|t:|1783568728\n|switch|p2a: Giratina|Giratina, L75|349/349\n|-ability|p2a: Giratina|Pressure\n|move|p1a: Lumineon|Hydro Pump|p2a: Giratina\n|-resisted|p2a: Giratina\n|-damage|p2a: Giratina|297/349\n|\n|-heal|p2a: Giratina|318/349|[from] item: Leftovers\n|upkeep\n|turn|11\n|inactive|Time left: 300 sec this turn | 300 sec total\n|\n|t:|1783568729\n|move|p1a: Lumineon|Ice Beam|p2a: Giratina\n|-supereffective|p2a: Giratina\n|-damage|p2a: Giratina|208/349\n|move|p2a: Giratina|Shadow Ball|p1a: Lumineon\n|-damage|p1a: Lumineon|78/100\n|\n|-heal|p2a: Giratina|229/349|[from] item: Leftovers\n|upkeep\n|turn|12\n|inactive|Time left: 300 sec this turn | 300 sec total\n|\n|t:|1783568731\n|move|p1a: Lumineon|Ice Beam|p2a: Giratina\n|-supereffective|p2a: Giratina\n|-damage|p2a: Giratina|123/349\n|move|p2a: Giratina|Shadow Ball|p1a: Lumineon\n|-damage|p1a: Lumineon|56/100\n|\n|-heal|p2a: Giratina|144/349|[from] item: Leftovers\n|upkeep\n|turn|13\n|inactive|Time left: 300 sec this turn | 300 sec total\n|\n|t:|1783568732\n|move|p1a: Lumineon|Ice Beam|p2a: Giratina\n|-supereffective|p2a: Giratina\n|-damage|p2a: Giratina|42/349\n|move|p2a: Giratina|Shadow Ball|p1a: Lumineon\n|-damage|p1a: Lumineon|31/100\n|\n|-heal|p2a: Giratina|63/349|[from] item: Leftovers\n|upkeep\n|turn|14\n|inactive|Time left: 300 sec this turn | 300 sec total\n|\n|t:|1783568733\n|move|p1a: Lumineon|Ice Beam|p2a: Giratina\n|-supereffective|p2a: Giratina\n|-damage|p2a: Giratina|0 fnt\n|faint|p2a: Giratina\n|\n|upkeep\n|inactive|Time left: 300 sec this turn | 300 sec total | 5 sec grace\n|\n|t:|1783568734\n|switch|p2a: Glaceon|Glaceon, L94, F|275/275\n|turn|15\n|inactive|Time left: 300 sec this turn | 300 sec total\n|\n|t:|1783568735\n|switch|p1a: Reuniclus|Reuniclus, L88, M|100/100\n|move|p2a: Glaceon|Freeze-Dry|p1a: Reuniclus\n|-damage|p1a: Reuniclus|68/100\n|\n|upkeep\n|turn|16\n|inactive|Time left: 300 sec this turn | 300 sec total\n|\n|t:|1783568736\n|move|p2a: Glaceon|Freeze-Dry|p1a: Reuniclus\n|-damage|p1a: Reuniclus|32/100\n|-status|p1a: Reuniclus|frz\n|cant|p1a: Reuniclus|frz\n|\n|upkeep\n|turn|17\n|inactive|Time left: 300 sec this turn | 300 sec total\n|\n|t:|1783568737\n|move|p2a: Glaceon|Freeze-Dry|p1a: Reuniclus\n|-damage|p1a: Reuniclus|0 fnt\n|faint|p1a: Reuniclus\n|\n|upkeep\n|\n|t:|1783568738\n|switch|p1a: Lumineon|Lumineon, L93, M|31/100\n|turn|18\n|inactive|Time left: 300 sec this turn | 300 sec total\n|\n|t:|1783568738\n|-terastallize|p1a: Lumineon|Steel\n|move|p1a: Lumineon|Hydro Pump|p2a: Glaceon\n|-damage|p2a: Glaceon|181/275\n|move|p2a: Glaceon|Freeze-Dry|p1a: Lumineon\n|-resisted|p1a: Lumineon\n|-damage|p1a: Lumineon|11/100\n|-status|p1a: Lumineon|frz\n|\n|upkeep\n|turn|19\n|inactive|Time left: 300 sec this turn | 300 sec total\n|\n|t:|1783568740\n|cant|p1a: Lumineon|frz\n|move|p2a: Glaceon|Freeze-Dry|p1a: Lumineon\n|-resisted|p1a: Lumineon\n|-damage|p1a: Lumineon|0 fnt\n|faint|p1a: Lumineon\n|\n|upkeep\n|\n|t:|1783568740\n|switch|p1a: Crawdaunt|Crawdaunt, L84, F|100/100\n|turn|20\n|inactive|Time left: 300 sec this turn | 300 sec total\n|\n|t:|1783568741\n|move|p2a: Glaceon|Freeze-Dry|p1a: Crawdaunt\n|-supereffective|p1a: Crawdaunt\n|-damage|p1a: Crawdaunt|0 fnt\n|faint|p1a: Crawdaunt\n|\n|win|p0y25660963", "uploadtime": 1783568741, "views": 0, "rating": 0, "private": 0, "password": null, "_winner": "p0y25660963", "_our_name": "p0y25660963"}