{"id": "battle-gen9randombattle-114", "formatid": "gen9randombattle", "format": "[Gen 9] Random Battle", "players": ["p0x114c770", "p0y1143865"], "log": "|init|battle\n|title|p0x114c770 vs. p0y1143865\n|j|\u2606p0x114c770\n|j|\u2606p0y1143865\n|t:|1783540807\n|gametype|singles\n|player|p1|p0x114c770|102|\n|player|p2|p0y1143865|170|\n|gen|9\n|tier|[Gen 9] Random Battle\n|rule|Species Clause: Limit one of each Pok\u00e9mon\n|rule|HP Percentage Mod: HP is shown in percentages\n|rule|Sleep Clause Mod: Limit one foe put to sleep\n|rule|Illusion Level Mod: Illusion disguises the Pok\u00e9mon's true level\n|\n|t:|1783540807\n|teamsize|p1|6\n|teamsize|p2|6\n|start\n|switch|p1a: Grumpig|Grumpig, L92, F|100/100\n|switch|p2a: Dewgong|Dewgong, L94, M|322/322\n|turn|1\n|inactive|Battle timer is ON: inactive players will automatically lose when time's up. (requested by p0y1143865)\n|inactive|p0x114c770 also wants the timer to be on.\n|\n|t:|1783540809\n|move|p1a: Grumpig|Earth Power|p2a: Dewgong\n|-damage|p2a: Dewgong|266/322\n|-unboost|p2a: Dewgong|spd|1\n|move|p2a: Dewgong|Knock Off|p1a: Grumpig\n|-supereffective|p1a: Grumpig\n|-damage|p1a: Grumpig|45/100\n|-enditem|p1a: Grumpig|Choice Scarf|[from] move: Knock Off|[of] p2a: Dewgong\n|\n|upkeep\n|turn|2\n|inactive|Time left: 300 sec this turn | 300 sec total\n|\n|t:|1783540810\n|switch|p2a: Kricketune|Kricketune, L99, F|312/312\n|move|p1a: Grumpig|Psyshock|p2a: Kricketune\n|-damage|p2a: Kricketune|183/312\n|\n|upkeep\n|turn|3\n|inactive|Time left: 300 sec this turn | 300 sec total\n|\n|t:|1783540811\n|move|p1a: Grumpig|Shadow Ball|p2a: Kricketune\n|-damage|p2a: Kricketune|110/312\n|move|p2a: Kricketune|Sticky Web|p1a: Grumpig\n|-sidestart|p1: p0x114c770|move: Sticky Web\n|\n|upkeep\n|turn|4\n|inactive|Time left: 300 sec this turn | 300 sec total\n|\n|t:|1783540812\n|switch|p2a: Shiftry|Shiftry, L89, M|305/305\n|move|p1a: Grumpig|Psyshock|p2a: Shiftry\n|-immune|p2a: Shiftry\n|\n|upkeep\n|turn|5\n|inactive|Time left: 300 sec this turn | 300 sec total\n|\n|t:|1783540813\n|switch|p1a: Dipplin|Dipplin, L88, M|100/100\n|-activate|p1a: Dipplin|move: Sticky Web\n|-unboost|p1a: Dipplin|spe|1\n|move|p2a: Shiftry|Knock Off|p1a: Dipplin\n|-damage|p1a: Dipplin|71/100\n|-activate|p1a: Dipplin|ability: Sticky Hold\n|-damage|p2a: Shiftry|275/305|[from] item: Life Orb\n|\n|upkeep\n|turn|6\n|inactive|Time left: 300 sec this turn | 300 sec total\n|\n|t:|1783540815\n|move|p2a: Shiftry|Swords Dance|p2a: Shiftry\n|-boost|p2a: Shiftry|atk|2\n|move|p1a: Dipplin|Dragon Pulse|p2a: Shiftry\n|-damage|p2a: Shiftry|160/305\n|\n|upkeep\n|turn|7\n|inactive|Time left: 300 sec this turn | 300 sec total\n|\n|t:|1783540816\n|-terastallize|p2a: Shiftry|Dark\n|move|p2a: Shiftry|Knock Off|p1a: Dipplin\n|-damage|p1a: Dipplin|0 fnt\n|-enditem|p1a: Dipplin|Eviolite|[from] move: Knock Off|[of] p2a: Shiftry\n|faint|p1a: Dipplin\n|-damage|p2a: Shiftry|130/305|[from] item: Life Orb\n|\n|upkeep\n|\n|t:|1783540817\n|switch|p1a: Swalot|Swalot, L90, F|100/100\n|-activate|p1a: Swalot|move: Sticky Web\n|-unboost|p1a: Swalot|spe|1\n|turn|8\n|inactive|Time left: 300 sec this turn | 300 sec total\n|\n|t:|1783540818\n|move|p1a: Swalot|Protect|p1a: Swalot\n|-singleturn|p1a: Swalot|Protect\n|move|p2a: Shiftry|Knock Off|p1a: Swalot\n|-activate|p1a: Swalot|move: Protect\n|\n|upkeep\n|turn|9\n|inactive|Time left: 300 sec this turn | 300 sec total\n|\n|t:|1783540819\n|switch|p1a: Grumpig|Grumpig, L92, F|45/100\n|-activate|p1a: Grumpig|move: Sticky Web\n|-unboost|p1a: Grumpig|spe|1\n|move|p2a: Shiftry|Knock Off|p1a: Grumpig\n|-supereffective|p1a: Grumpig\n|-damage|p1a: Grumpig|0 fnt\n|faint|p1a: Grumpig\n|-damage|p2a: Shiftry|100/305|[from] item: Life Orb\n|\n|upkeep\n|\n|t:|1783540820\n|switch|p1a: Urshifu|Urshifu-Rapid-Strike, L75, M|100/100\n|-activate|p1a: Urshifu|move: Sticky Web\n|-unboost|p1a: Urshifu|spe|1\n|turn|10\n|inactive|Time left: 300 sec this turn | 300 sec total\n|\n|t:|1783540821\n|move|p1a: Urshifu|Aqua Jet|p2a: Shiftry\n|-damage|p2a: Shiftry|15/305\n|move|p2a: Shiftry|Leaf Blade|p1a: Urshifu\n|-supereffective|p1a: Urshifu\n|-damage|p1a: Urshifu|0 fnt\n|faint|p1a: Urshifu\n|-damage|p2a: Shiftry|0 fnt|[from] item: Life Orb\n|faint|p2a: Shiftry\n|\n|upkeep\n|inactive|Time left: 300 sec this turn | 300 sec total | 5 sec grace\n|\n|t:|1783540822\n|switch|p2a: Miraidon|Miraidon, L65|238/238\n|switch|p1a: Meloetta|Meloetta, L82|100/100\n|-fieldstart|move: Electric Terrain|[from] ability: Hadron Engine|[of] p2a: Miraidon\n|-activate|p1a: Meloetta|move: Sticky Web\n|-unboost|p1a: Meloetta|spe|1\n|turn|11\n|inactive|Time left: 300 sec this turn | 300 sec total\n|\n|t:|1783540823\n|move|p2a: Miraidon|Electro Drift|p1a: Meloetta\n|-damage|p1a: Meloetta|40/100\n|move|p1a: Meloetta|Calm Mind|p1a: Meloetta\n|-boost|p1a: Meloetta|spa|1\n|-boost|p1a: Meloetta|spd|1\n|\n|-heal|p1a: Meloetta|46/100|[from] item: Leftovers\n|upkeep\n|turn|12\n|inactive|Time left: 300 sec this turn | 300 sec total\n|\n|t:|1783540824\n|move|p2a: Miraidon|Electro Drift|p1a: Meloetta\n|-damage|p1a: Meloetta|7/100\n|move|p1a: Meloetta|Psyshock|p2a: Miraidon\n|-damage|p2a: Miraidon|61/238\n|\n|-heal|p1a: Meloetta|13/100|[from] item: Leftovers\n|upkeep\n|turn|13\n|inactive|Time left: 300 sec this turn | 300 sec total\n|\n|t:|1783540825\n|switch|p1a: Dugtrio|Dugtrio, L84, F|100/100\n|-activate|p1a: Dugtrio|move: Sticky Web\n|-unboost|p1a: Dugtrio|spe|1\n|move|p2a: Miraidon|Electro Drift|p1a: Dugtrio\n|-immune|p1a: Dugtrio\n|\n|upkeep\n|turn|14\n|inactive|Time left: 300 sec this turn | 300 sec total\n|\n|t:|1783540826\n|move|p2a: Miraidon|Electro Drift|p1a: Dugtrio\n|-immune|p1a: Dugtrio\n|move|p1a: Dugtrio|Earthquake|p2a: Miraidon\n|-supereffective|p2a: Miraidon\n|-damage|p2a: Miraidon|0 fnt\n|faint|p2a: Miraidon\n|\n|upkeep\n|inactive|Time left: 300 sec this turn | 300 sec total | 5 sec grace\n|\n|t:|1783540827\n|switch|p2a: Dewgong|Dewgong, L94, M|266/322\n|turn|15\n|inactive|Time left: 300 sec this turn | 300 sec total\n|\n|t:|1783540828\n|switch|p1a: Swalot|Swalot, L90, F|100/100\n|-activate|p1a: Swalot|move: Sticky Web\n|-unboost|p1a: Swalot|spe|1\n|move|p2a: Dewgong|Ice Beam|p1a: Swalot\n|-damage|p1a: Swalot|71/100\n|\n|-heal|p1a: Swalot|77/100|[from] item: Leftovers\n|-fieldend|move: Electric Terrain\n|upkeep\n|turn|16\n|inactive|Time left: 300 sec this turn | 300 sec total\n|\n|t:|1783540829\n|move|p2a: Dewgong|Ice Beam|p1a: Swalot\n|-damage|p1a: Swalot|48/100\n|move|p1a: Swalot|Toxic|p2a: Dewgong\n|-status|p2a: Dewgong|tox\n|\n|-heal|p1a: Swalot|54/100|[from] item: Leftovers\n|-damage|p2a: Dewgong|246/322 tox|[from] psn\n|upkeep\n|turn|17\n|inactive|Time left: 300 sec this turn | 300 sec total\n|\n|t:|1783540831\n|move|p1a: Swalot|Protect|p1a: Swalot\n|-singleturn|p1a: Swalot|Protect\n|move|p2a: Dewgong|Ice Beam|p1a: Swalot\n|-activate|p1a: Swalot|move: Protect\n|\n|-heal|p1a: Swalot|60/100|[from] item: Leftovers\n|-damage|p2a: Dewgong|206/322 tox|[from] psn\n|upkeep\n|turn|18\n|inactive|Time left: 300 sec this turn | 300 sec total\n|\n|t:|1783540831\n|move|p2a: Dewgong|Knock Off|p1a: Swalot\n|-damage|p1a: Swalot|39/100\n|-enditem|p1a: Swalot|Leftovers|[from] move: Knock Off|[of] p2a: Dewgong\n|move|p1a: Swalot|Earthquake|p2a: Dewgong\n|-damage|p2a: Dewgong|137/322 tox\n|\n|-damage|p2a: Dewgong|77/322 tox|[from] psn\n|upkeep\n|turn|19\n|inactive|Time left: 300 sec this turn | 300 sec total\n|\n|t:|1783540833\n|move|p2a: Dewgong|Ice Beam|p1a: Swalot\n|-damage|p1a: Swalot|9/100\n|move|p1a: Swalot|Sludge Bomb|p2a: Dewgong\n|-damage|p2a: Dewgong|0 fnt\n|faint|p2a: Dewgong\n|\n|upkeep\n|inactive|Time left: 300 sec this turn | 300 sec total | 5 sec grace\n|\n|t:|1783540834\n|switch|p2a: Mienshao|Mienshao, L83, M|243/243\n|turn|20\n|inactive|Time left: 300 sec this turn | 300 sec total\n|\n|t:|1783540835\n|move|p1a: Swalot|Protect|p1a: Swalot\n|-singleturn|p1a: Swalot|Protect\n|move|p2a: Mienshao|Knock Off|p1a: Swalot\n|-activate|p1a: Swalot|move: Protect\n|\n|upkeep\n|turn|21\n|inactive|Time left: 300 sec this turn | 300 sec total\n|\n|t:|1783540836\n|move|p1a: Swalot|Protect||[still]\n|-fail|p1a: Swalot\n|move|p2a: Mienshao|Knock Off|p1a: Swalot\n|-damage|p1a: Swalot|0 fnt\n|faint|p1a: Swalot\n|\n|upkeep\n|\n|t:|1783540837\n|switch|p1a: Dugtrio|Dugtrio, L84, F|100/100\n|-activate|p1a: Dugtrio|move: Sticky Web\n|-unboost|p1a: Dugtrio|spe|1\n|turn|22\n|inactive|Time left: 300 sec this turn | 300 sec total\n|\n|t:|1783540838\n|-terastallize|p1a: Dugtrio|Dark\n|move|p2a: Mienshao|Knock Off|p1a: Dugtrio\n|-resisted|p1a: Dugtrio\n|-damage|p1a: Dugtrio|57/100\n|-enditem|p1a: Dugtrio|Choice Band|[from] move: Knock Off|[of] p2a: Mienshao\n|move|p1a: Dugtrio|Earthquake|p2a: Mienshao\n|-damage|p2a: Mienshao|93/243\n|\n|upkeep\n|turn|23\n|inactive|Time left: 300 sec this turn | 300 sec total\n|\n|t:|1783540839\n|move|p2a: Mienshao|Knock Off|p1a: Dugtrio\n|-resisted|p1a: Dugtrio\n|-damage|p1a: Dugtrio|27/100\n|move|p1a: Dugtrio|Throat Chop|p2a: Mienshao\n|-resisted|p2a: Mienshao\n|-damage|p2a: Mienshao|39/243\n|-start|p2a: Mienshao|Throat Chop|[silent]\n|\n|upkeep\n|turn|24\n|inactive|Time left: 300 sec this turn | 300 sec total\n|\n|t:|1783540841\n|move|p1a: Dugtrio|Sucker Punch|p2a: Mienshao\n|-resisted|p2a: Mienshao\n|-damage|p2a: Mienshao|0 fnt\n|faint|p2a: Mienshao\n|\n|upkeep\n|inactive|Time left: 300 sec this turn | 300 sec total | 5 sec grace\n|\n|t:|1783540842\n|switch|p2a: Regirock|Regirock, L83|268/268\n|turn|25\n|inactive|Time left: 300 sec this turn | 300 sec total\n|\n|t:|1783540843\n|move|p1a: Dugtrio|Stone Edge|p2a: Regirock\n|-damage|p2a: Regirock|232/268\n|move|p2a: Regirock|Body Press|p1a: Dugtrio\n|-supereffective|p1a: Dugtrio\n|-damage|p1a: Dugtrio|0 fnt\n|faint|p1a: Dugtrio\n|\n|-heal|p2a: Regirock|248/268|[from] item: Leftovers\n|upkeep\n|\n|t:|1783540844\n|switch|p1a: Meloetta|Meloetta, L82|13/100\n|-activate|p1a: Meloetta|move: Sticky Web\n|-unboost|p1a: Meloetta|spe|1\n|turn|26\n|inactive|Time left: 300 sec this turn | 300 sec total\n|\n|t:|1783540845\n|move|p2a: Regirock|Body Press|p1a: Meloetta\n|-damage|p1a: Meloetta|0 fnt\n|faint|p1a: Meloetta\n|\n|win|p0y1143865", "uploadtime": 1783540845, "views": 0, "rating": 0, "private": 0, "password": null, "_winner": "p0y1143865", "_our_name": "p0y1143865"}