{"id": "battle-gen9randombattle-2009", "formatid": "gen9randombattle", "format": "[Gen 9] Random Battle", "players": ["p0x2009d37e", "p0y20099daf"], "log": "|init|battle\n|title|p0x2009d37e vs. p0y20099daf\n|j|\u2606p0x2009d37e\n|j|\u2606p0y20099daf\n|t:|1783563234\n|gametype|singles\n|player|p1|p0x2009d37e|265|\n|player|p2|p0y20099daf|170|\n|gen|9\n|tier|[Gen 9] Random Battle\n|rule|Species Clause: Limit one of each Pok\u00e9mon\n|rule|HP Percentage Mod: HP is shown in percentages\n|rule|Sleep Clause Mod: Limit one foe put to sleep\n|rule|Illusion Level Mod: Illusion disguises the Pok\u00e9mon's true level\n|\n|t:|1783563234\n|teamsize|p1|6\n|teamsize|p2|6\n|start\n|switch|p1a: Toxtricity|Toxtricity, L82, M|100/100\n|switch|p2a: Charizard|Charizard, L85, F|271/271\n|turn|1\n|inactive|Battle timer is ON: inactive players will automatically lose when time's up. (requested by p0x2009d37e)\n|inactive|Time left: 300 sec this turn | 300 sec total | 60 sec grace\n|inactive|p0y20099daf also wants the timer to be on.\n|\n|t:|1783563236\n|move|p1a: Toxtricity|Boomburst|p2a: Charizard\n|-damage|p2a: Charizard|135/271\n|move|p2a: Charizard|Earthquake|p1a: Toxtricity\n|-supereffective|p1a: Toxtricity\n|-damage|p1a: Toxtricity|0 fnt\n|faint|p1a: Toxtricity\n|\n|upkeep\n|\n|t:|1783563237\n|switch|p1a: Braviary|Braviary-Hisui, L85, M|100/100\n|turn|2\n|inactive|Time left: 300 sec this turn | 300 sec total\n|\n|t:|1783563239\n|move|p2a: Charizard|Flare Blitz|p1a: Braviary\n|-damage|p1a: Braviary|58/100\n|-damage|p2a: Charizard|89/271|[from] Recoil\n|move|p1a: Braviary|Esper Wing|p2a: Charizard\n|-damage|p2a: Charizard|0 fnt\n|-boost|p1a: Braviary|spe|1\n|faint|p2a: Charizard\n|\n|upkeep\n|inactive|Time left: 300 sec this turn | 300 sec total | 5 sec grace\n|\n|t:|1783563240\n|switch|p2a: Skuntank|Skuntank, L84, M|310/310\n|turn|3\n|inactive|Time left: 300 sec this turn | 300 sec total\n|\n|t:|1783563241\n|switch|p1a: Okidogi|Okidogi, L77, M|100/100\n|move|p2a: Skuntank|Knock Off|p1a: Okidogi\n|-resisted|p1a: Okidogi\n|-damage|p1a: Okidogi|79/100\n|-enditem|p1a: Okidogi|Leftovers|[from] move: Knock Off|[of] p2a: Skuntank\n|-damage|p2a: Skuntank|279/310|[from] item: Life Orb\n|\n|upkeep\n|turn|4\n|inactive|Time left: 300 sec this turn | 300 sec total\n|\n|t:|1783563242\n|move|p2a: Skuntank|Gunk Shot|p1a: Okidogi\n|-resisted|p1a: Okidogi\n|-damage|p1a: Okidogi|50/100\n|-damage|p2a: Skuntank|248/310|[from] item: Life Orb\n|move|p1a: Okidogi|Drain Punch|p2a: Skuntank\n|-damage|p2a: Skuntank|151/310\n|-heal|p1a: Okidogi|69/100|[from] drain|[of] p2a: Skuntank\n|\n|upkeep\n|turn|5\n|inactive|Time left: 300 sec this turn | 300 sec total\n|\n|t:|1783563244\n|move|p2a: Skuntank|Gunk Shot|p1a: Okidogi\n|-resisted|p1a: Okidogi\n|-damage|p1a: Okidogi|42/100\n|-damage|p2a: Skuntank|120/310|[from] item: Life Orb\n|move|p1a: Okidogi|Drain Punch|p2a: Skuntank\n|-damage|p2a: Skuntank|14/310\n|-heal|p1a: Okidogi|62/100|[from] drain|[of] p2a: Skuntank\n|\n|upkeep\n|turn|6\n|inactive|Time left: 300 sec this turn | 300 sec total\n|\n|t:|1783563245\n|move|p2a: Skuntank|Gunk Shot|p1a: Okidogi\n|-resisted|p1a: Okidogi\n|-crit|p1a: Okidogi\n|-damage|p1a: Okidogi|20/100\n|-damage|p2a: Skuntank|0 fnt|[from] item: Life Orb\n|faint|p2a: Skuntank\n|move|p1a: Okidogi|Bulk Up|p1a: Okidogi\n|-boost|p1a: Okidogi|atk|1\n|-boost|p1a: Okidogi|def|1\n|\n|upkeep\n|inactive|Time left: 300 sec this turn | 300 sec total | 5 sec grace\n|\n|t:|1783563246\n|switch|p2a: Sceptile|Sceptile, L87, F|264/264\n|turn|7\n|inactive|Time left: 300 sec this turn | 300 sec total\n|\n|t:|1783563247\n|move|p2a: Sceptile|Giga Drain|p1a: Okidogi\n|-resisted|p1a: Okidogi\n|-damage|p1a: Okidogi|0 fnt\n|faint|p1a: Okidogi\n|-damage|p2a: Sceptile|238/264|[from] item: Life Orb\n|\n|upkeep\n|\n|t:|1783563248\n|switch|p1a: Braviary|Braviary-Hisui, L85, M|58/100\n|turn|8\n|inactive|Time left: 300 sec this turn | 300 sec total\n|\n|t:|1783563249\n|switch|p2a: Hypno|Hypno, L95, F|315/315\n|move|p1a: Braviary|Hurricane|p2a: Hypno|[miss]\n|-miss|p1a: Braviary|p2a: Hypno\n|\n|upkeep\n|turn|9\n|inactive|Time left: 300 sec this turn | 300 sec total\n|\n|t:|1783563251\n|move|p2a: Hypno|Knock Off|p1a: Braviary\n|-supereffective|p1a: Braviary\n|-damage|p1a: Braviary|7/100\n|-enditem|p1a: Braviary|Choice Specs|[from] move: Knock Off|[of] p2a: Hypno\n|move|p1a: Braviary|Hurricane|p2a: Hypno\n|-damage|p2a: Hypno|224/315\n|-start|p2a: Hypno|confusion\n|\n|-heal|p2a: Hypno|243/315|[from] item: Leftovers\n|upkeep\n|turn|10\n|inactive|Time left: 300 sec this turn | 300 sec total\n|\n|t:|1783563252\n|-activate|p2a: Hypno|confusion\n|move|p2a: Hypno|Knock Off|p1a: Braviary\n|-supereffective|p1a: Braviary\n|-damage|p1a: Braviary|0 fnt\n|faint|p1a: Braviary\n|\n|-heal|p2a: Hypno|262/315|[from] item: Leftovers\n|upkeep\n|\n|t:|1783563253\n|switch|p1a: Pyroar|Pyroar, L88, M|100/100\n|-ability|p1a: Pyroar|Unnerve\n|turn|11\n|inactive|Time left: 300 sec this turn | 300 sec total\n|\n|t:|1783563254\n|switch|p2a: Golduck|Golduck, L90, M|290/290\n|-ability|p2a: Golduck|Cloud Nine\n|move|p1a: Pyroar|Work Up|p1a: Pyroar\n|-boost|p1a: Pyroar|atk|1\n|-boost|p1a: Pyroar|spa|1\n|\n|upkeep\n|turn|12\n|inactive|Time left: 300 sec this turn | 300 sec total\n|\n|t:|1783563255\n|move|p1a: Pyroar|Hyper Voice|p2a: Golduck\n|-damage|p2a: Golduck|107/290\n|move|p2a: Golduck|Hydro Pump|p1a: Pyroar|[miss]\n|-miss|p2a: Golduck|p1a: Pyroar\n|\n|-heal|p2a: Golduck|125/290|[from] item: Leftovers\n|upkeep\n|turn|13\n|inactive|Time left: 300 sec this turn | 300 sec total\n|\n|t:|1783563256\n|move|p1a: Pyroar|Hyper Voice|p2a: Golduck\n|-damage|p2a: Golduck|0 fnt\n|faint|p2a: Golduck\n|\n|upkeep\n|inactive|Time left: 300 sec this turn | 300 sec total | 5 sec grace\n|\n|t:|1783563257\n|switch|p2a: Sceptile|Sceptile, L87, F|238/264\n|turn|14\n|inactive|Time left: 300 sec this turn | 300 sec total\n|\n|t:|1783563258\n|-terastallize|p2a: Sceptile|Ground\n|move|p2a: Sceptile|Earthquake|p1a: Pyroar\n|-supereffective|p1a: Pyroar\n|-damage|p1a: Pyroar|0 fnt\n|faint|p1a: Pyroar\n|-damage|p2a: Sceptile|212/264|[from] item: Life Orb\n|\n|upkeep\n|\n|t:|1783563259\n|switch|p1a: Basculegion|Basculegion, L80, M|100/100\n|turn|15\n|inactive|Time left: 300 sec this turn | 300 sec total\n|\n|t:|1783563260\n|move|p2a: Sceptile|Giga Drain|p1a: Basculegion\n|-supereffective|p1a: Basculegion\n|-damage|p1a: Basculegion|44/100\n|-heal|p2a: Sceptile|264/264|[from] drain|[of] p1a: Basculegion\n|-damage|p2a: Sceptile|238/264|[from] item: Life Orb\n|move|p1a: Basculegion|Flip Turn|p2a: Sceptile\n|-supereffective|p2a: Sceptile\n|-damage|p2a: Sceptile|14/264\n|\n|t:|1783563262\n|switch|p1a: Houndstone|Houndstone, L86, F|100/100|[from] Flip Turn\n|\n|upkeep\n|turn|16\n|inactive|Time left: 300 sec this turn | 300 sec total\n|\n|t:|1783563263\n|move|p1a: Houndstone|Shadow Sneak|p2a: Sceptile\n|-damage|p2a: Sceptile|0 fnt\n|faint|p2a: Sceptile\n|\n|upkeep\n|inactive|Time left: 300 sec this turn | 300 sec total | 5 sec grace\n|\n|t:|1783563264\n|switch|p2a: Haxorus|Haxorus, L77, F|244/244\n|-ability|p2a: Haxorus|Mold Breaker\n|turn|17\n|inactive|Time left: 300 sec this turn | 300 sec total\n|\n|t:|1783563265\n|move|p2a: Haxorus|Swords Dance|p2a: Haxorus\n|-boost|p2a: Haxorus|atk|2\n|move|p1a: Houndstone|Poltergeist|p2a: Haxorus|[miss]\n|-miss|p1a: Houndstone|p2a: Haxorus\n|\n|upkeep\n|turn|18\n|inactive|Time left: 300 sec this turn | 300 sec total\n|\n|t:|1783563266\n|move|p2a: Haxorus|Iron Head|p1a: Houndstone\n|-damage|p1a: Houndstone|56/100\n|move|p1a: Houndstone|Will-O-Wisp|p2a: Haxorus\n|-status|p2a: Haxorus|brn\n|\n|-heal|p1a: Houndstone|62/100|[from] item: Leftovers\n|-damage|p2a: Haxorus|229/244 brn|[from] brn\n|upkeep\n|turn|19\n|inactive|Time left: 300 sec this turn | 300 sec total\n|\n|t:|1783563267\n|move|p2a: Haxorus|Scale Shot|p1a: Houndstone\n|-damage|p1a: Houndstone|52/100\n|-damage|p1a: Houndstone|42/100\n|-crit|p1a: Houndstone\n|-damage|p1a: Houndstone|25/100\n|-damage|p1a: Houndstone|15/100\n|-hitcount|p1a: Houndstone|4\n|-unboost|p2a: Haxorus|def|1\n|-boost|p2a: Haxorus|spe|1\n|move|p1a: Houndstone|Poltergeist|p2a: Haxorus\n|-activate|p2a: Haxorus|move: Poltergeist|Loaded Dice\n|-damage|p2a: Haxorus|33/244 brn\n|\n|-heal|p1a: Houndstone|21/100|[from] item: Leftovers\n|-damage|p2a: Haxorus|18/244 brn|[from] brn\n|upkeep\n|turn|20\n|inactive|Time left: 300 sec this turn | 300 sec total\n|\n|t:|1783563268\n|move|p1a: Houndstone|Shadow Sneak|p2a: Haxorus\n|-damage|p2a: Haxorus|0 fnt\n|faint|p2a: Haxorus\n|\n|-heal|p1a: Houndstone|27/100|[from] item: Leftovers\n|upkeep\n|inactive|Time left: 300 sec this turn | 300 sec total | 5 sec grace\n|\n|t:|1783563269\n|switch|p2a: Hypno|Hypno, L95, F|262/315\n|turn|21\n|inactive|Time left: 300 sec this turn | 300 sec total\n|\n|t:|1783563270\n|switch|p1a: Basculegion|Basculegion, L80, M|44/100\n|move|p2a: Hypno|Thunder Wave|p1a: Basculegion|[miss]\n|-miss|p2a: Hypno|p1a: Basculegion\n|\n|-heal|p2a: Hypno|281/315|[from] item: Leftovers\n|upkeep\n|turn|22\n|inactive|Time left: 300 sec this turn | 300 sec total\n|\n|t:|1783563271\n|-terastallize|p1a: Basculegion|Water\n|move|p2a: Hypno|Thunder Wave|p1a: Basculegion\n|-status|p1a: Basculegion|par\n|cant|p1a: Basculegion|par\n|\n|-heal|p2a: Hypno|300/315|[from] item: Leftovers\n|upkeep\n|turn|23\n|inactive|Time left: 300 sec this turn | 300 sec total\n|\n|t:|1783563272\n|move|p2a: Hypno|Knock Off|p1a: Basculegion\n|-damage|p1a: Basculegion|15/100 par\n|-enditem|p1a: Basculegion|Assault Vest|[from] move: Knock Off|[of] p2a: Hypno\n|move|p1a: Basculegion|Flip Turn|p2a: Hypno\n|-damage|p2a: Hypno|197/315\n|\n|t:|1783563273\n|switch|p1a: Houndstone|Houndstone, L86, F|27/100|[from] Flip Turn\n|\n|-heal|p2a: Hypno|216/315|[from] item: Leftovers\n|-heal|p1a: Houndstone|33/100|[from] item: Leftovers\n|upkeep\n|turn|24\n|inactive|Time left: 300 sec this turn | 300 sec total\n|\n|t:|1783563274\n|move|p2a: Hypno|Psychic Noise|p1a: Houndstone\n|-damage|p1a: Houndstone|7/100\n|-start|p1a: Houndstone|move: Heal Block\n|move|p1a: Houndstone|Poltergeist|p2a: Hypno|[miss]\n|-miss|p1a: Houndstone|p2a: Hypno\n|\n|-heal|p2a: Hypno|235/315|[from] item: Leftovers\n|upkeep\n|turn|25\n|inactive|Time left: 300 sec this turn | 300 sec total\n|\n|t:|1783563275\n|move|p2a: Hypno|Knock Off|p1a: Houndstone\n|-supereffective|p1a: Houndstone\n|-damage|p1a: Houndstone|0 fnt\n|-enditem|p1a: Houndstone|Leftovers|[from] move: Knock Off|[of] p2a: Hypno\n|faint|p1a: Houndstone\n|\n|-heal|p2a: Hypno|254/315|[from] item: Leftovers\n|upkeep\n|\n|t:|1783563275\n|switch|p1a: Basculegion|Basculegion, L80, M, tera:Water|15/100 par\n|turn|26\n|inactive|Time left: 300 sec this turn | 300 sec total\n|\n|t:|1783563276\n|move|p2a: Hypno|Psychic Noise|p1a: Basculegion\n|-damage|p1a: Basculegion|0 fnt\n|faint|p1a: Basculegion\n|\n|win|p0y20099daf", "uploadtime": 1783563276, "views": 0, "rating": 0, "private": 0, "password": null, "_winner": "p0y20099daf", "_our_name": "p0y20099daf"}