{"id": "battle-gen9randombattle-1349", "formatid": "gen9randombattle", "format": "[Gen 9] Random Battle", "players": ["p0x1349a65a", "p0y13495ec4"], "log": "|init|battle\n|title|p0x1349a65a vs. p0y13495ec4\n|j|\u2606p0x1349a65a\n|j|\u2606p0y13495ec4\n|t:|1783555661\n|gametype|singles\n|player|p1|p0x1349a65a|102|\n|player|p2|p0y13495ec4|1|\n|gen|9\n|tier|[Gen 9] Random Battle\n|rule|Species Clause: Limit one of each Pok\u00e9mon\n|rule|HP Percentage Mod: HP is shown in percentages\n|rule|Sleep Clause Mod: Limit one foe put to sleep\n|rule|Illusion Level Mod: Illusion disguises the Pok\u00e9mon's true level\n|\n|t:|1783555661\n|teamsize|p1|6\n|teamsize|p2|6\n|start\n|switch|p1a: Giratina|Giratina-Origin, L72|100/100\n|switch|p2a: Leavanny|Leavanny, L86, M|269/269\n|turn|1\n|inactive|Battle timer is ON: inactive players will automatically lose when time's up. (requested by p0y13495ec4)\n|inactive|p0x1349a65a also wants the timer to be on.\n|\n|t:|1783555663\n|move|p2a: Leavanny|Sticky Web|p1a: Giratina\n|-sidestart|p1: p0x1349a65a|move: Sticky Web\n|move|p1a: Giratina|Poltergeist|p2a: Leavanny\n|-activate|p2a: Leavanny|move: Poltergeist|Focus Sash\n|-damage|p2a: Leavanny|143/269\n|\n|upkeep\n|turn|2\n|inactive|Time left: 300 sec this turn | 300 sec total\n|\n|t:|1783555664\n|move|p2a: Leavanny|Lunge|p1a: Giratina\n|-resisted|p1a: Giratina\n|-damage|p1a: Giratina|86/100\n|-unboost|p1a: Giratina|atk|1\n|move|p1a: Giratina|Defog|p2a: Leavanny\n|-unboost|p2a: Leavanny|evasion|1\n|-sideend|p1: p0x1349a65a|Sticky Web|[from] move: Defog|[of] p1a: Giratina\n|\n|upkeep\n|turn|3\n|inactive|Time left: 300 sec this turn | 300 sec total\n|\n|t:|1783555665\n|move|p2a: Leavanny|Sticky Web|p1a: Giratina\n|-sidestart|p1: p0x1349a65a|move: Sticky Web\n|move|p1a: Giratina|Poltergeist|p2a: Leavanny\n|-activate|p2a: Leavanny|move: Poltergeist|Focus Sash\n|-damage|p2a: Leavanny|59/269\n|\n|upkeep\n|turn|4\n|inactive|Time left: 300 sec this turn | 300 sec total\n|\n|t:|1783555666\n|move|p2a: Leavanny|Lunge|p1a: Giratina\n|-resisted|p1a: Giratina\n|-damage|p1a: Giratina|66/100\n|-unboost|p1a: Giratina|atk|1\n|move|p1a: Giratina|Defog|p2a: Leavanny\n|-unboost|p2a: Leavanny|evasion|1\n|-sideend|p1: p0x1349a65a|Sticky Web|[from] move: Defog|[of] p1a: Giratina\n|\n|upkeep\n|turn|5\n|inactive|Time left: 300 sec this turn | 300 sec total\n|\n|t:|1783555667\n|move|p2a: Leavanny|Sticky Web|p1a: Giratina\n|-sidestart|p1: p0x1349a65a|move: Sticky Web\n|move|p1a: Giratina|Defog|p2a: Leavanny\n|-unboost|p2a: Leavanny|evasion|1\n|-sideend|p1: p0x1349a65a|Sticky Web|[from] move: Defog|[of] p1a: Giratina\n|\n|upkeep\n|turn|6\n|inactive|Time left: 300 sec this turn | 300 sec total\n|\n|t:|1783555668\n|switch|p1a: Ho-Oh|Ho-Oh, L71|100/100\n|move|p2a: Leavanny|Sticky Web|p1a: Ho-Oh\n|-sidestart|p1: p0x1349a65a|move: Sticky Web\n|\n|upkeep\n|turn|7\n|inactive|Time left: 300 sec this turn | 300 sec total\n|\n|t:|1783555670\n|move|p2a: Leavanny|Lunge|p1a: Ho-Oh\n|-resisted|p1a: Ho-Oh\n|-damage|p1a: Ho-Oh|86/100\n|-unboost|p1a: Ho-Oh|atk|1\n|move|p1a: Ho-Oh|Brave Bird|p2a: Leavanny\n|-supereffective|p2a: Leavanny\n|-damage|p2a: Leavanny|0 fnt\n|faint|p2a: Leavanny\n|-damage|p1a: Ho-Oh|79/100|[from] Recoil\n|\n|upkeep\n|inactive|Time left: 300 sec this turn | 300 sec total | 5 sec grace\n|\n|t:|1783555671\n|switch|p2a: Calyrex|Calyrex-Shadow, L64|235/235\n|-ability|p2a: Calyrex|As One\n|-ability|p2a: Calyrex|Unnerve\n|turn|8\n|inactive|Time left: 300 sec this turn | 300 sec total\n|\n|t:|1783555672\n|switch|p1a: Arboliva|Arboliva, L91, M|100/100\n|-activate|p1a: Arboliva|move: Sticky Web\n|-unboost|p1a: Arboliva|spe|1\n|move|p2a: Calyrex|Nasty Plot|p2a: Calyrex\n|-boost|p2a: Calyrex|spa|2\n|\n|upkeep\n|turn|9\n|inactive|Time left: 300 sec this turn | 300 sec total\n|\n|t:|1783555673\n|move|p2a: Calyrex|Nasty Plot|p2a: Calyrex\n|-boost|p2a: Calyrex|spa|2\n|move|p1a: Arboliva|Leech Seed|p2a: Calyrex\n|-start|p2a: Calyrex|move: Leech Seed\n|\n|-damage|p2a: Calyrex|206/235|[from] Leech Seed|[of] p1a: Arboliva\n|upkeep\n|turn|10\n|inactive|Time left: 300 sec this turn | 300 sec total\n|\n|t:|1783555674\n|move|p1a: Arboliva|Protect|p1a: Arboliva\n|-singleturn|p1a: Arboliva|Protect\n|move|p2a: Calyrex|Psyshock|p1a: Arboliva\n|-activate|p1a: Arboliva|move: Protect\n|\n|-damage|p2a: Calyrex|177/235|[from] Leech Seed|[of] p1a: Arboliva\n|upkeep\n|turn|11\n|inactive|Time left: 300 sec this turn | 300 sec total\n|\n|t:|1783555675\n|move|p1a: Arboliva|Protect|p1a: Arboliva\n|-singleturn|p1a: Arboliva|Protect\n|move|p2a: Calyrex|Psyshock|p1a: Arboliva\n|-activate|p1a: Arboliva|move: Protect\n|\n|-damage|p2a: Calyrex|148/235|[from] Leech Seed|[of] p1a: Arboliva\n|upkeep\n|turn|12\n|inactive|Time left: 300 sec this turn | 300 sec total\n|\n|t:|1783555676\n|move|p2a: Calyrex|Psyshock|p1a: Arboliva\n|-damage|p1a: Arboliva|1/100\n|-damage|p2a: Calyrex|125/235|[from] item: Life Orb\n|move|p1a: Arboliva|Substitute|p1a: Arboliva\n|-fail|p1a: Arboliva|move: Substitute|[weak]\n|\n|-damage|p2a: Calyrex|96/235|[from] Leech Seed|[of] p1a: Arboliva\n|-heal|p1a: Arboliva|11/100|[silent]\n|upkeep\n|turn|13\n|inactive|Time left: 300 sec this turn | 300 sec total\n|\n|t:|1783555677\n|move|p1a: Arboliva|Protect|p1a: Arboliva\n|-singleturn|p1a: Arboliva|Protect\n|move|p2a: Calyrex|Psyshock|p1a: Arboliva\n|-activate|p1a: Arboliva|move: Protect\n|\n|-damage|p2a: Calyrex|67/235|[from] Leech Seed|[of] p1a: Arboliva\n|-heal|p1a: Arboliva|21/100|[silent]\n|upkeep\n|turn|14\n|inactive|Time left: 300 sec this turn | 300 sec total\n|\n|t:|1783555679\n|move|p2a: Calyrex|Psyshock|p1a: Arboliva\n|-damage|p1a: Arboliva|0 fnt\n|faint|p1a: Arboliva\n|-ability|p2a: Calyrex|Grim Neigh|boost\n|-boost|p2a: Calyrex|spa|1\n|-damage|p2a: Calyrex|44/235|[from] item: Life Orb\n|\n|upkeep\n|\n|t:|1783555680\n|switch|p1a: Rillaboom|Rillaboom, L79, F|100/100\n|-activate|p1a: Rillaboom|move: Sticky Web\n|-unboost|p1a: Rillaboom|spe|1\n|-fieldstart|move: Grassy Terrain|[from] ability: Grassy Surge|[of] p1a: Rillaboom\n|turn|15\n|inactive|Time left: 300 sec this turn | 300 sec total\n|\n|t:|1783555681\n|switch|p2a: Glaceon|Glaceon, L94, M|275/275\n|move|p1a: Rillaboom|Grassy Glide|p2a: Glaceon\n|-damage|p2a: Glaceon|184/275\n|\n|-heal|p2a: Glaceon|201/275|[from] Grassy Terrain\n|upkeep\n|turn|16\n|inactive|Time left: 300 sec this turn | 300 sec total\n|\n|t:|1783555682\n|switch|p1a: Ho-Oh|Ho-Oh, L71|100/100\n|move|p2a: Glaceon|Freeze-Dry|p1a: Ho-Oh\n|-damage|p1a: Ho-Oh|68/100\n|\n|-heal|p2a: Glaceon|218/275|[from] Grassy Terrain\n|upkeep\n|turn|17\n|inactive|Time left: 300 sec this turn | 300 sec total\n|\n|t:|1783555683\n|move|p2a: Glaceon|Freeze-Dry|p1a: Ho-Oh\n|-damage|p1a: Ho-Oh|33/100\n|move|p1a: Ho-Oh|Sacred Fire|p2a: Glaceon\n|-supereffective|p2a: Glaceon\n|-damage|p2a: Glaceon|60/275\n|\n|-heal|p2a: Glaceon|77/275|[from] Grassy Terrain\n|upkeep\n|turn|18\n|inactive|Time left: 300 sec this turn | 300 sec total\n|\n|t:|1783555684\n|switch|p1a: Florges|Florges, L85, F|100/100\n|-activate|p1a: Florges|move: Sticky Web\n|-unboost|p1a: Florges|spe|1\n|move|p2a: Glaceon|Freeze-Dry|p1a: Florges\n|-damage|p1a: Florges|72/100\n|\n|-heal|p2a: Glaceon|94/275|[from] Grassy Terrain\n|-heal|p1a: Florges|78/100|[from] Grassy Terrain\n|-heal|p1a: Florges|84/100|[from] item: Leftovers\n|upkeep\n|turn|19\n|inactive|Time left: 300 sec this turn | 300 sec total\n|\n|t:|1783555685\n|move|p2a: Glaceon|Freeze-Dry|p1a: Florges\n|-damage|p1a: Florges|55/100\n|move|p1a: Florges|Moonblast|p2a: Glaceon\n|-damage|p2a: Glaceon|0 fnt\n|faint|p2a: Glaceon\n|\n|-heal|p1a: Florges|61/100|[from] Grassy Terrain\n|-heal|p1a: Florges|67/100|[from] item: Leftovers\n|-fieldend|move: Grassy Terrain\n|upkeep\n|inactive|Time left: 300 sec this turn | 300 sec total | 5 sec grace\n|\n|t:|1783555686\n|switch|p2a: Gengar|Gengar, L81, F|230/230\n|turn|20\n|inactive|Time left: 300 sec this turn | 300 sec total\n|\n|t:|1783555687\n|-terastallize|p1a: Florges|Ground\n|move|p2a: Gengar|Nasty Plot|p2a: Gengar\n|-boost|p2a: Gengar|spa|2\n|move|p1a: Florges|Tera Blast|p2a: Gengar|[anim] Tera Blast Ground\n|-supereffective|p2a: Gengar\n|-damage|p2a: Gengar|6/230\n|\n|-heal|p1a: Florges|73/100|[from] item: Leftovers\n|upkeep\n|turn|21\n|inactive|Time left: 300 sec this turn | 300 sec total\n|\n|t:|1783555688\n|move|p2a: Gengar|Shadow Ball|p1a: Florges\n|-damage|p1a: Florges|9/100\n|-damage|p2a: Gengar|0 fnt|[from] item: Life Orb\n|faint|p2a: Gengar\n|move|p1a: Florges|Synthesis|p1a: Florges\n|-heal|p1a: Florges|58/100\n|\n|-heal|p1a: Florges|64/100|[from] item: Leftovers\n|upkeep\n|inactive|Time left: 300 sec this turn | 300 sec total | 5 sec grace\n|\n|t:|1783555689\n|switch|p2a: Mew|Mew, L82|298/298\n|turn|22\n|inactive|Time left: 300 sec this turn | 300 sec total\n|\n|t:|1783555690\n|move|p2a: Mew|Nasty Plot|p2a: Mew\n|-boost|p2a: Mew|spa|2\n|move|p1a: Florges|Calm Mind|p1a: Florges\n|-boost|p1a: Florges|spa|1\n|-boost|p1a: Florges|spd|1\n|\n|-heal|p1a: Florges|70/100|[from] item: Leftovers\n|upkeep\n|turn|23\n|inactive|Time left: 300 sec this turn | 300 sec total\n|\n|t:|1783555690\n|move|p2a: Mew|Psyshock|p1a: Florges\n|-damage|p1a: Florges|0 fnt\n|faint|p1a: Florges\n|-damage|p2a: Mew|269/298|[from] item: Life Orb\n|\n|upkeep\n|\n|t:|1783555692\n|switch|p1a: Rillaboom|Rillaboom, L79, F|100/100\n|-activate|p1a: Rillaboom|move: Sticky Web\n|-unboost|p1a: Rillaboom|spe|1\n|-fieldstart|move: Grassy Terrain|[from] ability: Grassy Surge|[of] p1a: Rillaboom\n|turn|24\n|inactive|Time left: 300 sec this turn | 300 sec total\n|\n|t:|1783555692\n|move|p2a: Mew|Fire Blast|p1a: Rillaboom\n|-supereffective|p1a: Rillaboom\n|-damage|p1a: Rillaboom|0 fnt\n|faint|p1a: Rillaboom\n|-damage|p2a: Mew|240/298|[from] item: Life Orb\n|\n|-heal|p2a: Mew|258/298|[from] Grassy Terrain\n|upkeep\n|\n|t:|1783555694\n|switch|p1a: Lucario|Lucario, L84, F|100/100\n|-activate|p1a: Lucario|move: Sticky Web\n|-unboost|p1a: Lucario|spe|1\n|turn|25\n|inactive|Time left: 300 sec this turn | 300 sec total\n|\n|t:|1783555695\n|switch|p1a: Giratina|Giratina-Origin, L72|66/100\n|move|p2a: Mew|Psyshock|p1a: Giratina\n|-crit|p1a: Giratina\n|-damage|p1a: Giratina|0 fnt\n|faint|p1a: Giratina\n|-damage|p2a: Mew|229/298|[from] item: Life Orb\n|\n|-heal|p2a: Mew|247/298|[from] Grassy Terrain\n|upkeep\n|\n|t:|1783555696\n|switch|p1a: Ho-Oh|Ho-Oh, L71|66/100\n|turn|26\n|inactive|Time left: 300 sec this turn | 300 sec total\n|\n|t:|1783555697\n|switch|p1a: Lucario|Lucario, L84, F|100/100\n|-activate|p1a: Lucario|move: Sticky Web\n|-unboost|p1a: Lucario|spe|1\n|move|p2a: Mew|Psyshock|p1a: Lucario\n|-damage|p1a: Lucario|8/100\n|-damage|p2a: Mew|218/298|[from] item: Life Orb\n|\n|-heal|p2a: Mew|236/298|[from] Grassy Terrain\n|-heal|p1a: Lucario|14/100|[from] Grassy Terrain\n|upkeep\n|turn|27\n|inactive|Time left: 300 sec this turn | 300 sec total\n|\n|t:|1783555699\n|move|p2a: Mew|Psyshock|p1a: Lucario\n|-damage|p1a: Lucario|0 fnt\n|faint|p1a: Lucario\n|-damage|p2a: Mew|207/298|[from] item: Life Orb\n|\n|-heal|p2a: Mew|225/298|[from] Grassy Terrain\n|upkeep\n|\n|t:|1783555700\n|switch|p1a: Ho-Oh|Ho-Oh, L71|99/100\n|turn|28\n|inactive|Time left: 300 sec this turn | 300 sec total\n|\n|t:|1783555701\n|-terastallize|p2a: Mew|Fighting\n|move|p2a: Mew|Psyshock|p1a: Ho-Oh\n|-damage|p1a: Ho-Oh|6/100\n|-damage|p2a: Mew|196/298|[from] item: Life Orb\n|move|p1a: Ho-Oh|Recover|p1a: Ho-Oh\n|-heal|p1a: Ho-Oh|56/100\n|\n|-heal|p2a: Mew|214/298|[from] Grassy Terrain\n|-fieldend|move: Grassy Terrain\n|upkeep\n|turn|29\n|inactive|Time left: 300 sec this turn | 300 sec total\n|\n|t:|1783555703\n|move|p2a: Mew|Psyshock|p1a: Ho-Oh\n|-damage|p1a: Ho-Oh|0 fnt\n|faint|p1a: Ho-Oh\n|-damage|p2a: Mew|185/298|[from] item: Life Orb\n|\n|win|p0y13495ec4", "uploadtime": 1783555703, "views": 0, "rating": 0, "private": 0, "password": null, "_winner": "p0y13495ec4", "_our_name": "p0y13495ec4"}