{"id": "battle-gen9randombattle-2327", "formatid": "gen9randombattle", "format": "[Gen 9] Random Battle", "players": ["p0x2327fdcf", "p0y23279d8c"], "log": "|init|battle\n|title|p0x2327fdcf vs. p0y23279d8c\n|j|\u2606p0x2327fdcf\n|j|\u2606p0y23279d8c\n|t:|1783565996\n|gametype|singles\n|player|p1|p0x2327fdcf|102|\n|player|p2|p0y23279d8c|2|\n|gen|9\n|tier|[Gen 9] Random Battle\n|rule|Species Clause: Limit one of each Pok\u00e9mon\n|rule|HP Percentage Mod: HP is shown in percentages\n|rule|Sleep Clause Mod: Limit one foe put to sleep\n|rule|Illusion Level Mod: Illusion disguises the Pok\u00e9mon's true level\n|\n|t:|1783565996\n|teamsize|p1|6\n|teamsize|p2|6\n|start\n|switch|p1a: Dugtrio|Dugtrio, L84, F|196/196\n|switch|p2a: Sandy Shocks|Sandy Shocks, L80|100/100\n|turn|1\n|inactive|Battle timer is ON: inactive players will automatically lose when time's up. (requested by p0x2327fdcf)\n|inactive|p0y23279d8c also wants the timer to be on.\n|\n|t:|1783565998\n|-terastallize|p2a: Sandy Shocks|Grass\n|move|p1a: Dugtrio|Earthquake|p2a: Sandy Shocks\n|-resisted|p2a: Sandy Shocks\n|-damage|p2a: Sandy Shocks|81/100\n|move|p2a: Sandy Shocks|Earth Power|p1a: Dugtrio\n|-damage|p1a: Dugtrio|69/196\n|-unboost|p1a: Dugtrio|spd|1\n|\n|upkeep\n|turn|2\n|inactive|Time left: 300 sec this turn | 300 sec total\n|\n|t:|1783565999\n|switch|p1a: Komala|Komala, L87, M|255/255\n|-ability|p1a: Komala|Comatose\n|move|p2a: Sandy Shocks|Spikes|p1a: Komala\n|-sidestart|p1: p0x2327fdcf|Spikes\n|\n|upkeep\n|turn|3\n|inactive|Time left: 300 sec this turn | 300 sec total\n|\n|t:|1783566001\n|move|p2a: Sandy Shocks|Thunderbolt|p1a: Komala\n|-damage|p1a: Komala|197/255\n|move|p1a: Komala|Rapid Spin|p2a: Sandy Shocks\n|-damage|p2a: Sandy Shocks|60/100\n|-boost|p1a: Komala|spe|1\n|-sideend|p1: p0x2327fdcf|Spikes|[from] move: Rapid Spin|[of] p1a: Komala\n|\n|upkeep\n|turn|4\n|inactive|Time left: 300 sec this turn | 300 sec total\n|\n|t:|1783566002\n|move|p1a: Komala|Body Slam|p2a: Sandy Shocks\n|-damage|p2a: Sandy Shocks|22/100\n|move|p2a: Sandy Shocks|Volt Switch|p1a: Komala\n|-damage|p1a: Komala|149/255\n|\n|t:|1783566003\n|-end|p2a: Sandy Shocks|Protosynthesis|[silent]\n|switch|p2a: Bruxish|Bruxish, L85, M|100/100|[from] Volt Switch\n|\n|upkeep\n|turn|5\n|inactive|Time left: 300 sec this turn | 300 sec total\n|\n|t:|1783566004\n|move|p2a: Bruxish|Psychic Fangs|p1a: Komala\n|-damage|p1a: Komala|0 fnt\n|faint|p1a: Komala\n|\n|upkeep\n|inactive|Time left: 300 sec this turn | 300 sec total | 5 sec grace\n|\n|t:|1783566005\n|switch|p1a: Spidops|Spidops, L96, M|271/271\n|turn|6\n|inactive|Time left: 300 sec this turn | 300 sec total\n|\n|t:|1783566006\n|move|p2a: Bruxish|Psychic Fangs|p1a: Spidops\n|-damage|p1a: Spidops|136/271\n|move|p1a: Spidops|Sticky Web|p2a: Bruxish\n|-sidestart|p2: p0y23279d8c|move: Sticky Web\n|\n|upkeep\n|turn|7\n|inactive|Time left: 300 sec this turn | 300 sec total\n|\n|t:|1783566007\n|move|p2a: Bruxish|Psychic Fangs|p1a: Spidops\n|-damage|p1a: Spidops|0 fnt\n|faint|p1a: Spidops\n|\n|upkeep\n|inactive|Time left: 300 sec this turn | 300 sec total | 5 sec grace\n|\n|t:|1783566008\n|switch|p1a: Ampharos|Ampharos, L88, F|302/302\n|turn|8\n|inactive|Time left: 300 sec this turn | 300 sec total\n|\n|t:|1783566010\n|move|p2a: Bruxish|Psychic Fangs|p1a: Ampharos\n|-damage|p1a: Ampharos|161/302\n|-status|p2a: Bruxish|par|[from] ability: Static|[of] p1a: Ampharos\n|move|p1a: Ampharos|Thunderbolt|p2a: Bruxish\n|-supereffective|p2a: Bruxish\n|-damage|p2a: Bruxish|0 fnt\n|faint|p2a: Bruxish\n|\n|upkeep\n|\n|t:|1783566011\n|switch|p2a: Komala|Komala, L87, M|100/100\n|-activate|p2a: Komala|move: Sticky Web\n|-unboost|p2a: Komala|spe|1\n|-ability|p2a: Komala|Comatose\n|turn|9\n|inactive|Time left: 300 sec this turn | 300 sec total\n|\n|t:|1783566012\n|move|p1a: Ampharos|Focus Blast|p2a: Komala\n|-supereffective|p2a: Komala\n|-damage|p2a: Komala|53/100\n|move|p2a: Komala|Rapid Spin|p1a: Ampharos\n|-damage|p1a: Ampharos|97/302\n|-boost|p2a: Komala|spe|1\n|-sideend|p2: p0y23279d8c|Sticky Web|[from] move: Rapid Spin|[of] p2a: Komala\n|\n|upkeep\n|turn|10\n|inactive|Time left: 300 sec this turn | 300 sec total\n|\n|t:|1783566013\n|switch|p1a: Zangoose|Zangoose, L85, M|263/263\n|move|p2a: Komala|Body Slam|p1a: Zangoose\n|-damage|p1a: Zangoose|127/263\n|\n|-status|p1a: Zangoose|tox|[from] item: Toxic Orb\n|upkeep\n|turn|11\n|inactive|Time left: 300 sec this turn | 300 sec total\n|\n|t:|1783566014\n|switch|p2a: Iron Boulder|Iron Boulder, L77|100/100\n|-enditem|p2a: Iron Boulder|Booster Energy\n|-activate|p2a: Iron Boulder|ability: Quark Drive|[fromitem]\n|-start|p2a: Iron Boulder|quarkdrivespe\n|move|p1a: Zangoose|Facade|p2a: Iron Boulder\n|-resisted|p2a: Iron Boulder\n|-damage|p2a: Iron Boulder|47/100\n|\n|-damage|p1a: Zangoose|111/263 tox|[from] psn\n|upkeep\n|turn|12\n|inactive|Time left: 300 sec this turn | 300 sec total\n|\n|t:|1783566015\n|switch|p1a: Ampharos|Ampharos, L88, F|97/302\n|move|p2a: Iron Boulder|Mighty Cleave|p1a: Ampharos\n|-damage|p1a: Ampharos|0 fnt\n|faint|p1a: Ampharos\n|\n|upkeep\n|inactive|Time left: 300 sec this turn | 300 sec total | 5 sec grace\n|\n|t:|1783566016\n|switch|p1a: Venomoth|Venomoth, L84, M|255/255\n|turn|13\n|inactive|Time left: 300 sec this turn | 300 sec total\n|\n|t:|1783566017\n|-terastallize|p1a: Venomoth|Steel\n|move|p2a: Iron Boulder|Mighty Cleave|p1a: Venomoth\n|-resisted|p1a: Venomoth\n|-damage|p1a: Venomoth|193/255\n|move|p1a: Venomoth|Bug Buzz|p2a: Iron Boulder\n|-supereffective|p2a: Iron Boulder\n|-damage|p2a: Iron Boulder|0 fnt\n|faint|p2a: Iron Boulder\n|-end|p2a: Iron Boulder|Quark Drive|[silent]\n|\n|upkeep\n|\n|t:|1783566018\n|switch|p2a: Sandy Shocks|Sandy Shocks, L80, tera:Grass|22/100\n|turn|14\n|inactive|Time left: 300 sec this turn | 300 sec total\n|\n|t:|1783566019\n|switch|p1a: Dugtrio|Dugtrio, L84, F|69/196\n|move|p2a: Sandy Shocks|Earth Power|p1a: Dugtrio\n|-damage|p1a: Dugtrio|0 fnt\n|faint|p1a: Dugtrio\n|\n|upkeep\n|inactive|Time left: 300 sec this turn | 300 sec total | 5 sec grace\n|\n|t:|1783566020\n|switch|p1a: Zangoose|Zangoose, L85, M|111/263 tox\n|turn|15\n|inactive|Time left: 300 sec this turn | 300 sec total\n|\n|t:|1783566021\n|move|p1a: Zangoose|Quick Attack|p2a: Sandy Shocks\n|-damage|p2a: Sandy Shocks|0 fnt\n|faint|p2a: Sandy Shocks\n|-end|p2a: Sandy Shocks|Protosynthesis|[silent]\n|\n|-damage|p1a: Zangoose|95/263 tox|[from] psn\n|upkeep\n|\n|t:|1783566022\n|switch|p2a: Lokix|Lokix, L82, F|100/100\n|turn|16\n|inactive|Time left: 300 sec this turn | 300 sec total\n|\n|t:|1783566023\n|move|p2a: Lokix|First Impression|p1a: Zangoose\n|-damage|p1a: Zangoose|0 fnt\n|faint|p1a: Zangoose\n|\n|upkeep\n|inactive|Time left: 300 sec this turn | 300 sec total | 5 sec grace\n|\n|t:|1783566024\n|switch|p1a: Venomoth|Venomoth, L84, M, tera:Steel|193/255\n|turn|17\n|inactive|Time left: 300 sec this turn | 300 sec total\n|\n|t:|1783566024\n|move|p1a: Venomoth|Bug Buzz|p2a: Lokix\n|-supereffective|p2a: Lokix\n|-damage|p2a: Lokix|0 fnt\n|faint|p2a: Lokix\n|\n|upkeep\n|\n|t:|1783566025\n|switch|p2a: Ceruledge|Ceruledge, L78, M|100/100\n|turn|18\n|inactive|Time left: 300 sec this turn | 300 sec total\n|\n|t:|1783566026\n|move|p1a: Venomoth|Sleep Powder|p2a: Ceruledge\n|-status|p2a: Ceruledge|slp|[from] move: Sleep Powder\n|cant|p2a: Ceruledge|slp\n|\n|upkeep\n|turn|19\n|inactive|Time left: 300 sec this turn | 300 sec total\n|\n|t:|1783566027\n|move|p1a: Venomoth|Quiver Dance|p1a: Venomoth\n|-boost|p1a: Venomoth|spa|1\n|-boost|p1a: Venomoth|spd|1\n|-boost|p1a: Venomoth|spe|1\n|cant|p2a: Ceruledge|slp\n|\n|upkeep\n|turn|20\n|inactive|Time left: 300 sec this turn | 300 sec total\n|\n|t:|1783566028\n|move|p1a: Venomoth|Sludge Wave|p2a: Ceruledge\n|-resisted|p2a: Ceruledge\n|-damage|p2a: Ceruledge|46/100 slp\n|cant|p2a: Ceruledge|slp\n|\n|upkeep\n|turn|21\n|inactive|Time left: 300 sec this turn | 300 sec total\n|\n|t:|1783566028\n|-curestatus|p2a: Ceruledge|slp|[msg]\n|move|p2a: Ceruledge|Shadow Sneak|p1a: Venomoth\n|-damage|p1a: Venomoth|133/255\n|move|p1a: Venomoth|Sludge Wave|p2a: Ceruledge\n|-resisted|p2a: Ceruledge\n|-damage|p2a: Ceruledge|0 fnt\n|faint|p2a: Ceruledge\n|\n|upkeep\n|\n|t:|1783566029\n|switch|p2a: Komala|Komala, L87, M|53/100\n|-ability|p2a: Komala|Comatose\n|turn|22\n|inactive|Time left: 300 sec this turn | 300 sec total\n|\n|t:|1783566030\n|move|p1a: Venomoth|Sludge Wave|p2a: Komala\n|-damage|p2a: Komala|18/100\n|move|p2a: Komala|Body Slam|p1a: Venomoth\n|-resisted|p1a: Venomoth\n|-damage|p1a: Venomoth|59/255\n|\n|upkeep\n|turn|23\n|inactive|Time left: 300 sec this turn | 300 sec total\n|\n|t:|1783566031\n|move|p1a: Venomoth|Bug Buzz|p2a: Komala\n|-damage|p2a: Komala|0 fnt\n|faint|p2a: Komala\n|\n|win|p0x2327fdcf", "uploadtime": 1783566031, "views": 0, "rating": 0, "private": 0, "password": null, "_winner": "p0x2327fdcf", "_our_name": "p0x2327fdcf"}