{"id": "battle-gen9randombattle-2844", "formatid": "gen9randombattle", "format": "[Gen 9] Random Battle", "players": ["p0x2844ff01", "p0y284402da"], "log": "|init|battle\n|title|p0x2844ff01 vs. p0y284402da\n|j|\u2606p0x2844ff01\n|j|\u2606p0y284402da\n|t:|1783572768\n|gametype|singles\n|player|p1|p0x2844ff01|102|\n|player|p2|p0y284402da|266|\n|gen|9\n|tier|[Gen 9] Random Battle\n|rule|Species Clause: Limit one of each Pok\u00e9mon\n|rule|HP Percentage Mod: HP is shown in percentages\n|rule|Sleep Clause Mod: Limit one foe put to sleep\n|rule|Illusion Level Mod: Illusion disguises the Pok\u00e9mon's true level\n|\n|t:|1783572768\n|teamsize|p1|6\n|teamsize|p2|6\n|start\n|switch|p1a: Articuno|Articuno-Galar, L84|288/288\n|switch|p2a: Kricketune|Kricketune, L99, F|100/100\n|turn|1\n|inactive|Battle timer is ON: inactive players will automatically lose when time's up. (requested by p0y284402da)\n|inactive|Time left: 300 sec this turn | 300 sec total | 60 sec grace\n|\n|t:|1783572770\n|move|p1a: Articuno|Hurricane|p2a: Kricketune\n|-supereffective|p2a: Kricketune\n|-enditem|p2a: Kricketune|Focus Sash\n|-damage|p2a: Kricketune|1/100\n|move|p2a: Kricketune|Sticky Web|p1a: Articuno\n|-sidestart|p1: p0x2844ff01|move: Sticky Web\n|\n|upkeep\n|turn|2\n|inactive|Time left: 300 sec this turn | 300 sec total\n|inactive|p0x2844ff01 also wants the timer to be on.\n|\n|t:|1783572771\n|move|p1a: Articuno|Freezing Glare|p2a: Kricketune\n|-damage|p2a: Kricketune|0 fnt\n|faint|p2a: Kricketune\n|\n|upkeep\n|\n|t:|1783572772\n|switch|p2a: Golurk|Golurk, L87|100/100\n|turn|3\n|inactive|Time left: 300 sec this turn | 300 sec total\n|\n|t:|1783572773\n|move|p1a: Articuno|Hurricane|p2a: Golurk\n|-damage|p2a: Golurk|52/100\n|move|p2a: Golurk|Poltergeist|p1a: Articuno\n|-activate|p1a: Articuno|move: Poltergeist|Heavy-Duty Boots\n|-supereffective|p1a: Articuno\n|-crit|p1a: Articuno\n|-damage|p1a: Articuno|0 fnt\n|faint|p1a: Articuno\n|-damage|p2a: Golurk|42/100|[from] item: Life Orb\n|\n|upkeep\n|inactive|Time left: 300 sec this turn | 300 sec total | 5 sec grace\n|\n|t:|1783572774\n|switch|p1a: Masquerain|Masquerain, L87, F|264/264\n|-ability|p1a: Masquerain|Intimidate|boost\n|-unboost|p2a: Golurk|atk|1\n|turn|4\n|inactive|Time left: 300 sec this turn | 300 sec total\n|\n|t:|1783572775\n|move|p1a: Masquerain|Quiver Dance|p1a: Masquerain\n|-boost|p1a: Masquerain|spa|1\n|-boost|p1a: Masquerain|spd|1\n|-boost|p1a: Masquerain|spe|1\n|move|p2a: Golurk|Stone Edge|p1a: Masquerain\n|-supereffective|p1a: Masquerain\n|-damage|p1a: Masquerain|0 fnt\n|faint|p1a: Masquerain\n|-damage|p2a: Golurk|32/100|[from] item: Life Orb\n|\n|upkeep\n|inactive|Time left: 300 sec this turn | 300 sec total | 5 sec grace\n|\n|t:|1783572776\n|switch|p1a: Hydrapple|Hydrapple, L83, M|312/312\n|-activate|p1a: Hydrapple|move: Sticky Web\n|-unboost|p1a: Hydrapple|spe|1\n|turn|5\n|inactive|Time left: 300 sec this turn | 300 sec total\n|\n|t:|1783572777\n|move|p2a: Golurk|Stealth Rock|p1a: Hydrapple\n|-sidestart|p1: p0x2844ff01|move: Stealth Rock\n|move|p1a: Hydrapple|Nasty Plot|p1a: Hydrapple\n|-boost|p1a: Hydrapple|spa|2\n|\n|upkeep\n|turn|6\n|inactive|Time left: 300 sec this turn | 300 sec total\n|\n|t:|1783572778\n|move|p2a: Golurk|Poltergeist|p1a: Hydrapple\n|-activate|p1a: Hydrapple|move: Poltergeist|Leftovers\n|-damage|p1a: Hydrapple|209/312\n|-damage|p2a: Golurk|23/100|[from] item: Life Orb\n|move|p1a: Hydrapple|Fickle Beam|p2a: Golurk\n|-damage|p2a: Golurk|0 fnt\n|faint|p2a: Golurk\n|\n|-heal|p1a: Hydrapple|228/312|[from] item: Leftovers\n|upkeep\n|\n|t:|1783572779\n|switch|p2a: Overqwil|Overqwil, L82, M|100/100\n|-ability|p2a: Overqwil|Intimidate|boost\n|-unboost|p1a: Hydrapple|atk|1\n|turn|7\n|inactive|Time left: 300 sec this turn | 300 sec total\n|\n|t:|1783572780\n|-terastallize|p1a: Hydrapple|Steel\n|move|p2a: Overqwil|Gunk Shot|p1a: Hydrapple\n|-immune|p1a: Hydrapple\n|move|p1a: Hydrapple|Fickle Beam|p2a: Overqwil\n|-damage|p2a: Overqwil|3/100\n|\n|-heal|p1a: Hydrapple|247/312|[from] item: Leftovers\n|upkeep\n|turn|8\n|inactive|Time left: 300 sec this turn | 300 sec total\n|\n|t:|1783572781\n|move|p2a: Overqwil|Crunch|p1a: Hydrapple\n|-damage|p1a: Hydrapple|168/312\n|-unboost|p1a: Hydrapple|def|1\n|move|p1a: Hydrapple|Fickle Beam|p2a: Overqwil\n|-damage|p2a: Overqwil|0 fnt\n|faint|p2a: Overqwil\n|\n|-heal|p1a: Hydrapple|187/312|[from] item: Leftovers\n|upkeep\n|\n|t:|1783572781\n|switch|p2a: Klawf|Klawf, L90, M|100/100\n|turn|9\n|inactive|Time left: 300 sec this turn | 300 sec total\n|\n|t:|1783572782\n|move|p2a: Klawf|High Horsepower|p1a: Hydrapple\n|-supereffective|p1a: Hydrapple\n|-damage|p1a: Hydrapple|0 fnt\n|faint|p1a: Hydrapple\n|\n|upkeep\n|inactive|Time left: 300 sec this turn | 300 sec total | 5 sec grace\n|\n|t:|1783572783\n|switch|p1a: Alcremie|Alcremie-Salted-Cream, L90, F|263/263\n|-activate|p1a: Alcremie|move: Sticky Web\n|-unboost|p1a: Alcremie|spe|1\n|-damage|p1a: Alcremie|231/263|[from] Stealth Rock\n|turn|10\n|inactive|Time left: 300 sec this turn | 300 sec total\n|\n|t:|1783572784\n|move|p2a: Klawf|Swords Dance|p2a: Klawf\n|-boost|p2a: Klawf|atk|2\n|move|p1a: Alcremie|Alluring Voice|p2a: Klawf\n|-damage|p2a: Klawf|46/100\n|-start|p2a: Klawf|confusion\n|-ability|p2a: Klawf|Anger Shell|boost\n|-boost|p2a: Klawf|atk|1\n|-boost|p2a: Klawf|spa|1\n|-boost|p2a: Klawf|spe|1\n|-unboost|p2a: Klawf|def|1\n|-unboost|p2a: Klawf|spd|1\n|\n|-heal|p1a: Alcremie|247/263|[from] item: Leftovers\n|upkeep\n|turn|11\n|inactive|Time left: 300 sec this turn | 300 sec total\n|\n|t:|1783572786\n|-activate|p2a: Klawf|confusion\n|move|p2a: Klawf|Stone Edge|p1a: Alcremie|[miss]\n|-miss|p2a: Klawf|p1a: Alcremie\n|move|p1a: Alcremie|Alluring Voice|p2a: Klawf\n|-damage|p2a: Klawf|0 fnt\n|faint|p2a: Klawf\n|\n|-heal|p1a: Alcremie|263/263|[from] item: Leftovers\n|upkeep\n|\n|t:|1783572787\n|switch|p2a: Minior|Minior-Orange, L79|100/100\n|-formechange|p2a: Minior|Minior-Meteor||[from] ability: Shields Down\n|turn|12\n|inactive|Time left: 300 sec this turn | 300 sec total\n|\n|t:|1783572788\n|move|p2a: Minior|Shell Smash|p2a: Minior\n|-unboost|p2a: Minior|def|1\n|-unboost|p2a: Minior|spd|1\n|-boost|p2a: Minior|atk|2\n|-boost|p2a: Minior|spa|2\n|-boost|p2a: Minior|spe|2\n|-enditem|p2a: Minior|White Herb\n|-clearnegativeboost|p2a: Minior|[silent]\n|move|p1a: Alcremie|Alluring Voice|p2a: Minior\n|-damage|p2a: Minior|52/100\n|-start|p2a: Minior|confusion\n|\n|upkeep\n|turn|13\n|inactive|Time left: 300 sec this turn | 300 sec total\n|\n|t:|1783572789\n|-activate|p2a: Minior|confusion\n|-damage|p2a: Minior|37/100|[from] confusion\n|move|p1a: Alcremie|Alluring Voice|p2a: Minior\n|-damage|p2a: Minior|0 fnt\n|faint|p2a: Minior\n|\n|upkeep\n|\n|t:|1783572789\n|switch|p2a: Spectrier|Spectrier, L75|100/100\n|turn|14\n|inactive|Time left: 300 sec this turn | 300 sec total\n|\n|t:|1783572790\n|move|p2a: Spectrier|Nasty Plot|p2a: Spectrier\n|-boost|p2a: Spectrier|spa|2\n|move|p1a: Alcremie|Alluring Voice|p2a: Spectrier\n|-damage|p2a: Spectrier|53/100\n|-start|p2a: Spectrier|confusion\n|\n|-heal|p2a: Spectrier|59/100|[from] item: Leftovers\n|upkeep\n|turn|15\n|inactive|Time left: 300 sec this turn | 300 sec total\n|\n|t:|1783572791\n|-activate|p2a: Spectrier|confusion\n|move|p2a: Spectrier|Shadow Ball|p1a: Alcremie\n|-damage|p1a: Alcremie|115/263\n|-unboost|p1a: Alcremie|spd|1\n|move|p1a: Alcremie|Alluring Voice|p2a: Spectrier\n|-damage|p2a: Spectrier|9/100\n|\n|-heal|p2a: Spectrier|15/100|[from] item: Leftovers\n|-heal|p1a: Alcremie|131/263|[from] item: Leftovers\n|upkeep\n|turn|16\n|inactive|Time left: 300 sec this turn | 300 sec total\n|\n|t:|1783572792\n|-terastallize|p2a: Spectrier|Fighting\n|-end|p2a: Spectrier|confusion\n|move|p2a: Spectrier|Shadow Ball|p1a: Alcremie\n|-damage|p1a: Alcremie|0 fnt\n|faint|p1a: Alcremie\n|-ability|p2a: Spectrier|Grim Neigh|boost\n|-boost|p2a: Spectrier|spa|1\n|\n|-heal|p2a: Spectrier|21/100|[from] item: Leftovers\n|upkeep\n|inactive|Time left: 300 sec this turn | 300 sec total | 5 sec grace\n|\n|t:|1783572793\n|switch|p1a: Arceus|Arceus-Fire, L72|291/291\n|-activate|p1a: Arceus|move: Sticky Web\n|-unboost|p1a: Arceus|spe|1\n|-damage|p1a: Arceus|219/291|[from] Stealth Rock\n|turn|17\n|inactive|Time left: 300 sec this turn | 300 sec total\n|\n|t:|1783572794\n|move|p2a: Spectrier|Tera Blast|p1a: Arceus|[anim] Tera Blast Fighting\n|-damage|p1a: Arceus|3/291\n|move|p1a: Arceus|Earthquake|p2a: Spectrier\n|-damage|p2a: Spectrier|0 fnt\n|faint|p2a: Spectrier\n|\n|win|p0x2844ff01", "uploadtime": 1783572794, "views": 0, "rating": 0, "private": 0, "password": null, "_winner": "p0x2844ff01", "_our_name": "p0x2844ff01"}