{"id": "battle-gen9randombattle-767", "formatid": "gen9randombattle", "format": "[Gen 9] Random Battle", "players": ["p0x76715a5", "p0y767a28c"], "log": "|init|battle\n|title|p0x76715a5 vs. p0y767a28c\n|j|\u2606p0x76715a5\n|j|\u2606p0y767a28c\n|t:|1783548032\n|gametype|singles\n|player|p1|p0x76715a5|170|\n|player|p2|p0y767a28c|102|\n|gen|9\n|tier|[Gen 9] Random Battle\n|rule|Species Clause: Limit one of each Pok\u00e9mon\n|rule|HP Percentage Mod: HP is shown in percentages\n|rule|Sleep Clause Mod: Limit one foe put to sleep\n|rule|Illusion Level Mod: Illusion disguises the Pok\u00e9mon's true level\n|\n|t:|1783548032\n|teamsize|p1|6\n|teamsize|p2|6\n|start\n|switch|p1a: Glastrier|Glastrier, L86|100/100\n|switch|p2a: Araquanid|Araquanid, L82, F|246/246\n|turn|1\n|inactive|Battle timer is ON: inactive players will automatically lose when time's up. (requested by p0x76715a5)\n|inactive|Time left: 300 sec this turn | 300 sec total | 60 sec grace\n|inactive|p0y767a28c also wants the timer to be on.\n|\n|t:|1783548033\n|move|p2a: Araquanid|Sticky Web|p1a: Glastrier\n|-sidestart|p1: p0x76715a5|move: Sticky Web\n|move|p1a: Glastrier|Swords Dance|p1a: Glastrier\n|-boost|p1a: Glastrier|atk|2\n|\n|upkeep\n|turn|2\n|inactive|Time left: 300 sec this turn | 300 sec total\n|\n|t:|1783548033\n|move|p2a: Araquanid|Liquidation|p1a: Glastrier\n|-damage|p1a: Glastrier|70/100\n|move|p1a: Glastrier|Icicle Crash|p2a: Araquanid|[miss]\n|-miss|p1a: Glastrier|p2a: Araquanid\n|\n|upkeep\n|turn|3\n|inactive|Time left: 300 sec this turn | 300 sec total\n|\n|t:|1783548034\n|move|p2a: Araquanid|Liquidation|p1a: Glastrier\n|-damage|p1a: Glastrier|38/100\n|move|p1a: Glastrier|Icicle Crash|p2a: Araquanid\n|-resisted|p2a: Araquanid\n|-damage|p2a: Araquanid|128/246\n|\n|upkeep\n|turn|4\n|inactive|Time left: 300 sec this turn | 300 sec total\n|\n|t:|1783548035\n|move|p2a: Araquanid|Liquidation|p1a: Glastrier\n|-damage|p1a: Glastrier|10/100\n|move|p1a: Glastrier|Heavy Slam|p2a: Araquanid\n|-resisted|p2a: Araquanid\n|-damage|p2a: Araquanid|3/246\n|\n|upkeep\n|turn|5\n|inactive|Time left: 300 sec this turn | 300 sec total\n|\n|t:|1783548036\n|move|p2a: Araquanid|Liquidation|p1a: Glastrier\n|-damage|p1a: Glastrier|0 fnt\n|faint|p1a: Glastrier\n|\n|upkeep\n|\n|t:|1783548037\n|switch|p1a: Regieleki|Regieleki, L79|100/100\n|-activate|p1a: Regieleki|move: Sticky Web\n|-unboost|p1a: Regieleki|spe|1\n|turn|6\n|inactive|Time left: 300 sec this turn | 300 sec total\n|\n|t:|1783548039\n|switch|p2a: Flapple|Flapple, L88, M|266/266\n|move|p1a: Regieleki|Rapid Spin|p2a: Flapple\n|-damage|p2a: Flapple|229/266\n|-boost|p1a: Regieleki|spe|1\n|-sideend|p1: p0x76715a5|Sticky Web|[from] move: Rapid Spin|[of] p1a: Regieleki\n|\n|upkeep\n|turn|7\n|inactive|Time left: 300 sec this turn | 300 sec total\n|\n|t:|1783548040\n|-terastallize|p1a: Regieleki|Ice\n|move|p1a: Regieleki|Tera Blast|p2a: Flapple|[anim] Tera Blast Ice\n|-supereffective|p2a: Flapple\n|-damage|p2a: Flapple|0 fnt\n|faint|p2a: Flapple\n|\n|upkeep\n|inactive|Time left: 300 sec this turn | 300 sec total | 5 sec grace\n|\n|t:|1783548041\n|switch|p2a: Raikou|Raikou, L81|278/278\n|-ability|p2a: Raikou|Pressure\n|turn|8\n|inactive|Time left: 300 sec this turn | 300 sec total\n|\n|t:|1783548042\n|switch|p1a: Venusaur|Venusaur, L84, M|100/100\n|move|p2a: Raikou|Calm Mind|p2a: Raikou\n|-boost|p2a: Raikou|spa|1\n|-boost|p2a: Raikou|spd|1\n|\n|upkeep\n|turn|9\n|inactive|Time left: 300 sec this turn | 300 sec total\n|\n|t:|1783548043\n|move|p2a: Raikou|Calm Mind|p2a: Raikou\n|-boost|p2a: Raikou|spa|1\n|-boost|p2a: Raikou|spd|1\n|move|p1a: Venusaur|Knock Off|p2a: Raikou\n|-damage|p2a: Raikou|212/278\n|-enditem|p2a: Raikou|Leftovers|[from] move: Knock Off|[of] p1a: Venusaur\n|\n|upkeep\n|turn|10\n|inactive|Time left: 300 sec this turn | 300 sec total\n|\n|t:|1783548044\n|move|p2a: Raikou|Thunderbolt|p1a: Venusaur\n|-resisted|p1a: Venusaur\n|-damage|p1a: Venusaur|66/100\n|move|p1a: Venusaur|Sludge Bomb|p2a: Raikou\n|-damage|p2a: Raikou|164/278\n|\n|-heal|p1a: Venusaur|73/100|[from] item: Leftovers\n|upkeep\n|turn|11\n|inactive|Time left: 300 sec this turn | 300 sec total\n|\n|t:|1783548045\n|move|p2a: Raikou|Thunderbolt|p1a: Venusaur\n|-resisted|p1a: Venusaur\n|-damage|p1a: Venusaur|40/100\n|move|p1a: Venusaur|Sludge Bomb|p2a: Raikou\n|-damage|p2a: Raikou|118/278\n|-status|p2a: Raikou|psn\n|\n|-heal|p1a: Venusaur|46/100|[from] item: Leftovers\n|-damage|p2a: Raikou|84/278 psn|[from] psn\n|upkeep\n|turn|12\n|inactive|Time left: 300 sec this turn | 300 sec total\n|\n|t:|1783548047\n|move|p2a: Raikou|Shadow Ball|p1a: Venusaur\n|-damage|p1a: Venusaur|8/100\n|move|p1a: Venusaur|Energy Ball|p2a: Raikou\n|-damage|p2a: Raikou|17/278 psn\n|\n|-heal|p1a: Venusaur|14/100|[from] item: Leftovers\n|-damage|p2a: Raikou|0 fnt|[from] psn\n|faint|p2a: Raikou\n|upkeep\n|inactive|Time left: 300 sec this turn | 300 sec total | 5 sec grace\n|\n|t:|1783548048\n|switch|p2a: Inteleon|Inteleon, L81, M|246/246\n|turn|13\n|inactive|Time left: 300 sec this turn | 300 sec total\n|\n|t:|1783548049\n|move|p2a: Inteleon|Scald|p1a: Venusaur\n|-resisted|p1a: Venusaur\n|-damage|p1a: Venusaur|0 fnt\n|faint|p1a: Venusaur\n|\n|upkeep\n|\n|t:|1783548050\n|switch|p1a: Regieleki|Regieleki, L79, tera:Ice|100/100\n|turn|14\n|inactive|Time left: 300 sec this turn | 300 sec total\n|\n|t:|1783548051\n|switch|p2a: Beartic|Beartic, L91, M|321/321\n|move|p1a: Regieleki|Thunderbolt|p2a: Beartic\n|-damage|p2a: Beartic|188/321\n|\n|upkeep\n|turn|15\n|inactive|Time left: 300 sec this turn | 300 sec total\n|\n|t:|1783548052\n|move|p1a: Regieleki|Volt Switch|p2a: Beartic\n|-damage|p2a: Beartic|92/321\n|\n|t:|1783548053\n|switch|p1a: Azumarill|Azumarill, L82, F|100/100|[from] Volt Switch\n|move|p2a: Beartic|Earthquake|p1a: Azumarill\n|-damage|p1a: Azumarill|65/100\n|\n|upkeep\n|turn|16\n|inactive|Time left: 300 sec this turn | 300 sec total\n|\n|t:|1783548054\n|move|p2a: Beartic|Icicle Crash|p1a: Azumarill\n|-resisted|p1a: Azumarill\n|-damage|p1a: Azumarill|40/100\n|-enditem|p1a: Azumarill|Sitrus Berry|[eat]\n|-heal|p1a: Azumarill|65/100|[from] item: Sitrus Berry\n|move|p1a: Azumarill|Liquidation|p2a: Beartic\n|-damage|p2a: Beartic|0 fnt\n|faint|p2a: Beartic\n|\n|upkeep\n|inactive|Time left: 300 sec this turn | 300 sec total | 5 sec grace\n|\n|t:|1783548055\n|switch|p2a: Inteleon|Inteleon, L81, M|246/246\n|turn|17\n|inactive|Time left: 300 sec this turn | 300 sec total\n|\n|t:|1783548056\n|move|p2a: Inteleon|Hydro Pump|p1a: Azumarill\n|-resisted|p1a: Azumarill\n|-damage|p1a: Azumarill|27/100\n|move|p1a: Azumarill|Play Rough|p2a: Inteleon\n|-damage|p2a: Inteleon|113/246\n|\n|upkeep\n|turn|18\n|inactive|Time left: 300 sec this turn | 300 sec total\n|\n|t:|1783548057\n|move|p2a: Inteleon|Hydro Pump|p1a: Azumarill\n|-resisted|p1a: Azumarill\n|-damage|p1a: Azumarill|0 fnt\n|faint|p1a: Azumarill\n|\n|upkeep\n|\n|t:|1783548058\n|switch|p1a: Regieleki|Regieleki, L79, tera:Ice|100/100\n|turn|19\n|inactive|Time left: 300 sec this turn | 300 sec total\n|\n|t:|1783548059\n|switch|p2a: Whimsicott|Whimsicott, L84, F|238/238\n|move|p1a: Regieleki|Thunderbolt|p2a: Whimsicott\n|-resisted|p2a: Whimsicott\n|-damage|p2a: Whimsicott|163/238\n|\n|-heal|p2a: Whimsicott|177/238|[from] item: Leftovers\n|upkeep\n|turn|20\n|inactive|Time left: 300 sec this turn | 300 sec total\n|\n|t:|1783548060\n|move|p1a: Regieleki|Tera Blast|p2a: Whimsicott|[anim] Tera Blast Ice\n|-supereffective|p2a: Whimsicott\n|-crit|p2a: Whimsicott\n|-damage|p2a: Whimsicott|0 fnt\n|faint|p2a: Whimsicott\n|\n|upkeep\n|inactive|Time left: 300 sec this turn | 300 sec total | 5 sec grace\n|\n|t:|1783548061\n|switch|p2a: Araquanid|Araquanid, L82, F|3/246\n|turn|21\n|inactive|Time left: 300 sec this turn | 300 sec total\n|\n|t:|1783548062\n|switch|p2a: Inteleon|Inteleon, L81, M|113/246\n|move|p1a: Regieleki|Thunderbolt|p2a: Inteleon\n|-supereffective|p2a: Inteleon\n|-crit|p2a: Inteleon\n|-damage|p2a: Inteleon|0 fnt\n|faint|p2a: Inteleon\n|\n|upkeep\n|inactive|Time left: 300 sec this turn | 300 sec total | 5 sec grace\n|\n|t:|1783548063\n|switch|p2a: Araquanid|Araquanid, L82, F|3/246\n|turn|22\n|inactive|Time left: 300 sec this turn | 300 sec total\n|\n|t:|1783548064\n|-terastallize|p2a: Araquanid|Ground\n|move|p1a: Regieleki|Tera Blast|p2a: Araquanid|[anim] Tera Blast Ice\n|-supereffective|p2a: Araquanid\n|-damage|p2a: Araquanid|0 fnt\n|faint|p2a: Araquanid\n|\n|win|p0x76715a5", "uploadtime": 1783548064, "views": 0, "rating": 0, "private": 0, "password": null, "_winner": "p0x76715a5", "_our_name": "p0y767a28c"}