{"id": "battle-gen9randombattle-430", "formatid": "gen9randombattle", "format": "[Gen 9] Random Battle", "players": ["p0x430bd3c", "p0y430380d"], "log": "|init|battle\n|title|p0x430bd3c vs. p0y430380d\n|j|\u2606p0x430bd3c\n|j|\u2606p0y430380d\n|t:|1783544048\n|gametype|singles\n|player|p1|p0x430bd3c|1|\n|player|p2|p0y430380d|266|\n|gen|9\n|tier|[Gen 9] Random Battle\n|rule|Species Clause: Limit one of each Pok\u00e9mon\n|rule|HP Percentage Mod: HP is shown in percentages\n|rule|Sleep Clause Mod: Limit one foe put to sleep\n|rule|Illusion Level Mod: Illusion disguises the Pok\u00e9mon's true level\n|\n|t:|1783544048\n|teamsize|p1|6\n|teamsize|p2|6\n|start\n|switch|p1a: Hitmonlee|Hitmonlee, L85, M|100/100\n|switch|p2a: Volcarona|Volcarona, L77, F|257/257\n|turn|1\n|inactive|Battle timer is ON: inactive players will automatically lose when time's up. (requested by p0x430bd3c)\n|inactive|Time left: 300 sec this turn | 300 sec total | 60 sec grace\n|inactive|p0y430380d also wants the timer to be on.\n|\n|t:|1783544049\n|move|p2a: Volcarona|Quiver Dance|p2a: Volcarona\n|-boost|p2a: Volcarona|spa|1\n|-boost|p2a: Volcarona|spd|1\n|-boost|p2a: Volcarona|spe|1\n|move|p1a: Hitmonlee|Swords Dance|p1a: Hitmonlee\n|-boost|p1a: Hitmonlee|atk|2\n|\n|upkeep\n|turn|2\n|inactive|Time left: 300 sec this turn | 300 sec total\n|\n|t:|1783544050\n|-terastallize|p1a: Hitmonlee|Dark\n|move|p2a: Volcarona|Fiery Dance|p1a: Hitmonlee\n|-damage|p1a: Hitmonlee|48/100\n|move|p1a: Hitmonlee|Knock Off|p2a: Volcarona\n|-damage|p2a: Volcarona|0 fnt\n|-status|p1a: Hitmonlee|brn|[from] ability: Flame Body|[of] p2a: Volcarona\n|-enditem|p2a: Volcarona|Heavy-Duty Boots|[from] move: Knock Off|[of] p1a: Hitmonlee\n|faint|p2a: Volcarona\n|\n|-damage|p1a: Hitmonlee|42/100 brn|[from] brn\n|upkeep\n|inactive|Time left: 300 sec this turn | 300 sec total | 5 sec grace\n|\n|t:|1783544051\n|switch|p2a: Iron Valiant|Iron Valiant, L78|244/244\n|turn|3\n|inactive|Time left: 300 sec this turn | 300 sec total\n|\n|t:|1783544052\n|move|p2a: Iron Valiant|Moonblast|p1a: Hitmonlee\n|-supereffective|p1a: Hitmonlee\n|-damage|p1a: Hitmonlee|0 fnt\n|faint|p1a: Hitmonlee\n|-damage|p2a: Iron Valiant|220/244|[from] item: Life Orb\n|\n|upkeep\n|\n|t:|1783544053\n|switch|p1a: Reuniclus|Reuniclus, L88, M|100/100\n|turn|4\n|inactive|Time left: 300 sec this turn | 300 sec total\n|\n|t:|1783544054\n|move|p2a: Iron Valiant|Moonblast|p1a: Reuniclus\n|-damage|p1a: Reuniclus|59/100\n|-damage|p2a: Iron Valiant|196/244|[from] item: Life Orb\n|move|p1a: Reuniclus|Psychic|p2a: Iron Valiant\n|-supereffective|p2a: Iron Valiant\n|-damage|p2a: Iron Valiant|0 fnt\n|faint|p2a: Iron Valiant\n|-end|p2a: Iron Valiant|Quark Drive|[silent]\n|\n|upkeep\n|inactive|Time left: 300 sec this turn | 300 sec total | 5 sec grace\n|\n|t:|1783544055\n|switch|p2a: Mamoswine|Mamoswine, L81, F|311/311\n|turn|5\n|inactive|Time left: 300 sec this turn | 300 sec total\n|\n|t:|1783544056\n|move|p2a: Mamoswine|Icicle Crash|p1a: Reuniclus\n|-damage|p1a: Reuniclus|14/100\n|-damage|p2a: Mamoswine|280/311|[from] item: Life Orb\n|move|p1a: Reuniclus|Focus Blast|p2a: Mamoswine\n|-supereffective|p2a: Mamoswine\n|-damage|p2a: Mamoswine|0 fnt\n|faint|p2a: Mamoswine\n|\n|upkeep\n|inactive|Time left: 300 sec this turn | 300 sec total | 5 sec grace\n|\n|t:|1783544057\n|switch|p2a: Minior|Minior-Blue, L79|224/224\n|-formechange|p2a: Minior|Minior-Meteor||[from] ability: Shields Down\n|turn|6\n|inactive|Time left: 300 sec this turn | 300 sec total\n|\n|t:|1783544058\n|switch|p1a: Sudowoodo|Sudowoodo, L94, F|100/100\n|move|p2a: Minior|Shell Smash|p2a: Minior\n|-unboost|p2a: Minior|def|1\n|-unboost|p2a: Minior|spd|1\n|-boost|p2a: Minior|atk|2\n|-boost|p2a: Minior|spa|2\n|-boost|p2a: Minior|spe|2\n|-enditem|p2a: Minior|White Herb\n|-clearnegativeboost|p2a: Minior|[silent]\n|\n|upkeep\n|turn|7\n|inactive|Time left: 300 sec this turn | 300 sec total\n|\n|t:|1783544059\n|move|p2a: Minior|Power Gem|p1a: Sudowoodo\n|-damage|p1a: Sudowoodo|59/100\n|move|p1a: Sudowoodo|Head Smash|p2a: Minior|[miss]\n|-miss|p1a: Sudowoodo|p2a: Minior\n|\n|-heal|p1a: Sudowoodo|65/100|[from] item: Leftovers\n|upkeep\n|turn|8\n|inactive|Time left: 300 sec this turn | 300 sec total\n|\n|t:|1783544060\n|-terastallize|p2a: Minior|Water\n|move|p2a: Minior|Earthquake|p1a: Sudowoodo\n|-supereffective|p1a: Sudowoodo\n|-damage|p1a: Sudowoodo|18/100\n|move|p1a: Sudowoodo|Head Smash|p2a: Minior\n|-damage|p2a: Minior|46/224\n|\n|-heal|p1a: Sudowoodo|24/100|[from] item: Leftovers\n|-formechange|p2a: Minior|Minior-Blue||[from] ability: Shields Down\n|upkeep\n|turn|9\n|inactive|Time left: 300 sec this turn | 300 sec total\n|\n|t:|1783544061\n|move|p1a: Sudowoodo|Sucker Punch||[still]\n|-fail|p1a: Sudowoodo\n|move|p2a: Minior|Shell Smash|p2a: Minior\n|-unboost|p2a: Minior|def|1\n|-unboost|p2a: Minior|spd|1\n|-boost|p2a: Minior|atk|2\n|-boost|p2a: Minior|spa|2\n|-boost|p2a: Minior|spe|2\n|\n|-heal|p1a: Sudowoodo|30/100|[from] item: Leftovers\n|upkeep\n|turn|10\n|inactive|Time left: 300 sec this turn | 300 sec total\n|\n|t:|1783544062\n|move|p1a: Sudowoodo|Sucker Punch||[still]\n|-fail|p1a: Sudowoodo\n|move|p2a: Minior|Shell Smash|p2a: Minior\n|-unboost|p2a: Minior|def|1\n|-unboost|p2a: Minior|spd|1\n|-boost|p2a: Minior|atk|2\n|-boost|p2a: Minior|spa|2\n|-boost|p2a: Minior|spe|2\n|\n|-heal|p1a: Sudowoodo|36/100|[from] item: Leftovers\n|upkeep\n|turn|11\n|inactive|Time left: 300 sec this turn | 300 sec total\n|\n|t:|1783544063\n|move|p1a: Sudowoodo|Sucker Punch||[still]\n|-fail|p1a: Sudowoodo\n|move|p2a: Minior|Shell Smash|p2a: Minior\n|-unboost|p2a: Minior|def|1\n|-unboost|p2a: Minior|spd|1\n|-boost|p2a: Minior|atk|0\n|-boost|p2a: Minior|spa|0\n|-boost|p2a: Minior|spe|0\n|\n|-heal|p1a: Sudowoodo|42/100|[from] item: Leftovers\n|upkeep\n|turn|12\n|inactive|Time left: 300 sec this turn | 300 sec total\n|\n|t:|1783544065\n|move|p1a: Sudowoodo|Sucker Punch||[still]\n|-fail|p1a: Sudowoodo\n|move|p2a: Minior|Shell Smash|p2a: Minior\n|-unboost|p2a: Minior|def|1\n|-unboost|p2a: Minior|spd|1\n|-boost|p2a: Minior|atk|0\n|-boost|p2a: Minior|spa|0\n|-boost|p2a: Minior|spe|0\n|\n|-heal|p1a: Sudowoodo|48/100|[from] item: Leftovers\n|upkeep\n|turn|13\n|inactive|Time left: 300 sec this turn | 300 sec total\n|\n|t:|1783544066\n|move|p1a: Sudowoodo|Sucker Punch||[still]\n|-fail|p1a: Sudowoodo\n|move|p2a: Minior|Shell Smash|p2a: Minior\n|-unboost|p2a: Minior|def|1\n|-unboost|p2a: Minior|spd|1\n|-boost|p2a: Minior|atk|0\n|-boost|p2a: Minior|spa|0\n|-boost|p2a: Minior|spe|0\n|\n|-heal|p1a: Sudowoodo|54/100|[from] item: Leftovers\n|upkeep\n|turn|14\n|inactive|Time left: 300 sec this turn | 300 sec total\n|\n|t:|1783544067\n|move|p1a: Sudowoodo|Sucker Punch||[still]\n|-fail|p1a: Sudowoodo\n|move|p2a: Minior|Shell Smash|p2a: Minior\n|-unboost|p2a: Minior|def|1\n|-unboost|p2a: Minior|spd|1\n|-boost|p2a: Minior|atk|0\n|-boost|p2a: Minior|spa|0\n|-boost|p2a: Minior|spe|0\n|\n|-heal|p1a: Sudowoodo|60/100|[from] item: Leftovers\n|upkeep\n|turn|15\n|inactive|Time left: 300 sec this turn | 300 sec total\n|\n|t:|1783544068\n|move|p1a: Sudowoodo|Sucker Punch||[still]\n|-fail|p1a: Sudowoodo\n|move|p2a: Minior|Shell Smash|p2a: Minior\n|-unboost|p2a: Minior|def|0\n|-unboost|p2a: Minior|spd|0\n|-boost|p2a: Minior|atk|0\n|-boost|p2a: Minior|spa|0\n|-boost|p2a: Minior|spe|0\n|\n|-heal|p1a: Sudowoodo|66/100|[from] item: Leftovers\n|upkeep\n|turn|16\n|inactive|Time left: 300 sec this turn | 300 sec total\n|\n|t:|1783544069\n|move|p1a: Sudowoodo|Sucker Punch||[still]\n|-fail|p1a: Sudowoodo\n|move|p2a: Minior|Shell Smash|p2a: Minior\n|-unboost|p2a: Minior|def|0\n|-unboost|p2a: Minior|spd|0\n|-boost|p2a: Minior|atk|0\n|-boost|p2a: Minior|spa|0\n|-boost|p2a: Minior|spe|0\n|\n|-heal|p1a: Sudowoodo|72/100|[from] item: Leftovers\n|upkeep\n|turn|17\n|inactive|Time left: 300 sec this turn | 300 sec total\n|\n|t:|1783544070\n|switch|p1a: Reuniclus|Reuniclus, L88, M|14/100\n|move|p2a: Minior|Power Gem|p1a: Reuniclus\n|-damage|p1a: Reuniclus|0 fnt\n|faint|p1a: Reuniclus\n|\n|upkeep\n|\n|t:|1783544070\n|switch|p1a: Ursaring|Ursaring, L84, F|100/100\n|turn|18\n|inactive|Time left: 300 sec this turn | 300 sec total\n|\n|t:|1783544072\n|move|p2a: Minior|Acrobatics|p1a: Ursaring\n|-damage|p1a: Ursaring|0 fnt\n|faint|p1a: Ursaring\n|\n|upkeep\n|\n|t:|1783544073\n|switch|p1a: Sudowoodo|Sudowoodo, L94, F|72/100\n|turn|19\n|inactive|Time left: 300 sec this turn | 300 sec total\n|\n|t:|1783544074\n|move|p2a: Minior|Power Gem|p1a: Sudowoodo\n|-damage|p1a: Sudowoodo|0 fnt\n|faint|p1a: Sudowoodo\n|\n|upkeep\n|\n|t:|1783544074\n|switch|p1a: Pachirisu|Pachirisu, L96, F|100/100\n|turn|20\n|inactive|Time left: 300 sec this turn | 300 sec total\n|\n|t:|1783544075\n|switch|p1a: Vileplume|Vileplume, L85, F|100/100\n|move|p2a: Minior|Earthquake|p1a: Vileplume\n|-damage|p1a: Vileplume|0 fnt\n|faint|p1a: Vileplume\n|\n|upkeep\n|\n|t:|1783544076\n|switch|p1a: Pachirisu|Pachirisu, L96, F|100/100\n|turn|21\n|inactive|Time left: 300 sec this turn | 300 sec total\n|\n|t:|1783544077\n|move|p2a: Minior|Earthquake|p1a: Pachirisu\n|-supereffective|p1a: Pachirisu\n|-damage|p1a: Pachirisu|0 fnt\n|faint|p1a: Pachirisu\n|\n|win|p0y430380d", "uploadtime": 1783544077, "views": 0, "rating": 0, "private": 0, "password": null, "_winner": "p0y430380d", "_our_name": "p0y430380d"}