{"id": "battle-gen9randombattle-2804", "formatid": "gen9randombattle", "format": "[Gen 9] Random Battle", "players": ["p0x2804bc8b", "p0y2804b15e"], "log": "|init|battle\n|title|p0x2804bc8b vs. p0y2804b15e\n|j|\u2606p0x2804bc8b\n|j|\u2606p0y2804b15e\n|t:|1783571315\n|gametype|singles\n|player|p1|p0x2804bc8b|2|\n|player|p2|p0y2804b15e|170|\n|gen|9\n|tier|[Gen 9] Random Battle\n|rule|Species Clause: Limit one of each Pok\u00e9mon\n|rule|HP Percentage Mod: HP is shown in percentages\n|rule|Sleep Clause Mod: Limit one foe put to sleep\n|rule|Illusion Level Mod: Illusion disguises the Pok\u00e9mon's true level\n|\n|t:|1783571315\n|teamsize|p1|6\n|teamsize|p2|6\n|start\n|switch|p1a: Metagross|Metagross, L79|100/100\n|switch|p2a: Terapagos|Terapagos, L77, M|265/265\n|-activate|p2a: Terapagos|ability: Tera Shift\n|detailschange|p2a: Terapagos|Terapagos-Terastal, L77, M\n|-heal|p2a: Terapagos|273/273|[silent]\n|turn|1\n|inactive|Battle timer is ON: inactive players will automatically lose when time's up. (requested by p0x2804bc8b)\n|inactive|Time left: 300 sec this turn | 300 sec total | 60 sec grace\n|\n|t:|1783571316\n|move|p2a: Terapagos|Calm Mind|p2a: Terapagos\n|-boost|p2a: Terapagos|spa|1\n|-boost|p2a: Terapagos|spd|1\n|move|p1a: Metagross|Heavy Slam|p2a: Terapagos\n|-activate|p2a: Terapagos|ability: Tera Shell\n|-resisted|p2a: Terapagos\n|-damage|p2a: Terapagos|204/273\n|\n|upkeep\n|turn|2\n|inactive|Time left: 300 sec this turn | 300 sec total\n|inactive|p0y2804b15e also wants the timer to be on.\n|\n|t:|1783571318\n|move|p2a: Terapagos|Dark Pulse|p1a: Metagross\n|-supereffective|p1a: Metagross\n|-damage|p1a: Metagross|36/100\n|cant|p1a: Metagross|flinch\n|\n|-heal|p1a: Metagross|42/100|[from] item: Leftovers\n|upkeep\n|turn|3\n|inactive|Time left: 300 sec this turn | 300 sec total\n|\n|t:|1783571319\n|switch|p1a: Staraptor|Staraptor, L79, F|100/100\n|move|p2a: Terapagos|Tera Starstorm|p1a: Staraptor\n|-damage|p1a: Staraptor|14/100\n|\n|upkeep\n|turn|4\n|inactive|Time left: 300 sec this turn | 300 sec total\n|\n|t:|1783571320\n|switch|p2a: Alomomola|Alomomola, L87, F, shiny|429/429\n|move|p1a: Staraptor|Brave Bird|p2a: Alomomola\n|-damage|p2a: Alomomola|167/429\n|-damage|p1a: Staraptor|0 fnt|[from] Recoil\n|faint|p1a: Staraptor\n|\n|upkeep\n|\n|t:|1783571321\n|switch|p1a: Zangoose|Zangoose, L85, M|100/100\n|turn|5\n|inactive|Time left: 300 sec this turn | 300 sec total\n|\n|t:|1783571322\n|move|p1a: Zangoose|Swords Dance|p1a: Zangoose\n|-boost|p1a: Zangoose|atk|2\n|move|p2a: Alomomola|Scald|p1a: Zangoose\n|-damage|p1a: Zangoose|74/100\n|\n|-status|p1a: Zangoose|tox|[from] item: Toxic Orb\n|upkeep\n|turn|6\n|inactive|Time left: 300 sec this turn | 300 sec total\n|\n|t:|1783571323\n|switch|p2a: Probopass|Probopass, L91, F|257/257\n|move|p1a: Zangoose|Facade|p2a: Probopass\n|-resisted|p2a: Probopass\n|-damage|p2a: Probopass|174/257\n|\n|-heal|p2a: Probopass|190/257|[from] item: Leftovers\n|-damage|p1a: Zangoose|68/100 tox|[from] psn\n|upkeep\n|turn|7\n|inactive|Time left: 300 sec this turn | 300 sec total\n|\n|t:|1783571324\n|move|p1a: Zangoose|Knock Off|p2a: Probopass\n|-damage|p2a: Probopass|49/257\n|-enditem|p2a: Probopass|Leftovers|[from] move: Knock Off|[of] p1a: Zangoose\n|move|p2a: Probopass|Body Press|p1a: Zangoose\n|-supereffective|p1a: Zangoose\n|-damage|p1a: Zangoose|0 fnt\n|faint|p1a: Zangoose\n|\n|upkeep\n|\n|t:|1783571325\n|switch|p1a: Metagross|Metagross, L79|42/100\n|turn|8\n|inactive|Time left: 300 sec this turn | 300 sec total\n|\n|t:|1783571326\n|move|p1a: Metagross|Earthquake|p2a: Probopass\n|-supereffective|p2a: Probopass\n|-damage|p2a: Probopass|0 fnt\n|faint|p2a: Probopass\n|\n|-heal|p1a: Metagross|48/100|[from] item: Leftovers\n|upkeep\n|inactive|Time left: 300 sec this turn | 300 sec total | 5 sec grace\n|\n|t:|1783571327\n|switch|p2a: Camerupt|Camerupt, L91, M|275/275\n|turn|9\n|inactive|Time left: 300 sec this turn | 300 sec total\n|\n|t:|1783571328\n|move|p1a: Metagross|Earthquake|p2a: Camerupt\n|-supereffective|p2a: Camerupt\n|-damage|p2a: Camerupt|136/275\n|move|p2a: Camerupt|Earthquake|p1a: Metagross\n|-supereffective|p1a: Metagross\n|-damage|p1a: Metagross|0 fnt\n|faint|p1a: Metagross\n|\n|-heal|p2a: Camerupt|153/275|[from] item: Leftovers\n|upkeep\n|\n|t:|1783571329\n|switch|p1a: Espeon|Espeon, L84, F|100/100\n|turn|10\n|inactive|Time left: 300 sec this turn | 300 sec total\n|\n|t:|1783571330\n|move|p1a: Espeon|Psyshock|p2a: Camerupt\n|-damage|p2a: Camerupt|13/275\n|-damage|p1a: Espeon|91/100|[from] item: Life Orb\n|move|p2a: Camerupt|Earthquake|p1a: Espeon\n|-damage|p1a: Espeon|20/100\n|\n|-heal|p2a: Camerupt|30/275|[from] item: Leftovers\n|upkeep\n|turn|11\n|inactive|Time left: 300 sec this turn | 300 sec total\n|\n|t:|1783571331\n|move|p1a: Espeon|Alluring Voice|p2a: Camerupt\n|-resisted|p2a: Camerupt\n|-damage|p2a: Camerupt|0 fnt\n|faint|p2a: Camerupt\n|-damage|p1a: Espeon|10/100|[from] item: Life Orb\n|\n|upkeep\n|inactive|Time left: 300 sec this turn | 300 sec total | 5 sec grace\n|\n|t:|1783571332\n|switch|p2a: Gouging Fire|Gouging Fire, L74|277/277\n|turn|12\n|inactive|Time left: 300 sec this turn | 300 sec total\n|\n|t:|1783571333\n|move|p1a: Espeon|Morning Sun|p1a: Espeon\n|-heal|p1a: Espeon|60/100\n|move|p2a: Gouging Fire|Dragon Dance|p2a: Gouging Fire\n|-boost|p2a: Gouging Fire|atk|1\n|-boost|p2a: Gouging Fire|spe|1\n|\n|upkeep\n|turn|13\n|inactive|Time left: 300 sec this turn | 300 sec total\n|\n|t:|1783571334\n|switch|p1a: Ceruledge|Ceruledge, L78, F|100/100\n|move|p2a: Gouging Fire|Heat Crash|p1a: Ceruledge\n|-resisted|p1a: Ceruledge\n|-damage|p1a: Ceruledge|63/100\n|-ability|p1a: Ceruledge|Weak Armor|boost\n|-unboost|p1a: Ceruledge|def|1\n|-boost|p1a: Ceruledge|spe|2\n|\n|upkeep\n|turn|14\n|inactive|Time left: 300 sec this turn | 300 sec total\n|\n|t:|1783571335\n|move|p1a: Ceruledge|Poltergeist|p2a: Gouging Fire\n|-activate|p2a: Gouging Fire|move: Poltergeist|Heavy-Duty Boots\n|-damage|p2a: Gouging Fire|165/277\n|move|p2a: Gouging Fire|Outrage|p1a: Ceruledge\n|-damage|p1a: Ceruledge|0 fnt\n|faint|p1a: Ceruledge\n|\n|upkeep\n|\n|t:|1783571336\n|switch|p1a: Camerupt|Camerupt, L91, M|100/100\n|turn|15\n|inactive|Time left: 300 sec this turn | 300 sec total\n|\n|t:|1783571337\n|move|p2a: Gouging Fire|Outrage|p1a: Camerupt|[from] lockedmove\n|-damage|p1a: Camerupt|32/100\n|-start|p2a: Gouging Fire|confusion|[fatigue]\n|move|p1a: Camerupt|Earthquake|p2a: Gouging Fire\n|-supereffective|p2a: Gouging Fire\n|-damage|p2a: Gouging Fire|0 fnt\n|faint|p2a: Gouging Fire\n|-end|p2a: Gouging Fire|Protosynthesis|[silent]\n|\n|-heal|p1a: Camerupt|39/100|[from] item: Leftovers\n|upkeep\n|inactive|Time left: 300 sec this turn | 300 sec total | 5 sec grace\n|\n|t:|1783571338\n|switch|p2a: Terapagos|Terapagos-Terastal, L77, M|204/273\n|turn|16\n|inactive|Time left: 300 sec this turn | 300 sec total\n|\n|t:|1783571339\n|switch|p1a: Espeon|Espeon, L84, F|60/100\n|move|p2a: Terapagos|Tera Starstorm|p1a: Espeon\n|-damage|p1a: Espeon|13/100\n|\n|upkeep\n|turn|17\n|inactive|Time left: 300 sec this turn | 300 sec total\n|\n|t:|1783571340\n|move|p1a: Espeon|Morning Sun|p1a: Espeon\n|-heal|p1a: Espeon|63/100\n|move|p2a: Terapagos|Tera Starstorm|p1a: Espeon\n|-damage|p1a: Espeon|16/100\n|\n|upkeep\n|turn|18\n|inactive|Time left: 300 sec this turn | 300 sec total\n|\n|t:|1783571341\n|move|p1a: Espeon|Morning Sun|p1a: Espeon\n|-heal|p1a: Espeon|66/100\n|move|p2a: Terapagos|Tera Starstorm|p1a: Espeon\n|-damage|p1a: Espeon|19/100\n|\n|upkeep\n|turn|19\n|inactive|Time left: 300 sec this turn | 300 sec total\n|\n|t:|1783571342\n|move|p1a: Espeon|Morning Sun|p1a: Espeon\n|-heal|p1a: Espeon|69/100\n|move|p2a: Terapagos|Tera Starstorm|p1a: Espeon\n|-damage|p1a: Espeon|29/100\n|\n|upkeep\n|turn|20\n|inactive|Time left: 300 sec this turn | 300 sec total\n|\n|t:|1783571343\n|move|p1a: Espeon|Morning Sun|p1a: Espeon\n|-heal|p1a: Espeon|79/100\n|move|p2a: Terapagos|Tera Starstorm|p1a: Espeon\n|-damage|p1a: Espeon|38/100\n|\n|upkeep\n|turn|21\n|inactive|Time left: 300 sec this turn | 300 sec total\n|\n|t:|1783571344\n|move|p1a: Espeon|Morning Sun|p1a: Espeon\n|-heal|p1a: Espeon|88/100\n|move|p2a: Terapagos|Tera Starstorm|p1a: Espeon\n|-damage|p1a: Espeon|47/100\n|\n|upkeep\n|turn|22\n|inactive|Time left: 300 sec this turn | 300 sec total\n|\n|t:|1783571345\n|move|p1a: Espeon|Morning Sun|p1a: Espeon\n|-heal|p1a: Espeon|97/100\n|move|p2a: Terapagos|Tera Starstorm|p1a: Espeon\n|-damage|p1a: Espeon|57/100\n|\n|upkeep\n|turn|23\n|inactive|Time left: 300 sec this turn | 300 sec total\n|\n|t:|1783571347\n|move|p1a: Espeon|Morning Sun|p1a: Espeon\n|-heal|p1a: Espeon|100/100\n|move|p2a: Terapagos|Calm Mind|p2a: Terapagos\n|-boost|p2a: Terapagos|spa|1\n|-boost|p2a: Terapagos|spd|1\n|\n|upkeep\n|turn|24\n|inactive|Time left: 300 sec this turn | 300 sec total\n|\n|t:|1783571347\n|move|p1a: Espeon|Psyshock|p2a: Terapagos\n|-damage|p2a: Terapagos|71/273\n|-damage|p1a: Espeon|91/100|[from] item: Life Orb\n|move|p2a: Terapagos|Dark Pulse|p1a: Espeon\n|-supereffective|p1a: Espeon\n|-damage|p1a: Espeon|34/100\n|\n|upkeep\n|turn|25\n|inactive|Time left: 300 sec this turn | 300 sec total\n|\n|t:|1783571348\n|move|p1a: Espeon|Psyshock|p2a: Terapagos\n|-damage|p2a: Terapagos|0 fnt\n|faint|p2a: Terapagos\n|-damage|p1a: Espeon|24/100|[from] item: Life Orb\n|\n|upkeep\n|inactive|Time left: 300 sec this turn | 300 sec total | 5 sec grace\n|\n|t:|1783571349\n|switch|p2a: Alomomola|Alomomola, L87, F, shiny|310/429\n|turn|26\n|inactive|Time left: 300 sec this turn | 300 sec total\n|\n|t:|1783571350\n|-terastallize|p2a: Alomomola|Steel\n|move|p1a: Espeon|Shadow Ball|p2a: Alomomola\n|-damage|p2a: Alomomola|170/429\n|-damage|p1a: Espeon|14/100|[from] item: Life Orb\n|move|p2a: Alomomola|Flip Turn|p1a: Espeon\n|-damage|p1a: Espeon|0 fnt\n|faint|p1a: Espeon\n|inactive|Time left: 300 sec this turn | 300 sec total | 5 sec grace\n|\n|t:|1783571351\n|switch|p2a: Cyclizar|Cyclizar, L84, M|255/255|[from] Flip Turn\n|\n|upkeep\n|\n|t:|1783571352\n|switch|p1a: Camerupt|Camerupt, L91, M|39/100\n|turn|27\n|inactive|Time left: 300 sec this turn | 300 sec total\n|\n|t:|1783571353\n|-terastallize|p1a: Camerupt|Water\n|move|p2a: Cyclizar|Draco Meteor|p1a: Camerupt\n|-damage|p1a: Camerupt|0 fnt\n|-unboost|p2a: Cyclizar|spa|2\n|faint|p1a: Camerupt\n|\n|win|p0y2804b15e", "uploadtime": 1783571353, "views": 0, "rating": 0, "private": 0, "password": null, "_winner": "p0y2804b15e", "_our_name": "p0y2804b15e"}