{"id": "battle-gen9randombattle-1440", "formatid": "gen9randombattle", "format": "[Gen 9] Random Battle", "players": ["p0x14406c8d", "p0y14400a92"], "log": "|init|battle\n|title|p0x14406c8d vs. p0y14400a92\n|j|\u2606p0x14406c8d\n|j|\u2606p0y14400a92\n|t:|1783556778\n|gametype|singles\n|player|p1|p0x14406c8d|170|\n|player|p2|p0y14400a92|102|\n|gen|9\n|tier|[Gen 9] Random Battle\n|rule|Species Clause: Limit one of each Pok\u00e9mon\n|rule|HP Percentage Mod: HP is shown in percentages\n|rule|Sleep Clause Mod: Limit one foe put to sleep\n|rule|Illusion Level Mod: Illusion disguises the Pok\u00e9mon's true level\n|\n|t:|1783556778\n|teamsize|p1|6\n|teamsize|p2|6\n|start\n|switch|p1a: Delibird|Delibird, F|252/252\n|switch|p2a: Malamar|Malamar, L82, M|100/100\n|turn|1\n|inactive|Battle timer is ON: inactive players will automatically lose when time's up. (requested by p0y14400a92)\n|inactive|Time left: 300 sec this turn | 300 sec total | 60 sec grace\n|inactive|p0x14406c8d also wants the timer to be on.\n|\n|t:|1783556780\n|switch|p1a: Galvantula|Galvantula, L82, F|249/249\n|move|p2a: Malamar|Superpower|p1a: Galvantula\n|-resisted|p1a: Galvantula\n|-damage|p1a: Galvantula|199/249\n|-boost|p2a: Malamar|atk|1\n|-boost|p2a: Malamar|def|1\n|\n|upkeep\n|turn|2\n|inactive|Time left: 300 sec this turn | 300 sec total\n|\n|t:|1783556781\n|-terastallize|p2a: Malamar|Poison\n|move|p1a: Galvantula|Sticky Web|p2a: Malamar\n|-sidestart|p2: p0y14400a92|move: Sticky Web\n|move|p2a: Malamar|Knock Off|p1a: Galvantula\n|-damage|p1a: Galvantula|10/249\n|-enditem|p1a: Galvantula|Heavy-Duty Boots|[from] move: Knock Off|[of] p2a: Malamar\n|\n|upkeep\n|turn|3\n|inactive|Time left: 300 sec this turn | 300 sec total\n|\n|t:|1783556782\n|move|p1a: Galvantula|Thunder|p2a: Malamar\n|-damage|p2a: Malamar|57/100\n|move|p2a: Malamar|Superpower|p1a: Galvantula\n|-resisted|p1a: Galvantula\n|-damage|p1a: Galvantula|0 fnt\n|-boost|p2a: Malamar|atk|1\n|-boost|p2a: Malamar|def|1\n|faint|p1a: Galvantula\n|\n|upkeep\n|inactive|Time left: 300 sec this turn | 300 sec total | 5 sec grace\n|\n|t:|1783556783\n|switch|p1a: Stonjourner|Stonjourner, L91, F|330/330\n|turn|4\n|inactive|Time left: 300 sec this turn | 300 sec total\n|\n|t:|1783556784\n|-terastallize|p1a: Stonjourner|Ground\n|move|p1a: Stonjourner|Earthquake|p2a: Malamar\n|-supereffective|p2a: Malamar\n|-damage|p2a: Malamar|0 fnt\n|faint|p2a: Malamar\n|-damage|p1a: Stonjourner|297/330|[from] item: Life Orb\n|\n|upkeep\n|\n|t:|1783556785\n|switch|p2a: Volcarona|Volcarona, L77, F|100/100\n|turn|5\n|inactive|Time left: 300 sec this turn | 300 sec total\n|\n|t:|1783556787\n|move|p2a: Volcarona|Fire Blast|p1a: Stonjourner\n|-damage|p1a: Stonjourner|15/330\n|move|p1a: Stonjourner|Stone Edge|p2a: Volcarona\n|-supereffective|p2a: Volcarona\n|-damage|p2a: Volcarona|0 fnt\n|faint|p2a: Volcarona\n|-damage|p1a: Stonjourner|0 fnt|[from] item: Life Orb\n|faint|p1a: Stonjourner\n|\n|upkeep\n|inactive|Time left: 300 sec this turn | 300 sec total | 5 sec grace\n|\n|t:|1783556788\n|switch|p2a: Haxorus|Haxorus, L77, F|100/100\n|switch|p1a: Hitmonchan|Hitmonchan, L87, M|229/229\n|-activate|p2a: Haxorus|move: Sticky Web\n|-unboost|p2a: Haxorus|spe|1\n|-ability|p2a: Haxorus|Mold Breaker\n|turn|6\n|inactive|Time left: 300 sec this turn | 300 sec total\n|\n|t:|1783556789\n|move|p1a: Hitmonchan|Bulk Up|p1a: Hitmonchan\n|-boost|p1a: Hitmonchan|atk|1\n|-boost|p1a: Hitmonchan|def|1\n|move|p2a: Haxorus|Outrage|p1a: Hitmonchan\n|-damage|p1a: Hitmonchan|121/229\n|\n|-heal|p1a: Hitmonchan|135/229|[from] item: Leftovers\n|upkeep\n|turn|7\n|inactive|Time left: 300 sec this turn | 300 sec total\n|\n|t:|1783556790\n|move|p1a: Hitmonchan|Bulk Up|p1a: Hitmonchan\n|-boost|p1a: Hitmonchan|atk|1\n|-boost|p1a: Hitmonchan|def|1\n|move|p2a: Haxorus|Outrage|p1a: Hitmonchan|[from] lockedmove\n|-damage|p1a: Hitmonchan|62/229\n|\n|-heal|p1a: Hitmonchan|76/229|[from] item: Leftovers\n|upkeep\n|turn|8\n|inactive|Time left: 300 sec this turn | 300 sec total\n|\n|t:|1783556791\n|move|p1a: Hitmonchan|Drain Punch|p2a: Haxorus\n|-damage|p2a: Haxorus|5/100\n|-heal|p1a: Hitmonchan|193/229|[from] drain|[of] p2a: Haxorus\n|move|p2a: Haxorus|Outrage|p1a: Hitmonchan|[from] lockedmove\n|-damage|p1a: Hitmonchan|112/229\n|-start|p2a: Haxorus|confusion|[fatigue]\n|-enditem|p2a: Haxorus|Lum Berry|[eat]\n|-end|p2a: Haxorus|confusion\n|\n|-heal|p1a: Hitmonchan|126/229|[from] item: Leftovers\n|upkeep\n|turn|9\n|inactive|Time left: 300 sec this turn | 300 sec total\n|\n|t:|1783556792\n|move|p1a: Hitmonchan|Drain Punch|p2a: Haxorus\n|-damage|p2a: Haxorus|0 fnt\n|-heal|p1a: Hitmonchan|131/229|[from] drain|[of] p2a: Haxorus\n|faint|p2a: Haxorus\n|\n|-heal|p1a: Hitmonchan|145/229|[from] item: Leftovers\n|upkeep\n|\n|t:|1783556794\n|switch|p2a: Arbok|Arbok, L87, F|100/100\n|-activate|p2a: Arbok|move: Sticky Web\n|-unboost|p2a: Arbok|spe|1\n|-ability|p2a: Arbok|Intimidate|boost\n|-unboost|p1a: Hitmonchan|atk|1\n|turn|10\n|inactive|Time left: 300 sec this turn | 300 sec total\n|\n|t:|1783556795\n|move|p1a: Hitmonchan|Knock Off|p2a: Arbok\n|-damage|p2a: Arbok|47/100\n|-enditem|p2a: Arbok|Leftovers|[from] move: Knock Off|[of] p1a: Hitmonchan\n|move|p2a: Arbok|Coil|p2a: Arbok\n|-boost|p2a: Arbok|atk|1\n|-boost|p2a: Arbok|def|1\n|-boost|p2a: Arbok|accuracy|1\n|\n|-heal|p1a: Hitmonchan|159/229|[from] item: Leftovers\n|upkeep\n|turn|11\n|inactive|Time left: 300 sec this turn | 300 sec total\n|\n|t:|1783556796\n|move|p1a: Hitmonchan|Drain Punch|p2a: Arbok\n|-resisted|p2a: Arbok\n|-damage|p2a: Arbok|21/100\n|-heal|p1a: Hitmonchan|191/229|[from] drain|[of] p2a: Arbok\n|move|p2a: Arbok|Coil|p2a: Arbok\n|-boost|p2a: Arbok|atk|1\n|-boost|p2a: Arbok|def|1\n|-boost|p2a: Arbok|accuracy|1\n|\n|-heal|p1a: Hitmonchan|205/229|[from] item: Leftovers\n|upkeep\n|turn|12\n|inactive|Time left: 300 sec this turn | 300 sec total\n|\n|t:|1783556797\n|move|p1a: Hitmonchan|Drain Punch|p2a: Arbok\n|-resisted|p2a: Arbok\n|-damage|p2a: Arbok|4/100\n|-heal|p1a: Hitmonchan|227/229|[from] drain|[of] p2a: Arbok\n|move|p2a: Arbok|Gunk Shot|p1a: Hitmonchan\n|-damage|p1a: Hitmonchan|92/229\n|\n|-heal|p1a: Hitmonchan|106/229|[from] item: Leftovers\n|upkeep\n|turn|13\n|inactive|Time left: 300 sec this turn | 300 sec total\n|\n|t:|1783556798\n|move|p1a: Hitmonchan|Drain Punch|p2a: Arbok\n|-resisted|p2a: Arbok\n|-damage|p2a: Arbok|0 fnt\n|-heal|p1a: Hitmonchan|110/229|[from] drain|[of] p2a: Arbok\n|faint|p2a: Arbok\n|\n|-heal|p1a: Hitmonchan|124/229|[from] item: Leftovers\n|upkeep\n|\n|t:|1783556799\n|switch|p2a: Great Tusk|Great Tusk, L77|100/100\n|-activate|p2a: Great Tusk|move: Sticky Web\n|-unboost|p2a: Great Tusk|spe|1\n|-enditem|p2a: Great Tusk|Booster Energy\n|-activate|p2a: Great Tusk|ability: Protosynthesis|[fromitem]\n|-start|p2a: Great Tusk|protosynthesisatk\n|turn|14\n|inactive|Time left: 300 sec this turn | 300 sec total\n|\n|t:|1783556800\n|move|p1a: Hitmonchan|Drain Punch|p2a: Great Tusk\n|-damage|p2a: Great Tusk|62/100\n|-heal|p1a: Hitmonchan|183/229|[from] drain|[of] p2a: Great Tusk\n|move|p2a: Great Tusk|Bulk Up|p2a: Great Tusk\n|-boost|p2a: Great Tusk|atk|1\n|-boost|p2a: Great Tusk|def|1\n|\n|-heal|p1a: Hitmonchan|197/229|[from] item: Leftovers\n|upkeep\n|turn|15\n|inactive|Time left: 300 sec this turn | 300 sec total\n|\n|t:|1783556801\n|move|p1a: Hitmonchan|Drain Punch|p2a: Great Tusk\n|-damage|p2a: Great Tusk|32/100\n|-heal|p1a: Hitmonchan|229/229|[from] drain|[of] p2a: Great Tusk\n|move|p2a: Great Tusk|Bulk Up|p2a: Great Tusk\n|-boost|p2a: Great Tusk|atk|1\n|-boost|p2a: Great Tusk|def|1\n|\n|upkeep\n|turn|16\n|inactive|Time left: 300 sec this turn | 300 sec total\n|\n|t:|1783556802\n|move|p1a: Hitmonchan|Drain Punch|p2a: Great Tusk\n|-damage|p2a: Great Tusk|12/100\n|move|p2a: Great Tusk|Earthquake|p1a: Hitmonchan\n|-damage|p1a: Hitmonchan|78/229\n|\n|-heal|p1a: Hitmonchan|92/229|[from] item: Leftovers\n|upkeep\n|turn|17\n|inactive|Time left: 300 sec this turn | 300 sec total\n|\n|t:|1783556803\n|move|p1a: Hitmonchan|Drain Punch|p2a: Great Tusk\n|-damage|p2a: Great Tusk|0 fnt\n|-heal|p1a: Hitmonchan|110/229|[from] drain|[of] p2a: Great Tusk\n|faint|p2a: Great Tusk\n|-end|p2a: Great Tusk|Protosynthesis|[silent]\n|\n|-heal|p1a: Hitmonchan|124/229|[from] item: Leftovers\n|upkeep\n|\n|t:|1783556804\n|switch|p2a: Dugtrio|Dugtrio-Alola, L84, M|100/100\n|-activate|p2a: Dugtrio|move: Sticky Web\n|-unboost|p2a: Dugtrio|spe|1\n|turn|18\n|inactive|Time left: 300 sec this turn | 300 sec total\n|\n|t:|1783556805\n|move|p1a: Hitmonchan|Drain Punch|p2a: Dugtrio\n|-supereffective|p2a: Dugtrio\n|-damage|p2a: Dugtrio|0 fnt\n|-heal|p1a: Hitmonchan|222/229|[from] drain|[of] p2a: Dugtrio\n|-ability|p2a: Dugtrio|Tangling Hair\n|-unboost|p1a: Hitmonchan|spe|1\n|faint|p2a: Dugtrio\n|\n|win|p0x14406c8d", "uploadtime": 1783556805, "views": 0, "rating": 0, "private": 0, "password": null, "_winner": "p0x14406c8d", "_our_name": "p0x14406c8d"}