{"id": "battle-gen9randombattle-2979", "formatid": "gen9randombattle", "format": "[Gen 9] Random Battle", "players": ["p0x2979f005", "p0y2979b449"], "log": "|init|battle\n|title|p0x2979f005 vs. p0y2979b449\n|j|\u2606p0x2979f005\n|j|\u2606p0y2979b449\n|t:|1783573304\n|gametype|singles\n|player|p1|p0x2979f005|1|\n|player|p2|p0y2979b449|266|\n|gen|9\n|tier|[Gen 9] Random Battle\n|rule|Species Clause: Limit one of each Pok\u00e9mon\n|rule|HP Percentage Mod: HP is shown in percentages\n|rule|Sleep Clause Mod: Limit one foe put to sleep\n|rule|Illusion Level Mod: Illusion disguises the Pok\u00e9mon's true level\n|\n|t:|1783573304\n|teamsize|p1|6\n|teamsize|p2|6\n|start\n|switch|p1a: Golurk|Golurk, L87|297/297\n|switch|p2a: Ogerpon|Ogerpon-Cornerstone, L76, F|100/100\n|turn|1\n|inactive|Battle timer is ON: inactive players will automatically lose when time's up. (requested by p0y2979b449)\n|inactive|Time left: 300 sec this turn | 300 sec total | 60 sec grace\n|inactive|p0x2979f005 also wants the timer to be on.\n|\n|t:|1783573305\n|move|p2a: Ogerpon|Power Whip|p1a: Golurk\n|-supereffective|p1a: Golurk\n|-damage|p1a: Golurk|9/297\n|move|p1a: Golurk|Dynamic Punch|p2a: Ogerpon\n|-supereffective|p2a: Ogerpon\n|-ability|p2a: Ogerpon|Sturdy\n|-damage|p2a: Ogerpon|1/100\n|-start|p2a: Ogerpon|confusion\n|\n|upkeep\n|turn|2\n|inactive|Time left: 300 sec this turn | 300 sec total\n|\n|t:|1783573306\n|-activate|p2a: Ogerpon|confusion\n|-damage|p2a: Ogerpon|0 fnt|[from] confusion\n|faint|p2a: Ogerpon\n|move|p1a: Golurk|Dynamic Punch|p2: Ogerpon|[notarget]\n|-fail|p1a: Golurk\n|\n|upkeep\n|\n|t:|1783573307\n|switch|p2a: Flygon|Flygon, L82, F|100/100\n|turn|3\n|inactive|Time left: 300 sec this turn | 300 sec total\n|\n|t:|1783573308\n|move|p2a: Flygon|Earthquake|p1a: Golurk\n|-damage|p1a: Golurk|0 fnt\n|faint|p1a: Golurk\n|\n|upkeep\n|inactive|Time left: 300 sec this turn | 300 sec total | 5 sec grace\n|\n|t:|1783573309\n|switch|p1a: Inteleon|Inteleon, L81, M|246/246\n|turn|4\n|inactive|Time left: 300 sec this turn | 300 sec total\n|\n|t:|1783573310\n|switch|p2a: Lumineon|Lumineon, L93, F|100/100\n|move|p1a: Inteleon|Ice Beam|p2a: Lumineon\n|-resisted|p2a: Lumineon\n|-damage|p2a: Lumineon|82/100\n|\n|upkeep\n|turn|5\n|inactive|Time left: 300 sec this turn | 300 sec total\n|\n|t:|1783573311\n|move|p1a: Inteleon|Ice Beam|p2a: Lumineon\n|-resisted|p2a: Lumineon\n|-damage|p2a: Lumineon|64/100\n|-status|p2a: Lumineon|frz\n|-curestatus|p2a: Lumineon|frz|[msg]\n|move|p2a: Lumineon|U-turn|p1a: Inteleon\n|-damage|p1a: Inteleon|181/246\n|\n|t:|1783573312\n|switch|p2a: Mamoswine|Mamoswine, L81, M|100/100|[from] U-turn\n|\n|upkeep\n|turn|6\n|inactive|Time left: 300 sec this turn | 300 sec total\n|\n|t:|1783573313\n|switch|p1a: Luvdisc|Luvdisc, F|247/247\n|move|p2a: Mamoswine|Earthquake|p1a: Luvdisc\n|-damage|p1a: Luvdisc|60/247\n|-damage|p2a: Mamoswine|91/100|[from] item: Life Orb\n|\n|upkeep\n|turn|7\n|inactive|Time left: 300 sec this turn | 300 sec total\n|\n|t:|1783573314\n|move|p1a: Luvdisc|Endeavor|p2a: Mamoswine\n|-damage|p2a: Mamoswine|20/100\n|move|p2a: Mamoswine|Earthquake|p1a: Luvdisc\n|-damage|p1a: Luvdisc|0 fnt\n|faint|p1a: Luvdisc\n|-damage|p2a: Mamoswine|10/100|[from] item: Life Orb\n|\n|upkeep\n|inactive|Time left: 300 sec this turn | 300 sec total | 5 sec grace\n|\n|t:|1783573314\n|switch|p1a: Gengar|Gengar, L81, F|230/230\n|turn|8\n|inactive|Time left: 300 sec this turn | 300 sec total\n|\n|t:|1783573315\n|move|p1a: Gengar|Shadow Ball|p2a: Mamoswine\n|-damage|p2a: Mamoswine|0 fnt\n|faint|p2a: Mamoswine\n|\n|upkeep\n|\n|t:|1783573316\n|switch|p2a: Grimmsnarl|Grimmsnarl, L83, M|100/100\n|turn|9\n|inactive|Time left: 300 sec this turn | 300 sec total\n|\n|t:|1783573316\n|move|p1a: Gengar|Shadow Ball|p2a: Grimmsnarl\n|-resisted|p2a: Grimmsnarl\n|-damage|p2a: Grimmsnarl|73/100\n|move|p2a: Grimmsnarl|Spirit Break|p1a: Gengar\n|-resisted|p1a: Gengar\n|-damage|p1a: Gengar|167/230\n|-unboost|p1a: Gengar|spa|1\n|\n|-heal|p2a: Grimmsnarl|79/100|[from] item: Leftovers\n|upkeep\n|turn|10\n|inactive|Time left: 300 sec this turn | 300 sec total\n|\n|t:|1783573317\n|switch|p1a: Beartic|Beartic, L91, M|321/321\n|move|p2a: Grimmsnarl|Spirit Break|p1a: Beartic\n|-damage|p1a: Beartic|234/321\n|-unboost|p1a: Beartic|spa|1\n|\n|-heal|p2a: Grimmsnarl|85/100|[from] item: Leftovers\n|upkeep\n|turn|11\n|inactive|Time left: 300 sec this turn | 300 sec total\n|\n|t:|1783573318\n|move|p2a: Grimmsnarl|Spirit Break|p1a: Beartic\n|-damage|p1a: Beartic|134/321\n|-unboost|p1a: Beartic|spa|1\n|move|p1a: Beartic|Icicle Crash|p2a: Grimmsnarl|[miss]\n|-miss|p1a: Beartic|p2a: Grimmsnarl\n|\n|-heal|p2a: Grimmsnarl|91/100|[from] item: Leftovers\n|upkeep\n|turn|12\n|inactive|Time left: 300 sec this turn | 300 sec total\n|\n|t:|1783573319\n|move|p2a: Grimmsnarl|Spirit Break|p1a: Beartic\n|-damage|p1a: Beartic|41/321\n|-unboost|p1a: Beartic|spa|1\n|move|p1a: Beartic|Icicle Crash|p2a: Grimmsnarl\n|-damage|p2a: Grimmsnarl|39/100\n|\n|-heal|p2a: Grimmsnarl|45/100|[from] item: Leftovers\n|upkeep\n|turn|13\n|inactive|Time left: 300 sec this turn | 300 sec total\n|\n|t:|1783573320\n|move|p1a: Beartic|Aqua Jet|p2a: Grimmsnarl\n|-damage|p2a: Grimmsnarl|27/100\n|move|p2a: Grimmsnarl|Spirit Break|p1a: Beartic\n|-damage|p1a: Beartic|0 fnt\n|faint|p1a: Beartic\n|\n|-heal|p2a: Grimmsnarl|34/100|[from] item: Leftovers\n|upkeep\n|inactive|Time left: 300 sec this turn | 300 sec total | 5 sec grace\n|\n|t:|1783573320\n|switch|p1a: Inteleon|Inteleon, L81, M|181/246\n|turn|14\n|inactive|Time left: 300 sec this turn | 300 sec total\n|\n|t:|1783573321\n|move|p2a: Grimmsnarl|Sucker Punch|p1a: Inteleon\n|-damage|p1a: Inteleon|78/246\n|move|p1a: Inteleon|Ice Beam|p2a: Grimmsnarl\n|-damage|p2a: Grimmsnarl|0 fnt\n|faint|p2a: Grimmsnarl\n|\n|upkeep\n|\n|t:|1783573322\n|switch|p2a: Flygon|Flygon, L82, F|100/100\n|turn|15\n|inactive|Time left: 300 sec this turn | 300 sec total\n|\n|t:|1783573323\n|move|p2a: Flygon|Outrage|p1a: Inteleon\n|-damage|p1a: Inteleon|0 fnt\n|faint|p1a: Inteleon\n|\n|upkeep\n|inactive|Time left: 300 sec this turn | 300 sec total | 5 sec grace\n|\n|t:|1783573324\n|switch|p1a: Espeon|Espeon, L84, M|246/246\n|turn|16\n|inactive|Time left: 300 sec this turn | 300 sec total\n|\n|t:|1783573325\n|-terastallize|p1a: Espeon|Fairy\n|move|p2a: Flygon|Outrage|p1a: Espeon|[from] lockedmove\n|-immune|p1a: Espeon\n|-start|p2a: Flygon|confusion|[fatigue]\n|move|p1a: Espeon|Alluring Voice|p2a: Flygon\n|-supereffective|p2a: Flygon\n|-damage|p2a: Flygon|0 fnt\n|faint|p2a: Flygon\n|-damage|p1a: Espeon|222/246|[from] item: Life Orb\n|\n|upkeep\n|\n|t:|1783573326\n|switch|p2a: Lumineon|Lumineon, L93, F|64/100\n|turn|17\n|inactive|Time left: 300 sec this turn | 300 sec total\n|\n|t:|1783573327\n|move|p1a: Espeon|Alluring Voice|p2a: Lumineon\n|-damage|p2a: Lumineon|19/100\n|-damage|p1a: Espeon|198/246|[from] item: Life Orb\n|move|p2a: Lumineon|Hydro Pump|p1a: Espeon\n|-damage|p1a: Espeon|92/246\n|\n|upkeep\n|turn|18\n|inactive|Time left: 300 sec this turn | 300 sec total\n|\n|t:|1783573328\n|move|p1a: Espeon|Morning Sun|p1a: Espeon\n|-heal|p1a: Espeon|215/246\n|move|p2a: Lumineon|U-turn|p1a: Espeon\n|-resisted|p1a: Espeon\n|-crit|p1a: Espeon\n|-damage|p1a: Espeon|169/246\n|\n|t:|1783573329\n|switch|p2a: Hawlucha|Hawlucha, L80, M|100/100|[from] U-turn\n|\n|upkeep\n|turn|19\n|inactive|Time left: 300 sec this turn | 300 sec total\n|\n|t:|1783573330\n|switch|p2a: Lumineon|Lumineon, L93, F|19/100\n|move|p1a: Espeon|Alluring Voice|p2a: Lumineon\n|-damage|p2a: Lumineon|0 fnt\n|faint|p2a: Lumineon\n|-damage|p1a: Espeon|145/246|[from] item: Life Orb\n|\n|upkeep\n|\n|t:|1783573331\n|switch|p2a: Hawlucha|Hawlucha, L80, M|100/100\n|turn|20\n|inactive|Time left: 300 sec this turn | 300 sec total\n|\n|t:|1783573332\n|-terastallize|p2a: Hawlucha|Fighting\n|move|p2a: Hawlucha|Close Combat|p1a: Espeon\n|-resisted|p1a: Espeon\n|-damage|p1a: Espeon|52/246\n|-unboost|p2a: Hawlucha|def|1\n|-unboost|p2a: Hawlucha|spd|1\n|-enditem|p2a: Hawlucha|White Herb\n|-clearnegativeboost|p2a: Hawlucha|[silent]\n|move|p1a: Espeon|Psyshock|p2a: Hawlucha\n|-supereffective|p2a: Hawlucha\n|-damage|p2a: Hawlucha|0 fnt\n|faint|p2a: Hawlucha\n|-damage|p1a: Espeon|28/246|[from] item: Life Orb\n|\n|win|p0x2979f005", "uploadtime": 1783573332, "views": 0, "rating": 0, "private": 0, "password": null, "_winner": "p0x2979f005", "_our_name": "p0x2979f005"}