{"id": "battle-gen9randombattle-2346", "formatid": "gen9randombattle", "format": "[Gen 9] Random Battle", "players": ["p0x2346fecf", "p0y234676c8"], "log": "|init|battle\n|title|p0x2346fecf vs. p0y234676c8\n|j|\u2606p0x2346fecf\n|j|\u2606p0y234676c8\n|t:|1783566211\n|gametype|singles\n|player|p1|p0x2346fecf|265|\n|player|p2|p0y234676c8|265|\n|gen|9\n|tier|[Gen 9] Random Battle\n|rule|Species Clause: Limit one of each Pok\u00e9mon\n|rule|HP Percentage Mod: HP is shown in percentages\n|rule|Sleep Clause Mod: Limit one foe put to sleep\n|rule|Illusion Level Mod: Illusion disguises the Pok\u00e9mon's true level\n|\n|t:|1783566211\n|teamsize|p1|6\n|teamsize|p2|6\n|start\n|switch|p1a: Crabominable|Crabominable, L90, F|321/321\n|switch|p2a: Vikavolt|Vikavolt, L83, M|100/100\n|turn|1\n|inactive|Battle timer is ON: inactive players will automatically lose when time's up. (requested by p0x2346fecf)\n|inactive|p0y234676c8 also wants the timer to be on.\n|\n|t:|1783566213\n|move|p1a: Crabominable|Ice Hammer|p2a: Vikavolt|[miss]\n|-miss|p1a: Crabominable|p2a: Vikavolt\n|move|p2a: Vikavolt|Sticky Web|p1a: Crabominable\n|-sidestart|p1: p0x2346fecf|move: Sticky Web\n|\n|upkeep\n|turn|2\n|inactive|Time left: 300 sec this turn | 300 sec total\n|\n|t:|1783566214\n|move|p1a: Crabominable|Ice Hammer|p2a: Vikavolt|[miss]\n|-miss|p1a: Crabominable|p2a: Vikavolt\n|move|p2a: Vikavolt|Discharge|p1a: Crabominable\n|-damage|p1a: Crabominable|189/321\n|\n|upkeep\n|turn|3\n|inactive|Time left: 300 sec this turn | 300 sec total\n|\n|t:|1783566215\n|move|p1a: Crabominable|Ice Hammer|p2a: Vikavolt\n|-damage|p2a: Vikavolt|0 fnt\n|-unboost|p1a: Crabominable|spe|1\n|faint|p2a: Vikavolt\n|\n|upkeep\n|\n|t:|1783566216\n|switch|p2a: Crawdaunt|Crawdaunt, L84, F|100/100\n|turn|4\n|inactive|Time left: 300 sec this turn | 300 sec total\n|\n|t:|1783566217\n|move|p2a: Crawdaunt|Crabhammer|p1a: Crabominable\n|-damage|p1a: Crabominable|0 fnt\n|faint|p1a: Crabominable\n|-damage|p2a: Crawdaunt|91/100|[from] item: Life Orb\n|\n|upkeep\n|inactive|Time left: 300 sec this turn | 300 sec total | 5 sec grace\n|\n|t:|1783566218\n|switch|p1a: Vikavolt|Vikavolt, L83, M|263/263\n|turn|5\n|inactive|Time left: 300 sec this turn | 300 sec total\n|\n|t:|1783566219\n|move|p2a: Crawdaunt|Knock Off|p1a: Vikavolt\n|-damage|p1a: Vikavolt|55/263\n|-enditem|p1a: Vikavolt|Heavy-Duty Boots|[from] move: Knock Off|[of] p2a: Crawdaunt\n|-damage|p2a: Crawdaunt|81/100|[from] item: Life Orb\n|move|p1a: Vikavolt|Discharge|p2a: Crawdaunt\n|-supereffective|p2a: Crawdaunt\n|-damage|p2a: Crawdaunt|0 fnt\n|faint|p2a: Crawdaunt\n|\n|upkeep\n|\n|t:|1783566220\n|switch|p2a: Revavroom|Revavroom, L79, M|100/100\n|turn|6\n|inactive|Time left: 300 sec this turn | 300 sec total\n|\n|t:|1783566221\n|move|p2a: Revavroom|Gunk Shot|p1a: Vikavolt\n|-damage|p1a: Vikavolt|0 fnt\n|faint|p1a: Vikavolt\n|-damage|p2a: Revavroom|91/100|[from] item: Life Orb\n|\n|upkeep\n|inactive|Time left: 300 sec this turn | 300 sec total | 5 sec grace\n|\n|t:|1783566222\n|switch|p1a: Swampert|Swampert, L83, M|302/302\n|-activate|p1a: Swampert|move: Sticky Web\n|-unboost|p1a: Swampert|spe|1\n|turn|7\n|inactive|Time left: 300 sec this turn | 300 sec total\n|\n|t:|1783566223\n|switch|p2a: Regirock|Regirock, L83|100/100\n|move|p1a: Swampert|Earthquake|p2a: Regirock\n|-supereffective|p2a: Regirock\n|-damage|p2a: Regirock|57/100\n|\n|-heal|p2a: Regirock|63/100|[from] item: Leftovers\n|upkeep\n|turn|8\n|inactive|Time left: 300 sec this turn | 300 sec total\n|\n|t:|1783566224\n|move|p2a: Regirock|Iron Defense|p2a: Regirock\n|-boost|p2a: Regirock|def|2\n|move|p1a: Swampert|Earthquake|p2a: Regirock\n|-supereffective|p2a: Regirock\n|-damage|p2a: Regirock|40/100\n|\n|-heal|p2a: Regirock|46/100|[from] item: Leftovers\n|upkeep\n|turn|9\n|inactive|Time left: 300 sec this turn | 300 sec total\n|\n|t:|1783566225\n|switch|p1a: Gengar|Gengar, L81, M|230/230\n|-activate|p1a: Gengar|move: Sticky Web\n|-unboost|p1a: Gengar|spe|1\n|move|p2a: Regirock|Body Press|p1a: Gengar\n|-immune|p1a: Gengar\n|\n|-heal|p2a: Regirock|52/100|[from] item: Leftovers\n|upkeep\n|turn|10\n|inactive|Time left: 300 sec this turn | 300 sec total\n|\n|t:|1783566226\n|move|p1a: Gengar|Nasty Plot|p1a: Gengar\n|-boost|p1a: Gengar|spa|2\n|move|p2a: Regirock|Stone Edge|p1a: Gengar|[miss]\n|-miss|p2a: Regirock|p1a: Gengar\n|\n|-heal|p2a: Regirock|58/100|[from] item: Leftovers\n|upkeep\n|turn|11\n|inactive|Time left: 300 sec this turn | 300 sec total\n|\n|t:|1783566227\n|move|p1a: Gengar|Shadow Ball|p2a: Regirock\n|-damage|p2a: Regirock|0 fnt\n|faint|p2a: Regirock\n|-damage|p1a: Gengar|207/230|[from] item: Life Orb\n|\n|upkeep\n|\n|t:|1783566228\n|switch|p2a: Revavroom|Revavroom, L79, M|91/100\n|turn|12\n|inactive|Time left: 300 sec this turn | 300 sec total\n|\n|t:|1783566229\n|-terastallize|p1a: Gengar|Fighting\n|move|p2a: Revavroom|High Horsepower|p1a: Gengar\n|-damage|p1a: Gengar|93/230\n|-damage|p2a: Revavroom|81/100|[from] item: Life Orb\n|move|p1a: Gengar|Shadow Ball|p2a: Revavroom\n|-damage|p2a: Revavroom|0 fnt\n|faint|p2a: Revavroom\n|-damage|p1a: Gengar|70/230|[from] item: Life Orb\n|\n|upkeep\n|\n|t:|1783566231\n|switch|p2a: Whimsicott|Whimsicott, L84, F|100/100\n|turn|13\n|inactive|Time left: 300 sec this turn | 300 sec total\n|\n|t:|1783566232\n|move|p2a: Whimsicott|Moonblast|p1a: Gengar\n|-supereffective|p1a: Gengar\n|-damage|p1a: Gengar|0 fnt\n|-start|p2a: Whimsicott|Disable|Moonblast|[from] ability: Cursed Body|[of] p1a: Gengar\n|faint|p1a: Gengar\n|\n|upkeep\n|inactive|Time left: 300 sec this turn | 300 sec total | 5 sec grace\n|\n|t:|1783566233\n|switch|p1a: Klefki|Klefki, L84, M|233/233\n|-activate|p1a: Klefki|move: Sticky Web\n|-unboost|p1a: Klefki|spe|1\n|turn|14\n|inactive|Time left: 300 sec this turn | 300 sec total\n|\n|t:|1783566234\n|move|p2a: Whimsicott|Leech Seed|p1a: Klefki\n|-start|p1a: Klefki|move: Leech Seed\n|move|p1a: Klefki|Dazzling Gleam|p2a: Whimsicott\n|-damage|p2a: Whimsicott|67/100\n|\n|-heal|p2a: Whimsicott|73/100|[from] item: Leftovers\n|-damage|p1a: Klefki|204/233|[from] Leech Seed|[of] p2a: Whimsicott\n|-heal|p2a: Whimsicott|85/100|[silent]\n|upkeep\n|turn|15\n|inactive|Time left: 300 sec this turn | 300 sec total\n|\n|t:|1783566235\n|switch|p1a: Swampert|Swampert, L83, M|302/302\n|-activate|p1a: Swampert|move: Sticky Web\n|-unboost|p1a: Swampert|spe|1\n|move|p2a: Whimsicott|Leech Seed|p1a: Swampert\n|-start|p1a: Swampert|move: Leech Seed\n|\n|-heal|p2a: Whimsicott|91/100|[from] item: Leftovers\n|-damage|p1a: Swampert|265/302|[from] Leech Seed|[of] p2a: Whimsicott\n|-heal|p2a: Whimsicott|100/100|[silent]\n|upkeep\n|turn|16\n|inactive|Time left: 300 sec this turn | 300 sec total\n|\n|t:|1783566236\n|move|p2a: Whimsicott|Substitute|p2a: Whimsicott\n|-start|p2a: Whimsicott|Substitute\n|-damage|p2a: Whimsicott|76/100\n|move|p1a: Swampert|Flip Turn|p2a: Whimsicott\n|-resisted|p2a: Whimsicott\n|-activate|p2a: Whimsicott|move: Substitute|[damage]\n|inactive|Time left: 300 sec this turn | 300 sec total | 5 sec grace\n|\n|t:|1783566237\n|switch|p1a: Electivire|Electivire, L84, M|263/263|[from] Flip Turn\n|-activate|p1a: Electivire|move: Sticky Web\n|-unboost|p1a: Electivire|spe|1\n|\n|-heal|p2a: Whimsicott|82/100|[from] item: Leftovers\n|-end|p2a: Whimsicott|Disable\n|upkeep\n|turn|17\n|inactive|Time left: 300 sec this turn | 300 sec total\n|\n|t:|1783566238\n|move|p2a: Whimsicott|Leech Seed|p1a: Electivire|[miss]\n|-miss|p2a: Whimsicott|p1a: Electivire\n|move|p1a: Electivire|Ice Punch|p2a: Whimsicott\n|-supereffective|p2a: Whimsicott\n|-end|p2a: Whimsicott|Substitute\n|\n|-heal|p2a: Whimsicott|87/100|[from] item: Leftovers\n|upkeep\n|turn|18\n|inactive|Time left: 300 sec this turn | 300 sec total\n|\n|t:|1783566239\n|move|p2a: Whimsicott|Leech Seed|p1a: Electivire\n|-start|p1a: Electivire|move: Leech Seed\n|move|p1a: Electivire|Ice Punch|p2a: Whimsicott\n|-supereffective|p2a: Whimsicott\n|-damage|p2a: Whimsicott|31/100\n|\n|-heal|p2a: Whimsicott|37/100|[from] item: Leftovers\n|-damage|p1a: Electivire|231/263|[from] Leech Seed|[of] p2a: Whimsicott\n|-heal|p2a: Whimsicott|50/100|[silent]\n|upkeep\n|turn|19\n|inactive|Time left: 300 sec this turn | 300 sec total\n|\n|t:|1783566240\n|move|p2a: Whimsicott|Substitute|p2a: Whimsicott\n|-start|p2a: Whimsicott|Substitute\n|-damage|p2a: Whimsicott|26/100\n|move|p1a: Electivire|Ice Punch|p2a: Whimsicott\n|-supereffective|p2a: Whimsicott\n|-end|p2a: Whimsicott|Substitute\n|\n|-heal|p2a: Whimsicott|32/100|[from] item: Leftovers\n|-damage|p1a: Electivire|199/263|[from] Leech Seed|[of] p2a: Whimsicott\n|-heal|p2a: Whimsicott|45/100|[silent]\n|upkeep\n|turn|20\n|inactive|Time left: 300 sec this turn | 300 sec total\n|\n|t:|1783566241\n|move|p2a: Whimsicott|Substitute|p2a: Whimsicott\n|-start|p2a: Whimsicott|Substitute\n|-damage|p2a: Whimsicott|20/100\n|move|p1a: Electivire|Ice Punch|p2a: Whimsicott\n|-supereffective|p2a: Whimsicott\n|-end|p2a: Whimsicott|Substitute\n|\n|-heal|p2a: Whimsicott|26/100|[from] item: Leftovers\n|-damage|p1a: Electivire|167/263|[from] Leech Seed|[of] p2a: Whimsicott\n|-heal|p2a: Whimsicott|40/100|[silent]\n|upkeep\n|turn|21\n|inactive|Time left: 300 sec this turn | 300 sec total\n|\n|t:|1783566242\n|move|p2a: Whimsicott|Substitute|p2a: Whimsicott\n|-start|p2a: Whimsicott|Substitute\n|-damage|p2a: Whimsicott|15/100\n|move|p1a: Electivire|Ice Punch|p2a: Whimsicott\n|-supereffective|p2a: Whimsicott\n|-end|p2a: Whimsicott|Substitute\n|\n|-heal|p2a: Whimsicott|21/100|[from] item: Leftovers\n|-damage|p1a: Electivire|135/263|[from] Leech Seed|[of] p2a: Whimsicott\n|-heal|p2a: Whimsicott|34/100|[silent]\n|upkeep\n|turn|22\n|inactive|Time left: 300 sec this turn | 300 sec total\n|\n|t:|1783566243\n|move|p2a: Whimsicott|Substitute|p2a: Whimsicott\n|-start|p2a: Whimsicott|Substitute\n|-damage|p2a: Whimsicott|9/100\n|move|p1a: Electivire|Ice Punch|p2a: Whimsicott\n|-supereffective|p2a: Whimsicott\n|-end|p2a: Whimsicott|Substitute\n|\n|-heal|p2a: Whimsicott|15/100|[from] item: Leftovers\n|-damage|p1a: Electivire|103/263|[from] Leech Seed|[of] p2a: Whimsicott\n|-heal|p2a: Whimsicott|29/100|[silent]\n|upkeep\n|turn|23\n|inactive|Time left: 300 sec this turn | 300 sec total\n|\n|t:|1783566244\n|move|p2a: Whimsicott|Substitute|p2a: Whimsicott\n|-start|p2a: Whimsicott|Substitute\n|-damage|p2a: Whimsicott|4/100\n|move|p1a: Electivire|Ice Punch|p2a: Whimsicott\n|-supereffective|p2a: Whimsicott\n|-end|p2a: Whimsicott|Substitute\n|\n|-heal|p2a: Whimsicott|10/100|[from] item: Leftovers\n|-damage|p1a: Electivire|71/263|[from] Leech Seed|[of] p2a: Whimsicott\n|-heal|p2a: Whimsicott|23/100|[silent]\n|upkeep\n|turn|24\n|inactive|Time left: 300 sec this turn | 300 sec total\n|\n|t:|1783566245\n|move|p2a: Whimsicott|Moonblast|p1a: Electivire\n|-damage|p1a: Electivire|0 fnt\n|faint|p1a: Electivire\n|\n|-heal|p2a: Whimsicott|29/100|[from] item: Leftovers\n|upkeep\n|inactive|Time left: 300 sec this turn | 300 sec total | 5 sec grace\n|\n|t:|1783566246\n|switch|p1a: Swampert|Swampert, L83, M|265/302\n|-activate|p1a: Swampert|move: Sticky Web\n|-unboost|p1a: Swampert|spe|1\n|turn|25\n|inactive|Time left: 300 sec this turn | 300 sec total\n|\n|t:|1783566247\n|move|p2a: Whimsicott|Leech Seed|p1a: Swampert\n|-start|p1a: Swampert|move: Leech Seed\n|move|p1a: Swampert|Earthquake|p2a: Whimsicott\n|-resisted|p2a: Whimsicott\n|-damage|p2a: Whimsicott|4/100\n|\n|-heal|p2a: Whimsicott|10/100|[from] item: Leftovers\n|-heal|p1a: Swampert|283/302|[from] item: Leftovers\n|-damage|p1a: Swampert|246/302|[from] Leech Seed|[of] p2a: Whimsicott\n|-heal|p2a: Whimsicott|26/100|[silent]\n|upkeep\n|turn|26\n|inactive|Time left: 300 sec this turn | 300 sec total\n|\n|t:|1783566249\n|move|p2a: Whimsicott|Moonblast|p1a: Swampert\n|-damage|p1a: Swampert|164/302\n|move|p1a: Swampert|Flip Turn|p2a: Whimsicott\n|-resisted|p2a: Whimsicott\n|-damage|p2a: Whimsicott|11/100\n|inactive|Time left: 300 sec this turn | 300 sec total | 5 sec grace\n|\n|t:|1783566250\n|switch|p1a: Klefki|Klefki, L84, M|204/233|[from] Flip Turn\n|-activate|p1a: Klefki|move: Sticky Web\n|-unboost|p1a: Klefki|spe|1\n|\n|-heal|p2a: Whimsicott|16/100|[from] item: Leftovers\n|-heal|p1a: Klefki|218/233|[from] item: Leftovers\n|upkeep\n|turn|27\n|inactive|Time left: 300 sec this turn | 300 sec total\n|\n|t:|1783566251\n|move|p2a: Whimsicott|Leech Seed|p1a: Klefki\n|-start|p1a: Klefki|move: Leech Seed\n|move|p1a: Klefki|Dazzling Gleam|p2a: Whimsicott\n|-crit|p2a: Whimsicott\n|-damage|p2a: Whimsicott|0 fnt\n|faint|p2a: Whimsicott\n|\n|-heal|p1a: Klefki|232/233|[from] item: Leftovers\n|upkeep\n|\n|t:|1783566252\n|switch|p2a: Bellibolt|Bellibolt, L84, F|100/100\n|turn|28\n|inactive|Time left: 300 sec this turn | 300 sec total\n|\n|t:|1783566253\n|switch|p1a: Swampert|Swampert, L83, M|164/302\n|-activate|p1a: Swampert|move: Sticky Web\n|-unboost|p1a: Swampert|spe|1\n|move|p2a: Bellibolt|Toxic|p1a: Swampert|[miss]\n|-miss|p2a: Bellibolt|p1a: Swampert\n|\n|-heal|p1a: Swampert|182/302|[from] item: Leftovers\n|upkeep\n|turn|29\n|inactive|Time left: 300 sec this turn | 300 sec total\n|\n|t:|1783566254\n|move|p2a: Bellibolt|Muddy Water|p1a: Swampert\n|-damage|p1a: Swampert|120/302\n|move|p1a: Swampert|Earthquake|p2a: Bellibolt\n|-supereffective|p2a: Bellibolt\n|-damage|p2a: Bellibolt|30/100\n|-start|p2a: Bellibolt|Charge|Earthquake|[from] ability: Electromorphosis\n|\n|-heal|p2a: Bellibolt|37/100|[from] item: Leftovers\n|-heal|p1a: Swampert|138/302|[from] item: Leftovers\n|upkeep\n|turn|30\n|inactive|Time left: 300 sec this turn | 300 sec total\n|\n|t:|1783566255\n|move|p2a: Bellibolt|Slack Off|p2a: Bellibolt\n|-heal|p2a: Bellibolt|87/100\n|move|p1a: Swampert|Earthquake|p2a: Bellibolt\n|-supereffective|p2a: Bellibolt\n|-damage|p2a: Bellibolt|10/100\n|-start|p2a: Bellibolt|Charge|Earthquake|[from] ability: Electromorphosis\n|\n|-heal|p2a: Bellibolt|16/100|[from] item: Leftovers\n|-heal|p1a: Swampert|156/302|[from] item: Leftovers\n|upkeep\n|turn|31\n|inactive|Time left: 300 sec this turn | 300 sec total\n|\n|t:|1783566256\n|move|p2a: Bellibolt|Slack Off|p2a: Bellibolt\n|-heal|p2a: Bellibolt|66/100\n|move|p1a: Swampert|Earthquake|p2a: Bellibolt\n|-supereffective|p2a: Bellibolt\n|-damage|p2a: Bellibolt|0 fnt\n|faint|p2a: Bellibolt\n|\n|win|p0x2346fecf", "uploadtime": 1783566256, "views": 0, "rating": 0, "private": 0, "password": null, "_winner": "p0x2346fecf", "_our_name": "p0x2346fecf"}