{"id": "battle-gen9randombattle-2968", "formatid": "gen9randombattle", "format": "[Gen 9] Random Battle", "players": ["p0x29682dc4", "p0y2968e779"], "log": "|init|battle\n|title|p0x29682dc4 vs. p0y2968e779\n|j|\u2606p0x29682dc4\n|j|\u2606p0y2968e779\n|t:|1783573193\n|gametype|singles\n|player|p1|p0x29682dc4|265|\n|player|p2|p0y2968e779|2|\n|gen|9\n|tier|[Gen 9] Random Battle\n|rule|Species Clause: Limit one of each Pok\u00e9mon\n|rule|HP Percentage Mod: HP is shown in percentages\n|rule|Sleep Clause Mod: Limit one foe put to sleep\n|rule|Illusion Level Mod: Illusion disguises the Pok\u00e9mon's true level\n|\n|t:|1783573193\n|teamsize|p1|6\n|teamsize|p2|6\n|start\n|switch|p1a: Charizard|Charizard, L85, M|100/100\n|switch|p2a: Greninja|Greninja, L80, M|246/246\n|turn|1\n|inactive|Battle timer is ON: inactive players will automatically lose when time's up. (requested by p0x29682dc4)\n|inactive|Time left: 300 sec this turn | 300 sec total | 60 sec grace\n|inactive|p0y2968e779 also wants the timer to be on.\n|\n|t:|1783573194\n|move|p2a: Greninja|Hydro Pump|p1a: Charizard\n|-supereffective|p1a: Charizard\n|-damage|p1a: Charizard|0 fnt\n|faint|p1a: Charizard\n|-ability|p2a: Greninja|Battle Bond|boost\n|-boost|p2a: Greninja|atk|1\n|-boost|p2a: Greninja|spa|1\n|-boost|p2a: Greninja|spe|1\n|-activate|p2a: Greninja|ability: Battle Bond\n|-damage|p2a: Greninja|222/246|[from] item: Life Orb\n|\n|upkeep\n|\n|t:|1783573195\n|switch|p1a: Archaludon|Archaludon, L78, M|100/100\n|turn|2\n|inactive|Time left: 300 sec this turn | 300 sec total\n|\n|t:|1783573196\n|move|p2a: Greninja|Dark Pulse|p1a: Archaludon\n|-damage|p1a: Archaludon|16/100\n|-ability|p1a: Archaludon|Stamina|boost\n|-boost|p1a: Archaludon|def|1\n|-damage|p2a: Greninja|198/246|[from] item: Life Orb\n|move|p1a: Archaludon|Body Press|p2a: Greninja\n|-supereffective|p2a: Greninja\n|-damage|p2a: Greninja|0 fnt\n|faint|p2a: Greninja\n|\n|-heal|p1a: Archaludon|22/100|[from] item: Leftovers\n|upkeep\n|inactive|Time left: 300 sec this turn | 300 sec total | 5 sec grace\n|\n|t:|1783573197\n|switch|p2a: Vikavolt|Vikavolt, L83, M|263/263\n|turn|3\n|inactive|Time left: 300 sec this turn | 300 sec total\n|\n|t:|1783573198\n|move|p1a: Archaludon|Draco Meteor|p2a: Vikavolt\n|-damage|p2a: Vikavolt|89/263\n|-unboost|p1a: Archaludon|spa|2\n|move|p2a: Vikavolt|Sticky Web|p1a: Archaludon\n|-sidestart|p1: p0x29682dc4|move: Sticky Web\n|\n|-heal|p1a: Archaludon|28/100|[from] item: Leftovers\n|upkeep\n|turn|4\n|inactive|Time left: 300 sec this turn | 300 sec total\n|\n|t:|1783573199\n|move|p1a: Archaludon|Draco Meteor|p2a: Vikavolt\n|-damage|p2a: Vikavolt|0 fnt\n|-unboost|p1a: Archaludon|spa|2\n|faint|p2a: Vikavolt\n|\n|-heal|p1a: Archaludon|34/100|[from] item: Leftovers\n|upkeep\n|inactive|Time left: 300 sec this turn | 300 sec total | 5 sec grace\n|\n|t:|1783573200\n|switch|p2a: Latios|Latios, L78, M|253/253\n|turn|5\n|inactive|Time left: 300 sec this turn | 300 sec total\n|\n|t:|1783573201\n|move|p2a: Latios|Luster Purge|p1a: Archaludon\n|-resisted|p1a: Archaludon\n|-damage|p1a: Archaludon|1/100\n|-ability|p1a: Archaludon|Stamina|boost\n|-boost|p1a: Archaludon|def|1\n|move|p1a: Archaludon|Thunder Wave|p2a: Latios\n|-status|p2a: Latios|par\n|\n|-heal|p1a: Archaludon|7/100|[from] item: Leftovers\n|upkeep\n|turn|6\n|inactive|Time left: 300 sec this turn | 300 sec total\n|\n|t:|1783573202\n|move|p1a: Archaludon|Body Press|p2a: Latios\n|-resisted|p2a: Latios\n|-damage|p2a: Latios|175/253 par\n|move|p2a: Latios|Luster Purge|p1a: Archaludon\n|-resisted|p1a: Archaludon\n|-damage|p1a: Archaludon|0 fnt\n|faint|p1a: Archaludon\n|\n|upkeep\n|\n|t:|1783573203\n|switch|p1a: Lycanroc|Lycanroc, L86, F|100/100\n|-activate|p1a: Lycanroc|move: Sticky Web\n|-unboost|p1a: Lycanroc|spe|1\n|turn|7\n|inactive|Time left: 300 sec this turn | 300 sec total\n|\n|t:|1783573204\n|move|p1a: Lycanroc|Stone Edge|p2a: Latios|[miss]\n|-miss|p1a: Lycanroc|p2a: Latios\n|cant|p2a: Latios|par\n|\n|upkeep\n|turn|8\n|inactive|Time left: 300 sec this turn | 300 sec total\n|\n|t:|1783573205\n|switch|p2a: Duraludon|Duraludon, L82, M|249/249\n|move|p1a: Lycanroc|Stone Edge|p2a: Duraludon\n|-resisted|p2a: Duraludon\n|-damage|p2a: Duraludon|195/249\n|\n|upkeep\n|turn|9\n|inactive|Time left: 300 sec this turn | 300 sec total\n|\n|t:|1783573206\n|switch|p1a: Lapras|Lapras, L87, M|100/100\n|move|p2a: Duraludon|Flash Cannon|p1a: Lapras\n|-damage|p1a: Lapras|78/100\n|\n|upkeep\n|turn|10\n|inactive|Time left: 300 sec this turn | 300 sec total\n|\n|t:|1783573207\n|move|p2a: Duraludon|Thunder Wave|p1a: Lapras\n|-status|p1a: Lapras|par\n|move|p1a: Lapras|Freeze-Dry|p2a: Duraludon\n|-damage|p2a: Duraludon|125/249\n|\n|upkeep\n|turn|11\n|inactive|Time left: 300 sec this turn | 300 sec total\n|\n|t:|1783573208\n|move|p2a: Duraludon|Flash Cannon|p1a: Lapras\n|-damage|p1a: Lapras|53/100 par\n|move|p1a: Lapras|Freeze-Dry|p2a: Duraludon\n|-damage|p2a: Duraludon|47/249\n|\n|upkeep\n|turn|12\n|inactive|Time left: 300 sec this turn | 300 sec total\n|\n|t:|1783573209\n|move|p2a: Duraludon|Body Press|p1a: Lapras\n|-supereffective|p1a: Lapras\n|-damage|p1a: Lapras|18/100 par\n|cant|p1a: Lapras|par\n|\n|upkeep\n|turn|13\n|inactive|Time left: 300 sec this turn | 300 sec total\n|\n|t:|1783573210\n|move|p2a: Duraludon|Flash Cannon|p1a: Lapras\n|-damage|p1a: Lapras|0 fnt\n|faint|p1a: Lapras\n|\n|upkeep\n|\n|t:|1783573211\n|switch|p1a: Banette|Banette, L93, M|100/100\n|-activate|p1a: Banette|move: Sticky Web\n|-unboost|p1a: Banette|spe|1\n|turn|14\n|inactive|Time left: 300 sec this turn | 300 sec total\n|\n|t:|1783573212\n|move|p2a: Duraludon|Flash Cannon|p1a: Banette\n|-damage|p1a: Banette|56/100\n|move|p1a: Banette|Poltergeist|p2a: Duraludon\n|-activate|p2a: Duraludon|move: Poltergeist|Eviolite\n|-damage|p2a: Duraludon|0 fnt\n|faint|p2a: Duraludon\n|-damage|p1a: Banette|46/100|[from] item: Life Orb\n|\n|upkeep\n|inactive|Time left: 300 sec this turn | 300 sec total | 5 sec grace\n|\n|t:|1783573213\n|switch|p2a: Pawmot|Pawmot, L80, M|243/243\n|turn|15\n|inactive|Time left: 300 sec this turn | 300 sec total\n|\n|t:|1783573214\n|move|p1a: Banette|Shadow Sneak|p2a: Pawmot\n|-damage|p2a: Pawmot|148/243\n|-damage|p1a: Banette|36/100|[from] item: Life Orb\n|move|p2a: Pawmot|Double Shock|p1a: Banette\n|-damage|p1a: Banette|0 fnt\n|-start|p2a: Pawmot|typechange|???/Fighting|[from] move: Double Shock\n|faint|p1a: Banette\n|-damage|p2a: Pawmot|124/243|[from] item: Life Orb\n|\n|upkeep\n|\n|t:|1783573215\n|switch|p1a: Virizion|Virizion, L82|100/100\n|-activate|p1a: Virizion|move: Sticky Web\n|-unboost|p1a: Virizion|spe|1\n|turn|16\n|inactive|Time left: 300 sec this turn | 300 sec total\n|\n|t:|1783573216\n|move|p2a: Pawmot|Close Combat|p1a: Virizion\n|-damage|p1a: Virizion|21/100\n|-unboost|p2a: Pawmot|def|1\n|-unboost|p2a: Pawmot|spd|1\n|-damage|p2a: Pawmot|100/243|[from] item: Life Orb\n|move|p1a: Virizion|Leaf Blade|p2a: Pawmot\n|-damage|p2a: Pawmot|0 fnt\n|faint|p2a: Pawmot\n|-damage|p1a: Virizion|11/100|[from] item: Life Orb\n|\n|upkeep\n|inactive|Time left: 300 sec this turn | 300 sec total | 5 sec grace\n|\n|t:|1783573217\n|switch|p2a: Alomomola|Alomomola, L87, F|429/429\n|turn|17\n|inactive|Time left: 300 sec this turn | 300 sec total\n|\n|t:|1783573218\n|move|p2a: Alomomola|Scald|p1a: Virizion\n|-resisted|p1a: Virizion\n|-damage|p1a: Virizion|4/100\n|move|p1a: Virizion|Leaf Blade|p2a: Alomomola\n|-supereffective|p2a: Alomomola\n|-damage|p2a: Alomomola|179/429\n|-damage|p1a: Virizion|0 fnt|[from] item: Life Orb\n|faint|p1a: Virizion\n|\n|upkeep\n|\n|t:|1783573219\n|switch|p1a: Lycanroc|Lycanroc, L86, F|100/100\n|-activate|p1a: Lycanroc|move: Sticky Web\n|-unboost|p1a: Lycanroc|spe|1\n|turn|18\n|inactive|Time left: 300 sec this turn | 300 sec total\n|\n|t:|1783573220\n|-terastallize|p1a: Lycanroc|Fighting\n|move|p2a: Alomomola|Scald|p1a: Lycanroc\n|-damage|p1a: Lycanroc|78/100\n|-status|p1a: Lycanroc|brn\n|move|p1a: Lycanroc|Stone Edge|p2a: Alomomola\n|-damage|p2a: Alomomola|74/429\n|\n|-damage|p1a: Lycanroc|72/100 brn|[from] brn\n|upkeep\n|turn|19\n|inactive|Time left: 300 sec this turn | 300 sec total\n|\n|t:|1783573221\n|-terastallize|p2a: Alomomola|Poison\n|move|p2a: Alomomola|Wish|p2a: Alomomola\n|move|p1a: Lycanroc|Stone Edge|p2a: Alomomola\n|-damage|p2a: Alomomola|0 fnt\n|faint|p2a: Alomomola\n|\n|-damage|p1a: Lycanroc|66/100 brn|[from] brn\n|upkeep\n|inactive|Time left: 300 sec this turn | 300 sec total | 5 sec grace\n|\n|t:|1783573222\n|switch|p2a: Latios|Latios, L78, M|175/253 par\n|turn|20\n|inactive|Time left: 300 sec this turn | 300 sec total\n|\n|t:|1783573223\n|move|p1a: Lycanroc|Stone Edge|p2a: Latios\n|-damage|p2a: Latios|63/253 par\n|cant|p2a: Latios|par\n|\n|-heal|p2a: Latios|253/253 par|[from] move: Wish|[wisher] Alomomola\n|-damage|p1a: Lycanroc|60/100 brn|[from] brn\n|upkeep\n|turn|21\n|inactive|Time left: 300 sec this turn | 300 sec total\n|\n|t:|1783573224\n|move|p1a: Lycanroc|Stone Edge|p2a: Latios|[miss]\n|-miss|p1a: Lycanroc|p2a: Latios\n|move|p2a: Latios|Luster Purge|p1a: Lycanroc\n|-supereffective|p1a: Lycanroc\n|-damage|p1a: Lycanroc|0 fnt\n|faint|p1a: Lycanroc\n|\n|win|p0y2968e779", "uploadtime": 1783573224, "views": 0, "rating": 0, "private": 0, "password": null, "_winner": "p0y2968e779", "_our_name": "p0y2968e779"}