{"id": "battle-gen9randombattle-634", "formatid": "gen9randombattle", "format": "[Gen 9] Random Battle", "players": ["p0x634949a", "p0y6340ce3"], "log": "|init|battle\n|title|p0x634949a vs. p0y6340ce3\n|j|\u2606p0x634949a\n|j|\u2606p0y6340ce3\n|t:|1783546468\n|gametype|singles\n|player|p1|p0x634949a|169|\n|player|p2|p0y6340ce3|170|\n|gen|9\n|tier|[Gen 9] Random Battle\n|rule|Species Clause: Limit one of each Pok\u00e9mon\n|rule|HP Percentage Mod: HP is shown in percentages\n|rule|Sleep Clause Mod: Limit one foe put to sleep\n|rule|Illusion Level Mod: Illusion disguises the Pok\u00e9mon's true level\n|\n|t:|1783546468\n|teamsize|p1|6\n|teamsize|p2|6\n|start\n|switch|p1a: Incineroar|Incineroar, L82, M|290/290\n|switch|p2a: Hariyama|Hariyama, L87, F|100/100\n|-ability|p1a: Incineroar|Intimidate|boost\n|-unboost|p2a: Hariyama|atk|1\n|turn|1\n|inactive|Battle timer is ON: inactive players will automatically lose when time's up. (requested by p0x634949a)\n|\n|t:|1783546469\n|move|p2a: Hariyama|Fake Out|p1a: Incineroar\n|-damage|p1a: Incineroar|264/290\n|cant|p1a: Incineroar|flinch\n|\n|-status|p2a: Hariyama|brn|[from] item: Flame Orb\n|upkeep\n|turn|2\n|inactive|Time left: 300 sec this turn | 300 sec total\n|inactive|p0y6340ce3 also wants the timer to be on.\n|\n|t:|1783546470\n|move|p1a: Incineroar|U-turn|p2a: Hariyama\n|-resisted|p2a: Hariyama\n|-damage|p2a: Hariyama|91/100 brn\n|inactive|Time left: 300 sec this turn | 300 sec total | 5 sec grace\n|\n|t:|1783546471\n|switch|p1a: Pincurchin|Pincurchin, F|258/258|[from] U-turn\n|-fieldstart|move: Electric Terrain|[from] ability: Electric Surge|[of] p1a: Pincurchin\n|move|p2a: Hariyama|Close Combat|p1a: Pincurchin\n|-damage|p1a: Pincurchin|138/258\n|-unboost|p2a: Hariyama|def|1\n|-unboost|p2a: Hariyama|spd|1\n|\n|-heal|p1a: Pincurchin|154/258|[from] item: Leftovers\n|-damage|p2a: Hariyama|85/100 brn|[from] brn\n|upkeep\n|turn|3\n|inactive|Time left: 300 sec this turn | 300 sec total\n|\n|t:|1783546472\n|switch|p2a: Rhydon|Rhydon, L85, F|100/100\n|move|p1a: Pincurchin|Zing Zap|p2a: Rhydon\n|-ability|p2a: Rhydon|Lightning Rod|boost\n|-boost|p2a: Rhydon|spa|1\n|\n|-heal|p1a: Pincurchin|170/258|[from] item: Leftovers\n|upkeep\n|turn|4\n|inactive|Time left: 300 sec this turn | 300 sec total\n|\n|t:|1783546473\n|switch|p1a: Incineroar|Incineroar, L82, M|264/290\n|-ability|p1a: Incineroar|Intimidate|boost\n|-unboost|p2a: Rhydon|atk|1\n|move|p2a: Rhydon|Earthquake|p1a: Incineroar\n|-supereffective|p1a: Incineroar\n|-damage|p1a: Incineroar|70/290\n|\n|upkeep\n|turn|5\n|inactive|Time left: 300 sec this turn | 300 sec total\n|\n|t:|1783546474\n|move|p1a: Incineroar|Knock Off|p2a: Rhydon\n|-damage|p2a: Rhydon|81/100\n|-enditem|p2a: Rhydon|Eviolite|[from] move: Knock Off|[of] p1a: Incineroar\n|move|p2a: Rhydon|Swords Dance|p2a: Rhydon\n|-boost|p2a: Rhydon|atk|2\n|\n|upkeep\n|turn|6\n|inactive|Time left: 300 sec this turn | 300 sec total\n|\n|t:|1783546475\n|move|p1a: Incineroar|Close Combat|p2a: Rhydon\n|-supereffective|p2a: Rhydon\n|-damage|p2a: Rhydon|35/100\n|-unboost|p1a: Incineroar|def|1\n|-unboost|p1a: Incineroar|spd|1\n|move|p2a: Rhydon|Earthquake|p1a: Incineroar\n|-supereffective|p1a: Incineroar\n|-damage|p1a: Incineroar|0 fnt\n|faint|p1a: Incineroar\n|\n|-fieldend|move: Electric Terrain\n|upkeep\n|inactive|Time left: 300 sec this turn | 300 sec total | 5 sec grace\n|\n|t:|1783546477\n|switch|p1a: Kyurem|Kyurem-White, L73|303/303\n|-ability|p1a: Kyurem|Turboblaze\n|turn|7\n|inactive|Time left: 300 sec this turn | 300 sec total\n|\n|t:|1783546478\n|move|p1a: Kyurem|Freeze-Dry|p2a: Rhydon\n|-supereffective|p2a: Rhydon\n|-crit|p2a: Rhydon\n|-damage|p2a: Rhydon|0 fnt\n|faint|p2a: Rhydon\n|\n|upkeep\n|\n|t:|1783546479\n|switch|p2a: Hariyama|Hariyama, L87, F|85/100 brn\n|turn|8\n|inactive|Time left: 300 sec this turn | 300 sec total\n|\n|t:|1783546480\n|move|p1a: Kyurem|Freeze-Dry|p2a: Hariyama\n|-damage|p2a: Hariyama|42/100 brn\n|move|p2a: Hariyama|Close Combat|p1a: Kyurem\n|-supereffective|p1a: Kyurem\n|-damage|p1a: Kyurem|0 fnt\n|-unboost|p2a: Hariyama|def|1\n|-unboost|p2a: Hariyama|spd|1\n|faint|p1a: Kyurem\n|\n|-damage|p2a: Hariyama|36/100 brn|[from] brn\n|upkeep\n|inactive|Time left: 300 sec this turn | 300 sec total | 5 sec grace\n|\n|t:|1783546481\n|switch|p1a: Drednaw|Drednaw, L81, M|278/278\n|turn|9\n|inactive|Time left: 300 sec this turn | 300 sec total\n|\n|t:|1783546482\n|move|p1a: Drednaw|Liquidation|p2a: Hariyama\n|-damage|p2a: Hariyama|0 fnt\n|faint|p2a: Hariyama\n|\n|upkeep\n|\n|t:|1783546483\n|switch|p2a: Kyogre|Kyogre, L71|100/100\n|-weather|RainDance|[from] ability: Drizzle|[of] p2a: Kyogre\n|turn|10\n|inactive|Time left: 300 sec this turn | 300 sec total\n|\n|t:|1783546484\n|-terastallize|p1a: Drednaw|Dark\n|move|p2a: Kyogre|Thunder|p1a: Drednaw\n|-damage|p1a: Drednaw|183/278\n|move|p1a: Drednaw|Shell Smash|p1a: Drednaw\n|-unboost|p1a: Drednaw|def|1\n|-unboost|p1a: Drednaw|spd|1\n|-boost|p1a: Drednaw|atk|2\n|-boost|p1a: Drednaw|spa|2\n|-boost|p1a: Drednaw|spe|2\n|-enditem|p1a: Drednaw|White Herb\n|-clearnegativeboost|p1a: Drednaw|[silent]\n|\n|-weather|RainDance|[upkeep]\n|upkeep\n|turn|11\n|inactive|Time left: 300 sec this turn | 300 sec total\n|\n|t:|1783546485\n|move|p1a: Drednaw|Crunch|p2a: Kyogre\n|-damage|p2a: Kyogre|0 fnt\n|faint|p2a: Kyogre\n|\n|-weather|RainDance|[upkeep]\n|upkeep\n|\n|t:|1783546486\n|switch|p2a: Komala|Komala, L87, F|100/100\n|-ability|p2a: Komala|Comatose\n|turn|12\n|inactive|Time left: 300 sec this turn | 300 sec total\n|\n|t:|1783546487\n|switch|p2a: Chansey|Chansey, L85, F|100/100\n|move|p1a: Drednaw|Liquidation|p2a: Chansey\n|-damage|p2a: Chansey|0 fnt\n|faint|p2a: Chansey\n|\n|-weather|RainDance|[upkeep]\n|upkeep\n|\n|t:|1783546487\n|switch|p2a: Cinderace|Cinderace, L77, M|100/100\n|turn|13\n|inactive|Time left: 300 sec this turn | 300 sec total\n|\n|t:|1783546488\n|-terastallize|p2a: Cinderace|Grass\n|move|p1a: Drednaw|Liquidation|p2a: Cinderace\n|-resisted|p2a: Cinderace\n|-damage|p2a: Cinderace|29/100\n|move|p2a: Cinderace|Will-O-Wisp|p1a: Drednaw|[miss]\n|-miss|p2a: Cinderace|p1a: Drednaw\n|\n|-weather|RainDance|[upkeep]\n|upkeep\n|turn|14\n|inactive|Time left: 300 sec this turn | 300 sec total\n|\n|t:|1783546489\n|move|p1a: Drednaw|Liquidation|p2a: Cinderace\n|-resisted|p2a: Cinderace\n|-damage|p2a: Cinderace|0 fnt\n|faint|p2a: Cinderace\n|\n|-weather|none\n|upkeep\n|\n|t:|1783546490\n|switch|p2a: Komala|Komala, L87, F|100/100\n|-ability|p2a: Komala|Comatose\n|turn|15\n|inactive|Time left: 300 sec this turn | 300 sec total\n|\n|t:|1783546491\n|move|p1a: Drednaw|Crunch|p2a: Komala\n|-damage|p2a: Komala|0 fnt\n|faint|p2a: Komala\n|\n|win|p0x634949a", "uploadtime": 1783546491, "views": 0, "rating": 0, "private": 0, "password": null, "_winner": "p0x634949a", "_our_name": "p0x634949a"}