{"id": "battle-gen9randombattle-8", "formatid": "gen9randombattle", "format": "[Gen 9] Random Battle", "players": ["p0x008f3f4", "p0y00883a5"], "log": "|init|battle\n|title|p0x008f3f4 vs. p0y00883a5\n|j|\u2606p0x008f3f4\n|j|\u2606p0y00883a5\n|t:|1783539243\n|gametype|singles\n|player|p1|p0x008f3f4|2|\n|player|p2|p0y00883a5|265|\n|gen|9\n|tier|[Gen 9] Random Battle\n|rule|Species Clause: Limit one of each Pok\u00e9mon\n|rule|HP Percentage Mod: HP is shown in percentages\n|rule|Sleep Clause Mod: Limit one foe put to sleep\n|rule|Illusion Level Mod: Illusion disguises the Pok\u00e9mon's true level\n|\n|t:|1783539243\n|teamsize|p1|6\n|teamsize|p2|6\n|start\n|switch|p1a: Ludicolo|Ludicolo, L90, F|100/100\n|switch|p2a: Perrserker|Perrserker, L89, F|269/269\n|turn|1\n|inactive|Battle timer is ON: inactive players will automatically lose when time's up. (requested by p0x008f3f4)\n|inactive|Time left: 300 sec this turn | 300 sec total | 60 sec grace\n|inactive|p0y00883a5 also wants the timer to be on.\n|\n|t:|1783539244\n|-terastallize|p1a: Ludicolo|Water\n|move|p1a: Ludicolo|Hydro Pump|p2a: Perrserker\n|-damage|p2a: Perrserker|0 fnt\n|faint|p2a: Perrserker\n|\n|upkeep\n|inactive|Time left: 300 sec this turn | 300 sec total | 65 sec grace\n|\n|t:|1783539246\n|switch|p2a: Trevenant|Trevenant, L89, M|296/296\n|turn|2\n|inactive|Time left: 300 sec this turn | 300 sec total\n|\n|t:|1783539247\n|switch|p1a: Moltres|Moltres-Galar, L79|100/100\n|move|p2a: Trevenant|Poltergeist|p1a: Moltres\n|-activate|p1a: Moltres|move: Poltergeist|Weakness Policy\n|-resisted|p1a: Moltres\n|-damage|p1a: Moltres|59/100\n|\n|upkeep\n|turn|3\n|inactive|Time left: 300 sec this turn | 300 sec total\n|\n|t:|1783539248\n|move|p1a: Moltres|Fiery Wrath|p2a: Trevenant\n|-supereffective|p2a: Trevenant\n|-damage|p2a: Trevenant|114/296\n|move|p2a: Trevenant|Poltergeist|p1a: Moltres\n|-activate|p1a: Moltres|move: Poltergeist|Weakness Policy\n|-resisted|p1a: Moltres\n|-damage|p1a: Moltres|15/100\n|-ability|p1a: Moltres|Berserk|boost\n|-boost|p1a: Moltres|spa|1\n|\n|upkeep\n|turn|4\n|inactive|Time left: 300 sec this turn | 300 sec total\n|\n|t:|1783539249\n|switch|p2a: Pachirisu|Pachirisu, L96, F|271/271\n|move|p1a: Moltres|Fiery Wrath|p2a: Pachirisu\n|-damage|p2a: Pachirisu|193/271\n|\n|upkeep\n|turn|5\n|inactive|Time left: 300 sec this turn | 300 sec total\n|\n|t:|1783539250\n|move|p2a: Pachirisu|Thunderbolt|p1a: Moltres\n|-supereffective|p1a: Moltres\n|-damage|p1a: Moltres|0 fnt\n|faint|p1a: Moltres\n|\n|upkeep\n|\n|t:|1783539251\n|switch|p1a: Crawdaunt|Crawdaunt, L84, F|100/100\n|turn|6\n|inactive|Time left: 300 sec this turn | 300 sec total\n|\n|t:|1783539253\n|move|p2a: Pachirisu|Thunderbolt|p1a: Crawdaunt\n|-supereffective|p1a: Crawdaunt\n|-damage|p1a: Crawdaunt|12/100\n|move|p1a: Crawdaunt|Knock Off|p2a: Pachirisu\n|-damage|p2a: Pachirisu|0 fnt\n|-enditem|p2a: Pachirisu|Assault Vest|[from] move: Knock Off|[of] p1a: Crawdaunt\n|faint|p2a: Pachirisu\n|-damage|p1a: Crawdaunt|2/100|[from] item: Life Orb\n|\n|upkeep\n|inactive|Time left: 300 sec this turn | 300 sec total | 5 sec grace\n|\n|t:|1783539253\n|switch|p2a: Trevenant|Trevenant, L89, M|114/296\n|turn|7\n|inactive|Time left: 300 sec this turn | 300 sec total\n|\n|t:|1783539254\n|switch|p1a: Dunsparce|Dunsparce, L86, F|100/100\n|move|p2a: Trevenant|Poltergeist|p1a: Dunsparce\n|-immune|p1a: Dunsparce\n|\n|upkeep\n|turn|8\n|inactive|Time left: 300 sec this turn | 300 sec total\n|\n|t:|1783539255\n|move|p2a: Trevenant|Poltergeist|p1a: Dunsparce\n|-immune|p1a: Dunsparce\n|move|p1a: Dunsparce|Coil|p1a: Dunsparce\n|-boost|p1a: Dunsparce|atk|1\n|-boost|p1a: Dunsparce|def|1\n|-boost|p1a: Dunsparce|accuracy|1\n|\n|upkeep\n|turn|9\n|inactive|Time left: 300 sec this turn | 300 sec total\n|\n|t:|1783539256\n|switch|p2a: Pelipper|Pelipper, L86, M|243/243\n|-weather|RainDance|[from] ability: Drizzle|[of] p2a: Pelipper\n|move|p1a: Dunsparce|Coil|p1a: Dunsparce\n|-boost|p1a: Dunsparce|atk|1\n|-boost|p1a: Dunsparce|def|1\n|-boost|p1a: Dunsparce|accuracy|1\n|\n|-weather|RainDance|[upkeep]\n|upkeep\n|turn|10\n|inactive|Time left: 300 sec this turn | 300 sec total\n|\n|t:|1783539257\n|move|p2a: Pelipper|Weather Ball|p1a: Dunsparce\n|-damage|p1a: Dunsparce|32/100\n|move|p1a: Dunsparce|Body Slam|p2a: Pelipper\n|-damage|p2a: Pelipper|116/243\n|-status|p2a: Pelipper|par\n|\n|-weather|RainDance|[upkeep]\n|upkeep\n|turn|11\n|inactive|Time left: 300 sec this turn | 300 sec total\n|\n|t:|1783539258\n|move|p1a: Dunsparce|Body Slam|p2a: Pelipper\n|-damage|p2a: Pelipper|0 fnt\n|faint|p2a: Pelipper\n|\n|-weather|RainDance|[upkeep]\n|upkeep\n|inactive|Time left: 300 sec this turn | 300 sec total | 5 sec grace\n|\n|t:|1783539259\n|switch|p2a: Trevenant|Trevenant, L89, M|114/296\n|turn|12\n|inactive|Time left: 300 sec this turn | 300 sec total\n|\n|t:|1783539260\n|-terastallize|p2a: Trevenant|Fighting\n|move|p2a: Trevenant|Drain Punch|p1a: Dunsparce\n|-supereffective|p1a: Dunsparce\n|-damage|p1a: Dunsparce|0 fnt\n|-heal|p2a: Trevenant|164/296|[from] drain|[of] p1a: Dunsparce\n|faint|p1a: Dunsparce\n|\n|-weather|RainDance|[upkeep]\n|upkeep\n|\n|t:|1783539261\n|switch|p1a: Ludicolo|Ludicolo, L90, F, tera:Water|100/100\n|turn|13\n|inactive|Time left: 300 sec this turn | 300 sec total\n|\n|t:|1783539262\n|move|p1a: Ludicolo|Hydro Pump|p2a: Trevenant\n|-damage|p2a: Trevenant|0 fnt\n|faint|p2a: Trevenant\n|\n|-weather|none\n|upkeep\n|inactive|Time left: 300 sec this turn | 300 sec total | 5 sec grace\n|\n|t:|1783539262\n|switch|p2a: Glalie|Glalie, L96, M|309/309\n|turn|14\n|inactive|Time left: 300 sec this turn | 300 sec total\n|\n|t:|1783539263\n|move|p2a: Glalie|Freeze-Dry|p1a: Ludicolo\n|-supereffective|p1a: Ludicolo\n|-damage|p1a: Ludicolo|50/100\n|move|p1a: Ludicolo|Hydro Pump|p2a: Glalie|[miss]\n|-miss|p1a: Ludicolo|p2a: Glalie\n|\n|upkeep\n|turn|15\n|inactive|Time left: 300 sec this turn | 300 sec total\n|\n|t:|1783539264\n|switch|p1a: Gurdurr|Gurdurr, L85, F|100/100\n|move|p2a: Glalie|Freeze-Dry|p1a: Gurdurr\n|-damage|p1a: Gurdurr|74/100\n|\n|upkeep\n|turn|16\n|inactive|Time left: 300 sec this turn | 300 sec total\n|\n|t:|1783539266\n|switch|p2a: Oricorio|Oricorio-Pom-Pom, L82, F|257/257\n|move|p1a: Gurdurr|Drain Punch|p2a: Oricorio\n|-resisted|p2a: Oricorio\n|-damage|p2a: Oricorio|203/257\n|-heal|p1a: Gurdurr|83/100|[from] drain|[of] p2a: Oricorio\n|\n|upkeep\n|turn|17\n|inactive|Time left: 300 sec this turn | 300 sec total\n|\n|t:|1783539267\n|move|p2a: Oricorio|Quiver Dance|p2a: Oricorio\n|-boost|p2a: Oricorio|spa|1\n|-boost|p2a: Oricorio|spd|1\n|-boost|p2a: Oricorio|spe|1\n|move|p1a: Gurdurr|Knock Off|p2a: Oricorio\n|-damage|p2a: Oricorio|110/257\n|-enditem|p2a: Oricorio|Heavy-Duty Boots|[from] move: Knock Off|[of] p1a: Gurdurr\n|\n|upkeep\n|turn|18\n|inactive|Time left: 300 sec this turn | 300 sec total\n|\n|t:|1783539268\n|move|p2a: Oricorio|Roost|p2a: Oricorio\n|-heal|p2a: Oricorio|239/257\n|-singleturn|p2a: Oricorio|move: Roost\n|move|p1a: Gurdurr|Knock Off|p2a: Oricorio\n|-damage|p2a: Oricorio|182/257\n|\n|upkeep\n|turn|19\n|inactive|Time left: 300 sec this turn | 300 sec total\n|\n|t:|1783539269\n|switch|p1a: Crawdaunt|Crawdaunt, L84, F|2/100\n|move|p2a: Oricorio|Quiver Dance|p2a: Oricorio\n|-boost|p2a: Oricorio|spa|1\n|-boost|p2a: Oricorio|spd|1\n|-boost|p2a: Oricorio|spe|1\n|\n|upkeep\n|turn|20\n|inactive|Time left: 300 sec this turn | 300 sec total\n|\n|t:|1783539270\n|move|p1a: Crawdaunt|Aqua Jet|p2a: Oricorio\n|-damage|p2a: Oricorio|83/257\n|-damage|p1a: Crawdaunt|0 fnt|[from] item: Life Orb\n|faint|p1a: Crawdaunt\n|move|p2a: Oricorio|Revelation Dance|p1: Crawdaunt|[notarget]\n|-fail|p2a: Oricorio\n|\n|upkeep\n|\n|t:|1783539271\n|switch|p1a: Gurdurr|Gurdurr, L85, F|83/100\n|turn|21\n|inactive|Time left: 300 sec this turn | 300 sec total\n|\n|t:|1783539272\n|move|p2a: Oricorio|Roost|p2a: Oricorio\n|-heal|p2a: Oricorio|212/257\n|-singleturn|p2a: Oricorio|move: Roost\n|move|p1a: Gurdurr|Drain Punch|p2a: Oricorio\n|-damage|p2a: Oricorio|109/257\n|-heal|p1a: Gurdurr|100/100|[from] drain|[of] p2a: Oricorio\n|\n|upkeep\n|turn|22\n|inactive|Time left: 300 sec this turn | 300 sec total\n|\n|t:|1783539273\n|move|p2a: Oricorio|Hurricane|p1a: Gurdurr|[miss]\n|-miss|p2a: Oricorio|p1a: Gurdurr\n|move|p1a: Gurdurr|Drain Punch|p2a: Oricorio\n|-resisted|p2a: Oricorio\n|-damage|p2a: Oricorio|58/257\n|\n|upkeep\n|turn|23\n|inactive|Time left: 300 sec this turn | 300 sec total\n|\n|t:|1783539274\n|move|p2a: Oricorio|Roost|p2a: Oricorio\n|-heal|p2a: Oricorio|187/257\n|-singleturn|p2a: Oricorio|move: Roost\n|move|p1a: Gurdurr|Drain Punch|p2a: Oricorio\n|-damage|p2a: Oricorio|82/257\n|\n|upkeep\n|turn|24\n|inactive|Time left: 300 sec this turn | 300 sec total\n|\n|t:|1783539275\n|move|p2a: Oricorio|Roost|p2a: Oricorio\n|-heal|p2a: Oricorio|211/257\n|-singleturn|p2a: Oricorio|move: Roost\n|move|p1a: Gurdurr|Knock Off|p2a: Oricorio\n|-damage|p2a: Oricorio|154/257\n|\n|upkeep\n|turn|25\n|inactive|Time left: 300 sec this turn | 300 sec total\n|\n|t:|1783539276\n|move|p2a: Oricorio|Hurricane|p1a: Gurdurr\n|-supereffective|p1a: Gurdurr\n|-damage|p1a: Gurdurr|0 fnt\n|faint|p1a: Gurdurr\n|\n|upkeep\n|\n|t:|1783539277\n|switch|p1a: Arceus|Arceus-Psychic, L70|100/100\n|turn|26\n|inactive|Time left: 300 sec this turn | 300 sec total\n|\n|t:|1783539278\n|move|p2a: Oricorio|Revelation Dance|p1a: Arceus\n|-damage|p1a: Arceus|36/100\n|move|p1a: Arceus|Recover|p1a: Arceus\n|-heal|p1a: Arceus|86/100\n|\n|upkeep\n|turn|27\n|inactive|Time left: 300 sec this turn | 300 sec total\n|\n|t:|1783539279\n|move|p2a: Oricorio|Revelation Dance|p1a: Arceus\n|-crit|p1a: Arceus\n|-damage|p1a: Arceus|0 fnt\n|faint|p1a: Arceus\n|\n|upkeep\n|\n|t:|1783539280\n|switch|p1a: Ludicolo|Ludicolo, L90, F, tera:Water|50/100\n|turn|28\n|inactive|Time left: 300 sec this turn | 300 sec total\n|\n|t:|1783539281\n|move|p2a: Oricorio|Revelation Dance|p1a: Ludicolo\n|-supereffective|p1a: Ludicolo\n|-damage|p1a: Ludicolo|0 fnt\n|faint|p1a: Ludicolo\n|\n|win|p0y00883a5", "uploadtime": 1783539281, "views": 0, "rating": 0, "private": 0, "password": null, "_winner": "p0y00883a5", "_our_name": "p0y00883a5"}