{"id": "battle-gen9randombattle-2101", "formatid": "gen9randombattle", "format": "[Gen 9] Random Battle", "players": ["p0x21013f2c", "p0y2101b6db"], "log": "|init|battle\n|title|p0x21013f2c vs. p0y2101b6db\n|j|\u2606p0x21013f2c\n|j|\u2606p0y2101b6db\n|t:|1783563535\n|gametype|singles\n|player|p1|p0x21013f2c|265|\n|player|p2|p0y2101b6db|102|\n|gen|9\n|tier|[Gen 9] Random Battle\n|rule|Species Clause: Limit one of each Pok\u00e9mon\n|rule|HP Percentage Mod: HP is shown in percentages\n|rule|Sleep Clause Mod: Limit one foe put to sleep\n|rule|Illusion Level Mod: Illusion disguises the Pok\u00e9mon's true level\n|\n|t:|1783563535\n|teamsize|p1|6\n|teamsize|p2|6\n|start\n|switch|p1a: Clefable|Clefable, L83, M|293/293\n|switch|p2a: Okidogi|Okidogi, L77, M|100/100\n|turn|1\n|inactive|Battle timer is ON: inactive players will automatically lose when time's up. (requested by p0x21013f2c)\n|inactive|p0y2101b6db also wants the timer to be on.\n|\n|t:|1783563537\n|move|p2a: Okidogi|Gunk Shot|p1a: Clefable|[miss]\n|-miss|p2a: Okidogi|p1a: Clefable\n|move|p1a: Clefable|Moonblast|p2a: Okidogi\n|-damage|p2a: Okidogi|74/100\n|\n|upkeep\n|turn|2\n|inactive|Time left: 300 sec this turn | 300 sec total\n|\n|t:|1783563538\n|switch|p1a: Jirachi|Jirachi, L80|291/291\n|move|p2a: Okidogi|Gunk Shot|p1a: Jirachi\n|-immune|p1a: Jirachi\n|\n|upkeep\n|turn|3\n|inactive|Time left: 300 sec this turn | 300 sec total\n|\n|t:|1783563539\n|move|p1a: Jirachi|Stealth Rock|p2a: Okidogi\n|-sidestart|p2: p0y2101b6db|move: Stealth Rock\n|move|p2a: Okidogi|Drain Punch|p1a: Jirachi\n|-damage|p1a: Jirachi|209/291\n|-heal|p2a: Okidogi|89/100|[from] drain|[of] p1a: Jirachi\n|\n|-heal|p1a: Jirachi|227/291|[from] item: Leftovers\n|upkeep\n|turn|4\n|inactive|Time left: 300 sec this turn | 300 sec total\n|\n|t:|1783563540\n|move|p1a: Jirachi|Iron Head|p2a: Okidogi\n|-damage|p2a: Okidogi|62/100\n|cant|p2a: Okidogi|flinch\n|\n|-heal|p1a: Jirachi|245/291|[from] item: Leftovers\n|upkeep\n|turn|5\n|inactive|Time left: 300 sec this turn | 300 sec total\n|\n|t:|1783563541\n|move|p1a: Jirachi|Iron Head|p2a: Okidogi\n|-damage|p2a: Okidogi|33/100\n|cant|p2a: Okidogi|flinch\n|\n|-heal|p1a: Jirachi|263/291|[from] item: Leftovers\n|upkeep\n|turn|6\n|inactive|Time left: 300 sec this turn | 300 sec total\n|\n|t:|1783563542\n|move|p1a: Jirachi|Iron Head|p2a: Okidogi\n|-damage|p2a: Okidogi|8/100\n|cant|p2a: Okidogi|flinch\n|\n|-heal|p1a: Jirachi|281/291|[from] item: Leftovers\n|upkeep\n|turn|7\n|inactive|Time left: 300 sec this turn | 300 sec total\n|\n|t:|1783563543\n|switch|p2a: Mismagius|Mismagius, L86, F|100/100\n|-damage|p2a: Mismagius|88/100|[from] Stealth Rock\n|move|p1a: Jirachi|Body Slam|p2a: Mismagius\n|-immune|p2a: Mismagius\n|\n|-heal|p2a: Mismagius|94/100|[from] item: Leftovers\n|-heal|p1a: Jirachi|291/291|[from] item: Leftovers\n|upkeep\n|turn|8\n|inactive|Time left: 300 sec this turn | 300 sec total\n|\n|t:|1783563544\n|move|p2a: Mismagius|Nasty Plot|p2a: Mismagius\n|-boost|p2a: Mismagius|spa|2\n|move|p1a: Jirachi|Iron Head|p2a: Mismagius\n|-damage|p2a: Mismagius|49/100\n|\n|-heal|p2a: Mismagius|55/100|[from] item: Leftovers\n|upkeep\n|turn|9\n|inactive|Time left: 300 sec this turn | 300 sec total\n|\n|t:|1783563545\n|switch|p1a: Clefable|Clefable, L83, M|293/293\n|move|p2a: Mismagius|Shadow Ball|p1a: Clefable\n|-damage|p1a: Clefable|203/293\n|-unboost|p1a: Clefable|spd|1\n|\n|-heal|p2a: Mismagius|61/100|[from] item: Leftovers\n|-heal|p1a: Clefable|221/293|[from] item: Leftovers\n|upkeep\n|turn|10\n|inactive|Time left: 300 sec this turn | 300 sec total\n|\n|t:|1783563546\n|move|p2a: Mismagius|Shadow Ball|p1a: Clefable\n|-damage|p1a: Clefable|86/293\n|move|p1a: Clefable|Knock Off|p2a: Mismagius\n|-supereffective|p2a: Mismagius\n|-damage|p2a: Mismagius|7/100\n|-enditem|p2a: Mismagius|Leftovers|[from] move: Knock Off|[of] p1a: Clefable\n|\n|-heal|p1a: Clefable|104/293|[from] item: Leftovers\n|upkeep\n|turn|11\n|inactive|Time left: 300 sec this turn | 300 sec total\n|\n|t:|1783563547\n|switch|p1a: Tornadus|Tornadus-Therian, L79, M|254/254\n|move|p2a: Mismagius|Shadow Ball|p1a: Tornadus\n|-damage|p1a: Tornadus|134/254\n|\n|upkeep\n|turn|12\n|inactive|Time left: 300 sec this turn | 300 sec total\n|\n|t:|1783563548\n|move|p1a: Tornadus|U-turn|p2a: Mismagius\n|-resisted|p2a: Mismagius\n|-damage|p2a: Mismagius|0 fnt\n|faint|p2a: Mismagius\n|inactive|Time left: 300 sec this turn | 300 sec total | 5 sec grace\n|\n|t:|1783563549\n|switch|p1a: Clefable|Clefable, L83, M|104/293|[from] U-turn\n|\n|-heal|p1a: Clefable|122/293|[from] item: Leftovers\n|upkeep\n|\n|t:|1783563550\n|switch|p2a: Excadrill|Excadrill, L79, F|100/100\n|-damage|p2a: Excadrill|98/100|[from] Stealth Rock\n|-ability|p2a: Excadrill|Mold Breaker\n|turn|13\n|inactive|Time left: 300 sec this turn | 300 sec total\n|\n|t:|1783563551\n|switch|p1a: Giratina|Giratina-Origin, L72|335/335\n|move|p2a: Excadrill|Rapid Spin|p1a: Giratina\n|-immune|p1a: Giratina\n|\n|upkeep\n|turn|14\n|inactive|Time left: 300 sec this turn | 300 sec total\n|\n|t:|1783563552\n|move|p2a: Excadrill|Earthquake|p1a: Giratina\n|-damage|p1a: Giratina|211/335\n|move|p1a: Giratina|Will-O-Wisp|p2a: Excadrill\n|-status|p2a: Excadrill|brn\n|\n|-damage|p2a: Excadrill|92/100 brn|[from] brn\n|upkeep\n|turn|15\n|inactive|Time left: 300 sec this turn | 300 sec total\n|\n|t:|1783563553\n|move|p2a: Excadrill|Rapid Spin|p1a: Giratina\n|-immune|p1a: Giratina\n|move|p1a: Giratina|Dragon Tail|p2a: Excadrill\n|-resisted|p2a: Excadrill\n|-damage|p2a: Excadrill|77/100 brn\n|drag|p2a: Bellossom|Bellossom, L84, F|100/100\n|-damage|p2a: Bellossom|88/100|[from] Stealth Rock\n|\n|-heal|p2a: Bellossom|94/100|[from] item: Leftovers\n|upkeep\n|turn|16\n|inactive|Time left: 300 sec this turn | 300 sec total\n|\n|t:|1783563554\n|move|p2a: Bellossom|Quiver Dance|p2a: Bellossom\n|-boost|p2a: Bellossom|spa|1\n|-boost|p2a: Bellossom|spd|1\n|-boost|p2a: Bellossom|spe|1\n|move|p1a: Giratina|Dragon Tail|p2a: Bellossom\n|-damage|p2a: Bellossom|72/100\n|drag|p2a: Tauros|Tauros, L82, M|100/100\n|-damage|p2a: Tauros|88/100|[from] Stealth Rock\n|\n|upkeep\n|turn|17\n|inactive|Time left: 300 sec this turn | 300 sec total\n|\n|t:|1783563555\n|switch|p2a: Excadrill|Excadrill, L79, F|77/100 brn\n|-damage|p2a: Excadrill|74/100 brn|[from] Stealth Rock\n|-ability|p2a: Excadrill|Mold Breaker\n|move|p1a: Giratina|Will-O-Wisp|p2a: Excadrill\n|-fail|p2a: Excadrill|brn\n|\n|-damage|p2a: Excadrill|68/100 brn|[from] brn\n|upkeep\n|turn|18\n|inactive|Time left: 300 sec this turn | 300 sec total\n|\n|t:|1783563556\n|move|p2a: Excadrill|Rapid Spin|p1a: Giratina\n|-immune|p1a: Giratina\n|move|p1a: Giratina|Dragon Tail|p2a: Excadrill\n|-resisted|p2a: Excadrill\n|-damage|p2a: Excadrill|53/100 brn\n|drag|p2a: Staraptor|Staraptor, L79, F|100/100\n|-damage|p2a: Staraptor|76/100|[from] Stealth Rock\n|\n|upkeep\n|turn|19\n|inactive|Time left: 300 sec this turn | 300 sec total\n|\n|t:|1783563557\n|switch|p1a: Jirachi|Jirachi, L80|291/291\n|move|p2a: Staraptor|Brave Bird|p1a: Jirachi\n|-resisted|p1a: Jirachi\n|-damage|p1a: Jirachi|180/291\n|-damage|p2a: Staraptor|62/100|[from] Recoil\n|\n|-heal|p1a: Jirachi|198/291|[from] item: Leftovers\n|upkeep\n|turn|20\n|inactive|Time left: 300 sec this turn | 300 sec total\n|\n|t:|1783563558\n|move|p1a: Jirachi|Drain Punch|p2a: Staraptor\n|-damage|p2a: Staraptor|36/100\n|-heal|p1a: Jirachi|232/291|[from] drain|[of] p2a: Staraptor\n|move|p2a: Staraptor|Brave Bird|p1a: Jirachi\n|-resisted|p1a: Jirachi\n|-damage|p1a: Jirachi|122/291\n|-damage|p2a: Staraptor|23/100|[from] Recoil\n|\n|-heal|p1a: Jirachi|140/291|[from] item: Leftovers\n|upkeep\n|turn|21\n|inactive|Time left: 300 sec this turn | 300 sec total\n|\n|t:|1783563559\n|switch|p2a: Bellossom|Bellossom, L84, F|72/100\n|-damage|p2a: Bellossom|59/100|[from] Stealth Rock\n|move|p1a: Jirachi|Drain Punch|p2a: Bellossom\n|-damage|p2a: Bellossom|42/100\n|-heal|p1a: Jirachi|163/291|[from] drain|[of] p2a: Bellossom\n|\n|-heal|p1a: Jirachi|181/291|[from] item: Leftovers\n|-heal|p2a: Bellossom|48/100|[from] item: Leftovers\n|upkeep\n|turn|22\n|inactive|Time left: 300 sec this turn | 300 sec total\n|\n|t:|1783563560\n|move|p1a: Jirachi|Iron Head|p2a: Bellossom\n|-damage|p2a: Bellossom|19/100\n|cant|p2a: Bellossom|flinch\n|\n|-heal|p1a: Jirachi|199/291|[from] item: Leftovers\n|-heal|p2a: Bellossom|25/100|[from] item: Leftovers\n|upkeep\n|turn|23\n|inactive|Time left: 300 sec this turn | 300 sec total\n|\n|t:|1783563561\n|switch|p2a: Excadrill|Excadrill, L79, F|53/100 brn\n|-damage|p2a: Excadrill|50/100 brn|[from] Stealth Rock\n|-ability|p2a: Excadrill|Mold Breaker\n|move|p1a: Jirachi|Iron Head|p2a: Excadrill\n|-resisted|p2a: Excadrill\n|-damage|p2a: Excadrill|31/100 brn\n|\n|-heal|p1a: Jirachi|217/291|[from] item: Leftovers\n|-damage|p2a: Excadrill|25/100 brn|[from] brn\n|upkeep\n|turn|24\n|inactive|Time left: 300 sec this turn | 300 sec total\n|\n|t:|1783563563\n|move|p1a: Jirachi|Drain Punch|p2a: Excadrill\n|-supereffective|p2a: Excadrill\n|-damage|p2a: Excadrill|0 fnt\n|-heal|p1a: Jirachi|255/291|[from] drain|[of] p2a: Excadrill\n|faint|p2a: Excadrill\n|\n|-heal|p1a: Jirachi|273/291|[from] item: Leftovers\n|upkeep\n|\n|t:|1783563564\n|switch|p2a: Tauros|Tauros, L82, M|88/100\n|-damage|p2a: Tauros|76/100|[from] Stealth Rock\n|turn|25\n|inactive|Time left: 300 sec this turn | 300 sec total\n|\n|t:|1783563565\n|move|p2a: Tauros|Throat Chop|p1a: Jirachi\n|-supereffective|p1a: Jirachi\n|-damage|p1a: Jirachi|101/291\n|move|p1a: Jirachi|Drain Punch|p2a: Tauros\n|-supereffective|p2a: Tauros\n|-damage|p2a: Tauros|40/100\n|-heal|p1a: Jirachi|147/291|[from] drain|[of] p2a: Tauros\n|\n|-heal|p1a: Jirachi|165/291|[from] item: Leftovers\n|upkeep\n|turn|26\n|inactive|Time left: 300 sec this turn | 300 sec total\n|\n|t:|1783563566\n|move|p2a: Tauros|Throat Chop|p1a: Jirachi\n|-supereffective|p1a: Jirachi\n|-damage|p1a: Jirachi|4/291\n|move|p1a: Jirachi|Drain Punch|p2a: Tauros\n|-supereffective|p2a: Tauros\n|-damage|p2a: Tauros|2/100\n|-heal|p1a: Jirachi|53/291|[from] drain|[of] p2a: Tauros\n|\n|-heal|p1a: Jirachi|71/291|[from] item: Leftovers\n|upkeep\n|turn|27\n|inactive|Time left: 300 sec this turn | 300 sec total\n|\n|t:|1783563567\n|switch|p1a: Tornadus|Tornadus-Therian, L79, M|218/254\n|move|p2a: Tauros|Throat Chop|p1a: Tornadus\n|-damage|p1a: Tornadus|110/254\n|\n|upkeep\n|turn|28\n|inactive|Time left: 300 sec this turn | 300 sec total\n|\n|t:|1783563568\n|move|p1a: Tornadus|U-turn|p2a: Tauros\n|-damage|p2a: Tauros|0 fnt\n|faint|p2a: Tauros\n|inactive|Time left: 300 sec this turn | 300 sec total | 5 sec grace\n|\n|t:|1783563569\n|switch|p1a: Jirachi|Jirachi, L80|71/291|[from] U-turn\n|\n|-heal|p1a: Jirachi|89/291|[from] item: Leftovers\n|upkeep\n|\n|t:|1783563569\n|switch|p2a: Okidogi|Okidogi, L77, M|8/100\n|-damage|p2a: Okidogi|2/100|[from] Stealth Rock\n|turn|29\n|inactive|Time left: 300 sec this turn | 300 sec total\n|\n|t:|1783563570\n|move|p1a: Jirachi|Iron Head|p2a: Okidogi\n|-damage|p2a: Okidogi|0 fnt\n|faint|p2a: Okidogi\n|\n|-heal|p1a: Jirachi|107/291|[from] item: Leftovers\n|upkeep\n|\n|t:|1783563571\n|switch|p2a: Staraptor|Staraptor, L79, F|23/100\n|-damage|p2a: Staraptor|0 fnt|[from] Stealth Rock\n|faint|p2a: Staraptor\n|\n|t:|1783563572\n|switch|p2a: Bellossom|Bellossom, L84, F|25/100\n|-damage|p2a: Bellossom|13/100|[from] Stealth Rock\n|turn|30\n|inactive|Time left: 300 sec this turn | 300 sec total\n|\n|t:|1783563573\n|-terastallize|p2a: Bellossom|Fairy\n|move|p1a: Jirachi|Iron Head|p2a: Bellossom\n|-supereffective|p2a: Bellossom\n|-crit|p2a: Bellossom\n|-damage|p2a: Bellossom|0 fnt\n|faint|p2a: Bellossom\n|\n|win|p0x21013f2c", "uploadtime": 1783563573, "views": 0, "rating": 0, "private": 0, "password": null, "_winner": "p0x21013f2c", "_our_name": "p0x21013f2c"}