{"id": "battle-gen9randombattle-2246", "formatid": "gen9randombattle", "format": "[Gen 9] Random Battle", "players": ["p0x22469ebe", "p0y2246e95f"], "log": "|init|battle\n|title|p0x22469ebe vs. p0y2246e95f\n|j|\u2606p0x22469ebe\n|j|\u2606p0y2246e95f\n|t:|1783566043\n|gametype|singles\n|player|p1|p0x22469ebe|1|\n|player|p2|p0y2246e95f|1|\n|gen|9\n|tier|[Gen 9] Random Battle\n|rule|Species Clause: Limit one of each Pok\u00e9mon\n|rule|HP Percentage Mod: HP is shown in percentages\n|rule|Sleep Clause Mod: Limit one foe put to sleep\n|rule|Illusion Level Mod: Illusion disguises the Pok\u00e9mon's true level\n|\n|t:|1783566043\n|teamsize|p1|6\n|teamsize|p2|6\n|start\n|switch|p1a: Falinks|Falinks, L84|246/246\n|switch|p2a: Blissey|Blissey, L85, F|100/100\n|turn|1\n|inactive|Battle timer is ON: inactive players will automatically lose when time's up. (requested by p0y2246e95f)\n|inactive|Time left: 300 sec this turn | 300 sec total | 60 sec grace\n|inactive|p0x22469ebe also wants the timer to be on.\n|\n|t:|1783566045\n|move|p1a: Falinks|No Retreat|p1a: Falinks\n|-boost|p1a: Falinks|atk|1\n|-boost|p1a: Falinks|def|1\n|-boost|p1a: Falinks|spa|1\n|-boost|p1a: Falinks|spd|1\n|-boost|p1a: Falinks|spe|1\n|-start|p1a: Falinks|move: No Retreat\n|move|p2a: Blissey|Seismic Toss|p1a: Falinks\n|-damage|p1a: Falinks|161/246\n|\n|upkeep\n|turn|2\n|inactive|Time left: 300 sec this turn | 300 sec total\n|\n|t:|1783566046\n|switch|p2a: Leafeon|Leafeon, L88, F|100/100\n|move|p1a: Falinks|Close Combat|p2a: Leafeon\n|-damage|p2a: Leafeon|33/100\n|-unboost|p1a: Falinks|def|1\n|-unboost|p1a: Falinks|spd|1\n|-damage|p1a: Falinks|137/246|[from] item: Life Orb\n|\n|-heal|p2a: Leafeon|40/100|[from] item: Leftovers\n|upkeep\n|turn|3\n|inactive|Time left: 300 sec this turn | 300 sec total\n|\n|t:|1783566047\n|move|p1a: Falinks|Close Combat|p2a: Leafeon\n|-damage|p2a: Leafeon|0 fnt\n|-unboost|p1a: Falinks|def|1\n|-unboost|p1a: Falinks|spd|1\n|faint|p2a: Leafeon\n|-damage|p1a: Falinks|113/246|[from] item: Life Orb\n|\n|upkeep\n|\n|t:|1783566048\n|switch|p2a: Arcanine|Arcanine, L84, F|100/100\n|-ability|p2a: Arcanine|Intimidate|boost\n|-unboost|p1a: Falinks|atk|1\n|-ability|p1a: Falinks|Defiant|boost\n|-boost|p1a: Falinks|atk|2\n|turn|4\n|inactive|Time left: 300 sec this turn | 300 sec total\n|\n|t:|1783566048\n|-terastallize|p1a: Falinks|Steel\n|-terastallize|p2a: Arcanine|Normal\n|move|p2a: Arcanine|Extreme Speed|p1a: Falinks\n|-resisted|p1a: Falinks\n|-crit|p1a: Falinks\n|-damage|p1a: Falinks|11/246\n|move|p1a: Falinks|Close Combat|p2a: Arcanine\n|-supereffective|p2a: Arcanine\n|-damage|p2a: Arcanine|0 fnt\n|-unboost|p1a: Falinks|def|1\n|-unboost|p1a: Falinks|spd|1\n|faint|p2a: Arcanine\n|-damage|p1a: Falinks|0 fnt|[from] item: Life Orb\n|faint|p1a: Falinks\n|\n|upkeep\n|inactive|Time left: 300 sec this turn | 300 sec total | 5 sec grace\n|\n|t:|1783566049\n|switch|p2a: Haxorus|Haxorus, L77, M|100/100\n|switch|p1a: Spidops|Spidops, L96, M|271/271\n|-ability|p2a: Haxorus|Mold Breaker\n|turn|5\n|inactive|Time left: 300 sec this turn | 300 sec total\n|\n|t:|1783566050\n|move|p2a: Haxorus|Outrage|p1a: Spidops\n|-damage|p1a: Spidops|141/271\n|move|p1a: Spidops|Sticky Web|p2a: Haxorus\n|-sidestart|p2: p0y2246e95f|move: Sticky Web\n|\n|upkeep\n|turn|6\n|inactive|Time left: 300 sec this turn | 300 sec total\n|\n|t:|1783566051\n|move|p2a: Haxorus|Outrage|p1a: Spidops|[from] lockedmove\n|-damage|p1a: Spidops|5/271\n|move|p1a: Spidops|U-turn|p2a: Haxorus\n|-damage|p2a: Haxorus|63/100\n|inactive|Time left: 300 sec this turn | 300 sec total | 5 sec grace\n|\n|t:|1783566052\n|switch|p1a: Electivire|Electivire, L84, F|263/263|[from] U-turn\n|\n|upkeep\n|turn|7\n|inactive|Time left: 300 sec this turn | 300 sec total\n|\n|t:|1783566053\n|move|p1a: Electivire|Ice Punch|p2a: Haxorus\n|-supereffective|p2a: Haxorus\n|-damage|p2a: Haxorus|0 fnt\n|faint|p2a: Haxorus\n|-damage|p1a: Electivire|237/263|[from] item: Life Orb\n|\n|upkeep\n|\n|t:|1783566053\n|switch|p2a: Goodra|Goodra, L85, F|100/100\n|-activate|p2a: Goodra|move: Sticky Web\n|-unboost|p2a: Goodra|spe|1\n|turn|8\n|inactive|Time left: 300 sec this turn | 300 sec total\n|\n|t:|1783566054\n|move|p1a: Electivire|Ice Punch|p2a: Goodra\n|-supereffective|p2a: Goodra\n|-damage|p2a: Goodra|40/100\n|-damage|p1a: Electivire|211/263|[from] item: Life Orb\n|move|p2a: Goodra|Earthquake|p1a: Electivire\n|-supereffective|p1a: Electivire\n|-damage|p1a: Electivire|15/263\n|\n|upkeep\n|turn|9\n|inactive|Time left: 300 sec this turn | 300 sec total\n|\n|t:|1783566056\n|move|p1a: Electivire|Ice Punch|p2a: Goodra\n|-supereffective|p2a: Goodra\n|-damage|p2a: Goodra|0 fnt\n|faint|p2a: Goodra\n|-damage|p1a: Electivire|0 fnt|[from] item: Life Orb\n|faint|p1a: Electivire\n|\n|upkeep\n|inactive|Time left: 300 sec this turn | 300 sec total | 5 sec grace\n|\n|t:|1783566057\n|switch|p1a: Emboar|Emboar, L84, M|322/322\n|switch|p2a: Grafaiai|Grafaiai, L86, F|100/100\n|turn|10\n|inactive|Time left: 300 sec this turn | 300 sec total\n|\n|t:|1783566058\n|move|p2a: Grafaiai|Gunk Shot|p1a: Emboar\n|-damage|p1a: Emboar|165/322\n|move|p1a: Emboar|Close Combat|p2a: Grafaiai\n|-damage|p2a: Grafaiai|27/100\n|-unboost|p1a: Emboar|def|1\n|-unboost|p1a: Emboar|spd|1\n|\n|upkeep\n|turn|11\n|inactive|Time left: 300 sec this turn | 300 sec total\n|\n|t:|1783566060\n|switch|p1a: Spidops|Spidops, L96, M|5/271\n|move|p2a: Grafaiai|Gunk Shot|p1a: Spidops\n|-damage|p1a: Spidops|0 fnt\n|faint|p1a: Spidops\n|\n|upkeep\n|inactive|Time left: 300 sec this turn | 300 sec total | 5 sec grace\n|\n|t:|1783566061\n|switch|p1a: Emboar|Emboar, L84, M|165/322\n|turn|12\n|inactive|Time left: 300 sec this turn | 300 sec total\n|\n|t:|1783566061\n|move|p2a: Grafaiai|Gunk Shot|p1a: Emboar\n|-crit|p1a: Emboar\n|-damage|p1a: Emboar|0 fnt\n|faint|p1a: Emboar\n|\n|upkeep\n|inactive|Time left: 300 sec this turn | 300 sec total | 5 sec grace\n|\n|t:|1783566062\n|switch|p1a: Glaceon|Glaceon, L94, F|275/275\n|turn|13\n|inactive|Time left: 300 sec this turn | 300 sec total\n|\n|t:|1783566063\n|move|p2a: Grafaiai|Parting Shot|p1a: Glaceon\n|-unboost|p1a: Glaceon|atk|1\n|-unboost|p1a: Glaceon|spa|1\n|\n|t:|1783566064\n|switch|p2a: Blissey|Blissey, L85, F|100/100|[from] Parting Shot\n|-activate|p2a: Blissey|move: Sticky Web\n|-unboost|p2a: Blissey|spe|1\n|move|p1a: Glaceon|Freeze-Dry|p2a: Blissey\n|-damage|p2a: Blissey|91/100\n|\n|-heal|p2a: Blissey|97/100|[from] item: Leftovers\n|upkeep\n|turn|14\n|inactive|Time left: 300 sec this turn | 300 sec total\n|\n|t:|1783566065\n|switch|p1a: Delibird|Delibird, F|252/252\n|move|p2a: Blissey|Thunder Wave|p1a: Delibird\n|-status|p1a: Delibird|par\n|\n|-heal|p2a: Blissey|100/100|[from] item: Leftovers\n|upkeep\n|turn|15\n|inactive|Time left: 300 sec this turn | 300 sec total\n|\n|t:|1783566066\n|move|p1a: Delibird|Brave Bird|p2a: Blissey\n|-damage|p2a: Blissey|37/100\n|-damage|p1a: Delibird|133/252 par|[from] Recoil\n|move|p2a: Blissey|Seismic Toss|p1a: Delibird\n|-damage|p1a: Delibird|48/252 par\n|\n|-heal|p2a: Blissey|44/100|[from] item: Leftovers\n|upkeep\n|turn|16\n|inactive|Time left: 300 sec this turn | 300 sec total\n|\n|t:|1783566067\n|switch|p2a: Grafaiai|Grafaiai, L86, F|27/100\n|move|p1a: Delibird|Brave Bird|p2a: Grafaiai\n|-damage|p2a: Grafaiai|0 fnt\n|faint|p2a: Grafaiai\n|-damage|p1a: Delibird|26/252 par|[from] Recoil\n|\n|upkeep\n|\n|t:|1783566068\n|switch|p2a: Blissey|Blissey, L85, F|44/100\n|-activate|p2a: Blissey|move: Sticky Web\n|-unboost|p2a: Blissey|spe|1\n|turn|17\n|inactive|Time left: 300 sec this turn | 300 sec total\n|\n|t:|1783566069\n|move|p1a: Delibird|Brave Bird|p2a: Blissey\n|-damage|p2a: Blissey|0 fnt\n|faint|p2a: Blissey\n|-damage|p1a: Delibird|0 fnt|[from] Recoil\n|faint|p1a: Delibird\n|\n|win|p0x22469ebe", "uploadtime": 1783566069, "views": 0, "rating": 0, "private": 0, "password": null, "_winner": "p0x22469ebe", "_our_name": "p0x22469ebe"}