{"id": "battle-gen9randombattle-2808", "formatid": "gen9randombattle", "format": "[Gen 9] Random Battle", "players": ["p0x2808d36d", "p0y2808fc3e"], "log": "|init|battle\n|title|p0x2808d36d vs. p0y2808fc3e\n|j|\u2606p0x2808d36d\n|j|\u2606p0y2808fc3e\n|t:|1783572359\n|gametype|singles\n|player|p1|p0x2808d36d|1|\n|player|p2|p0y2808fc3e|265|\n|gen|9\n|tier|[Gen 9] Random Battle\n|rule|Species Clause: Limit one of each Pok\u00e9mon\n|rule|HP Percentage Mod: HP is shown in percentages\n|rule|Sleep Clause Mod: Limit one foe put to sleep\n|rule|Illusion Level Mod: Illusion disguises the Pok\u00e9mon's true level\n|\n|t:|1783572359\n|teamsize|p1|6\n|teamsize|p2|6\n|start\n|switch|p1a: Dunsparce|Dunsparce, L86, M|312/312\n|switch|p2a: Flamigo|Flamigo, L82, M|100/100\n|turn|1\n|inactive|Battle timer is ON: inactive players will automatically lose when time's up. (requested by p0x2808d36d)\n|inactive|p0y2808fc3e also wants the timer to be on.\n|\n|t:|1783572360\n|move|p2a: Flamigo|Close Combat|p1a: Dunsparce\n|-supereffective|p1a: Dunsparce\n|-damage|p1a: Dunsparce|112/312\n|-unboost|p2a: Flamigo|def|1\n|-unboost|p2a: Flamigo|spd|1\n|move|p1a: Dunsparce|Body Slam|p2a: Flamigo\n|-damage|p2a: Flamigo|56/100\n|-status|p2a: Flamigo|par\n|\n|upkeep\n|turn|2\n|inactive|Time left: 300 sec this turn | 300 sec total\n|\n|t:|1783572361\n|cant|p2a: Flamigo|par\n|move|p1a: Dunsparce|Roost|p1a: Dunsparce\n|-heal|p1a: Dunsparce|268/312\n|-singleturn|p1a: Dunsparce|move: Roost\n|\n|upkeep\n|turn|3\n|inactive|Time left: 300 sec this turn | 300 sec total\n|\n|t:|1783572362\n|cant|p2a: Flamigo|par\n|move|p1a: Dunsparce|Coil|p1a: Dunsparce\n|-boost|p1a: Dunsparce|atk|1\n|-boost|p1a: Dunsparce|def|1\n|-boost|p1a: Dunsparce|accuracy|1\n|\n|upkeep\n|turn|4\n|inactive|Time left: 300 sec this turn | 300 sec total\n|\n|t:|1783572363\n|cant|p2a: Flamigo|par\n|move|p1a: Dunsparce|Body Slam|p2a: Flamigo\n|-damage|p2a: Flamigo|0 fnt\n|faint|p2a: Flamigo\n|\n|upkeep\n|\n|t:|1783572364\n|switch|p2a: Arbok|Arbok, L87, F|100/100\n|-ability|p2a: Arbok|Intimidate|boost\n|-unboost|p1a: Dunsparce|atk|1\n|turn|5\n|inactive|Time left: 300 sec this turn | 300 sec total\n|\n|t:|1783572365\n|move|p2a: Arbok|Coil|p2a: Arbok\n|-boost|p2a: Arbok|atk|1\n|-boost|p2a: Arbok|def|1\n|-boost|p2a: Arbok|accuracy|1\n|move|p1a: Dunsparce|Body Slam|p2a: Arbok\n|-damage|p2a: Arbok|77/100\n|\n|-heal|p2a: Arbok|83/100|[from] item: Leftovers\n|upkeep\n|turn|6\n|inactive|Time left: 300 sec this turn | 300 sec total\n|\n|t:|1783572366\n|move|p2a: Arbok|Coil|p2a: Arbok\n|-boost|p2a: Arbok|atk|1\n|-boost|p2a: Arbok|def|1\n|-boost|p2a: Arbok|accuracy|1\n|move|p1a: Dunsparce|Coil|p1a: Dunsparce\n|-boost|p1a: Dunsparce|atk|1\n|-boost|p1a: Dunsparce|def|1\n|-boost|p1a: Dunsparce|accuracy|1\n|\n|-heal|p2a: Arbok|90/100|[from] item: Leftovers\n|upkeep\n|turn|7\n|inactive|Time left: 300 sec this turn | 300 sec total\n|\n|t:|1783572367\n|move|p2a: Arbok|Coil|p2a: Arbok\n|-boost|p2a: Arbok|atk|1\n|-boost|p2a: Arbok|def|1\n|-boost|p2a: Arbok|accuracy|1\n|move|p1a: Dunsparce|Body Slam|p2a: Arbok\n|-damage|p2a: Arbok|70/100\n|\n|-heal|p2a: Arbok|76/100|[from] item: Leftovers\n|upkeep\n|turn|8\n|inactive|Time left: 300 sec this turn | 300 sec total\n|\n|t:|1783572368\n|move|p2a: Arbok|Gunk Shot|p1a: Dunsparce\n|-damage|p1a: Dunsparce|141/312\n|-status|p1a: Dunsparce|psn\n|move|p1a: Dunsparce|Body Slam|p2a: Arbok\n|-damage|p2a: Arbok|56/100\n|\n|-heal|p2a: Arbok|62/100|[from] item: Leftovers\n|-damage|p1a: Dunsparce|102/312 psn|[from] psn\n|upkeep\n|turn|9\n|inactive|Time left: 300 sec this turn | 300 sec total\n|\n|t:|1783572370\n|move|p2a: Arbok|Gunk Shot|p1a: Dunsparce\n|-damage|p1a: Dunsparce|0 fnt\n|faint|p1a: Dunsparce\n|\n|-heal|p2a: Arbok|68/100|[from] item: Leftovers\n|upkeep\n|inactive|Time left: 300 sec this turn | 300 sec total | 5 sec grace\n|\n|t:|1783572371\n|switch|p1a: Walking Wake|Walking Wake, L79|286/286\n|turn|10\n|inactive|Time left: 300 sec this turn | 300 sec total\n|\n|t:|1783572372\n|move|p1a: Walking Wake|Draco Meteor|p2a: Arbok\n|-damage|p2a: Arbok|0 fnt\n|-unboost|p1a: Walking Wake|spa|2\n|faint|p2a: Arbok\n|\n|upkeep\n|\n|t:|1783572373\n|switch|p2a: Regidrago|Regidrago, L77|100/100\n|turn|11\n|inactive|Time left: 300 sec this turn | 300 sec total\n|\n|t:|1783572374\n|-end|p1a: Walking Wake|Protosynthesis|[silent]\n|switch|p1a: Magearna|Magearna-Original, L77|250/250\n|-terastallize|p2a: Regidrago|Dragon\n|move|p2a: Regidrago|Dragon Energy|p1a: Magearna\n|-immune|p1a: Magearna\n|\n|upkeep\n|turn|12\n|inactive|Time left: 300 sec this turn | 300 sec total\n|\n|t:|1783572375\n|switch|p2a: Noctowl|Noctowl, L95, M|100/100\n|move|p1a: Magearna|Flash Cannon|p2a: Noctowl\n|-damage|p2a: Noctowl|78/100\n|\n|upkeep\n|turn|13\n|inactive|Time left: 300 sec this turn | 300 sec total\n|\n|t:|1783572376\n|switch|p1a: Lapras|Lapras, L87, M|367/367\n|move|p2a: Noctowl|Calm Mind|p2a: Noctowl\n|-boost|p2a: Noctowl|spa|1\n|-boost|p2a: Noctowl|spd|1\n|\n|upkeep\n|turn|14\n|inactive|Time left: 300 sec this turn | 300 sec total\n|\n|t:|1783572377\n|move|p2a: Noctowl|Calm Mind|p2a: Noctowl\n|-boost|p2a: Noctowl|spa|1\n|-boost|p2a: Noctowl|spd|1\n|move|p1a: Lapras|Icicle Spear|p2a: Noctowl\n|-supereffective|p2a: Noctowl\n|-damage|p2a: Noctowl|58/100\n|-supereffective|p2a: Noctowl\n|-crit|p2a: Noctowl\n|-damage|p2a: Noctowl|31/100\n|-supereffective|p2a: Noctowl\n|-damage|p2a: Noctowl|12/100\n|-supereffective|p2a: Noctowl\n|-damage|p2a: Noctowl|0 fnt\n|faint|p2a: Noctowl\n|-hitcount|p2: Noctowl|4\n|\n|upkeep\n|\n|t:|1783572378\n|switch|p2a: Regidrago|Regidrago, L77, tera:Dragon|100/100\n|turn|15\n|inactive|Time left: 300 sec this turn | 300 sec total\n|\n|t:|1783572379\n|switch|p1a: Magearna|Magearna-Original, L77|250/250\n|move|p2a: Regidrago|Outrage|p1a: Magearna\n|-immune|p1a: Magearna\n|\n|upkeep\n|turn|16\n|inactive|Time left: 300 sec this turn | 300 sec total\n|\n|t:|1783572380\n|move|p2a: Regidrago|Outrage|p1a: Magearna\n|-immune|p1a: Magearna\n|move|p1a: Magearna|Fleur Cannon|p2a: Regidrago\n|-supereffective|p2a: Regidrago\n|-damage|p2a: Regidrago|0 fnt\n|-unboost|p1a: Magearna|spa|2\n|faint|p2a: Regidrago\n|-ability|p1a: Magearna|Soul-Heart|boost\n|-boost|p1a: Magearna|spa|1\n|\n|upkeep\n|\n|t:|1783572381\n|switch|p2a: Hatterene|Hatterene, L85, F|100/100\n|turn|17\n|inactive|Time left: 300 sec this turn | 300 sec total\n|\n|t:|1783572381\n|switch|p1a: Houndoom|Houndoom, L87, F|272/272\n|move|p2a: Hatterene|Calm Mind|p2a: Hatterene\n|-boost|p2a: Hatterene|spa|1\n|-boost|p2a: Hatterene|spd|1\n|\n|upkeep\n|turn|18\n|inactive|Time left: 300 sec this turn | 300 sec total\n|\n|t:|1783572382\n|move|p1a: Houndoom|Nasty Plot|p1a: Houndoom\n|-boost|p1a: Houndoom|spa|2\n|move|p2a: Hatterene|Calm Mind|p2a: Hatterene\n|-boost|p2a: Hatterene|spa|1\n|-boost|p2a: Hatterene|spd|1\n|\n|upkeep\n|turn|19\n|inactive|Time left: 300 sec this turn | 300 sec total\n|\n|t:|1783572383\n|move|p1a: Houndoom|Nasty Plot|p1a: Houndoom\n|-boost|p1a: Houndoom|spa|2\n|move|p2a: Hatterene|Draining Kiss|p1a: Houndoom\n|-damage|p1a: Houndoom|118/272\n|\n|upkeep\n|turn|20\n|inactive|Time left: 300 sec this turn | 300 sec total\n|\n|t:|1783572384\n|-terastallize|p1a: Houndoom|Fire\n|move|p1a: Houndoom|Fire Blast|p2a: Hatterene|[miss]\n|-miss|p1a: Houndoom|p2a: Hatterene\n|move|p2a: Hatterene|Draining Kiss|p1a: Houndoom\n|-resisted|p1a: Houndoom\n|-damage|p1a: Houndoom|50/272\n|\n|upkeep\n|turn|21\n|inactive|Time left: 300 sec this turn | 300 sec total\n|\n|t:|1783572385\n|move|p1a: Houndoom|Fire Blast|p2a: Hatterene\n|-damage|p2a: Hatterene|0 fnt\n|faint|p2a: Hatterene\n|\n|upkeep\n|\n|t:|1783572386\n|switch|p2a: Chandelure|Chandelure, L83, M|100/100\n|turn|22\n|inactive|Time left: 300 sec this turn | 300 sec total\n|\n|t:|1783572387\n|move|p2a: Chandelure|Shadow Ball|p1a: Houndoom\n|-damage|p1a: Houndoom|0 fnt\n|faint|p1a: Houndoom\n|\n|upkeep\n|inactive|Time left: 300 sec this turn | 300 sec total | 5 sec grace\n|\n|t:|1783572388\n|switch|p1a: Walking Wake|Walking Wake, L79|286/286\n|turn|23\n|inactive|Time left: 300 sec this turn | 300 sec total\n|\n|t:|1783572389\n|move|p2a: Chandelure|Shadow Ball|p1a: Walking Wake\n|-damage|p1a: Walking Wake|168/286\n|move|p1a: Walking Wake|Hydro Pump|p2a: Chandelure\n|-supereffective|p2a: Chandelure\n|-damage|p2a: Chandelure|0 fnt\n|faint|p2a: Chandelure\n|\n|win|p0x2808d36d", "uploadtime": 1783572389, "views": 0, "rating": 0, "private": 0, "password": null, "_winner": "p0x2808d36d", "_our_name": "p0x2808d36d"}